  <div class='ocr_page' id='page_1' title='image "/cluster/home/n/w/nwhite01/storage/ocr_20150623/99/ien.35556001661347/785.png"; bbox 0 0 3966 6470; ppageno 0'>
   <div class='ocr_carea' id='block_1_1' title="bbox 585 346 3826 445">
    <p class='ocr_par' dir='ltr' id='par_1_1' title="bbox 585 346 3826 445">
     <span class='ocr_line' id='line_1_1' title="bbox 585 346 3826 445; baseline -0 -15"><span class='ocrx_word' id='word_1_1' title='bbox 585 367 711 431; x_wconf 74' lang='lat'><strong>1551</strong></span> <span class='ocrx_word' id='word_1_2' title='bbox 1766 369 1824 427; x_wconf 91' lang='lat' dir='ltr'><strong>s.</strong></span> <span class='ocrx_word' id='word_1_3' title='bbox 1853 346 2247 428; x_wconf 80' lang='lat' dir='ltr'><strong>THEODORI</strong></span> <span class='ocrx_word' id='word_1_4' title='bbox 2303 371 2649 431; x_wconf 71' lang='lat' dir='ltr'><strong>STUDIT/E</strong></span> <span class='ocrx_word' id='word_1_5' title='bbox 3703 385 3826 445; x_wconf 63' lang='lat' dir='ltr'><strong>155g</strong></span> 
     </span>
    </p>
   </div>
   <div class='ocr_carea' id='block_1_2' title="bbox 576 473 2130 561">
    <p class='ocr_par' dir='ltr' id='par_1_2' title="bbox 576 473 2130 544">
     <span class='ocr_line' id='line_1_2' title="bbox 576 473 2130 544; baseline -0.001 -16"><span class='ocrx_word' id='word_1_6' title='bbox 576 480 856 529; x_wconf 83' lang='lat' dir='ltr'><strong>culcemus</strong></span> <span class='ocrx_word' id='word_1_7' title='bbox 887 491 901 538; x_wconf 86' lang='lat'><strong>;</strong></span> <span class='ocrx_word' id='word_1_8' title='bbox 944 488 1164 528; x_wconf 85' lang='lat' dir='ltr'><strong>carnem</strong></span> <span class='ocrx_word' id='word_1_9' title='bbox 1197 473 1478 529; x_wconf 75' lang='lat' dir='ltr'><strong>oderimus</strong></span> <span class='ocrx_word' id='word_1_10' title='bbox 1507 483 1561 527; x_wconf 80' lang='lat' dir='ltr'><strong>et</strong></span> <span class='ocrx_word' id='word_1_11' title='bbox 1585 473 1904 544; x_wconf 83' lang='lat' dir='ltr'><strong>sanguian</strong></span> <span class='ocrx_word' id='word_1_12' title='bbox 1938 495 1951 542; x_wconf 91' lang='lat'><strong>;</strong></span> <span class='ocrx_word' id='word_1_13' title='bbox 1995 477 2130 530; x_wconf 81' lang='lat' dir='ltr'><strong>dedil</strong></span> 
     </span>
    </p>
   </div>
   <div class='ocr_carea' id='block_1_3' title="bbox 2239 473 3830 561">
    <p class='ocr_par' dir='ltr' id='par_1_3' title="bbox 2239 476 3830 561">
     <span class='ocr_line' id='line_1_3' title="bbox 2239 476 3830 561; baseline 0.011 -31"><span class='ocrx_word' id='word_1_14' title='bbox 2239 531 2241 535; x_wconf 69' lang='grc'><strong>,</strong></span> <span class='ocrx_word' id='word_1_15' title='bbox 2267 476 2359 546; x_wconf 82' lang='grc' dir='ltr'><strong>θη,</strong></span> <span class='ocrx_word' id='word_1_16' title='bbox 2415 483 2592 550; x_wconf 80' lang='grc' dir='ltr'><strong>μισεῖν</strong></span> <span class='ocrx_word' id='word_1_17' title='bbox 2618 483 2796 551; x_wconf 81' lang='grc' dir='ltr'>σάρκα</span> <span class='ocrx_word' id='word_1_18' title='bbox 2820 483 2914 535; x_wconf 71' lang='grc' dir='ltr'><strong>καὶ</strong></span> <span class='ocrx_word' id='word_1_19' title='bbox 2941 478 3098 553; x_wconf 76' lang='grc' dir='ltr'>αἷμα,</span> <span class='ocrx_word' id='word_1_20' title='bbox 3129 485 3446 556; x_wconf 83' lang='grc' dir='ltr'><strong>ἀντέχεσθαι</strong></span> <span class='ocrx_word' id='word_1_21' title='bbox 3500 491 3611 542; x_wconf 88' lang='grc' dir='ltr'><strong>τῶν</strong></span> <span class='ocrx_word' id='word_1_22' title='bbox 3635 496 3830 561; x_wconf 72' lang='grc' dir='ltr'>ἀρετῶν</span> 
     </span>
    </p>
   </div>
   <div class='ocr_carea' id='block_1_4' title="bbox 573 559 2130 650">
    <p class='ocr_par' dir='ltr' id='par_1_4' title="bbox 573 559 2130 637">
     <span class='ocr_line' id='line_1_4' title="bbox 573 559 2130 637; baseline 0 -19"><span class='ocrx_word' id='word_1_23' title='bbox 573 567 746 620; x_wconf 90' lang='lat' dir='ltr'><strong>simus</strong></span> <span class='ocrx_word' id='word_1_24' title='bbox 778 567 1096 626; x_wconf 71' lang='lat' dir='ltr'><strong>virtutibus.</strong></span> <span class='ocrx_word' id='word_1_25' title='bbox 1150 581 1247 635; x_wconf 89' lang='lat' dir='ltr'><strong>per</strong></span> <span class='ocrx_word' id='word_1_26' title='bbox 1309 582 1448 637; x_wconf 88' lang='lat' dir='ltr'><strong>quas</strong></span> <span class='ocrx_word' id='word_1_27' title='bbox 1515 566 1808 620; x_wconf 83' lang='lat' dir='ltr'><strong>ineﬂ&#39;abilia</strong></span> <span class='ocrx_word' id='word_1_28' title='bbox 1862 559 1985 621; x_wconf 60' lang='lat' dir='ltr'><strong>haec</strong></span> <span class='ocrx_word' id='word_1_29' title='bbox 2016 568 2130 621; x_wconf 89' lang='lat' dir='ltr'><strong>bon:</strong></span> 
     </span>
    </p>
   </div>
   <div class='ocr_carea' id='block_1_5' title="bbox 2239 559 3828 650">
    <p class='ocr_par' dir='ltr' id='par_1_5' title="bbox 2262 563 3828 650">
     <span class='ocr_line' id='line_1_5' title="bbox 2262 563 3828 650; baseline 0.012 -31"><span class='ocrx_word' id='word_1_30' title='bbox 2262 567 2332 620; x_wconf 84' lang='grc' dir='ltr'>δι’</span> <span class='ocrx_word' id='word_1_31' title='bbox 2366 563 2440 624; x_wconf 81' lang='grc' dir='ltr'>ὧν</span> <span class='ocrx_word' id='word_1_32' title='bbox 2473 572 2619 625; x_wconf 79' lang='grc' dir='ltr'>ἐστιν</span> <span class='ocrx_word' id='word_1_33' title='bbox 2647 575 2924 644; x_wconf 84' lang='grc' dir='ltr'>ἐπιτυχεῖν</span> <span class='ocrx_word' id='word_1_34' title='bbox 2960 576 3129 630; x_wconf 87' lang='grc' dir='ltr'>τῶνδε</span> <span class='ocrx_word' id='word_1_35' title='bbox 3150 577 3259 630; x_wconf 90' lang='grc' dir='ltr'><strong>τῶν</strong></span> <span class='ocrx_word' id='word_1_36' title='bbox 3292 581 3550 650; x_wconf 78' lang='grc' dir='ltr'>ἀρρήτων</span> <span class='ocrx_word' id='word_1_37' title='bbox 3604 586 3828 649; x_wconf 77' lang='grc' dir='ltr'>ἀγαθῶν.</span> 
     </span>
    </p>
   </div>
   <div class='ocr_carea' id='block_1_6' title="bbox 574 656 1026 724">
    <p class='ocr_par' dir='ltr' id='par_1_6' title="bbox 574 656 1026 724">
     <span class='ocr_line' id='line_1_6' title="bbox 574 656 1026 724; baseline -0.007 -14"><span class='ocrx_word' id='word_1_38' title='bbox 574 657 832 724; x_wconf 72' lang='lat' dir='ltr'><strong>consequi</strong></span> <span class='ocrx_word' id='word_1_39' title='bbox 881 656 1026 709; x_wconf 85' lang='lat' dir='ltr'><strong>licet.</strong></span> 
     </span>
    </p>
   </div>
   <div class='ocr_carea' id='block_1_7' title="bbox 808 765 2130 852">
    <p class='ocr_par' dir='ltr' id='par_1_7' title="bbox 808 765 1902 834">
     <span class='ocr_line' id='line_1_7' title="bbox 808 765 1902 834; baseline -0.001 -15"><span class='ocrx_word' id='word_1_40' title='bbox 808 765 1137 819; x_wconf 67' lang='lat' dir='ltr'><strong>CLXXVIII.</strong></span> <span class='ocrx_word' id='word_1_41' title='bbox 1174 798 1243 809; x_wconf 90' lang='lat'><strong>--</strong></span> <span class='ocrx_word' id='word_1_42' title='bbox 1281 765 1573 819; x_wconf 82' lang='lat' dir='ltr'><strong>Eudocimo</strong></span> <span class='ocrx_word' id='word_1_43' title='bbox 1606 766 1902 834; x_wconf 74' lang='lat' dir='ltr'><strong>spat/tario.</strong></span> 
     </span>
    </p>
   </div>
   <div class='ocr_carea' id='block_1_8' title="bbox 2239 765 3705 852">
    <p class='ocr_par' dir='ltr' id='par_1_8' title="bbox 2382 766 3705 852">
     <span class='ocr_line' id='line_1_8' title="bbox 2382 766 3705 852; baseline 0.014 -35"><span class='ocrx_word' id='word_1_44' title='bbox 2382 766 2532 818; x_wconf 80' lang='lat' dir='ltr'><strong>POH’</strong></span> <span class='ocrx_word' id='word_1_45' title='bbox 2556 768 2690 837; x_wconf 86' lang='lat'><strong>(&#39;70).</strong></span> <span class='ocrx_word' id='word_1_46' title='bbox 2714 797 2781 811; x_wconf 78' lang='lat'><strong>--</strong></span> <span class='ocrx_word' id='word_1_47' title='bbox 2797 772 3109 842; x_wconf 82' lang='grc' dir='ltr'>Εὑδοκίμῳ</span> <span class='ocrx_word' id='word_1_48' title='bbox 3143 781 3470 845; x_wconf 78' lang='grc' dir='ltr'>σπαθαρίῳ.</span> <span class='ocrx_word' id='word_1_49' title='bbox 3496 780 3705 852; x_wconf 71' lang='grc' dir='ltr'><strong>[ψμβ’.]</strong></span> 
     </span>
    </p>
   </div>
   <div class='ocr_carea' id='block_1_9' title="bbox 1471 885 2916 949">
    <p class='ocr_par' dir='ltr' id='par_1_9' title="bbox 1471 885 2916 949">
     <span class='ocr_line' id='line_1_9' title="bbox 1471 885 2916 949; baseline 0.003 -14"><span class='ocrx_word' id='word_1_50' title='bbox 1471 885 1632 948; x_wconf 81' lang='lat' dir='ltr'><strong>ipsius</strong></span> <span class='ocrx_word' id='word_1_51' title='bbox 1651 886 1958 949; x_wconf 90' lang='lat' dir='ltr'><strong>patientiam,</strong></span> <span class='ocrx_word' id='word_1_52' title='bbox 1993 891 2044 936; x_wconf 90' lang='lat' dir='ltr'><strong>et</strong></span> <span class='ocrx_word' id='word_1_53' title='bbox 2068 885 2116 934; x_wconf 88' lang='lat' dir='ltr'><strong>in</strong></span> <span class='ocrx_word' id='word_1_54' title='bbox 2139 885 2357 934; x_wconf 75' lang='lat' dir='ltr'><strong>adversis</strong></span> <span class='ocrx_word' id='word_1_55' title='bbox 2377 890 2700 936; x_wconf 89' lang='lat' dir='ltr'><strong>constantiam</strong></span> <span class='ocrx_word' id='word_1_56' title='bbox 2734 890 2916 940; x_wconf 83' lang='lat' dir='ltr'><strong>laudat.</strong></span> 
     </span>
    </p>
   </div>
   <div class='ocr_carea' id='block_1_10' title="bbox 643 966 2130 1054">
    <p class='ocr_par' dir='ltr' id='par_1_10' title="bbox 643 966 2130 1040">
     <span class='ocr_line' id='line_1_10' title="bbox 643 966 2130 1040; baseline 0.002 -20"><span class='ocrx_word' id='word_1_57' title='bbox 643 966 844 1021; x_wconf 87' lang='lat' dir='ltr'><strong>lterum</strong></span> <span class='ocrx_word' id='word_1_58' title='bbox 893 967 1074 1021; x_wconf 87' lang='lat' dir='ltr'><strong>scribo</strong></span> <span class='ocrx_word' id='word_1_59' title='bbox 1121 968 1186 1021; x_wconf 88' lang='lat' dir='ltr'><strong>ad</strong></span> <span class='ocrx_word' id='word_1_60' title='bbox 1222 969 1598 1024; x_wconf 80' lang='lat' dir='ltr'><strong>excellentiam</strong></span> <span class='ocrx_word' id='word_1_61' title='bbox 1640 983 1808 1034; x_wconf 90' lang='lat' dir='ltr'><strong>tuam,</strong></span> <span class='ocrx_word' id='word_1_62' title='bbox 1843 973 2003 1040; x_wconf 81' lang='lat' dir='ltr'><strong>idque</strong></span> <span class='ocrx_word' id='word_1_63' title='bbox 2043 972 2130 1023; x_wconf 89' lang='lat' dir='ltr'><strong>im-</strong></span> 
     </span>
    </p>
   </div>
   <div class='ocr_carea' id='block_1_11' title="bbox 2239 966 3834 1054">
    <p class='ocr_par' dir='ltr' id='par_1_11' title="bbox 2335 973 3834 1054">
     <span class='ocr_line' id='line_1_11' title="bbox 2335 973 3834 1054; baseline 0.015 -33"><span class='ocrx_word' id='word_1_64' title='bbox 2335 973 2650 1039; x_wconf 84' lang='grc' dir='ltr'>Δευτερεύω</span> <span class='ocrx_word' id='word_1_65' title='bbox 2679 973 2773 1026; x_wconf 81' lang='grc' dir='ltr'>τοῦ</span> <span class='ocrx_word' id='word_1_66' title='bbox 2805 975 3144 1030; x_wconf 71' lang='grc' dir='ltr'><strong>ἐπιστέλλειν</strong></span> <span class='ocrx_word' id='word_1_67' title='bbox 3169 981 3233 1049; x_wconf 83' lang='grc' dir='ltr'>τῇ</span> <span class='ocrx_word' id='word_1_68' title='bbox 3259 982 3534 1054; x_wconf 78' lang='grc' dir='ltr'>τιμιότητί</span> <span class='ocrx_word' id='word_1_69' title='bbox 3569 1004 3664 1039; x_wconf 91' lang='grc' dir='ltr'><strong>σου</strong></span> <span class='ocrx_word' id='word_1_70' title='bbox 3695 1006 3708 1019; x_wconf 75' lang='grc' dir='ltr'><strong>ο</strong></span> <span class='ocrx_word' id='word_1_71' title='bbox 3752 992 3834 1043; x_wconf 78' lang='grc' dir='ltr'><strong>καὶ</strong></span> 
     </span>
    </p>
   </div>
   <div class='ocr_carea' id='block_1_12' title="bbox 570 1057 2130 1146">
    <p class='ocr_par' dir='ltr' id='par_1_12' title="bbox 570 1057 2130 1130">
     <span class='ocr_line' id='line_1_12' title="bbox 570 1057 2130 1130; baseline 0.003 -18"><span class='ocrx_word' id='word_1_72' title='bbox 570 1060 735 1130; x_wconf 91' lang='lat' dir='ltr'><strong>pulsu</strong></span> <span class='ocrx_word' id='word_1_73' title='bbox 788 1057 994 1113; x_wconf 86' lang='lat' dir='ltr'><strong>Silvani</strong></span> <span class='ocrx_word' id='word_1_74' title='bbox 1045 1063 1486 1117; x_wconf 83' lang='lat' dir='ltr'><strong>reverendissimi</strong></span> <span class='ocrx_word' id='word_1_75' title='bbox 1531 1062 1716 1118; x_wconf 79' lang='lat' dir='ltr'><strong>fratris</strong></span> <span class='ocrx_word' id='word_1_76' title='bbox 1749 1065 1942 1118; x_wconf 90' lang='lat' dir='ltr'><strong>nostri.</strong></span> <span class='ocrx_word' id='word_1_77' title='bbox 1991 1063 2130 1118; x_wconf 89' lang='lat' dir='ltr'><strong>Post</strong></span> 
     </span>
    </p>
   </div>
   <div class='ocr_carea' id='block_1_13' title="bbox 2239 1057 3832 1146">
    <p class='ocr_par' dir='ltr' id='par_1_13' title="bbox 2250 1060 3832 1146">
     <span class='ocr_line' id='line_1_13' title="bbox 2250 1060 3832 1146; baseline 0.015 -35"><span class='ocrx_word' id='word_1_78' title='bbox 2250 1060 2410 1113; x_wconf 81' lang='grc' dir='ltr'>τοῦτο</span> <span class='ocrx_word' id='word_1_79' title='bbox 2436 1066 2778 1133; x_wconf 75' lang='grc' dir='ltr'><strong>προτραπεὶς</strong></span> <span class='ocrx_word' id='word_1_80' title='bbox 2811 1067 2961 1136; x_wconf 87' lang='grc' dir='ltr'><strong>παρά</strong></span> <span class='ocrx_word' id='word_1_81' title='bbox 2981 1069 3272 1122; x_wconf 86' lang='grc' dir='ltr'>Σιλουανοῦ</span> <span class='ocrx_word' id='word_1_82' title='bbox 3291 1073 3384 1126; x_wconf 85' lang='grc' dir='ltr'>τοῦ</span> <span class='ocrx_word' id='word_1_83' title='bbox 3408 1076 3832 1146; x_wconf 76' lang='grc' dir='ltr'>αίδεσιμωτάτου</span> 
     </span>
    </p>
   </div>
   <div class='ocr_carea' id='block_1_14' title="bbox 570 1153 2130 1242">
    <p class='ocr_par' dir='ltr' id='par_1_14' title="bbox 570 1153 2130 1226">
     <span class='ocr_line' id='line_1_14' title="bbox 570 1153 2130 1226; baseline 0.003 -23"><span class='ocrx_word' id='word_1_84' title='bbox 570 1168 734 1222; x_wconf 88' lang='lat' dir='ltr'><strong>quam</strong></span> <span class='ocrx_word' id='word_1_85' title='bbox 760 1153 904 1206; x_wconf 89' lang='lat' dir='ltr'><strong>enim</strong></span> <span class='ocrx_word' id='word_1_86' title='bbox 934 1155 988 1206; x_wconf 91' lang='lat' dir='ltr'><strong>in</strong></span> <span class='ocrx_word' id='word_1_87' title='bbox 1014 1165 1370 1224; x_wconf 90' lang='lat' dir='ltr'><strong>conspectum</strong></span> <span class='ocrx_word' id='word_1_88' title='bbox 1391 1165 1444 1210; x_wconf 86' lang='lat' dir='ltr'><strong>et</strong></span> <span class='ocrx_word' id='word_1_89' title='bbox 1473 1158 1804 1226; x_wconf 87' lang='lat' dir='ltr'><strong>colloquium</strong></span> <span class='ocrx_word' id='word_1_90' title='bbox 1856 1157 2018 1218; x_wconf 82' lang='lat' dir='ltr'><strong>venit,</strong></span> <span class='ocrx_word' id='word_1_91' title='bbox 2051 1155 2130 1208; x_wconf 89' lang='lat' dir='ltr'><strong>hu</strong></span> 
     </span>
    </p>
   </div>
   <div class='ocr_carea' id='block_1_15' title="bbox 2239 1153 3834 1242">
    <p class='ocr_par' dir='ltr' id='par_1_15' title="bbox 2253 1154 3834 1242">
     <span class='ocr_line' id='line_1_15' title="bbox 2253 1154 3834 1242; baseline 0.014 -39"><span class='ocrx_word' id='word_1_92' title='bbox 2253 1154 2410 1221; x_wconf 82' lang='grc' dir='ltr'>ἡμῶν</span> <span class='ocrx_word' id='word_1_93' title='bbox 2445 1155 2703 1223; x_wconf 79' lang='grc' dir='ltr'>ἀδελφοῦ.</span> <span class='ocrx_word' id='word_1_94' title='bbox 2749 1159 2967 1228; x_wconf 82' lang='grc' dir='ltr'><strong>Ἐπειδὴ</strong></span> <span class='ocrx_word' id='word_1_95' title='bbox 2997 1162 3101 1230; x_wconf 82' lang='grc' dir='ltr'>γὰρ</span> <span class='ocrx_word' id='word_1_96' title='bbox 3131 1159 3299 1232; x_wconf 80' lang='grc' dir='ltr'>ἦλθεν</span> <span class='ocrx_word' id='word_1_97' title='bbox 3331 1167 3412 1229; x_wconf 87' lang='grc' dir='ltr'><strong>είς</strong></span> <span class='ocrx_word' id='word_1_98' title='bbox 3461 1169 3685 1236; x_wconf 83' lang='grc' dir='ltr'><strong>ὁμιλίαν</strong></span> 
     </span>
    </p>
   </div>
   <div class='ocr_carea' id='block_1_16' title="bbox 570 1244 2130 1335">
    <p class='ocr_par' dir='ltr' id='par_1_16' title="bbox 570 1244 2130 1316">
     <span class='ocr_line' id='line_1_16' title="bbox 570 1244 2130 1316; baseline 0.001 -19"><span class='ocrx_word' id='word_1_99' title='bbox 570 1244 752 1297; x_wconf 90' lang='lat' dir='ltr'><strong>milem</strong></span> <span class='ocrx_word' id='word_1_100' title='bbox 801 1244 1038 1298; x_wconf 88' lang='lat' dir='ltr'><strong>animam</strong></span> <span class='ocrx_word' id='word_1_101' title='bbox 1091 1256 1334 1299; x_wconf 88' lang='lat' dir='ltr'><strong>nostram</strong></span> <span class='ocrx_word' id='word_1_102' title='bbox 1389 1248 1682 1315; x_wconf 84' lang='lat' dir='ltr'><strong>percussit,</strong></span> <span class='ocrx_word' id='word_1_103' title='bbox 1753 1262 1876 1300; x_wconf 89' lang='lat' dir='ltr'><strong>cum</strong></span> <span class='ocrx_word' id='word_1_104' title='bbox 1937 1246 2130 1316; x_wconf 76' lang='lat' dir='ltr'><strong>siugul:</strong></span> 
     </span>
    </p>
   </div>
   <div class='ocr_carea' id='block_1_17' title="bbox 2239 1244 3834 1335">
    <p class='ocr_par' dir='ltr' id='par_1_17' title="bbox 2253 1245 3834 1335">
     <span class='ocr_line' id='line_1_17' title="bbox 2253 1245 3834 1335; baseline 0.013 -39"><span class='ocrx_word' id='word_1_105' title='bbox 2253 1245 2372 1296; x_wconf 83' lang='grc' dir='ltr'>κατ’</span> <span class='ocrx_word' id='word_1_106' title='bbox 2426 1247 2763 1317; x_wconf 77' lang='grc' dir='ltr'>ὀφθαλμοὺς,</span> <span class='ocrx_word' id='word_1_107' title='bbox 2837 1252 3172 1305; x_wconf 83' lang='grc' dir='ltr'>κατέκλασεν</span> <span class='ocrx_word' id='word_1_108' title='bbox 3211 1257 3370 1326; x_wconf 81' lang='grc' dir='ltr'>ἡμῶν</span> <span class='ocrx_word' id='word_1_109' title='bbox 3425 1249 3524 1330; x_wconf 77' lang='grc' dir='ltr'>τὴν</span> <span class='ocrx_word' id='word_1_110' title='bbox 3577 1266 3834 1335; x_wconf 75' lang='grc' dir='ltr'>ταπεινὴν</span> 
     </span>
    </p>
   </div>
   <div class='ocr_carea' id='block_1_18' title="bbox 567 1336 2130 1425">
    <p class='ocr_par' dir='ltr' id='par_1_18' title="bbox 567 1338 2130 1407">
     <span class='ocr_line' id='line_1_18' title="bbox 567 1338 2130 1407; baseline -0.003 -17"><span class='ocrx_word' id='word_1_111' title='bbox 567 1346 878 1390; x_wconf 82' lang='lat' dir='ltr'><strong>enarrasset</strong></span> <span class='ocrx_word' id='word_1_112' title='bbox 905 1374 920 1398; x_wconf 94' lang='lat'><strong>,</strong></span> <span class='ocrx_word' id='word_1_113' title='bbox 963 1338 1424 1405; x_wconf 90' lang='lat' dir='ltr'><strong>quemadmodum</strong></span> <span class='ocrx_word' id='word_1_114' title='bbox 1453 1354 1575 1392; x_wconf 94' lang='lat' dir='ltr'><strong>cum</strong></span> <span class='ocrx_word' id='word_1_115' title='bbox 1612 1341 1906 1407; x_wconf 83' lang='lat' dir='ltr'><strong>gratiarum</strong></span> <span class='ocrx_word' id='word_1_116' title='bbox 1937 1338 2130 1390; x_wconf 84' lang='lat' dir='ltr'><strong>actiom</strong></span> 
     </span>
    </p>
   </div>
   <div class='ocr_carea' id='block_1_19' title="bbox 2239 1336 3834 1425">
    <p class='ocr_par' dir='ltr' id='par_1_19' title="bbox 2251 1336 3834 1425">
     <span class='ocr_line' id='line_1_19' title="bbox 2251 1336 3834 1425; baseline 0.014 -38"><span class='ocrx_word' id='word_1_117' title='bbox 2251 1336 2450 1406; x_wconf 78' lang='grc' dir='ltr'>ψυχὴν,</span> <span class='ocrx_word' id='word_1_118' title='bbox 2483 1339 2827 1411; x_wconf 78' lang='grc' dir='ltr'>ἐξηγορήσας</span> <span class='ocrx_word' id='word_1_119' title='bbox 2858 1343 3064 1398; x_wconf 78' lang='grc' dir='ltr'>ἕκαστα</span> <span class='ocrx_word' id='word_1_120' title='bbox 3092 1347 3175 1399; x_wconf 84' lang='grc' dir='ltr'>ὅτι</span> <span class='ocrx_word' id='word_1_121' title='bbox 3207 1348 3304 1400; x_wconf 72' lang='grc' dir='ltr'>καὶ</span> <span class='ocrx_word' id='word_1_122' title='bbox 3329 1351 3682 1422; x_wconf 74' lang='grc' dir='ltr'>εὐχαρίστως</span> <span class='ocrx_word' id='word_1_123' title='bbox 3743 1358 3834 1425; x_wconf 80' lang='grc' dir='ltr'>φέ-</span> 
     </span>
    </p>
   </div>
   <div class='ocr_carea' id='block_1_20' title="bbox 568 1426 2130 1509">
    <p class='ocr_par' dir='ltr' id='par_1_20' title="bbox 568 1426 2130 1500">
     <span class='ocr_line' id='line_1_20' title="bbox 568 1426 2130 1500; baseline -0.001 -19"><span class='ocrx_word' id='word_1_124' title='bbox 568 1426 740 1493; x_wconf 88' lang='lat' dir='ltr'><strong>feras,</strong></span> <span class='ocrx_word' id='word_1_125' title='bbox 795 1428 1016 1482; x_wconf 89' lang='lat' dir='ltr'><strong>domine</strong></span> <span class='ocrx_word' id='word_1_126' title='bbox 1068 1439 1273 1490; x_wconf 88' lang='lat' dir='ltr'><strong>noster,</strong></span> <span class='ocrx_word' id='word_1_127' title='bbox 1304 1431 1447 1500; x_wconf 90' lang='lat' dir='ltr'><strong>quod</strong></span> <span class='ocrx_word' id='word_1_128' title='bbox 1500 1431 1718 1493; x_wconf 85' lang='lat' dir='ltr'><strong>accidit,</strong></span> <span class='ocrx_word' id='word_1_129' title='bbox 1767 1441 1820 1483; x_wconf 90' lang='lat' dir='ltr'><strong>ct</strong></span> <span class='ocrx_word' id='word_1_130' title='bbox 1860 1430 1926 1483; x_wconf 87' lang='lat' dir='ltr'><strong>ad</strong></span> <span class='ocrx_word' id='word_1_131' title='bbox 1989 1427 2130 1480; x_wconf 77' lang='lat' dir='ltr'><strong>Deun</strong></span> 
     </span>
    </p>
   </div>
   <div class='ocr_carea' id='block_1_21' title="bbox 2239 1426 3834 1509">
    <p class='ocr_par' dir='ltr' id='par_1_21' title="bbox 2262 1431 3834 1509">
     <span class='ocr_line' id='line_1_21' title="bbox 2262 1431 3834 1509; baseline 0.011 -29"><span class='ocrx_word' id='word_1_132' title='bbox 2262 1431 2751 1502; x_wconf 82' lang='grc' dir='ltr'>ροις,ὁδεσπότης</span> <span class='ocrx_word' id='word_1_133' title='bbox 2804 1435 2983 1505; x_wconf 79' lang='grc' dir='ltr'>ήμῶν,</span> <span class='ocrx_word' id='word_1_134' title='bbox 3046 1437 3107 1488; x_wconf 86' lang='grc' dir='ltr'><strong>τὸ</strong></span> <span class='ocrx_word' id='word_1_135' title='bbox 3160 1439 3526 1509; x_wconf 75' lang='grc' dir='ltr'>συμϐεϐηκὸς,</span> <span class='ocrx_word' id='word_1_136' title='bbox 3594 1447 3691 1497; x_wconf 78' lang='grc' dir='ltr'><strong>καὶ</strong></span> <span class='ocrx_word' id='word_1_137' title='bbox 3750 1447 3834 1497; x_wconf 75' lang='grc' dir='ltr'>ἐπὶ</span> 
     </span>
    </p>
   </div>
   <div class='ocr_carea' id='block_1_22' title="bbox 567 1518 2130 1598">
    <p class='ocr_par' dir='ltr' id='par_1_22' title="bbox 567 1518 2121 1588">
     <span class='ocr_line' id='line_1_22' title="bbox 567 1518 2121 1588; baseline -0.001 -15"><span class='ocrx_word' id='word_1_138' title='bbox 567 1518 774 1574; x_wconf 82' lang='lat' dir='ltr'><strong>referas</strong></span> <span class='ocrx_word' id='word_1_139' title='bbox 825 1522 965 1575; x_wconf 88' lang='lat' dir='ltr'><strong>hanc</strong></span> <span class='ocrx_word' id='word_1_140' title='bbox 1000 1536 1342 1588; x_wconf 60' lang='lat' dir='ltr'><strong>aerumnam;</strong></span> <span class='ocrx_word' id='word_1_141' title='bbox 1380 1533 1533 1576; x_wconf 82' lang='lat' dir='ltr'><strong>extra</strong></span> <span class='ocrx_word' id='word_1_142' title='bbox 1586 1531 1641 1576; x_wconf 92' lang='lat' dir='ltr'><strong>te</strong></span> <span class='ocrx_word' id='word_1_143' title='bbox 1688 1523 1870 1574; x_wconf 89' lang='lat' dir='ltr'><strong>omnia</strong></span> <span class='ocrx_word' id='word_1_144' title='bbox 1910 1528 2121 1574; x_wconf 89' lang='lat' dir='ltr'><strong>statuen</strong></span> 
     </span>
    </p>
   </div>
   <div class='ocr_carea' id='block_1_23' title="bbox 2239 1518 3836 1598">
    <p class='ocr_par' dir='ltr' id='par_1_23' title="bbox 2255 1521 3836 1598">
     <span class='ocr_line' id='line_1_23' title="bbox 2255 1521 3836 1598; baseline 0.01 -26"><span class='ocrx_word' id='word_1_145' title='bbox 2255 1521 2385 1574; x_wconf 72' lang='grc' dir='ltr'>Θεὸν</span> <span class='ocrx_word' id='word_1_146' title='bbox 2420 1524 2712 1593; x_wconf 80' lang='grc' dir='ltr'>ἀναφέρεις</span> <span class='ocrx_word' id='word_1_147' title='bbox 2738 1526 2796 1578; x_wconf 77' lang='grc' dir='ltr'><strong>τδ</strong></span> <span class='ocrx_word' id='word_1_148' title='bbox 2843 1527 3038 1589; x_wconf 79' lang='grc' dir='ltr'>πάθος.</span> <span class='ocrx_word' id='word_1_149' title='bbox 3072 1529 3218 1593; x_wconf 80' lang='grc' dir='ltr'><strong>Ἐξω</strong></span> <span class='ocrx_word' id='word_1_150' title='bbox 3264 1534 3454 1586; x_wconf 69' lang='grc' dir='ltr'>ἑαυτὸν</span> <span class='ocrx_word' id='word_1_151' title='bbox 3506 1537 3682 1598; x_wconf 79' lang='grc' dir='ltr'>τιθεὶς</span> <span class='ocrx_word' id='word_1_152' title='bbox 3733 1539 3836 1589; x_wconf 87' lang='grc' dir='ltr'><strong>τῶν</strong></span> 
     </span>
    </p>
   </div>
   <div class='ocr_carea' id='block_1_24' title="bbox 566 1613 2130 1692">
    <p class='ocr_par' dir='ltr' id='par_1_24' title="bbox 566 1613 2130 1681">
     <span class='ocr_line' id='line_1_24' title="bbox 566 1613 2130 1681; baseline -0.003 -16"><span class='ocrx_word' id='word_1_153' title='bbox 566 1628 690 1681; x_wconf 71' lang='lat' dir='ltr'><strong>qua:</strong></span> <span class='ocrx_word' id='word_1_154' title='bbox 767 1614 1051 1667; x_wconf 80' lang='lat' dir='ltr'><strong>hominum</strong></span> <span class='ocrx_word' id='word_1_155' title='bbox 1107 1613 1376 1678; x_wconf 79' lang='lat' dir='ltr'><strong>iniustitia</strong></span> <span class='ocrx_word' id='word_1_156' title='bbox 1451 1616 1755 1666; x_wconf 77' lang='lat' dir='ltr'><strong>machinatu</strong></span> <span class='ocrx_word' id='word_1_157' title='bbox 1814 1621 1944 1677; x_wconf 85' lang='lat' dir='ltr'><strong>est;</strong></span> <span class='ocrx_word' id='word_1_158' title='bbox 1992 1621 2130 1678; x_wconf 60' lang='lat' dir='ltr'><strong>atqui</strong></span> 
     </span>
    </p>
   </div>
   <div class='ocr_carea' id='block_1_25' title="bbox 2239 1613 3835 1692">
    <p class='ocr_par' dir='ltr' id='par_1_25' title="bbox 2253 1615 3835 1692">
     <span class='ocr_line' id='line_1_25' title="bbox 2253 1615 3835 1692; baseline 0.011 -29"><span class='ocrx_word' id='word_1_159' title='bbox 2253 1615 2706 1683; x_wconf 87' lang='grc' dir='ltr'>σκαιωρηθέντων</span> <span class='ocrx_word' id='word_1_160' title='bbox 2736 1617 3104 1686; x_wconf 79' lang='grc' dir='ltr'>ἀνθρωπίναις</span> <span class='ocrx_word' id='word_1_161' title='bbox 3135 1622 3243 1690; x_wconf 84' lang='grc' dir='ltr'>ὲπη</span> <span class='ocrx_word' id='word_1_162' title='bbox 3264 1624 3438 1692; x_wconf 86' lang='grc' dir='ltr'>ρείαις</span> <span class='ocrx_word' id='word_1_163' title='bbox 3471 1643 3484 1656; x_wconf 91' lang='grc'><strong>·</strong></span> <span class='ocrx_word' id='word_1_164' title='bbox 3530 1629 3624 1678; x_wconf 78' lang='grc' dir='ltr'>καὶ</span> <span class='ocrx_word' id='word_1_165' title='bbox 3690 1629 3835 1691; x_wconf 81' lang='grc' dir='ltr'><strong>τέλος</strong></span> 
     </span>
    </p>
   </div>
   <div class='ocr_carea' id='block_1_26' title="bbox 568 1700 2130 1790">
    <p class='ocr_par' dir='ltr' id='par_1_26' title="bbox 568 1704 2130 1774">
     <span class='ocr_line' id='line_1_26' title="bbox 568 1704 2130 1774; baseline -0.001 -18"><span class='ocrx_word' id='word_1_166' title='bbox 568 1719 738 1757; x_wconf 90' lang='lat' dir='ltr'><strong>unum</strong></span> <span class='ocrx_word' id='word_1_167' title='bbox 801 1704 1036 1774; x_wconf 88' lang='lat' dir='ltr'><strong>denique</strong></span> <span class='ocrx_word' id='word_1_168' title='bbox 1077 1705 1179 1758; x_wconf 89' lang='lat' dir='ltr'><strong>hoc</strong></span> <span class='ocrx_word' id='word_1_169' title='bbox 1221 1721 1494 1774; x_wconf 79' lang='lat' dir='ltr'><strong>qu:erens,</strong></span> <span class='ocrx_word' id='word_1_170' title='bbox 1529 1719 1640 1774; x_wconf 90' lang='lat' dir='ltr'><strong>quo</strong></span> <span class='ocrx_word' id='word_1_171' title='bbox 1675 1715 1834 1773; x_wconf 87' lang='lat' dir='ltr'><strong>pacto</strong></span> <span class='ocrx_word' id='word_1_172' title='bbox 1897 1714 2130 1771; x_wconf 85' lang='lat' dir='ltr'><strong>accepta-</strong></span> 
     </span>
    </p>
   </div>
   <div class='ocr_carea' id='block_1_27' title="bbox 2239 1700 3836 1790">
    <p class='ocr_par' dir='ltr' id='par_1_27' title="bbox 2247 1700 3836 1790">
     <span class='ocr_line' id='line_1_27' title="bbox 2247 1700 3836 1790; baseline 0.013 -38"><span class='ocrx_word' id='word_1_173' title='bbox 2247 1700 2305 1752; x_wconf 86' lang='grc' dir='ltr'><strong>ἒν</strong></span> <span class='ocrx_word' id='word_1_174' title='bbox 2340 1701 2552 1769; x_wconf 76' lang='grc' dir='ltr'>ζητῶν,</span> <span class='ocrx_word' id='word_1_175' title='bbox 2601 1705 2750 1769; x_wconf 85' lang='grc' dir='ltr'>ὅπως</span> <span class='ocrx_word' id='word_1_176' title='bbox 2802 1708 3195 1778; x_wconf 80' lang='grc' dir='ltr'>εὐπρόσδεκτον</span> <span class='ocrx_word' id='word_1_177' title='bbox 3246 1714 3383 1783; x_wconf 80' lang='grc' dir='ltr'>πρὸς</span> <span class='ocrx_word' id='word_1_178' title='bbox 3438 1716 3499 1768; x_wconf 87' lang='grc' dir='ltr'><strong>τὸ</strong></span> <span class='ocrx_word' id='word_1_179' title='bbox 3563 1718 3694 1787; x_wconf 74' lang='grc' dir='ltr'><strong>ἑξῆς</strong></span> <span class='ocrx_word' id='word_1_180' title='bbox 3743 1720 3836 1790; x_wconf 81' lang='grc' dir='ltr'>τὴν</span> 
     </span>
    </p>
   </div>
   <div class='ocr_carea' id='block_1_28' title="bbox 563 1794 2130 1874">
    <p class='ocr_par' dir='ltr' id='par_1_28' title="bbox 563 1794 2122 1863">
     <span class='ocr_line' id='line_1_28' title="bbox 563 1794 2122 1863; baseline -0.001 -15"><span class='ocrx_word' id='word_1_181' title='bbox 563 1795 724 1849; x_wconf 87' lang='lat' dir='ltr'><strong>bilem</strong></span> <span class='ocrx_word' id='word_1_182' title='bbox 753 1794 987 1850; x_wconf 90' lang='lat' dir='ltr'><strong>Domino</strong></span> <span class='ocrx_word' id='word_1_183' title='bbox 1021 1796 1406 1850; x_wconf 79' lang='lat' dir='ltr'><strong>universarum</strong></span> <span class='ocrx_word' id='word_1_184' title='bbox 1460 1799 1624 1850; x_wconf 86' lang='lat' dir='ltr'><strong>vitam</strong></span> <span class='ocrx_word' id='word_1_185' title='bbox 1684 1797 1936 1850; x_wconf 86' lang='lat' dir='ltr'><strong>instituas</strong></span> <span class='ocrx_word' id='word_1_186' title='bbox 1965 1796 2016 1848; x_wconf 89' lang='lat' dir='ltr'><strong>in</strong></span> <span class='ocrx_word' id='word_1_187' title='bbox 2054 1809 2122 1863; x_wconf 90' lang='lat' dir='ltr'><strong>po</strong></span> 
     </span>
    </p>
   </div>
   <div class='ocr_carea' id='block_1_29' title="bbox 2239 1794 3836 1874">
    <p class='ocr_par' dir='ltr' id='par_1_29' title="bbox 2253 1794 3836 1874">
     <span class='ocr_line' id='line_1_29' title="bbox 2253 1794 3836 1874; baseline 0.013 -29"><span class='ocrx_word' id='word_1_188' title='bbox 2253 1794 2397 1865; x_wconf 78' lang='grc' dir='ltr'>ζωὴν</span> <span class='ocrx_word' id='word_1_189' title='bbox 2424 1799 2825 1866; x_wconf 79' lang='grc' dir='ltr'>καταστήσειας</span> <span class='ocrx_word' id='word_1_190' title='bbox 2860 1801 2936 1871; x_wconf 82' lang='grc' dir='ltr'>τῷ</span> <span class='ocrx_word' id='word_1_191' title='bbox 2965 1804 3209 1874; x_wconf 77' lang='grc' dir='ltr'>Δεσπότῃ</span> <span class='ocrx_word' id='word_1_192' title='bbox 3239 1805 3348 1858; x_wconf 88' lang='grc' dir='ltr'><strong>τῶν</strong></span> <span class='ocrx_word' id='word_1_193' title='bbox 3386 1809 3663 1865; x_wconf 86' lang='grc' dir='ltr'>ἁπάντων.</span> <span class='ocrx_word' id='word_1_194' title='bbox 3715 1813 3836 1866; x_wconf 77' lang='grc' dir='ltr'><strong>Ἐπὶ</strong></span> 
     </span>
    </p>
   </div>
   <div class='ocr_carea' id='block_1_30' title="bbox 563 1872 2130 1963">
    <p class='ocr_par' dir='ltr' id='par_1_30' title="bbox 563 1872 2130 1953">
     <span class='ocr_line' id='line_1_30' title="bbox 563 1872 2130 1953; baseline -0.001 -13"><span class='ocrx_word' id='word_1_195' title='bbox 563 1872 791 1940; x_wconf 80' lang='lat' dir='ltr'><strong>sterum.</strong></span> <span class='ocrx_word' id='word_1_196' title='bbox 849 1885 1058 1953; x_wconf 81' lang='lat' dir='ltr'><strong>Quibus</strong></span> <span class='ocrx_word' id='word_1_197' title='bbox 1087 1888 1346 1940; x_wconf 84' lang='lat' dir='ltr'><strong>omnibus</strong></span> <span class='ocrx_word' id='word_1_198' title='bbox 1389 1887 1566 1942; x_wconf 80' lang='lat' dir='ltr'><strong>effecit</strong></span> <span class='ocrx_word' id='word_1_199' title='bbox 1595 1895 1653 1940; x_wconf 90' lang='lat' dir='ltr'><strong>ut</strong></span> <span class='ocrx_word' id='word_1_200' title='bbox 1685 1889 1879 1941; x_wconf 89' lang='lat' dir='ltr'><strong>merito</strong></span> <span class='ocrx_word' id='word_1_201' title='bbox 1906 1886 2037 1940; x_wconf 87' lang='lat' dir='ltr'><strong>illud</strong></span> <span class='ocrx_word' id='word_1_202' title='bbox 2068 1886 2130 1939; x_wconf 82' lang='lat' dir='ltr'><strong>di</strong></span> 
     </span>
    </p>
   </div>
   <div class='ocr_carea' id='block_1_31' title="bbox 2239 1872 3837 1963">
    <p class='ocr_par' dir='ltr' id='par_1_31' title="bbox 2262 1886 3837 1963">
     <span class='ocr_line' id='line_1_31' title="bbox 2262 1886 3837 1963; baseline 0.012 -27"><span class='ocrx_word' id='word_1_203' title='bbox 2262 1886 2396 1938; x_wconf 81' lang='grc' dir='ltr'>πᾶσι</span> <span class='ocrx_word' id='word_1_204' title='bbox 2423 1888 2633 1952; x_wconf 87' lang='grc' dir='ltr'>τούτοις</span> <span class='ocrx_word' id='word_1_205' title='bbox 2660 1889 2908 1961; x_wconf 82' lang='grc' dir='ltr'>διέθηκεν</span> <span class='ocrx_word' id='word_1_206' title='bbox 2959 1895 3104 1962; x_wconf 81' lang='grc' dir='ltr'>ἡμᾶς</span> <span class='ocrx_word' id='word_1_207' title='bbox 3145 1896 3286 1948; x_wconf 87' lang='grc' dir='ltr'><strong>κατά</strong></span> <span class='ocrx_word' id='word_1_208' title='bbox 3348 1898 3409 1949; x_wconf 82' lang='grc' dir='ltr'>τὸ</span> <span class='ocrx_word' id='word_1_209' title='bbox 3463 1901 3605 1963; x_wconf 70' lang='grc' dir='ltr'>εἰκὸς</span> <span class='ocrx_word' id='word_1_210' title='bbox 3663 1903 3837 1955; x_wconf 77' lang='grc' dir='ltr'>ἐκεῖνο</span> 
     </span>
    </p>
   </div>
   <div class='ocr_carea' id='block_1_32' title="bbox 561 1977 2130 2064">
    <p class='ocr_par' dir='ltr' id='par_1_32' title="bbox 561 1977 2130 2033">
     <span class='ocr_line' id='line_1_32' title="bbox 561 1977 2130 2033; baseline -0.001 -2"><span class='ocrx_word' id='word_1_211' title='bbox 561 1993 812 2031; x_wconf 84' lang='lat' dir='ltr'><strong>ceremus</strong></span> <span class='ocrx_word' id='word_1_212' title='bbox 854 1996 868 2032; x_wconf 93' lang='lat'><strong>:</strong></span> <span class='ocrx_word' id='word_1_213' title='bbox 907 1977 1086 2032; x_wconf 72' lang='lat' dir='ltr'><strong>Bonus</strong></span> <span class='ocrx_word' id='word_1_214' title='bbox 1153 1981 1308 2033; x_wconf 85' lang='lat' dir='ltr'><strong>homo</strong></span> <span class='ocrx_word' id='word_1_215' title='bbox 1365 1981 1430 2031; x_wconf 87' lang='lat' dir='ltr'><strong>de</strong></span> <span class='ocrx_word' id='word_1_216' title='bbox 1485 1978 1616 2032; x_wconf 86' lang='lat' dir='ltr'><strong>bono</strong></span> <span class='ocrx_word' id='word_1_217' title='bbox 1673 1979 1918 2033; x_wconf 74' lang='lat' dir='ltr'><strong>thesauro</strong></span> <span class='ocrx_word' id='word_1_218' title='bbox 1975 1979 2130 2030; x_wconf 59' lang='lat' dir='ltr'><strong>cordi;</strong></span> 
     </span>
    </p>
   </div>
   <div class='ocr_carea' id='block_1_33' title="bbox 2239 1977 3836 2064">
    <p class='ocr_par' dir='ltr' id='par_1_33' title="bbox 2258 1978 3836 2064">
     <span class='ocr_line' id='line_1_33' title="bbox 2258 1978 3836 2064; baseline 0.013 -36"><span class='ocrx_word' id='word_1_219' title='bbox 2258 1978 2514 2042; x_wconf 84' lang='grc' dir='ltr'><strong>εἰπόντας</strong></span> <span class='ocrx_word' id='word_1_220' title='bbox 2537 2021 2551 2045; x_wconf 89' lang='grc'><strong>,</strong></span> <span class='ocrx_word' id='word_1_221' title='bbox 2585 1981 2666 2034; x_wconf 86' lang='grc' dir='ltr'><strong>ὃτι</strong></span> <span class='ocrx_word' id='word_1_222' title='bbox 2712 1982 2778 2035; x_wconf 89' lang='lat'><strong>&#39;0</strong></span> <span class='ocrx_word' id='word_1_223' title='bbox 2822 1984 3042 2051; x_wconf 82' lang='grc' dir='ltr'>ἀγαθὸς</span> <span class='ocrx_word' id='word_1_224' title='bbox 3071 1986 3381 2055; x_wconf 76' lang='grc' dir='ltr'>ἄνθρωπος</span> <span class='ocrx_word' id='word_1_225' title='bbox 3409 1990 3476 2044; x_wconf 85' lang='grc' dir='ltr'>ἐκ</span> <span class='ocrx_word' id='word_1_226' title='bbox 3542 1993 3650 2046; x_wconf 86' lang='grc' dir='ltr'>τοῦ</span> <span class='ocrx_word' id='word_1_227' title='bbox 3691 1997 3836 2064; x_wconf 55' lang='grc' dir='ltr'>ἁπτι-</span> 
     </span>
    </p>
   </div>
   <div class='ocr_carea' id='block_1_34' title="bbox 559 2068 2147 2139">
    <p class='ocr_par' dir='ltr' id='par_1_34' title="bbox 559 2068 2147 2139">
     <span class='ocr_line' id='line_1_34' title="bbox 559 2068 2147 2139; baseline 0.001 -18"><span class='ocrx_word' id='word_1_228' title='bbox 559 2068 758 2137; x_wconf 80' lang='lat' dir='ltr'><strong>profert</strong></span> <span class='ocrx_word' id='word_1_229' title='bbox 784 2071 918 2121; x_wconf 86' lang='lat' dir='ltr'><strong>bona</strong></span> <span class='ocrx_word' id='word_1_230' title='bbox 952 2070 1018 2124; x_wconf 77' lang='lat'><strong>°’.</strong></span> <span class='ocrx_word' id='word_1_231' title='bbox 1057 2070 1267 2123; x_wconf 85' lang='lat' dir='ltr'><strong>Etenim</strong></span> <span class='ocrx_word' id='word_1_232' title='bbox 1315 2086 1439 2123; x_wconf 88' lang='lat' dir='ltr'><strong>cum</strong></span> <span class='ocrx_word' id='word_1_233' title='bbox 1489 2072 1541 2123; x_wconf 93' lang='lat' dir='ltr'><strong>in</strong></span> <span class='ocrx_word' id='word_1_234' title='bbox 1570 2071 1750 2123; x_wconf 88' lang='lat' dir='ltr'><strong>anima</strong></span> <span class='ocrx_word' id='word_1_235' title='bbox 1804 2079 2057 2139; x_wconf 88' lang='lat' dir='ltr'><strong>tanquam</strong></span> <span class='ocrx_word' id='word_1_236' title='bbox 2094 2070 2147 2123; x_wconf 93' lang='lat' dir='ltr'><strong>in</strong></span> 
     </span>
    </p>
   </div>
   <div class='ocr_carea' id='block_1_35' title="bbox 560 2161 2147 2232">
    <p class='ocr_par' dir='ltr' id='par_1_35' title="bbox 560 2161 2147 2232">
     <span class='ocr_line' id='line_1_35' title="bbox 560 2161 2147 2232; baseline 0.001 -20"><span class='ocrx_word' id='word_1_237' title='bbox 560 2161 940 2230; x_wconf 87' lang='lat' dir='ltr'><strong>promptuario</strong></span> <span class='ocrx_word' id='word_1_238' title='bbox 974 2164 1235 2231; x_wconf 89' lang='lat' dir='ltr'><strong>quodam,</strong></span> <span class='ocrx_word' id='word_1_239' title='bbox 1265 2180 1328 2216; x_wconf 84' lang='lat' dir='ltr'><strong>ex</strong></span> <span class='ocrx_word' id='word_1_240' title='bbox 1367 2162 1638 2232; x_wconf 66' lang='lat' dir='ltr'><strong>praeterita</strong></span> <span class='ocrx_word' id='word_1_241' title='bbox 1690 2161 2035 2216; x_wconf 88' lang='lat' dir='ltr'><strong>institutione</strong></span> <span class='ocrx_word' id='word_1_242' title='bbox 2058 2161 2147 2215; x_wconf 50' lang='lat' dir='ltr'><strong>div</strong></span> 
     </span>
    </p>
   </div>
   <div class='ocr_carea' id='block_1_36' title="bbox 559 2252 2143 2309">
    <p class='ocr_par' dir='ltr' id='par_1_36' title="bbox 559 2252 2143 2309">
     <span class='ocr_line' id='line_1_36' title="bbox 559 2252 2143 2309; baseline 0.003 -6"><span class='ocrx_word' id='word_1_243' title='bbox 559 2252 685 2304; x_wconf 81' lang='lat' dir='ltr'><strong>vina</strong></span> <span class='ocrx_word' id='word_1_244' title='bbox 729 2261 783 2305; x_wconf 90' lang='lat' dir='ltr'><strong>et</strong></span> <span class='ocrx_word' id='word_1_245' title='bbox 836 2253 1073 2308; x_wconf 83' lang='lat' dir='ltr'><strong>humana</strong></span> <span class='ocrx_word' id='word_1_246' title='bbox 1117 2255 1406 2309; x_wconf 83' lang='lat' dir='ltr'><strong>thesauros</strong></span> <span class='ocrx_word' id='word_1_247' title='bbox 1473 2254 1716 2308; x_wconf 80' lang='lat' dir='ltr'><strong>scicntia:</strong></span> <span class='ocrx_word' id='word_1_248' title='bbox 1781 2253 2143 2309; x_wconf 86' lang='lat' dir='ltr'><strong>condideris:</strong></span> 
     </span>
    </p>
   </div>
   <div class='ocr_carea' id='block_1_37' title="bbox 559 2344 2140 2415">
    <p class='ocr_par' dir='ltr' id='par_1_37' title="bbox 559 2344 2140 2415">
     <span class='ocr_line' id='line_1_37' title="bbox 559 2344 2140 2415; baseline 0.001 -19"><span class='ocrx_word' id='word_1_249' title='bbox 559 2353 806 2412; x_wconf 87' lang='lat' dir='ltr'><strong>tempore</strong></span> <span class='ocrx_word' id='word_1_250' title='bbox 846 2344 1095 2400; x_wconf 86' lang='lat' dir='ltr'><strong>videlicet</strong></span> <span class='ocrx_word' id='word_1_251' title='bbox 1117 2355 1427 2415; x_wconf 90' lang='lat' dir='ltr'><strong>opportuno</strong></span> <span class='ocrx_word' id='word_1_252' title='bbox 1459 2346 1774 2414; x_wconf 86' lang='lat' dir='ltr'><strong>spirituales</strong></span> <span class='ocrx_word' id='word_1_253' title='bbox 1806 2346 2019 2414; x_wconf 79' lang='lat' dir='ltr'><strong>profers</strong></span> <span class='ocrx_word' id='word_1_254' title='bbox 2052 2346 2140 2399; x_wconf 84' lang='lat' dir='ltr'><strong>di-</strong></span> 
     </span>
    </p>
   </div>
   <div class='ocr_carea' id='block_1_38' title="bbox 558 2435 2144 2507">
    <p class='ocr_par' dir='ltr' id='par_1_38' title="bbox 558 2435 2144 2507">
     <span class='ocr_line' id='line_1_38' title="bbox 558 2435 2144 2507; baseline 0.003 -20"><span class='ocrx_word' id='word_1_255' title='bbox 558 2435 741 2498; x_wconf 80' lang='lat' dir='ltr'><strong>vitias.</strong></span> <span class='ocrx_word' id='word_1_256' title='bbox 781 2435 850 2490; x_wconf 92' lang='lat' dir='ltr'><strong>ad</strong></span> <span class='ocrx_word' id='word_1_257' title='bbox 898 2437 1126 2491; x_wconf 87' lang='lat' dir='ltr'><strong>salutem</strong></span> <span class='ocrx_word' id='word_1_258' title='bbox 1188 2450 1332 2491; x_wconf 90' lang='lat' dir='ltr'><strong>tuam</strong></span> <span class='ocrx_word' id='word_1_259' title='bbox 1382 2439 1725 2507; x_wconf 86' lang='lat' dir='ltr'><strong>dispensans.</strong></span> <span class='ocrx_word' id='word_1_260' title='bbox 1777 2439 1856 2492; x_wconf 85' lang='lat' dir='ltr'><strong>Ac</strong></span> <span class='ocrx_word' id='word_1_261' title='bbox 1887 2440 2028 2502; x_wconf 85' lang='lat' dir='ltr'><strong>vide,</strong></span> <span class='ocrx_word' id='word_1_262' title='bbox 2059 2441 2144 2492; x_wconf 88' lang='lat' dir='ltr'><strong>vir</strong></span> 
     </span>
    </p>
   </div>
   <div class='ocr_carea' id='block_1_39' title="bbox 557 2523 2141 2594">
    <p class='ocr_par' dir='ltr' id='par_1_39' title="bbox 557 2523 2141 2594">
     <span class='ocr_line' id='line_1_39' title="bbox 557 2523 2141 2594; baseline 0 -16"><span class='ocrx_word' id='word_1_263' title='bbox 557 2523 785 2594; x_wconf 81' lang='lat' dir='ltr'><strong>Optime,</strong></span> <span class='ocrx_word' id='word_1_264' title='bbox 840 2533 898 2578; x_wconf 88' lang='lat' dir='ltr'><strong>ut</strong></span> <span class='ocrx_word' id='word_1_265' title='bbox 949 2524 1002 2578; x_wconf 94' lang='lat' dir='ltr'><strong>in</strong></span> <span class='ocrx_word' id='word_1_266' title='bbox 1040 2525 1241 2578; x_wconf 90' lang='lat' dir='ltr'><strong>bonum</strong></span> <span class='ocrx_word' id='word_1_267' title='bbox 1288 2525 1380 2579; x_wconf 87' lang='lat' dir='ltr'><strong>tibi</strong></span> <span class='ocrx_word' id='word_1_268' title='bbox 1433 2525 1696 2579; x_wconf 87' lang='lat' dir='ltr'><strong>cesserint</strong></span> <span class='ocrx_word' id='word_1_269' title='bbox 1733 2523 1916 2577; x_wconf 84' lang='lat' dir='ltr'><strong>divina</strong></span> <span class='ocrx_word' id='word_1_270' title='bbox 1971 2523 2141 2578; x_wconf 88' lang='lat' dir='ltr'><strong>docu—</strong></span> 
     </span>
    </p>
   </div>
   <div class='ocr_carea' id='block_1_40' title="bbox 556 2612 2139 2682">
    <p class='ocr_par' dir='ltr' id='par_1_40' title="bbox 556 2612 2139 2682">
     <span class='ocr_line' id='line_1_40' title="bbox 556 2612 2139 2682; baseline 0 -16"><span class='ocrx_word' id='word_1_271' title='bbox 556 2625 735 2666; x_wconf 85' lang='lat' dir='ltr'><strong>menta</strong></span> <span class='ocrx_word' id='word_1_272' title='bbox 761 2629 776 2679; x_wconf 92' lang='lat'><strong>;</strong></span> <span class='ocrx_word' id='word_1_273' title='bbox 812 2612 971 2666; x_wconf 83' lang='lat' dir='ltr'><strong>lectio</strong></span> <span class='ocrx_word' id='word_1_274' title='bbox 1002 2623 1055 2666; x_wconf 88' lang='lat' dir='ltr'><strong>et</strong></span> <span class='ocrx_word' id='word_1_275' title='bbox 1087 2614 1346 2681; x_wconf 76' lang='lat' dir='ltr'><strong>cognitio,</strong></span> <span class='ocrx_word' id='word_1_276' title='bbox 1379 2614 1547 2667; x_wconf 91' lang='lat' dir='ltr'><strong>otium</strong></span> <span class='ocrx_word' id='word_1_277' title='bbox 1575 2622 1631 2667; x_wconf 92' lang='lat' dir='ltr'><strong>et</strong></span> <span class='ocrx_word' id='word_1_278' title='bbox 1667 2614 1974 2682; x_wconf 83' lang='lat' dir='ltr'><strong>occupatio,</strong></span> <span class='ocrx_word' id='word_1_279' title='bbox 2006 2628 2139 2667; x_wconf 87' lang='lat' dir='ltr'><strong>cou-</strong></span> 
     </span>
    </p>
   </div>
   <div class='ocr_carea' id='block_1_41' title="bbox 558 2705 2134 2771">
    <p class='ocr_par' dir='ltr' id='par_1_41' title="bbox 558 2705 2134 2771">
     <span class='ocr_line' id='line_1_41' title="bbox 558 2705 2134 2771; baseline 0.003 -17"><span class='ocrx_word' id='word_1_280' title='bbox 558 2717 780 2771; x_wconf 77' lang='lat' dir='ltr'><strong>gressus</strong></span> <span class='ocrx_word' id='word_1_281' title='bbox 806 2715 859 2758; x_wconf 88' lang='lat' dir='ltr'><strong>et</strong></span> <span class='ocrx_word' id='word_1_282' title='bbox 890 2705 1089 2768; x_wconf 87' lang='lat' dir='ltr'><strong>oratio,</strong></span> <span class='ocrx_word' id='word_1_283' title='bbox 1121 2720 1405 2759; x_wconf 81' lang='lat' dir='ltr'><strong>sacrorum</strong></span> <span class='ocrx_word' id='word_1_284' title='bbox 1459 2719 1771 2759; x_wconf 89' lang='lat' dir='ltr'><strong>sermonum</strong></span> <span class='ocrx_word' id='word_1_285' title='bbox 1807 2714 1860 2758; x_wconf 94' lang='lat' dir='ltr'><strong>et</strong></span> <span class='ocrx_word' id='word_1_286' title='bbox 1888 2707 2134 2759; x_wconf 85' lang='lat' dir='ltr'><strong>codicum</strong></span> 
     </span>
    </p>
   </div>
   <div class='ocr_carea' id='block_1_42' title="bbox 557 2793 2134 2862">
    <p class='ocr_par' dir='ltr' id='par_1_42' title="bbox 557 2793 2134 2862">
     <span class='ocr_line' id='line_1_42' title="bbox 557 2793 2134 2862; baseline 0.001 -15"><span class='ocrx_word' id='word_1_287' title='bbox 557 2793 831 2861; x_wconf 77' lang='lat' dir='ltr'><strong>p085essio</strong></span> <span class='ocrx_word' id='word_1_288' title='bbox 860 2812 871 2844; x_wconf 91' lang='lat'><strong>:</strong></span> <span class='ocrx_word' id='word_1_289' title='bbox 903 2808 1067 2862; x_wconf 87' lang='lat' dir='ltr'><strong>quam</strong></span> <span class='ocrx_word' id='word_1_290' title='bbox 1122 2793 1273 2846; x_wconf 85' lang='lat' dir='ltr'><strong>dives</strong></span> <span class='ocrx_word' id='word_1_291' title='bbox 1325 2803 1382 2846; x_wconf 92' lang='lat' dir='ltr'><strong>tu</strong></span> <span class='ocrx_word' id='word_1_292' title='bbox 1431 2793 1752 2859; x_wconf 88' lang='lat' dir='ltr'><strong>admodum,</strong></span> <span class='ocrx_word' id='word_1_293' title='bbox 1806 2793 1932 2847; x_wconf 85' lang='lat' dir='ltr'><strong>licet</strong></span> <span class='ocrx_word' id='word_1_294' title='bbox 1961 2809 2134 2862; x_wconf 86' lang='lat' dir='ltr'><strong>pauca</strong></span> 
     </span>
    </p>
   </div>
   <div class='ocr_carea' id='block_1_43' title="bbox 557 2882 2131 2954">
    <p class='ocr_par' dir='ltr' id='par_1_43' title="bbox 557 2882 2131 2954">
     <span class='ocr_line' id='line_1_43' title="bbox 557 2882 2131 2954; baseline 0.003 -18"><span class='ocrx_word' id='word_1_295' title='bbox 557 2882 654 2936; x_wconf 92' lang='lat' dir='ltr'><strong>tibi</strong></span> <span class='ocrx_word' id='word_1_296' title='bbox 695 2891 896 2936; x_wconf 88' lang='lat' dir='ltr'><strong>restent</strong></span> <span class='ocrx_word' id='word_1_297' title='bbox 935 2884 1058 2937; x_wconf 64' lang='lat' dir='ltr'><strong>vitae</strong></span> <span class='ocrx_word' id='word_1_298' title='bbox 1089 2884 1375 2938; x_wconf 85' lang='lat' dir='ltr'><strong>subsidia:</strong></span> <span class='ocrx_word' id='word_1_299' title='bbox 1405 2899 1568 2954; x_wconf 89' lang='lat' dir='ltr'><strong>quam</strong></span> <span class='ocrx_word' id='word_1_300' title='bbox 1619 2885 1832 2953; x_wconf 89' lang='lat' dir='ltr'><strong>pulchri</strong></span> <span class='ocrx_word' id='word_1_301' title='bbox 1869 2885 1962 2940; x_wconf 90' lang='lat' dir='ltr'><strong>tibi</strong></span> <span class='ocrx_word' id='word_1_302' title='bbox 1988 2888 2131 2941; x_wconf 88' lang='lat' dir='ltr'><strong>oculi</strong></span> 
     </span>
    </p>
   </div>
   <div class='ocr_carea' id='block_1_44' title="bbox 555 2974 2127 3045">
    <p class='ocr_par' dir='ltr' id='par_1_44' title="bbox 555 2974 2127 3045">
     <span class='ocr_line' id='line_1_44' title="bbox 555 2974 2127 3045; baseline 0.003 -16"><span class='ocrx_word' id='word_1_303' title='bbox 555 2983 611 3029; x_wconf 86' lang='lat' dir='ltr'><strong>et</strong></span> <span class='ocrx_word' id='word_1_304' title='bbox 638 2974 926 3044; x_wconf 65' lang='lat' dir='ltr'><strong>palpebrae,</strong></span> <span class='ocrx_word' id='word_1_305' title='bbox 963 2975 1085 3028; x_wconf 87' lang='lat' dir='ltr'><strong>licet</strong></span> <span class='ocrx_word' id='word_1_306' title='bbox 1109 2976 1225 3029; x_wconf 87' lang='lat' dir='ltr'><strong>visu</strong></span> <span class='ocrx_word' id='word_1_307' title='bbox 1262 2991 1356 3044; x_wconf 88' lang='lat' dir='ltr'><strong>per</strong></span> <span class='ocrx_word' id='word_1_308' title='bbox 1407 2977 1666 3045; x_wconf 75' lang='lat' dir='ltr'><strong>iniuriam</strong></span> <span class='ocrx_word' id='word_1_309' title='bbox 1738 2977 1960 3033; x_wconf 87' lang='lat' dir='ltr'><strong>orbatus</strong></span> <span class='ocrx_word' id='word_1_310' title='bbox 2009 2978 2127 3034; x_wconf 85' lang='lat' dir='ltr'><strong>sis:</strong></span> 
     </span>
    </p>
   </div>
   <div class='ocr_carea' id='block_1_45' title="bbox 555 3067 2129 3138">
    <p class='ocr_par' dir='ltr' id='par_1_45' title="bbox 555 3067 2129 3138">
     <span class='ocr_line' id='line_1_45' title="bbox 555 3067 2129 3138; baseline 0.003 -17"><span class='ocrx_word' id='word_1_311' title='bbox 555 3083 718 3136; x_wconf 84' lang='lat' dir='ltr'><strong>quam</strong></span> <span class='ocrx_word' id='word_1_312' title='bbox 754 3068 982 3122; x_wconf 90' lang='lat' dir='ltr'><strong>illustris</strong></span> <span class='ocrx_word' id='word_1_313' title='bbox 1015 3068 1174 3122; x_wconf 81' lang='lat' dir='ltr'><strong>valde</strong></span> <span class='ocrx_word' id='word_1_314' title='bbox 1208 3070 1284 3123; x_wconf 89' lang='lat' dir='ltr'><strong>sis</strong></span> <span class='ocrx_word' id='word_1_315' title='bbox 1316 3077 1371 3123; x_wconf 91' lang='lat' dir='ltr'><strong>et</strong></span> <span class='ocrx_word' id='word_1_316' title='bbox 1402 3069 1692 3138; x_wconf 75' lang='lat' dir='ltr'><strong>gloriosus,</strong></span> <span class='ocrx_word' id='word_1_317' title='bbox 1724 3067 1848 3121; x_wconf 90' lang='lat' dir='ltr'><strong>licet</strong></span> <span class='ocrx_word' id='word_1_318' title='bbox 1899 3070 2129 3125; x_wconf 80' lang='lat' dir='ltr'><strong>inhono-</strong></span> 
     </span>
    </p>
   </div>
   <div class='ocr_carea' id='block_1_46' title="bbox 2257 2070 3832 2155">
    <p class='ocr_par' dir='ltr' id='par_1_46' title="bbox 2257 2070 3832 2155">
     <span class='ocr_line' id='line_1_46' title="bbox 2257 2070 3832 2155; baseline 0.013 -33"><span class='ocrx_word' id='word_1_319' title='bbox 2257 2070 2364 2123; x_wconf 89' lang='grc' dir='ltr'>θοῦ</span> <span class='ocrx_word' id='word_1_320' title='bbox 2393 2073 2702 2140; x_wconf 69' lang='grc' dir='ltr'>θησαυροῦ</span> <span class='ocrx_word' id='word_1_321' title='bbox 2735 2073 2845 2142; x_wconf 83' lang='grc' dir='ltr'>τῆς</span> <span class='ocrx_word' id='word_1_322' title='bbox 2877 2076 3128 2145; x_wconf 78' lang='grc' dir='ltr'>καρδίας</span> <span class='ocrx_word' id='word_1_323' title='bbox 3153 2080 3432 2136; x_wconf 77' lang='grc' dir='ltr'>ἐκϐάλλει</span> <span class='ocrx_word' id='word_1_324' title='bbox 3491 2086 3562 2138; x_wconf 80' lang='grc' dir='ltr'>τὰ</span> <span class='ocrx_word' id='word_1_325' title='bbox 3614 2087 3832 2155; x_wconf 61' lang='grc' dir='ltr'>ἁγγιθά.</span> 
     </span>
    </p>
   </div>
   <div class='ocr_carea' id='block_1_47' title="bbox 2255 2162 3837 2250">
    <p class='ocr_par' dir='ltr' id='par_1_47' title="bbox 2255 2162 3837 2250">
     <span class='ocr_line' id='line_1_47' title="bbox 2255 2162 3837 2250; baseline 0.013 -36"><span class='ocrx_word' id='word_1_326' title='bbox 2255 2162 2364 2214; x_wconf 73' lang='grc' dir='ltr'>Καὶ</span> <span class='ocrx_word' id='word_1_327' title='bbox 2399 2165 2507 2233; x_wconf 82' lang='grc' dir='ltr'>γὰρ</span> <span class='ocrx_word' id='word_1_328' title='bbox 2538 2167 2725 2236; x_wconf 74' lang='grc' dir='ltr'>ὥσπερ</span> <span class='ocrx_word' id='word_1_329' title='bbox 2760 2167 2815 2218; x_wconf 77' lang='grc' dir='ltr'>ἐν</span> <span class='ocrx_word' id='word_1_330' title='bbox 2844 2185 2948 2221; x_wconf 90' lang='grc' dir='ltr'>τινι</span> <span class='ocrx_word' id='word_1_331' title='bbox 2978 2173 3232 2241; x_wconf 84' lang='grc' dir='ltr'>ταμιείῳ,</span> <span class='ocrx_word' id='word_1_332' title='bbox 3277 2175 3343 2226; x_wconf 76' lang='grc' dir='ltr'><strong>τὰ</strong></span> <span class='ocrx_word' id='word_1_333' title='bbox 3371 2176 3434 2229; x_wconf 82' lang='grc' dir='ltr'>ὲκ</span> <span class='ocrx_word' id='word_1_334' title='bbox 3481 2179 3579 2247; x_wconf 82' lang='grc' dir='ltr'>τῆς</span> <span class='ocrx_word' id='word_1_335' title='bbox 3629 2182 3837 2250; x_wconf 80' lang='grc' dir='ltr'>προλα-</span> 
     </span>
    </p>
   </div>
   <div class='ocr_carea' id='block_1_48' title="bbox 2253 2251 3836 2337">
    <p class='ocr_par' dir='ltr' id='par_1_48' title="bbox 2253 2251 3836 2337">
     <span class='ocr_line' id='line_1_48' title="bbox 2253 2251 3836 2337; baseline 0.013 -33"><span class='ocrx_word' id='word_1_336' title='bbox 2253 2251 2455 2322; x_wconf 76' lang='grc' dir='ltr'>ϐούσης</span> <span class='ocrx_word' id='word_1_337' title='bbox 2484 2256 2731 2317; x_wconf 81' lang='grc' dir='ltr'>παιδείας</span> <span class='ocrx_word' id='word_1_338' title='bbox 2760 2257 2908 2321; x_wconf 84' lang='grc' dir='ltr'>Θείας</span> <span class='ocrx_word' id='word_1_339' title='bbox 2933 2276 2990 2311; x_wconf 86' lang='grc' dir='ltr'><strong>τε</strong></span> <span class='ocrx_word' id='word_1_340' title='bbox 3022 2262 3114 2313; x_wconf 73' lang='grc' dir='ltr'><strong>καὶ</strong></span> <span class='ocrx_word' id='word_1_341' title='bbox 3162 2263 3513 2337; x_wconf 82' lang='grc' dir='ltr'>ἀνθρωπίνης</span> <span class='ocrx_word' id='word_1_342' title='bbox 3569 2270 3836 2324; x_wconf 79' lang='grc' dir='ltr'>ὲναποθέ-</span> 
     </span>
    </p>
   </div>
   <div class='ocr_carea' id='block_1_49' title="bbox 2255 2345 3836 2431">
    <p class='ocr_par' dir='ltr' id='par_1_49' title="bbox 2255 2345 3836 2431">
     <span class='ocr_line' id='line_1_49' title="bbox 2255 2345 3836 2431; baseline 0.013 -37"><span class='ocrx_word' id='word_1_343' title='bbox 2255 2358 2414 2410; x_wconf 88' lang='grc' dir='ltr'>μενος</span> <span class='ocrx_word' id='word_1_344' title='bbox 2436 2347 2501 2414; x_wconf 85' lang='grc' dir='ltr'>τῇ</span> <span class='ocrx_word' id='word_1_345' title='bbox 2529 2345 2674 2416; x_wconf 76' lang='grc' dir='ltr'>ψυχῇ</span> <span class='ocrx_word' id='word_1_346' title='bbox 2719 2350 2998 2414; x_wconf 82' lang='grc' dir='ltr'>γνωστικά</span> <span class='ocrx_word' id='word_1_347' title='bbox 3035 2351 3475 2424; x_wconf 79' lang='grc' dir='ltr'>θησαυρίσματα,</span> <span class='ocrx_word' id='word_1_348' title='bbox 3511 2360 3606 2411; x_wconf 77' lang='grc' dir='ltr'>ἐπὶ</span> <span class='ocrx_word' id='word_1_349' title='bbox 3635 2361 3836 2431; x_wconf 74' lang='grc' dir='ltr'>καιροῦ</span> 
     </span>
    </p>
   </div>
   <div class='ocr_carea' id='block_1_50' title="bbox 2251 2435 3835 2523">
    <p class='ocr_par' dir='ltr' id='par_1_50' title="bbox 2251 2435 3835 2523">
     <span class='ocr_line' id='line_1_50' title="bbox 2251 2435 3835 2523; baseline 0.014 -39"><span class='ocrx_word' id='word_1_350' title='bbox 2251 2435 2476 2498; x_wconf 77' lang='grc' dir='ltr'>εἰκότως</span> <span class='ocrx_word' id='word_1_351' title='bbox 2496 2437 2789 2507; x_wconf 85' lang='grc' dir='ltr'>χρειώδους</span> <span class='ocrx_word' id='word_1_352' title='bbox 2817 2442 3032 2510; x_wconf 82' lang='grc' dir='ltr'>προτοις</span> <span class='ocrx_word' id='word_1_353' title='bbox 3063 2443 3132 2495; x_wconf 85' lang='grc' dir='ltr'><strong>τὰ</strong></span> <span class='ocrx_word' id='word_1_354' title='bbox 3188 2450 3537 2514; x_wconf 73' lang='grc' dir='ltr'>πνευματικά</span> <span class='ocrx_word' id='word_1_355' title='bbox 3595 2451 3835 2523; x_wconf 82' lang='grc' dir='ltr'>πλούτη,</span> 
     </span>
    </p>
   </div>
   <div class='ocr_carea' id='block_1_51' title="bbox 2246 2527 3836 2607">
    <p class='ocr_par' dir='ltr' id='par_1_51' title="bbox 2246 2527 3836 2607">
     <span class='ocr_line' id='line_1_51' title="bbox 2246 2527 3836 2607; baseline 0.013 -31"><span class='ocrx_word' id='word_1_356' title='bbox 2246 2527 2545 2595; x_wconf 82' lang='grc' dir='ltr'>οἰκονομῶν</span> <span class='ocrx_word' id='word_1_357' title='bbox 2574 2529 2632 2580; x_wconf 85' lang='grc' dir='ltr'><strong>τὸ</strong></span> <span class='ocrx_word' id='word_1_358' title='bbox 2666 2530 2807 2583; x_wconf 86' lang='grc' dir='ltr'>κατὰ</span> <span class='ocrx_word' id='word_1_359' title='bbox 2839 2535 3065 2586; x_wconf 74' lang='grc' dir='ltr'>σεαυτὸν</span> <span class='ocrx_word' id='word_1_360' title='bbox 3094 2538 3383 2606; x_wconf 81' lang='grc' dir='ltr'>σωτήριον.</span> <span class='ocrx_word' id='word_1_361' title='bbox 3440 2541 3547 2592; x_wconf 79' lang='grc' dir='ltr'>Καὶ</span> <span class='ocrx_word' id='word_1_362' title='bbox 3606 2543 3711 2607; x_wconf 79' lang='grc' dir='ltr'>ῐδε,</span> <span class='ocrx_word' id='word_1_363' title='bbox 3738 2545 3836 2598; x_wconf 81' lang='grc' dir='ltr'><strong>ἇν-</strong></span> 
     </span>
    </p>
   </div>
   <div class='ocr_carea' id='block_1_52' title="bbox 2246 2614 3833 2704">
    <p class='ocr_par' dir='ltr' id='par_1_52' title="bbox 2246 2614 3833 2704">
     <span class='ocr_line' id='line_1_52' title="bbox 2246 2614 3833 2704; baseline 0.013 -37"><span class='ocrx_word' id='word_1_364' title='bbox 2246 2614 2428 2684; x_wconf 88' lang='grc' dir='ltr'>θρωπε</span> <span class='ocrx_word' id='word_1_365' title='bbox 2455 2618 2646 2687; x_wconf 85' lang='grc' dir='ltr'>ἀγαθὲ,</span> <span class='ocrx_word' id='word_1_366' title='bbox 2676 2621 2759 2674; x_wconf 86' lang='grc' dir='ltr'><strong>δτι</strong></span> <span class='ocrx_word' id='word_1_367' title='bbox 2788 2623 2868 2684; x_wconf 87' lang='grc' dir='ltr'><strong>είς</strong></span> <span class='ocrx_word' id='word_1_368' title='bbox 2897 2624 3060 2677; x_wconf 87' lang='grc' dir='ltr'>καλόν</span> <span class='ocrx_word' id='word_1_369' title='bbox 3095 2644 3176 2678; x_wconf 90' lang='grc' dir='ltr'><strong>σοι</strong></span> <span class='ocrx_word' id='word_1_370' title='bbox 3207 2627 3384 2699; x_wconf 76' lang='grc' dir='ltr'>ἀπέϐη</span> <span class='ocrx_word' id='word_1_371' title='bbox 3415 2630 3481 2681; x_wconf 79' lang='grc' dir='ltr'>τὰ</span> <span class='ocrx_word' id='word_1_372' title='bbox 3500 2631 3620 2685; x_wconf 79' lang='grc' dir='ltr'>θεῖα</span> <span class='ocrx_word' id='word_1_373' title='bbox 3645 2636 3833 2704; x_wconf 78' lang='grc' dir='ltr'>μαθή-</span> 
     </span>
    </p>
   </div>
   <div class='ocr_carea' id='block_1_53' title="bbox 2246 2710 3835 2796">
    <p class='ocr_par' dir='ltr' id='par_1_53' title="bbox 2246 2710 3835 2796">
     <span class='ocr_line' id='line_1_53' title="bbox 2246 2710 3835 2796; baseline 0.014 -39"><span class='ocrx_word' id='word_1_374' title='bbox 2246 2722 2393 2773; x_wconf 86' lang='grc' dir='ltr'>ματα</span> <span class='ocrx_word' id='word_1_375' title='bbox 2418 2710 2484 2777; x_wconf 73' lang='grc' dir='ltr'><strong>σή</strong></span> <span class='ocrx_word' id='word_1_376' title='bbox 2516 2710 2823 2779; x_wconf 76' lang='grc' dir='ltr'>ἀνάγνωσις</span> <span class='ocrx_word' id='word_1_377' title='bbox 2850 2715 2944 2767; x_wconf 72' lang='grc' dir='ltr'><strong>καὶ</strong></span> <span class='ocrx_word' id='word_1_378' title='bbox 2973 2717 3005 2785; x_wconf 81' lang='grc' dir='ltr'>ἡ</span> <span class='ocrx_word' id='word_1_379' title='bbox 3041 2718 3354 2784; x_wconf 73' lang='grc' dir='ltr'>ἐπίγνωσις,</span> <span class='ocrx_word' id='word_1_380' title='bbox 3385 2722 3416 2790; x_wconf 82' lang='grc' dir='ltr'>ὴ</span> <span class='ocrx_word' id='word_1_381' title='bbox 3455 2722 3638 2794; x_wconf 78' lang='grc' dir='ltr'>σχολὴ,</span> <span class='ocrx_word' id='word_1_382' title='bbox 3667 2727 3766 2778; x_wconf 79' lang='grc' dir='ltr'><strong>καὶ</strong></span> <span class='ocrx_word' id='word_1_383' title='bbox 3802 2730 3835 2796; x_wconf 72' lang='grc' dir='ltr'>ἡ</span> 
     </span>
    </p>
   </div>
   <div class='ocr_carea' id='block_1_54' title="bbox 2242 2799 3842 2882">
    <p class='ocr_par' dir='ltr' id='par_1_54' title="bbox 2242 2799 3842 2882">
     <span class='ocr_line' id='line_1_54' title="bbox 2242 2799 3842 2882; baseline 0.013 -33"><span class='ocrx_word' id='word_1_384' title='bbox 2242 2799 2482 2870; x_wconf 77' lang='grc' dir='ltr'>ἐντριϐὴ,</span> <span class='ocrx_word' id='word_1_385' title='bbox 2513 2803 2546 2872; x_wconf 82' lang='grc' dir='ltr'>ἡ</span> <span class='ocrx_word' id='word_1_386' title='bbox 2575 2802 2812 2870; x_wconf 77' lang='grc' dir='ltr'>ἔντευξις</span> <span class='ocrx_word' id='word_1_387' title='bbox 2833 2807 2925 2858; x_wconf 82' lang='grc' dir='ltr'><strong>καὶ</strong></span> <span class='ocrx_word' id='word_1_388' title='bbox 2949 2809 2980 2877; x_wconf 85' lang='grc' dir='ltr'><strong>ή</strong></span> <span class='ocrx_word' id='word_1_389' title='bbox 3012 2809 3308 2877; x_wconf 76' lang='grc' dir='ltr'>προσευχὴ,</span> <span class='ocrx_word' id='word_1_390' title='bbox 3338 2813 3369 2880; x_wconf 90' lang='grc' dir='ltr'>ή</span> <span class='ocrx_word' id='word_1_391' title='bbox 3400 2813 3596 2882; x_wconf 81' lang='grc' dir='ltr'>κτῆσις</span> <span class='ocrx_word' id='word_1_392' title='bbox 3623 2817 3736 2869; x_wconf 87' lang='grc' dir='ltr'><strong>τῶν</strong></span> <span class='ocrx_word' id='word_1_393' title='bbox 3759 2807 3842 2870; x_wconf 53' lang='lat' dir='ltr'><strong>te:</strong></span> 
     </span>
    </p>
   </div>
   <div class='ocr_carea' id='block_1_55' title="bbox 2241 2891 3837 2973">
    <p class='ocr_par' dir='ltr' id='par_1_55' title="bbox 2241 2891 3837 2973">
     <span class='ocr_line' id='line_1_55' title="bbox 2241 2891 3837 2973; baseline 0.012 -31"><span class='ocrx_word' id='word_1_394' title='bbox 2241 2891 2351 2959; x_wconf 91' lang='grc' dir='ltr'><strong>ρῶν</strong></span> <span class='ocrx_word' id='word_1_395' title='bbox 2367 2891 2540 2959; x_wconf 87' lang='grc' dir='ltr'>λόγων</span> <span class='ocrx_word' id='word_1_396' title='bbox 2568 2911 2626 2947; x_wconf 88' lang='grc' dir='ltr'><strong>τε</strong></span> <span class='ocrx_word' id='word_1_397' title='bbox 2655 2897 2746 2949; x_wconf 77' lang='grc' dir='ltr'><strong>καὶ</strong></span> <span class='ocrx_word' id='word_1_398' title='bbox 2775 2897 2970 2951; x_wconf 82' lang='grc' dir='ltr'>δέλτων</span> <span class='ocrx_word' id='word_1_399' title='bbox 3001 2914 3015 2926; x_wconf 75' lang='grc' dir='ltr'><strong>ο</strong></span> <span class='ocrx_word' id='word_1_400' title='bbox 3046 2900 3122 2961; x_wconf 87' lang='grc' dir='ltr'>ὼς</span> <span class='ocrx_word' id='word_1_401' title='bbox 3147 2900 3400 2965; x_wconf 75' lang='grc' dir='ltr'>πλούσιος</span> <span class='ocrx_word' id='word_1_402' title='bbox 3437 2905 3499 2956; x_wconf 87' lang='grc' dir='ltr'><strong>σὺ</strong></span> <span class='ocrx_word' id='word_1_403' title='bbox 3525 2907 3688 2973; x_wconf 80' lang='grc' dir='ltr'>ἄγαν,</span> <span class='ocrx_word' id='word_1_404' title='bbox 3725 2911 3837 2963; x_wconf 75' lang='grc' dir='ltr'>κᾶν</span> 
     </span>
    </p>
   </div>
   <div class='ocr_carea' id='block_1_56' title="bbox 2238 2982 3836 3070">
    <p class='ocr_par' dir='ltr' id='par_1_56' title="bbox 2238 2982 3836 3070">
     <span class='ocr_line' id='line_1_56' title="bbox 2238 2982 3836 3070; baseline 0.013 -38"><span class='ocrx_word' id='word_1_405' title='bbox 2238 2983 2316 3043; x_wconf 84' lang='grc' dir='ltr'><strong>είς</strong></span> <span class='ocrx_word' id='word_1_406' title='bbox 2339 2982 2490 3050; x_wconf 83' lang='grc' dir='ltr'>ὀλίγα</span> <span class='ocrx_word' id='word_1_407' title='bbox 2515 3003 2595 3037; x_wconf 90' lang='grc' dir='ltr'><strong>σοι</strong></span> <span class='ocrx_word' id='word_1_408' title='bbox 2617 2988 2859 3056; x_wconf 86' lang='grc' dir='ltr'>περίεστι</span> <span class='ocrx_word' id='word_1_409' title='bbox 2887 2989 2955 3041; x_wconf 79' lang='grc' dir='ltr'>τὰ</span> <span class='ocrx_word' id='word_1_410' title='bbox 2987 2990 3084 3058; x_wconf 77' lang='grc' dir='ltr'><strong>τῆς</strong></span> <span class='ocrx_word' id='word_1_411' title='bbox 3113 2990 3260 3059; x_wconf 80' lang='grc' dir='ltr'>ζωῆς</span> <span class='ocrx_word' id='word_1_412' title='bbox 3280 2993 3486 3060; x_wconf 73' lang='grc' dir='ltr'>ἐφόδιαο</span> <span class='ocrx_word' id='word_1_413' title='bbox 3509 2996 3586 3060; x_wconf 84' lang='grc' dir='ltr'>ὡς</span> <span class='ocrx_word' id='word_1_414' title='bbox 3604 2999 3836 3070; x_wconf 81' lang='grc' dir='ltr'>εὐώπης</span> 
     </span>
    </p>
   </div>
   <div class='ocr_carea' id='block_1_57' title="bbox 2237 3073 3831 3160">
    <p class='ocr_par' dir='ltr' id='par_1_57' title="bbox 2237 3073 3831 3160">
     <span class='ocr_line' id='line_1_57' title="bbox 2237 3073 3831 3160; baseline 0.014 -38"><span class='ocrx_word' id='word_1_415' title='bbox 2237 3073 2330 3122; x_wconf 72' lang='grc' dir='ltr'><strong>καὶ</strong></span> <span class='ocrx_word' id='word_1_416' title='bbox 2347 3075 2797 3147; x_wconf 76' lang='grc' dir='ltr'>καλλιϐλέφαρος,</span> <span class='ocrx_word' id='word_1_417' title='bbox 2825 3079 2926 3132; x_wconf 88' lang='grc' dir='ltr'><strong>κᾶν</strong></span> <span class='ocrx_word' id='word_1_418' title='bbox 2951 3079 3048 3151; x_wconf 77' lang='grc' dir='ltr'><strong>τὴν</strong></span> <span class='ocrx_word' id='word_1_419' title='bbox 3069 3081 3194 3150; x_wconf 74' lang='grc' dir='ltr'>ὄψιν</span> <span class='ocrx_word' id='word_1_420' title='bbox 3216 3083 3402 3157; x_wconf 82' lang='grc' dir='ltr'>ἀδικίᾳ</span> <span class='ocrx_word' id='word_1_421' title='bbox 3421 3086 3831 3160; x_wconf 70' lang='grc' dir='ltr'>ἀπεστέρησαν</span> 
     </span>
    </p>
   </div>
   <div class='ocr_carea' id='block_1_58' title="bbox 557 3153 2130 3251">
    <p class='ocr_par' dir='ltr' id='par_1_58' title="bbox 557 3153 2130 3222">
     <span class='ocr_line' id='line_1_58' title="bbox 557 3153 2130 3222; baseline 0.003 -16"><span class='ocrx_word' id='word_1_422' title='bbox 557 3168 674 3207; x_wconf 89' lang='lat' dir='ltr'><strong>ram</strong></span> <span class='ocrx_word' id='word_1_423' title='bbox 685 3154 1032 3222; x_wconf 81' lang='lat' dir='ltr'><strong>etingloriam</strong></span> <span class='ocrx_word' id='word_1_424' title='bbox 1052 3156 1214 3208; x_wconf 87' lang='lat' dir='ltr'><strong>vitam</strong></span> <span class='ocrx_word' id='word_1_425' title='bbox 1233 3158 1464 3209; x_wconf 90' lang='lat' dir='ltr'><strong>tolerare</strong></span> <span class='ocrx_word' id='word_1_426' title='bbox 1477 3156 1823 3210; x_wconf 81' lang='lat' dir='ltr'><strong>existimeris.</strong></span> <span class='ocrx_word' id='word_1_427' title='bbox 1845 3153 2130 3211; x_wconf 86' lang='lat' dir='ltr'><strong>Enimvero</strong></span> 
     </span>
    </p>
   </div>
   <div class='ocr_carea' id='block_1_59' title="bbox 2239 3153 3836 3251">
    <p class='ocr_par' dir='ltr' id='par_1_59' title="bbox 2239 3153 3836 3251">
     <span class='ocr_line' id='line_1_59' title="bbox 2239 3153 3836 3251; baseline 0.014 -38"><span class='ocrx_word' id='word_1_428' title='bbox 2239 3161 2310 3222; x_wconf 78' lang='grc' dir='ltr'>ὼς</span> <span class='ocrx_word' id='word_1_429' title='bbox 2332 3167 2636 3236; x_wconf 80' lang='grc' dir='ltr'>περιφανὴς</span> <span class='ocrx_word' id='word_1_430' title='bbox 2665 3168 2785 3221; x_wconf 83' lang='grc' dir='ltr'>λίαν</span> <span class='ocrx_word' id='word_1_431' title='bbox 2802 3170 2895 3222; x_wconf 75' lang='grc' dir='ltr'><strong>καὶ</strong></span> <span class='ocrx_word' id='word_1_432' title='bbox 2913 3171 3214 3241; x_wconf 74' lang='grc' dir='ltr'>περίδοξος,</span> <span class='ocrx_word' id='word_1_433' title='bbox 3242 3175 3346 3229; x_wconf 74' lang='grc' dir='ltr'>κᾶν</span> <span class='ocrx_word' id='word_1_434' title='bbox 3372 3153 3474 3247; x_wconf 78' lang='grc' dir='ltr'><strong>τὴν</strong></span> <span class='ocrx_word' id='word_1_435' title='bbox 3501 3153 3703 3251; x_wconf 77' lang='grc' dir='ltr'>ἄτιμον</span> <span class='ocrx_word' id='word_1_436' title='bbox 3735 3188 3836 3238; x_wconf 74' lang='grc' dir='ltr'><strong>καὶ</strong></span> 
     </span>
    </p>
   </div>
   <div class='ocr_carea' id='block_1_60' title="bbox 558 3245 2135 3314">
    <p class='ocr_par' dir='ltr' id='par_1_60' title="bbox 558 3245 2135 3314">
     <span class='ocr_line' id='line_1_60' title="bbox 558 3245 2135 3314; baseline 0.004 -19"><span class='ocrx_word' id='word_1_437' title='bbox 558 3247 671 3298; x_wconf 66' lang='lat' dir='ltr'><strong>tunc</strong></span> <span class='ocrx_word' id='word_1_438' title='bbox 695 3245 839 3298; x_wconf 91' lang='lat' dir='ltr'><strong>haud</strong></span> <span class='ocrx_word' id='word_1_439' title='bbox 864 3246 1028 3300; x_wconf 86' lang='lat' dir='ltr'><strong>dubie</strong></span> <span class='ocrx_word' id='word_1_440' title='bbox 1053 3247 1302 3314; x_wconf 81' lang='lat' dir='ltr'><strong>probatio</strong></span> <span class='ocrx_word' id='word_1_441' title='bbox 1334 3255 1417 3300; x_wconf 89' lang='lat' dir='ltr'><strong>est</strong></span> <span class='ocrx_word' id='word_1_442' title='bbox 1447 3246 1989 3314; x_wconf 83' lang='lat' dir='ltr'><strong>experimentnmque</strong></span> <span class='ocrx_word' id='word_1_443' title='bbox 2025 3250 2135 3302; x_wconf 89' lang='lat' dir='ltr'><strong>vir-</strong></span> 
     </span>
    </p>
   </div>
   <div class='ocr_carea' id='block_1_61' title="bbox 555 3337 2138 3406">
    <p class='ocr_par' dir='ltr' id='par_1_61' title="bbox 555 3337 2138 3406">
     <span class='ocr_line' id='line_1_61' title="bbox 555 3337 2138 3406; baseline 0.004 -19"><span class='ocrx_word' id='word_1_444' title='bbox 555 3337 711 3399; x_wconf 87' lang='lat' dir='ltr'><strong>tutis,</strong></span> <span class='ocrx_word' id='word_1_445' title='bbox 738 3345 797 3390; x_wconf 89' lang='lat' dir='ltr'><strong>ut</strong></span> <span class='ocrx_word' id='word_1_446' title='bbox 830 3339 972 3390; x_wconf 90' lang='lat' dir='ltr'><strong>unde</strong></span> <span class='ocrx_word' id='word_1_447' title='bbox 1019 3353 1118 3391; x_wconf 91' lang='lat' dir='ltr'><strong>nos</strong></span> <span class='ocrx_word' id='word_1_448' title='bbox 1143 3337 1431 3392; x_wconf 88' lang='lat' dir='ltr'><strong>derelictos</strong></span> <span class='ocrx_word' id='word_1_449' title='bbox 1459 3345 1738 3406; x_wconf 83' lang='lat' dir='ltr'><strong>putamus,</strong></span> <span class='ocrx_word' id='word_1_450' title='bbox 1769 3338 1892 3393; x_wconf 89' lang='lat' dir='ltr'><strong>inde</strong></span> <span class='ocrx_word' id='word_1_451' title='bbox 1916 3354 2016 3392; x_wconf 92' lang='lat' dir='ltr'><strong>nos</strong></span> <span class='ocrx_word' id='word_1_452' title='bbox 2046 3340 2138 3394; x_wconf 87' lang='lat' dir='ltr'><strong>be—</strong></span> 
     </span>
    </p>
   </div>
   <div class='ocr_carea' id='block_1_62' title="bbox 555 3427 2138 3502">
    <p class='ocr_par' dir='ltr' id='par_1_62' title="bbox 555 3427 2138 3502">
     <span class='ocr_line' id='line_1_62' title="bbox 555 3427 2138 3502; baseline 0.004 -22"><span class='ocrx_word' id='word_1_453' title='bbox 555 3427 752 3482; x_wconf 81' lang='lat' dir='ltr'><strong>neﬁcio</strong></span> <span class='ocrx_word' id='word_1_454' title='bbox 812 3427 1043 3483; x_wconf 71' lang='lat' dir='ltr'><strong>affectos</strong></span> <span class='ocrx_word' id='word_1_455' title='bbox 1063 3445 1092 3482; x_wconf 90' lang='lat' dir='ltr'><strong>a</strong></span> <span class='ocrx_word' id='word_1_456' title='bbox 1121 3429 1264 3483; x_wconf 92' lang='lat' dir='ltr'><strong>bono</strong></span> <span class='ocrx_word' id='word_1_457' title='bbox 1315 3428 1426 3483; x_wconf 91' lang='lat' dir='ltr'><strong>Deo</strong></span> <span class='ocrx_word' id='word_1_458' title='bbox 1453 3431 1850 3498; x_wconf 83' lang='lat' dir='ltr'><strong>comperiamus</strong></span> <span class='ocrx_word' id='word_1_459' title='bbox 1881 3447 1895 3485; x_wconf 92' lang='lat'><strong>:</strong></span> <span class='ocrx_word' id='word_1_460' title='bbox 1931 3433 2019 3502; x_wconf 90' lang='lat' dir='ltr'><strong>qui</strong></span> <span class='ocrx_word' id='word_1_461' title='bbox 2042 3448 2138 3502; x_wconf 89' lang='lat' dir='ltr'><strong>per</strong></span> 
     </span>
    </p>
   </div>
   <div class='ocr_carea' id='block_1_63' title="bbox 554 3519 2137 3592">
    <p class='ocr_par' dir='ltr' id='par_1_63' title="bbox 554 3519 2137 3592">
     <span class='ocr_line' id='line_1_63' title="bbox 554 3519 2137 3592; baseline 0.004 -22"><span class='ocrx_word' id='word_1_462' title='bbox 554 3533 812 3586; x_wconf 80' lang='lat' dir='ltr'><strong>prospera</strong></span> <span class='ocrx_word' id='word_1_463' title='bbox 831 3528 885 3572; x_wconf 93' lang='lat' dir='ltr'><strong>et</strong></span> <span class='ocrx_word' id='word_1_464' title='bbox 910 3519 1159 3582; x_wconf 86' lang='lat' dir='ltr'><strong>adversa,</strong></span> <span class='ocrx_word' id='word_1_465' title='bbox 1178 3535 1268 3587; x_wconf 85' lang='lat' dir='ltr'><strong>per</strong></span> <span class='ocrx_word' id='word_1_466' title='bbox 1288 3519 1512 3589; x_wconf 83' lang='lat' dir='ltr'><strong>gloriam</strong></span> <span class='ocrx_word' id='word_1_467' title='bbox 1543 3530 1591 3573; x_wconf 84' lang='lat' dir='ltr'><strong>et</strong></span> <span class='ocrx_word' id='word_1_468' title='bbox 1616 3523 2017 3589; x_wconf 72' lang='lat' dir='ltr'><strong>ignobilitatem,</strong></span> <span class='ocrx_word' id='word_1_469' title='bbox 2047 3541 2137 3592; x_wconf 89' lang='lat' dir='ltr'><strong>per</strong></span> 
     </span>
    </p>
   </div>
   <div class='ocr_carea' id='block_1_64' title="bbox 555 3608 2133 3683">
    <p class='ocr_par' dir='ltr' id='par_1_64' title="bbox 555 3608 2133 3683">
     <span class='ocr_line' id='line_1_64' title="bbox 555 3608 2133 3683; baseline 0.005 -22"><span class='ocrx_word' id='word_1_470' title='bbox 555 3608 837 3677; x_wconf 80' lang='lat' dir='ltr'><strong>infamiam</strong></span> <span class='ocrx_word' id='word_1_471' title='bbox 865 3619 912 3668; x_wconf 79' lang='lat' dir='ltr'><strong>et</strong></span> <span class='ocrx_word' id='word_1_472' title='bbox 947 3609 1139 3662; x_wconf 84' lang='lat' dir='ltr'><strong>bonum</strong></span> <span class='ocrx_word' id='word_1_473' title='bbox 1173 3613 1372 3680; x_wconf 77' lang='lat' dir='ltr'><strong>famam</strong></span> <span class='ocrx_word' id='word_1_474' title='bbox 1404 3613 1470 3674; x_wconf 69' lang='grc' dir='ltr'>θ’,</span> <span class='ocrx_word' id='word_1_475' title='bbox 1513 3622 1565 3666; x_wconf 89' lang='lat' dir='ltr'><strong>et</strong></span> <span class='ocrx_word' id='word_1_476' title='bbox 1609 3624 1874 3683; x_wconf 85' lang='lat' dir='ltr'><strong>quotquot</strong></span> <span class='ocrx_word' id='word_1_477' title='bbox 1906 3616 2006 3668; x_wconf 85' lang='lat' dir='ltr'><strong>alia</strong></span> <span class='ocrx_word' id='word_1_478' title='bbox 2032 3631 2133 3669; x_wconf 78' lang='lat' dir='ltr'><strong>vox</strong></span> 
     </span>
    </p>
   </div>
   <div class='ocr_carea' id='block_1_65' title="bbox 555 3701 2135 3769">
    <p class='ocr_par' dir='ltr' id='par_1_65' title="bbox 555 3701 2135 3769">
     <span class='ocr_line' id='line_1_65' title="bbox 555 3701 2135 3769; baseline 0.006 -18"><span class='ocrx_word' id='word_1_479' title='bbox 555 3701 849 3769; x_wconf 78' lang='lat' dir='ltr'><strong>apostolica</strong></span> <span class='ocrx_word' id='word_1_480' title='bbox 889 3702 1160 3766; x_wconf 81' lang='lat' dir='ltr'><strong>distinxit,</strong></span> <span class='ocrx_word' id='word_1_481' title='bbox 1211 3705 1374 3757; x_wconf 85' lang='lat' dir='ltr'><strong>vitam</strong></span> <span class='ocrx_word' id='word_1_482' title='bbox 1425 3716 1668 3760; x_wconf 87' lang='lat' dir='ltr'><strong>nostram</strong></span> <span class='ocrx_word' id='word_1_483' title='bbox 1736 3707 1886 3759; x_wconf 90' lang='lat' dir='ltr'><strong>novit</strong></span> <span class='ocrx_word' id='word_1_484' title='bbox 1930 3708 2135 3762; x_wconf 90' lang='lat' dir='ltr'><strong>utiliter</strong></span> 
     </span>
    </p>
   </div>
   <div class='ocr_carea' id='block_1_66' title="bbox 552 3792 898 3862">
    <p class='ocr_par' dir='ltr' id='par_1_66' title="bbox 552 3792 898 3862">
     <span class='ocr_line' id='line_1_66' title="bbox 552 3792 898 3862; baseline 0.006 -18"><span class='ocrx_word' id='word_1_485' title='bbox 552 3792 898 3862; x_wconf 83' lang='lat' dir='ltr'><strong>dispensare.</strong></span> 
     </span>
    </p>
   </div>
   <div class='ocr_carea' id='block_1_67' title="bbox 623 3967 2130 4044">
    <p class='ocr_par' dir='ltr' id='par_1_67' title="bbox 623 3967 2130 4044">
     <span class='ocr_line' id='line_1_67' title="bbox 623 3967 2130 4044; baseline 0.004 -22"><span class='ocrx_word' id='word_1_486' title='bbox 623 3967 802 4038; x_wconf 81' lang='lat' dir='ltr'><strong>Atque</strong></span> <span class='ocrx_word' id='word_1_487' title='bbox 832 3969 937 4024; x_wconf 91' lang='lat' dir='ltr'><strong>hoc</strong></span> <span class='ocrx_word' id='word_1_488' title='bbox 986 3978 1141 4024; x_wconf 88' lang='lat' dir='ltr'><strong>vetus</strong></span> <span class='ocrx_word' id='word_1_489' title='bbox 1190 3980 1272 4025; x_wconf 88' lang='lat' dir='ltr'><strong>est</strong></span> <span class='ocrx_word' id='word_1_490' title='bbox 1318 3972 1618 4036; x_wconf 83' lang='lat' dir='ltr'><strong>decretum,</strong></span> <span class='ocrx_word' id='word_1_491' title='bbox 1669 3981 1723 4027; x_wconf 84' lang='lat' dir='ltr'><strong>et</strong></span> <span class='ocrx_word' id='word_1_492' title='bbox 1746 3975 1989 4028; x_wconf 90' lang='lat' dir='ltr'><strong>omnium</strong></span> <span class='ocrx_word' id='word_1_493' title='bbox 2038 3978 2130 4044; x_wconf 83' lang='lat' dir='ltr'><strong>qui</strong></span> 
     </span>
    </p>
   </div>
   <div class='ocr_carea' id='block_1_68' title="bbox 553 4057 2127 4129">
    <p class='ocr_par' dir='ltr' id='par_1_68' title="bbox 553 4057 2127 4129">
     <span class='ocr_line' id='line_1_68' title="bbox 553 4057 2127 4129; baseline 0.003 -16"><span class='ocrx_word' id='word_1_494' title='bbox 553 4059 758 4128; x_wconf 85' lang='lat' dir='ltr'><strong>accepti</strong></span> <span class='ocrx_word' id='word_1_495' title='bbox 787 4057 896 4112; x_wconf 90' lang='lat' dir='ltr'><strong>Deo</strong></span> <span class='ocrx_word' id='word_1_496' title='bbox 921 4068 1049 4112; x_wconf 82' lang='lat' dir='ltr'><strong>sunt</strong></span> <span class='ocrx_word' id='word_1_497' title='bbox 1077 4060 1199 4114; x_wconf 68' lang='lat' dir='ltr'><strong>vita:</strong></span> <span class='ocrx_word' id='word_1_498' title='bbox 1231 4062 1496 4129; x_wconf 87' lang='lat' dir='ltr'><strong>probatio.</strong></span> <span class='ocrx_word' id='word_1_499' title='bbox 1521 4061 1687 4114; x_wconf 86' lang='lat' dir='ltr'><strong>Sume</strong></span> <span class='ocrx_word' id='word_1_500' title='bbox 1713 4063 1845 4115; x_wconf 88' lang='lat' dir='ltr'><strong>mihi</strong></span> <span class='ocrx_word' id='word_1_501' title='bbox 1877 4065 2008 4117; x_wconf 82' lang='lat' dir='ltr'><strong>Abel</strong></span> <span class='ocrx_word' id='word_1_502' title='bbox 2035 4065 2127 4119; x_wconf 89' lang='lat' dir='ltr'><strong>Dei</strong></span> 
     </span>
    </p>
   </div>
   <div class='ocr_carea' id='block_1_69' title="bbox 553 4149 2128 4218">
    <p class='ocr_par' dir='ltr' id='par_1_69' title="bbox 553 4149 2128 4218">
     <span class='ocr_line' id='line_1_69' title="bbox 553 4149 2128 4218; baseline 0.002 -15"><span class='ocrx_word' id='word_1_503' title='bbox 553 4150 864 4203; x_wconf 82' lang='lat' dir='ltr'><strong>testimonio</strong></span> <span class='ocrx_word' id='word_1_504' title='bbox 894 4149 1143 4218; x_wconf 85' lang='lat' dir='ltr'><strong>justum:</strong></span> <span class='ocrx_word' id='word_1_505' title='bbox 1189 4166 1371 4205; x_wconf 90' lang='lat' dir='ltr'><strong>annon</strong></span> <span class='ocrx_word' id='word_1_506' title='bbox 1438 4154 1690 4205; x_wconf 74' lang='lat' dir='ltr'><strong>fraternae</strong></span> <span class='ocrx_word' id='word_1_507' title='bbox 1730 4168 1925 4207; x_wconf 91' lang='lat' dir='ltr'><strong>manus</strong></span> <span class='ocrx_word' id='word_1_508' title='bbox 1988 4155 2128 4208; x_wconf 90' lang='lat' dir='ltr'><strong>ludi-</strong></span> 
     </span>
    </p>
   </div>
   <div class='ocr_carea' id='block_1_70' title="bbox 554 4239 2128 4312">
    <p class='ocr_par' dir='ltr' id='par_1_70' title="bbox 554 4239 2128 4312">
     <span class='ocr_line' id='line_1_70' title="bbox 554 4239 2128 4312; baseline 0.004 -20"><span class='ocrx_word' id='word_1_509' title='bbox 554 4239 732 4293; x_wconf 86' lang='lat' dir='ltr'><strong>brium</strong></span> <span class='ocrx_word' id='word_1_510' title='bbox 766 4240 981 4294; x_wconf 77' lang='lat' dir='ltr'><strong>fuit“?</strong></span> <span class='ocrx_word' id='word_1_511' title='bbox 1035 4240 1220 4296; x_wconf 87' lang='lat' dir='ltr'><strong>Enoch</strong></span> <span class='ocrx_word' id='word_1_512' title='bbox 1259 4243 1407 4296; x_wconf 91' lang='lat' dir='ltr'><strong>illum</strong></span> <span class='ocrx_word' id='word_1_513' title='bbox 1434 4242 1655 4312; x_wconf 88' lang='lat' dir='ltr'><strong>quiDeo</strong></span> <span class='ocrx_word' id='word_1_514' title='bbox 1676 4244 1910 4312; x_wconf 84' lang='lat' dir='ltr'><strong>placuit:</strong></span> <span class='ocrx_word' id='word_1_515' title='bbox 1947 4260 2128 4298; x_wconf 90' lang='lat' dir='ltr'><strong>annon</strong></span> 
     </span>
    </p>
   </div>
   <div class='ocr_carea' id='block_1_71' title="bbox 553 4332 2126 4407">
    <p class='ocr_par' dir='ltr' id='par_1_71' title="bbox 553 4332 2126 4407">
     <span class='ocr_line' id='line_1_71' title="bbox 553 4332 2126 4407; baseline 0.005 -23"><span class='ocrx_word' id='word_1_516' title='bbox 553 4338 778 4400; x_wconf 84' lang='lat' dir='ltr'><strong>propter</strong></span> <span class='ocrx_word' id='word_1_517' title='bbox 837 4332 984 4386; x_wconf 87' lang='lat' dir='ltr'><strong>illius</strong></span> <span class='ocrx_word' id='word_1_518' title='bbox 1013 4335 1274 4402; x_wconf 89' lang='lat' dir='ltr'><strong>temporis</strong></span> <span class='ocrx_word' id='word_1_519' title='bbox 1334 4345 1712 4403; x_wconf 86' lang='lat' dir='ltr'><strong>corruptores,</strong></span> <span class='ocrx_word' id='word_1_520' title='bbox 1752 4336 1843 4405; x_wconf 91' lang='lat' dir='ltr'><strong>qui</strong></span> <span class='ocrx_word' id='word_1_521' title='bbox 1875 4339 2126 4407; x_wconf 90' lang='lat' dir='ltr'><strong>etipsum</strong></span> 
     </span>
    </p>
   </div>
   <div class='ocr_carea' id='block_1_72' title="bbox 500 4407 2124 4497">
    <p class='ocr_par' dir='ltr' id='par_1_72' title="bbox 500 4407 2124 4497">
     <span class='ocr_line' id='line_1_72' title="bbox 500 4407 2124 4497; baseline 0.005 -22"><span class='ocrx_word' id='word_1_522' title='bbox 500 4407 510 4416; x_wconf 73' lang='grc'><strong>’</strong></span> <span class='ocrx_word' id='word_1_523' title='bbox 553 4437 904 4492; x_wconf 87' lang='lat' dir='ltr'><strong>corrumpere</strong></span> <span class='ocrx_word' id='word_1_524' title='bbox 927 4425 1265 4487; x_wconf 81' lang='lat' dir='ltr'><strong>nitebantur,</strong></span> <span class='ocrx_word' id='word_1_525' title='bbox 1300 4425 1443 4479; x_wconf 90' lang='lat' dir='ltr'><strong>Deus</strong></span> <span class='ocrx_word' id='word_1_526' title='bbox 1470 4427 1616 4478; x_wconf 93' lang='lat' dir='ltr'><strong>illum</strong></span> <span class='ocrx_word' id='word_1_527' title='bbox 1637 4428 1701 4480; x_wconf 89' lang='lat' dir='ltr'><strong>de</strong></span> <span class='ocrx_word' id='word_1_528' title='bbox 1729 4429 1906 4482; x_wconf 81' lang='lat' dir='ltr'><strong>medio</strong></span> <span class='ocrx_word' id='word_1_529' title='bbox 1927 4432 2124 4497; x_wconf 91' lang='lat' dir='ltr'><strong>rapuit,</strong></span> 
     </span>
    </p>
   </div>
   <div class='ocr_carea' id='block_1_73' title="bbox 552 4515 2120 4582">
    <p class='ocr_par' dir='ltr' id='par_1_73' title="bbox 552 4515 2120 4582">
     <span class='ocr_line' id='line_1_73' title="bbox 552 4515 2120 4582; baseline 0.006 -18"><span class='ocrx_word' id='word_1_530' title='bbox 552 4521 718 4582; x_wconf 87' lang='lat' dir='ltr'><strong>atque</strong></span> <span class='ocrx_word' id='word_1_531' title='bbox 756 4515 808 4566; x_wconf 91' lang='lat' dir='ltr'><strong>in</strong></span> <span class='ocrx_word' id='word_1_532' title='bbox 843 4515 1028 4580; x_wconf 81' lang='lat' dir='ltr'><strong>ignota</strong></span> <span class='ocrx_word' id='word_1_533' title='bbox 1083 4516 1198 4568; x_wconf 89' lang='lat' dir='ltr'><strong>loca</strong></span> <span class='ocrx_word' id='word_1_534' title='bbox 1230 4518 1528 4578; x_wconf 88' lang='lat' dir='ltr'><strong>transtulit,</strong></span> <span class='ocrx_word' id='word_1_535' title='bbox 1583 4518 1670 4569; x_wconf 87' lang='lat' dir='ltr'><strong>ubi</strong></span> <span class='ocrx_word' id='word_1_536' title='bbox 1704 4517 1770 4570; x_wconf 92' lang='lat' dir='ltr'><strong>ad</strong></span> <span class='ocrx_word' id='word_1_537' title='bbox 1816 4521 1954 4573; x_wconf 88' lang='lat' dir='ltr'><strong>hanc</strong></span> <span class='ocrx_word' id='word_1_538' title='bbox 1980 4523 2120 4574; x_wconf 89' lang='lat' dir='ltr'><strong>diem</strong></span> 
     </span>
    </p>
   </div>
   <div class='ocr_carea' id='block_1_74' title="bbox 551 4608 2127 4676">
    <p class='ocr_par' dir='ltr' id='par_1_74' title="bbox 551 4608 2127 4676">
     <span class='ocr_line' id='line_1_74' title="bbox 551 4608 2127 4676; baseline 0.007 -20"><span class='ocrx_word' id='word_1_539' title='bbox 551 4615 856 4675; x_wconf 84' lang='lat' dir='ltr'><strong>permanet,</strong></span> <span class='ocrx_word' id='word_1_540' title='bbox 899 4608 1241 4676; x_wconf 61' lang='lat' dir='ltr'><strong>praenuntius</strong></span> <span class='ocrx_word' id='word_1_541' title='bbox 1269 4609 1493 4661; x_wconf 88' lang='lat' dir='ltr'><strong>secundi</strong></span> <span class='ocrx_word' id='word_1_542' title='bbox 1515 4609 1781 4663; x_wconf 87' lang='lat' dir='ltr'><strong>adventus</strong></span> <span class='ocrx_word' id='word_1_543' title='bbox 1799 4610 2002 4666; x_wconf 89' lang='lat' dir='ltr'><strong>Christi</strong></span> <span class='ocrx_word' id='word_1_544' title='bbox 2040 4613 2127 4666; x_wconf 90' lang='lat' dir='ltr'><strong>fu-</strong></span> 
     </span>
    </p>
   </div>
   <div class='ocr_carea' id='block_1_75' title="bbox 555 4697 2128 4768">
    <p class='ocr_par' dir='ltr' id='par_1_75' title="bbox 555 4697 2128 4768">
     <span class='ocr_line' id='line_1_75' title="bbox 555 4697 2128 4768; baseline 0.006 -20"><span class='ocrx_word' id='word_1_545' title='bbox 555 4697 757 4751; x_wconf 79' lang='lat' dir='ltr'><strong>turus?</strong></span> <span class='ocrx_word' id='word_1_546' title='bbox 783 4697 1030 4768; x_wconf 73' lang='lat' dir='ltr'><strong>Agnosco</strong></span> <span class='ocrx_word' id='word_1_547' title='bbox 1068 4700 1345 4753; x_wconf 85' lang='lat' dir='ltr'><strong>Abraham</strong></span> <span class='ocrx_word' id='word_1_548' title='bbox 1377 4700 1566 4754; x_wconf 89' lang='lat' dir='ltr'><strong>multis</strong></span> <span class='ocrx_word' id='word_1_549' title='bbox 1595 4701 1774 4756; x_wconf 89' lang='lat' dir='ltr'><strong>modis</strong></span> <span class='ocrx_word' id='word_1_550' title='bbox 1804 4711 2067 4757; x_wconf 89' lang='lat' dir='ltr'><strong>tentatum</strong></span> <span class='ocrx_word' id='word_1_551' title='bbox 2099 4721 2128 4758; x_wconf 89' lang='lat' dir='ltr'><strong>a</strong></span> 
     </span>
    </p>
   </div>
   <div class='ocr_carea' id='block_1_76' title="bbox 554 4787 2126 4858">
    <p class='ocr_par' dir='ltr' id='par_1_76' title="bbox 554 4787 2126 4858">
     <span class='ocr_line' id='line_1_76' title="bbox 554 4787 2126 4858; baseline 0.005 -18"><span class='ocrx_word' id='word_1_552' title='bbox 554 4787 665 4841; x_wconf 82' lang='lat' dir='ltr'><strong>Deo</strong></span> <span class='ocrx_word' id='word_1_553' title='bbox 698 4804 712 4840; x_wconf 91' lang='lat'><strong>:</strong></span> <span class='ocrx_word' id='word_1_554' title='bbox 741 4789 896 4857; x_wconf 85' lang='lat' dir='ltr'><strong>cujus</strong></span> <span class='ocrx_word' id='word_1_555' title='bbox 919 4790 1161 4858; x_wconf 77' lang='lat' dir='ltr'><strong>probatio</strong></span> <span class='ocrx_word' id='word_1_556' title='bbox 1187 4793 1310 4857; x_wconf 78' lang='lat' dir='ltr'><strong>ﬁdei</strong></span> <span class='ocrx_word' id='word_1_557' title='bbox 1360 4792 1524 4844; x_wconf 80' lang='lat' dir='ltr'><strong>multo</strong></span> <span class='ocrx_word' id='word_1_558' title='bbox 1565 4794 1843 4858; x_wconf 77' lang='lat' dir='ltr'><strong>pretiosior</strong></span> <span class='ocrx_word' id='word_1_559' title='bbox 1898 4811 2028 4847; x_wconf 85' lang='lat' dir='ltr'><strong>auro</strong></span> <span class='ocrx_word' id='word_1_560' title='bbox 2058 4797 2126 4848; x_wconf 76' lang='grc' dir='ltr'><strong>θ’.</strong></span> 
     </span>
    </p>
   </div>
   <div class='ocr_carea' id='block_1_77' title="bbox 2240 3252 3838 3339">
    <p class='ocr_par' dir='ltr' id='par_1_77' title="bbox 2240 3252 3838 3339">
     <span class='ocr_line' id='line_1_77' title="bbox 2240 3252 3838 3339; baseline 0.014 -34"><span class='ocrx_word' id='word_1_561' title='bbox 2240 3252 2423 3317; x_wconf 79' lang='grc' dir='ltr'>ἄδοξον</span> <span class='ocrx_word' id='word_1_562' title='bbox 2451 3255 2596 3325; x_wconf 76' lang='grc' dir='ltr'>ζωὴν</span> <span class='ocrx_word' id='word_1_563' title='bbox 2633 3260 2830 3329; x_wconf 83' lang='grc' dir='ltr'>ἀντλᾷν</span> <span class='ocrx_word' id='word_1_564' title='bbox 2884 3262 3250 3334; x_wconf 81' lang='grc' dir='ltr'>διανενόησαι.</span> <span class='ocrx_word' id='word_1_565' title='bbox 3314 3270 3421 3321; x_wconf 84' lang='grc' dir='ltr'>Καί</span> <span class='ocrx_word' id='word_1_566' title='bbox 3485 3287 3548 3337; x_wconf 90' lang='grc' dir='ltr'><strong>γε</strong></span> <span class='ocrx_word' id='word_1_567' title='bbox 3603 3276 3838 3339; x_wconf 75' lang='grc' dir='ltr'>πάντως</span> 
     </span>
    </p>
   </div>
   <div class='ocr_carea' id='block_1_78' title="bbox 2241 3346 3836 3434">
    <p class='ocr_par' dir='ltr' id='par_1_78' title="bbox 2241 3346 3836 3434">
     <span class='ocr_line' id='line_1_78' title="bbox 2241 3346 3836 3434; baseline 0.016 -39"><span class='ocrx_word' id='word_1_568' title='bbox 2241 3346 2398 3434; x_wconf 62' lang='grc' dir='ltr'>τοῦτο</span> <span class='ocrx_word' id='word_1_569' title='bbox 2427 3348 2624 3421; x_wconf 79' lang='grc' dir='ltr'>δοκιμὴ</span> <span class='ocrx_word' id='word_1_570' title='bbox 2668 3352 2752 3415; x_wconf 89' lang='grc' dir='ltr'><strong>τίς</strong></span> <span class='ocrx_word' id='word_1_571' title='bbox 2783 3355 2900 3408; x_wconf 85' lang='grc' dir='ltr'>ὲστι</span> <span class='ocrx_word' id='word_1_572' title='bbox 2931 3356 3025 3409; x_wconf 71' lang='grc' dir='ltr'>καὶ</span> <span class='ocrx_word' id='word_1_573' title='bbox 3059 3356 3292 3426; x_wconf 85' lang='grc' dir='ltr'>βάσανος</span> <span class='ocrx_word' id='word_1_574' title='bbox 3331 3362 3557 3434; x_wconf 83' lang='grc' dir='ltr'>ἀρετῆς,</span> <span class='ocrx_word' id='word_1_575' title='bbox 3619 3366 3710 3420; x_wconf 79' lang='grc' dir='ltr'>ἵνα</span> <span class='ocrx_word' id='word_1_576' title='bbox 3773 3369 3836 3433; x_wconf 76' lang='grc' dir='ltr'><strong>ἐξ</strong></span> 
     </span>
    </p>
   </div>
   <div class='ocr_carea' id='block_1_79' title="bbox 2242 3431 3836 3529">
    <p class='ocr_par' dir='ltr' id='par_1_79' title="bbox 2242 3431 3836 3529">
     <span class='ocr_line' id='line_1_79' title="bbox 2242 3431 3836 3529; baseline 0.016 -41"><span class='ocrx_word' id='word_1_577' title='bbox 2242 3431 2318 3490; x_wconf 81' lang='grc' dir='ltr'><strong>ὧν</strong></span> <span class='ocrx_word' id='word_1_578' title='bbox 2377 3438 2626 3510; x_wconf 84' lang='grc' dir='ltr'>δοκῶμεν</span> <span class='ocrx_word' id='word_1_579' title='bbox 2691 3446 3198 3516; x_wconf 78' lang='grc' dir='ltr'>ἐγκαταλελεῖφθαι.</span> <span class='ocrx_word' id='word_1_580' title='bbox 3261 3431 3510 3506; x_wconf 81' lang='grc' dir='ltr'>ἐντεῦθεν</span> <span class='ocrx_word' id='word_1_581' title='bbox 3569 3431 3836 3529; x_wconf 79' lang='grc' dir='ltr'>εὕρωμεν</span> 
     </span>
    </p>
   </div>
   <div class='ocr_carea' id='block_1_80' title="bbox 2241 3529 3835 3611">
    <p class='ocr_par' dir='ltr' id='par_1_80' title="bbox 2241 3529 3835 3611">
     <span class='ocr_line' id='line_1_80' title="bbox 2241 3529 3835 3611; baseline 0.016 -32"><span class='ocrx_word' id='word_1_582' title='bbox 2241 3529 2646 3598; x_wconf 80' lang='grc' dir='ltr'>εὐεργετεῖσθαι</span> <span class='ocrx_word' id='word_1_583' title='bbox 2729 3537 2866 3607; x_wconf 78' lang='grc' dir='ltr'>πρὸς</span> <span class='ocrx_word' id='word_1_584' title='bbox 2927 3538 3063 3591; x_wconf 80' lang='grc' dir='ltr'>Θεοῦ</span> <span class='ocrx_word' id='word_1_585' title='bbox 3125 3541 3217 3592; x_wconf 82' lang='grc' dir='ltr'>τοῦ</span> <span class='ocrx_word' id='word_1_586' title='bbox 3297 3544 3505 3610; x_wconf 72' lang='grc' dir='ltr'>ἀγαθοῦ</span> <span class='ocrx_word' id='word_1_587' title='bbox 3541 3564 3553 3576; x_wconf 90' lang='grc'><strong>·</strong></span> <span class='ocrx_word' id='word_1_588' title='bbox 3601 3549 3662 3611; x_wconf 85' lang='grc' dir='ltr'><strong>δς</strong></span> <span class='ocrx_word' id='word_1_589' title='bbox 3737 3553 3835 3606; x_wconf 78' lang='grc' dir='ltr'><strong>διά</strong></span> 
     </span>
    </p>
   </div>
   <div class='ocr_carea' id='block_1_81' title="bbox 2235 3619 3835 3708">
    <p class='ocr_par' dir='ltr' id='par_1_81' title="bbox 2235 3619 3835 3708">
     <span class='ocr_line' id='line_1_81' title="bbox 2235 3619 3835 3708; baseline 0.014 -38"><span class='ocrx_word' id='word_1_590' title='bbox 2235 3619 2344 3671; x_wconf 89' lang='grc' dir='ltr'><strong>τῶν</strong></span> <span class='ocrx_word' id='word_1_591' title='bbox 2366 3620 2560 3688; x_wconf 82' lang='grc' dir='ltr'>δεξιῶν</span> <span class='ocrx_word' id='word_1_592' title='bbox 2584 3626 2679 3677; x_wconf 74' lang='grc' dir='ltr'><strong>καὶ</strong></span> <span class='ocrx_word' id='word_1_593' title='bbox 2728 3627 3050 3696; x_wconf 83' lang='grc' dir='ltr'>ἀριστερῶν,</span> <span class='ocrx_word' id='word_1_594' title='bbox 3083 3629 3181 3682; x_wconf 82' lang='grc' dir='ltr'>διὰ</span> <span class='ocrx_word' id='word_1_595' title='bbox 3209 3630 3394 3698; x_wconf 81' lang='grc' dir='ltr'>δόξης</span> <span class='ocrx_word' id='word_1_596' title='bbox 3446 3636 3544 3688; x_wconf 78' lang='grc' dir='ltr'>καὶ</span> <span class='ocrx_word' id='word_1_597' title='bbox 3579 3638 3835 3708; x_wconf 59' lang='grc' dir='ltr'>ἀτιμιης</span> 
     </span>
    </p>
   </div>
   <div class='ocr_carea' id='block_1_82' title="bbox 2236 3710 3833 3788">
    <p class='ocr_par' dir='ltr' id='par_1_82' title="bbox 2236 3710 3833 3788">
     <span class='ocr_line' id='line_1_82' title="bbox 2236 3710 3833 3788; baseline 0.014 -26"><span class='ocrx_word' id='word_1_598' title='bbox 2236 3710 2332 3763; x_wconf 83' lang='grc' dir='ltr'>διὰ</span> <span class='ocrx_word' id='word_1_599' title='bbox 2365 3712 2712 3782; x_wconf 63' lang='grc' dir='ltr'>δυσφημίας</span> <span class='ocrx_word' id='word_1_600' title='bbox 2746 3718 2844 3771; x_wconf 77' lang='grc' dir='ltr'>καὶ</span> <span class='ocrx_word' id='word_1_601' title='bbox 2873 3721 3193 3788; x_wconf 63' lang='grc' dir='ltr'>εὐφημίας,</span> <span class='ocrx_word' id='word_1_602' title='bbox 3231 3723 3326 3775; x_wconf 73' lang='grc' dir='ltr'><strong>καὶ</strong></span> <span class='ocrx_word' id='word_1_603' title='bbox 3353 3724 3460 3777; x_wconf 90' lang='grc' dir='ltr'><strong>τῶν</strong></span> <span class='ocrx_word' id='word_1_604' title='bbox 3490 3727 3668 3781; x_wconf 76' lang='grc' dir='ltr'>ἄλλων</span> <span class='ocrx_word' id='word_1_605' title='bbox 3723 3733 3833 3784; x_wconf 80' lang='grc' dir='ltr'><strong>ὅσα</strong></span> 
     </span>
    </p>
   </div>
   <div class='ocr_carea' id='block_1_83' title="bbox 2236 3805 3834 3892">
    <p class='ocr_par' dir='ltr' id='par_1_83' title="bbox 2236 3805 3834 3892">
     <span class='ocr_line' id='line_1_83' title="bbox 2236 3805 3834 3892; baseline 0.014 -39"><span class='ocrx_word' id='word_1_606' title='bbox 2236 3805 2269 3871; x_wconf 86' lang='grc' dir='ltr'>ή</span> <span class='ocrx_word' id='word_1_607' title='bbox 2339 3805 2675 3876; x_wconf 77' lang='grc' dir='ltr'>ἀποστολικὴ</span> <span class='ocrx_word' id='word_1_608' title='bbox 2731 3807 3064 3863; x_wconf 84' lang='grc' dir='ltr'>διεστείλατο</span> <span class='ocrx_word' id='word_1_609' title='bbox 3113 3812 3265 3883; x_wconf 81' lang='grc' dir='ltr'>φωνὴ</span> <span class='ocrx_word' id='word_1_610' title='bbox 3315 3810 3456 3870; x_wconf 79' lang='grc' dir='ltr'>οἳδεν</span> <span class='ocrx_word' id='word_1_611' title='bbox 3509 3821 3834 3892; x_wconf 77' lang='grc' dir='ltr'>οἰκονομεῖν</span> 
     </span>
    </p>
   </div>
   <div class='ocr_carea' id='block_1_84' title="bbox 2238 3896 3155 3972">
    <p class='ocr_par' dir='ltr' id='par_1_84' title="bbox 2238 3896 3155 3972">
     <span class='ocr_line' id='line_1_84' title="bbox 2238 3896 3155 3972; baseline 0.014 -29"><span class='ocrx_word' id='word_1_612' title='bbox 2238 3896 2628 3962; x_wconf 85' lang='grc' dir='ltr'>συμφερόντως</span> <span class='ocrx_word' id='word_1_613' title='bbox 2652 3898 2752 3966; x_wconf 84' lang='grc' dir='ltr'>τὴν</span> <span class='ocrx_word' id='word_1_614' title='bbox 2787 3898 2932 3969; x_wconf 78' lang='grc' dir='ltr'>ζωὴν</span> <span class='ocrx_word' id='word_1_615' title='bbox 2977 3903 3155 3972; x_wconf 82' lang='grc' dir='ltr'>ἡμῶν.</span> 
     </span>
    </p>
   </div>
   <div class='ocr_carea' id='block_1_85' title="bbox 2305 3984 3833 4072">
    <p class='ocr_par' dir='ltr' id='par_1_85' title="bbox 2305 3984 3833 4072">
     <span class='ocr_line' id='line_1_85' title="bbox 2305 3984 3833 4072; baseline 0.015 -38"><span class='ocrx_word' id='word_1_616' title='bbox 2305 3984 2413 4036; x_wconf 83' lang='grc' dir='ltr'><strong>Καὶ</strong></span> <span class='ocrx_word' id='word_1_617' title='bbox 2436 3985 2593 4038; x_wconf 77' lang='grc' dir='ltr'>τοῦτο</span> <span class='ocrx_word' id='word_1_618' title='bbox 2617 3987 2792 4056; x_wconf 75' lang='grc' dir='ltr'>δόγμα</span> <span class='ocrx_word' id='word_1_619' title='bbox 2825 3991 3068 4061; x_wconf 88' lang='grc' dir='ltr'>ἀρχαῖον,</span> <span class='ocrx_word' id='word_1_620' title='bbox 3103 3995 3195 4047; x_wconf 78' lang='grc' dir='ltr'><strong>καὶ</strong></span> <span class='ocrx_word' id='word_1_621' title='bbox 3224 3997 3324 4066; x_wconf 85' lang='grc' dir='ltr'>τῆς</span> <span class='ocrx_word' id='word_1_622' title='bbox 3352 3997 3459 4050; x_wconf 83' lang='grc' dir='ltr'><strong>τῶν</strong></span> <span class='ocrx_word' id='word_1_623' title='bbox 3493 3998 3833 4072; x_wconf 81' lang='grc' dir='ltr'>θεολήπτων</span> 
     </span>
    </p>
   </div>
   <div class='ocr_carea' id='block_1_86' title="bbox 2233 4075 3830 4160">
    <p class='ocr_par' dir='ltr' id='par_1_86' title="bbox 2233 4075 3830 4160">
     <span class='ocr_line' id='line_1_86' title="bbox 2233 4075 3830 4160; baseline 0.014 -34"><span class='ocrx_word' id='word_1_624' title='bbox 2233 4075 2440 4146; x_wconf 86' lang='grc' dir='ltr'>ἀνδρῶν</span> <span class='ocrx_word' id='word_1_625' title='bbox 2471 4078 2747 4143; x_wconf 89' lang='grc' dir='ltr'>πολιτείας</span> <span class='ocrx_word' id='word_1_626' title='bbox 2787 4085 3165 4152; x_wconf 87' lang='grc' dir='ltr'>γνωριστικόν.</span> <span class='ocrx_word' id='word_1_627' title='bbox 3202 4087 3350 4140; x_wconf 75' lang='grc' dir='ltr'>Λάϐε</span> <span class='ocrx_word' id='word_1_628' title='bbox 3395 4107 3487 4160; x_wconf 85' lang='grc' dir='ltr'><strong>μοι</strong></span> <span class='ocrx_word' id='word_1_629' title='bbox 3520 4095 3690 4146; x_wconf 74' lang='grc' dir='ltr'>Ἅϐελ</span> <span class='ocrx_word' id='word_1_630' title='bbox 3725 4097 3830 4150; x_wconf 74' lang='grc' dir='ltr'><strong>τὸν</strong></span> 
     </span>
    </p>
   </div>
   <div class='ocr_carea' id='block_1_87' title="bbox 2234 4167 3830 4255">
    <p class='ocr_par' dir='ltr' id='par_1_87' title="bbox 2234 4167 3830 4255">
     <span class='ocr_line' id='line_1_87' title="bbox 2234 4167 3830 4255; baseline 0.015 -38"><span class='ocrx_word' id='word_1_631' title='bbox 2234 4167 2524 4237; x_wconf 85' lang='grc' dir='ltr'>θεοκρίτως</span> <span class='ocrx_word' id='word_1_632' title='bbox 2559 4173 2978 4242; x_wconf 84' lang='grc' dir='ltr'>μαρτυρηθέντα</span> <span class='ocrx_word' id='word_1_633' title='bbox 3004 4175 3207 4230; x_wconf 87' lang='grc' dir='ltr'>δίκαιον</span> <span class='ocrx_word' id='word_1_634' title='bbox 3231 4195 3244 4209; x_wconf 85' lang='grc'><strong>·</strong></span> <span class='ocrx_word' id='word_1_635' title='bbox 3284 4179 3405 4249; x_wconf 75' lang='grc' dir='ltr'>οὐχὶ</span> <span class='ocrx_word' id='word_1_636' title='bbox 3428 4185 3830 4255; x_wconf 75' lang='grc' dir='ltr'>παρανάλωμα</span> 
     </span>
    </p>
   </div>
   <div class='ocr_carea' id='block_1_88' title="bbox 2231 4257 3830 4347">
    <p class='ocr_par' dir='ltr' id='par_1_88' title="bbox 2231 4257 3830 4347">
     <span class='ocr_line' id='line_1_88' title="bbox 2231 4257 3830 4347; baseline 0.013 -39"><span class='ocrx_word' id='word_1_637' title='bbox 2231 4257 2525 4326; x_wconf 82' lang='grc' dir='ltr'>ἀδελφικῆς</span> <span class='ocrx_word' id='word_1_638' title='bbox 2570 4261 2750 4331; x_wconf 82' lang='grc' dir='ltr'>χειρὸς</span> <span class='ocrx_word' id='word_1_639' title='bbox 2798 4263 3026 4330; x_wconf 82' lang='grc' dir='ltr'>γέγονε;</span> <span class='ocrx_word' id='word_1_640' title='bbox 3078 4265 3181 4318; x_wconf 85' lang='grc' dir='ltr'><strong>Τὸν</strong></span> <span class='ocrx_word' id='word_1_641' title='bbox 3226 4267 3396 4339; x_wconf 86' lang='grc' dir='ltr'>Ἑνὼχ</span> <span class='ocrx_word' id='word_1_642' title='bbox 3443 4272 3652 4326; x_wconf 81' lang='grc' dir='ltr'>ἐκεῖνον</span> <span class='ocrx_word' id='word_1_643' title='bbox 3694 4277 3830 4347; x_wconf 85' lang='grc' dir='ltr'><strong>Θεῷ</strong></span> 
     </span>
    </p>
   </div>
   <div class='ocr_carea' id='block_1_89' title="bbox 2231 4347 3828 4435">
    <p class='ocr_par' dir='ltr' id='par_1_89' title="bbox 2231 4347 3828 4435">
     <span class='ocr_line' id='line_1_89' title="bbox 2231 4347 3828 4435; baseline 0.014 -39"><span class='ocrx_word' id='word_1_644' title='bbox 2231 4347 2701 4416; x_wconf 75' lang='grc' dir='ltr'>εὐαρεστήσαντα’</span> <span class='ocrx_word' id='word_1_645' title='bbox 2759 4352 2880 4420; x_wconf 75' lang='grc' dir='ltr'>οὐχὶ</span> <span class='ocrx_word' id='word_1_646' title='bbox 2918 4353 3007 4405; x_wconf 84' lang='grc' dir='ltr'>διὰ</span> <span class='ocrx_word' id='word_1_647' title='bbox 3063 4356 3192 4418; x_wconf 77' lang='grc' dir='ltr'>τοὺς</span> <span class='ocrx_word' id='word_1_648' title='bbox 3237 4360 3539 4426; x_wconf 79' lang='grc' dir='ltr'>τηνικαῦτα</span> <span class='ocrx_word' id='word_1_649' title='bbox 3587 4364 3828 4435; x_wconf 82' lang='grc' dir='ltr'>φθορεῖς</span> 
     </span>
    </p>
   </div>
   <div class='ocr_carea' id='block_1_90' title="bbox 2233 4438 3824 4522">
    <p class='ocr_par' dir='ltr' id='par_1_90' title="bbox 2233 4438 3824 4522">
     <span class='ocr_line' id='line_1_90' title="bbox 2233 4438 3824 4522; baseline 0.014 -35"><span class='ocrx_word' id='word_1_650' title='bbox 2233 4439 2327 4489; x_wconf 73' lang='grc' dir='ltr'><strong>καὶ</strong></span> <span class='ocrx_word' id='word_1_651' title='bbox 2361 4438 2600 4508; x_wconf 74' lang='grc' dir='ltr'>φθείρειν</span> <span class='ocrx_word' id='word_1_652' title='bbox 2641 4441 2802 4493; x_wconf 79' lang='grc' dir='ltr'>αὑτὸν</span> <span class='ocrx_word' id='word_1_653' title='bbox 2851 4445 3254 4509; x_wconf 76' lang='grc' dir='ltr'>ἐσπουδακότας</span> <span class='ocrx_word' id='word_1_654' title='bbox 3281 4489 3295 4509; x_wconf 86' lang='grc'><strong>,</strong></span> <span class='ocrx_word' id='word_1_655' title='bbox 3335 4450 3465 4513; x_wconf 84' lang='grc' dir='ltr'>Θεὸς</span> <span class='ocrx_word' id='word_1_656' title='bbox 3516 4454 3579 4504; x_wconf 83' lang='grc' dir='ltr'>ἐκ</span> <span class='ocrx_word' id='word_1_657' title='bbox 3634 4457 3824 4522; x_wconf 70' lang='grc' dir='ltr'>μέσου</span> 
     </span>
    </p>
   </div>
   <div class='ocr_carea' id='block_1_91' title="bbox 2230 4528 3823 4615">
    <p class='ocr_par' dir='ltr' id='par_1_91' title="bbox 2230 4528 3823 4615">
     <span class='ocr_line' id='line_1_91' title="bbox 2230 4528 3823 4615; baseline 0.015 -37"><span class='ocrx_word' id='word_1_658' title='bbox 2230 4528 2500 4597; x_wconf 74' lang='grc' dir='ltr'>ἥρπασεν,</span> <span class='ocrx_word' id='word_1_659' title='bbox 2531 4532 2588 4580; x_wconf 83' lang='grc' dir='ltr'>ἐν</span> <span class='ocrx_word' id='word_1_660' title='bbox 2615 4532 2829 4601; x_wconf 79' lang='grc' dir='ltr'>ἀδήλοις</span> <span class='ocrx_word' id='word_1_661' title='bbox 2857 4536 3044 4598; x_wconf 84' lang='grc' dir='ltr'>τόποις</span> <span class='ocrx_word' id='word_1_662' title='bbox 3076 4540 3459 4609; x_wconf 61' lang='grc' dir='ltr'>μεταθέμενος,</span> <span class='ocrx_word' id='word_1_663' title='bbox 3488 4542 3546 4604; x_wconf 81' lang='grc' dir='ltr'>ὃς</span> <span class='ocrx_word' id='word_1_664' title='bbox 3579 4548 3676 4598; x_wconf 76' lang='grc' dir='ltr'><strong>καὶ</strong></span> <span class='ocrx_word' id='word_1_665' title='bbox 3705 4551 3823 4615; x_wconf 77' lang='grc' dir='ltr'>μέ-</span> 
     </span>
    </p>
   </div>
   <div class='ocr_carea' id='block_1_92' title="bbox 2228 4620 3824 4707">
    <p class='ocr_par' dir='ltr' id='par_1_92' title="bbox 2228 4620 3824 4707">
     <span class='ocr_line' id='line_1_92' title="bbox 2228 4620 3824 4707; baseline 0.015 -39"><span class='ocrx_word' id='word_1_666' title='bbox 2228 4635 2306 4670; x_wconf 87' lang='grc' dir='ltr'>νει</span> <span class='ocrx_word' id='word_1_667' title='bbox 2344 4620 2505 4687; x_wconf 75' lang='grc' dir='ltr'>μέχρι</span> <span class='ocrx_word' id='word_1_668' title='bbox 2535 4623 2628 4673; x_wconf 80' lang='grc' dir='ltr'>τοῦ</span> <span class='ocrx_word' id='word_1_669' title='bbox 2661 4623 2820 4694; x_wconf 80' lang='grc' dir='ltr'>δεῦρο</span> <span class='ocrx_word' id='word_1_670' title='bbox 2862 4628 3199 4696; x_wconf 83' lang='grc' dir='ltr'>προάγγελος</span> <span class='ocrx_word' id='word_1_671' title='bbox 3246 4632 3346 4698; x_wconf 76' lang='grc' dir='ltr'>τῆς</span> <span class='ocrx_word' id='word_1_672' title='bbox 3368 4631 3630 4704; x_wconf 66' lang='grc' dir='ltr'>δευτέρας</span> <span class='ocrx_word' id='word_1_673' title='bbox 3664 4639 3824 4707; x_wconf 86' lang='grc' dir='ltr'>Χρι-</span> 
     </span>
    </p>
   </div>
   <div class='ocr_carea' id='block_1_93' title="bbox 2227 4711 3827 4795">
    <p class='ocr_par' dir='ltr' id='par_1_93' title="bbox 2227 4711 3827 4795">
     <span class='ocr_line' id='line_1_93' title="bbox 2227 4711 3827 4795; baseline 0.016 -36"><span class='ocrx_word' id='word_1_674' title='bbox 2227 4711 2351 4761; x_wconf 81' lang='grc' dir='ltr'>στοῦ</span> <span class='ocrx_word' id='word_1_675' title='bbox 2379 4713 2696 4779; x_wconf 73' lang='grc' dir='ltr'>ἐπιφανείας</span> <span class='ocrx_word' id='word_1_676' title='bbox 2735 4717 3026 4786; x_wconf 77' lang='grc' dir='ltr'>ἐσόμενος;</span> <span class='ocrx_word' id='word_1_677' title='bbox 3058 4720 3230 4772; x_wconf 87' lang='grc' dir='ltr'>Γνῶθι</span> <span class='ocrx_word' id='word_1_678' title='bbox 3272 4723 3362 4774; x_wconf 79' lang='grc' dir='ltr'><strong>τὸν</strong></span> <span class='ocrx_word' id='word_1_679' title='bbox 3396 4723 3649 4795; x_wconf 74' lang='grc' dir='ltr'>Ἀϐραὰμ</span> <span class='ocrx_word' id='word_1_680' title='bbox 3692 4748 3827 4784; x_wconf 79' lang='grc' dir='ltr'>πει-</span> 
     </span>
    </p>
   </div>
   <div class='ocr_carea' id='block_1_94' title="bbox 2227 4799 3825 4889">
    <p class='ocr_par' dir='ltr' id='par_1_94' title="bbox 2227 4799 3825 4889">
     <span class='ocr_line' id='line_1_94' title="bbox 2227 4799 3825 4889; baseline 0.015 -42"><span class='ocrx_word' id='word_1_681' title='bbox 2227 4799 2527 4867; x_wconf 77' lang='grc' dir='ltr'>ραζόμενον</span> <span class='ocrx_word' id='word_1_682' title='bbox 2549 4802 2652 4854; x_wconf 84' lang='grc' dir='ltr'><strong>ὑπὸ</strong></span> <span class='ocrx_word' id='word_1_683' title='bbox 2670 4803 2804 4856; x_wconf 81' lang='grc' dir='ltr'>Θεοῦ</span> <span class='ocrx_word' id='word_1_684' title='bbox 2836 4807 3187 4876; x_wconf 83' lang='grc' dir='ltr'>πολυτρόπως</span> <span class='ocrx_word' id='word_1_685' title='bbox 3203 4827 3216 4842; x_wconf 88' lang='grc'><strong>·</strong></span> <span class='ocrx_word' id='word_1_686' title='bbox 3232 4807 3292 4864; x_wconf 76' lang='grc' dir='ltr'>οὗ</span> <span class='ocrx_word' id='word_1_687' title='bbox 3314 4812 3372 4864; x_wconf 79' lang='grc' dir='ltr'><strong>τὸ</strong></span> <span class='ocrx_word' id='word_1_688' title='bbox 3393 4812 3670 4880; x_wconf 76' lang='grc' dir='ltr'>δοκίμιον</span> <span class='ocrx_word' id='word_1_689' title='bbox 3695 4821 3825 4889; x_wconf 74' lang='grc' dir='ltr'>τῆς</span> 
     </span>
    </p>
   </div>
   <div class='ocr_carea' id='block_1_95' title="bbox 549 4880 2130 4969">
    <p class='ocr_par' dir='ltr' id='par_1_95' title="bbox 549 4880 2126 4950">
     <span class='ocr_line' id='line_1_95' title="bbox 549 4880 2126 4950; baseline 0.006 -20"><span class='ocrx_word' id='word_1_690' title='bbox 549 4880 728 4946; x_wconf 80' lang='lat' dir='ltr'><strong>Atque</strong></span> <span class='ocrx_word' id='word_1_691' title='bbox 763 4890 820 4934; x_wconf 92' lang='lat' dir='ltr'><strong>ut</strong></span> <span class='ocrx_word' id='word_1_692' title='bbox 854 4881 992 4935; x_wconf 86' lang='lat' dir='ltr'><strong>alios</strong></span> <span class='ocrx_word' id='word_1_693' title='bbox 1047 4886 1477 4950; x_wconf 66' lang='lat' dir='ltr'><strong>praetermittam.</strong></span> <span class='ocrx_word' id='word_1_694' title='bbox 1537 4885 1739 4938; x_wconf 89' lang='lat' dir='ltr'><strong>multos</strong></span> <span class='ocrx_word' id='word_1_695' title='bbox 1787 4901 2037 4949; x_wconf 90' lang='lat' dir='ltr'><strong>numero,</strong></span> <span class='ocrx_word' id='word_1_696' title='bbox 2073 4897 2126 4941; x_wconf 90' lang='lat' dir='ltr'><strong>et</strong></span> 
     </span>
    </p>
   </div>
   <div class='ocr_carea' id='block_1_96' title="bbox 2239 4880 3826 4969">
    <p class='ocr_par' dir='ltr' id='par_1_96' title="bbox 2239 4880 3826 4969">
     <span class='ocr_line' id='line_1_96' title="bbox 2239 4880 3826 4969; baseline 0.014 -28"><span class='ocrx_word' id='word_1_697' title='bbox 2239 4892 2480 4956; x_wconf 76' lang='grc' dir='ltr'>τίστεως</span> <span class='ocrx_word' id='word_1_698' title='bbox 2509 4897 2974 4964; x_wconf 77' lang='grc' dir='ltr'>πολυτιμότερον</span> <span class='ocrx_word' id='word_1_699' title='bbox 3002 4898 3238 4964; x_wconf 80' lang='grc' dir='ltr'>χρυσοῦ</span> <span class='ocrx_word' id='word_1_700' title='bbox 3269 4900 3357 4952; x_wconf 84' lang='grc' dir='ltr'>ὅτι</span> <span class='ocrx_word' id='word_1_701' title='bbox 3377 4902 3669 4969; x_wconf 67' lang='grc' dir='ltr'>μάλιστα.</span> 
     </span>
    </p>
   </div>
   <div class='ocr_carea' id='block_1_97' title="bbox 552 4970 2118 5046">
    <p class='ocr_par' dir='ltr' id='par_1_97' title="bbox 552 4970 2118 5046">
     <span class='ocr_line' id='line_1_97' title="bbox 552 4970 2118 5046; baseline 0.005 -23"><span class='ocrx_word' id='word_1_702' title='bbox 552 4970 644 5037; x_wconf 85' lang='lat' dir='ltr'><strong>qui</strong></span> <span class='ocrx_word' id='word_1_703' title='bbox 677 4972 817 5025; x_wconf 88' lang='lat' dir='ltr'><strong>intra</strong></span> <span class='ocrx_word' id='word_1_704' title='bbox 845 4974 1088 5040; x_wconf 71' lang='lat' dir='ltr'><strong>epistola:</strong></span> <span class='ocrx_word' id='word_1_705' title='bbox 1119 4975 1339 5028; x_wconf 88' lang='lat' dir='ltr'><strong>modum</strong></span> <span class='ocrx_word' id='word_1_706' title='bbox 1390 4978 1808 5029; x_wconf 81' lang='lat' dir='ltr'><strong>commemorari</strong></span> <span class='ocrx_word' id='word_1_707' title='bbox 1853 4993 1958 5030; x_wconf 91' lang='lat' dir='ltr'><strong>non</strong></span> <span class='ocrx_word' id='word_1_708' title='bbox 1991 4993 2118 5046; x_wconf 92' lang='lat' dir='ltr'><strong>pos-</strong></span> 
     </span>
    </p>
   </div>
   <div class='ocr_carea' id='block_1_98' title="bbox 552 5064 2120 5136">
    <p class='ocr_par' dir='ltr' id='par_1_98' title="bbox 552 5064 2120 5136">
     <span class='ocr_line' id='line_1_98' title="bbox 552 5064 2120 5136; baseline 0.006 -23"><span class='ocrx_word' id='word_1_709' title='bbox 552 5073 681 5115; x_wconf 82' lang='lat' dir='ltr'><strong>sunt</strong></span> <span class='ocrx_word' id='word_1_710' title='bbox 703 5080 715 5127; x_wconf 92' lang='lat'>;</span> <span class='ocrx_word' id='word_1_711' title='bbox 740 5064 786 5117; x_wconf 84' lang='lat' dir='ltr'><strong>si</strong></span> <span class='ocrx_word' id='word_1_712' title='bbox 814 5081 937 5118; x_wconf 88' lang='lat' dir='ltr'><strong>cum</strong></span> <span class='ocrx_word' id='word_1_713' title='bbox 971 5066 1368 5131; x_wconf 64' lang='lat' dir='ltr'><strong>aerumnisJob,</strong></span> <span class='ocrx_word' id='word_1_714' title='bbox 1403 5069 1561 5136; x_wconf 87' lang='lat' dir='ltr'><strong>cujus</strong></span> <span class='ocrx_word' id='word_1_715' title='bbox 1598 5072 1880 5123; x_wconf 87' lang='lat' dir='ltr'><strong>innumera</strong></span> <span class='ocrx_word' id='word_1_716' title='bbox 1902 5071 2120 5125; x_wconf 83' lang='lat' dir='ltr'><strong>fuerunt</strong></span> 
     </span>
    </p>
   </div>
   <div class='ocr_carea' id='block_1_99' title="bbox 552 5153 2120 5232">
    <p class='ocr_par' dir='ltr' id='par_1_99' title="bbox 552 5153 2120 5232">
     <span class='ocr_line' id='line_1_99' title="bbox 552 5153 2120 5232; baseline 0.006 -30"><span class='ocrx_word' id='word_1_717' title='bbox 552 5153 868 5214; x_wconf 75' lang='lat' dir='ltr'><strong>certamina,</strong></span> <span class='ocrx_word' id='word_1_718' title='bbox 931 5169 1206 5209; x_wconf 63' lang='lat' dir='ltr'><strong>erumnas</strong></span> <span class='ocrx_word' id='word_1_719' title='bbox 1272 5165 1486 5211; x_wconf 83' lang='lat' dir='ltr'><strong>nostras</strong></span> <span class='ocrx_word' id='word_1_720' title='bbox 1555 5159 1965 5222; x_wconf 89' lang='lat' dir='ltr'><strong>contendamus,</strong></span> <span class='ocrx_word' id='word_1_721' title='bbox 2022 5162 2120 5232; x_wconf 84' lang='lat' dir='ltr'><strong>has</strong></span> 
     </span>
    </p>
   </div>
   <div class='ocr_carea' id='block_1_100' title="bbox 554 5241 2115 5313">
    <p class='ocr_par' dir='ltr' id='par_1_100' title="bbox 554 5241 2115 5313">
     <span class='ocr_line' id='line_1_100' title="bbox 554 5241 2115 5313; baseline 0.008 -22"><span class='ocrx_word' id='word_1_722' title='bbox 554 5242 745 5308; x_wconf 89' lang='lat' dir='ltr'><strong>utique</strong></span> <span class='ocrx_word' id='word_1_723' title='bbox 823 5241 1110 5298; x_wconf 88' lang='lat' dir='ltr'><strong>inferiores</strong></span> <span class='ocrx_word' id='word_1_724' title='bbox 1170 5245 1682 5313; x_wconf 84' lang='lat' dir='ltr'><strong>deprehendemus;</strong></span> <span class='ocrx_word' id='word_1_725' title='bbox 1747 5259 1799 5300; x_wconf 89' lang='lat' dir='ltr'><strong>et</strong></span> <span class='ocrx_word' id='word_1_726' title='bbox 1854 5249 2115 5303; x_wconf 87' lang='lat' dir='ltr'><strong>celebrem</strong></span> 
     </span>
    </p>
   </div>
   <div class='ocr_carea' id='block_1_101' title="bbox 551 5333 2118 5408">
    <p class='ocr_par' dir='ltr' id='par_1_101' title="bbox 551 5333 2118 5408">
     <span class='ocr_line' id='line_1_101' title="bbox 551 5333 2118 5408; baseline 0.008 -24"><span class='ocrx_word' id='word_1_727' title='bbox 551 5333 696 5384; x_wconf 74' lang='lat' dir='ltr'><strong>illam</strong></span> <span class='ocrx_word' id='word_1_728' title='bbox 731 5333 851 5402; x_wconf 88' lang='lat' dir='ltr'><strong>ejus</strong></span> <span class='ocrx_word' id='word_1_729' title='bbox 881 5347 1071 5390; x_wconf 86' lang='lat' dir='ltr'><strong>vocem</strong></span> <span class='ocrx_word' id='word_1_730' title='bbox 1100 5345 1428 5405; x_wconf 84' lang='lat' dir='ltr'><strong>usurpantes</strong></span> <span class='ocrx_word' id='word_1_731' title='bbox 1465 5354 1568 5391; x_wconf 90' lang='lat' dir='ltr'><strong>nua</strong></span> <span class='ocrx_word' id='word_1_732' title='bbox 1593 5355 1712 5393; x_wconf 90' lang='lat' dir='ltr'><strong>cum</strong></span> <span class='ocrx_word' id='word_1_733' title='bbox 1747 5340 1863 5407; x_wconf 87' lang='lat' dir='ltr'><strong>ipso</strong></span> <span class='ocrx_word' id='word_1_734' title='bbox 1882 5357 2118 5408; x_wconf 86' lang='lat' dir='ltr'><strong>pronun-</strong></span> 
     </span>
    </p>
   </div>
   <div class='ocr_carea' id='block_1_102' title="bbox 547 5424 2113 5497">
    <p class='ocr_par' dir='ltr' id='par_1_102' title="bbox 547 5424 2113 5497">
     <span class='ocr_line' id='line_1_102' title="bbox 547 5424 2113 5497; baseline 0.007 -20"><span class='ocrx_word' id='word_1_735' title='bbox 547 5424 826 5479; x_wconf 82' lang='lat' dir='ltr'><strong>tiabimus.</strong></span> <span class='ocrx_word' id='word_1_736' title='bbox 861 5426 950 5481; x_wconf 91' lang='lat' dir='ltr'><strong>Sic</strong></span> <span class='ocrx_word' id='word_1_737' title='bbox 980 5427 1146 5497; x_wconf 82' lang='lat' dir='ltr'><strong>igitur</strong></span> <span class='ocrx_word' id='word_1_738' title='bbox 1182 5429 1469 5482; x_wconf 82' lang='lat' dir='ltr'><strong>hortamur</strong></span> <span class='ocrx_word' id='word_1_739' title='bbox 1502 5440 1570 5494; x_wconf 87' lang='lat' dir='ltr'><strong>te,</strong></span> <span class='ocrx_word' id='word_1_740' title='bbox 1616 5440 1674 5485; x_wconf 80' lang='lat' dir='ltr'><strong>ut</strong></span> <span class='ocrx_word' id='word_1_741' title='bbox 1704 5433 1768 5485; x_wconf 88' lang='lat' dir='ltr'><strong>de</strong></span> <span class='ocrx_word' id='word_1_742' title='bbox 1801 5435 1960 5489; x_wconf 86' lang='lat' dir='ltr'><strong>rebus</strong></span> <span class='ocrx_word' id='word_1_743' title='bbox 2007 5436 2113 5488; x_wconf 92' lang='lat' dir='ltr'><strong>tuis</strong></span> 
     </span>
    </p>
   </div>
   <div class='ocr_carea' id='block_1_103' title="bbox 2227 4982 3824 5060">
    <p class='ocr_par' dir='ltr' id='par_1_103' title="bbox 2227 4982 3824 5060">
     <span class='ocr_line' id='line_1_103' title="bbox 2227 4982 3824 5060; baseline 0.009 -28"><span class='ocrx_word' id='word_1_744' title='bbox 2227 4982 2314 5034; x_wconf 78' lang='grc' dir='ltr'>ἵνα</span> <span class='ocrx_word' id='word_1_745' title='bbox 2356 4985 2481 5045; x_wconf 76' lang='grc' dir='ltr'>τοὺς</span> <span class='ocrx_word' id='word_1_746' title='bbox 2536 4985 2723 5048; x_wconf 81' lang='grc' dir='ltr'>ἄλλους</span> <span class='ocrx_word' id='word_1_747' title='bbox 2757 4989 3192 5060; x_wconf 83' lang='grc' dir='ltr'>παραδράμοιμι,</span> <span class='ocrx_word' id='word_1_748' title='bbox 3230 4991 3454 5054; x_wconf 69' lang='grc' dir='ltr'>πολλοὺς</span> <span class='ocrx_word' id='word_1_749' title='bbox 3483 4994 3664 5058; x_wconf 70' lang='grc' dir='ltr'>ὄντας,</span> <span class='ocrx_word' id='word_1_750' title='bbox 3709 5004 3824 5055; x_wconf 70' lang='grc' dir='ltr'><strong>καὶ</strong></span> 
     </span>
    </p>
   </div>
   <div class='ocr_carea' id='block_1_104' title="bbox 2227 5071 3826 5155">
    <p class='ocr_par' dir='ltr' id='par_1_104' title="bbox 2227 5071 3826 5155">
     <span class='ocr_line' id='line_1_104' title="bbox 2227 5071 3826 5155; baseline 0.014 -34"><span class='ocrx_word' id='word_1_751' title='bbox 2227 5071 2325 5122; x_wconf 82' lang='grc' dir='ltr'><strong>οὐκ</strong></span> <span class='ocrx_word' id='word_1_752' title='bbox 2365 5073 2422 5122; x_wconf 81' lang='grc' dir='ltr'>ὲν</span> <span class='ocrx_word' id='word_1_753' title='bbox 2468 5075 2758 5143; x_wconf 79' lang='grc' dir='ltr'>ἐπιστολῆς</span> <span class='ocrx_word' id='word_1_754' title='bbox 2803 5077 2984 5146; x_wconf 80' lang='grc' dir='ltr'>μέτρῳ</span> <span class='ocrx_word' id='word_1_755' title='bbox 3029 5079 3569 5148; x_wconf 77' lang='grc' dir='ltr'>ὑπομνηματίζεσθαι</span> <span class='ocrx_word' id='word_1_756' title='bbox 3625 5089 3826 5155; x_wconf 81' lang='grc' dir='ltr'>ἐγχω-</span> 
     </span>
    </p>
   </div>
   <div class='ocr_carea' id='block_1_105' title="bbox 2229 5160 3825 5247">
    <p class='ocr_par' dir='ltr' id='par_1_105' title="bbox 2229 5160 3825 5247">
     <span class='ocr_line' id='line_1_105' title="bbox 2229 5160 3825 5247; baseline 0.013 -36"><span class='ocrx_word' id='word_1_757' title='bbox 2229 5160 2490 5230; x_wconf 77' lang='grc' dir='ltr'>ροῦντας,</span> <span class='ocrx_word' id='word_1_758' title='bbox 2517 5161 2636 5215; x_wconf 78' lang='grc' dir='ltr'><strong>’1ὼὸ</strong></span> <span class='ocrx_word' id='word_1_759' title='bbox 2666 5165 2754 5217; x_wconf 87' lang='grc' dir='ltr'>τὸν</span> <span class='ocrx_word' id='word_1_760' title='bbox 2786 5168 3080 5237; x_wconf 86' lang='grc' dir='ltr'>μυρίαθλον</span> <span class='ocrx_word' id='word_1_761' title='bbox 3125 5171 3287 5239; x_wconf 82' lang='grc' dir='ltr'>τάχα,</span> <span class='ocrx_word' id='word_1_762' title='bbox 3316 5173 3363 5223; x_wconf 84' lang='grc' dir='ltr'><strong>εί</strong></span> <span class='ocrx_word' id='word_1_763' title='bbox 3391 5174 3825 5247; x_wconf 77' lang='grc' dir='ltr'>παραϐάλωμεν</span> 
     </span>
    </p>
   </div>
   <div class='ocr_carea' id='block_1_106' title="bbox 2225 5255 3821 5336">
    <p class='ocr_par' dir='ltr' id='par_1_106' title="bbox 2225 5255 3821 5336">
     <span class='ocr_line' id='line_1_106' title="bbox 2225 5255 3821 5336; baseline 0.011 -31"><span class='ocrx_word' id='word_1_764' title='bbox 2225 5255 2294 5306; x_wconf 82' lang='grc' dir='ltr'>τὰ</span> <span class='ocrx_word' id='word_1_765' title='bbox 2334 5256 2543 5310; x_wconf 81' lang='grc' dir='ltr'>ἑαυτῶν</span> <span class='ocrx_word' id='word_1_766' title='bbox 2571 5261 2684 5320; x_wconf 82' lang='grc' dir='ltr'>τοῖς</span> <span class='ocrx_word' id='word_1_767' title='bbox 2717 5260 2926 5312; x_wconf 79' lang='grc' dir='ltr'>ἐκείνου</span> <span class='ocrx_word' id='word_1_768' title='bbox 2953 5262 3202 5325; x_wconf 81' lang='grc' dir='ltr'>πάθεσιν,</span> <span class='ocrx_word' id='word_1_769' title='bbox 3231 5264 3484 5334; x_wconf 75' lang='grc' dir='ltr'>εὕροιμεν</span> <span class='ocrx_word' id='word_1_770' title='bbox 3510 5266 3574 5333; x_wconf 84' lang='grc' dir='ltr'>δὴ</span> <span class='ocrx_word' id='word_1_771' title='bbox 3599 5269 3821 5336; x_wconf 77' lang='grc' dir='ltr'>ἐνδεῶς</span> 
     </span>
    </p>
   </div>
   <div class='ocr_carea' id='block_1_107' title="bbox 2224 5346 3820 5431">
    <p class='ocr_par' dir='ltr' id='par_1_107' title="bbox 2224 5346 3820 5431">
     <span class='ocr_line' id='line_1_107' title="bbox 2224 5346 3820 5431; baseline 0.014 -35"><span class='ocrx_word' id='word_1_772' title='bbox 2224 5346 2453 5414; x_wconf 77' lang='grc' dir='ltr'>ἔχοντα’</span> <span class='ocrx_word' id='word_1_773' title='bbox 2498 5350 2592 5401; x_wconf 77' lang='grc' dir='ltr'>καὶ</span> <span class='ocrx_word' id='word_1_774' title='bbox 2642 5351 3101 5421; x_wconf 81' lang='grc' dir='ltr'>συμφθεγξόμεθα</span> <span class='ocrx_word' id='word_1_775' title='bbox 3143 5357 3244 5424; x_wconf 77' lang='grc' dir='ltr'><strong>τὴν</strong></span> <span class='ocrx_word' id='word_1_776' title='bbox 3291 5359 3500 5410; x_wconf 71' lang='grc' dir='ltr'>ἐκείνου</span> <span class='ocrx_word' id='word_1_777' title='bbox 3549 5360 3820 5431; x_wconf 79' lang='grc' dir='ltr'>ἀοίδιμον</span> 
     </span>
    </p>
   </div>
   <div class='ocr_carea' id='block_1_108' title="bbox 2223 5439 3818 5524">
    <p class='ocr_par' dir='ltr' id='par_1_108' title="bbox 2223 5439 3818 5524">
     <span class='ocr_line' id='line_1_108' title="bbox 2223 5439 3818 5524; baseline 0.013 -36"><span class='ocrx_word' id='word_1_778' title='bbox 2223 5439 2409 5508; x_wconf 78' lang='grc' dir='ltr'>φωνὴν</span> <span class='ocrx_word' id='word_1_779' title='bbox 2439 5441 2700 5493; x_wconf 79' lang='grc' dir='ltr'>ἑκάστοτε</span> <span class='ocrx_word' id='word_1_780' title='bbox 2743 5443 3227 5515; x_wconf 74' lang='grc' dir='ltr'>ἀναλαμϐάνοντες.</span> <span class='ocrx_word' id='word_1_781' title='bbox 3264 5449 3448 5512; x_wconf 68' lang='grc' dir='ltr'>Οὕτως</span> <span class='ocrx_word' id='word_1_782' title='bbox 3475 5445 3567 5504; x_wconf 83' lang='grc' dir='ltr'><strong>οὖν</strong></span> <span class='ocrx_word' id='word_1_783' title='bbox 3610 5469 3818 5524; x_wconf 80' lang='grc' dir='ltr'>παρα.-</span> 
     </span>
    </p>
   </div>
   <div class='ocr_carea' id='block_1_109' title="bbox 617 5539 2130 5618">
    <p class='ocr_par' dir='ltr' id='par_1_109' title="bbox 617 5539 2114 5618">
     <span class='ocr_line' id='line_1_109' title="bbox 617 5539 2114 5618; baseline 0.007 -26"><span class='ocrx_word' id='word_1_784' title='bbox 617 5539 663 5570; x_wconf 80' lang='grc'><strong>⁸¹</strong></span> <span class='ocrx_word' id='word_1_785' title='bbox 696 5539 887 5595; x_wconf 79' lang='lat' dir='ltr'><strong>Matth.</strong></span> <span class='ocrx_word' id='word_1_786' title='bbox 918 5559 1014 5600; x_wconf 80' lang='lat' dir='ltr'><strong>xu.</strong></span> <span class='ocrx_word' id='word_1_787' title='bbox 1039 5543 1127 5596; x_wconf 77' lang='grc'><strong>55.</strong></span> <span class='ocrx_word' id='word_1_788' title='bbox 1205 5544 1251 5576; x_wconf 80' lang='grc' dir='ltr'><strong>⁸ο</strong></span> <span class='ocrx_word' id='word_1_789' title='bbox 1282 5542 1323 5596; x_wconf 92' lang='lat' dir='ltr'><strong>ll</strong></span> <span class='ocrx_word' id='word_1_790' title='bbox 1347 5545 1471 5599; x_wconf 91' lang='lat' dir='ltr'><strong>Cor.</strong></span> <span class='ocrx_word' id='word_1_791' title='bbox 1502 5561 1576 5611; x_wconf 76' lang='lat' dir='ltr'><strong>vr,</strong></span> <span class='ocrx_word' id='word_1_792' title='bbox 1614 5547 1665 5601; x_wconf 89' lang='lat'><strong>8.</strong></span> <span class='ocrx_word' id='word_1_793' title='bbox 1743 5548 1784 5579; x_wconf 67' lang='grc' dir='ltr'>’ί</span> <span class='ocrx_word' id='word_1_794' title='bbox 1824 5548 1950 5618; x_wconf 86' lang='lat' dir='ltr'><strong>Sup.</strong></span> <span class='ocrx_word' id='word_1_795' title='bbox 1990 5565 2061 5612; x_wconf 87' lang='lat' dir='ltr'><strong>1v,</strong></span> <span class='ocrx_word' id='word_1_796' title='bbox 2095 5550 2114 5602; x_wconf 83' lang='lat' dir='ltr'><strong>l</strong></span> 
     </span>
    </p>
   </div>
   <div class='ocr_carea' id='block_1_110' title="bbox 2239 5539 2690 5618">
    <p class='ocr_par' dir='ltr' id='par_1_110' title="bbox 2257 5551 2690 5617">
     <span class='ocr_line' id='line_1_110' title="bbox 2257 5551 2690 5617; baseline 0.002 -12"><span class='ocrx_word' id='word_1_797' title='bbox 2257 5553 2301 5581; x_wconf 66' lang='grc' dir='ltr'>θ’</span> <span class='ocrx_word' id='word_1_798' title='bbox 2340 5551 2531 5607; x_wconf 83' lang='lat' dir='ltr'><strong>lPetr.</strong></span> <span class='ocrx_word' id='word_1_799' title='bbox 2563 5571 2600 5617; x_wconf 87' lang='lat'><strong>1,</strong></span> <span class='ocrx_word' id='word_1_800' title='bbox 2661 5556 2690 5606; x_wconf 89' lang='lat'><strong>7</strong></span> 
     </span>
    </p>
   </div>
   <div class='ocr_carea' id='block_1_111' title="bbox 2054 5667 2286 5722">
    <p class='ocr_par' dir='ltr' id='par_1_111' title="bbox 2054 5667 2286 5722">
     <span class='ocr_line' id='line_1_111' title="bbox 2054 5667 2286 5722; baseline 0.009 -2"><span class='ocrx_word' id='word_1_801' title='bbox 2054 5667 2286 5722; x_wconf 74' lang='grc' dir='ltr'><strong>ΝΟΤᾹΞ.</strong></span> 
     </span>
    </p>
   </div>
   <div class='ocr_carea' id='block_1_112' title="bbox 621 5777 1284 5850">
    <p class='ocr_par' dir='ltr' id='par_1_112' title="bbox 621 5777 1284 5850">
     <span class='ocr_line' id='line_1_112' title="bbox 621 5777 1284 5850; baseline 0.003 -18"><span class='ocrx_word' id='word_1_802' title='bbox 621 5778 732 5849; x_wconf 71' lang='grc'><strong>(70)</strong></span> <span class='ocrx_word' id='word_1_803' title='bbox 767 5780 818 5832; x_wconf 88' lang='lat' dir='ltr'><strong>in</strong></span> <span class='ocrx_word' id='word_1_804' title='bbox 849 5779 968 5833; x_wconf 90' lang='lat' dir='ltr'><strong>cod.</strong></span> <span class='ocrx_word' id='word_1_805' title='bbox 999 5777 1130 5848; x_wconf 72' lang='lat' dir='ltr'><strong>Iieg.</strong></span> <span class='ocrx_word' id='word_1_806' title='bbox 1178 5787 1284 5850; x_wconf 85' lang='grc' dir='ltr'>ρπ’.</span> 
     </span>
    </p>
   </div>
  </div>
