  <div class='ocr_page' id='page_1' title='image "/cluster/home/n/w/nwhite01/storage/ocr_20150623/99/ien.35556001661347/786.png"; bbox 0 0 3966 6500; ppageno 0'>
   <div class='ocr_carea' id='block_1_1' title="bbox 240 439 362 503">
    <p class='ocr_par' dir='ltr' id='par_1_1' title="bbox 240 439 362 503">
     <span class='ocr_line' id='line_1_1' title="bbox 240 439 362 503; baseline 0.008 -1"><span class='ocrx_word' id='word_1_1' title='bbox 240 439 362 503; x_wconf 81' lang='grc'><strong>1553</strong></span> 
     </span>
    </p>
   </div>
   <div class='ocr_carea' id='block_1_2' title="bbox 1398 438 2277 500">
    <p class='ocr_par' dir='ltr' id='par_1_2' title="bbox 1398 438 2277 500">
     <span class='ocr_line' id='line_1_2' title="bbox 1398 438 2277 500; baseline 0.001 -3"><span class='ocrx_word' id='word_1_2' title='bbox 1398 438 1935 500; x_wconf 82' lang='lat' dir='ltr'><strong>EPISTOLARUM</strong></span> <span class='ocrx_word' id='word_1_3' title='bbox 1983 439 2130 499; x_wconf 90' lang='lat' dir='ltr'><strong>LIB.</strong></span> <span class='ocrx_word' id='word_1_4' title='bbox 2191 441 2277 498; x_wconf 90' lang='grc' dir='ltr'><strong>ΙΙ.</strong></span> 
     </span>
    </p>
   </div>
   <div class='ocr_carea' id='block_1_3' title="bbox 3332 442 3464 503">
    <p class='ocr_par' dir='ltr' id='par_1_3' title="bbox 3332 442 3464 503">
     <span class='ocr_line' id='line_1_3' title="bbox 3332 442 3464 503; baseline 0.023 -3"><span class='ocrx_word' id='word_1_5' title='bbox 3332 442 3464 503; x_wconf 77' lang='grc'><strong>1554</strong></span> 
     </span>
    </p>
   </div>
   <div class='ocr_carea' id='block_1_4' title="bbox 236 547 1776 619">
    <p class='ocr_par' dir='ltr' id='par_1_4' title="bbox 236 547 1776 619">
     <span class='ocr_line' id='line_1_4' title="bbox 236 547 1776 619; baseline -0.002 -15"><span class='ocrx_word' id='word_1_6' title='bbox 236 550 488 619; x_wconf 75' lang='grc' dir='ltr'>καλοῦμέν</span> <span class='ocrx_word' id='word_1_7' title='bbox 525 566 606 613; x_wconf 83' lang='grc' dir='ltr'><strong>σε,</strong></span> <span class='ocrx_word' id='word_1_8' title='bbox 638 548 958 617; x_wconf 82' lang='grc' dir='ltr'>ἐπιπόθητε,</span> <span class='ocrx_word' id='word_1_9' title='bbox 986 547 1264 600; x_wconf 79' lang='grc' dir='ltr'><strong>διαθέσθαι</strong></span> <span class='ocrx_word' id='word_1_10' title='bbox 1301 550 1368 600; x_wconf 77' lang='grc' dir='ltr'><strong>τά</strong></span> <span class='ocrx_word' id='word_1_11' title='bbox 1397 549 1538 601; x_wconf 79' lang='grc' dir='ltr'>κατὰ</span> <span class='ocrx_word' id='word_1_12' title='bbox 1573 549 1776 601; x_wconf 84' lang='grc' dir='ltr'>σαυτόν.</span> 
     </span>
    </p>
   </div>
   <div class='ocr_carea' id='block_1_5' title="bbox 1883 547 3460 619">
    <p class='ocr_par' dir='ltr' id='par_1_5' title="bbox 1892 548 3460 616">
     <span class='ocr_line' id='line_1_5' title="bbox 1892 548 3460 616; baseline 0.001 -14"><span class='ocrx_word' id='word_1_13' title='bbox 1892 557 2127 611; x_wconf 87' lang='lat' dir='ltr'><strong>statuas,</strong></span> <span class='ocrx_word' id='word_1_14' title='bbox 2155 548 2498 609; x_wconf 83' lang='lat' dir='ltr'><strong>charissime,</strong></span> <span class='ocrx_word' id='word_1_15' title='bbox 2541 555 2864 616; x_wconf 82' lang='lat' dir='ltr'><strong>tempusque</strong></span> <span class='ocrx_word' id='word_1_16' title='bbox 2921 549 3262 603; x_wconf 84' lang='lat' dir='ltr'><strong>adversitatis</strong></span> <span class='ocrx_word' id='word_1_17' title='bbox 3318 553 3460 604; x_wconf 82' lang='lat' dir='ltr'><strong>llllll-</strong></span> 
     </span>
    </p>
   </div>
   <div class='ocr_carea' id='block_1_6' title="bbox 233 638 1780 708">
    <p class='ocr_par' dir='ltr' id='par_1_6' title="bbox 233 638 1780 708">
     <span class='ocr_line' id='line_1_6' title="bbox 233 638 1780 708; baseline -0.003 -14"><span class='ocrx_word' id='word_1_18' title='bbox 233 641 332 694; x_wconf 77' lang='lat' dir='ltr'><strong>Kal</strong></span> <span class='ocrx_word' id='word_1_19' title='bbox 381 639 468 690; x_wconf 79' lang='grc' dir='ltr'><strong>τὸν</strong></span> <span class='ocrx_word' id='word_1_20' title='bbox 515 640 706 707; x_wconf 76' lang='grc' dir='ltr'>καιρὸν</span> <span class='ocrx_word' id='word_1_21' title='bbox 749 640 848 708; x_wconf 82' lang='grc' dir='ltr'><strong>τῆς</strong></span> <span class='ocrx_word' id='word_1_22' title='bbox 899 638 1239 707; x_wconf 86' lang='grc' dir='ltr'>δυσπραγίας</span> <span class='ocrx_word' id='word_1_23' title='bbox 1276 641 1369 690; x_wconf 70' lang='grc' dir='ltr'>καὶ</span> <span class='ocrx_word' id='word_1_24' title='bbox 1414 639 1780 699; x_wconf 86' lang='grc' dir='ltr'>πολυπαθείας</span> 
     </span>
    </p>
   </div>
   <div class='ocr_carea' id='block_1_7' title="bbox 232 727 1780 801">
    <p class='ocr_par' dir='ltr' id='par_1_7' title="bbox 232 727 1780 801">
     <span class='ocr_line' id='line_1_7' title="bbox 232 727 1780 801; baseline -0.001 -19"><span class='ocrx_word' id='word_1_25' title='bbox 232 730 482 798; x_wconf 80' lang='grc' dir='ltr'><strong>κρείττονι</strong></span> <span class='ocrx_word' id='word_1_26' title='bbox 513 729 757 798; x_wconf 78' lang='grc' dir='ltr'><strong>λογισμῷ</strong></span> <span class='ocrx_word' id='word_1_27' title='bbox 783 731 874 780; x_wconf 77' lang='grc' dir='ltr'>καὶ</span> <span class='ocrx_word' id='word_1_28' title='bbox 901 727 1258 798; x_wconf 78' lang='grc' dir='ltr'>βεϐαιοπίστῳ</span> <span class='ocrx_word' id='word_1_29' title='bbox 1293 729 1485 801; x_wconf 83' lang='grc' dir='ltr'>γνώμῃ</span> <span class='ocrx_word' id='word_1_30' title='bbox 1521 732 1599 792; x_wconf 88' lang='grc' dir='ltr'>εἰς</span> <span class='ocrx_word' id='word_1_31' title='bbox 1623 731 1780 780; x_wconf 86' lang='grc' dir='ltr'>εὑτυ-</span> 
     </span>
    </p>
   </div>
   <div class='ocr_carea' id='block_1_8' title="bbox 231 819 1781 891">
    <p class='ocr_par' dir='ltr' id='par_1_8' title="bbox 231 819 1781 891">
     <span class='ocr_line' id='line_1_8' title="bbox 231 819 1781 891; baseline -0.003 -16"><span class='ocrx_word' id='word_1_32' title='bbox 231 823 342 891; x_wconf 84' lang='grc' dir='ltr'>χίαν</span> <span class='ocrx_word' id='word_1_33' title='bbox 379 823 468 874; x_wconf 82' lang='grc' dir='ltr'><strong>καὶ</strong></span> <span class='ocrx_word' id='word_1_34' title='bbox 517 821 809 874; x_wconf 86' lang='grc' dir='ltr'>εὐπάθειαν</span> <span class='ocrx_word' id='word_1_35' title='bbox 859 819 1465 890; x_wconf 83' lang='grc' dir='ltr'>μεταστοιχειώσασθαι.</span> <span class='ocrx_word' id='word_1_36' title='bbox 1514 821 1618 871; x_wconf 75' lang='grc' dir='ltr'><strong>Τὸν</strong></span> <span class='ocrx_word' id='word_1_37' title='bbox 1673 820 1781 889; x_wconf 81' lang='grc' dir='ltr'><strong>γὰρ</strong></span> 
     </span>
    </p>
   </div>
   <div class='ocr_carea' id='block_1_9' title="bbox 229 911 1782 982">
    <p class='ocr_par' dir='ltr' id='par_1_9' title="bbox 229 911 1782 982">
     <span class='ocr_line' id='line_1_9' title="bbox 229 911 1782 982; baseline -0.001 -17"><span class='ocrx_word' id='word_1_38' title='bbox 229 914 391 976; x_wconf 82' lang='grc' dir='ltr'>οὕτως</span> <span class='ocrx_word' id='word_1_39' title='bbox 419 914 809 982; x_wconf 81' lang='grc' dir='ltr'>ἐρηρεισμένον</span> <span class='ocrx_word' id='word_1_40' title='bbox 843 913 936 965; x_wconf 76' lang='grc' dir='ltr'><strong>καὶ</strong></span> <span class='ocrx_word' id='word_1_41' title='bbox 963 911 1284 980; x_wconf 81' lang='grc' dir='ltr'><strong>πεποιθήσει</strong></span> <span class='ocrx_word' id='word_1_42' title='bbox 1309 912 1444 964; x_wconf 86' lang='grc' dir='ltr'>Θεοῦ</span> <span class='ocrx_word' id='word_1_43' title='bbox 1474 911 1672 976; x_wconf 80' lang='grc' dir='ltr'>ζῶντα,</span> <span class='ocrx_word' id='word_1_44' title='bbox 1693 913 1782 964; x_wconf 87' lang='grc' dir='ltr'>οὑ-</span> 
     </span>
    </p>
   </div>
   <div class='ocr_carea' id='block_1_10' title="bbox 226 1002 1782 1074">
    <p class='ocr_par' dir='ltr' id='par_1_10' title="bbox 226 1002 1782 1074">
     <span class='ocr_line' id='line_1_10' title="bbox 226 1002 1782 1074; baseline -0.002 -17"><span class='ocrx_word' id='word_1_45' title='bbox 226 1004 306 1057; x_wconf 82' lang='grc' dir='ltr'>δὲν</span> <span class='ocrx_word' id='word_1_46' title='bbox 352 1009 715 1074; x_wconf 84' lang='grc' dir='ltr'>παρακινήσει</span> <span class='ocrx_word' id='word_1_47' title='bbox 747 1004 854 1055; x_wconf 86' lang='grc' dir='ltr'><strong>τῶν</strong></span> <span class='ocrx_word' id='word_1_48' title='bbox 892 1003 1278 1071; x_wconf 79' lang='grc' dir='ltr'><strong>ἀνθρωπίνων·</strong></span> <span class='ocrx_word' id='word_1_49' title='bbox 1319 1002 1648 1072; x_wconf 70' lang='grc' dir='ltr'><strong>ὑψηλότερον</strong></span> <span class='ocrx_word' id='word_1_50' title='bbox 1689 1020 1782 1054; x_wconf 86' lang='grc' dir='ltr'>πε-</span> 
     </span>
    </p>
   </div>
   <div class='ocr_carea' id='block_1_11' title="bbox 227 1093 1779 1164">
    <p class='ocr_par' dir='ltr' id='par_1_11' title="bbox 227 1093 1779 1164">
     <span class='ocr_line' id='line_1_11' title="bbox 227 1093 1779 1164; baseline -0.003 -15"><span class='ocrx_word' id='word_1_51' title='bbox 227 1099 422 1164; x_wconf 78' lang='grc' dir='ltr'>φηνότα</span> <span class='ocrx_word' id='word_1_52' title='bbox 455 1097 673 1149; x_wconf 80' lang='grc' dir='ltr'>πάντων</span> <span class='ocrx_word' id='word_1_53' title='bbox 706 1095 814 1148; x_wconf 89' lang='grc' dir='ltr'><strong>τῶν</strong></span> <span class='ocrx_word' id='word_1_54' title='bbox 842 1095 1032 1146; x_wconf 82' lang='grc' dir='ltr'>λυπεῖν</span> <span class='ocrx_word' id='word_1_55' title='bbox 1079 1095 1364 1146; x_wconf 88' lang='grc' dir='ltr'>είωθότων.</span> <span class='ocrx_word' id='word_1_56' title='bbox 1397 1093 1511 1146; x_wconf 82' lang='grc' dir='ltr'><strong>Κᾶν</strong></span> <span class='ocrx_word' id='word_1_57' title='bbox 1534 1094 1696 1162; x_wconf 81' lang='grc' dir='ltr'><strong>λέγῃς</strong></span> <span class='ocrx_word' id='word_1_58' title='bbox 1723 1096 1779 1146; x_wconf 80' lang='grc' dir='ltr'>ἐν</span> 
     </span>
    </p>
   </div>
   <div class='ocr_carea' id='block_1_12' title="bbox 224 1183 1781 1257">
    <p class='ocr_par' dir='ltr' id='par_1_12' title="bbox 224 1183 1781 1257">
     <span class='ocr_line' id='line_1_12' title="bbox 224 1183 1781 1257; baseline -0.004 -17"><span class='ocrx_word' id='word_1_59' title='bbox 224 1191 281 1256; x_wconf 81' lang='grc' dir='ltr'>τῇ</span> <span class='ocrx_word' id='word_1_60' title='bbox 310 1188 679 1257; x_wconf 85' lang='grc' dir='ltr'>παρακροάσει</span> <span class='ocrx_word' id='word_1_61' title='bbox 709 1186 802 1239; x_wconf 90' lang='grc' dir='ltr'><strong>τοῦ</strong></span> <span class='ocrx_word' id='word_1_62' title='bbox 832 1186 1300 1252; x_wconf 81' lang='grc' dir='ltr'>ἀναγινώσκοντος</span> <span class='ocrx_word' id='word_1_63' title='bbox 1345 1185 1423 1246; x_wconf 84' lang='grc' dir='ltr'>εἰς</span> <span class='ocrx_word' id='word_1_64' title='bbox 1466 1183 1632 1253; x_wconf 82' lang='grc' dir='ltr'>ὕμνον</span> <span class='ocrx_word' id='word_1_65' title='bbox 1663 1183 1781 1252; x_wconf 76' lang='grc' dir='ltr'>τρέ-</span> 
     </span>
    </p>
   </div>
   <div class='ocr_carea' id='block_1_13' title="bbox 224 1273 1781 1344">
    <p class='ocr_par' dir='ltr' id='par_1_13' title="bbox 224 1273 1781 1344">
     <span class='ocr_line' id='line_1_13' title="bbox 224 1273 1781 1344; baseline -0.001 -18"><span class='ocrx_word' id='word_1_66' title='bbox 224 1275 431 1335; x_wconf 78' lang='grc' dir='ltr'>πεσθαι,</span> <span class='ocrx_word' id='word_1_67' title='bbox 465 1276 526 1327; x_wconf 77' lang='grc' dir='ltr'><strong>οὐ</strong></span> <span class='ocrx_word' id='word_1_68' title='bbox 576 1274 790 1344; x_wconf 88' lang='grc' dir='ltr'>θαῦμα·</span> <span class='ocrx_word' id='word_1_69' title='bbox 845 1276 1055 1342; x_wconf 82' lang='grc' dir='ltr'>πέφυκε</span> <span class='ocrx_word' id='word_1_70' title='bbox 1110 1274 1218 1342; x_wconf 83' lang='grc' dir='ltr'>γὰρ</span> <span class='ocrx_word' id='word_1_71' title='bbox 1271 1276 1304 1341; x_wconf 81' lang='grc' dir='ltr'>ἡ</span> <span class='ocrx_word' id='word_1_72' title='bbox 1353 1273 1642 1343; x_wconf 76' lang='grc' dir='ltr'>ἀφαίρεσις</span> <span class='ocrx_word' id='word_1_73' title='bbox 1682 1273 1781 1340; x_wconf 82' lang='grc' dir='ltr'>τῆς</span> 
     </span>
    </p>
   </div>
   <div class='ocr_carea' id='block_1_14' title="bbox 222 1363 1780 1435">
    <p class='ocr_par' dir='ltr' id='par_1_14' title="bbox 222 1363 1780 1435">
     <span class='ocr_line' id='line_1_14' title="bbox 222 1363 1780 1435; baseline -0.003 -17"><span class='ocrx_word' id='word_1_74' title='bbox 222 1366 383 1433; x_wconf 67' lang='grc' dir='ltr'>ὅψεως</span> <span class='ocrx_word' id='word_1_75' title='bbox 414 1367 569 1418; x_wconf 88' lang='grc' dir='ltr'>τοῦτο</span> <span class='ocrx_word' id='word_1_76' title='bbox 603 1364 948 1435; x_wconf 78' lang='grc' dir='ltr'>ἐργάζεσθαι.</span> <span class='ocrx_word' id='word_1_77' title='bbox 986 1364 1104 1418; x_wconf 83' lang='grc' dir='ltr'><strong>Κᾶν</strong></span> <span class='ocrx_word' id='word_1_78' title='bbox 1136 1369 1240 1434; x_wconf 84' lang='grc' dir='ltr'>φῇς</span> <span class='ocrx_word' id='word_1_79' title='bbox 1292 1365 1456 1434; x_wconf 84' lang='grc' dir='ltr'>μηδὲν</span> <span class='ocrx_word' id='word_1_80' title='bbox 1493 1364 1649 1433; x_wconf 80' lang='grc' dir='ltr'>ἔργον</span> <span class='ocrx_word' id='word_1_81' title='bbox 1686 1363 1780 1415; x_wconf 77' lang='grc' dir='ltr'>ἐπὶ</span> 
     </span>
    </p>
   </div>
   <div class='ocr_carea' id='block_1_15' title="bbox 221 1455 1780 1528">
    <p class='ocr_par' dir='ltr' id='par_1_15' title="bbox 221 1455 1780 1528">
     <span class='ocr_line' id='line_1_15' title="bbox 221 1455 1780 1528; baseline -0.003 -19"><span class='ocrx_word' id='word_1_82' title='bbox 221 1461 394 1526; x_wconf 84' lang='grc' dir='ltr'>χεῖρας</span> <span class='ocrx_word' id='word_1_83' title='bbox 439 1457 602 1527; x_wconf 82' lang='grc' dir='ltr'>ἔχειν,</span> <span class='ocrx_word' id='word_1_84' title='bbox 649 1456 1039 1528; x_wconf 82' lang='grc' dir='ltr'>ἀπρακτούσης</span> <span class='ocrx_word' id='word_1_85' title='bbox 1076 1458 1175 1526; x_wconf 80' lang='grc' dir='ltr'>τῆς</span> <span class='ocrx_word' id='word_1_86' title='bbox 1204 1457 1440 1525; x_wconf 80' lang='grc' dir='ltr'>φύσεως,</span> <span class='ocrx_word' id='word_1_87' title='bbox 1493 1455 1658 1524; x_wconf 76' lang='grc' dir='ltr'>μηδὲν</span> <span class='ocrx_word' id='word_1_88' title='bbox 1699 1470 1780 1506; x_wconf 89' lang='grc' dir='ltr'><strong>σοι</strong></span> 
     </span>
    </p>
   </div>
   <div class='ocr_carea' id='block_1_16' title="bbox 223 1544 1782 1618">
    <p class='ocr_par' dir='ltr' id='par_1_16' title="bbox 223 1544 1782 1618">
     <span class='ocr_line' id='line_1_16' title="bbox 223 1544 1782 1618; baseline -0.001 -18"><span class='ocrx_word' id='word_1_89' title='bbox 223 1551 438 1618; x_wconf 81' lang='grc' dir='ltr'>μελέτω.</span> <span class='ocrx_word' id='word_1_90' title='bbox 471 1551 640 1617; x_wconf 76' lang='grc' dir='ltr'>Φησὶν</span> <span class='ocrx_word' id='word_1_91' title='bbox 669 1552 697 1602; x_wconf 91' lang='grc' dir='ltr'><strong>ό</strong></span> <span class='ocrx_word' id='word_1_92' title='bbox 739 1549 1057 1611; x_wconf 85' lang='grc' dir='ltr'>Ἀπόστολος</span> <span class='ocrx_word' id='word_1_93' title='bbox 1078 1565 1092 1579; x_wconf 74' lang='grc' dir='ltr'><strong>ο</strong></span> <span class='ocrx_word' id='word_1_94' title='bbox 1140 1548 1392 1616; x_wconf 51' lang='lat' dir='ltr'><strong>manu»</strong></span> <span class='ocrx_word' id='word_1_95' title='bbox 1413 1547 1592 1614; x_wconf 74' lang='grc' dir='ltr'>ἔχεις,</span> <span class='ocrx_word' id='word_1_96' title='bbox 1619 1544 1782 1599; x_wconf 76' lang='grc' dir='ltr'>διόαο</span> 
     </span>
    </p>
   </div>
   <div class='ocr_carea' id='block_1_17' title="bbox 221 1636 1776 1708">
    <p class='ocr_par' dir='ltr' id='par_1_17' title="bbox 221 1636 1776 1708">
     <span class='ocr_line' id='line_1_17' title="bbox 221 1636 1776 1708; baseline -0.008 -10"><span class='ocrx_word' id='word_1_97' title='bbox 221 1638 331 1706; x_wconf 76' lang='grc' dir='ltr'><strong>χὴν</strong></span> <span class='ocrx_word' id='word_1_98' title='bbox 368 1640 527 1707; x_wconf 79' lang='grc' dir='ltr'>ἔχεις</span> <span class='ocrx_word' id='word_1_99' title='bbox 552 1677 568 1702; x_wconf 85' lang='grc'><strong>,</strong></span> <span class='ocrx_word' id='word_1_100' title='bbox 605 1639 897 1707; x_wconf 75' lang='grc' dir='ltr'>γλῶσσαν</span> <span class='ocrx_word' id='word_1_101' title='bbox 925 1639 1104 1708; x_wconf 81' lang='grc' dir='ltr'>ἔχεις.</span> <span class='ocrx_word' id='word_1_102' title='bbox 1167 1639 1557 1705; x_wconf 72' lang='grc' dir='ltr'><strong>ἀποκάλυψιν</strong></span> <span class='ocrx_word' id='word_1_103' title='bbox 1585 1636 1776 1704; x_wconf 75' lang='grc' dir='ltr'>ἔχεις·</span> 
     </span>
    </p>
   </div>
   <div class='ocr_carea' id='block_1_18' title="bbox 220 1725 1779 1798">
    <p class='ocr_par' dir='ltr' id='par_1_18' title="bbox 220 1725 1779 1798">
     <span class='ocr_line' id='line_1_18' title="bbox 220 1725 1779 1798; baseline -0.001 -18"><span class='ocrx_word' id='word_1_104' title='bbox 220 1728 404 1781; x_wconf 81' lang='grc' dir='ltr'>πάντα</span> <span class='ocrx_word' id='word_1_105' title='bbox 430 1729 583 1796; x_wconf 84' lang='grc' dir='ltr'>πρὸς</span> <span class='ocrx_word' id='word_1_106' title='bbox 613 1728 940 1797; x_wconf 72' lang='grc' dir='ltr'>οἰκοδομὴν</span> <span class='ocrx_word' id='word_1_107' title='bbox 969 1728 1243 1798; x_wconf 74' lang='grc' dir='ltr'>γινέσθω.</span> <span class='ocrx_word' id='word_1_108' title='bbox 1271 1728 1436 1794; x_wconf 84' lang='grc' dir='ltr'>Φάγε,</span> <span class='ocrx_word' id='word_1_109' title='bbox 1460 1726 1569 1790; x_wconf 83' lang='grc' dir='ltr'>πίε,</span> <span class='ocrx_word' id='word_1_110' title='bbox 1597 1725 1779 1780; x_wconf 75' lang='grc' dir='ltr'>ὕπνω-</span> 
     </span>
    </p>
   </div>
   <div class='ocr_carea' id='block_1_19' title="bbox 221 1815 1779 1893">
    <p class='ocr_par' dir='ltr' id='par_1_19' title="bbox 221 1815 1779 1893">
     <span class='ocr_line' id='line_1_19' title="bbox 221 1815 1779 1893; baseline -0.003 -21"><span class='ocrx_word' id='word_1_111' title='bbox 221 1837 324 1873; x_wconf 92' lang='grc' dir='ltr'>σον.</span> <span class='ocrx_word' id='word_1_112' title='bbox 360 1822 536 1874; x_wconf 80' lang='grc' dir='ltr'>Μόνον</span> <span class='ocrx_word' id='word_1_113' title='bbox 567 1822 628 1873; x_wconf 84' lang='grc' dir='ltr'><strong>τὸ</strong></span> <span class='ocrx_word' id='word_1_114' title='bbox 657 1821 978 1893; x_wconf 81' lang='grc' dir='ltr'>εὐχάριστον</span> <span class='ocrx_word' id='word_1_115' title='bbox 1023 1821 1288 1888; x_wconf 83' lang='grc' dir='ltr'>κέκτησο·</span> <span class='ocrx_word' id='word_1_116' title='bbox 1324 1819 1418 1870; x_wconf 72' lang='grc' dir='ltr'><strong>καὶ</strong></span> <span class='ocrx_word' id='word_1_117' title='bbox 1448 1819 1549 1870; x_wconf 83' lang='grc' dir='ltr'>ὅσοι</span> <span class='ocrx_word' id='word_1_118' title='bbox 1585 1834 1667 1868; x_wconf 92' lang='grc' dir='ltr'><strong>σοι</strong></span> <span class='ocrx_word' id='word_1_119' title='bbox 1699 1815 1779 1867; x_wconf 75' lang='grc' dir='ltr'>οῖ-</span> 
     </span>
    </p>
   </div>
   <div class='ocr_carea' id='block_1_20' title="bbox 1887 640 3461 710">
    <p class='ocr_par' dir='ltr' id='par_1_20' title="bbox 1887 640 3461 710">
     <span class='ocr_line' id='line_1_20' title="bbox 1887 640 3461 710; baseline 0.003 -18"><span class='ocrx_word' id='word_1_120' title='bbox 1887 649 2177 706; x_wconf 86' lang='lat' dir='ltr'><strong>tarumque</strong></span> <span class='ocrx_word' id='word_1_121' title='bbox 2208 654 2600 696; x_wconf 72' lang='lat' dir='ltr'><strong>aerumnarum.</strong></span> <span class='ocrx_word' id='word_1_122' title='bbox 2653 641 2865 693; x_wconf 84' lang='lat' dir='ltr'><strong>meliori</strong></span> <span class='ocrx_word' id='word_1_123' title='bbox 2901 640 3231 710; x_wconf 72' lang='lat' dir='ltr'><strong>cogitatione</strong></span> <span class='ocrx_word' id='word_1_124' title='bbox 3261 657 3326 696; x_wconf 88' lang='lat' dir='ltr'><strong>ac</strong></span> <span class='ocrx_word' id='word_1_125' title='bbox 3355 641 3461 698; x_wconf 78' lang='lat' dir='ltr'><strong>[ldo</strong></span> 
     </span>
    </p>
   </div>
   <div class='ocr_carea' id='block_1_21' title="bbox 1889 728 3466 800">
    <p class='ocr_par' dir='ltr' id='par_1_21' title="bbox 1889 728 3466 800">
     <span class='ocr_line' id='line_1_21' title="bbox 1889 728 3466 800; baseline 0.003 -20"><span class='ocrx_word' id='word_1_126' title='bbox 1889 728 2012 780; x_wconf 74' lang='lat' dir='ltr'><strong>nixa</strong></span> <span class='ocrx_word' id='word_1_127' title='bbox 2045 729 2340 792; x_wconf 74' lang='lat' dir='ltr'><strong>sententia,</strong></span> <span class='ocrx_word' id='word_1_128' title='bbox 2376 728 2428 780; x_wconf 91' lang='lat' dir='ltr'><strong>in</strong></span> <span class='ocrx_word' id='word_1_129' title='bbox 2455 729 2762 783; x_wconf 75' lang='lat' dir='ltr'><strong>felicitatem</strong></span> <span class='ocrx_word' id='word_1_130' title='bbox 2785 730 3309 800; x_wconf 78' lang='lat' dir='ltr'><strong>prosperitatemque</strong></span> <span class='ocrx_word' id='word_1_131' title='bbox 3333 749 3466 786; x_wconf 86' lang='lat' dir='ltr'><strong>con-</strong></span> 
     </span>
    </p>
   </div>
   <div class='ocr_carea' id='block_1_22' title="bbox 1886 817 3461 891">
    <p class='ocr_par' dir='ltr' id='par_1_22' title="bbox 1886 817 3461 891">
     <span class='ocr_line' id='line_1_22' title="bbox 1886 817 3461 891; baseline 0.003 -20"><span class='ocrx_word' id='word_1_132' title='bbox 1886 830 2084 871; x_wconf 82' lang='lat' dir='ltr'><strong>vertas.</strong></span> <span class='ocrx_word' id='word_1_133' title='bbox 2121 817 2256 871; x_wconf 89' lang='lat' dir='ltr'><strong>Eum</strong></span> <span class='ocrx_word' id='word_1_134' title='bbox 2299 819 2445 872; x_wconf 90' lang='lat' dir='ltr'><strong>enim</strong></span> <span class='ocrx_word' id='word_1_135' title='bbox 2471 820 2562 887; x_wconf 90' lang='lat' dir='ltr'><strong>qui</strong></span> <span class='ocrx_word' id='word_1_136' title='bbox 2595 821 2667 873; x_wconf 86' lang='lat' dir='ltr'><strong>sit</strong></span> <span class='ocrx_word' id='word_1_137' title='bbox 2694 819 3048 875; x_wconf 83' lang='lat' dir='ltr'><strong>conﬁrmatus</strong></span> <span class='ocrx_word' id='word_1_138' title='bbox 3081 820 3300 891; x_wconf 84' lang='lat' dir='ltr'><strong>Deoque</strong></span> <span class='ocrx_word' id='word_1_139' title='bbox 3329 839 3461 876; x_wconf 87' lang='lat' dir='ltr'><strong>con-</strong></span> 
     </span>
    </p>
   </div>
   <div class='ocr_carea' id='block_1_23' title="bbox 1888 909 3460 982">
    <p class='ocr_par' dir='ltr' id='par_1_23' title="bbox 1888 909 3460 982">
     <span class='ocr_line' id='line_1_23' title="bbox 1888 909 3460 982; baseline 0.006 -22"><span class='ocrx_word' id='word_1_140' title='bbox 1888 909 2017 961; x_wconf 84' lang='lat' dir='ltr'><strong>lisns</strong></span> <span class='ocrx_word' id='word_1_141' title='bbox 2050 909 2200 970; x_wconf 82' lang='lat' dir='ltr'><strong>vivit,</strong></span> <span class='ocrx_word' id='word_1_142' title='bbox 2231 909 2365 963; x_wconf 85' lang='lat' dir='ltr'><strong>nihil</strong></span> <span class='ocrx_word' id='word_1_143' title='bbox 2401 925 2582 964; x_wconf 89' lang='lat' dir='ltr'><strong>rerum</strong></span> <span class='ocrx_word' id='word_1_144' title='bbox 2635 910 2998 965; x_wconf 88' lang='lat' dir='ltr'><strong>humanarum</strong></span> <span class='ocrx_word' id='word_1_145' title='bbox 3053 915 3460 982; x_wconf 87' lang='lat' dir='ltr'><strong>commovebit;</strong></span> 
     </span>
    </p>
   </div>
   <div class='ocr_carea' id='block_1_24' title="bbox 1887 1000 3427 1068">
    <p class='ocr_par' dir='ltr' id='par_1_24' title="bbox 1887 1000 3427 1068">
     <span class='ocr_line' id='line_1_24' title="bbox 1887 1000 3427 1068; baseline 0.009 -20"><span class='ocrx_word' id='word_1_146' title='bbox 1887 1007 1946 1050; x_wconf 91' lang='lat' dir='ltr'><strong>ut</strong></span> <span class='ocrx_word' id='word_1_147' title='bbox 1975 1000 2066 1065; x_wconf 84' lang='lat' dir='ltr'><strong>qui</strong></span> <span class='ocrx_word' id='word_1_148' title='bbox 2094 1000 2351 1052; x_wconf 83' lang='lat' dir='ltr'><strong>omnibus</strong></span> <span class='ocrx_word' id='word_1_149' title='bbox 2397 1016 2518 1067; x_wconf 66' lang='lat' dir='ltr'><strong>qua:</strong></span> <span class='ocrx_word' id='word_1_150' title='bbox 2549 1002 2824 1055; x_wconf 80' lang='lat' dir='ltr'><strong>tristitiam</strong></span> <span class='ocrx_word' id='word_1_151' title='bbox 2874 1002 3068 1058; x_wconf 67' lang='lat' dir='ltr'><strong>allerre</strong></span> <span class='ocrx_word' id='word_1_152' title='bbox 3116 1007 3314 1068; x_wconf 89' lang='lat' dir='ltr'><strong>solent,</strong></span> <span class='ocrx_word' id='word_1_153' title='bbox 3363 1023 3427 1062; x_wconf 90' lang='lat' dir='ltr'><strong>su</strong></span> 
     </span>
    </p>
   </div>
   <div class='ocr_carea' id='block_1_25' title="bbox 1885 1091 3456 1159">
    <p class='ocr_par' dir='ltr' id='par_1_25' title="bbox 1885 1091 3456 1159">
     <span class='ocr_line' id='line_1_25' title="bbox 1885 1091 3456 1159; baseline 0.006 -17"><span class='ocrx_word' id='word_1_154' title='bbox 1885 1093 2067 1158; x_wconf 87' lang='lat' dir='ltr'><strong>perior</strong></span> <span class='ocrx_word' id='word_1_155' title='bbox 2103 1091 2434 1157; x_wconf 79' lang='lat' dir='ltr'><strong>apparuerit.</strong></span> <span class='ocrx_word' id='word_1_156' title='bbox 2471 1092 2627 1157; x_wconf 84' lang='lat' dir='ltr'><strong>Quod</strong></span> <span class='ocrx_word' id='word_1_157' title='bbox 2674 1094 2718 1146; x_wconf 84' lang='lat' dir='ltr'><strong>si</strong></span> <span class='ocrx_word' id='word_1_158' title='bbox 2743 1095 2914 1159; x_wconf 87' lang='lat' dir='ltr'><strong>dicas,</strong></span> <span class='ocrx_word' id='word_1_159' title='bbox 2953 1095 3073 1156; x_wconf 92' lang='lat' dir='ltr'><strong>tibi,</strong></span> <span class='ocrx_word' id='word_1_160' title='bbox 3117 1098 3249 1150; x_wconf 89' lang='lat' dir='ltr'><strong>dum</strong></span> <span class='ocrx_word' id='word_1_161' title='bbox 3283 1099 3456 1152; x_wconf 89' lang='lat' dir='ltr'><strong>lecto-</strong></span> 
     </span>
    </p>
   </div>
   <div class='ocr_carea' id='block_1_26' title="bbox 1886 1179 3465 1251">
    <p class='ocr_par' dir='ltr' id='par_1_26' title="bbox 1886 1179 3465 1251">
     <span class='ocr_line' id='line_1_26' title="bbox 1886 1179 3465 1251; baseline 0.007 -19"><span class='ocrx_word' id='word_1_162' title='bbox 1886 1194 1998 1232; x_wconf 89' lang='lat' dir='ltr'><strong>rem</strong></span> <span class='ocrx_word' id='word_1_163' title='bbox 2036 1179 2216 1245; x_wconf 82' lang='lat' dir='ltr'><strong>audis,</strong></span> <span class='ocrx_word' id='word_1_164' title='bbox 2247 1196 2501 1234; x_wconf 90' lang='lat' dir='ltr'><strong>somnum</strong></span> <span class='ocrx_word' id='word_1_165' title='bbox 2545 1182 2825 1251; x_wconf 87' lang='lat' dir='ltr'><strong>obrepere,</strong></span> <span class='ocrx_word' id='word_1_166' title='bbox 2879 1184 3016 1238; x_wconf 86' lang='lat' dir='ltr'><strong>nihil</strong></span> <span class='ocrx_word' id='word_1_167' title='bbox 3051 1186 3286 1240; x_wconf 86' lang='lat' dir='ltr'><strong>mirum:</strong></span> <span class='ocrx_word' id='word_1_168' title='bbox 3323 1189 3465 1243; x_wconf 88' lang='lat' dir='ltr'><strong>solet</strong></span> 
     </span>
    </p>
   </div>
   <div class='ocr_carea' id='block_1_27' title="bbox 1886 1267 3459 1337">
    <p class='ocr_par' dir='ltr' id='par_1_27' title="bbox 1886 1267 3459 1337">
     <span class='ocr_line' id='line_1_27' title="bbox 1886 1267 3459 1337; baseline 0.008 -17"><span class='ocrx_word' id='word_1_169' title='bbox 1886 1267 2030 1321; x_wconf 88' lang='lat' dir='ltr'><strong>enim</strong></span> <span class='ocrx_word' id='word_1_170' title='bbox 2064 1270 2293 1337; x_wconf 78' lang='lat' dir='ltr'><strong>privatio</strong></span> <span class='ocrx_word' id='word_1_171' title='bbox 2329 1271 2479 1325; x_wconf 91' lang='lat' dir='ltr'><strong>visus</strong></span> <span class='ocrx_word' id='word_1_172' title='bbox 2515 1271 2620 1326; x_wconf 86' lang='lat' dir='ltr'><strong>hoc</strong></span> <span class='ocrx_word' id='word_1_173' title='bbox 2651 1272 2888 1328; x_wconf 70' lang='lat' dir='ltr'><strong>efﬁcere.</strong></span> <span class='ocrx_word' id='word_1_174' title='bbox 2922 1275 2978 1328; x_wconf 90' lang='lat' dir='ltr'><strong>Si</strong></span> <span class='ocrx_word' id='word_1_175' title='bbox 3024 1276 3227 1330; x_wconf 78' lang='lat' dir='ltr'><strong>dixeris</strong></span> <span class='ocrx_word' id='word_1_176' title='bbox 3251 1278 3459 1333; x_wconf 91' lang='lat' dir='ltr'><strong>nullum</strong></span> 
     </span>
    </p>
   </div>
   <div class='ocr_carea' id='block_1_28' title="bbox 1888 1363 3460 1428">
    <p class='ocr_par' dir='ltr' id='par_1_28' title="bbox 1888 1363 3460 1428">
     <span class='ocr_line' id='line_1_28' title="bbox 1888 1363 3460 1428; baseline 0.007 -15"><span class='ocrx_word' id='word_1_177' title='bbox 1888 1367 1940 1413; x_wconf 86' lang='lat' dir='ltr'><strong>te</strong></span> <span class='ocrx_word' id='word_1_178' title='bbox 1962 1375 2098 1426; x_wconf 88' lang='lat' dir='ltr'><strong>opus</strong></span> <span class='ocrx_word' id='word_1_179' title='bbox 2131 1376 2240 1428; x_wconf 81' lang='lat' dir='ltr'><strong>prae</strong></span> <span class='ocrx_word' id='word_1_180' title='bbox 2273 1363 2522 1416; x_wconf 86' lang='lat' dir='ltr'><strong>manibus</strong></span> <span class='ocrx_word' id='word_1_181' title='bbox 2551 1363 2770 1428; x_wconf 88' lang='lat' dir='ltr'><strong>habere,</strong></span> <span class='ocrx_word' id='word_1_182' title='bbox 2807 1366 2878 1418; x_wconf 87' lang='lat' dir='ltr'><strong>ob</strong></span> <span class='ocrx_word' id='word_1_183' title='bbox 2913 1365 3168 1420; x_wconf 84' lang='lat' dir='ltr'><strong>inertiam</strong></span> <span class='ocrx_word' id='word_1_184' title='bbox 3204 1377 3414 1422; x_wconf 66' lang='lat' dir='ltr'><strong>natura:</strong></span> <span class='ocrx_word' id='word_1_185' title='bbox 3445 1387 3460 1424; x_wconf 73' lang='grc' dir='ltr'>ε</span> 
     </span>
    </p>
   </div>
   <div class='ocr_carea' id='block_1_29' title="bbox 1889 1449 3459 1524">
    <p class='ocr_par' dir='ltr' id='par_1_29' title="bbox 1889 1449 3459 1524">
     <span class='ocr_line' id='line_1_29' title="bbox 1889 1449 3459 1524; baseline 0.007 -23"><span class='ocrx_word' id='word_1_186' title='bbox 1889 1464 1955 1502; x_wconf 91' lang='lat' dir='ltr'><strong>ne</strong></span> <span class='ocrx_word' id='word_1_187' title='bbox 1988 1449 2081 1502; x_wconf 84' lang='lat' dir='ltr'><strong>tibi</strong></span> <span class='ocrx_word' id='word_1_188' title='bbox 2112 1450 2162 1501; x_wconf 89' lang='lat' dir='ltr'><strong>id</strong></span> <span class='ocrx_word' id='word_1_189' title='bbox 2201 1465 2347 1504; x_wconf 66' lang='lat' dir='ltr'><strong>curae</strong></span> <span class='ocrx_word' id='word_1_190' title='bbox 2370 1453 2460 1506; x_wconf 90' lang='lat' dir='ltr'><strong>sit.</strong></span> <span class='ocrx_word' id='word_1_191' title='bbox 2491 1453 2582 1505; x_wconf 81' lang='lat' dir='ltr'><strong>Ait</strong></span> <span class='ocrx_word' id='word_1_192' title='bbox 2603 1454 2892 1522; x_wconf 87' lang='lat' dir='ltr'><strong>Apostolus</strong></span> <span class='ocrx_word' id='word_1_193' title='bbox 2921 1473 2932 1508; x_wconf 85' lang='lat'><strong>:</strong></span> <span class='ocrx_word' id='word_1_194' title='bbox 2963 1454 3242 1512; x_wconf 77' lang='lat' dir='ltr'><strong>Psatiuum</strong></span> <span class='ocrx_word' id='word_1_195' title='bbox 3281 1458 3459 1524; x_wconf 76' lang='lat' dir='ltr'><strong>habes,</strong></span> 
     </span>
    </p>
   </div>
   <div class='ocr_carea' id='block_1_30' title="bbox 1887 1540 3459 1621">
    <p class='ocr_par' dir='ltr' id='par_1_30' title="bbox 1887 1540 3459 1621">
     <span class='ocr_line' id='line_1_30' title="bbox 1887 1540 3459 1621; baseline 0.009 -30"><span class='ocrx_word' id='word_1_196' title='bbox 1887 1540 2185 1594; x_wconf 82' lang='lat' dir='ltr'><strong>doctrinam</strong></span> <span class='ocrx_word' id='word_1_197' title='bbox 2212 1544 2394 1606; x_wconf 76' lang='lat' dir='ltr'><strong>habes,</strong></span> <span class='ocrx_word' id='word_1_198' title='bbox 2433 1544 2669 1614; x_wconf 80' lang='lat' dir='ltr'><strong>linguam</strong></span> <span class='ocrx_word' id='word_1_199' title='bbox 2694 1545 2869 1608; x_wconf 81' lang='lat' dir='ltr'><strong>habes,</strong></span> <span class='ocrx_word' id='word_1_200' title='bbox 2899 1549 3255 1618; x_wconf 74' lang='lat' dir='ltr'><strong>apocalypsim</strong></span> <span class='ocrx_word' id='word_1_201' title='bbox 3277 1549 3459 1621; x_wconf 81' lang='lat' dir='ltr'><strong>[reve-</strong></span> 
     </span>
    </p>
   </div>
   <div class='ocr_carea' id='block_1_31' title="bbox 1887 1631 3456 1708">
    <p class='ocr_par' dir='ltr' id='par_1_31' title="bbox 1887 1631 3456 1708">
     <span class='ocr_line' id='line_1_31' title="bbox 1887 1631 3456 1708; baseline 0.009 -25"><span class='ocrx_word' id='word_1_202' title='bbox 1887 1631 2168 1703; x_wconf 87' lang='lat' dir='ltr'><strong>lationem]</strong></span> <span class='ocrx_word' id='word_1_203' title='bbox 2201 1635 2360 1688; x_wconf 81' lang='lat' dir='ltr'><strong>habes</strong></span> <span class='ocrx_word' id='word_1_204' title='bbox 2391 1651 2410 1688; x_wconf 89' lang='lat'><strong><em>:</em></strong></span> <span class='ocrx_word' id='word_1_205' title='bbox 2450 1639 2632 1688; x_wconf 82' lang='lat' dir='ltr'><strong>omnia</strong></span> <span class='ocrx_word' id='word_1_206' title='bbox 2669 1638 2738 1689; x_wconf 86' lang='lat' dir='ltr'><strong>ad</strong></span> <span class='ocrx_word' id='word_1_207' title='bbox 2783 1639 3188 1705; x_wconf 70' lang='lat' dir='ltr'><strong>ludiﬁcationem</strong></span> <span class='ocrx_word' id='word_1_208' title='bbox 3224 1642 3358 1708; x_wconf 80' lang='lat' dir='ltr'><strong>ﬁant</strong></span> <span class='ocrx_word' id='word_1_209' title='bbox 3386 1643 3456 1697; x_wconf 75' lang='lat'><strong>&quot;.</strong></span> 
     </span>
    </p>
   </div>
   <div class='ocr_carea' id='block_1_32' title="bbox 1885 1719 3464 1802">
    <p class='ocr_par' dir='ltr' id='par_1_32' title="bbox 1885 1719 3464 1802">
     <span class='ocr_line' id='line_1_32' title="bbox 1885 1719 3464 1802; baseline 0.01 -30"><span class='ocrx_word' id='word_1_210' title='bbox 1885 1719 2015 1781; x_wconf 86' lang='lat' dir='ltr'><strong>Ede,</strong></span> <span class='ocrx_word' id='word_1_211' title='bbox 2047 1723 2190 1788; x_wconf 86' lang='lat' dir='ltr'><strong>bibe,</strong></span> <span class='ocrx_word' id='word_1_212' title='bbox 2215 1726 2414 1778; x_wconf 89' lang='lat' dir='ltr'><strong>dormi.</strong></span> <span class='ocrx_word' id='word_1_213' title='bbox 2440 1724 2674 1779; x_wconf 84' lang='lat' dir='ltr'><strong>Tantum</strong></span> <span class='ocrx_word' id='word_1_214' title='bbox 2733 1739 2888 1797; x_wconf 78' lang='lat' dir='ltr'><strong>grato</strong></span> <span class='ocrx_word' id='word_1_215' title='bbox 2918 1729 2996 1784; x_wconf 88' lang='lat' dir='ltr'><strong>sis</strong></span> <span class='ocrx_word' id='word_1_216' title='bbox 3027 1730 3231 1796; x_wconf 88' lang='lat' dir='ltr'><strong>animo,</strong></span> <span class='ocrx_word' id='word_1_217' title='bbox 3261 1742 3315 1786; x_wconf 90' lang='lat' dir='ltr'><strong>et</strong></span> <span class='ocrx_word' id='word_1_218' title='bbox 3343 1749 3464 1802; x_wconf 74' lang='lat' dir='ltr'><strong>qua:</strong></span> 
     </span>
    </p>
   </div>
   <div class='ocr_carea' id='block_1_33' title="bbox 1885 1811 3465 1882">
    <p class='ocr_par' dir='ltr' id='par_1_33' title="bbox 1885 1811 3465 1882">
     <span class='ocr_line' id='line_1_33' title="bbox 1885 1811 3465 1882; baseline 0.009 -20"><span class='ocrx_word' id='word_1_219' title='bbox 1885 1823 1948 1862; x_wconf 82' lang='lat' dir='ltr'><strong>ex</strong></span> <span class='ocrx_word' id='word_1_220' title='bbox 1987 1811 2157 1878; x_wconf 90' lang='lat' dir='ltr'><strong>teipso</strong></span> <span class='ocrx_word' id='word_1_221' title='bbox 2186 1811 2279 1866; x_wconf 88' lang='lat' dir='ltr'><strong>tibi</strong></span> <span class='ocrx_word' id='word_1_222' title='bbox 2317 1823 2632 1882; x_wconf 88' lang='lat' dir='ltr'><strong>suppetunt,</strong></span> <span class='ocrx_word' id='word_1_223' title='bbox 2663 1825 2716 1868; x_wconf 89' lang='lat' dir='ltr'><strong>ct</strong></span> <span class='ocrx_word' id='word_1_224' title='bbox 2753 1816 2805 1868; x_wconf 93' lang='lat' dir='ltr'><strong>in</strong></span> <span class='ocrx_word' id='word_1_225' title='bbox 2836 1819 3072 1871; x_wconf 83' lang='lat' dir='ltr'><strong>naturali</strong></span> <span class='ocrx_word' id='word_1_226' title='bbox 3107 1821 3465 1876; x_wconf 87' lang='lat' dir='ltr'><strong>mentislibro</strong></span> 
     </span>
    </p>
   </div>
   <div class='ocr_carea' id='block_1_34' title="bbox 219 1902 1776 1984">
    <p class='ocr_par' dir='ltr' id='par_1_34' title="bbox 219 1909 1776 1984">
     <span class='ocr_line' id='line_1_34' title="bbox 219 1909 1776 1984; baseline -0.002 -21"><span class='ocrx_word' id='word_1_227' title='bbox 219 1914 381 1974; x_wconf 73' lang='grc' dir='ltr'>κόθεν,</span> <span class='ocrx_word' id='word_1_228' title='bbox 417 1914 515 1967; x_wconf 74' lang='grc' dir='ltr'><strong>καὶ</strong></span> <span class='ocrx_word' id='word_1_229' title='bbox 547 1916 603 1966; x_wconf 83' lang='grc' dir='ltr'><strong>ὲν</strong></span> <span class='ocrx_word' id='word_1_230' title='bbox 626 1914 704 1984; x_wconf 82' lang='grc' dir='ltr'>τῷ</span> <span class='ocrx_word' id='word_1_231' title='bbox 737 1913 948 1983; x_wconf 78' lang='grc' dir='ltr'>φυσικῷ</span> <span class='ocrx_word' id='word_1_232' title='bbox 993 1913 1086 1964; x_wconf 87' lang='grc' dir='ltr'><strong>τοῦ</strong></span> <span class='ocrx_word' id='word_1_233' title='bbox 1116 1909 1207 1963; x_wconf 88' lang='grc' dir='ltr'><strong>νοῦ</strong></span> <span class='ocrx_word' id='word_1_234' title='bbox 1245 1910 1434 1979; x_wconf 76' lang='grc' dir='ltr'>βιϐλίῳ</span> <span class='ocrx_word' id='word_1_235' title='bbox 1467 1909 1776 1971; x_wconf 84' lang='grc' dir='ltr'>ἀπόκειται,</span> 
     </span>
    </p>
   </div>
   <div class='ocr_carea' id='block_1_35' title="bbox 1883 1902 3460 1984">
    <p class='ocr_par' dir='ltr' id='par_1_35' title="bbox 1888 1902 3460 1981">
     <span class='ocr_line' id='line_1_35' title="bbox 1888 1902 3460 1981; baseline 0.008 -26"><span class='ocrx_word' id='word_1_236' title='bbox 1888 1902 2107 1955; x_wconf 85' lang='lat' dir='ltr'><strong>condita</strong></span> <span class='ocrx_word' id='word_1_237' title='bbox 2135 1913 2280 1968; x_wconf 87' lang='lat' dir='ltr'><strong>sunt,</strong></span> <span class='ocrx_word' id='word_1_238' title='bbox 2318 1905 2451 1974; x_wconf 89' lang='lat' dir='ltr'><strong>lege.</strong></span> <span class='ocrx_word' id='word_1_239' title='bbox 2490 1907 2555 1958; x_wconf 81' lang='lat' dir='ltr'><strong>Et</strong></span> <span class='ocrx_word' id='word_1_240' title='bbox 2582 1907 2925 1973; x_wconf 85' lang='lat' dir='ltr'><strong>postmodum</strong></span> <span class='ocrx_word' id='word_1_241' title='bbox 2953 1920 3114 1963; x_wconf 87' lang='lat' dir='ltr'><strong>acute</strong></span> <span class='ocrx_word' id='word_1_242' title='bbox 3140 1912 3460 1981; x_wconf 85' lang='lat' dir='ltr'><strong>perspicies,</strong></span> 
     </span>
    </p>
   </div>
   <div class='ocr_carea' id='block_1_36' title="bbox 217 2000 1776 2074">
    <p class='ocr_par' dir='ltr' id='par_1_36' title="bbox 217 2000 1776 2074">
     <span class='ocr_line' id='line_1_36' title="bbox 217 2000 1776 2074; baseline -0.004 -16"><span class='ocrx_word' id='word_1_243' title='bbox 217 2008 570 2074; x_wconf 83' lang='grc' dir='ltr'>ἀναγίνωσκε.</span> <span class='ocrx_word' id='word_1_244' title='bbox 600 2008 709 2059; x_wconf 75' lang='grc' dir='ltr'><strong>Καὶ</strong></span> <span class='ocrx_word' id='word_1_245' title='bbox 735 2005 927 2074; x_wconf 82' lang='grc' dir='ltr'>μικρὸν</span> <span class='ocrx_word' id='word_1_246' title='bbox 961 2003 1186 2071; x_wconf 78' lang='grc' dir='ltr'>ὕστερον</span> <span class='ocrx_word' id='word_1_247' title='bbox 1224 2000 1583 2068; x_wconf 67' lang='grc' dir='ltr'>ἀναϐλέψειας</span> <span class='ocrx_word' id='word_1_248' title='bbox 1615 2003 1776 2070; x_wconf 81' lang='grc' dir='ltr'>μέγα,</span> 
     </span>
    </p>
   </div>
   <div class='ocr_carea' id='block_1_37' title="bbox 217 2091 1778 2166">
    <p class='ocr_par' dir='ltr' id='par_1_37' title="bbox 217 2091 1778 2166">
     <span class='ocr_line' id='line_1_37' title="bbox 217 2091 1778 2166; baseline -0.006 -15"><span class='ocrx_word' id='word_1_249' title='bbox 217 2102 302 2152; x_wconf 79' lang='grc' dir='ltr'><strong>καὶ</strong></span> <span class='ocrx_word' id='word_1_250' title='bbox 329 2101 458 2162; x_wconf 84' lang='grc' dir='ltr'>ῖδοις</span> <span class='ocrx_word' id='word_1_251' title='bbox 492 2100 551 2152; x_wconf 83' lang='grc' dir='ltr'><strong>τὸ</strong></span> <span class='ocrx_word' id='word_1_252' title='bbox 577 2099 692 2166; x_wconf 81' lang='grc' dir='ltr'><strong>φῶς</strong></span> <span class='ocrx_word' id='word_1_253' title='bbox 721 2098 778 2148; x_wconf 87' lang='grc' dir='ltr'><strong>τὸ</strong></span> <span class='ocrx_word' id='word_1_254' title='bbox 804 2096 1118 2164; x_wconf 80' lang='grc' dir='ltr'>ἀπρόσιτον,</span> <span class='ocrx_word' id='word_1_255' title='bbox 1137 2091 1344 2161; x_wconf 78' lang='grc' dir='ltr'>Ἰησοῦν</span> <span class='ocrx_word' id='word_1_256' title='bbox 1369 2092 1459 2144; x_wconf 83' lang='grc' dir='ltr'><strong>τὸν</strong></span> <span class='ocrx_word' id='word_1_257' title='bbox 1491 2092 1617 2143; x_wconf 82' lang='grc' dir='ltr'>Υἱὸν</span> <span class='ocrx_word' id='word_1_258' title='bbox 1641 2091 1778 2143; x_wconf 87' lang='grc' dir='ltr'>Θεοῦ</span> 
     </span>
    </p>
   </div>
   <div class='ocr_carea' id='block_1_38' title="bbox 215 2183 1780 2260">
    <p class='ocr_par' dir='ltr' id='par_1_38' title="bbox 215 2183 1780 2260">
     <span class='ocr_line' id='line_1_38' title="bbox 215 2183 1780 2260; baseline -0.008 -16"><span class='ocrx_word' id='word_1_259' title='bbox 215 2193 298 2244; x_wconf 80' lang='grc' dir='ltr'>ἀπ’</span> <span class='ocrx_word' id='word_1_260' title='bbox 327 2191 574 2260; x_wconf 80' lang='grc' dir='ltr'>οὐρανῶν</span> <span class='ocrx_word' id='word_1_261' title='bbox 626 2188 916 2259; x_wconf 80' lang='grc' dir='ltr'>ἐρχόμενον</span> <span class='ocrx_word' id='word_1_262' title='bbox 966 2186 1105 2255; x_wconf 87' lang='grc' dir='ltr'>μετὰ</span> <span class='ocrx_word' id='word_1_263' title='bbox 1147 2185 1303 2250; x_wconf 80' lang='grc' dir='ltr'>δόξης</span> <span class='ocrx_word' id='word_1_264' title='bbox 1357 2186 1449 2236; x_wconf 77' lang='grc' dir='ltr'><strong>καὶ</strong></span> <span class='ocrx_word' id='word_1_265' title='bbox 1496 2183 1780 2251; x_wconf 89' lang='grc' dir='ltr'>δυνάμεως</span> 
     </span>
    </p>
   </div>
   <div class='ocr_carea' id='block_1_39' title="bbox 216 2274 1780 2350">
    <p class='ocr_par' dir='ltr' id='par_1_39' title="bbox 216 2274 1780 2350">
     <span class='ocr_line' id='line_1_39' title="bbox 216 2274 1780 2350; baseline -0.007 -16"><span class='ocrx_word' id='word_1_266' title='bbox 216 2284 368 2336; x_wconf 88' lang='grc' dir='ltr'>αὑτοῦ</span> <span class='ocrx_word' id='word_1_267' title='bbox 397 2286 452 2334; x_wconf 81' lang='grc' dir='ltr'>ἐν</span> <span class='ocrx_word' id='word_1_268' title='bbox 481 2282 616 2350; x_wconf 77' lang='grc' dir='ltr'>πυρὶ</span> <span class='ocrx_word' id='word_1_269' title='bbox 648 2280 844 2348; x_wconf 76' lang='grc' dir='ltr'>φλογός</span> <span class='ocrx_word' id='word_1_270' title='bbox 865 2297 876 2307; x_wconf 90' lang='grc'><strong>·</strong></span> <span class='ocrx_word' id='word_1_271' title='bbox 912 2279 1004 2341; x_wconf 81' lang='grc' dir='ltr'><strong>οὓς</strong></span> <span class='ocrx_word' id='word_1_272' title='bbox 1038 2277 1136 2347; x_wconf 78' lang='grc' dir='ltr'>μὲν</span> <span class='ocrx_word' id='word_1_273' title='bbox 1166 2278 1421 2347; x_wconf 83' lang='grc' dir='ltr'>κρίνοντα</span> <span class='ocrx_word' id='word_1_274' title='bbox 1442 2274 1517 2336; x_wconf 85' lang='grc' dir='ltr'>ὡς</span> <span class='ocrx_word' id='word_1_275' title='bbox 1537 2274 1780 2334; x_wconf 75' lang='grc' dir='ltr'>ἐνδίκους</span> 
     </span>
    </p>
   </div>
   <div class='ocr_carea' id='block_1_40' title="bbox 215 2364 1776 2442">
    <p class='ocr_par' dir='ltr' id='par_1_40' title="bbox 215 2364 1776 2442">
     <span class='ocr_line' id='line_1_40' title="bbox 215 2364 1776 2442; baseline -0.007 -18"><span class='ocrx_word' id='word_1_276' title='bbox 215 2375 464 2442; x_wconf 84' lang='grc' dir='ltr'>κρίσεως·</span> <span class='ocrx_word' id='word_1_277' title='bbox 506 2371 597 2434; x_wconf 80' lang='grc' dir='ltr'><strong>οὓς</strong></span> <span class='ocrx_word' id='word_1_278' title='bbox 631 2371 688 2423; x_wconf 74' lang='grc' dir='ltr'>δὲ</span> <span class='ocrx_word' id='word_1_279' title='bbox 741 2369 1032 2434; x_wconf 77' lang='grc' dir='ltr'>δοξάζοντα</span> <span class='ocrx_word' id='word_1_280' title='bbox 1082 2369 1156 2432; x_wconf 87' lang='grc' dir='ltr'><strong>ὡς</strong></span> <span class='ocrx_word' id='word_1_281' title='bbox 1201 2367 1361 2436; x_wconf 79' lang='grc' dir='ltr'>δόξης</span> <span class='ocrx_word' id='word_1_282' title='bbox 1423 2364 1776 2434; x_wconf 81' lang='grc' dir='ltr'>συνίστορας·</span> 
     </span>
    </p>
   </div>
   <div class='ocr_carea' id='block_1_41' title="bbox 216 2453 1778 2532">
    <p class='ocr_par' dir='ltr' id='par_1_41' title="bbox 216 2453 1778 2532">
     <span class='ocr_line' id='line_1_41' title="bbox 216 2453 1778 2532; baseline -0.007 -17"><span class='ocrx_word' id='word_1_283' title='bbox 216 2461 326 2532; x_wconf 80' lang='grc' dir='ltr'>μεθ’</span> <span class='ocrx_word' id='word_1_284' title='bbox 355 2455 430 2514; x_wconf 86' lang='grc' dir='ltr'>ὦν</span> <span class='ocrx_word' id='word_1_285' title='bbox 461 2461 579 2528; x_wconf 77' lang='grc' dir='ltr'>εἴης</span> <span class='ocrx_word' id='word_1_286' title='bbox 610 2461 701 2512; x_wconf 74' lang='grc' dir='ltr'><strong>καὶ</strong></span> <span class='ocrx_word' id='word_1_287' title='bbox 726 2459 909 2521; x_wconf 79' lang='grc' dir='ltr'>αὐτὸς,</span> <span class='ocrx_word' id='word_1_288' title='bbox 943 2458 1164 2526; x_wconf 74' lang='grc' dir='ltr'>φίλτατε</span> <span class='ocrx_word' id='word_1_289' title='bbox 1200 2474 1289 2526; x_wconf 87' lang='grc' dir='ltr'><strong>μοι</strong></span> <span class='ocrx_word' id='word_1_290' title='bbox 1325 2456 1422 2508; x_wconf 67' lang='grc' dir='ltr'>καὶ</span> <span class='ocrx_word' id='word_1_291' title='bbox 1458 2453 1778 2522; x_wconf 85' lang='grc' dir='ltr'>τιμιώτατε,</span> 
     </span>
    </p>
   </div>
   <div class='ocr_carea' id='block_1_42' title="bbox 212 2537 1780 2623">
    <p class='ocr_par' dir='ltr' id='par_1_42' title="bbox 212 2537 1780 2623">
     <span class='ocr_line' id='line_1_42' title="bbox 212 2537 1780 2623; baseline -0.01 -14"><span class='ocrx_word' id='word_1_292' title='bbox 212 2554 615 2623; x_wconf 78' lang='grc' dir='ltr'>ἁπαστράπτων</span> <span class='ocrx_word' id='word_1_293' title='bbox 646 2553 734 2603; x_wconf 85' lang='grc' dir='ltr'><strong>ίσα</strong></span> <span class='ocrx_word' id='word_1_294' title='bbox 771 2550 865 2602; x_wconf 71' lang='grc' dir='ltr'>καὶ</span> <span class='ocrx_word' id='word_1_295' title='bbox 893 2550 1043 2619; x_wconf 79' lang='grc' dir='ltr'>ἡλίου</span> <span class='ocrx_word' id='word_1_296' title='bbox 1075 2548 1264 2617; x_wconf 85' lang='grc' dir='ltr'>βολίδι.</span> <span class='ocrx_word' id='word_1_297' title='bbox 1293 2546 1424 2616; x_wconf 78' lang='grc' dir='ltr'>Περὶ</span> <span class='ocrx_word' id='word_1_298' title='bbox 1453 2537 1512 2597; x_wconf 73' lang='grc' dir='ltr'>οὗ</span> <span class='ocrx_word' id='word_1_299' title='bbox 1547 2543 1780 2612; x_wconf 87' lang='grc' dir='ltr'>προώρι-</span> 
     </span>
    </p>
   </div>
   <div class='ocr_carea' id='block_1_43' title="bbox 215 2636 1779 2716">
    <p class='ocr_par' dir='ltr' id='par_1_43' title="bbox 215 2636 1779 2716">
     <span class='ocr_line' id='line_1_43' title="bbox 215 2636 1779 2716; baseline -0.006 -20"><span class='ocrx_word' id='word_1_300' title='bbox 215 2663 300 2706; x_wconf 77' lang='lat' dir='ltr'><strong>cu;</strong></span> <span class='ocrx_word' id='word_1_301' title='bbox 337 2645 664 2716; x_wconf 81' lang='grc' dir='ltr'>προαστείου</span> <span class='ocrx_word' id='word_1_302' title='bbox 711 2645 790 2705; x_wconf 85' lang='grc' dir='ltr'>εἰς</span> <span class='ocrx_word' id='word_1_303' title='bbox 840 2643 1198 2712; x_wconf 82' lang='grc' dir='ltr'>μοναστήριον</span> <span class='ocrx_word' id='word_1_304' title='bbox 1241 2637 1596 2700; x_wconf 82' lang='grc' dir='ltr'>καθεστάναι,</span> <span class='ocrx_word' id='word_1_305' title='bbox 1637 2636 1690 2688; x_wconf 83' lang='grc' dir='ltr'><strong>εῐ</strong></span> <span class='ocrx_word' id='word_1_306' title='bbox 1726 2653 1779 2688; x_wconf 91' lang='grc' dir='ltr'><strong>τι</strong></span> 
     </span>
    </p>
   </div>
   <div class='ocr_carea' id='block_1_44' title="bbox 212 2727 1781 2803">
    <p class='ocr_par' dir='ltr' id='par_1_44' title="bbox 212 2727 1781 2803">
     <span class='ocr_line' id='line_1_44' title="bbox 212 2727 1781 2803; baseline -0.006 -14"><span class='ocrx_word' id='word_1_307' title='bbox 212 2734 294 2790; x_wconf 77' lang='grc' dir='ltr'><strong>οὖν</strong></span> <span class='ocrx_word' id='word_1_308' title='bbox 319 2738 470 2801; x_wconf 81' lang='grc' dir='ltr'>ἄλλο,</span> <span class='ocrx_word' id='word_1_309' title='bbox 506 2735 678 2797; x_wconf 79' lang='grc' dir='ltr'>οὕτως</span> <span class='ocrx_word' id='word_1_310' title='bbox 707 2735 739 2802; x_wconf 83' lang='grc' dir='ltr'>ἢ</span> <span class='ocrx_word' id='word_1_311' title='bbox 767 2734 988 2803; x_wconf 77' lang='grc' dir='ltr'>ἑτέρως,</span> <span class='ocrx_word' id='word_1_312' title='bbox 1033 2735 1092 2786; x_wconf 82' lang='grc' dir='ltr'>ὲν</span> <span class='ocrx_word' id='word_1_313' title='bbox 1117 2730 1266 2799; x_wconf 85' lang='grc' dir='ltr'>καλῷ</span> <span class='ocrx_word' id='word_1_314' title='bbox 1299 2728 1570 2800; x_wconf 85' lang='grc' dir='ltr'>διώριστο,</span> <span class='ocrx_word' id='word_1_315' title='bbox 1604 2727 1781 2780; x_wconf 84' lang='grc' dir='ltr'>πάντα</span> 
     </span>
    </p>
   </div>
   <div class='ocr_carea' id='block_1_45' title="bbox 212 2819 1780 2900">
    <p class='ocr_par' dir='ltr' id='par_1_45' title="bbox 212 2819 1780 2900">
     <span class='ocr_line' id='line_1_45' title="bbox 212 2819 1780 2900; baseline -0.008 -18"><span class='ocrx_word' id='word_1_316' title='bbox 212 2831 280 2893; x_wconf 83' lang='grc' dir='ltr'>ὡς</span> <span class='ocrx_word' id='word_1_317' title='bbox 329 2830 432 2900; x_wconf 71' lang='grc' dir='ltr'>ήδη</span> <span class='ocrx_word' id='word_1_318' title='bbox 473 2827 738 2896; x_wconf 81' lang='grc' dir='ltr'>γεγονότα</span> <span class='ocrx_word' id='word_1_319' title='bbox 769 2826 899 2888; x_wconf 84' lang='grc' dir='ltr'><strong>Θεὸς</strong></span> <span class='ocrx_word' id='word_1_320' title='bbox 954 2825 1205 2884; x_wconf 74' lang='grc' dir='ltr'>ἐδέξατο·</span> <span class='ocrx_word' id='word_1_321' title='bbox 1241 2821 1400 2891; x_wconf 80' lang='grc' dir='ltr'>εἴπερ</span> <span class='ocrx_word' id='word_1_322' title='bbox 1438 2819 1780 2890; x_wconf 72' lang='grc' dir='ltr'>εὐχαρίστως</span> 
     </span>
    </p>
   </div>
   <div class='ocr_carea' id='block_1_46' title="bbox 209 2912 1780 2992">
    <p class='ocr_par' dir='ltr' id='par_1_46' title="bbox 209 2912 1780 2992">
     <span class='ocr_line' id='line_1_46' title="bbox 209 2912 1780 2992; baseline -0.006 -19"><span class='ocrx_word' id='word_1_323' title='bbox 209 2923 296 2992; x_wconf 74' lang='grc' dir='ltr'><strong>τὴν</strong></span> <span class='ocrx_word' id='word_1_324' title='bbox 328 2921 620 2991; x_wconf 79' lang='grc' dir='ltr'>ἀφαίρεσιν</span> <span class='ocrx_word' id='word_1_325' title='bbox 649 2917 866 2970; x_wconf 79' lang='grc' dir='ltr'>πάντων</span> <span class='ocrx_word' id='word_1_326' title='bbox 893 2915 1081 2977; x_wconf 74' lang='grc' dir='ltr'>οἴσεις.</span> <span class='ocrx_word' id='word_1_327' title='bbox 1115 2913 1427 2985; x_wconf 77' lang='grc' dir='ltr'>Προσεὺχου</span> <span class='ocrx_word' id='word_1_328' title='bbox 1469 2915 1599 2981; x_wconf 76' lang='grc' dir='ltr'>περὶ</span> <span class='ocrx_word' id='word_1_329' title='bbox 1623 2912 1780 2981; x_wconf 82' lang='grc' dir='ltr'>ἡμῶν</span> 
     </span>
    </p>
   </div>
   <div class='ocr_carea' id='block_1_47' title="bbox 210 3002 1779 3081">
    <p class='ocr_par' dir='ltr' id='par_1_47' title="bbox 210 3002 1779 3081">
     <span class='ocr_line' id='line_1_47' title="bbox 210 3002 1779 3081; baseline -0.007 -16"><span class='ocrx_word' id='word_1_330' title='bbox 210 3013 310 3065; x_wconf 83' lang='grc' dir='ltr'><strong>τῶν</strong></span> <span class='ocrx_word' id='word_1_331' title='bbox 340 3009 689 3081; x_wconf 82' lang='grc' dir='ltr'>ἁμαρτωλῶν</span> <span class='ocrx_word' id='word_1_332' title='bbox 710 3025 722 3038; x_wconf 90' lang='grc'><strong>·</strong></span> <span class='ocrx_word' id='word_1_333' title='bbox 759 3009 882 3079; x_wconf 84' lang='grc' dir='ltr'>ἄρτι</span> <span class='ocrx_word' id='word_1_334' title='bbox 907 3009 1014 3077; x_wconf 82' lang='grc' dir='ltr'><strong>γὰρ</strong></span> <span class='ocrx_word' id='word_1_335' title='bbox 1045 3008 1142 3075; x_wconf 90' lang='grc' dir='ltr'>οὑχ</span> <span class='ocrx_word' id='word_1_336' title='bbox 1172 3008 1332 3077; x_wconf 79' lang='grc' dir='ltr'>ἡμεῖς</span> <span class='ocrx_word' id='word_1_337' title='bbox 1371 3006 1419 3058; x_wconf 80' lang='grc' dir='ltr'><strong>οἱ</strong></span> <span class='ocrx_word' id='word_1_338' title='bbox 1445 3002 1779 3074; x_wconf 77' lang='grc' dir='ltr'>ἁμαρτωλοὶ,</span> 
     </span>
    </p>
   </div>
   <div class='ocr_carea' id='block_1_48' title="bbox 209 3095 1781 3168">
    <p class='ocr_par' dir='ltr' id='par_1_48' title="bbox 209 3095 1781 3168">
     <span class='ocr_line' id='line_1_48' title="bbox 209 3095 1781 3168; baseline -0.008 -11"><span class='ocrx_word' id='word_1_339' title='bbox 209 3105 338 3158; x_wconf 77' lang='grc' dir='ltr'>ἀλλὰ</span> <span class='ocrx_word' id='word_1_340' title='bbox 379 3105 476 3157; x_wconf 87' lang='grc' dir='ltr'><strong>καί</strong></span> <span class='ocrx_word' id='word_1_341' title='bbox 521 3102 574 3154; x_wconf 82' lang='grc' dir='ltr'><strong>εί</strong></span> <span class='ocrx_word' id='word_1_342' title='bbox 612 3118 697 3163; x_wconf 90' lang='grc' dir='ltr'><strong>τις</strong></span> <span class='ocrx_word' id='word_1_343' title='bbox 723 3100 832 3153; x_wconf 90' lang='grc' dir='ltr'><strong>τῶν</strong></span> <span class='ocrx_word' id='word_1_344' title='bbox 868 3099 1030 3153; x_wconf 88' lang='grc' dir='ltr'>ὁσίων</span> <span class='ocrx_word' id='word_1_345' title='bbox 1072 3099 1411 3168; x_wconf 83' lang='grc' dir='ltr'>ὲξαιτήσοιτο</span> <span class='ocrx_word' id='word_1_346' title='bbox 1445 3097 1510 3150; x_wconf 79' lang='grc' dir='ltr'>ἄν</span> <span class='ocrx_word' id='word_1_347' title='bbox 1545 3112 1639 3148; x_wconf 89' lang='grc' dir='ltr'><strong>σου</strong></span> <span class='ocrx_word' id='word_1_348' title='bbox 1679 3095 1781 3162; x_wconf 80' lang='grc' dir='ltr'><strong>τὴν</strong></span> 
     </span>
    </p>
   </div>
   <div class='ocr_carea' id='block_1_49' title="bbox 210 3185 1778 3264">
    <p class='ocr_par' dir='ltr' id='par_1_49' title="bbox 210 3185 1778 3264">
     <span class='ocr_line' id='line_1_49' title="bbox 210 3185 1778 3264; baseline -0.007 -17"><span class='ocrx_word' id='word_1_349' title='bbox 210 3195 402 3264; x_wconf 77' lang='grc' dir='ltr'>δέησιν,</span> <span class='ocrx_word' id='word_1_350' title='bbox 455 3193 533 3256; x_wconf 86' lang='grc' dir='ltr'>ὡς</span> <span class='ocrx_word' id='word_1_351' title='bbox 577 3193 876 3262; x_wconf 77' lang='grc' dir='ltr'>κάμνοντος</span> <span class='ocrx_word' id='word_1_352' title='bbox 908 3192 1019 3251; x_wconf 88' lang='grc' dir='ltr'>τοῖς</span> <span class='ocrx_word' id='word_1_353' title='bbox 1057 3188 1391 3256; x_wconf 86' lang='grc' dir='ltr'>παθήμασιν.</span> <span class='ocrx_word' id='word_1_354' title='bbox 1437 3187 1493 3240; x_wconf 83' lang='grc' dir='ltr'>Ὀ</span> <span class='ocrx_word' id='word_1_355' title='bbox 1530 3185 1778 3253; x_wconf 63' lang='grc' dir='ltr'>θεοφιλές</span> 
     </span>
    </p>
   </div>
   <div class='ocr_carea' id='block_1_50' title="bbox 211 3265 1779 3352">
    <p class='ocr_par' dir='ltr' id='par_1_50' title="bbox 211 3265 1779 3352">
     <span class='ocr_line' id='line_1_50' title="bbox 211 3265 1779 3352; baseline -0.007 -15"><span class='ocrx_word' id='word_1_356' title='bbox 211 3302 393 3347; x_wconf 71' lang='grc' dir='ltr'>στα-τος</span> <span class='ocrx_word' id='word_1_357' title='bbox 418 3283 650 3350; x_wconf 81' lang='grc' dir='ltr'>ἀδελφὸς</span> <span class='ocrx_word' id='word_1_358' title='bbox 697 3281 856 3352; x_wconf 81' lang='grc' dir='ltr'>ἡμῶν</span> <span class='ocrx_word' id='word_1_359' title='bbox 884 3281 980 3333; x_wconf 78' lang='grc' dir='ltr'>καὶ</span> <span class='ocrx_word' id='word_1_360' title='bbox 1007 3265 1437 3348; x_wconf 75' lang='grc' dir='ltr'>ἀρχιεπίσκοπος</span> <span class='ocrx_word' id='word_1_361' title='bbox 1468 3275 1694 3328; x_wconf 83' lang='grc' dir='ltr'>πλεῖστά</span> <span class='ocrx_word' id='word_1_362' title='bbox 1720 3290 1779 3326; x_wconf 91' lang='grc' dir='ltr'><strong>σε</strong></span> 
     </span>
    </p>
   </div>
   <div class='ocr_carea' id='block_1_51' title="bbox 212 3371 624 3444">
    <p class='ocr_par' dir='ltr' id='par_1_51' title="bbox 212 3371 624 3444">
     <span class='ocr_line' id='line_1_51' title="bbox 212 3371 624 3444; baseline 0.002 -21"><span class='ocrx_word' id='word_1_363' title='bbox 212 3371 624 3444; x_wconf 85' lang='grc' dir='ltr'>προσαγορεύει.</span> 
     </span>
    </p>
   </div>
   <div class='ocr_carea' id='block_1_52' title="bbox 473 3478 1498 3552">
    <p class='ocr_par' dir='ltr' id='par_1_52' title="bbox 473 3478 1498 3552">
     <span class='ocr_line' id='line_1_52' title="bbox 473 3478 1498 3552; baseline -0.008 -14"><span class='ocrx_word' id='word_1_364' title='bbox 473 3481 619 3538; x_wconf 79' lang='grc' dir='ltr'><strong>ΡΟΘ¹</strong></span> <span class='ocrx_word' id='word_1_365' title='bbox 654 3483 790 3552; x_wconf 77' lang='lat' dir='ltr'><strong>(7i).</strong></span> <span class='ocrx_word' id='word_1_366' title='bbox 820 3511 890 3523; x_wconf 88' lang='lat'>—</span> <span class='ocrx_word' id='word_1_367' title='bbox 915 3481 1138 3549; x_wconf 76' lang='grc' dir='ltr'>Σεργίῳ</span> <span class='ocrx_word' id='word_1_368' title='bbox 1167 3478 1498 3546; x_wconf 75' lang='grc' dir='ltr'>ἡγουμένῳ.</span> 
     </span>
    </p>
   </div>
   <div class='ocr_carea' id='block_1_53' title="bbox 1579 3471 1782 3546">
    <p class='ocr_par' dir='ltr' id='par_1_53' title="bbox 1579 3471 1782 3546">
     <span class='ocr_line' id='line_1_53' title="bbox 1579 3471 1782 3546; baseline -0.01 0"><span class='ocrx_word' id='word_1_369' title='bbox 1579 3471 1782 3546; x_wconf 56' lang='lat' dir='ltr'><strong>raw-1</strong></span> 
     </span>
    </p>
   </div>
   <div class='ocr_carea' id='block_1_54' title="bbox 1881 1996 3456 2063">
    <p class='ocr_par' dir='ltr' id='par_1_54' title="bbox 1881 1996 3456 2063">
     <span class='ocr_line' id='line_1_54' title="bbox 1881 1996 3456 2063; baseline 0.006 -16"><span class='ocrx_word' id='word_1_370' title='bbox 1881 2003 1938 2048; x_wconf 90' lang='lat' dir='ltr'><strong>et</strong></span> <span class='ocrx_word' id='word_1_371' title='bbox 1973 1996 2374 2050; x_wconf 85' lang='lat' dir='ltr'><strong>videbislucem</strong></span> <span class='ocrx_word' id='word_1_372' title='bbox 2406 1997 2861 2063; x_wconf 82' lang='lat' dir='ltr'><strong>inaceessibilem,</strong></span> <span class='ocrx_word' id='word_1_373' title='bbox 2889 1997 3073 2053; x_wconf 81' lang='lat' dir='ltr'><strong>Jesum</strong></span> <span class='ocrx_word' id='word_1_374' title='bbox 3117 1999 3315 2055; x_wconf 84' lang='lat' dir='ltr'><strong>Filium</strong></span> <span class='ocrx_word' id='word_1_375' title='bbox 3357 2002 3456 2058; x_wconf 87' lang='lat' dir='ltr'><strong>Dei</strong></span> 
     </span>
    </p>
   </div>
   <div class='ocr_carea' id='block_1_55' title="bbox 1881 2087 3460 2159">
    <p class='ocr_par' dir='ltr' id='par_1_55' title="bbox 1881 2087 3460 2159">
     <span class='ocr_line' id='line_1_55' title="bbox 1881 2087 3460 2159; baseline 0.005 -19"><span class='ocrx_word' id='word_1_376' title='bbox 1881 2087 1946 2140; x_wconf 86' lang='lat' dir='ltr'><strong>de</strong></span> <span class='ocrx_word' id='word_1_377' title='bbox 1972 2087 2127 2140; x_wconf 77' lang='lat' dir='ltr'><strong>C(Blis</strong></span> <span class='ocrx_word' id='word_1_378' title='bbox 2168 2088 2472 2142; x_wconf 85' lang='lat' dir='ltr'><strong>venientem</strong></span> <span class='ocrx_word' id='word_1_379' title='bbox 2499 2103 2624 2142; x_wconf 88' lang='lat' dir='ltr'><strong>cum</strong></span> <span class='ocrx_word' id='word_1_380' title='bbox 2680 2090 2850 2157; x_wconf 80' lang='lat' dir='ltr'><strong>gloria</strong></span> <span class='ocrx_word' id='word_1_381' title='bbox 2889 2101 2942 2143; x_wconf 87' lang='lat' dir='ltr'><strong>et</strong></span> <span class='ocrx_word' id='word_1_382' title='bbox 2968 2101 3232 2159; x_wconf 89' lang='lat' dir='ltr'><strong>potestate</strong></span> <span class='ocrx_word' id='word_1_383' title='bbox 3266 2109 3368 2147; x_wconf 89' lang='lat' dir='ltr'><strong>sua</strong></span> <span class='ocrx_word' id='word_1_384' title='bbox 3406 2093 3460 2148; x_wconf 87' lang='lat' dir='ltr'><strong>in</strong></span> 
     </span>
    </p>
   </div>
   <div class='ocr_carea' id='block_1_56' title="bbox 1883 2177 3464 2248">
    <p class='ocr_par' dir='ltr' id='par_1_56' title="bbox 1883 2177 3464 2248">
     <span class='ocr_line' id='line_1_56' title="bbox 1883 2177 3464 2248; baseline 0.007 -19"><span class='ocrx_word' id='word_1_385' title='bbox 1883 2178 2005 2246; x_wconf 82' lang='lat' dir='ltr'><strong>igne</strong></span> <span class='ocrx_word' id='word_1_386' title='bbox 2039 2177 2269 2231; x_wconf 78' lang='lat' dir='ltr'><strong>ﬂamma:</strong></span> <span class='ocrx_word' id='word_1_387' title='bbox 2298 2197 2311 2243; x_wconf 92' lang='lat'><strong>;</strong></span> <span class='ocrx_word' id='word_1_388' title='bbox 2348 2180 2449 2232; x_wconf 90' lang='lat' dir='ltr'><strong>hos</strong></span> <span class='ocrx_word' id='word_1_389' title='bbox 2489 2181 2709 2248; x_wconf 82' lang='lat' dir='ltr'><strong>quidem</strong></span> <span class='ocrx_word' id='word_1_390' title='bbox 2734 2182 3210 2247; x_wconf 83' lang='lat' dir='ltr'><strong>condemnantem,</strong></span> <span class='ocrx_word' id='word_1_391' title='bbox 3245 2194 3305 2238; x_wconf 91' lang='lat' dir='ltr'><strong>ut</strong></span> <span class='ocrx_word' id='word_1_392' title='bbox 3341 2199 3464 2240; x_wconf 79' lang='lat' dir='ltr'><strong>reos</strong></span> 
     </span>
    </p>
   </div>
   <div class='ocr_carea' id='block_1_57' title="bbox 1879 2268 3466 2339">
    <p class='ocr_par' dir='ltr' id='par_1_57' title="bbox 1879 2268 3466 2339">
     <span class='ocr_line' id='line_1_57' title="bbox 1879 2268 3466 2339; baseline 0.006 -19"><span class='ocrx_word' id='word_1_393' title='bbox 1879 2268 2191 2337; x_wconf 72' lang='lat' dir='ltr'><strong>judicii”:</strong></span> <span class='ocrx_word' id='word_1_394' title='bbox 2255 2271 2350 2323; x_wconf 86' lang='lat' dir='ltr'><strong>hos</strong></span> <span class='ocrx_word' id='word_1_395' title='bbox 2412 2285 2540 2322; x_wconf 86' lang='lat' dir='ltr'><strong>vero</strong></span> <span class='ocrx_word' id='word_1_396' title='bbox 2618 2271 3008 2339; x_wconf 80' lang='lat' dir='ltr'><strong>gloriﬁcantem</strong></span> <span class='ocrx_word' id='word_1_397' title='bbox 3061 2283 3121 2328; x_wconf 92' lang='lat' dir='ltr'><strong>ut</strong></span> <span class='ocrx_word' id='word_1_398' title='bbox 3181 2279 3466 2330; x_wconf 75' lang='lat' dir='ltr'><strong>censortes</strong></span> 
     </span>
    </p>
   </div>
   <div class='ocr_carea' id='block_1_58' title="bbox 1881 2357 3462 2425">
    <p class='ocr_par' dir='ltr' id='par_1_58' title="bbox 1881 2357 3462 2425">
     <span class='ocr_line' id='line_1_58' title="bbox 1881 2357 3462 2425; baseline 0.008 -18"><span class='ocrx_word' id='word_1_399' title='bbox 1881 2357 2064 2424; x_wconf 74' lang='lat' dir='ltr'><strong>gloria:</strong></span> <span class='ocrx_word' id='word_1_400' title='bbox 2089 2374 2101 2409; x_wconf 93' lang='lat'>:</span> <span class='ocrx_word' id='word_1_401' title='bbox 2131 2357 2458 2425; x_wconf 84' lang='lat' dir='ltr'><strong>quibuscum</strong></span> <span class='ocrx_word' id='word_1_402' title='bbox 2482 2359 2556 2412; x_wconf 86' lang='lat' dir='ltr'><strong>sis</strong></span> <span class='ocrx_word' id='word_1_403' title='bbox 2585 2371 2639 2413; x_wconf 91' lang='lat' dir='ltr'><strong>et</strong></span> <span class='ocrx_word' id='word_1_404' title='bbox 2676 2371 2753 2420; x_wconf 89' lang='lat' dir='ltr'><strong>tu,</strong></span> <span class='ocrx_word' id='word_1_405' title='bbox 2785 2363 3120 2417; x_wconf 83' lang='lat' dir='ltr'><strong>amicissime</strong></span> <span class='ocrx_word' id='word_1_406' title='bbox 3174 2365 3247 2418; x_wconf 89' lang='lat' dir='ltr'><strong>mi</strong></span> <span class='ocrx_word' id='word_1_407' title='bbox 3273 2375 3326 2420; x_wconf 88' lang='lat' dir='ltr'><strong>et</strong></span> <span class='ocrx_word' id='word_1_408' title='bbox 3363 2368 3462 2420; x_wconf 90' lang='lat' dir='ltr'><strong>ho-</strong></span> 
     </span>
    </p>
   </div>
   <div class='ocr_carea' id='block_1_59' title="bbox 1882 2448 3465 2514">
    <p class='ocr_par' dir='ltr' id='par_1_59' title="bbox 1882 2448 3465 2514">
     <span class='ocr_line' id='line_1_59' title="bbox 1882 2448 3465 2514; baseline 0.009 -15"><span class='ocrx_word' id='word_1_409' title='bbox 1882 2448 2248 2510; x_wconf 85' lang='lat' dir='ltr'><strong>noratissime,</strong></span> <span class='ocrx_word' id='word_1_410' title='bbox 2281 2465 2580 2504; x_wconf 88' lang='lat' dir='ltr'><strong>coruscans</strong></span> <span class='ocrx_word' id='word_1_411' title='bbox 2610 2452 2782 2505; x_wconf 85' lang='lat' dir='ltr'><strong>instar</strong></span> <span class='ocrx_word' id='word_1_412' title='bbox 2806 2454 3001 2508; x_wconf 88' lang='lat' dir='ltr'><strong>solaris</strong></span> <span class='ocrx_word' id='word_1_413' title='bbox 3025 2455 3180 2510; x_wconf 88' lang='lat' dir='ltr'><strong>radii.</strong></span> <span class='ocrx_word' id='word_1_414' title='bbox 3215 2455 3290 2509; x_wconf 90' lang='lat' dir='ltr'><strong>De</strong></span> <span class='ocrx_word' id='word_1_415' title='bbox 3331 2460 3465 2514; x_wconf 85' lang='lat' dir='ltr'><strong>sub-</strong></span> 
     </span>
    </p>
   </div>
   <div class='ocr_carea' id='block_1_60' title="bbox 1885 2539 3464 2609">
    <p class='ocr_par' dir='ltr' id='par_1_60' title="bbox 1885 2539 3464 2609">
     <span class='ocr_line' id='line_1_60' title="bbox 1885 2539 3464 2609; baseline 0.009 -18"><span class='ocrx_word' id='word_1_416' title='bbox 1885 2539 2093 2593; x_wconf 86' lang='lat' dir='ltr'><strong>urbano</strong></span> <span class='ocrx_word' id='word_1_417' title='bbox 2164 2541 2216 2592; x_wconf 92' lang='lat' dir='ltr'><strong>in</strong></span> <span class='ocrx_word' id='word_1_418' title='bbox 2284 2558 2391 2609; x_wconf 91' lang='lat' dir='ltr'><strong>quo</strong></span> <span class='ocrx_word' id='word_1_419' title='bbox 2437 2545 2829 2597; x_wconf 88' lang='lat' dir='ltr'><strong>monasterium</strong></span> <span class='ocrx_word' id='word_1_420' title='bbox 2883 2548 3221 2602; x_wconf 80' lang='lat' dir='ltr'><strong>constituero</strong></span> <span class='ocrx_word' id='word_1_421' title='bbox 3272 2549 3464 2604; x_wconf 87' lang='lat' dir='ltr'><strong>decre-</strong></span> 
     </span>
    </p>
   </div>
   <div class='ocr_carea' id='block_1_61' title="bbox 1881 2630 3467 2701">
    <p class='ocr_par' dir='ltr' id='par_1_61' title="bbox 1881 2630 3467 2701">
     <span class='ocr_line' id='line_1_61' title="bbox 1881 2630 3467 2701; baseline 0.01 -19"><span class='ocrx_word' id='word_1_422' title='bbox 1881 2630 2028 2693; x_wconf 84' lang='lat' dir='ltr'><strong>visti,</strong></span> <span class='ocrx_word' id='word_1_423' title='bbox 2073 2634 2187 2686; x_wconf 86' lang='lat' dir='ltr'><strong>sive</strong></span> <span class='ocrx_word' id='word_1_424' title='bbox 2231 2636 2358 2701; x_wconf 89' lang='lat' dir='ltr'><strong>quid</strong></span> <span class='ocrx_word' id='word_1_425' title='bbox 2417 2637 2562 2688; x_wconf 85' lang='lat' dir='ltr'><strong>aliud</strong></span> <span class='ocrx_word' id='word_1_426' title='bbox 2612 2637 2716 2690; x_wconf 90' lang='lat' dir='ltr'><strong>isto</strong></span> <span class='ocrx_word' id='word_1_427' title='bbox 2767 2638 2848 2690; x_wconf 85' lang='lat' dir='ltr'><strong>vel</strong></span> <span class='ocrx_word' id='word_1_428' title='bbox 2883 2638 2978 2692; x_wconf 89' lang='lat' dir='ltr'><strong>illo</strong></span> <span class='ocrx_word' id='word_1_429' title='bbox 3005 2642 3168 2694; x_wconf 92' lang='lat' dir='ltr'><strong>modo</strong></span> <span class='ocrx_word' id='word_1_430' title='bbox 3224 2651 3372 2697; x_wconf 80' lang='lat' dir='ltr'><strong>recte</strong></span> <span class='ocrx_word' id='word_1_431' title='bbox 3402 2659 3467 2698; x_wconf 86' lang='lat' dir='ltr'><strong>ac</strong></span> 
     </span>
    </p>
   </div>
   <div class='ocr_carea' id='block_1_62' title="bbox 1882 2722 3466 2800">
    <p class='ocr_par' dir='ltr' id='par_1_62' title="bbox 1882 2722 3466 2800">
     <span class='ocr_line' id='line_1_62' title="bbox 1882 2722 3466 2800; baseline 0.01 -26"><span class='ocrx_word' id='word_1_432' title='bbox 1882 2722 2142 2790; x_wconf 64' lang='lat' dir='ltr'><strong>praeclare</strong></span> <span class='ocrx_word' id='word_1_433' title='bbox 2161 2725 2503 2793; x_wconf 75' lang='lat' dir='ltr'><strong>designatum</strong></span> <span class='ocrx_word' id='word_1_434' title='bbox 2529 2737 2612 2780; x_wconf 87' lang='lat' dir='ltr'><strong>est</strong></span> <span class='ocrx_word' id='word_1_435' title='bbox 2642 2744 2656 2791; x_wconf 92' lang='lat'><strong>;</strong></span> <span class='ocrx_word' id='word_1_436' title='bbox 2688 2730 2893 2792; x_wconf 89' lang='lat' dir='ltr'><strong>omnia,</strong></span> <span class='ocrx_word' id='word_1_437' title='bbox 2934 2739 2994 2784; x_wconf 95' lang='lat' dir='ltr'><strong>ut</strong></span> <span class='ocrx_word' id='word_1_438' title='bbox 3018 2732 3134 2800; x_wconf 87' lang='lat' dir='ltr'><strong>jam</strong></span> <span class='ocrx_word' id='word_1_439' title='bbox 3162 2733 3307 2788; x_wconf 82' lang='lat' dir='ltr'><strong>facta</strong></span> <span class='ocrx_word' id='word_1_440' title='bbox 3340 2751 3466 2789; x_wconf 89' lang='lat' dir='ltr'><strong>sus-</strong></span> 
     </span>
    </p>
   </div>
   <div class='ocr_carea' id='block_1_63' title="bbox 1883 2813 3462 2894">
    <p class='ocr_par' dir='ltr' id='par_1_63' title="bbox 1883 2813 3462 2894">
     <span class='ocr_line' id='line_1_63' title="bbox 1883 2813 3462 2894; baseline 0.01 -28"><span class='ocrx_word' id='word_1_441' title='bbox 1883 2816 2023 2881; x_wconf 89' lang='lat' dir='ltr'><strong>cepit</strong></span> <span class='ocrx_word' id='word_1_442' title='bbox 2047 2813 2190 2868; x_wconf 84' lang='lat' dir='ltr'><strong>Dcus</strong></span> <span class='ocrx_word' id='word_1_443' title='bbox 2219 2834 2230 2868; x_wconf 92' lang='lat'>:</span> <span class='ocrx_word' id='word_1_444' title='bbox 2269 2817 2431 2869; x_wconf 90' lang='lat' dir='ltr'><strong>modo</strong></span> <span class='ocrx_word' id='word_1_445' title='bbox 2463 2819 2705 2872; x_wconf 89' lang='lat' dir='ltr'><strong>omnium</strong></span> <span class='ocrx_word' id='word_1_446' title='bbox 2742 2822 3100 2889; x_wconf 85' lang='lat' dir='ltr'><strong>privationem</strong></span> <span class='ocrx_word' id='word_1_447' title='bbox 3129 2837 3281 2894; x_wconf 80' lang='lat' dir='ltr'><strong>grato</strong></span> <span class='ocrx_word' id='word_1_448' title='bbox 3317 2825 3462 2882; x_wconf 81' lang='lat' dir='ltr'><strong>feras</strong></span> 
     </span>
    </p>
   </div>
   <div class='ocr_carea' id='block_1_64' title="bbox 1884 2906 3446 2987">
    <p class='ocr_par' dir='ltr' id='par_1_64' title="bbox 1884 2906 3446 2987">
     <span class='ocr_line' id='line_1_64' title="bbox 1884 2906 3446 2987; baseline 0.009 -29"><span class='ocrx_word' id='word_1_449' title='bbox 1884 2906 2088 2958; x_wconf 90' lang='lat' dir='ltr'><strong>animo.</strong></span> <span class='ocrx_word' id='word_1_450' title='bbox 2125 2906 2230 2960; x_wconf 86' lang='lat' dir='ltr'><strong>Ora</strong></span> <span class='ocrx_word' id='word_1_451' title='bbox 2258 2922 2352 2975; x_wconf 83' lang='lat' dir='ltr'><strong>pro</strong></span> <span class='ocrx_word' id='word_1_452' title='bbox 2381 2909 2537 2961; x_wconf 87' lang='lat' dir='ltr'><strong>nobis</strong></span> <span class='ocrx_word' id='word_1_453' title='bbox 2568 2914 2983 2978; x_wconf 84' lang='lat' dir='ltr'><strong>peccatoribus:</strong></span> <span class='ocrx_word' id='word_1_454' title='bbox 3027 2932 3201 2984; x_wconf 91' lang='lat' dir='ltr'><strong>neque</strong></span> <span class='ocrx_word' id='word_1_455' title='bbox 3239 2933 3337 2987; x_wconf 91' lang='lat' dir='ltr'><strong>pro</strong></span> <span class='ocrx_word' id='word_1_456' title='bbox 3360 2934 3446 2972; x_wconf 89' lang='lat' dir='ltr'><strong>no-</strong></span> 
     </span>
    </p>
   </div>
   <div class='ocr_carea' id='block_1_65' title="bbox 1884 2998 3458 3076">
    <p class='ocr_par' dir='ltr' id='par_1_65' title="bbox 1884 2998 3458 3076">
     <span class='ocr_line' id='line_1_65' title="bbox 1884 2998 3458 3076; baseline 0.008 -26"><span class='ocrx_word' id='word_1_457' title='bbox 1884 2998 1966 3050; x_wconf 92' lang='lat' dir='ltr'><strong>bis</strong></span> <span class='ocrx_word' id='word_1_458' title='bbox 1999 2998 2178 3059; x_wconf 88' lang='lat' dir='ltr'><strong>modo,</strong></span> <span class='ocrx_word' id='word_1_459' title='bbox 2212 3000 2302 3065; x_wconf 85' lang='lat' dir='ltr'><strong>qui</strong></span> <span class='ocrx_word' id='word_1_460' title='bbox 2332 3008 2643 3066; x_wconf 88' lang='lat' dir='ltr'><strong>peccatores</strong></span> <span class='ocrx_word' id='word_1_461' title='bbox 2683 3017 2898 3068; x_wconf 90' lang='lat' dir='ltr'><strong>sumus,</strong></span> <span class='ocrx_word' id='word_1_462' title='bbox 2933 3006 3026 3058; x_wconf 86' lang='lat' dir='ltr'><strong>sed</strong></span> <span class='ocrx_word' id='word_1_463' title='bbox 3056 3007 3101 3060; x_wconf 93' lang='lat' dir='ltr'><strong>si</strong></span> <span class='ocrx_word' id='word_1_464' title='bbox 3137 3008 3262 3076; x_wconf 89' lang='lat' dir='ltr'><strong>quis</strong></span> <span class='ocrx_word' id='word_1_465' title='bbox 3294 3008 3458 3063; x_wconf 89' lang='lat' dir='ltr'><strong>etiam</strong></span> 
     </span>
    </p>
   </div>
   <div class='ocr_carea' id='block_1_66' title="bbox 1883 3096 3464 3163">
    <p class='ocr_par' dir='ltr' id='par_1_66' title="bbox 1883 3096 3464 3163">
     <span class='ocr_line' id='line_1_66' title="bbox 1883 3096 3464 3163; baseline 0.007 -22"><span class='ocrx_word' id='word_1_466' title='bbox 1883 3096 2200 3141; x_wconf 88' lang='lat' dir='ltr'><strong>sanctorum</strong></span> <span class='ocrx_word' id='word_1_467' title='bbox 2237 3103 2424 3155; x_wconf 86' lang='lat' dir='ltr'><strong>preces</strong></span> <span class='ocrx_word' id='word_1_468' title='bbox 2481 3099 2696 3158; x_wconf 80' lang='lat' dir='ltr'><strong>expetet</strong></span> <span class='ocrx_word' id='word_1_469' title='bbox 2739 3102 2884 3159; x_wconf 82' lang='lat' dir='ltr'><strong>tuas,</strong></span> <span class='ocrx_word' id='word_1_470' title='bbox 2934 3103 2993 3147; x_wconf 92' lang='lat' dir='ltr'><strong>ut</strong></span> <span class='ocrx_word' id='word_1_471' title='bbox 3049 3097 3140 3163; x_wconf 89' lang='lat' dir='ltr'><strong>qui</strong></span> <span class='ocrx_word' id='word_1_472' title='bbox 3202 3101 3464 3152; x_wconf 66' lang='lat' dir='ltr'><strong>aarumnis</strong></span> 
     </span>
    </p>
   </div>
   <div class='ocr_carea' id='block_1_67' title="bbox 1886 3181 3458 3245">
    <p class='ocr_par' dir='ltr' id='par_1_67' title="bbox 1886 3181 3458 3245">
     <span class='ocr_line' id='line_1_67' title="bbox 1886 3181 3458 3245; baseline 0.006 -11"><span class='ocrx_word' id='word_1_473' title='bbox 1886 3181 2231 3234; x_wconf 79' lang='lat' dir='ltr'><strong>conllicteris.</strong></span> <span class='ocrx_word' id='word_1_474' title='bbox 2269 3181 2359 3232; x_wconf 88' lang='lat' dir='ltr'><strong>Dei</strong></span> <span class='ocrx_word' id='word_1_475' title='bbox 2395 3184 2809 3238; x_wconf 88' lang='lat' dir='ltr'><strong>amantissimus</strong></span> <span class='ocrx_word' id='word_1_476' title='bbox 2845 3185 3012 3242; x_wconf 80' lang='lat' dir='ltr'><strong>frater</strong></span> <span class='ocrx_word' id='word_1_477' title='bbox 3051 3196 3236 3244; x_wconf 71' lang='lat' dir='ltr'><strong>noster</strong></span> <span class='ocrx_word' id='word_1_478' title='bbox 3261 3181 3316 3245; x_wconf 86' lang='lat' dir='ltr'><strong>et</strong></span> <span class='ocrx_word' id='word_1_479' title='bbox 3360 3206 3458 3244; x_wconf 69' lang='lat' dir='ltr'><strong>ar»</strong></span> 
     </span>
    </p>
   </div>
   <div class='ocr_carea' id='block_1_68' title="bbox 1888 3271 2932 3340">
    <p class='ocr_par' dir='ltr' id='par_1_68' title="bbox 1888 3271 2932 3340">
     <span class='ocr_line' id='line_1_68' title="bbox 1888 3271 2932 3340; baseline 0.006 -15"><span class='ocrx_word' id='word_1_480' title='bbox 1888 3271 2270 3340; x_wconf 80' lang='lat' dir='ltr'><strong>cliicpiscopus</strong></span> <span class='ocrx_word' id='word_1_481' title='bbox 2303 3273 2598 3340; x_wconf 87' lang='lat' dir='ltr'><strong>plurimum</strong></span> <span class='ocrx_word' id='word_1_482' title='bbox 2634 3284 2684 3329; x_wconf 90' lang='lat' dir='ltr'><strong>te</strong></span> <span class='ocrx_word' id='word_1_483' title='bbox 2710 3276 2932 3332; x_wconf 85' lang='lat' dir='ltr'><strong>salutat.</strong></span> 
     </span>
    </p>
   </div>
   <div class='ocr_carea' id='block_1_69' title="bbox 2203 3464 3137 3541">
    <p class='ocr_par' dir='ltr' id='par_1_69' title="bbox 2203 3464 3137 3541">
     <span class='ocr_line' id='line_1_69' title="bbox 2203 3464 3137 3541; baseline 0.006 -21"><span class='ocrx_word' id='word_1_484' title='bbox 2203 3464 2483 3520; x_wconf 78' lang='lat' dir='ltr'><strong>CLXXIX.</strong></span> <span class='ocrx_word' id='word_1_485' title='bbox 2519 3498 2589 3509; x_wconf 93' lang='lat'><strong><em>—</em></strong></span> <span class='ocrx_word' id='word_1_486' title='bbox 2619 3467 2802 3539; x_wconf 85' lang='lat' dir='ltr'><strong>Sergio</strong></span> <span class='ocrx_word' id='word_1_487' title='bbox 2831 3474 3137 3541; x_wconf 73' lang='lat' dir='ltr'><strong>prwposito.</strong></span> 
     </span>
    </p>
   </div>
   <div class='ocr_carea' id='block_1_70' title="bbox 943 3555 2745 3630">
    <p class='ocr_par' dir='ltr' id='par_1_70' title="bbox 943 3555 2745 3630">
     <span class='ocr_line' id='line_1_70' title="bbox 943 3555 2745 3630; baseline -0.006 -12"><span class='ocrx_word' id='word_1_488' title='bbox 943 3569 1178 3618; x_wconf 82' lang='lat' dir='ltr'><strong>Hortatur</strong></span> <span class='ocrx_word' id='word_1_489' title='bbox 1204 3569 1262 3616; x_wconf 88' lang='lat' dir='ltr'><strong>ad</strong></span> <span class='ocrx_word' id='word_1_490' title='bbox 1284 3567 1581 3630; x_wconf 83' lang='lat' dir='ltr'><strong>vigilantiam</strong></span> <span class='ocrx_word' id='word_1_491' title='bbox 1612 3571 1765 3625; x_wconf 87' lang='lat' dir='ltr'><strong>utque</strong></span> <span class='ocrx_word' id='word_1_492' title='bbox 1796 3558 2146 3609; x_wconf 67' lang='lat' dir='ltr'><strong>hereticorum</strong></span> <span class='ocrx_word' id='word_1_493' title='bbox 2183 3555 2580 3607; x_wconf 89' lang='lat' dir='ltr'><strong>communionem</strong></span> <span class='ocrx_word' id='word_1_494' title='bbox 2601 3557 2745 3608; x_wconf 85' lang='lat' dir='ltr'><strong>vitet.</strong></span> 
     </span>
    </p>
   </div>
   <div class='ocr_carea' id='block_1_71' title="bbox 271 3649 1764 3726">
    <p class='ocr_par' dir='ltr' id='par_1_71' title="bbox 271 3649 1764 3726">
     <span class='ocr_line' id='line_1_71' title="bbox 271 3649 1764 3726; baseline -0.006 -18"><span class='ocrx_word' id='word_1_495' title='bbox 271 3657 444 3726; x_wconf 80' lang='grc' dir='ltr'>Χάρις</span> <span class='ocrx_word' id='word_1_496' title='bbox 477 3652 690 3724; x_wconf 82' lang='grc' dir='ltr'>Κυρίῳ,</span> <span class='ocrx_word' id='word_1_497' title='bbox 721 3653 802 3705; x_wconf 81' lang='grc' dir='ltr'>ὅτι</span> <span class='ocrx_word' id='word_1_498' title='bbox 832 3653 1065 3720; x_wconf 85' lang='grc' dir='ltr'>ὑγιαίνει</span> <span class='ocrx_word' id='word_1_499' title='bbox 1102 3654 1136 3720; x_wconf 80' lang='grc' dir='ltr'>ἡ</span> <span class='ocrx_word' id='word_1_500' title='bbox 1163 3651 1412 3720; x_wconf 89' lang='grc' dir='ltr'>τιμιότης</span> <span class='ocrx_word' id='word_1_501' title='bbox 1443 3667 1535 3702; x_wconf 80' lang='grc' dir='ltr'><strong>σου</strong></span> <span class='ocrx_word' id='word_1_502' title='bbox 1559 3665 1574 3681; x_wconf 88' lang='grc'><strong>·</strong></span> <span class='ocrx_word' id='word_1_503' title='bbox 1605 3649 1764 3700; x_wconf 88' lang='grc' dir='ltr'>τοῦτο</span> 
     </span>
    </p>
   </div>
   <div class='ocr_carea' id='block_1_72' title="bbox 208 3736 1770 3814">
    <p class='ocr_par' dir='ltr' id='par_1_72' title="bbox 208 3736 1770 3814">
     <span class='ocr_line' id='line_1_72' title="bbox 208 3736 1770 3814; baseline -0.004 -15"><span class='ocrx_word' id='word_1_504' title='bbox 208 3745 306 3814; x_wconf 80' lang='grc' dir='ltr'>γὰρ</span> <span class='ocrx_word' id='word_1_505' title='bbox 329 3743 624 3814; x_wconf 81' lang='grc' dir='ltr'>ἀνήγγειλε</span> <span class='ocrx_word' id='word_1_506' title='bbox 649 3742 710 3794; x_wconf 84' lang='grc' dir='ltr'>τὸ</span> <span class='ocrx_word' id='word_1_507' title='bbox 737 3742 994 3811; x_wconf 90' lang='grc' dir='ltr'>γράμμα,</span> <span class='ocrx_word' id='word_1_508' title='bbox 1022 3742 1116 3793; x_wconf 75' lang='grc' dir='ltr'>καὶ</span> <span class='ocrx_word' id='word_1_509' title='bbox 1146 3743 1178 3811; x_wconf 85' lang='grc' dir='ltr'>ὴ</span> <span class='ocrx_word' id='word_1_510' title='bbox 1216 3740 1345 3802; x_wconf 82' lang='grc' dir='ltr'>δυὰς</span> <span class='ocrx_word' id='word_1_511' title='bbox 1368 3738 1477 3792; x_wconf 89' lang='grc' dir='ltr'><strong>τῶν</strong></span> <span class='ocrx_word' id='word_1_512' title='bbox 1501 3736 1770 3806; x_wconf 83' lang='grc' dir='ltr'>ἀδελφῶν.</span> 
     </span>
    </p>
   </div>
   <div class='ocr_carea' id='block_1_73' title="bbox 216 3829 1771 3902">
    <p class='ocr_par' dir='ltr' id='par_1_73' title="bbox 216 3829 1771 3902">
     <span class='ocr_line' id='line_1_73' title="bbox 216 3829 1771 3902; baseline -0.004 -18"><span class='ocrx_word' id='word_1_513' title='bbox 216 3830 618 3900; x_wconf 79' lang='grc' dir='ltr'>Ἀπεδεξάμεθα</span> <span class='ocrx_word' id='word_1_514' title='bbox 653 3830 709 3882; x_wconf 81' lang='grc' dir='ltr'>δὲ</span> <span class='ocrx_word' id='word_1_515' title='bbox 730 3830 824 3884; x_wconf 78' lang='grc' dir='ltr'>καὶ</span> <span class='ocrx_word' id='word_1_516' title='bbox 849 3829 948 3901; x_wconf 79' lang='grc' dir='ltr'>τὴν</span> <span class='ocrx_word' id='word_1_517' title='bbox 977 3830 1232 3902; x_wconf 89' lang='grc' dir='ltr'>πρόθεσιν</span> <span class='ocrx_word' id='word_1_518' title='bbox 1257 3830 1352 3882; x_wconf 86' lang='grc' dir='ltr'><strong>τοῦ</strong></span> <span class='ocrx_word' id='word_1_519' title='bbox 1381 3829 1669 3897; x_wconf 72' lang='grc' dir='ltr'>ἐπιθυμεῖν</span> <span class='ocrx_word' id='word_1_520' title='bbox 1711 3844 1771 3879; x_wconf 90' lang='grc' dir='ltr'><strong>σε</strong></span> 
     </span>
    </p>
   </div>
   <div class='ocr_carea' id='block_1_74' title="bbox 205 3918 1771 3992">
    <p class='ocr_par' dir='ltr' id='par_1_74' title="bbox 205 3918 1771 3992">
     <span class='ocr_line' id='line_1_74' title="bbox 205 3918 1771 3992; baseline -0.003 -17"><span class='ocrx_word' id='word_1_521' title='bbox 205 3923 428 3992; x_wconf 83' lang='grc' dir='ltr'>ἀφῖχθαι</span> <span class='ocrx_word' id='word_1_522' title='bbox 487 3921 624 3992; x_wconf 81' lang='grc' dir='ltr'>πρὸς</span> <span class='ocrx_word' id='word_1_523' title='bbox 680 3923 849 3991; x_wconf 80' lang='grc' dir='ltr'>ἡμᾶς,</span> <span class='ocrx_word' id='word_1_524' title='bbox 907 3921 1218 3974; x_wconf 84' lang='grc' dir='ltr'>κωλυθέντα</span> <span class='ocrx_word' id='word_1_525' title='bbox 1262 3937 1325 3988; x_wconf 88' lang='grc' dir='ltr'><strong>γε</strong></span> <span class='ocrx_word' id='word_1_526' title='bbox 1381 3921 1486 3990; x_wconf 77' lang='grc' dir='ltr'>μὴν</span> <span class='ocrx_word' id='word_1_527' title='bbox 1533 3920 1636 3970; x_wconf 74' lang='grc' dir='ltr'><strong>ὑπὸ</strong></span> <span class='ocrx_word' id='word_1_528' title='bbox 1671 3918 1771 3986; x_wconf 80' lang='grc' dir='ltr'>τῆς</span> 
     </span>
    </p>
   </div>
   <div class='ocr_carea' id='block_1_75' title="bbox 205 4011 1774 4083">
    <p class='ocr_par' dir='ltr' id='par_1_75' title="bbox 205 4011 1774 4083">
     <span class='ocr_line' id='line_1_75' title="bbox 205 4011 1774 4083; baseline -0.004 -18"><span class='ocrx_word' id='word_1_529' title='bbox 205 4014 433 4083; x_wconf 77' lang='grc' dir='ltr'>συνοχῆς</span> <span class='ocrx_word' id='word_1_530' title='bbox 461 4013 568 4065; x_wconf 93' lang='grc' dir='ltr'><strong>τῶν</strong></span> <span class='ocrx_word' id='word_1_531' title='bbox 605 4013 882 4083; x_wconf 73' lang='grc' dir='ltr'>ἐμφυλίων</span> <span class='ocrx_word' id='word_1_532' title='bbox 917 4013 1189 4078; x_wconf 83' lang='grc' dir='ltr'>πολέμων,</span> <span class='ocrx_word' id='word_1_533' title='bbox 1234 4013 1329 4065; x_wconf 75' lang='grc' dir='ltr'><strong>καὶ</strong></span> <span class='ocrx_word' id='word_1_534' title='bbox 1364 4013 1461 4079; x_wconf 82' lang='grc' dir='ltr'>τῆς</span> <span class='ocrx_word' id='word_1_535' title='bbox 1503 4011 1643 4063; x_wconf 84' lang='grc' dir='ltr'>κατὰ</span> <span class='ocrx_word' id='word_1_536' title='bbox 1676 4011 1774 4079; x_wconf 84' lang='grc' dir='ltr'>τὴν</span> 
     </span>
    </p>
   </div>
   <div class='ocr_carea' id='block_1_76' title="bbox 205 4100 1777 4173">
    <p class='ocr_par' dir='ltr' id='par_1_76' title="bbox 205 4100 1777 4173">
     <span class='ocr_line' id='line_1_76' title="bbox 205 4100 1777 4173; baseline -0.002 -18"><span class='ocrx_word' id='word_1_537' title='bbox 205 4105 312 4157; x_wconf 74' lang='grc' dir='ltr'>ὁδὸν</span> <span class='ocrx_word' id='word_1_538' title='bbox 361 4105 675 4173; x_wconf 81' lang='grc' dir='ltr'>ἀπηρείας·</span> <span class='ocrx_word' id='word_1_539' title='bbox 729 4103 891 4156; x_wconf 79' lang='grc' dir='ltr'>ἅτινα</span> <span class='ocrx_word' id='word_1_540' title='bbox 923 4103 1071 4156; x_wconf 82' lang='grc' dir='ltr'>κακὰ</span> <span class='ocrx_word' id='word_1_541' title='bbox 1105 4105 1310 4173; x_wconf 84' lang='grc' dir='ltr'>Κύριος</span> <span class='ocrx_word' id='word_1_542' title='bbox 1363 4105 1391 4154; x_wconf 89' lang='grc' dir='ltr'>ὁ</span> <span class='ocrx_word' id='word_1_543' title='bbox 1435 4100 1565 4164; x_wconf 84' lang='grc' dir='ltr'>Θεὸς</span> <span class='ocrx_word' id='word_1_544' title='bbox 1620 4101 1777 4171; x_wconf 80' lang='grc' dir='ltr'>ἡμῶν</span> 
     </span>
    </p>
   </div>
   <div class='ocr_carea' id='block_1_77' title="bbox 202 4194 1776 4265">
    <p class='ocr_par' dir='ltr' id='par_1_77' title="bbox 202 4194 1776 4265">
     <span class='ocr_line' id='line_1_77' title="bbox 202 4194 1776 4265; baseline -0.001 -16"><span class='ocrx_word' id='word_1_545' title='bbox 202 4198 540 4251; x_wconf 79' lang='grc' dir='ltr'>ὁιασκεδάσει</span> <span class='ocrx_word' id='word_1_546' title='bbox 569 4199 625 4249; x_wconf 84' lang='grc' dir='ltr'>ὲν</span> <span class='ocrx_word' id='word_1_547' title='bbox 655 4195 833 4265; x_wconf 85' lang='grc' dir='ltr'>τάχει,</span> <span class='ocrx_word' id='word_1_548' title='bbox 883 4197 1174 4264; x_wconf 76' lang='grc' dir='ltr'>ἐπανάγων</span> <span class='ocrx_word' id='word_1_549' title='bbox 1201 4197 1280 4259; x_wconf 84' lang='grc' dir='ltr'>εἰς</span> <span class='ocrx_word' id='word_1_550' title='bbox 1320 4195 1632 4264; x_wconf 75' lang='grc' dir='ltr'>εἰρήνην.τὸ</span> <span class='ocrx_word' id='word_1_551' title='bbox 1670 4194 1776 4248; x_wconf 85' lang='grc' dir='ltr'>ὑπ-</span> 
     </span>
    </p>
   </div>
   <div class='ocr_carea' id='block_1_78' title="bbox 203 4286 1776 4357">
    <p class='ocr_par' dir='ltr' id='par_1_78' title="bbox 203 4286 1776 4357">
     <span class='ocr_line' id='line_1_78' title="bbox 203 4286 1776 4357; baseline -0.001 -19"><span class='ocrx_word' id='word_1_552' title='bbox 203 4307 380 4357; x_wconf 84' lang='grc' dir='ltr'>ηκοον,</span> <span class='ocrx_word' id='word_1_553' title='bbox 430 4289 593 4355; x_wconf 85' lang='grc' dir='ltr'>καίγε</span> <span class='ocrx_word' id='word_1_554' title='bbox 627 4289 984 4340; x_wconf 83' lang='grc' dir='ltr'>ἀπαλλάττων</span> <span class='ocrx_word' id='word_1_555' title='bbox 1024 4290 1121 4356; x_wconf 80' lang='grc' dir='ltr'>τῆς</span> <span class='ocrx_word' id='word_1_556' title='bbox 1150 4288 1256 4339; x_wconf 89' lang='grc' dir='ltr'><strong>τῶν</strong></span> <span class='ocrx_word' id='word_1_557' title='bbox 1295 4286 1613 4357; x_wconf 82' lang='grc' dir='ltr'>Ἀγαρηνῶν</span> <span class='ocrx_word' id='word_1_558' title='bbox 1653 4289 1776 4338; x_wconf 78' lang='grc' dir='ltr'>ἑπι-</span> 
     </span>
    </p>
   </div>
   <div class='ocr_carea' id='block_1_79' title="bbox 202 4377 1773 4448">
    <p class='ocr_par' dir='ltr' id='par_1_79' title="bbox 202 4377 1773 4448">
     <span class='ocr_line' id='line_1_79' title="bbox 202 4377 1773 4448; baseline 0.001 -20"><span class='ocrx_word' id='word_1_559' title='bbox 202 4378 429 4448; x_wconf 82' lang='grc' dir='ltr'>δρομῆς.</span> <span class='ocrx_word' id='word_1_560' title='bbox 496 4377 884 4447; x_wconf 81' lang='grc' dir='ltr'>Ἐδιδάχθημεν</span> <span class='ocrx_word' id='word_1_561' title='bbox 937 4378 1043 4446; x_wconf 79' lang='grc' dir='ltr'>γὰρ</span> <span class='ocrx_word' id='word_1_562' title='bbox 1096 4381 1189 4431; x_wconf 73' lang='grc' dir='ltr'><strong>καὶ</strong></span> <span class='ocrx_word' id='word_1_563' title='bbox 1256 4380 1353 4447; x_wconf 79' lang='grc' dir='ltr'>τὴν</span> <span class='ocrx_word' id='word_1_564' title='bbox 1414 4382 1539 4448; x_wconf 72' lang='grc' dir='ltr'>περὶ</span> <span class='ocrx_word' id='word_1_565' title='bbox 1596 4379 1773 4430; x_wconf 81' lang='grc' dir='ltr'>αὑτῶν</span> 
     </span>
    </p>
   </div>
   <div class='ocr_carea' id='block_1_80' title="bbox 206 4469 1776 4538">
    <p class='ocr_par' dir='ltr' id='par_1_80' title="bbox 206 4469 1776 4538">
     <span class='ocr_line' id='line_1_80' title="bbox 206 4469 1776 4538; baseline 0.001 -18"><span class='ocrx_word' id='word_1_566' title='bbox 206 4471 497 4538; x_wconf 76' lang='grc' dir='ltr'>ῥομφαίαν,</span> <span class='ocrx_word' id='word_1_567' title='bbox 525 4469 613 4522; x_wconf 81' lang='grc' dir='ltr'><strong>οἶα</strong></span> <span class='ocrx_word' id='word_1_568' title='bbox 644 4470 736 4521; x_wconf 80' lang='grc' dir='ltr'>καὶ</span> <span class='ocrx_word' id='word_1_569' title='bbox 764 4469 926 4538; x_wconf 77' lang='grc' dir='ltr'>ἡλίκη</span> <span class='ocrx_word' id='word_1_570' title='bbox 951 4471 1174 4536; x_wconf 82' lang='grc' dir='ltr'>γέγονεν</span> <span class='ocrx_word' id='word_1_571' title='bbox 1203 4473 1261 4522; x_wconf 83' lang='grc' dir='ltr'><strong>ἐν</strong></span> <span class='ocrx_word' id='word_1_572' title='bbox 1288 4473 1398 4532; x_wconf 79' lang='grc' dir='ltr'>τοῖς</span> <span class='ocrx_word' id='word_1_573' title='bbox 1428 4472 1635 4522; x_wconf 75' lang='grc' dir='ltr'>αὐτόθι.</span> <span class='ocrx_word' id='word_1_574' title='bbox 1668 4471 1776 4523; x_wconf 69' lang='grc' dir='ltr'><strong>Καὶ</strong></span> 
     </span>
    </p>
   </div>
   <div class='ocr_carea' id='block_1_81' title="bbox 201 4560 1775 4631">
    <p class='ocr_par' dir='ltr' id='par_1_81' title="bbox 201 4560 1775 4631">
     <span class='ocr_line' id='line_1_81' title="bbox 201 4560 1775 4631; baseline 0.001 -19"><span class='ocrx_word' id='word_1_575' title='bbox 201 4560 364 4616; x_wconf 80' lang='grc' dir='ltr'>ταῦτα</span> <span class='ocrx_word' id='word_1_576' title='bbox 451 4566 628 4616; x_wconf 85' lang='grc' dir='ltr'>πάντα</span> <span class='ocrx_word' id='word_1_577' title='bbox 694 4560 947 4629; x_wconf 84' lang='grc' dir='ltr'>ὲπιτίμιά</span> <span class='ocrx_word' id='word_1_578' title='bbox 993 4562 1107 4613; x_wconf 74' lang='grc' dir='ltr'>ἐστι</span> <span class='ocrx_word' id='word_1_579' title='bbox 1154 4563 1303 4629; x_wconf 85' lang='grc' dir='ltr'>παρὰ</span> <span class='ocrx_word' id='word_1_580' title='bbox 1362 4562 1517 4622; x_wconf 85' lang='grc' dir='ltr'>Θεοῦ,</span> <span class='ocrx_word' id='word_1_581' title='bbox 1577 4565 1668 4614; x_wconf 74' lang='grc' dir='ltr'>ἐπὶ</span> <span class='ocrx_word' id='word_1_582' title='bbox 1711 4565 1775 4631; x_wconf 81' lang='grc' dir='ltr'>τῇ</span> 
     </span>
    </p>
   </div>
   <div class='ocr_carea' id='block_1_82' title="bbox 1943 3639 3462 3710">
    <p class='ocr_par' dir='ltr' id='par_1_82' title="bbox 1943 3639 3462 3710">
     <span class='ocr_line' id='line_1_82' title="bbox 1943 3639 3462 3710; baseline 0.007 -16"><span class='ocrx_word' id='word_1_583' title='bbox 1943 3641 2157 3694; x_wconf 79' lang='lat' dir='ltr'><strong>Gratias</strong></span> <span class='ocrx_word' id='word_1_584' title='bbox 2187 3639 2436 3705; x_wconf 88' lang='lat' dir='ltr'><strong>Domino,</strong></span> <span class='ocrx_word' id='word_1_585' title='bbox 2489 3643 2636 3710; x_wconf 90' lang='lat' dir='ltr'><strong>quod</strong></span> <span class='ocrx_word' id='word_1_586' title='bbox 2691 3643 2984 3698; x_wconf 89' lang='lat' dir='ltr'><strong>incolumis</strong></span> <span class='ocrx_word' id='word_1_587' title='bbox 3028 3646 3101 3700; x_wconf 88' lang='lat' dir='ltr'><strong>sit</strong></span> <span class='ocrx_word' id='word_1_588' title='bbox 3169 3647 3462 3704; x_wconf 86' lang='lat' dir='ltr'><strong>honorabi-</strong></span> 
     </span>
    </p>
   </div>
   <div class='ocr_carea' id='block_1_83' title="bbox 1874 3733 3463 3802">
    <p class='ocr_par' dir='ltr' id='par_1_83' title="bbox 1874 3733 3463 3802">
     <span class='ocr_line' id='line_1_83' title="bbox 1874 3733 3463 3802; baseline 0.007 -15"><span class='ocrx_word' id='word_1_589' title='bbox 1874 3734 1998 3787; x_wconf 87' lang='lat' dir='ltr'><strong>litas</strong></span> <span class='ocrx_word' id='word_1_590' title='bbox 2023 3741 2113 3785; x_wconf 89' lang='lat' dir='ltr'><strong>tua</strong></span> <span class='ocrx_word' id='word_1_591' title='bbox 2144 3749 2158 3798; x_wconf 91' lang='lat'><strong>;</strong></span> <span class='ocrx_word' id='word_1_592' title='bbox 2196 3733 2300 3786; x_wconf 86' lang='lat' dir='ltr'><strong>hoc</strong></span> <span class='ocrx_word' id='word_1_593' title='bbox 2329 3733 2472 3786; x_wconf 85' lang='lat' dir='ltr'><strong>enim</strong></span> <span class='ocrx_word' id='word_1_594' title='bbox 2506 3736 2698 3788; x_wconf 60' lang='lat' dir='ltr'><strong>litteris</strong></span> <span class='ocrx_word' id='word_1_595' title='bbox 2722 3738 3122 3802; x_wconf 84' lang='lat' dir='ltr'><strong>renuntiarunt,</strong></span> <span class='ocrx_word' id='word_1_596' title='bbox 3176 3750 3230 3794; x_wconf 91' lang='lat' dir='ltr'><strong>et</strong></span> <span class='ocrx_word' id='word_1_597' title='bbox 3264 3739 3463 3798; x_wconf 84' lang='lat' dir='ltr'><strong>fratres</strong></span> 
     </span>
    </p>
   </div>
   <div class='ocr_carea' id='block_1_84' title="bbox 1875 3823 3462 3898">
    <p class='ocr_par' dir='ltr' id='par_1_84' title="bbox 1875 3823 3462 3898">
     <span class='ocr_line' id='line_1_84' title="bbox 1875 3823 3462 3898; baseline 0.006 -21"><span class='ocrx_word' id='word_1_598' title='bbox 1875 3825 2006 3877; x_wconf 86' lang='lat' dir='ltr'><strong>duo.</strong></span> <span class='ocrx_word' id='word_1_599' title='bbox 2041 3823 2355 3892; x_wconf 80' lang='lat' dir='ltr'><strong>Pergratum</strong></span> <span class='ocrx_word' id='word_1_600' title='bbox 2383 3826 2542 3878; x_wconf 85' lang='lat' dir='ltr'><strong>etiam</strong></span> <span class='ocrx_word' id='word_1_601' title='bbox 2596 3827 2908 3892; x_wconf 77' lang='lat' dir='ltr'><strong>habuimus,</strong></span> <span class='ocrx_word' id='word_1_602' title='bbox 2959 3829 3106 3898; x_wconf 87' lang='lat' dir='ltr'><strong>quod</strong></span> <span class='ocrx_word' id='word_1_603' title='bbox 3165 3832 3462 3887; x_wconf 85' lang='lat' dir='ltr'><strong>consilium</strong></span> 
     </span>
    </p>
   </div>
   <div class='ocr_carea' id='block_1_85' title="bbox 1873 3915 3460 3984">
    <p class='ocr_par' dir='ltr' id='par_1_85' title="bbox 1873 3915 3460 3984">
     <span class='ocr_line' id='line_1_85' title="bbox 1873 3915 3460 3984; baseline 0.006 -14"><span class='ocrx_word' id='word_1_604' title='bbox 1873 3929 1925 3970; x_wconf 86' lang='lat' dir='ltr'><strong>et</strong></span> <span class='ocrx_word' id='word_1_605' title='bbox 1977 3917 2194 3969; x_wconf 83' lang='lat' dir='ltr'><strong>animus</strong></span> <span class='ocrx_word' id='word_1_606' title='bbox 2239 3915 2404 3968; x_wconf 81' lang='lat' dir='ltr'><strong>fuerit</strong></span> <span class='ocrx_word' id='word_1_607' title='bbox 2439 3916 2533 3968; x_wconf 90' lang='lat' dir='ltr'><strong>tibi</strong></span> <span class='ocrx_word' id='word_1_608' title='bbox 2587 3917 2652 3969; x_wconf 88' lang='lat' dir='ltr'><strong>ad</strong></span> <span class='ocrx_word' id='word_1_609' title='bbox 2697 3933 2795 3971; x_wconf 87' lang='lat' dir='ltr'><strong>nos</strong></span> <span class='ocrx_word' id='word_1_610' title='bbox 2834 3919 3110 3984; x_wconf 79' lang='lat' dir='ltr'><strong>veniendi,</strong></span> <span class='ocrx_word' id='word_1_611' title='bbox 3162 3923 3268 3977; x_wconf 89' lang='lat' dir='ltr'><strong>nisi</strong></span> <span class='ocrx_word' id='word_1_612' title='bbox 3320 3925 3460 3980; x_wconf 90' lang='lat' dir='ltr'><strong>bella</strong></span> 
     </span>
    </p>
   </div>
   <div class='ocr_carea' id='block_1_86' title="bbox 1876 4008 3462 4080">
    <p class='ocr_par' dir='ltr' id='par_1_86' title="bbox 1876 4008 3462 4080">
     <span class='ocr_line' id='line_1_86' title="bbox 1876 4008 3462 4080; baseline 0.004 -16"><span class='ocrx_word' id='word_1_613' title='bbox 1876 4011 2056 4064; x_wconf 81' lang='lat' dir='ltr'><strong>Civilia</strong></span> <span class='ocrx_word' id='word_1_614' title='bbox 2091 4008 2451 4072; x_wconf 86' lang='lat' dir='ltr'><strong>obstitissent,</strong></span> <span class='ocrx_word' id='word_1_615' title='bbox 2481 4018 2536 4062; x_wconf 91' lang='lat' dir='ltr'><strong>et</strong></span> <span class='ocrx_word' id='word_1_616' title='bbox 2589 4010 2802 4078; x_wconf 74' lang='lat' dir='ltr'><strong>injuria:</strong></span> <span class='ocrx_word' id='word_1_617' title='bbox 2847 4013 3048 4080; x_wconf 88' lang='lat' dir='ltr'><strong>quibus</strong></span> <span class='ocrx_word' id='word_1_618' title='bbox 3100 4015 3200 4068; x_wconf 72' lang='lat' dir='ltr'><strong>via:</strong></span> <span class='ocrx_word' id='word_1_619' title='bbox 3249 4016 3462 4072; x_wconf 79' lang='lat' dir='ltr'><strong>infesta:</strong></span> 
     </span>
    </p>
   </div>
   <div class='ocr_carea' id='block_1_87' title="bbox 1877 4102 3459 4173">
    <p class='ocr_par' dir='ltr' id='par_1_87' title="bbox 1877 4102 3459 4173">
     <span class='ocr_line' id='line_1_87' title="bbox 1877 4102 3459 4173; baseline 0.006 -18"><span class='ocrx_word' id='word_1_620' title='bbox 1877 4113 2041 4156; x_wconf 89' lang='lat' dir='ltr'><strong>sunt:</strong></span> <span class='ocrx_word' id='word_1_621' title='bbox 2083 4115 2206 4171; x_wconf 81' lang='lat' dir='ltr'><strong>quae</strong></span> <span class='ocrx_word' id='word_1_622' title='bbox 2249 4102 2593 4156; x_wconf 88' lang='lat' dir='ltr'><strong>incommoda</strong></span> <span class='ocrx_word' id='word_1_623' title='bbox 2655 4103 2806 4155; x_wconf 72' lang='lat' dir='ltr'><strong>brevr</strong></span> <span class='ocrx_word' id='word_1_624' title='bbox 2851 4105 3147 4173; x_wconf 83' lang='lat' dir='ltr'><strong>dissipabit</strong></span> <span class='ocrx_word' id='word_1_625' title='bbox 3193 4106 3459 4164; x_wconf 88' lang='lat' dir='ltr'><strong>Dominus</strong></span> 
     </span>
    </p>
   </div>
   <div class='ocr_carea' id='block_1_88' title="bbox 1877 4194 3461 4263">
    <p class='ocr_par' dir='ltr' id='par_1_88' title="bbox 1877 4194 3461 4263">
     <span class='ocr_line' id='line_1_88' title="bbox 1877 4194 3461 4263; baseline 0.005 -16"><span class='ocrx_word' id='word_1_626' title='bbox 1877 4194 2021 4249; x_wconf 90' lang='lat' dir='ltr'><strong>Deus</strong></span> <span class='ocrx_word' id='word_1_627' title='bbox 2062 4205 2268 4258; x_wconf 89' lang='lat' dir='ltr'><strong>noster,</strong></span> <span class='ocrx_word' id='word_1_628' title='bbox 2311 4195 2561 4247; x_wconf 88' lang='lat' dir='ltr'><strong>subditos</strong></span> <span class='ocrx_word' id='word_1_629' title='bbox 2595 4194 2658 4247; x_wconf 85' lang='lat' dir='ltr'><strong>ad</strong></span> <span class='ocrx_word' id='word_1_630' title='bbox 2687 4210 2873 4263; x_wconf 86' lang='lat' dir='ltr'><strong>pacem</strong></span> <span class='ocrx_word' id='word_1_631' title='bbox 2910 4213 3190 4263; x_wconf 87' lang='lat' dir='ltr'><strong>revocans,</strong></span> <span class='ocrx_word' id='word_1_632' title='bbox 3214 4204 3461 4256; x_wconf 88' lang='lat' dir='ltr'><strong>eosdem-</strong></span> 
     </span>
    </p>
   </div>
   <div class='ocr_carea' id='block_1_89' title="bbox 1877 4286 3462 4355">
    <p class='ocr_par' dir='ltr' id='par_1_89' title="bbox 1877 4286 3462 4355">
     <span class='ocr_line' id='line_1_89' title="bbox 1877 4286 3462 4355; baseline 0.007 -17"><span class='ocrx_word' id='word_1_633' title='bbox 1877 4303 1981 4355; x_wconf 85' lang='lat' dir='ltr'><strong>que</strong></span> <span class='ocrx_word' id='word_1_634' title='bbox 2017 4288 2251 4338; x_wconf 80' lang='lat' dir='ltr'><strong>liherans</strong></span> <span class='ocrx_word' id='word_1_635' title='bbox 2277 4287 2344 4338; x_wconf 86' lang='lat' dir='ltr'><strong>ah</strong></span> <span class='ocrx_word' id='word_1_636' title='bbox 2366 4286 2745 4355; x_wconf 81' lang='lat' dir='ltr'><strong>Agarenorum</strong></span> <span class='ocrx_word' id='word_1_637' title='bbox 2779 4287 3116 4344; x_wconf 88' lang='lat' dir='ltr'><strong>incursione.</strong></span> <span class='ocrx_word' id='word_1_638' title='bbox 3153 4291 3286 4345; x_wconf 86' lang='lat' dir='ltr'><strong>Nam</strong></span> <span class='ocrx_word' id='word_1_639' title='bbox 3321 4296 3462 4350; x_wconf 90' lang='lat' dir='ltr'><strong>etde</strong></span> 
     </span>
    </p>
   </div>
   <div class='ocr_carea' id='block_1_90' title="bbox 1881 4379 3461 4454">
    <p class='ocr_par' dir='ltr' id='par_1_90' title="bbox 1881 4379 3461 4454">
     <span class='ocr_line' id='line_1_90' title="bbox 1881 4379 3461 4454; baseline 0.007 -24"><span class='ocrx_word' id='word_1_640' title='bbox 1881 4379 2196 4446; x_wconf 70' lang='lat' dir='ltr'><strong>rhomplnen</strong></span> <span class='ocrx_word' id='word_1_641' title='bbox 2239 4379 2452 4431; x_wconf 86' lang='lat' dir='ltr'><strong>illorum</strong></span> <span class='ocrx_word' id='word_1_642' title='bbox 2519 4379 2832 4442; x_wconf 84' lang='lat' dir='ltr'><strong>didicimus,</strong></span> <span class='ocrx_word' id='word_1_643' title='bbox 2884 4382 3073 4448; x_wconf 87' lang='lat' dir='ltr'><strong>quales</strong></span> <span class='ocrx_word' id='word_1_644' title='bbox 3127 4392 3179 4437; x_wconf 90' lang='lat' dir='ltr'><strong>et</strong></span> <span class='ocrx_word' id='word_1_645' title='bbox 3226 4396 3461 4454; x_wconf 77' lang='lat' dir='ltr'><strong>quantas</strong></span> 
     </span>
    </p>
   </div>
   <div class='ocr_carea' id='block_1_91' title="bbox 1884 4470 3462 4542">
    <p class='ocr_par' dir='ltr' id='par_1_91' title="bbox 1884 4470 3462 4542">
     <span class='ocr_line' id='line_1_91' title="bbox 1884 4470 3462 4542; baseline 0.005 -19"><span class='ocrx_word' id='word_1_646' title='bbox 1884 4470 2024 4537; x_wconf 88' lang='lat' dir='ltr'><strong>apud</strong></span> <span class='ocrx_word' id='word_1_647' title='bbox 2049 4485 2144 4524; x_wconf 81' lang='lat' dir='ltr'><strong>vos</strong></span> <span class='ocrx_word' id='word_1_648' title='bbox 2185 4481 2396 4540; x_wconf 73' lang='lat' dir='ltr'><strong>strages</strong></span> <span class='ocrx_word' id='word_1_649' title='bbox 2443 4473 2691 4524; x_wconf 87' lang='lat' dir='ltr'><strong>ediderit.</strong></span> <span class='ocrx_word' id='word_1_650' title='bbox 2725 4479 2899 4540; x_wconf 82' lang='lat' dir='ltr'><strong>Atque</strong></span> <span class='ocrx_word' id='word_1_651' title='bbox 2932 4474 3045 4528; x_wconf 65' lang='lat' dir='ltr'><strong>haec</strong></span> <span class='ocrx_word' id='word_1_652' title='bbox 3074 4477 3256 4529; x_wconf 90' lang='lat' dir='ltr'><strong>omnia</strong></span> <span class='ocrx_word' id='word_1_653' title='bbox 3289 4494 3462 4542; x_wconf 74' lang='lat' dir='ltr'><strong>poma:</strong></span> 
     </span>
    </p>
   </div>
   <div class='ocr_carea' id='block_1_92' title="bbox 1887 4562 3461 4632">
    <p class='ocr_par' dir='ltr' id='par_1_92' title="bbox 1887 4562 3461 4632">
     <span class='ocr_line' id='line_1_92' title="bbox 1887 4562 3461 4632; baseline 0.006 -15"><span class='ocrx_word' id='word_1_654' title='bbox 1887 4572 2039 4625; x_wconf 89' lang='lat' dir='ltr'><strong>sunt,</strong></span> <span class='ocrx_word' id='word_1_655' title='bbox 2071 4579 2098 4615; x_wconf 91' lang='lat' dir='ltr'><strong>a</strong></span> <span class='ocrx_word' id='word_1_656' title='bbox 2135 4562 2242 4615; x_wconf 90' lang='lat' dir='ltr'><strong>Deo</strong></span> <span class='ocrx_word' id='word_1_657' title='bbox 2273 4573 2492 4632; x_wconf 88' lang='lat' dir='ltr'><strong>propter</strong></span> <span class='ocrx_word' id='word_1_658' title='bbox 2530 4564 2962 4632; x_wconf 74' lang='lat' dir='ltr'><strong>impwnitentem</strong></span> <span class='ocrx_word' id='word_1_659' title='bbox 3036 4570 3300 4623; x_wconf 89' lang='lat' dir='ltr'><strong>malitiam</strong></span> <span class='ocrx_word' id='word_1_660' title='bbox 3362 4589 3461 4627; x_wconf 91' lang='lat' dir='ltr'><strong>no-</strong></span> 
     </span>
    </p>
   </div>
   <div class='ocr_carea' id='block_1_93' title="bbox 203 4647 1776 4724">
    <p class='ocr_par' dir='ltr' id='par_1_93' title="bbox 203 4651 1772 4724">
     <span class='ocr_line' id='line_1_93' title="bbox 203 4651 1772 4724; baseline 0.001 -22"><span class='ocrx_word' id='word_1_661' title='bbox 203 4655 560 4724; x_wconf 82' lang='grc' dir='ltr'>ἀμετανοήτῳ</span> <span class='ocrx_word' id='word_1_662' title='bbox 611 4652 766 4722; x_wconf 82' lang='grc' dir='ltr'>ἡμῶν</span> <span class='ocrx_word' id='word_1_663' title='bbox 809 4651 997 4722; x_wconf 82' lang='grc' dir='ltr'>κακίᾳ.</span> <span class='ocrx_word' id='word_1_664' title='bbox 1030 4652 1218 4722; x_wconf 83' lang='grc' dir='ltr'>Ὅμως</span> <span class='ocrx_word' id='word_1_665' title='bbox 1267 4655 1353 4717; x_wconf 84' lang='grc' dir='ltr'><strong>σὺ,</strong></span> <span class='ocrx_word' id='word_1_666' title='bbox 1405 4653 1535 4722; x_wconf 84' lang='grc' dir='ltr'>ἆνερ</span> <span class='ocrx_word' id='word_1_667' title='bbox 1583 4652 1772 4719; x_wconf 81' lang='grc' dir='ltr'>ἀγαθὲ.</span> 
     </span>
    </p>
   </div>
   <div class='ocr_carea' id='block_1_94' title="bbox 1883 4647 3455 4724">
    <p class='ocr_par' dir='ltr' id='par_1_94' title="bbox 1885 4654 3455 4721">
     <span class='ocr_line' id='line_1_94' title="bbox 1885 4654 3455 4721; baseline 0.009 -17"><span class='ocrx_word' id='word_1_668' title='bbox 1885 4663 2053 4706; x_wconf 90' lang='lat' dir='ltr'><strong>stram</strong></span> <span class='ocrx_word' id='word_1_669' title='bbox 2090 4654 2327 4708; x_wconf 66' lang='lat' dir='ltr'><strong>inﬂictae.</strong></span> <span class='ocrx_word' id='word_1_670' title='bbox 2366 4654 2445 4707; x_wconf 87' lang='lat' dir='ltr'><strong>Tu</strong></span> <span class='ocrx_word' id='word_1_671' title='bbox 2482 4665 2682 4718; x_wconf 90' lang='lat' dir='ltr'><strong>tamen,</strong></span> <span class='ocrx_word' id='word_1_672' title='bbox 2717 4656 2798 4709; x_wconf 87' lang='lat' dir='ltr'><strong>vir</strong></span> <span class='ocrx_word' id='word_1_673' title='bbox 2835 4658 2994 4721; x_wconf 92' lang='lat' dir='ltr'><strong>bone,</strong></span> <span class='ocrx_word' id='word_1_674' title='bbox 3043 4674 3106 4712; x_wconf 89' lang='lat' dir='ltr'><strong>ac</strong></span> <span class='ocrx_word' id='word_1_675' title='bbox 3145 4659 3316 4716; x_wconf 83' lang='lat' dir='ltr'><strong>frater</strong></span> <span class='ocrx_word' id='word_1_676' title='bbox 3355 4665 3455 4717; x_wconf 84' lang='lat' dir='ltr'><strong>lio-</strong></span> 
     </span>
    </p>
   </div>
   <div class='ocr_carea' id='block_1_95' title="bbox 202 4743 1776 4814">
    <p class='ocr_par' dir='ltr' id='par_1_95' title="bbox 202 4743 1776 4814">
     <span class='ocr_line' id='line_1_95' title="bbox 202 4743 1776 4814; baseline 0.002 -21"><span class='ocrx_word' id='word_1_677' title='bbox 202 4746 287 4796; x_wconf 79' lang='grc' dir='ltr'><strong>καὶ</strong></span> <span class='ocrx_word' id='word_1_678' title='bbox 325 4746 527 4813; x_wconf 79' lang='grc' dir='ltr'>ἀδελφὲ</span> <span class='ocrx_word' id='word_1_679' title='bbox 581 4743 898 4813; x_wconf 82' lang='grc' dir='ltr'>τιμιώτατε,</span> <span class='ocrx_word' id='word_1_680' title='bbox 952 4745 1107 4814; x_wconf 75' lang='grc' dir='ltr'>στῆθι</span> <span class='ocrx_word' id='word_1_681' title='bbox 1156 4747 1250 4795; x_wconf 80' lang='grc' dir='ltr'>καὶ</span> <span class='ocrx_word' id='word_1_682' title='bbox 1301 4745 1550 4814; x_wconf 78' lang='grc' dir='ltr'>ἁνδρίζου</span> <span class='ocrx_word' id='word_1_683' title='bbox 1598 4747 1654 4795; x_wconf 82' lang='grc' dir='ltr'>ὲν</span> <span class='ocrx_word' id='word_1_684' title='bbox 1699 4745 1776 4813; x_wconf 86' lang='grc' dir='ltr'>τῷ</span> 
     </span>
    </p>
   </div>
   <div class='ocr_carea' id='block_1_96' title="bbox 204 4836 1774 4907">
    <p class='ocr_par' dir='ltr' id='par_1_96' title="bbox 204 4836 1774 4907">
     <span class='ocr_line' id='line_1_96' title="bbox 204 4836 1774 4907; baseline 0 -19"><span class='ocrx_word' id='word_1_685' title='bbox 204 4836 558 4907; x_wconf 79' lang='grc' dir='ltr'>καθηγεῖσθαι</span> <span class='ocrx_word' id='word_1_686' title='bbox 605 4837 705 4904; x_wconf 83' lang='grc' dir='ltr'>τῆς</span> <span class='ocrx_word' id='word_1_687' title='bbox 751 4837 1112 4903; x_wconf 83' lang='grc' dir='ltr'>ἀδελφότητος</span> <span class='ocrx_word' id='word_1_688' title='bbox 1134 4853 1148 4865; x_wconf 91' lang='grc'><strong>·</strong></span> <span class='ocrx_word' id='word_1_689' title='bbox 1185 4836 1260 4904; x_wconf 80' lang='grc' dir='ltr'>μὴ</span> <span class='ocrx_word' id='word_1_690' title='bbox 1289 4836 1610 4888; x_wconf 83' lang='grc' dir='ltr'>ὑποπίπτων</span> <span class='ocrx_word' id='word_1_691' title='bbox 1642 4836 1774 4888; x_wconf 89' lang='grc' dir='ltr'>ἀθυ-</span> 
     </span>
    </p>
   </div>
   <div class='ocr_carea' id='block_1_97' title="bbox 205 4925 1771 4998">
    <p class='ocr_par' dir='ltr' id='par_1_97' title="bbox 205 4925 1771 4998">
     <span class='ocr_line' id='line_1_97' title="bbox 205 4925 1771 4998; baseline 0.001 -21"><span class='ocrx_word' id='word_1_692' title='bbox 205 4925 314 4998; x_wconf 76' lang='grc' dir='ltr'>μία,</span> <span class='ocrx_word' id='word_1_693' title='bbox 351 4928 459 4980; x_wconf 70' lang='grc' dir='ltr'>κᾶν</span> <span class='ocrx_word' id='word_1_694' title='bbox 491 4926 682 4979; x_wconf 77' lang='grc' dir='ltr'>πολλαὶ</span> <span class='ocrx_word' id='word_1_695' title='bbox 728 4928 785 4979; x_wconf 79' lang='grc' dir='ltr'>αἱ</span> <span class='ocrx_word' id='word_1_696' title='bbox 818 4926 1128 4979; x_wconf 82' lang='grc' dir='ltr'>δυσκολίαι·</span> <span class='ocrx_word' id='word_1_697' title='bbox 1162 4926 1236 4995; x_wconf 83' lang='grc' dir='ltr'>μὴ</span> <span class='ocrx_word' id='word_1_698' title='bbox 1280 4927 1616 4995; x_wconf 84' lang='grc' dir='ltr'>ἀποκάμνων</span> <span class='ocrx_word' id='word_1_699' title='bbox 1654 4929 1771 4988; x_wconf 86' lang='grc' dir='ltr'>ταῖς</span> 
     </span>
    </p>
   </div>
   <div class='ocr_carea' id='block_1_98' title="bbox 203 5018 1765 5091">
    <p class='ocr_par' dir='ltr' id='par_1_98' title="bbox 203 5018 1765 5091">
     <span class='ocr_line' id='line_1_98' title="bbox 203 5018 1765 5091; baseline -0.001 -20"><span class='ocrx_word' id='word_1_700' title='bbox 203 5020 476 5091; x_wconf 83' lang='grc' dir='ltr'>ἀπορίαις,</span> <span class='ocrx_word' id='word_1_701' title='bbox 495 5019 600 5072; x_wconf 70' lang='grc' dir='ltr'>κᾶν</span> <span class='ocrx_word' id='word_1_702' title='bbox 627 5021 660 5087; x_wconf 87' lang='grc' dir='ltr'>ὴ</span> <span class='ocrx_word' id='word_1_703' title='bbox 687 5020 839 5089; x_wconf 64' lang='grc' dir='ltr'>ἰσχὺς</span> <span class='ocrx_word' id='word_1_704' title='bbox 867 5020 1199 5071; x_wconf 75' lang='grc' dir='ltr'>δαπανᾶται.</span> <span class='ocrx_word' id='word_1_705' title='bbox 1220 5019 1379 5070; x_wconf 81' lang='grc' dir='ltr'>Ἀλλὰ</span> <span class='ocrx_word' id='word_1_706' title='bbox 1402 5018 1617 5088; x_wconf 89' lang='grc' dir='ltr'>πρῶτον</span> <span class='ocrx_word' id='word_1_707' title='bbox 1646 5018 1765 5086; x_wconf 83' lang='grc' dir='ltr'>μὲν,</span> 
     </span>
    </p>
   </div>
   <div class='ocr_carea' id='block_1_99' title="bbox 203 5103 1769 5180">
    <p class='ocr_par' dir='ltr' id='par_1_99' title="bbox 203 5103 1769 5180">
     <span class='ocr_line' id='line_1_99' title="bbox 203 5103 1769 5180; baseline -0.001 -21"><span class='ocrx_word' id='word_1_708' title='bbox 203 5107 227 5159; x_wconf 68' lang='grc' dir='ltr'>ὃ</span> <span class='ocrx_word' id='word_1_709' title='bbox 256 5109 346 5161; x_wconf 75' lang='grc' dir='ltr'><strong>καὶ</strong></span> <span class='ocrx_word' id='word_1_710' title='bbox 372 5103 594 5180; x_wconf 82' lang='grc' dir='ltr'>πρώτου</span> <span class='ocrx_word' id='word_1_711' title='bbox 614 5108 774 5175; x_wconf 82' lang='grc' dir='ltr'>λόγον</span> <span class='ocrx_word' id='word_1_712' title='bbox 793 5108 911 5160; x_wconf 71' lang='grc' dir='ltr'>ἐστὶ</span> <span class='ocrx_word' id='word_1_713' title='bbox 935 5108 1176 5177; x_wconf 79' lang='grc' dir='ltr'>ζήτημα,</span> <span class='ocrx_word' id='word_1_714' title='bbox 1204 5109 1305 5176; x_wconf 84' lang='grc' dir='ltr'>τὴν</span> <span class='ocrx_word' id='word_1_715' title='bbox 1332 5108 1514 5159; x_wconf 89' lang='grc' dir='ltr'>πίστιν</span> <span class='ocrx_word' id='word_1_716' title='bbox 1542 5108 1769 5177; x_wconf 81' lang='grc' dir='ltr'>φρούρει</span> 
     </span>
    </p>
   </div>
   <div class='ocr_carea' id='block_1_100' title="bbox 204 5198 1770 5270">
    <p class='ocr_par' dir='ltr' id='par_1_100' title="bbox 204 5198 1770 5270">
     <span class='ocr_line' id='line_1_100' title="bbox 204 5198 1770 5270; baseline -0.001 -20"><span class='ocrx_word' id='word_1_717' title='bbox 204 5200 413 5270; x_wconf 78' lang='grc' dir='ltr'>ἀσφαλῆ</span> <span class='ocrx_word' id='word_1_718' title='bbox 447 5200 544 5251; x_wconf 76' lang='grc' dir='ltr'>καὶ</span> <span class='ocrx_word' id='word_1_719' title='bbox 571 5200 909 5270; x_wconf 81' lang='grc' dir='ltr'>ἀκράδαντον</span> <span class='ocrx_word' id='word_1_720' title='bbox 931 5239 945 5262; x_wconf 96' lang='grc'><strong>,</strong></span> <span class='ocrx_word' id='word_1_721' title='bbox 980 5199 1197 5266; x_wconf 81' lang='grc' dir='ltr'>φεύγων</span> <span class='ocrx_word' id='word_1_722' title='bbox 1217 5201 1315 5266; x_wconf 83' lang='grc' dir='ltr'>τὴν</span> <span class='ocrx_word' id='word_1_723' title='bbox 1348 5199 1633 5250; x_wconf 86' lang='grc' dir='ltr'>κοινωνίαν</span> <span class='ocrx_word' id='word_1_724' title='bbox 1664 5198 1770 5249; x_wconf 86' lang='grc' dir='ltr'><strong>τῶν</strong></span> 
     </span>
    </p>
   </div>
   <div class='ocr_carea' id='block_1_101' title="bbox 203 5287 1771 5358">
    <p class='ocr_par' dir='ltr' id='par_1_101' title="bbox 203 5287 1771 5358">
     <span class='ocr_line' id='line_1_101' title="bbox 203 5287 1771 5358; baseline -0.001 -20"><span class='ocrx_word' id='word_1_725' title='bbox 203 5288 520 5358; x_wconf 77' lang='grc' dir='ltr'>ἑτεροδόξων</span> <span class='ocrx_word' id='word_1_726' title='bbox 555 5289 792 5358; x_wconf 83' lang='grc' dir='ltr'>παντοίῳ</span> <span class='ocrx_word' id='word_1_727' title='bbox 822 5290 1028 5358; x_wconf 85' lang='grc' dir='ltr'>τρόπῳ.</span> <span class='ocrx_word' id='word_1_728' title='bbox 1064 5289 1202 5344; x_wconf 77' lang='grc' dir='ltr'>Ἱσθι</span> <span class='ocrx_word' id='word_1_729' title='bbox 1247 5290 1356 5358; x_wconf 81' lang='grc' dir='ltr'><strong>γὰρ</strong></span> <span class='ocrx_word' id='word_1_730' title='bbox 1407 5287 1488 5340; x_wconf 85' lang='grc' dir='ltr'><strong>ὅτι</strong></span> <span class='ocrx_word' id='word_1_731' title='bbox 1532 5287 1771 5355; x_wconf 77' lang='grc' dir='ltr'>διωγμὸς</span> 
     </span>
    </p>
   </div>
   <div class='ocr_carea' id='block_1_102' title="bbox 204 5379 1768 5451">
    <p class='ocr_par' dir='ltr' id='par_1_102' title="bbox 204 5379 1768 5451">
     <span class='ocr_line' id='line_1_102' title="bbox 204 5379 1768 5451; baseline -0.001 -21"><span class='ocrx_word' id='word_1_732' title='bbox 204 5382 427 5450; x_wconf 78' lang='grc' dir='ltr'>πάρεστι</span> <span class='ocrx_word' id='word_1_733' title='bbox 456 5399 470 5412; x_wconf 91' lang='grc'><strong>·</strong></span> <span class='ocrx_word' id='word_1_734' title='bbox 509 5383 602 5434; x_wconf 80' lang='grc' dir='ltr'><strong>καί</strong></span> <span class='ocrx_word' id='word_1_735' title='bbox 629 5383 690 5434; x_wconf 86' lang='grc' dir='ltr'><strong>οὑ</strong></span> <span class='ocrx_word' id='word_1_736' title='bbox 720 5381 1081 5451; x_wconf 79' lang='grc' dir='ltr'>τελειότητος,</span> <span class='ocrx_word' id='word_1_737' title='bbox 1116 5381 1178 5433; x_wconf 86' lang='grc' dir='ltr'>τὸ</span> <span class='ocrx_word' id='word_1_738' title='bbox 1211 5382 1354 5450; x_wconf 75' lang='grc' dir='ltr'>ὑμᾶς</span> <span class='ocrx_word' id='word_1_739' title='bbox 1381 5381 1518 5432; x_wconf 84' lang='grc' dir='ltr'>οἴκοι</span> <span class='ocrx_word' id='word_1_740' title='bbox 1542 5379 1768 5442; x_wconf 79' lang='grc' dir='ltr'>καθέζε-</span> 
     </span>
    </p>
   </div>
   <div class='ocr_carea' id='block_1_103' title="bbox 207 5468 1770 5540">
    <p class='ocr_par' dir='ltr' id='par_1_103' title="bbox 207 5468 1770 5540">
     <span class='ocr_line' id='line_1_103' title="bbox 207 5468 1770 5540; baseline -0.001 -18"><span class='ocrx_word' id='word_1_741' title='bbox 207 5470 360 5535; x_wconf 82' lang='grc' dir='ltr'>σθαι,</span> <span class='ocrx_word' id='word_1_742' title='bbox 394 5475 490 5527; x_wconf 78' lang='grc' dir='ltr'><strong>καὶ</strong></span> <span class='ocrx_word' id='word_1_743' title='bbox 521 5473 820 5534; x_wconf 82' lang='grc' dir='ltr'>ἁδιὼκτους</span> <span class='ocrx_word' id='word_1_744' title='bbox 861 5471 1135 5540; x_wconf 79' lang='grc' dir='ltr'>διαμένειν</span> <span class='ocrx_word' id='word_1_745' title='bbox 1159 5487 1173 5500; x_wconf 95' lang='grc'><strong>·</strong></span> <span class='ocrx_word' id='word_1_746' title='bbox 1225 5471 1336 5522; x_wconf 88' lang='grc' dir='ltr'><strong>τῶν</strong></span> <span class='ocrx_word' id='word_1_747' title='bbox 1369 5469 1626 5539; x_wconf 73' lang='grc' dir='ltr'>ζηλωτῶν</span> <span class='ocrx_word' id='word_1_748' title='bbox 1671 5468 1770 5537; x_wconf 79' lang='grc' dir='ltr'>τῆς</span> 
     </span>
    </p>
   </div>
   <div class='ocr_carea' id='block_1_104' title="bbox 206 5559 1770 5629">
    <p class='ocr_par' dir='ltr' id='par_1_104' title="bbox 206 5559 1770 5629">
     <span class='ocr_line' id='line_1_104' title="bbox 206 5559 1770 5629; baseline -0.001 -18"><span class='ocrx_word' id='word_1_749' title='bbox 206 5561 477 5626; x_wconf 77' lang='grc' dir='ltr'>εὐσεϐείας</span> <span class='ocrx_word' id='word_1_750' title='bbox 522 5561 694 5614; x_wconf 78' lang='grc' dir='ltr'>πολλὰ</span> <span class='ocrx_word' id='word_1_751' title='bbox 732 5561 1113 5614; x_wconf 81' lang='grc' dir='ltr'>πεπονθότων·</span> <span class='ocrx_word' id='word_1_752' title='bbox 1164 5562 1260 5614; x_wconf 78' lang='grc' dir='ltr'><strong>καὶ</strong></span> <span class='ocrx_word' id='word_1_753' title='bbox 1301 5561 1599 5629; x_wconf 80' lang='grc' dir='ltr'>μαρτυρίου</span> <span class='ocrx_word' id='word_1_754' title='bbox 1656 5559 1770 5612; x_wconf 85' lang='grc' dir='ltr'>διά-</span> 
     </span>
    </p>
   </div>
   <div class='ocr_carea' id='block_1_105' title="bbox 267 5676 1497 5743">
    <p class='ocr_par' dir='ltr' id='par_1_105' title="bbox 267 5676 1497 5743">
     <span class='ocr_line' id='line_1_105' title="bbox 267 5676 1497 5743; baseline -0.002 -12"><span class='ocrx_word' id='word_1_755' title='bbox 267 5676 310 5707; x_wconf 82' lang='grc'><strong>⁹⁸</strong></span> <span class='ocrx_word' id='word_1_756' title='bbox 338 5676 358 5731; x_wconf 86' lang='grc' dir='ltr'><strong>ι</strong></span> <span class='ocrx_word' id='word_1_757' title='bbox 395 5678 524 5733; x_wconf 90' lang='lat' dir='ltr'><strong>Cor.</strong></span> <span class='ocrx_word' id='word_1_758' title='bbox 553 5693 666 5743; x_wconf 77' lang='lat' dir='ltr'><strong>xw,</strong></span> <span class='ocrx_word' id='word_1_759' title='bbox 702 5677 792 5732; x_wconf 76' lang='lat'><strong>26.</strong></span> <span class='ocrx_word' id='word_1_760' title='bbox 872 5678 920 5711; x_wconf 68' lang='lat'><strong>9‘</strong></span> <span class='ocrx_word' id='word_1_761' title='bbox 946 5679 991 5733; x_wconf 90' lang='lat' dir='ltr'><strong>ll</strong></span> <span class='ocrx_word' id='word_1_762' title='bbox 1021 5677 1213 5732; x_wconf 86' lang='lat' dir='ltr'><strong>Thess.</strong></span> <span class='ocrx_word' id='word_1_763' title='bbox 1250 5692 1306 5742; x_wconf 84' lang='grc' dir='ltr'><strong>ιι,</strong></span> <span class='ocrx_word' id='word_1_764' title='bbox 1342 5680 1396 5740; x_wconf 85' lang='grc'>8,</span> <span class='ocrx_word' id='word_1_765' title='bbox 1427 5692 1497 5729; x_wconf 74' lang='lat' dir='ltr'><strong>vr.</strong></span> 
     </span>
    </p>
   </div>
   <div class='ocr_carea' id='block_1_106' title="bbox 1884 4744 3454 4816">
    <p class='ocr_par' dir='ltr' id='par_1_106' title="bbox 1884 4744 3454 4816">
     <span class='ocr_line' id='line_1_106' title="bbox 1884 4744 3454 4816; baseline 0.008 -22"><span class='ocrx_word' id='word_1_766' title='bbox 1884 4744 2259 4808; x_wconf 89' lang='lat' dir='ltr'><strong>noratissime,</strong></span> <span class='ocrx_word' id='word_1_767' title='bbox 2299 4754 2381 4798; x_wconf 87' lang='lat' dir='ltr'><strong>sta</strong></span> <span class='ocrx_word' id='word_1_768' title='bbox 2407 4754 2461 4798; x_wconf 89' lang='lat' dir='ltr'><strong>et</strong></span> <span class='ocrx_word' id='word_1_769' title='bbox 2501 4746 2728 4798; x_wconf 88' lang='lat' dir='ltr'><strong>viriliter</strong></span> <span class='ocrx_word' id='word_1_770' title='bbox 2750 4761 2850 4815; x_wconf 87' lang='lat' dir='ltr'><strong>age</strong></span> <span class='ocrx_word' id='word_1_771' title='bbox 2904 4747 2955 4801; x_wconf 93' lang='lat' dir='ltr'><strong>in</strong></span> <span class='ocrx_word' id='word_1_772' title='bbox 2997 4749 3319 4816; x_wconf 57' lang='lat' dir='ltr'><strong>pradectura</strong></span> <span class='ocrx_word' id='word_1_773' title='bbox 3344 4751 3454 4806; x_wconf 80' lang='lat' dir='ltr'><strong>fra-</strong></span> 
     </span>
    </p>
   </div>
   <div class='ocr_carea' id='block_1_107' title="bbox 1882 4836 3454 4906">
    <p class='ocr_par' dir='ltr' id='par_1_107' title="bbox 1882 4836 3454 4906">
     <span class='ocr_line' id='line_1_107' title="bbox 1882 4836 3454 4906; baseline 0.007 -20"><span class='ocrx_word' id='word_1_774' title='bbox 1882 4846 2022 4887; x_wconf 87' lang='lat' dir='ltr'><strong>trum</strong></span> <span class='ocrx_word' id='word_1_775' title='bbox 2058 4854 2070 4888; x_wconf 93' lang='lat'>:</span> <span class='ocrx_word' id='word_1_776' title='bbox 2110 4852 2207 4889; x_wconf 90' lang='lat' dir='ltr'><strong>nec</strong></span> <span class='ocrx_word' id='word_1_777' title='bbox 2235 4836 2417 4888; x_wconf 87' lang='lat' dir='ltr'><strong>animo</strong></span> <span class='ocrx_word' id='word_1_778' title='bbox 2442 4837 2626 4900; x_wconf 85' lang='lat' dir='ltr'><strong>cadas,</strong></span> <span class='ocrx_word' id='word_1_779' title='bbox 2659 4839 2911 4906; x_wconf 86' lang='lat' dir='ltr'><strong>quamvis</strong></span> <span class='ocrx_word' id='word_1_780' title='bbox 2951 4841 3134 4894; x_wconf 65' lang='lat' dir='ltr'><strong>multa:</strong></span> <span class='ocrx_word' id='word_1_781' title='bbox 3170 4843 3279 4895; x_wconf 87' lang='lat' dir='ltr'><strong>sint</strong></span> <span class='ocrx_word' id='word_1_782' title='bbox 3311 4844 3454 4897; x_wconf 85' lang='lat' dir='ltr'><strong>ditli—</strong></span> 
     </span>
    </p>
   </div>
   <div class='ocr_carea' id='block_1_108' title="bbox 1878 4927 3469 4999">
    <p class='ocr_par' dir='ltr' id='par_1_108' title="bbox 1878 4927 3469 4999">
     <span class='ocr_line' id='line_1_108' title="bbox 1878 4927 3469 4999; baseline 0.006 -19"><span class='ocrx_word' id='word_1_783' title='bbox 1878 4930 2150 4993; x_wconf 80' lang='lat' dir='ltr'><strong>cultates;</strong></span> <span class='ocrx_word' id='word_1_784' title='bbox 2185 4945 2283 4982; x_wconf 82' lang='lat' dir='ltr'><strong>nec</strong></span> <span class='ocrx_word' id='word_1_785' title='bbox 2315 4927 2532 4982; x_wconf 85' lang='lat' dir='ltr'><strong>fatiscas</strong></span> <span class='ocrx_word' id='word_1_786' title='bbox 2565 4930 2618 4982; x_wconf 92' lang='lat' dir='ltr'><strong>in</strong></span> <span class='ocrx_word' id='word_1_787' title='bbox 2674 4931 2967 4999; x_wconf 87' lang='lat' dir='ltr'><strong>angustiis,</strong></span> <span class='ocrx_word' id='word_1_788' title='bbox 3024 4933 3124 4988; x_wconf 83' lang='lat' dir='ltr'><strong>etsi</strong></span> <span class='ocrx_word' id='word_1_789' title='bbox 3147 4933 3290 4988; x_wconf 89' lang='lat' dir='ltr'><strong>vires</strong></span> <span class='ocrx_word' id='word_1_790' title='bbox 3317 4950 3469 4989; x_wconf 89' lang='lat' dir='ltr'><strong>con-.</strong></span> 
     </span>
    </p>
   </div>
   <div class='ocr_carea' id='block_1_109' title="bbox 1877 5019 3455 5092">
    <p class='ocr_par' dir='ltr' id='par_1_109' title="bbox 1877 5019 3455 5092">
     <span class='ocr_line' id='line_1_109' title="bbox 1877 5019 3455 5092; baseline 0.006 -21"><span class='ocrx_word' id='word_1_791' title='bbox 1877 5029 2193 5072; x_wconf 84' lang='lat' dir='ltr'><strong>sumuntur.</strong></span> <span class='ocrx_word' id='word_1_792' title='bbox 2231 5019 2334 5072; x_wconf 90' lang='lat' dir='ltr'><strong>Sed</strong></span> <span class='ocrx_word' id='word_1_793' title='bbox 2376 5020 2612 5089; x_wconf 89' lang='lat' dir='ltr'><strong>primum</strong></span> <span class='ocrx_word' id='word_1_794' title='bbox 2648 5024 2890 5091; x_wconf 89' lang='lat' dir='ltr'><strong>quidem,</strong></span> <span class='ocrx_word' id='word_1_795' title='bbox 2937 5025 3081 5092; x_wconf 89' lang='lat' dir='ltr'><strong>quod</strong></span> <span class='ocrx_word' id='word_1_796' title='bbox 3128 5026 3304 5092; x_wconf 83' lang='lat' dir='ltr'><strong>primo</strong></span> <span class='ocrx_word' id='word_1_797' title='bbox 3335 5027 3455 5081; x_wconf 85' lang='lat' dir='ltr'><strong>loco</strong></span> 
     </span>
    </p>
   </div>
   <div class='ocr_carea' id='block_1_110' title="bbox 1876 5111 3453 5184">
    <p class='ocr_par' dir='ltr' id='par_1_110' title="bbox 1876 5111 3453 5184">
     <span class='ocr_line' id='line_1_110' title="bbox 1876 5111 3453 5184; baseline 0.007 -23"><span class='ocrx_word' id='word_1_798' title='bbox 1876 5112 2159 5178; x_wconf 72' lang='lat' dir='ltr'><strong>quaeritur,</strong></span> <span class='ocrx_word' id='word_1_799' title='bbox 2199 5111 2359 5164; x_wconf 83' lang='lat' dir='ltr'><strong>[idem</strong></span> <span class='ocrx_word' id='word_1_800' title='bbox 2400 5127 2556 5165; x_wconf 84' lang='lat' dir='ltr'><strong>serva</strong></span> <span class='ocrx_word' id='word_1_801' title='bbox 2582 5115 2792 5167; x_wconf 87' lang='lat' dir='ltr'><strong>lirmam</strong></span> <span class='ocrx_word' id='word_1_802' title='bbox 2821 5123 2874 5167; x_wconf 90' lang='lat' dir='ltr'><strong>et</strong></span> <span class='ocrx_word' id='word_1_803' title='bbox 2913 5114 3320 5184; x_wconf 89' lang='lat' dir='ltr'><strong>inconcussam,</strong></span> <span class='ocrx_word' id='word_1_804' title='bbox 3358 5118 3453 5172; x_wconf 84' lang='lat' dir='ltr'><strong>he-</strong></span> 
     </span>
    </p>
   </div>
   <div class='ocr_carea' id='block_1_111' title="bbox 1877 5202 3453 5266">
    <p class='ocr_par' dir='ltr' id='par_1_111' title="bbox 1877 5202 3453 5266">
     <span class='ocr_line' id='line_1_111' title="bbox 1877 5202 3453 5266; baseline 0.008 -12"><span class='ocrx_word' id='word_1_805' title='bbox 1877 5202 2264 5257; x_wconf 79' lang='lat' dir='ltr'><strong>terodoxorum</strong></span> <span class='ocrx_word' id='word_1_806' title='bbox 2296 5205 2738 5260; x_wconf 87' lang='lat' dir='ltr'><strong>communionem</strong></span> <span class='ocrx_word' id='word_1_807' title='bbox 2781 5207 2956 5261; x_wconf 89' lang='lat' dir='ltr'><strong>modis</strong></span> <span class='ocrx_word' id='word_1_808' title='bbox 3013 5211 3271 5266; x_wconf 87' lang='lat' dir='ltr'><strong>omnibus</strong></span> <span class='ocrx_word' id='word_1_809' title='bbox 3301 5211 3453 5266; x_wconf 81' lang='lat' dir='ltr'><strong>devi-</strong></span> 
     </span>
    </p>
   </div>
   <div class='ocr_carea' id='block_1_112' title="bbox 1882 5293 3451 5372">
    <p class='ocr_par' dir='ltr' id='par_1_112' title="bbox 1882 5293 3451 5372">
     <span class='ocr_line' id='line_1_112' title="bbox 1882 5293 3451 5372; baseline 0.008 -28"><span class='ocrx_word' id='word_1_810' title='bbox 1882 5303 2022 5346; x_wconf 86' lang='lat' dir='ltr'><strong>tans.</strong></span> <span class='ocrx_word' id='word_1_811' title='bbox 2058 5293 2177 5349; x_wconf 78' lang='lat' dir='ltr'><strong>Scis</strong></span> <span class='ocrx_word' id='word_1_812' title='bbox 2227 5298 2371 5349; x_wconf 91' lang='lat' dir='ltr'><strong>enim</strong></span> <span class='ocrx_word' id='word_1_813' title='bbox 2420 5297 2610 5351; x_wconf 88' lang='lat' dir='ltr'><strong>adesse</strong></span> <span class='ocrx_word' id='word_1_814' title='bbox 2668 5302 3125 5366; x_wconf 89' lang='lat' dir='ltr'><strong>persecutionem,</strong></span> <span class='ocrx_word' id='word_1_815' title='bbox 3187 5318 3288 5357; x_wconf 92' lang='lat' dir='ltr'><strong>nec</strong></span> <span class='ocrx_word' id='word_1_816' title='bbox 3327 5319 3451 5372; x_wconf 89' lang='lat' dir='ltr'><strong>per-</strong></span> 
     </span>
    </p>
   </div>
   <div class='ocr_carea' id='block_1_113' title="bbox 1877 5383 3450 5463">
    <p class='ocr_par' dir='ltr' id='par_1_113' title="bbox 1877 5383 3450 5463">
     <span class='ocr_line' id='line_1_113' title="bbox 1877 5383 3450 5463; baseline 0.007 -27"><span class='ocrx_word' id='word_1_817' title='bbox 1877 5383 2126 5439; x_wconf 83' lang='lat' dir='ltr'><strong>fectionis</strong></span> <span class='ocrx_word' id='word_1_818' title='bbox 2164 5402 2283 5440; x_wconf 85' lang='lat' dir='ltr'><strong>esse</strong></span> <span class='ocrx_word' id='word_1_819' title='bbox 2343 5388 2580 5441; x_wconf 80' lang='lat' dir='ltr'><strong>residere</strong></span> <span class='ocrx_word' id='word_1_820' title='bbox 2607 5405 2702 5443; x_wconf 81' lang='lat' dir='ltr'><strong>vos</strong></span> <span class='ocrx_word' id='word_1_821' title='bbox 2753 5389 2925 5456; x_wconf 92' lang='lat' dir='ltr'><strong>domi,</strong></span> <span class='ocrx_word' id='word_1_822' title='bbox 2959 5402 3120 5460; x_wconf 88' lang='lat' dir='ltr'><strong>atque</strong></span> <span class='ocrx_word' id='word_1_823' title='bbox 3146 5404 3295 5448; x_wconf 66' lang='lat' dir='ltr'><strong>Cll“!</strong></span> <span class='ocrx_word' id='word_1_824' title='bbox 3329 5410 3450 5463; x_wconf 85' lang='lat' dir='ltr'><strong>per-</strong></span> 
     </span>
    </p>
   </div>
   <div class='ocr_carea' id='block_1_114' title="bbox 1874 5479 3454 5553">
    <p class='ocr_par' dir='ltr' id='par_1_114' title="bbox 1874 5479 3454 5553">
     <span class='ocr_line' id='line_1_114' title="bbox 1874 5479 3454 5553; baseline 0.006 -24"><span class='ocrx_word' id='word_1_825' title='bbox 1874 5479 2209 5532; x_wconf 81' lang='lat' dir='ltr'><strong>secutionem</strong></span> <span class='ocrx_word' id='word_1_826' title='bbox 2285 5496 2642 5547; x_wconf 81' lang='lat' dir='ltr'><strong>permanere;</strong></span> <span class='ocrx_word' id='word_1_827' title='bbox 2707 5483 2858 5547; x_wconf 86' lang='lat' dir='ltr'><strong>dum,</strong></span> <span class='ocrx_word' id='word_1_828' title='bbox 2913 5483 3006 5549; x_wconf 88' lang='lat' dir='ltr'><strong>qui</strong></span> <span class='ocrx_word' id='word_1_829' title='bbox 3077 5486 3192 5538; x_wconf 85' lang='lat' dir='ltr'><strong>zelo</strong></span> <span class='ocrx_word' id='word_1_830' title='bbox 3236 5486 3454 5553; x_wconf 87' lang='lat' dir='ltr'><strong>pietatis</strong></span> 
     </span>
    </p>
   </div>
   <div class='ocr_carea' id='block_1_115' title="bbox 1878 5567 3452 5647">
    <p class='ocr_par' dir='ltr' id='par_1_115' title="bbox 1878 5567 3452 5647">
     <span class='ocr_line' id='line_1_115' title="bbox 1878 5567 3452 5647; baseline 0.006 -27"><span class='ocrx_word' id='word_1_831' title='bbox 1878 5567 2128 5637; x_wconf 81' lang='lat' dir='ltr'><strong>ﬂagrant,</strong></span> <span class='ocrx_word' id='word_1_832' title='bbox 2175 5571 2342 5625; x_wconf 87' lang='lat' dir='ltr'><strong>multa</strong></span> <span class='ocrx_word' id='word_1_833' title='bbox 2401 5572 2700 5640; x_wconf 84' lang='lat' dir='ltr'><strong>patiuntur,</strong></span> <span class='ocrx_word' id='word_1_834' title='bbox 2741 5575 3018 5629; x_wconf 89' lang='lat' dir='ltr'><strong>nonnullis</strong></span> <span class='ocrx_word' id='word_1_835' title='bbox 3063 5576 3174 5644; x_wconf 85' lang='lat' dir='ltr'><strong>jam</strong></span> <span class='ocrx_word' id='word_1_836' title='bbox 3209 5577 3452 5647; x_wconf 88' lang='lat' dir='ltr'><strong>martyrii</strong></span> 
     </span>
    </p>
   </div>
   <div class='ocr_carea' id='block_1_116' title="bbox 1706 5769 1933 5827">
    <p class='ocr_par' dir='ltr' id='par_1_116' title="bbox 1706 5769 1933 5827">
     <span class='ocr_line' id='line_1_116' title="bbox 1706 5769 1933 5827; baseline 0.022 -5"><span class='ocrx_word' id='word_1_837' title='bbox 1706 5769 1933 5827; x_wconf 69' lang='lat' dir='ltr'><strong>NOTJ&#39;J.</strong></span> 
     </span>
    </p>
   </div>
   <div class='ocr_carea' id='block_1_117' title="bbox 276 5904 961 5975">
    <p class='ocr_par' dir='ltr' id='par_1_117' title="bbox 276 5904 961 5975">
     <span class='ocr_line' id='line_1_117' title="bbox 276 5904 961 5975; baseline 0.003 -17"><span class='ocrx_word' id='word_1_838' title='bbox 276 5906 381 5971; x_wconf 78' lang='grc' dir='ltr'><strong>(Ἠ)</strong></span> <span class='ocrx_word' id='word_1_839' title='bbox 409 5905 462 5958; x_wconf 88' lang='lat' dir='ltr'><strong>ln</strong></span> <span class='ocrx_word' id='word_1_840' title='bbox 492 5905 612 5959; x_wconf 80' lang='lat' dir='ltr'><strong>cod.</strong></span> <span class='ocrx_word' id='word_1_841' title='bbox 652 5904 762 5974; x_wconf 74' lang='lat' dir='ltr'><strong>llcg</strong></span> <span class='ocrx_word' id='word_1_842' title='bbox 821 5913 961 5975; x_wconf 82' lang='grc' dir='ltr'>ρπα’.</span> 
     </span>
    </p>
   </div>
  </div>
