3966 6472
558 374 696 438 1555

1728 379 1788 436 8.
1816 377 2206 439 THEODORI
2269 380 2618 444 STUDITIE

3681 388 3800 454 1556

550 490 856 545 diademate
891 490 1190 544 coronatis.
1236 490 1581 559 Quapropter
1616 501 1801 545 exacta
1831 491 1986 546 vobis
2015 493 2128 545 vita

2241 492 2380 562 Ξημα
2407 496 2760 566 στεψαμένων
2791 496 2974 553 τινῶν.
3009 499 3176 553 ’Ὥστε
3215 499 3474 570 ἀκριϐοῦς
3503 502 3656 574 ζωῆς
3683 505 3798 574 ὑμῖν

553 590 638 635 est
675 596 836 651 opus,
865 598 987 652 quae
1035 583 1250 654 expleat
1285 584 1432 653 quod
1484 584 1756 654 reliquum
1809 594 1894 639 est
1915 587 2129 642 aetatis:

552 676 780 746 qualem
837 685 1078 731 sectatus
1132 678 1338 746 estqui
1383 686 1544 732 antea
1595 679 1749 733 vobis
1809 679 2047 750 praefuit,
2081 691 2134 735 et

555 783 721 839 quam
763 770 830 822 ab
883 769 978 822 illo
1011 784 1111 822 vos
1159 770 1521 839 suscepistis:
1567 771 1725 839 quale
1783 788 2021 842 namque
2051 782 2136 826 est

555 870 736 929 caput,
776 861 883 914 tale
912 870 966 914 et
995 869 1166 914 totum
1223 877 1443 932 corpus.
1487 862 1553 918 Et
1598 865 1713 918 haec
1751 865 1893 927 dico,
1928 880 2036 918 non
2069 875 2130 920 ut

554 952 922 1022 dissipcmiui,
952 953 1044 1006 sed
1074 961 1134 1006 ut
1166 953 1458 1024 diligenter
1481 958 1902 1021 conservemini,
1933 967 1984 1011 et
2016 974 2136 1012 cor-

553 1042 906 1104 roboremini,
924 1057 1214 1098 commune
1237 1061 1359 1098 cum
1381 1046 1574 1101 haeresi
1599 1047 1735 1101 nihil
1753 1046 2136 1102 habentes.De-

556 1135 708 1202 inde,
728 1136 1010 1192 attendens
1034 1138 1273 1202 attende,
1293 1148 1346 1192 et
1368 1139 1601 1209 vigilans
1621 1141 1798 1208 vigila,
1819 1141 1946 1209 quia
1977 1142 2132 1196 multi

554 1227 626 1281 ab
664 1227 775 1281 alto
820 1229 1200 1297 impugnantes
1260 1247 1382 1295 nos,
1415 1232 1542 1300 quia
1576 1232 1778 1287 diaboli
1828 1234 2133 1303 complures

555 1329 686 1372 sunt
723 1319 900 1388 laquei
933 1337 946 1372 :
982 1318 1122 1383 Quia
1151 1328 1402 1388 tanquam
1423 1320 1502 1374 leo
1538 1323 1747 1390 rugiens
1771 1323 1958 1392 qmerit
1980 1341 2130 1392 quem

554 1409 774 1463 devoret
802 1411 872 1464 “.
909 1411 1088 1479 Atque
1148 1410 1295 1465 hunc
1351 1411 1568 1478 quidem
1631 1414 1908 1481 voluptate
1955 1415 2134 1469 carnis

561 1500 863 1555 exsorbere
889 1510 1148 1566 conatur;
1181 1503 1344 1558 alium
1375 1519 1504 1558 vero
1523 1506 1916 1562 incredulitatis
1945 1509 2135 1562 morbo

555 1605 587 1642 a
619 1603 878 1658 compage
913 1587 1142 1643 fratrum
1198 1590 1475 1645 divellere.
1538 1593 1717 1647 Alium
1768 1595 1985 1650 invidia:
2015 1597 2133 1650 telis

559 1679 832 1742 vulnerat,
894 1688 953 1732 ut
984 1680 1116 1734 Cain
1144 1682 1374 1735 alterum
1421 1683 1654 1736 efficiat:
1699 1687 1862 1737 alium
1895 1686 2136 1740 avaritite

557 1787 687 1827 casu
726 1771 929 1838 dejicit,
964 1771 1157 1825 Judam
1218 1773 1446 1826 alterum
1526 1774 1766 1844 gestiens
1825 1777 2130 1832 ostendere.

556 1867 735 1932 Atque
767 1873 827 1917 ut
852 1863 1020 1918 semel
1071 1863 1277 1929 dicam,
1328 1879 1466 1932 opus
1519 1865 1638 1934 ejus
1672 1875 1860 1921 noctes
1890 1867 2131 1937 diesque,

557 1967 804 2009 nostrum
828 1964 911 2009 est
926 1955 1178 2009 exitium.
1215 1953 1480 2018 Observa,
1514 1958 1726 2012 custodi
1760 1974 1817 2013 re
1862 1974 1925 2013 ac
1950 1961 2134 2015 verbis

560 2059 688 2100 oves
711 2044 911 2099 Christi
943 2062 958 2111 ;
989 2054 1042 2100 et
1071 2061 1283 2099 merces
1318 2046 1413 2100 tibi
1447 2045 1618 2100 multa
1659 2051 1764 2100 erit
1791 2065 1818 2103 a
1855 2046 1983 2102 Deo.
2016 2051 2136 2118 ipse

557 2140 701 2193 enim
766 2141 1138 2210 apostolorum
1190 2143 1479 2210 corypba-o
1515 2143 1689 2196 dixit:
1745 2142 1926 2197 Simon
1958 2145 2132 2210 Jona',

555 2230 734 2300 diligis
762 2247 842 2283 me
871 2231 988 2298 plus
1015 2230 1094 2283 his
1119 2232 1142 2282 ?
1177 2230 1338 2283 Pasce
1365 2247 1480 2284 oves
1519 2248 1661 2286 meas
1693 2235 1760 2285 ³⁸.
1797 2235 1979 2305 Itaque
2007 2252 2135 2305 pro-

560 2325 704 2378 batio
724 2325 926 2378 amoris
957 2339 1085 2393 erga
1108 2327 1287 2392 ipsum
1314 2325 1586 2393 est,juxta
1609 2325 2133 2400 Scripturam,virga

557 2414 863 2484 pastoralis.

946 2699 1204 2756 CLXXX.
1238 2734 1305 2743 —
1331 2702 1598 2772 Stephano
1639 2705 1771 2772 ﬁlio.

2236 585 2396 653 χρεία
2422 623 2438 647 ,
2469 585 2893 658 ἁναπληρούσης
2921 587 2982 640 τὸ
3013 587 3231 651 ἐλλιπὲς
3263 593 3364 661 τῆς
3407 591 3630 662 ἡλικίας
3665 591 3799 666 [cod.

2237 674 2371 744 Reg.
2404 677 2795 742 ύιποπτώσεως,
2829 679 3196 753 paenitentiw],
3228 683 3294 752 ἢν
3320 683 3595 737 ὑπέπεσεν
3627 687 3659 738 6
3688 705 3804 758 προ-

2236 760 2698 836 καθηγησάμενος
2727 769 2905 840 ὑμῶν,
2954 772 3049 824 καὶ
3095 772 3166 825 δι’
3197 771 3364 825 αὐτοῦ
3401 773 3606 836 πάντες
3657 778 3805 846 ἡμεῖς

2234 860 2298 927 τῇ
2339 860 2550 912 ἐκείνου
2585 861 2890 934 παραδοχῇ.
2922 863 3029 916 Οἴα
3071 863 3181 934 γάρ
3221 867 3255 934 ἡ
3302 865 3546 936 κεφαλὴ,
3575 867 3807 921 τοιοῦτον

2235 949 2416 1002 καὶτὸ
2440 950 2559 1002 ὅλον
2589 952 2771 1022 σῶμα.
2822 954 2934 1008 Καὶ
2965 953 3139 1008 ταῦτα
3170 954 3334 1023 λέγω,
3383 956 3483 1027 οὐχ
3512 957 3598 1010 ῖνα
3632 957 3807 1011 διαλυ-

2237 1040 2392 1110 θῆτε,
2426 1042 2540 1094 ἀλλ’
2573 1043 2660 1096 ἵνα
2687 1045 3030 1115 συντηρῆσθε
3054 1046 3318 1115 ἀκριϐῶς,
3352 1051 3448 1101 καὶ
3473 1050 3807 1121 ὲπιῤῥὼννυα

2240 1132 2330 1183 σθε
2381 1136 2448 1205 τῇ
2502 1135 2769 1206 άμεθεξίᾳ
2814 1136 2915 1205 τῆς
2956 1137 3238 1210 αἱρέσεως.
3293 1139 3582 1209 Δεύτερον,
3633 1143 3809 1212 νήφων

2237 1225 2396 1292 νῆφε,
2441 1227 2536 1278 καὶ
2584 1227 2874 1297 γρηγορῶν
2903 1229 3169 1301 γρηγόρει
3189 1244 3203 1258 ⁸
3235 1230 3317 1282 ὄτι
3363 1231 3548 1284 πολλοὶ
3578 1233 3628 1286 οἱ
3656 1234 3807 1287 πολε-

2241 1316 2469 1385 μοῦντες
2493 1320 2640 1387 ἡμᾶς
2663 1319 2772 1373 ἀπὸ
2799 1319 2968 1389 ὕψους
2991 1337 3004 1350 ·
3039 1322 3121 1375 ὅτι
3149 1321 3321 1376 πολλὰ
3348 1322 3416 1375 τὰ
3450 1321 3707 1394 θήρατρα
3726 1327 3808 1378 τοῦ

2235 1409 2513 1462 διαϐόλου’
2571 1412 2699 1465 Ὅτι
2752 1413 2833 1478 ὡς
2883 1413 3040 1467 λέων
3088 1415 3434 1484 (ἱδρυόμενος
3477 1415 3642 1484 ζητεῖ
3687 1420 3813 1472 τίνα

2237 1504 2516 1570 καταπίῃ.
2558 1506 2670 1557 Καὶ
2697 1505 2758 1558 ὃν
2785 1507 2885 1576 μὲν
2909 1507 3309 1578 ἡδονῇ.σαρκδς
3352 1510 3610 1579 πειρᾶται
3645 1511 3809 1580 ῥοφῆ-

2237 1612 2360 1648 σαι·
2407 1596 2465 1648 ὃν
2495 1596 2551 1648 δὲ
2599 1599 2854 1663 ἀπιστίας
2893 1601 3164 1671 νοσήματι
3208 1600 3502 1672 διαρρῆξαι
3547 1603 3648 1673 τῆς
3695 1621 3814 1656 συν-

2238 1690 2435 1754 αφείας
2464 1689 2571 1741 τῶν
2601 1690 2867 1760 ἀδελφῶν.
2895 1695 3004 1748 Καὶ
3025 1696 3184 1750 ἄλλον
3219 1695 3414 1764 φθόνου
3443 1696 3623 1765 βέλεσι
3649 1715 3810 1751 καταο

2240 1781 2554 1850 τιτρώσκει,
2575 1786 2713 1837 Κάῖν
2743 1787 2901 1840 ἄλλον
2927 1788 3202 1854 ἀποδεῖξαι
3235 1789 3561 1860 βουλόμενος
3580 1809 3593 1820 ·
3630 1791 3816 1862 ἕτερον

2240 1871 2297 1923 δὲ
2329 1872 2694 1943 φιλαργυρίας
2724 1877 2980 1948 πτώματι
3011 1879 3360 1947 καταϐάλλει,
3401 1881 3600 1935 Ἰούδαν
3629 1882 3817 1936 δεύτε-

2244 1983 2336 2038 ρον
2364 1967 2630 2037 γνωρίσαι
2678 1969 3016 2040 γλιχόμενος.
3061 1971 3172 2024 Καὶ
3204 1971 3350 2036 ἅπαξ
3398 1973 3605 2039 ἁπλῶς,
3658 1974 3817 2045 ἔργον

2244 2059 2410 2112 αὐτοῦ
2441 2059 2659 2129 νύκτωρ
2701 2062 2795 2113 καὶ
2840 2063 2957 2130 μεθ’
3004 2063 3241 2134 ἡμέραν,
3286 2065 3321 2134 ἡ
3361 2064 3482 2118 καθ’
3511 2065 3674 2135 ἡμῶν
3717 2069 3819 2120 άπ-

2243 2149 2432 2204 ώλεια.
2466 2149 2690 2216 Σκόπει,
2723 2152 2993 2221 φυλάττου
3021 2155 3245 2226 τρόποις
3268 2155 3363 2208 καὶ
3391 2155 3568 2223 λόγοις
3596 2157 3670 2210 τά
3689 2159 3820 2228 πρό-

2244 2243 2386 2296 ϐατα
2429 2243 2524 2296 τοῦ
2563 2245 2824 2316 Χριστοῦ.
2865 2247 2976 2302 Καὶ
3002 2248 3031 2300 6
3066 2246 3259 2318 μισθός
3311 2263 3405 2300 σου
3457 2248 3626 2309 πολὺς
3668 2247 3822 2317 παρὰ

2243 2334 2399 2388 Θεοῦ.
2451 2337 2624 2400 Αὐτὸς
2673 2337 2781 2408 γὰρ
2829 2338 3016 2410 εἴρηκε
3069 2338 3206 2410 πρὸς
3235 2341 3326 2393 τὸν
3374 2341 3675 2409 κορυφαῖον
3715 2341 3826 2392 τῶν

2244 2427 2556 2480 ἀποστόλων
2577 2445 2591 2462 ο
2617 2431 2684 2482 ΣΙ
2681 2448 2813 2499 μων
2839 2429 3030 2496 Ἰωνᾶ,
3050 2431 3248 2501 φιλεῖς
3261 2449 3337 2502 με
3355 2431 3546 2486 πλέον
3559 2433 3793 2486 τούτων
3804 2450 3825 2497 ;

2248 2517 2530 2585 Ποίμαινε
2558 2520 2631 2572 τὰ
2659 2522 2923 2588 πρόϐατά
2945 2541 3088 2591 μου.
3123 2523 3284 2576 Ὥστε
3307 2523 3583 2588 ἀπόδειξις
3607 2528 3712 2597 τῆς
3747 2528 3827 2588 εἰς

2241 2609 2402 2661 αὐτὸν
2435 2611 2677 2681 ἀγάπης,
2706 2615 2739 2682 ἡ
2769 2617 3100 2683 ποιμαντικὴ
3125 2617 3268 2669 κατὰ
3295 2617 3453 2686 λόγον
3482 2617 3710 2688 ῥάϐδος.

2422 2720 2527 2773 PII’
2560 2723 2791 2795 (72-73).
2818 2757 2886 2768 --
2908 2729 3188 2796 Στεφάνῳ
3210 2729 3416 2797 τέκνῳ.
3445 2728 3646 2802 [cpiast]

1606 2817 1888 2868 Monaslicze
1911 2825 2214 2882 paupertatis
2248 2841 2413 2878 curam
2440 2837 2766 2886 commendat.

627 2920 860 2976 Advenit
881 2930 936 2976 et
965 2920 1134 2976 abbas
1167 2922 1483 2986 Antbimus,
1519 2925 1735 2993 egregie
1759 2925 2055 2994 Stephane,
2080 2939 2134 2983 et

559 3010 634 3066 fili
654 3009 850 3066 dilecte
886 3028 900 3064 :
935 3025 1198 3080 cumque,
1233 3019 1293 3064 ut
1322 3027 1420 3080 par
1444 3021 1580 3078 erat,
1624 3024 1880 3082 tanquam
1906 3017 2136 3086 teipsum

559 3103 919 3172 accepissem,
950 3103 1282 3171 interrogavi
1316 3105 1779 3171 quemadmodum
1816 3117 1868 3162 te
1901 3123 2135 3178 gereres.

557 3192 693 3249 Nam
721 3193 848 3262 quia
881 3193 985 3246 hoc
1003 3193 1244 3261 postulat
1272 3194 1609 3263 praefectura:
1640 3198 1802 3264 ratio,
1865 3201 1945 3254 sic
1973 3204 2137 3257 etiam

561 3298 695 3338 usus
721 3297 844 3337 sum
878 3297 1005 3350 erga
1026 3281 1253 3337 fratrem
1283 3293 1432 3337 tuum
1480 3286 1821 3340 Anthimum.
1854 3288 1919 3343 Et
1948 3292 2134 3345 chari-

560 3481 671 3524 con
703 3466 920 3536 qualem
952 3466 1157 3520 veritas
1207 3467 1376 3534 exigit
1433 3469 1484 3521 in
1509 3471 1785 3538 germanis
1836 3475 2133 3529 secundum

565 3559 852 3615 Dominum
890 3558 1173 3615 fratribus.
1227 3559 1366 3625 Quid
1413 3561 1512 3614 hoc
1541 3564 1686 3616 enim
1717 3575 1804 3619 est
1847 3567 1992 3636 quod
2025 3582 2135 3622 non

560 3651 874 3708 communia
927 3649 1107 3706 facitis
1156 3652 1385 3714 omnia;
1438 3655 1533 3706 sed
1587 3665 1641 3708 et
1697 3657 1967 3725 privatum
2024 3661 2137 3730 ipse

559 3759 755 3799 aurum
779 3742 969 3808 habes,
1006 3751 1060 3796 et
1084 3758 1279 3797 aurum
1310 3744 1398 3798 ille
1417 3743 1670 3813 privatim
1706 3747 1885 3815 habet,
1917 3751 1967 3805 id
1993 3753 2136 3821 quod

560 3835 818 3891 dirimere
843 3834 982 3888 solet
1039 3833 1402 3890 cbaritatem?
1431 3838 1718 3903 Quomodo
1757 3843 1904 3894 enim
1952 3844 2137 3899 anima

561 3942 669 3982 una
703 3934 758 3981 et
792 3942 887 3980 cor
912 3942 1080 3980 unum
1113 3937 1278 3996 queat
1323 3944 1464 3994 esse,
1499 3930 1589 3984 ubi
1655 3948 1836 3987 meum
1884 3943 1938 3989 et
1981 3946 2136 3991 tuum

560 4019 920 4074 nominatur?
976 4016 1115 4073 Hinc
1145 4021 1508 4089 suspiciones,
1543 4022 1669 4077 hinc
1717 4025 2134 4082 oblocutiones:

560 4110 690 4164 hinc
713 4111 895 4175 tertio,
942 4112 1089 4179 quod
1116 4127 1222 4166 non
1252 4113 1304 4165 in
1357 4115 1538 4167 medio
1575 4124 1816 4170 vestrum
1862 4116 2132 4186 Christus,

559 4201 651 4268 qui
688 4201 864 4255 dixit:
903 4198 1002 4254 Ubi
1031 4209 1154 4253 sunt
1199 4201 1305 4254 duo
1357 4202 1436 4256 vel
1476 4212 1580 4257 tres
1618 4208 1922 4276 congregati
1965 4208 2136 4264 inno-

561 4294 697 4349 ntine
744 4310 879 4359 meo,
919 4294 995 4346 ibi
1042 4310 1161 4346 sum
1200 4295 1254 4348 in
1296 4296 1472 4349 medio
1505 4301 1783 4366 eorum";
1835 4303 1928 4356 sed
1961 4302 2137 4358 hostis

559 4387 869 4443 animarum
905 4395 1243 4452 nostrarum,
1274 4389 1877 4458 quidissecatmembra
1909 4394 2134 4452 Christi.

560 4477 913 4546 Perspicuum
948 4478 1094 4532 enim
1120 4491 1221 4543 est,
1257 4479 1347 4533 ubi
1380 4481 1452 4534 sit
1474 4481 1683 4551 privata
1705 4499 1883 4538 rerum
1915 4501 2134 4554 posses-

558 4571 643 4624 sio
676 4578 730 4624 et
765 4587 875 4625 non
928 4573 1314 4638 communitas,
1362 4573 1511 4628 illinc
1566 4575 1758 4631 abesse
1811 4575 2132 4633 Christum:

556 4665 814 4732 quoniam
845 4665 913 4719 de
940 4666 1202 4734 apostolis
1224 4667 1488 4736 scriptum
1524 4679 1607 4723 est
1641 4689 1654 4722 :
1690 4669 1856 4724 Erant
1884 4671 1992 4724 illis
2023 4689 2134 4725 om-
2167 4667 2211 4721 D

557 4755 648 4808 nia
673 4757 1009 4821 communia;
1051 4772 1142 4809 nec
1179 4758 1461 4827 quisquam
1484 4777 1665 4813 eorum
1694 4778 1811 4831 quae
1835 4764 2132 4831 possidebat

556 4846 759 4916 aliquid
785 4863 940 4902 suum
969 4863 1081 4902 esse
1102 4847 1311 4902 dicebat
1344 4850 1410 4904 ⁸⁸.
1457 4849 1574 4904 Νοη
1611 4854 1775 4921 pudet
1817 4870 1982 4919 nunc,
2008 4855 2133 4909 date

560 4939 799 5002 veniam,
829 4954 955 4992 cum
981 4939 1091 4993 duo
1109 4940 1248 5003 sitis,
1275 4941 1414 5018 bona
1445 4943 1496 4995 in
1521 4958 1806 4999 commune
1830 4963 1934 5001 non
1956 4950 2133 5018 possi-

559 5031 689 5084 dere
723 5048 736 5083 :
771 5045 894 5084 cum
933 5031 1074 5085 inter
1097 5017 1397 5101 apostolos,
1441 5037 1532 5102 qui
1574 5052 1802 5090 numero
1845 5047 1925 5091 tot
1953 5049 2131 5101 erant,

560 5123 926 5176 communitas
952 5123 1588 5194 cxsisteret?Propterea
1615 5129 1685 5182 ibi
1713 5139 1830 5183 erat
1858 5131 2134 5186 Christus:

560 5211 698 5264 inter
733 5227 829 5265 vos
862 5222 1040 5266 autem
1063 5229 1431 5283 nequaquam,
1461 5219 1561 5270 etsi
1606 5233 1769 5286 grave
1803 5230 1886 5273 est
1919 5219 2134 5275 dicere:

559 5302 765 5370 alioqui
797 5304 1084 5359 unanimes
1122 5306 1335 5370 essetis,
1362 5317 1415 5361 et
1451 5309 1878 5375 cnnsentientes,
1914 5322 1968 5365 et
2003 5327 2143 5367 con-.

558 5394 779 5458 cordes;
806 5396 1038 5448 invicem
1075 5397 1427 5461 sustinentes,
1463 5399 1694 5453 invicem
1731 5412 2002 5465 curantes,
2036 5420 2132 5457 vo-

557 5484 643 5540 bis
671 5486 1022 5550 suiiicientes,
1079 5489 1216 5542 bene
1269 5490 1466 5554 atfecti,
1499 5491 1700 5554 blandi,
1738 5493 1956 5558 hilares,
1993 5511 2132 5565 prte-

626 5669 671 5701 "
701 5668 719 5721 Ι
746 5669 887 5722 Pctr.
927 5687 975 5732 v,
1008 5670 1062 5723 8.
1145 5672 1370 5728 "Joan.
1413 5693 1525 5740 xu,
1579 5678 1755 5732 lii-l7.

2310 2938 2587 2991 Κατέλαϐε
2621 2942 2713 2994 καὶ
2742 2945 2771 2994 ὁ
2795 2943 2970 3008 άὸὀᾶς
2994 2947 3252 3017 Ἀνθιμος
3274 2990 3288 3011 ,
3311 2943 3357 3003 ὦ
3387 2952 3521 3005 καλὲ
3555 2953 3824 3024 Στέφανε,

2238 3031 2330 3080 καὶ
2366 3031 2447 3083 υἱὲ
2479 3031 2843 3103 ἠγαπημένε·
2895 3037 2992 3089 καὶ
3033 3040 3283 3111 καθάπερ
3342 3059 3402 3095 σε
3448 3043 3830 3116 ὀφειλομένως

2241 3120 2366 3174 ἰδὼν
2399 3124 2680 3194 άνέκρινα,
2729 3127 2877 3191 ὅπως
2924 3130 3154 3200 διάγοις.
3209 3134 3429 3208 Ἐπειδὴ
3462 3140 3490 3191 6
3523 3139 3684 3208 λόγος
3721 3143 3829 3212 τῆς

2239 3217 2573 3284 προστασίας
2620 3219 2842 3273 ἀπαιτεῖ
2883 3222 3083 3291 τοῦτο,
3131 3225 3304 3290 οὓτως
3349 3229 3682 3302 ἐχρησάμην
3722 3233 3826 3287 καὶ

2165 3332 2208 3390 C
2241 3307 2332 3358 ἐπὶ
2372 3307 2467 3360 τοῦ
2495 3309 2730 3379 ἀδελφοῦ
2763 3330 2857 3366 σου
2895 3316 3174 3386 Ἀνθίμου.
3206 3321 3317 3373 Καὶ
3345 3321 3427 3373 ὅτι
3460 3322 3559 3391 μὲν
3593 3324 3830 3395 ἀγάπην

562 3383 723 3429 tatem
753 3373 974 3444 quidem
1002 3383 1247 3428 mutuam
1282 3376 1421 3431 inter
1457 3393 1552 3432 vos
1600 3393 1720 3433 esse
1770 3383 2018 3450 cognovi,
2042 3385 2134 3438 sed

2241 3396 2392 3467 ἔχετε
2438 3401 2558 3470 μετ’
2586 3373 2834 3475 ἀλλήλων
2865 3373 3116 3476 διέγνων,
3143 3411 3202 3464 ού

3239 3411 3343 3482 μὴν
3368 3413 3483 3465 οἵαν
3510 3415 3767 3485 ἐπιζητεῖ

2238 3489 2462 3559 ἀλήθεια
2489 3492 2581 3544 ἐπὶ
2609 3494 2856 3564 ἀδελφοῖς
2886 3503 3236 3570 γνησιεύουσι
3269 3503 3412 3556 κατὰ
3445 3505 3674 3575 Κύριον.
3708 3509 3827 3562 Καὶ

2239 3581 2290 3632 τί
2319 3581 2476 3636 τοῦτο
2503 3586 2585 3638 ὅτι
2616 3587 2676 3639 οὐ
2715 3594 3070 3646 κοινοποιεῖτε
3105 3594 3284 3648 πάντα
3306 3635 3322 3659 ,
3357 3595 3496 3650 ἀλλὰ
3530 3596 3630 3651 καὶ
3655 3599 3830 3663 αὐτὸς

2243 3672 2585 3743 ἱδιοχρυσεῖς,
2611 3678 2707 3731 καὶ
2733 3673 2890 3744 οὗτος
2922 3683 3216 3754 ὶδιοχρυσεῖ
3241 3726 3256 3750 ,
3307 3688 3444 3759 ὅπερ
3471 3688 3589 3742 ἐστὶ
3615 3689 3832 3763 διαιρε-

2238 3765 2389 3818 τικὸν
2413 3768 2668 3838 άγὰπης;
2698 3771 2807 3825 Ποῦ
2832 3774 2940 3844 γὰρ
2960 3773 3166 3829 δύναιτ’
3191 3778 3258 3831 ἃν
3285 3779 3388 3848 μία
3415 3779 3563 3853 ψυχὴ
3593 3783 3694 3836 καὶ
3725 3784 3834 3853 μία.

2239 3859 2434 3925 καρδία
2465 3857 2626 3929 εἶναι,
2658 3864 2792 3917 ὅπου
2828 3868 2891 3918 τὸ
2915 3866 3047 3936 ἐμὸν
3066 3868 3161 3921 καὶ
3191 3870 3253 3921 τὸ
3279 3871 3372 3923 σὺν
3398 3873 3618 3944 εἴρηται
3644 3891 3658 3940 ;
3705 3877 3832 3930 Ἐν-

2238 3948 2428 4003 τεῦθεν
2457 3956 2510 4005 αἱ
2541 3955 2786 4026 ὑποψίαι,
2834 3959 3085 4015 ἐντεῦθεν
3129 3965 3184 4015 αἱ
3231 3966 3573 4023 καταλαλιαί.
3607 3970 3723 4023 Καὶ
3761 3971 3834 4024 τὸ

2237 4040 2437 4109 τρίτον,
2469 4045 2720 4101 ἐντεῦθεν
2744 4049 2842 4118 οὐχ
2871 4051 2900 4103 ὁ
2928 4051 3165 4121 Χριστὸς
3189 4054 3248 4105 ἐν
3281 4054 3432 4124 μέσῳ
3471 4055 3653 4125 ὑμῶν,
3685 4061 3716 4112 6
3744 4062 3833 4114 si-

2239 4129 2390 4183 πὼν·
2417 4132 2608 4191 ’Ὅπου
2636 4138 2756 4191 εἰσὶ
2782 4140 2892 4195 δύο
2939 4143 2978 4211 ἢ
3015 4144 3170 4212 τρεῖς
3215 4146 3586 4215 συνηγμένοι
3625 4153 3716 4218 εις
3754 4153 3833 4207 τὸ

2237 4222 2387 4291 ἐμὸν
2433 4226 2642 4295 ὄνομα,
2688 4231 2819 4285 ἐκεῖ
2860 4237 2976 4304 ειμι
3009 4236 3080 4289 ἐν
3117 4235 3284 4306 μέσῳ
3332 4239 3572 4294 αὐτῶν-⁸
3625 4244 3748 4298 ἀλλ’
3798 4249 3835 4301 ὁ

2239 4313 2434 4385 ἐχθρὸς
2461 4318 2568 4370 τῶν
2621 4321 2808 4391 ψυχῶν
2848 4325 3026 4395 ἡμῶν,
3057 4328 3086 4380 6
3118 4327 3421 4399 διατέμνων
3444 4329 3515 4384 τὰ
3540 4332 3682 4404 μέλη
3723 4338 3833 4392 τοῦ

2237 4406 2494 4476 Χριστοῦ.
2537 4410 2706 4480 Δῆλον
2735 4413 2842 4484 γὰρ
2885 4416 2970 4469 ὅτι
3005 4417 3141 4471 ὅπου
3175 4418 3592 4491 ιδιοκτημοσύνη
3627 4424 3728 4476 καὶ
3761 4428 3831 4479 οὐ

2239 4499 2508 4568 κοινότης,
2550 4501 2777 4559 ἄπεστιν
2799 4507 3008 4560 ἐκεῖθεν
3036 4511 3064 4562 6
3096 4509 3331 4579 Χριστός
3354 4529 3367 4541 ο
3392 4512 3580 4582 ἐπειδὴ
3611 4516 3837 4587 γέγρα-

2241 4607 2372 4643 πται
2405 4593 2513 4646 ἐπὶ
2557 4595 2666 4650 τῶν
2707 4598 3057 4668 ἀποστόλωνο
3109 4598 3296 4669 Εἶχον
3342 4602 3579 4659 ἅπαντα
3617 4609 3831 4675 κοινὰ,

2241 4680 2341 4732 καὶ
2369 4684 2569 4750 οὐδεὶς
2602 4686 2720 4739 τῶν
2739 4705 2793 4741 τι
2820 4690 3216 4759 ὑπαρχόντων
3242 4691 3402 4758 αὐτῷ
3425 4693 3639 4765 ἔλεγεν
3660 4698 3837 4755 ἴδιον

2240 4771 2412 4828 εἶναι.
2447 4774 2561 4826 Ούκ
2597 4776 2966 4847 αἰσχυνόμεθα
3009 4779 3154 4849 ἄρτι,
3189 4779 3492 4848 σύγγνωτε,
3530 4782 3628 4837 δύο
3660 4785 3837 4853 ὄντες

2245 4863 2318 4932 μὴ
2351 4863 2649 4932 κεκτῆσθαι
2691 4867 2842 4919 κοινὰ
2877 4867 2945 4919 τὰ
2991 4868 3152 4921 ὄνταο
3205 4869 3300 4921 ὲπὶ
3343 4871 3452 4923 τῶν
3494 4874 3837 4933 ἀποστόλων

2241 4954 2497 5006 τοσούτου
2548 4955 2785 5025 πλήθους
2831 4957 2983 5021 ὄντος
3031 4957 3130 5028 τὴν
3177 4960 3467 5030 κοινότητα
3508 4963 3830 5036 ύπάρχειν;

2239 5044 2337 5096 Διὰ
2389 5043 2546 5097 τοῦτο
2605 5045 2722 5100 ἐκεῖ
2774 5043 2844 5117 ἦν
2888 5051 2915 5100 6
2961 5051 3216 5120 Χριστός.
3261 5053 3350 5106 Ἐν
3376 5054 3504 5122 ὑμῖν
3548 5056 3607 5109 δὲ
3654 5060 3837 5114 οὐδα-

2241 5137 2386 5206 μῶς·
2423 5137 2527 5190 κᾶν
2553 5137 2722 5208 βαρὺς
2746 5141 2774 5192 6
2806 5140 2994 5208 λόγος’
3014 5143 3048 5213 ἢ
3073 5145 3180 5216 γὰρ
3207 5145 3272 5199 ἂν
3302 5147 3363 5200 τὸ
3390 5147 3667 5218 σύμψυχοι
3691 5148 3832 5223 ἦτε,

2239 5227 2551 5297 σύμφρονες
2581 5246 2640 5281 τε
2670 5233 2764 5282 καὶ
2807 5234 3142 5304 ὀμοκάρδιοι,
3189 5238 3432 5304 ἀλλήλων
3464 5242 3833 5314 ἀνεχόμενοι,

2238 5319 2483 5387 ἀλλήλων
2515 5319 2910 5390 φροντίζοντες,
2949 5327 3264 5398 αὐτάρκεις,
3297 5331 3589 5397 εὐπειθεῖς,
3625 5336 3838 5404 εὐμείο

2243 5410 2435 5471 λικτοι,
2491 5412 2685 5482 ἱλαροὶ,
2736 5415 3064 5486 ἀρκούμενοι
3104 5426 3215 5485 τοῖς
3248 5421 3505 5492 παροῦσι,
3551 5425 3838 5492 γλυκεῖαν

2244 5502 2390 5574 ζωὴν
2423 5503 2658 5574 ἔχοντες,
2687 5505 2781 5560 καὶ
2806 5512 2943 5578 μετά
2967 5512 3124 5582 μόνου
3149 5515 3314 5585 ἄρτου
3339 5516 3434 5570 καὶ
3460 5516 3678 5587 ὕδατος,
3697 5523 3837 5579 οἵαν

1859 5681 1902 5710 ⁹⁷
1938 5679 2123 5736 Matth.
2159 5701 2314 5751 xvm,
2347 5690 2399 5742 Ξ).
2478 5690 2518 5721 ⁸⁸
2537 5691 2656 5745 Act.
2693 5708 2762 5757 Iv,
2798 5693 2886 5747 52.

2035 5790 2263 5849 NOTAE.

630 5853 842 5922 (72-75)
880 5854 932 5906 lu
962 5857 1059 5909 cod
1100 5847 1249 5925 Reg.
1297 5858 1433 5928 μιβῖ
