3966 6486
233 429 348 495 1557

1424 422 1957 484 EPISTOLARUM
2008 424 2150 483 LIB.
2191 423 2274 483 ιι.
2303 390 2309 397 ’

3335 423 3468 486 1558

230 538 354 610 εἶχον
385 541 431 594 οἱ
459 541 618 608 Ξιγιοι.
662 537 775 590 Νῦν
806 537 864 589 δὲ
897 534 1214 589 τούναντίον
1244 535 1384 586 κατὰ
1419 533 1487 588 τὰ
1517 550 1779 605 προειρη-

1907 535 2131 588 .entibns
2190 534 2457 599 contenti,
2514 535 2729 589 dulcem
2784 536 2947 618 vitam
3002 546 3248 606 agentes,
3300 537 3466 589 etiam

232 636 371 703 μένα.
415 633 510 686 Διὰ
537 630 698 685 τοῦτο
731 630 827 684 xa‘t
858 633 886 682 ὁ
914 627 1294 699 περισπασμὸς
1325 628 1474 696 ὑμῖν,
1523 626 1610 680 ἵνα
1649 643 1781 697 προ-

230 727 374 798 στεθῇ
419 725 475 778 ἓν
507 723 790 794 ἀργύριον,
843 722 877 792 ἢ
922 720 980 774 ἒν
1011 719 1230 792 χρύσιον
1275 719 1352 790 τῷ
1384 720 1484 791 ἤδη
1527 736 1782 791 προστοι-

229 815 462 870 6ασθέντι
507 817 777 886 κέρματι·
832 815 968 885 ὅπερ
1018 813 1140 866 ἐστὶ
1172 810 1537 884 φιλαργυρίας
1582 811 1778 895 πάθος,

229 913 311 965 καὶ
341 910 629 966 Ἰουδαῖκὺν
661 908 1035 979 ἀποτέλεσμα.

300 1180 534 1250 Ἐρωτῶ,
578 1182 674 1234 καὶ
720 1181 1056 1254 ἀποκρίθητέ
1101 1201 1226 1252 μοι·
1258 1184 1448 1254 Ἔχετε
1491 1184 1656 1254 ἄρτον
1689 1188 1783 1239 καὶ

225 1267 373 1337 οἶνον,
415 1275 509 1327 καὶ
551 1273 732 1327 ἔλαιον
779 1275 900 1327 κατ’
948 1274 1255 1346 ὀλιγότητα,
1293 1276 1390 1328 σὺν
1440 1278 1552 1340 τοῖς
1602 1276 1784 1340 ἄλλοις

224 1365 537 1434 ἐπιτηδείοις
582 1367 679 1418 καὶ
730 1370 1110 1434 τροφευτικοῖς
1159 1366 1252 1419 τοῦ
1289 1365 1541 1436 σώματος
1566 1409 1581 1429 ,
1620 1367 1783 1437 μέχρι

226 1456 380 1526 μηνὸς
406 1457 522 1522 ἑνὸς
551 1457 584 1527 ἢ
620 1455 796 1521 δυοῖν;
820 1455 914 1508 ἐὰν
945 1457 1338 1526 κατανεύσ-ητε,
1377 1459 1538 1529 χάρις
1569 1459 1787 1528 Κυρίῳ.

223 1546 280 1598 El
306 1545 359 1599 δὲ
403 1548 476 1617 μὴ
501 1588 516 1612 ,
547 1545 783 1615 πρίασθε
809 1588 822 1611 ,
854 1544 914 1611 ἐξ
961 1540 1021 1600 οὗ
1054 1547 1263 1600 δέδωκα
1293 1548 1420 1617 ὑμῖν
1451 1549 1784 1618 νομίσματος

222 1638 366 1706 ἄρτι·
401 1638 497 1690 κα)⁸
526 1637 704 1700 οὐδεὶς
731 1638 1139 1709 περισπασμὸς,
1172 1639 1266 1692 καὶ
1292 1639 1517 1710 οὐδεμία
1546 1641 1781 1711 ταραχή.

233 1728 496 1798 Ἰκανήσει
527 1726 638 1797 γὰρ
667 1723 762 1781 οἷδ’
789 1730 871 1782 ὅτι
901 1730 996 1782 καὶ
1021 1729 1448 1800 τετραμηνιαίου
1477 1730 1671 1800 χρόνου
1704 1733 1785 1794 είς

223 1823 421 1892 χρείαν.
484 1823 595 1874 Καὶ
639 1823 728 1875 ὅτε
775 1821 1109 1893 ἀπορήσετε,
1159 1822 1321 1874 πάλιν
1366 1821 1402 1892 ἢ
1449 1821 1700 1875 ἐντεῦθεν
1750 1822 1783 1892 ἢ

224 1917 453 1981 ἄλλοθεν,
512 1913 813 1986 προσθείην
866 1914 910 1967 δ’
966 1913 1032 1968 ἂν
1078 1915 1172 1968 καὶ
1213 1917 1278 1969 ἐκ
1325 1914 1418 1968 τοῦ
1469 1915 1789 1986 ὲργοχείρου
1821 1894 1864 1947 Β

224 2010 387 2080 ὑμῶν,
411 2011 440 2062 ό
469 2009 691 2076 τρέφων
720 2008 789 2060 τὰ
813 2007 1012 2072 πάντα,
1052 2007 1272 2077 θρέψειε
1303 2010 1397 2061 καὶ
1423 2008 1588 2078 ὑμᾶς.
1621 2001 1792 2071 Οὗτος

223 2105 248 2153 ό
296 2103 409 2170 βίος
463 2102 719 2171 ἄριστοςο
778 2098 952 2162 οὓτως
1010 2100 1102 2152 τὸν
1146 2101 1381 2169 Χριστὸν
1428 2101 1591 2171 μέσον
1638 2100 1793 2170 ὑμῶν

223 2194 457 2264 σχοίητε,
491 2195 565 2261 πῆ
603 2192 700 2262 μὲν
733 2192 1112 2264 ἐργαζόμενοι,
1148 2192 1226 2262 πῆ
1255 2192 1310 2245 δὲ
1342 2192 1790 2264 προσευχόμενοι,

224 2288 310 2338 καὶ
342 2285 479 2338 ποτὲ
506 2284 604 2354 μὲν
631 2285 1022 2355 ἡσυχάζοντες,
1047 2285 1178 2338 ποτὲ
1208 2285 1264 2338 δὲ
1305 2287 1788 2354 ἀναγινώσκοντες.

221 2381 324 2434 Kal
375 2379 629 2434 ἀνατελεῖ
679 2378 808 2447 ὑμῖν
860 2376 976 2446 φῶς
1018 2376 1233 2445 γλυκύ’
1287 2379 1379 2430 καὶ
1436 2379 1548 2439 τοῖς
1594 2376 1794 2447 ὁρῶσιν

225 2471 408 2524 ἔσεσθε
437 2470 663 2542 ὲραστοί
681 2485 696 2499 ⁸
725 2470 820 2522 καὶ
849 2469 983 2530 Θεὸς
1013 2468 1406 2538 δοξασθήσεται
1431 2470 1489 2521 ὲν
1523 2470 1673 2539 ὑμῖν·
1701 2469 1795 2522 καὶ

221 2560 616 2626 ἁντιδοξάσειεν
675 2559 821 2629 ὑμᾶς
879 2558 974 2611 καὶ
1023 2559 1119 2611 νῦν
1172 2559 1266 2610 καὶ⁸
1312 2560 1369 2611 ὲν
1416 2557 1495 2628 τῷ
1549 2559 1794 2628 μέλλοντι

222 2651 392 2707 αἰῶνι.
460 2651 652 2722 Ἠμῶν
709 2668 768 2704 τε
834 2650 1014 2705 αὐτῶν
1063 2652 1172 2704 τῶν
1222 2652 1562 2722 ἁμαρτωλῶν
1605 2653 1795 2706 ἔσεσθε

222 2743 506 2814 καύχημα,
558 2744 652 2797 καὶ
693 2743 823 2815 ὅλης
861 2743 960 2812 τῆς
1005 2743 1366 2814 ἁδελφότητος
1395 2744 1569 2807 κλέος.
1611 2744 1794 2798 Ταῦτα

223 2837 449 2908 εἴρηκα,
495 2835 593 2904 οὐχ
633 2835 710 2899 ὡς
742 2836 976 2906 ἑχόντων
1005 2836 1158 2904 ὑμῶν
1202 2835 1423 2906 χρυσίον
1465 2836 1796 2907 τεθησαυρι-

225 2931 444 2999 σμένονο
495 2928 628 2998 μηδὲ
677 2928 762 2997 εῐη
796 2926 940 2997 ἔχειν
981 2927 1146 2996 ὑμᾶς,
1179 2929 1254 2991 ὼς
1284 2927 1350 2980 ἂν
1389 2926 1463 2999 μὴ
1496 2929 1792 2997 ἀκούσητευ

225 3021 412 3075 Ὅπου
467 3022 503 3074 ὁ
556 3019 862 3086 θησαυρὸς
898 3016 1100 3088 ὑμῶν,
1149 3018 1281 3072 ἐκεῖ
1331 3019 1429 3073 xal
1492 3021 1532 3086 ἡ
1587 3021 1800 3089 καρδία

222 3112 383 3181 ὑμῶν
409 3112 606 3166 ἔσται.
639 3109 925 3181 Θησαυρδς
964 3110 1021 3162 δέ
1052 3112 1169 3164 ἐστι
1201 3111 1442 3182 μοναχῷ,
1487 3113 1582 3165 ἐὰν
1613 3113 1800 3165 ἐπάνω

1887 643 2013 682 cum
2049 628 2167 683 solo
2198 645 2338 698 pane
2381 636 2437 682 et
2485 643 2650 696 aqua,
2685 627 2903 696 qualem
2961 627 3236 682 duxerunt
3269 630 3463 681 sancti.

1887 718 2044 774 Nunc
2071 735 2201 773 vero
2234 735 2321 774 res
2352 719 2513 772 aliter
2554 734 2613 774 se
2652 719 2837 785 habet,
2876 725 2936 772 ut
2968 719 3225 788 superius
3262 719 3468 774 dictum

1887 821 1989 866 est.
2030 811 2181 866 Hanc
2219 813 2289 867 ob
2319 827 2435 865 rem
2460 819 2512 866 et
2558 811 2846 866 disu'actio
2908 811 3107 866 vobis:
3166 818 3226 865 ut
3277 826 3472 879 argen-

1887 913 2010 957 teus
2045 919 2187 958 unus
2231 903 2311 958 vel
2348 919 2548 957 aureus
2601 919 2745 958 unus
2781 903 3012 956 addatur
3063 903 3128 956 ad
3157 902 3472 957 nummulos

1884 996 1994 1064 jam
2026 1004 2375 1050 coacervatos
2404 1012 2417 1047 :
2455 995 2596 1064 quod
2623 995 2865 1050 avaritia
2893 996 3116 1050 morbus
3165 1005 3269 1058 est,
3304 1009 3474 1064 opus-

1889 1101 1995 1155 quu
2024 1083 2333 1140 Judaicum.

1958 1178 2175 1245 Quaeso,
2203 1178 2530 1248 respondete
2573 1179 2748 1245 mihi,
2793 1193 2978 1234 nonne
3018 1195 3212 1250 panem
3259 1180 3473 1236 habetis

1889 1277 1944 1324 ct
1971 1270 2181 1335 vinmn,
2211 1271 2604 1341 modicumque
2649 1273 2856 1336 oleum,
2909 1284 3033 1327 cum
3061 1273 3186 1328 aliis
3213 1282 3474 1342 opportu-

1891 1365 1998 1430 nis,
2061 1366 2262 1434 quibus
2307 1366 2374 1419 ad
2426 1382 2668 1421 mensem
2695 1381 2866 1420 unum
2921 1367 3128 1421 duosve
3171 1367 3470 1421 sustentari

1890 1471 2092 1524 corpus
2132 1459 2344 1525 possit?
2406 1456 2462 1510 Si
2501 1457 2829 1520 aunueritis,
2892 1457 3012 1512 laus
3072 1457 3323 1515 Domino.
3373 1459 3469 1512 Sin

1891 1549 2096 1613 minus,
2139 1550 2303 1603 emite
2358 1549 2610 1618 pecunia,
2674 1565 2842 1618 quam
2882 1549 3038 1604 vobis
3085 1566 3260 1620 nuper
3305 1550 3471 1612 dedi;

1891 1648 1944 1694 et
1979 1642 2124 1694 nulla
2157 1642 2263 1696 erit
2294 1643 2599 1707 distractio,
2630 1651 2684 1698 et
2726 1643 2876 1697 nulla
2908 1645 3271 1713 perturbatio.
3303 1644 3471 1700 Sulli-

1891 1735 1997 1786 ciet
2023 1733 2191 1797 enim,
2216 1743 2302 1787 sat
2325 1735 2459 1796 scio,
2479 1734 2560 1788 vel
2589 1734 2654 1788 ad
2678 1744 2914 1802 quatuor
2932 1734 3204 1790 mensium
3235 1741 3478 1792 necessi-

1895 1833 2080 1878 tatem.
2111 1823 2328 1880 Etcum
2375 1825 2708 1895 indigebitis,
2756 1842 2949 1882 rursus
2972 1827 3070 1896 qui
3107 1828 3207 1882 alit
3261 1831 3475 1896 omnia,

1893 1916 2043 1971 illinc
2071 1925 2167 1971 aut
2201 1916 2447 1983 aliunde,
2480 1917 2783 1972 addiderim
2808 1932 2932 1988 ego,
2978 1927 3033 1972 et
3063 1933 3130 1973 ex
3158 1933 3325 1986 opere
3354 1935 3472 1974 ma-

1894 2023 2063 2061 nuum
2095 2015 2424 2072 vestrarum,
2451 2025 2549 2065 vos
2604 2011 2832 2066 nutriet.
2882 2009 3010 2066 Haec
3052 2012 3160 2068 vita
3201 2023 3476 2083 praestan-

1896 2100 2106 2154 tissima
2136 2118 2150 2155 :
2179 2102 2259 2156 sic
2279 2101 2560 2156 Christum
2600 2103 2741 2156 inter
2771 2117 2870 2158 vos
2905 2104 3197 2168 habebitis,
3222 2120 3371 2159 nunc
3392 2105 3476 2158 Ia-

1893 2192 2173 2254 horantcs,
2207 2207 2352 2245 nunc
2386 2201 2624 2255 orantes,
2664 2201 2717 2247 et
2752 2193 3026 2248 interdum
3063 2195 3284 2264 quidem
3313 2195 3477 2265 quie-

1893 2292 2126 2346 scentes,
2159 2281 2427 2336 interdum
2445 2283 2702 2352 legentes.
2729 2281 2795 2337 Et
2819 2284 3028 2339 orietur
3049 2284 3205 2341 vobis
3233 2285 3326 2339 lux
3351 2285 3475 2340 dul-

1894 2373 1997 2436 cis,
2028 2384 2082 2427 et
2116 2374 2455 2429 intuentibus
2500 2374 2770 2429 amabiles
2797 2376 2954 2430 eritis
2985 2393 3000 2442 ;
3033 2386 3090 2430 et
3141 2375 3285 2432 Deus
3311 2377 3478 2449 glori-

1896 2464 2147 2520 ﬁcabitur
2179 2467 2232 2520 in
2281 2467 2458 2537 vobis,
2501 2477 2558 2522 et
2593 2467 2839 2523 vicissim
2893 2468 3230 2538 gloriﬁcabit
3263 2485 3383 2535 vos,
3423 2482 3478 2525 et

1896 2571 2040 2612 nunc
2084 2567 2138 2613 et
2169 2558 2222 2611 in
2271 2558 2454 2612 futuro
2479 2558 2703 2614 saeculo.
2755 2562 2834 2614 Ac
2892 2568 3077 2615 nostra
3108 2577 3348 2632 quoque,
3381 2565 3476 2630 qui

1897 2657 2208 2717 peccatores
2236 2665 2447 2715 sumus,
2511 2651 2764 2720 gloriatio
2790 2653 2965 2720 eritis,
3005 2665 3059 2710 et
3081 2655 3353 2710 universae
3387 2672 3481 2709 so-

1897 2739 2114 2796 cietatis
2151 2742 2342 2797 decus.
2390 2742 2514 2796 Haec
2540 2742 2675 2808 dixi,
2718 2759 2825 2798 non
2866 2746 3025 2815 quasi
3066 2761 3261 2801 aurum
3285 2760 3480 2801 recon-

1897 2832 2073 2887 ditum
2107 2850 2204 2889 vos
2249 2835 2535 2890 habeatis:
2571 2851 2748 2904 neque
2777 2851 2908 2892 vero
2946 2838 3226 2909 contingat
3249 2854 3349 2894 vos
3379 2839 3482 2892 ba-

1899 2926 2049 2990 bere,
2079 2941 2145 2980 ne
2171 2927 2446 2982 audiatis:
2503 2925 2605 2981 Ubi
2650 2927 2930 2983 thesaurus
2962 2939 3152 2991 vester,
3197 2929 3271 2983 ibi
3299 2936 3350 2984 et
3391 2946 3484 2983 cor

1899 3028 2129 3072 uestrum
2167 3021 2264 3073 erit
2295 3021 2367 3072 ⁸⁸.
2404 3015 2723 3074 Thesaurus
2778 3035 2943 3087 porro
2979 3027 3065 3074 est
3103 3022 3399 3087 monacho,
3434 3023 3480 3076 si

1901 3126 2065 3179 supra
2105 3119 2216 3164 tres
2261 3125 2541 3176 nummos,
2592 3109 2735 3164 sicut
2789 3110 2932 3180 apud
2971 3109 3165 3166 Patres
3219 3111 3486 3180 scriptum

223 3204 325 3256 τῶν
369 3204 543 3276 τριῶν
577 3204 953 3274 νομισμάτων,
999 3204 1141 3256 κατὰ
1189 3203 1248 3256 τὸ
1298 3205 1687 3275 γεγραμμένον
1743 3206 1802 3257 ὲν

1907 3203 2122 3272 legitur,
2182 3201 2287 3255 sibi
2318 3202 2610 3270 acquirat:
2667 3201 2832 3270 idque
2890 3209 2950 3255 ut
2998 3202 3142 3256 inter
3200 3202 3485 3258 mendicos

224 3301 330 3361 τοῖς
359 3299 613 3369 Πατράσι
638 3338 652 3360 ,
700 3296 1126 3368 περιποιήσηταί
1154 3314 1239 3360 τις
1269 3297 1446 3367 ἐαυτῷ
1469 3339 1484 3362 ,
1518 3298 1611 3350 καὶ
1645 3297 1805 3350 τοῦτο

224 3390 312 3442 ἐπὶ
361 3391 474 3442 τῶν
517 3387 750 3460 πτωχῶν
797 3387 896 3456 τὴν
939 3388 1209 3441 διάνοιαν·
1252 3390 1375 3441 ἐπεὶ
1422 3390 1516 3454 ὅγε
1571 3390 1807 3461 ἀκριϐὴς

227 3481 486 3551 μοναχὸς,
541 3482 635 3532 καὶ
686 3478 964 3543 δεσπόζων
1013 3479 1220 3549 κόσμου
1274 3480 1341 3533 δι’
1394 3480 1805 3551 ἀκτημοσύνης,

225 3573 342 3626 οὐδὲ
384 3572 443 3625 ἓν
491 3571 757 3644 ἀργύριον
803 3573 1101 3642 κέκτηται·
1145 3573 1238 3625 καὶ
1280 3573 1476 3642 κράζει
1529 3573 1670 3642 μετὰ
1712 3573 1806 3626 τοῦ

225 3666 379 3733 ἁγίου
407 3663 625 3719 Παύλου
647 3679 658 3691 ⁸
691 3664 784 3729 Ὠς
813 3663 1047 3732 πτωχὸς
1075 3662 1206 3732 ἐγὼ,
1232 3665 1503 3730 πολλοὺς
1526 3664 1594 3717 δὲ
1623 3669 1810 3718 πλου-

224 3757 433 3818 τίζωνο
476 3756 576 3810 καὶ
628 3756 711 3821 ὠς
748 3755 820 3808 τὰ
868 3755 1064 3809 πάντα
1121 3756 1410 3824 κατέχων,
1457 3757 1554 3810 καὶ
1613 3756 1810 3826 μηδὲν

224 3851 401 3918 ἔχων.
446 3849 558 3903 Καὶ
589 3849 698 3918 γὰρ
727 3850 754 3900 ὁ
783 3845 914 3910 Θεὸς
943 3848 1020 3919 τῷ
1057 3847 1284 3919 τοιούτῳ
1311 3847 1577 3901 πάντοθεν
1604 3848 1810 3916 ἀνοίγει

225 3943 422 4013 θύραν,
459 3941 555 3995 καὶ
585 3939 940 4011 ἡσυχάζοντι,
969 3942 1064 3995 καὶ
1093 3940 1431 4011 διωκομένῳ,
1457 3940 1551 3994 καὶ
1580 3941 1813 4010 φυλακι-

224 4035 463 4106 ζομένῳ,
499 4035 595 4087 καὶ
621 4032 800 4085 ὁτιοῦν
833 4031 1099 4101 πάσχοντι
1125 4033 1332 4104 ἕτερον.
1361 4033 1470 4085 Καὶ
1496 4032 1807 4102 Χριστοφό-

227 4147 318 4200 ρος
346 4132 376 4183 ὁ
403 4127 653 4190 τοιοῦτος
677 4126 774 4179 καὶ
799 4126 1125 4196 Χριστιανδς
1159 4125 1433 4196 ἀληθινὸς,
1458 4127 1550 4180 καὶ
1580 4127 1810 4194 ἄγγελος

225 4224 316 4274 ἐπὶ
346 4223 477 4292 γῆς,
501 4221 597 4272 καὶ
626 4217 961 4288 θεομίμητος
987 4217 1146 4290 ἀνὴρ,
1174 4219 1267 4272 καὶ
1293 4219 1630 4290 κληρονόμος
1649 4219 1809 4286 Θεοῦ,

228 4306 679 4379 συγκληρονόμος
706 4307 764 4359 δὲ
790 4307 1051 4376 Χριστοῦ.

294 4399 592 4470 Σκέψασθε
624 4398 717 4452 οὖν
741 4398 950 4459 λοιπὸν,
997 4393 1041 4450 ὦ
1068 4398 1287 4467 ἀδελφοὶ
1314 4440 1328 4460 ,
1358 4400 1450 4475 τὸν
1490 4400 1645 4468 λόγον
1666 4417 1680 4431 ⁶
1717 4402 1813 4454 καὶ

227 4493 275 4544 εἰ
305 4492 410 4564 μὲν
440 4492 752 4561 τρινομείτε
791 4489 1130 4559 ἀμφότεροι,
1157 4489 1257 4541 οὐκ
1286 4489 1582 4558 ἀπόϐλητοι
1617 4492 1676 4541 ἐν
1713 4508 1811 4559 μο-

1913 3293 2129 3348 censeri
2153 3293 2326 3363 possit
2353 3313 2366 3346 :
2388 3307 2494 3362 qua
2514 3301 2742 3348 exactus
2757 3294 3082 3359 monachus,
3103 3303 3158 3350 et
3180 3295 3272 3366 qui
3297 3295 3488 3350 mundi

1911 3385 2168 3440 dominus
2195 3395 2279 3439 est
2326 3399 2424 3454 per
2469 3393 2792 3455 egestatem,
2821 3401 2889 3439 ne
2941 3401 3110 3439 unum
3135 3387 3358 3456 quidem
3391 3402 3488 3441 ar-

1910 3487 2164 3546 genteum
2201 3478 2467 3548 possidet,
2501 3477 2812 3546 clamatque
2865 3490 2991 3531 eum
3037 3487 3229 3534 sancto
3276 3479 3486 3533 Paulo:

1913 3567 2060 3622 Sicut
2081 3585 2232 3639 egens
2253 3585 2345 3638 ego
2372 3578 2418 3622 et
2449 3567 2643 3622 multos
2661 3567 2989 3637 locupletatis
3003 3585 3022 3633 ;
3043 3578 3093 3624 et
3119 3577 3372 3639 tanquam
3388 3586 3493 3623 om-

1918 3662 2009 3713 nia
2034 3663 2330 3729 possidens,
2349 3670 2395 3714 et
2431 3661 2563 3714 nihil
2593 3660 2792 3715 habens
2820 3660 2857 3715 ί.
2884 3659 3097 3716 Etenim
3127 3660 3274 3716 Deus
3299 3678 3373 3729 et,
3394 3664 3490 3730 qui

1913 3753 2037 3807 talis
2074 3764 2178 3817 est,
2217 3755 2418 3823 ubique
2448 3754 2880 3824 aperitjanuam,
2900 3763 2952 3808 et
2983 3753 3218 3822 quietem
3244 3755 3489 3820 babenti,

1911 3853 1966 3897 et
1991 3846 2431 3913 persecutionem
2489 3844 2740 3915 patienti,
2777 3854 2831 3900 et
2857 3847 2911 3900 in
2952 3847 3200 3900 custodia
3245 3847 3491 3913 detento,

1911 3945 2005 3988 aut
2034 3938 2140 3990 alia
2176 3937 2372 4007 quavis
2400 3953 2642 3991 azrumna
2673 3953 2959 4007 oppresso.
2989 3938 3056 3993 Et
3088 3939 3230 3999 talis.
3254 3940 3490 3996 Christi-

1912 4025 1992 4081 fer
2017 4047 2081 4082 ac
2110 4015 2272 4084 verus
2308 4039 2393 4084 est
2414 4029 2785 4096 Christianus,
2829 4040 2884 4085 et
2927 4031 3221 4101 angelusin
3256 4043 3420 4096 terra,
3439 4045 3494 4088 et

1912 4119 2078 4174 Deum
2127 4121 2351 4177 imitans
2391 4121 2503 4188 vir,
2522 4131 2578 4177 et
2622 4123 2799 4178 haeres
2856 4123 2973 4192 Dei,
3026 4125 3270 4183 cubares
3306 4138 3494 4184 autem

1911 4212 2116 4267 Christi
2141 4215 2185 4268 ².

1985 4387 2258 4441 Attendite
2311 4388 2495 4457 igitur,
2554 4386 2775 4448 fratres,
2835 4388 2901 4442 ad
2942 4389 3086 4445 hunc
3144 4405 3492 4459 sermonem;

1915 4487 1967 4532 et
2002 4479 2048 4533 si
2079 4480 2298 4546 quidem
2339 4487 2451 4532 tres
2498 4487 2708 4532 tantum
2746 4496 3004 4536 nummos
3062 4483 3271 4538 habetis
3307 4483 3494 4546 ambo,

226 4585 438 4655 ναχοῐς,
481 4579 626 4637 κατὰ
669 4580 731 4634 τὺ
761 4580 1069 4651 ὑπόδειγμα
1113 4579 1174 4633 τδ
1213 4580 1512 4651 πατρικόν·
1545 4582 1594 4633 εί
1623 4581 1678 4634 δὲ
1713 4583 1803 4634 ἐπ-

1921 4585 2028 4623 ιιοιι
2085 4571 2219 4624 estis
2263 4570 2542 4640 rejiciendi
2587 4586 2654 4624 ex
2709 4572 3015 4637 monachis,
3061 4573 3220 4643 juxta
3269 4574 3494 4630 Patrum

228 4678 341 4731 ἀνω
375 4672 830 4745 δεκανομοῦντες,
871 4672 1053 4735 καθὼς
1086 4671 1290 4737 ἀκούω,
1323 4671 1356 4742 ἢ
1393 4672 1487 4726 καὶ
1519 4672 1686 4742 πρὸς·
1728 4690 1813 4741 γι-

226 4769 476 4822 νώσκετε
503 4767 775 4820 ἐκπτωτοι
794 4761 934 4818 εἶναι
960 4765 1060 4834 τῆς
1085 4764 1389 4835 μοναχικῆς
1406 4765 1813 4830 καταστάσεως,

229 4863 322 4916 καὶ
351 4861 698 4932 θεραπευταὶ
727 4860 786 4913 οὐ
823 4858 1086 4928 Χριστοῦ,
1123 4857 1259 4911 ἀλλὰ
1287 4857 1381 4910 τοῦ
1416 4859 1694 4910 ἐναντίου⁹
1723 4860 1818 4912 καὶ

225 4957 399 5008 τέκνα
422 4954 527 5006 οὐκ
554 4951 690 5022 ἐμοῦ
717 4950 812 5005 τοῦ
845 4950 1125 5015 ταπεινοῦ,
1150 4950 1289 5002 ἀλλὰ
1314 4950 1408 5002 τοῦ
1436 4950 1824 5021 φιλοχρυσοῦν·

228 5064 340 5110 τος.
377 5045 593 5110 Δόξειεν
623 5044 768 5113 ὑμᾶς
795 5043 995 5110 λέγειν,
1023 5043 1107 5095 ὅτι
1138 5042 1349 5112 Ἔχεις,
1381 5043 1469 5096 ναί
1491 5059 1504 5073 ο
1553 5044 1676 5096 ὲπεί
1728 5043 1825 5096 καὶ

231 5139 472 5209 Χριστὸς
521 5136 612 5190 διὰ
657 5135 754 5188 τοῦ
803 5135 1190 5205 γλωσσοκόμου
1241 5129 1304 5189 οῦ
1353 5136 1692 5206 ἐπεφέρετο,
1730 5136 1826 5189 καὶ

233 5233 344 5294 πᾶς
391 5227 811 5299 καθηγούμενος
858 5228 953 5280 καὶ
991 5228 1272 5297 προεστὼς
1302 5227 1412 5280 τῶν
1455 5224 1817 5297 Ἐκκλησιῶν.

243 5324 417 5378 Ἀλλὰ
445 5322 536 5377 διὰ
564 5322 662 5392 τὴν
691 5320 1003 5390 οἰκονομίαν
1021 5321 1118 5390 τῆς
1148 5321 1527 5390 ἀδελφότητος.
1549 5322 1685 5390 Φησὶ
1711 5322 1821 5392 γὰρ

235 5417 293 5467 ὲν
344 5413 425 5483 τῷ
475 5411 798 5482 Εὐαγγελίῳ
838 5412 866 5464 ὁ
909 5411 1116 5482 Κύριος
1169 5411 1305 5480 πρὸς
1351 5410 1441 5462 τὸν
1479 5411 1711 5464 Ἰούδαν·
1753 5414 1820 5463 Ὃ

236 5508 454 5572 ποιεῖς,
503 5506 767 5573 ποίησον
801 5504 1028 5573 τάχιον.
1083 5503 1262 5558 Τοῦτο
1303 5503 1371 5555 δὲ
1419 5503 1620 5566 οὐδεὶς
1673 5504 1825 5572 ἔγνω

237 5599 362 5652 τῶν
389 5595 799 5664 ἀνακειμένων
829 5595 978 5662 πρὸς
1015 5594 1072 5647 τί
1100 5590 1268 5647 εἶπεν
1293 5592 1472 5658 αὐτῷ.
1517 5592 1683 5658 Τινὲς
1715 5595 1824 5662 γὰρ

236 5689 522 5752 ἐδόκουν,
551 5686 682 5741 ἐπεὶ
708 5687 773 5739 τὸ
803 5687 1240 5756 γλωσσόκομον
1261 5679 1427 5753 εἶχεν
1472 5683 1713 5748 Ἰούδας,
1733 5683 1822 5737 ὅτι

317 5860 364 5892 ”
393 5857 526 5914 Luc.
560 5874 657 5925 χιι,
697 5858 787 5913 31.
868 5858 885 5889 ¹
915 5857 1041 5913 Cor.
1077 5873 1148 5922 vi,
1195 5855 1281 5908 10.

1399 5859 1417 5886 ⁵
1451 5855 1610 5910 Rom.
1641 5873 1758 5924 vni,
1807 5858 1889 5911 18.

1919 4663 2246 4732 exemplum.
2291 4664 2361 4714 At
2393 4663 2437 4716 si
2488 4677 2654 4731 supra
2683 4662 2870 4717 decem
2921 4680 3198 4730 nummos,
3224 4675 3284 4719 ut
3309 4667 3495 4730 audio,

1923 4756 2006 4808 vel
2047 4755 2305 4823 amplius,
2345 4754 2539 4808 scitote
2568 4769 2670 4810 vos
2717 4756 3115 4809 monachorum
3151 4767 3296 4812 statu
3349 4763 3498 4814 exci-

1924 4847 2091 4911 disse,
2143 4847 2489 4915 culloresque
2536 4860 2681 4912 esse,
2733 4862 2843 4900 non
2893 4846 3122 4912 Christi,
3174 4851 3272 4904 sed
3301 4854 3496 4905 adver-

1925 4937 2095 5004 sarii;
2128 4948 2182 4992 et
2206 4937 2346 4992 ﬁlios
2369 4953 2511 5003 esse,
2547 4953 2656 4991 non
2690 4938 3016 4996 humilitatis
3041 4955 3194 5006 meat,
3235 4942 3329 4997 sed
3349 4942 3499 4997 illius

1921 5031 2014 5100 qui
2040 5046 2236 5085 aurum
2266 5040 2436 5086 amat.
2489 5029 2692 5086 Dicetis
2725 5030 2962 5088 fortasse
3001 5033 3203 5088 habere
3233 5050 3332 5090 vos
3371 5038 3499 5106 qui—

1923 5124 2066 5187 dem,
2103 5123 2272 5178 sedet
2331 5123 2608 5177 Christum
2663 5123 2874 5179 loculos
2927 5124 3210 5190 habuisse,
3258 5125 3500 5196 itemque

1925 5217 2274 5287 praepositum
2321 5230 2541 5270 omnem
2609 5231 2675 5270 ac
2705 5215 2992 5286 praesidem
3026 5216 3411 5274 Ecclesiarum.
3431 5222 3502 5274 At

1928 5309 2004 5362 illi
2041 5310 2144 5362 hoc
2185 5317 2444 5376 tanquam
2482 5305 2714 5361 fratrum
2751 5309 3047 5364 (economi.
3080 5311 3221 5366 Dicit
3269 5313 3416 5366 enim
3446 5312 3504 5368 in

1929 5399 2219 5470 Evangelio
2254 5400 2514 5455 Dominus
2549 5398 2745 5455 Judae:
2797 5401 2950 5468 Quod
3000 5403 3158 5472 facis,
3209 5405 3296 5472 [ac
3320 5406 3502 5460 citius.

1936 5490 2047 5544 Hoc
2074 5504 2247 5544 autem
2272 5508 2421 5544 nemo
2457 5493 2610 5545 scivit
2671 5492 3112 5547 discumbentium
3163 5493 3232 5546 ad
3253 5494 3380 5564 quid
3424 5497 3507 5548 di-

1927 5587 2063 5640 xerit
2097 5587 2162 5638 ei.
2202 5584 2436 5651 Quidam
2470 5587 2608 5639 enim
2637 5587 2920 5655 putabant,
2961 5589 3089 5657 quia
3116 5589 3316 5642 locu’los
3350 5589 3509 5642 habe-

1927 5679 2017 5733 bat
2038 5679 2232 5746 ludas,
2264 5680 2401 5750 quod
2445 5680 2670 5734 dixisset
2695 5680 2779 5734 ei:
2809 5679 2940 5736 Eme
2983 5698 3044 5735 ea
3069 5698 3184 5753 qua:
3233 5698 3360 5752 opus
3387 5691 3509 5737 sunt
