3966 6462
551 334 685 399 1559
1723 344 1784 402 S.
1823 343 2099 403 THEOD(

2201 342 2215 401 [
2264 343 2611 405 STUDITIE
3657 355 3789 419 1560

547 446 694 507 nobis
715 452 783 506 ad
814 453 952 506 diem
982 454 1219 523 festum:
1260 467 1350 509 aut
1380 458 1557 527 egenis
1597 469 1653 511 ut
1676 433 1881 529 aliquid
1909 461 2056 514 daret
2079 461 2099 490 ³

2225 459 2388 529 λέγει
2416 461 2597 529 αὐτῷ,
2635 461 2962 533 Ἀγόρασον
2982 461 3071 521 ὧν
3087 469 3297 537 χρείαν
3318 468 3536 540 ἔχομεν
3563 476 3651 540 εις
3677 480 3789 543 τὴν

546 544 639 598 Sic
669 543 735 597 ad
770 543 1130 599 imitationem
1159 544 1392 615 Christi,
1426 548 1682 605 omnibus
1709 550 1802 619 qui
1830 567 1955 607 vere
1982 568 2099 622 prae.

2218 550 2453 619 ἑορτὴν,
2498 553 2534 621 ἢ
2581 553 2701 620 τοῖς
2748 556 3007 626 πτωχοῖς
3052 558 3154 611 ἵνα
3192 559 3274 625 δῷ
3302 579 3379 618 τι.
3428 562 3617 628 Οὕτως
3651 571 3787 623 κατὰ

543 642 698 698 sunt,
728 634 941 688 loculos
972 634 1172 689 habere
1204 635 1350 701 licet,
1391 654 1501 691 non
1522 639 1595 694 ob
1623 640 1770 695 aliud
1794 643 2115 713 quidquam,

544 726 725 781 absitl
769 726 878 780 Deo
917 729 1059 780 enim
1093 745 1413 799 magnopere
1442 730 1713 802 displicet.
1742 733 1797 788 Si
1827 750 1956 805 ergo
1982 753 2118 806 prae--

542 818 687 871 sides
723 819 887 871 etiam
948 834 1043 873 vos
1074 820 1229 883 estis,
1289 830 1343 875 et
1391 823 1545 877 vobis
1584 824 1748 894 aliqui
1783 826 1963 896 largiti
1997 827 2115 882 fue-

542 912 674 977 rint,
706 912 1167 980 quemadmodum
1226 923 1280 968 et
1318 914 1539 970 Christo
1569 918 1692 985 ipsi,
1722 916 1786 971 de
1835 920 2114 986 facultati-

542 1008 636 1059 bus
659 1006 793 1069 suis,
822 1006 964 1059 sicut
992 1006 1253 1075 scriptum
1286 1018 1390 1074 est,
1423 1009 1667 1071 mulieres
1693 1028 1809 1080 qua:
1833 1012 1989 1065 illum
2036 1029 2115 1065 se-

539 1097 838 1167 quebantur
861 1098 883 1130 ⁸
912 1116 928 1156 ;
956 1108 1009 1153 et
1051 1099 1257 1154 sanctis
1284 1101 1538 1155 similiter
1567 1102 1658 1155 alii
1707 1114 1761 1156 et
1796 1105 1946 1158 alite:
1977 1105 2114 1159 bene

539 1189 738 1254 habet,
766 1192 1096 1260 possideatis
1127 1194 1272 1257 licet,
1305 1207 1412 1246 non
1442 1178 1632 1247 decem
1688 1210 1965 1260 nummos,
2017 1195 2112 1249 sed

538 1281 719 1337 decies
754 1284 940 1339 mille:
979 1286 1116 1340 nihil
1143 1286 1289 1342 enim
1325 1293 1564 1339 vestrum
1601 1296 1706 1348 est,
1736 1287 1831 1341 sed
1867 1286 2107 1351 Christi;

536 1382 591 1428 et
617 1374 1024 1445 dispensatores
1056 1393 1151 1433 vos
1199 1377 1333 1434 estis
1364 1378 1637 1433 bonorum
1684 1379 1927 1445 Christi;
1969 1380 2112 1434 sicut

535 1476 589 1519 et
620 1466 819 1523 Paulus
850 1470 1037 1523 omnia
1071 1470 1379 1539 possidens,
1429 1470 1565 1524 nihil
1610 1472 1859 1535 habebat,
1898 1481 1951 1526 et
1987 1473 2111 1540 qui-

537 1574 756 1628 cunque
802 1561 943 1615 alius
977 1560 1042 1614 ad
1073 1562 1218 1616 hunc
1267 1562 1412 1616 diem
1438 1578 1563 1615 cum
1596 1560 1688 1616 Dei
1726 1562 1890 1615 timor
1911 1562 2106 1631 praefe-

533 1660 745 1705 cturam
775 1652 960 1723 gessit.
990 1652 1146 1718 Quod
1197 1653 1243 1707 si
1300 1654 1574 1722 praepositi
1604 1668 1712 1709 non
1745 1654 1900 1719 estis,
1939 1668 2002 1708 ac
2027 1654 2107 1707 di-

536 1752 878 1811 spensatores
907 1744 1236 1807 animarum,
1270 1744 1461 1797 hortor
1482 1753 1537 1797 et
1561 1744 1809 1806 obsecro,
1838 1754 2107 1814 utquam-

2219 643 2451 712 μίμησιν
2481 645 2741 716 Χριστοῦ,
2777 648 2836 702 ὲν
2883 650 3018 702 πᾶσι
3048 653 3161 713 τοῖς
3191 653 3464 722 ἀληθινοῖς
3507 660 3787 727 προεστῶ-

2218 750 2322 787 σιν.
2348 734 2462 786 ἔστι
2492 736 2709 798 πάντως
2735 739 2795 791 τὸ
2825 741 3229 810 γλωσσόκομον·
3251 747 3343 797 καὶ
3370 747 3428 798 οὐ
3452 744 3522 797 δι’
3556 747 3687 800 ἄλλο
3712 767 3782 815 τι,

2215 821 2427 891 ἄπαγεῐ
2481 825 2726 893 ἔχθιστον
2766 829 2873 899 γὰρ
2917 829 3056 901 Θεῷ.
3108 833 3168 885 El
3194 830 3287 888 οῦν
3317 837 3411 888 καὶ
3460 837 3619 905 ὑμεῖς
3663 841 3783 894 ἐστε

2214 918 2582 985 προεστῶτες,
2620 922 2712 973 καὶ
2744 921 3070 977 ὲπιδιδοῦσιν
3100 925 3231 995 ὑμῖν
3267 944 3430 989 τινες,
3463 929 3538 990 ὡς
3570 932 3667 984 καὶ
3693 935 3784 985 αύ-

2212 1008 2290 1076 τῷ
2318 1009 2563 1080 Χριστῷ,
2605 1012 2672 1065 ἐκ
2707 1009 2828 1065 τῶν
2860 1009 3253 1083 ῖύπαρχόντων
3278 1019 3493 1085 αὐτῶν,
3524 1025 3669 1076 καθά
3694 1026 3782 1092 γέ-

2212 1116 2493 1167 γραπται,
2541 1105 2601 1155 αἱ
2649 1106 3223 1168 συνακολουθοῦσαι,
3262 1109 3422 1173 αὑτῷ
3466 1115 3779 1181 γυναῖκες·

2212 1193 2305 1244 καὶ
2333 1196 2448 1256 τοῖς
2479 1194 2657 1260 ἁγίοις
2679 1197 3053 1266 ὁμοιοτρόπως
3084 1198 3234 1252 ἄλλοι
3264 1202 3360 1254 καὶ
3386 1202 3545 1258 ἄλλαι
3567 1223 3581 1237 ·
3616 1208 3681 1261 εῦ
3721 1208 3785 1261 ἀν

2210 1282 2353 1352 ἔχοι·
2406 1284 2501 1335 καὶ
2529 1285 2745 1357 σχοίητε
2778 1288 2853 1358 μὴ
2903 1290 3013 1342 ἀπὸ
3058 1290 3189 1344 δέκα
3240 1297 3617 1365 νομισμάτων,
3648 1299 3786 1355 ἀλλὰ

2210 1373 2305 1425 καὶ
2328 1372 2436 1425 ἀπὸ
2466 1376 2678 1444 μυρίων
2696 1393 2709 1407 ·
2736 1377 2889 1431 οὐδὲν
2918 1380 3025 1451 γὰρ
3056 1382 3339 1454 ὑμέτερον,
3362 1387 3497 1440 ἀλλὰ
3519 1390 3779 1458 Χριστοῦ·

2208 1466 2303 1518 καὶ
2332 1468 2604 1536 οἰκονόμοι
2633 1469 2792 1537 ὑμεῖς
2816 1470 2905 1523 διὰ
2927 1472 3020 1525 τοῦ
3042 1475 3280 1545 Χριστοῦ
3301 1494 3315 1507 ·
3344 1480 3488 1533 καθά
3512 1484 3606 1535 καὶ
3634 1476 3781 1537 Παῦ-

2207 1555 2293 1619 λος
2322 1560 2389 1609 τὰ
2418 1559 2593 1611 πάντα
2628 1561 2895 1631 κατέχων,
2913 1564 3064 1619 οὐδὲν
3090 1563 3224 1636 εἶχε,
3252 1572 3346 1622 καὶ
3372 1574 3480 1634 πᾶς
3510 1589 3598 1636 τις
3622 1575 3783 1639 ἄλλος

2212 1648 2371 1718 μέχρι
2399 1649 2493 1701 τοῦ
2521 1650 2680 1721 δεῦρο
2713 1652 2989 1723 θεοφόδως
3012 1656 3150 1726 ἔχων
3184 1660 3280 1729 τὴν
3313 1665 3678 1730 προστασίαν.
3716 1668 3779 1721 Εί

2207 1738 2263 1789 δὲ
2293 1740 2393 1792 οὑκ
2424 1742 2547 1793 ἐστὲ
2578 1743 2901 1812 προστάται,
2938 1748 3032 1798 καὶ
3054 1749 3325 1819 οἰκονόμοι
3353 1753 3563 1822 ψυχῶν,
3598 1776 3782 1829 παραυ

536 1807 774 1900 ρἰοἱιιιυηι
850 1835 1091 1904 erogetis
1156 1834 1301 1902 quod
1369 1835 1737 1904 praescriptam
1793 1850 2099 1889 mensuram

2624 1807 2634 1812 -
2892 1807 2895 1808 ν
3237 1807 3249 1819 I
3367 1807 3379 1819 ο
3428 1807 3461 1822 Α
3552 1807 3563 1820 ¹
3604 1807 3750 1829 "'r"

2210 1830 2362 1882 καλῶ
2398 1834 2491 1885 καὶ
2524 1834 2813 1898 ἀντιϐολῶ,
2840 1836 3152 1909 διανείματε
3176 1842 3237 1894 τὸ
3265 1845 3413 1913 παρά
3443 1848 3781 1922 τὸἹῦρισμέ-

534 1923 768 1990 excedit,
811 1938 880 1978 ne
906 1918 1153 1979 avaritia:
1183 1924 1374 1978 morbo
1435 1925 1579 1991 capti
1605 1942 1636 1979 a
1670 1925 1908 1990 diabolo,
1940 1926 2106 1981 disci-

533 2015 645 2085 puli
671 2016 879 2071 Christi
936 2031 1057 2071 esse
1104 2017 1391 2071 desinatis.
1430 2015 1553 2072 Haec
1609 2033 1714 2070 non
1772 2018 1925 2071 vobis
1974 2019 2105 2073 solis

531 2112 665 2178 dixi,
692 2111 787 2166 sed
836 2128 933 2182 per
978 2127 1076 2167 vos
1113 2113 1328 2167 cunctis
1354 2112 1656 2178 fratribus;
1709 2130 1809 2168 nec
1838 2116 1963 2170 odio
2006 2118 2104 2170 ha-

531 2202 689 2267 bens,
728 2203 909 2268 absit;
935 2203 1028 2257 sed
1060 2217 1387 2272 magnopere
1415 2203 1688 2273 diligens;
1723 2220 1900 2275 neque
1925 2206 1979 2259 in
2006 2221 2103 2258 an-

531 2294 743 2363 gustias
772 2293 940 2362 redigi
987 2309 1084 2346 vos
1122 2294 1369 2362 cupiens,
1401 2296 1495 2349 sed
1538 2295 1829 2350 admodum
1865 2295 2098 2350 dilatari.

531 2384 589 2437 In
615 2383 864 2452 angustia
898 2383 1099 2453 quippe
1156 2385 1424 2439 latitudo:
1457 2395 1513 2439 et
1551 2386 1604 2439 in
1634 2386 1853 2440 tristitia
1904 2400 2102 2438 secun-

528 2476 659 2527 dum
689 2473 990 2537 Christum,
1033 2476 1323 2530 exsultatio
1359 2478 1607 2546 spiritus.
1641 2476 1709 2531 Et
1767 2478 1950 2531 audite
1991 2494 2097 2543 me,

530 2567 646 2630 lilii,
670 2578 1009 2636 peccatorem
1060 2583 1208 2625 recte
1240 2570 1639 2634 consulentem,
1688 2570 1925 2637 legitime
1957 2586 2096 2641 prae-

527 2654 812 2724 cipicntem
841 2672 855 2722 ;
890 2666 950 2710 ut
983 2673 1094 2727 'per
1134 2659 1319 2713 omnia
1358 2666 1412 2712 et
1439 2658 1492 2711 in
1542 2658 1799 2712 omnibus
1824 2659 2099 2727 placentes

526 2745 765 2813 Christo,
808 2749 1050 2804 Ineredes
1080 2750 1258 2805 simus
1304 2752 1572 2804 honorum
1603 2759 1953 2807 aeternorum.

887 3027 1170 3085 CLXXXI.
1189 3062 1260 3073 —-
1289 3032 1481 3089 Marii:
1509 3036 1718 3105 reginae.

2209 1941 2297 1976 νον
2330 1925 2529 1995 μέτρον
2565 1928 2755 1997 τάχει·
2788 1928 2877 1982 ἵνα
2911 1932 2984 2000 μὴ
3028 1932 3105 2001 τῷ
3142 1934 3241 2003 τῆς
3278 1937 3648 2009 φιλαργυρίας
3677 1944 3782 1997 πά-

2207 2013 2287 2065 θει
2318 2016 2535 2077 ἁλόντες
2581 2018 2683 2069 ὑπὸ
2730 2019 2822 2071 τοῦ
2870 2019 3148 2089 διαϐόλου,
3197 2028 3480 2082 ὲκπέσοιτε
3520 2033 3631 2085 ἀπὸ
3683 2035 3783 2103 τῆς

2208 2103 2503 2170 μαθητείας
2530 2105 2790 2173 Χριστοῦ.
2826 2108 3013 2161 Ταῦτα
3043 2113 3143 2181 οὐχ
3177 2114 3307 2183 ὑμῖν
3341 2119 3523 2187 μόνοις
3553 2121 3779 2189 εἴρηκα,

2204 2192 2337 2245 ἀλλὰ
2371 2195 2464 2246 καὶ
2490 2195 2557 2246 δι’
2582 2197 2733 2266 ὑμῶν
2757 2200 2891 2251 πᾶσι
2916 2203 3029 2264 τοῖς
3059 2204 3309 2275 ἀδελφοῖς
3329 2228 3340 2240 ·
3365 2210 3456 2261 καὶ
3480 2212 3541 2261 οὑ
3579 2213 3780 2279 μισῶν,

2202 2282 2382 2350 ἄπαγε
2407 2285 2419 2337 l
2451 2285 2587 2337 ἀλλὰ
2616 2286 2711 2340 καὶ
2736 2288 2879 2341 πάνυ
2912 2291 3083 2360 φιλῶν
3102 2310 3116 2325 ·
3149 2297 3246 2348 καὶ
3281 2297 3341 2349 ού
3369 2301 3781 2371 πενοχωρῆσαι

2205 2373 2348 2441 ὑμᾶς
2369 2374 2715 2444 αἱρούμενος,
2760 2379 2896 2434 ἀλλά
2924 2383 3018 2435 καὶ
3052 2384 3193 2439 πάνυ
3232 2388 3637 2460 εὑρυχωρῆσαι.
3692 2394 3781 2449 Ἐν

2200 2463 2309 2533 γὰρ
2335 2468 2400 2534 τῇ
2430 2467 2709 2539 στενότητι
2738 2472 2771 2540 ή
2804 2472 3081 2545 πλατύτης
3101 2491 3115 2504 ·
3144 2477 3240 2528 καὶ
3285 2479 3342 2531 ὲν
3365 2483 3431 2550 τῇ
3466 2484 3610 2535 κατά
3643 2486 3784 2558 Χρι-

2202 2558 2326 2611 στὸν
2357 2559 2532 2629 θλίψει
2559 2564 2592 2632 ἡ
2622 2565 2946 2633 ἀγαλλίασις
2975 2569 3068 2621 τοῦ
3104 2571 3434 2642 πνεύματος.
3468 2577 3582 2631 Καὶ
3604 2581 3783 2634 ἁκού-

2202 2649 2332 2702 σατέ
2389 2667 2494 2720 μου
2522 2692 2536 2716 ,
2586 2653 2777 2721 τέκνα,
2811 2657 2903 2710 τοῦ
2938 2659 3262 2729 ἀμαρτωλοῦ
3312 2664 3491 2729 καλῶς
3530 2669 3781 2737 συμϐου-

2198 2740 2465 2808 λεύοντος,
2499 2745 2741 2816 ἐννόμως
2790 2750 3246 2819 προστάσσοντος.
3273 2755 3392 2810 Ἵνα
3420 2760 3562 2814 κατά
3595 2764 3782 2815 πάντα

2198 2836 2292 2887 καὶ
2344 2836 2401 2889 ὲν
2448 2838 2615 2897 πᾶσιν
2663 2839 3085 2910 εὑαρεστοῦντες
3132 2844 3390 2917 Χριστῷ,
3440 2848 3783 2924 κληρονόμοι

2203 2925 2488 2997 γενώμεθα
2527 2930 2633 2983 τῶν
2664 2931 2896 2985 αἰωνίων
2925 2932 3170 3000 ἀγαθῶν.

2369 3040 2522 3092 PHA'
2545 3040 2677 3109 (74).
2693 3070 2761 3081 -—-
2785 3044 2975 3111 Μαρίᾳ
2986 3045 3353 3119 βασιλίσσῃ.
3383 3051 3561 3123 [ψμζν.

709 3134 784 3184 Ne
809 3139 859 3186 in
880 3140 1066 3203 palatio
1088 3152 1199 3190 cum
1231 3141 1332 3190 tilia
1349 3146 1576 3206 Augusta
1598 3143 1824 3196 habitet:
1847 3160 1945 3208 quo
1968 3148 2124 3211 fugiat
2145 3149 2486 3201 haereticorum
2523 3153 2839 3205 consortium.
2878 3154 3080 3218 (Baron.
3113 3172 3193 3209 an.
3225 3160 3332 3220 816,
3365 3176 3414 3212 n.
3440 3165 3544 3229 23.)

594 3239 818 3307 Quales,
858 3258 960 3299 nos
990 3242 1207 3312 ahjecti,
1271 3255 1325 3300 et
1357 3249 1583 3316 quinam
1612 3266 1823 3318 sumus,
1855 3268 1995 3322 quos
2044 3256 2098 3309 in
2128 3262 2169 3318 C

528 3333 949 3387 occurrentibus
980 3336 1246 3391 molestiis
1271 3336 1581 3405 defendere,
1612 3351 1667 3395 et
1697 3343 1951 3401 laudibus
1986 3362 2095 3400 su-

525 3437 623 3491 pra
664 3424 886 3478 modum
925 3426 1118 3481 efferre
1140 3437 1196 3483 et
1230 3444 1555 3487 consecrare
1595 3434 1815 3505 dignata
1859 3438 1929 3492 sit
1957 3454 2095 3508 prae-

524 3514 729 3570 cellens
758 3517 1060 3573 dominatio
1093 3521 1221 3575 tua?
1264 3523 1515 3579 Attamen
1552 3529 1695 3596 quod
1739 3529 1895 3583 istam
1931 3530 2095 3599 pieta-

524 3607 596 3661 tis
620 3616 726 3661 tute
775 3608 1145 3677 dignationem
1188 3615 1613 3683 susceperimus,
1645 3634 1733 3673 res
1764 3620 1879 3689 ipsa
1931 3619 2089 3674 ﬁdem

523 3698 689 3753 faciet
717 3717 731 3753 :
766 3702 991 3770 quando
1020 3705 1183 3758 etiam
1207 3708 1583 3762 necessarium
1624 3721 1729 3773 est,
1774 3710 1972 3766 multos
1995 3712 2092 3768 abs

526 3801 578 3845 te
604 3792 824 3847 liberari
852 3792 987 3850 falsa
1012 3797 1342 3865 suspicione,
1377 3815 1501 3870 quae
1557 3803 1611 3856 in
1648 3801 1962 3871 hujusmodi
2000 3820 2093 3861 oc-

523 3884 839 3940 casionibus
885 3888 1024 3940 solet
1061 3888 1324 3959 obrepere
1380 3910 1395 3947 :
1442 3908 1542 3948 nec
1592 3895 1813 3949 mirum.
1874 3894 2090 3952 Eﬂ’usus

520 3974 665 4029 enim
705 3990 891 4031 sermo
920 3993 1044 4031 cum
1079 3979 1132 4032 in
1170 3981 1372 4037 inultos
1416 3984 1779 4053 dispergalur,
1822 4000 1935 4042 tum
1980 4007 2087 4045 nou

520 4075 606 4121 est
632 4066 686 4120 in
705 4068 1042 4138 singulorum
1068 4087 1162 4126 ore
1189 4088 1351 4129 verus
1383 4090 1797 4148 usquequaque.
1825 4077 1936 4136 Nos
1965 4097 2090 4136 vero

518 4160 719 4229 quibus
747 4162 927 4217 verbis
960 4173 1175 4218 utemur
1221 4165 1560 4222 aiﬂictissimi
1620 4172 1799 4228 cordis
1831 4174 1905 4227 tui
1935 4174 2089 4229 dolo-

518 4264 635 4303 rem
658 4253 972 4322 abstergere
994 4256 1294 4311 conantes?
1313 4268 1405 4313 aut
1420 4275 1657 4329 quonam
1682 4260 1929 4317 molliore
1955 4279 2089 4317 con-

520 4352 670 4396 tactu
704 4347 1064 4413 asperrimum
1108 4348 1276 4402 animi
1313 4365 1534 4405 sensum
1565 4352 1733 4406 lenire
1777 4355 2089 4422 possimus?

520 4429 797 4489 Pertulisti
822 4450 951 4506 ergo
980 4438 999 4507 (
1032 4447 1090 4492 ut
1128 4438 1197 4492 ab
1222 4439 1379 4492 initio
1404 4443 1731 4508 provehatur
1752 4443 1928 4495 oratio
1960 4444 1978 4511 )
2006 4444 2085 4495 iu-

512 4522 723 4591 justum
752 4526 1003 4597 conjugis
1028 4528 1345 4595 divortium,
1380 4531 1700 4601 ahitnperio
1750 4548 1966 4601 quoque
2012 4532 2085 4587 si-

2304 3257 2490 3310 Ortoi'o:
2533 3259 2696 3330 ἡμεῖς
2746 3260 2840 3313 καὶ
2886 3262 3033 3325 τίνες
3069 3266 3118 3317 oi
3167 3264 3441 3332 εὐτελεῖς,
3474 3272 3785 3346 ἀπολογίας

2200 3346 2491 3416 ἠξιωμένοι
2536 3349 2631 3401 ἐπὶ
2657 3352 2770 3413 τοῖς
2804 3352 3075 3423 συμϐᾶσιν
3120 3359 3381 3426 ἀνιαροῖς,
3425 3362 3562 3431 πρὸς
3592 3365 3649 3417 δὲ
3684 3373 3785 3422 καὶ

2198 3435 2439 3500 ἐπαίνοις
2486 3437 2768 3508 ὑπεράγαν
2819 3442 3210 3508 ἀφοσιωθὲντες
3253 3447 3402 3518 παρὰ
3452 3451 3558 3521 τῆς
3601 3455 3784 3528 ὑπερ-

2196 3525 2356 3595 τίμου
2409 3545 2500 3581 σου
2544 3530 2899 3600 κυριότητος;
2927 3532 3118 3603 Ὅμως
3143 3537 3224 3589 ὅτι
3255 3539 3667 3614 άποδεδέγμεθα
3717 3525 3785 3603 τὸ

2198 3618 2673 3685 εὑσυγκατάὸατόν
2705 3638 2798 3674 σου
2831 3624 2929 3694 τῆς
2957 3626 3260 3697 εὐσεϐείας,
3306 3633 3505 3701 διδάξει
3552 3639 3615 3690 τὸ
3642 3640 3783 3711 ἀλη-

2199 3708 2291 3772 θὲς
2315 3711 2421 3764 τῶν
2450 3715 2810 3781 πραγμάτων·
2835 3715 3107 3787 ἐπείτοιγε
3138 3722 3232 3774 καὶ
3257 3726 3575 3794 ἀναγκαῖον,
3594 3708 3784 3785 ἀπαλ-

2198 3798 2378 3865 λάξεις
2405 3803 2531 3864 τοὺς
2555 3802 2783 3867 πολλοὺς
2803 3803 3134 3873 ψευδοεποῦς
3156 3812 3494 3884 ὑπολήψεως,
3513 3817 3781 3886 εἰωθυίας

2195 3892 2253 3943 ὲν
2312 3894 2433 3955 ταῖς
2470 3892 2747 3960 τοιαύταις
2793 3897 3082 3955 ὑποθέσεσι
3125 3907 3634 3976 παρεισκρίνεσθαι,
3676 3914 3781 3967 καὶ

2196 3985 2255 4034 οὑ
2284 3982 2616 4053 θαυμαστόν.
2666 3987 3047 4060 Ῥυῖσκόμενος
3089 3995 3196 4066 γάρ
3228 3998 3257 4050 ό
3294 3995 3451 4066 λόγος
3483 4002 3779 4060 σκίδναται

2195 4075 2285 4125 ἐπὶ
2329 4075 2562 4139 πολλοῖς·
2588 4078 2688 4131 οὑκ
2713 4078 2852 4149 ἔχων
2882 4084 2967 4151 ἐφ’
2996 4086 3212 4156 ἑκάστῳ
3244 4089 3475 4159 τάληθὲς
3512 4094 3772 4160 ἐντελῶς.

2206 4164 2396 4233 Ἡμεῖς
2424 4165 2479 4218 δὲ
2511 4168 2681 4253 ποίοις
2706 4170 2886 4239 λόγοις
2921 4175 3255 4247 χρησόμεθα,
3302 4183 3635 4253 πειρώμενοι
3670 4204 3775 4242 σου

2196 4257 2514 4341 θεραπεύειν
2568 4252 2628 4313 τὸ
2682 4262 2844 4331 ἄλγος
2893 4265 2990 4330 τῆς
3049 4267 3387 4323 πολυωδύνου
3421 4252 3690 4345 καρδίαςς
3735 4280 3771 4351 ἢ

2191 4348 2300 4401 τίσι
2351 4351 2678 4421 πραοτέραις
2720 4356 2955 4422 ἐπαφαῖς
3006 4356 3214 4411 λειᾶναι
3254 4378 3346 4415 σου
3400 4348 3778 4439 δυνηθείημεν

2190 4440 2250 4491 τὸ
2279 4442 2540 4510 τραχῦνον
2561 4445 2659 4515 τῆς
2702 4436 2918 4516 ψυχῆςς
2956 4449 3231 4517 Ἠνεγκας
3270 4456 3563 4524 τοιγαροῦν
3612 4436 3679 4513 iv;
3705 4461 3772 4531 ἐξ

2190 4534 2359 4601 ἀρχῆς
2388 4537 2519 4605 ἡμῖν
2553 4538 2731 4606 προῖοι
2762 4540 2789 4591 ὁ
2819 4539 2975 4607 λόγος
3000 4558 3017 4574 ο
3048 4542 3230 4597 ἄδικον
3261 4546 3533 4615 ὁμοζύγου
3591 4569 3773 4624 χωρι-

517 4616 632 4670 mul
660 4617 874 4683 avulsa,
905 4619 1064 4689 cujus
1093 4622 1170 4675 rei
1194 4636 1361 4695 causa
1389 4636 1690 4678 concussus
1721 4633 1804 4679 est
1825 4626 2082 4680 mundus.

2201 4626 2325 4695 ςμόν
2353 4632 2767 4698 -συνεκραγεῖσα
2789 4634 2881 4685 καὶ
2909 4633 3001 4687 τοῦ
3027 4637 3279 4705 κράτους,
3311 4640 3396 4708 ἐφ’
3482 4641 3769 4714 δεδόνηται

518 4706 885 4764 Miserandum
942 4713 1349 4781 spectaculum!
1388 4715 1645 4769 Adultera
1675 4731 1966 4786 purpuram
2000 4733 2088 4786 ge-

2201 4716 2462 4788 5κόσμος.
2515 4722 2774 4775 Ἐλεεινὸν
2819 4725 3023 4797 θέαμαὲ
3071 4728 3134 4781 Ἦ
3186 4706 3444 4800 μοιχαλὶς
3480 4706 3770 4809 πορφύρο-

516 4814 664 4866 rens,
694 4810 749 4855 et
801 4805 988 4872 regina
1044 4803 1192 4874 pullo
1226 4805 1427 4860 amictu
1456 4816 1595 4861 tecta
1623 4825 1637 4861 :
1671 4806 1873 4861 famula
1912 4809 2085 4877 impe-

2201 4806 2444 4878 ροροῦσα,
2472 4812 2565 4863 καλ⁸
2611 4813 2645 4879 ἠ
2702 4812 2908 4901 βασιλὶς
2942 4817 3404 4890 μελανειμονοῦσα
3429 4840 3442 4853 ·
3498 4826 3531 4894 ή
3559 4803 3567 4805 ὴ
3594 4803 3765 4901 δούλη

516 4905 670 4955 rans,
734 4901 788 4945 et
817 4892 1039 4947 domina
1072 4896 1339 4951 serviens.
1394 4898 1570 4966 Atque
1602 4907 1660 4951 ut
1692 4910 1879 4952 cetera
1921 4901 2081 4953 omit-

2201 4899 2539 4965 ῑεσπόζουσα,
2580 4905 2675 4955 καὶ
2726 4907 2758 4976 ἡ
2813 4898 3068 4963 δέσποινα
3131 4910 3453 4981 θητεύουσα.
3505 4917 3615 4971 Καὶ
3674 4920 3766 4975 ἵνα.

513 4990 651 5046 tam,
689 4984 809 5049 tibi,
840 5001 963 5054 qua:
994 5003 1155 5057 passa
1187 5005 1267 5055 es,
1305 4991 1526 5044 notiora
1558 5007 1720 5060 quam
1754 4991 2083 5059 nobisigno-

516 5079 763 5132 rantihns
798 5098 810 5132 :
844 5080 1095 5135 exsilium
1126 5098 1224 5152 pro
1243 5084 1469 5136 veritate
1500 5085 1767 5153 pertulisti
1791 5100 1820 5137 a
1846 5084 2078 5152 propriis

480 5170 483 5171 ⁷
516 5168 821 5223 visceribus
858 5180 1128 5237 separata.
1169 5170 1242 5224 Ex
1269 5186 1378 5240 quo
1401 5180 1455 5224 et
1484 5172 1640 5224 dolor
1669 5170 1763 5225 tibi
1808 5185 2074 5233 summus,

2183 4988 2350 5042 τᾶλλα
2403 4994 2848 5065 παραδράμωμεν
2876 5013 2890 5028 ·
2950 4998 3043 5052 σοῦ
3077 5001 3180 5069 τῆς
3234 5004 3515 5076 παθούσης
3551 5009 3763 5076 μᾶλλον

2182 5082 2406 5147 εἰδυίας,
2437 5085 2575 5155 ὑπὲρ
2602 5088 2747 5157 ἡμᾶς
2776 5090 2900 5151 τοὺς
2928 5091 3178 5158 ἀγνῶτας
3203 5109 3218 5124 ·
3266 5095 3505 5166 ἤνεγκας
3537 5098 3764 5171 ὲξορίαν

2185 5174 2323 5243 ὑπὲρ
2352 5174 2626 5244 ἀληθείας,
2678 5180 3013 5255 ὲκτμηθεῖσα
3040 5182 3135 5236 τοῦ
3166 5187 3389 5255 γνησίου
3419 5188 3761 5261 σπλάγχνου,

512 5268 566 5310 et
631 5260 903 5329 praecipua
942 5262 1062 5315 laus
1094 5277 1122 5314 a
1165 5260 1291 5326 Deo,
1324 5263 1536 5331 piisque
1585 5262 1859 5317 omnibus.
1897 5261 2075 5315 Tertia

513 5346 628 5401 haec
666 5349 822 5424 plaga
847 5360 949 5415 est,
985 5354 1051 5405 de
1079 5369 1206 5421 qua,
1242 5354 1368 5421 quid
1406 5356 1614 5420 deceat,
1648 5355 2074 5423 exponerejussi

2185 5265 2474 5319 Κάνταῦθα
2498 5269 2588 5320 καὶ
2622 5271 2649 5321 ό
2696 5269 2856 5333 πόνος
2884 5272 3077 5341 μέγας,
3113 5276 3209 5328 καὶ
3240 5278 3268 5328 ό
3300 5277 3465 5347 ῦμνος
3492 5297 3575 5333 σοι
3606 5282 3765 5352 μάλα

2186 5357 2335 5426 παρὰ
2362 5374 2418 5409 τε
2452 5357 2569 5429 Θεῷ
2618 5361 2709 5412 καὶ
2733 5362 2869 5415 πᾶσι
2893 5367 3005 5428 τοῖς
3028 5366 3298 5423 εὐσεϐέσι.
3337 5370 3509 5442 Τρίτη
3567 5371 3761 5447 πληγὴ

584 5521 779 5577 ‘Joan.
814 5539 933 5587 xui,
964 5524 1054 5588 97,
1079 5527 1166 5580 28.
1246 5528 1267 5557 ⁸
1295 5526 1424 5605 Luc.
1462 5546 1577 5591 vm,
1620 5530 1683 5596 3;
1718 5547 1869 5595 χχιιι,
1894 5530 1977 5584 l9.

1982 5661 2188 5718 NOTAE
2203 5708 2215 5723 .

587 5726 700 5795 (74)
738 5728 795 5783 lu
830 5731 948 5784 cod.
985 5730 1108 5801 Reg.
1146 5739 1290 5801 ρπγ’.
