3966 6494
203 419 321 478 1561
1395 426 1755 486 EPISTOLA

1860 429 1928 489 ’Μ
1999 434 2142 492 LIB.
2178 435 2263 495 Ῑῐ.
3316 438 3454 499 156?.

201 538 231 603 ή
259 528 521 599 παροῦσα·
559 530 644 599 ἐφ’
741 528 802 582 τὸ
826 528 943 584 δέον
975 531 1302 601 παραδεῖξαι
1343 534 1749 604 κεκελεύσμεθα

1881 553 2096 595 sumus.
2129 539 2193 595 Et
2242 542 2348 596 alia
2383 543 2605 611 quidem
2651 542 2742 598 alii
2783 543 3252 613 pronuntiabunt:
3289 544 3454 600 ﬁliam

205 621 362 674 Ἀλλα
394 621 492 691 μὲν
517 616 610 674 οὖν
639 619 792 674 ἄλλοι
819 619 1142 688 φθέγξονται
1175 620 1501 675 συνέπεσθαι
1549 624 1755 694 μητέρα

1865 630 2030 683 matri
2074 632 2291 697 adesse,
2330 648 2562 702 eamque
2612 634 2769 702 sequi
2805 642 3076 703 oportere.
3116 633 3231 688 Hoc
3284 636 3451 701 enim,

198 712 435 782 θυγατρί.
460 713 582 765 Ὅτι
623 711 780 765 τοῦτο
807 714 902 766 καὶ
935 711 1148 782 θηρίοις
1194 714 1327 781 φασὶ
1377 717 1581 785 φυσικῇ
1628 706 1760 784 ὁλκῇ

199 801 502 869 συμϐαῖνον.
533 802 662 855 Ίδοι
692 821 776 865 τις
821 803 904 856 ἄν·
936 807 1095 875 ἡμεῖς
1132 805 1188 858 δὲ
1226 807 1274 858 σί
1302 807 1538 871 εὐτελεῖς
1567 809 1638 862 τὰ
1666 809 1761 862 τού

196 893 477 948 Δεσπότου·
514 894 612 960 Τίς
636 897 807 949 ἐστιν
826 898 863 964 ἡ
882 897 1077 965 μήτηρ
1096 916 1216 967 μου
1238 917 1257 964 ;
1293 899 1390 953 καὶ
1419 902 1580 966 τίνες
1607 903 1765 956 εἰσὶν

195 990 243 1039 οί
269 986 520 1056 ἀδελφοί
550 1005 705 1056 μου;
742 990 852 1042 Καὶ
900 985 1056 1052 αὖθις
1089 1003 1104 1017 ⁹
1141 991 1215 1043 Εἴ
1237 1009 1325 1057 τις
1346 993 1581 1060 ἔρχεται
1613 997 1763 1063 πρός

186 1093 273 1143 με,
291 1077 388 1129 καὶ
408 1081 480 1130 οὺ
498 1077 670 1146 μισεῖ
681 1079 795 1146 τὴν
816 1081 1124 1146 θυγατέρα,
1142 1082 1252 1134 οὐκ
1279 1081 1411 1134 ἐστι
1424 1099 1545 1149 μου
1570 1082 1760 1148 ἄξιος.

194 1167 254 1220 τί
282 1168 339 1221 τὸ
370 1171 770 1241 συναγόμενον;
799 1172 860 1224 τὸ
887 1170 985 1242 τὴν
1013 1172 1110 1242 σὴν
1134 1173 1442 1227 θεοσέϐειαν
1482 1177 1620 1228 οἴκοι
1671 1175 1764 1246 μέ-

190 1277 313 1325 νειν,
356 1261 456 1331 τῆς
488 1262 804 1331 Αύγούστης
856 1263 1088 1333 ἐχούσης
1120 1265 1186 1319 τὰ
1214 1265 1462 1335 βασίλεια
1495 1267 1580 1333 ἐφ’
1606 1259 1650 1333 ᾧ
1679 1266 1763 1318 δέ·

189 1350 390 1405 δεικται
414 1354 450 1424 ἡ
475 1354 807 1424 εὐαγγελικὴ
847 1357 1093 1429 μάχαιρα
1123 1357 1220 1427 τὴν
1248 1359 1422 1428 τομὴν
1456 1359 1758 1424 ἐπάγουσα.

193 1441 364 1495 Ταῦτα
408 1445 708 1514 σύγγνωθι,
739 1446 1018 1514 δέσποινα,
1051 1449 1147 1502 σὺν
1190 1447 1357 1519 πολλῇ
1400 1453 1642 1520 προσοχῇ
1668 1448 1762 1502 καὶ

195 1539 378 1607 συνοχῇ
434 1537 662 1608 καρδίας
712 1537 1154 1610 τεθαρρήκαμεν,
1185 1539 1260 1602 ὠς
1293 1540 1359 1593 ἂν
1392 1543 1471 1603 εἰς
1511 1537 1604 1601 οὖς
1636 1543 1760 1611 όμι-

189 1628 420 1693 λούντες,
454 1630 756 1684 ἐπιστεῖλαι
783 1631 926 1701 ὑπὲρ
951 1633 1278 1702 ἀμφοτέρων
1330 1633 1762 1704 προσευχόμενοι

189 1719 250 1772 τὰ
281 1723 564 1790 κρείττονα
594 1722 690 1775 καὶ
717 1723 949 1794 ἐχόμενα
973 1726 1249 1796 σωτηρίας
1291 1725 1386 1779 νῦν
1413 1743 1472 1779 τε
1500 1725 1596 1778 καὶ⁸
1627 1725 1762 1798 πρὸς

189 1812 245 1864 τὸ
267 1813 413 1884 ἑξῆς.

310 1930 465 1982 PIIB'
492 1929 628 2000 (75).
649 1961 722 1971 -
739 1931 1036 1998 Βασιλείῳ
1065 1931 1399 2002 μονάζοντι.
1437 1933 1636 2006 low.)

1868 726 2046 786 aiunt,
2095 726 2226 794 ipsis
2255 727 2307 780 in
2344 725 2540 780 belluis
2575 736 2785 779 natura:
2837 726 3100 781 instinctu
3162 726 3452 796 contingit.

1866 813 2112 870 Viderint
2161 817 2235 870 illi
2269 834 2282 869 :
2323 834 2420 872 nos
2451 832 2578 870 vero
2605 817 2838 872 humiles
2885 820 3280 888 usurpabimus
3323 818 3454 872 illud

1866 905 2086 960 Domini
2131 924 2145 962 :
2194 907 2325 972 Qua:
2352 918 2428 961 est
2464 916 2632 960 mater
2660 923 2806 972 mea,
2864 918 2912 961 et
2953 911 3042 979 qui
3082 919 3206 962 sunt
3259 910 3453 979 fratres

1864 1000 1964 1051 mei
1988 999 2058 1051 l"3
2112 999 2288 1068 Atque
2333 1001 2530 1053 iterum
2563 1015 2577 1050 :
2615 998 2676 1053 Si
2713 1001 2828 1066 quis
2874 1004 3010 1053 venit
3047 1004 3115 1054 ad
3149 1019 3246 1064 me,
3280 1011 3455 1055 etnon

1865 1090 1975 1143 odit
2007 1090 2198 1157 ﬁliam,
2225 1108 2326 1144 non
2353 1099 2429 1143 est
2456 1106 2535 1143 me
2555 1091 2745 1159 dignus
2774 1092 2814 1144 ⁸.
2849 1090 2990 1156 Quid
3018 1093 3454 1146 consectarium?

1866 1181 2174 1248 religiosam
2209 1187 2462 1249 pietatem
2485 1193 2632 1235 tuam
2648 1183 2792 1236 domi
2823 1199 3064 1248 manere,
3091 1184 3334 1254 Augusta
3357 1199 3455 1254 pa-

1865 1273 2054 1327 latimn
2096 1274 2373 1328 obtinente
2403 1292 2417 1328 :
2460 1274 2510 1327 in
2538 1290 2647 1343 quo
2679 1278 2927 1330 cernitur
2968 1279 3318 1348 evangelicns
3341 1280 3454 1346 gla-

1865 1368 1989 1422 dius
2039 1367 2337 1421 sectionem
2399 1367 2679 1421 indncens.
2733 1367 2857 1423 Haec
2910 1371 3147 1440 ignosce,
3209 1371 3451 1431 domina,

1864 1473 1988 1513 cum
2046 1456 2214 1510 multa
2269 1456 2450 1510 cordis
2485 1458 2784 1511 attentione
2842 1469 2896 1511 et
2924 1459 3290 1513 sollicitudine
3331 1455 3452 1510 ausi

1866 1553 2062 1614 simus,
2103 1561 2362 1621 tanquam
2401 1552 2454 1605 in
2489 1566 2674 1604 aurem
2712 1551 3022 1620 loquentes,
3056 1554 3321 1620 scribere,
3352 1569 3454 1624 pro

1867 1640 2141 1694 ambabus
2198 1651 2421 1695 orantes
2483 1636 2712 1692 meliora
2761 1650 2815 1694 et
2843 1640 3006 1695 saluti
3063 1641 3452 1711 propriora,et

1866 1746 2016 1786 nunc
2040 1741 2094 1787 et
2125 1731 2178 1784 in
2210 1729 2474 1786 futurum.

2193 1930 2497 1988 CLXXXII.
2531 1962 2602 1973 —
2629 1931 2835 1987 Basilio
2863 1933 3143 1988 monacho.

1123 2044 1201 2094 De
1226 2044 1364 2094 obitu
1388 2046 1640 2107 cujusdam
1665 2040 1945 2108 praeposita
1967 2046 2022 2090 et
2055 2040 2230 2090 decem
2253 2055 2496 2091 sororum.

251 2146 322 2199 Οὐ
350 2147 772 2218 παραιτούμεθα
798 2149 1030 2219 γράφειν
1071 2150 1161 2205 τὸν
1192 2142 1448 2206 ταπεινὸν
1479 2153 1637 2224 ήμῶν
1671 2152 1755 2204 λό-

1935 2145 2211 2201 Ilumilem
2274 2163 2583 2202 sermonem
2625 2159 2876 2203 nostrum
2940 2148 3137 2203 litteris
3188 2149 3450 2204 mandare

185 2255 289 2304 γον,
317 2240 511 2304 ὁσάκις
546 2240 613 2293 ἂν
662 2240 898 2308 εὐλόγως
931 2244 1163 2315 ὲπιςητῇ
1205 2246 1238 2316 ή
1287 2245 1546 2315 τιμιότης
1579 2245 1754 2317 ὑμῶν·

183 2329 331 2401 εἴπερ
382 2333 482 2384 καὶ
514 2331 598 2401 εἴη
629 2331 924 2384 λυσιτελῶν
955 2333 1103 2404 ὑμῖν.
1136 2336 1278 2388 Αὐτὸ
1319 2336 1415 2408 ιὰρ
1448 2337 1607 2391 τοῦτο
1666 2336 1761 2391 καὶ

183 2419 235 2468 ἐν
257 2422 323 2490 τῇ
353 2420 708 2492 προλαὸούσῃ
746 2422 1000 2492 ἐπιστολῇ
1033 2425 1518 2496 ὲπεσημηνάμεθα.
1551 2425 1760 2480 Οὐκοῦν

182 2513 268 2566 καὶ
289 2515 381 2566 νῦν
416 2513 758 2585 προσιέμεθα
787 2513 970 2577 αὑτὸν,
1002 2514 1136 2584 ὁμοῦ
1172 2516 1272 2583 μὲν
1321 2518 1753 2586 παρακλητικὸν,

180 2603 306 2669 όμοῦ
340 2605 399 2656 δὲ
429 2606 525 2657 καὶ
559 2605 990 2675 ύπομνηστικόν.
1024 2605 1120 2668 Τίς
1159 2605 1217 2658 δὲ
1247 2607 1274 2659 ὁ
1310 2607 1756 2677 παρακλητικός;

185 2695 299 2748 Ὀτι
348 2697 540 2766 ἐπειδὴ
598 2697 907 2749 ἀπεϐίωσεν
948 2699 1006 2749 ὲν
1053 2698 1310 2770 Κυρίῳή
1367 2699 1755 2771 καθηγουμένη

182 2789 272 2841 σὺν
323 2788 597 2858 δεκαδικῷ
637 2789 857 2860 ἀριθμῷ
913 2791 1293 2862 ἀδελφότητος,
1319 2792 1395 2856 ὣς
1462 2808 1625 2861 φατε,
1658 2793 1758 2846 οὐκ

180 2880 379 2945 ἀπαθὲς
406 2881 469 2934 τὸ
499 2880 704 2952 δρᾶμα,
744 2882 885 2935 ἀλλὰ
928 2883 1022 2935 καὶ
1053 2881 1172 2937 λίαν
1203 2883 1526 2938 ἐκστατικόν
1550 2899 1565 2916 ο
1606 2883 1758 2936 tmt-

179 2987 278 3040 περ
333 2971 578 3041 κεφαλῆς
627 2970 877 3042 ἀπούσης
926 2971 1047 3026 ὅλον
1097 2973 1158 3025 τὸ
1213 2974 1375 3043 σῶμα
1415 2974 1629 3044 νεκρὸν,
1664 2975 1757 3027 καὶ

181 3061 352 3128 μελῶν
404 3062 516 3115 τῶν
575 3062 923 3132 τιμιωτάτων
976 3063 1325 3117 ὲκκοπέντων
1363 3064 1434 3116 τὰ
1479 3065 1756 3118 ἐναπολει-

179 3154 372 3222 φθέντα
397 3155 639 3226 εἰδεχθῆ.
673 3154 928 3209 Τοιοῦτον
957 3152 1049 3210 οὖν
1071 3157 1195 3210 ὅσον
1227 3158 1288 3210 τὸ
1320 3156 1462 3211 κατὰ
1488 3158 1666 3229 σάρκα
1695 3157 1756 3211 τὸ

179 3247 416 3314 γεγονός.
487 3247 625 3300 Ἀλλ’
661 3245 850 3317 ἐπειδὴ
912 3249 1282 3317 πνευματικὰ
1330 3248 1755 3318 πνευματικοῖς

178 3339 619 3407 συγκρίνονται,
649 3337 784 3409 ὁμοῦ
813 3338 914 3409 μὲν
937 3338 1199 3410 λυπηρὸν,
1224 3341 1361 3411 ὁμοῦ
1391 3342 1447 3394 δὲ
1475 3343 1568 3395 καὶ
1595 3359 1753 3411 περι-

179 3429 335 3499 χαρὲς
362 3427 430 3480 τὸ
481 3427 690 3496 συμϐάν
726 3445 740 3458 ·
783 3428 844 3479 τὸ
897 3428 995 3498 μὲν
1025 3427 1114 3481 διὰ
1151 3423 1251 3496 τῆν
1279 3429 1535 3499 στέρησιν
1559 3468 1573 3492 ,
1601 3427 1663 3480 τὸ
1696 3428 1752 3481 δὲ

1865 2253 1973 2291 non
2017 2237 2336 2300 abnuimus,
2384 2240 2598 2308 quoties
2627 2255 2751 2292 cum
2785 2239 2998 2292 ratione
3029 2239 3080 2292 id
3105 2240 3309 2306 expetit
3351 2239 3450 2293 ho—

1863 2329 2213 2384 neu-ilicentia
2274 2325 2374 2384 'Iua
2419 2349 2432 2383 :
2479 2330 2748 2399 siquidem
2799 2331 2850 2385 id
2913 2331 3070 2384 nobis
3092 2333 3256 2384 etiam
3314 2330 3449 2385 utile

1863 2418 2048 2473 fuerit.
2083 2419 2200 2474 Hoc
2222 2420 2368 2473 enim
2400 2423 2576 2487 ipsum
2611 2423 2937 2491 praecedenti
2967 2439 3185 2492 quoque
3211 2422 3447 2492 epistola

1861 2509 2315 2579 significavimus.
2370 2509 2715 2580 Quapropter
2778 2511 2930 2564 illum
2960 2527 3103 2565 nunc
3133 2513 3295 2565 etiam
3351 2528 3449 2567 ex-

1860 2599 2140 2668 ponimus,
2218 2602 2418 2672 partim
2501 2603 2720 2670 quidem
2795 2602 3246 2666 consolatorium,
3330 2618 3452 2671 par-

1861 2693 1956 2746 tim
2018 2710 2147 2749 vero
2196 2696 2701 2750 commonitorium.
2759 2696 2876 2762 Qua
2925 2697 2979 2750 in
3024 2711 3084 2750 re
3141 2695 3450 2751 consolato-

1859 2783 2016 2836 rius?
2077 2784 2236 2852 Quia,
2301 2787 2446 2857 quod
2513 2788 2569 2841 in
2629 2787 2864 2843 Domino
2914 2789 3058 2843 diem
3107 2787 3242 2842 obiit
3308 2803 3451 2858 prte-

1856 2875 2040 2943 posita
2114 2892 2236 2930 cum
2293 2878 2522 2933 denario
2599 2894 2832 2934 numero
2887 2896 3161 2948 sororum,
3208 2888 3269 2935 ut
3309 2880 3449 2936 dici-

1860 2969 1950 3031 tis,
1993 2984 2102 3024 non
2144 2986 2350 3028 vacuus
2389 2972 2596 3028 doloris
2631 2984 2716 3028 est
2779 2987 2984 3035 sermo,
3021 2973 3114 3027 sed
3151 2974 3243 3042 qui
3277 2975 3448 3028 vehe-

1857 3070 2068 3115 menter
2101 3064 2420 3130 perturbare
2448 3073 2685 3118 mentem
2730 3064 2910 3134 possit
2945 3083 2958 3119 :
3001 3063 3447 3135 quandoquidem

1859 3151 2035 3217 capite
2060 3153 2240 3206 ablato
2268 3163 2442 3208 totum
2479 3169 2678 3224 corpus
2697 3163 2974 3208 mortuum
3009 3164 3112 3220 est,
3136 3163 3189 3208 et
3217 3155 3448 3209 nobilis-

1856 3244 2013 3298 simis
2045 3245 2306 3300 membris
2342 3246 2623 3314 abscissis,
2671 3255 2866 3302 caetera
2900 3263 3024 3319 qua:
3088 3256 3316 3314 restant,
3348 3247 3447 3302 de-

1857 3333 2074 3390 formia.
2110 3334 2241 3390 Tale
2275 3338 2440 3408 igitur
2469 3349 2550 3392 est
2586 3339 2889 3393 secundum
2925 3355 3148 3394 carnem
3168 3339 3319 3409 quod
3354 3355 3448 3394 ac-

1855 3429 2006 3482 cidit.
2036 3428 2142 3485 Sed
2185 3431 2313 3501 quia
2346 3431 2665 3498 spirilualia
2709 3432 3078 3499 spiritualibus
3129 3449 3447 3501 comparan-

178 3520 259 3573 διὰ
285 3520 383 3591 τὴν
420 3519 632 3573 ἐλπίδα.
692 3519 1102 3590 Παρεπέμψατε
1135 3519 1549 3590 καθηγουμένην
1599 3517 1748 3589 ἱερὰν

1860 3527 1943 3571 tur
1975 3521 2034 3574 τε
2071 3531 2124 3574 et
2155 3523 2307 3576 triste
2335 3524 2497 3577 simul
2529 3533 2633 3588 est,
2674 3530 2729 3578 et
2783 3523 2948 3576 simul
2975 3523 3378 3592 perjucundum
3419 3522 3453 3574 ε’

177 3612 251 3665 ὅτι
298 3613 558 3684 μάλιστα,
591 3612 775 3674 καθὼς
801 3613 1100 3683 διηγεῖσθε,
1131 3611 1368 3680 ἀδελφὰς
1427 3611 1750 3679 σεϐασμίας·

177 3707 343 3774 χαρᾶς
394 3706 673 3769 ὑπόθεσις·
726 3705 949 3759 ἐκείνων
981 3707 1078 3777 μὲν
1109 3705 1218 3758 τῶν
1275 3704 1751 3776 προσληφθεισῶν,

177 3799 574 3868 ἑτοιμαζουσῶν
604 3800 730 3869 ὑμῖν
759 3799 923 3852 τόπον
973 3798 1336 3860 ἀναπαύσεως
1369 3797 1456 3849 διὰ
1486 3796 1754 3868 πρεσϐευο

175 3892 325 3960 τικῆς
353 3890 672 3956 ἐντεύξεως,
698 3891 771 3953 ὡς
796 3891 860 3943 ἂν
887 3892 937 3943 οἱ
969 3889 1593 3961 προκαταλαμϐάνοντες
1628 3888 1753 3942 καθ’

177 3983 288 4036 ὁδὸν
324 3983 397 4036 τὰ
431 3983 788 4054 καταλύματα
813 3999 827 4013 ·
872 3985 1028 4053 ἡμῶν
1081 3985 1137 4038 δὲ
1166 3984 1277 4037 τῶν
1309 3984 1751 4054 ἀπομεινάντων,

177 4079 336 4146 ἥγουν
366 4076 779 4146 άπομεινασῶν,
810 4074 1112 4146 ζηλούντων
1142 4076 1238 4130 καὶ
1280 4075 1561 4146 ζηλουσῶν
1613 4094 1752 4146 προ-

178 4167 577 4222 καταλαϐέσθαι
626 4168 717 4220 τὸν
749 4167 953 4236 ἀγαθὸν
982 4168 1119 4238 βίον,
1151 4169 1246 4221 καὶ
1275 4170 1375 4239 τὴν
1407 4168 1611 4238 σεμνὴν
1659 4187 1756 4222 πο-

176 4260 374 4316 λιτείαν
401 4279 417 4294 ’
465 4267 560 4315 καὶ
607 4261 695 4314 ἀεὶ
743 4262 860 4314 ὲκεὶ
915 4261 1222 4332 βλεπόντων
1272 4263 1369 4315 καὶ
1415 4261 1752 4332 βλεπουσῶν,

178 4354 302 4408 ὅπου
360 4355 558 4427 μικρὸν
601 4353 827 4425 ὕστερον
873 4355 1278 4426 συντευξόμεθα
1324 4357 1390 4426 τῇ
1444 4355 1586 4408 κατὰ
1620 4355 1753 4409 Θεὸν

181 4448 342 4518 μητρὶ
371 4449 467 4500 καὶ
505 4447 624 4509 ταῖς
653 4446 926 4514 αδελφαῖς.
961 4447 1065 4498 Ἴδε
1096 4446 1338 4500 τοιοῦτον
1363 4446 1431 4500 τὺ
1461 4446 1582 4500 καθ’
1607 4448 1752 4518 ὑμᾶς

179 4537 409 4608 πάθημα
466 4536 654 4591 εὔελπι
709 4539 804 4590 καὶ
845 4539 1160 4608 περιχαρὲς,
1219 4539 1314 4590 καὶ
1363 4540 1462 4608 οὐχ
1510 4539 1585 4602 ὡς
1644 4539 1753 4591 τῶν

179 4628 310 4681 κατὰ
370 4629 553 4700 σάρκα
590 4627 965 4698 τεθνηκότων
1016 4629 1065 4681 οἳ
1098 4628 1319 4700 θρήνοις
1353 4630 1446 4682 καὶ
1501 4631 1753 4692 κοπετοῖς

179 4707 386 4788 ἀλόγοις
446 4720 790 4792 βαλλόμενοι,
851 4722 940 4773 ἶσα
995 4723 1105 4784 τοῖς
1166 4722 1241 4791 μὴ
1306 4721 1516 4791 ἔχουσιν
1563 4721 1750 4774 ὲλπίδα

178 4810 368 4879 ἔθνεσι,
405 4812 581 4884 λύπης
613 4813 1022 4883 πεπλήρωνται.
1071 4811 1170 4865 Διὰ
1214 4812 1371 4865 τοῦτο
1399 4813 1517 4864 οὐδὲ
1551 4813 1746 4882 ἐπιθη-
1780 4847 1827 4905 D

181 4905 320 4974 μητὴ
350 4905 535 4968 αὐτοῖς
573 4906 606 4973 ἡ
648 4914 1000 4974 μετάστασις,
1033 4890 1168 4958 ἀλλὰ
1198 4907 1289 4957 καὶ
1332 4905 1451 4957 λίαν
1488 4907 1746 4973 φευκτέα.

188 4995 345 5067 Ἡμῖν
393 4997 452 5050 δὲ
485 4994 574 5063 οἷς
609 4999 676 5051 τὸ
701 4996 808 5065 ζῇν
833 4997 1108 5065 Χριστὸς,
1160 4998 1257 5050 καὶ
1312 4997 1378 5050 τὸ
1423 4998 1749 5051 ἀποθανεῖν

178 5089 419 5157 κέρδος·
471 5091 646 5160 χαρᾶς
699 5091 1017 5160 περιπέτεια
1073 5092 1106 5160 ὴ
1156 5089 1413 5159 κοίμησις
1446 5089 1552 5141 τῶν
1587 5107 1750 5142 πνευ-

181 5181 417 5249 ματικῶν
481 5182 770 5250 Πατέρων,
833 5181 907 5245 ὡς
961 5184 1019 5234 ὲν
1081 5182 1271 5251 Κυρίῳ
1336 5180 1587 5244 ζώντων,
1651 5184 1747 5234 καὶ

183 5273 370 5339 μᾶλλον
398 5273 501 5341 τῆς
546 5272 732 5327 ἐνθάδε
761 5273 906 5342 ζωῆς
947 5271 1276 5344 ὑψηλότερον
1325 5273 1419 5325 καὶ
1467 5271 1746 5326 ἁθανατώ-

177 5384 229 5419 τε
236 5384 344 5438 ρον.

253 5521 679 5592 ’.ὶποῤῥίψαντες
713 5522 807 5576 οὖν
851 5522 944 5576 καὶ
973 5523 1350 5594 άπορρίψασαι
1382 5526 1562 5577 πᾶσαν
1614 5524 1740 5578 ἄλο-

1855 3609 1988 3662 illud
2017 3611 2236 3679 quidem
2272 3624 2490 3682 propter
2521 3613 2880 3682 privationem
2921 3629 2934 3664 :
2993 3613 3098 3668 hoc
3145 3628 3276 3668 vero
3316 3629 3445 3683 pro-

1856 3710 1978 3771 pter
2012 3719 2186 3771 spem.
2223 3705 2510 3760 Extulistis
2536 3706 2882 3776 praepositam
2910 3721 3128 3760 summa
3152 3706 3437 3775 praeditam

1855 3792 2165 3857 sanctitate,
2226 3795 2370 3848 sicut
2428 3795 2726 3865 exponitis,
2776 3810 2996 3850 sorores
3045 3796 3440 3851 venerandas:

1856 3882 2056 3937 laetitiae
2119 3894 2505 3955 argumentum
2540 3887 2712 3941 :dum
2764 3887 2870 3941 illa:
2905 3886 3123 3957 quidem
3177 3902 3299 3956 quae
3348 3902 3442 3942 as-

1855 3986 2086 4044 sumpta:
2115 3985 2262 4042 sunt,
2295 3978 2453 4045 quasi
2486 3978 2758 4048 legatione
2800 3979 3106 4051 funguntur
3137 3988 3196 4035 ut
3240 3979 3442 4049 quietis

1854 4065 2034 4120 locum
2084 4069 2239 4122 vobis
2302 4080 2634 4138 pra'parent,
2699 4072 2843 4126 sicut
2896 4072 2991 4142 qui
3049 4071 3348 4127 diversoria
3383 4072 3441 4127 in

1854 4159 2057 4213 itinere
2088 4169 2472 4230 praeoccupant
2505 4179 2517 4215 :
2557 4177 2654 4216 vos
2700 4178 2829 4218 vero
2853 4165 2946 4233 qui
2995 4164 3191 4228 relicti,
3219 4172 3273 4218 et
3318 4179 3442 4234 quae

1855 4250 2062 4305 relicta:
2085 4253 2241 4318 estis,
2277 4253 2472 4307 bonam
2505 4256 2693 4321 vitam,
2752 4272 3083 4327 gravemque
3136 4271 3438 4312 conversa-

1852 4343 2078 4408 tionem,
2112 4355 2387 4399 maturare
2417 4349 2669 4401 certatim
2703 4349 2962 4415 studetis,
3008 4364 3333 4418 semperque
3374 4350 3441 4404 il-

1858 4433 1946 4487 luc
1977 4436 2256 4503 spectatis,
2286 4437 2377 4491 ubi
2407 4440 2757 4506 postmodum
2797 4442 2959 4494 matri
2993 4441 3046 4494 in
3081 4439 3192 4494 Deo
3227 4441 3440 4495 sorori-

1857 4522 2069 4592 busque
2098 4541 2476 4581 occurremus.
2503 4529 2650 4583 Talis
2687 4545 2880 4600 nempe
2918 4539 3098 4585 vester
3127 4539 3213 4584 est
3257 4532 3437 4601 dolor,

1854 4630 1978 4668 cum
2008 4631 2102 4685 spe
2131 4625 2185 4670 et
2212 4618 2411 4672 laetitiae
2444 4620 2803 4690 conjunctus;
2865 4638 3044 4692 neque
3077 4633 3135 4677 ut
3190 4634 3438 4678 mortuo-

1854 4721 1975 4759 rum
2006 4709 2304 4762 secundum
2347 4724 2604 4780 carnem;
2658 4714 2754 4782 qui
2782 4714 3036 4769 lamentis
3068 4722 3121 4768 et
3152 4715 3438 4785 plangori—

1856 4796 1957 4850 bus
1987 4797 2194 4852 insanis
2220 4802 2490 4869 oppressi,
2526 4803 2751 4872 perinde
2795 4820 2861 4860 ac
2894 4815 3082 4875 gentes
3123 4822 3248 4876 quae
3281 4822 3434 4877 spem

1861 4902 1969 4938 non
1999 4885 2202 4941 habent
2228 4889 2270 4955 ⁸,
2301 4890 2528 4945 tristitia
2574 4891 2891 4961 implentur.
2934 4893 3280 4964 Quapropter
3334 4910 3435 4951 nec

1855 4981 2092 5046 optanda
2140 4981 2250 5036 illis
2288 4993 2372 5038 est
2422 4985 2728 5054 emigratio,
2763 4987 2856 5042 sed
2906 4989 3063 5043 valde
3091 4987 3434 5059 refugienda.

1855 5067 2025 5123 Nobis
2049 5086 2198 5137 vero,
2226 5074 2415 5142 quibus
2447 5076 2612 5128 vivere
2660 5076 2904 5131 Christus
2939 5089 3039 5143 est,
3095 5091 3142 5132 et
3190 5081 3325 5134 mori
3357 5079 3437 5134 lu-

1854 5177 2008 5215 crum
2038 5164 2058 5195 ⁹
2088 5205 2102 5226 ,
2143 5165 2531 5236 inexspectata:
2580 5169 2781 5224 laetitia:
2812 5172 3032 5225 occasio
3059 5182 3140 5226 est
3171 5175 3433 5243 spiritua-

1853 5253 1987 5308 lium
2022 5255 2244 5311 Patrum
2277 5275 2448 5324 mors,
2482 5270 2737 5330 tanquam
2766 5262 2819 5316 in
2850 5262 3082 5318 Domino
3107 5265 3428 5330 viventium,

1853 5344 1965 5397 vita
2017 5346 2211 5413 multo,
2247 5364 2413 5417 quam
2444 5350 2558 5404 haec
2609 5360 2819 5417 nostra,
2870 5353 2960 5420 sit,
3004 5354 3331 5410 sublimiore
3378 5365 3434 5410 et

1854 5434 2166 5493 immortali.

1928 5528 2264 5598 Abjicicntes
2333 5547 2463 5603 ergo
2492 5533 2690 5605 singuli
2723 5543 2772 5589 et
2808 5535 3036 5609 singula:
3064 5553 3279 5596 omnem
3334 5538 3436 5596 tri-

241 5679 264 5713 ⁸
293 5681 477 5737 Matth.
513 5699 610 5745 xu,
633 5684 722 5737 48.
800 5692 820 5722 ³
852 5683 984 5738 Luc.
1019 5701 1127 5751 xlv,
1153 5684 1242 5737 26.
1321 5687 1338 5712 ’
1372 5684 1542 5740 lCor.
1568 5702 1626 5751 ιι,
1661 5688 1721 5740 15

1867 5687 1879 5738 l
1913 5691 2107 5748 Thess.
2137 5709 2208 5756 ιν,
2245 5694 2329 5749 i‘Z.
2406 5697 2427 5727 θ
2454 5697 2686 5768 Philipp.
2721 5715 2773 5763 χ,
2813 5699 2864 5751 1.

1687 5803 1916 5860 NOT/E.

249 5871 359 5938 (ῗὸ)
393 5872 450 5928 In
483 5873 604 5929 cod.
641 5873 768 5944 Reg.
805 5873 945 5944 9116'.
