3966 6452
569 357 704 419 1563

1752 355 1814 415 S.
1845 353 2238 415 THEODORI
2281 356 2632 418 STUDITz‘E

3685 359 3813 423 156i

563 473 765 528 stitiam
790 487 822 526 a
858 471 1068 526 ratione
1087 471 1344 534 alienam,
1367 478 1420 524 et
1450 470 1748 540 degeneres
1807 470 2074 542 lacrymas
2114 490 2127 524 :

2252 487 2332 539 γον
2376 469 2552 539 λύπην
2577 471 2671 524 καὶ
2701 469 2926 538 ἀγεννὲς
2962 469 3219 540 δάκρυον,
3257 468 3378 524 καθ’
3412 469 3442 522 ὃ
3481 470 3809 541 κατέστησε,

563 576 725 636 prout
753 582 848 636 pcr
869 565 1074 620 Christi
1107 564 1339 636 gratiam
1368 563 1651 618 constituti
1676 562 1830 626 estis.
1875 563 1964 619 hic
2010 565 2138 635 qui-

564 658 688 712 dem
746 659 800 711 in
851 657 1084 727 regendo
1115 657 1358 710 virorum
1395 655 1711 723 domicilio;
1765 657 1879 710 haec
1917 672 2047 711 vero
2083 657 2136 711 in

565 748 827 804 domicilii
859 748 1131 817 virginum
1168 745 1493 817 praefectura
1528 765 1541 801 :
1573 746 1751 802 Sobrii
1781 755 1967 812 estote,
2007 748 2140 816 vigi-

564 841 674 894 late
705 841 769 902 ¹⁰,
807 840 1034 893 viriliter
1092 841 1252 908 agite,
1307 839 1720 908 confortamini:
1751 840 1926 892 omnia
1969 849 2139 892 vestra

566 933 620 982 in
682 931 949 984 charitate
987 929 1052 996 “,
1101 931 1284 985 utnnia
1325 931 1378 984 in
1427 931 1808 985 mandatorum
1866 929 2137 994 custodia,

562 1023 718 1093 juxta
773 1024 1162 1093 praeceptiones
1191 1023 1364 1078 sancti
1415 1023 1622 1078 Basilii.
1681 1024 1858 1093 Atque
1919 1024 2036 1077 haec
2081 1023 2140 1077 in

567 1113 781 1167 duobus
824 1114 1174 1169 monasteriis
1197 1113 1395 1168 vestris
1417 1113 1663 1183 vigeant;
1702 1123 1761 1167 ut
1793 1115 1912 1169 sine
1967 1112 2141 1168 oﬁen-

567 1207 724 1259 sione
751 1215 805 1259 et
835 1207 1265 1274 reprehensione
1296 1206 1463 1260 vitam
1504 1207 1786 1269 ducentes,
1827 1205 2140 1272 gloriﬁcetis

568 1297 737 1353 Deum
770 1299 824 1352 in
861 1314 1091 1367 corpore
1119 1310 1297 1355 vestro
1332 1309 1388 1354 et
1440 1316 1494 1353 in
1519 1302 1713 1369 spiritu
1742 1308 1924 1353 vestro
1955 1317 1970 1353 :
2002 1299 2140 1352 alte-

568 1406 800 1459 rumque
823 1391 891 1445 ab
918 1392 1090 1446 altero
1121 1393 1514 1447 monasterium
1547 1393 1834 1455 excitetur,
1868 1399 1923 1446 et
1953 1402 2142 1446 sancte

566 1483 886 1552 conspiret:
923 1491 974 1538 te
1001 1484 1271 1550 videlicet,
1327 1485 1494 1538 iratre
1547 1483 1768 1552 Basilio,
1808 1484 1902 1553 qui
1938 1484 2003 1538 ad
2039 1498 2140 1537 nos

567 1575 868 1644 scripsisti,
927 1585 982 1630 et
1025 1577 1183 1631 nobis
1231 1576 1618 1645 comprobatus
1665 1591 1748 1640 es,
1809 1575 1971 1630 simul
1999 1575 2141 1630 assi-

566 1681 766 1736 stente,
800 1687 1095 1738 curamque
1117 1671 1472 1742 participante
1490 1671 1776 1739 utriusque
1803 1668 2141 1736 monasterii,

565 1763 747 1832 quoad
775 1773 928 1833 potes
963 1782 975 1819 :
1015 1763 1266 1833 quamvis
1291 1763 1538 1834 praesidis
1567 1779 1706 1819 onus
1736 1779 1841 1818 non
1864 1763 2138 1818 sustines:

2239 564 2426 635 Χάριτι
2451 563 2689 635 Χριστοὕ
2717 580 2732 594 ⁸
2760 566 2788 617 ὁ
2817 562 2915 634 μὲν
2940 564 3034 616 ἐπὶ
3058 566 3122 633 τῇ
3155 563 3458 634 καθηγήσει
3488 561 3583 615 τοῦ
3615 565 3815 634 evapo-

2243 671 2352 720 νος·
2384 658 2418 727 ἡ
2448 656 2502 710 δὲ
2525 657 2618 709 ἐπὶ
2639 658 2705 727 τῇ
2737 657 3012 724 ἀφηγήσει
3039 653 3132 708 τοῦ
3169 655 3536 724 παρθενῶνος·
3557 655 3810 724 Νήφετε.

2243 749 2581 818 γρηγορεῖτε
2614 790 2629 814 ,
2684 747 3030 818 ἀνδρίζεσθε
3063 788 3078 811 ,
3128 748 3526 816 κραταιοῦσθε
3551 765 3565 779 ο
3620 749 3815 804 πάντα

2245 839 2412 908 ὑμῶν
2447 841 2517 893 ἐν
2542 840 2764 910 ἀγάπῃ,
2804 841 2982 893 πάντα
3014 841 3072 892 ἐν
3122 838 3336 909 φυλακῇ
3378 838 3632 906 ἐντολῶν,
3679 845 3816 894 γατὰ

2244 935 2343 996 τὰς
2373 933 2651 1005 ὑποθήκας
2679 934 2772 986 τοῦ
2804 933 2961 1002 ἁγίου
2989 932 3292 987 Βασιλείου.
3319 933 3539 1000 Μεταξὺ
3579 935 3639 987 δέ
3669 936 3816 1004 ὑμῶν

2244 1025 2359 1077 τοῖν
2386 1024 2530 1077 δυοῖν
2576 1024 2952 1095 μοναστηρίων
2987 1024 3231 1078 ἔστωσαν
3259 1041 3274 1056 ο
3329 1026 3418 1079 ἵνα
3470 1027 3820 1093 ἀπρόσκοπον

2246 1117 2339 1169 καὶ
2382 1117 2639 1186 ἀνένοχον
2694 1115 2808 1185 βίον
2841 1115 3148 1180 διανύοντες
3187 1117 3283 1170 καὶ
3321 1117 3634 1171 διανύουσαι
3660 1159 3674 1182 ,
3738 1119 3819 1172 δο-

2249 1207 2448 1276 ξάσητε
2473 1208 2564 1261 τὸν
2607 1207 2739 1261 Θεὸν
2771 1210 2831 1261 ἐν
2875 1207 2954 1277 τῷ
3011 1206 3226 1276 σώματι
3271 1208 3427 1278 ὑμῶν
3482 1209 3579 1262 καὶ
3637 1210 3697 1262 ἐν
3750 1208 3821 1277 τῷ

2249 1299 2520 1370 πνεύματι
2580 1300 2735 1369 ὑμῶν
2759 1317 2773 1331 ο
2831 1300 3019 1372 ἕτερον
3079 1301 3169 1370 ὑφ’
3202 1301 3390 1374 ἐτέρου
3460 1305 3821 1375 μοναστήριον

2248 1391 2569 1461 θεοπρεπῶν
2622 1393 3089 1464 συγκροτούμενόν
3147 1411 3205 1446 τε
3259 1395 3355 1448 καὶ
3407 1397 3820 1467 συνιστάμενον,

2247 1484 2491 1555 δηλονότι
2525 1485 2620 1539 σοῦ
2654 1485 2747 1539 τοῦ
2771 1486 3002 1555 ἀδελφοῦ
3033 1486 3338 1551 Βασιλείου,
3369 1485 3464 1538 τοῦ
3499 1489 3596 1540 καὶ
3623 1505 3823 1557 γεγρα-

2250 1576 2410 1644 φότος
2454 1579 2606 1648 ἡμῖν,
2642 1579 2736 1631 καὶ
2776 1578 3246 1647 συνεγνωσμένου,
3294 1579 3685 1647 συμπαρόντος
3738 1575 3826 1630 καὶ

2251 1671 2891 1741 συναντιλαμϐανομένου
2917 1671 3186 1740 ἑκατέρας
3223 1670 3333 1724 τῶν
3360 1670 3538 1740 μονῶν
3567 1671 3825 1724 καθ’ὅσον

2250 1756 2361 1816 οἷόν
2390 1779 2471 1825 τε,
2506 1765 2600 1816 καὶ
2637 1764 2710 1833 μὴ
2744 1764 2825 1816 ὅτι
2854 1763 2955 1834 οὐχ
2986 1763 3208 1833 ὑπέχεις
3240 1761 3395 1832 λόγον
3456 1763 3823 1836 προεστῶτος·

567 1856 664 1910 sed
697 1855 853 1925 quasi
891 1856 1161 1912 desiderio
1193 1867 1288 1911 tuo
1329 1871 1426 1926 per
1459 1856 1799 1912 successoris
1848 1856 2145 1926 promotio-

2252 1856 2360 1909 ἀλλ’
2386 1855 2462 1920 ὠς
2493 1857 2590 1925 τῆς
2641 1855 2882 1924 ἐφέσεὼς
2938 1873 3030 1909 σου
3065 1855 3446 1927 πληρωθείσης
3477 1857 3566 1909 διά
3595 1857 3702 1925 τῆς
3735 1855 3826 1909 τοῦ

570 1963 692 2002 nem
731 1948 964 2017 expleto,
1005 1950 1237 2017 toipsum
1273 1949 1487 2004 enixius
1518 1950 1860 2013 impendens,
1896 1956 1950 2002 et
1982 1948 2138 2018 adju-

567 2055 704 2094 vans
736 2040 827 2094 ubi
849 2050 928 2095 est
961 2056 1119 2108 opus.
1153 2040 1374 2095 Habetis
1410 2041 1612 2110 itaque,
1637 2040 1704 2093 ad
1736 2039 2146 2094 virtutisincre-

571 2141 839 2197 mentum,
875 2134 1132 2201 praeclara
1194 2133 1440 2202 exempla
1495 2148 1685 2186 eorum
1720 2147 2000 2195 earumve,
2051 2132 2145 2202 qui

569 2230 625 2275 et
676 2238 798 2291 quae
848 2220 1115 2275 obierunt.
1157 2220 1384 2276 Ilabetis
1429 2221 1572 2277 vitas
1614 2230 1953 2288 sanctorum,
2003 2222 2147 2291 leges

571 2313 993 2382 sanctionesque
1041 2311 1298 2379 Patrum;
1331 2313 1560 2373 habetis.
1615 2311 1761 2382 quod
1819 2312 1908 2365 his
1970 2311 2147 2375 majus

572 2413 679 2468 est,
709 2405 1095 2459 universorum
1161 2406 1499 2460 conditorem
1554 2404 1723 2459 Deum
1768 2405 1822 2457 in
1853 2403 2030 2457 medio
2059 2419 2148 2456 ve-

570 2497 932 2567 strum,juxta
950 2497 1122 2566 ipsius
1136 2496 1805 2566 promissionem,minime
1820 2495 2062 2549 fallacem
2080 2496 2145 2550 ¹².

573 2586 795 2642 Habetis
847 2597 1089 2642 sanctam
1134 2587 1416 2656 Deiparam
1478 2587 1896 2652 auxiliatricem,
1956 2602 2149 2640 omnes

573 2688 795 2733 sanctos
815 2681 1223 2734 intercessores.
1242 2679 1467 2733 Habetis
1482 2688 1538 2734 et
1563 2680 1880 2732 tenuitatem
1905 2689 2147 2732 nostram

580 2778 889 2840 promptam
920 2779 975 2825 et
1019 2782 1260 2840 paratam
1291 2771 1444 2826 vobis
1497 2772 1548 2825 in
1580 2771 1742 2826 bono.
1797 2769 1990 2825 Omnia
2020 2785 2150 2838 ergo

590 2861 728 2914 bene
770 2862 934 2931 agite.
966 2863 1149 2916 omnia
1195 2862 1440 2932 paciﬁce.
1499 2862 1711 2931 Semper
1752 2863 2004 2931 gaudete;
2040 2864 2150 2913 sine

574 2952 964 3005 intermissione
1000 2962 1186 3007 orate:
1215 2955 1266 3005 in
1297 2953 1537 3005 omnibus
1596 2954 1797 3022 gratias
1847 2952 2005 3021 agite,
2038 2951 2149 3003 cla—

575 3053 687 3098 mat
735 3061 962 3115 magnus
1034 3045 1329 3114 Apostolus
1379 3045 1423 3076 ¹³
1468 3044 1626 3114 cujus
1666 3043 2150 3098 intercessionibus

576 3141 783 3194 utinam
815 3142 1090 3196 salvemur
1111 3147 1164 3192 et
1186 3155 1284 3194 nos
1298 3147 1351 3192 et
1371 3153 1489 3194 vos.

855 3251 1188 3308 CLXXXIII.
1221 3281 1291 3291 —
1318 3250 1456 3307 Elia:
1482 3251 1802 3322 presbytero.

2246 1949 2644 2020 προϐληθέντος
2671 1947 2956 2017 ἁναδοχῆς·
2983 1947 3182 2017 μᾶλλον
3208 1949 3400 2002 ἐαυτὸν
3427 1947 3828 2002 συνεισϐἀλλων

2247 2040 2340 2093 καὶ
2380 2039 2773 2109 συνεπαμύνων
2803 2038 2864 2092 τὰ
2893 2039 3105 2093 δέοντα.
3133 2041 3327 2111 Ἔχετε
3357 2039 3654 2110 τοιγαροῦν
3691 2041 3829 2093 καλά

2248 2132 2670 2201 παραδείγματα
2717 2133 2796 2192 είς
2829 2131 3029 2201 ἀρετῆς
3083 2132 3345 2195 ἐπίδοσιν,
3376 2132 3475 2195 τὰς
3503 2132 3829 2201 ἐκδημησά-

2250 2239 2352 2285 σας
2404 2222 2503 2274 εἴτ’
2532 2217 2624 2274 οὖν
2666 2221 3103 2292 ἐκδημήσαντας.
3137 2221 3328 2292 Ἔχετε
3357 2223 3484 2286 τοὺς
3538 2222 3693 2290 βίους
3722 2225 3830 2276 τῶν

2251 2313 2442 2381 ἁγίων,
2492 2313 2591 2375 τὰς
2644 2313 2967 2383 νομοθεσίας
3021 2313 3128 2366 τῶν
3181 2317 3461 2384 Πατέρων.
3511 2315 3712 2384 Ἔχετε
3773 2317 3831 2369 τὸ

2254 2404 2438 2474 μεῖζον
2485 2402 2664 2456 αὐτῶν
2707 2405 2800 2458 τὸν
2858 2404 3089 2475 ποιητὴν
3118 2405 3226 2458 τῶν
3259 2407 3395 2458 ὅλων
3421 2403 3554 2457 Θεὸν
3589 2406 3648 2457 ἐν
3679 2406 3831 2476 μέσῳ

2252 2499 2404 2567 ὑμῶν
2449 2497 2590 2551 κατά
2639 2497 2738 2568 τὴν
2787 2497 2990 2567 ἀψευδῆ
3031 2497 3194 2550 αὐτοῦ
3246 2498 3595 2566 ἐπαγγελίαν.
3632 2497 3832 2570 Ἔχετε

2251 2590 2347 2658 τὴν
2379 2588 2543 2656 ἁγίαν
2593 2587 2851 2641 Θεοτόκον
2898 2587 3207 2659 ἐπίκουρον,
3237 2588 3365 2648 τοὺς
3395 2587 3604 2653 πάντας
3638 2591 3832 2659 ἁγίους

2253 2679 2612 2751 πρεσϐευτάς.
2649 2682 2840 2750 Ἔχετε
2888 2678 2984 2733 καὶ
3013 2679 3109 2749 τὴν
3139 2679 3296 2747 ήμῶν
3333 2680 3663 2751 οὐθενότητα
3696 2699 3833 2751 προ-

2254 2769 2600 2840 θυμουμένην
2628 2771 2753 2840 ὑμῖν
2783 2772 2840 2822 ἐν
2867 2768 3107 2838 τάγαθῷ.
3136 2769 3318 2822 Πάντα
3351 2769 3443 2823 οὖν
3468 2766 3526 2823 εὖ
3561 2770 3832 2840 πράξατε,

2254 2861 2432 2915 πάντα
2484 2863 2772 2933 είρηνικῶς
2828 2861 3194 2914 διατελέσατε.
3246 2862 3507 2917 Πάντοτε
3569 2867 3830 2932 χαίρετε·

2251 2951 2642 3018 ἀδιαλείπτως
2659 2952 3087 3020 προσεύχεσθε·
3107 2952 3178 3005 ἐν
3195 2954 3372 3007 παντὶ
3393 2954 3832 3023 εὐχαριστεῖτε,

2255 3042 2356 3116 βοᾷ
2381 3045 2409 3096 ὁ
2438 3046 2608 3114 μέγας
2636 3044 2980 3105 Ἀπόστολος·
3013 3036 3076 3097 οὗ
3108 3047 3228 3108 ταῖς
3248 3045 3566 3116 πρεσϐείαις
3603 3045 3838 3115 σωθείη-

2260 3151 2359 3204 μεν
2387 3135 2482 3187 καὶ
2503 3136 2660 3202 ἡμεῖς
2689 3133 2783 3185 καὶ
2813 3133 2992 3203 ὑμεῖς.

2437 3245 2583 3298 ΡΠῐν
2613 3245 2748 3315 (76).
2771 3275 2841 3285 --
2875 3246 3038 3315 Ἠλίᾳ
3069 3245 3469 3317 πρεσϐυτέρῳ.
3507 3246 3663 3321 [ψνη]

1475 3371 1551 3420 De
1584 3371 1753 3431 pueris
1784 3368 1868 3430 qui
1903 3370 2164 3431 parentum
2185 3366 2439 3414 voluntate
2471 3362 2610 3412 inviti
2639 3365 2926 3414 tondentur.

641 3457 904 3513 Osculum
932 3454 1154 3523 quidem
1195 3466 1370 3517 tuum,
1420 3455 1502 3507 vir
1532 3463 1743 3515 sancte,
1774 3454 2144 3507 venerandum

2324 3446 2396 3498 Τὸ
2425 3446 2524 3515 μὲν
2553 3446 2763 3516 φίλημά
2809 3464 2923 3510 σου,
2967 3439 3012 3499 ὦ
3070 3446 3181 3516 ίερέ
3228 3444 3482 3516 ἄνθρωπε
3534 3447 3634 3501 τοῦ
3673 3450 3835 3512 Θεοῦ,

573 3567 736 3622 quam
800 3551 1059 3615 maxime,
1122 3550 1372 3618 idemque
1401 3547 1710 3602 concordia:
1750 3563 1976 3602 servans
2011 3548 2148 3600 indi-

575 3643 722 3697 cium
753 3661 768 3697 :
797 3641 1152 3711 interrogatio
1180 3649 1385 3704 autem,
1416 3640 1504 3693 vix
1536 3641 1711 3695 audeo
1739 3639 1942 3703 dicere,
2005 3638 2148 3691 indi-

575 3744 749 3805 gesta.
801 3750 902 3790 nec
937 3735 1069 3790 satis
1127 3733 1405 3801 explorata
1452 3731 1749 3786 humilitati
1794 3738 2012 3784 nostrae.
2065 3729 2146 3782 Ad

577 3827 722 3881 hunc
766 3825 911 3879 enim
945 3825 1088 3878 diem
1128 3839 1236 3877 non
1275 3823 1649 3885 audieramus,
1697 3835 1892 3889 pueros
1923 3835 1953 3873 a
1993 3829 2148 3888 patre

574 3932 671 3987 per
725 3917 834 3970 vim
868 3931 933 3970 ac
983 3932 1090 3969 non
1133 3924 1327 3985 sponte
1375 3919 1638 3970 detonsos
1671 3913 1858 3967 fuisse.
1908 3909 2043 3966 Nam
2098 3912 2145 3964 si

573 4007 733 4077 plane
767 4006 1003 4061 infantes
1034 4007 1092 4067 ii,
1125 4007 1239 4061 sive
1274 4014 1402 4060 ante
1428 4008 1764 4075 pubertatem
1791 4043 1806 4067 ,
1835 4020 1942 4058 non
1977 4011 2061 4057 est
2090 4003 2145 4057 in

576 4100 708 4168 ipsis
767 4099 1187 4152 voluntarium:
1236 4113 1410 4167 neque
1439 4098 1582 4151 enim
1647 4106 1856 4149 rectum
1916 4109 1947 4146 a
1979 4110 2146 4164 pravo

574 4199 808 4260 possunt
830 4190 1184 4259 dignoscere:
1212 4191 1303 4245 sed
1335 4204 1524 4242 eorum
1577 4187 1828 4253 arbitrio,
1858 4202 1983 4242 cum
2015 4190 2145 4241 ado-

577 4283 832 4349 leverint,
872 4297 960 4337 res
985 4290 1096 4337 tota
1127 4280 1587 4351 permittenda....

815 4461 923 4515 Res
974 4459 1352 4528 permittenda.
1387 4456 1541 4511 Unde
1566 4457 1723 4511 nobis
1749 4471 1813 4510 ac
1841 4456 1994 4512 vobis
2024 4457 2148 4510 ani-

575 4555 650 4608 mi
684 4554 863 4607 iutura
895 4563 980 4606 est
1012 4560 1066 4604 et
1096 4549 1345 4619 corporis
1381 4549 1550 4602 salus.
1607 4548 1711 4602 Sed
1741 4549 1808 4601 de
1858 4547 1943 4602 his
1974 4548 2142 4602 satis:

574 4645 836 4715 quoniam
867 4658 964 4696 nec
990 4642 1123 4695 mihi
1158 4641 1353 4709 prolixi
1381 4640 1654 4693 sermonis
1688 4648 1771 4693 est
1799 4639 1994 4702 otium,
2026 4638 2148 4693 aliis

573 4746 842 4805 occupato
871 4734 1105 4804 negotiis
1135 4732 1276 4786 haud
1310 4731 1566 4786 facilibus
1617 4730 1898 4800 expeditu.
1930 4730 2006 4783 De
2034 4729 2142 4798 epi-

2255 3539 2448 3591 σεπτὸν
2472 3539 2553 3591 ὅτι
2587 3539 2840 3609 μάλιστα,
2866 3539 2960 3591 καὶ
2984 3539 3043 3591 τὸ
3066 3540 3166 3610 τῆς
3195 3539 3504 3609 συμψυχξας
3541 3543 3840 3607 ἀπσῶζον

2251 3630 2537 3703 γνώρισμα
2568 3647 2583 3663 ο
2642 3632 2703 3685 τὸ
2745 3632 2801 3684 δὲ
2859 3630 3140 3701 ἐρώτημα,
3190 3633 3290 3685 οὐκ
3345 3630 3616 3697 οἶδ’ὅπως
3670 3637 3837 3698 εἴπω,

2252 3723 2624 3794 ἀκατάλληλον
2672 3724 2767 3776 καὶ
2800 3724 2859 3777 οὐ
2898 3725 3336 3794 συνεγνωσμένον
3377 3729 3443 3797 τῇ
3503 3727 3841 3780 ταπεινώσει

2252 3817 2428 3886 ἡμῶν.
2477 3815 2700 3868 Οὐδέπω
2761 3815 2868 3886 γάρ
2902 3816 2992 3869 καὶ
3026 3817 3263 3886 τήμερον
3294 3817 3635 3887 ἀκηκόαμεν,
3695 3819 3840 3889 πρὸς

2254 3909 2460 3980 πατρὸς
2508 3909 2928 3976 ἁναγκαστικῶς
2959 3909 3054 3963 καὶ
3091 3912 3194 3963 οὐκ
3227 3909 3550 3971 ἐθελουσίως
3581 3911 3839 3981 ἀποκαρο

2255 3998 2410 4066 θῆναι
2468 3999 2682 4062 παῖδας.
2729 3999 2791 4052 Εἰ
2823 4000 2921 4070 μὲν
2970 4001 3077 4072 γὰρ
3112 4002 3308 4070 κομιδῇ
3361 4001 3563 4070 νήπιοι,
3602 4001 3708 4055 εἴτ’
3741 3999 3840 4057 οὖν

2254 4091 2360 4161 πρὸ
2397 4090 2498 4160 τῆς
2531 4090 2766 4160 ἡλικίας,
2814 4092 2913 4145 οὐκ
2957 4093 3015 4144 ἐν
3067 4093 3248 4154 αὐτοῖς
3305 4090 3366 4143 τὺ
3419 4090 3676 4162 θελητόν⁹
3712 4096 3840 4148 οὐδὲ

2253 4184 2358 4252 γάρ
2397 4184 2503 4236 είσι
2531 4182 2914 4250 διαγνωστικοὶ
2971 4183 3136 4237 καλοῦ
3172 4199 3231 4234 τε
3290 4183 3384 4235 καὶ
3417 4183 3591 4237 κακοῦ
3621 4203 3635 4216 ο
3694 4187 3843 4242 ἀλλὰ

2255 4277 2319 4344 τῇ
2351 4274 2461 4327 τῶν
2493 4274 2778 4342 φυσὰντων
2828 4275 3142 4346 προαιρέσει
3197 4274 3463 4328 ἀνακτέον
3495 4275 3645 4347 [cod.
3691 4277 3838 4351 Reg.

2253 4364 2588 4436 ἀνενεκτέον]
2620 4366 2682 4418 τὸ
2715 4368 3059 4435 πρᾶγμα.....

2479 4457 2592 4526 (77)
2629 4455 2914 4510 ἀναθετέον
2935 4457 2996 4509 τὸ
3027 4458 3279 4528 πρᾶγμα.
3316 4459 3456 4528 Παρ*
3476 4453 3538 4513 οὗ
3569 4461 3668 4513 καὶ
3697 4462 3843 4531 ἡμῖν

2255 4549 2350 4601 καὶ
2383 4549 2509 4616 ὑμῖν
2537 4547 2597 4600 τὸ
2628 4550 2892 4617 σωτήριον
2914 4549 3092 4618 ψυχῆς
3134 4565 3193 4601 τε
3241 4550 3335 4601 καὶ
3393 4550 3667 4619 σώματος.
3726 4555 3846 4607 Καὶ

2257 4641 2384 4710 περὶ
2411 4640 2509 4708 μὲν
2540 4640 2743 4691 τούτων
2769 4639 2886 4702 ἃλις
2921 4657 2934 4670 ·
2968 4641 3048 4692 ὅτι
3077 4640 3214 4710 μηδὲ
3245 4641 3435 4712 καιρός
3481 4660 3570 4711 μοι
3606 4661 3842 4715 μακρη-

2255 4735 2457 4802 γορεῖν,
2476 4733 2532 4784 ἐν
2555 4732 2735 4795 ἄλλοις
2764 4732 3146 4802 ἀσχολουμένῳ
3173 4733 3495 4804 πράγμασιν
3518 4735 3622 4787 οὐκ
3651 4737 3846 4789 εὐδια-

573 4844 741 4897 scopo
794 4827 937 4890 Chii,
980 4825 1110 4894 quid
1146 4824 1247 4879 hoc
1285 4834 1334 4877 et
1370 4822 1512 4876 istud
1555 4822 1782 4875 narras?
1809 4821 1917 4874 Nos
1967 4835 2143 4889 neque

2252 4824 2444 4888 λύτοις.
2467 4826 2600 4895 Περὶ
2630 4825 2686 4877 δὲ
2710 4825 2802 4877 τοῦ
2838 4826 3136 4878 ἐπισκόπου
3163 4826 3318 4889 Χίου,
3339 4826 3392 4879 τί
3422 4827 3578 4879 τοῦτο
3611 4830 3849 4883 κάκεῖνο

573 4920 755 4975 virum
786 4919 839 4971 in
872 4926 1224 4984 conspectum
1253 4925 1522 4977 nostrum,
1561 4914 1650 4966 ubi
1703 4913 1810 4966 huc
1855 4914 2022 4971 venit,
2056 4909 2145 4965 ad-

2255 4915 2576 4984 γέγραφας;
2620 4915 2814 4984 Ἡμεῖς
2871 4914 2994 4967 οὔτε
3041 4917 3133 4968 τὸν
3189 4915 3359 4986 ἄνδρα
3409 4919 3489 4980 εἰς
3519 4917 3644 4986 ὄψιν
3676 4920 3848 4989 ἡμῶν

575 5011 850 5073 misimus,
875 5007 1208 5076 suspicionis
1242 5004 1473 5058 vitandae
1503 5017 1703 5067 causae,
1732 5017 1906 5070 neque
1928 5003 2145 5056 omnino

2255 5008 2536 5076 ἠγάγομεν
2580 5007 2877 5077 ἐληλυθότα
2923 5006 3182 5070 ἐνταῦθα,
3223 5008 3321 5071 τὰς
3350 5009 3585 5078 ὑποψίας
3611 5009 3851 5078 διαφεύ-

581 5103 703 5156 sine
742 5115 1007 5168 responso
1042 5098 1354 5153 dimisimus
1383 5113 1397 5148 :
1433 5093 1576 5163 quod
1609 5108 1785 5162 neque
1817 5093 1895 5146 fas
1930 5091 2032 5147 {uit
2067 5095 2145 5148 vel

2257 5112 2466 5164 γοντες,
2496 5094 2618 5148 οὔτε
2644 5096 2817 5165 πὰντη
2854 5095 3214 5168 ἀνυπόκριτον
3245 5098 3510 5169 εἰάσαμεν
3538 5116 3552 5130 ⁶
3575 5101 3662 5154 ὅτι
3695 5100 3846 5172 μηδέ

654 5241 698 5272 ¹⁰
732 5239 748 5294 l
777 5238 922 5294 Petr.
957 5254 1010 5303 v,
1039 5237 1092 5289 8.
1170 5237 1211 5268 ¹¹
1234 5235 1252 5288 l
1276 5233 1403 5288 Cor.
1432 5248 1542 5294 xvn,
1587 5232 1784 5297 15,14.
1862 5229 2114 5286 “Matth.
2148 5233 2410 5298 xvm,20.
2485 5233 2574 5288 “1
2615 5233 2812 5289 Thess.
2847 5251 2900 5298 ν,
2941 5232 3028 5288 16.

2095 5345 2332 5404 NOTAE.

655 5425 764 5497 (76)
803 5421 1002 5497 _i_n_cod.
1029 5419 1164 5488 Reg.
1206 5424 1344 5497 p_1t£_'.

656 5485 768 5564 (77)
803 5493 877 5545 Ibi
913 5485 1492 5564 niagna’satis_lacun_a
1520 5486 1576 5564 in_
1605 5485 1773 5554 Regio
1801 5486 2005 5564 codice.
2026 5487 2157 5553 Quae

585 5557 763 5620 autem
795 5571 1116 5630 sequuntur,
1137 5559 1362 5612 alterius
1389 5557 1629 5624 epistolae
1651 5571 1770 5630 esse
1802 5560 1924 5625 (cui
1948 5566 2152 5620 tamen,

587 5639 712 5705 quia
752 5629 965 5705 initium
1006 5631 1179 5705 deest,
1233 5629 1478 5705 apposita
1529 5644 1635 5705 non
1665 5699 1673 5705 _
1704 5629 1892 5705 sitsua
1946 5629 2154 5705 numeri

589 5698 754 5775 noua)
788 5703 1026 5755 iudicare
1059 5702 1268 5775 videtur
1300 5699 1551 5775 Syllabus
1584 5698 1947 5764 Epistolarum
1977 5700 2028 5775 in
2063 5713 2146 5775 eu-

588 5780 710 5830 deut
739 5769 997 5826 'codice:
1049 5771 1119 5821 ibi
1153 5771 1295 5822 enim
1335 5772 1474 5819 inter
1516 5769 1866 5832 insriptioncs
1912 5769 2152 5833 epistolis.

591 5855 706 5900 οπε¹
767 5843 902 5912 Illi;
949 5839 1322 5909 πρεσϐυτέρῳ,
1358 5853 1407 5890 et
1450 5839 1688 5906 cpistola:
1725 5837 1845 5906 ρπξ⁹
1882 5838 2150 5910 Αὑξεντίῳ

2262 5481 2588 5552 ἡγουμένῳ.
2643 5478 2820 5552 media
2869 5485 2956 5533 est
3016 5477 3298 5552 inscriptio
3353 5479 3633 5552 Μακαρίῳ
3671 5486 3852 5550 μονά-

2255 5548 2420 5617 ξοντι,
2458 5548 2612 5620 ρπς’.
2645 5549 2756 5602 Etsi
2800 5558 2979 5602 autem
3017 5549 3313 5616 superioris
3347 5548 3634 5618 fragmenii
3672 5548 3852 5611 'voees

2256 5625 2458 5676 ultimae
2512 5627 2828 5688 repetantur
2852 5620 3006 5672 initio
3044 5620 3380 5686 posterioris,
3405 5635 3580 5689 eoque
3604 5622 3809 5677 videan
3827 5657 3850 5667 -

2254 5704 2342 5746 tur
2377 5701 2557 5759 partes
2588 5705 2709 5743 esse
2743 5690 2908 5743 unius
2939 5689 3291 5757 ejusdemque
3321 5691 3586 5758 epistolae,
3623 5695 3714 5746 cui
3750 5714 3848 5746 m-

2255 5765 2326 5816 Iul
2351 5763 2644 5814 admodum
2675 5759 2852 5833 desit;
2887 5769 3064 5810 tamen
3093 5775 3210 5833 quae
3233 5770 3558 5827 sequuntur,
3579 5762 3667 5816 vix
3697 5780 3834 5833 pos-

2253 5845 2371 5889 sent
2399 5847 2519 5886 cum
2555 5830 2927 5900 superioribus
2963 5831 3227 5885 sententia
3252 5833 3545 5887 cohaerere.
