3966 6470
229 351 376 419 1565

222 470 456 543 θεμιτὸν
481 479 575 532 καὶ
607 481 701 534 τὸν
744 487 976 556 τυχόντα
1004 488 1429 564 ἀποπέμπεσθαι
1463 514 1478 529 ο

218 565 544 664 όμόσχημον
600 577 695 630 καὶ
756 579 1062 654 ἐπισκοπῆς
1124 587 1296 658 ὄνομα
1355 565 1790 664 κεκληνρωμὲνον.

229 660 643 754 ᾚσμινίσαμεν
669 669 765 726 οὖν
810 675 892 730 ὅτι
921 677 1151 747 ὀψέποτε
1194 660 1519 754 ἀπενόσφισε

213 753 350 848 «iis,
381 757 640 848 ἑλόμενος
687 757 791 818 ὧδέ
828 785 930 821 που
961 773 1331 843 παρερῤίφθαι
1358 793 1371 808 ·
1400 753 1792 848 ύποϐἀλλοντες

212 839 385 896 αὐτὸν
411 847 507 899 καὶ
539 847 801 924 ἐπιτιμίῳ
829 839 1160 929 προσήκοντι
1185 839 1224 894 ’⁷
1259 862 1448 936 ὥσπερ
1485 839 1787 942 πεποιήκαί

211 947 316 1000 μεν
344 935 443 989 ἐπὶ
470 943 582 1003 τοῖς
610 943 810 1012 ὁμοίως
849 949 996 1021 αὐτῷ
1045 951 1293 1021 δράσασι.
1329 935 1438 1012 Καὶ
1463 962 1490 1013 ό
1524 935 1790 1025 Θεὸς-*τῶν

209 1026 625 1089 μετανοούντων
678 1033 820 1089 ἐστί.
871 1039 980 1092 Καὶ
1027 1041 1184 1097 τοῦτο
1230 1047 1457 1118 ἐναργὲς
1485 1049 1788 1122 ὑπόδειγμα

207 1117 510 1214 μετανοίας
552 1121 882 1195 ὲπεζήτηται
917 1130 1013 1183 καὶ
1056 1136 1188 1202 παρ’
1210 1117 1368 1206 ἡμῶν
1400 1140 1495 1193 καὶ
1524 1143 1661 1214 πρὸς
1683 1117 1787 1199 -άλ-

201 1200 313 1256 λων
339 1207 458 1262 τῶν
493 1212 762 1282 ξατρεύειν
808 1220 1247 1294 ἐπιτεταγμένων
1278 1229 1310 1299 ή
1339 1229 1431 1282 τοῦ
1463 1231 1787 1289 ὑποπεπτω-

201 1294 366 1398 κότος
417 1301 762 1374 ὑποχώρησις
810 1310 911 1380 τῆς
953 1294 1310 1388 ὲπισκοπῆςί
1345 1322 1437 1374 καὶ
1471 1318 1641 1395 εἷρξις
1681 1327 1783 1398 τῆς

204 1388 546 1490 ἱερουργίας,
580 1399 677 1452 σὺν
729 1403 988 1475 ἐπιτιμίῳ
1040 1407 1143 1472 ἕως
1190 1413 1386 1483 καιροῦ
1433 1388 1676 1490 εέρῆνης.

197 1476 293 1531 οὖν
339 1485 520 1538 ταῦτα
559 1487 906 1561 ὡμολόγηται
942 1496 1020 1567 τῷ
1060 1499 1214 1570 ἀνδρί
1246 1519 1260 1533 ο
1292 1476 1438 1570 τίνες
1459 1476 1783 1581 ἦμενυῆμετς

197 1571 560 1673 ἑποσείεσθαι
595 1579 709 1673 τὸν-
724 1585 1038 1653 προσιόντα,
1070 1591 1162 1644 καὶ
1189 1571 1573 1664 ἐχθραίνειννὲν
1606 1571 1780 1673 τέύτῴ

396 1666 488 1735 Μὴ
539 1669 624 1735 σὺ,
675 1665 720 1725 ὧ
752 1673 1042 1745 θαυμάσιε,
1089 1658 1302 1751 βαρέως
1345 1687 1532 1758 φέροιο
1577 1692 1672 1744 ἐπὶ
1699 1658 1778 1766 ﬂii

194 1752 358 1852 ανδρί
387 1775 400 1786 ·
434 1758 539 1811 κᾶν
581 1761 662 1814 ὅτι
689 1765 928 1834 μάλιστα
955 1769 992 1823 ἃ
1020 1770 1198 1840 λέγεις
1220 1752 1554 1848 πεπραγέναι
1585 1752 1771 1852 αὐτὸν,

192 1840 584 1903 ἀποδέδεικται
617 1852 794 1925 ἀληθῆ
826 1853 998 1914 εἶναι·
1037 1862 1158 1916 ἐπεὶ
1187 1840 1346 1935 ἡμεῖς
1375 1840 1499 1923 οὗτε
1529 1840 1772 1946 ἀκηκόαεῖ
1805 1845 1850 1901 Β

194 1950 298 2038 μεν
356 1937 466 2000 ἕως
508 1941 602 1996 τοῦ
643 1947 932 2017 παρόντος,
987 1952 1129 2019 οὔτε,
1180 1957 1229 2009 εἰ
1277 1960 1370 2012 καὶ
1427 1937 1767 2038 ἀκηκόαμεν,

191 2026 460 2098 κρίνομεν
488 2034 651 2088 αὑτὸν
703 2039 762 2091 ὲν
807 2040 1033 2106 τούτοις.
1080 2045 1392 2117 Γέγραπται
1429 2026 1574 2126 γάρ’
1606 2026 1701 2127 Ilii;

188 2117 380 2186 νόμος
399 2122 570 2190 ἡμῶν
591 2128 777 2194 κρίνει
799 2131 906 2185 τὸν
930 2133 1258 2203 ἄνθρωπον,
1286 2140 1398 2194 ἐὰν
1532 2117 1766 2218 ἀκούσῃ

189 2211 330 2302 παρ’
355 2216 546 2270 αὐτοῦ
599 2221 906 2288 πρότερον,
972 2226 1069 2279 καὶ
1109 2228 1231 2294 γνῷ
1286 2233 1346 2286 τί
1393 2211 1594 2302 ποιεῖ;
1657 2211 1767 2296 Καί

188 2301 357 2357 πάλιν
381 2306 412 2358 ό
453 2307 770 2377 Ἀπόστολος
797 2314 968 2383 λέγει·
999 2320 1162 2375 Κατὰ
1191 2301 1599 2396 πρεσϐυτέρου
1621 2350 1763 2388 κατ-

187 2395 446 2492 ηγοξίαν
481 2399 568 2468 μὴ
603 2404 979 2498 eumadd—gat),
1003 2409 1178 2479 ἐκτὸς
1205 2418 1257 2469 ει
1304 2419 1392 2486 μὴ
1423 2395 1522 2474 sui
1561 2423 1670 2478 δύο
1722 2427 1762 2498 ἢ

187 2482 372 2546 τριῶν
422 2491 757 2559 μαρτύρων.
800 2493 1033 2553 Ἔπειτα
1078 2503 1200 2556 οὐδὲ
1239 2507 1443 2562 τούτων
1475 2482 1761 2582 πρόκειταί

186 2571 351 2676 λόγος
383 2578 416 2648 ἢ
458 2578 675 2644 ἐξουσία
706 2584 800 2638 τοῦ
831 2588 1062 2659 κρίνειν
1086 2595 1221 2650 ἀλλὰ
1257 2601 1386 2671 περὶ
1409 2602 1504 2655 τοῦ
1522 2571 1757 2676 ’προσίεο

191 2665 317 2722 σθαι
344 2672 472 2732 τοὺς
501 2672 963 2745 ὑποπεπτωκότας
991 2685 1090 2756 τὴν
1123 2691 1412 2754 μετάνοιαν
1447 2709 1461 2724 ο
1496 2712 1758 2767 ταμιευο-

188 2759 377 2864 μένων
403 2763 512 2819 τῶν
556 2765 661 2819 ὑπὸ
703 2767 802 2840 τῆς
847 2775 1158 2847 τιμιότητός
1201 2798 1294 2833 σου
1343 2759 1756 2864 λελεγμένων,ῆ

182 2851 422 2907 ἐνταῦθα
473 2856 649 2929 καιρῷ
683 2859 761 2930 τῷ
799 2862 973 2916 δέοντι
1022 2869 1134 2930 τοῖς
1160 2851 1593 2949 προεστῶσι-τῆς
1635 2851 1758 2935 Ἐγκί

183 2943 458 3012 κλησίας,
499 2947 533 3018 ἢ
580 2950 640 3002 ὲν
679 2951 757 3021 τῷ
803 2954 1047 3023 μέλλοντι
1079 2959 1234 3014 αἰῶνι
1294 2964 1373 3036 τῷ
1428 2943 1588 3040 κριτῇ
1648 2973 1756 3027 τῶν

183 3036 466 3093 ἁπάντων.
499 3041 591 3094 Διὸ
639 3043 991 3113 συμϐουλεύω
1014 3052 1078 3121 τῇ
1137 3036 1480 3126 χρηστότητι-
1514 3036 1608 3114 σου
1645 3064 1753 3133 ὰφ-

1400 383 1937 449 EPISTOLARUM
2007 395 2154 459 LIB.
2192 399 2277 459 II.

3338 416 3472 480 1566

1515 500 1590 571 μὴ
1620 501 1701 555 ὃτι
1737 520 1798 572 γε
1825 504 1875 564 Δ
1901 523 2070 565 unum
2108 528 2140 568 e
2170 513 2355 570 multis
2377 518 2660 587 repellere,
2720 522 2920 578 nedum
2958 527 3202 596 ejusdem
3235 528 3467 587 instituti

1894 600 2093 667 virum,
2125 614 2178 660 et
2219 607 2530 679 episcopale
2585 627 2779 668 nomen
2810 615 3084 687 adeptum.
3120 620 3309 691 Itaque
3346 639 3470 694 gra-

1569 690 1794 746 ὲπισκο-
1892 693 2044 748 tulati
2078 711 2266 754 sumus
2309 702 2454 770 quod
2495 703 2867 774 episcopatum
2903 711 3118 764 tandem
3166 690 3456 782 abdica'rit,

1891 785 2091 854 eligens
2141 791 2226 844 vel
2256 792 2336 846 sic
2362 808 2465 861 pro
2514 796 2765 865 neglecto
2813 800 3028 855 haberi:
3063 803 3465 871 ipsumconve-

1890 875 2060 929 nienti
2121 894 2292 947 paenae
2323 883 2654 953 subjecimus
2686 903 2702 942 :
2738 892 3197 958 quemadmodum
3233 899 3450 966 egimus

1888 961 1941 1015 in
1989 964 2056 1018 iis
2077 968 2168 1035 qui
2201 970 2401 1024 similia
2431 984 2835 1044 perpetrarunt.
2868 979 3013 1034 Deus
3062 991 3241 1035 autem
3270 961 3462 1053 τι)ωηί-

1886 1056 2114 1110 tentium
2147 1069 2249 1115 est.
2280 1062 2347 1115 Et
2400 1063 2505 1120 hoc
2536 1066 2884 1123 manifestum
2939 1072 3270 1140 poenitentiae
3295 1090 3460 1146 argu-

1884 1154 2128 1202 mentum
2181 1153 2504 1219 requisitum
2563 1167 2647 1212 est
2696 1168 2809 1212 tum
2844 1175 2873 1213 a
2904 1161 3059 1217 nobis
3099 1170 3211 1216 tum
3262 1165 3331 1219 ab
3386 1165 3453 1219 iis

1884 1235 2082 1303 quibus
2115 1239 2250 1294 alios
2280 1245 2506 1299 sanandi
2535 1262 2667 1303 cura
2703 1251 3032 1306 demandata
3068 1265 3174 1320 est,
3199 1271 3323 1310 eum
3358 1259 3452 1328 qui

1883 1325 2068 1397 lapsus
2095 1341 2199 1394 est,
2220 1332 2288 1387 de
2314 1338 2628 1406 episcopatu
2655 1341 2845 1396 cedere
2870 1361 2884 1397 :
2913 1352 2966 1397 et
3001 1361 3031 1398 a
3061 1347 3233 1402 sacris
3256 1349 3450 1415 arceri,

1882 1432 2006 1472 eum
2036 1436 2195 1489 pmna
2221 1424 2500 1480 subeunda
2525 1444 2696 1497 usque
2723 1434 2789 1486 ad
2820 1443 3034 1503 tempus
3063 1438 3234 1505 pacis.
3263 1440 3319 1494 Si
3339 1442 3453 1497 haec

1881 1509 2064 1580 itaque
2091 1513 2176 1566 vir
2208 1515 2299 1570 ille
2329 1531 2438 1585 pne
2477 1534 2536 1574 se
2581 1532 2764 1589 aperte
2806 1525 2930 1579 tulit
2958 1545 2970 1579 :
3003 1529 3224 1596 quinam
3258 1546 3452 1588 sumus

1881 1618 1982 1658 nos
2011 1613 2072 1659 ut
2101 1607 2449 1663 accedentem:
2476 1614 2826 1680 repellamus,
2859 1626 2914 1670 et
2944 1619 2999 1671 in
3031 1619 3217 1674 odium
3242 1622 3448 1677 idcirco

1878 1690 1971 1745 Dei
2012 1692 2397 1751 incurramus?
2446 1697 2523 1752 Ne
2582 1708 2660 1763 tu,
2718 1703 2803 1756 vir
2849 1704 3190 1773 admirande,
3239 1710 3448 1767 homini

1876 1781 1952 1835 illi
1980 1798 2332 1850 succenseas,
2382 1788 2465 1842 vel
2497 1790 2542 1844 si
2586 1792 2848 1859 maxime,
2889 1810 3010 1864 qua:
3041 1798 3108 1851 ab
3143 1813 3210 1854 eo
3235 1810 3445 1870 patrata

1876 1890 2092 1940 narras,
2125 1893 2250 1932 vera
2285 1894 2406 1933 esse
2439 1892 2645 1936 conswt
2681 1900 2695 1936 :
2731 1885 3164 1957 quandoquidem
3213 1906 3313 1946 nos
3351 1909 3446 1948 ne-

1873 1978 1980 2034 que
2009 1966 2061 2018 in
2086 1966 2232 2021 hunc
2263 1968 2403 2023 diem
2437 1971 2743 2026 audivimus
2795 1991 2810 2026 ι
2851 1990 2973 2040 nec,
3023 1977 3151 2032 licet
3181 1982 3444 2038 audiisse-

1872 2069 2019 2118 mus,
2052 2055 2230 2124 ipsum
2259 2057 2432 2111 dehis
2457 2058 2788 2127 judicamns.
2821 2060 3094 2130 Scriptum
3125 2078 3210 2120 est
3255 2070 3442 2124 enim:

1871 2141 2129 2214 Nunquid
2158 2149 2241 2198 lea:
2268 2155 2452 2199 nostra
2478 2147 2689 2215 judicat
2717 2151 3142 2217 hominem,'nisi
3171 2158 3319 2223 prius
3342 2174 3442 2210 au-

1867 2235 2028 2287 dierit
2050 2234 2114 2287 ab
2140 2237 2274 2304 ipso,
2303 2249 2350 2289 et
2372 2240 2664 2307 cognoverit
2717 2242 2844 2309 quid
2869 2243 3035 2310 faciat
3076 2244 3172 2299 ⁸δῖ
3211 2248 3277 2302 Et
3314 2265 3440 2303 rur-

1866 2339 1988 2378 sum
2021 2324 2315 2394 Apostolus
2336 2328 2413 2382 ait
2443 2348 2458 2382 :
2499 2329 2764 2385 Aduersus
2822 2334 3177 2404 presbyterum
3210 2354 3437 2394 accusa-

1865 2417 2061 2471 tionem
2089 2419 2198 2471 noli
2231 2420 2478 2490 recipere,
2511 2423 2614 2476 nisi
2653 2422 2747 2477 sub
2788 2425 2991 2481 duobus
3043 2439 3134 2481 aut
3164 2431 3332 2485 tribus
3361 2443 3437 2486 te-

1861 2510 2031 2562 stibus
2059 2510 2126 2563 ¹⁸.
2178 2510 2388 2568 Deinde
2413 2529 2592 2583 neque
2625 2517 2770 2571 ratio
2809 2519 3050 2588 suppetit
3082 2522 3165 2577 vel
3192 2532 3434 2592 potestas

1859 2599 1928 2654 de
1968 2601 2052 2655 his
2079 2602 2381 2672 jndicandi,
2406 2606 2498 2660 sed
2524 2620 2618 2660 eos
2653 2607 2745 2677 qui
2787 2623 2847 2663 se
2896 2611 3224 2680 poenitentiae
3247 2615 3434 2685 subje-

1860 2692 2056 2758 cerint,
2087 2694 2404 2749 admittendi
2436 2714 2449 2750 :
2483 2698 2780 2752 reservatis
2816 2699 2885 2754 iis
2910 2716 3033 2769 qua:
3062 2715 3093 2754 a
3127 2704 3430 2759 reverentia

1860 2792 1952 2838 tua
1981 2795 2410 2840 commemorata
2443 2797 2592 2853 sunt,
2627 2791 2712 2844 vel
2745 2790 2799 2843 in
2835 2791 2937 2845 hac
2983 2793 3092 2846 vita
3123 2803 3431 2862 opportuno

1859 2881 2124 2943 tempore,
2149 2875 2453 2944 praepositis
2484 2875 2781 2942 Ecclesim;
2809 2879 2892 2933 vel
2933 2880 2986 2932 in
3013 2879 3198 2935 futuro
3227 2883 3429 2938 saeculo

1852 2962 2020 3032 judici
2058 2965 2322 3018 omnium.
2383 2963 2745 3030 Quamobrem
2799 2977 2991 3023 auctor
3058 2984 3179 3024 sum
3240 2973 3427 3041 pietati

1859 3064 1984 3119 tuas,
2025 3055 2265 3110 dimissis
2292 3056 2378 3110 his
2404 3060 2751 3111 sermonibus
2781 3075 2929 3114 nunc
2951 3060 3169 3129 quidem
3194 3062 3427 3119 Domino

181 3131 357 3200 εμένῃ
373 3129 484 3184 τῶν
500 3131 674 3201 λόγων
701 3137 924 3192 ἐκείνων
956 3143 1019 3194 ἐν
1045 3143 1122 3212 τῷ
1151 3147 1288 3209 τέως
1316 3150 1655 3221 εὐχαριστεῖν
1677 3129 1753 3226 τῷ

1861 3148 2059 3216 gratias
2081 3164 2240 3216 agere
2277 3149 2347 3203 ob
2387 3149 2485 3202 viri
2514 3151 2896 3219 paenitentiam
2930 3153 2974 3184 η
3004 3170 3020 3218 ;
3059 3163 3120 3208 ut
3147 3155 3428 3224 adjutores

183 3218 375 3290 Κυρίῳ
398 3216 497 3274 ἰπὶ
532 3226 596 3294 τῇ
626 3224 720 3279 τοῦ
754 3228 944 3300 ἀνδρὸς
980 3235 1258 3307 μετανοίᾳ·
1293 3216 1468 3302 dici-av
1499 3216 1750 3315 συνεργοὶ

1861 3235 1947 3291 Dei
2009 3239 2203 3303 simus,
2263 3241 2353 3308 qui
2421 3241 2534 3294 vult
2597 3256 2816 3297 omnem
2872 3243 3148 3299 hominem
3210 3247 3422 3301 salvum

181 3311 377 3383 εἴημεν
404 3314 522 3386 Θεῷ
556 3317 635 3388 τῷ
674 3320 912 3389 φιλοῦντι
939 3323 1205 3388 σώζεσθαι
1236 3331 1412 3384 πάντα
1434 3311 1745 3405 ἄνθρωπον·

181 3403 281 3456 κάν
335 3405 511 3479 τούτῳ
556 3412 808 3480 εἰρήνην
837 3414 1069 3484 ἔχωμεν
1098 3420 1248 3487 πρὸς
1291 3425 1475 3478 αὐτὸν
1515 3403 1611 3481 διὰ
1643 3430 1749 3485 τοῦ

180 3495 406 3563 Κυρίου
434 3496 604 3566 ἡμῶν
641 3501 835 3568 Ἰησοῦ
875 3506 1150 3573 Χριστοῦ.
1177 3510 1287 3563 Καὶ
1312 3513 1462 3578 τέλος
1489 3517 1620 3572 ὅταν
1651 3520 1748 3574 λά-

181 3585 280 3656 ϐῃς
334 3589 546 3657 καιρὸν,
576 3589 732 3662 εἴπερ
779 3595 873 3646 καὶ
907 3595 1107 3666 ζητεῖς,
1142 3600 1262 3652 τότε
1295 3605 1593 3677 εύθύτητας
1623 3612 1743 3681 κρί-

179 3693 307 3732 νοιο.
345 3679 421 3731 Τὸ
472 3679 530 3733 δὲ
575 3681 669 3734 νῦν
719 3685 1019 3758 προσεύχου
1055 3691 1179 3760 περὶ
1230 3694 1410 3762 ἡμῶν,
1475 3679 1745 3764 σώζεσθαι

176 3768 326 3839 ἡμᾶς
350 3766 496 3843 ψυχῇ
519 3789 578 3825 τε
619 3774 708 3826 καὶ
740 3776 949 3846 σώματι
984 3797 998 3809 ·
1024 3780 1105 3833 ὅτι
1126 3783 1496 3858 ὁμολογοῦμεν
1525 3793 1744 3847 πάντων

175 3862 479 3932 ἀνθρώπων
531 3867 969 3941 ἀμαρτωλότεροι
1011 3867 1170 3930 εἶναι.
1213 3876 1270 3928 '0
1318 3880 1522 3951 Κύριος
1571 3887 1600 3938 ὁ
1646 3887 1742 3957 ἁρ-

175 3955 534 4021 χιεπίσκοπος
612 3960 838 4015 πλεῖστά
909 3979 967 4016 σε
1043 3968 1436 4040 προσαγόρεύει
1474 4013 1487 4034 ,
1567 3992 1740 4046 προσο

174 4047 496 4118 αγορευθεὶς
556 4050 659 4104 ὑπὸ
686 4053 786 4122 τῆς
849 4055 1030 4126 φωνῆς
1084 4074 1177 4111 σου
1208 4075 1222 4090 ·
1274 4063 1397 4117 ἐπεὶ
1449 4067 1544 4120 καὶ
1601 4070 1740 4123 πάν-

173 4151 264 4199 τες
318 4138 370 4191 οῑ
427 4140 549 4210 μεθ’
580 4143 737 4213 ἡμῶν
789 4145 1026 4215 ἀδελφοί.
1093 4151 1344 4223 Ἐρῤωσο
1402 4157 1461 4210 ὲν
1525 4159 1737 4233 Κυρίῳ,

173 4228 392 4299 ἀδελφέ.

312 4361 462 4418 ΡΠΔν
489 4363 624 4438 (78).
653 4368 1028 4436 -Αὐξεντίφ
1053 4371 1382 4446 ἡγουμένῳ.
1407 4378 1592 4453 [evan]

1851 3329 1968 3381 ﬁeri
1998 3329 2038 3359 "
2074 3344 2088 3379 :
2121 3337 2175 3383 et
2202 3339 2427 3384 eatenus
2466 3347 2646 3395 pacem
2697 3332 2983 3387 habeamus
3009 3335 3080 3388 ad
3128 3336 3298 3403 ipsum
3332 3353 3426 3406 per

1853 3419 2138 3473 Dominum
2193 3430 2431 3474 nostrum
2482 3421 2669 3476 Iesum
2728 3422 2997 3478 Christum
3057 3426 3121 3479 ¹⁸.
3175 3425 3423 3496 Denique

1850 3526 1973 3564 cum
2010 3514 2286 3582 acceperis
2325 3522 2562 3583 tempus,
2593 3515 2864 3585 siquidem
2896 3517 3002 3572 hoc
3030 3517 3253 3587 qnmris,
3285 3529 3420 3573 tunc

1845 3600 2087 3669 justitias
2110 3602 2380 3670 judicabis
2403 3605 2470 3657 ¹⁹.
2498 3602 2556 3657 ln
2586 3605 2844 3673 praesenti
2865 3619 2998 3660 vero
3024 3622 3120 3675 pro
3141 3607 3299 3662 nobis
3319 3623 3417 3662 ora

1849 3703 1908 3745 ut
1938 3692 2072 3745 salvi
2106 3700 2216 3745 tum
2255 3694 2438 3746 animo
2466 3703 2577 3747 tum
2637 3708 2866 3764 corpore
2896 3697 3107 3750 simus:
3141 3713 3268 3751 nam
3323 3713 3418 3754 su-

1848 3800 1942 3852 pra
1994 3785 2256 3839 mortales
2314 3799 2507 3840 omnes
2564 3800 2667 3840 nos
2726 3796 3040 3854 peccatores
3073 3789 3409 3858 proﬁtemur.

1846 3873 2110 3928 Dominus
2137 3875 2580 3945 archiepiscopus
2609 3875 2900 3946 plurimam
2933 3879 3031 3933 tibi
3076 3881 3308 3936 salutem
3331 3883 3417 3939 di-

1845 3967 1942 4031 cit,
1974 3981 2137 4034 quem
2165 3975 2220 4019 et
2259 3976 2352 4021 tuo
2403 3967 2621 4022 nomine
2657 3968 3016 4026 salutavimus
3054 3990 3067 4025 :
3110 3973 3303 4027 deinde
3359 3985 3416 4030 et

1843 4069 2036 4108 omnes
2060 4052 2154 4124 qui
2173 4054 2460 4109 nobiscum
2492 4065 2622 4112 sunt
2649 4054 2866 4112 fratres.
2903 4056 3036 4114 Vale
3063 4060 3120 4114 in
3156 4058 3408 4123 Domino.

1840 4143 2029 4198 frater.

2094 4386 2420 4442 CLXXXIV.
2447 4420 2518 4432 -—
2547 4390 2809 4444 Auxentio
2841 4395 3141 4462 praeposito.

1181 4509 1465 4572 Respondet
1486 4518 1547 4565 ad
1566 4524 1797 4580 quasdam
1821 4525 1931 4587 ejus
1953 4521 2389 4586 interrogationes.

236 4605 309 4658 Τὸ
343 4605 443 4675 μὲν
483 4601 718 4674 γράμμα
768 4605 867 4675 τῆς
912 4606 1234 4677 τιμιότητός
1285 4629 1378 4666 σου
1410 4614 1731 4689 ἐδεξάμεθα,

1909 4624 2145 4679 Litteras
2177 4623 2606 4681 honoriﬁcentia
2646 4635 2753 4681 tua:
2776 4628 3110 4698 accepimus,
3144 4637 3198 4684 et
3225 4633 3401 4701 quoad

169 4697 261 4748 καὶ
309 4695 388 4759 ὡς
431 4691 501 4765 ἦν
546 4697 675 4766 ἡμῖν
707 4697 929 4752 δυνατὸν
975 4700 1319 4772 ἐπήλθομενο
1351 4705 1420 4759 τὰ
1472 4710 1569 4778 μὲν
1607 4716 1732 4767 καθ’

169 4787 323 4857 ήμῶν
374 4788 623 4858 ἐγκώμια
661 4790 991 4861 πορρωτέρω
1038 4791 1275 4862 θέμενοι,
1321 4796 1396 4860 ὡς
1441 4800 1541 4853 οὐκ
1568 4803 1734 4868 ἀξίων

167 4881 615 4950 ἐγκωμιαστικῆς
667 4882 775 4934 οὐδ’
809 4884 943 4948 ὅλως
1010 4887 1340 4956 ἐμφάσεως·
1393 4894 1474 4947 ὅτι
1517 4897 1591 4969 μὴ
1640 4902 1732 4954 καὶ

165 4973 609 5042 κατηγορητικῆς
627 4974 826 5042 μᾶλλον
847 4976 1226 5046 ὲπισκώψεως.
1255 4983 1410 5049 Τίνες
1431 4986 1536 5057 γὰρ
1567 4991 1731 5051 ἐσμὲν

168 5063 322 5132 ἡμεῖς
350 5067 399 5117 οἱ
437 5065 646 5135 ἀχρείοι
668 5107 683 5130 ,
713 5069 807 5121 καὶ
843 5070 961 5122 οὐδὲ
993 5072 1256 5140 ὀνόματος
1284 5073 1423 5140 ἄξιοι
1451 5073 1511 5131 οὗ
1540 5079 1726 5134 ἐπικε-

167 5155 446 5226 κλήμεθα;
501 5158 644 5228 Πρὸς
689 5159 744 5211 δὲ
794 5159 862 5215 τὰ
906 5148 1305 5234 ὲπιζητηθὲντα
1340 5184 1423 5220 σοι
1458 5171 1728 5236 κεφάλαια

166 5246 436 5316 ι’ραφικὰ,
474 5249 616 5302 πάνυ
646 5250 1013 5321 ἐξενίσθημεν,
1048 5255 1129 5307 ὄτι
1160 5256 1256 5308 καὶ
1281 5258 1416 5328 πρὸς
1439 5262 1471 5329 ἡ
1483 5260 1597 5327 μῶν
1618 5266 1728 5317 τῶν

161 5339 391 5407 ἀμαθῶν
427 5341 459 5411 ή
487 5339 765 5412 ἐξήγησις,
793 5347 951 5414 καίγε
978 5349 1107 5416 περὶ
1133 5348 1389 5404 τοιούτων
1413 5354 1722 5423 ἐμφάσεων,

236 5546 277 5576 ¹δ
303 5545 464 5602 Joan.
491 5563 585 5613 vn,
615 5549 701 5603 5i.

165 5626 342 5678 ιχιιν,
379 5618 429 5671 5.

821 5549 863 5581 ⁸⁸
894 5551 912 5604 1
940 5551 1080 5609 Tim.
1105 5571 1159 5621 ν,
1194 5558 1278 5614 l9.
1358 5560 1402 5591 ¹⁸
1436 5557 1633 5617 Ezech.
1666 5579 1857 5628 χχχιιι,
1889 5565 1974 5618 ll.

1838 4715 2106 4784 integrum
2145 4715 2302 4771 nobis
2331 4717 2433 4772 fuit
2465 4717 2721 4788 legimus.
2742 4722 3008 4775 encomiis
3047 4723 3250 4778 nostris
3275 4739 3403 4793 pro-

1833 4807 1921 4862 cul
1950 4806 2223 4874 sepositis,
2262 4810 2432 4877 utqui
2466 4809 2860 4865 encomiastica
2895 4811 3208 4867 laudatione
3247 4814 3398 4884 digni

1835 4899 1986 4953 nullo
2015 4899 2178 4952 modo
2211 4915 2426 4966 sumus,
2461 4902 2554 4955 sed
2594 4903 2938 4958 accusatoria
2970 4905 3150 4972 potius
3197 4920 3397 4975 expro-

1835 4990 2102 5044 bratione.
2137 4989 2368 5054 Quinam
2407 4991 2551 5044 enim
2580 5007 2770 5046 sumus
2802 5007 2901 5046 nos
2930 4993 3173 5058 inutiles,
3203 5010 3272 5049 ne
3298 5011 3401 5050 no-

1837 5082 1984 5136 mine
2014 5082 2230 5150 quidem
2258 5082 2404 5150 digni
2431 5097 2537 5152 quo
2568 5085 2993 5152 nuncupamur?
3029 5085 3108 5139 Ad
3150 5085 3236 5138 illa
3269 5101 3399 5141 vero

1836 5171 2139 5241 Scriptum
2167 5174 2347 5243 capita
2371 5175 2439 5228 de
2467 5175 2667 5244 quibus
2697 5175 3074 5246 interrogasti,
3104 5178 3399 5232 vehemen-

1835 5275 1916 5317 ter
1968 5266 2371 5334 obstupuimus,
2412 5265 2558 5335 quod
2601 5281 2632 5319 a
2685 5268 2844 5322 nobis
2877 5267 3108 5324 indoctis
3142 5269 3396 5328 facienda

1834 5355 1905 5410 sit
1926 5357 2221 5421 enarratio,
2245 5358 2534 5426 etquidem
2563 5372 2890 5412 arcanorum
2920 5359 3214 5428 ejusmodi,
3246 5376 3388 5431 quo-

3169 5572 3212 5605 ¹⁹
3241 5572 3386 5626 Psal.

2088 5566 2130 5598 "’
2163 5565 2182 5619 ι
2214 5567 2352 5622 Tim.
2397 5585 2456 5632 ιι,
2486 5568 2538 5623 4.
2651 5570 2692 5601 ’⁸
2717 5567 2875 5626 Rom.
2913 5585 2964 5637 v,
3001 5571 3052 5625 l.

1653 5723 1881 5779 ΝΟΤΑΞ.

235 5777 340 5838 (78)
374 5777 429 5832 1η
465 5780 586 5835 cod.
621 5779 751 5852 Reg.
785 5787 912 5854 ρπζ.
