3966 6452
511 329 647 392 1567

1656 345 1717 405 8.
1755 345 2149 405 THEODORI
2200 346 2544 407 STUDIT/E

3618 338 3759 404 1568

502 459 626 497 rum
654 443 973 503 dilucidatio
1001 450 1069 504 ad
1095 451 1310 509 divinos
1336 465 1546 511 tantum
1588 456 1913 527 interpretes
1952 475 2073 528 per-

2184 458 2214 513 θ.
2260 459 2453 530 ἀνήκει
2486 458 2667 528 μόνοις
2693 459 2802 521 τοῖς
2845 455 3129 527 θεοφόροις
3158 452 3578 520 διαλευκαίνειν,
3625 449 3765 525 παρ’

507 535 696 602 tiueat,
731 553 759 592 a
793 539 994 608 quibus
1017 542 1135 613 jam
1179 546 1325 600 edita
1350 557 1435 603 est
1467 548 1783 615 declaratio,
1814 552 2079 605 maxime-

504 641 612 693 que
640 627 709 681 ad
745 630 969 685 verbum
1001 647 1031 687 a
1070 650 1265 705 magno
1292 646 1345 692 et
1372 638 1562 693 divino
1589 639 1811 695 Basilio.
1850 640 2082 711 Sumpto

505 715 668 784 igitur
726 725 1125 779 commentario
1160 727 1277 792 ejus
1306 730 1496 786 codice
1534 733 1586 785 iu
1637 731 1853 799 Isaiam,
1903 736 2081 791 disces

503 822 626 873 quae
645 808 945 879 desideras;
967 819 1267 882 praesertim
1287 836 1412 875 cum
1427 823 1674 892 epistola:
1693 826 1912 879 modum
1927 843 1988 881 ex
1998 826 2082 879 ce-

503 896 1045 971 dat;qu:eiulegram
1080 909 1438 978 scriptionem
1458 914 1646 984 exigit,
1672 916 1860 968 talium
1894 932 2077 971 rerum

504 988 854 1056 disceptatio.
883 993 1040 1060 Quod
1074 1014 1202 1052 vero
1244 1000 1327 1054 ais
1360 1005 1696 1071 prOpositam
1726 1020 1849 1060 esse
1877 1005 2079 1062 Judaeis

504 1081 797 1138 verborum
835 1089 1246 1145 contentionem
1281 1111 1294 1146 :
1328 1095 1448 1149 sine
1477 1094 1950 1158 Christomachos.
1972 1098 2077 1153 Pa-

506 1181 647 1229 trum
676 1178 902 1244 optime,
932 1179 1176 1235 furereiu
1201 1186 1708 1252 seipsos.Quienim
1733 1189 1902 1257 ipsius
1916 1190 2079 1245 Chri-

503 1266 595 1328 sti,
625 1268 862 1324 veri‘Dci
880 1272 1075 1335 nostri,
1108 1274 1412 1330 doctrinam
1439 1279 1811 1346 exploseruut,
1837 1281 1928 1350 qui
1954 1297 2078 1351 apo-

503 1358 773 1412 stolorum
816 1371 1086 1430 praecepta
1137 1366 1478 1433 repulerunt,
1506 1368 1595 1436 qui
1633 1371 1878 1424 omnium
1917 1372 2077 1426 deui-

505 1464 615 1518 que
645 1450 958 1506 divinorum
995 1452 1215 1508 Patrum
1234 1457 1374 1511 celsa
1399 1459 1614 1528 eloquia
1632 1460 1883 1517 detestati
1912 1474 2073 1530 sunt;

505 1540 646 1594 haud
664 1556 797 1595 sane
814 1546 1101 1599 conveniat
1120 1563 1243 1599 cum
1259 1548 1343 1602 his
1362 1552 1757 1613 ambulare,aut
1770 1568 2075 1611 sermonem

505 1631 779 1685 conferre.
799 1632 968 1688 Sinite
997 1635 1139 1697 illos.
1169 1637 1247 1691 ait
1277 1637 1565 1702 Dominus,
1590 1646 1713 1697 cazci
1745 1656 1868 1699 sunt
1905 1648 1974 1700 ’⁵.
2012 1650 2078 1703 Ει

505 1724 769 1793 propheta
799 1727 875 1779 ait
907 1743 921 1780 :
972 1726 1093 1780 Non
1118 1739 1196 1782 est
1237 1731 1493 1799 gaudium
1528 1736 1729 1805 impiis,
1774 1739 1909 1791 dixit
1968 1740 2079 1793 Do-

504 1817 683 1869 minus
712 1816 779 1871 ²¹.
818 1815 1189 1888 Praeterquam
1220 1825 1364 1875 enim
1395 1826 1541 1893 quod
1590 1828 1724 1881 nihil
1756 1831 2079 1898 juvaremur
2109 1799 2151 1853 Β

502 1921 571 1960 ex
601 1922 791 1962 eorum
825 1910 1135 1980 colloquio;
1167 1929 1267 1969 nos
1296 1913 1445 1984 ipsos
1474 1923 1752 1974 venenatis
1778 1923 1957 1976 verbis
1982 1939 2075 1977 ve-

503 1997 584 2052 lut
629 2001 966 2069 serpentium
1028 2004 1211 2059 aﬂlatu
1254 2005 1598 2064 laederemus.
1656 2012 1796 2066 Deus
1849 2025 2075 2071 conteret

502 2090 682 2145 dentes
704 2108 885 2145 eorum
904 2095 959 2145 in
985 2111 1073 2148 ore
1097 2098 1332 2163 ipsorum
1352 2114 1370 2151 :
1390 2101 1558 2153 molas
1588 2102 1793 2156 leonum
1822 2107 2077 2176 confregit

507 2180 766 2234 Dominus
798 2185 867 2239 υ.
903 2183 1190 2240 Suiliciant
1222 2189 1334 2243 haec
1368 2191 1485 2246 tibi.
1527 2194 1663 2258 Quid
1705 2205 1884 2250 autem
1919 2201 2076 2254 nobis

504 2276 816 2329 necessario
845 2277 1213 2345 praestandum
1239 2290 1342 2345 est,
1373 2290 1432 2334 ut
1465 2283 1776 2350 placeamus
1806 2288 2080 2343 Domino?

503 2362 624 2429 Quo
653 2377 813 2434 paCto
842 2367 1045 2422 diaboli
1094 2370 1323 2440 laqueos
1360 2370 1719 2441 eﬂugieuius‘l
1748 2378 2000 2433 nimirum
2032 2382 2080 2436 si

503 2457 700 2525 spiritu
762 2467 1023 2527 tanquam
1071 2461 1173 2516 alis
1243 2463 1615 2532 sublevemur,
1685 2481 1805 2535 qua:
1864 2484 2078 2526 sursum

505 2558 634 2602 sunt
672 2560 1002 2617 querentes,
1056 2569 1179 2622 quae
1219 2571 1437 2611 sursum
1480 2566 1608 2612 sunt
1663 2560 1959 2628 sapientes,
1988 2564 2080 2618 ubi

503 2640 760 2696 Christus
782 2644 942 2698 estin
977 2645 1202 2700 dextera
1237 2646 1331 2701 Dei
1360 2649 1556 2704 sedens
1584 2651 1630 2681 “
1656 2666 1669 2704 :
1700 2651 1845 2707 unde
1864 2662 1918 2708 et
1946 2670 2078 2710 ven-

504 2742 662 2788 turus
683 2742 769 2788 est
796 2749 921 2789 cum
944 2736 1155 2803 angelis
1183 2740 1408 2795 virtutis
1432 2757 1546 2796 sua:
1570 2743 1624 2797 in
1659 2744 1878 2802 ﬂamma
1911 2748 2076 2820 ignis,

502 2824 796 2879 vindictam
852 2824 1093 2881 inferens
1121 2826 1189 2881 iis
1232 2828 1326 2898 qui
1359 2846 1461 2884 non
1512 2847 1776 2891 noverunt
1803 2837 1993 2906 Deum,
2027 2852 2082 2896 et

503 2914 597 2984 qui
644 2932 753 2969 non
785 2918 1050 2972 obediuut
1087 2918 1383 2991 Evangelio
1414 2921 1536 2992 ejus
1563 2924 1648 2991 ";
1704 2928 1807 2982 hoc
1839 2941 1924 2985 est
1981 2930 2080 2986 Ju-

503 3005 658 3067 dazis,
682 3014 736 3059 et
760 3009 855 3076 qui
886 3014 1236 3067 consentiunt
1264 3011 1493 3080 Iudaeis,
1522 3022 1615 3069 aut
1646 3022 1996 3086 perversione
2018 3024 2081 3078 ti-

504 3097 592 3153 dei
621 3105 716 3153 aut
738 3101 863 3155 vitae
895 3102 1182 3170 pravitate.

2178 545 2252 606 ὧν
2282 551 2378 604 καὶ
2406 553 2438 623 ή
2472 550 2799 619 διασάφησις
2838 545 3085 615 ἐγεγόνει
3107 561 3123 579 ο
3157 545 3318 613 καίγε
3345 543 3582 614 μάλιστα
3611 547 3762 598 κατὰ

2178 644 2321 711 λέξιν
2351 645 2455 698 ὑπὸ
2491 642 2584 696 τοῦ
2636 639 2871 713 μεγάλου
2906 639 3002 693 καὶ
3031 638 3177 692 θείου
3206 636 3511 692 Βασιλείου.
3562 636 3762 691 Λαϐὼν

2182 736 2270 789 οὑν
2292 735 2351 787 τὸ
2380 735 2458 797 είς
2488 734 2578 786 τὸν
2614 732 2841 785 Ἡσαΐαν
2871 728 3267 801 ἑρμηνευτικὸν
3295 728 3463 782 αὐτοῦ
3503 729 3759 792 πυκτίον,

2183 826 2399 895 μαθήσῃ
2432 823 2500 877 τὰ
2532 821 2967 892 ἐπιζητούμενα’
2999 820 3175 883 ἄλλως
3210 835 3272 871 τε
3302 819 3385 871 ὅτι
3410 817 3508 871 καὶ
3557 819 3762 888 μέτρον

2180 917 2495 986 ὑπερϐαίνει
2526 915 2835 985 ἐπιστολῆς,
2867 914 2996 985 ὅλης
3050 911 3377 983 συγγραφῆς
3430 910 3662 981 δεομένη
3725 912 3760 981 ή

2178 1010 2287 1061 τῶν
2310 1008 2565 1061 τοιούτων
2589 1006 2885 1075 ἐπίκρισις.
2929 1005 3073 1075 Πρὸς
3105 1004 3164 1057 δὲ
3209 1005 3292 1058 ὅτι
3332 1005 3445 1065 τοίς
3479 1002 3762 1066 Ἰουδαίοις

2178 1100 2481 1171 λογομαχία
2501 1099 2821 1169 πρόκειται·
2856 1096 2919 1151 ἔα
2945 1096 3072 1159 τοὺς
3095 1095 3536 1167 Χριστομὰχους,
3565 1088 3614 1148 ὧ
3646 1095 3731 1146 [Ια

2178 1194 2351 1263 τὲρων
2388 1193 2600 1261 ἄριστε,
2652 1190 2852 1259 λυττᾷν
2908 1189 2990 1251 εἰς
3043 1185 3291 1248 ἑαυτούς.
3344 1186 3409 1239 Oi.
3440 1184 3550 1253 γὰρ
3592 1183 3761 1237 αὑτοῦ

2179 1282 2414 1354 Χριστοῦ
2442 1281 2534 1335 τοῦ
2573 1280 2827 1351 ἀληθινοῦ
2857 1278 2993 1332 Θεοῦ
3021 1277 3178 1347 ήμῶν
3203 1276 3303 1339 τὰς
3332 1276 3552 1345 διδαχὰς
3583 1275 3764 1347 ἀπορ-

2182 1378 2528 1447 ῥαπίσαντες,
2568 1373 2667 1435 τὰς
2703 1388 2763 1424 τε
2811 1371 2919 1424 τῶν
2951 1369 3268 1423 ἀποστόλων
3296 1367 3577 1438 ὑποθήκας
3622 1384 3767 1435 παρ-

2179 1472 2470 1538 ωσάμενοι,
2495 1469 2590 1522 καὶ
2622 1464 2929 1536 συλλήϐδην
2960 1464 3181 1518 πάντων
3212 1461 3324 1516 τῶν
3347 1461 3629 1531 θεοφόρων
3667 1461 3766 1521 τὰς

2179 1561 2477 1632 ὑψηγορίας
2537 1557 2919 1628 βδελυξάμενοι
2959 1573 2977 1588 ο
3031 1555 3195 1626 σχολῇ
3242 1556 3295 1622 γ’
3332 1554 3398 1608 ἂν
3466 1553 3559 1622 ὑφ’
3605 1552 3767 1624 ήμῶν

2186 1654 2384 1715 αὐτοὺς
2435 1651 2766 1719 ὁδηγεῖσθαι,
2826 1649 2860 1720 ἢ
2928 1648 3202 1714 συναίρειν
3257 1644 3436 1713 λόγον,
3493 1644 3763 1712 καθῆκον.

2183 1746 2389 1812 Ἄφετε
2422 1743 2663 1807 αὐτοὺς,
2688 1744 2717 1795 ὁ
2767 1740 2969 1812 Κύριος
2999 1734 3143 1803 εἷπε,
3175 1738 3394 1806 τυφλοί
3419 1738 3561 1790 εισι.
3594 1738 3707 1790 Καὶ
3736 1736 3768 1787 ό

2184 1837 2476 1905 Προφήτης
2506 1835 2671 1903 φησίν
2697 1848 2712 1863 °
2759 1834 2883 1885 Οὐκ
2919 1832 3049 1885 ἐστι
3076 1829 3309 1898 χαίρειν
3335 1827 3460 1893 τοῖς
3483 1827 3765 1892 ἀσεϐέσι,

2185 1927 2351 1995 λέγει
2384 1927 2616 1993 Κύριος.
2647 1920 2923 1993 Πρὺς“γὰρ
2947 1921 3025 1991 τῷ
3056 1921 3222 1992 μηδὲν
3254 1918 3583 1987 ὠφελεῖσθαι
3609 1921 3671 1973 ὲν
3696 1921 3765 1989 τῇ

2184 2019 2431 2090 συμϐολῇ
2490 2016 2585 2070 τοῦ
2638 2016 2819 2084 λόγου,
2875 2016 2971 2070 καὶ
3022 2015 3250 2077 ἑαυτοὺς
3306 2012 3770 2084 παραὸλὰψοιμεν

2181 2117 2293 2176 τοῖς
2334 2111 2562 2173 ίοὸόλοις
2600 2110 2830 2181 ῥήμασι,
2859 2110 3013 2178 δίκην
3037 2108 3213 2174 ὄφεως
3252 2109 3765 2176 φαρμακευόμενοι.

2192 2202 2247 2254 Ὁ
2306 2202 2449 2265 Θεὸς
2494 2198 2814 2268 συντρίψει
2873 2196 3015 2261 τοὺς
3062 2195 3315 2258 ὀδόντας
3346 2192 3547 2244 αὐτῶν
3585 2193 3660 2244 ἐν
3687 2190 3772 2256 τῷ

2181 2294 2430 2361 στόματι
2463 2291 2662 2345 αὐτῶν
2690 2305 2704 2319 '
2753 2290 2862 2353 τὰς
2895 2287 3096 2357 μύλας
3142 2283 3262 2338 τῶν
3311 2283 3580 2337 λεόντων
3611 2298 3770 2336 συν-

2180 2386 2445 2442 ἐθλασεν
2491 2387 2524 2438 ὁ
2572 2385 2809 2451 Κύριος.
2862 2378 3194 2435 Ἰκανούσθω
3251 2394 3334 2430 σοι
3376 2373 3573 2428 ταῦτα,
3609 2376 3677 2428 Τί
3712 2376 3772 2429 δὲ

2181 2475 2531 2544 ὀφειλόμενον
2559 2474 2692 2544 ήμῖν
2735 2472 2793 2538 ἐξ
2834 2468 3158 2537 ἀναγκαίου,
3191 2468 3341 2529 ὅπως
3377 2464 3771 2535 εὑαρεστήσω-

2186 2584 2283 2637 μεν
2313 2566 2391 2637 τῷ
2430 2565 2657 2635 Κυρίῳ;
2692 2563 2817 2626 Πῶς
2861 2558 3263 2630 διαφευξόμεθα
3317 2556 3416 2619 τὰς
3450 2556 3637 2622 πάγας
3670 2556 3772 2608 τοῦ

2181 2658 2462 2723 διαϐόλους
2514 2655 2765 2727 Δηλονότι
2816 2654 3112 2723 ὑπόπτεροι
3157 2650 3233 2721 τῷ
3278 2647 3552 2719 πνεύματι
3580 2647 3774 2714 γιγνό-

2187 2769 2356 2823 μενοι,
2406 2750 2477 2803 τὰ
2514 2750 2627 2804 ἄνω
2680 2746 2991 2816 ζητοῦντες,
3030 2744 3101 2797 τὰ
3136 2742 3248 2796 ἄνω
3299 2738 3653 2811 φρονοῦντες,
3705 2734 3773 2792 οῦ

2182 2845 2212 2897 ό
2269 2840 2504 2911 Χριστός
2565 2841 2734 2901 ἐστιν,
2794 2838 2851 2889 ὲν
2910 2833 3059 2905 δεξιᾷ
3106 2833 3200 2887 τοῦ
3238 2832 3374 2885 Θεοῦ
3429 2829 3769 2900 καθήμενος·

2184 2937 2278 3004 ἀφ’
2305 2927 2367 2988 οῦ
2420 2934 2515 2984 καὶ
2558 2930 2677 3000 ἥξει
2726 2931 2842 2999 μετ’
2877 2928 3126 2997 ἀγγέλων
3176 2926 3457 2995 δυνάμεως
3502 2922 3674 2976 αὑτοῦ
3709 2924 3773 2975 ὲν

2187 3026 2323 3097 πυρὶ
2382 3022 2579 3092 φλογός
2604 3038 2620 3053 ο
2673 3022 2906 3085 διδόντος
2965 3020 3245 3090 ἐκδίκησιν
3303 3020 3418 3079 τοῖς
3474 3016 3551 3085 μὴ
3598 3013 3771 3067 εἰδόσι

2106 3109 2148 3165 C
2181 3118 2338 3180 Θεὸν,
2367 3115 2605 3173 καὶτοῖς
2664 3112 2739 3181 μὴ
2790 3110 3124 3166 ὑπακούουσι
3172 3108 3251 3179 τῷ
3292 3105 3616 3177 Εὑαγγε).ίῳ
3644 3106 3715 3157 αὑ

503 3190 623 3258 τοῦ,
686 3193 856 3263 ήγουν
924 3194 1219 3263 Ἰουδαίοις,
1257 3198 1351 3251 καὶ
1382 3200 1436 3252 εί
1458 3216 1570 3254 τισι
1598 3201 1906 3275 σύμφροσιν
1947 3207 2235 3278 Ἰουδαίων,
2262 3207 2526 3264 καὶκατὰ
2568 3206 2804 3268 πίστεως
2867 3204 3214 3275 διαστροφὴν,
3276 3204 3371 3255 καὶ
3434 3201 3582 3255 κατὰ
3650 3200 3772 3271 βίου

508 3285 897 3356 στρεσλότητα.

581 3379 706 3435 ΙΙῖΕΟ
741 3381 1024 3443 meditare,
1048 3396 1082 3435 ο
1122 3381 1319 3447 amice,
1353 3382 1408 3436 in
1444 3382 1529 3438 his
1553 3384 1768 3449 insiste,
1809 3397 1867 3441 ut
1896 3389 2080 3458 profe-

509 3478 632 3522 ctus
682 3479 807 3523 tuus
848 3469 1176 3524 manifestus
1218 3472 1289 3525 sit
1342 3471 1395 3525 in
1429 3473 1705 3527 omnibus.
1742 3474 2002 3532 Hortatur
2031 3490 2083 3535 te

509 3557 713 3611 Paulus
760 3573 991 3628 magnus
1051 3574 1227 3627 praeco
1284 3561 1584 3615 veritatis:
1636 3560 1844 3615 Stultas
1905 3578 2083 3620 autem

510 3652 845 3719 quastiones,
895 3662 943 3703 et
977 3649 1328 3720 genealogias,
1371 3660 1421 3704 et
1465 3654 1845 3716 contentiones,
1886 3665 1935 3707 et
1983 3673 2084 3725 pu-

512 3758 645 3811 gnas
670 3740 923 3796 Judaicas
973 3743 1145 3795 devita
1167 3743 1233 3795 ".
1260 3742 1330 3796 Ut
1360 3754 1540 3798 autem
1572 3745 1623 3798 in
1662 3762 1876 3801 summa
1906 3747 1972 3801 de
2018 3750 2085 3804 iis

513 3850 638 3902 qua:
680 3835 1011 3902 proposuisti
1066 3836 1530 3903 respondeamus,
1575 3844 1749 3891 totum
1790 3854 2085 3909 argumen-

515 3936 629 3980 tum
657 3927 973 3996 prophctice
1004 3928 1070 3981 de
1100 3928 1333 3980 adventu
1377 3936 1461 3981 est
1492 3929 1705 3983 Domini
1752 3932 1923 3984 nostri
1955 3929 2085 3985 Jesu

513 4018 719 4072 Christi
760 4037 773 4072 :
814 4020 866 4072 in
923 4034 1033 4088 quo
1081 4028 1135 4074 et
1185 4020 1419 4090 populus
1462 4020 1555 4089 qui
1611 4023 1874 4090 expulsus
1928 4030 2083 4086 erat,

513 4112 806 4165 restitutus
853 4121 959 4175 est,
992 4127 1019 4163 a
1053 4122 1288 4179 quatuor
1330 4112 1453 4166 aliis
1502 4128 1594 4166 seu
1630 4114 1875 4180 partibus
1908 4125 2085 4180 terrae,

513 4210 569 4256 et
604 4202 749 4272 quod
780 4203 835 4254 in
864 4203 1107 4255 manibus
1137 4203 1387 4271 descripti
1420 4215 1541 4257 sunt
1587 4207 1726 4256 muri
1752 4206 1796 4237 ’⁸
1825 4222 1976 4261 novae
2003 4205 2091 4261 Je-

513 4293 775 4354 rusalem,
809 4294 990 4348 crucis
1020 4294 1331 4362 passionem
1377 4292 1669 4363 signiﬁcat.
1706 4294 1886 4350 Clavis
1917 4297 2089 4366 siqui-

514 4384 638 4438 dem
670 4400 865 4440 mauus
900 4394 1121 4440 sanctas
1154 4386 1425 4450 conﬁxus,
1458 4386 1711 4440 homines
1744 4388 1971 4441 retrahit
2017 4388 2086 4441 ab

514 4476 810 4533 immodica
850 4478 1059 4546 peccati
1111 4478 1429 4541 aﬂ‘ectioue,
1481 4489 1535 4533 et
1583 4480 1863 4549 speciosus
1916 4481 2091 4535 reddit

2258 3382 2446 3437 Ταῦτα
2479 3379 2705 3450 μελέτα,
2737 3371 2782 3431 ὧ
2810 3378 2931 3441 τᾶν,
2967 3378 3022 3429 ὲν
3044 3378 3257 3441 τούτοις
3299 3376 3408 3431 ἴσθι
3430 3393 3444 3408 ο
3478 3377 3568 3430 ἵνα
3605 3393 3703 3429 σου
3734 3378 3774 3447 ἡ

2183 3474 2435 3545 προκοπὴ
2458 3471 2668 3542 φανερὰ
2764 3472 2821 3523 ὲν
2847 3470 3003 3522 πᾶσι.
3039 3469 3476 3539 Παρακελεύεταί
3506 3486 3589 3521 σοι
3620 3468 3775 3521 Παῦ-

2182 3569 2272 3630 λος
2319 3567 2347 3616 ό
2403 3566 2575 3632 μέγας
2616 3563 2716 3633 τῆς
2779 3560 3038 3632 ἀληθείας
3074 3560 3281 3630 κήρυξ·
3316 3558 3434 3625 Τὰς
3460 3560 3530 3613 δὲ
3561 3562 3774 3629 μωρὰς

2185 3655 2461 3724 ζητήσεις
2491 3653 2587 3706 καὶ
2620 3652 3026 3722 γενεαλογίας,
3072 3650 3170 3723 καί
3221 3651 3395 3717 ἕρεις,
3431 3650 3531 3703 καὶ
3563 3649 3775 3719 μάχας

2197 3745 2527 3811 Ἰουδαϊλιὰς
2555 3743 3097 3811 παραιτήσαιο.”1να
3128 3740 3187 3793 δὲ
3218 3742 3275 3792 ἐν
3305 3740 3592 3811 κεφαλαίῳ
3630 3741 3774 3811 περὶ

2186 3838 2261 3895 ὧν
2316 3840 2636 3911 προέτεινας
2685 3836 3095 3907 ἁποκριθῶμεν,
3137 3833 3258 3887 ὅλον
3303 3832 3365 3885 τὸ
3417 3833 3617 3904 λῆμμα,
3665 3835 3776 3903 τῆς

2188 3931 2524 4003 προφητείας
2560 3927 2687 3997 περὶ
2727 3926 2828 3995 τῆς
2881 3924 3182 3997 παρουσίας
3211 3922 3308 3977 τοῦ
3358 3924 3564 3993 Κυρίου
3606 3926 3775 3995 ἡμῶν

2200 4023 2376 4095 Ἰησοῦ
2427 4019 2664 4096 Χριστοῦ
2694 4021 2869 4071 ἐστιν’
2905 4020 2964 4071 ὲν
2989 4012 3032 4086 ᾧ
3057 4018 3150 4072 καὶ
3176 4018 3205 4071 ὁ
3229 4015 3355 4079 λαὸς
3378 4018 3406 4068 ὁ
3435 4014 3775 4088 ἁπωσμὲνος

2190 4116 2566 4173 ἁνασέσωσται
2620 4115 2685 4166 ὲκ
2715 4110 2824 4166 τῶν
2854 4114 3136 4180 τεσσάρων
3177 4109 3485 4183 πτερύγιον,
3520 4109 3635 4164 εἴτε
3671 4109 3775 4165 οὖν

2190 4207 2446 4277 περάτων
2489 4205 2589 4274 τῆς
2617 4203 2743 4272 γῆς.
2772 4200 2846 4254 Τό
2876 4218 2936 4254 τε
2979 4200 3078 4254 ἐπὶ
3110 4198 3228 4254 τῶν
3268 4198 3485 4269 χειρῶν
3519 4196 3774 4269 ἐζωγρα-

2190 4297 2416 4368 φῆσθαι
2444 4296 2517 4349 τὰ
2544 4296 2711 4364 τείχη
2740 4294 2841 4363 τῆς
2875 4293 3000 4357 νέας
3037 4293 3411 4364 Ἰερουσαλὴμ,
3442 4291 3505 4344 τὸ
3538 4307 3771 4359 σταυρι-

2192 4388 2287 4440 κὸν
2320 4387 2491 4447 πάθος
2524 4385 2693 4456 δηλοῖ.
2716 4384 2978 4456 Ἐπείπερ
3010 4384 3158 4454 ἥλοις
3189 4383 3621 4454 ὲμπεπαρμένος
3646 4386 3772 4448 ταῖς

2191 4478 2374 4547 ἁγίαις
2408 4477 2617 4548 χερσὶν,
2646 4477 2843 4545 ἁφηλοϊ
2891 4476 2953 4529 τὸ
2979 4473 3315 4545 ἀνθρώπινον
3344 4474 3444 4544 τῆς
3482 4472 3775 4544 ἐμπαθοῦς

516 4571 810 4639 archetypa
862 4570 1269 4639 pulchritudine
1316 4571 1700 4627 deiticatiOnis.
1751 4569 1964 4636 Quare,
2024 4572 2080 4624 ad

2193 4571 2313 4623 καθ’
2343 4570 2617 4640 ἁμαρτίαν
2645 4568 2830 4634 ἕξεως,
2859 4569 2953 4621 καὶ
2980 4567 3176 4638 ὡραιοῖ
3201 4565 3281 4636 τῷ
3303 4566 3600 4637 ἀρχετύπῳ
3633 4565 3777 4619 κάλ-

516 4664 825 4732 exemplum
856 4663 1278 4719 resurrectionis
1308 4672 1431 4733 post
1462 4671 1576 4719 tres
1605 4664 1720 4719 dies
1748 4674 2044 4733 noctesque
2069 4705 2080 4729 ,

2193 4662 2272 4715 λει
2299 4663 2396 4732 τῆς
2424 4660 2692 4721 θεώσεως.
2735 4658 2850 4727 Ἐφ’
2879 4651 2961 4722 οἷς
2995 4658 3189 4729 μικρὸν
3216 4657 3305 4711 διὰ
3337 4658 3434 4727 τῆς
3466 4673 3778 4729 τριημερου

517 4752 657 4806 Leua
707 4757 887 4807 oculos
937 4762 1052 4807 tuos
1098 4754 1152 4806 in
1197 4755 1446 4817 circuitu,
1486 4763 1537 4808 et
1569 4754 1708 4822 ﬁlios
1754 4766 1870 4808 tuos
1914 4770 2080 4809 omne:

2191 4754 2389 4808 νύκτου
2420 4752 2793 4817 ἀναστάσεως,
2813 4747 2991 4819 Ἆρον
3018 4752 3223 4818 κύκλῳ
3248 4750 3388 4817 τοὺς
3417 4752 3779 4821 ὀφθαλμούς

519 4846 674 4898 vide:
703 4861 818 4898 ecce
864 4848 1170 4915 congregati
1216 4856 1338 4900 sunt
1384 4857 1434 4901 et
1467 4860 1715 4902 venerunt
1756 4850 1824 4903 ad
1856 4858 1923 4903 te.
1975 4849 2080 4904 Vive

2186 4864 2334 4912 σου,
2368 4846 2466 4901 καὶ
2501 4846 2590 4899 ιδε
2621 4848 2851 4912 πάντας
2890 4844 3032 4911 τοὺς
3071 4846 3243 4912 υἱούς
3271 4859 3388 4899 σου
3408 4861 3424 4877 ο
3452 4842 3583 4897 ίδοὺ
3613 4862 3775 4899 συν-

520 4953 635 5007 ego,
671 4937 801 4990 dicit
830 4936 1087 4992 Dominus
1112 4940 1181 4991 ³⁷.
1210 4939 1342 5005 Quae
1381 4948 1573 5009 postea
1602 4949 1923 5011 sequuntur,
1966 4957 2080 4996 con-

2184 4940 2465 5010 ἤχθησαν
2489 4940 2585 4992 καί
2615 4930 2806 5008 ἦλθ’ον
2838 4937 2989 5007 πρὸς
3034 4937 3131 4992 σὲ.
3169 4936 3262 4990 Ζῶ
3295 4935 3433 5007 ἐγὼ,
3456 4934 3620 5005 ,λέγει
3648 4940 3778 4991 Κύζ

522 5045 659 5083 nexa
701 5032 1035 5099 prophetice,
1084 5032 1206 5086 laeta
1237 5039 1364 5087 sunt
1405 5041 1460 5087 et
1491 5031 1704 5097 festiva,
1735 5042 1791 5087 et
1823 5033 1978 5102 plena
1999 5032 2080 5102 ju-

2184 5051 2333 5103 ριος.
2351 5031 2625 5101 Ἑπόμενα
2655 5030 2864 5094 τούτοις
2888 5029 2960 5083 τὰ
2987 5030 3309 5101 συνημμένα
3336 5030 3401 5100 τῇ
3433 5030 3775 5101 προφητείᾳ,

521 5122 855 5187 cuuditatis;
893 5132 948 5177 ct
975 5124 1065 5192 qui
1110 5134 1264 5195 grato
1305 5132 1389 5179 est
1431 5124 1637 5190 animo,
1683 5125 1970 5196 intelliget,
2016 5125 2080 5179 si-

2193 5123 2510 5195 χαρίσματὰ
2532 5140 2591 5175 τε
2626 5122 2720 5176 καὶ
2745 5123 3069 5194 ἐορτὰσιμα,
3109 5122 3204 5175 καὶ
3240 5122 3421 5192 πλήρη
3455 5120 3733 5190 θυμηδίας
3756 5139 3773 5153 ·

523 5214 750 5283 mulque
811 5216 1133 5271 acclamabit
1188 5217 1541 5286 congruentia
1591 5235 1607 5273 :
1654 5218 1901 5285 ingratus
1964 5232 2080 5273 verc

2191 5215 2287 5266 atat
2316 5216 2343 5266 ό
2371 5213 2468 5282 μὲν
2497 5211 2817 5283 εὐγνώμων,
2841 5212 3045 5265 εἴσεται
3073 5210 3167 5265 καὶ
3192 5210 3678 5280 συνεπιφθέγξεται
3699 5210 3776 5263 τὰ

521 5308 741 5363 ,ιυιιιειιε
778 5324 949 5377 pravo
985 5310 1091 5363 crit
1134 5310 1317 5375 corde,
1350 5326 1413 5365 ac
1461 5326 1638 5381 neque
1686 5309 1876 5379 Vetus,
1913 5325 2080 5380 neque

2188 5306 2407 5359 είκόταο
2450 5308 2479 5359 ὁ
2518 5306 2574 5358 δὲ
2600 5305 2869 5375 ἀγνώμων
2913 5305 3161 5370 Ἰουδαῖος
3203 5302 3769 5376 στρεϐλοκαρδιάσει,

521 5398 732 5455 Novum
779 5401 1188 5457 Testamentum
1236 5404 1421 5458 audiet
1460 5404 1529 5458 ad
1579 5404 1834 5458 salutem.
1879 5405 1924 5457 Α
1978 5420 2080 5473 quo

2192 5400 2287 5452 καὶ
2314 5396 2441 5451 οὕτε
2478 5397 2741 5462 Παλαιᾶς,
2775 5396 2897 5450 οὔτε
2927 5398 3072 5470 Νέας
3100 5397 3373 5468 Διαθήκης
3395 5394 3772 5462 ἐπακούσεται

529 5490 833 5546 liberemur
857 5500 1173 5547 sanctorum
1220 5494 1497 5562 precibus,
1542 5493 1879 5549 sanctiﬁcate
1902 5492 2080 5557 Pater,

2192 5490 2379 5557 ὑγιῶς.
2410 5482 2486 5545 Οῦ
2517 5488 2844 5560 ρυσθείημεν
2874 5490 3056 5561 εὐχαῖς
3095 5486 3286 5561 ἁγίων,
3319 5487 3623 5559 ήγιασμένε
3652 5486 3776 5541 Πά-

596 5674 639 5703 ²⁶
661 5673 845 5727 Matth.
888 5690 972 5728 xv.
1016 5674 1094 5727 Μ.
1177 5676 1218 5705 ²¹
1250 5675 1348 5729 lsa.
1390 5689 1575 5733 xum,
1608 5675 1694 5727 9.2.

531 5760 615 5806 ιιι,
642 5746 692 5798 9.
774 5746 942 5799 "lsa.
984 5760 1124 5803 λιιι,
1160 5746 1240 5797 t6.
1322 5748 1361 5775 ³⁷
1393 5748 1487 5795 lsa.
1526 5762 1613 5807 rx,
1648 5745 1697 5797 4.

1795 5678 1836 5706 ’⁸
1863 5674 2003 5731 Psal.
2036 5692 2080 5728 L‘

2207 5674 2253 5726 7.
2360 5674 2409 5704 ’³
2438 5672 2647 5727 Coloss.
2682 5687 2763 5738 ιιι,
2805 5673 2853 5726 1.
2920 5672 3009 5737 ’9,"
3033 5670 3075 5719 υ
3107 5671 3300 5728 Thess.
3336 5688 3373 5735 ι,
3402 5671 3454 5725 8.
3568 5674 3617 5705 ’⁸
3651 5672 3767 5731 Tit.
