3966 6496
246 431 372 491 1569

1400 437 1940 500 EPISTOLARUM
1997 440 2143 499 LIB.
2206 443 2287 500 ῐ[.

3357 446 3494 510 15Ἰο

237 559 345 610 τερ,
372 541 468 594 καὶ
505 542 810 615 σωθείημεν
838 547 896 598 ὲν
921 549 986 617 τῇ
1023 546 1272 620 βασιλείᾳ
1301 549 1409 602 τῶν
1438 549 1704 620 οὐρανῶν,
1745 550 1803 600 ἐν

1925 558 1960 601 ει
1982 550 2259 605 salvemur
2286 555 2339 608 in
2373 572 2539 628 regno
2570 557 2860 622 cazlorum,
2889 556 2946 610 in
2973 555 3195 612 Christo
3225 554 3353 611 Jesu
3380 558 3490 611 Do-

240 633 451 704 Χριστῷ
493 634 665 705 Ἰησοῦ
701 637 780 706 τῷ
817 639 1004 709 Κυρίῳ
1034 641 1211 711 ήμῶν.
1250 642 1442 712 Ἀμήν.

335 753 485 806 PﬂE'
516 756 651 825 (79).
676 787 748 796 —
777 759 1088 830 Εὺδοκίμῳ
1120 765 1450 834 σπαθαρίῳ.
1507 762 1691 838 [ψνε’.]

1914 642 2064 697 mino
2091 657 2300 701 nostro.
2337 650 2534 704 Amen.

2153 766 2463 824 CLXXXV.
2498 802 2560 811 —-
2593 770 2884 824 Eudocimo
2926 772 3224 837 spathart'o.

1399 879 1694 930 Consolatur
1717 878 1783 927 de
1803 873 2026 925 caecitate
2062 881 2338 930 oculorum.

305 973 414 1025 Kal.
464 975 558 1044 ἀφ’
597 977 806 1031 ἑαυτῶν
839 980 1317 1054 ὲπαισθανόμεθα,
1367 985 1490 1040 ὅσον
1538 989 1596 1042 τὸ
1650 989 1813 1056 ἄλγος

237 1068 325 1119 καὶ
353 1066 410 1118 τὸ
443 1067 615 1132 πάθος
646 1072 706 1123 τὸ
736 1074 1015 1141 συμπεσὸν
1046 1078 1112 1146 τῇ
1141 1079 1418 1148 τιμιότητί
1460 1097 1577 1132 σου.
1605 1079 1718 1133 Νῦν
1758 1080 1814 1132 δὲ

236 1159 418 1231 ἐπειδὴ
461 1163 779 1234 ἠκούσαμέν
809 1183 901 1220 σου
934 1169 1025 1221 καὶ
1059 1171 1167 1223 τῶν
1206 1172 1659 1226 πολυστενάκτων
1699 1191 1814 1241 φω-

240 1251 365 1317 νῶν,
398 1254 780 1325 ὑποδηλουσῶν
813 1260 1021 1314 ἕκαστα
1051 1262 1159 1314 τῶν
1194 1263 1620 1334 συμϐεϐηκότων
1659 1267 1814 1318 ἀνια-

240 1343 363 1414 ρῶν,
401 1347 564 1400 πλέον
584 1350 1026 1421 ὲπῃσθάνθημεν,
1062 1355 1155 1406 καὶ
1182 1357 1628 1429 συνηλγήσαμεν,
1673 1358 1817 1412 κατὰ

237 1434 295 1485 τὸ
339 1435 507 1497 είκός.
560 1437 699 1490 Ἀλλ’
734 1441 883 1507 ὅμως
907 1441 1055 1503 ὅπως
1097 1443 1161 1495 ἂν
1200 1444 1513 1512 μεθοδεύοις
1563 1446 1629 1499 τὰ
1674 1447 1817 1518 πρά-

1987 988 2050 1041 Ει
2097 1005 2192 1057 per
2236 1007 2336 1045 nos
2385 993 2535 1060 ipsos
2580 991 2974 1055 sentiebamus,
3037 1001 3272 1060 quantus
3315 990 3494 1046 dolor’

1914 1089 2227 1148 quantaque
2251 1083 2320 1136 sit
2350 1085 2636 1137 calamitas
2667 1099 2789 1152 quae
2825 1083 3021 1136 accidit
3065 1085 3508 1139 Imnoriﬁcentize'

1915 1176 2040 1222 tuae.
2080 1168 2237 1225 Nunc
2281 1188 2431 1235 vero,
2483 1185 2772 1242 postquam
2819 1183 2869 1227 te
2916 1175 3252 1235 audivimus,
3313 1186 3369 1228 et
3412 1176 3497 1228 lu-

1913 1269 2138 1316 ctuosas
2173 1279 2360 1328 voces,
2410 1282 2534 1335 quae
2577 1266 2856 1320 molestias
2887 1281 3025 1334 quas
3073 1282 3267 1334 passus
3307 1282 3385 1331 es,
3424 1265 3497 1322 sic

1915 1353 2144 1421 gillatim
2188 1357 2548 1420 enarrabaut,
2589 1357 2825 1424 amplius
2874 1357 3172 1423 sensimus,
3214 1367 3269 1411 et
3297 1358 3499 1412 condo-

1914 1442 2119 1499 luimus
2176 1455 2234 1498 ut
2288 1461 2384 1513 par
2435 1458 2572 1501 erat.
2625 1447 2895 1502 Caeterum
2945 1463 3162 1516 quoque
3213 1448 3373 1501 modo
3428 1447 3498 1501 ad

236 1540 420 1592 γματα
452 1526 592 1579 κατὰ
621 1529 840 1581 δικαίαν
869 1529 1077 1583 ἔκτισιν
1115 1533 1251 1585 Θεοῦ
1286 1535 1679 1604 ἀπαντήσαντά
1711 1553 1814 1600 σοι,

1925 1532 2116 1599 iustam
2153 1533 2247 1589 Dei
2284 1538 2576 1593 vindictam
2612 1539 2729 1593 haec
2775 1539 2984 1593 referas
3017 1556 3138 1608 qua:
3165 1539 3259 1593 tibi
3301 1554 3500 1594 eveneo

236 1611 291 1669 εὖ
323 1618 582 1686 πράττων
607 1620 708 1672 κάν
736 1620 934 1691 τούτῳ,
996 1623 1072 1686 ὡς
1116 1626 1316 1688 κακίας
1353 1627 1553 1693 μᾶλλον
1592 1628 1685 1681 καὶ
1719 1628 1818 1680 οὐκ

235 1710 434 1779 αρετῆς
467 1710 702 1780 βάσανον
750 1711 848 1775 τὰς
880 1715 1152 1785 ἐπιφοράς
1182 1718 1491 1788 ἐνεχθῆναι.
1541 1721 1732 1790 Ἡμεῖς
1770 1719 1815 1772 δ’

1914 1633 2066 1688 runt,
2101 1635 2246 1680 recte
2275 1627 2327 1679 in
2362 1628 2464 1682 hoc
2494 1630 2656 1683 etiam
2688 1646 2876 1700 agens.
2911 1631 3068 1700 quasi
3096 1646 3354 1685 aerumnae
3381 1631 3501 1686 istce

1920 1711 1986 1764 ad
2022 1714 2356 1779 puniendam
2403 1718 2666 1771 malitiam
2715 1721 2897 1787 potius
2931 1735 3095 1788 quam
3151 1721 3216 1774 ad
3263 1721 3501 1789 proban-

235 1800 324 1855 οὖν
351 1805 410 1855 οὐ
461 1803 786 1874 παυσόμεθα
816 1807 910 1858 καὶ
951 1780 1032 1859 ἔτι
1051 1780 1192 1875 πρὸς
1221 1780 1558 1881 τδνεύσημον
1595 1780 1686 1865 καὶ
1713 1780 1807 1864 ⁷εὐ-

1925 1803 2042 1857 dam
2073 1805 2326 1859 virtutem
2361 1806 2568 1862 fuerint
2615 1811 2849 1864 inducta“:
2884 1829 2896 1864 :
2929 1827 3036 1864 non
3074 1812 3320 1866 differant
3354 1814 3498 1867 ultra

235 1893 565 1962 διάγνωστον
593 1896 995 1968 άνθυποφέρειν
1027 1899 1118 1952 τὸν
1149 1900 1327 1969 λόγον.
1360 1903 1684 1974 Ἐστέρησαι
1707 1921 1810 1956 τοι-

235 1988 435 2056 γαροῦν
473 1987 668 2056 ὅψεως.
695 1989 804 2043 Καὶ
833 1990 1079 2058 ἀλγεινὸν
1103 1991 1254 2062 (πῶς
1277 1994 1384 2064 γὰρ
1416 1994 1476 2047 οὐ
1498 1994 1574 2065 ς),
1597 1996 1688 2048 τὸν
1725 1995 1818 2048 λύ-

235 2099 355 2150 χνον
380 2084 479 2135 τοῦ
506 2082 758 2153 σώματος
793 2085 1221 2140 ἀπολωλεκέναι.
1263 2087 1426 2140 Ἀλλά
1456 2088 1620 2141 πάλιν
1650 2089 1816 2158 εὐχα-

238 2173 537 2241 ριστήριον,
575 2173 658 2226 ὅτι
697 2173 1078 2246 ἀϐλεπτοῦμεν
1109 2175 1179 2229 τὰ
1206 2176 1300 2229 τοῦ
1332 2179 1536 2248 κόσμου
1570 2179 1812 2248 μάταια·

237 2265 292 2328 ἐξ
347 2261 523 2336 οὗπερ
574 2267 944 2337 ὑποφέρεσθαι
994 2269 1205 2338 πέφυκε
1253 2272 1362 2333 πᾶς
1403 2271 1527 2335 νοῦς
1575 2273 1673 2325 οὐκ
1721 2273 1815 2324 εὐ-

235 2359 458 2421 κταίως.
501 2359 742 2429 Είρχθης
787 2361 1027 2429 προόδων
1064 2364 1161 2415 καὶ
1209 2363 1439 2417 συνόδων
1474 2364 1716 2417 ἀστικῶν
1755 2382 1816 2417 τε

235 2451 325 2502 καί
353 2451 773 2521 ἀνακτορικῶνο
822 2452 941 2504 ἀλλ’
974 2450 1068 2506 οῦν
1099 2470 1162 2521 γε
1208 2453 1545 2524 λελύτρωσαι
1581 2454 1816 2525 Ἐκκλη-

236 2542 353 2605 σίας
397 2546 879 2616 πονηρευομένων,
927 2548 1021 2600 καὶ
1067 2548 1515 2616 συναναστροφῆς
1569 2566 1813 2618 παρανοε-

239 2636 504 2705 μούντων.
550 2635 710 2702 Οἶδας
751 2639 779 2692 ὃ
827 2641 1005 2708 λέγω,
1057 2639 1328 2710 tandem
1359 2641 1427 2693 τὰ
1461 2641 1813 2711 ὑπάρχοντα;

239 2729 326 2781 καὶ
360 2730 527 2782 τοῦτο
566 2731 1008 2802 δυσφορὼτατοψ
1043 2733 1156 2785 ἀλλ’
1192 2733 1336 2802 ἔχεις
1367 2733 1426 2786 τὸ
1456 2733 1675 2803 κούφως
1716 2734 1816 2802 φέ-

233 2821 447 2892 ρεσθαι,
473 2823 569 2875 καὶ
603 2825 929 2893 ὐπερπλέειν
967 2826 1076 2878 τῶν
1118 2826 1386 2895 βιωτικῶν
1439 2827 1817 2894 περιστάσεων

233 2913 322 2965 καὶ
368 2913 864 2983 συναλλαγμάτων.
905 2916 1013 2968 Ποῦ
1046 2917 1166 2968 ποτ’
1196 2917 1262 2969 ἂν
1313 2911 1492 2987 εὗρες,
1528 2911 1572 2970 ὦ
1605 2917 1816 2982 θαυμά-

237 3023 333 3068 σιε,
366 3008 540 3059 τόπον
567 3008 833 3072 τοιοῦτον,
866 3004 976 3061 οἷον
1007 3010 1120 3074 νῦν,
1143 3011 1201 3061 ὲν
1228 3005 1271 3076 ᾧ
1299 3009 1414 3062 ἐστι
1450 3027 1507 3062 σε
1535 3011 1817 3079 σχολάζειν

1918 1895 2140 1951 disertis
2203 1907 2256 1952 et
2313 1901 2615 1969 perspicuis
2679 1904 2861 1958 verbis
2923 1920 3038 1959 rem
3101 1906 3302 1974 eloqui.
3365 1903 3500 1961 Visu

1920 1987 2110 2057 itaque
2134 1989 2360 2045 orbatus
2395 2005 2474 2047 es.
2506 1990 2684 2047 Grave
2718 2009 2946 2063 prorsus
2979 2013 2993 2048 :
3028 1997 3122 2065 qui
3156 1997 3304 2051 enim
3341 2012 3501 2067 grave

1920 2095 2032 2133 non
2069 2080 2141 2134 sit
2172 2081 2451 2136 lucernam
2488 2086 2738 2153 corporis
2775 2087 3074 2142 amisisse?
3109 2086 3176 2141 At
3211 2097 3296 2143 est
3332 2090 3501 2145 vicis-

1919 2171 2023 2226 sim
2078 2171 2220 2226 unde
2277 2175 2464 2242 gratiae
2515 2187 2774 2245 agantur,
2818 2180 2948 2247 quia
2993 2179 3183 2233 mundi
3234 2181 3502 2236 vanitates

1919 2281 2030 2320 non
2061 2267 2363 2332 cernimus,
2395 2285 2460 2323 ex
2485 2286 2596 2339 quo
2627 2271 2754 2326 ferri
2787 2274 3040 2342 trahique
3073 2274 3320 2327 omnium
3349 2288 3502 2327 men-

1919 2366 2000 2412 tes
2029 2360 2208 2415 solent
2241 2362 2402 2415 aliter
2428 2378 2593 2432 quam
2647 2363 2949 2432 Optandum
2978 2365 3070 2418 sit.
3118 2363 3390 2420 lnhiheris
3430 2365 3502 2419 ab

1918 2449 2227 2517 egressibus
2258 2452 2755 2521 congressibusque
2787 2465 2899 2506 tum
2931 2454 3155 2508 urbanis
3194 2463 3308 2509 tum
3348 2455 3500 2523 pala-

1923 2538 2051 2594 tinis
2089 2558 2100 2592 :
2137 2541 2232 2595 sed
2285 2541 2389 2595 hoc
2439 2545 2601 2598 modo
2651 2545 2788 2598 liber
2819 2544 2997 2601 factus
3048 2563 3107 2601 es
3152 2563 3182 2602 a
3229 2561 3503 2603 conventu

1919 2631 2362 2701 malignantium,
2396 2642 2450 2686 et
2479 2637 2743 2690 societate
2775 2637 2962 2705 iniqua
2999 2642 3298 2708 agentium.
3340 2640 3503 2695 Intel-

1920 2720 2043 2790 ligis
2075 2724 2206 2791 quid
2247 2725 2450 2789 dicam,
2487 2726 2751 2794 spoliatus
2797 2745 2856 2782 es
2891 2729 3270 2794 facultatibus,
3315 2741 3370 2785 et
3401 2733 3503 2786 hoc

1920 2812 2063 2867 ferre
2109 2815 2494 2871 diﬂicillimum
2534 2821 2670 2873 :sed
2719 2820 2888 2874 habes
2937 2838 3049 2891 quo
3093 2823 3288 2878 leviter
3328 2823 3499 2890 feras,

1918 2917 1972 2960 et
2005 2907 2188 2961 saeculi
2237 2911 2746 2978 Opportunitatibus
2777 2915 3241 2983 commerciisque
3280 2914 3357 2969 sis
3407 2931 3505 2969 su-

1919 2999 2129 3068 perior.
2177 2998 2412 3054 Ubinam
2467 3018 2734 3072 unquam,
2793 3005 2874 3057 vir
2922 3004 3263 3070 admirande,
3322 3009 3502 3062 locum

232 3098 370 3168 θεῷ,
433 3101 527 3152 καὶ
568 3100 773 3168 γνῶναι
822 3101 986 3153 αὐτὸν
1022 3102 1144 3154 καθ’
1174 3103 1297 3154 ὅσον
1329 3098 1440 3155 οἷόν
1468 3119 1563 3169 te;
1617 3103 1724 3155 Ποῦ
1763 3103 1819 3155 δὲ

1926 3092 2086 3144 talem
2131 3102 2328 3146 nactus
2372 3109 2456 3155 es,
2499 3095 2716 3163 qualem
2751 3112 2920 3161 nunc,
2955 3097 3008 3151 in
3041 3113 3148 3166 quo
3178 3098 3275 3151 tibi
3309 3113 3505 3152 vacare

234 3191 430 3260 καιρὸν
461 3191 704 3244 τοιοῦτον
738 3193 1070 3262 προσευχῆς,
1095 3195 1424 3262 στεναγμοῦ,
1452 3194 1823 3258 κατανύξεως,

233 3283 584 3346 ἑκπετάσεως
625 3283 843 3354 χειρῶν,
881 3286 1004 3336 ὅσον
1034 3286 1320 3355 πρόκειται
1367 3286 1495 3356 ὑμῖν
1526 3285 1825 3339 ἀπολαύειν

230 3376 296 3426 ἐκ
322 3373 431 3442 τῆς
458 3373 850 3444 ἐπενεχθείσης
875 3375 1173 3445 ἐπηρείας;
1202 3378 1312 3446 Οὐχ
1342 3379 1474 3448 ὁρᾷς
1502 3379 1582 3430 ὅτι
1614 3380 1693 3441 είς
1726 3396 1826 3429 κα-

234 3465 322 3518 λόν
358 3483 446 3518 σοι
474 3467 760 3536 ἀπήντηκε
786 3467 856 3520 τὰ
893 3468 1220 3538 πράγματα,
1259 3470 1692 3539 περιτραπείσης
1729 3471 1828 3538 τῆς

235 3559 438 3620 κακίας
486 3556 596 3610 τῶν
646 3557 951 3627 ἀνθρώπων
1007 3559 1086 3620 είς
1140 3559 1416 3628 σωτηρίαν
1457 3576 1585 3625 σου;
1636 3560 1694 3612 ἒν
1732 3562 1825 3614 ἐπὶ

239 3651 462 3704 πάντων
491 3649 885 3716 διαγνωστέον·
936 3651 1019 3702 ὃτι
1057 3651 1198 3702 κατά
1244 3651 1343 3720 τὴν
1379 3652 1652 3721 προτέραν
1691 3653 1826 3703 ἀνα-

235 3742 480 3812 στροφὴν
513 3741 924 3812 δυστέκμαρτον
947 3738 1014 3812 ἦν
1051 3742 1406 3796 ἐπιλαϐέσθαι
1442 3744 1534 3794 τοῦ
1555 3743 1822 3812 σωτηρίου

238 3839 619 3904 συντάγματος
643 3877 657 3898 ,
694 3835 907 3889 πολλῶν
951 3836 1140 3900 ὄντων,
1190 3837 1265 3897 ὡς
1301 3831 1477 3900 οἶσθα,
1527 3835 1637 3888 τῶν
1677 3837 1824 3886 ἀντι-

238 3931 593 4000 πραττόντων
620 3929 698 3999 τῷ
725 3929 942 3981 εὐσεϐεῖ
974 3929 1182 3998 σκοπῷ.
1205 3930 1317 3981 Νῦν
1343 3930 1396 3981 δὲ
1423 3930 1672 3999 ἧνοικται
1696 3928 1822 3996 ὑμῖν

237 4018 354 4088 οὐχὶ
394 4017 534 4087 μόνη
562 4017 662 4085 τῆς
706 4018 997 4086 μετανοίας
1031 4021 1062 4088 ἡ
1091 4019 1264 4088 θύρα’
1301 4019 1437 4072 ἀλλὰ
1471 4021 1562 4071 καὶ
1593 4021 1690 4088 τῆς
1732 4022 1825 4071 οὐ-

239 4112 428 4183 ρανίου
463 4109 745 4179 βασιλείας
772 4114 804 4180 ὴ
845 4113 1044 4174 εἴσοδος
1066 4129 1079 4142 ·
1117 4116 1209 4165 καὶ
1240 4116 1348 4176 πᾶς
1371 4132 1454 4175 τις
1485 4115 1593 4166 τῶν
1619 4116 1819 4182 εὐφρο-

238 4201 474 4253 νούντων
510 4202 568 4251 ὲν
597 4199 674 4269 τῷ
711 4201 868 4270 μέρει
894 4201 1001 4253 τῶν
1030 4202 1354 4270 σωζομένων
1404 4221 1463 4255 σε
1500 4204 1817 4268 τετάξεται·

238 4297 331 4345 καὶ
383 4292 516 4362 περὶ
556 4285 617 4344 οὗ
664 4294 769 4354 πᾶς
814 4293 1102 4355 σπουδαῖος
1144 4295 1428 4361 ἐπείγεται
1452 4312 1466 4327 ·
1502 4297 1595 4348 καὶ
1627 4291 1686 4348 οῖ)
1725 4294 1818 4347 τοῦ

237 4388 420 4455 τυχεῖν
471 4384 626 4436 οὐδὲν
681 4390 790 4436 τῶν
837 4386 1091 4438 ἁπάντων
1135 4386 1549 4455 ἀνταξιώτερον.
1590 4388 1711 4439 Εἴθε
1751 4384 1819 4457 ἦν

1931 3183 2039 3236 Deo
2072 3183 2219 3245 licet,
2249 3184 2538 3252 ipsumque
2574 3201 2756 3248 nosse,
2794 3188 2976 3257 quoad
3009 3187 3123 3241 ﬁeri
3152 3189 3370 3257 potest?
3399 3187 3505 3244 Ubi

1930 3283 2040 3328 tam
2076 3277 2429 3329 commodum
2472 3285 2683 3346 tempus
2728 3282 3019 3346 orationis,
3054 3283 3311 3351 gemitus,
3357 3298 3507 3338 com-

1930 3366 2267 3434 punctionis,
2309 3369 2663 3437 expansionis
2711 3385 2998 3438 manuum,
3042 3388 3206 3441 quam
3241 3390 3354 3443 quo
3398 3374 3505 3430 frui

1928 3459 2081 3512 vobis
2114 3458 2166 3512 in
2203 3469 2451 3529 promptu
2475 3469 2556 3515 est
2592 3477 2654 3515 ex
2691 3463 2892 3517 inflicta
2925 3465 3278 3519 calamitate?
3304 3472 3503 3522 Annon

1927 3551 2081 3604 vides
2117 3551 2262 3604 bono
2307 3561 2400 3605 tuo
2441 3568 2532 3606 res
2580 3554 2838 3619 cessisse,
2874 3571 3142 3610 conversa
3183 3557 3235 3609 in
3273 3558 3504 3612 salutem

1929 3651 2074 3694 tuam
2112 3642 2393 3694 hominum
2441 3644 2938 3710 nequitia?Unum
2983 3661 3150 3713 super
3193 3649 3378 3701 omnia
3423 3651 3506 3704 di-

1923 3733 2308 3801 judicandum,
2342 3735 2488 3803 quod
2522 3737 2576 3788 in
2611 3738 2778 3805 priori
2818 3739 2941 3792 vita:
2974 3741 3314 3803 conditione,
3346 3741 3507 3794 intel-

1928 3826 2069 3880 lectu
2094 3826 2195 3880 fuit
2219 3828 2455 3892 difﬁcile,
2492 3845 2558 3882 an
2597 3831 2792 3885 salutis
2830 3833 2972 3885 viam
3011 3834 3314 3899 insisteres,
3359 3835 3505 3889 mul-

1928 3919 2018 3983 tis,
2057 3929 2115 3972 ut
2139 3921 2305 3982 nOsti,
2335 3923 2421 3989 pio
2444 3924 2725 3990 proposito
2760 3925 3165 3978 resistentibus.
3195 3924 3348 3978 Nunc
3374 3942 3508 3981 vero

1927 4022 2112 4077 aperta
2147 4011 2300 4063 vobis
2343 4022 2424 4064 est
2460 4028 2565 4064 non
2598 4014 2774 4066 solum
2822 4015 3159 4083 poanitentiaa
3187 4016 3375 4084 janua,
3408 4017 3506 4070 sed

1924 4103 2075 4169 regni
2136 4119 2356 4171 quoque
2397 4107 2668 4157 caelorum
2719 4107 3041 4175 ingressus;
3101 4118 3261 4176 teque
3313 4123 3506 4163 omnes

1923 4198 2016 4262 qui
2050 4205 2193 4247 recte
2226 4196 2491 4259 sentiunt,
2545 4197 2599 4248 in
2650 4197 3039 4249 salvandorum
3081 4198 3277 4251 ordine
3329 4199 3505 4251 collo-

1923 4285 2175 4338 cabunt:
2222 4285 2378 4352 cnjus
2426 4287 2502 4339 rei
2557 4287 2739 4340 studio
2793 4288 2918 4341 boni
2971 4304 3160 4344 omnes
3208 4291 3506 4353 ducuntur,

1925 4389 1978 4432 et
2001 4379 2161 4446 cujus
2187 4379 2459 4446 adeptioni
2492 4380 2635 4431 nulla
2667 4379 2912 4431 omnium
2946 4395 3032 4433 res
3061 4390 3143 4432 est
3178 4396 3300 4448 qua:
3332 4381 3504 4448 atqui-

387 4477 750 4548 άντάλλαγμα
800 4478 1053 4544 γενέσθαι
1091 4481 1169 4540 είς
1204 4480 1262 4530 τὸ
1294 4453 1630 4549 ἀμείψασθαι
1657 4453 1819 4549 ἀλλή-

1928 4473 2106 4539 parari
2160 4472 2347 4540 possit.
2402 4471 2618 4525 Utinam
2675 4472 3002 4541 permutatio
3052 4473 3166 4524 ﬁeri
3205 4480 3388 4539 posset
3431 4471 3498 4525 ad

241 4571 350 4634 λοις
376 4570 479 4632 τὰς
503 4571 808 4640 αἰσθήσεις.
843 4571 950 4623 Καὶ
1003 4572 1201 4625 πολλοῦ
1238 4573 1304 4626 ἂν
1340 4573 1506 4641 εὐχῆς
1544 4591 1634 4641 μοι
1665 4573 1824 4642 ἔργον

239 4658 306 4732 ἦν
333 4666 400 4734 τῇ
435 4664 730 4732 ἀφαιρέσει
763 4665 860 4733 τῆς
887 4663 1062 4728 ὅψεως
1090 4665 1558 4736 συναφαιρεθῆναι
1592 4667 1686 4719 καὶ
1716 4667 1824 4719 τῶν

241 4755 346 4824 πρὸ
365 4757 469 4825 τῆς
499 4757 674 4825 ὅψεως
703 4758 944 4828 κέντρων
971 4760 1069 4828 τῆς
1110 4760 1405 4829 ἁμαρτίας.
1452 4760 1613 4814 Ἀλλά
1651 4760 1827 4814 ταῦτα

247 4847 343 4918 μὲν
371 4849 518 4902 κατά
553 4850 737 4917 φιλίας
773 4853 993 4920 τρόπον.
1025 4852 1090 4904 Σὲ
1115 4853 1172 4904 δὲ
1205 4855 1232 4906 ὁ
1261 4854 1464 4920 ἀγαθὸς
1491 4855 1622 4917 Θεὸς
1665 4855 1824 4925 ἡμῶν

245 4941 651 5010 παρακαλέσειε
705 4943 1053 5012 παρακλήσει
1110 4945 1276 5016 πολλῇ
1309 4946 1475 4997 οἴσειν
1513 4946 1692 4999 πάντα
1735 4948 1825 4998 εὐ-

244 5033 558 5100 χαρίστως,
609 5030 752 5083 κατά
800 5032 1031 5102 μίμησιν
1082 5033 1173 5085 τοῦ
1217 5037 1488 5106 μακαρίου
1534 5037 1690 5089 Ἰώῦ-
1730 5039 1825 5089 καὶ

245 5119 493 5183 ἀξιώσειε
529 5121 623 5171 καὶ
649 5123 728 5181 εἰς
774 5121 871 5190 τὴν
902 5124 1023 5174 κατ’
1057 5123 1369 5193 ὀφθαλμοὺς
1398 5127 1618 5196 ὁμιλίαν
1652 5128 1823 5181 ἐλθεῖν

248 5213 388 5279 ἡμᾶς
439 5228 574 5262 ποτε
597 5228 610 5241 ο
647 5212 735 5263 ἴνα
776 5213 879 5264 ὅσα
908 5213 1004 5266 νῦν
1035 5215 1317 5284 διαφεύγει
1367 5221 1477 5282 τοῖς
1508 5220 1821 5289 γράμμασι,

251 5302 392 5375 ζώσῃ
426 5307 580 5373 φωνῇ
615 5304 1116 5376 ἀναπληρώσωμεν
1139 5326 1151 5337 ·
1179 5310 1272 5360 καὶ
1296 5310 1494 5378 μᾶλλον
1523 5311 1824 5381 τηνικαῦτα

251 5397 611 5466 γνωρίσωμεν
650 5396 939 5467 ἀλλήλους,
966 5400 1030 5452 ἐκ
1082 5404 1284 5471 μικρᾶς
1327 5405 1588 5474 πρότερον
1632 5405 1828 5475 πείρας

251 5486 688 5557 ἀπογευσάμενοι
719 5507 812 5542 σου
845 5491 945 5561 τῆς
976 5493 1235 5562 γλυκείας
1264 5496 1504 5566 ἀγάπης.

1925 4578 2121 4617 sensus
2181 4564 2410 4618 invicem
2467 4562 2909 4618 commutandos.
2964 4563 3030 4617 Et
3090 4564 3224 4616 mihi
3282 4564 3500 4632 quidem

1925 4656 2126 4709 summi
2161 4657 2268 4709 voti
2299 4673 2385 4710 res
2416 4657 2574 4720 foret,
2627 4673 2751 4710 cum
2801 4658 2952 4710 visus
2997 4657 3288 4726 adeptione
3336 4655 3506 4709 adimi

1928 4750 2091 4802 simul
2133 4767 2225 4803 eos
2263 4752 2358 4818 qui
2407 4751 2586 4804 oculis
2636 4753 3025 4814 obversantur,
3077 4751 3332 4804 stimulos
3378 4765 3507 4818 pec-

1928 4843 2058 4894 cati.
2094 4841 2292 4894 V'erum
2331 4843 2443 4895 IIIEC
2467 4842 2875 4910 amicitizejure
2905 4844 3049 4896 dicta
3081 4844 3192 4897 sint
3221 4844 3506 4897 hactenus.

1935 4934 2010 4989 Te
2054 4950 2181 4987 vero
2239 4936 2413 4988 bonus
2473 4935 2615 4989 Deus
2661 4945 2846 4989 noster
2909 4936 3286 4989 consolatione
3337 4936 3508 4989 multa

1933 5027 2266 5089 consoletur,
2301 5037 2359 5079 ut
2390 5042 2513 5079 cum
2545 5027 2845 5096 gratiarum
2880 5027 3100 5080 actione
3133 5026 3276 5079 feras
3299 5027 3508 5087 omnia,

1932 5118 2072 5171 beati
2121 5116 2223 5171 Job
2262 5120 2531 5187 exemplo,
2584 5120 2951 5188 digneturque
2997 5129 3281 5187 praestare,
3337 5129 3395 5171 ut
3450 5117 3507 5170 in

1929 5220 2179 5264 mutuum
2235 5211 2571 5279 colloquium
2638 5225 2826 5264 coram
2889 5212 3181 5263 veniamus
3248 5225 3347 5262 nos
3404 5208 3509 5261 ali-

1929 5303 2176 5372 quando;
2221 5321 2327 5372 quo
2373 5320 2433 5356 ea
2475 5319 2598 5370 quae
2646 5318 2795 5356 nunc
2839 5303 3038 5356 litteris
3081 5301 3344 5369 explicari
3401 5315 3508 5354 non

1928 5403 2180 5462 possunt,
2236 5395 2354 5446 viva
2407 5409 2542 5446 voce
2587 5394 2981 5462 suppleamus;
3025 5402 3078 5445 et
3115 5401 3244 5444 tunc
3278 5390 3510 5460 amplius

1931 5497 2124 5545 mutuo
2157 5502 2254 5542 nos
2297 5502 2683 5555 agnoscamus,
2727 5486 2820 5554 qui
2855 5502 2921 5538 ex
2960 5485 3108 5540 tenui
3139 5485 3371 5538 antehac
3413 5497 3512 5536 ex-

1934 5583 2198 5654 perientia
2239 5582 2453 5638 dulcem
2500 5591 2650 5634 tuam
2705 5581 3032 5635 charitatem
3079 5577 3510 5649 degustavimus.

1796 5740 2026 5797 ΝΟΤΔΕ.

323 5892 430 5966 (79)
466 5895 526 5950 In
565 5896 684 5952 cod.
719 5896 848 5968 Reg.
886 5900 1032 5969 ρπη’.
