3966 6452
490 325 621 391 15⁸11

753 441 1084 500 CLXXXVI.
1111 476 1181 486 —
1214 445 1420 504 Nicetes
1454 448 1775 520 Spathario.

1675 340 1737 402 S.
1767 339 2162 402 THEODORI
2191 342 2545 404 STUDITAE

3598 331 3744 395 1572

2344 455 2511 523 Pflq'
2544 448 3007 524 (80).-Νικήτᾳ
3044 447 3372 515 σπαθαρίῳ.
3410 442 3604 516 [ψνζζ]

1897 566 1978 618 De
1996 567 2168 618 uxoris
2189 564 2351 617 obitu.

556 669 616 725 ln
646 668 833 740 parvis
879 669 1102 739 quidem
1133 669 1415 726 doloribus
1461 670 1868 726 consolationes
1908 670 2056 725 inve-
2087 669 2141 728 A

487 763 607 818 nire
655 762 817 818 facile
863 771 944 815 est
981 761 1033 815 ei
1065 761 1160 831 qui
1203 763 1437 818 afﬂictos
1486 763 1767 818 consolari
1807 763 1959 818 velit.
2007 763 2064 818 In

487 852 800 922 huiusmodi
859 867 988 907 vero
1043 852 1284 907 maximo
1325 853 1532 918 dolore,
1593 869 1703 923 quo
1754 854 1925 924 pietas
1975 865 2068 911 tua

486 945 716 999 obsessa
765 954 872 1010 est,
904 959 1157 1014 quaenam
1205 944 1432 1015 reperiri
1479 946 1849 1001 consolatoria
1893 949 2072 1003 oratio

487 1035 688 1105 queat?
733 1045 828 1090 aut
857 1036 982 1106 quis
1029 1052 1322 1092 maerorem
1361 1045 1572 1091 tantum
1609 1051 1805 1091 curare
1848 1054 2072 1110 aggres-

489 1142 607 1192 sus,
639 1126 775 1182 scite
817 1126 870 1181 id
918 1138 1181 1196 pra’stat‘e
1209 1127 1417 1198 possit?
1462 1127 1508 1183 Ο
1558 1130 1872 1184 luctuosum
1927 1147 2071 1185 nun-

487 1218 659 1274 tium!
693 1219 931 1288 Abrepta
958 1221 1054 1276 tibi
1086 1230 1171 1275 est
1209 1221 1433 1275 domina
1468 1224 1692 1291 coujux,
1727 1230 1787 1276 ut
1820 1223 2072 1293 proxime

491 1312 810 1367 audivimus
841 1331 855 1366 :
889 1313 1070 1368 ablata
1102 1322 1187 1368 est
1215 1313 1381 1368 unica
1411 1314 1720 1369 consolatio
1751 1315 1804 1368 in
1855 1315 1923 1371 iis
1951 1331 2074 1386 quae

491 1402 752 1457 accidunt
777 1403 1040 1457 arumnis
1074 1421 1088 1456 :
1117 1403 1355 1472 spoliata
1384 1412 1468 1458 est
1492 1412 1818 1458 ornamento
1846 1421 1948 1459 suo
1985 1406 2075 1460 be-

490 1493 710 1548 nedicta
731 1497 963 1549 domus:
989 1494 1283 1550 tristantur
1307 1496 1446 1550 rami
1469 1496 1652 1550 excisa
1679 1495 1823 1550 bona
1855 1497 2070 1551 radice:

489 1588 684 1644 famuli
742 1599 797 1644 et
844 1587 1064 1643 famulae
1134 1590 1241 1644 huc
1287 1589 1420 1644 illuc
1462 1589 1741 1653 oberrant,
1793 1589 2073 1645 dominam

491 1697 616 1751 qua:
638 1682 859 1736 domum
881 1681 1264 1746 collustrabat,
1295 1689 1622 1752 praesentem
1649 1696 1757 1735 non
1785 1681 2070 1736 habentes.

490 1772 690 1828 Omnia
742 1774 996 1828 maeroris
1045 1773 1251 1843 plena:
1286 1772 1522 1828 fortasse
1563 1783 1618 1827 et
1669 1789 1764 1827 aer
1807 1773 1926 1842 ipse
1975 1774 2073 1828 tibi

489 1875 739 1922 mutatus
773 1867 844 1921 ob
881 1867 1082 1921 mentis
1125 1867 1507 1921 mutationem.
1548 1866 1649 1922 Ubi
1697 1877 1782 1921 est
1813 1867 1907 1921 illa
1951 1882 2076 1938 quae

488 1967 545 2012 te
593 1956 741 2012 domi
787 1972 818 2011 a
870 1957 1124 2026 palatinis
1170 1958 1702 2014 commorationibus
1749 1958 2070 2014 redeuntem

491 2049 738 2104 hilariter
783 2049 1128 2119 excipiebat?
1175 2048 1275 2106 Ubi
1329 2051 1419 2105 illa
1453 2065 1576 2120 quae
1629 2065 1829 2120 genere
1857 2052 2072 2122 propiu-

490 2157 634 2213 quos
680 2143 1090 2212 perhumaniter
1131 2142 1473 2212 excipiebat?
1517 2159 1640 2213 qua:
1692 2144 1794 2199 hoc
1847 2153 1900 2198 et
1945 2145 2071 2210 hoc,

491 2245 658 2304 atque
696 2243 754 2287 ut
791 2235 982 2304 paucis
1025 2236 1227 2301 dicam,
1263 2236 1453 2290 omnia
1501 2236 1606 2290 rite
1634 2236 1977 2305 disponebat,
2023 2245 2078 2291 et

490 2325 561 2381 ad
587 2328 796 2381 exitum
823 2327 1176 2396 perducebat,
1206 2327 1538 2396 dispensans
1560 2337 1614 2383 et
1636 2342 1835 2383 curans
1860 2328 2075 2399 singula

487 2434 613 2490 qua
652 2421 717 2473 ad
745 2419 970 2473 domum
1001 2419 1352 2487 spectabant,
1375 2434 1612 2489 qumque
1641 2420 1707 2474 ad
1740 2419 2076 2474 domesticos

488 2513 576 2567 vel
605 2513 844 2581 hospitio
879 2523 1151 2582 receptos.
1195 2512 1466 2567 Abierunt
1509 2521 1562 2567 et
1597 2511 1930 2566 interierunt
1957 2528 2075 2567 om-

490 2605 603 2670 nia,
638 2615 692 2661 et
728 2615 988 2674 tanquam
1039 2605 1094 2661 in
1149 2606 1450 2660 solitudine
1479 2606 1638 2661 bonis
1684 2606 1944 2662 omnibus
1978 2623 2074 2661 no-

490 2698 621 2753 stris
665 2697 846 2752 orbati
900 2713 1114 2753 sumus.
1168 2696 1319 2751 Talis
1371 2711 1437 2752 ac
1487 2705 1635 2751 tanta
1675 2704 1781 2762 est,
1833 2698 2074 2763 domine,

489 2790 828 2846 honorandae
871 2790 1071 2844 animae
1113 2799 1221 2844 tuae
1262 2788 1586 2855 calamitas,
1641 2799 1701 2842 ut
1745 2788 1957 2842 nullum
2009 2789 2076 2843 ab

489 2881 810 2936 hominibus
848 2883 1106 2936 solatium
1135 2882 1392 2936 leniendo
1429 2881 1753 2936 inﬂammati
1782 2883 1964 2936 cordis
1991 2882 2073 2937 tui

488 2971 671 3027 dolori
702 2988 798 3042 par
820 2972 1008 3034 fuerit,
1037 2973 1132 3028 sed
1157 2989 1187 3027 a
1215 2973 1335 3029 solo
1369 2973 1479 3030 Deo
1508 2975 1599 3042 qui
1629 2973 1862 3028 humiles
1882 2974 2073 3039 corde,

488 3081 588 3137 per
628 3068 898 3122 bonarum
937 3067 1336 3136 cogitationum
1368 3069 1771 3137 susceptionem
1817 3071 2073 3124 consola-

488 3169 602 3215 tur.
629 3159 723 3214 illa
758 3160 982 3229 quidem
1030 3161 1229 3215 beata:
1266 3176 1390 3215 natn
1427 3160 1586 3214 beata
1627 3169 1729 3225 est,
1762 3175 1887 3230 quae
1915 3169 1970 3216 et
2010 3161 2076 3217 fi-

489 3252 616 3309 dem
652 3268 784 3325 erga
821 3252 988 3307 Deum
1017 3254 1230 3306 firmam
1259 3251 1450 3317 coluit,
1484 3262 1539 3306 et
1565 3250 1731 3305 vitam
1764 3253 1878 3323 egit
1909 3254 2080 3310 hone-

2250 674 2372 727 Ἐπὶ
2404 674 2502 743 μὲν
2537 674 2752 743 πικροῖς
2782 669 3014 724 πάθεσιν
3044 667 3192 721 ἐστιν
3221 665 3564 734 ἐξευρίσκειν
3594 662 3753 717 εύκό*

2167 765 2274 828 λως
2319 765 2418 828 τὰς
2453 761 2825 834 παρακλήσεις
2870 761 2962 813 τὸν
3005 754 3439 830 προαιρούμενον
3484 769 3754 824 παραμυ-

2169 857 2380 911 θεῖσθαι
2411 856 2537 919 τοὺς
2560 854 2956 926 κακουμένους.
2997 850 3122 904 Ἐπὶ
3149 849 3207 902 δὲ
3233 849 3462 915 τοιούτῳ
3506 847 3755 916 μεγίστῳ

2169 949 2353 1012 πάθει,
2387 949 2444 1000 ὲν
2472 943 2516 1014 ᾧ
2545 946 2875 1017 περιεσχέθη
2907 947 2939 1014 ἡ
2977 941 3252 1011 θεοφίλειά
3281 957 3396 1000 σου,
3427 939 3513 1002 τίς
3559 938 3626 992 ἂν
3657 935 3755 990 καὶ

2171 1040 2483 1112 ἐξευρεθείη
2522 1040 2678 1107 λόγος
2721 1035 3168 1109 παρακλητικὸς;
3194 1032 3277 1096 τίς
3308 1032 3363 1084 δὲ
3393 1034 3421 1083 ὁ
3453 1033 3756 1104 ἐπιχειρῶν

2171 1133 2501 1206 θεραπεύειν
2544 1132 2787 1186 τοιοῦτον
2830 1130 2994 1197 ἄλγος
3044 1126 3428 1196 ἐπιστημόνως
3455 1125 3754 1198 δυνηθείη;

2170 1227 2216 1282 ὣ
2243 1231 2339 1298 τῆς
2367 1225 2706 1288 ἀπευκταίας
2733 1225 2898 1292 ἀκοῆς
2926 1224 2940 1276 ι
2986 1219 3302 1291 ’Δπερῥάγη
3332 1235 3414 1271 σοι
3439 1220 3472 1285 ἡ
3509 1219 3681 1284 κυρία
3721 1217 3756 1288 ἡ

2170 1321 2458 1393 όμόζυγος,
2476 1319 2550 1381 ὡς
2573 1318 2699 1388 ἄρτι
2726 1319 2992 1389 ἥκουσται
3024 1316 3156 1385 ἡμῖν
3178 1331 3191 1344 ·
3222 1311 3472 1385 ἀφῃρέθη
3499 1313 3562 1365 τὸ
3595 1313 3756 1383 μόνον

2174 1409 2524 1482 παραμύθιον
2553 1409 2611 1461 ἐν
2643 1411 2764 1471 ταῖς
2796 1404 3166 1476 συμϐατικαῖς
3189 1399 3581 1470 περιστάσεσιν
3601 1417 3615 1430 ·
3651 1400 3757 1451 ἀπ-

2173 1501 2457 1572 εκοσμήθη
2483 1502 2516 1572 ὴ
2550 1497 2890 1569 εὐλογημένη
2926 1497 3109 1549 ἑστία·
3151 1496 3201 1548 οί
3230 1492 3414 1546 κλάδοι
3444 1492 3719 1562 κατηφεῖς
3738 1529 3754 1552 ,

2172 1599 2272 1665 τῆς
2313 1592 2526 1662 ἀγαθῆς
2572 1592 2728 1662 ῥίζης
2767 1588 3129 1658 ἐκκοπείσης·
3177 1587 3225 1638 oi
3262 1577 3606 1655 θεράποντες
3664 1581 3760 1633 καὶ

2174 1687 2231 1738 αί
2271 1683 2596 1752 θεράπαιναι
2641 1677 2742 1734 ὧδε
2789 1680 3014 1732 κάκεῖσε
3047 1675 3506 1747 περιειλούμεναι,
3537 1675 3614 1738 ὡς
3657 1673 3760 1726 οὐκ

2175 1776 2394 1846 ἔχουσαι
2426 1775 2486 1827 τὸ
2514 1772 2841 1844 ᾼεσποτικδν
2868 1773 3163 1841 πρόσωπον
3196 1768 3513 1839 έπιλάμπον
3575 1769 3644 1836 τῇ
3677 1767 3759 1818 οἰ-

2175 1869 2290 1939 κίᾳ.
2311 1866 2392 1922 Τὰ
2425 1866 2602 1921 πάντα
2627 1864 2929 1932 κατηφείας
2960 1863 3136 1932 μεστά
3157 1880 3170 1892 ·
3196 1861 3339 1930 τάχα
3366 1861 3461 1914 καὶ
3483 1861 3511 1911 ὁ
3538 1860 3651 1928 ἀήρ
3678 1874 3761 1910 σοι

2176 1962 2539 2032 ἠλλοιωμένος
2564 1962 2630 2030 τῇ
2660 1956 2944 2011 ἀλλοιώσει
2978 1957 3087 2007 τῶν
3117 1953 3349 2025 φρενῶν.
3381 1951 3492 2006 Ποῦ
3525 1953 3558 2020 ἡ
3589 1966 3763 2018 προσ-

2180 2056 2370 2126 ιεμένη
2407 2071 2465 2105 σε
2499 2050 2788 2105 ἐπανιόντα
2818 2050 2958 2102 οἴκοι
2989 2047 3305 2119 περιχαρῶς
3333 2045 3441 2099 ἀπὸ
3474 2043 3586 2096 τῶν
3626 2043 3764 2095 ἀνα-

2177 2147 2448 2217 κτορικῶν
2478 2143 2803 2214 διατριϐῶνς
2838 2141 2948 2195 Ποῦ
2982 2141 3016 2211 ή
3054 2141 3180 2203 τοὺς
3209 2136 3636 2210 ἀγχιστεύοντας
3673 2137 3763 2189 δε⁴

2179 2237 2434 2307 ξιουμένη
2477 2234 2770 2300 ὲπιεικῶς;
2793 2236 2828 2305 ὴ
2881 2232 3027 2298 τόδε,
3063 2231 3160 2286 καὶ
3191 2231 3312 2283 τόδε
3346 2227 3440 2281 καὶ
3472 2227 3577 2279 ὅσα
3619 2227 3761 2288 ἐστὶ,

2179 2336 2465 2405 συντόμως
2511 2335 2708 2398 εἰπεῖν,
2759 2330 3110 2384 διευθετοῦσα
3167 2327 3262 2381 καὶ
3319 2322 3762 2392 πμὸιόἀζουσα,

2175 2425 2538 2496 οἰκονομοῦσά
2573 2440 2631 2476 τε
2668 2423 2761 2477 καὶ
2790 2423 3115 2493 οἰκουροῦσα
3141 2459 3156 2480 ,
3186 2417 3285 2470 ὅσα
3310 2416 3379 2467 τὰ
3412 2414 3536 2468 κατ’
3570 2410 3724 2467 οἷκον
3746 2425 3762 2439 '

2174 2521 2277 2574 ὅσα
2313 2519 2382 2572 τὰ
2408 2517 2542 2589 πρὸς
2571 2516 2769 2580 ἄλλους
2799 2515 3035 2575 οἰκείους
3066 2529 3125 2565 τε
3157 2513 3251 2564 καὶ
3277 2509 3762 2579 ἐπιξενουμένους.

2177 2613 2363 2667 Πάντα
2410 2611 2617 2681 οἴχεται
2647 2613 2740 2664 καὶ
2779 2608 3061 2663 ἀπόλωλεο
3106 2605 3202 2657 καὶ
3241 2604 3550 2674 γεγόναμεν
3580 2602 3660 2662 ὡς
3707 2603 3767 2651 ἐν

2177 2704 2385 2775 ἐρημίᾳ
2412 2705 2629 2758 πάντων
2655 2703 2762 2755 τῶν
2784 2701 3095 2770 προσόντων
3121 2696 3343 2765 ἀγαθῶν
3371 2694 3765 2764 ἀπεστερημέ-

2177 2811 2280 2848 νοι.
2300 2794 2552 2848 Τοιοῦτον
2584 2795 2678 2846 καὶ
2701 2789 3018 2862 τηλικοῦτον
3047 2789 3107 2842 τὸ
3129 2790 3299 2853 πάθος
3325 2790 3423 2858 τῆς
3450 2789 3645 2856 τιμίας
3669 2802 3766 2839 σου

2176 2887 2379 2958 ψυχῆς,
2407 2883 2450 2941 ὧ
2482 2887 2738 2946 δέσποτα,
2764 2884 2856 2936 καὶ
2885 2882 3110 2952 οὐδεμία
3144 2880 3469 2953 παραμυθία
3500 2879 3640 2947 πρὸς
3667 2881 3767 2931 ἀνο

2179 2979 2414 3051 θρώπων
2446 2976 2772 3045 ίκανουμένη
2816 2973 3148 3029 καταλεᾶναι
3183 2975 3280 3044 τὴν
3313 2970 3770 3041 φλεγμαίνουσαν

2182 3091 2276 3128 σου
2303 3073 2553 3142 καρδίαν,
2584 3069 2617 3138 ἢ
2649 3065 2803 3135 παρὰ
2830 3067 3000 3137 μόνου
3023 3067 3159 3120 Θεοῦ
3186 3066 3279 3120 τοῦ
3312 3064 3771 3134 παρακαλοῦντος

2179 3166 2305 3227 τοὺς
2333 3161 2623 3223 ταπεινοὺς
2648 3161 2713 3230 τῇ
2749 3159 2969 3231 καρδίᾳ,
3006 3159 3096 3213 διὰ
3133 3159 3235 3226 τῆς
3273 3157 3383 3209 τῶν
3412 3155 3643 3224 ἀγαθῶν
3686 3155 3773 3208 λοι

2181 3256 2394 3326 γισμῶν
2441 3253 2785 3325 ἀναλήψεως.
2826 3253 3044 3323 Ἐκείνη
3091 3252 3190 3322 μὲν
3239 3245 3333 3302 οὖν
3379 3254 3411 3320 ἠ
3473 3247 3769 3318 μακαρία·

490 3353 635 3400 stam
662 3363 677 3409 ;
715 3345 874 3414 cujus
897 3344 1095 3399 indicia
1131 3343 1299 3396 multa
1331 3351 1482 3405 sunt,
1511 3358 1747 3413 quorum
1776 3359 1878 3399 nos
1910 3347 2074 3399 etiam

2184 3347 2436 3418 μακαρία
2476 3348 2584 3416 γάρ
2618 3349 2794 3410 ἐστιν,
2837 3346 2926 3399 ἐπ’
2960 3347 3026 3400 ἀν
3069 3346 3167 3412 τὴν
3211 3343 3397 3394 πίστιν
3443 3342 3581 3412 πρὸς
3631 3341 3774 3393 Θεὸν

491 3445 751 3506 expertes
782 3451 892 3489 non
925 3433 1130 3488 fuimus
1164 3450 1176 3485 :
1210 3433 1275 3485 ad
1302 3443 1634 3499 extremum,
1669 3451 1793 3504 qua:
1817 3446 2074 3504 tanquam

495 3543 695 3585 aurum
744 3527 799 3581 in
849 3525 1001 3596 igne,
1040 3525 1310 3580 diuturno
1350 3541 1414 3580 ac
1463 3525 1672 3581 difﬁcili
1723 3528 1914 3581 morbo
1951 3541 2078 3592 pro-

493 3622 619 3677 bata
667 3619 796 3673 hinc
844 3618 1106 3673 evolavit.
1152 3617 1336 3684 Quare
1377 3618 1479 3673 hoc
1520 3618 1680 3673 nobis
1721 3620 1856 3673 satis
1890 3627 1974 3673 est
2011 3620 2076 3671 ad

492 3711 957 3776 consolationem,
991 3713 1137 3781 quod
1178 3712 1342 3765 talem
1374 3725 1601 3764 uxorem
1633 3710 1704 3764 ad
1733 3709 1899 3763 Deum
1940 3724 2079 3779 prae-

492 3805 737 3868 miseris,
789 3820 912 3873 quae
965 3803 1350 3874 pulcherrimae
1405 3801 1844 3857 conversationis
1887 3817 2078 3856 exeni-

492 3897 644 3968 plum
697 3911 854 3951 suam
913 3897 1086 3966 ipsius
1129 3897 1296 3948 vitam
1345 3893 1501 3948 uobis
1553 3894 1799 3963 reliquit.
1855 3893 2081 3949 Accedit

496 3990 668 4060 quod,
699 4005 823 4045 cum
860 3990 914 4043 in
961 3988 1164 4043 divinis
1205 3989 1320 4056 ipse
1354 3988 1430 4042 sis
1469 3987 1736 4054 eruditus,
1767 4003 1878 4041 non
1912 3988 2080 4044 debes

493 4098 562 4138 ex
596 4097 663 4138 eo
702 4082 847 4152 quod
897 4075 1121 4145 accidit,
1157 4081 1500 4135 conturbari.
1539 4079 1664 4137 Scis
1703 4083 1873 4146 enim,
1913 4083 2079 4138 simul

493 4182 656 4243 atque
690 4174 745 4227 in
795 4174 935 4228 hanc
982 4174 1158 4227 lucem
1200 4171 1312 4227 Deo
1339 4173 1555 4228 volente
1604 4175 1887 4230 nascendo
1918 4176 2077 4228 veni-

492 4277 641 4326 mus,
688 4262 850 4316 nobis
892 4262 1099 4316 exitum
1154 4263 1490 4332 impendere,
1533 4280 1757 4334 prorsus
1805 4264 2078 4319 uativitati

494 4354 770 4409 adnexum
824 4370 926 4409 nec
977 4356 1339 4410 immortalem
1385 4355 1556 4410 ullum
1610 4358 1883 4411 hominem
1934 4372 2075 4421 esse,

499 4461 601 4502 nec
624 4447 940 4517 conjugium
973 4448 1144 4502 ullum
1172 4449 1574 4503 indissolubile.
1602 4448 2076 4518 Contemplemur,

498 4534 547 4590 si
578 4533 778 4605 placet,
827 4537 897 4590 ab
923 4536 1094 4590 Adam
1127 4536 1195 4590 ad
1229 4538 1371 4590 hunc
1406 4552 1583 4605 usque
1623 4537 1793 4601 diem,
1827 4547 1883 4593 et
1916 4554 2077 4608 repe-

493 4628 705 4681 riemus
737 4628 899 4681 aliam
930 4643 993 4681 ex
1030 4629 1161 4692 alia,
1208 4628 1453 4697 quandiu
1486 4630 1651 4684 stabit
1696 4629 1784 4684 hic
1815 4633 2073 4694 mundus,

2181 3439 2448 3507 ἐκέκτητο
2478 3437 2720 3506 ἀσφαλῆ,
2759 3436 2854 3488 καὶ
2901 3436 2992 3489 τὸν
3027 3435 3140 3505 βίον
3170 3433 3398 3486 διετέλει
3430 3432 3658 3501 σεμνόν·
3707 3423 3773 3484 οὗ

2180 3532 2539 3601 γνωρίσματα
2582 3530 2775 3595 πολλὰ,
2808 3523 2884 3585 ὧν
2916 3534 3013 3584 καὶ
3041 3531 3201 3600 ἡμεῖς
3225 3528 3324 3580 οὐκ
3353 3527 3574 3597 ἄμοιροι
3603 3543 3774 3578 τετυ-

2179 3625 2465 3697 χήκαμεν⁹
2511 3622 2573 3674 τὸ
2614 3621 2671 3674 δὲ
2703 3621 3034 3685 τελευταῖον,
3077 3622 3160 3674 ὅτι
3201 3619 3276 3682 ὡς
3304 3618 3507 3689 χρυσὸς
3535 3619 3596 3669 ἐν
3630 3619 3778 3697 πυρὶ

2179 3721 2244 3789 τῇ
2280 3716 2596 3788 μακροτέρα
2625 3715 2720 3767 καὶ
2747 3714 3015 3786 δυσοίστῳ
3039 3714 3178 3784 νόσῳ
3216 3712 3617 3782 δοκιμασθεῖσαι
3655 3696 3775 3764 ὰπ-

2181 3811 2319 3881 έπτη
2371 3809 2479 3862 τῶν
2528 3808 2761 3863 ἐνθένδε.
2795 3808 3006 3862 Οὐκοῦν
3039 3806 3271 3878 ἀρκετὸν
3306 3808 3439 3877 ἡμῖν
3479 3805 3641 3858 τοῦτο
3682 3808 3774 3868 εἰς

2180 3902 2563 3975 παρηγορίαν
2602 3903 2686 3954 ὅτι
2714 3901 3052 3972 τηλικαύτην
3086 3901 3356 3969 όμόζυγον
3390 3897 3778 3969 παρέπεμψας

2184 3997 2282 4066 μὲν
2313 3994 2450 4064 Θεῷ,
2468 3995 2779 4065 ὑπόδειγμα
2810 3995 3109 4064 καλλίστης
3137 3991 3418 4054 πολιτείας
3444 3992 3538 4044 τὸν
3564 3992 3779 4059 ἑαυτῆς

2182 4088 2296 4158 βίον
2323 4089 2674 4159 ὲναφήσασαν
2719 4091 2876 4160 ἡμῖν.
2915 4088 3025 4142 Καὶ
3079 4087 3255 4149 ἄλλως
3301 4087 3382 4138 ὅτι
3415 4085 3484 4136 τὰ
3530 4085 3652 4137 θεῖα
3693 4085 3777 4137 ὢν

2181 4178 2620 4248 πεπαιδευμένος
2648 4178 2830 4242 αὐτὸς,
2862 4176 2922 4230 οὺ
2953 4174 3210 4228 τοσοῦτον
3239 4173 3477 4243 ὀφείλεις
3503 4170 3780 4240 ἐκσταθῆ-

2179 4287 2268 4323 ναι
2316 4271 2409 4322 ἐπὶ
2452 4270 2530 4339 τῷ
2577 4269 2843 4338 γεγονότι.
2875 4264 3041 4330 Οἶδας
3089 4267 3202 4336 γὰρ
3234 4267 3334 4319 -ὄτι
3385 4267 3465 4326 εἰς
3507 4263 3775 4332 γέννησιν

2180 4363 2505 4434 ἐληλυθότες
2535 4362 2661 4416 κατ’
2693 4362 2941 4415 εὐδοκίαν
2979 4360 3135 4422 Θεοῦ,
3168 4361 3385 4420 πάντως
3413 4360 3480 4427 τῇ
3509 4357 3773 4425 γεννήσει

2182 4452 2598 4522 συνεζέυγμένη
2644 4452 2739 4505 καὶ
2771 4454 2803 4520 ἠ
2851 4450 3030 4516 ἔξοδος
3072 4453 3206 4520 ἡμῖν
3241 4447 3627 4520 προσγίνεται.
3671 4447 3776 4500 καὶ

2177 4547 2348 4610 οὐδεὶς
2397 4547 2683 4617 ἄνθρωπος
2747 4545 3054 4608 ἀθάνατος,
3106 4545 3199 4596 καὶ
3251 4540 3477 4610 οὐδεμία
3533 4540 3778 4606 συζυγία

2181 4639 2554 4702 ἀδιάζευκτος.
2595 4637 3118 4707 Ἀναθεωρήσωμεν,
3173 4637 3220 4687 εἰ
3270 4633 3438 4692 δοκεῖ,
3487 4632 3617 4695 τοὺς
3659 4633 3778 4684 ἀπὸ

492 4719 916 4774 descendentem
964 4720 1399 4774 successionem.
1438 4721 1540 4777 Ubi
1577 4732 1703 4776 sunt
1747 4723 1839 4790 qui
1890 4731 1941 4775 te
1983 4739 2075 4792 ge-

2196 4732 2369 4800 Ἀδάμ
2411 4730 2572 4799 μέχρι
2617 4705 2880 4800 τήμερον,
2915 4731 3009 4781 καὶ
3040 4728 3344 4797 εὑρήσομεν
3386 4725 3486 4794 τὴν
3518 4725 3779 4794 ὑπάλλη-

493 4821 756 4875 nuerunt,
784 4810 1036 4874 Domine,
1073 4821 1129 4866 et
1155 4812 1252 4882 qui
1286 4813 1411 4867 illos
1445 4814 1838 4883 procrearunt?
1860 4822 1914 4869 et
1951 4831 2076 4869 sur-

492 4920 614 4960 sum
661 4920 852 4959 versus
882 4919 1223 4968 commeans,
1278 4905 1429 4961 aliud
1475 4907 1610 4961 nihil
1643 4908 1878 4976 reperies
1908 4925 2072 4977 quam

493 4994 700 5049 ﬂuxum
727 5011 792 5051 ac
819 4995 1098 5053 deﬂuxum
1131 4997 1185 5050 in
1219 4997 1537 5052 hominibus
1571 5014 1692 5054 esse
1727 5009 2069 5068 perpctuum.

495 5088 638 5153 Quid
675 5088 844 5157 igitur
875 5103 1020 5142 nunc
1053 5098 1137 5142 est
1170 5091 1316 5159 quod
1349 5091 1652 5159 quaeritur?
1685 5090 1755 5145 Ut
1784 5093 1928 5161 apud
1973 5109 2074 5147 nos

493 5180 690 5243 simus,
729 5187 784 5232 et
828 5196 1108 5250 nunquam
1156 5181 1544 5237 obliviscenda;
1577 5185 1788 5239 mulieri
1829 5199 2072 5253 congrua

494 5270 715 5338 quidem
767 5269 917 5339 justa
966 5273 1341 5342 persolvamus
1377 5277 1499 5344 (pro
1548 5293 1653 5346 qua
1707 5292 1806 5330 nos
1853 5293 2072 5347 quoque

494 5363 729 5418 humiles
762 5380 870 5418 non
898 5366 1183 5420 minimum
1208 5369 1414 5436 precati
1444 5383 1638 5424 sumus
1661 5381 1718 5425 ut
1748 5371 1798 5424 in
1834 5371 1936 5425 hac
1963 5371 2072 5424 vita

492 5464 872 5520 permaneret;
913 5457 1132 5512 tametsi
1174 5459 1443 5525 exauditi,
1484 5471 1543 5515 ut
1581 5472 1915 5530 peccatores,
1961 5477 2071 5515 non

2182 4824 2271 4877 λον
2306 4823 2557 4892 διαδοχὴν
2597 4820 2890 4874 κατιοῦσαν
2922 4819 3027 4882 ’έως
3057 4818 3123 4872 ἂν
3158 4819 3253 4871 καὶ
3281 4817 3509 4887 συσταίη
3555 4819 3583 4869 ὁ
3637 4819 3776 4886 τῇδε

2182 4914 2406 4982 κόσμος.
2443 4910 2552 4965 Ποῦ
2584 4913 2633 4963 οἱ
2667 4909 2936 4979 φύσαντες
2967 4926 3025 4961 σε
3052 4949 3067 4973 ,
3110 4907 3365 4972 δέσποτα,
3398 4907 3492 4960 καὶ
3531 4907 3580 4958 οἱ
3613 4907 3775 4958 ἐκεί⁸

2176 5005 2612 5072 νους,τεκόντες;
2652 5004 2746 5055 καὶ
2776 5002 3115 5066 ἀναποδίζων
3137 5002 3290 5054 οὐδὲν
3324 4999 3451 5053 ἄλλο
3481 5000 3773 5069 εὑρήσεις,

2177 5098 2209 5168 ἦ
2248 5097 2377 5168 ῥοὴν
2419 5097 2511 5149 καλ.
2537 5093 2812 5167 ἀπορροὴν
2845 5094 2912 5147 τὰ
2931 5093 3274 5165 ἀνθρώπινα.
3296 5094 3359 5144 Τί
3391 5088 3482 5144 οὖν
3506 5094 3625 5143 ἐστι
3668 5091 3775 5144 νῦν

2175 5192 2235 5243 τὸ
2267 5189 2630 5260 ζητούμενον;
2678 5189 2826 5250 ὅπως
2868 5190 2950 5248 είς
2983 5188 3132 5257 ἡμᾶς
3173 5186 3373 5247 αὐτοὺς
3417 5183 3767 5252 γενοίμεθα,

2177 5284 2272 5336 καὶ
2307 5283 2376 5334 τὰ
2420 5283 2516 5351 μὲν
2563 5281 2750 5334 είκότα
2781 5281 3047 5346 ἐπιτάφια
3101 5278 3508 5341 ἐπιτελέσωμεν
3541 5277 3608 5343 τῇ
3641 5275 3770 5327 ἀει-

2184 5373 2432 5442 μνήστῳ’
2484 5371 2626 5440 ὑπὲρ
2673 5364 2740 5442 ἦς
2770 5371 2863 5423 καὶ
2901 5370 3064 5439 ἡμεῖς
3095 5370 3143 5420 οἱ
3174 5367 3421 5420 ταπεινοὶ
3447 5366 3547 5419 οὐκ
3575 5365 3771 5434 ἐλάχι-

2184 5481 2281 5516 στα
2307 5463 2609 5534 ηὐξάμεθα,
2629 5465 2677 5515 εἰ
2701 5462 2793 5514 καὶ
2817 5460 2917 5512 οὑκ
2941 5457 3291 5528 ὴκούσθημεν
3316 5455 3390 5518 ὡς
3416 5454 3764 5524 ἁμαρτωλοὶ,

2009 5667 2244 5723 NOTAE.

568 5821 678 5894 (80)
711 5822 769 5877 lu
802 5824 926 5880 cod.
956 5822 1085 5896 Reg.
1121 5821 1265 5895 ρπθ’.
