3966 6476
1352 422 1892 486 EPISTOLARUM
1939 427 2085 488 LIB.
2151 429 2231 489 ΙΙ.

174 523 233 572 τὸ
265 523 551 616 ἐπιμεῖναι
578 525 749 598 αὐτὴν
779 529 838 581 ὲν
864 529 1003 601 τῷδε
1036 531 1116 602 τῷ
1147 532 1274 603 βίῳ’
1298 533 1368 588 τὰ
1396 536 1453 589 δὲ
1484 537 1594 590 τῶν
1629 540 1753 592 παί-

1861 541 2150 610 fuerimus)
2190 552 2247 596 ut
2285 557 2408 612 quae
2439 544 2505 599 ad
2551 543 2694 600 ﬁlios
2728 557 3000 616 spectant,
3035 558 3185 603 recte
3227 554 3433 604 consti-

174 614 302 681 δων,
350 611 410 668 εὖ
443 615 777 689 διαθώμεθα,
815 624 910 676 καὶ
945 623 1014 677 τὰ
1044 625 1290 695 ἡμέτερα
1345 625 1526 692 ὲξόδια
1558 647 1758 700 προευο

173 705 558 777 τρεπίσωμεν,
585 711 1002 780 ὲμὸιοτεύοντες
1030 717 1108 786 τῷ
1141 717 1241 788 βίῳ
1280 717 1626 790 θεοπρεπῶς’
1672 723 1760 776 ἵνα

177 802 549 866 μεταστάντες
582 804 692 858 τῶν
722 806 955 872 ἐνθένδε,
982 810 1219 879 ὁπηνίκα
1249 810 1537 880 ἐπιτρέπει
1566 815 1599 882 ἡ
1629 815 1759 883 πρό-

177 909 319 955 νοια,
351 894 666 966 εὑρήσομεν
694 899 874 951 ἐκεῖσε
906 903 1003 971 τὴν
1033 902 1204 972 καλὴν
1229 905 1498 972 ὀμόζυγον
1524 906 1580 957 ἐν
1607 906 1757 959 ἀπεί-

172 999 289 1052 ροις
336 986 505 1038 αίῶσι
549 989 850 1058 χαίρουσαν
896 992 995 1046 σὺν
1043 995 1177 1062 ἡμῖν
1209 995 1390 1057 αὐτοῖς
1417 995 1512 1047 ἐπὶ
1538 996 1756 1064 μεθέξει

170 1074 278 1126 τῶν
328 1077 664 1148 ἀπορρήτων
713 1082 956 1149 ἀγαθῶν.
1008 1084 1195 1136 Ταῦτα
1245 1086 1294 1137 εί
1348 1087 1443 1139 καὶ
1498 1085 1758 1157 ἐλάχιστα

170 1167 308 1236 πρὸς
343 1172 691 1240 παρηγορίαν
712 1189 726 1204 ο
747 1175 897 1242 ὅμως
923 1176 1004 1228 ὅτι
1032 1177 1374 1230 ὲπιδεικτικὰ
1403 1179 1504 1250 τῆς
1534 1181 1758 1251 ἀγάπης

171 1271 288 1317 σου,
351 1257 484 1328 ἥτις
543 1260 637 1312 καὶ
698 1262 985 1331 χαρισθείη
1044 1264 1174 1333 ἡμῖν
1231 1263 1467 1334 εὔθυμος
1521 1267 1616 1319 καὶ
1662 1268 1756 1320 εὐ-

172 1347 568 1417 παρηγόρητος
599 1351 690 1402 ἐπὶ
723 1352 824 1422 τῆς
857 1354 950 1404 ἐπὶ
978 1355 1154 1408 πάντα
1183 1358 1264 1418 είς
1290 1356 1424 1409 Θεὸν
1447 1356 1759 1419 ἀναθέσεως

171 1435 350 1506 ὑμῶν.

309 1555 468 1608 PIIZ'
496 1556 941 1625 (81).-Λέοντι
968 1559 1372 1626 Σακελλάρίφ.
1418 1558 1604 1632 [ψνη’.]

1857 645 2098 700 luamus,
2134 644 2189 689 et
2229 636 2295 689 ad
2337 636 2543 690 exitqu
2583 646 2832 691 nostrum
2882 654 2983 693 nos
3022 654 3434 708 comparemus,

1855 727 2024 780 vitam
2054 728 2197 782 hanc
2230 726 2340 782 Deo
2360 728 2521 796 digne
2547 729 2918 798 transigentes
2947 748 2961 784 :
2995 740 3054 784 ut
3085 732 3214 786 hinc
3241 744 3427 787 trans-

1856 819 1949 872 lati
1993 829 2122 874 tunc
2164 834 2290 874 cum
2326 820 2556 889 jusserit
2587 821 2945 890 providentia,
2981 823 3094 878 illic
3138 826 3436 881 nancisca~

1855 927 1978 964 mur
1999 912 2273 981 egregiam
2305 913 2592 982 conjugem
2626 914 2852 970 inlinitis
2885 917 3100 971 saeculis
3145 918 3433 972 nobiscum

1860 1004 1915 1058 in
1944 1005 2364 1074 participatione
2396 1007 2752 1060 inell'abilium
2786 1007 3053 1062 bonorum
3082 1010 3431 1079 gaudentem.

1859 1092 2006 1158 Haec,
2039 1095 2164 1149 licet
2211 1096 2408 1164 exigua
2459 1099 2524 1151 ad
2558 1099 3018 1165 consolationem,
3055 1111 3301 1155 nostram
3355 1111 3438 1155 ta-

1859 1199 1983 1238 men
2041 1186 2392 1240 testabuntur
2456 1186 2894 1242 benevolentiam
2949 1206 3075 1260 erga
3131 1199 3183 1244 te
3225 1206 3433 1260 :quem

1858 1276 2018 1329 velim
2066 1291 2282 1345 semper
2329 1292 2452 1332 esse
2492 1277 2637 1330 bono
2669 1278 2854 1332 animo
2907 1288 2961 1333 et
2995 1281 3059 1334 ad
3100 1280 3432 1334 consolatio-

1859 1381 1983 1421 nem
2020 1367 2338 1436 capiendam
2375 1376 2564 1437 parato
2603 1383 2702 1437 pro
2738 1377 2832 1424 tua
2865 1369 2919 1423 in
2960 1370 3067 1425 Deo
3101 1371 3322 1427 ﬁducia.

2171 1562 2526 1621 CLXXXVII.
2545 1596 2618 1606 —
2644 1564 2811 1621 Leoni
2842 1566 3160 1623 Sacellario.

1273 1676 1464 1727 Gratias
1490 1679 1590 1740 agit
1614 1683 1670 1727 et
1696 1676 1909 1728 virtutes
1943 1679 2054 1742 ejus
2081 1679 2333 1742 praedicat.

238 1783 356 1838 Kal.
407 1785 620 1855 σιωπᾷν
666 1784 767 1839 οὐκ
802 1786 1213 1859 ὲπιτρεπόμεθα
1253 1788 1364 1841 τῶν
1414 1789 1749 1860 εὐεργεσιῶν

1925 1790 1993 1847 Ει
2020 1792 2182 1847 silere
2217 1793 2379 1847 nobis
2425 1807 2532 1846 non
2563 1793 2689 1849 licet
2719 1795 2814 1864 qui
2858 1809 3088 1849 summae
3126 1807 3183 1851 et
3225 1798 3441 1852 deside-

169 1874 266 1944 τῆς
312 1876 585 1946 μεγίστης
632 1877 729 1931 καὶ
773 1877 1108 1950 ὲπιποθήτου
1157 1896 1250 1933 σου
1298 1882 1571 1951 ὑπεροχῆς
1618 1884 1756 1936 ἁπο-

169 1965 460 2031 λαύοντεςο
497 1970 590 2022 καὶ
617 1969 865 2043 ἁπαντᾷν
908 1971 1029 2025 κατ’
1072 1972 1228 2038 ἀξίαν
1260 1973 1360 2025 οὐκ
1386 1973 1753 2042 εὐποροῦμεν,

168 2058 329 2128 λόγου
363 2061 702 2133 ἀποροῦντες
729 2064 1116 2136 προσήκοντος.
1151 2065 1214 2117 El
1244 2065 1300 2118 δὲ
1322 2066 1403 2118 ὅτι
1436 2067 1468 2136 ὴ
1503 2067 1756 2138 θεοφιλής

172 2165 265 2203 σου
303 2149 460 2222 ψυχὴ
489 2151 562 2222 μὴ
592 2150 769 2216 οὕτως
798 2153 990 2218 οἴεται,
1022 2153 1080 2206 οὐ
1121 2153 1534 2223 θαυμαστόν.⁰Η
1554 2156 1754 2225 ἀγάπη

169 2245 298 2314 γὰρ,
352 2245 512 2314 φησι,
547 2245 614 2298 τὸ
641 2245 832 2298 κακὸν
870 2246 941 2299 οὺ
988 2243 1314 2314 λογίζεται-
1356 2248 1480 2299 ἐπεὶ
1521 2250 1617 2300 καὶ
1665 2249 1758 2302 ἕκ-

169 2336 342 2390 παλαι
380 2337 444 2389 τὸ
471 2337 604 2391 αὐτὸ
636 2337 794 2390 είωθε
829 2337 1054 2406 φιλικῶς
1087 2338 1493 2408 ὑπολαμϐάνειν
1530 2342 1625 2394 καὶ
1666 2357 1756 2393 σε·

174 2431 397 2501 μνύνειν
433 2431 578 2501 ὑμᾶς
603 2430 812 2500 δωρεὰν
841 2432 966 2494 τοὺς
991 2431 1288 2502 ἁλητίμους
1307 2448 1320 2461 ·
1350 2434 1439 2486 καὶ
1463 2433 1537 2497 ὦς
1568 2452 1755 2502 φασιν,

170 2524 286 2576 οὐδὲ
319 2524 642 2592 συγκρίνειν
665 2523 811 2594 ἔχεις
843 2525 979 2595 πρὸς
1008 2524 1272 2595 ἀλλήλους
1305 2525 1424 2578 καθ’
1455 2529 1752 2598 ὑπεροχήν.

182 2616 340 2668 Ἀλλά
369 2614 546 2669 ταῦτα
577 2615 697 2686 μὲν,
737 2616 813 2681 ὡς
846 2619 1081 2688 εἴρηται,
1106 2619 1204 2688 τῆς
1238 2618 1388 2690 ἱερᾶς
1420 2619 1656 2690 στοργῆς
1690 2621 1758 2672 τὰ

170 2708 506 2778 συμόόλαια.
539 2709 710 2772 Αὐτὸς
745 2711 822 2773 δὲ,
856 2703 901 2763 ὧ
936 2711 1356 2774 παντεπαίνετε,
1391 2710 1575 2773 ἔοικας
1598 2711 1758 2781 ἀκρό-

171 2801 324 2865 πολίς
371 2820 459 2865 τις
505 2802 818 2873 ἐνιδρύσθαι
849 2805 905 2854 ὲν
929 2807 995 2874 τῇ
1032 2803 1263 2873 βασιλίδι
1295 2803 1402 2855 τῶν
1432 2803 1643 2856 πόλεων
1663 2819 1678 2833 ’
1721 2804 1754 2874 ἢ

169 2894 406 2966 τάληθὲς
440 2894 769 2965 οἰκειότερον
796 2896 989 2959 εἰπεῖν,
1019 2895 1184 2966 λιμὴν
1215 2890 1757 2966 πολυχώρητοςξθλι-

168 2990 419 3059 δομένων
446 2989 756 3052 ἀνάπαυλα,
782 2988 1063 3058 διψώντων
1085 2990 1246 3057 λόγου
1270 2988 1545 3060 ἐμμελοῦς
1574 2988 1756 3041 ἱκανὸν

169 3083 545 3154 παραμύθιον,
594 3084 962 3152 καθεκάστην,
1008 3082 1082 3145 ὼς
1143 3085 1337 3148 εἰπεῖν,
1380 3081 1754 3152 εἰσδεχόμενος

1859 1894 1990 1940 ratae
2017 1886 2351 1940 excellentia:
2385 1896 2488 1940 tua:
2515 1888 2795 1940 beneliciis
2821 1886 3080 1950 fruimur,
3120 1901 3174 1944 et
3204 1906 3441 1960 respon-

1858 1977 1988 2033 dere
2024 1993 2122 2047 pro
2149 1978 2414 2048 dignitate
2445 1994 2553 2032 non
2598 1993 2917 2047 possumus,
2951 1983 3274 2049 congruenti
3321 1998 3444 2037 ser-

1859 2079 2022 2118 mone
2055 2065 2326 2120 destituti.
2360 2064 2518 2131 Quod
2545 2080 2674 2119 vero
2703 2066 2872 2119 Deum
2903 2083 3097 2122 amans
3128 2071 3314 2124 anima
3349 2082 3440 2126 tua

1857 2169 1966 2208 non
1995 2154 2076 2208 sic
2103 2156 2291 2216 sentit,
2323 2156 2524 2209 mirum
2557 2170 2662 2209 non
2698 2163 2804 2209 est.
2836 2154 3089 2211 Charitas
3123 2161 3348 2227 quippe,
3379 2171 3439 2214 ut

1859 2245 1957 2310 ait,
2013 2261 2118 2298 non
2171 2245 2723 2316 cogitat'malum”;
2787 2248 2914 2314 quia
2968 2249 3302 2318 jampridem
3354 2252 3438 2306 id-

1859 2338 2039 2407 ipsum
2073 2339 2230 2394 solita
2255 2347 2338 2393 est
2373 2338 2548 2392 amice
2581 2354 2933 2407 praesumere,
2963 2350 3016 2394 et
3051 2355 3152 2394 nos
3187 2341 3441 2412 indignos

1860 2433 2032 2501 gratis
2075 2433 2286 2485 honore
2341 2430 2593 2495 allicere;
2646 2441 2806 2501 teque
2849 2447 2973 2486 cum
3018 2433 3149 2488 'aliis
3177 2443 3439 2504 tanquam

1857 2523 2357 2586 excellentioribus,
2394 2523 2620 2576 minime
2657 2523 2855 2586 audes,
2905 2524 2983 2576 uti
3019 2524 3242 2588 dicitur,
3286 2532 3439 2580 co'm-

1858 2633 2074 2688 parare.
2121 2614 2326 2669 Verum
2382 2617 2520 2679 haec,
2593 2624 2652 2668 ut
2711 2614 2847 2681 dixi,
2911 2629 3082 2668 sacrae
3129 2616 3440 2672 dilectionis

1858 2724 1988 2769 sunt
2031 2712 2251 2766 indicia.
2297 2711 2378 2766 Tu
2412 2726 2565 2774 vero,
2603 2711 2969 2780 undequaque
2999 2710 3317 2775 laudabilis,
3352 2713 3438 2765 vi-

1857 2807 2004 2860 deris
2029 2805 2082 2857 iu
2117 2804 2333 2856 urbium
2369 2803 2577 2872 regina,
2613 2811 2871 2870 tanquam
2901 2816 2995 2854 arx
3033 2802 3280 2870 quaedam
3321 2801 3437 2856 col-

1859 2899 2096 2960 locatus,
2132 2905 2247 2960 aut,
2283 2906 2340 2950 ut
2366 2896 2584 2965 proprie
2619 2895 2794 2962 magis
2815 2908 3007 2947 verum
3053 2893 3252 2958 dicam,
3287 2895 3438 2946 velut

1858 3002 2048 3062 portus
2099 2989 2518 3059 capacissimus,
2576 2987 2902 3041 alﬂictorum
2957 2985 3196 3055 requies,
3247 2987 3439 3042 audire

1853 3085 2099 3154 jucunda
2139 3078 2487 3152 cupienlibus
2538 3080 2850 3135 consolatio
2903 3079 3120 3141 idonea.
3172 3080 3436 3149 quotidie.

169 3178 260 3228 καὶ
280 3175 878 3245 ίὼμενος,θεραπεύων
908 3192 965 3228 τε
994 3175 1090 3227 καὶ
1113 3176 1505 3243 ἀφοσιούμενος
1530 3173 1753 3237 τούτους

1861 3187 1922 3230 ut
1954 3177 2153 3236 dicam,
2203 3174 2498 3227 admittens
2531 3180 2588 3226 et
2628 3186 2856 3232 sanans,
2885 3186 3194 3240 procurans
3221 3179 3276 3224 et
3311 3171 3439 3227 reli-

170 3270 458 3331 κάκείνους
481 3308 497 3334 ,
536 3268 760 3338 μείζους
795 3270 889 3322 καὶ
933 3269 1192 3330 ἐλάττους
1219 3308 1232 3327 ,
1272 3269 1437 3336 ἱερεῖς
1489 3268 1584 3319 καὶ
1615 3267 1752 3336 ἀρχ-

171 3364 354 3434 ιερεῖς,
406 3360 640 3424 ἐντελεῖς
675 3362 771 3415 καὶ
816 3363 1162 3431 ὑφειμένους.
1208 3360 1295 3422 Ὠς
1327 3360 1752 3430 μεγαλοπρεπές

173 3466 262 3503 σου
293 3450 356 3502 τὸ
389 3449 535 3503 θεῖον
576 3451 817 3520 ἀξίωμα,
867 3451 1047 3504 καὶτὸ
1083 3450 1326 3518 θεοφιλὲς
1361 3451 1703 3521 πρακτήριον
1736 3451 1748 3504 I

173 3543 449 3613 Προσήκει
494 3559 576 3596 σοι
609 3544 803 3597 καὶτὰ
843 3542 936 3595 τοῦ
984 3543 1228 3610 ἀοιδίμου
1271 3543 1386 3595 ’1ὼὸ
1421 3543 1485 3594 τὰ
1531 3541 1756 3610 ἐπιφθέ-

173 3650 358 3704 γματα
381 3649 395 3661 ⁸
426 3635 632 3704 Πατὴρ
667 3635 962 3704 ἐγενόμην
996 3634 1272 3702 ὀρφανῶν
1295 3674 1309 3694 ,
1363 3635 1516 3698 ποὺς
1548 3633 1614 3686 δὲ
1645 3652 1754 3701 χω-

170 3724 310 3789 λῶν,
363 3727 546 3780 παντὶ
582 3727 650 3780 δέ
675 3726 967 3793 ἀνθρώπῳ
1013 3725 1307 3788 ἀνέῳκταί
1340 3744 1460 3793 μου
1497 3727 1534 3794 ἠ
1569 3726 1751 3794 θύρα,

171 3819 386 3872 καὶ-ὅσα
410 3818 623 3879 τούτοις
653 3818 1018 3888 συνεπόμενα.
1054 3819 1126 3870 Σὺ
1151 3817 1212 3869 τὸ
1245 3817 1497 3886 λείψανον
1529 3817 1626 3887 τῆς
1657 3818 1752 3869 εὐ-

172 3910 389 3974 σεϐείας
408 3927 422 3940 ·
450 3911 616 3974 αὐτὸς
641 3911 701 3964 τὸ
734 3912 1018 3981 κειμήλιον
1041 3911 1140 3980 τῆς
1176 3911 1484 3980 ὀρθοδοξίας
1505 3928 1516 3940 ·
1551 3910 1645 3962 καὶ
1684 3910 1753 3964 τὰ

173 4003 343 4059 πολλὰ
375 4004 722 4074 παρατρέχει
753 4007 780 4058 ὁ
805 4005 964 4073 λόγος
985 4021 998 4034 ο
1055 4005 1138 4056 ἵνα
1173 4003 1247 4073 μὴ
1277 4002 1403 4074 δόξῃ
1431 4002 1564 4072 πρὸς
1592 4003 1752 4072 χάριν

169 4094 366 4162 λέγειν,
411 4097 509 4149 καὶ
551 4096 841 4150 κολακείαν
891 4098 961 4150 τὰ
992 4097 1072 4158 εἰς
1120 4095 1409 4166 πρόσωπον
1463 4093 1750 4158 ἁκουτιςό-

173 4206 322 4258 μενα.
360 4191 553 4260 Ὅμως
589 4192 719 4261 μίαν
747 4190 932 4261 φωνὴν
970 4190 1230 4258 προσθεὶς
1280 4188 1620 4240 ἀποπαύσειε
1658 4187 1750 4239 τοῦ

170 4280 382 4348 λέγειν’
435 4283 536 4351 μία
572 4282 902 4353 παραμυθία
947 4283 1160 4352 Πατρὶ,
1213 4283 1512 4352 μονογενής
1558 4298 1617 4334 τε
1658 4281 1750 4332 καὶ

171 4373 492 4444 φιλοπάτωρ
531 4376 670 4441 υίδις,
703 4374 800 4426 καὶ
836 4378 901 4445 τῇ
964 4371 1196 4444 βασιλίδι
1235 4374 1446 4443 πόλειή
1481 4374 1546 4443 σὴ
1581 4391 1751 4444 μεγα-

171 4462 371 4534 λοφυής
410 4467 504 4517 καὶ
537 4465 866 4536 περιϐόητος
898 4465 1254 4535 ἁρισταρχία.

172 4578 321 4632 PﬂH'
344 4578 562 4650 (82).-—
585 4579 662 4648 Τῇ
694 4580 1000 4649 σπαθαρίᾳ
1027 4579 1132 4634 τοῦ
1162 4579 1524 4634 Φλαϐιανοῦ.
1555 4577 1746 4650 [MDL]

1863 3269 2015 3339 giose
2045 3267 2230 3321 colens
2260 3266 2360 3319 bos
2390 3275 2444 3318 et
2483 3263 2626 3327 illos,
2675 3264 2913 3331 majores
2953 3277 3016 3316 ac
3059 3262 3324 3328 minores,
3358 3277 3441 3316 sa-

1864 3361 2111 3416 cerdotes
2143 3369 2197 3413 et
2225 3358 2534 3427 episc0pos,
2572 3355 2841 3426 primores
2877 3364 2928 3408 et
2963 3354 3230 3410 subditos.
3263 3354 3438 3421 Quam

1866 3452 2156 3524 magniﬁca
2187 3461 2272 3506 est
2304 3451 2545 3521 dignitas
2584 3458 2676 3502 tua
2723 3447 2932 3509 divina,
2971 3456 3026 3500 et
3064 3444 3172 3500 Deo
3217 3457 3440 3515 accepta

1864 3544 2209 3600 exercitatio.
2258 3540 2382 3595 Tibi
2437 3540 2599 3594 etiam
2652 3538 2988 3592 conveniunt
3030 3536 3300 3590 decantati
3336 3535 3441 3589 Job

1863 3638 2030 3692 verba
2062 3653 2078 3685 :
2118 3634 2283 3688 Pater
2309 3649 2455 3686 erant
2485 3631 2864 3700 orphanorum,
2896 3638 2944 3682 et
2980 3644 3066 3696 pes
3101 3629 3439 3692 claudorum,

1861 3741 1911 3784 et
1962 3729 2106 3782 omni
2152 3727 2350 3779 homini
2385 3733 2572 3792 aperta
2617 3730 2733 3774 erat
2771 3720 2945 3789 janua
2996 3737 3111 3773 mea
3129 3722 3206 3787 ²⁹;
3249 3729 3302 3774 et
3335 3720 3440 3774 alia

1861 3833 1986 3887 quae
2034 3824 2360 3885 sequuntur.
2401 3813 2480 3866 Tu
2529 3811 2772 3880 reliquiae
2803 3809 3041 3880 pietatis,
3093 3819 3149 3864 tu
3193 3820 3442 3880 recepta-

1861 3911 2045 3966 culum
2087 3907 2478 3961 ortliodoxize:
2526 3914 2583 3958 et
2625 3908 2794 3957 multa
2831 3903 3201 3971 praetermittit
3239 3903 3440 3964 oratio,

1862 4020 1931 4059 ne
1967 4005 2031 4057 ad
2062 4004 2293 4072 gratiam
2329 3999 2480 4066 loqui
2521 4013 2642 4067 qua:
2679 3997 2732 4050 in
2783 4012 2844 4050 os
2884 3996 3162 4060 dicuntur,
3209 4005 3264 4049 et
3308 3996 3442 4050 adu-

1861 4099 1961 4152 lari
1992 4097 2258 4151 videatur.
2307 4093 2550 4147 Verbum
2588 4100 2770 4144 tamen
2818 4105 2985 4142 unum
3020 4090 3226 4144 addens
3269 4092 3444 4144 conti-

1860 4201 2059 4246 cescet.
2115 4188 2291 4241 Patris
2344 4201 2452 4240 una
2501 4193 2585 4240 est
2635 4183 2969 4246 consolatio,
3027 4182 3340 4252 unigenitus
3389 4193 3440 4236 et

1859 4293 2069 4352 patrem
2103 4294 2298 4332 amans
2333 4278 2498 4341 lilius,
2535 4287 2648 4329 tum
2683 4275 2885 4342 reginae
2923 4275 3045 4327 urbi
3095 4274 3440 4343 magnanima

1859 4385 1912 4431 et
1937 4374 2169 4430 celebris
2202 4374 2406 4441 optima
2440 4377 2532 4423 tua
2565 4369 2994 4423 administratio.

2033 4569 2412 4627 CLXXXVIII.
2446 4579 2519 4608 —'
2545 4565 2846 4637 Spatlturiw
2874 4564 3116 4618 Flaviani
3149 4566 3199 4630 ('
3219 4565 3256 4633 ).

1624 4691 1676 4740 ln
1713 4687 1852 4739 obitu
1882 4686 1990 4736 ﬁlii.

239 4799 518 4868 Ἐφθασεν
542 4798 575 4869 ἡ
599 4798 848 4870 ἁπευκτὴ
866 4799 1096 4868 ἀγγελία
1115 4799 1206 4852 τοῦ
1226 4816 1292 4850 πε
1303 4801 1354 4868 ρ).
1377 4798 1470 4852 τοῦ
1497 4799 1751 4868 ἀειμνήσ-

1931 4791 2186 4847 Pervenit
2215 4805 2392 4859 usque
2424 4787 2492 4841 ad
2533 4785 2897 4840 humilitatem
2931 4797 3151 4852 quoque
3190 4793 3436 4836 nostram

173 4907 256 4943 του
277 4891 509 4960 υίοῦῥσου
525 4890 754 4956 πάθους,
779 4894 939 4963 μέχρι
959 4892 1161 4962 καὶτῆς
1175 4895 1205 4963 ἡ
1217 4893 1331 4964 μῶν
1344 4909 1480 4944 ταπε
1491 4894 1746 4956 ινώσεως.

184 4982 266 5036 Ἐν
363 4984 558 5054 ὥσπερ
579 4986 629 5038 οί
659 4985 760 5048 τὰς
792 4985 960 5048 ἀκοὰς
985 4984 1273 5056 βροντηδὸν
1305 4985 1751 5055 καταπλαγέντες

176 5079 514 5149 πεπτήχασιν
544 5076 679 5141 ὅλως
702 5091 717 5106 ο
749 5076 922 5140 οὕτως
952 5080 1085 5148 ἡμῖν
1119 5079 1147 5131 ό
1177 5079 1332 5146 λόγος
1365 5078 1750 5150 ὲξαπορεῖσθαι

176 5171 460 5238 πεποίηκε,
497 5169 591 5221 καὶ
625 5168 759 5238 μηδὲ
789 5169 936 5239 ἔχειν
988 5187 1041 5222 τι
1074 5169 1410 5238 φθέγξασθαι
1459 5171 1605 5237 ἄξιον
1647 5172 1750 5238 τῆς

176 5257 377 5328 ὀδύνης.
418 5262 482 5313 Ὢ
509 5262 561 5314 τί
582 5261 807 5329 γέγονεν
840 5262 1099 5330 ὲξάπινας
1129 5263 1245 5326 πῶς
1266 5261 1436 5333 ᾤχετο
1459 5263 1596 5333 ἀνὴρ
1620 5263 1752 5315 θαυ-

183 5351 398 5418 μαστὸς,
462 5353 594 5406 αὐτὸ
631 5353 731 5421 τῆς
763 5354 979 5425 ἡλικίας
1035 5356 1184 5423 ἄγων
1235 5355 1297 5407 τὸ
1343 5353 1638 5424 βιώσιμον;
1675 5354 1750 5417 ὼς

185 5444 533 5515 μεγαλοήλιξί
593 5446 667 5510 ὡς
695 5447 899 5517 ὡραῖος
947 5447 1045 5518 τὴν
1098 5446 1256 5515 δψινί
1297 5447 1396 5514 ὡς,
1429 5447 1656 5517 εὐγενὴς
1691 5447 1750 5498 τὸ

246 5562 290 5594 ⁸⁸
314 5561 331 5614 l
359 5560 490 5617 Cor.
527 5577 647 5628 xui,
683 5562 734 5615 5.
810 5564 854 5593 ³⁸
877 5558 978 5615 Job
1012 5577 1163 5628 χχιι,
1197 5562 1284 5617 15.

1861 4886 2047 4943 feralis
2079 4884 2305 4938 nuntius
2349 4881 2416 4935 de
2451 4890 2667 4935 aeterna:
2719 4877 2995 4931 memoriae
3032 4875 3123 4928 lilii
3161 4877 3237 4927 tui
3284 4888 3436 4928 casu.

1860 4981 1918 5035 In
1945 4995 2074 5050 quo,
2100 4975 2563 5046 quemadmodum
2596 4972 2632 5025 ii
2661 4972 2861 5040 quibus
2890 4984 3051 5022 aures
3079 4970 3280 5021 tonitru
3317 4982 3439 5035 per-

1860 5087 2037 5128 cussa:
2069 5079 2214 5132 sunt,
2255 5069 2350 5122 toti
2395 5074 2548 5120 metu
2580 5072 3043 5126 consternantur;
3093 5062 3162 5113 ita
3201 5075 3303 5113 nos
3350 5059 3440 5113 hic

1859 5180 2047 5220 rumor
2078 5163 2133 5216 in
2166 5174 2410 5214 summas
2453 5157 2734 5225 angustias
2769 5155 2998 5223 redegit,
3035 5162 3093 5206 ut
3138 5167 3238 5205 nec
3270 5149 3438 5202 verba

1861 5261 2156 5323 suppetant
2189 5266 2312 5319 qua:
2341 5247 2491 5317 paria
2533 5247 2643 5299 sint
2674 5245 2875 5299 dolori.
2911 5243 2955 5297 Ο
2986 5244 3115 5313 quid
3148 5243 3440 5309 derepente

1859 5347 2068 5402 factum
2107 5345 2226 5398 est?
2256 5341 2531 5411 quomodo
2560 5340 2798 5394 excessit
2829 5339 2908 5391 vir
2951 5336 3327 5396 admirandus,
3373 5346 3438 5384 ea

1859 5455 2018 5500 aetate
2048 5459 2170 5514 quae
2207 5443 2445 5495 maxime
2487 5437 2672 5492 vitalis
2701 5446 2803 5500 est,
2843 5450 3003 5505 quam
3037 5444 3298 5501 procerus
3323 5441 3438 5482 Sla-

1714 5712 1947 5769 ΝΟΤίΕ.

255 5824 318 5894 (⁹)
345 5825 746 5883 Consolatoria.

259 5899 367 5970 (8|)
398 5901 456 5954 in
486 5901 609 5955 cod.
653 5898 765 5970 Reg
823 5903 963 5969 ριιακ

1948 5824 2061 5897 (82)
2099 5824 2156 5880 In
2197 5824 2318 5881 cod.
2353 5821 2484 5893 Reg.
2512 5826 2652 5894 ρίιακ
