3966 6470
571 334 711 401 1575
1761 357 1822 417 S.
1854 358 2252 422 THEODORI
2289 363 2633 427 STUDITAS
3688 378 3822 441 1576

561 453 735 510 tura!
778 470 943 526 quam
996 458 1224 529 pulcher
1271 468 1726 540 aspectutquam
1765 473 1964 529 nobilis
2012 491 2124 530 san-

2243 474 2415 547 αἷμαί
2444 480 2519 543 ὡς
2547 478 2783 550 εὐκλεὴς
2804 478 2863 534 τὸ
2888 478 3045 545 κῦδος
3064 479 3080 536 l
3102 481 3177 546 ὡς
3209 483 3369 553 μόνος
3396 485 3759 553 ἐγκαταλελει
3767 511 3823 560 μ-

564 545 775 616 guine?
823 563 987 615 quam
1047 551 1246 607 illustri
1309 554 1454 612 fama
1511 560 1825 630 gloriosus?
1877 575 2124 638 tanquan

2247 545 2408 639 μένος
2433 545 2784 642 παραμύθιον
2819 574 2987 643 μητρὶ
3015 574 3189 645 αίσίᾳ,
3209 545 3381 647 ὀἰκία
3410 545 3645 649 πατρῴα
3669 545 3823 651 ἔρει-

563 634 717 689 solus
750 636 975 693 relictus
1010 639 1200 697 fausta:
1231 646 1391 699 matri
1418 648 1746 712 consolatio,
1778 634 2018 721 paterna:
2054 654 2138 709 fa-

563 721 731 777 milize
757 723 1185 796 firmamentum,
1210 733 1395 802 generi
1428 734 1597 791 decus
1624 746 1679 792 et
1717 750 2136 809 ornamentum;

564 813 866 870 addiderim
911 826 966 872 et
1014 822 1179 889 regiis
1228 824 1449 892 palatiis
1500 828 1821 886 inusitatum
1863 843 2143 902 spectacu-

563 903 701 958 lum.
758 903 857 962 Hic
919 908 1216 981 longinqua
1271 911 1327 967 in
1378 916 1599 986 regione
1657 935 1743 974 res
1792 922 2139 991 imperatoris

563 992 980 1060 administrans,
1020 999 1261 1056 avolavit
1294 1021 1308 1058 :
1343 1012 1574 1059 matrem
1602 1008 1917 1077 relinquens
1951 1012 2139 1067 lauda-

564 1083 863 1150 tissimam,
890 1087 1203 1159 relinquens
1234 1093 1401 1149 simul
1430 1107 1483 1149 et
1506 1097 1773 1154 illustrem
1821 1102 2130 1173 coniugem,

564 1185 692 1226 cum
721 1175 955 1244 egregiis
985 1178 1189 1242 ﬁliolis,
1216 1190 1270 1234 et
1300 1182 1506 1238 lautam
1539 1185 1784 1249 domum.
1813 1193 2132 1260 sanguinem

562 1264 1002 1334 celeberrimum,
1038 1285 1150 1324 rem
1180 1273 1515 1341 opulentam,
1550 1278 1849 1335 industrios
1874 1280 2130 1349 famulos,

562 1354 858 1424 stipatores
904 1359 1187 1416 dominum
1235 1374 1516 1437 amantes,
1556 1368 1671 1425 haec
1712 1380 1766 1424 et
1799 1371 1920 1439 illa;
1967 1374 2132 1427 simul

562 1447 746 1501 omnia
780 1466 794 1502 :
825 1465 893 1504 ne
919 1453 1126 1508 minuta
1165 1470 1399 1526 quaeque
1435 1460 1751 1530 singillatim
1787 1474 2141 1545 consectetur.

561 1537 780 1592 oratio:
809 1540 1009 1598 dehinc
1052 1544 1123 1599 ab
1168 1548 1371 1603 exteris
1412 1550 1526 1605 oris
1579 1552 1802 1607 domum
1855 1571 2128 1620 reversus,

560 1642 704 1684 onus
747 1634 1143 1702 miserandum,
1196 1640 1570 1700 lamentabilis
1609 1661 1877 1703 occursus
1924 1658 1978 1702 et
2008 1652 2129 1705 urbi

558 1721 740 1792 regie,
796 1733 851 1778 et
906 1726 1096 1783 domui
1163 1734 1600 1800 Spectatissimae.
1662 1735 1706 1792 Ο
1764 1740 2127 1796 calamitatem

558 1806 945 1867 immodicam!
977 1814 1351 1886 lngemuerint
1391 1824 1537 1877 muri
1572 1824 1673 1893 ipsi
1715 1829 1887 1892 urbis,
1940 1843 2009 1885 ne
2045 1832 2127 1885 di-
2156 1826 2201 1882 Β

555 1913 679 1954 cam
714 1902 990 1974 principes
1022 1916 1077 1961 et
1112 1911 1373 1979 aequales.
1406 1912 1773 1983 lngemuerint
1805 1928 1858 1973 et
1891 1920 2127 1990 impera-

556 2000 705 2047 tores
731 1994 857 2064 ipsi,
892 2000 1137 2066 germine
1162 2002 1338 2056 orbati
1372 2006 1558 2061 multis
1592 2010 1909 2067 nominibus
1947 2014 2127 2068 admi-

554 2087 750 2141 rando.
811 2086 1133 2160 Lacrymata
1197 2092 1433 2152 fortasse
1498 2101 1704 2156 urbana
1766 2104 2123 2162 multitudo:

558 2188 756 2233 maesta
820 2192 1002 2237 autem
1073 2187 1270 2240 merito
1328 2188 1492 2245 fuerit
1537 2193 1792 2249 universa
1848 2200 2124 2268 cognatio.

557 2269 713 2334 Quod
749 2271 793 2326 si
835 2274 951 2329 haec
985 2275 1060 2331 ita
1095 2286 1250 2342 sunt,
1282 2283 1407 2349 quis
1446 2283 1693 2338 dolorem
1727 2296 1907 2352 tuum,
1952 2304 1985 2344 o
2024 2290 2124 2345 do-

556 2362 730 2428 mina,
784 2366 1032 2423 luctuose
1086 2372 1221 2427 satis
1267 2375 1692 2446 explicet?quis
1739 2387 1793 2434 et
1834 2383 2128 2455 conjugis?

555 2454 681 2522 quis
713 2466 767 2509 et
812 2458 1058 2513 sororis?
1083 2462 1208 2530 quis
1243 2470 1298 2517 et
1345 2465 1811 2523 domesticorum?
1838 2468 1949 2526 Nec
1992 2454 2127 2541 ipsae

555 2545 841 2603 ﬂuminum
884 2551 1218 2619 proﬂuentes
1261 2572 1416 2627 aqua:
1447 2560 1500 2613 in
1550 2561 1819 2632 laerymas
1848 2579 2126 2622 conversa:

552 2638 711 2694 vobis
770 2642 835 2695 ad
880 2644 1118 2700 lamenta
1169 2648 1497 2706 sutiiccrent.
1553 2652 1692 2719 Quid
1749 2658 1888 2711 aer?
1938 2674 2123 2714 annon

552 2732 731 2787 oculis
763 2735 958 2790 vestris
1012 2746 1255 2794 mutatus
1300 2743 1424 2796 est?
1470 2746 1551 2798 sol
1591 2762 1771 2817 neque
1816 2760 1973 2807 ortus
2016 2763 2122 2819 est,

552 2821 669 2877 sole
703 2824 901 2880 domus
946 2829 1186 2883 amisso?
1217 2828 1341 2885 Haec
1371 2843 1538 2898 atque
1570 2835 1653 2889 his
1694 2838 1894 2891 similia
1932 2855 2127 2911 sugge-

551 2912 624 2966 rit
652 2913 809 2967 dolor
834 2918 900 2969 ad
935 2916 1250 2987 lugendum.
1286 2920 1390 2976 Sed
1415 2924 1545 2992 quia
1576 2925 1864 2980 mulierem
1888 2928 2126 2999 alloqui-

551 3020 678 3059 mur
710 3016 762 3061 et
788 3008 990 3064 divinis
1011 3010 1141 3065 olim
1171 3015 1463 3078 eruditam,
1490 3028 1544 3071 et
1566 3032 1688 3086 quae
1719 3033 1882 3073 omne
1906 3020 2125 3078 virtutis

550 3110 933 3168 argumentum
977 3103 1031 3154 in
1074 3119 1173 3158 sua
1205 3106 1378 3175 ipsius
1416 3108 1527 3162 vita
1556 3110 1798 3175 exhibet,
1831 3114 1975 3168 sicut
2003 3130 2123 3170 om-

550 3190 702 3245 nium
734 3207 901 3262 prope
930 3208 1090 3249 aures
1124 3199 1379 3267 oculique
1408 3210 1713 3269 testantur;
1745 3204 2121 3263 admonitione

550 3285 724 3339 multa
772 3300 879 3340 non
940 3298 1025 3341 est
1069 3304 1228 3356 opus,
1268 3307 1391 3344 cum
1443 3294 1589 3346 domi
1632 3296 1827 3351 habeat
1881 3300 2122 3354 medica-

550 3388 731 3431 menta
764 3379 1182 3435 consolationis.
1217 3380 1417 3437 Multos
1450 3386 1668 3437 codices
1697 3402 1885 3440 sacros
1915 3389 1967 3441 in
2005 3405 2124 3443 ma-

552 3483 659 3522 nus
712 3472 997 3540 sumpsisti
1044 3474 1261 3528 :multa
1308 3458 1530 3529 Patrum
1579 3478 1781 3546 scripta
1825 3480 2076 3535 evolviSti
2104 3521 2121 3548 ,

551 3569 714 3617 nocte
746 3563 943 3631 dieque
972 3580 1173 3620 vacans
1213 3569 1575 3632 orationibus,
1620 3570 1673 3622 in
1711 3570 1966 3639 precibus
1998 3588 2124 3640 per-

549 3666 805 3718 noctans,
838 3656 941 3709 hoc
978 3668 1081 3721 ρει,
1114 3659 1169 3711 in
1209 3662 1496 3715 nocturnis
1533 3663 1857 3733 diurnisque
1888 3665 2126 3734 psalmo-

551 3763 674 3801 rqu
747 3749 1189 3820 hymnorumque
1246 3754 1731 3811 modulationibus.
1793 3754 1872 3810 Ex
1924 3759 2122 3827 quibus

550 3849 606 3895 et
636 3841 1001 3907 continentia,
1035 3852 1089 3897 et
1120 3844 1331 3898 attritio
1360 3846 1643 3914 corporis?
1671 3848 1968 3904 liberalitas
1994 3865 2121 3919 erga

550 3948 840 4003 pauperes,
885 3949 1014 4005 erga
1053 3936 1368 3991 sacerdotes
1399 3949 1452 3992 et
1492 3942 1791 3995 monachos
1818 3943 2120 3996 observan-

550 4025 646 4088 tia,
675 4035 728 4080 ct
751 4027 1014 4097 quidquid
1049 4029 1101 4081 in
1141 4030 1264 4085 aliis
1297 4031 1514 4099 pictatis
1545 4033 1834 4101 generibus
1866 4034 2121 4089 laudatur

548 4125 605 4172 et
636 4119 869 4173 canitur.
915 4119 1068 4173 Domi
1112 4136 1243 4190 ergo
1271 4133 1323 4176 et
1369 4138 1399 4176 a
1440 4124 1611 4194 teipsa
1655 4134 1739 4178 sat
1767 4124 1935 4181 habes
1978 4128 2121 4182 unde

549 4209 746 4264 anima:
785 4226 1049 4279 suggeras
1084 4228 1206 4281 qua:
1256 4215 1606 4269 conveniant.
1645 4215 1749 4269 Sed
1786 4225 1839 4270 et
1879 4232 2115 4286 sponsae,

548 4309 603 4355 et
648 4301 801 4363 ﬁliae,
854 4313 908 4356 et
954 4304 1049 4356 toti
1097 4304 1519 4361 Abraltamiticae
1574 4309 1789 4375 domui,
1857 4319 2116 4381 tanquam

546 4396 856 4448 communis
898 4396 1184 4465 magistra,
1220 4406 1275 4450 et
1308 4398 1524 4452 virtutis
1562 4402 1861 4471 exemplar,
1913 4414 1966 4457 et
1996 4421 2117 4473 quae

2244 677 2378 730 σμα,
2418 662 2568 730 γένει
2628 664 3098 736 ὲγκαλλὼπισμαο
3160 668 3461 739 προσθείην
3510 671 3555 725 δ’
3604 673 3674 727 ἂν
3735 674 3822 728 καὶ

2244 752 2537 823 βασιλείοις
2596 757 2788 819 αὐλαῖς
2818 758 2968 822 ξένον
3011 759 3216 829 ὅραμα.
3250 754 3423 824 Οὗτος
3451 764 3510 814 ἐν
3542 763 3818 837 ἀλλοδαπῇ

2241 844 2311 897 τὰ
2334 843 2599 914 βασιλέως
2627 847 3023 917 διοικούμενος,
3075 850 3294 921 ἀπέπτη
3321 868 3338 884 ⁶
3371 854 3696 908 καταλιπὼν
3726 857 3820 927 μὲν

2239 934 2339 1005 τὴν
2369 936 2690 1008 περιϐόητον
2721 940 2956 1009 μητέρα,
2980 941 3363 995 συναπολιπὼν
3388 943 3445 997 δέ
3472 945 3569 997 καὶ
3592 946 3695 1015 τὴν
3726 964 3818 1001 πε-

2242 1028 2447 1098 ρίδοξον
2476 1029 2743 1098 ὁμόζυγα,
2779 1033 2877 1084 ab»
2924 1033 3172 1100 εὑγενέσι
3222 1035 3515 1102 νεογόνοις,
3550 1038 3649 1090 καὶ
3683 1039 3815 1109 λαμ-

2239 1120 2386 1189 πρὰν
2428 1120 2631 1188 ἑστίαν,
2665 1122 2727 1175 τὸ
2752 1123 3187 1195 πολυθρύλλητον
3213 1122 3376 1196 αἷμα,
3407 1127 3470 1181 τὸ
3500 1129 3819 1193 πολυούσιον

2237 1211 2443 1280 κτῆμα,
2472 1214 2599 1275 τοὺς
2644 1212 2855 1278 δεξιοὺς
2889 1216 3193 1285 ὑπηρέτας,
3243 1222 3371 1282 τοὺς
3402 1220 3819 1289 φιλοδεσπότους

2236 1302 2615 1370 παραστάτας.
2644 1304 2820 1359 ταῦτα
2854 1308 3104 1372 κάκεῖνα,
3139 1309 3276 1378 ὁμοῦ
3302 1310 3373 1363 τὰ
3414 1312 3617 1368 πάντα.
3653 1312 3733 1377 ὡς
3757 1315 3817 1367 ἂν

2237 1392 2313 1465 μὴ
2377 1398 2907 1466 κατακερματίξοιεν
2939 1398 2997 1451 ἓν
3021 1399 3251 1453 ἕκαστον
3284 1404 3313 1455 ό
3336 1401 3493 1469 λόγος
3512 1418 3527 1431 ·
3565 1401 3694 1457 εἶτα
3722 1407 3817 1458 ἐπ-

2232 1485 2473 1541 ανελθὼν
2503 1489 2569 1541 ἐκ
2590 1488 2690 1558 τῆς
2728 1489 2883 1561 ξένης
2904 1491 3109 1554 οἴκαδε,
3153 1492 3350 1563 φόρτος
3401 1493 3657 1561 ἐλεεινὸς,
3692 1513 3819 1549 σκυ-

2232 1576 2448 1647 θρωπὸν
2486 1580 2785 1650 ἀπάντημα
2853 1582 2948 1636 καὶ
3005 1581 3250 1652 βασιλίδι
3306 1585 3483 1651 πόλει,
3547 1588 3648 1641 καὶ
3700 1588 3818 1651 ἀξι-

2230 1670 2451 1741 αγάστῳ
2502 1673 2676 1743 ἐστίᾳ.
2706 1675 2769 1726 Ἣ
2820 1674 2921 1743 τῆς
2983 1674 3430 1747 ὑπερϐαλλούσης
3485 1682 3811 1748 συμφορᾶςι

2231 1762 2508 1825 Στενάξειε
2534 1766 2578 1817 δ’
2609 1764 2673 1818 ἂν
2732 1767 2827 1820 καὶ
2856 1767 2996 1821 αὐτὰ
3024 1767 3095 1822 τὰ
3123 1768 3280 1838 τείχη
3323 1769 3426 1837 τῆς
3465 1770 3700 1834 πόλεως,
3744 1773 3815 1843 μὴ

2230 1854 2310 1907 ὅτι
2340 1855 2596 1924 ἄρχοντες
2624 1859 2718 1909 καὶ
2733 1858 3013 1929 ὁμήλικες,
3044 1859 3361 1925 στενάξειαν
3384 1862 3429 1914 δ’
3453 1863 3521 1915 ἂν
3546 1865 3641 1917 καὶ
3662 1864 3817 1917 αὐτοὶ

2228 1948 2278 1999 οἱ
2319 1945 2740 2017 αὐτοκράτορες,
2801 1949 3243 2031 ἀποϐεϐληκότες
3269 1951 3422 2022 ἔρνος
3451 1953 3815 2019 πολυθαύμα-

2230 2056 2373 2093 στον.
2395 2037 2694 2107 Δακρύσειε
2717 2039 2854 2109 τάχα
2874 2041 2967 2092 καὶ
2985 2042 3013 2092 ό
3039 2042 3317 2105 ἐπιπόλιος
3339 2044 3526 2115 ὅμιλος
3542 2058 3558 2073 ·
3592 2046 3817 2098 ἐπιστυ-

2227 2131 2419 2200 γνάσει
2449 2130 2531 2203 ⁸δὲ
2582 2129 2809 2194 είκότως
2848 2134 2943 2184 καὶ
2994 2133 3104 2185 πᾶν
3132 2134 3193 2185 τὸ
3244 2136 3422 2202 γένος.
3464 2135 3525 2187 Et
3552 2136 3611 2188 δὲ
3643 2135 3818 2188 ταῦτα

2226 2221 2421 2286 οὕτως,
2451 2223 2534 2286 τίς
2561 2223 2621 2276 τὸ
2652 2225 2747 2277 ἐπὶ
2775 2225 2858 2277 σοὶ
2890 2224 3061 2288 πάθος
3092 2226 3586 2296 ἐκτραγῳδήσειεν,
3622 2221 3671 2280 ὧ
3728 2228 3816 2280 δέ·

2228 2330 2456 2380 σποινα;
2490 2314 2573 2378 τίς
2600 2314 2738 2369 δὲτὸ
2769 2320 2868 2388 τῆς
2893 2316 3196 2387 ὁμοζύγου;
3231 2317 3314 2379 τίς
3344 2317 3401 2370 δὲ
3428 2317 3489 2369 τὸ
3517 2318 3619 2386 τῆς
3660 2319 3817 2372 ἀδελ-

2228 2404 2375 2475 φῆς;
2436 2405 2521 2468 τίς
2549 2405 2604 2459 δὲ
2631 2408 2692 2459 τὸ
2724 2406 2833 2459 τῶν
2862 2407 3091 2461 οἰκετῶν
3120 2424 3136 2475 ;
3187 2407 3296 2460 οὐδ’
3320 2407 3384 2460 ἂν
3407 2408 3516 2459 τῶν
3548 2410 3817 2478 ποταμῶν

2225 2497 2295 2549 τὰ
2327 2496 2577 2566 ῥεύματα
2610 2500 2690 2561 εἰς
2716 2499 2953 2570 δάκρυον
2978 2500 3423 2570 μεταποιούμενα
3455 2500 3817 2569 ἐξαρκέσειεν

2227 2585 2355 2656 ὑμῖν
2396 2588 2782 2660 ὑπηρετεῖσθαι
2830 2590 2908 2659 τῷ
2935 2589 3140 2662 θρήνῳ.
3177 2592 3243 2644 Τί
3263 2591 3319 2644 δὲ
3360 2592 3388 2644 6
3413 2591 3557 2661 ἀήρ;
3584 2591 3690 2644 οὐκ
3718 2592 3818 2661 ﬂ).-

2225 2680 2447 2733 λοίωται
2484 2684 2597 2744 τοῖς
2633 2681 2931 2751 ὀφθαλμοῖς
2962 2683 3115 2753 ὑμῶν
3148 2678 3296 2754 ipa;
3332 2683 3426 2737 καὶ
3459 2688 3487 2737 ὁ
3522 2685 3678 2755 ἥλιος
3711 2686 3816 2739 οὐκ

2226 2770 2629 2838 ἀνατεταλκὼς,
2679 2773 2770 2826 τὸν
2815 2775 2914 2843 τῆς
2968 2774 3151 2837 ἑστίας
3194 2776 3347 2846 ἥλιον
3402 2775 3813 2842 ἀπολωλεκὼςς

2227 2863 2479 2917 Τοσαῦτα
2504 2866 2598 2917 καὶ
2622 2866 2721 2918 ὅσα
2755 2864 2967 2929 τούτοις
2995 2866 3267 2937 ἐφάμιλλα
3294 2867 3593 2921 ὑποϐάλλει
3616 2867 3679 2920 τὸ
3704 2869 3818 2922 πά-

2228 2956 2319 3020 θος
2346 2956 2741 3028 ἀποδύρασθαι.
2789 2958 2932 3010 Ἀλλ’
2964 2959 3152 3029 ἐπειδὴ
3180 2959 3317 3030 πρὸς
3346 2963 3583 3025 γυναῖκα
3619 2961 3756 3031 ⁴ἡμῖν
3785 2962 3816 3014 ὁ

2225 3049 2385 3118 λόγος
2411 3050 2577 3104 πάλαι
2624 3048 2693 3102 τὰ
2720 3049 2836 3103 θεῖα
2889 3050 3349 3122 πεπαιδευμένην,
3381 3052 3478 3104 καὶ
3517 3052 3651 3123 ὅλην
3675 3052 3817 3106 ὑπιό-

2146 3175 2189 3234 C
2230 3142 2379 3195 θεσιν
2420 3143 2621 3212 ἀρετῆς
2652 3140 2742 3195 τὸν
2799 3142 2998 3210 ἐαυτῆς
3037 3141 3151 3212 βίον
3204 3142 3698 3198 ὑποδεικνύουσαν·
3732 3143 3816 3208 ὡς

2228 3236 2495 3305 μαρτυρεῖ
2511 3233 2696 3303 σχεδὸν
2718 3234 2868 3286 πᾶσα
2888 3232 3026 3304 ἀκοὴ
3048 3232 3141 3286 καὶ
3159 3233 3280 3303 ὄψις
3297 3251 3310 3265 ·
3335 3235 3393 3287 οὐ
3414 3234 3621 3304 πολλῆς
3644 3237 3817 3309 χρεία

2224 3328 2618 3398 ὑπομνήσεως*
2652 3327 2863 3381 οἴκοθεν
2893 3327 3125 3398 ἔχουσαν
3155 3330 3224 3381 τὰ
3268 3330 3535 3399 φάρμακα
3564 3330 3668 3400 τῆς
3705 3348 3817 3385 πα-

2228 3419 2518 3489 ραμυθίας.
2550 3419 2758 3481 Πολλὰς
2782 3419 2935 3490 ἱερὰς
2962 3419 3180 3490 βίϐλους
3204 3420 3296 3473 ἐπὶ
3316 3424 3508 3491 χεῖρας
3539 3421 3812 3492 εἴληφαςο

2224 3511 2393 3565 πολλὰ
2427 3512 2666 3581 πατρικὰ
2689 3512 3095 3584 ἀναγνώσματα
3136 3511 3537 3585 διεξελήλυθας.
3567 3515 3816 3586 Νύκτωρ

2220 3622 2280 3657 τε
2336 3606 2431 3657 καὶ
2486 3603 2605 3672 μεθ’
2637 3604 2848 3673 ἡμέραν
2882 3605 3220 3675 σχολάζουσα
3263 3609 3383 3667 ταῖς
3439 3611 3813 3676 προσευχαῖς.

2222 3698 2343 3758 ταῖς
2372 3696 2621 3765 δεήσεσιν
2653 3695 2991 3764 ἐπιμένουσα
3047 3699 3170 3759 ταῖς
3226 3698 3541 3766 παννύχοις,
3575 3698 3678 3750 εἰτ’
3714 3696 3815 3753 οὖν

2222 3789 2560 3857 νυκτεριναῖς
2586 3786 2683 3839 καὶ
2706 3787 2991 3857 ἡμεριναῖς
3018 3788 3359 3860 ψαλμῳδίαις
3391 3806 3450 3841 τε
3508 3792 3607 3842 καὶ
3675 3791 3817 3860 ὑμνο

2220 3877 2425 3945 ῳδίαις.
2475 3877 2591 3945 Ἀφ’
2612 3870 2685 3929 ὧν
2709 3876 2803 3928 καὶ
2827 3876 2888 3929 τὸ
2920 3877 3203 3947 ἐγκρατὲς,
3238 3880 3331 3930 καὶ
3369 3878 3429 3929 τὸ
3456 3878 3819 3931 ὑπωπιαστι-

2223 3969 2317 4020 κὸν
2357 3969 2448 4022 τοῦ
2481 3972 2765 4040 σώματός*
2816 3970 2877 4022 τὸ
2905 3970 3042 4037 πρὸς
3086 3971 3211 4032 τοὺς
3244 3970 3441 4033 ἐνδεεῖς
3468 3971 3815 4033 ἐπιδοτικὸν,

2224 4057 2387 4126 ἱερεῖς
2433 4075 2492 4110 τε
2518 4059 2611 4110 καὶ
2650 4058 2922 4128 μοναστὰς
2973 4057 3393 4128 θεραπευτικὸνο
3432 4058 3496 4109 τὸ
3545 4060 3640 4110 ἐπὶ
3676 4060 3820 4112 πολ-

2218 4146 2329 4208 λοῖς
2355 4145 2447 4199 οὖν
2492 4145 2674 4210 ἄλλοις
2736 4147 3024 4210 εὐσεϐείας
3076 4146 3300 4216 τρόποις
3345 4146 3692 4214 ὑμνούμενόν
3746 4165 3815 4200 τε

2222 4238 2313 4289 καὶ
2364 4237 2642 4306 ᾀδόμενον.
2684 4238 2910 4289 Οῐκοθεν
2937 4234 3232 4306 τοιγαροῦν
3270 4235 3366 4287 καὶ
3417 4234 3547 4305 παρ’
3599 4237 3818 4306 ἑαυτῆς

2220 4328 2419 4391 ἱκανῶς
2468 4328 2611 4398 ἔχεις
2657 4331 2857 4400 ἐπᾷσαι
2884 4331 2951 4398 τῇ
2983 4329 3128 4399 ψυχῇ
3185 4328 3255 4380 τὰ
3280 4326 3492 4381 εἰκότα.
3535 4329 3611 4379 Οὐ
3671 4329 3814 4397 μὴν,

2217 4421 2349 4474 ἀλλὰ
2396 4421 2488 4474 καὶ
2528 4424 2593 4492 τῇ
2623 4421 2831 4492 νύμφῃ,
2890 4422 2984 4474 καὶ
3010 4425 3077 4493 τῇ
3136 4422 3387 4490 θυγατρὶ,
3420 4421 3515 4472 καὶ
3545 4421 3699 4490 πάσῃ
3736 4426 3813 4493 τῇ

542 4485 870 4555 jampridem
902 4487 1210 4541 divinorum
1234 4490 1575 4559 eloquiorum
1605 4494 1897 4549 thesauros
1922 4496 2114 4548 condi-

2225 4513 2589 4584 Ἀϐρααμιαία
2613 4512 2767 4583 ἑστίᾳ
2787 4529 2800 4540 ·
2825 4512 2898 4575 ὡς
2924 4514 3100 4575 κοινὸς
3123 4512 3464 4575 διδάσκαλος,
3490 4510 3564 4570 ὡς
3594 4512 3815 4579 ἀρετῆς

546 4578 706 4643 disti;
742 4589 894 4646 potes
927 4589 978 4633 et
1024 4580 1075 4632 in
1106 4589 1347 4650 tempore
1378 4583 1540 4637 tritici
1585 4600 1895 4637 mensuram
1930 4585 2117 4639 distri-

545 4668 715 4725 buere
737 4671 802 4725 ³⁰.
855 4671 1201 4734 Memineris,
1270 4688 1303 4725 ο
1358 4691 1619 4743 generosa
1684 4684 1738 4728 et
1798 4678 2115 4731 admiranda

546 4760 689 4817 inter
717 4763 995 4828 mulieres,
1029 4781 1127 4819 nec
1153 4782 1355 4820 novum
1390 4784 1488 4822 nec
1524 4780 1720 4837 praeter
1748 4773 2117 4840 exspectatio-

545 4870 670 4909 nem
726 4857 979 4911 evenisse
1020 4861 1165 4925 quod
1211 4861 1428 4914 accidit.
1478 4861 1861 4932 Contemplare
1923 4880 2115 4920 omnes

542 4940 639 5015 qui
668 4946 737 5000 ab
773 4948 944 5001 Adam
990 4948 1215 5003 fuerunt
1253 4952 1318 5004 ad
1365 4954 1509 5008 hunc
1545 4971 1718 5025 usque
1752 4956 1917 5023 diem,
1952 4967 2006 5011 et
2055 4961 2112 5011 in

543 5038 811 5108 profunda
874 5040 965 5093 Dei
1018 5042 1223 5110 judicia
1278 5045 1595 5114 ingredere;
1655 5062 1718 5101 ac
1769 5050 1928 5112 vide,
1986 5052 2110 5121 quia

542 5130 695 5183 homo
740 5133 877 5185 velut
925 5134 1103 5202 fenum
1134 5151 1151 5187 .'
1181 5136 1288 5190 dies
1324 5138 1437 5203 ejus
1480 5140 1614 5191 velut
1650 5140 1847 5195 umbrw
1892 5154 2110 5211 prmer-

542 5222 756 5276 eunt".
801 5221 1071 5287 Quoniam
1121 5226 1288 5294 igitur
1339 5232 1655 5297 progenitor
1702 5236 1951 5289 mortalis
2015 5252 2112 5305 per

541 5326 845 5382 peccatum,
882 5317 1140 5371 mortales
1177 5329 1231 5371 et
1271 5324 1471 5388 posteri
1534 5323 1763 5379 invicem
1812 5330 2111 5385 succeden-

540 5411 644 5457 tes.
685 5401 883 5457 Verutn
922 5420 989 5459 ex
1040 5422 1151 5475 quo
1198 5406 1472 5473 Christus,
1519 5429 1667 5467 mors
1718 5432 1821 5468 non
1871 5421 2105 5485 amplius

540 5508 692 5549 mors
736 5506 841 5559 est,
894 5498 989 5551 sed
1040 5498 1368 5556 immortalis
1416 5509 1848 5574 regenerationis
1901 5513 2109 5579 princi-

542 5586 715 5655 pium.
746 5586 953 5642 Pietate
998 5590 1270 5661 insignem
1302 5594 1497 5662 ﬁlium,
1541 5607 1595 5651 et
1627 5602 2015 5671 orthodoxum,
2055 5612 2109 5657 ct

612 5763 656 5793 ³ο
686 5764 815 5817 Luc.
852 5782 945 5830 λιι,
974 5766 1060 5820 42.
1143 5768 1181 5798 ³¹
1210 5766 1352 5823 Psal.
1378 5786 1473 5833 cu,
1510 5772 1591 5826 l5.

2219 4604 2544 4672 ὑπόδειγμα.
2575 4604 2649 4665 ὡς
2677 4602 2914 4655 ἔκπαλαι
2944 4606 3010 4656 τὰ
3036 4603 3157 4656 θεῖα
3184 4603 3340 4670 λόγια
3388 4602 3812 4671 θησαυρίσασα,

2217 4695 2311 4746 καὶ
2347 4694 2403 4742 ἐν
2434 4693 2609 4763 καιρῷ
2632 4693 2691 4744 τὸ
2723 4692 3068 4761 σιτομέτριον
3095 4693 3311 4762 ἑκάστῳ
3333 4693 3615 4762 διανέμειν
3647 4694 3817 4763 ἔχου-

2218 4802 2305 4838 σα.
2351 4784 2772 4853 Ἀναμνήσοητι,
2804 4782 2849 4835 ἃ)
2882 4783 3101 4850 γενναία
3158 4785 3249 4836 καὶ
3280 4784 3571 4853 θαυμαστὴ
3598 4786 3655 4836 ἐν
3710 4803 3819 4851 γυ-

2216 4877 2407 4941 ναιξὶν,
2434 4876 2507 4939 ὡς
2536 4878 2688 4929 οὐδὲν
2725 4875 2872 4940 ξένον
2907 4877 2999 4928 καὶ
3032 4876 3140 4927 τῶν
3169 4880 3299 4946 παρ’
3326 4878 3516 4929 ἐλπίδα
3563 4878 3626 4929 τὸ
3659 4896 3816 4945 συμ-

2216 4969 2470 5039 ϐεϐηκός.
2504 4969 2911 5039 Ἀναθεὼρησον
2957 4968 3084 5030 τοὺς
3114 4970 3222 5023 ἀπὸ
3260 4970 3431 5039 Ἀδὰμ
3495 4972 3664 5039 μὶχρι
3701 4971 3815 5041 τῆς

2216 5066 2485 5132 σήμερον
2518 5064 2611 5113 καὶ
2650 5061 2893 5131 χώρησον
2926 5064 3005 5124 εἰς
3027 5062 3093 5113 τὰ
3131 5061 3225 5113 τοῦ
3274 5062 3408 5114 Θεοῦ
3454 5062 3629 5131 βαθέα
3676 5065 3813 5134 κρῖ-

2216 5173 2359 5224 ματα
2385 5168 2399 5184 ⁸
2420 5155 2510 5205 καὶ
2535 5154 2626 5213 ἴδε,
2646 5154 2724 5205 ὅτι
2742 5153 3051 5219 ἅνθρωπος
3066 5154 3211 5207 ὡσεὶ
3233 5156 3443 5222 χόρτος
3459 5172 3473 5185 ·
3494 5157 3553 5207 αἱ
3578 5156 3811 5224 ἡμέραι

2212 5244 2395 5297 αὐτοῦ
2435 5244 2580 5296 ὡσεὶ
2613 5242 2777 5296 σκιαὶ
2812 5243 3207 5312 παράγουσιν.
3228 5245 3381 5297 Ἐπεὶ
3400 5240 3491 5297 οὖν
3525 5248 3551 5298 ὁ
3575 5248 3813 5315 προπά-

2212 5353 2323 5405 τωρ
2354 5334 2541 5405 θνητὸς
2573 5334 2660 5386 διὰ
2709 5336 3005 5403 ἁμαρτίαν,
3034 5335 3224 5405 θνητὸς
3256 5336 3350 5387 καὶ
3378 5338 3406 5387 ὁ
3438 5337 3595 5403 γόνος
3622 5338 3811 5407 ἀλλη-

2211 5433 2415 5503 λούχως
2451 5435 2544 5485 ίὼν
2574 5431 2736 5502 μέχρι
2762 5430 2856 5483 τοῦ
2887 5431 3068 5501 δεῦρο.
3104 5431 3247 5483 Ἀλλ’
3287 5432 3436 5501 ὅμως
3473 5431 3555 5482 ὅτι
3578 5433 3677 5500 ἀφ’
3733 5427 3807 5486 οὗ

2210 5522 2465 5592 Χριστὸς,
2492 5522 2674 5574 οὐκέτι
2706 5521 2955 5584 θάνατος,
2996 5522 3024 5573 ὁ
3059 5521 3309 5586 θάνατος,
3341 5521 3455 5573 ἀλλ’
3486 5523 3636 5591 ἁρχὴ
3691 5542 3812 5575 πα-

2209 5614 2547 5683 λιγγενεσίας
2576 5613 2867 5670 ἀθανάτου.
2894 5613 3103 5687 Εὐσεϐῆ
3138 5614 3325 5681 παῖδα,
3358 5616 3451 5667 καὶ
3483 5614 3807 5685 ὸρθόδοξον,
