3966 6464
195 388 309 450 1577

1354 381 1892 443 EPISTOLARUM
1921 385 2070 442 LIB.
2109 385 2194 441 Il.

3226 446 3240 460 ,
3275 381 3411 442 1573

187 501 527 569 φιλομόναχὸν
546 515 604 551 τε
637 499 732 552 καί⁵
763 499 1061 568 φιλάγαθον
1083 541 1098 564 ,
1135 502 1230 553 καὶ
1258 501 1617 570 γεγέννηκας,
1645 500 1736 552 καὶ

1845 476 2236 552 menachorum
2276 505 2576 556 amantem.
2620 505 2673 548 ct
2707 495 2832 548 boni
2865 494 3196 556 studiosum,
3238 505 3292 548 et
3321 511 3414 565 ge-

199 593 566 663 προύπεμψας.
603 591 789 644 Ἔστω
826 609 906 645 σοι
934 592 1256 663 παραμυθία
1303 592 1587 660 αὐτάρκης
1646 590 1740 644 καὶ

184 681 522 751 εὐχαριστίας
569 680 845 744 ὑπόθεσις.
886 683 994 735 Καὶ
1050 683 1477 754 παρακαλοῦμέν
1532 699 1592 735 σε
1641 683 1740 751 τὴν

185 769 610 840 Θεοπαράκλητον
637 772 732 824 καὶ
773 772 1103 824 πανσύνετον
1125 790 1138 802 ο
1180 772 1361 841 γενοῦ,
1393 773 1467 835 ὡς
1499 773 1554 825 ὲν
1605 773 1740 826 πᾶσι

181 864 282 923 τοῖς
338 859 540 925 ἄλλοις,
593 861 869 915 κάνταῦθα
937 862 1342 932 μεγαλοψυχίας
1406 863 1737 934 ὑπόδειγμα·

182 953 330 1005 καλὸν
359 954 609 1021 ἐντάφιον
644 955 741 1007 καὶ
773 954 850 1024 τῷ
901 955 1163 1023 παγκάλῳ
1194 954 1316 1026 υἱῷ,
1362 955 1436 1019 ὡς
1466 957 1559 1008 καὶ
1587 957 1741 1026 ψυχι-

181 1041 282 1104 κῶς
313 1042 630 1114 ίμειρομὲνη
688 1044 756 1096 τὰ
804 1043 951 1114 αὑτῷ
1002 1045 1399 1109 ἐπιϐάλλοντα,
1433 1046 1740 1117 ἀπόμοιραν

180 1130 289 1199 Θεῷ
311 1133 635 1186 είσοίσουτα.
659 1134 811 1203 Τάχα
824 1137 934 1204 γὰρ
952 1134 1042 1187 διὰ
1062 1135 1222 1187 τοῦτο
1238 1134 1369 1198 Θεός
1398 1153 1458 1188 σε
1481 1135 1740 1205 ἐταμιεύ-

179 1239 300 1275 σατο
336 1222 443 1276 τῶν
475 1225 856 1294 προλαϐόντων
884 1227 1148 1296 ὑστάτην,
1185 1227 1270 1280 ῐνα
1301 1227 1479 1280 πάντα
1509 1228 1740 1298 θεοπρε-

179 1313 286 1384 πῶς
316 1313 633 1386 διαθεμένη,
673 1317 939 1381 εὐκταίως
991 1320 1310 1389 συναπάρῃς
1341 1318 1450 1371 τῶν
1505 1319 1738 1385 ὲνύένδε,

177 1402 262 1452 καὶ
282 1402 701 1476 κληρονομήσῃς
732 1407 828 1458 σὺν
856 1408 1038 1470 αὐτοῖς
1088 1406 1233 1477 ζωὴν
1285 1405 1524 1462 αἰώνιον.
1556 1409 1740 1463 Ταῦτα

176 1493 263 1544 καὶ
309 1497 337 1546 6
365 1495 595 1563 ἀδελφὸς
645 1498 800 1566 ἡμῶν
848 1500 876 1550 6
927 1498 1340 1568 θεοφιλέστατος
1388 1500 1742 1571 ἀρχιεπίσκοο

176 1599 268 1645 πος
325 1587 815 1657 συμφθεγγόμενός
858 1589 974 1642 ἐστι
1003 1628 1020 1654 ,
1073 1590 1514 1663 πολυτιμιωτάτη
1575 1592 1741 1662 κυρία

179 1690 295 1742 μου.

270 1812 418 1866 ΡΠΘ¹
444 1812 1056 1884 (85).-Παντολέοντι
1085 1816 1398 1885 λογοθέτῃ.
1425 1815 1615 1890 [tl/5m]

1846 591 2038 656 nuisti,
2065 599 2120 644 et
2151 580 2482 659 priemisisti.
2513 587 2596 641 Sit
2628 587 2721 641 tibi
2761 586 3067 654 consolatio
3108 585 3324 648 idonea,
3359 594 3415 639 et

1843 683 2142 754 gratiarum
2186 683 2518 753 agendarum
2554 688 2957 750 argumentum.
2995 676 3192 746 Utique
3226 677 3413 732 horta-

1844 785 2061 839 murte,
2095 774 2220 828 licet
2246 772 2484 826 divinius
2521 772 2799 825 incitatam
2840 779 2898 823 et
2951 769 3274 837 prudentem
3307 783 3413 822 un-

1840 864 2131 934 dequaque
2165 875 2345 930 :esto,
2387 861 2856 933 quemadmodum
2891 861 2942 913 in
2985 860 3197 914 caeteris
3231 859 3415 913 omni-

1842 956 1967 1021 bus,
1998 958 2089 1011 hic
2121 958 2286 1010 etiam
2316 957 2497 1026 magni
2531 955 2698 1008 animi
2732 953 3046 1021 exemplum
3078 969 3092 1004 :
3122 952 3410 1021 pulchrum

1843 1046 2010 1102 funus
2055 1048 2425 1117 pulcherrimo
2468 1046 2571 1116 ipsi
2613 1060 2831 1115 quoque
2876 1044 3009 1103 filio.
3047 1053 3305 1112 tanquam
3346 1043 3414 1096 de

1845 1137 1910 1192 iis
1938 1153 2057 1206 quae
2083 1139 2148 1191 ad
2190 1139 2343 1191 illum
2381 1145 2650 1207 spectant.
2675 1135 2761 1204 pie
2793 1135 3048 1198 sollicita,
3079 1134 3134 1188 in
3166 1134 3258 1188 Dei
3287 1148 3386 1202 par

1843 1238 1951 1283 tem
1987 1229 2242 1283 offerens.
2267 1228 2560 1297 Propterea
2599 1229 2742 1280 enim
2783 1226 3016 1280 fortasse
3047 1225 3188 1280 Deus
3219 1233 3270 1279 te
3293 1225 3416 1278 illo--

1842 1333 1962 1372 rum
2026 1319 2120 1389 qui
2186 1326 2615 1388 praacesserunt-
2653 1318 2900 1372 ultimam
2959 1317 3293 1381 reservavit,
3356 1324 3416 1370 ut

1842 1411 2095 1466 omnibus
2123 1410 2284 1479 digne
2311 1411 2419 1466 Deo
2438 1412 2743 1482 dispositis,
2767 1410 2995 1465 feliciter
3015 1410 3140 1464 hinc
3156 1409 3412 1478 emigres,

1844 1511 1900 1556 et
1931 1517 2053 1556 eum
2082 1501 2215 1570 ipsis
2236 1502 2402 1556 vitam
2431 1512 2691 1556 mternam
2725 1502 2996 1557 sortiaris.
3023 1502 3148 1556 Haec
3171 1509 3226 1554 et
3247 1499 3415 1554 frater

1845 1609 2035 1654 noster
2059 1599 2152 1653 Dei
2183 1601 2598 1655 amantissimus
2628 1600 3076 1670 archiepiscopus
3099 1615 3204 1652 una
3225 1596 3416 1651 nobis-

1843 1708 1968 1747 cum
2007 1693 2272 1763 loquitur,
2306 1693 2527 1748 domina
2581 1710 2702 1748 mea
2754 1693 2913 1764 longe
2964 1691 3412 1748 honoratissima.

2039 1820 2376 1877 CLXXXIX.
2404 1853 2474 1866 —-
2503 1821 2844 1877 Pantoleontt’
2887 1822 3211 1893 Logotltelw.

1175 1929 1532 1992 Deprecatoria
1556 1945 1644 1991 pro
1667 1932 1930 1982 Theodoto
1959 1932 2372 1996 Protospathario.

240 2035 428 2103 ἰσμεν
463 2037 555 2089 καὶ
589 2036 650 2090 τὸ
709 2033 1205 2112 εὑπαρῥησίαστον’
1237 2046 1535 2115 νεμεσητὸν
1557 2045 1736 2115 ὑπάρ-

174 2142 280 2194 χειν
300 2144 313 2157 ·
344 2131 791 2198 συνεπιστάμεθα
820 2135 912 2185 καὶ
964 2135 1054 2187 τὸν
1094 2137 1284 2207 καιρὸν
1313 2139 1574 2210 συστολὴν
1609 2141 1740 2210 ἡμῖν

172 2220 484 2291 ἐπιτρέπειν
503 2239 516 2253 ·
544 2221 659 2276 ἀλλ’
688 2225 837 2295 ὅμως
858 2220 926 2278 τιὸ
953 2228 1290 2297 ὑπερϐάλλον
1310 2232 1408 2295 τῆς
1454 2232 1737 2304 ἀμυθήτου

174 2329 262 2364 σου
283 2316 414 2384 περὶ
441 2315 588 2384 ἡμᾶς
608 2317 735 2380 τοὺς
764 2321 1054 2383 ταπεινοὺς
1089 2321 1396 2377 εὐδιάθετον
1428 2325 1739 2394 ἠνάγκασεν

172 2405 309 2474 ἡμᾶς
358 2409 760 2481 τολμηρότερον
794 2413 1099 2483 χρήσασθαι
1150 2417 1244 2468 καὶ
1268 2417 1403 2488 τῷδε
1454 2419 1531 2489 τῷ
1560 2438 1743 2492 γραμ-

174 2498 363 2568 ματίῳ.
391 2501 678 2572 Τολμηρὺν
707 2503 813 2573 γάρ
841 2507 986 2557 ἐστιν
1017 2506 1092 2569 ὡς
1120 2506 1335 2578 ἀληθῶς
1385 2511 1446 2564 οὐ
1480 2511 1641 2581 μόνον
1673 2514 1741 2568 τὰ

172 2589 286 2642 καθ’
313 2591 551 2653 ἑαυτοὺς
593 2593 907 2664 ἀναφέρειν,
939 2595 1075 2649 ἀλλά
1104 2599 1198 2651 καὶ
1234 2600 1377 2670 ὑπὲρ
1399 2601 1605 2672 ἑτέρων
1655 2603 1741 2656 δε-

171 2679 385 2752 δεῆσθαι
408 2699 422 2713 ·
446 2684 616 2753 ὅμως,
652 2683 728 2748 ὡς
758 2688 993 2758 εἴρηται,
1017 2689 1078 2741 τὸ
1109 2690 1243 2744 πολὺ
1270 2709 1361 2745 σου
1386 2693 1613 2764 εὐμενὲς
1648 2698 1741 2750 καὶ

168 2773 382 2829 διπλοῦν
418 2777 661 2845 εὐσεϐὲς,
694 2780 1105 2852 παρεθάρρυνεν
1151 2786 1299 2855 ἡμᾶς
1351 2788 1641 2858 τολμῆσαι.
1677 2791 1741 2841 Τί

169 2867 254 2920 οὖν
282 2869 343 2921 τὸ
374 2871 701 2941 λεγόμενον;
731 2876 860 2947 περ)⁹
907 2873 1162 2933 Θεοδότου
1208 2880 1304 2934 τοῦ
1335 2883 1741 2950 πρωτοσπαοα-

171 2978 301 3030 ριου,
338 2962 400 3026 ὃς
444 2964 593 3028 ὅπως
624 2967 770 3019 ἐστὶν
807 2969 1119 3037 ἐναγώνιος,
1184 2974 1339 3028 αἰτία
1385 2975 1481 3028 τοῦ
1534 2993 1740 3030 συναπ-

170 3053 398 3122 άραντος
423 3056 572 3127 αὐτῷ
592 3058 877 3137 οἰκονόμου
898 3061 999 3132 τῆς
1024 3065 1349 3136 Ἐκκλησίας
1380 3067 1438 3120 ἐν
1466 3071 1530 3139 τῇ
1555 3069 1737 3136 Δύσει,

167 3144 513 3214 διαγινώσκει
551 3150 769 3215 πάντως
817 3154 850 3220 ὴ
899 3155 1310 3228 ἀνυπέρϐλητός
1341 3175 1434 3213 σου
1471 3161 1737 3232 ὑπεροχή.

169 3236 259 3303 Τίς
282 3238 378 3293 οὖν
407 3242 568 3304 ἄλλος
606 3244 672 3296 ἂν
704 3245 1015 3320 ὲξευρεθείη
1047 3250 1300 3320 ἀρῤωγὸς
1343 3251 1438 3304 ἐπὶ
1469 3256 1536 3324 τῇ
1585 3255 1735 3308 ἀντι-

167 3330 323 3402 λήψει
346 3334 443 3386 τοῦ
472 3331 700 3406 ἀνδρός;
737 3337 821 3399 τίς
843 3339 888 3391 δ’
921 3339 986 3392 ἀν
1032 3341 1488 3413 ὲχεφρονέστερος
1511 3345 1610 3416 τῆς
1637 3347 1736 3416 σῆς

169 3423 524 3491 μεγαλονοίας
575 3427 802 3479 συνιδεῖν
831 3428 893 3481 τὸ
928 3429 1084 3496 δέον;
1131 3432 1215 3495 τίς
1239 3433 1294 3486 δὲ
1328 3436 1420 3487 καὶ
1448 3437 1477 3489 6
1527 3438 1620 3490 ἐπὶ
1645 3437 1739 3492 τοῦ

167 3516 400 3581 κράτους
420 3517 481 3568 τὸ
506 3517 744 3585 ὑπόγυον
795 3517 934 3588 ἔχων
965 3520 1126 3577 πλέον
1153 3522 1255 3593 τῆς
1297 3524 1396 3595 σῆς
1429 3543 1741 3598 γνησιευτι-

167 3608 263 3678 κῆς
298 3610 738 3680 παραστάσεως;
768 3613 866 3675 Δὸς
889 3612 917 3665 ὅ
940 3613 1170 3684 εἴληφας
1200 3621 1353 3686 παρά
1373 3619 1508 3673 Θεοῦ
1564 3621 1738 3688 ἔλεος,

164 3699 396 3753 δέσποτα
422 3701 767 3770 παμπόθητε,
807 3703 884 3772 τῷ
917 3704 1174 3777 δεομένῳ.
1230 3709 1740 3781 Προκυλινδούμεθά

167 3809 254 3844 σου
286 3797 403 3857 τοῖς
432 3795 637 3865 τιμίοις
691 3796 860 3866 ἴχνεσι
883 3813 894 3826 ·
932 3797 1095 3869 βουλή
1152 3818 1245 3853 σου
1274 3802 1350 3865 ῶς
1382 3803 1546 3877 βουλὴ
1572 3807 1740 3876 ἀγγέ-

164 3883 250 3936 λου
274 3902 289 3916 ·
320 3888 477 3958 φωνή
521 3904 615 3941 σου
643 3887 718 3951 ὡς
749 3887 897 3958 βολὶς
950 3892 1342 3960 ἀστράπτουσα
1392 3900 1458 3968 τῇ
1501 3917 1558 3952 τε
1599 3899 1734 3971 λαμ-

164 3978 396 4065 πρότητι
427 3981 528 4049 τῆς
546 3980 881 4051 παρρησίας,
915 3982 1004 4033 καὶ
1031 3985 1096 4053 τῇ
1132 3988 1230 4053 τῆς
1249 3987 1471 4060 ἀγάπης
1499 3992 1735 4065 ἀγλαΐᾳ·

163 4064 224 4140 ἧς
249 4073 300 4123 εἰ
332 4069 593 4142 ἀξιωθείη
618 4072 844 4143 μέτοχος
873 4075 1124 4142 γενέσθαι
1153 4079 1181 4129 6
1205 4080 1395 4149 ἱκέτης
1449 4099 1566 4144 σου,
1603 4064 1739 4137 πάν.

165 4179 266 4225 τως
297 4163 365 4216 ἂν
394 4162 499 4227 ἔξω
522 4180 628 4216 που
653 4164 879 4236 γένηται
916 4166 1024 4219 τῶν
1062 4173 1513 4240 κατηγορητικῶν
1568 4173 1740 4244 βελῶν

162 4255 250 4307 τοῦ
267 4257 655 4326 ἀντικειμένου
687 4258 856 4330 αὐτῷ,
881 4259 955 4322 ὡς
989 4253 1141 4324 οἶδας
1168 4262 1196 4312 6
1247 4263 1562 4332 ὑψηλόνους,
1597 4269 1738 4321 κατὰ

163 4345 452 4417 διαφόρους
478 4349 734 4417 τρόπους.
773 4351 961 4420 Ἡμεῖς
983 4368 1042 4404 τε
1069 4355 1118 4405 oi
1157 4358 1406 4408 ταπεινοὶ
1456 4360 1740 4428 προσοίσο-

166 4438 258 4503 μέν
289 4455 377 4491 σοι
418 4438 616 4502 πολλάς
654 4439 752 4502 τὰς
791 4442 1138 4512 εὐχαριστίας
1178 4462 1239 4498 τε
1293 4448 1388 4499 καὶ
1432 4451 1738 4520 προσευχὰς

164 4529 298 4600 ὑπὲρ
335 4531 532 4598 ὑγείας
559 4531 886 4601 ἀμφοτέρων
911 4534 1085 4603 ὑμῶν,
1119 4540 1217 4608 τῆς
1242 4538 1416 4608 καλῆς
1446 4540 1618 4605 δντως
1644 4543 1738 4595 καὶ

1764 3302 1811 3363 C

1917 2044 2134 2101 Scimus
2174 2046 2398 2099 nimiam
2444 2043 2700 2114 loquendi
2752 2044 3060 2098 libertatem
3107 2042 3413 2112 expositam

1842 2151 1963 2190 esse
1991 2137 2400 2207 reprehensioni
2430 2157 2443 2192 :
2477 2137 2683 2192 scimus
2703 2143 2964 2206 pra-terea
2993 2145 3206 2206 tempus
3237 2137 3412 2204 ipsum

1843 2228 2152 2282 cautionem
2201 2229 2366 2283 nobis
2422 2229 2692 2297 imperare
2735 2238 3021 2282 :attamen
3077 2219 3415 2295 exsuperans

1847 2330 1953 2373 tuae
1991 2335 2118 2390 erga
2166 2336 2267 2376 nos
2313 2321 2552 2375 humiles
2588 2321 2986 2390 inexplicabilis
3024 2318 3417 2373 benevolentiae

1843 2414 2163 2483 magnitudo
2202 2415 2381 2484 coegit
2429 2429 2531 2470 nos
2567 2415 2832 2469 audacius
2881 2414 2966 2467 bis
3019 2412 3185 2466 etiam
3219 2411 3416 2465 litteris

1842 2509 1944 2563 uti.
1970 2508 2229 2564 Audaciae
2279 2509 2428 2564 enim
2464 2524 2650 2564 revera
2682 2519 2806 2572 est,-
2832 2525 2940 2563 non
2986 2507 3161 2563 solum
3195 2511 3261 2561 de
3293 2522 3418 2577 pro-

1841 2601 1978 2668 priis
2001 2601 2165 2656 rebus
2201 2601 2319 2658 suis
2353 2602 2581 2668 referre,
2614 2601 2708 2655 sed
2745 2617 2844 2670 pro
2874 2601 2999 2655 aliis
3030 2600 3198 2655 etiam
3229 2601 3418 2668 depre-

1842 2692 1996 2745 cari:
2025 2701 2080 2746 et
2118 2702 2324 2756 tamen,
2364 2702 2424 2747 ut
2456 2692 2663 2747 dictum
2706 2703 2812 2756 est,
2859 2693 3060 2746 eximia
3101 2691 3416 2745 humanitas

1842 2792 1956 2846 tua,
1987 2793 2042 2837 et
2071 2785 2288 2854 gemina
2321 2786 2516 2854 pietas,
2562 2783 2921 2839 continuavit
2963 2798 3064 2838 nos
3125 2792 3186 2838 ut
3245 2783 3390 2838 aude

1842 2890 2048 2930 remus.
2096 2875 2238 2942 Quid
2273 2892 2404 2950 ergo
2455 2887 2540 2934 est
2574 2878 2717 2947 quod
2770 2877 3083 2948 loquimur?
3122 2877 3195 2933 De
3232 2876 3415 2932 Theo-

1841 2967 1973 3022 doto
2012 2966 2478 3038 Protospathario,
2524 2970 2620 3039 qui
2658 2985 2771 3039 quo
2819 2977 2978 3038 pacto
3016 2969 3070 3023 in
3099 2969 3418 3025 discrimine

1840 3067 2108 3123 versetur,
2161 3067 2381 3129 pr0pter
2422 3073 2772 3115 meonomum
2812 3058 3091 3124 Ecclesiae,
3133 3060 3264 3129 quia
3308 3075 3417 3114 una

1842 3165 1968 3205 cum
2012 3150 2133 3220 ipso
2179 3150 2456 3220 navigavit
2492 3151 2548 3204 in
2583 3149 2959 3214 Occidentem,
2996 3148 3149 3204 novit
3186 3165 3416 3219 prorsus

1845 3243 2295 3313 incomparabilis
2342 3243 2641 3298 eminentia
2693 3253 2810 3298 tua.
2861 3242 2999 3310 Quis
3051 3243 3220 3314 igitur
3273 3243 3416 3298 alius

1844 3336 2077 3390 inveniri
2112 3336 2331 3406 adjutor
2357 3337 2554 3407 possit,
2593 3339 2688 3408 qui
2721 3338 2823 3392 viri
2860 3352 3082 3392 causam
3115 3335 3419 3407 suscipiat?

1841 3427 1976 3493 Quis
2007 3443 2202 3499 magna
2240 3437 2330 3483 tua
2364 3437 2548 3485 mente
2581 3430 2990 3502 intelligentior,
3023 3439 3085 3486 ut
3111 3433 3242 3501 quid
3270 3429 3418 3485 facto

1840 3519 1911 3574 sit
1939 3533 2076 3588 opus
2108 3520 2439 3589 perspiciat?
2484 3520 2620 3588 Quis
2648 3512 2831 3576 autém
2864 3522 3022 3593 cujus
3066 3537 3228 3591 opera
3259 3537 3419 3591 para-

1842 3613 1950 3666 tior
1990 3623 2045 3666 et
2094 3613 2326 3666 validior
2377 3614 2449 3668 sit
2495 3629 2660 3683 quam
2719 3614 2932 3670 sincera
2984 3625 3074 3670 tua
3109 3612 3421 3684 protectio?

1842 3703 2014 3768 Quam
2059 3720 2090 3760 a
2125 3704 2235 3760 Deo
2261 3706 2519 3775 accepisti
2568 3706 3026 3773 misericordiam,
3062 3706 3288 3760 domine
3323 3704 3419 3760 de-

1842 3798 2259 3863 sideratissime,
2301 3799 2588 3870 impertire
2621 3800 2946 3870 postulanti.
2998 3798 3292 3854 llonoratis
3324 3813 3419 3852 ve-

1841 3892 2024 3960 stigiis
2051 3893 2160 3947 tuis
2192 3893 2538 3947 advolvimur
2567 3910 2580 3946 :
2609 3893 2906 3949 consilium
2935 3904 3089 3947 tuum
3120 3891 3262 3946 sicut
3285 3904 3421 3945 con-

1842 3983 2027 4036 silium
2075 3985 2252 4054 angeli
2285 4002 2300 4038 :
2333 3999 2438 4038 vox
2481 3995 2574 4039 tua
2610 3987 2759 4040 velut
2799 3985 2984 4056 fulgur
3012 3999 3317 4039 coruscans
3363 3991 3419 4037 et

1842 4075 2108 4129 libertatis
2155 4075 2429 4136 claritate.
2468 4085 2523 4130 et
2558 4077 2845 4147 splendore
2889 4075 3176 4132 charitatis
3211 4093 3224 4128 :
3257 4074 3418 4144 cujus

1842 4166 2114 4235 particeps
2142 4167 2188 4220 si
2229 4167 2346 4220 fieri
2376 4169 2639 4222 meruerit
2672 4168 2899 4238 supplex
2935 4177 3086 4234 tuus,
3119 4165 3417 4221 adversarii

1843 4259 1927 4314 sui
1961 4260 2333 4318 accusationis
2355 4259 2539 4330 jacula
2567 4261 2785 4329 penitus
2822 4259 3016 4315 evadet
3044 4260 3214 4315 variis
3241 4260 3420 4314 modis

1840 4353 1934 4423 qui
1988 4353 2085 4406 tibi
2123 4367 2221 4422 pro
2271 4353 2380 4408 alta
2430 4363 2614 4408 mente
2660 4363 2753 4408 tua
2791 4354 3061 4423 perspecti
3109 4363 3259 4408 sunt.
3306 4352 3418 4409 Nos

1844 4460 1968 4500 vero
2001 4445 2237 4500 humiles
2281 4445 2585 4515 gratiarum
2617 4445 2865 4499 actiones
2906 4444 3172 4515 plurimas
3221 4444 3417 4500 redde-

1843 4551 1988 4599 mus,
2040 4547 2094 4590 et
2155 4553 2348 4606 preces
2391 4539 2486 4605 pro
2543 4537 2921 4591 incolumitate
2980 4537 3268 4606 utriusque
3322 4551 3417 4588 ve-

163 4621 493 4690 άξιαγάστου
534 4623 817 4690 συζυγίας.
854 4627 964 4678 Καὶ
1000 4629 1138 4698 τάχα
1175 4632 1315 4702 ὑπὲρ
1337 4633 1436 4703 τὴν
1479 4635 1589 4687 τῶν
1611 4637 1738 4705 χρύ-

1847 4637 2046 4688 strum,
2091 4626 2336 4694 pulchra:
2378 4624 2606 4678 omnino
2635 4635 2687 4679 et
2717 4624 3052 4679 admiranda:
3081 4625 3309 4695 copulas.
3352 4623 3419 4678 Et

164 4731 256 4767 σεα
282 4715 438 4785 δῶρα
464 4717 878 4786 προσφερόντων
925 4720 1024 4770 οὐκ
1058 4721 1353 4791 ἀτιμοτέρα
1407 4723 1494 4795 εῐη
1543 4726 1670 4794 ὑμῖν
1701 4729 1734 4796 ἡ

164 4806 498 4875 θεοπάροχος
533 4807 730 4878 δωρεὰ,
767 4809 862 4861 καὶ
904 4810 938 4880 ἡ
965 4811 1074 4863 ἀπὸ
1114 4812 1321 4882 Κυρίου
1355 4817 1736 4888 χορηγουμένη

165 4898 443 4967 εὐμένεια,
475 4899 554 4961 είς
584 4900 854 4969 σωτηρίαν
879 4899 1060 4971 ψυχῆς
1098 4917 1158 4954 τε
1206 4903 1341 4972 όμοῦ
1370 4907 1462 4957 καὶ
1490 4907 1738 4977 σώματος

165 4988 314 5058 ὑμῶν
344 4989 444 5059 τῆς
471 4988 830 5058 παμποθήτου
857 4990 950 5043 καὶ
980 4993 1230 5062 πανευφή
1240 5010 1340 5062 μου
1366 4993 1575 5058 δυάδος.

300 5185 400 5248 Pw
434 5184 567 5252 (84).
608 5211 678 5225 σ-ο
717 5186 988 5255 Θεοφάνῃ
1016 5189 1347 5257 μονάζοντι.
1382 5193 1567 5268 [MCC]
1647 5181 1652 5186 ’

1846 4720 2079 4773 fortasse
2129 4715 2379 4772 beneﬁcii
2430 4716 2625 4779 divini,
2686 4725 2742 4770 et
2786 4731 2816 4769 a
2873 4715 3102 4771 Domino
3150 4716 3422 4771 submini-

1845 4822 2027 4867 strata
2090 4809 2449 4863 humanitatis
2520 4809 2665 4864 haud
2731 4810 2914 4865 minus
2975 4811 3210 4879 pretium
3263 4809 3420 4864 vobis

1845 4904 2135 4965 ambobus.
2181 4902 2599 4957 amabilissimis
2631 4912 2686 4958 et
2729 4902 3054 4958 clarissimis
3101 4903 3253 4967 viris,
3288 4917 3422 4957 con—

1847 4997 2015 5051 stabit
2044 4995 2112 5049 ad
2153 4996 2352 5049 animae
2380 4995 2545 5049 simul
2571 5003 2625 5049 et
2653 4980 2906 5065 cerporis
2946 4995 3116 5049 vestri
3159 4995 3417 5059 salutem,

1848 5104 2010 5159 quam
2050 5088 2096 5143 si
2137 5088 2231 5157 qui
2264 5101 2429 5141 aurea
2464 5087 2607 5140 dona
2635 5086 2965 5156 proferrent.

2071 5201 2222 5256 CXC.
2250 5230 2320 5242 —
2352 5199 2651 5268 Theophani
2689 5199 2834 5271 (84")
2863 5199 3116 5254 monacho
3149 5201 3247 5272 (⁸).

785 5298 924 5357 Quod
946 5300 1186 5362 Christus,
1211 5305 1433 5356 Christus
1467 5325 1562 5360 non
1588 5322 1681 5372 est,
1712 5317 1806 5366 nisi
1829 5314 2262 5367 circumscribatur
2286 5321 2452 5362 nostra
2479 5313 2666 5376 efﬁgie.

242 5399 305 5450 Εἴ
334 5415 416 5449 σοι
441 5397 593 5466 φίλον
623 5398 684 5450 τὸ
713 5400 848 5471 πρὸς
876 5402 1034 5472 ἡμῶν
1063 5406 1172 5459 τῶν
1205 5410 1436 5464 εὐτελῶν
1462 5416 1694 5486 γράμμα
1717 5458 1730 5479 ,

1914 5420 1968 5472 Si
2001 5431 2049 5472 te
2082 5418 2408 5472 humilitatis
2437 5428 2634 5473 nostrae
2671 5419 2860 5474 litterae
2884 5421 3172 5485 delectant,
3202 5440 3418 5479 rursum

1687 5552 1914 5608 ΝΟΤᾸΞ.

243 5677 356 5746 (83)
390 5675 450 5729 In
478 5675 598 5730 cod.
630 5673 765 5746 Reg.
791 5674 928 5746 ριιοο.

243 5744 357 5814 (84⁷)
389 5747 446 5798 In
471 5747 590 5800 cod.
628 5744 759 5812 licg.
793 5744 935 5813 ριιγο.

246 5816 394 5888 (84⁸)
419 5816 704 5876 Cerameo,
727 5828 911 5884 postea
935 5821 1344 5893 archiepiscopo
1370 5823 1728 5880 Tauromeni-

499 5907 778 5970 ΡΑτιιοι..
815 5910 929 5971 Gn.
962 5913 1184 5976 XCIX.

1843 5697 1991 5752 tano,
2042 5689 2197 5755 cujus
2230 5699 2444 5742 exstant
2480 5689 2721 5744 Homiliac
2765 5691 2815 5743 in
2854 5688 3146 5758 Evangelia
3183 5690 3423 5746 Domini-

1836 5760 1968 5813 calia
1998 5768 2049 5811 et
2083 5758 2237 5819 festa,
2271 5770 2376 5812 etc.

1909 5830 1981 5897 (tt)
2019 5827 2348 5897 Dogmatica.
2456 5903 2458 5906 ν

3009 5921 3084 5981 50
