  <div class='ocr_page' id='page_1' title='image "/cluster/home/n/w/nwhite01/storage/ocr_20150623/99/ien.35556001661347/799.png"; bbox 0 0 3966 6450; ppageno 0'>
   <div class='ocr_carea' id='block_1_1' title="bbox 551 327 684 390">
    <p class='ocr_par' dir='ltr' id='par_1_1' title="bbox 551 327 684 390">
     <span class='ocr_line' id='line_1_1' title="bbox 551 327 684 390; baseline 0.015 -2"><span class='ocrx_word' id='word_1_1' title='bbox 551 327 684 390; x_wconf 81' lang='grc'><strong>1579</strong></span> 
     </span>
    </p>
   </div>
   <div class='ocr_carea' id='block_1_2' title="bbox 1749 328 2630 388">
    <p class='ocr_par' dir='ltr' id='par_1_2' title="bbox 1749 328 2630 388">
     <span class='ocr_line' id='line_1_2' title="bbox 1749 328 2630 388; baseline 0.003 -3"><span class='ocrx_word' id='word_1_2' title='bbox 1749 330 1811 387; x_wconf 80' lang='lat' dir='ltr'><strong>S.</strong></span> <span class='ocrx_word' id='word_1_3' title='bbox 1843 328 2234 386; x_wconf 72' lang='lat' dir='ltr'><strong>THEODOHI</strong></span> <span class='ocrx_word' id='word_1_4' title='bbox 2286 330 2630 388; x_wconf 75' lang='lat' dir='ltr'><strong>STUDIT/E</strong></span> 
     </span>
    </p>
   </div>
   <div class='ocr_carea' id='block_1_3' title="bbox 3671 329 3801 392">
    <p class='ocr_par' dir='ltr' id='par_1_3' title="bbox 3671 329 3801 392">
     <span class='ocr_line' id='line_1_3' title="bbox 3671 329 3801 392; baseline 0 -2"><span class='ocrx_word' id='word_1_5' title='bbox 3671 329 3801 392; x_wconf 77' lang='lat'><strong>1580</strong></span> 
     </span>
    </p>
   </div>
   <div class='ocr_carea' id='block_1_4' title="bbox 548 430 2128 508">
    <p class='ocr_par' dir='ltr' id='par_1_4' title="bbox 548 437 2126 508">
     <span class='ocr_line' id='line_1_4' title="bbox 548 437 2126 508; baseline -0.003 -13"><span class='ocrx_word' id='word_1_6' title='bbox 548 441 754 508; x_wconf 78' lang='lat' dir='ltr'><strong>accipe,</strong></span> <span class='ocrx_word' id='word_1_7' title='bbox 786 439 867 492; x_wconf 88' lang='lat' dir='ltr'><strong>vir</strong></span> <span class='ocrx_word' id='word_1_8' title='bbox 899 440 1221 494; x_wconf 81' lang='lat' dir='ltr'><strong>cliarissime</strong></span> <span class='ocrx_word' id='word_1_9' title='bbox 1246 479 1260 503; x_wconf 94' lang='lat'><strong>,</strong></span> <span class='ocrx_word' id='word_1_10' title='bbox 1311 454 1572 507; x_wconf 83' lang='lat' dir='ltr'><strong>non-qua</strong></span> <span class='ocrx_word' id='word_1_11' title='bbox 1625 437 1893 493; x_wconf 73' lang='lat' dir='ltr'><strong>facundiae</strong></span> <span class='ocrx_word' id='word_1_12' title='bbox 1934 451 1990 490; x_wconf 85' lang='lat' dir='ltr'><strong>et</strong></span> <span class='ocrx_word' id='word_1_13' title='bbox 2018 439 2126 490; x_wconf 85' lang='lat' dir='ltr'><strong>clc-</strong></span> 
     </span>
    </p>
   </div>
   <div class='ocr_carea' id='block_1_5' title="bbox 2231 430 3804 508">
    <p class='ocr_par' dir='ltr' id='par_1_5' title="bbox 2231 430 3804 508">
     <span class='ocr_line' id='line_1_5' title="bbox 2231 430 3804 508; baseline 0.003 -20"><span class='ocrx_word' id='word_1_14' title='bbox 2231 438 2403 508; x_wconf 84' lang='grc' dir='ltr'>δέχοιο</span> <span class='ocrx_word' id='word_1_15' title='bbox 2446 439 2540 491; x_wconf 81' lang='grc' dir='ltr'><strong>καὶ</strong></span> <span class='ocrx_word' id='word_1_16' title='bbox 2581 437 2758 500; x_wconf 76' lang='grc' dir='ltr'>αὐθις,</span> <span class='ocrx_word' id='word_1_17' title='bbox 2799 430 2843 491; x_wconf 84' lang='grc' dir='ltr'><strong>ῶ</strong></span> <span class='ocrx_word' id='word_1_18' title='bbox 2876 437 3208 508; x_wconf 77' lang='grc' dir='ltr'>τριπόθητεο</span> <span class='ocrx_word' id='word_1_19' title='bbox 3240 438 3397 491; x_wconf 75' lang='grc' dir='ltr'>οὐδὲν</span> <span class='ocrx_word' id='word_1_20' title='bbox 3435 440 3536 508; x_wconf 83' lang='grc' dir='ltr'>μὲν</span> <span class='ocrx_word' id='word_1_21' title='bbox 3575 439 3699 508; x_wconf 79' lang='grc' dir='ltr'>ἔχον</span> <span class='ocrx_word' id='word_1_22' title='bbox 3723 441 3804 492; x_wconf 81' lang='grc' dir='ltr'>εύ-</span> 
     </span>
    </p>
   </div>
   <div class='ocr_carea' id='block_1_6' title="bbox 545 530 2126 601">
    <p class='ocr_par' dir='ltr' id='par_1_6' title="bbox 545 530 2126 601">
     <span class='ocr_line' id='line_1_6' title="bbox 545 530 2126 601; baseline 0 -16"><span class='ocrx_word' id='word_1_23' title='bbox 545 530 741 601; x_wconf 75' lang='lat' dir='ltr'><strong>gantia</strong></span> <span class='ocrx_word' id='word_1_24' title='bbox 765 531 1065 600; x_wconf 82' lang='lat' dir='ltr'><strong>quidquam</strong></span> <span class='ocrx_word' id='word_1_25' title='bbox 1098 531 1351 593; x_wconf 84' lang='lat' dir='ltr'><strong>habeant,</strong></span> <span class='ocrx_word' id='word_1_26' title='bbox 1375 541 1432 585; x_wconf 93' lang='lat' dir='ltr'><strong>ut</strong></span> <span class='ocrx_word' id='word_1_27' title='bbox 1474 540 1527 582; x_wconf 85' lang='grc' dir='ltr'><strong>ιιι</strong></span> <span class='ocrx_word' id='word_1_28' title='bbox 1553 530 1833 585; x_wconf 78' lang='lat' dir='ltr'><strong>blandiens</strong></span> <span class='ocrx_word' id='word_1_29' title='bbox 1866 531 2034 595; x_wconf 87' lang='lat' dir='ltr'><strong>dicis;</strong></span> <span class='ocrx_word' id='word_1_30' title='bbox 2072 541 2126 585; x_wconf 89' lang='lat' dir='ltr'><strong>at</strong></span> 
     </span>
    </p>
   </div>
   <div class='ocr_carea' id='block_1_7' title="bbox 547 619 2128 691">
    <p class='ocr_par' dir='ltr' id='par_1_7' title="bbox 547 619 2128 691">
     <span class='ocr_line' id='line_1_7' title="bbox 547 619 2128 691; baseline -0.001 -17"><span class='ocrx_word' id='word_1_31' title='bbox 547 637 671 689; x_wconf 88' lang='lat' dir='ltr'><strong>qua</strong></span> <span class='ocrx_word' id='word_1_32' title='bbox 695 621 984 675; x_wconf 87' lang='lat' dir='ltr'><strong>charitatis</strong></span> <span class='ocrx_word' id='word_1_33' title='bbox 1015 620 1325 691; x_wconf 86' lang='lat' dir='ltr'><strong>symbolum</strong></span> <span class='ocrx_word' id='word_1_34' title='bbox 1351 627 1481 674; x_wconf 89' lang='lat' dir='ltr'><strong>sunt</strong></span> <span class='ocrx_word' id='word_1_35' title='bbox 1508 619 1694 688; x_wconf 90' lang='lat' dir='ltr'><strong>procul</strong></span> <span class='ocrx_word' id='word_1_36' title='bbox 1712 619 1878 672; x_wconf 91' lang='lat' dir='ltr'><strong>dubio</strong></span> <span class='ocrx_word' id='word_1_37' title='bbox 1906 635 1920 671; x_wconf 89' lang='lat'><strong>:</strong></span> <span class='ocrx_word' id='word_1_38' title='bbox 1953 634 2128 687; x_wconf 85' lang='lat' dir='ltr'><strong>quan-</strong></span> 
     </span>
    </p>
   </div>
   <div class='ocr_carea' id='block_1_8' title="bbox 545 709 2128 779">
    <p class='ocr_par' dir='ltr' id='par_1_8' title="bbox 545 709 2128 779">
     <span class='ocr_line' id='line_1_8' title="bbox 545 709 2128 779; baseline -0.001 -15"><span class='ocrx_word' id='word_1_39' title='bbox 545 719 713 779; x_wconf 83' lang='lat' dir='ltr'><strong>tuque</strong></span> <span class='ocrx_word' id='word_1_40' title='bbox 734 710 1043 766; x_wconf 84' lang='lat' dir='ltr'><strong>crebriores</strong></span> <span class='ocrx_word' id='word_1_41' title='bbox 1083 709 1291 764; x_wconf 78' lang='lat' dir='ltr'><strong>fuerint</strong></span> <span class='ocrx_word' id='word_1_42' title='bbox 1321 709 1628 765; x_wconf 91' lang='lat' dir='ltr'><strong>litterarum</strong></span> <span class='ocrx_word' id='word_1_43' title='bbox 1663 710 1833 772; x_wconf 89' lang='lat' dir='ltr'><strong>vices,</strong></span> <span class='ocrx_word' id='word_1_44' title='bbox 1890 718 2040 763; x_wconf 88' lang='lat' dir='ltr'><strong>tanto</strong></span> <span class='ocrx_word' id='word_1_45' title='bbox 2073 719 2128 763; x_wconf 89' lang='lat' dir='ltr'><strong>et</strong></span> 
     </span>
    </p>
   </div>
   <div class='ocr_carea' id='block_1_9' title="bbox 543 801 2128 872">
    <p class='ocr_par' dir='ltr' id='par_1_9' title="bbox 543 801 2128 872">
     <span class='ocr_line' id='line_1_9' title="bbox 543 801 2128 872; baseline 0 -16"><span class='ocrx_word' id='word_1_46' title='bbox 543 801 830 857; x_wconf 81' lang='lat' dir='ltr'><strong>cliaritatis</strong></span> <span class='ocrx_word' id='word_1_47' title='bbox 852 810 1064 857; x_wconf 75' lang='lat' dir='ltr'><strong>crescat</strong></span> <span class='ocrx_word' id='word_1_48' title='bbox 1084 802 1316 857; x_wconf 81' lang='lat' dir='ltr'><strong>aﬂ&#39;ectus</strong></span> <span class='ocrx_word' id='word_1_49' title='bbox 1343 821 1356 857; x_wconf 91' lang='lat'><strong>:</strong></span> <span class='ocrx_word' id='word_1_50' title='bbox 1383 817 1494 872; x_wconf 89' lang='lat' dir='ltr'><strong>quo</strong></span> <span class='ocrx_word' id='word_1_51' title='bbox 1522 801 1654 872; x_wconf 91' lang='lat' dir='ltr'><strong>quid</strong></span> <span class='ocrx_word' id='word_1_52' title='bbox 1687 801 1981 872; x_wconf 90' lang='lat' dir='ltr'><strong>optabilius</strong></span> <span class='ocrx_word' id='word_1_53' title='bbox 2005 815 2128 857; x_wconf 88' lang='lat' dir='ltr'><strong>esse</strong></span> 
     </span>
    </p>
   </div>
   <div class='ocr_carea' id='block_1_10' title="bbox 543 891 2125 964">
    <p class='ocr_par' dir='ltr' id='par_1_10' title="bbox 543 891 2125 964">
     <span class='ocr_line' id='line_1_10' title="bbox 543 891 2125 964; baseline 0.002 -19"><span class='ocrx_word' id='word_1_54' title='bbox 543 892 766 963; x_wconf 79' lang='lat' dir='ltr'><strong>possit?</strong></span> <span class='ocrx_word' id='word_1_55' title='bbox 803 891 999 949; x_wconf 83' lang='lat' dir='ltr'><strong>Verum</strong></span> <span class='ocrx_word' id='word_1_56' title='bbox 1037 894 1150 948; x_wconf 87' lang='lat' dir='ltr'><strong>bac</strong></span> <span class='ocrx_word' id='word_1_57' title='bbox 1179 895 1344 949; x_wconf 89' lang='lat' dir='ltr'><strong>missa</strong></span> <span class='ocrx_word' id='word_1_58' title='bbox 1405 894 1671 949; x_wconf 85' lang='lat' dir='ltr'><strong>faciamus</strong></span> <span class='ocrx_word' id='word_1_59' title='bbox 1702 912 1714 950; x_wconf 93' lang='lat'>:</span> <span class='ocrx_word' id='word_1_60' title='bbox 1746 893 1813 948; x_wconf 88' lang='lat' dir='ltr'><strong>ad</strong></span> <span class='ocrx_word' id='word_1_61' title='bbox 1845 893 2125 964; x_wconf 77' lang='lat' dir='ltr'><strong>sequentia</strong></span> 
     </span>
    </p>
   </div>
   <div class='ocr_carea' id='block_1_11' title="bbox 543 984 2125 1056">
    <p class='ocr_par' dir='ltr' id='par_1_11' title="bbox 543 984 2125 1056">
     <span class='ocr_line' id='line_1_11' title="bbox 543 984 2125 1056; baseline 0.001 -17"><span class='ocrx_word' id='word_1_62' title='bbox 543 989 951 1054; x_wconf 83' lang='lat' dir='ltr'><strong>pergatoratio.</strong></span> <span class='ocrx_word' id='word_1_63' title='bbox 987 984 1125 1051; x_wconf 87' lang='lat' dir='ltr'><strong>Quid</strong></span> <span class='ocrx_word' id='word_1_64' title='bbox 1154 987 1257 1041; x_wconf 85' lang='lat' dir='ltr'><strong>hoc</strong></span> <span class='ocrx_word' id='word_1_65' title='bbox 1286 994 1373 1040; x_wconf 91' lang='lat' dir='ltr'><strong>est</strong></span> <span class='ocrx_word' id='word_1_66' title='bbox 1398 986 1542 1055; x_wconf 89' lang='lat' dir='ltr'><strong>quod</strong></span> <span class='ocrx_word' id='word_1_67' title='bbox 1573 986 1715 1056; x_wconf 89' lang='lat' dir='ltr'><strong>apud</strong></span> <span class='ocrx_word' id='word_1_68' title='bbox 1736 1001 1832 1041; x_wconf 90' lang='lat' dir='ltr'><strong>vos</strong></span> <span class='ocrx_word' id='word_1_69' title='bbox 1859 995 2125 1041; x_wconf 92' lang='lat' dir='ltr'><strong>tentatum</strong></span> 
     </span>
    </p>
   </div>
   <div class='ocr_carea' id='block_1_12' title="bbox 541 1074 2126 1145">
    <p class='ocr_par' dir='ltr' id='par_1_12' title="bbox 541 1074 2126 1145">
     <span class='ocr_line' id='line_1_12' title="bbox 541 1074 2126 1145; baseline 0.002 -16"><span class='ocrx_word' id='word_1_70' title='bbox 541 1074 628 1129; x_wconf 86' lang='lat' dir='ltr'><strong>es&#39;t</strong></span> <span class='ocrx_word' id='word_1_71' title='bbox 660 1075 897 1129; x_wconf 66' lang='lat' dir='ltr'><strong>novire!</strong></span> <span class='ocrx_word' id='word_1_72' title='bbox 956 1076 1181 1144; x_wconf 87' lang='lat' dir='ltr'><strong>quinam</strong></span> <span class='ocrx_word' id='word_1_73' title='bbox 1230 1075 1285 1129; x_wconf 92' lang='lat' dir='ltr'><strong>hi</strong></span> <span class='ocrx_word' id='word_1_74' title='bbox 1334 1076 1461 1130; x_wconf 89' lang='lat' dir='ltr'><strong>novi</strong></span> <span class='ocrx_word' id='word_1_75' title='bbox 1500 1077 1787 1140; x_wconf 87' lang='lat' dir='ltr'><strong>dracones,</strong></span> <span class='ocrx_word' id='word_1_76' title='bbox 1819 1076 2126 1145; x_wconf 72' lang='lat' dir='ltr'><strong>Charybdis</strong></span> 
     </span>
    </p>
   </div>
   <div class='ocr_carea' id='block_1_13' title="bbox 543 1166 2127 1236">
    <p class='ocr_par' dir='ltr' id='par_1_13' title="bbox 543 1166 2127 1236">
     <span class='ocr_line' id='line_1_13' title="bbox 543 1166 2127 1236; baseline 0.002 -18"><span class='ocrx_word' id='word_1_77' title='bbox 543 1167 720 1220; x_wconf 90' lang='lat' dir='ltr'><strong>instar</strong></span> <span class='ocrx_word' id='word_1_78' title='bbox 768 1166 1124 1221; x_wconf 87' lang='lat' dir='ltr'><strong>absorheutes</strong></span> <span class='ocrx_word' id='word_1_79' title='bbox 1181 1166 1432 1234; x_wconf 92' lang='lat' dir='ltr'><strong>animas,</strong></span> <span class='ocrx_word' id='word_1_80' title='bbox 1480 1181 1604 1236; x_wconf 84' lang='lat' dir='ltr'><strong>qua</strong></span> <span class='ocrx_word' id='word_1_81' title='bbox 1656 1167 1901 1221; x_wconf 78' lang='lat' dir='ltr'><strong>veritatis</strong></span> <span class='ocrx_word' id='word_1_82' title='bbox 1958 1168 2127 1222; x_wconf 80' lang='lat' dir='ltr'><strong>verbo</strong></span> 
     </span>
    </p>
   </div>
   <div class='ocr_carea' id='block_1_14' title="bbox 545 1258 2126 1329">
    <p class='ocr_par' dir='ltr' id='par_1_14' title="bbox 545 1258 2126 1329">
     <span class='ocr_line' id='line_1_14' title="bbox 545 1258 2126 1329; baseline 0.001 -16"><span class='ocrx_word' id='word_1_83' title='bbox 545 1261 776 1314; x_wconf 82' lang='lat' dir='ltr'><strong>ﬁrmata</strong></span> <span class='ocrx_word' id='word_1_84' title='bbox 797 1275 908 1314; x_wconf 91' lang='lat' dir='ltr'><strong>non</strong></span> <span class='ocrx_word' id='word_1_85' title='bbox 937 1259 1100 1315; x_wconf 87' lang='lat' dir='ltr'><strong>sunt?</strong></span> <span class='ocrx_word' id='word_1_86' title='bbox 1130 1258 1212 1314; x_wconf 89' lang='lat' dir='ltr'><strong>Tu</strong></span> <span class='ocrx_word' id='word_1_87' title='bbox 1235 1260 1454 1329; x_wconf 93' lang='lat' dir='ltr'><strong>quidem</strong></span> <span class='ocrx_word' id='word_1_88' title='bbox 1481 1260 1624 1314; x_wconf 86' lang='lat' dir='ltr'><strong>haud</strong></span> <span class='ocrx_word' id='word_1_89' title='bbox 1650 1261 1943 1315; x_wconf 87' lang='lat' dir='ltr'><strong>nominasti</strong></span> <span class='ocrx_word' id='word_1_90' title='bbox 1979 1278 1993 1314; x_wconf 89' lang='lat'><strong>:</strong></span> <span class='ocrx_word' id='word_1_91' title='bbox 2025 1275 2126 1315; x_wconf 91' lang='lat' dir='ltr'><strong>nos</strong></span> 
     </span>
    </p>
   </div>
   <div class='ocr_carea' id='block_1_15' title="bbox 542 1351 2122 1424">
    <p class='ocr_par' dir='ltr' id='par_1_15' title="bbox 542 1351 2122 1424">
     <span class='ocr_line' id='line_1_15' title="bbox 542 1351 2122 1424; baseline 0 -19"><span class='ocrx_word' id='word_1_92' title='bbox 542 1368 714 1418; x_wconf 86' lang='lat' dir='ltr'><strong>vero,</strong></span> <span class='ocrx_word' id='word_1_93' title='bbox 767 1351 934 1407; x_wconf 91' lang='lat' dir='ltr'><strong>etiam</strong></span> <span class='ocrx_word' id='word_1_94' title='bbox 991 1361 1284 1421; x_wconf 89' lang='lat' dir='ltr'><strong>antequam</strong></span> <span class='ocrx_word' id='word_1_95' title='bbox 1327 1352 1522 1406; x_wconf 88' lang='lat' dir='ltr'><strong>littera</strong></span> <span class='ocrx_word' id='word_1_96' title='bbox 1565 1360 1670 1406; x_wconf 84' lang='lat' dir='ltr'><strong>tua</strong></span> <span class='ocrx_word' id='word_1_97' title='bbox 1725 1352 2122 1424; x_wconf 89' lang='lat' dir='ltr'><strong>signiﬁcarent,</strong></span> 
     </span>
    </p>
   </div>
   <div class='ocr_carea' id='block_1_16' title="bbox 541 1443 2124 1513">
    <p class='ocr_par' dir='ltr' id='par_1_16' title="bbox 541 1443 2124 1513">
     <span class='ocr_line' id='line_1_16' title="bbox 541 1443 2124 1513; baseline 0 -16"><span class='ocrx_word' id='word_1_98' title='bbox 541 1445 902 1499; x_wconf 81' lang='lat' dir='ltr'><strong>vehementer</strong></span> <span class='ocrx_word' id='word_1_99' title='bbox 926 1444 1260 1513; x_wconf 81' lang='lat' dir='ltr'><strong>planximus,</strong></span> <span class='ocrx_word' id='word_1_100' title='bbox 1293 1444 1456 1498; x_wconf 88' lang='lat' dir='ltr'><strong>unius</strong></span> <span class='ocrx_word' id='word_1_101' title='bbox 1481 1443 1722 1498; x_wconf 86' lang='lat' dir='ltr'><strong>hominis</strong></span> <span class='ocrx_word' id='word_1_102' title='bbox 1755 1459 1921 1498; x_wconf 87' lang='lat' dir='ltr'><strong>causa</strong></span> <span class='ocrx_word' id='word_1_103' title='bbox 1955 1444 2124 1497; x_wconf 86' lang='lat' dir='ltr'><strong>hare-</strong></span> 
     </span>
    </p>
   </div>
   <div class='ocr_carea' id='block_1_17' title="bbox 543 1526 2124 1604">
    <p class='ocr_par' dir='ltr' id='par_1_17' title="bbox 543 1526 2124 1604">
     <span class='ocr_line' id='line_1_17' title="bbox 543 1526 2124 1604; baseline -0.002 -14"><span class='ocrx_word' id='word_1_104' title='bbox 543 1536 679 1602; x_wconf 84' lang='lat' dir='ltr'><strong>tici,</strong></span> <span class='ocrx_word' id='word_1_105' title='bbox 731 1551 826 1591; x_wconf 85' lang='lat' dir='ltr'><strong>seu</strong></span> <span class='ocrx_word' id='word_1_106' title='bbox 871 1535 1056 1604; x_wconf 86' lang='lat' dir='ltr'><strong>potius</strong></span> <span class='ocrx_word' id='word_1_107' title='bbox 1103 1550 1292 1591; x_wconf 85' lang='lat' dir='ltr'><strong>revera</strong></span> <span class='ocrx_word' id='word_1_108' title='bbox 1342 1534 1644 1604; x_wconf 88' lang='lat' dir='ltr'><strong>blasphemi</strong></span> <span class='ocrx_word' id='word_1_109' title='bbox 1686 1535 1739 1588; x_wconf 92' lang='lat' dir='ltr'><strong>in</strong></span> <span class='ocrx_word' id='word_1_110' title='bbox 1778 1533 1984 1598; x_wconf 86' lang='lat' dir='ltr'><strong>Deum,</strong></span> <span class='ocrx_word' id='word_1_111' title='bbox 2030 1526 2124 1604; x_wconf 89' lang='lat' dir='ltr'><strong>qui</strong></span> 
     </span>
    </p>
   </div>
   <div class='ocr_carea' id='block_1_18' title="bbox 544 1627 2120 1696">
    <p class='ocr_par' dir='ltr' id='par_1_18' title="bbox 544 1627 2120 1696">
     <span class='ocr_line' id='line_1_18' title="bbox 544 1627 2120 1696; baseline -0.001 -17"><span class='ocrx_word' id='word_1_112' title='bbox 544 1628 867 1682; x_wconf 70' lang='lat' dir='ltr'><strong>chartularii</strong></span> <span class='ocrx_word' id='word_1_113' title='bbox 904 1645 1104 1684; x_wconf 85' lang='lat' dir='ltr'><strong>munus</strong></span> <span class='ocrx_word' id='word_1_114' title='bbox 1146 1628 1271 1682; x_wconf 91' lang='lat' dir='ltr'><strong>istic</strong></span> <span class='ocrx_word' id='word_1_115' title='bbox 1301 1630 1368 1682; x_wconf 88' lang='lat' dir='ltr'><strong>ab</strong></span> <span class='ocrx_word' id='word_1_116' title='bbox 1400 1627 1728 1696; x_wconf 86' lang='lat' dir='ltr'><strong>imperatore</strong></span> <span class='ocrx_word' id='word_1_117' title='bbox 1764 1627 1993 1696; x_wconf 89' lang='lat' dir='ltr'><strong>adeptus</strong></span> <span class='ocrx_word' id='word_1_118' title='bbox 2018 1635 2120 1692; x_wconf 88' lang='lat' dir='ltr'><strong>est,</strong></span> 
     </span>
    </p>
   </div>
   <div class='ocr_carea' id='block_1_19' title="bbox 547 1716 2125 1788">
    <p class='ocr_par' dir='ltr' id='par_1_19' title="bbox 547 1716 2125 1788">
     <span class='ocr_line' id='line_1_19' title="bbox 547 1716 2125 1788; baseline -0.002 -14"><span class='ocrx_word' id='word_1_119' title='bbox 547 1719 688 1774; x_wconf 82' lang='lat' dir='ltr'><strong>hanc</strong></span> <span class='ocrx_word' id='word_1_120' title='bbox 718 1720 1088 1774; x_wconf 85' lang='lat' dir='ltr'><strong>celeberrima</strong></span> <span class='ocrx_word' id='word_1_121' title='bbox 1141 1719 1346 1774; x_wconf 88' lang='lat' dir='ltr'><strong>Sicilia</strong></span> <span class='ocrx_word' id='word_1_122' title='bbox 1379 1719 1676 1788; x_wconf 89' lang='lat' dir='ltr'><strong>perniciem</strong></span> <span class='ocrx_word' id='word_1_123' title='bbox 1710 1719 1954 1774; x_wconf 89' lang='lat' dir='ltr'><strong>dicentes</strong></span> <span class='ocrx_word' id='word_1_124' title='bbox 1983 1716 2125 1772; x_wconf 83' lang='lat' dir='ltr'><strong>obti-</strong></span> 
     </span>
    </p>
   </div>
   <div class='ocr_carea' id='block_1_20' title="bbox 2231 527 3806 601">
    <p class='ocr_par' dir='ltr' id='par_1_20' title="bbox 2231 527 3806 601">
     <span class='ocr_line' id='line_1_20' title="bbox 2231 527 3806 601; baseline 0.001 -21"><span class='ocrx_word' id='word_1_125' title='bbox 2231 529 2443 599; x_wconf 82' lang='grc' dir='ltr'>πρεπές</span> <span class='ocrx_word' id='word_1_126' title='bbox 2487 547 2547 582; x_wconf 89' lang='grc' dir='ltr'><strong>τε</strong></span> <span class='ocrx_word' id='word_1_127' title='bbox 2601 532 2695 583; x_wconf 81' lang='grc' dir='ltr'><strong>καὶ</strong></span> <span class='ocrx_word' id='word_1_128' title='bbox 2730 531 3018 600; x_wconf 77' lang='grc' dir='ltr'>εύφραδὲς,</span> <span class='ocrx_word' id='word_1_129' title='bbox 3051 530 3128 593; x_wconf 83' lang='grc' dir='ltr'>ὡς</span> <span class='ocrx_word' id='word_1_130' title='bbox 3172 529 3358 601; x_wconf 83' lang='grc' dir='ltr'>χάριτι</span> <span class='ocrx_word' id='word_1_131' title='bbox 3392 530 3516 600; x_wconf 83' lang='grc' dir='ltr'>φὴς,</span> <span class='ocrx_word' id='word_1_132' title='bbox 3551 531 3614 582; x_wconf 82' lang='grc' dir='ltr'><strong>τὸ</strong></span> <span class='ocrx_word' id='word_1_133' title='bbox 3639 530 3685 584; x_wconf 77' lang='grc' dir='ltr'>δ’</span> <span class='ocrx_word' id='word_1_134' title='bbox 3716 527 3806 584; x_wconf 82' lang='grc' dir='ltr'>οὖν</span> 
     </span>
    </p>
   </div>
   <div class='ocr_carea' id='block_1_21' title="bbox 2229 619 3805 691">
    <p class='ocr_par' dir='ltr' id='par_1_21' title="bbox 2229 619 3805 691">
     <span class='ocr_line' id='line_1_21' title="bbox 2229 619 3805 691; baseline -0.001 -17"><span class='ocrx_word' id='word_1_135' title='bbox 2229 624 2328 690; x_wconf 82' lang='grc' dir='ltr'>τῆς</span> <span class='ocrx_word' id='word_1_136' title='bbox 2357 621 2574 691; x_wconf 84' lang='grc' dir='ltr'><strong>ἀγάπης</strong></span> <span class='ocrx_word' id='word_1_137' title='bbox 2607 619 2877 689; x_wconf 83' lang='grc' dir='ltr'>σύμϐολον</span> <span class='ocrx_word' id='word_1_138' title='bbox 2904 621 2999 674; x_wconf 83' lang='grc' dir='ltr'>καὶ</span> <span class='ocrx_word' id='word_1_139' title='bbox 3035 622 3177 673; x_wconf 81' lang='grc' dir='ltr'>πάνυ</span> <span class='ocrx_word' id='word_1_140' title='bbox 3199 620 3684 691; x_wconf 51' lang='grc' dir='ltr'>ὁμολογουμένως</span> <span class='ocrx_word' id='word_1_141' title='bbox 3717 619 3805 673; x_wconf 87' lang='grc' dir='ltr'><strong>καί</strong></span> 
     </span>
    </p>
   </div>
   <div class='ocr_carea' id='block_1_22' title="bbox 2228 708 3802 781">
    <p class='ocr_par' dir='ltr' id='par_1_22' title="bbox 2228 708 3802 781">
     <span class='ocr_line' id='line_1_22' title="bbox 2228 708 3802 781; baseline -0.002 -17"><span class='ocrx_word' id='word_1_142' title='bbox 2228 729 2292 779; x_wconf 92' lang='grc' dir='ltr'><strong>γε</strong></span> <span class='ocrx_word' id='word_1_143' title='bbox 2327 712 2508 780; x_wconf 83' lang='grc' dir='ltr'>δσονή</span> <span class='ocrx_word' id='word_1_144' title='bbox 2543 711 2813 774; x_wconf 82' lang='grc' dir='ltr'>ἀντίδοσις</span> <span class='ocrx_word' id='word_1_145' title='bbox 2839 710 2947 763; x_wconf 89' lang='grc' dir='ltr'><strong>τῶν</strong></span> <span class='ocrx_word' id='word_1_146' title='bbox 2985 711 3332 781; x_wconf 82' lang='grc' dir='ltr'><strong>γραμμάτων</strong></span> <span class='ocrx_word' id='word_1_147' title='bbox 3358 710 3584 777; x_wconf 81' lang='grc' dir='ltr'>γίνοιτο,</span> <span class='ocrx_word' id='word_1_148' title='bbox 3617 708 3802 762; x_wconf 85' lang='grc' dir='ltr'>τοσοῦ-</span> 
     </span>
    </p>
   </div>
   <div class='ocr_carea' id='block_1_23' title="bbox 2227 797 3808 874">
    <p class='ocr_par' dir='ltr' id='par_1_23' title="bbox 2227 797 3808 874">
     <span class='ocr_line' id='line_1_23' title="bbox 2227 797 3808 874; baseline -0.001 -19"><span class='ocrx_word' id='word_1_149' title='bbox 2227 820 2317 855; x_wconf 92' lang='grc' dir='ltr'><strong>τον</strong></span> <span class='ocrx_word' id='word_1_150' title='bbox 2335 805 2368 874; x_wconf 81' lang='grc' dir='ltr'>ὴ</span> <span class='ocrx_word' id='word_1_151' title='bbox 2389 802 2490 872; x_wconf 80' lang='grc' dir='ltr'>τῆς</span> <span class='ocrx_word' id='word_1_152' title='bbox 2513 803 2734 872; x_wconf 81' lang='grc' dir='ltr'><strong>ἀγάπης</strong></span> <span class='ocrx_word' id='word_1_153' title='bbox 2751 802 2991 866; x_wconf 83' lang='grc' dir='ltr'>διάθεσις</span> <span class='ocrx_word' id='word_1_154' title='bbox 3009 803 3246 868; x_wconf 79' lang='grc' dir='ltr'>αὔξοιτο.</span> <span class='ocrx_word' id='word_1_155' title='bbox 3277 797 3352 855; x_wconf 77' lang='grc' dir='ltr'>Οῦ</span> <span class='ocrx_word' id='word_1_156' title='bbox 3385 804 3436 855; x_wconf 89' lang='grc' dir='ltr'><strong>τί</strong></span> <span class='ocrx_word' id='word_1_157' title='bbox 3458 803 3524 856; x_wconf 82' lang='grc' dir='ltr'><strong>ἂν</strong></span> <span class='ocrx_word' id='word_1_158' title='bbox 3546 803 3634 870; x_wconf 79' lang='grc' dir='ltr'><strong>εἴη</strong></span> <span class='ocrx_word' id='word_1_159' title='bbox 3653 819 3808 853; x_wconf 83' lang='grc' dir='ltr'>σπου-</span> 
     </span>
    </p>
   </div>
   <div class='ocr_carea' id='block_1_24' title="bbox 2227 893 3805 965">
    <p class='ocr_par' dir='ltr' id='par_1_24' title="bbox 2227 893 3805 965">
     <span class='ocr_line' id='line_1_24' title="bbox 2227 893 3805 965; baseline -0.001 -20"><span class='ocrx_word' id='word_1_160' title='bbox 2227 893 2505 965; x_wconf 86' lang='grc' dir='ltr'>δαιότερον</span> <span class='ocrx_word' id='word_1_161' title='bbox 2530 909 2544 958; x_wconf 90' lang='grc'>;</span> <span class='ocrx_word' id='word_1_162' title='bbox 2591 894 2754 947; x_wconf 70' lang='grc' dir='ltr'>Ἀλλὰ</span> <span class='ocrx_word' id='word_1_163' title='bbox 2774 894 2935 947; x_wconf 91' lang='grc' dir='ltr'>τοῦτο</span> <span class='ocrx_word' id='word_1_164' title='bbox 2958 894 3053 946; x_wconf 91' lang='grc' dir='ltr'><strong>νῦν</strong></span> <span class='ocrx_word' id='word_1_165' title='bbox 3073 894 3278 948; x_wconf 83' lang='grc' dir='ltr'>κείσθω</span> <span class='ocrx_word' id='word_1_166' title='bbox 3302 894 3558 947; x_wconf 77' lang='grc' dir='ltr'>ἐνταῦθα·</span> <span class='ocrx_word' id='word_1_167' title='bbox 3597 893 3736 964; x_wconf 81' lang='grc' dir='ltr'>πρὸς</span> <span class='ocrx_word' id='word_1_168' title='bbox 3753 894 3805 945; x_wconf 83' lang='grc' dir='ltr'>δὲ</span> 
     </span>
    </p>
   </div>
   <div class='ocr_carea' id='block_1_25' title="bbox 2227 985 3805 1056">
    <p class='ocr_par' dir='ltr' id='par_1_25' title="bbox 2227 985 3805 1056">
     <span class='ocr_line' id='line_1_25' title="bbox 2227 985 3805 1056; baseline -0.001 -18"><span class='ocrx_word' id='word_1_169' title='bbox 2227 985 2288 1038; x_wconf 83' lang='grc' dir='ltr'><strong>τὸ</strong></span> <span class='ocrx_word' id='word_1_170' title='bbox 2317 986 2447 1055; x_wconf 77' lang='grc' dir='ltr'>ἑξῆς</span> <span class='ocrx_word' id='word_1_171' title='bbox 2490 986 2768 1056; x_wconf 87' lang='grc' dir='ltr'>βαδιστέος</span> <span class='ocrx_word' id='word_1_172' title='bbox 2809 989 2836 1040; x_wconf 87' lang='grc' dir='ltr'>ὁ</span> <span class='ocrx_word' id='word_1_173' title='bbox 2873 986 3051 1054; x_wconf 81' lang='grc' dir='ltr'><strong>λόγος.</strong></span> <span class='ocrx_word' id='word_1_174' title='bbox 3092 986 3157 1038; x_wconf 89' lang='grc' dir='ltr'>Τί</span> <span class='ocrx_word' id='word_1_175' title='bbox 3193 987 3255 1039; x_wconf 80' lang='grc' dir='ltr'><strong>τὸ</strong></span> <span class='ocrx_word' id='word_1_176' title='bbox 3285 987 3378 1039; x_wconf 89' lang='grc' dir='ltr'><strong>νῦν</strong></span> <span class='ocrx_word' id='word_1_177' title='bbox 3411 985 3805 1055; x_wconf 46' lang='grc' dir='ltr'>καινοτομτοθὲν</span> 
     </span>
    </p>
   </div>
   <div class='ocr_carea' id='block_1_26' title="bbox 2227 1077 3803 1146">
    <p class='ocr_par' dir='ltr' id='par_1_26' title="bbox 2227 1077 3803 1146">
     <span class='ocr_line' id='line_1_26' title="bbox 2227 1077 3803 1146; baseline 0 -18"><span class='ocrx_word' id='word_1_178' title='bbox 2227 1078 2286 1128; x_wconf 78' lang='grc' dir='ltr'><strong>ἐν</strong></span> <span class='ocrx_word' id='word_1_179' title='bbox 2322 1079 2434 1140; x_wconf 83' lang='grc' dir='ltr'>τοῖς</span> <span class='ocrx_word' id='word_1_180' title='bbox 2473 1077 2704 1142; x_wconf 84' lang='grc' dir='ltr'>αύτόθι;</span> <span class='ocrx_word' id='word_1_181' title='bbox 2753 1079 2847 1130; x_wconf 70' lang='grc' dir='ltr'><strong>καὶ</strong></span> <span class='ocrx_word' id='word_1_182' title='bbox 2895 1077 3039 1140; x_wconf 88' lang='grc' dir='ltr'>τίνες</span> <span class='ocrx_word' id='word_1_183' title='bbox 3081 1079 3130 1131; x_wconf 79' lang='grc' dir='ltr'>οἱ</span> <span class='ocrx_word' id='word_1_184' title='bbox 3180 1080 3462 1144; x_wconf 55' lang='grc' dir='ltr'>νεοςανείς</span> <span class='ocrx_word' id='word_1_185' title='bbox 3511 1078 3803 1146; x_wconf 87' lang='grc' dir='ltr'>δράκοντες</span> 
     </span>
    </p>
   </div>
   <div class='ocr_carea' id='block_1_27' title="bbox 2225 1168 3804 1239">
    <p class='ocr_par' dir='ltr' id='par_1_27' title="bbox 2225 1168 3804 1239">
     <span class='ocr_line' id='line_1_27' title="bbox 2225 1168 3804 1239; baseline -0.001 -18"><span class='ocrx_word' id='word_1_186' title='bbox 2225 1168 2576 1239; x_wconf 80' lang='grc' dir='ltr'>Χαρυϐδηδὸν</span> <span class='ocrx_word' id='word_1_187' title='bbox 2619 1171 3012 1230; x_wconf 77' lang='grc' dir='ltr'>καταπίνοντες</span> <span class='ocrx_word' id='word_1_188' title='bbox 3054 1169 3233 1239; x_wconf 74' lang='grc' dir='ltr'>ψυχὰς</span> <span class='ocrx_word' id='word_1_189' title='bbox 3283 1169 3356 1238; x_wconf 85' lang='grc' dir='ltr'>μὴ</span> <span class='ocrx_word' id='word_1_190' title='bbox 3399 1169 3804 1238; x_wconf 80' lang='grc' dir='ltr'>ὲστηριγμένας</span> 
     </span>
    </p>
   </div>
   <div class='ocr_carea' id='block_1_28' title="bbox 2225 1257 3804 1331">
    <p class='ocr_par' dir='ltr' id='par_1_28' title="bbox 2225 1257 3804 1331">
     <span class='ocr_line' id='line_1_28' title="bbox 2225 1257 3804 1331; baseline -0.001 -18"><span class='ocrx_word' id='word_1_191' title='bbox 2225 1261 2304 1330; x_wconf 79' lang='grc' dir='ltr'>τῷ</span> <span class='ocrx_word' id='word_1_192' title='bbox 2333 1260 2476 1330; x_wconf 76' lang='grc' dir='ltr'>λόγῳ</span> <span class='ocrx_word' id='word_1_193' title='bbox 2499 1261 2597 1327; x_wconf 83' lang='grc' dir='ltr'>τῆς</span> <span class='ocrx_word' id='word_1_194' title='bbox 2620 1261 2879 1331; x_wconf 80' lang='grc' dir='ltr'>ἀληθείας</span> <span class='ocrx_word' id='word_1_195' title='bbox 2902 1277 2915 1323; x_wconf 85' lang='lat'><strong>;</strong></span> <span class='ocrx_word' id='word_1_196' title='bbox 2936 1261 3108 1324; x_wconf 80' lang='grc' dir='ltr'>Αὐτὸς</span> <span class='ocrx_word' id='word_1_197' title='bbox 3141 1261 3241 1329; x_wconf 79' lang='grc' dir='ltr'>μὲν</span> <span class='ocrx_word' id='word_1_198' title='bbox 3269 1257 3362 1312; x_wconf 80' lang='grc' dir='ltr'><strong>οὖν</strong></span> <span class='ocrx_word' id='word_1_199' title='bbox 3394 1261 3494 1313; x_wconf 80' lang='grc' dir='ltr'>οὐκ</span> <span class='ocrx_word' id='word_1_200' title='bbox 3524 1260 3804 1327; x_wconf 79' lang='grc' dir='ltr'>ὲξωνομά-</span> 
     </span>
    </p>
   </div>
   <div class='ocr_carea' id='block_1_29' title="bbox 2224 1351 3804 1424">
    <p class='ocr_par' dir='ltr' id='par_1_29' title="bbox 2224 1351 3804 1424">
     <span class='ocr_line' id='line_1_29' title="bbox 2224 1351 3804 1424; baseline -0.002 -19"><span class='ocrx_word' id='word_1_201' title='bbox 2224 1368 2381 1416; x_wconf 84' lang='grc' dir='ltr'>τισας</span> <span class='ocrx_word' id='word_1_202' title='bbox 2403 1369 2417 1382; x_wconf 76' lang='grc' dir='ltr'><strong>ο</strong></span> <span class='ocrx_word' id='word_1_203' title='bbox 2449 1354 2611 1423; x_wconf 80' lang='grc' dir='ltr'>ἡμεῖς</span> <span class='ocrx_word' id='word_1_204' title='bbox 2655 1353 2730 1416; x_wconf 87' lang='grc' dir='ltr'><strong>δὲ,</strong></span> <span class='ocrx_word' id='word_1_205' title='bbox 2767 1354 2862 1406; x_wconf 76' lang='grc' dir='ltr'>καὶ</span> <span class='ocrx_word' id='word_1_206' title='bbox 2893 1352 2999 1424; x_wconf 81' lang='grc' dir='ltr'><strong>πρὸ</strong></span> <span class='ocrx_word' id='word_1_207' title='bbox 3028 1353 3124 1422; x_wconf 78' lang='grc' dir='ltr'>τῆς</span> <span class='ocrx_word' id='word_1_208' title='bbox 3172 1351 3458 1421; x_wconf 76' lang='grc' dir='ltr'>δηλώσεως</span> <span class='ocrx_word' id='word_1_209' title='bbox 3484 1352 3596 1404; x_wconf 89' lang='grc' dir='ltr'><strong>τῶν</strong></span> <span class='ocrx_word' id='word_1_210' title='bbox 3621 1369 3804 1421; x_wconf 77' lang='grc' dir='ltr'>γραμ-</span> 
     </span>
    </p>
   </div>
   <div class='ocr_carea' id='block_1_30' title="bbox 2229 1443 3805 1514">
    <p class='ocr_par' dir='ltr' id='par_1_30' title="bbox 2229 1443 3805 1514">
     <span class='ocr_line' id='line_1_30' title="bbox 2229 1443 3805 1514; baseline -0.001 -17"><span class='ocrx_word' id='word_1_211' title='bbox 2229 1445 2432 1512; x_wconf 82' lang='grc' dir='ltr'>μάτων,</span> <span class='ocrx_word' id='word_1_212' title='bbox 2481 1443 2957 1514; x_wconf 82' lang='grc' dir='ltr'>κατεστενάξαμεν</span> <span class='ocrx_word' id='word_1_213' title='bbox 2983 1446 3066 1497; x_wconf 78' lang='grc' dir='ltr'>ὅτι</span> <span class='ocrx_word' id='word_1_214' title='bbox 3091 1445 3324 1514; x_wconf 82' lang='grc' dir='ltr'>μάλιστα</span> <span class='ocrx_word' id='word_1_215' title='bbox 3357 1443 3442 1510; x_wconf 77' lang='grc' dir='ltr'><strong>ἐφ’</strong></span> <span class='ocrx_word' id='word_1_216' title='bbox 3473 1444 3630 1514; x_wconf 79' lang='grc' dir='ltr'>ἀνδρὶ</span> <span class='ocrx_word' id='word_1_217' title='bbox 3650 1445 3805 1512; x_wconf 75' lang='grc' dir='ltr'>αἱρε-</span> 
     </span>
    </p>
   </div>
   <div class='ocr_carea' id='block_1_31' title="bbox 2224 1535 3807 1608">
    <p class='ocr_par' dir='ltr' id='par_1_31' title="bbox 2224 1535 3807 1608">
     <span class='ocr_line' id='line_1_31' title="bbox 2224 1535 3807 1608; baseline 0 -20"><span class='ocrx_word' id='word_1_218' title='bbox 2224 1536 2384 1605; x_wconf 81' lang='grc' dir='ltr'>τικῷ,</span> <span class='ocrx_word' id='word_1_219' title='bbox 2421 1537 2623 1605; x_wconf 81' lang='grc' dir='ltr'>μᾶλλον</span> <span class='ocrx_word' id='word_1_220' title='bbox 2661 1537 2718 1590; x_wconf 85' lang='grc' dir='ltr'>δὲ</span> <span class='ocrx_word' id='word_1_221' title='bbox 2755 1537 3063 1608; x_wconf 83' lang='grc' dir='ltr'>βλασφήμῳ</span> <span class='ocrx_word' id='word_1_222' title='bbox 3118 1535 3194 1606; x_wconf 83' lang='grc' dir='ltr'>τῷ</span> <span class='ocrx_word' id='word_1_223' title='bbox 3233 1535 3350 1589; x_wconf 76' lang='grc' dir='ltr'>ὄντι</span> <span class='ocrx_word' id='word_1_224' title='bbox 3389 1538 3468 1598; x_wconf 82' lang='grc' dir='ltr'><strong>είς</strong></span> <span class='ocrx_word' id='word_1_225' title='bbox 3514 1535 3672 1598; x_wconf 83' lang='grc' dir='ltr'>Θεὸν,</span> <span class='ocrx_word' id='word_1_226' title='bbox 3718 1537 3807 1588; x_wconf 77' lang='grc' dir='ltr'>λα-</span> 
     </span>
    </p>
   </div>
   <div class='ocr_carea' id='block_1_32' title="bbox 2225 1627 3802 1698">
    <p class='ocr_par' dir='ltr' id='par_1_32' title="bbox 2225 1627 3802 1698">
     <span class='ocr_line' id='line_1_32' title="bbox 2225 1627 3802 1698; baseline 0 -19"><span class='ocrx_word' id='word_1_227' title='bbox 2225 1628 2370 1697; x_wconf 86' lang='grc' dir='ltr'>χόντι</span> <span class='ocrx_word' id='word_1_228' title='bbox 2411 1630 2470 1680; x_wconf 84' lang='grc' dir='ltr'>ὲν</span> <span class='ocrx_word' id='word_1_229' title='bbox 2517 1629 2633 1692; x_wconf 85' lang='grc' dir='ltr'>τοῖς</span> <span class='ocrx_word' id='word_1_230' title='bbox 2678 1628 2865 1682; x_wconf 77' lang='grc' dir='ltr'>αὐτόοι</span> <span class='ocrx_word' id='word_1_231' title='bbox 2913 1627 3068 1698; x_wconf 90' lang='grc' dir='ltr'><strong>παρά</strong></span> <span class='ocrx_word' id='word_1_232' title='bbox 3096 1627 3192 1680; x_wconf 90' lang='grc' dir='ltr'><strong>τοῦ</strong></span> <span class='ocrx_word' id='word_1_233' title='bbox 3231 1627 3465 1698; x_wconf 85' lang='grc' dir='ltr'>κράτους</span> <span class='ocrx_word' id='word_1_234' title='bbox 3499 1629 3802 1697; x_wconf 72' lang='grc' dir='ltr'>χαρτουὶαο</span> 
     </span>
    </p>
   </div>
   <div class='ocr_carea' id='block_1_33' title="bbox 2227 1719 3807 1791">
    <p class='ocr_par' dir='ltr' id='par_1_33' title="bbox 2227 1719 3807 1791">
     <span class='ocr_line' id='line_1_33' title="bbox 2227 1719 3807 1791; baseline 0.001 -21"><span class='ocrx_word' id='word_1_235' title='bbox 2227 1719 2430 1790; x_wconf 89' lang='grc' dir='ltr'>ρεύειν,</span> <span class='ocrx_word' id='word_1_236' title='bbox 2464 1722 2644 1773; x_wconf 82' lang='grc' dir='ltr'>ἐκεῖνο</span> <span class='ocrx_word' id='word_1_237' title='bbox 2689 1720 2958 1784; x_wconf 73' lang='grc' dir='ltr'>εἰπόντες,</span> <span class='ocrx_word' id='word_1_238' title='bbox 2991 1721 3074 1772; x_wconf 84' lang='grc' dir='ltr'>ὅτι</span> <span class='ocrx_word' id='word_1_239' title='bbox 3105 1736 3169 1788; x_wconf 93' lang='grc' dir='ltr'><strong>γε</strong></span> <span class='ocrx_word' id='word_1_240' title='bbox 3207 1719 3307 1789; x_wconf 85' lang='grc' dir='ltr'>τῆς</span> <span class='ocrx_word' id='word_1_241' title='bbox 3357 1719 3691 1791; x_wconf 83' lang='grc' dir='ltr'>περιϐοήτου</span> <span class='ocrx_word' id='word_1_242' title='bbox 3721 1722 3807 1772; x_wconf 81' lang='grc' dir='ltr'><strong>Σι-</strong></span> 
     </span>
    </p>
   </div>
   <div class='ocr_carea' id='block_1_34' title="bbox 545 1800 2128 1883">
    <p class='ocr_par' dir='ltr' id='par_1_34' title="bbox 545 1809 2118 1881">
     <span class='ocr_line' id='line_1_34' title="bbox 545 1809 2118 1881; baseline 0 -17"><span class='ocrx_word' id='word_1_243' title='bbox 545 1812 712 1879; x_wconf 84' lang='lat' dir='ltr'><strong>gisse.</strong></span> <span class='ocrx_word' id='word_1_244' title='bbox 749 1809 900 1866; x_wconf 84' lang='lat' dir='ltr'><strong>Istud</strong></span> <span class='ocrx_word' id='word_1_245' title='bbox 949 1821 1130 1865; x_wconf 88' lang='lat' dir='ltr'><strong>autem</strong></span> <span class='ocrx_word' id='word_1_246' title='bbox 1183 1811 1411 1866; x_wconf 81' lang='lat' dir='ltr'><strong>exitium</strong></span> <span class='ocrx_word' id='word_1_247' title='bbox 1458 1827 1567 1865; x_wconf 92' lang='lat' dir='ltr'><strong>non</strong></span> <span class='ocrx_word' id='word_1_248' title='bbox 1601 1827 1665 1865; x_wconf 81' lang='lat' dir='ltr'><strong>ex</strong></span> <span class='ocrx_word' id='word_1_249' title='bbox 1693 1810 1995 1881; x_wconf 83' lang='lat' dir='ltr'><strong>dogmatica</strong></span> <span class='ocrx_word' id='word_1_250' title='bbox 2020 1811 2118 1864; x_wconf 89' lang='lat' dir='ltr'><strong>do-</strong></span> 
     </span>
    </p>
   </div>
   <div class='ocr_carea' id='block_1_35' title="bbox 2231 1800 3807 1883">
    <p class='ocr_par' dir='ltr' id='par_1_35' title="bbox 2231 1811 3807 1883">
     <span class='ocr_line' id='line_1_35' title="bbox 2231 1811 3807 1883; baseline 0.001 -21"><span class='ocrx_word' id='word_1_251' title='bbox 2231 1811 2409 1874; x_wconf 81' lang='grc' dir='ltr'>κελίας</span> <span class='ocrx_word' id='word_1_252' title='bbox 2439 1812 2673 1879; x_wconf 76' lang='grc' dir='ltr'>ἔφθασεν</span> <span class='ocrx_word' id='word_1_253' title='bbox 2703 1811 2942 1883; x_wconf 73' lang='grc' dir='ltr'>ὄλεθρος.</span> <span class='ocrx_word' id='word_1_254' title='bbox 2972 1813 3102 1865; x_wconf 83' lang='grc' dir='ltr'>Τόδε</span> <span class='ocrx_word' id='word_1_255' title='bbox 3147 1813 3207 1866; x_wconf 77' lang='grc' dir='ltr'><strong>τὸ</strong></span> <span class='ocrx_word' id='word_1_256' title='bbox 3239 1813 3394 1881; x_wconf 79' lang='grc' dir='ltr'>πῆμα</span> <span class='ocrx_word' id='word_1_257' title='bbox 3424 1813 3525 1868; x_wconf 76' lang='grc' dir='ltr'><strong>οὐκ</strong></span> <span class='ocrx_word' id='word_1_258' title='bbox 3559 1813 3624 1865; x_wconf 82' lang='grc' dir='ltr'>ἐκ</span> <span class='ocrx_word' id='word_1_259' title='bbox 3682 1813 3807 1878; x_wconf 78' lang='grc' dir='ltr'>δογ-</span> 
     </span>
    </p>
   </div>
   <div class='ocr_carea' id='block_1_36' title="bbox 544 1899 2121 1969">
    <p class='ocr_par' dir='ltr' id='par_1_36' title="bbox 544 1899 2121 1969">
     <span class='ocr_line' id='line_1_36' title="bbox 544 1899 2121 1969; baseline -0.004 -11"><span class='ocrx_word' id='word_1_260' title='bbox 544 1901 724 1958; x_wconf 87' lang='lat' dir='ltr'><strong>ctrina</strong></span> <span class='ocrx_word' id='word_1_261' title='bbox 754 1902 1045 1956; x_wconf 81' lang='lat' dir='ltr'><strong>conﬂatum</strong></span> <span class='ocrx_word' id='word_1_262' title='bbox 1067 1911 1153 1956; x_wconf 88' lang='lat' dir='ltr'><strong>est</strong></span> <span class='ocrx_word' id='word_1_263' title='bbox 1186 1919 1198 1954; x_wconf 92' lang='lat'><strong>:</strong></span> <span class='ocrx_word' id='word_1_264' title='bbox 1232 1901 1497 1955; x_wconf 83' lang='lat' dir='ltr'><strong>doctrina</strong></span> <span class='ocrx_word' id='word_1_265' title='bbox 1529 1901 1671 1954; x_wconf 91' lang='lat' dir='ltr'><strong>enim</strong></span> <span class='ocrx_word' id='word_1_266' title='bbox 1701 1914 1896 1968; x_wconf 82' lang='lat' dir='ltr'><strong>expers</strong></span> <span class='ocrx_word' id='word_1_267' title='bbox 1931 1899 2121 1969; x_wconf 88' lang='lat' dir='ltr'><strong>ingens</strong></span> 
     </span>
    </p>
   </div>
   <div class='ocr_carea' id='block_1_37' title="bbox 544 1991 2120 2064">
    <p class='ocr_par' dir='ltr' id='par_1_37' title="bbox 544 1991 2120 2064">
     <span class='ocr_line' id='line_1_37' title="bbox 544 1991 2120 2064; baseline -0.003 -14"><span class='ocrx_word' id='word_1_268' title='bbox 544 1996 664 2052; x_wconf 86' lang='lat' dir='ltr'><strong>hac</strong></span> <span class='ocrx_word' id='word_1_269' title='bbox 691 2004 871 2051; x_wconf 84' lang='lat' dir='ltr'><strong>statua</strong></span> <span class='ocrx_word' id='word_1_270' title='bbox 904 2012 918 2049; x_wconf 90' lang='lat'><strong>:</strong></span> <span class='ocrx_word' id='word_1_271' title='bbox 944 1996 1037 2050; x_wconf 90' lang='lat' dir='ltr'><strong>sed</strong></span> <span class='ocrx_word' id='word_1_272' title='bbox 1076 1995 1144 2049; x_wconf 91' lang='lat' dir='ltr'><strong>ab</strong></span> <span class='ocrx_word' id='word_1_273' title='bbox 1170 1993 1337 2063; x_wconf 90' lang='lat' dir='ltr'><strong>impia</strong></span> <span class='ocrx_word' id='word_1_274' title='bbox 1367 2006 1549 2048; x_wconf 90' lang='lat' dir='ltr'><strong>mente</strong></span> <span class='ocrx_word' id='word_1_275' title='bbox 1578 1991 1904 2064; x_wconf 76' lang='lat' dir='ltr'><strong>profectum,</strong></span> <span class='ocrx_word' id='word_1_276' title='bbox 1936 2004 2120 2061; x_wconf 84' lang='lat' dir='ltr'><strong>atque.</strong></span> 
     </span>
    </p>
   </div>
   <div class='ocr_carea' id='block_1_38' title="bbox 545 2083 2124 2158">
    <p class='ocr_par' dir='ltr' id='par_1_38' title="bbox 545 2083 2124 2158">
     <span class='ocr_line' id='line_1_38' title="bbox 545 2083 2124 2158; baseline -0.005 -14"><span class='ocrx_word' id='word_1_277' title='bbox 545 2097 608 2144; x_wconf 93' lang='lat' dir='ltr'><strong>ut</strong></span> <span class='ocrx_word' id='word_1_278' title='bbox 639 2088 783 2158; x_wconf 90' lang='lat' dir='ltr'><strong>quod</strong></span> <span class='ocrx_word' id='word_1_279' title='bbox 813 2089 996 2143; x_wconf 87' lang='lat' dir='ltr'><strong>verius</strong></span> <span class='ocrx_word' id='word_1_280' title='bbox 1036 2098 1120 2142; x_wconf 89' lang='lat' dir='ltr'><strong>est</strong></span> <span class='ocrx_word' id='word_1_281' title='bbox 1145 2087 1383 2151; x_wconf 87' lang='lat' dir='ltr'><strong>dicatur,</strong></span> <span class='ocrx_word' id='word_1_282' title='bbox 1415 2085 1481 2140; x_wconf 89' lang='lat' dir='ltr'><strong>ad</strong></span> <span class='ocrx_word' id='word_1_283' title='bbox 1515 2085 1847 2155; x_wconf 85' lang='lat' dir='ltr'><strong>impietatem</strong></span> <span class='ocrx_word' id='word_1_284' title='bbox 1889 2099 1918 2137; x_wconf 89' lang='lat' dir='ltr'><strong>a</strong></span> <span class='ocrx_word' id='word_1_285' title='bbox 1950 2083 2124 2153; x_wconf 85' lang='lat' dir='ltr'><strong>majo-</strong></span> 
     </span>
    </p>
   </div>
   <div class='ocr_carea' id='block_1_39' title="bbox 544 2179 2120 2253">
    <p class='ocr_par' dir='ltr' id='par_1_39' title="bbox 544 2179 2120 2253">
     <span class='ocr_line' id='line_1_39' title="bbox 544 2179 2120 2253; baseline -0.005 -15"><span class='ocrx_word' id='word_1_286' title='bbox 544 2184 699 2238; x_wconf 86' lang='lat' dir='ltr'><strong>ribus</strong></span> <span class='ocrx_word' id='word_1_287' title='bbox 727 2193 915 2237; x_wconf 91' lang='lat' dir='ltr'><strong>natum</strong></span> <span class='ocrx_word' id='word_1_288' title='bbox 944 2201 956 2237; x_wconf 92' lang='lat'>:</span> <span class='ocrx_word' id='word_1_289' title='bbox 999 2194 1050 2238; x_wconf 89' lang='lat' dir='ltr'><strong>et</strong></span> <span class='ocrx_word' id='word_1_290' title='bbox 1082 2183 1304 2253; x_wconf 88' lang='lat' dir='ltr'><strong>quidem</strong></span> <span class='ocrx_word' id='word_1_291' title='bbox 1337 2196 1463 2236; x_wconf 89' lang='lat' dir='ltr'><strong>cum</strong></span> <span class='ocrx_word' id='word_1_292' title='bbox 1493 2180 1710 2235; x_wconf 88' lang='lat' dir='ltr'><strong>duobus</strong></span> <span class='ocrx_word' id='word_1_293' title='bbox 1732 2179 1854 2233; x_wconf 90' lang='lat' dir='ltr'><strong>aliis</strong></span> <span class='ocrx_word' id='word_1_294' title='bbox 1891 2193 2120 2232; x_wconf 49' lang='lat' dir='ltr'><strong>consan-</strong></span> 
     </span>
    </p>
   </div>
   <div class='ocr_carea' id='block_1_40' title="bbox 545 2271 2121 2346">
    <p class='ocr_par' dir='ltr' id='par_1_40' title="bbox 545 2271 2121 2346">
     <span class='ocr_line' id='line_1_40' title="bbox 545 2271 2121 2346; baseline -0.006 -15"><span class='ocrx_word' id='word_1_295' title='bbox 545 2277 779 2346; x_wconf 82' lang='lat' dir='ltr'><strong>guineis.</strong></span> <span class='ocrx_word' id='word_1_296' title='bbox 807 2275 913 2331; x_wconf 88' lang='lat' dir='ltr'><strong>Sed</strong></span> <span class='ocrx_word' id='word_1_297' title='bbox 933 2276 1032 2331; x_wconf 91' lang='lat' dir='ltr'><strong>hos</strong></span> <span class='ocrx_word' id='word_1_298' title='bbox 1053 2273 1316 2341; x_wconf 86' lang='lat' dir='ltr'><strong>Trinitas,</strong></span> <span class='ocrx_word' id='word_1_299' title='bbox 1337 2274 1476 2337; x_wconf 89' lang='lat' dir='ltr'><strong>scio,</strong></span> <span class='ocrx_word' id='word_1_300' title='bbox 1509 2271 1837 2344; x_wconf 85' lang='lat' dir='ltr'><strong>proﬁigabit,</strong></span> <span class='ocrx_word' id='word_1_301' title='bbox 1862 2279 1916 2324; x_wconf 92' lang='lat' dir='ltr'><strong>et</strong></span> <span class='ocrx_word' id='word_1_302' title='bbox 1937 2279 2121 2324; x_wconf 88' lang='lat' dir='ltr'><strong>vestro</strong></span> 
     </span>
    </p>
   </div>
   <div class='ocr_carea' id='block_1_41' title="bbox 543 2360 2117 2437">
    <p class='ocr_par' dir='ltr' id='par_1_41' title="bbox 543 2360 2117 2437">
     <span class='ocr_line' id='line_1_41' title="bbox 543 2360 2117 2437; baseline -0.008 -13"><span class='ocrx_word' id='word_1_303' title='bbox 543 2378 598 2424; x_wconf 91' lang='lat' dir='ltr'><strong>et</strong></span> <span class='ocrx_word' id='word_1_304' title='bbox 632 2368 862 2424; x_wconf 81' lang='lat' dir='ltr'><strong>aliorum</strong></span> <span class='ocrx_word' id='word_1_305' title='bbox 896 2368 989 2437; x_wconf 91' lang='lat' dir='ltr'><strong>qui</strong></span> <span class='ocrx_word' id='word_1_306' title='bbox 1024 2367 1304 2422; x_wconf 81' lang='lat' dir='ltr'><strong>veritatem</strong></span> <span class='ocrx_word' id='word_1_307' title='bbox 1340 2382 1447 2420; x_wconf 90' lang='lat' dir='ltr'><strong>una</strong></span> <span class='ocrx_word' id='word_1_308' title='bbox 1470 2363 1769 2420; x_wconf 78' lang='lat' dir='ltr'><strong>defendunt</strong></span> <span class='ocrx_word' id='word_1_309' title='bbox 1791 2376 1884 2416; x_wconf 89' lang='lat' dir='ltr'><strong>ore</strong></span> <span class='ocrx_word' id='word_1_310' title='bbox 1914 2360 2117 2415; x_wconf 87' lang='lat' dir='ltr'><strong>divino.</strong></span> 
     </span>
    </p>
   </div>
   <div class='ocr_carea' id='block_1_42' title="bbox 545 2453 2123 2517">
    <p class='ocr_par' dir='ltr' id='par_1_42' title="bbox 545 2453 2123 2517">
     <span class='ocr_line' id='line_1_42' title="bbox 545 2453 2123 2517; baseline -0.007 0"><span class='ocrx_word' id='word_1_311' title='bbox 545 2462 624 2517; x_wconf 83' lang='lat' dir='ltr'><strong>Te</strong></span> <span class='ocrx_word' id='word_1_312' title='bbox 662 2477 791 2517; x_wconf 82' lang='lat' dir='ltr'><strong>vero</strong></span> <span class='ocrx_word' id='word_1_313' title='bbox 821 2470 877 2516; x_wconf 88' lang='lat' dir='ltr'><strong>et</strong></span> <span class='ocrx_word' id='word_1_314' title='bbox 905 2462 982 2516; x_wconf 91' lang='lat' dir='ltr'><strong>tui</strong></span> <span class='ocrx_word' id='word_1_315' title='bbox 1016 2461 1223 2515; x_wconf 90' lang='lat' dir='ltr'><strong>similes</strong></span> <span class='ocrx_word' id='word_1_316' title='bbox 1255 2461 1482 2514; x_wconf 91' lang='lat' dir='ltr'><strong>minime</strong></span> <span class='ocrx_word' id='word_1_317' title='bbox 1521 2459 1699 2512; x_wconf 88' lang='lat' dir='ltr'><strong>turbet</strong></span> <span class='ocrx_word' id='word_1_318' title='bbox 1731 2456 1910 2510; x_wconf 89' lang='lat' dir='ltr'><strong>adhuc</strong></span> <span class='ocrx_word' id='word_1_319' title='bbox 1937 2453 2123 2508; x_wconf 79' lang='lat' dir='ltr'><strong>furens</strong></span> 
     </span>
    </p>
   </div>
   <div class='ocr_carea' id='block_1_43' title="bbox 544 2550 2123 2609">
    <p class='ocr_par' dir='ltr' id='par_1_43' title="bbox 544 2550 2123 2609">
     <span class='ocr_line' id='line_1_43' title="bbox 544 2550 2123 2609; baseline -0.009 1"><span class='ocrx_word' id='word_1_320' title='bbox 544 2553 792 2609; x_wconf 68' lang='lat' dir='ltr'><strong>haeresis.</strong></span> <span class='ocrx_word' id='word_1_321' title='bbox 822 2550 1078 2606; x_wconf 81' lang='lat' dir='ltr'><strong>Nondum</strong></span> <span class='ocrx_word' id='word_1_322' title='bbox 1108 2551 1254 2605; x_wconf 88' lang='lat' dir='ltr'><strong>enim</strong></span> <span class='ocrx_word' id='word_1_323' title='bbox 1285 2563 1580 2604; x_wconf 80' lang='lat' dir='ltr'><strong>excussum</strong></span> <span class='ocrx_word' id='word_1_324' title='bbox 1622 2555 1676 2601; x_wconf 93' lang='lat' dir='ltr'><strong>et</strong></span> <span class='ocrx_word' id='word_1_325' title='bbox 1719 2553 2008 2600; x_wconf 85' lang='lat' dir='ltr'><strong>contusum</strong></span> <span class='ocrx_word' id='word_1_326' title='bbox 2039 2551 2123 2597; x_wconf 90' lang='lat' dir='ltr'><strong>est</strong></span> 
     </span>
    </p>
   </div>
   <div class='ocr_carea' id='block_1_44' title="bbox 544 2635 2120 2712">
    <p class='ocr_par' dir='ltr' id='par_1_44' title="bbox 544 2635 2120 2712">
     <span class='ocr_line' id='line_1_44' title="bbox 544 2635 2120 2712; baseline -0.01 -11"><span class='ocrx_word' id='word_1_327' title='bbox 544 2646 773 2710; x_wconf 87' lang='lat' dir='ltr'><strong>malum,</strong></span> <span class='ocrx_word' id='word_1_328' title='bbox 799 2659 902 2699; x_wconf 92' lang='lat' dir='ltr'><strong>nec</strong></span> <span class='ocrx_word' id='word_1_329' title='bbox 938 2644 1074 2699; x_wconf 87' lang='lat' dir='ltr'><strong>satis</strong></span> <span class='ocrx_word' id='word_1_330' title='bbox 1101 2643 1280 2697; x_wconf 87' lang='lat' dir='ltr'><strong>adhuc</strong></span> <span class='ocrx_word' id='word_1_331' title='bbox 1309 2641 1570 2712; x_wconf 87' lang='lat' dir='ltr'><strong>probatus</strong></span> <span class='ocrx_word' id='word_1_332' title='bbox 1593 2637 1830 2693; x_wconf 90' lang='lat' dir='ltr'><strong>ﬁdelium</strong></span> <span class='ocrx_word' id='word_1_333' title='bbox 1864 2636 1918 2690; x_wconf 90' lang='lat' dir='ltr'><strong>in</strong></span> <span class='ocrx_word' id='word_1_334' title='bbox 1952 2635 2120 2689; x_wconf 93' lang='lat' dir='ltr'><strong>Deum</strong></span> 
     </span>
    </p>
   </div>
   <div class='ocr_carea' id='block_1_45' title="bbox 544 2725 2125 2804">
    <p class='ocr_par' dir='ltr' id='par_1_45' title="bbox 544 2725 2125 2804">
     <span class='ocr_line' id='line_1_45' title="bbox 544 2725 2125 2804; baseline -0.006 -14"><span class='ocrx_word' id='word_1_335' title='bbox 544 2751 701 2790; x_wconf 88' lang='lat' dir='ltr'><strong>amor</strong></span> <span class='ocrx_word' id='word_1_336' title='bbox 728 2753 742 2790; x_wconf 91' lang='lat'><strong>:</strong></span> <span class='ocrx_word' id='word_1_337' title='bbox 774 2750 840 2790; x_wconf 87' lang='lat' dir='ltr'><strong>ac</strong></span> <span class='ocrx_word' id='word_1_338' title='bbox 866 2746 1127 2804; x_wconf 87' lang='lat' dir='ltr'><strong>praterea</strong></span> <span class='ocrx_word' id='word_1_339' title='bbox 1164 2747 1271 2787; x_wconf 93' lang='lat' dir='ltr'><strong>non</strong></span> <span class='ocrx_word' id='word_1_340' title='bbox 1311 2746 1604 2802; x_wconf 86' lang='lat' dir='ltr'><strong>possumus</strong></span> <span class='ocrx_word' id='word_1_341' title='bbox 1629 2728 1838 2798; x_wconf 75' lang='lat' dir='ltr'><strong>ingredi</strong></span> <span class='ocrx_word' id='word_1_342' title='bbox 1873 2728 1929 2781; x_wconf 90' lang='lat' dir='ltr'><strong>in</strong></span> <span class='ocrx_word' id='word_1_343' title='bbox 1960 2725 2125 2797; x_wconf 84' lang='lat' dir='ltr'><strong>abys-</strong></span> 
     </span>
    </p>
   </div>
   <div class='ocr_carea' id='block_1_46' title="bbox 545 2820 2124 2897">
    <p class='ocr_par' dir='ltr' id='par_1_46' title="bbox 545 2820 2124 2897">
     <span class='ocr_line' id='line_1_46' title="bbox 545 2820 2124 2897; baseline -0.008 -13"><span class='ocrx_word' id='word_1_344' title='bbox 545 2843 670 2884; x_wconf 86' lang='lat' dir='ltr'><strong>sum</strong></span> <span class='ocrx_word' id='word_1_345' title='bbox 704 2827 1039 2897; x_wconf 79' lang='lat' dir='ltr'><strong>iudiciorum</strong></span> <span class='ocrx_word' id='word_1_346' title='bbox 1075 2824 1189 2889; x_wconf 89' lang='lat' dir='ltr'><strong>Dei,</strong></span> <span class='ocrx_word' id='word_1_347' title='bbox 1221 2823 1500 2895; x_wconf 89' lang='lat' dir='ltr'><strong>quomodo</strong></span> <span class='ocrx_word' id='word_1_348' title='bbox 1527 2821 1787 2892; x_wconf 89' lang='lat' dir='ltr'><strong>populum</strong></span> <span class='ocrx_word' id='word_1_349' title='bbox 1833 2834 1993 2876; x_wconf 89' lang='lat' dir='ltr'><strong>suum</strong></span> <span class='ocrx_word' id='word_1_350' title='bbox 2041 2820 2124 2872; x_wconf 88' lang='lat' dir='ltr'><strong>in-</strong></span> 
     </span>
    </p>
   </div>
   <div class='ocr_carea' id='block_1_47' title="bbox 548 2911 2122 2988">
    <p class='ocr_par' dir='ltr' id='par_1_47' title="bbox 548 2911 2122 2988">
     <span class='ocr_line' id='line_1_47' title="bbox 548 2911 2122 2988; baseline -0.008 -14"><span class='ocrx_word' id='word_1_351' title='bbox 548 2919 826 2974; x_wconf 88' lang='lat' dir='ltr'><strong>ﬁdelitatis</strong></span> <span class='ocrx_word' id='word_1_352' title='bbox 843 2916 1082 2988; x_wconf 84' lang='lat' dir='ltr'><strong>procella</strong></span> <span class='ocrx_word' id='word_1_353' title='bbox 1105 2931 1278 2987; x_wconf 90' lang='lat' dir='ltr'><strong>usque</strong></span> <span class='ocrx_word' id='word_1_354' title='bbox 1300 2916 1437 2970; x_wconf 89' lang='lat' dir='ltr'><strong>adeo</strong></span> <span class='ocrx_word' id='word_1_355' title='bbox 1458 2914 1652 2986; x_wconf 85' lang='lat' dir='ltr'><strong>agitari</strong></span> <span class='ocrx_word' id='word_1_356' title='bbox 1670 2915 1832 2968; x_wconf 89' lang='lat' dir='ltr'><strong>sinat.</strong></span> <span class='ocrx_word' id='word_1_357' title='bbox 1854 2911 2122 2965; x_wconf 85' lang='lat' dir='ltr'><strong>Caeterum</strong></span> 
     </span>
    </p>
   </div>
   <div class='ocr_carea' id='block_1_48' title="bbox 547 3003 2124 3077">
    <p class='ocr_par' dir='ltr' id='par_1_48' title="bbox 547 3003 2124 3077">
     <span class='ocr_line' id='line_1_48' title="bbox 547 3003 2124 3077; baseline -0.01 -9"><span class='ocrx_word' id='word_1_358' title='bbox 547 3012 824 3068; x_wconf 86' lang='lat' dir='ltr'><strong>sermonis</strong></span> <span class='ocrx_word' id='word_1_359' title='bbox 855 3010 1138 3066; x_wconf 91' lang='lat' dir='ltr'><strong>conclusio</strong></span> <span class='ocrx_word' id='word_1_360' title='bbox 1167 3018 1274 3073; x_wconf 90' lang='lat' dir='ltr'><strong>est,</strong></span> <span class='ocrx_word' id='word_1_361' title='bbox 1321 3018 1375 3062; x_wconf 86' lang='lat' dir='ltr'><strong>nt</strong></span> <span class='ocrx_word' id='word_1_362' title='bbox 1402 3009 1492 3077; x_wconf 82' lang='lat' dir='ltr'><strong>qui</strong></span> <span class='ocrx_word' id='word_1_363' title='bbox 1519 3007 1727 3076; x_wconf 81' lang='lat' dir='ltr'><strong>probati</strong></span> <span class='ocrx_word' id='word_1_364' title='bbox 1771 3013 1913 3065; x_wconf 78' lang='lat' dir='ltr'><strong>sunt,</strong></span> <span class='ocrx_word' id='word_1_365' title='bbox 1951 3003 2124 3055; x_wconf 83' lang='lat' dir='ltr'><strong>mani-</strong></span> 
     </span>
    </p>
   </div>
   <div class='ocr_carea' id='block_1_49' title="bbox 2229 1903 3809 1978">
    <p class='ocr_par' dir='ltr' id='par_1_49' title="bbox 2229 1903 3809 1978">
     <span class='ocr_line' id='line_1_49' title="bbox 2229 1903 3809 1978; baseline 0.001 -23"><span class='ocrx_word' id='word_1_366' title='bbox 2229 1903 2467 1973; x_wconf 88' lang='grc' dir='ltr'>ματικῆς</span> <span class='ocrx_word' id='word_1_367' title='bbox 2494 1904 2696 1975; x_wconf 83' lang='grc' dir='ltr'>πείρας</span> <span class='ocrx_word' id='word_1_368' title='bbox 2741 1905 3172 1975; x_wconf 84' lang='grc' dir='ltr'>τετεχνωμένον·</span> <span class='ocrx_word' id='word_1_369' title='bbox 3203 1908 3430 1978; x_wconf 80' lang='grc' dir='ltr'>ἄπειρον</span> <span class='ocrx_word' id='word_1_370' title='bbox 3475 1907 3586 1977; x_wconf 87' lang='grc' dir='ltr'>γὰρ</span> <span class='ocrx_word' id='word_1_371' title='bbox 3625 1906 3687 1957; x_wconf 84' lang='grc' dir='ltr'><strong>τὸ</strong></span> <span class='ocrx_word' id='word_1_372' title='bbox 3716 1908 3809 1957; x_wconf 82' lang='grc' dir='ltr'>ἀν-</span> 
     </span>
    </p>
   </div>
   <div class='ocr_carea' id='block_1_50' title="bbox 2225 1996 3808 2068">
    <p class='ocr_par' dir='ltr' id='par_1_50' title="bbox 2225 1996 3808 2068">
     <span class='ocr_line' id='line_1_50' title="bbox 2225 1996 3808 2068; baseline 0.001 -19"><span class='ocrx_word' id='word_1_373' title='bbox 2225 1996 2570 2068; x_wconf 85' lang='grc' dir='ltr'>δριαντάριον</span> <span class='ocrx_word' id='word_1_374' title='bbox 2591 2012 2605 2027; x_wconf 87' lang='grc'><strong>·</strong></span> <span class='ocrx_word' id='word_1_375' title='bbox 2651 1996 2767 2049; x_wconf 83' lang='grc' dir='ltr'>ἀλλ’</span> <span class='ocrx_word' id='word_1_376' title='bbox 2796 1997 2857 2061; x_wconf 80' lang='grc' dir='ltr'><strong>ἐξ</strong></span> <span class='ocrx_word' id='word_1_377' title='bbox 2900 1996 3133 2061; x_wconf 89' lang='grc' dir='ltr'>ἀσεϐοῦς</span> <span class='ocrx_word' id='word_1_378' title='bbox 3171 1996 3396 2068; x_wconf 78' lang='grc' dir='ltr'>γνώμης</span> <span class='ocrx_word' id='word_1_379' title='bbox 3429 1997 3808 2068; x_wconf 84' lang='grc' dir='ltr'>πεπληρωμέ-</span> 
     </span>
    </p>
   </div>
   <div class='ocr_carea' id='block_1_51' title="bbox 2225 2088 3811 2161">
    <p class='ocr_par' dir='ltr' id='par_1_51' title="bbox 2225 2088 3811 2161">
     <span class='ocr_line' id='line_1_51' title="bbox 2225 2088 3811 2161; baseline 0.001 -20"><span class='ocrx_word' id='word_1_380' title='bbox 2225 2105 2336 2155; x_wconf 90' lang='grc' dir='ltr'>νον,</span> <span class='ocrx_word' id='word_1_381' title='bbox 2370 2089 2465 2143; x_wconf 75' lang='grc' dir='ltr'><strong>καὶ</strong></span> <span class='ocrx_word' id='word_1_382' title='bbox 2507 2090 2593 2143; x_wconf 86' lang='grc' dir='ltr'>τνα</span> <span class='ocrx_word' id='word_1_383' title='bbox 2626 2088 3025 2161; x_wconf 73' lang='grc' dir='ltr'>τάληθέστερον</span> <span class='ocrx_word' id='word_1_384' title='bbox 3065 2091 3278 2161; x_wconf 81' lang='grc' dir='ltr'>ῥηθείη,</span> <span class='ocrx_word' id='word_1_385' title='bbox 3308 2090 3577 2160; x_wconf 86' lang='grc' dir='ltr'>πατρόθεν</span> <span class='ocrx_word' id='word_1_386' title='bbox 3625 2092 3720 2144; x_wconf 73' lang='grc' dir='ltr'><strong>ἐπὶ</strong></span> <span class='ocrx_word' id='word_1_387' title='bbox 3750 2092 3811 2143; x_wconf 78' lang='grc' dir='ltr'>τὸ</span> 
     </span>
    </p>
   </div>
   <div class='ocr_carea' id='block_1_52' title="bbox 2224 2181 3808 2253">
    <p class='ocr_par' dir='ltr' id='par_1_52' title="bbox 2224 2181 3808 2253">
     <span class='ocr_line' id='line_1_52' title="bbox 2224 2181 3808 2253; baseline -0.001 -17"><span class='ocrx_word' id='word_1_388' title='bbox 2224 2181 2445 2236; x_wconf 82' lang='grc' dir='ltr'>ἀσεϐεῖν</span> <span class='ocrx_word' id='word_1_389' title='bbox 2479 2182 2720 2253; x_wconf 79' lang='grc' dir='ltr'>ἠγμένον</span> <span class='ocrx_word' id='word_1_390' title='bbox 2740 2199 2754 2214; x_wconf 78' lang='grc' dir='ltr'><strong><em>ο</em></strong></span> <span class='ocrx_word' id='word_1_391' title='bbox 2781 2182 2875 2235; x_wconf 78' lang='grc' dir='ltr'><strong>καί</strong></span> <span class='ocrx_word' id='word_1_392' title='bbox 2905 2199 2969 2250; x_wconf 89' lang='grc' dir='ltr'><strong>γε</strong></span> <span class='ocrx_word' id='word_1_393' title='bbox 3023 2185 3121 2237; x_wconf 85' lang='grc' dir='ltr'><strong>σὺν</strong></span> <span class='ocrx_word' id='word_1_394' title='bbox 3153 2184 3306 2237; x_wconf 75' lang='grc' dir='ltr'>δυσὶν</span> <span class='ocrx_word' id='word_1_395' title='bbox 3350 2183 3536 2246; x_wconf 84' lang='grc' dir='ltr'>ἀλλοις</span> <span class='ocrx_word' id='word_1_396' title='bbox 3567 2183 3808 2253; x_wconf 80' lang='grc' dir='ltr'>όμαίμο-</span> 
     </span>
    </p>
   </div>
   <div class='ocr_carea' id='block_1_53' title="bbox 2226 2273 3808 2348">
    <p class='ocr_par' dir='ltr' id='par_1_53' title="bbox 2226 2273 3808 2348">
     <span class='ocr_line' id='line_1_53' title="bbox 2226 2273 3808 2348; baseline -0.002 -18"><span class='ocrx_word' id='word_1_397' title='bbox 2226 2291 2332 2330; x_wconf 87' lang='grc' dir='ltr'>σιν.</span> <span class='ocrx_word' id='word_1_398' title='bbox 2379 2274 2542 2329; x_wconf 86' lang='grc' dir='ltr'>Ἀλλά</span> <span class='ocrx_word' id='word_1_399' title='bbox 2571 2274 2802 2338; x_wconf 79' lang='grc' dir='ltr'>τούτους</span> <span class='ocrx_word' id='word_1_400' title='bbox 2835 2276 2995 2348; x_wconf 80' lang='grc' dir='ltr'><strong>μὲνὴ</strong></span> <span class='ocrx_word' id='word_1_401' title='bbox 3035 2277 3210 2347; x_wconf 88' lang='grc' dir='ltr'>Τριάς</span> <span class='ocrx_word' id='word_1_402' title='bbox 3250 2273 3343 2330; x_wconf 76' lang='grc' dir='ltr'>οἶδ’</span> <span class='ocrx_word' id='word_1_403' title='bbox 3382 2278 3463 2330; x_wconf 81' lang='grc' dir='ltr'><strong>ὅτι</strong></span> <span class='ocrx_word' id='word_1_404' title='bbox 3503 2275 3808 2347; x_wconf 75' lang='grc' dir='ltr'>ἐπιρραπί-</span> 
     </span>
    </p>
   </div>
   <div class='ocr_carea' id='block_1_54' title="bbox 2227 2363 3809 2438">
    <p class='ocr_par' dir='ltr' id='par_1_54' title="bbox 2227 2363 3809 2438">
     <span class='ocr_line' id='line_1_54' title="bbox 2227 2363 3809 2438; baseline 0.003 -19"><span class='ocrx_word' id='word_1_405' title='bbox 2227 2383 2390 2434; x_wconf 90' lang='grc' dir='ltr'>σειεν,</span> <span class='ocrx_word' id='word_1_406' title='bbox 2440 2367 2646 2431; x_wconf 76' lang='grc' dir='ltr'>ἐνθέοις</span> <span class='ocrx_word' id='word_1_407' title='bbox 2695 2368 2961 2438; x_wconf 89' lang='grc' dir='ltr'>στόμασιν</span> <span class='ocrx_word' id='word_1_408' title='bbox 2999 2369 3154 2438; x_wconf 84' lang='grc' dir='ltr'>ὑμῶν</span> <span class='ocrx_word' id='word_1_409' title='bbox 3185 2387 3244 2421; x_wconf 88' lang='grc' dir='ltr'><strong>τε</strong></span> <span class='ocrx_word' id='word_1_410' title='bbox 3275 2369 3369 2422; x_wconf 79' lang='grc' dir='ltr'><strong>καὶ</strong></span> <span class='ocrx_word' id='word_1_411' title='bbox 3405 2369 3516 2422; x_wconf 87' lang='grc' dir='ltr'><strong>τῶν</strong></span> <span class='ocrx_word' id='word_1_412' title='bbox 3565 2363 3809 2424; x_wconf 78' lang='grc' dir='ltr'>ἐνταῦθα</span> 
     </span>
    </p>
   </div>
   <div class='ocr_carea' id='block_1_55' title="bbox 2225 2457 3805 2532">
    <p class='ocr_par' dir='ltr' id='par_1_55' title="bbox 2225 2457 3805 2532">
     <span class='ocr_line' id='line_1_55' title="bbox 2225 2457 3805 2532; baseline 0.003 -21"><span class='ocrx_word' id='word_1_413' title='bbox 2225 2459 2684 2530; x_wconf 81' lang='grc' dir='ltr'>ύπερμαχούντων</span> <span class='ocrx_word' id='word_1_414' title='bbox 2717 2462 2814 2530; x_wconf 80' lang='grc' dir='ltr'>τῆς</span> <span class='ocrx_word' id='word_1_415' title='bbox 2837 2460 3110 2532; x_wconf 87' lang='grc' dir='ltr'>ἀληθείας.</span> <span class='ocrx_word' id='word_1_416' title='bbox 3142 2463 3209 2514; x_wconf 85' lang='grc' dir='ltr'><strong>Σὲ</strong></span> <span class='ocrx_word' id='word_1_417' title='bbox 3234 2461 3287 2514; x_wconf 79' lang='grc' dir='ltr'>δὲ</span> <span class='ocrx_word' id='word_1_418' title='bbox 3316 2465 3408 2514; x_wconf 84' lang='grc' dir='ltr'><strong>καὶ</strong></span> <span class='ocrx_word' id='word_1_419' title='bbox 3437 2461 3552 2522; x_wconf 80' lang='grc' dir='ltr'>τὸν,</span> <span class='ocrx_word' id='word_1_420' title='bbox 3572 2457 3688 2525; x_wconf 75' lang='grc' dir='ltr'>οἷος</span> <span class='ocrx_word' id='word_1_421' title='bbox 3716 2463 3805 2527; x_wconf 82' lang='grc' dir='ltr'><strong>σὺ,</strong></span> 
     </span>
    </p>
   </div>
   <div class='ocr_carea' id='block_1_56' title="bbox 2228 2550 3809 2628">
    <p class='ocr_par' dir='ltr' id='par_1_56' title="bbox 2228 2550 3809 2628">
     <span class='ocr_line' id='line_1_56' title="bbox 2228 2550 3809 2628; baseline 0.004 -26"><span class='ocrx_word' id='word_1_422' title='bbox 2228 2550 2396 2620; x_wconf 76' lang='grc' dir='ltr'>μηδὲν</span> <span class='ocrx_word' id='word_1_423' title='bbox 2431 2550 2684 2616; x_wconf 80' lang='grc' dir='ltr'>ξενιζέτω</span> <span class='ocrx_word' id='word_1_424' title='bbox 2741 2554 2775 2620; x_wconf 83' lang='grc' dir='ltr'>ἡ</span> <span class='ocrx_word' id='word_1_425' title='bbox 2822 2552 2905 2606; x_wconf 80' lang='grc' dir='ltr'>ἔτι</span> <span class='ocrx_word' id='word_1_426' title='bbox 2934 2553 3182 2606; x_wconf 85' lang='grc' dir='ltr'>λυττῶσα</span> <span class='ocrx_word' id='word_1_427' title='bbox 3227 2555 3458 2625; x_wconf 75' lang='grc' dir='ltr'>αἵρεσις.</span> <span class='ocrx_word' id='word_1_428' title='bbox 3489 2554 3665 2609; x_wconf 77' lang='grc' dir='ltr'>υύπω</span> <span class='ocrx_word' id='word_1_429' title='bbox 3699 2558 3809 2628; x_wconf 84' lang='grc' dir='ltr'><strong>γὰρ</strong></span> 
     </span>
    </p>
   </div>
   <div class='ocr_carea' id='block_1_57' title="bbox 2225 2645 3810 2719">
    <p class='ocr_par' dir='ltr' id='par_1_57' title="bbox 2225 2645 3810 2719">
     <span class='ocr_line' id='line_1_57' title="bbox 2225 2645 3810 2719; baseline 0.003 -23"><span class='ocrx_word' id='word_1_430' title='bbox 2225 2645 2581 2714; x_wconf 80' lang='grc' dir='ltr'>ἐκτέτριπται</span> <span class='ocrx_word' id='word_1_431' title='bbox 2643 2645 2705 2698; x_wconf 77' lang='grc' dir='ltr'><strong>τὸ</strong></span> <span class='ocrx_word' id='word_1_432' title='bbox 2745 2645 2935 2710; x_wconf 85' lang='grc' dir='ltr'>κακὸν,</span> <span class='ocrx_word' id='word_1_433' title='bbox 2984 2645 3108 2699; x_wconf 73' lang='grc' dir='ltr'>οὔτε</span> <span class='ocrx_word' id='word_1_434' title='bbox 3163 2647 3548 2719; x_wconf 83' lang='grc' dir='ltr'>δεδοκίμασται</span> <span class='ocrx_word' id='word_1_435' title='bbox 3603 2650 3810 2713; x_wconf 75' lang='grc' dir='ltr'>ἱκανῶς</span> 
     </span>
    </p>
   </div>
   <div class='ocr_carea' id='block_1_58' title="bbox 2223 2736 3810 2812">
    <p class='ocr_par' dir='ltr' id='par_1_58' title="bbox 2223 2736 3810 2812">
     <span class='ocr_line' id='line_1_58' title="bbox 2223 2736 3810 2812; baseline 0.004 -23"><span class='ocrx_word' id='word_1_436' title='bbox 2223 2736 2336 2790; x_wconf 85' lang='grc' dir='ltr'><strong>τῶν</strong></span> <span class='ocrx_word' id='word_1_437' title='bbox 2380 2737 2592 2790; x_wconf 83' lang='grc' dir='ltr'>πιστῶν</span> <span class='ocrx_word' id='word_1_438' title='bbox 2635 2739 2694 2791; x_wconf 83' lang='grc' dir='ltr'><strong>τὸ</strong></span> <span class='ocrx_word' id='word_1_439' title='bbox 2739 2738 3007 2808; x_wconf 82' lang='grc' dir='ltr'>φιλόθεον,</span> <span class='ocrx_word' id='word_1_440' title='bbox 3036 2740 3129 2792; x_wconf 69' lang='grc' dir='ltr'><strong>καὶ</strong></span> <span class='ocrx_word' id='word_1_441' title='bbox 3160 2741 3343 2811; x_wconf 86' lang='grc' dir='ltr'>τρίτον</span> <span class='ocrx_word' id='word_1_442' title='bbox 3373 2741 3472 2810; x_wconf 82' lang='grc' dir='ltr'><strong>οὐχ</strong></span> <span class='ocrx_word' id='word_1_443' title='bbox 3502 2737 3607 2794; x_wconf 77' lang='grc' dir='ltr'>οἷοί</span> <span class='ocrx_word' id='word_1_444' title='bbox 3641 2745 3810 2812; x_wconf 79' lang='grc' dir='ltr'>ἐσμεν</span> 
     </span>
    </p>
   </div>
   <div class='ocr_carea' id='block_1_59' title="bbox 2225 2828 3811 2901">
    <p class='ocr_par' dir='ltr' id='par_1_59' title="bbox 2225 2828 3811 2901">
     <span class='ocr_line' id='line_1_59' title="bbox 2225 2828 3811 2901; baseline 0.004 -20"><span class='ocrx_word' id='word_1_445' title='bbox 2225 2828 2550 2900; x_wconf 76' lang='grc' dir='ltr'>ἐμϐατεύειν</span> <span class='ocrx_word' id='word_1_446' title='bbox 2601 2832 2683 2893; x_wconf 88' lang='grc' dir='ltr'><strong>είς</strong></span> <span class='ocrx_word' id='word_1_447' title='bbox 2728 2829 2966 2885; x_wconf 80' lang='grc' dir='ltr'>ἄϐυσσον</span> <span class='ocrx_word' id='word_1_448' title='bbox 3009 2833 3298 2901; x_wconf 76' lang='grc' dir='ltr'>χριμάτων</span> <span class='ocrx_word' id='word_1_449' title='bbox 3344 2831 3515 2885; x_wconf 83' lang='grc' dir='ltr'>Θεοῦ’</span> <span class='ocrx_word' id='word_1_450' title='bbox 3553 2835 3683 2888; x_wconf 83' lang='grc' dir='ltr'>καθ’</span> <span class='ocrx_word' id='word_1_451' title='bbox 3714 2835 3811 2900; x_wconf 83' lang='grc' dir='ltr'><strong>οὓς</strong></span> 
     </span>
    </p>
   </div>
   <div class='ocr_carea' id='block_1_60' title="bbox 2224 2921 3812 2998">
    <p class='ocr_par' dir='ltr' id='par_1_60' title="bbox 2224 2921 3812 2998">
     <span class='ocr_line' id='line_1_60' title="bbox 2224 2921 3812 2998; baseline 0.004 -25"><span class='ocrx_word' id='word_1_452' title='bbox 2224 2921 2458 2992; x_wconf 80' lang='grc' dir='ltr'>τρόπους</span> <span class='ocrx_word' id='word_1_453' title='bbox 2487 2922 2740 2992; x_wconf 82' lang='grc' dir='ltr'>ἀνέχεται</span> <span class='ocrx_word' id='word_1_454' title='bbox 2767 2922 2954 2993; x_wconf 82' lang='grc' dir='ltr'>ἀκμὴν</span> <span class='ocrx_word' id='word_1_455' title='bbox 2983 2922 3403 2987; x_wconf 80' lang='grc' dir='ltr'>κλυδωνίζεσθαι</span> <span class='ocrx_word' id='word_1_456' title='bbox 3427 2923 3507 2994; x_wconf 88' lang='grc' dir='ltr'>τῷ</span> <span class='ocrx_word' id='word_1_457' title='bbox 3532 2926 3684 2996; x_wconf 79' lang='grc' dir='ltr'>σάλῳ</span> <span class='ocrx_word' id='word_1_458' title='bbox 3711 2928 3812 2998; x_wconf 84' lang='grc' dir='ltr'>τῆς</span> 
     </span>
    </p>
   </div>
   <div class='ocr_carea' id='block_1_61' title="bbox 2224 3012 3808 3086">
    <p class='ocr_par' dir='ltr' id='par_1_61' title="bbox 2224 3012 3808 3086">
     <span class='ocr_line' id='line_1_61' title="bbox 2224 3012 3808 3086; baseline 0.004 -22"><span class='ocrx_word' id='word_1_459' title='bbox 2224 3012 2486 3073; x_wconf 81' lang='grc' dir='ltr'>ἀπιστίας</span> <span class='ocrx_word' id='word_1_460' title='bbox 2533 3013 2625 3065; x_wconf 88' lang='grc' dir='ltr'>τὸν</span> <span class='ocrx_word' id='word_1_461' title='bbox 2683 3012 2811 3065; x_wconf 82' lang='grc' dir='ltr'>λαὸν</span> <span class='ocrx_word' id='word_1_462' title='bbox 2853 3012 3044 3066; x_wconf 87' lang='grc' dir='ltr'>αὐτοῦ.</span> <span class='ocrx_word' id='word_1_463' title='bbox 3081 3013 3230 3084; x_wconf 80' lang='grc' dir='ltr'>Πλὴν</span> <span class='ocrx_word' id='word_1_464' title='bbox 3279 3019 3662 3086; x_wconf 82' lang='grc' dir='ltr'>συμπέρασμα</span> <span class='ocrx_word' id='word_1_465' title='bbox 3713 3019 3808 3071; x_wconf 84' lang='grc' dir='ltr'><strong>τοῦ</strong></span> 
     </span>
    </p>
   </div>
   <div class='ocr_carea' id='block_1_62' title="bbox 548 3095 2128 3194">
    <p class='ocr_par' dir='ltr' id='par_1_62' title="bbox 548 3095 2123 3184">
     <span class='ocr_line' id='line_1_62' title="bbox 548 3095 2123 3184; baseline -0.01 -20"><span class='ocrx_word' id='word_1_466' title='bbox 548 3110 671 3184; x_wconf 71' lang='lat' dir='ltr'><strong>[esti</strong></span> <span class='ocrx_word' id='word_1_467' title='bbox 702 3108 836 3182; x_wconf 76' lang='lat' dir='ltr'><strong>ﬁant</strong></span> <span class='ocrx_word' id='word_1_468' title='bbox 864 3106 955 3174; x_wconf 80' lang='lat'><strong>“;</strong></span> <span class='ocrx_word' id='word_1_469' title='bbox 1014 3105 1158 3161; x_wconf 89' lang='lat' dir='ltr'><strong>sicut</strong></span> <span class='ocrx_word' id='word_1_470' title='bbox 1210 3101 1490 3171; x_wconf 84' lang='lat' dir='ltr'><strong>sapientia</strong></span> <span class='ocrx_word' id='word_1_471' title='bbox 1537 3099 1884 3170; x_wconf 86' lang='lat' dir='ltr'><strong>dispensator</strong></span> <span class='ocrx_word' id='word_1_472' title='bbox 1921 3095 2123 3149; x_wconf 87' lang='lat' dir='ltr'><strong>Paulus</strong></span> 
     </span>
    </p>
   </div>
   <div class='ocr_carea' id='block_1_63' title="bbox 2231 3095 3814 3194">
    <p class='ocr_par' dir='ltr' id='par_1_63' title="bbox 2231 3105 3814 3182">
     <span class='ocr_line' id='line_1_63' title="bbox 2231 3105 3814 3182; baseline 0.005 -26"><span class='ocrx_word' id='word_1_473' title='bbox 2231 3105 2406 3174; x_wconf 85' lang='grc' dir='ltr'>λόγου,</span> <span class='ocrx_word' id='word_1_474' title='bbox 2435 3106 2534 3158; x_wconf 81' lang='grc' dir='ltr'><strong>ἵνα</strong></span> <span class='ocrx_word' id='word_1_475' title='bbox 2562 3109 2616 3160; x_wconf 78' lang='grc' dir='ltr'>οἱ</span> <span class='ocrx_word' id='word_1_476' title='bbox 2642 3105 2875 3175; x_wconf 81' lang='grc' dir='ltr'>δόκιμοι</span> <span class='ocrx_word' id='word_1_477' title='bbox 2905 3105 3150 3174; x_wconf 68' lang='grc' dir='ltr'>φανεροὶ</span> <span class='ocrx_word' id='word_1_478' title='bbox 3203 3106 3531 3175; x_wconf 75' lang='grc' dir='ltr'>γίγνοιντο,</span> <span class='ocrx_word' id='word_1_479' title='bbox 3555 3109 3632 3173; x_wconf 86' lang='grc' dir='ltr'><strong>ῶς</strong></span> <span class='ocrx_word' id='word_1_480' title='bbox 3663 3112 3693 3163; x_wconf 92' lang='grc' dir='ltr'><strong>ό</strong></span> <span class='ocrx_word' id='word_1_481' title='bbox 3712 3114 3814 3182; x_wconf 81' lang='grc' dir='ltr'><strong>τῆς</strong></span> 
     </span>
    </p>
   </div>
   <div class='ocr_carea' id='block_1_64' title="bbox 550 3186 2128 3272">
    <p class='ocr_par' dir='ltr' id='par_1_64' title="bbox 550 3186 2126 3272">
     <span class='ocr_line' id='line_1_64' title="bbox 550 3186 2126 3272; baseline -0.014 -11"><span class='ocrx_word' id='word_1_482' title='bbox 550 3199 712 3262; x_wconf 78' lang='lat' dir='ltr'><strong>dixit.</strong></span> <span class='ocrx_word' id='word_1_483' title='bbox 743 3200 1089 3272; x_wconf 83' lang='lat' dir='ltr'><strong>Quapropter</strong></span> <span class='ocrx_word' id='word_1_484' title='bbox 1118 3197 1427 3259; x_wconf 86' lang='lat' dir='ltr'><strong>hortamur,</strong></span> <span class='ocrx_word' id='word_1_485' title='bbox 1460 3203 1510 3248; x_wconf 90' lang='lat' dir='ltr'><strong>et</strong></span> <span class='ocrx_word' id='word_1_486' title='bbox 1535 3191 1908 3253; x_wconf 88' lang='lat' dir='ltr'><strong>obsecramus,</strong></span> <span class='ocrx_word' id='word_1_487' title='bbox 1943 3202 2010 3241; x_wconf 92' lang='lat' dir='ltr'><strong>ne</strong></span> <span class='ocrx_word' id='word_1_488' title='bbox 2031 3186 2126 3240; x_wconf 81' lang='lat' dir='ltr'><strong>fa—</strong></span> 
     </span>
    </p>
   </div>
   <div class='ocr_carea' id='block_1_65' title="bbox 2231 3186 3810 3272">
    <p class='ocr_par' dir='ltr' id='par_1_65' title="bbox 2231 3197 3810 3272">
     <span class='ocr_line' id='line_1_65' title="bbox 2231 3197 3810 3272; baseline 0.002 -21"><span class='ocrx_word' id='word_1_489' title='bbox 2231 3198 2423 3266; x_wconf 78' lang='grc' dir='ltr'>σοφίας</span> <span class='ocrx_word' id='word_1_490' title='bbox 2457 3198 2662 3269; x_wconf 87' lang='grc' dir='ltr'>ταμίας</span> <span class='ocrx_word' id='word_1_491' title='bbox 2704 3197 2913 3261; x_wconf 79' lang='grc' dir='ltr'>Παῦλος</span> <span class='ocrx_word' id='word_1_492' title='bbox 2953 3199 3156 3268; x_wconf 86' lang='grc' dir='ltr'>λέλεχε.</span> <span class='ocrx_word' id='word_1_493' title='bbox 3192 3199 3283 3252; x_wconf 84' lang='grc' dir='ltr'><strong>Διὸ</strong></span> <span class='ocrx_word' id='word_1_494' title='bbox 3312 3201 3407 3253; x_wconf 80' lang='grc' dir='ltr'>καὶ</span> <span class='ocrx_word' id='word_1_495' title='bbox 3446 3203 3810 3272; x_wconf 87' lang='grc' dir='ltr'>παρακαλοῦ-</span> 
     </span>
    </p>
   </div>
   <div class='ocr_carea' id='block_1_66' title="bbox 551 3280 2127 3367">
    <p class='ocr_par' dir='ltr' id='par_1_66' title="bbox 551 3280 2127 3367">
     <span class='ocr_line' id='line_1_66' title="bbox 551 3280 2127 3367; baseline -0.013 -13"><span class='ocrx_word' id='word_1_496' title='bbox 551 3297 762 3367; x_wconf 84' lang='lat' dir='ltr'><strong>tigeris,</strong></span> <span class='ocrx_word' id='word_1_497' title='bbox 795 3309 973 3364; x_wconf 83' lang='lat' dir='ltr'><strong>neque</strong></span> <span class='ocrx_word' id='word_1_498' title='bbox 998 3305 1184 3347; x_wconf 88' lang='lat' dir='ltr'><strong>cesses</strong></span> <span class='ocrx_word' id='word_1_499' title='bbox 1222 3286 1568 3343; x_wconf 84' lang='lat' dir='ltr'><strong>adversarios</strong></span> <span class='ocrx_word' id='word_1_500' title='bbox 1590 3298 1908 3354; x_wconf 88' lang='lat' dir='ltr'><strong>coarguere,</strong></span> <span class='ocrx_word' id='word_1_501' title='bbox 1936 3295 2003 3336; x_wconf 83' lang='lat' dir='ltr'><strong>ex</strong></span> <span class='ocrx_word' id='word_1_502' title='bbox 2040 3280 2127 3334; x_wconf 84' lang='lat' dir='ltr'><strong>in-</strong></span> 
     </span>
    </p>
   </div>
   <div class='ocr_carea' id='block_1_67' title="bbox 556 3376 2126 3454">
    <p class='ocr_par' dir='ltr' id='par_1_67' title="bbox 556 3376 2126 3454">
     <span class='ocr_line' id='line_1_67' title="bbox 556 3376 2126 3454; baseline -0.012 -10"><span class='ocrx_word' id='word_1_503' title='bbox 556 3391 692 3445; x_wconf 86' lang='lat' dir='ltr'><strong>timo</strong></span> <span class='ocrx_word' id='word_1_504' title='bbox 727 3387 912 3444; x_wconf 85' lang='lat' dir='ltr'><strong>cordis</strong></span> <span class='ocrx_word' id='word_1_505' title='bbox 939 3385 1018 3439; x_wconf 89' lang='lat' dir='ltr'><strong>tui</strong></span> <span class='ocrx_word' id='word_1_506' title='bbox 1059 3397 1201 3454; x_wconf 88' lang='lat' dir='ltr'><strong>penu</strong></span> <span class='ocrx_word' id='word_1_507' title='bbox 1251 3380 1436 3434; x_wconf 87' lang='lat' dir='ltr'><strong>divina</strong></span> <span class='ocrx_word' id='word_1_508' title='bbox 1491 3391 1748 3448; x_wconf 91' lang='lat' dir='ltr'><strong>promens</strong></span> <span class='ocrx_word' id='word_1_509' title='bbox 1779 3376 2126 3439; x_wconf 86' lang='lat' dir='ltr'><strong>documenta,</strong></span> 
     </span>
    </p>
   </div>
   <div class='ocr_carea' id='block_1_68' title="bbox 552 3465 2129 3551">
    <p class='ocr_par' dir='ltr' id='par_1_68' title="bbox 552 3465 2129 3551">
     <span class='ocr_line' id='line_1_68' title="bbox 552 3465 2129 3551; baseline -0.013 -14"><span class='ocrx_word' id='word_1_510' title='bbox 552 3489 722 3551; x_wconf 84' lang='lat' dir='ltr'><strong>atque</strong></span> <span class='ocrx_word' id='word_1_511' title='bbox 750 3479 882 3533; x_wconf 90' lang='lat' dir='ltr'><strong>hinc</strong></span> <span class='ocrx_word' id='word_1_512' title='bbox 913 3475 1205 3547; x_wconf 87' lang='lat' dir='ltr'><strong>perspicue</strong></span> <span class='ocrx_word' id='word_1_513' title='bbox 1238 3471 1625 3526; x_wconf 89' lang='lat' dir='ltr'><strong>demonstrans</strong></span> <span class='ocrx_word' id='word_1_514' title='bbox 1647 3508 1662 3532; x_wconf 91' lang='lat'><strong>,</strong></span> <span class='ocrx_word' id='word_1_515' title='bbox 1704 3465 1985 3521; x_wconf 88' lang='lat' dir='ltr'><strong>Christum</strong></span> <span class='ocrx_word' id='word_1_516' title='bbox 2017 3478 2129 3517; x_wconf 90' lang='lat' dir='ltr'><strong>non</strong></span> 
     </span>
    </p>
   </div>
   <div class='ocr_carea' id='block_1_69' title="bbox 554 3556 2132 3634">
    <p class='ocr_par' dir='ltr' id='par_1_69' title="bbox 554 3556 2132 3634">
     <span class='ocr_line' id='line_1_69' title="bbox 554 3556 2132 3634; baseline -0.012 -7"><span class='ocrx_word' id='word_1_517' title='bbox 554 3586 679 3629; x_wconf 85' lang='lat' dir='ltr'><strong>esse</strong></span> <span class='ocrx_word' id='word_1_518' title='bbox 703 3569 1006 3630; x_wconf 84' lang='lat' dir='ltr'><strong>Christum,</strong></span> <span class='ocrx_word' id='word_1_519' title='bbox 1037 3566 1142 3621; x_wconf 90' lang='lat' dir='ltr'><strong>nisi</strong></span> <span class='ocrx_word' id='word_1_520' title='bbox 1172 3563 1329 3634; x_wconf 77' lang='lat' dir='ltr'><strong>juxta</strong></span> <span class='ocrx_word' id='word_1_521' title='bbox 1359 3561 1590 3631; x_wconf 90' lang='lat' dir='ltr'><strong>ﬁguram</strong></span> <span class='ocrx_word' id='word_1_522' title='bbox 1621 3568 1862 3612; x_wconf 87' lang='lat' dir='ltr'><strong>nostram</strong></span> <span class='ocrx_word' id='word_1_523' title='bbox 1897 3556 2132 3610; x_wconf 85' lang='lat' dir='ltr'><strong>circum-</strong></span> 
     </span>
    </p>
   </div>
   <div class='ocr_carea' id='block_1_70' title="bbox 557 3646 2132 3721">
    <p class='ocr_par' dir='ltr' id='par_1_70' title="bbox 557 3646 2132 3721">
     <span class='ocr_line' id='line_1_70' title="bbox 557 3646 2132 3721; baseline -0.013 0"><span class='ocrx_word' id='word_1_524' title='bbox 557 3665 856 3721; x_wconf 82' lang='lat' dir='ltr'><strong>scribatur.</strong></span> <span class='ocrx_word' id='word_1_525' title='bbox 887 3659 1022 3716; x_wconf 82' lang='lat' dir='ltr'><strong>Nam</strong></span> <span class='ocrx_word' id='word_1_526' title='bbox 1055 3659 1102 3713; x_wconf 87' lang='lat' dir='ltr'><strong>si</strong></span> <span class='ocrx_word' id='word_1_527' title='bbox 1152 3671 1283 3713; x_wconf 91' lang='lat' dir='ltr'><strong>caro</strong></span> <span class='ocrx_word' id='word_1_528' title='bbox 1343 3654 1524 3709; x_wconf 82' lang='lat' dir='ltr'><strong>factus</strong></span> <span class='ocrx_word' id='word_1_529' title='bbox 1579 3660 1684 3716; x_wconf 89' lang='lat' dir='ltr'><strong>est,</strong></span> <span class='ocrx_word' id='word_1_530' title='bbox 1743 3649 1933 3719; x_wconf 91' lang='lat' dir='ltr'><strong>utique</strong></span> <span class='ocrx_word' id='word_1_531' title='bbox 1965 3646 2132 3702; x_wconf 87' lang='lat' dir='ltr'><strong>veluti</strong></span> 
     </span>
    </p>
   </div>
   <div class='ocr_carea' id='block_1_71' title="bbox 555 3741 2130 3814">
    <p class='ocr_par' dir='ltr' id='par_1_71' title="bbox 555 3741 2130 3814">
     <span class='ocr_line' id='line_1_71' title="bbox 555 3741 2130 3814; baseline -0.013 -1"><span class='ocrx_word' id='word_1_532' title='bbox 555 3771 686 3813; x_wconf 86' lang='lat' dir='ltr'><strong>caro</strong></span> <span class='ocrx_word' id='word_1_533' title='bbox 736 3753 1243 3812; x_wconf 90' lang='lat' dir='ltr'><strong>circumscribetur.</strong></span> <span class='ocrx_word' id='word_1_534' title='bbox 1283 3746 1440 3814; x_wconf 86' lang='lat' dir='ltr'><strong>Quod</strong></span> <span class='ocrx_word' id='word_1_535' title='bbox 1471 3760 1601 3801; x_wconf 87' lang='lat' dir='ltr'><strong>vero</strong></span> <span class='ocrx_word' id='word_1_536' title='bbox 1640 3758 1747 3798; x_wconf 92' lang='lat' dir='ltr'><strong>non</strong></span> <span class='ocrx_word' id='word_1_537' title='bbox 1777 3741 2130 3799; x_wconf 89' lang='lat' dir='ltr'><strong>circumscri-</strong></span> 
     </span>
    </p>
   </div>
   <div class='ocr_carea' id='block_1_72' title="bbox 557 3833 2132 3914">
    <p class='ocr_par' dir='ltr' id='par_1_72' title="bbox 557 3833 2132 3914">
     <span class='ocr_line' id='line_1_72' title="bbox 557 3833 2132 3914; baseline -0.011 -10"><span class='ocrx_word' id='word_1_538' title='bbox 557 3849 746 3914; x_wconf 89' lang='lat' dir='ltr'><strong>bitur,</strong></span> <span class='ocrx_word' id='word_1_539' title='bbox 796 3845 851 3902; x_wconf 89' lang='lat' dir='ltr'><strong>id</strong></span> <span class='ocrx_word' id='word_1_540' title='bbox 908 3845 1052 3899; x_wconf 86' lang='lat' dir='ltr'><strong>intra</strong></span> <span class='ocrx_word' id='word_1_541' title='bbox 1083 3843 1480 3896; x_wconf 85' lang='lat' dir='ltr'><strong>humanitatem</strong></span> <span class='ocrx_word' id='word_1_542' title='bbox 1517 3851 1626 3891; x_wconf 92' lang='lat' dir='ltr'><strong>non</strong></span> <span class='ocrx_word' id='word_1_543' title='bbox 1672 3843 1798 3901; x_wconf 87' lang='lat' dir='ltr'><strong>est,</strong></span> <span class='ocrx_word' id='word_1_544' title='bbox 1839 3833 1934 3889; x_wconf 90' lang='lat' dir='ltr'><strong>sed</strong></span> <span class='ocrx_word' id='word_1_545' title='bbox 1977 3840 2132 3887; x_wconf 81' lang='lat' dir='ltr'><strong>extra</strong></span> 
     </span>
    </p>
   </div>
   <div class='ocr_carea' id='block_1_73' title="bbox 559 3929 2128 4000">
    <p class='ocr_par' dir='ltr' id='par_1_73' title="bbox 559 3929 2128 4000">
     <span class='ocr_line' id='line_1_73' title="bbox 559 3929 2128 4000; baseline -0.011 -3"><span class='ocrx_word' id='word_1_546' title='bbox 559 3943 703 3996; x_wconf 89' lang='lat' dir='ltr'><strong>hanc</strong></span> <span class='ocrx_word' id='word_1_547' title='bbox 737 3938 882 3994; x_wconf 83' lang='lat' dir='ltr'><strong>baud</strong></span> <span class='ocrx_word' id='word_1_548' title='bbox 910 3936 1092 4000; x_wconf 90' lang='lat' dir='ltr'><strong>dubie,</strong></span> <span class='ocrx_word' id='word_1_549' title='bbox 1120 3932 1333 3988; x_wconf 78' lang='lat' dir='ltr'><strong>‘uecnon</strong></span> <span class='ocrx_word' id='word_1_550' title='bbox 1364 3940 1519 3986; x_wconf 80' lang='lat' dir='ltr'><strong>extra</strong></span> <span class='ocrx_word' id='word_1_551' title='bbox 1543 3929 1744 3994; x_wconf 85' lang='lat' dir='ltr'><strong>locum,</strong></span> <span class='ocrx_word' id='word_1_552' title='bbox 1778 3935 1837 3982; x_wconf 91' lang='lat' dir='ltr'><strong>et</strong></span> <span class='ocrx_word' id='word_1_553' title='bbox 1867 3935 2082 3994; x_wconf 90' lang='lat' dir='ltr'><strong>tempus</strong></span> <span class='ocrx_word' id='word_1_554' title='bbox 2113 3943 2128 3979; x_wconf 88' lang='lat'><strong>:</strong></span> 
     </span>
    </p>
   </div>
   <div class='ocr_carea' id='block_1_74' title="bbox 560 4018 2135 4099">
    <p class='ocr_par' dir='ltr' id='par_1_74' title="bbox 560 4018 2135 4099">
     <span class='ocr_line' id='line_1_74' title="bbox 560 4018 2135 4099; baseline -0.011 -10"><span class='ocrx_word' id='word_1_555' title='bbox 560 4035 705 4089; x_wconf 88' lang='lat' dir='ltr'><strong>Deus</strong></span> <span class='ocrx_word' id='word_1_556' title='bbox 739 4031 950 4095; x_wconf 88' lang='lat' dir='ltr'><strong>nudus,</strong></span> <span class='ocrx_word' id='word_1_557' title='bbox 1005 4042 1168 4099; x_wconf 84' lang='lat' dir='ltr'><strong>quem</strong></span> <span class='ocrx_word' id='word_1_558' title='bbox 1203 4035 1398 4080; x_wconf 88' lang='lat' dir='ltr'><strong>natura</strong></span> <span class='ocrx_word' id='word_1_559' title='bbox 1429 4018 2037 4091; x_wconf 88' lang='lat' dir='ltr'><strong>incomprehensibilem</strong></span> <span class='ocrx_word' id='word_1_560' title='bbox 2079 4026 2135 4072; x_wconf 90' lang='lat' dir='ltr'><strong>et</strong></span> 
     </span>
    </p>
   </div>
   <div class='ocr_carea' id='block_1_75' title="bbox 559 4110 2133 4185">
    <p class='ocr_par' dir='ltr' id='par_1_75' title="bbox 559 4110 2133 4185">
     <span class='ocr_line' id='line_1_75' title="bbox 559 4110 2133 4185; baseline -0.011 -5"><span class='ocrx_word' id='word_1_561' title='bbox 559 4123 904 4180; x_wconf 82' lang='lat' dir='ltr'><strong>indeﬁnitum</strong></span> <span class='ocrx_word' id='word_1_562' title='bbox 963 4119 1200 4175; x_wconf 81' lang='lat' dir='ltr'><strong>dicimus</strong></span> <span class='ocrx_word' id='word_1_563' title='bbox 1249 4125 1306 4172; x_wconf 91' lang='lat' dir='ltr'><strong>et</strong></span> <span class='ocrx_word' id='word_1_564' title='bbox 1361 4115 1685 4185; x_wconf 84' lang='lat' dir='ltr'><strong>cogitamus.</strong></span> <span class='ocrx_word' id='word_1_565' title='bbox 1718 4110 1898 4181; x_wconf 86' lang='lat' dir='ltr'><strong>Atque</strong></span> <span class='ocrx_word' id='word_1_566' title='bbox 1933 4110 2036 4164; x_wconf 88' lang='lat' dir='ltr'><strong>hoc</strong></span> <span class='ocrx_word' id='word_1_567' title='bbox 2064 4123 2133 4163; x_wconf 82' lang='lat' dir='ltr'><strong>ex</strong></span> 
     </span>
    </p>
   </div>
   <div class='ocr_carea' id='block_1_76' title="bbox 559 4204 2132 4282">
    <p class='ocr_par' dir='ltr' id='par_1_76' title="bbox 559 4204 2132 4282">
     <span class='ocr_line' id='line_1_76' title="bbox 559 4204 2132 4282; baseline -0.012 -9"><span class='ocrx_word' id='word_1_568' title='bbox 559 4231 747 4273; x_wconf 88' lang='lat' dir='ltr'><strong>rerum</strong></span> <span class='ocrx_word' id='word_1_569' title='bbox 778 4223 975 4269; x_wconf 87' lang='lat' dir='ltr'><strong>natura</strong></span> <span class='ocrx_word' id='word_1_570' title='bbox 998 4227 1095 4282; x_wconf 89' lang='lat' dir='ltr'><strong>per</strong></span> <span class='ocrx_word' id='word_1_571' title='bbox 1113 4217 1318 4266; x_wconf 88' lang='lat' dir='ltr'><strong>certam</strong></span> <span class='ocrx_word' id='word_1_572' title='bbox 1337 4206 1581 4262; x_wconf 85' lang='lat' dir='ltr'><strong>veritatis</strong></span> <span class='ocrx_word' id='word_1_573' title='bbox 1606 4204 2132 4259; x_wconf 85' lang='lat' dir='ltr'><strong>demonstrationem</strong></span> 
     </span>
    </p>
   </div>
   <div class='ocr_carea' id='block_1_77' title="bbox 558 4294 2135 4378">
    <p class='ocr_par' dir='ltr' id='par_1_77' title="bbox 558 4294 2135 4378">
     <span class='ocr_line' id='line_1_77' title="bbox 558 4294 2135 4378; baseline -0.011 -14"><span class='ocrx_word' id='word_1_574' title='bbox 558 4308 718 4378; x_wconf 85' lang='lat' dir='ltr'><strong>sequi</strong></span> <span class='ocrx_word' id='word_1_575' title='bbox 751 4320 976 4362; x_wconf 86' lang='lat' dir='ltr'><strong>necesse</strong></span> <span class='ocrx_word' id='word_1_576' title='bbox 1011 4311 1097 4359; x_wconf 92' lang='lat' dir='ltr'><strong>est</strong></span> <span class='ocrx_word' id='word_1_577' title='bbox 1130 4319 1145 4356; x_wconf 88' lang='lat'><strong>:</strong></span> <span class='ocrx_word' id='word_1_578' title='bbox 1176 4298 1556 4357; x_wconf 90' lang='lat' dir='ltr'><strong>circumscribi</strong></span> <span class='ocrx_word' id='word_1_579' title='bbox 1607 4310 1803 4366; x_wconf 87' lang='lat' dir='ltr'><strong>nempe</strong></span> <span class='ocrx_word' id='word_1_580' title='bbox 1833 4294 2135 4358; x_wconf 87' lang='lat' dir='ltr'><strong>Christum,</strong></span> 
     </span>
    </p>
   </div>
   <div class='ocr_carea' id='block_1_78' title="bbox 559 4389 2137 4468">
    <p class='ocr_par' dir='ltr' id='par_1_78' title="bbox 559 4389 2137 4468">
     <span class='ocr_line' id='line_1_78' title="bbox 559 4389 2137 4468; baseline -0.01 -12"><span class='ocrx_word' id='word_1_581' title='bbox 559 4409 615 4456; x_wconf 89' lang='lat' dir='ltr'><strong>et</strong></span> <span class='ocrx_word' id='word_1_582' title='bbox 649 4402 706 4455; x_wconf 82' lang='lat' dir='ltr'><strong>in</strong></span> <span class='ocrx_word' id='word_1_583' title='bbox 738 4399 976 4468; x_wconf 77' lang='lat' dir='ltr'><strong>imagine</strong></span> <span class='ocrx_word' id='word_1_584' title='bbox 1011 4395 1226 4450; x_wconf 88' lang='lat' dir='ltr'><strong>adorari</strong></span> <span class='ocrx_word' id='word_1_585' title='bbox 1261 4411 1276 4449; x_wconf 88' lang='lat'><strong>:</strong></span> <span class='ocrx_word' id='word_1_586' title='bbox 1315 4411 1333 4444; x_wconf 79' lang='grc' dir='ltr'><strong>ι</strong></span> <span class='ocrx_word' id='word_1_587' title='bbox 1373 4391 1652 4461; x_wconf 86' lang='lat' dir='ltr'><strong>Siquidem</strong></span> <span class='ocrx_word' id='word_1_588' title='bbox 1687 4389 1742 4444; x_wconf 91' lang='lat' dir='ltr'><strong>in</strong></span> <span class='ocrx_word' id='word_1_589' title='bbox 1780 4389 2018 4459; x_wconf 87' lang='lat' dir='ltr'><strong>imagine</strong></span> <span class='ocrx_word' id='word_1_590' title='bbox 2050 4403 2137 4442; x_wconf 87' lang='lat' dir='ltr'><strong>ar-</strong></span> 
     </span>
    </p>
   </div>
   <div class='ocr_carea' id='block_1_79' title="bbox 2231 3290 3814 3365">
    <p class='ocr_par' dir='ltr' id='par_1_79' title="bbox 2231 3290 3814 3365">
     <span class='ocr_line' id='line_1_79' title="bbox 2231 3290 3814 3365; baseline 0.003 -23"><span class='ocrx_word' id='word_1_591' title='bbox 2231 3307 2332 3360; x_wconf 92' lang='grc' dir='ltr'><strong>μεν</strong></span> <span class='ocrx_word' id='word_1_592' title='bbox 2363 3292 2458 3345; x_wconf 76' lang='grc' dir='ltr'>καὶ</span> <span class='ocrx_word' id='word_1_593' title='bbox 2496 3290 2888 3359; x_wconf 86' lang='grc' dir='ltr'>ἀντιϐολοῦμεν</span> <span class='ocrx_word' id='word_1_594' title='bbox 2934 3290 3009 3360; x_wconf 88' lang='grc' dir='ltr'>μὴ</span> <span class='ocrx_word' id='word_1_595' title='bbox 3049 3291 3329 3354; x_wconf 76' lang='grc' dir='ltr'>ὲκκακεῖν,</span> <span class='ocrx_word' id='word_1_596' title='bbox 3368 3290 3814 3365; x_wconf 84' lang='grc' dir='ltr'>διακατελέγχειν</span> 
     </span>
    </p>
   </div>
   <div class='ocr_carea' id='block_1_80' title="bbox 2231 3381 3817 3456">
    <p class='ocr_par' dir='ltr' id='par_1_80' title="bbox 2231 3381 3817 3456">
     <span class='ocr_line' id='line_1_80' title="bbox 2231 3381 3817 3456; baseline 0.002 -21"><span class='ocrx_word' id='word_1_597' title='bbox 2231 3399 2291 3435; x_wconf 91' lang='grc' dir='ltr'><strong>σε</strong></span> <span class='ocrx_word' id='word_1_598' title='bbox 2327 3383 2454 3446; x_wconf 77' lang='grc' dir='ltr'>τοὺς</span> <span class='ocrx_word' id='word_1_599' title='bbox 2499 3383 2874 3446; x_wconf 81' lang='grc' dir='ltr'>ὑπεναντίους,</span> <span class='ocrx_word' id='word_1_600' title='bbox 2914 3384 2979 3434; x_wconf 82' lang='grc' dir='ltr'>ὲκ</span> <span class='ocrx_word' id='word_1_601' title='bbox 3021 3381 3131 3433; x_wconf 89' lang='grc' dir='ltr'><strong>τῶν</strong></span> <span class='ocrx_word' id='word_1_602' title='bbox 3167 3381 3375 3434; x_wconf 86' lang='grc' dir='ltr'>ἀδύτων</span> <span class='ocrx_word' id='word_1_603' title='bbox 3419 3385 3666 3453; x_wconf 85' lang='grc' dir='ltr'>ταμείων</span> <span class='ocrx_word' id='word_1_604' title='bbox 3716 3387 3817 3456; x_wconf 82' lang='grc' dir='ltr'>τῆς</span> 
     </span>
    </p>
   </div>
   <div class='ocr_carea' id='block_1_81' title="bbox 2231 3474 3814 3545">
    <p class='ocr_par' dir='ltr' id='par_1_81' title="bbox 2231 3474 3814 3545">
     <span class='ocr_line' id='line_1_81' title="bbox 2231 3474 3814 3545; baseline 0.003 -17"><span class='ocrx_word' id='word_1_605' title='bbox 2231 3475 2454 3544; x_wconf 84' lang='grc' dir='ltr'>καρδίας</span> <span class='ocrx_word' id='word_1_606' title='bbox 2478 3491 2573 3527; x_wconf 90' lang='grc' dir='ltr'><strong>σου</strong></span> <span class='ocrx_word' id='word_1_607' title='bbox 2606 3475 2899 3545; x_wconf 83' lang='grc' dir='ltr'>προφέρων</span> <span class='ocrx_word' id='word_1_608' title='bbox 2926 3474 2992 3527; x_wconf 82' lang='grc' dir='ltr'>τὰ</span> <span class='ocrx_word' id='word_1_609' title='bbox 3033 3476 3150 3527; x_wconf 85' lang='grc' dir='ltr'>θεῖα</span> <span class='ocrx_word' id='word_1_610' title='bbox 3183 3474 3512 3544; x_wconf 84' lang='grc' dir='ltr'>διδάγματα·</span> <span class='ocrx_word' id='word_1_611' title='bbox 3547 3479 3644 3531; x_wconf 75' lang='grc' dir='ltr'><strong>καὶ</strong></span> <span class='ocrx_word' id='word_1_612' title='bbox 3675 3479 3814 3531; x_wconf 89' lang='grc' dir='ltr'>ύπο-</span> 
     </span>
    </p>
   </div>
   <div class='ocr_carea' id='block_1_82' title="bbox 2231 3565 3820 3640">
    <p class='ocr_par' dir='ltr' id='par_1_82' title="bbox 2231 3565 3820 3640">
     <span class='ocr_line' id='line_1_82' title="bbox 2231 3565 3820 3640; baseline 0.001 -19"><span class='ocrx_word' id='word_1_613' title='bbox 2231 3568 2496 3622; x_wconf 84' lang='grc' dir='ltr'>δεικνύων</span> <span class='ocrx_word' id='word_1_614' title='bbox 2543 3565 2798 3619; x_wconf 84' lang='grc' dir='ltr'>ἐντεῦθεν</span> <span class='ocrx_word' id='word_1_615' title='bbox 2851 3566 3145 3636; x_wconf 85' lang='grc' dir='ltr'>ἀριδήλως,</span> <span class='ocrx_word' id='word_1_616' title='bbox 3181 3567 3264 3620; x_wconf 86' lang='grc' dir='ltr'><strong>ὄτι</strong></span> <span class='ocrx_word' id='word_1_617' title='bbox 3298 3568 3534 3637; x_wconf 84' lang='grc' dir='ltr'>Χριστὸς</span> <span class='ocrx_word' id='word_1_618' title='bbox 3575 3570 3634 3622; x_wconf 86' lang='grc' dir='ltr'><strong>ού</strong></span> <span class='ocrx_word' id='word_1_619' title='bbox 3679 3571 3820 3640; x_wconf 84' lang='grc' dir='ltr'>Χρι-</span> 
     </span>
    </p>
   </div>
   <div class='ocr_carea' id='block_1_83' title="bbox 2233 3658 3819 3733">
    <p class='ocr_par' dir='ltr' id='par_1_83' title="bbox 2233 3658 3819 3733">
     <span class='ocr_line' id='line_1_83' title="bbox 2233 3658 3819 3733; baseline 0.001 -21"><span class='ocrx_word' id='word_1_620' title='bbox 2233 3660 2376 3726; x_wconf 83' lang='grc' dir='ltr'>στὸς,</span> <span class='ocrx_word' id='word_1_621' title='bbox 2410 3661 2458 3712; x_wconf 85' lang='grc' dir='ltr'>εἰ</span> <span class='ocrx_word' id='word_1_622' title='bbox 2490 3658 2565 3729; x_wconf 85' lang='grc' dir='ltr'>μὴ</span> <span class='ocrx_word' id='word_1_623' title='bbox 2606 3660 3007 3730; x_wconf 85' lang='grc' dir='ltr'>περιγράφοιτο</span> <span class='ocrx_word' id='word_1_624' title='bbox 3035 3661 3103 3730; x_wconf 77' lang='grc' dir='ltr'>τῇ</span> <span class='ocrx_word' id='word_1_625' title='bbox 3138 3659 3260 3713; x_wconf 84' lang='grc' dir='ltr'>καθ’</span> <span class='ocrx_word' id='word_1_626' title='bbox 3284 3662 3433 3732; x_wconf 78' lang='grc' dir='ltr'>ἡμᾶς</span> <span class='ocrx_word' id='word_1_627' title='bbox 3466 3662 3601 3732; x_wconf 71' lang='grc' dir='ltr'>ἰδέᾳ.</span> <span class='ocrx_word' id='word_1_628' title='bbox 3638 3663 3819 3733; x_wconf 74' lang='grc' dir='ltr'>Εἴπερ</span> 
     </span>
    </p>
   </div>
   <div class='ocr_carea' id='block_1_84' title="bbox 2231 3747 3818 3823">
    <p class='ocr_par' dir='ltr' id='par_1_84' title="bbox 2231 3747 3818 3823">
     <span class='ocr_line' id='line_1_84' title="bbox 2231 3747 3818 3823; baseline 0.003 -23"><span class='ocrx_word' id='word_1_629' title='bbox 2231 3749 2341 3820; x_wconf 88' lang='grc' dir='ltr'>γὰρ</span> <span class='ocrx_word' id='word_1_630' title='bbox 2381 3747 2521 3819; x_wconf 79' lang='grc' dir='ltr'>σὰρξ</span> <span class='ocrx_word' id='word_1_631' title='bbox 2565 3749 2830 3817; x_wconf 80' lang='grc' dir='ltr'>ἐγεγόνει,</span> <span class='ocrx_word' id='word_1_632' title='bbox 2865 3748 3084 3813; x_wconf 91' lang='grc' dir='ltr'>πάντως</span> <span class='ocrx_word' id='word_1_633' title='bbox 3127 3751 3222 3804; x_wconf 75' lang='grc' dir='ltr'><strong>καὶ</strong></span> <span class='ocrx_word' id='word_1_634' title='bbox 3250 3749 3324 3813; x_wconf 80' lang='grc' dir='ltr'>ὡς</span> <span class='ocrx_word' id='word_1_635' title='bbox 3356 3752 3495 3822; x_wconf 79' lang='grc' dir='ltr'>σάρξ</span> <span class='ocrx_word' id='word_1_636' title='bbox 3539 3753 3818 3823; x_wconf 85' lang='grc' dir='ltr'>περιγρά-</span> 
     </span>
    </p>
   </div>
   <div class='ocr_carea' id='block_1_85' title="bbox 2233 3841 3820 3919">
    <p class='ocr_par' dir='ltr' id='par_1_85' title="bbox 2233 3841 3820 3919">
     <span class='ocr_line' id='line_1_85' title="bbox 2233 3841 3820 3919; baseline 0.003 -26"><span class='ocrx_word' id='word_1_637' title='bbox 2233 3859 2420 3919; x_wconf 42' lang='grc' dir='ltr'>φεται..</span> <span class='ocrx_word' id='word_1_638' title='bbox 2447 3844 2512 3894; x_wconf 87' lang='lat'><strong>&#39;0</strong></span> <span class='ocrx_word' id='word_1_639' title='bbox 2545 3841 2603 3894; x_wconf 84' lang='grc' dir='ltr'>δὲ</span> <span class='ocrx_word' id='word_1_640' title='bbox 2640 3841 2714 3912; x_wconf 81' lang='grc' dir='ltr'>μὴ</span> <span class='ocrx_word' id='word_1_641' title='bbox 2750 3843 3167 3914; x_wconf 72' lang='grc' dir='ltr'>περιγράφοιτο,</span> <span class='ocrx_word' id='word_1_642' title='bbox 3201 3843 3362 3897; x_wconf 91' lang='grc' dir='ltr'>τοῦτο</span> <span class='ocrx_word' id='word_1_643' title='bbox 3403 3845 3503 3897; x_wconf 85' lang='grc' dir='ltr'><strong>οὐκ</strong></span> <span class='ocrx_word' id='word_1_644' title='bbox 3544 3845 3679 3898; x_wconf 77' lang='grc' dir='ltr'>εἵσω</span> <span class='ocrx_word' id='word_1_645' title='bbox 3716 3845 3820 3898; x_wconf 85' lang='grc' dir='ltr'>άν-</span> 
     </span>
    </p>
   </div>
   <div class='ocr_carea' id='block_1_86' title="bbox 2235 3933 3822 4008">
    <p class='ocr_par' dir='ltr' id='par_1_86' title="bbox 2235 3933 3822 4008">
     <span class='ocr_line' id='line_1_86' title="bbox 2235 3933 3822 4008; baseline 0.003 -22"><span class='ocrx_word' id='word_1_646' title='bbox 2235 3934 2610 4004; x_wconf 83' lang='grc' dir='ltr'>θρωπότητος,</span> <span class='ocrx_word' id='word_1_647' title='bbox 2658 3935 2772 3988; x_wconf 83' lang='grc' dir='ltr'>ἀλλ’</span> <span class='ocrx_word' id='word_1_648' title='bbox 2808 3933 2913 4000; x_wconf 76' lang='grc' dir='ltr'><strong>ἔξω</strong></span> <span class='ocrx_word' id='word_1_649' title='bbox 2955 3935 3202 4005; x_wconf 82' lang='grc' dir='ltr'>δηλονότι</span> <span class='ocrx_word' id='word_1_650' title='bbox 3228 3938 3322 3990; x_wconf 81' lang='grc' dir='ltr'>καὶ</span> <span class='ocrx_word' id='word_1_651' title='bbox 3353 3936 3521 3989; x_wconf 87' lang='grc' dir='ltr'>τόπου</span> <span class='ocrx_word' id='word_1_652' title='bbox 3557 3938 3654 3990; x_wconf 72' lang='grc' dir='ltr'><strong>καὶ</strong></span> <span class='ocrx_word' id='word_1_653' title='bbox 3693 3937 3822 4008; x_wconf 84' lang='grc' dir='ltr'>χρό-</span> 
     </span>
    </p>
   </div>
   <div class='ocr_carea' id='block_1_87' title="bbox 2234 4025 3821 4101">
    <p class='ocr_par' dir='ltr' id='par_1_87' title="bbox 2234 4025 3821 4101">
     <span class='ocr_line' id='line_1_87' title="bbox 2234 4025 3821 4101; baseline 0.001 -21"><span class='ocrx_word' id='word_1_654' title='bbox 2234 4041 2356 4080; x_wconf 81' lang='grc' dir='ltr'>νου’</span> <span class='ocrx_word' id='word_1_655' title='bbox 2391 4025 2526 4089; x_wconf 83' lang='grc' dir='ltr'>Θεὸς</span> <span class='ocrx_word' id='word_1_656' title='bbox 2565 4026 2771 4098; x_wconf 81' lang='grc' dir='ltr'>γυμνὸς</span> <span class='ocrx_word' id='word_1_657' title='bbox 2819 4029 2886 4097; x_wconf 76' lang='grc' dir='ltr'>τῇ</span> <span class='ocrx_word' id='word_1_658' title='bbox 2936 4027 3274 4098; x_wconf 71' lang='grc' dir='ltr'>άπεριληψίᾳ</span> <span class='ocrx_word' id='word_1_659' title='bbox 3317 4044 3377 4079; x_wconf 91' lang='grc' dir='ltr'><strong>τε</strong></span> <span class='ocrx_word' id='word_1_660' title='bbox 3433 4027 3527 4080; x_wconf 80' lang='grc' dir='ltr'>καὶ</span> <span class='ocrx_word' id='word_1_661' title='bbox 3557 4029 3821 4101; x_wconf 79' lang='grc' dir='ltr'>ἀοριστίᾳ</span> 
     </span>
    </p>
   </div>
   <div class='ocr_carea' id='block_1_88' title="bbox 2234 4116 3822 4191">
    <p class='ocr_par' dir='ltr' id='par_1_88' title="bbox 2234 4116 3822 4191">
     <span class='ocr_line' id='line_1_88' title="bbox 2234 4116 3822 4191; baseline 0.001 -21"><span class='ocrx_word' id='word_1_662' title='bbox 2234 4118 2334 4171; x_wconf 79' lang='grc' dir='ltr'><strong>καὶ</strong></span> <span class='ocrx_word' id='word_1_663' title='bbox 2371 4116 2666 4189; x_wconf 86' lang='grc' dir='ltr'>λεγόμενος</span> <span class='ocrx_word' id='word_1_664' title='bbox 2703 4118 2800 4172; x_wconf 77' lang='grc' dir='ltr'>καὶ</span> <span class='ocrx_word' id='word_1_665' title='bbox 2835 4117 3145 4189; x_wconf 85' lang='grc' dir='ltr'>νοούμενος.</span> <span class='ocrx_word' id='word_1_666' title='bbox 3192 4118 3304 4171; x_wconf 79' lang='grc' dir='ltr'>Καὶ</span> <span class='ocrx_word' id='word_1_667' title='bbox 3334 4117 3494 4171; x_wconf 88' lang='grc' dir='ltr'>τοῦτο</span> <span class='ocrx_word' id='word_1_668' title='bbox 3524 4119 3822 4191; x_wconf 83' lang='grc' dir='ltr'>ἀραρότως</span> 
     </span>
    </p>
   </div>
   <div class='ocr_carea' id='block_1_89' title="bbox 2236 4208 3822 4280">
    <p class='ocr_par' dir='ltr' id='par_1_89' title="bbox 2236 4208 3822 4280">
     <span class='ocr_line' id='line_1_89' title="bbox 2236 4208 3822 4280; baseline 0.003 -18"><span class='ocrx_word' id='word_1_669' title='bbox 2236 4212 2317 4273; x_wconf 86' lang='grc' dir='ltr'>εἰς</span> <span class='ocrx_word' id='word_1_670' title='bbox 2355 4208 2760 4280; x_wconf 80' lang='grc' dir='ltr'>ἀναμφίλεκτον</span> <span class='ocrx_word' id='word_1_671' title='bbox 2804 4211 3076 4275; x_wconf 82' lang='grc' dir='ltr'>ἀπόδειξιν</span> <span class='ocrx_word' id='word_1_672' title='bbox 3105 4211 3205 4280; x_wconf 85' lang='grc' dir='ltr'>τῆς</span> <span class='ocrx_word' id='word_1_673' title='bbox 3252 4209 3510 4279; x_wconf 78' lang='grc' dir='ltr'>ἀληθείας</span> <span class='ocrx_word' id='word_1_674' title='bbox 3555 4216 3822 4280; x_wconf 85' lang='grc' dir='ltr'>φυσικαῖς</span> 
     </span>
    </p>
   </div>
   <div class='ocr_carea' id='block_1_90' title="bbox 2236 4301 3821 4376">
    <p class='ocr_par' dir='ltr' id='par_1_90' title="bbox 2236 4301 3821 4376">
     <span class='ocr_line' id='line_1_90' title="bbox 2236 4301 3821 4376; baseline -0.001 -21"><span class='ocrx_word' id='word_1_675' title='bbox 2236 4301 2582 4364; x_wconf 86' lang='grc' dir='ltr'>ἀκολουθίαις</span> <span class='ocrx_word' id='word_1_676' title='bbox 2629 4303 3116 4373; x_wconf 78' lang='grc' dir='ltr'>ἀναγκαζόμενονο</span> <span class='ocrx_word' id='word_1_677' title='bbox 3197 4303 3636 4374; x_wconf 82' lang='grc' dir='ltr'>περιγράφεσθαι</span> <span class='ocrx_word' id='word_1_678' title='bbox 3686 4307 3821 4376; x_wconf 71' lang='grc' dir='ltr'>Χρι-</span> 
     </span>
    </p>
   </div>
   <div class='ocr_carea' id='block_1_91' title="bbox 2241 4393 3823 4469">
    <p class='ocr_par' dir='ltr' id='par_1_91' title="bbox 2241 4393 3823 4469">
     <span class='ocr_line' id='line_1_91' title="bbox 2241 4393 3823 4469; baseline 0.003 -21"><span class='ocrx_word' id='word_1_679' title='bbox 2241 4395 2388 4458; x_wconf 86' lang='grc' dir='ltr'>στὸν,</span> <span class='ocrx_word' id='word_1_680' title='bbox 2425 4393 2526 4448; x_wconf 82' lang='grc' dir='ltr'><strong>κᾶν</strong></span> <span class='ocrx_word' id='word_1_681' title='bbox 2550 4397 2615 4464; x_wconf 83' lang='grc' dir='ltr'><strong>τῇ</strong></span> <span class='ocrx_word' id='word_1_682' title='bbox 2653 4395 2820 4447; x_wconf 83' lang='grc' dir='ltr'>εἰκόνι</span> <span class='ocrx_word' id='word_1_683' title='bbox 2857 4393 3351 4465; x_wconf 79' lang='grc' dir='ltr'>προσκυνούμενον.</span> <span class='ocrx_word' id='word_1_684' title='bbox 3407 4414 3426 4447; x_wconf 85' lang='grc'><em>‹</em></span> <span class='ocrx_word' id='word_1_685' title='bbox 3457 4396 3724 4469; x_wconf 88' lang='grc' dir='ltr'>Ἐπείπερ</span> <span class='ocrx_word' id='word_1_686' title='bbox 3761 4401 3823 4453; x_wconf 82' lang='grc' dir='ltr'>ὲν</span> 
     </span>
    </p>
   </div>
   <div class='ocr_carea' id='block_1_92' title="bbox 559 4469 2128 4566">
    <p class='ocr_par' dir='ltr' id='par_1_92' title="bbox 559 4483 2128 4566">
     <span class='ocr_line' id='line_1_92' title="bbox 559 4483 2128 4566; baseline -0.01 -15"><span class='ocrx_word' id='word_1_687' title='bbox 559 4498 857 4566; x_wconf 83' lang='lat' dir='ltr'><strong>ehetypum</strong></span> <span class='ocrx_word' id='word_1_688' title='bbox 884 4497 1328 4562; x_wconf 84' lang='lat' dir='ltr'><strong>reprasentatur,</strong></span> <span class='ocrx_word' id='word_1_689' title='bbox 1353 4505 1372 4537; x_wconf 75' lang='grc' dir='ltr'><strong>ι</strong></span> <span class='ocrx_word' id='word_1_690' title='bbox 1408 4485 1555 4540; x_wconf 89' lang='lat' dir='ltr'><strong>sicut</strong></span> <span class='ocrx_word' id='word_1_691' title='bbox 1589 4483 1790 4538; x_wconf 90' lang='lat' dir='ltr'><strong>alicubi</strong></span> <span class='ocrx_word' id='word_1_692' title='bbox 1819 4483 2038 4536; x_wconf 85' lang='lat' dir='ltr'><strong>divinus</strong></span> <span class='ocrx_word' id='word_1_693' title='bbox 2061 4483 2128 4536; x_wconf 90' lang='lat' dir='ltr'><strong>ail</strong></span> 
     </span>
    </p>
   </div>
   <div class='ocr_carea' id='block_1_93' title="bbox 2231 4469 3824 4566">
    <p class='ocr_par' dir='ltr' id='par_1_93' title="bbox 2237 4481 3824 4555">
     <span class='ocr_line' id='line_1_93' title="bbox 2237 4481 3824 4555; baseline 0.001 -18"><span class='ocrx_word' id='word_1_694' title='bbox 2237 4487 2374 4555; x_wconf 81' lang='grc' dir='ltr'>αὐτῇ</span> <span class='ocrx_word' id='word_1_695' title='bbox 2403 4485 2462 4537; x_wconf 85' lang='grc' dir='ltr'><strong>τὸ</strong></span> <span class='ocrx_word' id='word_1_696' title='bbox 2491 4483 2799 4553; x_wconf 84' lang='grc' dir='ltr'>ἀρχέτυπον</span> <span class='ocrx_word' id='word_1_697' title='bbox 2825 4484 3189 4552; x_wconf 79' lang='grc' dir='ltr'>ὲκπέφασται,</span> <span class='ocrx_word' id='word_1_698' title='bbox 3217 4481 3292 4544; x_wconf 87' lang='grc' dir='ltr'>ὥς</span> <span class='ocrx_word' id='word_1_699' title='bbox 3315 4483 3417 4536; x_wconf 90' lang='grc' dir='ltr'><strong>πού</strong></span> <span class='ocrx_word' id='word_1_700' title='bbox 3445 4501 3609 4554; x_wconf 75' lang='grc' dir='ltr'>φησιν</span> <span class='ocrx_word' id='word_1_701' title='bbox 3637 4487 3665 4537; x_wconf 89' lang='grc' dir='ltr'><strong>ό</strong></span> <span class='ocrx_word' id='word_1_702' title='bbox 3696 4486 3824 4539; x_wconf 87' lang='grc' dir='ltr'>θεο-</span> 
     </span>
    </p>
   </div>
   <div class='ocr_carea' id='block_1_94' title="bbox 565 4574 2137 4658">
    <p class='ocr_par' dir='ltr' id='par_1_94' title="bbox 565 4574 2137 4658">
     <span class='ocr_line' id='line_1_94' title="bbox 565 4574 2137 4658; baseline -0.01 -15"><span class='ocrx_word' id='word_1_703' title='bbox 565 4585 860 4658; x_wconf 84' lang='lat' dir='ltr'><strong>Dionysius</strong></span> <span class='ocrx_word' id='word_1_704' title='bbox 892 4601 907 4638; x_wconf 90' lang='lat'>:</span> <span class='ocrx_word' id='word_1_705' title='bbox 938 4593 992 4637; x_wconf 93' lang='lat' dir='ltr'><strong>et</strong></span> <span class='ocrx_word' id='word_1_706' title='bbox 1014 4581 1142 4636; x_wconf 85' lang='lat' dir='ltr'><strong>alibi</strong></span> <span class='ocrx_word' id='word_1_707' title='bbox 1179 4597 1193 4634; x_wconf 87' lang='lat'><strong>:</strong></span> <span class='ocrx_word' id='word_1_708' title='bbox 1233 4599 1252 4632; x_wconf 75' lang='lat' dir='ltr'><strong>c</strong></span> <span class='ocrx_word' id='word_1_709' title='bbox 1291 4577 1538 4632; x_wconf 84' lang='lat' dir='ltr'><strong>Alterum</strong></span> <span class='ocrx_word' id='word_1_710' title='bbox 1580 4576 1636 4628; x_wconf 90' lang='lat' dir='ltr'><strong>in</strong></span> <span class='ocrx_word' id='word_1_711' title='bbox 1686 4574 1896 4638; x_wconf 91' lang='lat' dir='ltr'><strong>altero,</strong></span> <span class='ocrx_word' id='word_1_712' title='bbox 1941 4582 2137 4643; x_wconf 86' lang='lat' dir='ltr'><strong>prater</strong></span> 
     </span>
    </p>
   </div>
   <div class='ocr_carea' id='block_1_95' title="bbox 562 4665 2134 4749">
    <p class='ocr_par' dir='ltr' id='par_1_95' title="bbox 562 4665 2134 4749">
     <span class='ocr_line' id='line_1_95' title="bbox 562 4665 2134 4749; baseline -0.011 -13"><span class='ocrx_word' id='word_1_713' title='bbox 562 4677 882 4736; x_wconf 85' lang='lat' dir='ltr'><strong>substantia</strong></span> <span class='ocrx_word' id='word_1_714' title='bbox 907 4673 1294 4749; x_wconf 65' lang='lat' dir='ltr'><strong>differentiam.</strong></span> <span class='ocrx_word' id='word_1_715' title='bbox 1331 4689 1350 4721; x_wconf 72' lang='grc' dir='ltr'><strong>ι</strong></span> <span class='ocrx_word' id='word_1_716' title='bbox 1389 4668 1568 4735; x_wconf 84' lang='lat' dir='ltr'><strong>Quare</strong></span> <span class='ocrx_word' id='word_1_717' title='bbox 1607 4668 1700 4738; x_wconf 91' lang='lat' dir='ltr'><strong>qui</strong></span> <span class='ocrx_word' id='word_1_718' title='bbox 1736 4675 1895 4734; x_wconf 86' lang='lat' dir='ltr'><strong>negat</strong></span> <span class='ocrx_word' id='word_1_719' title='bbox 1919 4665 2134 4736; x_wconf 88' lang='lat' dir='ltr'><strong>depingi</strong></span> 
     </span>
    </p>
   </div>
   <div class='ocr_carea' id='block_1_96' title="bbox 562 4759 2135 4836">
    <p class='ocr_par' dir='ltr' id='par_1_96' title="bbox 562 4759 2135 4836">
     <span class='ocr_line' id='line_1_96' title="bbox 562 4759 2135 4836; baseline -0.011 -7"><span class='ocrx_word' id='word_1_720' title='bbox 562 4771 865 4836; x_wconf 90' lang='lat' dir='ltr'><strong>Christum,</strong></span> <span class='ocrx_word' id='word_1_721' title='bbox 897 4769 943 4822; x_wconf 90' lang='lat' dir='ltr'><strong>is</strong></span> <span class='ocrx_word' id='word_1_722' title='bbox 976 4776 1161 4821; x_wconf 87' lang='lat' dir='ltr'><strong>natum</strong></span> <span class='ocrx_word' id='word_1_723' title='bbox 1192 4764 1471 4818; x_wconf 86' lang='lat' dir='ltr'><strong>hominem</strong></span> <span class='ocrx_word' id='word_1_724' title='bbox 1498 4775 1621 4816; x_wconf 89' lang='lat' dir='ltr'><strong>esse</strong></span> <span class='ocrx_word' id='word_1_725' title='bbox 1656 4761 1874 4829; x_wconf 81' lang='lat' dir='ltr'><strong>negavit</strong></span> <span class='ocrx_word' id='word_1_726' title='bbox 1903 4775 1917 4812; x_wconf 88' lang='lat'><strong>:</strong></span> <span class='ocrx_word' id='word_1_727' title='bbox 1949 4768 2004 4813; x_wconf 91' lang='lat' dir='ltr'><strong>et</strong></span> <span class='ocrx_word' id='word_1_728' title='bbox 2040 4759 2135 4828; x_wconf 89' lang='lat' dir='ltr'><strong>qui</strong></span> 
     </span>
    </p>
   </div>
   <div class='ocr_carea' id='block_1_97' title="bbox 563 4850 2137 4935">
    <p class='ocr_par' dir='ltr' id='par_1_97' title="bbox 563 4850 2137 4935">
     <span class='ocr_line' id='line_1_97' title="bbox 563 4850 2137 4935; baseline -0.011 -17"><span class='ocrx_word' id='word_1_729' title='bbox 563 4865 682 4935; x_wconf 87' lang='lat' dir='ltr'><strong>ejus</strong></span> <span class='ocrx_word' id='word_1_730' title='bbox 714 4852 1009 4932; x_wconf 81' lang='lat' dir='ltr'><strong>imaginem</strong></span> <span class='ocrx_word' id='word_1_731' title='bbox 1039 4872 1146 4912; x_wconf 86' lang='lat' dir='ltr'><strong>non</strong></span> <span class='ocrx_word' id='word_1_732' title='bbox 1186 4856 1400 4919; x_wconf 89' lang='lat' dir='ltr'><strong>adorat,</strong></span> <span class='ocrx_word' id='word_1_733' title='bbox 1432 4868 1660 4923; x_wconf 89' lang='lat' dir='ltr'><strong>prorsus</strong></span> <span class='ocrx_word' id='word_1_734' title='bbox 1689 4867 1756 4906; x_wconf 91' lang='lat' dir='ltr'><strong>ne</strong></span> <span class='ocrx_word' id='word_1_735' title='bbox 1792 4852 1966 4917; x_wconf 89' lang='lat' dir='ltr'><strong>ipsum</strong></span> <span class='ocrx_word' id='word_1_736' title='bbox 2013 4850 2137 4919; x_wconf 85' lang='lat' dir='ltr'><strong>qui-</strong></span> 
     </span>
    </p>
   </div>
   <div class='ocr_carea' id='block_1_98' title="bbox 564 4941 2136 5022">
    <p class='ocr_par' dir='ltr' id='par_1_98' title="bbox 564 4941 2136 5022">
     <span class='ocr_line' id='line_1_98' title="bbox 564 4941 2136 5022; baseline -0.012 -10"><span class='ocrx_word' id='word_1_737' title='bbox 564 4957 687 5012; x_wconf 88' lang='lat' dir='ltr'><strong>dem</strong></span> <span class='ocrx_word' id='word_1_738' title='bbox 722 4951 1079 5018; x_wconf 89' lang='lat' dir='ltr'><strong>adorat,licet</strong></span> <span class='ocrx_word' id='word_1_739' title='bbox 1103 4948 1333 5022; x_wconf 82' lang='lat' dir='ltr'><strong>adorare</strong></span> <span class='ocrx_word' id='word_1_740' title='bbox 1362 4961 1423 5001; x_wconf 90' lang='lat' dir='ltr'><strong>se</strong></span> <span class='ocrx_word' id='word_1_741' title='bbox 1449 4953 1598 5014; x_wconf 92' lang='lat' dir='ltr'><strong>putet</strong></span> <span class='ocrx_word' id='word_1_742' title='bbox 1627 4962 1642 4998; x_wconf 88' lang='lat'><strong>:</strong></span> <span class='ocrx_word' id='word_1_743' title='bbox 1670 4941 2136 5014; x_wconf 88' lang='lat' dir='ltr'><strong>quandoquidem,</strong></span> 
     </span>
    </p>
   </div>
   <div class='ocr_carea' id='block_1_99' title="bbox 565 5034 2137 5109">
    <p class='ocr_par' dir='ltr' id='par_1_99' title="bbox 565 5034 2137 5109">
     <span class='ocr_line' id='line_1_99' title="bbox 565 5034 2137 5109; baseline -0.012 -5"><span class='ocrx_word' id='word_1_744' title='bbox 565 5061 625 5106; x_wconf 91' lang='lat' dir='ltr'><strong>ut</strong></span> <span class='ocrx_word' id='word_1_745' title='bbox 660 5061 841 5104; x_wconf 83' lang='lat' dir='ltr'><strong>sermo</strong></span> <span class='ocrx_word' id='word_1_746' title='bbox 874 5060 1030 5100; x_wconf 83' lang='lat' dir='ltr'><strong>sacer</strong></span> <span class='ocrx_word' id='word_1_747' title='bbox 1064 5043 1139 5096; x_wconf 89' lang='lat' dir='ltr'><strong>ait</strong></span> <span class='ocrx_word' id='word_1_748' title='bbox 1169 5059 1182 5095; x_wconf 92' lang='lat'>:</span> <span class='ocrx_word' id='word_1_749' title='bbox 1215 5039 1463 5109; x_wconf 75' lang='lat' dir='ltr'><strong>[nﬁdeles</strong></span> <span class='ocrx_word' id='word_1_750' title='bbox 1519 5037 1834 5106; x_wconf 80' lang='lat' dir='ltr'><strong>conﬁtentur</strong></span> <span class='ocrx_word' id='word_1_751' title='bbox 1882 5051 1935 5089; x_wconf 85' lang='lat' dir='ltr'><strong>se</strong></span> <span class='ocrx_word' id='word_1_752' title='bbox 1969 5034 2137 5087; x_wconf 86' lang='lat' dir='ltr'><strong>Deum</strong></span> 
     </span>
    </p>
   </div>
   <div class='ocr_carea' id='block_1_100' title="bbox 565 5128 2136 5210">
    <p class='ocr_par' dir='ltr' id='par_1_100' title="bbox 565 5128 2136 5210">
     <span class='ocr_line' id='line_1_100' title="bbox 565 5128 2136 5210; baseline -0.01 -14"><span class='ocrx_word' id='word_1_753' title='bbox 565 5159 738 5206; x_wconf 76' lang='lat' dir='ltr'><strong>nosse,</strong></span> <span class='ocrx_word' id='word_1_754' title='bbox 775 5139 934 5210; x_wconf 83' lang='lat' dir='ltr'><strong>factis</strong></span> <span class='ocrx_word' id='word_1_755' title='bbox 963 5146 1139 5190; x_wconf 77' lang='lat' dir='ltr'><strong>autem</strong></span> <span class='ocrx_word' id='word_1_756' title='bbox 1194 5142 1384 5203; x_wconf 81' lang='lat' dir='ltr'><strong>negant</strong></span> <span class='ocrx_word' id='word_1_757' title='bbox 1407 5133 1474 5184; x_wconf 83' lang='grc'><strong>³³.</strong></span> <span class='ocrx_word' id='word_1_758' title='bbox 1522 5129 1648 5185; x_wconf 71' lang='lat' dir='ltr'><strong>Hac</strong></span> <span class='ocrx_word' id='word_1_759' title='bbox 1693 5145 1790 5199; x_wconf 83' lang='lat' dir='ltr'><strong>ego</strong></span> <span class='ocrx_word' id='word_1_760' title='bbox 1822 5128 2136 5182; x_wconf 83' lang='lat' dir='ltr'><strong>reverentia</strong></span> 
     </span>
    </p>
   </div>
   <div class='ocr_carea' id='block_1_101' title="bbox 566 5218 2132 5297">
    <p class='ocr_par' dir='ltr' id='par_1_101' title="bbox 566 5218 2132 5297">
     <span class='ocr_line' id='line_1_101' title="bbox 566 5218 2132 5297; baseline -0.013 -8"><span class='ocrx_word' id='word_1_761' title='bbox 566 5245 674 5288; x_wconf 78' lang='lat' dir='ltr'><strong>tua</strong></span> <span class='ocrx_word' id='word_1_762' title='bbox 712 5246 821 5286; x_wconf 93' lang='lat' dir='ltr'><strong>non</strong></span> <span class='ocrx_word' id='word_1_763' title='bbox 853 5241 1112 5297; x_wconf 80' lang='lat' dir='ltr'><strong>tauquam</strong></span> <span class='ocrx_word' id='word_1_764' title='bbox 1155 5222 1430 5294; x_wconf 89' lang='lat' dir='ltr'><strong>ignoranti</strong></span> <span class='ocrx_word' id='word_1_765' title='bbox 1462 5219 1714 5290; x_wconf 80' lang='lat' dir='ltr'><strong>exposui,</strong></span> <span class='ocrx_word' id='word_1_766' title='bbox 1748 5218 1842 5272; x_wconf 77' lang='lat' dir='ltr'><strong>sed</strong></span> <span class='ocrx_word' id='word_1_767' title='bbox 1875 5227 2132 5285; x_wconf 82' lang='lat' dir='ltr'><strong>tauquam</strong></span> 
     </span>
    </p>
   </div>
   <div class='ocr_carea' id='block_1_102' title="bbox 565 5309 2134 5383">
    <p class='ocr_par' dir='ltr' id='par_1_102' title="bbox 565 5309 2134 5383">
     <span class='ocr_line' id='line_1_102' title="bbox 565 5309 2134 5383; baseline -0.012 -4"><span class='ocrx_word' id='word_1_768' title='bbox 565 5325 756 5379; x_wconf 83' lang='lat' dir='ltr'><strong>eadem</strong></span> <span class='ocrx_word' id='word_1_769' title='bbox 813 5320 1102 5381; x_wconf 90' lang='lat' dir='ltr'><strong>sentienti,</strong></span> <span class='ocrx_word' id='word_1_770' title='bbox 1165 5333 1228 5371; x_wconf 89' lang='lat' dir='ltr'><strong>ac</strong></span> <span class='ocrx_word' id='word_1_771' title='bbox 1273 5314 1440 5370; x_wconf 85' lang='lat' dir='ltr'><strong>veluti</strong></span> <span class='ocrx_word' id='word_1_772' title='bbox 1467 5321 1673 5382; x_wconf 86' lang='lat' dir='ltr'><strong>guttam</strong></span> <span class='ocrx_word' id='word_1_773' title='bbox 1722 5326 1787 5364; x_wconf 82' lang='lat' dir='ltr'><strong>ex</strong></span> <span class='ocrx_word' id='word_1_774' title='bbox 1820 5309 2134 5383; x_wconf 77' lang='lat' dir='ltr'><strong>dogmatupi</strong></span> 
     </span>
    </p>
   </div>
   <div class='ocr_carea' id='block_1_103' title="bbox 567 5406 2136 5487">
    <p class='ocr_par' dir='ltr' id='par_1_103' title="bbox 567 5406 2136 5487">
     <span class='ocr_line' id='line_1_103' title="bbox 567 5406 2136 5487; baseline -0.011 -17"><span class='ocrx_word' id='word_1_775' title='bbox 567 5415 758 5487; x_wconf 85' lang='lat' dir='ltr'><strong>pelago</strong></span> <span class='ocrx_word' id='word_1_776' title='bbox 809 5413 1118 5468; x_wconf 90' lang='lat' dir='ltr'><strong>hauriens:</strong></span> <span class='ocrx_word' id='word_1_777' title='bbox 1177 5424 1300 5463; x_wconf 90' lang='lat' dir='ltr'><strong>cum</strong></span> <span class='ocrx_word' id='word_1_778' title='bbox 1349 5406 1574 5460; x_wconf 85' lang='lat' dir='ltr'><strong>inﬁnita</strong></span> <span class='ocrx_word' id='word_1_779' title='bbox 1625 5412 1883 5471; x_wconf 80' lang='lat' dir='ltr'><strong>praterea</strong></span> <span class='ocrx_word' id='word_1_780' title='bbox 1937 5417 2136 5470; x_wconf 87' lang='lat' dir='ltr'><strong>suppe-</strong></span> 
     </span>
    </p>
   </div>
   <div class='ocr_carea' id='block_1_104' title="bbox 567 5492 2136 5562">
    <p class='ocr_par' dir='ltr' id='par_1_104' title="bbox 567 5492 2136 5562">
     <span class='ocr_line' id='line_1_104' title="bbox 567 5492 2136 5562; baseline -0.011 -1"><span class='ocrx_word' id='word_1_781' title='bbox 567 5517 684 5562; x_wconf 85' lang='lat' dir='ltr'><strong>tant</strong></span> <span class='ocrx_word' id='word_1_782' title='bbox 735 5505 961 5559; x_wconf 88' lang='lat' dir='ltr'><strong>Patrum</strong></span> <span class='ocrx_word' id='word_1_783' title='bbox 1021 5502 1339 5562; x_wconf 86' lang='lat' dir='ltr'><strong>sententia,</strong></span> <span class='ocrx_word' id='word_1_784' title='bbox 1397 5512 1506 5551; x_wconf 89' lang='lat' dir='ltr'><strong>una</strong></span> <span class='ocrx_word' id='word_1_785' title='bbox 1551 5511 1674 5550; x_wconf 91' lang='lat' dir='ltr'><strong>cum</strong></span> <span class='ocrx_word' id='word_1_786' title='bbox 1719 5501 1901 5547; x_wconf 86' lang='lat' dir='ltr'><strong>vetere</strong></span> <span class='ocrx_word' id='word_1_787' title='bbox 1963 5492 2136 5546; x_wconf 87' lang='lat' dir='ltr'><strong>histo-</strong></span> 
     </span>
    </p>
   </div>
   <div class='ocr_carea' id='block_1_105' title="bbox 570 5583 2137 5664">
    <p class='ocr_par' dir='ltr' id='par_1_105' title="bbox 570 5583 2137 5664">
     <span class='ocr_line' id='line_1_105' title="bbox 570 5583 2137 5664; baseline -0.009 -11"><span class='ocrx_word' id='word_1_788' title='bbox 570 5601 646 5653; x_wconf 90' lang='lat' dir='ltr'><strong>ria</strong></span> <span class='ocrx_word' id='word_1_789' title='bbox 702 5598 771 5652; x_wconf 87' lang='lat' dir='ltr'><strong>ah</strong></span> <span class='ocrx_word' id='word_1_790' title='bbox 797 5597 1022 5652; x_wconf 81' lang='lat' dir='ltr'><strong>exordio</strong></span> <span class='ocrx_word' id='word_1_791' title='bbox 1063 5595 1180 5664; x_wconf 92' lang='lat' dir='ltr'><strong>ipso</strong></span> <span class='ocrx_word' id='word_1_792' title='bbox 1229 5590 1554 5662; x_wconf 81' lang='lat' dir='ltr'><strong>evangelica</strong></span> <span class='ocrx_word' id='word_1_793' title='bbox 1609 5583 2026 5657; x_wconf 72' lang='lat' dir='ltr'><strong>pradicationis,</strong></span> <span class='ocrx_word' id='word_1_794' title='bbox 2071 5585 2137 5639; x_wconf 88' lang='lat' dir='ltr'><strong>ad</strong></span> 
     </span>
    </p>
   </div>
   <div class='ocr_carea' id='block_1_106' title="bbox 640 5773 1581 5839">
    <p class='ocr_par' dir='ltr' id='par_1_106' title="bbox 640 5773 1581 5839">
     <span class='ocr_line' id='line_1_106' title="bbox 640 5773 1581 5839; baseline -0.005 -5"><span class='ocrx_word' id='word_1_795' title='bbox 640 5782 682 5812; x_wconf 81' lang='lat'><strong><em>”</em></strong></span> <span class='ocrx_word' id='word_1_796' title='bbox 719 5779 737 5833; x_wconf 95' lang='lat' dir='ltr'><strong>l</strong></span> <span class='ocrx_word' id='word_1_797' title='bbox 775 5779 901 5834; x_wconf 85' lang='lat' dir='ltr'><strong>Cor.</strong></span> <span class='ocrx_word' id='word_1_798' title='bbox 933 5795 1005 5835; x_wconf 73' lang='lat' dir='ltr'><strong>xl.</strong></span> <span class='ocrx_word' id='word_1_799' title='bbox 1048 5777 1132 5831; x_wconf 80' lang='grc'>19.</span> <span class='ocrx_word' id='word_1_800' title='bbox 1211 5777 1254 5810; x_wconf 88' lang='grc'>³³</span> <span class='ocrx_word' id='word_1_801' title='bbox 1286 5773 1395 5829; x_wconf 85' lang='lat' dir='ltr'><strong>Tit.</strong></span> <span class='ocrx_word' id='word_1_802' title='bbox 1428 5773 1581 5839; x_wconf 74' lang='lat'><strong>1,16.</strong></span> 
     </span>
    </p>
   </div>
   <div class='ocr_carea' id='block_1_107' title="bbox 2239 4574 3826 4647">
    <p class='ocr_par' dir='ltr' id='par_1_107' title="bbox 2239 4574 3826 4647">
     <span class='ocr_line' id='line_1_107' title="bbox 2239 4574 3826 4647; baseline 0.001 -17"><span class='ocrx_word' id='word_1_803' title='bbox 2239 4577 2462 4647; x_wconf 88' lang='grc' dir='ltr'>φάντωρ</span> <span class='ocrx_word' id='word_1_804' title='bbox 2503 4576 2779 4640; x_wconf 90' lang='grc' dir='ltr'>Διονύσιος</span> <span class='ocrx_word' id='word_1_805' title='bbox 2803 4592 2816 4606; x_wconf 93' lang='grc'><strong>·</strong></span> <span class='ocrx_word' id='word_1_806' title='bbox 2846 4595 2866 4627; x_wconf 73' lang='grc' dir='ltr'><strong>ι</strong></span> <span class='ocrx_word' id='word_1_807' title='bbox 2911 4576 3000 4630; x_wconf 65' lang='grc' dir='ltr'>καὶ</span> <span class='ocrx_word' id='word_1_808' title='bbox 3046 4574 3316 4644; x_wconf 76' lang='grc' dir='ltr'>ἀλλαχοῦο</span> <span class='ocrx_word' id='word_1_809' title='bbox 3379 4575 3720 4644; x_wconf 80' lang='grc' dir='ltr'>«Ἑκάτερον</span> <span class='ocrx_word' id='word_1_810' title='bbox 3761 4581 3826 4632; x_wconf 71' lang='grc' dir='ltr'>ἐν</span> 
     </span>
    </p>
   </div>
   <div class='ocr_carea' id='block_1_108' title="bbox 2237 4667 3826 4739">
    <p class='ocr_par' dir='ltr' id='par_1_108' title="bbox 2237 4667 3826 4739">
     <span class='ocr_line' id='line_1_108' title="bbox 2237 4667 3826 4739; baseline 0.003 -18"><span class='ocrx_word' id='word_1_811' title='bbox 2237 4669 2484 4738; x_wconf 76' lang='grc' dir='ltr'>ἑκατέρῳ</span> <span class='ocrx_word' id='word_1_812' title='bbox 2525 4667 2673 4737; x_wconf 86' lang='grc' dir='ltr'><strong>παρά</strong></span> <span class='ocrx_word' id='word_1_813' title='bbox 2715 4668 2776 4720; x_wconf 82' lang='grc' dir='ltr'><strong>τὸ</strong></span> <span class='ocrx_word' id='word_1_814' title='bbox 2814 4667 2914 4735; x_wconf 81' lang='grc' dir='ltr'><strong>τῆς</strong></span> <span class='ocrx_word' id='word_1_815' title='bbox 2977 4667 3164 4730; x_wconf 80' lang='grc' dir='ltr'>οὐσίας</span> <span class='ocrx_word' id='word_1_816' title='bbox 3207 4668 3484 4739; x_wconf 86' lang='grc' dir='ltr'>διάφορον.</span> <span class='ocrx_word' id='word_1_817' title='bbox 3510 4687 3530 4719; x_wconf 75' lang='grc' dir='ltr'><strong>ι</strong></span> <span class='ocrx_word' id='word_1_818' title='bbox 3584 4669 3755 4722; x_wconf 82' lang='grc' dir='ltr'>Ὥστε</span> <span class='ocrx_word' id='word_1_819' title='bbox 3791 4673 3826 4726; x_wconf 78' lang='grc' dir='ltr'>ὁ</span> 
     </span>
    </p>
   </div>
   <div class='ocr_carea' id='block_1_109' title="bbox 2239 4759 3827 4832">
    <p class='ocr_par' dir='ltr' id='par_1_109' title="bbox 2239 4759 3827 4832">
     <span class='ocr_line' id='line_1_109' title="bbox 2239 4759 3827 4832; baseline 0.003 -18"><span class='ocrx_word' id='word_1_820' title='bbox 2239 4761 2670 4831; x_wconf 85' lang='grc' dir='ltr'>ἀπαναινόμενος</span> <span class='ocrx_word' id='word_1_821' title='bbox 2715 4759 3088 4831; x_wconf 81' lang='grc' dir='ltr'>ὲγγράφευθαι</span> <span class='ocrx_word' id='word_1_822' title='bbox 3133 4761 3388 4830; x_wconf 83' lang='grc' dir='ltr'>Χριστὸν,</span> <span class='ocrx_word' id='word_1_823' title='bbox 3437 4763 3672 4832; x_wconf 76' lang='grc' dir='ltr'>ἡρνηται</span> <span class='ocrx_word' id='word_1_824' title='bbox 3727 4765 3827 4818; x_wconf 76' lang='grc' dir='ltr'>ἀν-</span> 
     </span>
    </p>
   </div>
   <div class='ocr_carea' id='block_1_110' title="bbox 2241 4854 3827 4928">
    <p class='ocr_par' dir='ltr' id='par_1_110' title="bbox 2241 4854 3827 4928">
     <span class='ocr_line' id='line_1_110' title="bbox 2241 4854 3827 4928; baseline 0.001 -19"><span class='ocrx_word' id='word_1_825' title='bbox 2241 4855 2462 4927; x_wconf 87' lang='grc' dir='ltr'>θρωπον</span> <span class='ocrx_word' id='word_1_826' title='bbox 2492 4855 2810 4923; x_wconf 83' lang='grc' dir='ltr'>γεγονέναι·</span> <span class='ocrx_word' id='word_1_827' title='bbox 2841 4855 2935 4907; x_wconf 77' lang='grc' dir='ltr'><strong>καὶ</strong></span> <span class='ocrx_word' id='word_1_828' title='bbox 2957 4855 2984 4906; x_wconf 89' lang='grc' dir='ltr'><strong>ό</strong></span> <span class='ocrx_word' id='word_1_829' title='bbox 3021 4854 3097 4926; x_wconf 80' lang='grc' dir='ltr'>μὴ</span> <span class='ocrx_word' id='word_1_830' title='bbox 3125 4855 3451 4925; x_wconf 88' lang='grc' dir='ltr'>προσκυνῶν</span> <span class='ocrx_word' id='word_1_831' title='bbox 3503 4855 3674 4909; x_wconf 78' lang='grc' dir='ltr'>αὑτοῦ</span> <span class='ocrx_word' id='word_1_832' title='bbox 3719 4858 3827 4928; x_wconf 78' lang='grc' dir='ltr'>τὴν</span> 
     </span>
    </p>
   </div>
   <div class='ocr_carea' id='block_1_111' title="bbox 2244 4945 3828 5016">
    <p class='ocr_par' dir='ltr' id='par_1_111' title="bbox 2244 4945 3828 5016">
     <span class='ocr_line' id='line_1_111' title="bbox 2244 4945 3828 5016; baseline 0.001 -15"><span class='ocrx_word' id='word_1_833' title='bbox 2244 4949 2452 5012; x_wconf 74' lang='grc' dir='ltr'>εἰκόνα,</span> <span class='ocrx_word' id='word_1_834' title='bbox 2493 4946 2717 4999; x_wconf 87' lang='grc' dir='ltr'>ούτίπου</span> <span class='ocrx_word' id='word_1_835' title='bbox 2761 4948 3063 5016; x_wconf 80' lang='grc' dir='ltr'>προσκυνεῖ</span> <span class='ocrx_word' id='word_1_836' title='bbox 3106 4946 3269 4999; x_wconf 82' lang='grc' dir='ltr'>αὑτὸν</span> <span class='ocrx_word' id='word_1_837' title='bbox 3321 4947 3384 5000; x_wconf 80' lang='grc' dir='ltr'><strong>τὸ</strong></span> <span class='ocrx_word' id='word_1_838' title='bbox 3422 4945 3677 5013; x_wconf 69' lang='grc' dir='ltr'>καθόλου,</span> <span class='ocrx_word' id='word_1_839' title='bbox 3712 4951 3828 5003; x_wconf 83' lang='grc' dir='ltr'><strong>κᾶν</strong></span> 
     </span>
    </p>
   </div>
   <div class='ocr_carea' id='block_1_112' title="bbox 2244 5038 3825 5114">
    <p class='ocr_par' dir='ltr' id='par_1_112' title="bbox 2244 5038 3825 5114">
     <span class='ocr_line' id='line_1_112' title="bbox 2244 5038 3825 5114; baseline 0.001 -22"><span class='ocrx_word' id='word_1_840' title='bbox 2244 5041 2442 5114; x_wconf 79' lang='grc' dir='ltr'>νομίζῃ</span> <span class='ocrx_word' id='word_1_841' title='bbox 2475 5041 2838 5108; x_wconf 71' lang='grc' dir='ltr'><strong>προσκυνεῖν⁹</strong></span> <span class='ocrx_word' id='word_1_842' title='bbox 2885 5038 3006 5091; x_wconf 78' lang='grc' dir='ltr'>ἐπεί</span> <span class='ocrx_word' id='word_1_843' title='bbox 3063 5054 3227 5108; x_wconf 85' lang='grc' dir='ltr'>φησιν</span> <span class='ocrx_word' id='word_1_844' title='bbox 3273 5039 3302 5091; x_wconf 88' lang='grc' dir='ltr'><strong>ό</strong></span> <span class='ocrx_word' id='word_1_845' title='bbox 3349 5039 3493 5107; x_wconf 80' lang='grc' dir='ltr'>ἱερὸς</span> <span class='ocrx_word' id='word_1_846' title='bbox 3532 5038 3723 5106; x_wconf 88' lang='grc' dir='ltr'>λόγος·</span> <span class='ocrx_word' id='word_1_847' title='bbox 3756 5045 3825 5095; x_wconf 76' lang='grc' dir='ltr'><strong>Οἱ</strong></span> 
     </span>
    </p>
   </div>
   <div class='ocr_carea' id='block_1_113' title="bbox 2242 5128 3824 5200">
    <p class='ocr_par' dir='ltr' id='par_1_113' title="bbox 2242 5128 3824 5200">
     <span class='ocr_line' id='line_1_113' title="bbox 2242 5128 3824 5200; baseline 0 -16"><span class='ocrx_word' id='word_1_848' title='bbox 2242 5130 2487 5184; x_wconf 80' lang='grc' dir='ltr'>ἄπιστοι</span> <span class='ocrx_word' id='word_1_849' title='bbox 2521 5128 2884 5200; x_wconf 80' lang='grc' dir='ltr'>ὁμολογοῦσι</span> <span class='ocrx_word' id='word_1_850' title='bbox 2909 5129 3056 5182; x_wconf 78' lang='grc' dir='ltr'><strong>Θεὸν</strong></span> <span class='ocrx_word' id='word_1_851' title='bbox 3078 5128 3298 5182; x_wconf 81' lang='grc' dir='ltr'>εἰδέναι</span> <span class='ocrx_word' id='word_1_852' title='bbox 3318 5169 3334 5193; x_wconf 91' lang='grc'><strong>,</strong></span> <span class='ocrx_word' id='word_1_853' title='bbox 3372 5128 3494 5194; x_wconf 84' lang='grc' dir='ltr'>τοῖς</span> <span class='ocrx_word' id='word_1_854' title='bbox 3523 5128 3591 5180; x_wconf 81' lang='grc' dir='ltr'>δὲ</span> <span class='ocrx_word' id='word_1_855' title='bbox 3619 5130 3824 5198; x_wconf 76' lang='grc' dir='ltr'>ἔργοις</span> 
     </span>
    </p>
   </div>
   <div class='ocr_carea' id='block_1_114' title="bbox 2243 5222 3823 5294">
    <p class='ocr_par' dir='ltr' id='par_1_114' title="bbox 2243 5222 3823 5294">
     <span class='ocr_line' id='line_1_114' title="bbox 2243 5222 3823 5294; baseline -0.003 -16"><span class='ocrx_word' id='word_1_856' title='bbox 2243 5225 2588 5292; x_wconf 76' lang='grc' dir='ltr'>ἀρνοῦνται.</span> <span class='ocrx_word' id='word_1_857' title='bbox 2635 5222 2822 5274; x_wconf 84' lang='grc' dir='ltr'>Ταῦτα</span> <span class='ocrx_word' id='word_1_858' title='bbox 2876 5224 2974 5291; x_wconf 84' lang='grc' dir='ltr'><strong>οὐχ</strong></span> <span class='ocrx_word' id='word_1_859' title='bbox 3017 5223 3091 5286; x_wconf 85' lang='grc' dir='ltr'><strong>ὡς</strong></span> <span class='ocrx_word' id='word_1_860' title='bbox 3141 5222 3412 5293; x_wconf 81' lang='grc' dir='ltr'>ἀγνοούσῃ</span> <span class='ocrx_word' id='word_1_861' title='bbox 3441 5225 3506 5293; x_wconf 78' lang='grc' dir='ltr'>τῇ</span> <span class='ocrx_word' id='word_1_862' title='bbox 3537 5222 3823 5294; x_wconf 80' lang='grc' dir='ltr'>τιμιότητί</span> 
     </span>
    </p>
   </div>
   <div class='ocr_carea' id='block_1_115' title="bbox 2246 5310 3820 5383">
    <p class='ocr_par' dir='ltr' id='par_1_115' title="bbox 2246 5310 3820 5383">
     <span class='ocr_line' id='line_1_115' title="bbox 2246 5310 3820 5383; baseline -0.002 -15"><span class='ocrx_word' id='word_1_863' title='bbox 2246 5333 2338 5368; x_wconf 82' lang='grc' dir='ltr'><strong>σου</strong></span> <span class='ocrx_word' id='word_1_864' title='bbox 2392 5315 2734 5382; x_wconf 79' lang='grc' dir='ltr'>ὑπεδήλωσα,</span> <span class='ocrx_word' id='word_1_865' title='bbox 2784 5313 2900 5365; x_wconf 81' lang='grc' dir='ltr'>ἀλλ’</span> <span class='ocrx_word' id='word_1_866' title='bbox 2945 5312 3020 5375; x_wconf 83' lang='grc' dir='ltr'>ὡς</span> <span class='ocrx_word' id='word_1_867' title='bbox 3062 5310 3656 5383; x_wconf 82' lang='grc' dir='ltr'>συνομογνωμονούσῃ·</span> <span class='ocrx_word' id='word_1_868' title='bbox 3721 5313 3820 5365; x_wconf 74' lang='grc' dir='ltr'>καὶ</span> 
     </span>
    </p>
   </div>
   <div class='ocr_carea' id='block_1_116' title="bbox 2243 5404 3816 5476">
    <p class='ocr_par' dir='ltr' id='par_1_116' title="bbox 2243 5404 3816 5476">
     <span class='ocr_line' id='line_1_116' title="bbox 2243 5404 3816 5476; baseline -0.002 -17"><span class='ocrx_word' id='word_1_869' title='bbox 2243 5406 2434 5476; x_wconf 88' lang='grc' dir='ltr'>ῶσπερ</span> <span class='ocrx_word' id='word_1_870' title='bbox 2463 5407 2653 5476; x_wconf 76' lang='grc' dir='ltr'>ρανίδα</span> <span class='ocrx_word' id='word_1_871' title='bbox 2703 5409 2767 5458; x_wconf 81' lang='grc' dir='ltr'>ἐκ</span> <span class='ocrx_word' id='word_1_872' title='bbox 2810 5407 3080 5473; x_wconf 87' lang='grc' dir='ltr'>πελάγους</span> <span class='ocrx_word' id='word_1_873' title='bbox 3135 5405 3422 5474; x_wconf 86' lang='grc' dir='ltr'>δογμάτων</span> <span class='ocrx_word' id='word_1_874' title='bbox 3484 5404 3816 5467; x_wconf 81' lang='grc' dir='ltr'>άνελκύσας’</span> 
     </span>
    </p>
   </div>
   <div class='ocr_carea' id='block_1_117' title="bbox 2245 5480 3822 5567">
    <p class='ocr_par' dir='ltr' id='par_1_117' title="bbox 2245 5480 3822 5567">
     <span class='ocr_line' id='line_1_117' title="bbox 2245 5480 3822 5567; baseline -0.001 -18"><span class='ocrx_word' id='word_1_875' title='bbox 2245 5499 2385 5567; x_wconf 83' lang='grc' dir='ltr'>πρὸς</span> <span class='ocrx_word' id='word_1_876' title='bbox 2426 5496 2505 5565; x_wconf 82' lang='grc' dir='ltr'><strong>τῷ</strong></span> <span class='ocrx_word' id='word_1_877' title='bbox 2537 5496 2632 5548; x_wconf 71' lang='grc' dir='ltr'><strong>καὶ</strong></span> <span class='ocrx_word' id='word_1_878' title='bbox 2665 5496 2891 5567; x_wconf 79' lang='grc' dir='ltr'>ἄπειρον</span> <span class='ocrx_word' id='word_1_879' title='bbox 2936 5495 3103 5566; x_wconf 76' lang='grc' dir='ltr'>ἑσμὸν</span> <span class='ocrx_word' id='word_1_880' title='bbox 3149 5491 3287 5548; x_wconf 80' lang='grc' dir='ltr'>εἶναι</span> <span class='ocrx_word' id='word_1_881' title='bbox 3317 5480 3635 5563; x_wconf 58' lang='grc' dir='ltr'>πατρικῶν</span> <span class='ocrx_word' id='word_1_882' title='bbox 3679 5495 3822 5563; x_wconf 85' lang='grc' dir='ltr'><strong>μετά</strong></span> 
     </span>
    </p>
   </div>
   <div class='ocr_carea' id='block_1_118' title="bbox 2247 5584 3818 5658">
    <p class='ocr_par' dir='ltr' id='par_1_118' title="bbox 2247 5584 3818 5658">
     <span class='ocr_line' id='line_1_118' title="bbox 2247 5584 3818 5658; baseline -0.002 -17"><span class='ocrx_word' id='word_1_883' title='bbox 2247 5589 2344 5641; x_wconf 71' lang='grc' dir='ltr'><strong>καὶ</strong></span> <span class='ocrx_word' id='word_1_884' title='bbox 2381 5587 2483 5658; x_wconf 81' lang='grc' dir='ltr'><strong>τῆς</strong></span> <span class='ocrx_word' id='word_1_885' title='bbox 2517 5587 2877 5658; x_wconf 84' lang='grc' dir='ltr'>ἀρχαιολόγου</span> <span class='ocrx_word' id='word_1_886' title='bbox 2923 5587 3163 5657; x_wconf 80' lang='grc' dir='ltr'>ἱστορίας</span> <span class='ocrx_word' id='word_1_887' title='bbox 3217 5588 3310 5640; x_wconf 84' lang='grc' dir='ltr'>ἀπ’</span> <span class='ocrx_word' id='word_1_888' title='bbox 3347 5585 3518 5655; x_wconf 77' lang='grc' dir='ltr'>αὐτῆς</span> <span class='ocrx_word' id='word_1_889' title='bbox 3564 5584 3818 5656; x_wconf 83' lang='grc' dir='ltr'>βαλϐίδος</span> 
     </span>
    </p>
   </div>
  </div>
