3966 6480
230 421 356 484 1581

229 531 318 584 τοῦ
350 530 725 599 κηρύγματος,
755 530 832 588 εἰς
879 526 1136 579 σύστασιν
1171 527 1266 595 τῆς
1303 526 1606 593 ἀμωμήτου
1635 524 1793 593 ἡμῶν
1822 526 1866 579 Α
1897 521 2118 573 illibata:

1898 625 2040 663 nem.

226 622 331 674 τῶν
363 619 705 690 Χριστιανῶν
737 619 992 679 πίστεως.

509 736 648 801 ΡιιΑν
689 730 822 799 (85).
865 758 934 769 —-
971 728 1228 789 Φιλοθέῳ
1261 726 1516 790 κτήτορι.
1598 722 1790 794 [ψξη’ζ]

1422 412 1965 474 EPISTOLARUM
2007 411 2150 469 LIB.
2213 409 2295 467 II.

3327 399 3464 462 1582

2215 517 2334 570 ﬁdei
2429 526 2621 569 nostra:
2699 514 3019 569 Christianae
3097 512 3471 567 conﬁrmatio-

2218 719 2397 776 (JXCI.
2440 750 2495 758 —
2537 718 2807 771 Philol/tea
2846 719 3153 785 possessori.

1353 838 1534 886 Laudat
1556 839 1662 899 ejus
1687 839 1915 897 virtutes,
1940 851 2115 899 genus,
2144 841 2362 899 patriam.

297 954 461 1019 Μέγα
503 951 691 1020 κέρδος
737 948 951 1019 ἡγεῖταί
998 964 1090 998 σου
1137 948 1170 1016 ἡ
1229 945 1504 1015 τιμιότης,
1541 943 1615 1007 ὤς
1645 961 1802 1014 φησι,

228 1045 496 1116 δεχομένη
528 1044 559 1108 ἡ
571 1041 685 1111 μῶν
714 1042 1044 1112 γράμματα,
1087 1037 1222 1107 ὁμοῦ
1250 1055 1310 1089 τε
1341 1039 1434 1090 καὶ
1469 1053 1806 1106 μνημονευο-

235 1140 373 1208 μένη
417 1136 551 1205 πρὸς
594 1134 754 1204 ήμῶν
807 1133 1006 1186 αὐτῶν.
1040 1131 1210 1184 Τοῦτο
1236 1131 1291 1182 δὲ
1323 1133 1420 1201 τῆς
1459 1130 1558 1199 σῆς
1585 1129 1808 1200 θεόφροο

228 1244 318 1290 νος
381 1223 623 1285 διανοίας
681 1218 1154 1290 ταπεινοφροσύνῃ
1209 1220 1377 1290 πολλῇ
1461 1219 1808 1288 κεχρημένης

229 1317 526 1386 ἐγκώμιον,
569 1313 666 1382 ούχ
695 1311 851 1381 ὴμῶν
880 1312 988 1362 τῶν
1043 1310 1311 1362 ταπεινῶν
1340 1310 1502 1381 [cod.
1539 1311 1674 1379 Reg.
1716 1309 1803 1361 εύ-

235 1405 458 1477 τελῶν],
505 1405 601 1458 καὶ
633 1403 842 1466 οὐδενὸς
876 1403 1046 1468 ἀξίων
1089 1401 1271 1468 λόγου.
1309 1402 1501 1471 Ὅμως
1530 1401 1672 1454 κατά
1707 1400 1804 1470 τὴν

230 1500 563 1569 πεποίθησιν
597 1498 766 1566 αὐτῆς
798 1495 1028 1566 λήψεται
1068 1496 1158 1546 τὸν
1210 1493 1398 1564 μισθὸν
1451 1495 1556 1547 ὑπὸ
1591 1495 1690 1563 τῆς
1711 1491 1802 1546 τοῦ

230 1590 439 1660 ἀγαθοῦ
492 1591 649 1661 ἡμῶν
736 1588 870 1642 Θεοῦ
959 1587 1376 1657 δικαιοκρισίας,
1435 1587 1798 1656 ἀμειϐομένου

230 1685 329 1753 τὴν
359 1683 542 1735 πίστιν
573 1681 806 1734 ἑκάστου
829 1680 1081 1750 ἀμοιϐαῖς
1120 1679 1417 1748 οὐρανίαις,
1446 1681 1539 1732 καὶ
1567 1681 1646 1740 είς
1675 1680 1801 1731 ἐαυ-

230 1777 322 1828 τδν
368 1774 431 1827 τὸ
461 1772 556 1825 τοῦ
607 1773 774 1834 πέλας
805 1771 1123 1840 γιγνόμενον
1145 1769 1509 1837 Χριστοειδῶς
1548 1770 1799 1822 ἀνατιθε-

236 1868 422 1937 μένου.
468 1865 662 1935 Ἡμεῖς
690 1865 744 1916 δὲ
792 1863 870 1930 τῷ
910 1862 1022 1914 ὄντι
1073 1862 1357 1931 χαίρομεν,
1388 1860 1541 1931 ἀνδρὶ
1565 1861 1802 1930 τοσούτῳ

235 1959 327 2010 καὶ
373 1955 679 2024 τηλικούτῳ
719 1953 989 2022 φιλιάζειν
1027 1951 1393 2021 γνωρίσαντες
1416 1966 1429 1980 '
1464 1945 1524 2004 οῦ
1565 1953 1598 2020 ἡ
1634 1950 1802 2020 ἀρετὴ

235 2049 583 2119 διαπρύσιος,
617 2047 708 2098 καὶ
733 2050 758 2099 ό
788 2047 1006 2106 ἔπαινος
1038 2043 1398 2109 δικαιότατος,
1445 2045 1538 2097 καὶ
1563 2044 1624 2096 τὸ
1653 2043 1802 2096 πολί-

234 2154 412 2210 τευμα
451 2138 666 2200 πολλοῖς
699 2137 999 2203 ύπόδειγμα
1024 2137 1137 2197 τοῖς
1169 2134 1447 2188 ἐθέλουσιν
1471 2135 1714 2188 εὐσεϐεῖν
1744 2137 1801 2185 ἐν

235 2233 302 2303 τῇ
353 2229 604 2300 παρούσῃ
656 2229 836 2295 γενεᾷ,
889 2225 963 2288 ὼς
1013 2228 1070 2277 ὲν
1108 2229 1358 2298 περιωπῇ
1409 2227 1566 2297 ὅρους
1595 2227 1805 2297 ἀρετῶν

239 2322 623 2389 προκείμενον.
657 2319 761 2372 Καὶ
790 2316 1125 2387 φερωνύμως
1151 2318 1226 2380 ὡς
1261 2317 1476 2388 ἀληθῶς
1500 2317 1806 2387 ἐξέλαμψας

237 2413 506 2480 φιλόθεος,
561 2413 769 2481 φίλτρῳ
818 2409 954 2461 Θεοῦ
992 2410 1053 2462 τὸ
1109 2412 1400 2480 ἄπραγμον
1434 2415 1528 2464 καὶ
1583 2413 1806 2482 ἡσύχιον

239 2505 630 2574 αἱρηςάμενος,
662 2501 981 2569 ὲπιτηρήσει
1005 2501 1163 2553 θείων
1190 2502 1438 2558 ἐντολῶν.
1469 2502 1562 2555 καὶ
1592 2503 1809 2555 ἐπιτεύο

237 2595 315 2660 εει
345 2593 453 2647 τῶν
481 2593 708 2646 αἰωνίων
751 2591 990 2656 ἀγαθῶν.
1011 2593 1201 2645 Καίτοι
1227 2594 1506 2663 ὑπάρχων,
1532 2594 1629 2645 καὶ
1664 2592 1808 2647 κατὰ

241 2687 389 2739 ἰδέαν
416 2685 562 2749 ἄξιος
586 2683 922 2752 τυραννίδος,
953 2686 1047 2738 καὶ
1070 2684 1210 2737 κατά
1239 2685 1394 2752 γένος
1417 2685 1516 2736 ὑπέ
1527 2685 1808 2754 ρλαμπρος

236 2781 298 2830 τὸ
316 2775 454 2846 αἷμα
476 2794 487 2804 ·
518 2775 630 2830 ἀλλ’
655 2777 682 2827 ὁ
710 2775 848 2837 θεῖος
878 2775 1037 2837 πόθος
1069 2775 1262 2837 σϐέσας
1290 2774 1462 2827 ταῦτα
1491 2777 1685 2836 πάντα,
1715 2778 1808 2829 καὶ

236 2869 366 2920 ούδα
374 2866 503 2935 μινά
522 2865 717 2929 δείξας,
735 2867 831 2918 ὄπε
842 2882 870 2936 ρ
887 2867 980 2918 καὶ
994 2866 1208 2931 ἀληθὲς,
1224 2866 1355 2935 πρὸς
1367 2867 1462 2936 τὴν
1489 2867 1591 2918 ὑπέ
1601 2884 1811 2935 ρφωτον

239 2962 340 3028 τῆς
367 2959 515 3019 θείας
547 2958 879 3027 ὡραιότητος
913 2954 1017 3027 ἦρέ
1050 2974 1140 3009 σου
1172 2958 1294 3020 τοὺς
1318 2957 1416 3026 τῆς
1444 2958 1675 3019 διανοίας
1715 2961 1813 3027 όφ-

243 3047 509 3115 θαλμοὺς,
553 3047 749 3118 αἴγλην
801 3049 916 3099 ἐκεῖ
971 3047 1212 3116 βλέπειν,
1259 3048 1377 3098 ἐκεῖ
1420 3046 1813 3116 φαντάζεσθαι,

242 3165 357 3215 ἐκεῖ
389 3163 734 3231 μετατιθέναι
777 3163 837 3214 τὸ
882 3161 1205 3231 πολίτευμα,
1237 3157 1297 3213 οῦ
1332 3163 1474 3232 χαρὰ
1520 3162 1817 3234 ἀνρκλάλη-

240 3271 352 3318 τος,
378 3253 506 3306 ἔνθα
538 3253 651 3324 ζωὴ
674 3255 945 3324 ἀκήρατος
972 3250 990 3323 [
1013 3252 1135 3306 cod.
1162 3249 1295 3323 Reg.
1328 3254 1657 3326 ἀμήρυτος],
1684 3256 1814 3308 ὅπου

241 3347 276 3414 ἡ
298 3344 564 3416 extanti;
582 3346 681 3414 τῆς
712 3345 982 3415 μακαρίας
1007 3346 1103 3398 καὶ
1124 3347 1353 3416 ἀρχικῆς
1377 3347 1625 3416 Τριάδος.
1657 3347 1817 3399 Ἀλλά

241 3439 453 3503 γένοιτό
488 3454 589 3498 σοι,
622 3431 666 3488 ὦ
696 3436 964 3506 θαυμάσιε
996 3441 1088 3489 καὶ
1116 3438 1413 3505 ἐπιπόθητε
1456 3439 1612 3507 ἡμῖν,
1644 3439 1814 3490 ἐπαύ-

244 3527 398 3597 ξησις
442 3529 644 3599 ἀρετῆς
693 3528 773 3580 ἔτι
812 3529 907 3580 καὶ
958 3527 1056 3592 ἔτι,
1105 3530 1197 3580 καὶ
1248 3529 1572 3598 θησαύρισις
1595 3529 1816 3598 ἀγαθῶν

243 3619 445 3689 ἔργων,
475 3623 553 3682 είς
569 3620 629 3671 τὸ
653 3617 1086 3687 μεγαλεμπόρως
1117 3620 1327 3688 ἁπᾶραί
1359 3637 1416 3672 σε
1444 3621 1551 3672 τῶν
1583 3621 1813 3684 ἐνθένδε,

244 3710 339 3761 ἐπὶ
372 3709 584 3779 μεθέξει
615 3706 722 3759 τῶν
749 3708 947 3759 ἀϊδίων.
990 3709 1064 3760 Σὲ
1098 3707 1299 3778 μὲνοῦν
1323 3713 1421 3780 τῆς
1449 3712 1816 3782 προσηγορίας

245 3800 480 3853 ἐνταῦθα
514 3799 734 3852 κείσθω.
773 3798 990 3869 Ἐπειδὴ
1029 3801 1084 3852 δὲ
1125 3801 1216 3853 καί
1247 3803 1372 3872 περί
1399 3802 1492 3854 τοῦ
1518 3803 1816 3873 πρεσϐυτέ-

247 3910 342 3965 ρου
377 3889 737 3962 ὲπηρὼτησας
770 3885 944 3954 αὖθις,
1006 3891 1286 3957 ὑποδείξας
1311 3894 1371 3944 τὸ
1399 3893 1818 3963 ἀνεξαγόρευτον

245 3983 470 4052 δφλημα
492 3999 505 4012 '
539 3985 716 4034 έκεῖνο
752 3981 1000 4052 λέγομεν,
1029 3983 1108 4035 ὅτι
1141 3983 1169 4034 ὁ
1198 3982 1374 4036 κανὼν
1420 3985 1539 4037 οὐδὲ
1568 3987 1647 4047 εἰς
1666 3985 1817 4052 διγα-

249 4074 479 4144 μοῦντος
511 4074 686 4143 γάμον
711 4072 1134 4141 ὲστιαθῆναι,τὸν
1158 4074 1526 4145 πρεσϐύτερον
1552 4093 1814 4145 παραχω-

248 4171 334 4236 ρεῖ
357 4183 371 4195 '
393 4168 542 4236 πόσῳ
569 4183 632 4235 γε
662 4167 857 4236 μᾶλλον
882 4165 1219 4235 στεφανῶσαι
1238 4166 1327 4218 τὸν
1341 4169 1598 4234 τοιοῦτον;
1630 4168 1689 4220 Ὁ
1709 4169 1817 4239 γὰρ

247 4261 510 4326 στέφανος
540 4258 838 4311 ἐπιτίθεται
866 4259 957 4311 ἐπὶ
993 4257 1072 4329 τῷ
1105 4259 1323 4311 νικῶντι
1378 4261 1475 4329 τὴν
1506 4262 1775 4332 ἀκρασίαν
1797 4305 1810 4325 ,

248 4348 342 4398 καὶ
381 4349 442 4399 τὸ
491 4348 590 4415 τῆς
635 4347 931 4418 παρθενίας
971 4349 1128 4411 κλέος
1169 4351 1596 4421 ἀποσωσαμένῳ.
1655 4355 1712 4406 ’0
1753 4354 1808 4405 δὲ

245 4438 516 4507 ὃιγαμῶν,
550 4439 685 4508 πρὸς
711 4438 788 4508 τῷ
822 4441 896 4510 μὴ
914 4439 1062 4505 ἄξιος
1090 4437 1226 4492 εἶναι
1250 4443 1683 4512 στεφανωθῆναι,
1717 4446 1810 4497 καὶ

247 4531 544 4599 ἐπιτιμίοις
594 4531 958 4600 ὑποϐέϐληται
1009 4532 1325 4595 κανονικῶς.
1355 4534 1501 4595 οιίῶς
1565 4535 1657 4586 οὖν
1708 4537 1809 4587 οὐκ

247 4619 418 4672 ἔδεισε
464 4623 806 4689 στεφανῶσαι
835 4623 957 4684 τοὺς
991 4623 1093 4674 ὑπὸ
1124 4623 1354 4686 κανόνας
1388 4625 1676 4693 κειμένους
1710 4629 1810 4694 τῆς

245 4710 542 4780 διγαμίας;
581 4713 901 4784 ΙΙαρ”ήμῶν
951 4715 1150 4780 τοίνυν,
1201 4715 1493 4781 σύγγνωθι,
1530 4718 1614 4768 ἵνα
1649 4720 1811 4787 μηδὲν

245 4797 315 4870 ἦν
359 4803 486 4855 ἄλλο
533 4805 784 4873 αἰτίαμα,
822 4805 919 4857 οὐκ
953 4807 1341 4876 ἐπιτέτραπται
1376 4807 1435 4859 τὸ
1483 4809 1705 4860 καθόλου
1737 4811 1810 4860 ἱε-

252 4898 505 4973 ρουργεῖν
527 4912 539 4924 ·
575 4897 674 4948 οὐκ
700 4892 795 4948 οἷδ’
828 4898 907 4949 ὅτι
938 4901 986 4949 εἰ
1019 4900 1092 4968 μή
1137 4917 1186 4950 τι
1217 4898 1337 4950 κατ’
1359 4898 1683 4967 οἰκονομίαν,
1717 4916 1811 4967 με-

249 4991 523 5043 ταδιδόναι
565 4990 691 5057 ὑμῖν
736 4987 840 5039 τῶν
869 4990 1243 5058 ἀγιασμάτων,
1281 4989 1428 5058 παρά
1472 4990 1812 5058 σεσωσμένον)

251 5099 354 5150 πρε
367 5081 624 5151 εϐυτέρου
651 5082 1062 5148 τετελεσμένων.
1090 5083 1220 5150 Περὶ
1241 5083 1332 5133 τοῦ
1352 5083 1717 5148 ἀναγνώστου,
1735 5084 1813 5132 ὅτι

253 5173 591 5241 ἐπέστρεφεν
618 5174 1039 5242 ἐπιτιμιασθεις,
1067 5174 1271 5225 δίκαιόν
1315 5178 1463 5225 ἐστιν
1490 5174 1594 5234 ἕως
1623 5173 1813 5242 καιροῦ

256 5267 476 5316 συνόδου
514 5270 587 5333 μὴ
626 5266 1073 5330 αποστολίζεσθαι
1098 5268 1288 5318 αὐτόν’
1323 5268 1349 5318 ὁ
1389 5267 1484 5334 μὲν
1515 5266 1622 5335 γὰρ
1682 5282 1817 5332 πρε-

256 5356 515 5422 σϐύτερος
548 5356 792 5423 εἴργεται
840 5357 937 5423 τῆς
973 5356 1313 5425 λειτουργίας
1345 5355 1760 5422 ὲπιτιμιασθεις,
1794 5358 1822 5406 ὁ

253 5446 310 5498 δὲ
362 5445 610 5507 διάκονος
660 5448 755 5514 τῆς
807 5447 1100 5509 διακονίας,
1143 5449 1232 5497 καὶ
1279 5448 1304 5497 ὁ
1339 5445 1691 5515 ἀναγνώστης
1724 5448 1820 5514 τῆς

1973 946 2227 1016 Magnum
2261 947 2474 1000 lucrum
2504 954 2656 1014 putat
2685 943 3099 998 honoriﬁcentia
3145 949 3262 1007 tua,
3291 952 3348 996 ut
3377 945 3472 1007 ait,

1903 1055 2025 1094 cum
2055 1040 2262 1093 litteras
2293 1049 2511 1092 nostras
2542 1038 2771 1105 accepit,
2800 1037 3071 1104 simulque
3098 1051 3221 1090 cum
3248 1036 3417 1105 ipsius
3447 1055 3475 1088 a

1904 1131 2064 1184 nobis
2106 1130 2164 1183 ﬁt
2200 1130 2423 1184 mentio.
2481 1127 2596 1182 Hoc
2658 1142 2786 1182 vero
2845 1128 3040 1181 divina:
3098 1129 3297 1182 mentis
3351 1137 3475 1192 tuae,

1906 1237 2103 1292 magna
2135 1222 2442 1274 humilitate
2471 1221 2711 1290 praedita:
2748 1220 3055 1273 encomium
3087 1228 3201 1282 est,
3237 1235 3342 1272 non
3377 1236 3478 1273 no-

1908 1323 2106 1378 strum,
2138 1314 2231 1383 qui
2253 1313 2471 1382 ahjecti,
2497 1322 2551 1365 et
2579 1312 2783 1365 nullius
2813 1312 2970 1380 pretii
2990 1310 3237 1366 homines
3263 1327 3472 1366 sumus.

1908 1411 2164 1461 Attamen
2191 1406 2346 1475 juxta
2397 1403 2652 1458 ﬁduciam
2702 1412 2850 1456 tuam
2901 1403 3210 1457 mercedem
3245 1404 3476 1472 accipies

1911 1516 1941 1553 a
1971 1500 2121 1570 justo
2153 1497 2362 1568 judicio
2391 1497 2520 1551 boni
2549 1495 2642 1549 Dei
2669 1495 2864 1560 nostri,
2912 1495 3004 1563 qui
3045 1495 3476 1564 uniuscujusque

1908 1591 2070 1645 ﬁdem
2109 1576 2425 1644 ‘cmlestibus
2457 1587 2693 1657 praemiis
2754 1596 3169 1650 remuneratur,
3220 1594 3274 1640 et
3334 1585 3474 1656 quod

1907 1683 2155 1753 proximo
2188 1683 2387 1735 factum
2418 1689 2521 1745 est,
2556 1688 2616 1733 ut
2651 1679 2752 1732 sibi
2791 1678 2891 1748 ipsi
2924 1677 3176 1732 Christus
3224 1679 3475 1749 imputat.

1907 1775 2019 1830 Nos
2043 1789 2170 1828 vero
2190 1773 2490 1844 gaudemus
2520 1772 2700 1839 reipsa
2725 1787 2846 1825 cum
2874 1772 3048 1840 palam
3078 1772 3307 1825 iacimus
3339 1772 3477 1825 ami-

1909 1883 2003 1923 cos
2039 1882 2140 1922 nos
2170 1881 2291 1921 esse
2325 1865 2456 1920 tanti
2487 1880 2551 1920 ac
2586 1865 2706 1920 talis
2756 1865 2856 1918 viri
2878 1902 2893 1927 ,
2924 1864 3080 1928 cujus
3134 1865 3308 1917 virtus
3335 1864 3479 1919 cele-

1909 1960 2166 2025 berrima,
2191 1959 2417 2028 lausque
2442 1957 2771 2026 justissima,
2803 1964 2857 2011 et
2887 1954 3102 2011 vivendi
3131 1958 3271 2011 ratio
3294 1957 3480 2011 multis

1909 2054 1995 2124 pie
2045 2054 2098 2106 in
2132 2055 2234 2106 boc
2257 2051 2455 2105 saeculo
2479 2050 2658 2104 vivere
2689 2049 3019 2112 volentibus,
3043 2049 3347 2119 exemplum
3375 2061 3476 2113 cst,

1914 2157 2171 2215 tanquam
2205 2146 2257 2196 in
2285 2157 2501 2197 summo
2528 2142 2727 2196 montis
2751 2141 3011 2195 virtutum
3044 2141 3246 2195 vertice
3280 2156 3480 2210 propo-

1912 2237 2098 2290 situm.
2130 2235 2207 2287 Ac
2232 2241 2324 2286 tuo
2341 2241 2487 2286 certe
2519 2231 2724 2286 nomini
2753 2239 3115 2301 congruenter
3137 2228 3478 2285 Philotheum

1914 2337 1967 2381 te
2004 2324 2329 2389 exhibuisti,
2379 2321 2472 2376 Dei
2506 2337 2689 2378 amore
2727 2323 2893 2375 vitam
2940 2321 3287 2391 tranquillam
3337 2329 3392 2376 et
3451 2338 3479 2375 a

1913 2417 2145 2489 negotiis
2168 2425 2430 2471 remotam
2462 2416 2686 2486 eligens,
2711 2415 2966 2469 utdivina
2997 2431 3181 2470 serves
3207 2415 3479 2475 mandata,

1913 2522 1967 2566 et
1996 2519 2197 2565 aeterna
2237 2511 2379 2563 bona
2426 2509 2799 2577 consequaris.
2835 2506 2902 2559 Et
2930 2523 3056 2561 vero
3083 2523 3206 2561 cum
3234 2508 3308 2561 sis
3329 2515 3381 2561 et
3413 2507 3482 2560 oh

1915 2599 2145 2654 formam
2182 2599 2380 2668 dignus
2410 2597 2637 2665 imperio
2668 2637 2682 2660 ,
2745 2604 2835 2659 et,
2892 2596 2938 2649 si
2978 2609 3150 2664 genus
3180 2603 3478 2662 spectetur.

1915 2690 2181 2761 sanguine
2223 2689 2516 2758 perillustri
2547 2707 2561 2743 :
2591 2687 2810 2741 divinus
2858 2695 3037 2741 tamen
3088 2702 3240 2740 amor
3279 2688 3484 2740 exstin-

1916 2796 2087 2852 guens
2119 2781 2230 2833 haec
2259 2777 2704 2841 omnia,etnihili
2735 2792 2858 2831 esse
2883 2777 3108 2842 docens,
3127 2778 3266 2831 sicut
3293 2793 3480 2832 verum

1915 2885 2019 2935 est,
2055 2884 2108 2928 et
2152 2873 2348 2926 divinae
2376 2869 2800 2940 pulchritudinis
2850 2870 3190 2938 splendorem
3218 2872 3365 2924 omni
3400 2871 3483 2924 lu-

1920 2970 2064 3022 mine
2093 2968 2429 3037 superiorem
2458 2964 2646 3018 oculos
2672 2974 2774 3018 tua:
2798 2961 2995 3018 mentis
3033 2965 3207 3017 erexit
3230 2982 3244 3028 ;
3271 2974 3329 3018 ut
3359 2965 3483 3017 illuc

1917 3073 2153 3130 spectes,
2199 3059 2332 3113 illuc
2360 3057 2899 3127 contemplationem,
2948 3056 3076 3110 illuc
3113 3058 3484 3111 conversatio-

1917 3167 2040 3207 nem
2076 3161 2224 3204 tuam
2259 3149 2554 3203 transferas
2642 3149 2734 3202 ubi
2770 3149 3024 3218 gaudium
3063 3157 3146 3202 est
3193 3148 3482 3208 ineﬂahile,

1917 3242 2012 3295 ubi
2045 3242 2153 3295 vita
2185 3240 2532 3306 immortalis,
2563 3240 2654 3293 ubi
2684 3240 2993 3295 coruscatio
3015 3242 3182 3295 beatae
3209 3251 3264 3295 et
3297 3256 3486 3310 supre-

1918 3348 2020 3386 ma:
2048 3330 2351 3386 Trinitatis.
2411 3330 2517 3384 Sed
2558 3331 2836 3399 contingat
2865 3330 3004 3392 tibi,
3045 3331 3125 3382 vir
3167 3329 3483 3384 admirande

1918 3427 2186 3496 nobisque
2217 3424 2590 3488 desiderande,
2624 3425 2800 3492 majus
2844 3425 3131 3495 majusque
3151 3426 3368 3480 virtutis
3400 3427 3485 3478 in-

1918 3529 2274 3578 crementum,
2301 3525 2354 3571 et
2378 3517 2649 3570 bonorum
2677 3533 2901 3586 operum
2926 3519 3240 3588 congeries:
3279 3527 3336 3571 ut
3371 3533 3487 3570 ma-

1919 3612 2009 3681 gni
2049 3611 2371 3665 mercatoris
2404 3609 2575 3663 instar
2607 3610 2734 3664 hinc
2767 3611 2946 3666 solvas
2991 3612 3055 3665 ad
3109 3610 3483 3679 participatio-

1918 3718 2038 3756 nem
2059 3712 2408 3756 aeternorum.
2426 3701 2578 3767 Quod
2603 3703 2764 3771 igitur
2787 3702 2850 3755 ad
2879 3711 3030 3755 tuum
3051 3717 3246 3755 nomen
3269 3703 3484 3764 attinet,

1918 3794 2006 3847 hic
2036 3794 2162 3848 ﬁnis
2211 3803 2350 3848 esto.
2387 3792 2525 3858 Quia
2573 3808 2703 3846 vero
2729 3793 2795 3846 de
2819 3792 3135 3862 presbytero
3161 3792 3324 3845 etiam
3366 3807 3487 3845 rur-

1918 3900 2011 3938 sus
2057 3884 2421 3952 interrogasti,
2455 3898 2669 3952 poenam
2705 3885 2928 3938 minime
2960 3899 3272 3952 expressam
3313 3884 3487 3952 signi-

1919 3970 2124 4041 ﬁcaus;
2185 3975 2316 4028 illud
2349 3975 2502 4038 dico,
2535 3989 2796 4029 canonem
2835 3990 2904 4030 ne
2941 3976 3238 4030 concedere
3264 3977 3482 4044 quidem

1918 4066 2236 4136 presbytero
2257 4078 2316 4120 ut
2337 4065 2606 4135 indigenti
2647 4067 2848 4136 nuptiis
2889 4069 3236 4131 eonvivetur;
3279 4078 3485 4137 quanto

1919 4157 2100 4210 minus
2135 4166 2192 4210 ιιι
2224 4159 2370 4210 illum
2408 4168 2630 4213 coronet
2654 4160 2746 4227 qui
2776 4158 2899 4212 talis
2931 4159 3053 4213 est?
3089 4158 3302 4212 Corona
3336 4159 3482 4212 enim

1849 4257 1890 4308 D
1919 4251 1966 4303 ei
2000 4252 2316 4320 imponitur,
2349 4252 2442 4320 qui
2474 4253 2602 4306 vicit
2639 4253 3128 4321 intemperantiam,
3165 4263 3218 4306 et
3263 4252 3484 4322 virgini-

1919 4343 2046 4396 tatis
2092 4343 2258 4397 decus
2307 4344 2666 4398 conservavit.
2725 4343 2830 4409 Qui
2881 4359 3011 4398 vero
3073 4345 3339 4398 secundas
3382 4361 3483 4397 nu-

1919 4437 2058 4504 ptias
2088 4436 2205 4500 iuit,
2239 4446 2594 4504 przetcrquam
2623 4437 2764 4503 quod
2791 4437 2987 4504 dignus
3009 4452 3116 4491 non
3147 4445 3236 4492 est
3259 4438 3351 4505 qui
3391 4453 3486 4491 eo—

1923 4535 2163 4588 ronetur,
2198 4541 2468 4580 canonum
2501 4525 2662 4580 etiam
2692 4528 2865 4594 pmttis
2896 4537 2979 4582 est
3035 4529 3323 4583 obnoxius.
3363 4529 3483 4594 Quo

1918 4623 2085 4688 igitur
2110 4631 2264 4690 pacto
2296 4637 2557 4675 coronare
2579 4638 2746 4676 ausus
2770 4632 2852 4676 est
2878 4637 3002 4682 eos,
3037 4624 3129 4691 qui
3169 4638 3231 4676 ex
3259 4625 3483 4677 canoni-

1922 4715 2023 4767 bus
2107 4713 2174 4768 de
2239 4714 2472 4783 digamia
2531 4716 2793 4769 multandi
2855 4715 3022 4769 sunt?
3095 4715 3480 4781 Quamobrem,

1923 4805 2162 4874 ignosce,
2193 4813 2251 4858 ut
2271 4807 2476 4859 crimen
2503 4807 2646 4860 aliud
2707 4808 2912 4861 nullum
2955 4817 3119 4873 esset,
3174 4809 3484 4864 nullatenus

1925 4897 2232 4951 sacriﬁcare
2261 4900 2584 4966 permissum
2610 4913 2726 4963 est;
2769 4899 2909 4953 haud
2942 4901 3056 4954 seio
3089 4916 3155 4954 an
3177 4916 3272 4970 per
3302 4901 3484 4956 indul—

1925 4989 2158 5057 gentiam
2196 4989 2512 5057 dispensare
2554 4991 2698 5044 circa
2734 5001 3091 5057 sacramenta,
3124 5010 3244 5060 qua:
3290 4993 3358 5047 ab
3404 4996 3487 5047 in-

1928 5082 2087 5134 noxio
2112 5081 2428 5150 presbytero
2457 5080 2658 5134 fuerint
2677 5092 3013 5138 consecrata.
3043 5084 3115 5138 De
3146 5086 3365 5148 lectore,
3393 5090 3484 5154 qui

1926 5188 2081 5240 poena
2145 5184 2395 5240 suscepta
2453 5187 2703 5227 reversus
2753 5185 2867 5237 est,
2906 5192 3122 5244 aequum
3161 5187 3243 5233 est
3275 5187 3332 5231 ut
3363 5191 3488 5232 ante

1925 5263 2113 5331 synodi
2157 5274 2370 5332 tempus
2400 5264 2720 5332 Apostolum
2758 5281 2861 5318 non
2889 5267 3051 5334 legat.
3086 5267 3222 5322 Nam
3257 5279 3311 5324 et
3362 5287 3486 5339 prc-

1924 5355 2105 5423 sbyter
2135 5355 2412 5409 inhibetur
2437 5373 2467 5409 a
2500 5358 2791 5421 sacriﬁcio,
2827 5369 2881 5412 et
2903 5360 3215 5416 diaconusa
3244 5365 3487 5418 ministe-

1927 5449 2030 5511 rio,
2063 5458 2115 5502 et
2141 5448 2309 5504 lector
2334 5464 2364 5502 a
2395 5448 2646 5504 lectione.
2690 5448 2797 5505 Nos
2831 5453 2900 5505 ita
2931 5454 3197 5510 sentimus
3225 5465 3277 5510 et
3309 5459 3487 5511 sanci-

1760 5663 1990 5720 NOT/E.

331 5846 444 5915 (85)
485 5847 536 5900 In
567 5849 686 5902 Ctul.
725 5848 850 5914 Reg.
895 5848 1023 5916 ριδ.
