3966 6466
493 321 632 383 1583

1679 317 1741 376 S.
1772 315 2167 376 THEODORI
2203 305 2553 377 STUDlTAi

3605 311 3745 378 1584

490 448 634 488 mus.
680 432 837 486 Sicut
870 441 1049 486 autem
1077 429 1262 500 pietati
1297 429 1402 482 tua:
1435 429 1609 483 visum
1645 426 1832 494 luerit,
1866 431 1944 484 sic
1988 428 2068 483 fa-

2191 429 2552 498 ιναγνώσεως.
2593 428 2779 498 Ἡμεῖς
2795 427 2964 491 οὕτως
2989 429 3293 499 φρονοῦμεν
3325 430 3420 483 καὶ
3439 447 3746 502 τυπουμεν.

489 527 617 580 ciat.

859 658 1062 715 CXCII.
1093 689 1162 700 —
1187 658 1357 714 [reme
1385 659 1656 714 Pulricim.

2181 521 2271 586 Ὠς
2297 522 2354 575 δὲ
2386 522 2420 591 ἡ
2450 520 2701 574 εὐσέϐεια
2739 519 2892 590 ὑμῶν
2920 520 3152 590 νομίζει,
3190 523 3434 580 ποιείτω.

2313 652 2453 719 ΡιιΒι
2496 651 2628 721 (86).
2669 681 2739 691 -
2772 651 2995 720 Εἰρήνῃ
3035 659 3330 720 πατρικιᾳ.
3376 650 3569 724 [ducat]

1301 795 1374 844 De
1408 793 1709 844 monasterio
1731 795 2023 844 feminarum
2044 795 2101 843 ad
2135 792 2268 842 viros
2290 806 2387 841 nou
2409 791 2770 840 transferendo.

564 898 725 953 Bonae
749 898 958 955 ﬁducia:
987 911 1093 956 ture
1123 913 1502 972 argumentum
1529 917 1630 972 est,
1667 908 1812 977 quod
1844 924 1940 962 nos
1969 909 2072 961 hu-

495 993 652 1047 miles
678 992 1023 1058 salutaveris,
1062 994 1285 1050 Domina
1317 999 1448 1052 mihi
1482 1000 1922 1066 honoratissima,
1977 1017 2074 1072 per

494 1085 751 1138 dilectum
806 1083 1028 1139 fratrem
1082 1097 1331 1142 nostrum
1369 1090 1652 1144 dominum
1695 1091 1915 1146 Petrum
1950 1109 2076 1162 pro-

2243 905 2358 975 Τῆς
2400 904 2612 974 ἀγαθῆς
2658 921 2748 956 σου
2803 903 3183 972 πεποιθήσεως
3213 901 3570 970 σύμϐολον’τδ
3598 905 3747 971 ἡμᾶς

2171 999 2298 1061 τοὺς
2346 997 2632 1058 ταπεινοὺς
2696 995 3161 1065 προσαγορεῦσαι,
3215 993 3385 1063 κυρία
3435 999 3745 1063 τιμιωτάτη

2173 1106 2286 1160 μοι,
2317 1087 2405 1141 διὰ
2433 1086 2527 1140 τοῦ
2557 1086 2917 1156 ἠγαπημένον
2955 1083 3113 1154 ἡμῶν
3143 1083 3378 1152 ἀδελφοῦ
3407 1084 3616 1152 Κυρίου
3645 1085 3747 1136 Πέ-

496 1172 760 1242 pinquum
791 1181 941 1228 tuum
981 1193 994 1228 :
1037 1191 1130 1242 per
1168 1194 1329 1247 quem
1383 1188 1436 1232 et
1477 1196 1577 1235 nos
1628 1183 1870 1236 vicissim
1905 1199 2070 1253 quam

2191 1198 2301 1252 :pou
2339 1178 2435 1232 καὶ
2470 1175 2768 1246 συγγενοῦς
2793 1194 2888 1230 σου
2910 1193 2924 1207 ·
2945 1176 3012 1228 δι’
3042 1168 3103 1228 οὗ
3131 1176 3225 1228 καὶ
3256 1176 3416 1244 ἡμεῖς
3446 1176 3748 1242 ἀντιπροσ-

495 1263 757 1318 debemus
779 1266 1171 1321 salutationem
1195 1269 1492 1335 reddimus,
1516 1272 1798 1327 laudantes
1813 1273 2069 1342 pietatem

2191 1269 2519 1343 ιγορεύομεν
2547 1269 2934 1338 ὀφειλομένως,
2971 1266 3318 1328 ἐπαινοῦντές
3353 1283 3448 1318 σου
3496 1266 3558 1318 τὸ
3589 1267 3751 1317 εὐσε-

498 1363 670 1419 tuam,
687 1365 1002 1426 rectamque
1028 1358 1080 1411 in
1107 1359 1263 1414 bonis
1288 1363 1715 1418 azmulationem.
1744 1363 1857 1419 Hoc
1873 1368 2073 1435 quippe

2191 1364 2289 1427 Ξές,
2321 1368 2416 1416 καὶ
2452 1361 2755 1433 εύξήλωτον
2789 1362 2846 1412 ἐν
2876 1360 3125 1427 ἀγαθοῖς.
3160 1360 3282 1412 Ὅτι
3334 1358 3495 1412 τοῦτο
3526 1360 3622 1411 καὶ
3656 1357 3748 1426 ἀφ’

494 1455 548 1500 et
580 1447 682 1516 ipsi
713 1462 811 1517 per
832 1463 932 1503 nos
954 1450 1182 1515 scimus,
1201 1461 1298 1505 eta
1329 1452 1496 1508 fratre
1518 1471 1757 1526 persaepe
1783 1457 2072 1522 discimus,

2191 1455 2388 1510 ἑαυτῶν
2419 1453 2596 1525 ἴσμεν,
2631 1455 2725 1506 καὶ
2756 1453 2905 1522 παρά
2929 1451 3023 1504 τοῦ
3057 1450 3286 1519 ἀδελφοῦ
3316 1450 3578 1512 πολλάκις
3613 1448 3753 1502 διδα-

494 1537 752 1606 quodque
783 1539 851 1590 ob
883 1537 974 1592 Dei
1006 1553 1272 1606 amorem,
1321 1543 1498 1610 ipsum
1552 1545 1716 1598 etiam
1755 1545 1808 1599 in
1865 1547 2072 1600 honore

2191 1549 2451 1618 τκόμεθα·
2488 1548 2581 1600 καί
2605 1564 2665 1613 γε
2688 1547 2762 1611 ὡς
2788 1545 2876 1598 διὰ
2907 1543 3041 1597 Θεοῦ
3066 1544 3309 1612 ἀγάπην,
3336 1543 3431 1595 καὶ
3467 1542 3634 1595 αὐτὸν
3664 1541 3752 1594 διὰ

496 1626 686 1691 habes,
726 1628 869 1683 sicut
906 1628 1094 1684 virtuti
1126 1640 1232 1685 tua:
1254 1673 1269 1697 ,
1307 1641 1361 1686 et
1391 1633 1488 1687 viri
1521 1636 1765 1689 moribus
1797 1638 2072 1691 convenit.

2191 1613 2343 1710 τιμῆς
2374 1638 2549 1706 ἄγοις,
2575 1636 2740 1701 ἀξίως
2781 1636 2880 1705 τῆς
2919 1633 3145 1702 ἐνούσης
3177 1649 3259 1684 σοι
3283 1631 3503 1702 ἀρετῆς,
3529 1631 3628 1684 καὶ
3654 1631 3751 1698 τῆς

498 1716 768 1784 Quoniam
803 1729 985 1776 autem
1014 1733 1329 1790 percontata
1356 1740 1415 1781 es
1444 1727 1511 1781 de
1538 1729 1897 1795 monasterio,
1927 1730 2075 1798 quod

2191 1729 2271 1783 τοῦ
2311 1729 2510 1800 ἀνδρὸς
2545 1727 2840 1790 πολιτείας.
2861 1725 3076 1795 Ἐπειδὴ
3099 1724 3153 1776 δὲ
3179 1722 3468 1793 ἠρώτησας
3502 1739 3568 1774 πε
3579 1721 3633 1792 ρὶ
3659 1719 3752 1773 τοῦ

500 1809 710 1868 Leones
744 1823 961 1880 vocant,
994 1823 1174 1870 utrum
1231 1819 1518 1874 conveniat
1549 1821 1683 1875 Viris
1737 1821 1869 1876 illud
1925 1824 2078 1877 attri-

499 1902 707 1966 buere.
754 1906 897 1960 sicut
925 1916 1008 1960 est
1034 1909 1327 1962 consilium
1374 1919 1526 1964 tuum
1563 1912 1616 1966 in
1652 1913 1771 1982 ejus
1802 1913 2077 1969 instaura-

501 1995 672 2056 tione.
701 2013 827 2052 cum
861 2006 1021 2053 antea
1059 2001 1322 2056 muliebre
1361 2006 1750 2060 monasterium
1784 2007 2076 2073 diceretur,

499 2096 552 2143 et
589 2089 766 2159 reipsa
796 2099 940 2146 esset
973 2108 986 2144 :
1021 2091 1126 2147 hoc
1157 2093 1418 2149 habemus
1442 2097 1588 2165 quod
1619 2098 2077 2166 respondeamus,

501 2180 649 2250 quod
676 2198 888 2253 nempe,
913 2184 959 2237 si
991 2202 1018 2238 a
1045 2192 1097 2239 te
1123 2200 1267 2239 nunc
1300 2187 1538 2256 primum
1563 2200 1916 2244 consecratus
1937 2201 2082 2246 esset

501 2273 678 2340 locus,
710 2275 981 2346 integrum
1009 2276 1151 2332 foret
1184 2276 1368 2334 facere
1392 2279 1539 2348 quod
1586 2281 1775 2336 velles.
1804 2282 1911 2336 Sed
1949 2283 2078 2351 quia

502 2380 854 2424 consecratus
884 2378 1046 2424 antea
1084 2369 1186 2424 fuit
1232 2387 1326 2441 per
1365 2371 1538 2426 beatae
1572 2375 1850 2430 memoria:
1885 2374 2081 2430 defun—

504 2466 647 2510 ctam
680 2457 849 2512 ﬁliam
888 2467 1036 2513 tuam
1069 2460 1182 2516 illic
1216 2462 1628 2530 praesidentem,
1663 2480 1783 2534 qua:
1813 2474 1865 2520 et
1894 2467 2080 2521 multis

503 2549 662 2602 annis
686 2551 1078 2605 monasterium
1110 2553 1250 2605 rexit
1287 2567 1413 2607 cum
1455 2554 1732 2624 virginum
1769 2567 1944 2625 coetu;
1979 2559 2080 2614 etsi

505 2642 789 2710 superiore
817 2642 960 2697 bello
993 2645 1137 2698 civili
1161 2643 1301 2700 facta
1356 2655 1440 2701 est
1496 2661 1750 2703 sororum
1799 2649 1944 2705 illius
1976 2650 2082 2705 loci

507 2735 829 2800 translatio,
861 2745 1025 2806 atque
1077 2737 1249 2808 ipsius
1289 2741 1616 2808 prepositae,
1671 2756 1794 2810 quae
1819 2742 1893 2795 ibi
1926 2744 2084 2811 quie-

505 2826 695 2880 scebat
724 2827 778 2880 in
797 2829 969 2883 sacris
1001 2829 1219 2895 loculis,
1245 2819 1371 2884 eum
1402 2831 1524 2886 aliis
1550 2848 1672 2900 quae
1695 2845 2084 2902 przecesserant

2181 1820 2541 1890 μοναστηρίου
2573 1817 2666 1871 τοῦ
2712 1815 3102 1884 ἐπιλεγομένου
3151 1813 3278 1874 τοὺς
3309 1810 3571 1871 Λέοντας,
3600 1809 3676 1870 ὡς
3705 1809 3754 1860 εἱ

2177 1911 2289 1964 δέοι
2321 1911 2564 1979 ἀνδρεῖον
2608 1907 2740 1961 αὐτὸ
2766 1903 3215 1976 καταστήσασθαι
3236 1918 3248 1930 ’
3277 1901 3450 1964 οῦτως
3482 1900 3752 1969 αἱρέσεως

2179 2002 2376 2073 ἔχουσα
2406 2003 2462 2054 ἐν
2495 2000 2572 2070 τῷ
2601 1994 3109 2068 μετασχηματισμῷ
3137 1993 3229 2047 τοῦ
3261 1995 3388 2063 πρὶν
3426 1989 3754 2060 γυναικείαν

2183 2093 2351 2162 μονὴν
2374 2090 2772 2160 ὀνομαζομένου
2802 2092 2894 2142 καὶ
2924 2086 3360 2157 χρηματίσαντος
3389 2103 3401 2115 ·
3434 2083 3597 2136 τοῦτο
3620 2085 3757 2136 ἀπο-

2181 2181 2461 2254 κρίνεσθαι
2490 2180 2709 2250 ἔχομεν’
2739 2181 2820 2232 ὅτι
2850 2182 2896 2232 εἰ
2923 2181 3020 2249 μὲν
3044 2177 3238 2238 νεωστὶ
3268 2171 3471 2248 ἦρκται
3503 2193 3588 2228 σοι
3619 2175 3758 2227 καθ-

2183 2274 2365 2344 ιεροῦν
2405 2273 2495 2325 τδν
2537 2273 2721 2335 τόπον,
2769 2271 2886 2336 ἐξὸν
2938 2271 3077 2340 ὅπερ
3121 2271 3252 2340 αἱρῇ
3315 2266 3754 2337 διαπράξασθαι.

2193 2365 2411 2435 Ἐπειδὴ
2437 2365 2492 2418 δέ
2529 2362 2968 2434 προκαθιέρωται
3001 2362 3089 2415 διά
3111 2363 3209 2431 τῆς
3235 2362 3292 2414 ἐν
3326 2360 3576 2430 μακαρίᾳ
3615 2359 3756 2428 μνή-

2186 2473 2262 2529 μῃ
2295 2456 2642 2524 τελεσθείσης
2670 2471 2762 2508 σου
2794 2454 3064 2525 θυγατρὸς
3095 2457 3271 2506 ἐκεῖσε
3302 2452 3756 2520 καθηγουμένης,

2183 2551 2274 2600 καὶ
2304 2548 2463 2600 τοῦτο
2490 2549 2580 2600 ἐπὶ
2610 2551 2824 2618 χρόνοις
2865 2548 3069 2607 ἱκανοῖς
3112 2544 3581 2613 διακρατησάσης,
3618 2542 3761 2611 μετὰ

2183 2641 2277 2693 καὶ
2305 2639 2548 2701 συνοδίας
2584 2638 2966 2708 παρθενικῆς·
2996 2638 3046 2688 εί
3078 2637 3170 2688 καὶ
3211 2637 3291 2687 ὅτι
3330 2633 3621 2704 μετάθεσις
3661 2633 3758 2701 γέ-

2183 2750 2339 2802 γονεν
2387 2735 2450 2784 ἐκ
2483 2731 2576 2784 τοῦ
2618 2731 2981 2800 προλαϐόντος
3029 2726 3293 2797 ἐμφυλίου
3350 2725 3614 2806 πολέμου,
3654 2727 3759 2794 τῆς

2185 2824 2542 2894 ἀδελφότητος
2586 2823 2695 2876 τῶν
2736 2824 2934 2886 ἐκεῖσε,
2991 2821 3160 2890 αὐτῆς
3199 2836 3257 2872 τε
3308 2819 3403 2889 τῆς
3441 2821 3762 2890 ἡγουμένης

507 2914 754 2984 ejusdem
795 2917 1006 2973 ordinis
1046 2920 1370 2988 animabus;
1408 2921 1489 2976 fas
1526 2939 1634 2976 non
1665 2933 1768 2988 est,
1794 2925 2083 2995 utopinor,

2191 2916 2346 2987 δεῦρο
2375 2915 2778 2985 κατακειμένης
2805 2916 2862 2966 ἐν
2900 2914 3096 2983 θήκαις
3122 2913 3298 2976 ὁσίαις
3332 2911 3470 2982 μετά
3491 2913 3590 2965 καὶ
3625 2929 3762 2983 προς

509 3005 760 3072 Domina,
789 3010 1147 3066 mutationem
1179 3027 1209 3066 a
1237 3021 1289 3067 te
1315 3013 1453 3077 fleri,
1473 3023 1565 3069 aut
1595 3030 1760 3084 porro
1795 3016 1938 3071 illius
1964 3034 2085 3088 qua:

509 3100 809 3167 prazcessit,
843 3116 1062 3157 sorores
1102 3102 1351 3173 ﬁliasque
1385 3105 1677 3172 dimittere,
1718 3123 1841 3176 quae
1871 3109 1942 3162 ibi
1981 3111 2089 3164 Deo

511 3190 719 3245 servire
745 3191 977 3256 malunt,
1011 3193 1102 3247 ubi
1133 3196 1344 3262 sepulta
1373 3206 1458 3251 est
1504 3199 1810 3267 praeposita.
1853 3201 2088 3271 Aposto-

511 3282 652 3337 licus
683 3298 866 3338 sermo
887 3273 972 3340 est
1004 3301 1018 3339 :
1062 3286 1428 3359 Unusquisque
1455 3290 1507 3344 in
1530 3307 1632 3359 quo
1657 3301 1869 3345 vocatus
1902 3304 1998 3359 est,
2033 3295 2090 3348 in

514 3370 612 3425 hoc
645 3383 853 3428 maneat
886 3374 950 3428 “.
1015 3373 1407 3432 Monasterium
1468 3381 1730 3435 muliebre
1761 3381 2089 3450 appellatum

516 3472 602 3518 est
635 3483 650 3519 :
688 3479 808 3534 qua?
839 3480 1007 3522 causa
1035 3467 1432 3526 immutationis
1459 3511 1474 3536 ,
1527 3479 1587 3525 ut
1619 3472 1858 3526 virorum
1891 3487 2091 3528 nomen

517 3557 709 3626 gerat?
738 3560 1042 3629 praesertim
1065 3575 1190 3615 cum
1215 3561 1315 3615 viri
1339 3578 1449 3618 non
1485 3563 1823 3633 appareant?
1849 3579 1969 3634 quae
1991 3578 2092 3617 au-

517 3658 626 3703 tem
665 3651 906 3719 expulsa:
937 3661 1104 3718 sunt,
1162 3667 1270 3707 non
1309 3652 1490 3707 ierant
1523 3668 1582 3707 se
1641 3666 1748 3707 non
1780 3653 1853 3706 ibi
1889 3654 2091 3708 vivere.

517 3737 673 3803 Quod
716 3739 762 3793 si
797 3754 940 3809 saepe
970 3741 1202 3796 mutatio
1236 3741 1378 3797 facta
1403 3752 1486 3798 est
1516 3744 1571 3797 in
1605 3741 1934 3813 quibusdam
1978 3759 2095 3797 mo-

518 3827 776 3882 nasteriis
797 3867 813 3894 ,
847 3838 943 3883 aut
973 3835 1283 3900 persecutio
1334 3849 1500 3888 causa
1534 3832 1658 3899 fuit,
1691 3844 1787 3887 aut
1815 3832 2094 3903 subreptio

519 3919 724 3989 injusta
751 3961 766 3984 ,
817 3930 916 3975 aut
963 3926 1206 3991 potentia
1243 3939 1351 3978 non
1393 3924 1659 3993 legitima.
1711 3923 1923 3991 Quibus
1965 3939 2096 3980 vero

519 4019 667 4066 recta
699 4024 782 4085 est
812 4014 965 4079 ﬁdes,
1002 4023 1059 4070 et,
1110 4015 1221 4070 vita
1275 4015 1399 4070 ﬁdei
1453 4031 1561 4072 non
1613 4032 1956 4088 repugnans,
2001 4031 2096 4072 eos

518 4115 948 4160 consentaneum
975 4105 1144 4161 fuerit
1165 4108 1466 4163 secundum
1493 4108 1638 4179 leges
1660 4119 1714 4164 et
1741 4123 1979 4164 canones
2001 4107 2097 4162 lo-

518 4195 612 4265 qui
645 4204 700 4250 et
720 4210 901 4266 agere.
930 4194 1297 4263 Quamobrem
1321 4199 1606 4254 hortamur
1633 4209 1687 4255 et
1717 4201 2093 4265 obsecramus,

2189 3007 2469 3061 λαϐουσῶν
2506 3009 2680 3061 ἄλλων
2713 3007 2999 3076 ὁμοταγῶν
3055 3005 3241 3076 ψυχῶν
3261 3022 3274 3035 ·
3307 3005 3368 3058 ού
3402 3003 3651 3072 θεμιτὸν,
3683 3003 3763 3068 ὡς

2189 3096 2366 3171 οἶμαι,
2413 3099 2599 3170 κυρία,
2640 3099 2941 3166 ἐξαλλαγὴν
2995 3096 3326 3168 ποιήσασθαί
3383 3111 3478 3149 σε·
3516 3094 3765 3165 μάλιστα

2188 3193 2296 3246 τῶν
2340 3191 2644 3260 ἁφεθεισῶν
2693 3189 2933 3258 ἀδελφῶν
2968 3190 3062 3242 καὶ
3093 3189 3294 3241 τέκνων
3319 3189 3418 3257 τῆς
3447 3204 3768 3258 προηγησα-

2194 3283 2362 3353 μένης
2409 3275 2511 3334 ὦδε
2542 3281 2880 3351 αἱρουμένων
2916 3277 3200 3349 λατρεύειν
3251 3276 3389 3346 Θεῷ,
3417 3276 3545 3328 ἔνθα
3587 3277 3684 3329 καὶ
3728 3279 3766 3348 ἡ

2191 3374 2581 3445 καθηγουμένη
2663 3373 3006 3426 κατάκειται.
3093 3367 3478 3430 Ἀποστολικὸς
3540 3369 3569 3419 δ
3601 3366 3766 3435 λόγος

2191 3469 2370 3522 ἐστίν·
2405 3467 2704 3531 Ἕκαστος
2739 3464 2807 3516 ὲν
2834 3462 2880 3529 ᾧ
2902 3461 3152 3529 ἐκλήθη,
3184 3461 3254 3515 ἐν
3278 3461 3469 3526 τούτῳ
3506 3458 3766 3527 μενέτω.

2192 3559 2345 3630 Μονὴ
2393 3558 2596 3629 ἐκλήθη
2633 3555 2921 3624 γυναικεία
2945 3571 2959 3584 ⁸
2990 3554 3075 3617 τίς
3099 3553 3253 3622 λόγος
3283 3552 3380 3621 τῆς
3417 3551 3769 3623 μεταλλαγῆς

2193 3651 2549 3721 ἀνδρώνυμον
2581 3648 2866 3717 γενέσθαι;
2914 3647 3090 3700 καίτοι
3141 3645 3348 3715 ἀνδρῶν
3401 3644 3476 3715 μὴ
3510 3643 3634 3698 κατ’
3665 3645 3770 3712 όφ-

2195 3745 2436 3814 θαλμοὺς
2472 3741 2836 3812 φαινομένων,
2881 3740 2977 3794 καὶ
3028 3739 3136 3791 τῶν
3191 3736 3608 3807 ἐκϐεϐλημένων
3661 3737 3772 3789 οὐκ

2194 3835 2534 3907 ἀνεχομένων
2566 3834 2641 3905 μὴ
2673 3833 2793 3905 ούχὶ
2825 3834 3004 3885 ἐκεῖσε
3033 3830 3241 3901 διαζῇν.
3272 3828 3334 3883 Εἰ
3371 3827 3428 3881 δέ
3455 3828 3537 3880 ὄτι
3568 3826 3770 3895 γέγονε

2198 3928 2461 3990 πολλάκις
2483 3925 2752 3995 ἐξαλλαγὴ
2786 3923 2842 3977 ἐν
2869 3939 2979 3976 τισι
3008 3919 3412 3991 μοναστηρίοις,
3453 3917 3590 3972 ἀλλὰ
3618 3917 3770 3971 κατά

2194 4017 2437 4089 διωγμοῦ
2489 4017 2692 4078 αἰτίαν,
2745 4014 2841 4069 καὶ
2898 4010 3234 4082 ὑφαρπαγὴν
3280 4011 3378 4080 οὐχ
3426 4009 3602 4075 ὁσίαν,
3665 4011 3769 4063 καὶ

2197 4111 2450 4175 ἐξουσίαν
2487 4109 2586 4162 οὐκ
2618 4107 2898 4177 ἔνθεσμον.
2937 4098 3032 4166 Οἷς
3063 4102 3240 4156 δὲκαὶ
3268 4101 3450 4163 πίστις
3491 4100 3626 4172 ὀρθὴ
3668 4102 3772 4154 καὶ

2201 4205 2312 4276 βίος
2369 4202 2443 4273 μὴ
2492 4200 2902 4269 ἀνθιστάμενος,
2942 4196 3152 4261 τούτοις
3196 4193 3490 4250 ἀκόλουθον
3549 4193 3616 4248 ἂν
3673 4194 3770 4264 εἴη

519 4301 584 4341 ac
618 4287 664 4342 si
695 4287 810 4358 ipsa
839 4289 1009 4343 beata:
1037 4291 1313 4346 memoriae
1337 4291 1444 4346 ﬁlia
1483 4304 1572 4346 tua
1601 4308 1699 4363 per
1731 4308 1831 4348 nos
1858 4292 2087 4349 humiles

2198 4296 2478 4365 ἐνθέσμως
2501 4294 2592 4346 καὶ
2645 4289 2946 4352 κανονικῶς
2986 4289 3165 4358 λέγειν
3203 4289 3298 4342 καὶ
3350 4286 3630 4358 πράττειν.
3663 4283 3772 4338 Διά

519 4393 708 4433 vocem
730 4379 935 4446 ederet,
956 4384 1348 4437 monasterium
1376 4383 1587 4439 Leones
1610 4394 1799 4458 pergat
1827 4387 2093 4442 muliebre

519 4472 852 4541 nuncupari,
887 4484 940 4527 et
975 4474 1147 4543 ipsius
1168 4475 1306 4529 ﬁlias
1340 4475 1394 4529 in
1424 4476 1640 4546 spiritu,
1661 4478 1957 4533 servientes
1981 4477 2092 4533 Deo

520 4564 818 4619 custodire.
862 4564 977 4618 Hoc
1009 4567 1154 4620 enim
1211 4577 1268 4620 ut
1300 4567 1482 4632 illius,
1533 4570 1612 4623 sic
1650 4568 1704 4623 et
1733 4577 1840 4623 tua:
1875 4585 2094 4638 quoque

520 4656 707 4727 pietati
740 4657 862 4711 laus
891 4659 996 4712 erit
1022 4674 1156 4713 sane
1182 4659 1438 4724 maxima,
1473 4675 1646 4730 neque
1679 4675 1869 4714 ansam
1906 4676 2093 4730 repre-

523 4749 809 4803 hensionis
864 4749 1014 4804 dabit
1065 4749 1132 4805 iis
1181 4753 1273 4820 qui
1333 4762 1521 4804 nostra
1573 4752 1867 4806 observant
1897 4771 1910 4806 :
1945 4752 2090 4821 quod

522 4840 771 4910 praecipit
799 4839 1099 4910 Apostolus
1137 4857 1261 4897 cum
1302 4843 1379 4896 ait
1414 4862 1426 4896 :
1462 4841 1588 4897 Sine
1613 4844 1898 4912 oﬁensione
1931 4855 2093 4898 estote

522 4940 574 4984 et
610 4930 836 4998 ludatis,
871 4942 921 4986 et
961 4933 1181 5001 Graecis,
1223 4943 1272 4988 et
1311 4934 1564 4990 Ecclesiae
1598 4934 1696 4989 Dei
1718 4935 1785 4988 ³⁵.
1825 4934 2093 5002 Quoniam

527 5025 632 5078 nisi
674 5026 748 5079 ita
780 5024 992 5093 feceris,
1044 5043 1130 5083 res
1173 5029 1394 5099 quidem
1431 5044 1537 5082 non
1570 5029 1871 5094 subsistet,
1926 5028 1996 5083 ab
2030 5043 2096 5083 eo

526 5119 673 5187 quod
706 5121 980 5184 convenit,
1036 5121 1106 5174 ad
1167 5122 1217 5175 id
1276 5120 1419 5191 quod
1466 5131 1660 5191 praster
1690 5130 1940 5175 naturam
1989 5129 2092 5185 est,

531 5213 826 5280 translata;
863 5227 964 5268 nos
998 5229 1126 5268 vero
1173 5228 1282 5267 non
1316 5212 1640 5283 effugiemus
1688 5214 1957 5284 publicam
1998 5227 2094 5267 ca-

591 5394 639 5429 “
665 5395 684 5450 Ι
715 5396 840 5450 Cor.
867 5411 964 5458 vn,
992 5397 1063 5449 ‘20
1159 5399 1202 5428 ³⁸
1235 5399 1250 5450 l
1279 5395 1404 5452 Cor.
1440 5416 1489 5461 χ,
1518 5400 1602 5451 52.

2198 4388 2356 4442 τοῦτο
2385 4385 2481 4439 καὶ
2509 4382 2882 4456 παραινοῦμεν
2911 4382 3005 4434 καὶ
3042 4376 3452 4448 ἀντιϐολοῦμεν,
3478 4375 3554 4438 ὡς
3594 4375 3774 4444 αὐτῆς

2197 4484 2296 4552 τῆς
2321 4477 2595 4550 μακαρίας
2620 4475 2889 4545 θυγατρός
2919 4489 3013 4526 σου
3037 4470 3219 4541 φωνὴν
3245 4468 3496 4538 ἀφιείσης
3517 4465 3582 4519 δι’
3603 4465 3771 4535 ἡμῶν

2197 4573 2306 4625 τῶν
2347 4568 2651 4623 ταπεινῶν’
2691 4566 2896 4637 μενέτω
2942 4563 3006 4616 τὸ
3043 4563 3404 4634 μοναστήριον
3450 4559 3499 4610 οἱ
3534 4557 3773 4620 Λέοντες

2197 4663 2506 4732 γυναικεῖον
2537 4657 2898 4729 χρηματίζον,
2939 4655 3032 4708 καὶ
3075 4651 3348 4724 φρουροῦν
3382 4650 3481 4712 τὰς
3507 4647 3772 4701 καταλει-

2198 4753 2422 4822 φθείσας
2442 4750 2745 4827 θυγατέρας
2771 4747 2958 4816 αὐτῆς,
2983 4747 3042 4798 ἐν
3057 4743 3326 4812 πνεύματι
3350 4741 3602 4810 λάτριδας
3621 4737 3770 4807 Θεῷ.

2182 4830 2370 4897 ¹Τοῦτο
2418 4842 2526 4911 γὰρ
2572 4840 2670 4893 σὺν
2713 4838 2896 4909 ἐκείνῃ
2941 4838 3034 4890 καὶ
3083 4838 3147 4905 τῇ
3192 4837 3258 4903 σῇ
3294 4830 3573 4900 θεοσεϐείᾳ
3609 4828 3774 4890 κλέος

2201 4937 2282 4989 ὅτι
2321 4934 2575 5006 μάλιστα,
2611 4932 2706 4984 καὶ
2738 4928 3068 4997 ἀνεπίψογον
3105 4930 3219 4990 τοῖς
3262 4924 3666 4992 ἐπισκήπτουσι
3700 4921 3774 4971 τὰ

2202 5029 2481 5097 ἡμέτεραο
2544 5025 2679 5094 ὅπερ
2729 5021 3023 5092 παρεγγυᾷ
3080 5021 3108 5072 ὁ
3172 5013 3491 5075 Ἀπόστολος
3548 5011 3770 5079 λέγων·

2215 5118 2618 5186 Ἀπρόσκοποι
2670 5115 2910 5183 γίνεσθε
2966 5111 3058 5164 καὶ
3107 5107 3438 5172 Ἰουδαίοις,
3486 5103 3585 5158 καὶ
3623 5105 3774 5157 Ἕλ-

2203 5215 2372 5278 λησι,
2404 5211 2501 5262 καὶ
2550 5206 2624 5276 τῇ
2695 5205 3021 5272 Ἐκκλησία
3075 5202 3180 5256 τοῦ
3238 5199 3406 5254 Θεοῦ.
3451 5195 3609 5250 Ἐπεὶ
3673 5195 3774 5248 ἐὰν

2026 5566 2254 5623 NOTAE.

611 5730 723 5801 (86)
757 5730 813 5785 In
840 5731 964 5787 cod.
997 5729 1131 5800 Reg.
1171 5733 1302 5800 ρισε.
