3966 6528
226 520 345 582 1585

1324 479 1334 487 ’
1403 517 1940 578 Et’lSTOLARUM
1999 519 2146 578 LIB.
2191 521 2268 578 ιι.

3308 519 3449 581 1586

225 645 290 698 μη
319 624 460 678 οὕτω
496 624 746 694 πράξοις,
790 624 848 674 τὸ
903 623 1002 692 μὲν
1047 623 1232 694 δρᾶμα
1280 629 1468 678 στάσιν
1502 625 1601 695 οὐχ
1635 626 1773 693 ἕξει,

1889 629 2242 694 villationem,
2279 629 2580 684 addiderim
2615 631 2803 697 etiam,
2863 632 2914 685 in
2947 631 3456 686 condemnationem

220 719 351 783 ἅπαξ
375 715 597 788 κινηθὲν
629 720 694 769 ἐκ
725 717 819 768 τοῦ
858 715 1195 785 καθήκοντος
1230 717 1310 778 εἰς
1337 718 1398 770 τὺ
1428 718 1577 786 παρὰ
1599 716 1780 784 φύσιν·

221 812 365 880 ἡμεῖς
403 809 459 860 δὲ
504 810 607 861 οὐκ
661 809 764 874 ἔξω
807 807 1125 878 κωμῳδίας,
1158 807 1457 880 προσθείην
1505 808 1550 860 δ’
1580 808 1646 860 ἂν
1689 807 1782 861 καὶ

221 901 581 971 κατακρίσεως
613 901 1052 970 ἀπενεγκοίμεθα
1083 902 1460 972 παράπτωμα.

377 1013 515 1082 ΡιιΓ
555 1016 690 1086 (87).
714 1045 786 1055 -—-
826 1015 1138 1086 Εὺδοκίμῳ
1179 1017 1511 1084 σπαθαρίφ.
1591 1015 1777 1089 [ψοβ¹.]

1890 721 1960 774 ob
1998 721 2254 776 delictum
2285 723 2649 778 incurremus.

2161 1009 2388 1065 CXCIII.
2425 1040 2492 1050 -
2538 1011 2826 1065 Eudocimo
2860 1010 3147 1081 Spatltario
3183 1013 3281 1084 (⁸).

1220 1129 1294 1178 De
1322 1127 1631 1192 praescientia
1667 1129 1760 1178 Dei
1781 1133 1836 1177 et
1867 1121 2317 1188 prmdestinatione.

289 1232 577 1302 Ὠψίσαμεν
610 1234 1017 1288 ἀντεπιστεῖλαι
1049 1238 1114 1307 τῇ
1151 1236 1429 1308 τιμιότητί
1464 1254 1559 1290 σου
1582 1254 1596 1268 ο
1628 1236 1772 1288 ὥστε

220 1324 406 1395 μικροῦ
451 1326 559 1378 δεῖν
600 1327 696 1378 καὶ
748 1327 1150 1396 ὲκκεκροῦσθαι
1197 1330 1347 1398 ἡμᾶς
1379 1329 1481 1397 τῆς
1535 1329 1643 1381 τῶν
1683 1329 1781 1380 ἐπ-

217 1419 551 1487 εσταλμένων
577 1419 883 1488 δυνάμεως.
927 1420 1087 1472 Ἀλλά
1116 1420 1176 1472 τὸ
1222 1422 1413 1486 αι’τιον,
1442 1420 1502 1473 τὸ
1539 1421 1614 1490 μὴ
1639 1437 1780 1491 παρ-

215 1509 340 1558 εἰναι
385 1509 579 1559 πιστὸν
644 1511 1170 1580 γραμματτηφόρον.
1223 1510 1337 1563 Νῦν
1378 1511 1434 1563 δὲ
1472 1511 1664 1580 ἐπειδὴ
1719 1511 1779 1575 ἐξ

215 1599 506 1666 ἀναγκαίου
552 1599 955 1670 ἀπεστείλαμεν
1007 1602 1097 1655 τὸν
1149 1604 1431 1674 οἰκονόμον
1490 1605 1590 1674 τῆς
1655 1603 1778 1656 καθ’

213 1692 352 1759 ἡμᾶς
397 1692 565 1760 μονῆς
585 1693 639 1742 ὲν
665 1694 776 1752 τοῖς
811 1693 1000 1746 αὐτόθι
1021 1710 1034 1724 ·
1061 1694 1286 1758 εἰκότως
1317 1695 1377 1748 τὸ
1400 1694 1617 1758 ἐλλιπὲς
1641 1696 1778 1749 ἀπο-

215 1781 525 1852 πληροῦμεν
550 1801 562 1812 ·
605 1785 780 1836 ὲκεῖνο
841 1785 1056 1856 πρῶτον
1096 1785 1368 1852 λέγοντες,
1415 1788 1496 1840 ὅτι
1539 1789 1637 1858 οὐχ
1681 1781 1782 1840 οἷοί

1955 1230 2208 1285 Cunctati
2241 1243 2407 1298 supra
2442 1229 2665 1284 modum
2685 1246 2878 1284 sumus
2897 1230 3331 1288 honoriﬁcentia:
3356 1243 3460 1288 tua:

1891 1321 2087 1377 litteris
2118 1322 2483 1392 respondere;
2517 1322 2651 1375 adeo
2709 1331 2768 1376 ut
2808 1338 2947 1391 pene
2982 1324 3142 1378 nobis
3197 1308 3462 1379 exciderit

1887 1415 2017 1484 quid
2044 1415 2388 1484 potissimum
2414 1415 2776 1468 continerent.
2812 1413 2917 1468 Sed
2948 1431 3113 1470 causa
3154 1415 3280 1481 fuit,
3312 1418 3458 1486 quod

1887 1509 2054 1560 lidum
2119 1506 2458 1560 tabellarium
2524 1520 2631 1558 non
2697 1506 3042 1560 haberemus.
3098 1507 3254 1564 Nunc
3304 1525 3456 1572 vero,

1884 1599 2105 1668 quando
2140 1599 2357 1668 quidem
2392 1613 2621 1652 necesse
2656 1596 2758 1652 fuit
2798 1599 2940 1654 istuc
2979 1600 3192 1654 mittere
3238 1617 3460 1655 oecono-

1888 1708 2034 1746 mum
2062 1690 2380 1745 monasterii
2427 1690 2620 1754 nostri,
2659 1691 2803 1760 quod
2829 1692 3094 1746 omissum
3132 1691 3234 1746 fuit
3267 1695 3458 1762 exple-

1893 1802 2016 1841 mus
2061 1794 2118 1839 ut
2159 1800 2256 1855 par
2285 1794 2406 1850 est,
2466 1793 2629 1854 atque
2665 1785 2798 1839 illud
2829 1785 3007 1854 primo
3051 1786 3169 1839 loco
3199 1786 3458 1852 dicimus,

214 1876 372 1943 ἐσμεν
418 1874 800 1944 φαρμακεύειν
827 1876 1004 1947 ψυχὴν
1033 1877 1402 1948 λυπουμένην,
1446 1880 1538 1932 καὶ
1567 1855 1782 1942 πολλοῖς

1889 1891 1992 1930 ιιοη
2026 1890 2189 1945 posse
2227 1889 2329 1930 nos
2371 1875 2568 1928 animae
2603 1876 2878 1941 mmrcnti,
2909 1887 2964 1929 et
2993 1876 3180 1931 multis
3199 1878 3460 1932 aerumnis

213 1965 624 2034 τετρυχωμένην
682 1966 932 2021 πάθεσιν.
965 1967 1155 2036 Ὅμως
1221 1970 1509 2040 πειρατέον
1563 1971 1628 2023 ὲκ
1674 1969 1782 2022 τῶν

211 2056 583 2110 θεοπνεύστων
617 2059 834 2126 Λογίων
858 2060 960 2130 τὴν
995 2061 1296 2132 θεραπείαν
1327 2061 1682 2133 ἐξευρίσκειν.
1716 2063 1782 2115 Τί

211 2144 299 2197 οὖν
366 2162 534 2215 φησιν
569 2145 831 2200 ὁτούτων
895 2150 1154 2220 μέγιστος
1215 2150 1454 2221 ταμίας;
1513 2151 1782 2205 Πάντοτε

211 2238 463 2305 χαίρετε,
515 2238 912 2307 ἀδιαλείπτως
968 2244 1404 2313 προσεύχεσθε,
1485 2244 1555 2297 ἐν
1603 2244 1785 2298 παντὶ

210 2332 634 2398 εὐχαριστεῖτε.
669 2333 731 2386 Εἰ
766 2330 857 2388 οῦν
888 2335 946 2387 ὲν
973 2337 1138 2388 παντὶ
1170 2337 1368 2407 καιρῷ,
1401 2337 1498 2390 καὶ
1529 2339 1587 2390 ὲν
1615 2340 1782 2391 παντὶ

213 2423 520 2492 πράγματι.
567 2427 662 2480 καὶ
709 2427 1076 2491 ἀδιαλείπτως
1123 2429 1184 2482 τὸ
1210 2429 1444 2498 χαίρειν,
1479 2430 1574 2482 καὶ
1624 2429 1784 2499 εὐχα-

213 2518 434 2581 ριστεῖν,
481 2516 574 2568 καὶ
630 2518 1032 2588 προσεύχεσθαι
1084 2522 1215 2589 ἡμῖν
1266 2520 1652 2573 διατέτακται’
1683 2521 1784 2574 οὐκ

212 2604 276 2657 ἂν
321 2606 664 2675 ἐξοιχήσεται
711 2610 924 2679 χρόνος,
961 2611 1080 2664 οὐδὲ
1124 2614 1151 2664 6
1195 2613 1505 2682 ἀκαριαῖος,
1558 2613 1630 2683 μὴ
1665 2613 1785 2682 οὐχὶ

213 2699 660 2768 περιοριζόμενος
707 2703 766 2753 ὲν
817 2702 895 2773 τῷ
935 2704 1146 2773 χαίρειν
1187 2706 1278 2757 καὶ
1312 2707 1654 2776 εὐχαριστεῖν
1693 2706 1784 2758 τὸν

208 2787 458 2856 ἀληθινὸν
505 2791 854 2860 Χριστιανόν.
906 2792 1112 2847 Οὔκουν
1161 2795 1344 2848 λοιπὸν
1411 2795 1668 2849 θλιπτικά
1717 2799 1785 2850 τὰ

209 2881 474 2950 παρόντα,
503 2882 607 2934 κᾶν
630 2879 718 2936 οἷά
757 2886 876 2936 ποτ’
905 2885 970 2938 ἂν
999 2882 1108 2938 εἷεν
1134 2887 1230 2956 τῆς
1269 2889 1612 2958 δυσπραγίας
1636 2888 1786 2958 ἔχον-

209 2988 272 3024 τα
309 2973 368 3025 τὸ
413 2973 759 3044 ὑπέρογκον;
799 2977 907 3028 Καὶ
955 2976 1128 3030 ταῦτα
1169 2979 1265 3047 οὐχ
1313 2979 1387 3041 ὡς
1415 2978 1686 3051 ἀγνοούσῃ
1717 2983 1780 3051 τῇ

208 3064 386 3134 ἁγαθῇ
423 3081 517 3117 σου
550 3065 720 3136 ψυχῇ,
759 3067 894 3119 ἀλλά
928 3068 1357 3139 ὑπομνηστικῶς
1403 3069 1622 3140 εἴρηταί
1651 3087 1744 3140 μοι
1766 3087 1780 3101 ⁶

208 3157 397 3226 ἐπειδὴ
461 3156 744 3226 κάμνουσα
806 3158 953 3230 ψυχὴ
1015 3159 1126 3212 ἐσθ’
1181 3162 1269 3213 ὅτε
1322 3163 1504 3214 ἀτονεῖ
1538 3161 1675 3232 πρὸς
1721 3161 1782 3214 τὸ

207 3249 514 3318 ἀνηγμένον
563 3250 660 3319 τῆς
693 3251 947 3322 θεωρίας.
978 3252 1239 3322 Δεύτερος
1270 3251 1429 3322 λόγος
1464 3269 1584 3324 μοι·
1620 3254 1702 3306 ὅτι
1733 3255 1781 3304 εἰ

205 3340 300 3391 καὶ
333 3339 550 3392 πολλῶν
597 3340 706 3392 τῶν
752 3341 982 3394 ἐνόντων
1017 3341 1427 3412 ἀπεγύμνωσάν
1459 3358 1517 3393 σε
1546 3341 1595 3393 οἱ
1628 3338 1782 3404 ἐξου-

208 3431 487 3494 σιάζοντες
506 3447 519 3460 ’
546 3433 658 3484 ἀλλ’
683 3433 933 3504 οὐδαμῶς
958 3433 1331 3503 ἀποστερῆσαί
1366 3449 1425 3488 σε
1459 3433 1553 3487 τοῦ
1586 3450 1781 3502 τιμιω-

205 3524 366 3592 τέρου
407 3523 689 3593 κτήματος
742 3525 1103 3596 ἠδυνήθησαν.
1134 3527 1244 3595 Οὐχ
1278 3527 1407 3598 ὁρᾷς
1435 3526 1528 3579 καί⁸
1565 3526 1784 3596 εὐχαρι-

207 3618 374 3679 στεῖς,
401 3616 521 3668 οἵαν
562 3633 648 3668 σοι
694 3617 895 3685 γνῶσιν
925 3619 952 3670 6
993 3619 1125 3680 Θεὸς
1156 3618 1518 3689 ἐθησαύρισε;
1547 3606 1782 3688 πηλίκην

205 3706 501 3775 γλῶσσαν;
538 3709 594 3773 ὲξ
626 3702 693 3780 ἧς
728 3708 804 3772 ὼς
847 3707 906 3774 ἐξ
951 3709 1161 3763 ἀδύτων
1200 3710 1489 3781 θησαυρῶν
1517 3712 1617 3780 τῆς
1647 3726 1783 3780 καρ-

203 3799 322 3864 δίας
348 3802 616 3872 προφέρει
649 3802 720 3854 τά
756 3802 1109 3872 ἀγορεύματα
1135 3802 1228 3855 καὶ
1260 3803 1594 3873 διανοήματα
1624 3802 1783 3873 προὶξ

204 3890 285 3943 ὅτι
351 3893 612 3962 μάλιστα.
685 3892 854 3945 Τοῦτο
918 3895 1360 3964 προφερέστατον
1415 3893 1510 3948 καὶ
1566 3892 1783 3946 πάντων

203 3983 514 4051 χρημάτων
573 3985 1170 4054 χρηματιστικώτερον,
1235 3985 1330 4038 καὶ
1382 3985 1562 4055 πάσης
1600 3983 1784 4046 οὐσίας

205 4072 686 4145 ὕπερουσιώτερον
708 4093 719 4105 ·
750 4075 778 4127 ὃ
813 4077 868 4128 εί
907 4094 990 4139 τις
1037 4078 1322 4148 κέκτηται,
1356 4077 1466 4130 τῶν
1499 4078 1640 4144 ἄγαν
1687 4093 1785 4129 πο-

202 4163 475 4216 λοουσίων
511 4165 867 4237 αἱρετώτερός
902 4169 1016 4221 ἐστι
1055 4167 1132 4238 τῷ
1174 4169 1298 4223 νοῦν
1325 4169 1523 4239 ἔχοντι,
1558 4169 1659 4222 κᾶν
1689 4172 1784 4241 ῥα-

205 4257 346 4321 κίοις
379 4259 541 4329 μόνον
569 4260 972 4330 ἀμπεχόμενος.
1007 4261 1117 4313 Καὶ
1146 4261 1303 4314 τοῦτο
1329 4262 1531 4331 δέδειχε
1564 4260 1783 4330 σύμπας

206 4350 310 4417 μὲν
357 4351 387 4402 6
430 4348 539 4402 τῶν
588 4350 811 4404 δικαίων
849 4353 1042 4424 χορόςο
1088 4356 1146 4406 ὲν
1178 4353 1233 4406 δὲ
1282 4356 1397 4415 τοῖς
1445 4354 1784 4424 ἐξωτερικοῖς

209 4438 530 4509 προσώποις
587 4441 615 4492 6
672 4441 964 4506 Ὀδυσσεὺς
1015 4444 1242 4509 ἐκεῖνος,
1280 4447 1343 4500 ὲκ
1388 4447 1646 4516 ναυαγίου
1690 4465 1785 4517 γυ-

208 4532 340 4600 μνὸς
365 4531 554 4600 ὀφθεὶς
581 4534 645 4602 τῇ
686 4532 937 4601 βασιλίδι.

288 4624 436 4675 Ἀλλ’
467 4624 560 4676 ἐπὶ
591 4623 651 4675 τὸ
693 4624 957 4696 ἐρώτημά
992 4643 1087 4678 σου
1141 4627 1405 4696 τρεπτέον
1461 4630 1554 4681 τὸν
1604 4629 1780 4696 λόγον.

204 4717 408 4769 Καίτοι
444 4717 602 4780 εἰδὼς
654 4718 745 4786 ἀφ’
774 4718 968 4771 ἑαυτοῦ
1013 4721 1074 4772 τὸ
1126 4716 1184 4772 εὖ
1209 4721 1350 4790 ἔχον,
1409 4721 1783 4791 φιλοπευστεῖς

205 4809 348 4879 πρὸς
385 4809 545 4878 ἡμῶν
596 4809 704 4861 τῶν
732 4811 958 4879 ἀμαθῶν
991 4812 1391 4866 ὲκδιδάσκεθαι.
1422 4813 1531 4883 Φὴς
1564 4815 1672 4884 γὰρ
1703 4815 1784 4867 ὅτι

204 4901 283 4967 πῆ
316 4902 421 4968 μὲν
464 4899 720 4970 λογισμὸς
744 4902 1114 4971 προτρέπεται
1148 4920 1207 4956 σε
1229 4906 1306 4966 εἰς
1339 4907 1673 4975 προσευχήν·
1709 4907 1783 4976 πῆ

205 4989 260 5042 δὲ
295 4991 626 5057 ἀνακόπτει,
651 4991 726 5056 ὡς
775 4991 871 5045 τοῦ
906 4992 1040 5046 Θεοῦ
1087 4995 1287 5056 εἰδότος
1316 4996 1452 5067 ὅπερ
1483 4996 1785 5066 βουλόμεθα

204 5082 446 5150 αἰτῆσαι
472 5082 618 5154 [cod.
643 5085 773 5154 Heg.
803 5086 1116 5158 αἰτεῖσθαιῙ·
1137 5089 1213 5150 ὡς
1237 5088 1487 5141 ἐντεῦθεν
1519 5091 1786 5161 παρέλκον

206 5173 274 5226 ἆν
324 5175 392 5227 τὸ
427 5175 844 5245 προσεύχεσθαι.
878 5178 1020 5249 Πρὸς
1054 5179 1287 5244 τούτοις,
1320 5181 1442 5232 ἐπεὶ
1465 5181 1786 5251 ἁμαρτωλὸς

205 5262 314 5331 εἷς,
356 5266 515 5318 οὐδὲν
549 5267 662 5320 όνεί
687 5268 829 5339 [cod
857 5268 988 5340 Reg.
1025 5270 1252 5344 ὀνίνησι]
1282 5272 1343 5325 τὸ
1368 5272 1785 5343 προσεύχεσθαι.

208 5362 320 5413 Καὶ
373 5360 562 5424 ἁπλῶς
609 5362 661 5414 εῐ
686 5379 745 5415 τι
778 5363 907 5416 ἀλλο
958 5363 1145 5434 ἐδήλου
1174 5364 1234 5416 τὸ
1269 5364 1500 5435 γράμμα
1531 5382 1544 5394 ο
1571 5366 1632 5418 ού
1681 5367 1789 5436 γὰρ

207 5454 402 5524 παρῆν
439 5471 532 5523 μοι
579 5453 673 5506 ἐπὶ
708 5458 897 5526 χεῖρας
920 5455 1082 5527 ἔχειν.
1109 5457 1173 5508 Τί
1204 5452 1295 5511 οὖν
1338 5457 1483 5511 ἐστιν
1531 5461 1704 5511 εἰπεῖν
1733 5461 1790 5509 ἐν

205 5546 465 5613 τούτοις;
499 5546 624 5599 Ὀτι
651 5547 821 5617 τύχης
853 5548 948 5602 καὶ
975 5549 1312 5622 εἱμαρμένης
1339 5551 1574 5622 ἔμφασιν
1602 5552 1713 5621 ἔχει
1756 5555 1788 5621 ἡ

279 5721 328 5752 ⁸⁸
367 5719 384 5772 l
438 5719 632 5778 Thess.
664 5738 714 5788 v,
747 5722 836 5775 27.

1883 1967 2084 2022 attrita:
2122 1967 2423 2022 remedium
2459 1966 2654 2022 all‘erre
2685 1985 2700 2021 :
2736 1967 3131 2021 connitendum
3185 1978 3363 2022 tamen
3401 1977 3464 2022 ut

1882 2075 1947 2115 ex
1981 2060 2184 2114 divinis
2227 2059 2458 2128 eloquiis
2491 2058 2836 2114 curationem
2871 2060 3281 2114 nanciscamur.
3316 2059 3460 2125 Quid

1883 2165 2013 2220 ergo
2066 2151 2142 2204 ait
2198 2151 2473 2202 maximus
2539 2149 2761 2203 illorum
2823 2148 3461 2219 dispensator?Semper

1883 2243 2126 2312 gaudete,
2147 2242 2261 2294 sine
2288 2241 2677 2295 intermissione
2708 2250 2876 2306 orate,
2905 2243 2960 2294 in
2987 2241 3230 2295 omnibus
3253 2243 3459 2312 gratias

1885 2336 2025 2404 agite
2043 2332 2110 2388 ³⁸.
2147 2332 2201 2387 Si
2227 2348 2357 2404 ergo
2390 2341 2442 2388 et
2467 2333 2620 2387 omni
2657 2342 2925 2402 tempore,
2950 2343 3005 2389 et
3034 2335 3086 2388 in
3117 2335 3266 2389 omni
3299 2351 3376 2401 re,
3407 2342 3464 2389 et

1884 2427 2004 2481 sine
2029 2425 2433 2480 intermissione
2457 2424 2713 2495 gaudere,
2731 2435 2786 2479 et
2809 2425 3012 2496 gratias
3031 2439 3208 2495 agere,
3229 2435 3282 2480 et
3303 2442 3463 2481 orare

1885 2519 2042 2574 nobis
2066 2526 2393 2588 praeceptum
2415 2527 2531 2585 est;
2553 2517 2763 2571 nullum
2818 2518 3005 2587 utique
3031 2527 3242 2586 tempus
3258 2517 3461 2583 eﬂluet,

1885 2623 1953 2663 ne
2003 2616 2452 2662 momentaneum
2487 2606 2735 2677 quidem,
2781 2608 2926 2676 quod
2957 2622 3087 2662 vero
3123 2607 3461 2674 Christiano,

1885 2710 1945 2754 ut
1985 2701 2216 2771 gaudeat
2246 2708 2301 2754 et
2333 2701 2536 2772 gratias
2560 2709 2705 2769 agat,
2732 2699 3014 2753 deﬁnitum
3053 2714 3160 2753 non
3191 2701 3280 2756 sit.
3319 2699 3463 2754 Rur-

1885 2809 2030 2859 sum,
2086 2808 2269 2847 nonne
2311 2792 2656 2846 alllictioncm
2692 2807 2883 2858 parere
2921 2791 3100 2847 solent
3152 2791 3460 2860 praesentia,

1883 2887 2149 2955 gravique
2182 2900 2364 2938 rerum
2414 2884 2765 2938 adversarum
2822 2885 2972 2938 oneri
3016 2894 3145 2938 sunt
3187 2883 3461 2939 obnoxia?

1884 2976 2061 3043 Atque
2095 2974 2212 3028 haec
2238 2987 2325 3027 me
2356 2975 2513 3028 bona:
2540 2973 2734 3027 anima:
2762 2983 2888 3039 tuae,
2938 2987 3048 3027 non
3071 2983 3132 3028 ut
3161 2974 3458 3044 ignoranti,

1886 3065 1980 3118 sed
2020 3063 2322 3118 excitanda:
2381 3065 2657 3116 memoria:
2700 3078 2866 3117 causa
2919 3065 3064 3119 dicta
3103 3072 3273 3133 sunt;
3331 3066 3459 3136 quia

1884 3171 2028 3223 aeger
2051 3154 2270 3208 animus
2302 3154 2605 3224 languescit
2632 3155 2928 3219 interdum,
2961 3157 3259 3224 quominus
3286 3158 3460 3225 possit

1884 3250 1948 3302 ad
1963 3247 2476 3316 contemplationem
2499 3247 3004 3320 assurgere.Altera
3032 3247 3164 3300 mihi
3187 3257 3270 3303 est
3295 3249 3456 3315 ratio,

1883 3341 2028 3410 quod
2059 3340 2162 3395 etsi
2196 3338 2385 3393 multis
2421 3348 2472 3393 te
2517 3339 2709 3408 opibus
2760 3340 3063 3408 spoliarunt
3124 3340 3220 3412 qui
3273 3357 3454 3396 rerqu

1884 3431 2209 3500 potiuntur,
2270 3439 2324 3484 at
2370 3429 2523 3483 nullo
2570 3430 2732 3482 modo
2768 3430 2982 3498 privare
3035 3438 3086 3486 te
3148 3432 3454 3501 pretiosiuri

1884 3523 2232 3592 possessione
2259 3531 2569 3592 potuerunt.
2598 3521 2820 3587 Qualem
2858 3523 2951 3590 tibi
2976 3525 3218 3578 scientiae
3245 3526 3454 3593 capiam

1884 3614 2100 3667 donarit
2124 3615 2286 3680 Deus,
2307 3596 2498 3668 annon
2533 3616 2702 3679 vides,
2732 3622 2788 3668 et
2817 3615 3020 3684 gratias
3056 3615 3215 3683 agis?
3241 3617 3454 3685 qualem

1886 3705 2167 3775 linguam?
2201 3721 2266 3760 ex
2292 3721 2403 3775 qua
2430 3715 2690 3775 tanquam
2717 3722 2781 3759 ex
2808 3707 3004 3761 abditis
3025 3708 3204 3762 cordis
3241 3708 3458 3761 thesau-

1884 3799 1962 3852 ris
1995 3798 2138 3852 dicta
2165 3808 2218 3852 et
2238 3799 2474 3868 cogitata
2509 3797 2722 3868 profers
2746 3815 2909 3868 quam
2943 3801 3178 3852 maxime
3196 3800 3458 3869 gratuita,

1892 3887 2006 3942 Hoc
2053 3890 2213 3956 longe
2250 3889 2801 3958 praistantissimum,
2847 3899 2903 3943 et
2947 3891 3208 3950 omnibus
3267 3897 3463 3966 opibus

1885 3981 2229 4049 opulentius,
2295 3990 2349 4034 et
2401 3996 2584 4035 rerum
2639 3984 2884 4037 omnium
2931 3985 3088 4054 copia
3143 3988 3461 4056 copiosius:

1886 4073 2032 4142 quod
2092 4075 2185 4142 qui
2259 4074 2532 4142 possideat
2583 4074 3037 4145 locupletis-simis
3097 4079 3463 4149 praeferendus

1886 4175 2007 4228 est,
2059 4166 2268 4234 judicio
2318 4165 2666 4234 sapientum,
2730 4169 2944 4223 etiamsi
3014 4173 3320 4240 panniculis
3376 4173 3463 4226 iu-

1885 4255 2103 4311 duatur.
2169 4257 2232 4310 Et
2285 4257 2390 4313 hoc
2455 4261 2676 4330 quidem
2735 4261 3136 4317 demonstravit
3190 4264 3462 4334 justorum

1886 4349 2090 4403 chorus
2151 4349 2640 4404 universuszinter
2688 4365 2985 4408 cru-aneos
3021 4365 3202 4409 autem
3249 4355 3466 4427 Ulysses

1888 4439 2006 4506 ille,
2046 4441 2139 4512 qui
2204 4452 2326 4511 post
2380 4443 2722 4513 naufragium
2763 4446 3030 4514 spoliatus
3055 4462 3083 4500 a
3127 4448 3312 4517 regina
3337 4463 3466 4502 con-

1815 4539 1861 4593 l)
1892 4543 2110 4603 spectus
2144 4546 2248 4590 est.

1963 4629 2160 4682 Verum
2192 4629 2258 4682 ad
2310 4629 2838 4700 interrogationuem
2883 4642 3029 4685 tuam
3097 4632 3465 4687 convertenda

1885 4728 1970 4774 est
1992 4720 2194 4774 oratio.
2250 4720 2399 4775 Licet
2423 4736 2517 4790 per
2557 4730 2609 4775 te
2636 4724 2793 4778 noris
2821 4725 2936 4792 ipse
2960 4722 3091 4791 quid
3124 4733 3332 4777 rectum
3371 4727 3462 4784 sit,

1887 4813 2087 4882 quaaris
2126 4829 2153 4865 a
2188 4813 2346 4866 nobis
2381 4813 2669 4868 ineruditis
2725 4814 2961 4869 edoceri.
3014 4814 3091 4867 Ex
3157 4829 3264 4868 una
3310 4825 3466 4883 parte

1888 4908 2052 4970 ratio,
2086 4919 2143 4959 ut
2169 4908 2271 4973 ais,
2308 4915 2359 4961 te
2386 4919 2650 4976 provocat
2703 4909 2768 4962 ad
2816 4910 3154 4975 orationem;
3197 4923 3262 4961 ex
3295 4910 3464 4963 altera

1892 5001 2118 5066 inhibet,
2151 5010 2410 5069 tanquam
2445 5002 2656 5057 sciente
2699 5004 2809 5055 Deo
2829 5001 2956 5071 quid
2982 5011 3161 5071 petere
3191 5002 3422 5055 velimus
3450 5020 3461 5053 :

1893 5102 1950 5145 ut
1988 5092 2211 5159 proinde
2257 5107 2722 5161 supervacaneum
2753 5094 2819 5147 sit
2849 5108 3026 5147 orare.
3074 5091 3154 5144 Ad
3179 5091 3293 5145 hinc
3337 5091 3466 5161 quia

1895 5195 2146 5255 peccator
2176 5200 2256 5249 es,
2285 5185 2418 5239 nihil
2454 5187 2611 5254 juvat
2637 5201 2826 5251 orare;
2877 5200 2941 5239 ac
2977 5185 3196 5238 demum
3245 5183 3290 5236 si
3334 5184 3464 5252 quid

1895 5277 2040 5331 aliud
2081 5277 2271 5331 littera:
2303 5278 2725 5347 signiﬁcabant;
2769 5292 2943 5346 neque
2979 5277 3125 5330 enim
3165 5275 3232 5329 ad
3270 5290 3467 5330 manus

1890 5378 2064 5422 erant.
2110 5369 2252 5434 Quid
2286 5371 2339 5422 in
2376 5370 2462 5425 his
2493 5386 2623 5440 ergo
2660 5371 2949 5425 dicendum
2993 5367 3295 5436 est?Quod
3355 5367 3469 5422 for-

1892 5469 2036 5512 tunae
2081 5469 2134 5512 et
2161 5459 2254 5512 i'uti
2286 5461 2741 5528 signiﬁcationem
2796 5460 2992 5515 habeat
3034 5460 3148 5514 haec
3187 5458 3466 5528 cogitatio,

1894 5561 2075 5618 atque,
2111 5560 2169 5604 ut
2210 5559 2386 5606 totum
2418 5554 2651 5619 dicatur,
2681 5553 2831 5608 liberi
2870 5552 3076 5608 arbitrii
3105 5552 3466 5608 eversionem.

1717 5810 1944 5868 NO'FB‘I.

285 5945 408 6017 (δη
434 5943 496 6000 In
528 5946 648 6001 cod.
681 5945 813 6015 Reg.
855 5954 998 6018 (ἀπ’.

1964 5948 2034 6016 β)
2067 5948 2406 6021 Dogmatica.
