3966 6494
207 476 331 537 1589

1401 466 1765 528 'EPISTOLA
1778 465 1939 525 RUM
1984 466 2109 525 LIB
2175 467 2257 526 II.

3318 453 3454 529 1590

203 589 449 658 ρούμενον
488 585 620 639 καθ’-
645 585 962 644 ὑπόστασιν,
995 581 1130 632 ἀλλὰ
1167 579 1595 649 διαφοροὺμενον
1629 577 1769 629 κατὰ

1877 577 2167 641 postasim,
2213 577 2307 632 sed
2333 576 2740 648 discrepantem
2756 577 2916 648 ‘juxta
2941 579 3262 641 substantia:
3290 587 3464 639 ratio-

198 682 281 733 τὸν
331 681 426 748 τῆς
482 679 672 739 οὐσίας
721 677 876 744 λόγον
901 692 914 704 ο
966 677 1101 742 ὅπερ
1128 676 1245 726 ἐστὶ
1286 673 1530 742 σχετικὴ,
1560 671 1676 726 ἀλλ’
1702 670 1762 722 οὑ

198 770 534 839 λατρευτικὴ,
587 768 688 822 κᾶν
722 769 754 837 ἡ
785 767 920 837 αὐτή
951 783 964 797 ·
1001 768 1116 818 ἐκεῖ
1152 767 1250 835 μὲν
1284 763 1454 826 οὑτως
1496 763 1764 832 νοουμένη

200 865 286 915 καὶ
327 862 616 931 λεγομένη,
663 861 852 914 καθότι
882 858 1154 928 τριαδικὴ,
1188 844 1357 929 ἤγουν
1393 858 1594 927 φυσική
1632 873 1644 886 ·
1677 859 1777 929 ὲνχ

197 955 360 1009 ταῦθα
385 954 440 1007 δὲ
473 955 532 1006 τὸ
565 953 821 1023 ἔμπαλιν,
849 951 1036 1004 καθότι
1067 955 1314 1019 σχετικὴ,
1339 951 1507 1020 ἤγουν
1529 951 1766 1003 ὑποστα-

196 1048 332 1118 τική.
373 1047 436 1098 Εἰ
488 1045 595 1115 γὰρ
629 1045 825 1107 εῐποις,
862 1043 1213 1114 λατρευτικὴ,
1243 1042 1522 1111 ὲσήμανας
1570 1058 1770 1111 σεσαροο

195 1139 416 1202 κῶσθαι,
442 1137 520 1201 ὠς
545 1137 635 1189 τὸν
664 1136 815 1199 Υἰὸν,
850 1136 940 1188 τόν
966 1153 1024 1187 τε
1052 1136 1273 1205 Πατέρα
1296 1135 1391 1186 καὶ
1414 1135 1472 1186 τὸ
1507 1135 1730 1203 Πνεῦμα
1752 1150 1765 1164 ·

195 1233 322 1301 ὅπερ
395 1231 544 1284 ἐστὶν
605 1228 857 1280 ἔκτοπον.
911 1226 1213 1296 Τοιγαροῦν
1277 1224 1600 1294 προσκυνῶν
1670 1225 1770 1294 τὴν

195 1325 370 1376 εἰκόνα
409 1320 668 1392 Χριστοῦ,
700 1320 760 1371 οὑ
789 1318 888 1388 τὴν
929 1317 1159 1386 θεότητα
1187 1317 1499 1385 προσκυνῶ,
1531 1315 1607 1379 ὣς
1637 1315 1770 1383 φασί

194 1434 326 1477 τινες
353 1432 369 1447 ·
419 1414 578 1466 τοῦτο
602 1413 712 1482 γὰρ
737 1411 836 1480 τῆς
868 1410 1096 1481 Τριάδος
1147 1409 1481 1477 σημαντικόν
1512 1425 1524 1437 ο
1573 1412 1667 1462 καὶ
1708 1410 1770 1462 οὑ

197 1511 534 1579 σεσάρκωται
565 1508 598 1574 ἡ
627 1505 797 1574 Τριάς
827 1521 844 1534 ο
885 1504 1067 1570 ἄπαγε
1103 1504 1114 1555 !
1152 1502 1290 1555 ἀλλὰ
1320 1503 1372 1554 τί
1401 1520 1413 1568 ;
1447 1504 1609 1556 αὑτὸν
1639 1504 1774 1572 Χρι-

197 1602 310 1654 στὸν
345 1599 631 1670 σχετικῶς.
679 1597 856 1658 Μόνος
885 1597 993 1665 γὰρ
1021 1596 1183 1657 αὐτὸς
1214 1597 1242 1647 ὁ
1276 1596 1581 1666 σαρκωθεὶς
1640 1596 1771 1658 Θεὸς

193 1694 372 1760 Λόγος.
427 1688 750 1760 Προσκυνῶν
779 1688 834 1740 δὲ
864 1687 1025 1741 αὑτὸν
1052 1687 1304 1757 Χριστὸν,
1335 1690 1577 1758 δηλονότι
1638 1706 1774 1758 συμ-

194 1784 573 1857 προσεκὺνησα
603 1781 695 1834 τὸν
729 1781 946 1850 Πατέρα
975 1779 1111 1848 ὁμοῦ
1136 1783 1230 1833 καὶ
1256 1783 1316 1833 τὸ
1342 1781 1583 1850 Πνεῦμα.
1611 1782 1771 1833 Ὥστε

192 1878 275 1930 διὰ
310 1877 407 1940 τῆς
453 1875 664 1936 εἰκόνος
719 1873 941 1943 σχετικὴ
976 1872 1200 1934 εἰκότως
1227 1871 1293 1924 ἂν
1338 1875 1509 1925 νοοῖτο
1537 1874 1631 1925 καὶ
1685 1872 1769 1924 λέ-

192 1984 350 2036 γοιτο·
382 1967 469 2020 ἐπ’
501 1966 666 2018 αὑτοῦ
693 1966 749 2018 δὲ
779 1961 1014 2034 Χριστοῦ
1050 1964 1402 2036 λατρευτική·
1435 1965 1511 2028 ὡς
1544 1982 1766 2017 συνεπι-

191 2060 475 2128 νοουμένου
503 2074 561 2108 τε
585 2057 678 2108 καὶ
709 2055 1304 2126 συμπροσκυνουμένου
1335 2056 1430 2109 τοῦ
1456 2073 1516 2110 τε
1553 2057 1765 2127 Πατρὸς

193 2153 279 2202 καὶ
300 2149 394 2202 τοῦ
431 2148 766 2218 Πνεὺματος.
797 2165 815 2197 ι

255 2324 451 2387 Καλῶς
481 2319 594 2388 οὖν,
645 2316 690 2376 ὦ
730 2323 847 2382 τᾶν,
880 2321 1024 2391 ἒχειν
1058 2340 1148 2392 μοι
1176 2323 1325 2377 δοκεῖ
1373 2324 1434 2378 τὸ
1481 2323 1763 2395 θεώρημα,

191 2417 278 2466 ἐπὶ
328 2416 429 2484 μὲν
478 2415 576 2484 τῆς
642 2412 921 2483 μακαρίας
974 2415 1069 2467 καὶ
1116 2415 1500 2486 προσκυνητῆς
1535 2417 1766 2482 Τριάδος

191 2510 302 2577 τὴν,
329 2507 474 2567 σὺν,
515 2506 772 2575 πρόθεσιν
799 2504 1074 2575 εἰλῆφθαι.
1118 2507 1182 2560 Ἠ
1219 2509 1348 2578 γὰρ,
1379 2508 1521 2573 σὺν,
1555 2508 1769 2580 διάκρι-

192 2615 270 2650 σιν
294 2598 402 2650 τῶν
433 2596 781 2649 ὑποστάσεων
828 2597 1221 2665 ὑποφαίνουσα,
1259 2600 1487 2668 ἑνότητα
1535 2603 1768 2674 φυσικὴν

192 2691 524 2758 παρίστησι·
580 2685 761 2749 καθὼς
795 2687 887 2740 ἐπὶ
930 2689 1024 2741 τοῦ
1065 2691 1334 2761 συμϐόλου
1389 2693 1490 2762 τῆς
1533 2695 1768 2758 πίστεως

192 2782 336 2852 παρὰ
366 2783 504 2834 πᾶσι
535 2781 882 2850 Χριστιανοῖς
910 2780 1119 2852 ᾄδεται.
1165 2782 1286 2834 Ἐπὶ
1311 2783 1368 2835 δὲ
1397 2785 1494 2855 τῆς
1529 2803 1767 2855 προσκυ-

194 2877 392 2943 νήσεως
424 2869 663 2940 Χριστοῦ
705 2887 761 2922 τε
795 2872 888 2924 καὶ
920 2876 1018 2942 τῆς
1064 2873 1226 2924 αὑτοῦ
1273 2876 1481 2939 εἰκόνος
1511 2878 1611 2929 οὑκ
1657 2877 1769 2947 ἔχει

193 2968 370 3035 χώραν
404 2967 464 3034 ἡ,
498 2962 640 3027 σὺν,
686 2964 944 3034 πρόθεσις
995 2965 1282 3034 εἰλῆφθαι·
1324 2967 1356 3038 ἢ
1407 2970 1515 3039 γὰρ
1569 2969 1655 3034 ἂν,
1690 2973 1770 3034 εἰς

192 3060 349 3112 δυάδα
389 3057 739 3110 ὑποστάσεων
786 3058 927 3110 κατὰ
961 3058 1052 3110 τὸν
1088 3059 1186 3120 τῆς
1238 3060 1559 3124 ἀκολουθίας
1614 3063 1770 3129 λόγον

195 3151 330 3220 [eum
395 3146 529 3215 Reg.
583 3147 675 3199 τὸν
733 3146 1063 3199 ἀποδοθέντα
1133 3147 1312 3220 λόγον]
1367 3145 1618 3204 διιστᾶσα
1670 3152 1769 3222 τὴν

197 3239 321 3308 μίαν
351 3238 673 3302 ὑπόστασιν,
698 3238 1009 3308 ἀποκομίσῃ
1038 3240 1183 3308 ἡμᾶς
1217 3243 1297 3304 εἰς
1329 3243 1388 3295 τὸ
1418 3243 1519 3312 τῆς
1545 3261 1771 3313 κτισμα-

193 3330 509 3400 τολατρείας
553 3330 828 3400 ἀσέϐημα.
883 3329 1092 3384 Οὑκοῦν
1134 3334 1417 3407 εἰκότωςὴ
1453 3337 1770 3408 ἀντωνυμία

195 3423 539 3494 παρελήφθη,
567 3425 687 3495 ἥτις
718 3424 779 3476 τὸ
809 3426 1009 3476 ένιαίον
1041 3425 1139 3496 τῆς
1168 3428 1519 3494 ὑποστάσεως
1551 3432 1640 3485 ἐπ’
1669 3434 1773 3501 ἀμ-

195 3520 308 3584 φοῖν
347 3518 637 3587 τηρήσασα
691 3516 930 3586 διίστησι
986 3517 1046 3569 τὸ
1098 3519 1338 3590 ἑτεροῖον
1377 3522 1486 3575 τῶν
1535 3523 1769 3590 φύσεων.

201 3625 216 3656 ‹
261 3610 370 3661 Καὶ
416 3608 571 3677 γοῦν,
619 3608 785 3679 φησὶν
815 3611 842 3662 ὀ
872 3607 1146 3675 πάνσοφος
1175 3611 1469 3677 Διονύσιος,
1513 3615 1773 3685 ἑκάτερον

196 3703 250 3753 ἐν
278 3703 528 3773 ἑκατέρῳ
577 3703 728 3771 παρά
756 3701 817 3754 τὸ
850 3701 948 3770 τῆς
993 3702 1182 3766 οὐσίας
1209 3705 1484 3775 διάφορον.
1521 3726 1540 3758 ι
1576 3710 1774 3776 Διαφο-

201 3792 401 3862 ρότητα
434 3787 530 3845 οὖν
564 3792 749 3853 οὐσίας
799 3792 996 3860 φήσας,
1027 3795 1332 3865 ταυτότητα
1370 3796 1610 3867 δηλονότι
1639 3800 1771 3851 ὑπο·

199 3883 460 3946 στάσεως,
515 3883 653 3936 κατὰ
694 3882 756 3934 τὸ
812 3881 1077 3951 ἑκάτερον
1118 3885 1174 3936 έν
1228 3887 1474 3959 ἑκατέρῳ
1504 3890 1769 3958 ὑπέδειξε·

198 3975 318 4028 καθ’
349 3977 420 4045 ὴν
443 3976 535 4026 καὶ
558 3975 591 4043 ἡ
633 3973 775 4027 κατὰ
811 3975 994 4044 σχέσιν
1021 3977 1390 4050 προσκύνησις
1416 3981 1770 4053 τεθεώρηται.

206 4066 267 4119 Ἡ
297 4067 409 4136 γὰρ
446 4066 650 4135 σχέσις,
680 4064 755 4128 ὣς
789 4082 942 4134 φασι,
973 4067 1082 4117 τῶν
1113 4069 1252 4138 πρός
1276 4069 1327 4122 τί
1355 4072 1522 4124 ἐστιν·
1561 4071 1680 4143 ἅμα
1713 4091 1772 4128 τε

197 4159 300 4228 γὰρ
334 4161 476 4218 ἐστι,
507 4157 600 4210 καὶ
633 4159 980 4229 ἀντιστρέφει
1013 4159 1151 4228 πρὸς
1181 4161 1408 4234 ἄλληλα,
1460 4160 1570 4216 οἷον
1609 4165 1773 4236 ἀρχέ-

196 4267 362 4303 τυπον
418 4250 552 4320 πρὸς
610 4251 813 4303 εἰκόνα.
851 4252 925 4303 Οὑ
982 4251 1088 4322 γὰρ
1145 4252 1211 4305 ἂν
1261 4257 1344 4325 είη
1408 4255 1631 4327 θάτερον
1697 4258 1772 4330 μὴ

198 4342 428 4411 θατέρου
473 4343 759 4413 παρόντος·
791 4342 925 4395 καθὸ
954 4342 1048 4395 καὶ
1088 4345 1219 4414 περὶ
1246 4345 1354 4399 τῶν
1382 4347 1498 4418 ἅμα
1547 4350 1768 4418 πεφιλο-

197 4433 450 4503 σόφηται.
491 4432 816 4502 Πρόσκειται
841 4431 917 4497 δὲ,
957 4432 1149 4503 ἤγουν
1179 4437 1550 4505 όμωνυμικήο
1587 4439 1678 4491 καί
1708 4457 1770 4510 γε

195 4525 288 4592 τῆς
336 4524 506 4592 αὑτῆς
529 4525 818 4594 ἐμφάσεως
845 4532 939 4576 καὶ
961 4525 1055 4596 ἥδε
1087 4525 1119 4596 η
1144 4525 1309 4590 λέξις.
1337 4529 1410 4581 Τὸ
1439 4530 1545 4601 γὰρ
1577 4530 1767 4602 ὄνομα,

1871 683 2037 732 nem;
2082 669 2227 738 quod
2285 677 2372 723 est
2428 669 2710 724 relativam
2752 686 2895 736 esse,
2937 687 3050 726 non
3096 673 3457 740 latreuticam,

1869 760 2082 815 tametsi
2095 761 2365 826 eamdem,
2393 761 2506 816 illic
2525 762 2744 832 quidem
2774 764 2854 818 sic
2873 765 3206 820 intellectam
3238 766 3464 823 dictam'

1839 867 1996 920 que,
2028 863 2298 922 quatenus
2347 854 2580 910 triadiea
2627 864 2712 910 est
2741 856 2856 911 sive
2883 858 3177 924 naturalis,
3204 858 3294 914 hic
3331 876 3464 915 vero

1869 953 2136 1014 quatenus
2172 947 2398 1000 relativa
2425 948 2543 1001 sive
2571 948 2932 1018 bypostatica.
2989 948 3128 1005 Nam
3184 951 3230 1007 si
3259 952 3463 1007 latren—

1871 1037 2033 1091 ticam
2080 1038 2307 1104 dixeris,
2362 1039 2710 1094 incarnatum
2741 1041 3080 1112 signiﬁcasti,
3124 1049 3187 1097 ut
3238 1042 3461 1107 Filium,

1873 1131 1953 1186 sic
1975 1140 2028 1186 et
2056 1130 2276 1186 Patrem
2308 1141 2363 1187 et
2388 1131 2674 1202 Spiritum,
2705 1134 2850 1202 quod
2875 1143 2958 1189 est
2999 1134 3319 1190 absurdum.
3357 1136 3465 1190 Ita-

1871 1237 1980 1290 que
2001 1222 2235 1278 adorans
2262 1223 2557 1293 imaginem
2583 1223 2812 1288 Christi,
2841 1240 2947 1279 non
2980 1226 3240 1281 deitatem
3267 1226 3460 1292 adoro,

1872 1314 2017 1369 sicut
2047 1316 2271 1385 quidam
2309 1317 2462 1371 aiunt
2489 1335 2502 1371 :
2534 1318 2638 1372 hoc
2671 1318 2818 1372 enim
2852 1318 3176 1375 Trinitatem
3209 1319 3462 1390 designa-

1873 1414 1995 1460 ret:
2053 1416 2110 1461 at
2158 1406 2400 1464 Trinitas
2446 1410 2730 1465 incarnata
2791 1426 2899 1465 non
2957 1419 3075 1477 est;
3113 1411 3297 1466 absit:
3330 1411 3461 1481 quid

1873 1499 2095 1552 autem?
2127 1500 2306 1569 ipsum
2341 1500 2624 1556 Christum
2656 1503 2902 1556 relative.
2962 1500 3127 1557 Solus
3167 1503 3312 1557 enim
3347 1505 3462 1572 ipse

1873 1588 2188 1644 incarnatus
2242 1600 2325 1644 est
2381 1589 2524 1646 Deus
2581 1591 2840 1646 Verbum.
2893 1591 3074 1661 lpsum
3116 1608 3248 1647 vero
3296 1592 3461 1647 Chri-

1874 1687 2017 1734 stum
2067 1680 2325 1746 adorans,
2378 1682 2522 1737 haud
2573 1683 2739 1739 dubie
2768 1684 3058 1739 coadoravi
3102 1684 3320 1740 Patrem
3354 1701 3461 1739 una

1873 1781 1928 1826 et
1966 1773 2250 1842 Spiritum.
2283 1773 2466 1841 Quare
2518 1777 2574 1831 in
2607 1778 2842 1848 imagine
2901 1781 3100 1834 merito
3134 1780 3462 1850 intelligetur

1874 1875 1929 1921 et
1948 1867 2161 1922 dicetur
2189 1868 2434 1932 relativa,
2453 1869 2506 1923 in
2532 1870 2655 1939 ipso
2682 1880 2862 1925 autem
2887 1871 3108 1928 Christo
3138 1873 3458 1938 latreutica;

1875 1967 2060 2027 utpote
2104 1959 2270 2014 simul
2303 1959 2586 2016 intellecto
2635 1971 2688 2016 et
2717 1962 2884 2017 simul
2934 1965 3166 2019 adorato
3209 1973 3262 2018 et
3297 1961 3458 2018 Patre

1871 2060 1924 2105 et
1949 2049 2179 2120 Spiritu.
2219 2070 2238 2100 ι

1944 2310 2109 2367 Recte
2139 2313 2324 2383 igitur,
2360 2314 2558 2379 amice,
2597 2316 2800 2370 habere
2831 2317 2961 2370 mihi
2985 2318 3190 2372 decisio
3221 2319 3454 2383 videtur,

1874 2406 1939 2459 de
1964 2406 2117 2459 beata
2134 2408 2355 2474 quidem
2369 2416 2422 2459 et
2436 2407 2712 2461 adoranda
2729 2408 2996 2464 Trinitate
3014 2412 3453 2481 praepositionem

1874 2495 2033 2548 simul
2075 2496 2348 2564 usurpari.
2383 2495 2558 2550 Simul
2585 2500 2727 2552 enim
2759 2499 3112 2570 hypostasum
3144 2503 3442 2558 discrimen

1876 2586 2363 2650 iunueus,naturaa
2420 2590 2682 2643 unitatem
2716 2591 2955 2657 exhibet,
2999 2594 3455 2660 quemadmodum

1876 2677 1928 2728 in
1981 2678 2235 2744 symbolo
2273 2678 2394 2732 ﬁdei
2433 2679 2573 2748 apud
2601 2681 2946 2737 Christianos
2977 2698 3169 2738 omnes
3214 2686 3453 2739 enititur.

1877 2767 1931 2820 lu
1963 2768 2279 2824 adoratioue
2318 2785 2446 2825 vero
2472 2771 2676 2826 Christi
2717 2784 2771 2826 et
2810 2774 3067 2844 imaginis
3099 2776 3240 2847 ejus,
3273 2777 3456 2832 locum

1876 2875 1982 2913 non
2038 2862 2198 2916 habet
2249 2866 2630 2933 praepositouis
2660 2867 2823 2920 simul
2854 2869 3140 2938 usurpatio
3175 2887 3187 2924 :
3225 2871 3454 2942 alioqui,

1877 2955 2023 3023 quod
2081 2955 2207 3010 inde
2262 2968 2605 3027 sequeretur,
2643 2961 2780 3016 duas
2829 2962 2882 3015 in
2918 2963 3238 3034 hypostases
3289 2981 3454 3021 unam

1878 3048 2141 3103 dirimens
2174 3049 2532 3120 hypostasim,
2574 3054 2870 3110 abduceret
2920 3073 3019 3112 nos
3068 3060 3135 3113 ad
3188 3073 3458 3116 creatura:

1878 3144 2058 3195 cultus
2097 3142 2449 3211 impietatem.
2492 3144 2676 3216 Itaque
2731 3149 2926 3204 merito
2976 3164 3321 3222 assumptum
3372 3165 3456 3210 est

1880 3247 2202 3299 pronomen,
2267 3237 2411 3304 quod
2449 3237 2714 3292 unitatem
2748 3239 3060 3310 hypostasis
3088 3243 3141 3297 in
3183 3247 3454 3302 ambobus

1875 3339 2097 3378 servans
2121 3367 2136 3389 ,
2182 3325 2551 3381 diversitatem
2581 3330 2866 3402 distinguit
2894 3343 3241 3393 naturarum.
3307 3358 3325 3390 ι
3360 3337 3457 3393 Est

1875 3414 2061 3483 igitur,
2086 3415 2161 3468 ait
2193 3417 2635 3485 sapientissimus
2666 3417 2977 3492 Dionysius,
3005 3425 3237 3480 alterum
3285 3428 3340 3481 in
3377 3430 3455 3481 al-

1876 3520 2012 3574 tero,
2043 3521 2238 3579 prazter
2262 3511 2582 3566 substantiae
2611 3512 3056 3583 discrepantiam.
3125 3518 3453 3591 Discrepat:-

1875 3601 2004 3656 tiam
2032 3611 2211 3657 autem
2232 3603 2550 3660 substantia:
2582 3622 2706 3660 cum
2739 3608 2896 3676 dixit,
2927 3608 3267 3666 identitatem
3300 3614 3454 3669 vide-

1873 3696 2001 3752 licet
2028 3697 2356 3770 hypostasis,
2403 3710 2674 3769 quatenus
2705 3703 2934 3758 alterum
2984 3707 3038 3760 in
3089 3707 3281 3774 altero,
3316 3709 3452 3765 insi-

1875 3790 2064 3843 nuavit
2093 3789 2283 3858 :juxta
2315 3806 2480 3858 quam
2519 3787 2744 3847 relativa
2771 3810 2992 3865 quoque
3043 3797 3291 3853 adoratio
3317 3817 3451 3855 cou-

1873 3881 2064 3934 stituta
2091 3889 2192 3936 est.
2225 3881 2437 3936 Relatio
2477 3883 2643 3951 enim,
2673 3893 2733 3939 ut
2778 3887 2954 3954 aiunt,
2979 3904 3170 3945 eorum
3208 3901 3293 3946 est
3331 3909 3452 3963 quae

1873 3973 1940 4026 ad
1988 3972 2231 4043 aliquid;
2270 3975 2433 4028 simul
2465 3975 2611 4030 enim
2664 3987 2815 4045 sunt,
2847 3989 2902 4032 et
2933 3975 3074 4035 inter
3119 3997 3179 4038 se
3220 3999 3452 4039 conver-

1874 4074 2084 4130 tuntur,
2117 4074 2176 4120 ut
2203 4066 2557 4138 archetypum
2603 4071 2668 4123 ad
2699 4071 3012 4140 imaginem.
3043 4072 3152 4128 Nec
3189 4075 3334 4130 enim
3367 4077 3445 4130 al-

1874 4167 2050 4213 terum
2075 4173 2199 4212 esse
2227 4159 2398 4228 possit
2433 4159 2608 4215 altero
2638 4175 2746 4214 non
2774 4173 3040 4230 praesente
3064 4181 3079 4228 ;
3103 4164 3247 4220 sicut
3281 4166 3350 4222 de
3383 4171 3450 4223 iis

1873 4267 1995 4320 quae
2015 4251 2177 4305 simul
2197 4262 2327 4305 sunt
2349 4252 2794 4322 philosophatum
2829 4266 2932 4310 est.
2951 4256 3236 4324 Adjectum
3258 4276 3446 4330 porro,

1872 4342 1976 4395 sive
2008 4343 2413 4412 homonymica;
2446 4344 2592 4412 quod
2626 4360 2822 4414 nempe
2867 4349 3117 4403 eamdem
3138 4353 3446 4421 emphasim

1873 4433 2068 4487 habeat
2093 4435 2206 4488 INBC
2227 4435 2414 4488 dictio.
2440 4436 2645 4489 Nomen
2666 4437 2811 4491 enim
2834 4441 3100 4496 nominati
3119 4459 3318 4499 nomen
3339 4460 3443 4501 εει.

1871 4524 2050 4591 Quare
2084 4527 2171 4580 hic
2209 4540 2426 4596 quoque
2453 4529 2803 4584 relativorum
2829 4543 2912 4587 est
2949 4535 3089 4591 ratio
3118 4553 3132 4590 :
3163 4538 3446 4605 quoniam,

196 4616 604 4687 ὀνομαζομένου
638 4615 829 4687 ὄνομα.
866 4618 1027 4670 Ὥστε
1078 4619 1353 4673 κάνταῦθα
1380 4619 1488 4674 τῶν
1511 4625 1643 4693 πρὸς
1671 4643 1722 4678 τι
1749 4630 1769 4679 ὁ

1879 4637 1946 4675 ex
1995 4621 2356 4690 philosophia:
2413 4623 2718 4692 praeceptis,
2749 4624 3084 4699 homonyma
3116 4645 3237 4684 esse
3281 4632 3447 4688 dece-

195 4709 349 4778 λόγος
375 4726 390 4739 ·
443 4710 566 4762 ἐπεὶ
617 4710 712 4762 καὶ
741 4710 881 4762 κατὰ
934 4709 1251 4777 φιλοσοφίας
1277 4712 1432 4780 λόγον
1458 4712 1603 4785 [cod.
1633 4714 1765 4788 Reg.

195 4801 338 4872 ὅρον]
368 4800 639 4870 ὁμώνυμά
665 4803 779 4853 ἐστι
808 4800 1169 4871 διδασκόμεθα
1195 4842 1210 4866 ,
1265 4796 1339 4856 ὧν
1384 4794 1552 4874 ὄνομα
1610 4808 1770 4874 μόνον

197 4896 372 4946 κοινόν
393 4907 408 4921 ⁸
449 4894 477 4944 ό
496 4892 554 4943 δὲ
597 4895 733 4946 κατὰ
754 4891 988 4961 τοῦνομα
1031 4893 1186 4961 λόγος
1224 4895 1323 4964 τῆς
1352 4898 1538 4959 οὑσίας
1561 4898 1766 4969 ἕτερος·

195 4979 302 5039 οἷον
356 4985 518 5047 αὑτὸς
552 4985 805 5052 Χριστὸς,
854 4987 946 5037 καὶ
998 4987 1027 5039 ὁ
1056 4990 1462 5056 γεγραμμένος.
1507 4992 1659 5044 Ἐπεὶ
1712 4994 1768 5045 δὲ

199 5080 306 5143 καί,
325 5076 726 5144 ὑποστατικὴ.
755 5079 1094 5146 πρόσκειται,
1121 5080 1278 5132 τοῦτο
1297 5081 1590 5154 διαρρήδην
1624 5086 1769 5154 ὡμο-

198 5168 420 5242 λόγηται
473 5169 620 5242 [c0d.
672 5169 797 5239 lleg.
834 5171 1276 5244 ἁποδέδεικται]’
1331 5174 1412 5226 ὅτι
1463 5176 1561 5245 οὑχ
1607 5178 1771 5248 ἑτέρα

200 5261 495 5326 ὑπόστασις
518 5263 668 5332 παρὰ
687 5263 785 5332 τὴν
805 5264 896 5316 τοῦ
928 5264 1168 5332 Χριστοῦ
1198 5267 1257 5317 έν
1283 5268 1350 5336 τῇ
1385 5267 1548 5319 αὑτοῦ
1578 5270 1768 5332 εἰκόνι,

200 5351 312 5405 ἀλλ’
337 5355 479 5424 αὑτὴ
506 5353 571 5424 δὴ
602 5353 899 5419 ὑπόστασις
931 5355 1190 5427 Χριστοῦ,
1220 5358 1384 5428 ἤγουν
1414 5359 1442 5409 ὁ
1487 5364 1772 5432 χαρακτὴρ

200 5445 273 5513 τῷ
295 5445 396 5515 τῆς
430 5446 646 5515 μορφῆς
683 5446 847 5500 αὑτοῦ
899 5449 1029 5500 εἴδει
1062 5449 1449 5518 ἐκφαινόμενός
1477 5452 1536 5503 τέ
1569 5455 1684 5506 ἐστι
1717 5458 1772 5506 ὲν

200 5535 262 5604 τῇ
293 5535 463 5587 εἰκόνι
511 5536 606 5588 καὶ
637 5539 1109 5608 προσκυνούμενος
1135 5556 1150 5571 ο
1179 5541 1272 5593 καὶ
1327 5541 1564 5612 ἔῤῥωται
1593 5547 1620 5597 ὁ
1664 5549 1770 5610 πᾶς

200 5620 351 5691 λόγος
389 5627 502 5688 τοῖς
551 5625 716 5693 ὑγιῶς
751 5627 1027 5695 φρονοῦσι.
1085 5628 1225 5698 Πρὸς
1275 5629 1330 5681 δὲ
1387 5629 1449 5681 τὸ
1504 5632 1771 5688 πίστωσιν

204 5714 342 5782 ἔχειν
378 5717 578 5786 μᾶλλον
635 5717 722 5770 τὸν
756 5718 938 5785 λόγον.
970 5721 1264 5788 ἀναγκαῖον
1307 5724 1600 5794 ἡγησάμην
1629 5733 1791 5799 τρεῖς,

203 5811 420 5878 χρήσεις
460 5810 735 5881 Ιιατρικὰς
791 5812 1068 5872 ὑποθεῖναι
1120 5817 1182 5884 τῇ
1235 5817 1526 5888 ἐπιστολῇ·
1581 5820 1654 5884 ὡς
1713 5823 1776 5876 ac

266 5927 307 5957 δ’
341 5928 494 5980 Deut.
523 5941 635 5987 xxx,
668 5927 746 5978 lii.

1876 4729 2020 4777 mur,
2055 4728 2286 4784 quorum
2333 4727 2531 4767 nomen
2570 4715 2746 4772 solum
2778 4731 3069 4773 commune
3110 4730 3218 4787 est;
3259 4737 3449 4778 essen-

1875 4805 1963 4859 tiae
2012 4819 2142 4858 vero
2195 4803 2354 4869 ratio,
2395 4818 2519 4873 quae
2571 4805 2774 4859 nomini
2834 4807 3041 4873 subest,
3095 4810 3304 4865 diversa
3340 4830 3356 4878 ;
3390 4825 3450 4867 ut

1875 4895 2128 4950 Christus
2159 4895 2293 4964 ipse,
2329 4903 2384 4948 et
2417 4896 2509 4964 qui
2541 4895 2723 4964 pictus
2761 4905 2864 4951 est.
2897 4896 3036 4953 Cum
3078 4910 3260 4956 autem
3290 4905 3446 4959 addi-

1876 4998 1986 5051 tur,
2038 4988 2144 5040 sive
2196 4986 2548 5057 hypouatica,
2587 4987 2691 5040 hoc
2745 4988 2946 5044 diserte
2998 4995 3282 5060 asseritur,
3337 5014 3444 5050 non

1877 5074 2057 5140 aliam,
2087 5090 2250 5145 quam
2305 5073 2529 5138 Christi,
2569 5075 2621 5127 in
2653 5075 2774 5145 ejus
2824 5077 3060 5148 imagine
3109 5082 3445 5152 hypostasim

1875 5183 2015 5232 esse,
2048 5168 2140 5222 sed
2171 5167 2462 5235 ipsammet
2499 5167 2687 5237 utique
2717 5170 3052 5240 hypostasim
3078 5171 3304 5240 Christi,
3332 5178 3449 5234 sive

1877 5262 2245 5316 characterem
2280 5275 2378 5329 per
2413 5260 2603 5315 formae
2641 5262 2816 5331 ipsius
2843 5266 3082 5333 speciem
3119 5270 3362 5338 conspici
3391 5272 3448 5325 in

1876 5355 2109 5424 imagine
2153 5363 2206 5406 et
2247 5353 2463 5408 adorari
2500 5371 2513 5406 :
2549 5366 2708 5423 atque
2748 5356 2818 5408 ita
2860 5356 3177 5412 conﬁrmata
3218 5371 3303 5415 est
3335 5371 3446 5417 tota

1873 5449 2048 5502 oratio
2073 5445 2220 5516 apud
2243 5461 2338 5501 eos
2363 5446 2457 5516 qui
2490 5455 2633 5502 recte
2660 5449 2918 5505 sentiunt.
2946 5450 3026 5505 Ad
3052 5453 3313 5523 majorem
3344 5473 3446 5510 au-

1875 5555 1979 5597 tem
2002 5539 2162 5595 [idem
2194 5555 2383 5594 eorum
2418 5555 2540 5608 quze
2573 5539 2720 5595 dicta
2753 5551 2902 5605 sunt,
2937 5547 3308 5606 necessarium
3341 5551 3446 5604 du-

1874 5635 2053 5688 ximus
2088 5640 2199 5686 tres
2245 5630 2469 5685 Patrum
2509 5633 2807 5688 sententias
2845 5634 3091 5703 epistola:
3139 5639 3404 5708 subjicere
3427 5660 3442 5707 ς

1886 5732 1943 5777 ut
1977 5724 2062 5778 hic
2087 5722 2250 5776 etiam
2277 5721 2564 5790 impleatur
2592 5722 2738 5791 quod
2771 5724 3031 5795 scriptum
3059 5738 3142 5781 est
3175 5746 3186 5780 :
3227 5728 3288 5782 In.
3317 5732 3447 5784 duo-

1887 5825 1975 5873 bus
2010 5829 2053 5871 ct
2089 5816 2251 5871 tribus
2284 5815 2496 5872 testibus
2539 5815 2695 5869 stabit
2728 5834 2875 5871 omne
2914 5821 3116 5873 verbum
3148 5823 3210 5875 δί’.
