3966 6448
552 362 683 428 1591

541 483 805 557 πληρωθῇ
865 482 1146 540 κάνταῦθα
1183 499 1198 515 ο

537 578 684 631 πεῖν.

682 690 1052 762 Cltryaostomt'
1084 707 1148 745 ea:
1173 690 1611 759 interpretatione
1643 689 1694 740 in
1733 685 1954 740 Pelvim.

610 864 683 921 Ut
727 879 850 918 cum
893 869 1056 934 regiae
1093 861 1293 932 efﬁgies
1321 870 1374 915 et
1412 859 1678 929 imagines
1710 859 1762 912 in
1795 858 1983 911 urbem
2031 855 2114 909 af-

1753 357 1812 417 S.
1865 355 2252 416 THEODORI
2305 356 2651 418 STUDlT/E

1265 481 1398 536 Ἐπὶ
1473 479 1586 534 δύο
1662 481 1760 533 καὶ
1819 476 1995 546 τριῶν
2068 479 2381 548 μαρτύρων
2443 478 2808 547 σταθήσεται
2881 477 3031 534 πᾶν·
3091 477 3296 547 ῥῆμα,
3359 479 3661 548 Γραφικῶς
3729 484 3802 532 ει.

2147 688 2199 747 Α

3670 356 3801 418 159?.

2369 681 2479 739 Τοῦ
2508 683 2939 807 Χρυσοστόμὶρυ
2965 683 3038 764 ἐξ
3061 683 3173 748 τῆς
3209 682 3527 752 ἑρμηνείας
3557 683 3667 737 τοῦ

2898 769 3164 807 mmooc.

2898 769 3164 821 ιπτηρος.

2297 852 2465 904 Ὅταν
2490 849 2757 920 βασιλικοὶ
2786 850 3131 920 χαρακτῆρες
3162 847 3254 900 καὶ
3281 845 3494 910 εἰκόνες
3532 848 3618 911 είς
3649 847 3804 902 πόλιν

538 957 812 1019 feruntur,
853 957 1069 1011 obviam
1105 953 1412 1025 procedunt
1467 952 1824 1022 magistratus
1853 958 1905 1003 et
1941 948 2123 1019 populi

2234 942 2607 1014 εἰσφέρωνται,
2649 940 2962 995 ὑπαντῶσιν
2999 939 3257 1008 ἄρχοντες
3311 938 3406 990 καὶ
3461 938 3629 1006 δῆμοι
3691 940 3804 1008 μετ’

537 1066 662 1104 cum
731 1047 926 1103 faustis
966 1045 1476 1108 acclamationibus,
1538 1058 1646 1097 non
1719 1041 1931 1096 tabulas
1969 1080 1986 1103 ,
2032 1047 2123 1093 aut

2234 1036 2498 1104 εὐφημίας
2523 1049 2537 1064 ’
2562 1033 2623 1086 οὐ
2656 1033 2842 1086 σανίδα
2878 1030 3167 1099 τιμῶντες,
3198 1030 3320 1083 οὐδὲ
3349 1029 3447 1099 τὴν
3500 1029 3805 1099 κηρόχυτον

537 1155 725 1196 cereas
755 1139 997 1209 picturas
1029 1139 1383 1202 honorantes,
1421 1135 1514 1190 sed
1547 1133 1753 1203 regiam
1787 1132 2074 1201 imaginem
2103 1147 2119 1195 ;

540 1232 621 1285 sic
685 1239 960 1295 creatura,
994 1243 1102 1282 non
1137 1238 1408 1282 terrenam
1473 1225 1702 1294 figuram
1738 1225 1987 1284 honorat,
2024 1221 2119 1276 sed

537 1324 815 1379 ctelestem
851 1309 1076 1391 efﬁgiem
1099 1331 1407 1375 veneratur.

608 1435 811 1507 Synodi
839 1436 1178 1490 Antiocheam
1209 1437 1305 1487 sub
1350 1432 1665 1487 Theodorito
1709 1430 2040 1500 patriarcha.

606 1595 725 1650 Non
755 1604 814 1650 ut
845 1595 1076 1651 alterum
1113 1594 1307 1661 forma,
1336 1594 1430 1649 sed
1464 1601 1521 1647 ut
1570 1592 1748 1662 ipsum
1782 1607 1948 1646 unum
2003 1590 2114 1645 Do.-

537 1692 746 1745 miuum
809 1689 862 1742 in
923 1704 1030 1743 una
1091 1687 1267 1742 forma
1314 1688 2003 1754 exsistentem;quatenus
2065 1694 2119 1740 et

2222 1127 2462 1198 γραφὴν,
2491 1126 2626 1179 ἀλλὰ
2649 1125 2740 1178 τὸν
2772 1123 3095 1194 χαρακτῆρα
3126 1121 3218 1175 τοῦ
3244 1122 3531 1192 βασιλέως·
3567 1120 3746 1185 οὕτως
3772 1125 3802 1192 ή

2221 1220 2418 1284 κτίσις,
2449 1220 2510 1272 οὐ
2535 1218 2597 1272 τὸ
2624 1220 2809 1288 γήϊνον
2853 1218 3036 1288 σχῆμα
3067 1217 3226 1287 τιμᾷ,
3259 1215 3397 1271 ἀλλὰ
3429 1215 3521 1268 τὸν
3550 1216 3805 1287 οὐράνιον

2226 1312 2550 1384 χαρακτῆρα
2571 1311 2821 1366 αἰδεῖται.

2228 1426 2342 1494 Τῆς
2370 1427 2441 1480 ἐν
2477 1426 2805 1495 Ἀντιοχείᾳ
2838 1423 3107 1510 συν-ᾅδου
3134 1425 3236 1478 ἐπὶ
3280 1422 3645 1492 Θεώωριτου
3694 1441 3806 1478 ,τα-

2855 1511 3159 1563 τριαρχου.

2294 1591 2404 1660 Οὐχ
2437 1590 2513 1653 ὡς
2555 1590 2739 1660 ἕτερον
2774 1593 2839 1661 τῇ
2884 1593 3088 1661 μορφῇ,
3125 1590 3240 1643 ἀλλ’
3270 1591 3346 1654 ὡς
3377 1591 3542 1644 αὐτὸν
3567 1591 3669 1645 ἕνα
3698 1592 3808 1644 K12-

2227 1700 2342 1753 ριον
2373 1685 2433 1736 ὲν
2467 1683 2565 1753 μιᾷ
2616 1685 2797 1753 μορφῇ
2826 1683 2955 1737 δντα
2981 1700 2994 1714 ·
3028 1684 3150 1736 καθ’
3171 1683 3230 1736 ὃν
3271 1685 3361 1736 καί
3405 1687 3702 1756 χαρακτὴρ
3731 1680 3806 1748 εἷς

538 1786 823 1840 character
873 1799 1016 1840 unus
1062 1782 1238 1838 Patris
1299 1783 1621 1838 substantia:
1668 1791 1848 1846 natus,
1897 1789 1952 1834 et
1996 1791 2120 1833 ante

2234 1775 2487 1844 πεφυκὼς
2519 1777 2618 1844 τῆς
2650 1775 2743 1828 τοῦ
2773 1776 2985 1848 Πατρὸς
3016 1776 3388 1839 ὑποστάσεως,
3416 1779 3511 1830 καὶ
3537 1779 3649 1849 πρὸ
3685 1798 3808 1850 σαρ-

540 1891 765 1931 carnem
826 1876 1182 1944 incorporeus
1215 1885 1354 1940 erat,
1394 1883 1448 1929 et
1482 1874 1536 1928 in
1565 1889 1727 1928 carne
1755 1888 1898 1928 unus
1927 1881 2043 1940 est;
2067 1882 2120 1926 et

541 1969 596 2021 in
629 1966 866 2037 imagine
888 1966 1028 2022 idem
1051 1981 1192 2020 unus
1220 1975 1323 2027 est.
1358 1979 1464 2018 non
1494 1964 1704 2019 divisus
1727 1964 1782 2018 in
1822 1964 1959 2017 duos
1989 1964 2119 2017 cha-

540 2068 804 2125 racteres,
841 2075 939 2112 nec
977 2058 1031 2112 in
1073 2057 1211 2112 duas
1243 2057 1451 2112 scissus
1477 2057 1713 2127 glorias;
1745 2056 1837 2111 sed
1872 2056 1924 2108 in
1957 2069 2118 2108 unam

539 2151 876 2207 coalescens.
918 2148 981 2201 Et
1007 2159 1122 2219 post
1155 2150 1264 2202 alia
1293 2165 1312 2205 :
1345 2148 1449 2203 Sed
1487 2145 1946 2218 quemadmodum
2008 2146 2124 2214 ipse

540 2254 684 2296 unus
707 2249 791 2294 est
818 2256 886 2293 ex
917 2238 1137 2294 duobus
1195 2237 1512 2302 contrariis,
1545 2246 1598 2291 et
1631 2237 1684 2290 in
1717 2253 1880 2291 unam
1936 2235 2120 2290 coale-

549 2333 654 2390 scit
691 2347 980 2404 personam
1007 2350 1023 2400 ;
1055 2333 1136 2387 sic
1161 2331 1322 2386 etiam
1349 2331 1521 2401 ipsius
1551 2331 1730 2400 imago
1761 2338 1816 2384 et
1835 2343 1941 2382 una
1964 2338 2046 2383 est
2071 2337 2124 2382 et

540 2425 784 2495 ejusdem
838 2424 1001 2480 unius
1050 2422 1499 2491 Christizneque
1555 2421 1782 2475 alterum
1842 2421 2123 2474 characte-

541 2533 655 2572 rem
692 2517 996 2573 secuudum
1040 2532 1259 2572 carnem
1315 2514 1636 2585 apparuisse
1680 2514 1836 2567 nobis
1868 2513 2122 2577 dicimus;

541 2620 598 2663 et
650 2609 881 2664 alterum
943 2609 1000 2662 in
1078 2608 1317 2676 imagine
1365 2606 1714 2662 eﬂ‘ormatum
1747 2606 2122 2660 characterem

537 2703 692 2771 juxta
725 2700 963 2770 speciem
1002 2701 1197 2754 formae
1224 2697 1434 2768 ipsius;
1475 2698 1569 2753 sed
1600 2696 1858 2751 eumdum
1892 2709 2060 2749 unum
2106 2708 2119 2745 :

542 2793 799 2862 quoniam
829 2807 1006 2862 neque
1046 2792 1333 2846 character
1363 2789 1544 2847 dictus
1576 2800 1660 2845 est
1688 2798 1960 2859 quatenus
2002 2801 2123 2842 cor-

543 2901 669 2951 pus,
702 2887 795 2939 sed
829 2893 1098 2954 quatenus
1134 2885 1491 2952 incorporeus
1520 2900 1533 2935 :
1565 2891 1618 2935 et
1656 2881 1760 2935 hoc
1793 2879 1995 2935 clarius
2026 2891 2123 2946 per

2228 1869 2321 1926 κὸς
2348 1867 2639 1938 ἀσώματος
2669 1863 2749 1932 εἷς
2784 1885 2842 1922 τε
2881 1865 2972 1939 ῆν,
3006 1871 3100 1922 καί
3131 1871 3190 1922 ὲν
3224 1869 3391 1937 σαρκὶ
3418 1865 3498 1933 εἲς
3533 1872 3677 1936 ἐστι,
3717 1875 3810 1927 καὶ

2227 1961 2284 2012 ὲν
2335 1961 2504 2013 εἰκόνι
2529 1962 2558 2014 6
2586 1961 2744 2024 αὐτὸς
2775 1954 2857 2021 εἷς
2896 1962 3149 2031 ὑπάρχει·
3185 1961 3260 2031 μὴ
3290 1961 3678 2032 διαιρούμενος
3733 1967 3811 2027 εἰς

2227 2053 2319 2106 δύο
2355 2056 2707 2125 χαρακτῆρας
2732 2071 2746 2086 ο
2789 2056 2927 2126 μήτε
2955 2055 3011 2108 δὲ
3043 2054 3359 2126 σχιζόμενος
3394 2057 3473 2118 εἰς
3500 2057 3595 2109 δύο
3628 2058 3808 2123 δόξας·

2227 2145 2342 2198 ἀλλ’
2371 2148 2450 2208 εἰς
2504 2147 2632 2216 μίαν
2687 2147 3073 2218 συναγόμενος.
3108 2149 3214 2202 Καὶ
3257 2151 3382 2218 μεθ’
3411 2149 3619 2217 ἓτεραο
3670 2151 3810 2205 Ἀλλ’

2229 2237 2417 2308 ὥσπερ
2446 2238 2606 2302 αὐτὸς
2643 2232 2722 2301 εἷς
2751 2240 2900 2292 ἐστιν
2928 2242 2991 2294 ἐκ
3016 2240 3109 2292 δύο
3157 2241 3262 2295 τῶν
3290 2243 3566 2307 ἐναντίων,
3601 2246 3700 2298 καὶ
3733 2248 3813 2308 εἰς

2229 2329 2288 2381 ἒν
2323 2330 2613 2398 συνάγεται
2653 2332 2942 2402 πρόσωπον
2969 2350 2982 2365 ο
3011 2333 3157 2387 οὕτω
3186 2335 3277 2387 καὶ
3301 2334 3466 2388 εἰκὼν
3499 2338 3672 2391 αὐτοῦ
3714 2343 3814 2408 μία

2229 2420 2288 2473 τέ
2315 2421 2452 2484 ἐστι,
2483 2421 2576 2474 καὶ
2609 2421 2702 2473 τοῦ
2738 2421 2902 2474 αὐτοῦ
2925 2423 3041 2485 ἐνὸς
3063 2425 3324 2493 Χριστοῖν
3360 2426 3456 2479 καὶ
3489 2428 3589 2497 οὐχ
3621 2429 3814 2500 ἓτερον

2230 2512 2553 2582 χαρακτῆρα
2609 2513 2842 2583 ἐροῦμεν
2900 2514 2989 2566 τὸν
3041 2517 3181 2568 κατὰ
3234 2517 3414 2589 σάρκα
3473 2520 3816 2586 ἐπιφανέντα

2229 2604 2382 2672 ἡμῖν,
2417 2604 2510 2656 καὶ
2562 2604 2746 2676 ἕτερον
2797 2606 2888 2657 τὸν
2942 2605 3063 2658 κατ’
3099 2608 3285 2661 εἰκόνα
3335 2611 3815 2680 σχηματιζόμενα

2231 2697 2557 2768 χαρακτῆρα
2587 2699 2643 2750 ὲν
2681 2697 2809 2750 εἴδει
2870 2698 3084 2768 μορφῆς
3115 2698 3281 2751 αὐτοῦ
3315 2716 3328 2730 ·
3359 2700 3496 2753 ἀλλὰ
3523 2702 3615 2755 τὸν
3647 2706 3815 2757 αὐτὸν

2230 2785 2356 2838 ἕνα·
2406 2786 2530 2838 ἐπεὶ
2583 2787 2721 2855 μήτε
2771 2786 2906 2839 καθὸ
2939 2786 3098 2856 σῶμα
3147 2789 3174 2840 6
3224 2789 3510 2860 χαρακτὴρ
3566 2793 3814 2862 εἴρηται,

2232 2877 2365 2931 ἀλλὰ
2392 2878 2527 2930 καθὸ
2560 2877 2870 2946 ἀσώματον·
2902 2878 3171 2934 καὶτοῦτο
3198 2879 3399 2948 μᾶλλον
3423 2880 3510 2934 διὰ
3533 2883 3631 2936 τοῦ
3667 2885 3814 2940 θείου

544 2975 792 3028 divinum
824 2973 1284 3043 Chrysostomum
1305 2972 1686 3041 explicabitur,
1712 2969 1807 3039 qui
1841 2969 2123 3022 characte-

2234 2970 2615 3038 Χρυσοστόμου
2648 2969 3176 3040 διευκρινηθήσεται,
3204 2972 3295 3025 τὸν
3349 2973 3686 3045 χαρακτῆρα
3724 2979 3817 3030 οὐ-

545 3079 660 3119 rein
683 3064 962 3119 caelestem
993 3063 1143 3129 dicit,
1175 3064 1373 3133 quippe
1401 3063 1496 3131 qui
1535 3077 1565 3115 e
1603 3062 1765 3123 coelo,
1797 3075 1906 3113 non
1932 3067 2122 3128 quate—

549 3172 654 3212 nus
688 3173 907 3224 corpus,
948 3158 1045 3211 sed
1078 3165 1358 3226 'quatenus
1397 3155 1775 3224 incorporeus,
1810 3152 2120 3224 unigenitus

548 3248 695 3303 Deus
719 3246 1059 3304 descendens
1090 3250 1156 3303 de
1181 3248 1337 3302 ctelis
1375 3247 1694 3301 incarnatus
1733 3253 1836 3311 est,
1873 3256 1927 3300 et
1955 3260 2120 3314 appa-

546 3342 659 3396 ruit
695 3355 926 3410 corpore
972 3348 1162 3396 nostro
1199 3340 1441 3393 indutus.
1491 3337 1559 3391 Et
1588 3347 1704 3406 post
1740 3354 1910 3406 pauca
1936 3355 1954 3392 :
1979 3336 2122 3407 Ergo

546 3434 678 3504 quia
704 3450 799 3503 per
822 3434 1139 3489 relationem
1163 3433 1341 3504 ipsum
1375 3432 2014 3494 ostenditcharacterem,
2040 3433 2122 3500 ip-

549 3541 672 3579 sum
723 3525 1003 3582 Christum
1053 3527 1368 3592 adoramus,
1419 3535 1474 3580 et
1519 3540 1628 3578 non
1677 3525 1960 3579 materiam
2006 3535 2121 3578 arte

544 3618 836 3688 figuratam
866 3619 919 3672 in
958 3619 1214 3689 imagine.

1041 3730 1243 3802 Synodi
1276 3730 1514 3785 Nicwna:
1549 3729 1610 3783 ΙΙ
1650 3769 1664 3782 .

623 3845 688 3900 Et
706 3846 799 3937 qui
825 3846 1014 3901 adorat
1041 3845 1357 3916 imaginem,
1381 3845 1573 3900 adorat
1602 3846 1654 3898 in
1690 3861 1751 3898 ea
1787 3845 2119 3914 hypostasim

548 3939 666 4008 ejus
701 3939 794 4007 qui
832 3939 1079 4008 depictus
1131 3946 1231 3992 est.

829 4049 1034 4107 CXCV.
1061 4082 1132 4094 —
1158 4051 1413 4106 Eudacia:
1458 4052 1870 4106 Candidatissaz.

2231 3060 2413 3130 ράνιον
2466 3060 2732 3128 λέγοντος,
2765 3063 2993 3134 ἐπείπερ
3023 3064 3120 3117 καὶ
3165 3066 3224 3132 ἐξ
3276 3066 3530 3136 οὐρανοῦ,
3569 3069 3632 3120 οὐ
3675 3072 3817 3123 καθὸ

2232 3154 2411 3220 σῶμα,
2438 3152 2574 3206 ἀλλᾶ
2599 3153 2734 3207 καθὸ
2765 3153 3054 3225 ἀσώματον
3079 3197 3094 3220 ,
3131 3159 3158 3209 6
3189 3157 3482 3228 μονογενὴς
3507 3157 3646 3222 Θεὸς
3681 3178 3814 3214 κατ-

2229 3245 2397 3299 ελθὼν
2425 3246 2490 3299 ἐκ
2522 3245 2629 3298 τῶν
2659 3247 2905 3316 οὐρανῶν
2930 3248 3238 3319 ἐσαρκὼθη,
3259 3251 3348 3302 καὶ
3374 3251 3616 3319 ἐπέφανε
3651 3252 3816 3322 σῶμα

2229 3337 2584 3407 περιθέμενος
2616 3337 2678 3388 τὸ
2727 3338 3015 3407 ἡμέτερον.
3045 3340 3154 3392 Καὶ
3179 3342 3306 3407 μετ’
3342 3341 3518 3409 ὀλίγα
3546 3361 3560 3374 ·
3597 3344 3815 3398 Οὐκοῦν

2227 3430 2351 3482 ἐπεὶ
2387 3430 2529 3482 κατὰ
2564 3429 2845 3498 ἀναφορὰν
2878 3430 3041 3483 αὐτὸν
3069 3431 3310 3485 δείκνυ’σι
3336 3433 3426 3485 τὸν
3456 3439 3812 3507 χαρακτῆρα,

2228 3522 2390 3577 αὐτὸν
2421 3521 2655 3592 Χριστὸν
2690 3521 3122 3593 προσκυνοῦμεν,
3154 3525 3246 3576 καὶ
3288 3525 3348 3576 οὐ
3379 3523 3477 3595 τὴν
3532 3525 3671 3596 ῦλην
3719 3546 3814 3582 τε-

2228 3616 2427 3686 χνικῶς
2457 3617 2932 3688 σχηματιζομένην
2960 3620 3018 3671 έν
3047 3621 3112 3689 τῇ
3147 3619 3341 3674 εἰκόνι.

2532 3729 2651 3799 Τῆς
2677 3731 2749 3785 ἐν
2775 3734 2990 3800 Νικαίᾳ
3018 3734 3284 3788 συνόδου
3315 3733 3380 3787 τὸ
3414 3736 3496 3788 B'.

2300 3847 2410 3900 Καὶ
2439 3848 2468 3899 6
2501 3848 2820 3918 προσκυνῶν
2849 3849 2946 3918 τὴν
2970 3850 3181 3914 εἰκόνα,
3219 3853 3516 3922 προσκυνεῖ
3553 3855 3612 3905 ἐν
3667 3856 3809 3928 αὐτῇ

2227 3939 2320 3992 τοῦ
2356 3941 2762 4011 ἐγγραφομένου
2793 3943 2890 4013 τὴν
2923 3942 3234 3996 ὑπόστασιν.

2307 4054 2449 4121 Ριιιῑν
2480 4055 2612 4124 (89).
2643 4085 2710 4096 -—
2734 4055 2996 4125 Εὐδοκίςι
3019 4055 3489 4127 Κανδιδατίσσῃ.
3530 4059 3700 4136 [apri

1444 4159 1448 4164 ’
1543 4163 1745 4224 ιΕεζιδυηι
1773 4162 1910 4213 vanis
1935 4166 2205 4216 terroribus
2227 4166 2441 4216 animum
2480 4167 2781 4217 corroborat.

628 4275 926 4330 Indicatum
955 4284 1038 4330 est
1071 4275 1202 4328 mihi
1226 4290 1255 4329 a
1283 4274 1448 4329 fratre
1484 4274 1726 4337 Silvano,
1752 4276 2121 4332 honorificen—
2157 4283 2203 4339 D

555 4370 685 4423 tiam
718 4376 865 4420 tuam
890 4365 941 4418 iu
978 4379 1217 4420 mcerore
1247 4380 1390 4428 esse,
1428 4377 1644 4436 propter
1675 4376 1877 4421 metum
1930 4383 2121 4435 quem-

555 4464 679 4516 dam
713 4467 767 4513 et
801 4467 1089 4521 terrorem,
1136 4457 1232 4526 qui
1279 4460 1515 4513 animam
1561 4461 1767 4530 absque
1807 4462 1914 4516 ulla
1955 4478 2120 4517 causa

555 4552 861 4620 occupavit.
915 4550 1068 4616 Quod
1126 4551 1353 4606 audiens
1392 4567 1492 4622 ego
1541 4553 1763 4610 humilis
1801 4556 1943 4609 haud
2004 4556 2122 4611 sine

556 4641 722 4696 animi
769 4656 934 4696 sensu
981 4642 1101 4706 tuli,
1134 4642 1227 4696 sed
1260 4642 1432 4709 dolui,
1473 4655 1831 4715 precatusque
1871 4663 2017 4714 sum,
2055 4649 2122 4702 li-

554 4744 636 4784 cet
668 4729 920 4799 indignus
946 4731 1036 4800 qui
1091 4748 1121 4784 a
1153 4731 1265 4785 Deo
1304 4734 1584 4799 exaudiar,
1623 4743 1740 4789 uta
1776 4745 1826 4792 te
1865 4739 2123 4794 abscedat

555 4823 850 4875 hicmctus.
870 4820 1012 4886 Quin
1037 4838 1183 4877 nunc
1203 4825 1365 4877 etiam
1381 4833 1433 4878 et
1449 4840 1548 4893 ego
1562 4835 1617 4880 et
1631 4827 1884 4884 dominus
1907 4832 2122 4885 archie-

551 4917 826 4984 piscopus,
846 4925 899 4968 et
928 4913 1122 4969 fratres
1149 4914 1310 4968 simul
1342 4927 1500 4971 orant
1532 4926 1592 4972 ut
1619 4919 1791 4987 pietas
1811 4932 1899 4975 tua
1930 4923 1999 4976 ab
2021 4927 2122 4979 hoc

535 5009 744 5060 miorbo
760 5009 1121 5061 c0uva|escat.
1140 5005 1410 5061 Caeterum
1427 5010 1647 5065 morbus
1660 5011 1767 5079 hic,
1781 5012 2124 5078 domina,ab-

553 5099 753 5152 surdus
792 5108 949 5152 estet
974 5100 1096 5166 jure
1115 5101 1766 5172 contemnendus;neque
1810 5105 2124 5162 existimare

551 5192 715 5244 debes
734 5193 910 5259 ipsum
932 5192 1028 5247 tibi
1053 5195 1350 5262 quidquam
1379 5195 1503 5248 mali
1531 5195 1723 5251 aﬂ‘erre
1743 5200 2128 5269 possezsiqui-

552 5285 672 5337 «lein
705 5283 980 5338 Christum
1008 5286 1195 5341 induta
1222 5303 1300 5352 es,
1343 5298 1397 5341 et
1431 5304 1649 5344 crucem
1676 5291 1796 5358 ejus
1834 5307 1932 5361 pro
1961 5293 2128 5348 armis

556 5377 721 5430 habes
749 5377 941 5448 :cujus
964 5377 1120 5448 signo
1146 5390 1195 5433 te
1216 5382 1493 5448 muniens,
1521 5398 1711 5439 omnes
1735 5385 1986 5454 protinus
2017 5386 2126 5439 da:-

553 5469 732 5522 monis
759 5471 1040 5524 machinas
1067 5473 1414 5541 expulsurani
1449 5485 1499 5530 te
1529 5475 1708 5540 crede,
1732 5477 1844 5532 sive
1866 5478 2122 5542 interdiu,

2310 4280 2580 4352 Ἐδηλώθη
2641 4298 2731 4352 μοι
2779 4281 2882 4334 ὐπὸ
2937 4281 3030 4336 τοῦ
3083 4283 3312 4353 ἀδελφοῦ
3349 4287 3642 4342 Σιλουανοῦ
3674 4295 3812 4362 περὶ

2224 4372 2321 4441 τῆς
2351 4372 2662 4441 τιμιότητός
2695 4389 2808 4433 σου.
2841 4373 2922 4426 ὅτι
2953 4375 3011 4426 ὲν
3041 4375 3186 4449 λύπῃ
3215 4377 3330 4430 ἐστὶ
3381 4379 3470 4432 διὰ
3495 4381 3556 4432 τὸ
3584 4382 3812 4449 ἐγγίνε-

2228 4463 2350 4516 σθαί
2391 4480 2471 4516 σοι
2505 4464 2668 4531 φόόον
2722 4463 2847 4519 τινὰ
2885 4465 2980 4518 καὶ
3022 4467 3247 4539 πτόησιν
3275 4470 3334 4522 ὲν
3376 4473 3442 4539 τῇ
3476 4470 3619 4544 ψυχῇ
3670 4475 3808 4528 ἄνευ

2223 4556 2369 4618 τινὸς
2395 4555 2590 4619 αἰτίας.
2621 4557 2729 4609 Καὶ
2758 4556 2996 4620 ἀκούσας
3019 4559 3119 4611 οὐκ
3144 4558 3369 4623 ἀπαθῶς
3400 4563 3608 4633 ἤνεγκα
3639 4566 3668 4616 6
3707 4583 3810 4620 ταο

2226 4647 2406 4711 πεινός
2435 4665 2447 4676 ·
2498 4647 2632 4701 ἀλλὰ
2662 4648 2757 4700 καὶ
2803 4649 3100 4721 ἐλυπήθην,
3138 4653 3229 4704 καὶ
3276 4654 3551 4725 ηὐξάμην,
3607 4660 3658 4710 εἰ
3709 4662 3808 4713 καὶ

2225 4737 2442 4802 ἀνάξιος
2497 4737 2869 4792 ῦπακούεσθαι
2923 4739 3078 4811 παρὲ
3118 4739 3273 4804 Θεοῦ,
3309 4741 3536 4812 λυθῆναι
3588 4747 3648 4798 τὸ
3681 4747 3808 4813 δέος

2224 4829 2401 4881 έκεῖνο
2445 4828 2552 4881 άπὸ
2599 4826 2715 4881 σοῦ.
2761 4827 2919 4880 Ἀλλά
2952 4829 3044 4881 καὶ
3078 4828 3157 4883 ἔτι
3188 4828 3342 4898 κάγὼ
3383 4833 3478 4885 καὶ
3531 4835 3560 4886 6
3609 4836 3810 4906 κύριος

2224 4925 2252 4975 6
2275 4921 2724 4991 άρχιεπίσκοπος.
2760 4921 2852 4973 κα)⁸
2889 4922 2938 4974 οἱ
2965 4921 3184 4991 ἀδελφοὶ
3214 4923 3559 4994 συνεύχονται
3591 4935 3803 5001 καταρς

2227 5015 2514 5085 ῥαῖσθῆναι
2560 5012 2622 5065 τὸ
2651 5012 2820 5076 πάθος
2852 5011 2958 5065 ἀπὸ
3008 5015 3105 5083 τῆς
3138 5014 3420 5078 εὐσεϐείας
3453 5035 3568 5072 σου.
3630 5021 3810 5075 Τοῦτο

2225 5105 2302 5168 δὲ,
2339 5104 2524 5174 κυρία,
2557 5101 2848 5155 ἀλλόκοτόν
2876 5103 2992 5155 ἐστι
3016 5103 3076 5156 τὸ
3106 5104 3295 5170 πάθος,
3321 5106 3415 5158 καὶ
3450 5107 3808 5180 εὐκαταφρό-

2229 5210 2387 5264 νητον
2421 5208 2434 5221 '
2492 5194 2584 5246 καὶ
2618 5193 2716 5244 οὐκ
2773 5193 3006 5262 ὀφείλεις
3044 5192 3353 5262 λογίζεσθαι
3411 5198 3544 5250 αὐτὸ
3572 5199 3714 5265 ὅλως
3747 5204 3808 5255 έν

2228 5302 2337 5337 τινι
2366 5285 2660 5354 δυνάμενόν
2698 5301 2756 5337 σε
2789 5284 3199 5354 παραδλάπτειν
3225 5304 3238 5316 ·
3275 5287 3409 5340 διότι
3437 5290 3528 5342 τὸν
3562 5291 3806 5361 Χριστὸν

2229 5377 2574 5446 ὲνδεδυμένη,
2610 5376 2814 5429 καὶτὸν
2843 5376 3074 5447 σταυρὸν
3104 5376 3267 5430 αὐτοῦ
3293 5378 3437 5449 ἔχεις
3469 5381 3636 5436 ὅπλον
3669 5402 3684 5415 ο
3715 5388 3805 5454 ἐφ’

2229 5464 2272 5538 ᾧ
2297 5469 2688 5540 σημειουμένη,
2723 5467 3048 5522 άποδιώκειν
3073 5471 3325 5540 παραυτά
3363 5471 3585 5528 πίστευε
3620 5479 3808 5533 πᾶσαν

2066 5698 2293 5755 NOTAE.

623 5810 734 5879 (89)
760 5812 814 5865 In
853 5814 972 5866 cod.
1015 5814 1143 5884 Reg.
1182 5813 1320 5885 ρξηλ
