3966 6468
241 418 389 485 1593

1437 422 1978 484 EPISTOLARUM
2020 423 2168 484 LIB.
2232 422 2316 482 II.

3283 447 3286 450 ~
3369 419 3505 485 1594

236 530 552 602 σκαιωρίαν
575 531 920 602 δαιμονικὴν,
947 532 1048 587 κᾶν
1082 533 1141 586 ὲν
1167 533 1372 606 ἡμέρα,
1416 537 1520 590 κᾶν
1552 539 1609 589 ἐν
1664 538 1802 590 νυκτ’

1926 538 2040 594 sive
2080 549 2244 595 noctu
2269 549 2322 594 te
2350 535 2656 607 perturbari
2691 533 3001 606 contigerit.
3039 533 3214 592 Psalle
3241 533 3409 609 igitur
3435 540 3505 595 ad

238 622 523 693 συμϐαίνῃ
574 639 634 675 σε
685 622 1045 692 ἑκθροεῖσθαι.
1073 624 1254 678 Ψάλλε
1284 625 1378 679 οὖν
1419 626 1556 696 πρὸς
1591 629 1814 696 Κύριον·

247 714 402 766 Ἀπὸ
438 715 628 782 φόϐου
667 714 884 784 ἐχθροῦ
914 715 1130 780 ἐξελοῦ
1161 715 1274 784 τὴν
1303 717 1516 786 ¹ψυχήν
1537 735 1678 788 μου.
1706 718 1820 773 Καὶ

234 806 426 858 πάλιν·
467 808 549 860 Οὐ
577 805 994 875 φοϐηθήσομαι
1041 807 1161 860 ἀπὸ
1219 809 1408 877 φόϐου
1440 811 1814 878 νυκτερινοῦ,

232 899 359 952 ἀπὸ
415 899 648 966 βέλους
691 899 1020 970 πετομένου
1051 900 1297 970 ἡμέρας,
1329 901 1449 955 ἀπὸ
1478 900 1820 971 πράγματος

236 994 305 1043 ἐν
361 991 568 1045 σκότει
620 991 1150 1060 διαπορευομένου,
1204 992 1324 1046 ἀπὸ
1377 992 1820 1063 συμπτώματος

231 1088 334 1141 καὶ
372 1087 686 1156 δαιμονίου
710 1086 1144 1156 μεσημϐρινοῦ.
1174 1087 1302 1140 Καί⁸
1342 1090 1408 1141 El
1437 1090 1470 1141 ό
1498 1088 1639 1154 Θεὸς
1666 1088 1824 1156 ὑπὲρ

230 1181 375 1243 σοῦ,
413 1182 502 1246 τίς
527 1182 676 1234 κατὰ
699 1180 816 1234 σοῦ
840 1195 858 1242 ;
887 1174 948 1232 οὗ
973 1181 1065 1232 καὶ
1091 1179 1153 1232 τὸ
1181 1179 1339 1249 σῶμα
1365 1179 1588 1243 ἐσθίεις,
1630 1183 1726 1232 καὶ
1759 1181 1818 1232 τὸ

229 1270 379 1341 αἷμα
409 1275 585 1336 πίνεις
610 1291 623 1304 ·
650 1274 734 1341 ἐφ’
751 1267 832 1336 οἷς
862 1271 1285 1342 καταπατοῦμεν
1310 1272 1496 1326 ὲπάνω
1520 1273 1695 1342 ὄφεων
1724 1275 1820 1327 καὶ

231 1365 540 1432 σκορπίων,
591 1365 686 1416 καὶ
714 1363 807 1415 ἐπὶ
851 1364 1031 1416 πᾶσαν
1058 1364 1156 1432 τὴν
1191 1361 1420 1431 δύναμιν
1466 1362 1562 1416 τοῦ
1593 1363 1814 1434 ἐχθροῦ.

229 1453 323 1524 Μὴ
355 1455 538 1506 τοίνυν
579 1455 1024 1525 συγκαταπέσῃς,
1082 1454 1218 1524 μηδὲ
1254 1453 1580 1525 ρᾳθυμήσῃς
1627 1456 1686 1508 ἑν
1741 1454 1818 1524 τῷ

226 1548 452 1618 ἀκαίρῳ
513 1548 688 1617 τούτῳ
748 1547 947 1620 φόδῳ·
1013 1547 1387 1618 ἁλλέὑθύμει
1450 1550 1510 1601 ὲν
1576 1549 1814 1619 Κυρίῳο

226 1638 348 1700 καὶ,
375 1639 895 1709 ὑπομιμνήσκομεν,
917 1638 1246 1708 προσεύχου,
1266 1637 1450 1702 καθὼς
1469 1638 1564 1692 καὶ
1586 1637 1816 1714 εῐθισταί

225 1749 331 1795 σοι,
368 1733 586 1803 νύκτωρ
633 1734 730 1786 καὶ
779 1733 896 1801 μεθ’
925 1733 1157 1802 ἡμέραν,
1210 1733 1258 1783 εί
1306 1731 1458 1803 δύνῃ,
1490 1733 1584 1784 καὶ
1619 1731 1815 1802 μικρὸν

224 1823 598 1892 ἀναγίνωσκεο
628 1825 722 1877 καὶ
777 1827 810 1895 ἡ
845 1827 1033 1896 εἰρήνη
1066 1822 1160 1875 τοῦ
1202 1822 1340 1876 Θεοῦ
1389 1823 1692 1895 φρουρήσει
1729 1839 1812 1889 σε,

224 1918 321 1969 καὶ
348 1919 612 1987 ἀπήμονα
631 1917 951 1988 διατηρήσει
977 1918 1035 1970 ὲν
1064 1918 1249 1972 πᾶσιν.

291 2034 455 2100 Ριιςῖν
482 2033 615 2103 (90).
647 2064 716 2074 -
745 2033 1107 2103 [εὐφροσύνῃ
1154 2031 1479 2102 ἡγουμένῃ.
1532 2029 1728 2103 [ψδβκ]

1849 1891 1888 1947 Β

1924 628 2210 685 Dominum
2239 651 2252 686 :
2285 631 2326 684 Α
2354 632 2538 683 timore
2564 628 2765 681 inimici
2797 627 2939 694 eripe
2977 628 3211 682 animam
3253 631 3504 688 meum“.

1922 721 1990 778 Et
2031 738 2248 778 rursum
2284 741 2298 778 :
2335 722 2456 777 Non
2499 724 2687 777 timebo
2729 738 2762 774 a
2797 722 2982 774 timore
3026 732 3305 787 nocturno,
3334 739 3366 777 ιι
3410 741 3505 778 sa-

1921 815 2054 886 gitta
2085 815 2291 870 volante
2326 815 2380 868 in
2403 814 2510 878 die,
2533 831 2566 867 a
2594 813 2797 882 negotio
2830 811 3231 880 perambulante
3264 815 3319 867 in
3364 825 3506 868 tene-

1921 911 2050 974 bris,
2087 911 2153 962 ab
2195 910 2414 962 incursu
2463 918 2510 962 et
2545 907 2806 962 damonio
2861 907 3158 960 meridiano
3192 909 3259 960 “.
3293 904 3359 961 Et
3392 926 3406 962 :
3446 907 3507 962 Si

1919 1003 2059 1056 Deus
2095 1019 2189 1072 pro
2221 1013 2288 1068 te,
2314 1003 2429 1072 quis
2461 1012 2645 1055 contra
2679 1013 2728 1056 te
2748 1001 2815 1066 δ’,
2842 1015 2964 1071 qua:
2991 1014 3190 1068 c0rpus
3217 998 3337 1069 ejus
3364 1000 3498 1066 edis,

1918 1105 1972 1150 et
2007 1096 2328 1167 sanguinem
2372 1097 2553 1163 bibis;
2582 1113 2818 1167 quorum
2856 1113 2960 1168 ope
2999 1093 3382 1166 proculcantes
3414 1095 3500 1148 in-

1919 1190 2261 1244 ambulamus
2277 1205 2440 1259 super
2463 1200 2742 1258 serpentes
2765 1199 2820 1244 et
2840 1191 3082 1259 scorpios
3105 1199 3158 1242 et
3181 1202 3345 1256 super
3379 1202 3502 1240 om-

1919 1297 2041 1335 nem
2070 1282 2325 1336 virtutem
2359 1281 2566 1334 inimici
2587 1281 2678 1334 “?
2711 1281 2789 1336 Ne
2821 1281 2982 1351 igitur
3005 1281 3186 1333 anima
3221 1277 3499 1342 concidas,

1919 1389 2019 1428 nec
2053 1374 2359 1444 languidior
2405 1374 2502 1428 tias
2546 1374 2600 1428 in
2645 1375 2745 1429 hoc
2782 1374 2975 1428 timore
3017 1372 3373 1440 importuno:
3407 1371 3501 1424 sed

1919 1464 2100 1520 laetare
2140 1466 2193 1518 iu
2249 1464 2479 1518 Domino
2515 1482 2530 1530 ;
2565 1476 2638 1530 et,
2676 1466 2820 1535 quod
2858 1465 3238 1524 admonemus,
3286 1476 3404 1525 ora,
3445 1469 3500 1514 ut

1918 1557 2087 1620 soles,
2118 1565 2282 1611 nocte
2310 1555 2526 1625 dieque,
2547 1557 2592 1612 si
2623 1567 2876 1627 potes,et
2905 1555 3307 1626 aliquantulum
3343 1555 3459 1622 lege
3483 1570 3497 1605 :

1917 1661 1968 1704 et
2004 1666 2106 1719 pax
2137 1649 2229 1705 Dei
2268 1660 2320 1706 te
2347 1651 2644 1715 custodiet,
2678 1663 2734 1706 et
2759 1651 2983 1707 illasam
3012 1649 3254 1706 servabit
3283 1649 3338 1703 in
3372 1661 3492 1702 om-

1919 1743 2099 1798 nibus.

2159 2028 2389 2085 CXCVI.
2429 2061 2497 2072 ——
2536 2029 2894 2100 Euphrosyure
2931 2030 3251 2099 prwpositw.

630 2149 879 2207 Quomodo
901 2157 1081 2209 gerere
1104 2158 1161 2195 se
1191 2145 1372 2195 debeat
1404 2159 1520 2209 erga
1545 2145 1817 2208 quamdam,
1841 2157 1953 2207 quae
1976 2157 2036 2194 es
2064 2144 2218 2208 ipsius
2243 2145 2539 2195 monasterio
2563 2144 2743 2194 dimitti
2769 2147 3064 2207 postulabat.

290 2251 612 2321 Μεμάθηκα
672 2252 824 2320 ποιρά
869 2248 965 2302 τοῦ
995 2245 1054 2302 εὖ
1102 2249 1326 2316 εἰδότος,
1358 2250 1437 2303 ὅτι
1483 2267 1576 2303 σου
1625 2249 1802 2319 ἥψατο

217 2344 370 2413 λύπη
432 2344 531 2413 τῆς
581 2343 920 2413 τιμιότητος,
952 2341 1042 2394 διὰ
1068 2342 1129 2394 τὸ
1171 2341 1378 2396 ἐθέλειν
1407 2341 1536 2413 μίαν
1565 2341 1802 2411 ἀδελφὴν

217 2435 530 2505 τετμῆσθαί
567 2452 660 2488 σου
681 2436 778 2503 τῆς
813 2435 969 2501 ἁγίας
999 2434 1244 2496 συνοδίας
1269 2448 1283 2462 ⁸
1319 2433 1412 2486 καὶ
1442 2433 1541 2485 οὐκ
1575 2431 1679 2496 ἔξω
1705 2431 1801 2485 τοῦ

217 2527 440 2589 εἰκότος
471 2528 504 2597 ή
535 2525 702 2596 λύπη.
736 2524 858 2587 Πῶς
892 2523 1001 2592 γὰρ
1030 2523 1096 2577 ἂν
1122 2526 1215 2576 καὶ
1245 2524 1345 2577 οὐκ
1375 2523 1631 2593 ἀλγήσειε
1653 2523 1802 2594 ψυχὴ

216 2621 632 2690 ὲκκοπτομένου
668 2617 761 2671 τοῦ
826 2616 1032 2669 οἰκείου
1071 2616 1304 2687 μέλουςς
1350 2615 1492 2668 Ἀλλ’
1523 2617 1673 2685 ὅμως
1720 2618 1801 2670 ὅτι

218 2714 518 2784 συμϐαίνει
562 2712 631 2764 τὰ
681 2709 905 2762 τοιαῦτα
954 2709 1014 2774 ἐξ
1067 2708 1335 2780 ἐπηρείας
1356 2708 1449 2761 τοῦ
1490 2709 1802 2780 ἐνεδρεύονο

216 2823 309 2866 τες
339 2807 402 2857 ὲν
435 2805 549 2864 τοῖς
584 2803 718 2863 υἱοῖς
747 2800 848 2869 τῆς
881 2801 1166 2862 ἀπειθείας
1198 2816 1211 2829 ’
1247 2800 1337 2852 καὶ
1373 2800 1480 2870 χρὴ
1505 2802 1651 2870 ἡμᾶς
1695 2818 1802 2871 μα-

215 2895 517 2968 κροθύμως
563 2893 785 2963 φέρειν·
818 2895 1000 2947 πᾶσαν
1065 2893 1546 2962 ἐπιδεικνυμένους
1602 2893 1800 2962 ὲπιμέ·

215 2989 394 3048 λειαν,
421 2989 546 3040 ὅσον
571 2987 856 3057 ἐπιτρέπει
888 2989 916 3040 ὁ
951 2986 1156 3054 ἀληθὴς
1201 2985 1377 3052 λόγος’
1402 2985 1478 3049 ὼς
1515 2986 1581 3039 ἂν
1636 2985 1801 3038 ἀθῶοι

215 3081 309 3133 τοῦ
354 3079 585 3146 αἵματος
636 3077 826 3146 εἴημεν
853 3075 946 3128 τοῦ
973 3074 1238 3136 τοιούτου,
1265 3075 1435 3144 ἤγουν
1489 3076 1586 3146 τῆς
1616 3077 1801 3128 τοιᾶσ-

215 3173 294 3231 δε,
326 3167 562 3238 ἀδελφοῦ
608 3185 667 3220 τε
716 3166 1111 3237 ὀνομασθέντος
1160 3165 1193 3234 ἢ
1257 3166 1516 3235 ἀδελφῆς.
1571 3167 1802 3237 Ἐπεζή-

215 3280 393 3334 τησας
421 3263 476 3315 δὲ
513 3261 725 3331 μαθεῖν,
755 3263 802 3313 εἰ
835 3258 1089 3326 ἀνένοχόν
1116 3259 1233 3310 ἐστι
1291 3261 1358 3328 τῇ
1384 3260 1661 3328 τιμιότητί
1705 3277 1797 3312 σου

219 3353 493 3407 ἀπολῦσαι
523 3356 621 3422 τὴν
678 3349 1088 3421 φιλονεικοῦσαν
1151 3350 1457 3420 ἐκραγῆναι
1517 3367 1609 3404 σου
1642 3351 1799 3404 ἀδελ-

219 3450 350 3518 φήν.
384 3447 495 3499 Καὶ
525 3447 640 3505 πῶς
673 3447 809 3516 σοφὴ
834 3440 968 3498 οὖσα
1023 3443 1119 3496 καὶ⁵
1158 3445 1373 3513 συνετὴ,
1402 3446 1500 3498 οὐκ
1548 3446 1639 3514 ἀφ’
1671 3446 1800 3499 ἑαυ-

1977 2251 2148 2306 Didici
2177 2252 2245 2306 ab
2268 2267 2332 2305 eo
2369 2251 2455 2305 cui
2502 2251 2670 2319 probe
2703 2259 2830 2304 nota
2870 2265 2954 2305 res
2979 2260 3118 2316 erat,
3175 2250 3365 2304 dolore
3409 2261 3492 2304 ta-

1902 2357 2044 2402 ctam
2081 2362 2205 2400 esse
2241 2343 2602 2398 reverentiam
2631 2354 2805 2406 tuam,
2839 2358 2904 2397 eo
2932 2344 3074 2412 quod
3111 2359 3214 2396 una
3239 2343 3305 2396 de
3335 2359 3494 2398 soro-

1903 2437 2113 2491 ribusa
2147 2443 2337 2489 sancta
2392 2433 2819 2502 congregatione
2875 2442 2966 2485 tua
3023 2432 3270 2498 abscindi
3321 2433 3490 2488 velit:

1903 2543 2082 2599 neque
2111 2529 2211 2581 abs
2240 2541 2298 2580 re
2331 2525 2580 2594 profecto
2634 2525 2724 2579 hic
2774 2524 2950 2578 dolor.
2985 2523 3105 2590 Quo
3138 2526 3284 2580 enim
3333 2535 3493 2596 pacto

1903 2622 2084 2675 anima
2116 2635 2225 2673 non
2265 2619 2448 2672 doleat
2474 2633 2596 2672 cum
2622 2617 2908 2687 proprium
2941 2618 3248 2672 membrum
3285 2633 3493 2673 reseca-

1905 2711 2033 2765 tur?
2083 2711 2470 2764 Verumtamen
2519 2709 2649 2778 quia
2695 2709 2810 2762 luec
2841 2723 2936 2776 per
2966 2707 3074 2760 vim
3122 2709 3489 2777 contingunt,

1903 2815 2068 2874 atque
2095 2818 2160 2857 ex
2196 2802 2343 2856 illius
2371 2801 2743 2870 improbitate,
2786 2801 2878 2868 qui
2905 2799 3138 2855 insidias
3171 2801 3333 2854 struit
3363 2800 3489 2854 filiis

1904 2895 2317 2960 ittobedientiae;
2355 2908 2552 2962 magno
2585 2893 2772 2946 animo
2799 2906 2900 2946 nos
2937 2891 3077 2946 ferre
3107 2902 3342 2962 Oportet,
3370 2907 3489 2946 om-

1903 3003 2161 3055 nemque,
2184 2986 2364 3054 quoad
2397 2984 2536 3037 ratio
2561 2999 2686 3037 vera
2715 2984 2982 3053 praecipit,
3014 2983 3356 3053 diligentiam
3391 2985 3488 3037 ad-

1903 3081 2108 3144 bibere,
2153 3089 2212 3131 ut
2243 3077 2566 3130 innocentes
2613 3075 2787 3130 simus
2827 3090 2856 3128 a
2887 3075 3157 3144 sanguine
3210 3075 3374 3144 hujus
3404 3077 3487 3130 vel

1902 3171 2071 3230 illius.
2105 3185 2200 3225 seu
2229 3169 2397 3222 frater
2431 3171 2746 3221 nominetur
2775 3183 2868 3221 seu
2897 3183 3074 3222 soror.
3107 3165 3260 3221 Scire
3306 3179 3485 3222 autem

1900 3263 2184 3334 quzesiisti,
2213 3278 2281 3314 an
2311 3271 2462 3314 extra
2486 3261 2700 3328 culpam
2731 3258 2913 3313 futura
2943 3261 3015 3314 sit
3039 3261 3343 3314 reverentia
3371 3272 3484 3322 tua,

1901 3357 1947 3412 si
1979 3371 2224 3412 sororem
2281 3355 2426 3407 illam
2470 3352 2710 3407 dimittat
2739 3368 2861 3423 quae
2919 3352 3206 3406 contendit
3247 3368 3343 3421 per
3373 3352 3482 3406 vim

1900 3447 2070 3501 exire.
2101 3442 2168 3498 Et
2200 3445 2480 3514 quomodo
2510 3455 2589 3508 tu,
2619 3459 2744 3497 cum
2791 3443 3013 3513 sapiens
3054 3443 3132 3496 sis
3186 3453 3241 3496 et
3288 3442 3485 3496 intelli-

219 3540 315 3607 τῆς
353 3539 738 3604 ἐπιγινώσκεις
765 3536 825 3587 τὸ
856 3536 973 3588 δέον
1001 3552 1016 3599 ;
1048 3531 1185 3586 Οὔτε
1218 3530 1311 3587 οὖν
1342 3539 1541 3606 σεαυτῇ
1563 3539 1630 3607 τῇ
1655 3537 1799 3589 διδα-

1907 3555 2058 3609 gens,
2087 3553 2194 3591 non
2217 3553 2311 3606 per
2337 3538 2563 3604 teipsam
2595 3535 2864 3590 discernis
2896 3534 3025 3602 quid
3053 3535 3192 3588 facto
3217 3535 3288 3589 sit
3315 3534 3486 3604 opus?

221 3631 432 3699 σκάλῳ,
458 3628 585 3681 οὔτε
611 3632 676 3698 τῇ
711 3625 1114 3698 μαθητευθείσῃ
1146 3627 1426 3692 ἀκίνδυνος
1456 3630 1486 3698 ἡ
1521 3628 1800 3692 διάστασις

219 3721 550 3782 ἐθελουσίως
578 3719 861 3788 γινομένη.
914 3717 1012 3769 Διά
1051 3717 1104 3768 τί
1139 3717 1248 3788 γὰρ
1283 3719 1378 3770 καὶ
1412 3719 1573 3771 πόθεν
1597 3720 1658 3771 τὸ
1709 3718 1800 3770 εὕ-

218 3813 378 3882 λογον
418 3811 648 3881 ἐχουσα;
682 3812 730 3861 εί
767 3810 864 3879 μὲν
907 3811 1015 3877 γὰρ
1045 3810 1228 3860 τελεία
1267 3806 1404 3863 οὖσα
1443 3810 1537 3863 καὶ
1588 3828 1798 3881 κατηρ-

220 3906 457 3976 τισμὲνη
501 3908 533 3974 ἡ
572 3903 869 3972 μαθήτρια,
903 3902 1037 3973 πρὸς
1074 3901 1133 3954 τὺ
1175 3902 1350 3955 ἄλλων
1391 3894 1633 3971 ἀδελφῶν
1662 3902 1800 3955 καθ-

220 3998 496 4069 ηγεῖσθαι,
529 3995 628 4066 ἤδη
672 3994 1120 4065 ὑποζητουμένης
1154 3995 1523 4064 ἀδελφότητος
1546 4037 1561 4060 ,
1593 3999 1799 4048 οἰκονο-

223 4093 322 4162 μία
356 4089 418 4142 τδ
446 4087 706 4148 τοιοῦτον,
741 4085 921 4150 καθώς
949 4102 1113 4154 φησιν
1142 4085 1170 4137 ό
1196 4086 1352 4152 ἆγιος
1390 4087 1688 4148 Βασίλειος,
1707 4087 1799 4138 καὶ

220 4184 280 4236 οὐ
317 4181 620 4242 διάστασις.
665 4180 882 4245 ’Λπαγε
909 4180 922 4231 !
960 4178 1070 4231 Καὶ
1102 4176 1234 4246 γοῦν
1267 4180 1377 4231 ἀπὸ
1404 4177 1496 4231 τοῦ
1529 4179 1795 4249 ἄρχεσθαι

219 4274 424 4336 καλῶς,
457 4271 632 4325 ἄνεισι
662 4288 743 4333 τις
775 4271 865 4322 ἐπὶ
899 4271 958 4322 τὸ
979 4271 1169 4339 ἄρχειν
1191 4270 1453 4337 ἐννόμως.
1488 4269 1797 4322 Κάιιτεῦθεν

219 4365 385 4433 ζῆλος
417 4363 622 4430 ἀγαθὸς
644 4364 763 4424 ταῖς
792 4361 1145 4431 ὁμοτρόποις,
1177 4359 1314 4412 ίέναι
1347 4362 1440 4412 ἐπὶ
1464 4361 1561 4431 τὴν
1591 4360 1796 4414 τελειό-

218 4474 379 4525 τητα,
419 4456 514 4506 καὶ
539 4451 993 4522 ταυτοπραγῆσαι
1052 4451 1374 4520 θεοπρεπῶς
1406 4469 1420 4481 ·
1464 4453 1653 4521 ἐπειδὴ
1709 4453 1796 4505 ἐν·

217 4547 383 4612 δειξιν
403 4546 503 4614 τῆς
533 4547 612 4608 είς
644 4546 805 4599 αὐτὸν
836 4545 1055 4614 ἀγάπης
1078 4546 1105 4596 ὁ
1132 4542 1335 4613 Κύριος
1368 4546 1461 4596 καὶ
1487 4544 1617 4607 Θεὸς
1639 4545 1795 4615 ἡμῶν

217 4641 295 4709 τῷ
332 4639 616 4708 κορυφαίῳ
665 4637 772 4689 τῶν
830 4638 1151 4688 ἀποστόλων
1196 4637 1518 4702 ὑποδεικνὺς
1547 4639 1649 4708 ἔφη
1683 4655 1698 4670 ο
1729 4640 1796 4692 El

217 4731 455 4801 ἀγαπᾷς
489 4749 586 4800 με,
615 4731 815 4794 ,Βόσκε
845 4731 916 4783 τὰ
935 4730 1111 4796 ἀρνία
1132 4748 1272 4798 μου.
1298 4731 1409 4783 Καὶ
1431 4731 1594 4784 πάλιν
1617 4749 1630 4762 ·
1655 4732 1794 4784 Ποί-

213 4843 389 4894 μαινε
419 4826 490 4878 τὶι
527 4823 792 4891 πρόϐατά
813 4841 953 4892 μου.
1003 4823 1089 4885 Ὠς
1117 4825 1212 4892 ὅγε
1264 4824 1491 4896 τοιαύτῃ
1537 4825 1792 4895 προθέσει

220 4916 540 4988 ἐκϐεϐηκὼς
566 4917 643 4978 εἰς
668 4916 728 4967 τὸ
757 4915 1091 4982 ποιμαίνειν,
1118 4915 1389 4984 μακάριος
1419 4915 1483 4967 ἂν
1513 4918 1620 4986 εἴη,
1656 4917 1792 4986 Χρι-

223 5012 344 5063 στὸν
375 5008 712 5079 μιμούμενος
741 5009 832 5061 τὸν
862 5007 1113 5080 ἀληθινὸν
1153 5009 1367 5080 πρῶτον
1395 5009 1789 5080 ἁρχιποίμενα.

224 5105 383 5156 Ἔστι
436 5100 567 5169 γοῦν
601 5101 694 5155 καὶ
751 5101 911 5172 ἑτέρα
941 5101 1224 5170 οἰκονομία
1252 5104 1308 5153 ἐν
1354 5105 1466 5162 τοῖς
1514 5104 1792 5173 Πατράσιν

220 5195 381 5264 ἡμῶν
426 5193 823 5263 τεθεωρημένη
853 5210 867 5222 ·
900 5193 1103 5246 ὁπόταν
1133 5180 1277 5264 ψυχὴ
1304 5193 1745 5264 δυστροπεύουσα
1769 5234 1785 5257 ,

224 5286 364 5352 μετὰ
393 5285 593 5354 πολλὴν
617 5286 710 5338 καὶ
740 5286 959 5356 μακρὰν
985 5285 1324 5354 ἐπιμέλειαν,
1359 5285 1582 5355 αἱρῆται
1618 5303 1787 5354 μετα-

222 5381 409 5432 πεσεῖν
463 5378 540 5439 ei;
570 5377 735 5446 ἄλλην
765 5377 1123 5446 ἀδελφότητα,
1154 5377 1228 5440 ὼς
1267 5379 1444 5430 ἐκεῖσε
1488 5380 1794 5449 χρησιμεύ-

223 5489 300 5524 ειν
351 5470 645 5542 pilleum,
683 5469 828 5522 κατά
862 5468 1094 5538 μίμησιν
1117 5469 1225 5520 τῶν
1266 5469 1790 5538 μεταφυτευομὲνων

220 5561 451 5632 δένδρων
481 5562 546 5614 ὲκ
574 5559 727 5614 τοῦδε
750 5561 832 5624 εἰς
864 5561 1013 5613 τόνδε
1042 5561 1366 5615 τόπον.Ἐάν
1388 5557 1480 5614 οὖν
1510 5562 1604 5614 καὶ
1631 5561 1789 5614 τοῦτο

725 5678 759 5716 9

288 5681 336 5713 ⁸ο
371 5678 516 5736 Psal.
550 5694 702 5742 um,
725 5678 780 5734 2.
869 5677 913 5708 “
938 5677 1078 5732 Psal.
1121 5696 1202 5744 xc,
1240 5681 1292 5746 5,
1338 5681 1388 5732 t3.

1819 4867 1872 4926 D

1468 5682 1507 5711 ³²
1536 5680 1689 5733 Boni.
1721 5695 1835 5743 \‘Ill,
1865 5681 1953 5733 51.

1909 3631 2073 3700 Ergo,
2106 3646 2208 3684 nec
2241 3629 2336 3683 tibi
2371 3629 2471 3698 ipsi
2504 3630 2803 3698 magistras,
2854 3643 2956 3681 nec
2986 3627 3290 3696 discipulae,
3340 3628 3480 3697 peri-

1903 3724 2026 3778 culo
2055 3733 2232 3787 vacat,
2285 3735 2407 3790 quae
2470 3729 2666 3790 sponte
2713 3721 2807 3773 fiat
2858 3719 3152 3788 separatio.
3183 3719 3300 3784 Quo
3333 3720 3479 3773 enim

1905 3819 2065 3873 modo
2103 3826 2197 3873 aut
2225 3819 2373 3874 unde
2401 3817 2600 3872 rationi
2663 3829 2810 3871 eSset
2839 3818 3241 3871 consentanea?
3271 3817 3405 3870 Nam
3436 3817 3480 3872 si

1897 3911 2008 3979 jam
2044 3910 2278 3981 perfecta
2322 3920 2376 3964 et
2438 3919 2818 3963 consummata
2854 3917 2939 3963 est
2972 3908 3260 3978 discipula,
3296 3919 3356 3962 ut
3393 3923 3483 3963 so-

1901 4003 2117 4057 roribus
2141 4003 2263 4056 aliis
2297 4003 2500 4072 praefici
2539 4003 2733 4071 possit,
2766 4011 2821 4055 et
2849 4016 2880 4054 a
2921 4015 3171 4056 sororum
3201 4003 3479 4056 communi

1899 4095 2190 4163 expetitur,
2229 4093 2567 4162 dispensatio
2623 4093 2736 4146 lucc
2781 4102 2883 4155 est,
2921 4092 3064 4148 sicut
3123 4093 3201 4147 ait
3256 4103 3483 4148 sanctus

1901 4179 2152 4245 Basilius,
2202 4187 2256 4234 et
2296 4196 2402 4234 non
2439 4181 2768 4247 dissidium;
2828 4182 2992 4236 absit.
3058 4183 3256 4253 Utique
3303 4184 3371 4236 ab
3412 4198 3480 4236 eo

1899 4271 2042 4339 quod
2071 4271 2195 4341 quis
2225 4272 2326 4325 sub
2355 4270 2585 4340 imperio
2618 4272 2718 4324 rite
2744 4270 2929 4332 fuerit,
2974 4271 3216 4325 ascendit
3249 4281 3304 4325 ut
3345 4271 3478 4340 legi-

1899 4365 2030 4418 time
2083 4367 2332 4434 imperet.
2397 4363 2630 4433 Indeque
2683 4363 2961 4417 sodalibus
3010 4363 3150 4416 bona
3204 4363 3478 4417 azmu‘latio

1899 4458 2151 4513 tendendi
2183 4457 2251 4510 ad
2284 4457 2673 4526 perfectionem
2697 4496 2713 4519 ,
2764 4455 3017 4524 idemque
3062 4455 3256 4525 agendi
3310 4471 3473 4523 quam

1898 4550 2308 4604 accuratissime
2340 4567 2353 4602 :
2394 4547 2838 4617 quandoquidem
2881 4547 3084 4601 amoris
3135 4563 3260 4618 erga
3298 4565 3355 4603 se
3385 4567 3473 4603 ar-

1898 4652 2214 4713 gumentum
2256 4641 2523 4696 Dominus
2570 4649 2623 4694 et
2653 4638 2795 4693 Deus
2859 4651 3042 4695 noster
3105 4644 3474 4710 apostolorum

1898 4737 2185 4806 coryphao
2225 4735 2489 4789 exhibens
2533 4734 2609 4788 ait
2640 4733 2733 4787 :Si
2773 4733 2952 4803 diligis
3001 4750 3100 4794 me,
3129 4751 3284 4797 pasce
3309 4753 3474 4806 agnos

1899 4845 2037 4882 meos
2069 4827 2134 4879 ⁸⁸.
2172 4825 2238 4881 Et
2286 4826 2478 4880 iterum
2515 4843 2529 4880 :
2564 4825 2733 4894 Pasce
2787 4842 2902 4879 oves
2937 4842 3078 4879 meas
3107 4827 3173 4889 “,
3208 4837 3266 4880 ιιι
3297 4828 3340 4881 is
3379 4829 3472 4897 qui

1902 4923 2006 4975 isto
2029 4921 2260 4974 consilio
2279 4935 2538 4988 egressus
2559 4929 2643 4972 est
2671 4918 2736 4971 ad
2764 4919 3116 4986 pascendum.
3159 4919 3348 4973 beatus
3379 4922 3472 4986 sit,

1899 5014 2178 5069 Christum
2212 5014 2432 5068 imitans
2461 5028 2648 5066 verum
2676 5011 2997 5082 principem,
3026 5012 3258 5079 primum
3287 5023 3473 5082 pasto-

1900 5120 2042 5158 rum.
2085 5102 2182 5157 Est
2237 5118 2402 5171 porro
2441 5111 2496 5155 et
2536 5101 2707 5155 altera
2757 5102 3117 5171 dispensatio,
3161 5117 3283 5170 quae
3329 5104 3471 5171 apud

1897 5196 2086 5252 Patres
2150 5205 2368 5249 nostros
2421 5196 2701 5248 cernitur:
2741 5194 2960 5263 quando
3011 5196 3192 5248 anima
3253 5195 3474 5261 ingenio

1899 5276 2253 5357 moribusque
2287 5288 2543 5351 difﬁcilis,
2585 5297 2708 5358 post
2739 5287 2963 5339 multam
3003 5295 3057 5340 et
3087 5286 3303 5354 longam
3343 5287 3470 5340 dili-

1899 5382 2156 5451 gentiam,
2179 5381 2244 5434 ad
2279 5381 2441 5434 aliam
2478 5383 2978 5449 congregationem,
3025 5386 3283 5447 tanquam
3324 5377 3472 5431 utilis

1901 5473 1976 5526 ibi
2019 5472 2220 5538 futura,
2248 5473 2484 5527 transire
2509 5471 2789 5541 delegerit,
2816 5469 3072 5524 arborum
3104 5470 3208 5523 ritu
3251 5485 3373 5538 qua:
3401 5470 3472 5522 ab

1899 5580 2007 5620 uno
2028 5565 2083 5618 in
2101 5565 2268 5619 alium
2301 5565 2482 5619 locum
2510 5562 3002 5633 transplantanlur.
3036 5561 3101 5615 Et
3136 5564 3236 5615 hoc
3257 5575 3387 5629 ergo
3420 5560 3469 5614 si

2033 5683 2075 5713 ⁸³
2107 5681 2238 5736 Luc.
2273 5697 2324 5739 κ,
2370 5681 2451 5735 19.
2531 5680 2575 5710 ⁸⁸
2605 5677 2761 5732 Joau.
2810 5677 3035 5742 xxt,l5.
3148 5678 3191 5708 ⁸⁸
3217 5676 3349 5729 ibid.
3381 5676 3466 5731 l7.

1714 5795 1945 5850 ΝΟΤΛΞ.

289 5910 404 5977 (90)
442 5910 496 5962 lu
530 5910 651 5963 cod.
681 5907 809 5975 Heg.
843 5913 975 5976 pke’.
