  <div class='ocr_page' id='page_1' title='image "/cluster/home/n/w/nwhite01/storage/ocr_20150623/99/ien.35556001661347/807.png"; bbox 0 0 3966 6462; ppageno 0'>
   <div class='ocr_carea' id='block_1_1' title="bbox 479 367 618 428">
    <p class='ocr_par' dir='ltr' id='par_1_1' title="bbox 479 367 618 428">
     <span class='ocr_line' id='line_1_1' title="bbox 479 367 618 428; baseline 0 0"><span class='ocrx_word' id='word_1_1' title='bbox 479 367 618 428; x_wconf 80' lang='grc'><strong>1595</strong></span> 
     </span>
    </p>
   </div>
   <div class='ocr_carea' id='block_1_2' title="bbox 1654 371 2538 433">
    <p class='ocr_par' dir='ltr' id='par_1_2' title="bbox 1654 371 2538 433">
     <span class='ocr_line' id='line_1_2' title="bbox 1654 371 2538 433; baseline 0 -2"><span class='ocrx_word' id='word_1_2' title='bbox 1654 373 1715 433; x_wconf 92' lang='lat' dir='ltr'><strong>S.</strong></span> <span class='ocrx_word' id='word_1_3' title='bbox 1747 371 2138 432; x_wconf 83' lang='lat' dir='ltr'><strong>THEODORI</strong></span> <span class='ocrx_word' id='word_1_4' title='bbox 2192 372 2538 433; x_wconf 76' lang='grc' dir='ltr'><strong>ΞΤΗΒΙΤίΕ</strong></span> 
     </span>
    </p>
   </div>
   <div class='ocr_carea' id='block_1_3' title="bbox 3591 370 3724 431">
    <p class='ocr_par' dir='ltr' id='par_1_3' title="bbox 3591 370 3724 431">
     <span class='ocr_line' id='line_1_3' title="bbox 3591 370 3724 431; baseline -0.015 -1"><span class='ocrx_word' id='word_1_5' title='bbox 3591 370 3610 430; x_wconf 89' lang='grc'><strong>1</strong></span> <span class='ocrx_word' id='word_1_6' title='bbox 3624 370 3724 431; x_wconf 77' lang='lat'><strong>506</strong></span> 
     </span>
    </p>
   </div>
   <div class='ocr_carea' id='block_1_4' title="bbox 479 477 2074 552">
    <p class='ocr_par' dir='ltr' id='par_1_4' title="bbox 479 477 2052 550">
     <span class='ocr_line' id='line_1_4' title="bbox 479 477 2052 550; baseline 0.001 -17"><span class='ocrx_word' id='word_1_7' title='bbox 479 477 694 539; x_wconf 81' lang='lat' dir='ltr'><strong>feceris,</strong></span> <span class='ocrx_word' id='word_1_8' title='bbox 747 477 938 531; x_wconf 88' lang='lat' dir='ltr'><strong>subest</strong></span> <span class='ocrx_word' id='word_1_9' title='bbox 995 478 1178 547; x_wconf 82' lang='lat' dir='ltr'><strong>aliqua</strong></span> <span class='ocrx_word' id='word_1_10' title='bbox 1241 479 1426 532; x_wconf 90' lang='lat' dir='ltr'><strong>ratio:</strong></span> <span class='ocrx_word' id='word_1_11' title='bbox 1478 479 1729 550; x_wconf 89' lang='lat' dir='ltr'><strong>utrisque</strong></span> <span class='ocrx_word' id='word_1_12' title='bbox 1776 481 2052 548; x_wconf 79' lang='lat' dir='ltr'><strong>videlicet,</strong></span> 
     </span>
    </p>
   </div>
   <div class='ocr_carea' id='block_1_5' title="bbox 2179 477 3726 552">
    <p class='ocr_par' dir='ltr' id='par_1_5' title="bbox 2179 479 3726 552">
     <span class='ocr_line' id='line_1_5' title="bbox 2179 479 3726 552; baseline 0.006 -19"><span class='ocrx_word' id='word_1_13' title='bbox 2179 496 2456 552; x_wconf 80' lang='grc' dir='ltr'>τοιησειας.</span> <span class='ocrx_word' id='word_1_14' title='bbox 2490 483 2602 552; x_wconf 76' lang='grc' dir='ltr'>ἔχει</span> <span class='ocrx_word' id='word_1_15' title='bbox 2623 482 2742 535; x_wconf 71' lang='grc' dir='ltr'>τινὰ</span> <span class='ocrx_word' id='word_1_16' title='bbox 2769 482 2955 552; x_wconf 80' lang='grc' dir='ltr'>λόγον’</span> <span class='ocrx_word' id='word_1_17' title='bbox 2979 482 3305 552; x_wconf 73' lang='grc' dir='ltr'><strong>ἀμφοτέρων</strong></span> <span class='ocrx_word' id='word_1_18' title='bbox 3333 479 3599 548; x_wconf 78' lang='grc' dir='ltr'>δηλονότι,</span> <span class='ocrx_word' id='word_1_19' title='bbox 3625 483 3726 550; x_wconf 80' lang='grc' dir='ltr'><strong>τῆς</strong></span> 
     </span>
    </p>
   </div>
   <div class='ocr_carea' id='block_1_6' title="bbox 477 564 2064 638">
    <p class='ocr_par' dir='ltr' id='par_1_6' title="bbox 477 564 2064 638">
     <span class='ocr_line' id='line_1_6' title="bbox 477 564 2064 638; baseline 0.003 -20"><span class='ocrx_word' id='word_1_20' title='bbox 477 577 591 618; x_wconf 88' lang='lat' dir='ltr'><strong>tum</strong></span> <span class='ocrx_word' id='word_1_21' title='bbox 623 579 685 616; x_wconf 88' lang='lat' dir='ltr'><strong>ea</strong></span> <span class='ocrx_word' id='word_1_22' title='bbox 717 578 838 632; x_wconf 67' lang='lat' dir='ltr'><strong>qua:</strong></span> <span class='ocrx_word' id='word_1_23' title='bbox 862 564 1104 630; x_wconf 74' lang='lat' dir='ltr'><strong>dimittit,</strong></span> <span class='ocrx_word' id='word_1_24' title='bbox 1133 575 1246 619; x_wconf 90' lang='lat' dir='ltr'><strong>tum</strong></span> <span class='ocrx_word' id='word_1_25' title='bbox 1287 581 1352 619; x_wconf 92' lang='lat' dir='ltr'><strong>ea</strong></span> <span class='ocrx_word' id='word_1_26' title='bbox 1385 583 1509 634; x_wconf 70' lang='lat' dir='ltr'><strong>qua:</strong></span> <span class='ocrx_word' id='word_1_27' title='bbox 1538 569 1750 638; x_wconf 80' lang='lat' dir='ltr'><strong>recipit,</strong></span> <span class='ocrx_word' id='word_1_28' title='bbox 1800 569 2064 637; x_wconf 87' lang='lat' dir='ltr'><strong>adjuvan-</strong></span> 
     </span>
    </p>
   </div>
   <div class='ocr_carea' id='block_1_7' title="bbox 480 655 2064 728">
    <p class='ocr_par' dir='ltr' id='par_1_7' title="bbox 480 655 2064 728">
     <span class='ocr_line' id='line_1_7' title="bbox 480 655 2064 728; baseline 0.002 -19"><span class='ocrx_word' id='word_1_29' title='bbox 480 655 628 710; x_wconf 82' lang='lat' dir='ltr'><strong>tibus</strong></span> <span class='ocrx_word' id='word_1_30' title='bbox 652 668 712 708; x_wconf 91' lang='lat' dir='ltr'><strong>se</strong></span> <span class='ocrx_word' id='word_1_31' title='bbox 743 663 958 718; x_wconf 91' lang='lat' dir='ltr'><strong>mutuo,</strong></span> <span class='ocrx_word' id='word_1_32' title='bbox 993 663 1054 708; x_wconf 91' lang='lat' dir='ltr'><strong>ut</strong></span> <span class='ocrx_word' id='word_1_33' title='bbox 1080 655 1440 724; x_wconf 86' lang='lat' dir='ltr'><strong>apostolicum</strong></span> <span class='ocrx_word' id='word_1_34' title='bbox 1476 669 1802 728; x_wconf 70' lang='lat' dir='ltr'><strong>praeceptum</strong></span> <span class='ocrx_word' id='word_1_35' title='bbox 1836 659 2064 728; x_wconf 89' lang='lat' dir='ltr'><strong>implea-</strong></span> 
     </span>
    </p>
   </div>
   <div class='ocr_carea' id='block_1_8' title="bbox 479 745 2065 818">
    <p class='ocr_par' dir='ltr' id='par_1_8' title="bbox 479 745 2065 818">
     <span class='ocr_line' id='line_1_8' title="bbox 479 745 2065 818; baseline 0.004 -22"><span class='ocrx_word' id='word_1_36' title='bbox 479 755 566 799; x_wconf 85' lang='lat' dir='ltr'><strong>tur</strong></span> <span class='ocrx_word' id='word_1_37' title='bbox 599 763 613 798; x_wconf 88' lang='lat'><strong>:</strong></span> <span class='ocrx_word' id='word_1_38' title='bbox 651 746 798 799; x_wconf 78' lang='lat' dir='ltr'><strong>Alter</strong></span> <span class='ocrx_word' id='word_1_39' title='bbox 841 745 1060 801; x_wconf 81' lang='lat' dir='ltr'><strong>alterius</strong></span> <span class='ocrx_word' id='word_1_40' title='bbox 1105 763 1268 800; x_wconf 88' lang='lat' dir='ltr'><strong>onera</strong></span> <span class='ocrx_word' id='word_1_41' title='bbox 1319 756 1546 817; x_wconf 79' lang='lat' dir='ltr'><strong>portate,</strong></span> <span class='ocrx_word' id='word_1_42' title='bbox 1599 760 1645 802; x_wconf 82' lang='lat' dir='ltr'><strong>et</strong></span> <span class='ocrx_word' id='word_1_43' title='bbox 1676 751 1752 802; x_wconf 74' lang='lat' dir='ltr'><strong>sic</strong></span> <span class='ocrx_word' id='word_1_44' title='bbox 1785 749 2065 818; x_wconf 84' lang='lat' dir='ltr'><strong>adimplete</strong></span> 
     </span>
    </p>
   </div>
   <div class='ocr_carea' id='block_1_9' title="bbox 481 839 964 908">
    <p class='ocr_par' dir='ltr' id='par_1_9' title="bbox 481 839 964 908">
     <span class='ocr_line' id='line_1_9' title="bbox 481 839 964 908; baseline -0.004 -14"><span class='ocrx_word' id='word_1_45' title='bbox 481 844 640 908; x_wconf 78' lang='lat' dir='ltr'><strong>(egem</strong></span> <span class='ocrx_word' id='word_1_46' title='bbox 669 839 866 893; x_wconf 77' lang='lat' dir='ltr'><strong>Christi</strong></span> <span class='ocrx_word' id='word_1_47' title='bbox 898 839 964 892; x_wconf 72' lang='grc'><strong>⁸⁸.</strong></span> 
     </span>
    </p>
   </div>
   <div class='ocr_carea' id='block_1_10' title="bbox 549 945 2063 1017">
    <p class='ocr_par' dir='ltr' id='par_1_10' title="bbox 549 945 2063 1017">
     <span class='ocr_line' id='line_1_10' title="bbox 549 945 2063 1017; baseline 0.002 -20"><span class='ocrx_word' id='word_1_48' title='bbox 549 945 725 998; x_wconf 81' lang='lat' dir='ltr'><strong>Aliam</strong></span> <span class='ocrx_word' id='word_1_49' title='bbox 782 960 914 999; x_wconf 87' lang='lat' dir='ltr'><strong>vero</strong></span> <span class='ocrx_word' id='word_1_50' title='bbox 979 946 1382 1014; x_wconf 91' lang='lat' dir='ltr'><strong>separationem</strong></span> <span class='ocrx_word' id='word_1_51' title='bbox 1431 961 1540 1001; x_wconf 89' lang='lat' dir='ltr'><strong>non</strong></span> <span class='ocrx_word' id='word_1_52' title='bbox 1577 947 1775 1017; x_wconf 84' lang='lat' dir='ltr'><strong>recipit</strong></span> <span class='ocrx_word' id='word_1_53' title='bbox 1835 950 2063 1002; x_wconf 81' lang='lat' dir='ltr'><strong>verbum</strong></span> 
     </span>
    </p>
   </div>
   <div class='ocr_carea' id='block_1_11' title="bbox 481 1036 2065 1109">
    <p class='ocr_par' dir='ltr' id='par_1_11' title="bbox 481 1036 2065 1109">
     <span class='ocr_line' id='line_1_11' title="bbox 481 1036 2065 1109; baseline 0.003 -22"><span class='ocrx_word' id='word_1_54' title='bbox 481 1038 750 1091; x_wconf 82' lang='lat' dir='ltr'><strong>veritatis.</strong></span> <span class='ocrx_word' id='word_1_55' title='bbox 787 1036 972 1091; x_wconf 87' lang='lat' dir='ltr'><strong>Primo</strong></span> <span class='ocrx_word' id='word_1_56' title='bbox 1003 1037 1247 1106; x_wconf 83' lang='lat' dir='ltr'><strong>quidem,</strong></span> <span class='ocrx_word' id='word_1_57' title='bbox 1274 1040 1404 1106; x_wconf 89' lang='lat' dir='ltr'><strong>quia</strong></span> <span class='ocrx_word' id='word_1_58' title='bbox 1429 1039 1796 1109; x_wconf 88' lang='lat' dir='ltr'><strong>disrumpitur</strong></span> <span class='ocrx_word' id='word_1_59' title='bbox 1822 1055 2065 1095; x_wconf 82' lang='lat' dir='ltr'><strong>conven-</strong></span> 
     </span>
    </p>
   </div>
   <div class='ocr_carea' id='block_1_12' title="bbox 484 1126 2066 1196">
    <p class='ocr_par' dir='ltr' id='par_1_12' title="bbox 484 1126 2066 1196">
     <span class='ocr_line' id='line_1_12' title="bbox 484 1126 2066 1196; baseline 0.005 -17"><span class='ocrx_word' id='word_1_60' title='bbox 484 1127 558 1181; x_wconf 92' lang='lat' dir='ltr'><strong>tio</strong></span> <span class='ocrx_word' id='word_1_61' title='bbox 594 1126 830 1196; x_wconf 88' lang='lat' dir='ltr'><strong>Spiritus</strong></span> <span class='ocrx_word' id='word_1_62' title='bbox 884 1130 1083 1193; x_wconf 83' lang='lat' dir='ltr'><strong>sancti,</strong></span> <span class='ocrx_word' id='word_1_63' title='bbox 1121 1145 1242 1195; x_wconf 69' lang='lat' dir='ltr'><strong>quaa</strong></span> <span class='ocrx_word' id='word_1_64' title='bbox 1293 1145 1478 1184; x_wconf 90' lang='lat' dir='ltr'><strong>coram</strong></span> <span class='ocrx_word' id='word_1_65' title='bbox 1518 1130 1628 1185; x_wconf 90' lang='lat' dir='ltr'><strong>Deo</strong></span> <span class='ocrx_word' id='word_1_66' title='bbox 1661 1141 1716 1186; x_wconf 90' lang='lat' dir='ltr'><strong>et</strong></span> <span class='ocrx_word' id='word_1_67' title='bbox 1750 1131 2066 1188; x_wconf 87' lang='lat' dir='ltr'><strong>hominibus</strong></span> 
     </span>
    </p>
   </div>
   <div class='ocr_carea' id='block_1_13' title="bbox 483 1219 2066 1292">
    <p class='ocr_par' dir='ltr' id='par_1_13' title="bbox 483 1219 2066 1292">
     <span class='ocr_line' id='line_1_13' title="bbox 483 1219 2066 1292; baseline 0.003 -20"><span class='ocrx_word' id='word_1_68' title='bbox 483 1220 755 1272; x_wconf 82' lang='lat' dir='ltr'><strong>celebrata</strong></span> <span class='ocrx_word' id='word_1_69' title='bbox 807 1226 890 1272; x_wconf 91' lang='lat' dir='ltr'><strong>est</strong></span> <span class='ocrx_word' id='word_1_70' title='bbox 944 1219 996 1272; x_wconf 89' lang='lat' dir='ltr'><strong>in</strong></span> <span class='ocrx_word' id='word_1_71' title='bbox 1029 1221 1330 1274; x_wconf 87' lang='lat' dir='ltr'><strong>monastica</strong></span> <span class='ocrx_word' id='word_1_72' title='bbox 1370 1219 1706 1290; x_wconf 81' lang='lat' dir='ltr'><strong>professione</strong></span> <span class='ocrx_word' id='word_1_73' title='bbox 1740 1238 1754 1275; x_wconf 91' lang='lat'><strong>:</strong></span> <span class='ocrx_word' id='word_1_74' title='bbox 1785 1239 1895 1292; x_wconf 89' lang='lat' dir='ltr'><strong>quo</strong></span> <span class='ocrx_word' id='word_1_75' title='bbox 1934 1223 2066 1290; x_wconf 86' lang='lat' dir='ltr'><strong>quid</strong></span> 
     </span>
    </p>
   </div>
   <div class='ocr_carea' id='block_1_14' title="bbox 483 1311 2066 1382">
    <p class='ocr_par' dir='ltr' id='par_1_14' title="bbox 483 1311 2066 1382">
     <span class='ocr_line' id='line_1_14' title="bbox 483 1311 2066 1382; baseline 0.001 -16"><span class='ocrx_word' id='word_1_76' title='bbox 483 1327 605 1366; x_wconf 89' lang='lat' dir='ltr'><strong>esse</strong></span> <span class='ocrx_word' id='word_1_77' title='bbox 625 1319 804 1380; x_wconf 87' lang='lat' dir='ltr'><strong>potest</strong></span> <span class='ocrx_word' id='word_1_78' title='bbox 834 1311 1241 1378; x_wconf 83' lang='lat' dir='ltr'><strong>perniciosius?</strong></span> <span class='ocrx_word' id='word_1_79' title='bbox 1267 1311 1333 1365; x_wconf 91' lang='lat' dir='ltr'><strong>Et</strong></span> <span class='ocrx_word' id='word_1_80' title='bbox 1369 1327 1497 1367; x_wconf 89' lang='lat' dir='ltr'><strong>vero</strong></span> <span class='ocrx_word' id='word_1_81' title='bbox 1519 1314 1750 1382; x_wconf 81' lang='lat' dir='ltr'><strong>quadrat</strong></span> <span class='ocrx_word' id='word_1_82' title='bbox 1779 1314 1866 1369; x_wconf 88' lang='lat' dir='ltr'><strong>hic</strong></span> <span class='ocrx_word' id='word_1_83' title='bbox 1898 1316 2066 1370; x_wconf 88' lang='lat' dir='ltr'><strong>etiam</strong></span> 
     </span>
    </p>
   </div>
   <div class='ocr_carea' id='block_1_15' title="bbox 485 1400 2066 1472">
    <p class='ocr_par' dir='ltr' id='par_1_15' title="bbox 485 1400 2066 1472">
     <span class='ocr_line' id='line_1_15' title="bbox 485 1400 2066 1472; baseline 0.003 -18"><span class='ocrx_word' id='word_1_84' title='bbox 485 1402 707 1455; x_wconf 86' lang='lat' dir='ltr'><strong>verbum</strong></span> <span class='ocrx_word' id='word_1_85' title='bbox 759 1400 976 1455; x_wconf 88' lang='lat' dir='ltr'><strong>Domini</strong></span> <span class='ocrx_word' id='word_1_86' title='bbox 1013 1421 1027 1456; x_wconf 89' lang='lat'><strong>:</strong></span> <span class='ocrx_word' id='word_1_87' title='bbox 1075 1401 1218 1466; x_wconf 83' lang='lat' dir='ltr'><strong>Quos</strong></span> <span class='ocrx_word' id='word_1_88' title='bbox 1268 1402 1405 1456; x_wconf 81' lang='lat' dir='ltr'><strong>Deus</strong></span> <span class='ocrx_word' id='word_1_89' title='bbox 1434 1403 1731 1472; x_wconf 72' lang='lat' dir='ltr'><strong>conjunxit,</strong></span> <span class='ocrx_word' id='word_1_90' title='bbox 1772 1407 1925 1458; x_wconf 85' lang='lat' dir='ltr'><strong>homo</strong></span> <span class='ocrx_word' id='word_1_91' title='bbox 1964 1420 2066 1458; x_wconf 86' lang='lat' dir='ltr'><strong>non</strong></span> 
     </span>
    </p>
   </div>
   <div class='ocr_carea' id='block_1_16' title="bbox 486 1492 2068 1567">
    <p class='ocr_par' dir='ltr' id='par_1_16' title="bbox 486 1492 2068 1567">
     <span class='ocr_line' id='line_1_16' title="bbox 486 1492 2068 1567; baseline 0.004 -21"><span class='ocrx_word' id='word_1_92' title='bbox 486 1503 689 1563; x_wconf 73' lang='lat' dir='ltr'><strong>separet</strong></span> <span class='ocrx_word' id='word_1_93' title='bbox 715 1494 784 1548; x_wconf 70' lang='grc' dir='ltr'><strong>δ”.</strong></span> <span class='ocrx_word' id='word_1_94' title='bbox 817 1492 952 1548; x_wconf 86' lang='lat' dir='ltr'><strong>Nam</strong></span> <span class='ocrx_word' id='word_1_95' title='bbox 986 1495 1032 1551; x_wconf 88' lang='lat' dir='ltr'><strong>si</strong></span> <span class='ocrx_word' id='word_1_96' title='bbox 1071 1495 1168 1559; x_wconf 91' lang='lat' dir='ltr'><strong>ibi,</strong></span> <span class='ocrx_word' id='word_1_97' title='bbox 1201 1497 1416 1551; x_wconf 88' lang='lat' dir='ltr'><strong>tametsi</strong></span> <span class='ocrx_word' id='word_1_98' title='bbox 1480 1498 1533 1551; x_wconf 90' lang='lat' dir='ltr'><strong>in</strong></span> <span class='ocrx_word' id='word_1_99' title='bbox 1591 1499 1801 1552; x_wconf 85' lang='lat' dir='ltr'><strong>carnali</strong></span> <span class='ocrx_word' id='word_1_100' title='bbox 1834 1497 2068 1567; x_wconf 88' lang='lat' dir='ltr'><strong>conjun-</strong></span> 
     </span>
    </p>
   </div>
   <div class='ocr_carea' id='block_1_17' title="bbox 486 1584 2067 1658">
    <p class='ocr_par' dir='ltr' id='par_1_17' title="bbox 486 1584 2067 1658">
     <span class='ocr_line' id='line_1_17' title="bbox 486 1584 2067 1658; baseline 0.001 -18"><span class='ocrx_word' id='word_1_101' title='bbox 486 1587 685 1649; x_wconf 87' lang='lat' dir='ltr'><strong>ctione,</strong></span> <span class='ocrx_word' id='word_1_102' title='bbox 711 1584 998 1640; x_wconf 89' lang='lat' dir='ltr'><strong>interdicta</strong></span> <span class='ocrx_word' id='word_1_103' title='bbox 1026 1595 1108 1640; x_wconf 87' lang='lat' dir='ltr'><strong>est</strong></span> <span class='ocrx_word' id='word_1_104' title='bbox 1132 1588 1427 1656; x_wconf 87' lang='lat' dir='ltr'><strong>separatio,</strong></span> <span class='ocrx_word' id='word_1_105' title='bbox 1455 1586 1658 1657; x_wconf 80' lang='lat' dir='ltr'><strong>quanto</strong></span> <span class='ocrx_word' id='word_1_106' title='bbox 1677 1587 1851 1657; x_wconf 81' lang='lat' dir='ltr'><strong>magis</strong></span> <span class='ocrx_word' id='word_1_107' title='bbox 1871 1587 1926 1642; x_wconf 92' lang='lat' dir='ltr'><strong>in</strong></span> <span class='ocrx_word' id='word_1_108' title='bbox 1951 1588 2067 1658; x_wconf 83' lang='lat' dir='ltr'><strong>spi—</strong></span> 
     </span>
    </p>
   </div>
   <div class='ocr_carea' id='block_1_18' title="bbox 488 1676 2066 1746">
    <p class='ocr_par' dir='ltr' id='par_1_18' title="bbox 488 1676 2066 1746">
     <span class='ocr_line' id='line_1_18' title="bbox 488 1676 2066 1746; baseline 0.002 -17"><span class='ocrx_word' id='word_1_109' title='bbox 488 1676 675 1730; x_wconf 79' lang='lat' dir='ltr'><strong>rituali</strong></span> <span class='ocrx_word' id='word_1_110' title='bbox 710 1677 1060 1746; x_wconf 89' lang='lat' dir='ltr'><strong>copulatione</strong></span> <span class='ocrx_word' id='word_1_111' title='bbox 1085 1678 1108 1731; x_wconf 71' lang='grc' dir='ltr'>’ί</span> <span class='ocrx_word' id='word_1_112' title='bbox 1142 1677 1247 1733; x_wconf 89' lang='lat' dir='ltr'><strong>nisi</strong></span> <span class='ocrx_word' id='word_1_113' title='bbox 1280 1678 1420 1733; x_wconf 78' lang='lat' dir='ltr'><strong>forte</strong></span> <span class='ocrx_word' id='word_1_114' title='bbox 1450 1679 1660 1734; x_wconf 90' lang='lat' dir='ltr'><strong>ludicra</strong></span> <span class='ocrx_word' id='word_1_115' title='bbox 1690 1689 1818 1734; x_wconf 90' lang='lat' dir='ltr'><strong>sunt</strong></span> <span class='ocrx_word' id='word_1_116' title='bbox 1838 1678 2021 1736; x_wconf 88' lang='lat' dir='ltr'><strong>divina</strong></span> <span class='ocrx_word' id='word_1_117' title='bbox 2051 1696 2066 1733; x_wconf 95' lang='lat'><strong>:</strong></span> 
     </span>
    </p>
   </div>
   <div class='ocr_carea' id='block_1_19' title="bbox 488 1767 2070 1834">
    <p class='ocr_par' dir='ltr' id='par_1_19' title="bbox 488 1767 2070 1834">
     <span class='ocr_line' id='line_1_19' title="bbox 488 1767 2070 1834; baseline 0.001 -14"><span class='ocrx_word' id='word_1_118' title='bbox 488 1768 580 1821; x_wconf 87' lang='lat' dir='ltr'><strong>sed</strong></span> <span class='ocrx_word' id='word_1_119' title='bbox 611 1768 772 1822; x_wconf 89' lang='lat' dir='ltr'><strong>absit.</strong></span> <span class='ocrx_word' id='word_1_120' title='bbox 809 1767 1013 1823; x_wconf 90' lang='lat' dir='ltr'><strong>Fidelis</strong></span> <span class='ocrx_word' id='word_1_121' title='bbox 1045 1777 1131 1823; x_wconf 90' lang='lat' dir='ltr'><strong>est</strong></span> <span class='ocrx_word' id='word_1_122' title='bbox 1159 1769 1488 1824; x_wconf 79' lang='lat' dir='ltr'><strong>sacramenti</strong></span> <span class='ocrx_word' id='word_1_123' title='bbox 1513 1784 1717 1834; x_wconf 87' lang='lat' dir='ltr'><strong>sermo,</strong></span> <span class='ocrx_word' id='word_1_124' title='bbox 1748 1778 1863 1823; x_wconf 89' lang='lat' dir='ltr'><strong>tum</strong></span> <span class='ocrx_word' id='word_1_125' title='bbox 1903 1770 1956 1822; x_wconf 91' lang='lat' dir='ltr'><strong>in</strong></span> <span class='ocrx_word' id='word_1_126' title='bbox 1982 1784 2070 1823; x_wconf 81' lang='lat' dir='ltr'><strong>re-</strong></span> 
     </span>
    </p>
   </div>
   <div class='ocr_carea' id='block_1_20' title="bbox 2163 573 3727 645">
    <p class='ocr_par' dir='ltr' id='par_1_20' title="bbox 2163 573 3727 645">
     <span class='ocr_line' id='line_1_20' title="bbox 2163 573 3727 645; baseline -0.001 -20"><span class='ocrx_word' id='word_1_127' title='bbox 2163 591 2223 625; x_wconf 86' lang='grc' dir='ltr'><strong>τε</strong></span> <span class='ocrx_word' id='word_1_128' title='bbox 2254 573 2595 645; x_wconf 85' lang='grc' dir='ltr'>ὲπιδιδούσης</span> <span class='ocrx_word' id='word_1_129' title='bbox 2624 577 2715 626; x_wconf 79' lang='grc' dir='ltr'><strong>καὶ</strong></span> <span class='ocrx_word' id='word_1_130' title='bbox 2742 575 2841 643; x_wconf 84' lang='grc' dir='ltr'>τῆς</span> <span class='ocrx_word' id='word_1_131' title='bbox 2876 574 3284 643; x_wconf 80' lang='grc' dir='ltr'><strong>ἐπιδεχομένης,</strong></span> <span class='ocrx_word' id='word_1_132' title='bbox 3323 574 3727 642; x_wconf 86' lang='grc' dir='ltr'>συναιρομένων</span> 
     </span>
    </p>
   </div>
   <div class='ocr_carea' id='block_1_21' title="bbox 2165 663 3729 734">
    <p class='ocr_par' dir='ltr' id='par_1_21' title="bbox 2165 663 3729 734">
     <span class='ocr_line' id='line_1_21' title="bbox 2165 663 3729 734; baseline -0.001 -18"><span class='ocrx_word' id='word_1_133' title='bbox 2165 663 2444 734; x_wconf 87' lang='grc' dir='ltr'>ἀλλήλαις,</span> <span class='ocrx_word' id='word_1_134' title='bbox 2468 666 2842 734; x_wconf 83' lang='grc' dir='ltr'>πληρουμένου</span> <span class='ocrx_word' id='word_1_135' title='bbox 2865 664 2959 716; x_wconf 87' lang='grc' dir='ltr'><strong>τοῦ</strong></span> <span class='ocrx_word' id='word_1_136' title='bbox 2993 663 3354 718; x_wconf 86' lang='grc' dir='ltr'>ἀποστολικοῦ</span> <span class='ocrx_word' id='word_1_137' title='bbox 3404 663 3729 733; x_wconf 78' lang='grc' dir='ltr'>παραγγέλ-</span> 
     </span>
    </p>
   </div>
   <div class='ocr_carea' id='block_1_22' title="bbox 2167 754 3729 825">
    <p class='ocr_par' dir='ltr' id='par_1_22' title="bbox 2167 754 3729 825">
     <span class='ocr_line' id='line_1_22' title="bbox 2167 754 3729 825; baseline 0.001 -18"><span class='ocrx_word' id='word_1_138' title='bbox 2167 772 2338 825; x_wconf 85' lang='grc' dir='ltr'><strong>ματος</strong></span> <span class='ocrx_word' id='word_1_139' title='bbox 2365 771 2378 784; x_wconf 92' lang='grc'><strong>·</strong></span> <span class='ocrx_word' id='word_1_140' title='bbox 2417 754 2719 822; x_wconf 75' lang='grc' dir='ltr'><strong>Ἀλλήλων</strong></span> <span class='ocrx_word' id='word_1_141' title='bbox 2750 755 2822 808; x_wconf 86' lang='grc' dir='ltr'>τὰ</span> <span class='ocrx_word' id='word_1_142' title='bbox 2848 756 3009 823; x_wconf 82' lang='grc' dir='ltr'>,ϐάρη</span> <span class='ocrx_word' id='word_1_143' title='bbox 3032 755 3383 819; x_wconf 77' lang='grc' dir='ltr'><strong>βαστάζετε,</strong></span> <span class='ocrx_word' id='word_1_144' title='bbox 3416 757 3515 808; x_wconf 76' lang='grc' dir='ltr'>καὶ</span> <span class='ocrx_word' id='word_1_145' title='bbox 3542 756 3729 821; x_wconf 80' lang='grc' dir='ltr'>οὑτως</span> 
     </span>
    </p>
   </div>
   <div class='ocr_carea' id='block_1_23' title="bbox 2163 844 3442 916">
    <p class='ocr_par' dir='ltr' id='par_1_23' title="bbox 2163 844 3442 916">
     <span class='ocr_line' id='line_1_23' title="bbox 2163 844 3442 916; baseline -0.002 -13"><span class='ocrx_word' id='word_1_146' title='bbox 2163 848 2637 915; x_wconf 78' lang='grc' dir='ltr'><strong>ἀναπληρώσατε</strong></span> <span class='ocrx_word' id='word_1_147' title='bbox 2670 847 2777 900; x_wconf 79' lang='grc' dir='ltr'><strong>τὸν</strong></span> <span class='ocrx_word' id='word_1_148' title='bbox 2801 848 2991 916; x_wconf 79' lang='grc' dir='ltr'>νόμον</span> <span class='ocrx_word' id='word_1_149' title='bbox 3022 847 3127 900; x_wconf 84' lang='grc' dir='ltr'><strong>τοῦ</strong></span> <span class='ocrx_word' id='word_1_150' title='bbox 3162 844 3442 914; x_wconf 83' lang='grc' dir='ltr'><strong>Χριστοῦ.</strong></span> 
     </span>
    </p>
   </div>
   <div class='ocr_carea' id='block_1_24' title="bbox 2237 935 3732 1010">
    <p class='ocr_par' dir='ltr' id='par_1_24' title="bbox 2237 935 3732 1010">
     <span class='ocr_line' id='line_1_24' title="bbox 2237 935 3732 1010; baseline -0.001 -19"><span class='ocrx_word' id='word_1_151' title='bbox 2237 939 2431 992; x_wconf 83' lang='grc' dir='ltr'>Ἀλλον</span> <span class='ocrx_word' id='word_1_152' title='bbox 2461 939 2517 993; x_wconf 85' lang='grc' dir='ltr'>δὲ</span> <span class='ocrx_word' id='word_1_153' title='bbox 2551 940 2828 1010; x_wconf 88' lang='grc' dir='ltr'>χωρισμὸν</span> <span class='ocrx_word' id='word_1_154' title='bbox 2868 939 2968 991; x_wconf 82' lang='grc' dir='ltr'><strong>οὐκ</strong></span> <span class='ocrx_word' id='word_1_155' title='bbox 3016 937 3326 1007; x_wconf 72' lang='grc' dir='ltr'><strong>ἐπιδέχεται</strong></span> <span class='ocrx_word' id='word_1_156' title='bbox 3365 939 3393 990; x_wconf 99' lang='lat'><strong>6</strong></span> <span class='ocrx_word' id='word_1_157' title='bbox 3447 936 3608 1004; x_wconf 80' lang='grc' dir='ltr'><strong>λόγος</strong></span> <span class='ocrx_word' id='word_1_158' title='bbox 3630 935 3732 1004; x_wconf 79' lang='grc' dir='ltr'>τῆς</span> 
     </span>
    </p>
   </div>
   <div class='ocr_carea' id='block_1_25' title="bbox 2165 1026 3732 1099">
    <p class='ocr_par' dir='ltr' id='par_1_25' title="bbox 2165 1026 3732 1099">
     <span class='ocr_line' id='line_1_25' title="bbox 2165 1026 3732 1099; baseline 0 -19"><span class='ocrx_word' id='word_1_159' title='bbox 2165 1029 2440 1099; x_wconf 81' lang='grc' dir='ltr'><strong>ἀληθείας.</strong></span> <span class='ocrx_word' id='word_1_160' title='bbox 2481 1029 2704 1099; x_wconf 83' lang='grc' dir='ltr'>Πρῶτον</span> <span class='ocrx_word' id='word_1_161' title='bbox 2756 1028 2878 1099; x_wconf 84' lang='grc' dir='ltr'>μὲν,</span> <span class='ocrx_word' id='word_1_162' title='bbox 2907 1030 2989 1082; x_wconf 85' lang='grc' dir='ltr'><strong>ὄτι</strong></span> <span class='ocrx_word' id='word_1_163' title='bbox 3041 1030 3074 1098; x_wconf 84' lang='grc' dir='ltr'>ἠ</span> <span class='ocrx_word' id='word_1_164' title='bbox 3127 1027 3397 1098; x_wconf 81' lang='grc' dir='ltr'>σύμϐασις</span> <span class='ocrx_word' id='word_1_165' title='bbox 3433 1026 3526 1080; x_wconf 87' lang='grc' dir='ltr'><strong>τοῦ</strong></span> <span class='ocrx_word' id='word_1_166' title='bbox 3572 1027 3732 1094; x_wconf 81' lang='grc' dir='ltr'>ἁγίου</span> 
     </span>
    </p>
   </div>
   <div class='ocr_carea' id='block_1_26' title="bbox 2166 1118 3734 1191">
    <p class='ocr_par' dir='ltr' id='par_1_26' title="bbox 2166 1118 3734 1191">
     <span class='ocr_line' id='line_1_26' title="bbox 2166 1118 3734 1191; baseline -0.003 -17"><span class='ocrx_word' id='word_1_167' title='bbox 2166 1121 2478 1191; x_wconf 85' lang='grc' dir='ltr'>Πνεύματος</span> <span class='ocrx_word' id='word_1_168' title='bbox 2536 1122 2831 1175; x_wconf 82' lang='grc' dir='ltr'><strong>διασπᾶται</strong></span> <span class='ocrx_word' id='word_1_169' title='bbox 2864 1123 2898 1191; x_wconf 80' lang='grc' dir='ltr'><strong>η</strong></span> <span class='ocrx_word' id='word_1_170' title='bbox 2950 1118 3450 1189; x_wconf 87' lang='grc' dir='ltr'>καθομολογηθεῖσα</span> <span class='ocrx_word' id='word_1_171' title='bbox 3496 1119 3734 1172; x_wconf 77' lang='grc' dir='ltr'>ἐνώπιον</span> 
     </span>
    </p>
   </div>
   <div class='ocr_carea' id='block_1_27' title="bbox 2165 1205 3734 1283">
    <p class='ocr_par' dir='ltr' id='par_1_27' title="bbox 2165 1205 3734 1283">
     <span class='ocr_line' id='line_1_27' title="bbox 2165 1205 3734 1283; baseline 0 -19"><span class='ocrx_word' id='word_1_172' title='bbox 2165 1212 2302 1264; x_wconf 83' lang='grc' dir='ltr'><strong>Θεοῦ</strong></span> <span class='ocrx_word' id='word_1_173' title='bbox 2331 1214 2425 1266; x_wconf 70' lang='grc' dir='ltr'><strong>καὶ</strong></span> <span class='ocrx_word' id='word_1_174' title='bbox 2455 1212 2758 1282; x_wconf 84' lang='grc' dir='ltr'>ἀνθρώπων</span> <span class='ocrx_word' id='word_1_175' title='bbox 2791 1215 2884 1265; x_wconf 73' lang='grc' dir='ltr'>ἐπὶ</span> <span class='ocrx_word' id='word_1_176' title='bbox 2911 1216 2976 1283; x_wconf 82' lang='grc' dir='ltr'>τῇ</span> <span class='ocrx_word' id='word_1_177' title='bbox 3017 1214 3282 1282; x_wconf 80' lang='grc' dir='ltr'>μοναχικῇ</span> <span class='ocrx_word' id='word_1_178' title='bbox 3315 1210 3597 1263; x_wconf 83' lang='grc' dir='ltr'>τελειώσει</span> <span class='ocrx_word' id='word_1_179' title='bbox 3617 1228 3632 1242; x_wconf 78' lang='grc' dir='ltr'><strong>ο</strong></span> <span class='ocrx_word' id='word_1_180' title='bbox 3672 1205 3734 1264; x_wconf 73' lang='grc' dir='ltr'><strong>οὗ</strong></span> 
     </span>
    </p>
   </div>
   <div class='ocr_carea' id='block_1_28' title="bbox 2164 1304 3736 1379">
    <p class='ocr_par' dir='ltr' id='par_1_28' title="bbox 2164 1304 3736 1379">
     <span class='ocr_line' id='line_1_28' title="bbox 2164 1304 3736 1379; baseline -0.003 -19"><span class='ocrx_word' id='word_1_181' title='bbox 2164 1308 2219 1360; x_wconf 86' lang='grc' dir='ltr'><strong>τί</strong></span> <span class='ocrx_word' id='word_1_182' title='bbox 2251 1308 2316 1360; x_wconf 85' lang='grc' dir='ltr'>ἂν</span> <span class='ocrx_word' id='word_1_183' title='bbox 2349 1308 2435 1379; x_wconf 74' lang='grc' dir='ltr'>εἴη</span> <span class='ocrx_word' id='word_1_184' title='bbox 2466 1306 2885 1379; x_wconf 85' lang='grc' dir='ltr'>όλεθριώτερον;</span> <span class='ocrx_word' id='word_1_185' title='bbox 2923 1307 3030 1360; x_wconf 84' lang='grc' dir='ltr'>Καί</span> <span class='ocrx_word' id='word_1_186' title='bbox 3060 1325 3124 1375; x_wconf 88' lang='grc' dir='ltr'>γε</span> <span class='ocrx_word' id='word_1_187' title='bbox 3154 1305 3382 1377; x_wconf 83' lang='grc' dir='ltr'>ἁρμόζει</span> <span class='ocrx_word' id='word_1_188' title='bbox 3451 1304 3736 1357; x_wconf 83' lang='grc' dir='ltr'>κάνταῦθα</span> 
     </span>
    </p>
   </div>
   <div class='ocr_carea' id='block_1_29' title="bbox 2166 1396 3738 1469">
    <p class='ocr_par' dir='ltr' id='par_1_29' title="bbox 2166 1396 3738 1469">
     <span class='ocr_line' id='line_1_29' title="bbox 2166 1396 3738 1469; baseline -0.002 -18"><span class='ocrx_word' id='word_1_189' title='bbox 2166 1402 2194 1451; x_wconf 90' lang='lat'><strong>6</strong></span> <span class='ocrx_word' id='word_1_190' title='bbox 2218 1398 2375 1467; x_wconf 81' lang='grc' dir='ltr'><strong>λόγος</strong></span> <span class='ocrx_word' id='word_1_191' title='bbox 2427 1399 2517 1451; x_wconf 76' lang='grc' dir='ltr'><strong>τοῦ</strong></span> <span class='ocrx_word' id='word_1_192' title='bbox 2565 1399 2768 1469; x_wconf 83' lang='grc' dir='ltr'>Κυρίου</span> <span class='ocrx_word' id='word_1_193' title='bbox 2795 1414 2809 1428; x_wconf 87' lang='grc'><strong>·</strong></span> <span class='ocrx_word' id='word_1_194' title='bbox 2837 1398 2955 1463; x_wconf 84' lang='grc' dir='ltr'><strong>Οὓς</strong></span> <span class='ocrx_word' id='word_1_195' title='bbox 2995 1402 3027 1452; x_wconf 81' lang='grc' dir='ltr'><em>ὁ</em></span> <span class='ocrx_word' id='word_1_196' title='bbox 3054 1399 3203 1464; x_wconf 83' lang='grc' dir='ltr'><strong>Θεὸς</strong></span> <span class='ocrx_word' id='word_1_197' title='bbox 3233 1397 3494 1461; x_wconf 79' lang='grc' dir='ltr'><strong>ἔζευξεν,</strong></span> <span class='ocrx_word' id='word_1_198' title='bbox 3518 1396 3738 1463; x_wconf 77' lang='grc' dir='ltr'>ἇνθρω·</span> 
     </span>
    </p>
   </div>
   <div class='ocr_carea' id='block_1_30' title="bbox 2166 1489 3735 1561">
    <p class='ocr_par' dir='ltr' id='par_1_30' title="bbox 2166 1489 3735 1561">
     <span class='ocr_line' id='line_1_30' title="bbox 2166 1489 3735 1561; baseline -0.003 -17"><span class='ocrx_word' id='word_1_199' title='bbox 2166 1505 2282 1555; x_wconf 66' lang='grc' dir='ltr'>στος</span> <span class='ocrx_word' id='word_1_200' title='bbox 2308 1489 2395 1559; x_wconf 77' lang='grc' dir='ltr'>μὴ</span> <span class='ocrx_word' id='word_1_201' title='bbox 2424 1489 2728 1559; x_wconf 84' lang='grc' dir='ltr'><strong>χωριζέτω.</strong></span> <span class='ocrx_word' id='word_1_202' title='bbox 2754 1491 2815 1544; x_wconf 80' lang='lat' dir='ltr'><strong>Ei</strong></span> <span class='ocrx_word' id='word_1_203' title='bbox 2842 1491 2950 1561; x_wconf 85' lang='grc' dir='ltr'>γὰρ</span> <span class='ocrx_word' id='word_1_204' title='bbox 2983 1492 3119 1556; x_wconf 85' lang='grc' dir='ltr'>ἐκεῖ,</span> <span class='ocrx_word' id='word_1_205' title='bbox 3157 1491 3334 1543; x_wconf 86' lang='grc' dir='ltr'>καίτοι</span> <span class='ocrx_word' id='word_1_206' title='bbox 3372 1490 3464 1542; x_wconf 73' lang='grc' dir='ltr'><strong>ἐπὶ</strong></span> <span class='ocrx_word' id='word_1_207' title='bbox 3495 1489 3735 1557; x_wconf 80' lang='grc' dir='ltr'>σαρκικῇ</span> 
     </span>
    </p>
   </div>
   <div class='ocr_carea' id='block_1_31' title="bbox 2167 1579 3740 1655">
    <p class='ocr_par' dir='ltr' id='par_1_31' title="bbox 2167 1579 3740 1655">
     <span class='ocr_line' id='line_1_31' title="bbox 2167 1579 3740 1655; baseline -0.002 -21"><span class='ocrx_word' id='word_1_208' title='bbox 2167 1580 2371 1648; x_wconf 75' lang='grc' dir='ltr'>ζεύξει,</span> <span class='ocrx_word' id='word_1_209' title='bbox 2417 1583 2790 1652; x_wconf 81' lang='grc' dir='ltr'><strong>ἀπηγόρευται</strong></span> <span class='ocrx_word' id='word_1_210' title='bbox 2818 1586 2847 1636; x_wconf 90' lang='lat'><strong>6</strong></span> <span class='ocrx_word' id='word_1_211' title='bbox 2886 1583 3196 1655; x_wconf 82' lang='grc' dir='ltr'>χωρισμός·</span> <span class='ocrx_word' id='word_1_212' title='bbox 3229 1583 3384 1652; x_wconf 86' lang='grc' dir='ltr'>πόσῳ</span> <span class='ocrx_word' id='word_1_213' title='bbox 3424 1598 3490 1649; x_wconf 85' lang='grc' dir='ltr'><strong>γε</strong></span> <span class='ocrx_word' id='word_1_214' title='bbox 3538 1579 3740 1650; x_wconf 79' lang='grc' dir='ltr'>μᾶλλον</span> 
     </span>
    </p>
   </div>
   <div class='ocr_carea' id='block_1_32' title="bbox 2167 1672 3742 1746">
    <p class='ocr_par' dir='ltr' id='par_1_32' title="bbox 2167 1672 3742 1746">
     <span class='ocr_line' id='line_1_32' title="bbox 2167 1672 3742 1746; baseline -0.002 -19"><span class='ocrx_word' id='word_1_215' title='bbox 2167 1675 2261 1727; x_wconf 77' lang='grc' dir='ltr'><strong>ἐπὶ</strong></span> <span class='ocrx_word' id='word_1_216' title='bbox 2291 1677 2636 1744; x_wconf 80' lang='grc' dir='ltr'>πνευματικῇ</span> <span class='ocrx_word' id='word_1_217' title='bbox 2665 1676 2964 1744; x_wconf 81' lang='grc' dir='ltr'>συνσφείᾳ;</span> <span class='ocrx_word' id='word_1_218' title='bbox 2996 1676 3044 1728; x_wconf 88' lang='grc' dir='ltr'><strong>εί</strong></span> <span class='ocrx_word' id='word_1_219' title='bbox 3072 1677 3144 1746; x_wconf 86' lang='grc' dir='ltr'>μή</span> <span class='ocrx_word' id='word_1_220' title='bbox 3173 1693 3224 1728; x_wconf 93' lang='grc' dir='ltr'><strong>τι</strong></span> <span class='ocrx_word' id='word_1_221' title='bbox 3246 1677 3352 1746; x_wconf 82' lang='grc' dir='ltr'>ἄρα</span> <span class='ocrx_word' id='word_1_222' title='bbox 3383 1672 3644 1736; x_wconf 78' lang='grc' dir='ltr'>παίζεται</span> <span class='ocrx_word' id='word_1_223' title='bbox 3673 1673 3742 1724; x_wconf 67' lang='grc' dir='ltr'><strong>τὰ</strong></span> 
     </span>
    </p>
   </div>
   <div class='ocr_carea' id='block_1_33' title="bbox 2168 1765 3741 1836">
    <p class='ocr_par' dir='ltr' id='par_1_33' title="bbox 2168 1765 3741 1836">
     <span class='ocr_line' id='line_1_33' title="bbox 2168 1765 3741 1836; baseline -0.002 -18"><span class='ocrx_word' id='word_1_224' title='bbox 2168 1765 2289 1818; x_wconf 88' lang='grc' dir='ltr'>θεῖα</span> <span class='ocrx_word' id='word_1_225' title='bbox 2313 1783 2326 1798; x_wconf 75' lang='grc' dir='ltr'><strong>ο</strong></span> <span class='ocrx_word' id='word_1_226' title='bbox 2355 1766 2468 1818; x_wconf 84' lang='grc' dir='ltr'>ἀλλ’</span> <span class='ocrx_word' id='word_1_227' title='bbox 2508 1765 2690 1834; x_wconf 78' lang='grc' dir='ltr'>ἄπαγε</span> <span class='ocrx_word' id='word_1_228' title='bbox 2719 1768 2732 1819; x_wconf 86' lang='lat' dir='ltr'><strong>l</strong></span> <span class='ocrx_word' id='word_1_229' title='bbox 2765 1768 2952 1831; x_wconf 87' lang='grc' dir='ltr'>πιστὸς</span> <span class='ocrx_word' id='word_1_230' title='bbox 2985 1768 3013 1820; x_wconf 89' lang='lat'><strong>6</strong></span> <span class='ocrx_word' id='word_1_231' title='bbox 3066 1767 3223 1836; x_wconf 81' lang='grc' dir='ltr'><strong>λόγος</strong></span> <span class='ocrx_word' id='word_1_232' title='bbox 3267 1765 3359 1819; x_wconf 88' lang='grc' dir='ltr'><strong>τοῦ</strong></span> <span class='ocrx_word' id='word_1_233' title='bbox 3411 1765 3741 1834; x_wconf 82' lang='grc' dir='ltr'>μυστηρίου,</span> 
     </span>
    </p>
   </div>
   <div class='ocr_carea' id='block_1_34' title="bbox 489 1851 2074 1929">
    <p class='ocr_par' dir='ltr' id='par_1_34' title="bbox 489 1859 2059 1929">
     <span class='ocr_line' id='line_1_34' title="bbox 489 1859 2059 1929; baseline 0.001 -16"><span class='ocrx_word' id='word_1_234' title='bbox 489 1859 753 1913; x_wconf 87' lang='lat' dir='ltr'><strong>missione</strong></span> <span class='ocrx_word' id='word_1_235' title='bbox 777 1868 1153 1929; x_wconf 89' lang='lat' dir='ltr'><strong>peccatorum,</strong></span> <span class='ocrx_word' id='word_1_236' title='bbox 1195 1871 1310 1915; x_wconf 92' lang='lat' dir='ltr'><strong>tum</strong></span> <span class='ocrx_word' id='word_1_237' title='bbox 1341 1862 1396 1914; x_wconf 92' lang='lat' dir='ltr'><strong>in</strong></span> <span class='ocrx_word' id='word_1_238' title='bbox 1424 1862 1645 1916; x_wconf 89' lang='lat' dir='ltr'><strong>vinculo</strong></span> <span class='ocrx_word' id='word_1_239' title='bbox 1687 1861 2059 1918; x_wconf 89' lang='lat' dir='ltr'><strong>indissolubili</strong></span> 
     </span>
    </p>
   </div>
   <div class='ocr_carea' id='block_1_35' title="bbox 2179 1851 3746 1929">
    <p class='ocr_par' dir='ltr' id='par_1_35' title="bbox 2179 1856 3746 1929">
     <span class='ocr_line' id='line_1_35' title="bbox 2179 1856 3746 1929; baseline 0 -21"><span class='ocrx_word' id='word_1_240' title='bbox 2179 1858 2254 1908; x_wconf 75' lang='grc' dir='ltr'><strong>ιπί</strong></span> <span class='ocrx_word' id='word_1_241' title='bbox 2280 1874 2338 1909; x_wconf 86' lang='grc' dir='ltr'><strong>τε</strong></span> <span class='ocrx_word' id='word_1_242' title='bbox 2371 1857 2564 1926; x_wconf 81' lang='grc' dir='ltr'>ἀφέσει</span> <span class='ocrx_word' id='word_1_243' title='bbox 2591 1857 2699 1909; x_wconf 81' lang='grc' dir='ltr'>τῶν</span> <span class='ocrx_word' id='word_1_244' title='bbox 2720 1857 3148 1929; x_wconf 74' lang='grc' dir='ltr'><strong>ἡμαρτημένων,</strong></span> <span class='ocrx_word' id='word_1_245' title='bbox 3189 1858 3281 1911; x_wconf 83' lang='grc' dir='ltr'><strong>ἐπί</strong></span> <span class='ocrx_word' id='word_1_246' title='bbox 3311 1875 3370 1911; x_wconf 91' lang='grc' dir='ltr'><strong>τε</strong></span> <span class='ocrx_word' id='word_1_247' title='bbox 3401 1856 3592 1927; x_wconf 84' lang='grc' dir='ltr'>δεσμῷ</span> <span class='ocrx_word' id='word_1_248' title='bbox 3614 1856 3746 1909; x_wconf 84' lang='grc' dir='ltr'>ἀλύ-</span> 
     </span>
    </p>
   </div>
   <div class='ocr_carea' id='block_1_36' title="bbox 489 1951 2062 2024">
    <p class='ocr_par' dir='ltr' id='par_1_36' title="bbox 489 1951 2062 2024">
     <span class='ocr_line' id='line_1_36' title="bbox 489 1951 2062 2024; baseline 0.002 -18"><span class='ocrx_word' id='word_1_249' title='bbox 489 1951 922 2020; x_wconf 73' lang='lat' dir='ltr'><strong>coniunctionis.</strong></span> <span class='ocrx_word' id='word_1_250' title='bbox 958 1953 1164 2008; x_wconf 86' lang='lat' dir='ltr'><strong>Deinde</strong></span> <span class='ocrx_word' id='word_1_251' title='bbox 1192 1955 1471 2024; x_wconf 90' lang='lat' dir='ltr'><strong>quomodo</strong></span> <span class='ocrx_word' id='word_1_252' title='bbox 1496 1970 1602 2008; x_wconf 90' lang='lat' dir='ltr'><strong>non</strong></span> <span class='ocrx_word' id='word_1_253' title='bbox 1636 1955 1943 2008; x_wconf 75' lang='lat' dir='ltr'><strong>offendetur</strong></span> <span class='ocrx_word' id='word_1_254' title='bbox 1969 1970 2062 2009; x_wconf 85' lang='lat' dir='ltr'><strong>so-</strong></span> 
     </span>
    </p>
   </div>
   <div class='ocr_carea' id='block_1_37' title="bbox 493 2045 2067 2114">
    <p class='ocr_par' dir='ltr' id='par_1_37' title="bbox 493 2045 2067 2114">
     <span class='ocr_line' id='line_1_37' title="bbox 493 2045 2067 2114; baseline 0.003 -19"><span class='ocrx_word' id='word_1_255' title='bbox 493 2058 681 2096; x_wconf 88' lang='lat' dir='ltr'><strong>rorum</strong></span> <span class='ocrx_word' id='word_1_256' title='bbox 702 2045 1055 2114; x_wconf 80' lang='lat' dir='ltr'><strong>congregatio</strong></span> <span class='ocrx_word' id='word_1_257' title='bbox 1094 2059 1160 2097; x_wconf 87' lang='lat' dir='ltr'><strong>ex</strong></span> <span class='ocrx_word' id='word_1_258' title='bbox 1189 2059 1297 2114; x_wconf 89' lang='lat' dir='ltr'><strong>qua</strong></span> <span class='ocrx_word' id='word_1_259' title='bbox 1341 2045 1610 2107; x_wconf 85' lang='lat' dir='ltr'><strong>avellitur,</strong></span> <span class='ocrx_word' id='word_1_260' title='bbox 1644 2047 1688 2098; x_wconf 92' lang='lat' dir='ltr'><strong>si</strong></span> <span class='ocrx_word' id='word_1_261' title='bbox 1722 2045 1880 2113; x_wconf 89' lang='lat' dir='ltr'><strong>culpa</strong></span> <span class='ocrx_word' id='word_1_262' title='bbox 1910 2053 2067 2099; x_wconf 88' lang='lat' dir='ltr'><strong>vacet</strong></span> 
     </span>
    </p>
   </div>
   <div class='ocr_carea' id='block_1_38' title="bbox 494 2134 2066 2205">
    <p class='ocr_par' dir='ltr' id='par_1_38' title="bbox 494 2134 2066 2205">
     <span class='ocr_line' id='line_1_38' title="bbox 494 2134 2066 2205; baseline 0.001 -17"><span class='ocrx_word' id='word_1_263' title='bbox 494 2134 586 2189; x_wconf 89' lang='lat' dir='ltr'><strong>illa</strong></span> <span class='ocrx_word' id='word_1_264' title='bbox 617 2150 736 2202; x_wconf 70' lang='lat' dir='ltr'><strong>quae</strong></span> <span class='ocrx_word' id='word_1_265' title='bbox 755 2137 1092 2205; x_wconf 67' lang='lat' dir='ltr'><strong>apraaposita</strong></span> <span class='ocrx_word' id='word_1_266' title='bbox 1118 2137 1441 2191; x_wconf 86' lang='lat' dir='ltr'><strong>dimittitur?</strong></span> <span class='ocrx_word' id='word_1_267' title='bbox 1463 2152 1526 2191; x_wconf 85' lang='lat' dir='ltr'><strong>ac</strong></span> <span class='ocrx_word' id='word_1_268' title='bbox 1559 2151 1665 2189; x_wconf 91' lang='lat' dir='ltr'><strong>non</strong></span> <span class='ocrx_word' id='word_1_269' title='bbox 1682 2136 1861 2205; x_wconf 92' lang='lat' dir='ltr'><strong>potius</strong></span> <span class='ocrx_word' id='word_1_270' title='bbox 1891 2137 2066 2190; x_wconf 87' lang='lat' dir='ltr'><strong>abdu-</strong></span> 
     </span>
    </p>
   </div>
   <div class='ocr_carea' id='block_1_39' title="bbox 496 2226 2065 2292">
    <p class='ocr_par' dir='ltr' id='par_1_39' title="bbox 496 2226 2065 2292">
     <span class='ocr_line' id='line_1_39' title="bbox 496 2226 2065 2292; baseline 0.001 -12"><span class='ocrx_word' id='word_1_271' title='bbox 496 2236 651 2280; x_wconf 89' lang='lat' dir='ltr'><strong>cetur</strong></span> <span class='ocrx_word' id='word_1_272' title='bbox 672 2226 736 2278; x_wconf 89' lang='lat' dir='ltr'><strong>ad</strong></span> <span class='ocrx_word' id='word_1_273' title='bbox 761 2226 1051 2280; x_wconf 90' lang='lat' dir='ltr'><strong>dissidium</strong></span> <span class='ocrx_word' id='word_1_274' title='bbox 1073 2228 1242 2282; x_wconf 90' lang='lat' dir='ltr'><strong>simili</strong></span> <span class='ocrx_word' id='word_1_275' title='bbox 1275 2227 1456 2281; x_wconf 92' lang='lat' dir='ltr'><strong>studio</strong></span> <span class='ocrx_word' id='word_1_276' title='bbox 1480 2227 1746 2292; x_wconf 89' lang='lat' dir='ltr'><strong>abscissa,</strong></span> <span class='ocrx_word' id='word_1_277' title='bbox 1766 2243 1911 2282; x_wconf 88' lang='lat' dir='ltr'><strong>nunc</strong></span> <span class='ocrx_word' id='word_1_278' title='bbox 1930 2227 2065 2291; x_wconf 72' lang='lat' dir='ltr'><strong>haec,</strong></span> 
     </span>
    </p>
   </div>
   <div class='ocr_carea' id='block_1_40' title="bbox 497 2315 2070 2388">
    <p class='ocr_par' dir='ltr' id='par_1_40' title="bbox 497 2315 2070 2388">
     <span class='ocr_line' id='line_1_40' title="bbox 497 2315 2070 2388; baseline 0 -18"><span class='ocrx_word' id='word_1_279' title='bbox 497 2315 844 2384; x_wconf 87' lang='lat' dir='ltr'><strong>postmodum</strong></span> <span class='ocrx_word' id='word_1_280' title='bbox 875 2317 1066 2382; x_wconf 84' lang='lat' dir='ltr'><strong>altera,</strong></span> <span class='ocrx_word' id='word_1_281' title='bbox 1114 2328 1169 2372; x_wconf 92' lang='lat' dir='ltr'><strong>et</strong></span> <span class='ocrx_word' id='word_1_282' title='bbox 1217 2333 1325 2371; x_wconf 91' lang='lat' dir='ltr'><strong>non</strong></span> <span class='ocrx_word' id='word_1_283' title='bbox 1359 2317 1529 2372; x_wconf 89' lang='lat' dir='ltr'><strong>multo</strong></span> <span class='ocrx_word' id='word_1_284' title='bbox 1561 2327 1683 2387; x_wconf 88' lang='lat' dir='ltr'><strong>post</strong></span> <span class='ocrx_word' id='word_1_285' title='bbox 1720 2317 1825 2371; x_wconf 90' lang='lat' dir='ltr'><strong>alia</strong></span> <span class='ocrx_word' id='word_1_286' title='bbox 1891 2316 1968 2388; x_wconf 91' lang='lat' dir='ltr'><strong>(et</strong></span> <span class='ocrx_word' id='word_1_287' title='bbox 1989 2317 2070 2370; x_wconf 90' lang='lat' dir='ltr'><strong>sic</strong></span> 
     </span>
    </p>
   </div>
   <div class='ocr_carea' id='block_1_41' title="bbox 499 2408 2070 2479">
    <p class='ocr_par' dir='ltr' id='par_1_41' title="bbox 499 2408 2070 2479">
     <span class='ocr_line' id='line_1_41' title="bbox 499 2408 2070 2479; baseline -0.001 -17"><span class='ocrx_word' id='word_1_288' title='bbox 499 2408 772 2479; x_wconf 89' lang='lat' dir='ltr'><strong>integrum</strong></span> <span class='ocrx_word' id='word_1_289' title='bbox 810 2409 1016 2464; x_wconf 83' lang='lat' dir='ltr'><strong>Christi</strong></span> <span class='ocrx_word' id='word_1_290' title='bbox 1054 2425 1254 2479; x_wconf 91' lang='lat' dir='ltr'><strong>corpus</strong></span> <span class='ocrx_word' id='word_1_291' title='bbox 1284 2409 1572 2479; x_wconf 82' lang='lat' dir='ltr'><strong>disperibit</strong></span> <span class='ocrx_word' id='word_1_292' title='bbox 1597 2409 1922 2479; x_wconf 83' lang='lat' dir='ltr'><strong>penitusque</strong></span> <span class='ocrx_word' id='word_1_293' title='bbox 1943 2423 2070 2462; x_wconf 91' lang='lat' dir='ltr'><strong>cor-</strong></span> 
     </span>
    </p>
   </div>
   <div class='ocr_carea' id='block_1_42' title="bbox 500 2498 2072 2570">
    <p class='ocr_par' dir='ltr' id='par_1_42' title="bbox 500 2498 2072 2570">
     <span class='ocr_line' id='line_1_42' title="bbox 500 2498 2072 2570; baseline 0 -18"><span class='ocrx_word' id='word_1_294' title='bbox 500 2501 829 2570; x_wconf 83' lang='lat' dir='ltr'><strong>rumpetur),</strong></span> <span class='ocrx_word' id='word_1_295' title='bbox 897 2515 926 2554; x_wconf 89' lang='lat' dir='ltr'><strong>a</strong></span> <span class='ocrx_word' id='word_1_296' title='bbox 984 2501 1174 2570; x_wconf 89' lang='lat' dir='ltr'><strong>primis</strong></span> <span class='ocrx_word' id='word_1_297' title='bbox 1215 2501 1528 2556; x_wconf 87' lang='lat' dir='ltr'><strong>carceribus</strong></span> <span class='ocrx_word' id='word_1_298' title='bbox 1571 2502 1661 2555; x_wconf 80' lang='lat' dir='ltr'><strong>vix</strong></span> <span class='ocrx_word' id='word_1_299' title='bbox 1708 2500 1968 2570; x_wconf 84' lang='lat' dir='ltr'><strong>egressa?</strong></span> <span class='ocrx_word' id='word_1_300' title='bbox 2006 2498 2072 2552; x_wconf 90' lang='lat' dir='ltr'><strong>Et</strong></span> 
     </span>
    </p>
   </div>
   <div class='ocr_carea' id='block_1_43' title="bbox 501 2589 2067 2654">
    <p class='ocr_par' dir='ltr' id='par_1_43' title="bbox 501 2589 2067 2654">
     <span class='ocr_line' id='line_1_43' title="bbox 501 2589 2067 2654; baseline 0 -12"><span class='ocrx_word' id='word_1_301' title='bbox 501 2590 893 2645; x_wconf 87' lang='lat' dir='ltr'><strong>maledictionis</strong></span> <span class='ocrx_word' id='word_1_302' title='bbox 925 2599 1009 2645; x_wconf 92' lang='lat' dir='ltr'><strong>est</strong></span> <span class='ocrx_word' id='word_1_303' title='bbox 1041 2592 1235 2654; x_wconf 71' lang='lat' dir='ltr'><strong>haeres,</strong></span> <span class='ocrx_word' id='word_1_304' title='bbox 1261 2601 1318 2644; x_wconf 93' lang='lat' dir='ltr'><strong>ut</strong></span> <span class='ocrx_word' id='word_1_305' title='bbox 1349 2591 1549 2645; x_wconf 86' lang='lat' dir='ltr'><strong>clamat</strong></span> <span class='ocrx_word' id='word_1_306' title='bbox 1571 2599 1793 2646; x_wconf 88' lang='lat' dir='ltr'><strong>sanctus</strong></span> <span class='ocrx_word' id='word_1_307' title='bbox 1815 2589 2067 2654; x_wconf 82' lang='lat' dir='ltr'><strong>Basilius,</strong></span> 
     </span>
    </p>
   </div>
   <div class='ocr_carea' id='block_1_44' title="bbox 502 2681 2074 2752">
    <p class='ocr_par' dir='ltr' id='par_1_44' title="bbox 502 2681 2074 2752">
     <span class='ocr_line' id='line_1_44' title="bbox 502 2681 2074 2752; baseline 0 -19"><span class='ocrx_word' id='word_1_308' title='bbox 502 2696 626 2748; x_wconf 76' lang='lat' dir='ltr'><strong>qua:</strong></span> <span class='ocrx_word' id='word_1_309' title='bbox 656 2689 827 2734; x_wconf 90' lang='lat' dir='ltr'><strong>totum</strong></span> <span class='ocrx_word' id='word_1_310' title='bbox 863 2682 962 2734; x_wconf 89' lang='lat' dir='ltr'><strong>hoc</strong></span> <span class='ocrx_word' id='word_1_311' title='bbox 991 2682 1192 2734; x_wconf 90' lang='lat' dir='ltr'><strong>malum</strong></span> <span class='ocrx_word' id='word_1_312' title='bbox 1228 2690 1538 2750; x_wconf 83' lang='lat' dir='ltr'><strong>perpetrat:</strong></span> <span class='ocrx_word' id='word_1_313' title='bbox 1575 2697 1751 2752; x_wconf 90' lang='lat' dir='ltr'><strong>neque</strong></span> <span class='ocrx_word' id='word_1_314' title='bbox 1773 2681 1915 2736; x_wconf 89' lang='lat' dir='ltr'><strong>enim</strong></span> <span class='ocrx_word' id='word_1_315' title='bbox 1961 2689 2074 2734; x_wconf 88' lang='lat' dir='ltr'><strong>sta-</strong></span> 
     </span>
    </p>
   </div>
   <div class='ocr_carea' id='block_1_45' title="bbox 503 2769 2073 2839">
    <p class='ocr_par' dir='ltr' id='par_1_45' title="bbox 503 2769 2073 2839">
     <span class='ocr_line' id='line_1_45' title="bbox 503 2769 2073 2839; baseline -0.001 -15"><span class='ocrx_word' id='word_1_316' title='bbox 503 2769 790 2834; x_wconf 87' lang='lat' dir='ltr'><strong>bilitatem,</strong></span> <span class='ocrx_word' id='word_1_317' title='bbox 832 2785 933 2824; x_wconf 92' lang='lat' dir='ltr'><strong>nec</strong></span> <span class='ocrx_word' id='word_1_318' title='bbox 977 2771 1151 2824; x_wconf 88' lang='lat' dir='ltr'><strong>basim</strong></span> <span class='ocrx_word' id='word_1_319' title='bbox 1180 2771 1419 2832; x_wconf 87' lang='lat' dir='ltr'><strong>habebit,</strong></span> <span class='ocrx_word' id='word_1_320' title='bbox 1475 2786 1649 2839; x_wconf 86' lang='lat' dir='ltr'><strong>neque</strong></span> <span class='ocrx_word' id='word_1_321' title='bbox 1679 2769 2073 2823; x_wconf 88' lang='lat' dir='ltr'><strong>monasterium</strong></span> 
     </span>
    </p>
   </div>
   <div class='ocr_carea' id='block_1_46' title="bbox 504 2861 2074 2932">
    <p class='ocr_par' dir='ltr' id='par_1_46' title="bbox 504 2861 2074 2932">
     <span class='ocr_line' id='line_1_46' title="bbox 504 2861 2074 2932; baseline -0.003 -14"><span class='ocrx_word' id='word_1_322' title='bbox 504 2874 681 2928; x_wconf 90' lang='lat' dir='ltr'><strong>tuum,</strong></span> <span class='ocrx_word' id='word_1_323' title='bbox 716 2878 890 2932; x_wconf 86' lang='lat' dir='ltr'><strong>neque</strong></span> <span class='ocrx_word' id='word_1_324' title='bbox 926 2864 1069 2916; x_wconf 86' lang='lat' dir='ltr'><strong>aliud</strong></span> <span class='ocrx_word' id='word_1_325' title='bbox 1094 2877 1257 2932; x_wconf 92' lang='lat' dir='ltr'><strong>porro</strong></span> <span class='ocrx_word' id='word_1_326' title='bbox 1282 2863 1372 2917; x_wconf 90' lang='lat' dir='ltr'><strong>ubi</strong></span> <span class='ocrx_word' id='word_1_327' title='bbox 1400 2863 1452 2916; x_wconf 86' lang='lat' dir='ltr'><strong>id</strong></span> <span class='ocrx_word' id='word_1_328' title='bbox 1486 2863 1596 2916; x_wconf 80' lang='lat' dir='ltr'><strong>ﬁat.</strong></span> <span class='ocrx_word' id='word_1_329' title='bbox 1634 2861 1814 2927; x_wconf 89' lang='lat' dir='ltr'><strong>Quare</strong></span> <span class='ocrx_word' id='word_1_330' title='bbox 1842 2862 1934 2931; x_wconf 90' lang='lat' dir='ltr'><strong>qui</strong></span> <span class='ocrx_word' id='word_1_331' title='bbox 1965 2876 2074 2915; x_wconf 88' lang='lat' dir='ltr'><strong>non</strong></span> 
     </span>
    </p>
   </div>
   <div class='ocr_carea' id='block_1_47' title="bbox 506 2955 2071 3024">
    <p class='ocr_par' dir='ltr' id='par_1_47' title="bbox 506 2955 2071 3024">
     <span class='ocr_line' id='line_1_47' title="bbox 506 2955 2071 3024; baseline -0.004 -12"><span class='ocrx_word' id='word_1_332' title='bbox 506 2957 696 3019; x_wconf 84' lang='lat' dir='ltr'><strong>credit,</strong></span> <span class='ocrx_word' id='word_1_333' title='bbox 728 2972 835 3010; x_wconf 92' lang='lat' dir='ltr'><strong>non</strong></span> <span class='ocrx_word' id='word_1_334' title='bbox 866 2956 1086 3021; x_wconf 89' lang='lat' dir='ltr'><strong>credat;</strong></span> <span class='ocrx_word' id='word_1_335' title='bbox 1119 2966 1171 3008; x_wconf 89' lang='lat' dir='ltr'><strong>et</strong></span> <span class='ocrx_word' id='word_1_336' title='bbox 1201 2957 1293 3024; x_wconf 91' lang='lat' dir='ltr'><strong>qui</strong></span> <span class='ocrx_word' id='word_1_337' title='bbox 1346 2957 1530 3024; x_wconf 90' lang='lat' dir='ltr'><strong>inique</strong></span> <span class='ocrx_word' id='word_1_338' title='bbox 1558 2956 1689 3024; x_wconf 82' lang='lat' dir='ltr'><strong>agit,</strong></span> <span class='ocrx_word' id='word_1_339' title='bbox 1728 2955 1906 3022; x_wconf 91' lang='lat' dir='ltr'><strong>inique</strong></span> <span class='ocrx_word' id='word_1_340' title='bbox 1927 2962 2071 3022; x_wconf 82' lang='lat' dir='ltr'><strong>agat,</strong></span> 
     </span>
    </p>
   </div>
   <div class='ocr_carea' id='block_1_48' title="bbox 505 3045 2074 3115">
    <p class='ocr_par' dir='ltr' id='par_1_48' title="bbox 505 3045 2074 3115">
     <span class='ocr_line' id='line_1_48' title="bbox 505 3045 2074 3115; baseline -0.003 -13"><span class='ocrx_word' id='word_1_341' title='bbox 505 3047 647 3102; x_wconf 82' lang='lat' dir='ltr'><strong>sicut</strong></span> <span class='ocrx_word' id='word_1_342' title='bbox 676 3048 938 3115; x_wconf 88' lang='lat' dir='ltr'><strong>scriptum</strong></span> <span class='ocrx_word' id='word_1_343' title='bbox 967 3045 1228 3101; x_wconf 67' lang='lat' dir='ltr'><strong>est&quot;.Tu</strong></span> <span class='ocrx_word' id='word_1_344' title='bbox 1253 3061 1381 3100; x_wconf 89' lang='lat' dir='ltr'><strong>vero</strong></span> <span class='ocrx_word' id='word_1_345' title='bbox 1404 3062 1628 3100; x_wconf 89' lang='lat' dir='ltr'><strong>servans</strong></span> <span class='ocrx_word' id='word_1_346' title='bbox 1660 3061 1817 3099; x_wconf 89' lang='lat' dir='ltr'><strong>serva</strong></span> <span class='ocrx_word' id='word_1_347' title='bbox 1837 3045 2074 3098; x_wconf 88' lang='lat' dir='ltr'><strong>animam</strong></span> 
     </span>
    </p>
   </div>
   <div class='ocr_carea' id='block_1_49' title="bbox 504 3138 2076 3216">
    <p class='ocr_par' dir='ltr' id='par_1_49' title="bbox 504 3138 2076 3216">
     <span class='ocr_line' id='line_1_49' title="bbox 504 3138 2076 3216; baseline -0.001 -24"><span class='ocrx_word' id='word_1_348' title='bbox 504 3147 679 3202; x_wconf 84' lang='lat' dir='ltr'><strong>tuam,</strong></span> <span class='ocrx_word' id='word_1_349' title='bbox 726 3154 836 3192; x_wconf 89' lang='lat' dir='ltr'><strong>non</strong></span> <span class='ocrx_word' id='word_1_350' title='bbox 875 3138 1139 3207; x_wconf 84' lang='lat' dir='ltr'><strong>abjiciens</strong></span> <span class='ocrx_word' id='word_1_351' title='bbox 1201 3139 1347 3208; x_wconf 85' lang='lat' dir='ltr'><strong>leges</strong></span> <span class='ocrx_word' id='word_1_352' title='bbox 1387 3138 1504 3216; x_wconf 80' lang='lat' dir='ltr'><strong>Dei,</strong></span> <span class='ocrx_word' id='word_1_353' title='bbox 1559 3139 1652 3193; x_wconf 90' lang='lat' dir='ltr'><strong>sed</strong></span> <span class='ocrx_word' id='word_1_354' title='bbox 1713 3138 1949 3190; x_wconf 87' lang='lat' dir='ltr'><strong>innitens</strong></span> <span class='ocrx_word' id='word_1_355' title='bbox 1982 3139 2076 3191; x_wconf 91' lang='lat' dir='ltr'><strong>do-</strong></span> 
     </span>
    </p>
   </div>
   <div class='ocr_carea' id='block_1_50' title="bbox 2168 1949 3746 2019">
    <p class='ocr_par' dir='ltr' id='par_1_50' title="bbox 2168 1949 3746 2019">
     <span class='ocr_line' id='line_1_50' title="bbox 2168 1949 3746 2019; baseline 0.001 -19"><span class='ocrx_word' id='word_1_356' title='bbox 2168 1965 2247 2018; x_wconf 86' lang='grc' dir='ltr'>τῳ</span> <span class='ocrx_word' id='word_1_357' title='bbox 2279 1950 2378 2019; x_wconf 84' lang='grc' dir='ltr'>τῆς</span> <span class='ocrx_word' id='word_1_358' title='bbox 2413 1949 2731 2016; x_wconf 85' lang='grc' dir='ltr'>συναφείας.</span> <span class='ocrx_word' id='word_1_359' title='bbox 2770 1949 3002 2002; x_wconf 84' lang='grc' dir='ltr'>Ἔπειτα</span> <span class='ocrx_word' id='word_1_360' title='bbox 3034 1950 3149 2013; x_wconf 86' lang='grc' dir='ltr'>πῶς</span> <span class='ocrx_word' id='word_1_361' title='bbox 3187 1949 3680 2019; x_wconf 81' lang='grc' dir='ltr'>οἰκοδομηθήσεται</span> <span class='ocrx_word' id='word_1_362' title='bbox 3711 1951 3746 2018; x_wconf 79' lang='grc' dir='ltr'><strong>ἡ</strong></span> 
     </span>
    </p>
   </div>
   <div class='ocr_carea' id='block_1_51' title="bbox 2169 2036 3746 2114">
    <p class='ocr_par' dir='ltr' id='par_1_51' title="bbox 2169 2036 3746 2114">
     <span class='ocr_line' id='line_1_51' title="bbox 2169 2036 3746 2114; baseline -0.001 -19"><span class='ocrx_word' id='word_1_363' title='bbox 2169 2041 2464 2112; x_wconf 83' lang='grc' dir='ltr'><strong>ἀδελφότης</strong></span> <span class='ocrx_word' id='word_1_364' title='bbox 2510 2040 2570 2106; x_wconf 78' lang='grc' dir='ltr'><strong>ἐξ</strong></span> <span class='ocrx_word' id='word_1_365' title='bbox 2613 2036 2681 2114; x_wconf 85' lang='grc' dir='ltr'><strong>ἦς</strong></span> <span class='ocrx_word' id='word_1_366' title='bbox 2734 2043 3170 2112; x_wconf 75' lang='grc' dir='ltr'>ἀπορῤήγνυται,</span> <span class='ocrx_word' id='word_1_367' title='bbox 3198 2043 3360 2113; x_wconf 77' lang='grc' dir='ltr'>εἴπερ</span> <span class='ocrx_word' id='word_1_368' title='bbox 3383 2041 3679 2104; x_wconf 82' lang='grc' dir='ltr'>ἀνεύθυνος</span> 
     </span>
    </p>
   </div>
   <div class='ocr_carea' id='block_1_52' title="bbox 2169 2134 3746 2205">
    <p class='ocr_par' dir='ltr' id='par_1_52' title="bbox 2169 2134 3746 2205">
     <span class='ocr_line' id='line_1_52' title="bbox 2169 2134 3746 2205; baseline -0.001 -18"><span class='ocrx_word' id='word_1_369' title='bbox 2169 2135 2203 2204; x_wconf 83' lang='grc' dir='ltr'><strong>ή</strong></span> <span class='ocrx_word' id='word_1_370' title='bbox 2232 2134 2607 2205; x_wconf 80' lang='grc' dir='ltr'>ἀπολελυμένη</span> <span class='ocrx_word' id='word_1_371' title='bbox 2662 2135 2811 2205; x_wconf 83' lang='grc' dir='ltr'><strong>παρά</strong></span> <span class='ocrx_word' id='word_1_372' title='bbox 2841 2135 2940 2204; x_wconf 81' lang='grc' dir='ltr'>τῆς</span> <span class='ocrx_word' id='word_1_373' title='bbox 2988 2134 3406 2204; x_wconf 84' lang='grc' dir='ltr'>καθηγουμένης</span> <span class='ocrx_word' id='word_1_374' title='bbox 3441 2151 3455 2200; x_wconf 90' lang='grc'>;</span> <span class='ocrx_word' id='word_1_375' title='bbox 3489 2134 3587 2186; x_wconf 79' lang='grc' dir='ltr'><strong>καὶ</strong></span> <span class='ocrx_word' id='word_1_376' title='bbox 3623 2134 3746 2202; x_wconf 74' lang='grc' dir='ltr'><strong>οὐχὶ</strong></span> 
     </span>
    </p>
   </div>
   <div class='ocr_carea' id='block_1_53' title="bbox 2175 2223 3750 2297">
    <p class='ocr_par' dir='ltr' id='par_1_53' title="bbox 2175 2223 3750 2297">
     <span class='ocr_line' id='line_1_53' title="bbox 2175 2223 3750 2297; baseline -0.003 -19"><span class='ocrx_word' id='word_1_377' title='bbox 2175 2226 2375 2297; x_wconf 80' lang='grc' dir='ltr'>μᾶλλον</span> <span class='ocrx_word' id='word_1_378' title='bbox 2421 2225 2796 2297; x_wconf 87' lang='grc' dir='ltr'>ύπαχθήσεται</span> <span class='ocrx_word' id='word_1_379' title='bbox 2828 2227 2908 2289; x_wconf 80' lang='grc' dir='ltr'><strong>είς</strong></span> <span class='ocrx_word' id='word_1_380' title='bbox 2950 2226 3233 2280; x_wconf 86' lang='grc' dir='ltr'>διάστασιν</span> <span class='ocrx_word' id='word_1_381' title='bbox 3261 2223 3340 2293; x_wconf 86' lang='grc' dir='ltr'>τῷ</span> <span class='ocrx_word' id='word_1_382' title='bbox 3377 2225 3554 2292; x_wconf 85' lang='grc' dir='ltr'>ὁμοίῳ</span> <span class='ocrx_word' id='word_1_383' title='bbox 3597 2224 3750 2294; x_wconf 76' lang='grc' dir='ltr'>ζήλῳ</span> 
     </span>
    </p>
   </div>
   <div class='ocr_carea' id='block_1_54' title="bbox 2172 2313 3746 2386">
    <p class='ocr_par' dir='ltr' id='par_1_54' title="bbox 2172 2313 3746 2386">
     <span class='ocr_line' id='line_1_54' title="bbox 2172 2313 3746 2386; baseline -0.003 -18"><span class='ocrx_word' id='word_1_384' title='bbox 2172 2315 2500 2386; x_wconf 82' lang='grc' dir='ltr'>τεμνομένη,</span> <span class='ocrx_word' id='word_1_385' title='bbox 2531 2315 2626 2368; x_wconf 87' lang='grc' dir='ltr'><strong>νῦν</strong></span> <span class='ocrx_word' id='word_1_386' title='bbox 2674 2317 2772 2385; x_wconf 80' lang='grc' dir='ltr'>μὲν</span> <span class='ocrx_word' id='word_1_387' title='bbox 2822 2314 2983 2385; x_wconf 70' lang='grc' dir='ltr'>αὕτη,</span> <span class='ocrx_word' id='word_1_388' title='bbox 3016 2315 3156 2384; x_wconf 77' lang='grc' dir='ltr'>πρὸς</span> <span class='ocrx_word' id='word_1_389' title='bbox 3199 2315 3256 2367; x_wconf 77' lang='grc' dir='ltr'>δὲ</span> <span class='ocrx_word' id='word_1_390' title='bbox 3289 2313 3350 2366; x_wconf 83' lang='grc' dir='ltr'>τὸ</span> <span class='ocrx_word' id='word_1_391' title='bbox 3382 2314 3510 2382; x_wconf 80' lang='grc' dir='ltr'><strong>ἑξῆς</strong></span> <span class='ocrx_word' id='word_1_392' title='bbox 3556 2314 3746 2382; x_wconf 80' lang='grc' dir='ltr'>ἑτέρα,</span> 
     </span>
    </p>
   </div>
   <div class='ocr_carea' id='block_1_55' title="bbox 2176 2403 3751 2478">
    <p class='ocr_par' dir='ltr' id='par_1_55' title="bbox 2176 2403 3751 2478">
     <span class='ocr_line' id='line_1_55' title="bbox 2176 2403 3751 2478; baseline -0.002 -19"><span class='ocrx_word' id='word_1_393' title='bbox 2176 2409 2270 2460; x_wconf 72' lang='grc' dir='ltr'><strong>καὶ</strong></span> <span class='ocrx_word' id='word_1_394' title='bbox 2336 2407 2452 2476; x_wconf 84' lang='grc' dir='ltr'>μετ’</span> <span class='ocrx_word' id='word_1_395' title='bbox 2486 2408 2547 2459; x_wconf 81' lang='grc' dir='ltr'>οὐ</span> <span class='ocrx_word' id='word_1_396' title='bbox 2589 2407 2722 2459; x_wconf 83' lang='grc' dir='ltr'>πολὺ</span> <span class='ocrx_word' id='word_1_397' title='bbox 2754 2407 2889 2478; x_wconf 83' lang='grc' dir='ltr'>ἄλλη</span> <span class='ocrx_word' id='word_1_398' title='bbox 2945 2406 3224 2476; x_wconf 76' lang='grc' dir='ltr'>(καὶοῦτω</span> <span class='ocrx_word' id='word_1_399' title='bbox 3272 2405 3333 2456; x_wconf 80' lang='grc' dir='ltr'><strong>τὸ</strong></span> <span class='ocrx_word' id='word_1_400' title='bbox 3362 2403 3549 2474; x_wconf 85' lang='grc' dir='ltr'>ἄρτιον</span> <span class='ocrx_word' id='word_1_401' title='bbox 3586 2403 3751 2473; x_wconf 80' lang='grc' dir='ltr'>σῶμα</span> 
     </span>
    </p>
   </div>
   <div class='ocr_carea' id='block_1_56' title="bbox 2172 2498 3748 2568">
    <p class='ocr_par' dir='ltr' id='par_1_56' title="bbox 2172 2498 3748 2568">
     <span class='ocr_line' id='line_1_56' title="bbox 2172 2498 3748 2568; baseline -0.002 -16"><span class='ocrx_word' id='word_1_402' title='bbox 2172 2499 2270 2552; x_wconf 86' lang='grc' dir='ltr'><strong>τοῦ</strong></span> <span class='ocrx_word' id='word_1_403' title='bbox 2303 2499 2540 2568; x_wconf 79' lang='grc' dir='ltr'>Χριστοῦ</span> <span class='ocrx_word' id='word_1_404' title='bbox 2570 2499 2850 2568; x_wconf 86' lang='grc' dir='ltr'>οἰχήσεται</span> <span class='ocrx_word' id='word_1_405' title='bbox 2881 2499 2973 2550; x_wconf 79' lang='grc' dir='ltr'><strong>καὶ</strong></span> <span class='ocrx_word' id='word_1_406' title='bbox 3002 2498 3433 2566; x_wconf 80' lang='grc' dir='ltr'>διαφθαρήσεται</span> <span class='ocrx_word' id='word_1_407' title='bbox 3456 2499 3693 2564; x_wconf 79' lang='grc' dir='ltr'>πάμπαν</span> <span class='ocrx_word' id='word_1_408' title='bbox 3707 2499 3748 2566; x_wconf 62' lang='grc' dir='ltr'><strong>ζα,</strong></span> 
     </span>
    </p>
   </div>
   <div class='ocr_carea' id='block_1_57' title="bbox 2175 2586 3771 2662">
    <p class='ocr_par' dir='ltr' id='par_1_57' title="bbox 2175 2586 3771 2662">
     <span class='ocr_line' id='line_1_57' title="bbox 2175 2586 3771 2662; baseline -0.003 -19"><span class='ocrx_word' id='word_1_409' title='bbox 2175 2592 2240 2645; x_wconf 84' lang='grc' dir='ltr'><strong>ἐκ</strong></span> <span class='ocrx_word' id='word_1_410' title='bbox 2301 2592 2401 2660; x_wconf 83' lang='grc' dir='ltr'>τῆς</span> <span class='ocrx_word' id='word_1_411' title='bbox 2449 2590 2671 2662; x_wconf 83' lang='grc' dir='ltr'>πρώτης</span> <span class='ocrx_word' id='word_1_412' title='bbox 2712 2591 2957 2660; x_wconf 76' lang='grc' dir='ltr'>βαλϐίδος</span> <span class='ocrx_word' id='word_1_413' title='bbox 3014 2591 3444 2659; x_wconf 80' lang='grc' dir='ltr'>ἀφορμηθεῖσα;</span> <span class='ocrx_word' id='word_1_414' title='bbox 3500 2589 3594 2639; x_wconf 73' lang='grc' dir='ltr'><strong>καὶ</strong></span> <span class='ocrx_word' id='word_1_415' title='bbox 3651 2586 3771 2639; x_wconf 82' lang='grc' dir='ltr'><strong>τοῦ</strong></span> 
     </span>
    </p>
   </div>
   <div class='ocr_carea' id='block_1_58' title="bbox 2176 2679 3755 2754">
    <p class='ocr_par' dir='ltr' id='par_1_58' title="bbox 2176 2679 3755 2754">
     <span class='ocr_line' id='line_1_58' title="bbox 2176 2679 3755 2754; baseline -0.004 -17"><span class='ocrx_word' id='word_1_416' title='bbox 2176 2685 2299 2737; x_wconf 74' lang='grc' dir='ltr'>ούαὶ</span> <span class='ocrx_word' id='word_1_417' title='bbox 2334 2684 2691 2754; x_wconf 86' lang='grc' dir='ltr'>κληρονόμος,</span> <span class='ocrx_word' id='word_1_418' title='bbox 2719 2685 2792 2746; x_wconf 88' lang='grc' dir='ltr'><strong>ὼς</strong></span> <span class='ocrx_word' id='word_1_419' title='bbox 2943 2684 2970 2734; x_wconf 98' lang='lat'><strong>6</strong></span> <span class='ocrx_word' id='word_1_420' title='bbox 2997 2682 3150 2750; x_wconf 81' lang='grc' dir='ltr'>ἆγιος</span> <span class='ocrx_word' id='word_1_421' title='bbox 3185 2681 3460 2741; x_wconf 85' lang='grc' dir='ltr'>Βασίλειος</span> <span class='ocrx_word' id='word_1_422' title='bbox 3487 2718 3503 2741; x_wconf 95' lang='grc'><strong>,</strong></span> <span class='ocrx_word' id='word_1_423' title='bbox 3533 2682 3565 2749; x_wconf 80' lang='grc' dir='ltr'>ἡ</span> <span class='ocrx_word' id='word_1_424' title='bbox 3591 2679 3755 2731; x_wconf 86' lang='grc' dir='ltr'>τοῦτο</span> 
     </span>
    </p>
   </div>
   <div class='ocr_carea' id='block_1_59' title="bbox 2178 2770 3753 2845">
    <p class='ocr_par' dir='ltr' id='par_1_59' title="bbox 2178 2770 3753 2845">
     <span class='ocr_line' id='line_1_59' title="bbox 2178 2770 3753 2845; baseline -0.006 -15"><span class='ocrx_word' id='word_1_425' title='bbox 2178 2778 2296 2830; x_wconf 82' lang='grc' dir='ltr'>ὅλον</span> <span class='ocrx_word' id='word_1_426' title='bbox 2321 2778 2381 2829; x_wconf 86' lang='grc' dir='ltr'><strong>τὸ</strong></span> <span class='ocrx_word' id='word_1_427' title='bbox 2414 2776 2580 2829; x_wconf 74' lang='grc' dir='ltr'>κακὸν</span> <span class='ocrx_word' id='word_1_428' title='bbox 2607 2774 3048 2845; x_wconf 78' lang='grc' dir='ltr'>ἀπεργαζομένη.</span> <span class='ocrx_word' id='word_1_429' title='bbox 3075 2773 3211 2825; x_wconf 72' lang='grc' dir='ltr'>Οὔτε</span> <span class='ocrx_word' id='word_1_430' title='bbox 3242 2773 3349 2839; x_wconf 83' lang='grc' dir='ltr'>γὰρ</span> <span class='ocrx_word' id='word_1_431' title='bbox 3382 2771 3596 2834; x_wconf 83' lang='grc' dir='ltr'>στάσιν,</span> <span class='ocrx_word' id='word_1_432' title='bbox 3625 2770 3753 2823; x_wconf 71' lang='grc' dir='ltr'>οὔτε</span> 
     </span>
    </p>
   </div>
   <div class='ocr_carea' id='block_1_60' title="bbox 2180 2861 3755 2939">
    <p class='ocr_par' dir='ltr' id='par_1_60' title="bbox 2180 2861 3755 2939">
     <span class='ocr_line' id='line_1_60' title="bbox 2180 2861 3755 2939; baseline -0.003 -20"><span class='ocrx_word' id='word_1_433' title='bbox 2180 2867 2338 2939; x_wconf 83' lang='grc' dir='ltr'>βάσιν</span> <span class='ocrx_word' id='word_1_434' title='bbox 2394 2865 2526 2931; x_wconf 73' lang='grc' dir='ltr'>ἕξει,</span> <span class='ocrx_word' id='word_1_435' title='bbox 2559 2866 2681 2917; x_wconf 77' lang='grc' dir='ltr'>οὔτε</span> <span class='ocrx_word' id='word_1_436' title='bbox 2711 2867 2743 2933; x_wconf 84' lang='grc' dir='ltr'>ἡ</span> <span class='ocrx_word' id='word_1_437' title='bbox 2779 2865 2846 2933; x_wconf 83' lang='grc' dir='ltr'>σὴ</span> <span class='ocrx_word' id='word_1_438' title='bbox 2903 2864 3060 2932; x_wconf 81' lang='grc' dir='ltr'>μονὴ,</span> <span class='ocrx_word' id='word_1_439' title='bbox 3088 2861 3213 2913; x_wconf 82' lang='grc' dir='ltr'>ούτε</span> <span class='ocrx_word' id='word_1_440' title='bbox 3274 2862 3456 2931; x_wconf 78' lang='grc' dir='ltr'>ἑτέρα,</span> <span class='ocrx_word' id='word_1_441' title='bbox 3489 2863 3523 2930; x_wconf 79' lang='grc' dir='ltr'>ἡ</span> <span class='ocrx_word' id='word_1_442' title='bbox 3576 2862 3755 2924; x_wconf 77' lang='grc' dir='ltr'>οὕτως</span> 
     </span>
    </p>
   </div>
   <div class='ocr_carea' id='block_1_61' title="bbox 2180 2953 3757 3029">
    <p class='ocr_par' dir='ltr' id='par_1_61' title="bbox 2180 2953 3757 3029">
     <span class='ocr_line' id='line_1_61' title="bbox 2180 2953 3757 3029; baseline -0.003 -19"><span class='ocrx_word' id='word_1_443' title='bbox 2180 2958 2514 3029; x_wconf 81' lang='grc' dir='ltr'>πράττουσα.</span> <span class='ocrx_word' id='word_1_444' title='bbox 2547 2956 2707 3007; x_wconf 85' lang='grc' dir='ltr'>Ὥστε</span> <span class='ocrx_word' id='word_1_445' title='bbox 2733 2956 2760 3006; x_wconf 89' lang='lat'><strong>6</strong></span> <span class='ocrx_word' id='word_1_446' title='bbox 2783 2954 3047 3016; x_wconf 78' lang='grc' dir='ltr'>ἀπειθῶν,</span> <span class='ocrx_word' id='word_1_447' title='bbox 3072 2953 3365 3005; x_wconf 82' lang='grc' dir='ltr'>ἀπειθείτω</span> <span class='ocrx_word' id='word_1_448' title='bbox 3395 2970 3407 2982; x_wconf 75' lang='grc' dir='ltr'><strong>ο</strong></span> <span class='ocrx_word' id='word_1_449' title='bbox 3451 2954 3547 3004; x_wconf 76' lang='grc' dir='ltr'><strong>καὶ</strong></span> <span class='ocrx_word' id='word_1_450' title='bbox 3567 2956 3595 3005; x_wconf 88' lang='grc' dir='ltr'><strong>ὁ</strong></span> <span class='ocrx_word' id='word_1_451' title='bbox 3630 2954 3757 3006; x_wconf 88' lang='grc' dir='ltr'>ἀνο-</span> 
     </span>
    </p>
   </div>
   <div class='ocr_carea' id='block_1_62' title="bbox 2184 3045 3756 3121">
    <p class='ocr_par' dir='ltr' id='par_1_62' title="bbox 2184 3045 3756 3121">
     <span class='ocr_line' id='line_1_62' title="bbox 2184 3045 3756 3121; baseline -0.002 -18"><span class='ocrx_word' id='word_1_452' title='bbox 2184 3051 2299 3121; x_wconf 79' lang='grc' dir='ltr'>μῶν</span> <span class='ocrx_word' id='word_1_453' title='bbox 2321 3049 2610 3120; x_wconf 85' lang='grc' dir='ltr'>ἁνομείτω,</span> <span class='ocrx_word' id='word_1_454' title='bbox 2636 3048 2781 3102; x_wconf 86' lang='grc' dir='ltr'>κατὰ</span> <span class='ocrx_word' id='word_1_455' title='bbox 2808 3048 2867 3100; x_wconf 86' lang='grc' dir='ltr'><strong>τὸ</strong></span> <span class='ocrx_word' id='word_1_456' title='bbox 2894 3047 3295 3117; x_wconf 85' lang='grc' dir='ltr'>γεγραμμένον.</span> <span class='ocrx_word' id='word_1_457' title='bbox 3320 3046 3390 3098; x_wconf 78' lang='grc' dir='ltr'><strong>Σὺ</strong></span> <span class='ocrx_word' id='word_1_458' title='bbox 3420 3045 3476 3098; x_wconf 82' lang='grc' dir='ltr'>δὲ</span> <span class='ocrx_word' id='word_1_459' title='bbox 3500 3046 3756 3109; x_wconf 75' lang='grc' dir='ltr'>σώζουσα</span> 
     </span>
    </p>
   </div>
   <div class='ocr_carea' id='block_1_63' title="bbox 2185 3136 3758 3210">
    <p class='ocr_par' dir='ltr' id='par_1_63' title="bbox 2185 3136 3758 3210">
     <span class='ocr_line' id='line_1_63' title="bbox 2185 3136 3758 3210; baseline -0.003 -18"><span class='ocrx_word' id='word_1_460' title='bbox 2185 3140 2324 3203; x_wconf 76' lang='grc' dir='ltr'>σῶζε</span> <span class='ocrx_word' id='word_1_461' title='bbox 2356 3143 2454 3210; x_wconf 77' lang='grc' dir='ltr'>τὴν</span> <span class='ocrx_word' id='word_1_462' title='bbox 2485 3138 2689 3207; x_wconf 81' lang='grc' dir='ltr'>ἑαυτῆς</span> <span class='ocrx_word' id='word_1_463' title='bbox 2723 3139 2922 3208; x_wconf 79' lang='grc' dir='ltr'>ψυχὴν,</span> <span class='ocrx_word' id='word_1_464' title='bbox 2955 3139 3030 3206; x_wconf 83' lang='grc' dir='ltr'>μὴ</span> <span class='ocrx_word' id='word_1_465' title='bbox 3067 3136 3365 3207; x_wconf 79' lang='grc' dir='ltr'>προϊεμένη</span> <span class='ocrx_word' id='word_1_466' title='bbox 3396 3139 3521 3199; x_wconf 69' lang='grc' dir='ltr'>τοὺς</span> <span class='ocrx_word' id='word_1_467' title='bbox 3551 3138 3758 3206; x_wconf 81' lang='grc' dir='ltr'>νόμους</span> 
     </span>
    </p>
   </div>
   <div class='ocr_carea' id='block_1_64' title="bbox 503 3212 2074 3305">
    <p class='ocr_par' dir='ltr' id='par_1_64' title="bbox 503 3229 2074 3298">
     <span class='ocr_line' id='line_1_64' title="bbox 503 3229 2074 3298; baseline -0.001 -14"><span class='ocrx_word' id='word_1_468' title='bbox 503 3229 696 3284; x_wconf 83' lang='lat' dir='ltr'><strong>etrinis</strong></span> <span class='ocrx_word' id='word_1_469' title='bbox 740 3243 1076 3290; x_wconf 87' lang='lat' dir='ltr'><strong>sanctorum,</strong></span> <span class='ocrx_word' id='word_1_470' title='bbox 1109 3244 1340 3298; x_wconf 87' lang='lat' dir='ltr'><strong>quorum</strong></span> <span class='ocrx_word' id='word_1_471' title='bbox 1395 3231 1602 3298; x_wconf 87' lang='lat' dir='ltr'><strong>primus</strong></span> <span class='ocrx_word' id='word_1_472' title='bbox 1635 3230 1687 3283; x_wconf 93' lang='lat' dir='ltr'><strong>in</strong></span> <span class='ocrx_word' id='word_1_473' title='bbox 1734 3229 1820 3282; x_wconf 88' lang='lat' dir='ltr'><strong>bis</strong></span> <span class='ocrx_word' id='word_1_474' title='bbox 1848 3243 2074 3297; x_wconf 85' lang='lat' dir='ltr'><strong>magnus</strong></span> 
     </span>
    </p>
   </div>
   <div class='ocr_carea' id='block_1_65' title="bbox 2179 3212 3758 3305">
    <p class='ocr_par' dir='ltr' id='par_1_65' title="bbox 2179 3230 3758 3305">
     <span class='ocr_line' id='line_1_65' title="bbox 2179 3230 3758 3305; baseline -0.004 -17"><span class='ocrx_word' id='word_1_475' title='bbox 2179 3237 2272 3288; x_wconf 83' lang='grc' dir='ltr'><strong>τοῦ</strong></span> <span class='ocrx_word' id='word_1_476' title='bbox 2327 3234 2462 3287; x_wconf 86' lang='grc' dir='ltr'>Θεοῦ</span> <span class='ocrx_word' id='word_1_477' title='bbox 2496 3250 2509 3263; x_wconf 76' lang='grc'><strong><em>⁸</em></strong></span> <span class='ocrx_word' id='word_1_478' title='bbox 2541 3234 2653 3288; x_wconf 88' lang='grc' dir='ltr'>ἀλλ’</span> <span class='ocrx_word' id='word_1_479' title='bbox 2681 3232 3048 3305; x_wconf 84' lang='grc' dir='ltr'>ἐρηρεισμένη</span> <span class='ocrx_word' id='word_1_480' title='bbox 3110 3234 3168 3283; x_wconf 81' lang='grc' dir='ltr'><strong>ἐν</strong></span> <span class='ocrx_word' id='word_1_481' title='bbox 3210 3232 3330 3293; x_wconf 82' lang='grc' dir='ltr'>ταῖς</span> <span class='ocrx_word' id='word_1_482' title='bbox 3378 3230 3758 3294; x_wconf 77' lang='grc' dir='ltr'>διδασκαλίαις</span> 
     </span>
    </p>
   </div>
   <div class='ocr_carea' id='block_1_66' title="bbox 506 3319 2077 3388">
    <p class='ocr_par' dir='ltr' id='par_1_66' title="bbox 506 3319 2077 3388">
     <span class='ocr_line' id='line_1_66' title="bbox 506 3319 2077 3388; baseline -0.002 -15"><span class='ocrx_word' id='word_1_483' title='bbox 506 3319 741 3374; x_wconf 84' lang='lat' dir='ltr'><strong>Basilius</strong></span> <span class='ocrx_word' id='word_1_484' title='bbox 780 3337 794 3373; x_wconf 89' lang='lat'><strong>:</strong></span> <span class='ocrx_word' id='word_1_485' title='bbox 845 3321 1060 3374; x_wconf 84' lang='lat' dir='ltr'><strong>etiamsi</strong></span> <span class='ocrx_word' id='word_1_486' title='bbox 1096 3337 1219 3374; x_wconf 87' lang='lat' dir='ltr'><strong>cum</strong></span> <span class='ocrx_word' id='word_1_487' title='bbox 1271 3321 1485 3373; x_wconf 87' lang='lat' dir='ltr'><strong>duabus</strong></span> <span class='ocrx_word' id='word_1_488' title='bbox 1515 3330 1609 3373; x_wconf 89' lang='lat' dir='ltr'><strong>aut</strong></span> <span class='ocrx_word' id='word_1_489' title='bbox 1640 3319 1817 3373; x_wconf 88' lang='lat' dir='ltr'><strong>tribus</strong></span> <span class='ocrx_word' id='word_1_490' title='bbox 1847 3319 2077 3388; x_wconf 85' lang='lat' dir='ltr'><strong>virgini-</strong></span> 
     </span>
    </p>
   </div>
   <div class='ocr_carea' id='block_1_67' title="bbox 507 3409 2078 3482">
    <p class='ocr_par' dir='ltr' id='par_1_67' title="bbox 507 3409 2078 3482">
     <span class='ocr_line' id='line_1_67' title="bbox 507 3409 2078 3482; baseline -0.003 -16"><span class='ocrx_word' id='word_1_491' title='bbox 507 3414 608 3467; x_wconf 86' lang='lat' dir='ltr'><strong>bus</strong></span> <span class='ocrx_word' id='word_1_492' title='bbox 649 3412 744 3466; x_wconf 90' lang='lat' dir='ltr'><strong>tibi</strong></span> <span class='ocrx_word' id='word_1_493' title='bbox 785 3413 1064 3482; x_wconf 81' lang='lat' dir='ltr'><strong>contingat</strong></span> <span class='ocrx_word' id='word_1_494' title='bbox 1103 3413 1323 3466; x_wconf 85' lang='lat' dir='ltr'><strong>vivere!</strong></span> <span class='ocrx_word' id='word_1_495' title='bbox 1367 3410 1466 3465; x_wconf 84' lang='lat' dir='ltr'><strong>Ubi</strong></span> <span class='ocrx_word' id='word_1_496' title='bbox 1516 3412 1654 3464; x_wconf 90' lang='lat' dir='ltr'><strong>enim</strong></span> <span class='ocrx_word' id='word_1_497' title='bbox 1702 3418 1822 3464; x_wconf 75' lang='lat' dir='ltr'><strong>sunt</strong></span> <span class='ocrx_word' id='word_1_498' title='bbox 1851 3412 1954 3461; x_wconf 88' lang='lat' dir='ltr'><strong>duo</strong></span> <span class='ocrx_word' id='word_1_499' title='bbox 2002 3409 2078 3462; x_wconf 78' lang='lat' dir='ltr'><strong>vel</strong></span> 
     </span>
    </p>
   </div>
   <div class='ocr_carea' id='block_1_68' title="bbox 507 3499 2081 3572">
    <p class='ocr_par' dir='ltr' id='par_1_68' title="bbox 507 3499 2081 3572">
     <span class='ocr_line' id='line_1_68' title="bbox 507 3499 2081 3572; baseline -0.002 -17"><span class='ocrx_word' id='word_1_500' title='bbox 507 3513 610 3555; x_wconf 80' lang='lat' dir='ltr'><strong>tres</strong></span> <span class='ocrx_word' id='word_1_501' title='bbox 647 3503 704 3555; x_wconf 87' lang='lat' dir='ltr'><strong>in</strong></span> <span class='ocrx_word' id='word_1_502' title='bbox 746 3502 956 3556; x_wconf 83' lang='lat' dir='ltr'><strong>nomine</strong></span> <span class='ocrx_word' id='word_1_503' title='bbox 1019 3519 1154 3569; x_wconf 90' lang='lat' dir='ltr'><strong>meo,</strong></span> <span class='ocrx_word' id='word_1_504' title='bbox 1210 3502 1388 3572; x_wconf 89' lang='lat' dir='ltr'><strong>inquit</strong></span> <span class='ocrx_word' id='word_1_505' title='bbox 1431 3500 1717 3563; x_wconf 88' lang='lat' dir='ltr'><strong>Dominus,</strong></span> <span class='ocrx_word' id='word_1_506' title='bbox 1758 3501 1833 3553; x_wconf 83' lang='lat' dir='ltr'><strong>ibi</strong></span> <span class='ocrx_word' id='word_1_507' title='bbox 1867 3516 1984 3552; x_wconf 86' lang='lat' dir='ltr'><strong>sum</strong></span> <span class='ocrx_word' id='word_1_508' title='bbox 2024 3499 2081 3552; x_wconf 87' lang='lat' dir='ltr'><strong>in</strong></span> 
     </span>
    </p>
   </div>
   <div class='ocr_carea' id='block_1_69' title="bbox 508 3595 2078 3665">
    <p class='ocr_par' dir='ltr' id='par_1_69' title="bbox 508 3595 2078 3665">
     <span class='ocr_line' id='line_1_69' title="bbox 508 3595 2078 3665; baseline 0 -17"><span class='ocrx_word' id='word_1_509' title='bbox 508 3596 680 3650; x_wconf 84' lang='lat' dir='ltr'><strong>medio</strong></span> <span class='ocrx_word' id='word_1_510' title='bbox 701 3612 881 3650; x_wconf 89' lang='lat' dir='ltr'><strong>eorum</strong></span> <span class='ocrx_word' id='word_1_511' title='bbox 913 3595 994 3662; x_wconf 76' lang='lat'><strong>“;</strong></span> <span class='ocrx_word' id='word_1_512' title='bbox 1030 3612 1135 3649; x_wconf 93' lang='lat' dir='ltr'><strong>non</strong></span> <span class='ocrx_word' id='word_1_513' title='bbox 1166 3606 1346 3650; x_wconf 84' lang='lat' dir='ltr'><strong>autem</strong></span> <span class='ocrx_word' id='word_1_514' title='bbox 1381 3611 1504 3651; x_wconf 88' lang='lat' dir='ltr'><strong>cum</strong></span> <span class='ocrx_word' id='word_1_515' title='bbox 1551 3596 1736 3665; x_wconf 83' lang='lat' dir='ltr'><strong>iniqua</strong></span> <span class='ocrx_word' id='word_1_516' title='bbox 1766 3596 2078 3665; x_wconf 83' lang='lat' dir='ltr'><strong>agentibus,</strong></span> 
     </span>
    </p>
   </div>
   <div class='ocr_carea' id='block_1_70' title="bbox 507 3688 1192 3743">
    <p class='ocr_par' dir='ltr' id='par_1_70' title="bbox 507 3688 1192 3743">
     <span class='ocr_line' id='line_1_70' title="bbox 507 3688 1192 3743; baseline 0 -1"><span class='ocrx_word' id='word_1_517' title='bbox 507 3699 564 3742; x_wconf 91' lang='lat' dir='ltr'><strong>et</strong></span> <span class='ocrx_word' id='word_1_518' title='bbox 594 3689 638 3741; x_wconf 92' lang='lat' dir='ltr'><strong>si</strong></span> <span class='ocrx_word' id='word_1_519' title='bbox 674 3688 854 3742; x_wconf 85' lang='lat' dir='ltr'><strong>decies</strong></span> <span class='ocrx_word' id='word_1_520' title='bbox 895 3688 1038 3741; x_wconf 88' lang='lat' dir='ltr'><strong>mille</strong></span> <span class='ocrx_word' id='word_1_521' title='bbox 1061 3689 1192 3743; x_wconf 88' lang='lat' dir='ltr'><strong>sint.</strong></span> 
     </span>
    </p>
   </div>
   <div class='ocr_carea' id='block_1_71' title="bbox 879 3818 1708 3888">
    <p class='ocr_par' dir='ltr' id='par_1_71' title="bbox 879 3818 1708 3888">
     <span class='ocr_line' id='line_1_71' title="bbox 879 3818 1708 3888; baseline -0.001 -14"><span class='ocrx_word' id='word_1_522' title='bbox 879 3819 1134 3875; x_wconf 80' lang='lat' dir='ltr'><strong>CXCVII.</strong></span> <span class='ocrx_word' id='word_1_523' title='bbox 1173 3850 1243 3861; x_wconf 89' lang='lat'><strong><em>—</em></strong></span> <span class='ocrx_word' id='word_1_524' title='bbox 1273 3819 1540 3874; x_wconf 85' lang='lat' dir='ltr'><strong>Dorotheo</strong></span> <span class='ocrx_word' id='word_1_525' title='bbox 1573 3818 1708 3888; x_wconf 81' lang='lat' dir='ltr'><strong>ﬁlio.</strong></span> 
     </span>
    </p>
   </div>
   <div class='ocr_carea' id='block_1_72' title="bbox 2179 3319 3756 3395">
    <p class='ocr_par' dir='ltr' id='par_1_72' title="bbox 2179 3319 3756 3395">
     <span class='ocr_line' id='line_1_72' title="bbox 2179 3319 3756 3395; baseline -0.003 -16"><span class='ocrx_word' id='word_1_526' title='bbox 2179 3329 2287 3379; x_wconf 82' lang='grc' dir='ltr'><strong>τῶν</strong></span> <span class='ocrx_word' id='word_1_527' title='bbox 2315 3328 2503 3395; x_wconf 86' lang='grc' dir='ltr'>ἁγίων·</span> <span class='ocrx_word' id='word_1_528' title='bbox 2538 3319 2611 3378; x_wconf 83' lang='grc' dir='ltr'>ὧν</span> <span class='ocrx_word' id='word_1_529' title='bbox 2635 3326 2848 3395; x_wconf 85' lang='grc' dir='ltr'>πρῶτος</span> <span class='ocrx_word' id='word_1_530' title='bbox 2873 3328 2928 3378; x_wconf 83' lang='grc' dir='ltr'><strong>ἐν</strong></span> <span class='ocrx_word' id='word_1_531' title='bbox 2958 3323 3167 3385; x_wconf 85' lang='grc' dir='ltr'>τούτοις</span> <span class='ocrx_word' id='word_1_532' title='bbox 3192 3323 3219 3374; x_wconf 87' lang='grc' dir='ltr'>ὁ</span> <span class='ocrx_word' id='word_1_533' title='bbox 3245 3322 3417 3390; x_wconf 82' lang='grc' dir='ltr'>μέγας</span> <span class='ocrx_word' id='word_1_534' title='bbox 3450 3322 3756 3385; x_wconf 77' lang='grc' dir='ltr'>Βασίλειοςο</span> 
     </span>
    </p>
   </div>
   <div class='ocr_carea' id='block_1_73' title="bbox 2183 3414 3755 3489">
    <p class='ocr_par' dir='ltr' id='par_1_73' title="bbox 2183 3414 3755 3489">
     <span class='ocr_line' id='line_1_73' title="bbox 2183 3414 3755 3489; baseline -0.004 -17"><span class='ocrx_word' id='word_1_535' title='bbox 2183 3420 2286 3472; x_wconf 75' lang='grc' dir='ltr'>κᾶν</span> <span class='ocrx_word' id='word_1_536' title='bbox 2325 3423 2462 3489; x_wconf 79' lang='grc' dir='ltr'><strong>μετά</strong></span> <span class='ocrx_word' id='word_1_537' title='bbox 2514 3419 2657 3470; x_wconf 88' lang='grc' dir='ltr'>δυοῖν</span> <span class='ocrx_word' id='word_1_538' title='bbox 2691 3421 2722 3486; x_wconf 84' lang='grc' dir='ltr'>ἢ</span> <span class='ocrx_word' id='word_1_539' title='bbox 2773 3417 2942 3488; x_wconf 85' lang='grc' dir='ltr'>τριῶν</span> <span class='ocrx_word' id='word_1_540' title='bbox 2991 3416 3276 3485; x_wconf 88' lang='grc' dir='ltr'>παρθένων</span> <span class='ocrx_word' id='word_1_541' title='bbox 3313 3414 3527 3486; x_wconf 83' lang='grc' dir='ltr'>φθάσῃς</span> <span class='ocrx_word' id='word_1_542' title='bbox 3557 3415 3755 3485; x_wconf 75' lang='grc' dir='ltr'>συζῇνο</span> 
     </span>
    </p>
   </div>
   <div class='ocr_carea' id='block_1_74' title="bbox 2183 3505 3756 3579">
    <p class='ocr_par' dir='ltr' id='par_1_74' title="bbox 2183 3505 3756 3579">
     <span class='ocr_line' id='line_1_74' title="bbox 2183 3505 3756 3579; baseline -0.004 -15"><span class='ocrx_word' id='word_1_543' title='bbox 2183 3514 2375 3564; x_wconf 85' lang='grc' dir='ltr'>Ὅπου</span> <span class='ocrx_word' id='word_1_544' title='bbox 2417 3510 2526 3579; x_wconf 75' lang='grc' dir='ltr'><strong>γάρ</strong></span> <span class='ocrx_word' id='word_1_545' title='bbox 2554 3513 2670 3563; x_wconf 84' lang='grc' dir='ltr'>είσι</span> <span class='ocrx_word' id='word_1_546' title='bbox 2702 3509 2810 3562; x_wconf 75' lang='grc' dir='ltr'><strong>δύο</strong></span> <span class='ocrx_word' id='word_1_547' title='bbox 2844 3511 2882 3577; x_wconf 76' lang='grc' dir='ltr'><strong>ἢ</strong></span> <span class='ocrx_word' id='word_1_548' title='bbox 2909 3508 3067 3576; x_wconf 79' lang='grc' dir='ltr'>τρεῖς</span> <span class='ocrx_word' id='word_1_549' title='bbox 3092 3509 3161 3560; x_wconf 87' lang='grc' dir='ltr'><strong>ἐν</strong></span> <span class='ocrx_word' id='word_1_550' title='bbox 3210 3505 3286 3572; x_wconf 85' lang='grc' dir='ltr'>τῷ</span> <span class='ocrx_word' id='word_1_551' title='bbox 3317 3507 3566 3574; x_wconf 74' lang='grc' dir='ltr'>ὀνόματί</span> <span class='ocrx_word' id='word_1_552' title='bbox 3591 3524 3716 3574; x_wconf 85' lang='grc' dir='ltr'><strong>μου</strong></span> <span class='ocrx_word' id='word_1_553' title='bbox 3741 3546 3756 3566; x_wconf 82' lang='grc'><strong>,</strong></span> 
     </span>
    </p>
   </div>
   <div class='ocr_carea' id='block_1_75' title="bbox 2181 3593 3762 3670">
    <p class='ocr_par' dir='ltr' id='par_1_75' title="bbox 2181 3593 3762 3670">
     <span class='ocr_line' id='line_1_75' title="bbox 2181 3593 3762 3670; baseline -0.003 -19"><span class='ocrx_word' id='word_1_554' title='bbox 2181 3605 2343 3670; x_wconf 73' lang='grc' dir='ltr'>φησὶν</span> <span class='ocrx_word' id='word_1_555' title='bbox 2368 3602 2394 3652; x_wconf 89' lang='lat'><strong>6</strong></span> <span class='ocrx_word' id='word_1_556' title='bbox 2435 3598 2657 3667; x_wconf 81' lang='grc' dir='ltr'>Κύριος,</span> <span class='ocrx_word' id='word_1_557' title='bbox 2687 3599 2813 3651; x_wconf 87' lang='grc' dir='ltr'>ἐκεῖ</span> <span class='ocrx_word' id='word_1_558' title='bbox 2828 3601 2944 3667; x_wconf 84' lang='grc' dir='ltr'>ειμι</span> <span class='ocrx_word' id='word_1_559' title='bbox 2967 3599 3038 3650; x_wconf 86' lang='grc' dir='ltr'><strong>ἐν</strong></span> <span class='ocrx_word' id='word_1_560' title='bbox 3062 3599 3231 3665; x_wconf 81' lang='grc' dir='ltr'>μέσῳ</span> <span class='ocrx_word' id='word_1_561' title='bbox 3268 3593 3469 3650; x_wconf 78' lang='grc' dir='ltr'>αὐτῶν</span> <span class='ocrx_word' id='word_1_562' title='bbox 3498 3611 3511 3625; x_wconf 90' lang='grc'><strong>·</strong></span> <span class='ocrx_word' id='word_1_563' title='bbox 3542 3597 3606 3649; x_wconf 85' lang='grc' dir='ltr'><strong>ού</strong></span> <span class='ocrx_word' id='word_1_564' title='bbox 3649 3599 3762 3667; x_wconf 82' lang='grc' dir='ltr'>μὴν</span> 
     </span>
    </p>
   </div>
   <div class='ocr_carea' id='block_1_76' title="bbox 2184 3683 3365 3762">
    <p class='ocr_par' dir='ltr' id='par_1_76' title="bbox 2184 3683 3365 3762">
     <span class='ocr_line' id='line_1_76' title="bbox 2184 3683 3365 3762; baseline -0.003 -17"><span class='ocrx_word' id='word_1_565' title='bbox 2184 3693 2321 3762; x_wconf 75' lang='grc' dir='ltr'>μετὰ</span> <span class='ocrx_word' id='word_1_566' title='bbox 2358 3690 2838 3761; x_wconf 80' lang='grc' dir='ltr'>παρανομούντων,</span> <span class='ocrx_word' id='word_1_567' title='bbox 2868 3690 2972 3743; x_wconf 76' lang='grc' dir='ltr'><strong>κᾶν</strong></span> <span class='ocrx_word' id='word_1_568' title='bbox 3006 3691 3187 3760; x_wconf 88' lang='grc' dir='ltr'>μυρίοι</span> <span class='ocrx_word' id='word_1_569' title='bbox 3210 3683 3365 3743; x_wconf 83' lang='grc' dir='ltr'>ὦσιν.</span> 
     </span>
    </p>
   </div>
   <div class='ocr_carea' id='block_1_77' title="bbox 2363 3817 3579 3892">
    <p class='ocr_par' dir='ltr' id='par_1_77' title="bbox 2363 3817 3579 3892">
     <span class='ocr_line' id='line_1_77' title="bbox 2363 3817 3579 3892; baseline -0.001 -17"><span class='ocrx_word' id='word_1_570' title='bbox 2363 3821 2501 3888; x_wconf 62' lang='grc' dir='ltr'><strong>Ριιῖ</strong></span> <span class='ocrx_word' id='word_1_571' title='bbox 2535 3819 2668 3892; x_wconf 85' lang='lat'><strong>(9|).</strong></span> <span class='ocrx_word' id='word_1_572' title='bbox 2701 3850 2771 3860; x_wconf 89' lang='lat'>—</span> <span class='ocrx_word' id='word_1_573' title='bbox 2804 3819 3078 3888; x_wconf 83' lang='grc' dir='ltr'>Δωροθέῳ</span> <span class='ocrx_word' id='word_1_574' title='bbox 3119 3820 3328 3885; x_wconf 78' lang='grc' dir='ltr'>τέκνῳ.</span> <span class='ocrx_word' id='word_1_575' title='bbox 3375 3817 3579 3892; x_wconf 52' lang='lat' dir='ltr'><strong>[ti/lat]</strong></span> 
     </span>
    </p>
   </div>
   <div class='ocr_carea' id='block_1_78' title="bbox 939 3956 3326 4022">
    <p class='ocr_par' dir='ltr' id='par_1_78' title="bbox 939 3956 3326 4022">
     <span class='ocr_line' id='line_1_78' title="bbox 939 3956 3326 4022; baseline -0.001 -14"><span class='ocrx_word' id='word_1_576' title='bbox 939 3958 1057 4019; x_wconf 84' lang='lat' dir='ltr'><strong>Ejus</strong></span> <span class='ocrx_word' id='word_1_577' title='bbox 1076 3959 1162 4020; x_wconf 81' lang='lat' dir='ltr'><strong>qui</strong></span> <span class='ocrx_word' id='word_1_578' title='bbox 1184 3964 1299 4007; x_wconf 88' lang='lat' dir='ltr'><strong>ante</strong></span> <span class='ocrx_word' id='word_1_579' title='bbox 1333 3969 1541 4008; x_wconf 88' lang='lat' dir='ltr'><strong>mortem</strong></span> <span class='ocrx_word' id='word_1_580' title='bbox 1564 3958 1849 4022; x_wconf 88' lang='lat' dir='ltr'><strong>resipuerit,</strong></span> <span class='ocrx_word' id='word_1_581' title='bbox 1873 3959 2389 4010; x_wconf 84' lang='lat' dir='ltr'><strong>commemorationem</strong></span> <span class='ocrx_word' id='word_1_582' title='bbox 2415 3961 2465 4008; x_wconf 86' lang='lat' dir='ltr'><strong>in</strong></span> <span class='ocrx_word' id='word_1_583' title='bbox 2488 3956 2697 4021; x_wconf 86' lang='lat' dir='ltr'><strong>publicis</strong></span> <span class='ocrx_word' id='word_1_584' title='bbox 2722 3956 2952 4020; x_wconf 88' lang='lat' dir='ltr'><strong>precibus</strong></span> <span class='ocrx_word' id='word_1_585' title='bbox 2983 3957 3093 4005; x_wconf 81' lang='lat' dir='ltr'><strong>ﬁeri</strong></span> <span class='ocrx_word' id='word_1_586' title='bbox 3121 3957 3326 4007; x_wconf 88' lang='lat' dir='ltr'><strong>debere.</strong></span> 
     </span>
    </p>
   </div>
   <div class='ocr_carea' id='block_1_79' title="bbox 584 4061 2074 4136">
    <p class='ocr_par' dir='ltr' id='par_1_79' title="bbox 584 4063 2074 4136">
     <span class='ocr_line' id='line_1_79' title="bbox 584 4063 2074 4136; baseline 0.001 -16"><span class='ocrx_word' id='word_1_587' title='bbox 584 4063 850 4134; x_wconf 82' lang='lat' dir='ltr'><strong>Cognovi,</strong></span> <span class='ocrx_word' id='word_1_588' title='bbox 873 4065 1067 4119; x_wconf 89' lang='lat' dir='ltr'><strong>dilecte</strong></span> <span class='ocrx_word' id='word_1_589' title='bbox 1089 4065 1187 4129; x_wconf 86' lang='lat' dir='ltr'><strong>tili,</strong></span> <span class='ocrx_word' id='word_1_590' title='bbox 1225 4066 1389 4119; x_wconf 87' lang='lat' dir='ltr'><strong>etiam</strong></span> <span class='ocrx_word' id='word_1_591' title='bbox 1427 4082 1492 4120; x_wconf 80' lang='lat' dir='ltr'><strong>ex</strong></span> <span class='ocrx_word' id='word_1_592' title='bbox 1508 4083 1572 4120; x_wconf 90' lang='lat' dir='ltr'><strong>ea</strong></span> <span class='ocrx_word' id='word_1_593' title='bbox 1602 4083 1725 4136; x_wconf 63' lang='lat' dir='ltr'><strong>qua:</strong></span> <span class='ocrx_word' id='word_1_594' title='bbox 1765 4084 1939 4136; x_wconf 89' lang='lat' dir='ltr'><strong>nuper</strong></span> <span class='ocrx_word' id='word_1_595' title='bbox 1969 4084 1998 4122; x_wconf 91' lang='lat' dir='ltr'><strong>a</strong></span> <span class='ocrx_word' id='word_1_596' title='bbox 2031 4078 2074 4122; x_wconf 80' lang='lat' dir='ltr'><strong>te</strong></span> 
     </span>
    </p>
   </div>
   <div class='ocr_carea' id='block_1_80' title="bbox 2179 4061 3762 4136">
    <p class='ocr_par' dir='ltr' id='par_1_80' title="bbox 2262 4061 3762 4134">
     <span class='ocr_line' id='line_1_80' title="bbox 2262 4061 3762 4134; baseline -0.003 -16"><span class='ocrx_word' id='word_1_597' title='bbox 2262 4067 2492 4134; x_wconf 87' lang='grc' dir='ltr'>Ἔγνων,</span> <span class='ocrx_word' id='word_1_598' title='bbox 2527 4066 2717 4118; x_wconf 84' lang='grc' dir='ltr'>τέκνον</span> <span class='ocrx_word' id='word_1_599' title='bbox 2767 4063 3143 4132; x_wconf 83' lang='grc' dir='ltr'>ἠγαπημένον,</span> <span class='ocrx_word' id='word_1_600' title='bbox 3170 4065 3263 4114; x_wconf 85' lang='grc' dir='ltr'><strong>καὶ</strong></span> <span class='ocrx_word' id='word_1_601' title='bbox 3297 4065 3361 4115; x_wconf 84' lang='grc' dir='ltr'><strong>ἐκ</strong></span> <span class='ocrx_word' id='word_1_602' title='bbox 3398 4065 3498 4132; x_wconf 85' lang='grc' dir='ltr'>τῆς</span> <span class='ocrx_word' id='word_1_603' title='bbox 3550 4061 3762 4132; x_wconf 81' lang='grc' dir='ltr'>ἀρτίως</span> 
     </span>
    </p>
   </div>
   <div class='ocr_carea' id='block_1_81' title="bbox 515 4152 2074 4229">
    <p class='ocr_par' dir='ltr' id='par_1_81' title="bbox 515 4158 2074 4229">
     <span class='ocr_line' id='line_1_81' title="bbox 515 4158 2074 4229; baseline 0.001 -16"><span class='ocrx_word' id='word_1_604' title='bbox 515 4159 718 4228; x_wconf 74' lang='lat' dir='ltr'><strong>st-ripta</strong></span> <span class='ocrx_word' id='word_1_605' title='bbox 748 4168 831 4214; x_wconf 88' lang='lat' dir='ltr'><strong>est</strong></span> <span class='ocrx_word' id='word_1_606' title='bbox 861 4159 1112 4229; x_wconf 87' lang='lat' dir='ltr'><strong>epistola,</strong></span> <span class='ocrx_word' id='word_1_607' title='bbox 1145 4158 1305 4213; x_wconf 84' lang='lat' dir='ltr'><strong>ﬁdem</strong></span> <span class='ocrx_word' id='word_1_608' title='bbox 1338 4175 1466 4228; x_wconf 89' lang='lat' dir='ltr'><strong>erga</strong></span> <span class='ocrx_word' id='word_1_609' title='bbox 1501 4175 1601 4214; x_wconf 90' lang='lat' dir='ltr'><strong>nos</strong></span> <span class='ocrx_word' id='word_1_610' title='bbox 1646 4161 1881 4216; x_wconf 91' lang='lat' dir='ltr'><strong>humiles</strong></span> <span class='ocrx_word' id='word_1_611' title='bbox 1907 4177 1970 4216; x_wconf 88' lang='lat' dir='ltr'><strong>ac</strong></span> <span class='ocrx_word' id='word_1_612' title='bbox 2002 4163 2074 4216; x_wconf 88' lang='lat' dir='ltr'><strong>di-</strong></span> 
     </span>
    </p>
   </div>
   <div class='ocr_carea' id='block_1_82' title="bbox 2179 4152 3764 4229">
    <p class='ocr_par' dir='ltr' id='par_1_82' title="bbox 2189 4152 3764 4225">
     <span class='ocr_line' id='line_1_82' title="bbox 2189 4152 3764 4225; baseline -0.002 -17"><span class='ocrx_word' id='word_1_613' title='bbox 2189 4157 2493 4225; x_wconf 84' lang='grc' dir='ltr'>γραφείσης</span> <span class='ocrx_word' id='word_1_614' title='bbox 2527 4173 2620 4207; x_wconf 91' lang='grc' dir='ltr'><strong>σου</strong></span> <span class='ocrx_word' id='word_1_615' title='bbox 2650 4153 2957 4222; x_wconf 81' lang='grc' dir='ltr'>ἐπιστολῆς,</span> <span class='ocrx_word' id='word_1_616' title='bbox 2990 4152 3050 4203; x_wconf 85' lang='grc' dir='ltr'><strong>τὸ</strong></span> <span class='ocrx_word' id='word_1_617' title='bbox 3072 4152 3208 4222; x_wconf 80' lang='grc' dir='ltr'>πρὸς</span> <span class='ocrx_word' id='word_1_618' title='bbox 3233 4153 3381 4222; x_wconf 73' lang='grc' dir='ltr'>ἡμᾶς</span> <span class='ocrx_word' id='word_1_619' title='bbox 3410 4152 3539 4214; x_wconf 76' lang='grc' dir='ltr'>τοὺς</span> <span class='ocrx_word' id='word_1_620' title='bbox 3565 4169 3764 4205; x_wconf 78' lang='grc' dir='ltr'>ταπει-</span> 
     </span>
    </p>
   </div>
   <div class='ocr_carea' id='block_1_83' title="bbox 520 4245 2074 4320">
    <p class='ocr_par' dir='ltr' id='par_1_83' title="bbox 520 4250 2074 4320">
     <span class='ocr_line' id='line_1_83' title="bbox 520 4250 2074 4320; baseline 0.001 -17"><span class='ocrx_word' id='word_1_621' title='bbox 520 4250 806 4304; x_wconf 87' lang='lat' dir='ltr'><strong>lectionem</strong></span> <span class='ocrx_word' id='word_1_622' title='bbox 875 4261 1054 4316; x_wconf 88' lang='lat' dir='ltr'><strong>tuam;</strong></span> <span class='ocrx_word' id='word_1_623' title='bbox 1089 4251 1234 4320; x_wconf 90' lang='lat' dir='ltr'><strong>quod</strong></span> <span class='ocrx_word' id='word_1_624' title='bbox 1263 4250 1483 4319; x_wconf 89' lang='lat' dir='ltr'><strong>quidem</strong></span> <span class='ocrx_word' id='word_1_625' title='bbox 1518 4251 1778 4306; x_wconf 91' lang='lat' dir='ltr'><strong>indicium</strong></span> <span class='ocrx_word' id='word_1_626' title='bbox 1813 4261 1898 4306; x_wconf 92' lang='lat' dir='ltr'><strong>est</strong></span> <span class='ocrx_word' id='word_1_627' title='bbox 1945 4267 2074 4305; x_wconf 68' lang='lat' dir='ltr'><strong>vera</strong></span> 
     </span>
    </p>
   </div>
   <div class='ocr_carea' id='block_1_84' title="bbox 2179 4245 3764 4320">
    <p class='ocr_par' dir='ltr' id='par_1_84' title="bbox 2191 4245 3764 4316">
     <span class='ocr_line' id='line_1_84' title="bbox 2191 4245 3764 4316; baseline 0 -18"><span class='ocrx_word' id='word_1_628' title='bbox 2191 4248 2312 4308; x_wconf 74' lang='grc' dir='ltr'>νοὺς</span> <span class='ocrx_word' id='word_1_629' title='bbox 2334 4247 2526 4298; x_wconf 87' lang='grc' dir='ltr'>πιστόν</span> <span class='ocrx_word' id='word_1_630' title='bbox 2558 4263 2617 4297; x_wconf 90' lang='grc' dir='ltr'><strong>τε</strong></span> <span class='ocrx_word' id='word_1_631' title='bbox 2648 4247 2738 4296; x_wconf 79' lang='grc' dir='ltr'><strong>καὶ</strong></span> <span class='ocrx_word' id='word_1_632' title='bbox 2767 4246 3050 4314; x_wconf 85' lang='grc' dir='ltr'>ἀγαπητόν</span> <span class='ocrx_word' id='word_1_633' title='bbox 3074 4262 3167 4297; x_wconf 94' lang='grc' dir='ltr'><strong>σου</strong></span> <span class='ocrx_word' id='word_1_634' title='bbox 3198 4262 3212 4275; x_wconf 74' lang='grc' dir='ltr'>ο</span> <span class='ocrx_word' id='word_1_635' title='bbox 3243 4246 3382 4314; x_wconf 83' lang='grc' dir='ltr'>ὅπερ</span> <span class='ocrx_word' id='word_1_636' title='bbox 3409 4246 3524 4298; x_wconf 76' lang='grc' dir='ltr'>ἐστὶ</span> <span class='ocrx_word' id='word_1_637' title='bbox 3554 4245 3764 4316; x_wconf 77' lang='grc' dir='ltr'>γνώριο</span> 
     </span>
    </p>
   </div>
   <div class='ocr_carea' id='block_1_85' title="bbox 520 4337 2074 4409">
    <p class='ocr_par' dir='ltr' id='par_1_85' title="bbox 520 4338 2074 4409">
     <span class='ocr_line' id='line_1_85' title="bbox 520 4338 2074 4409; baseline 0.001 -17"><span class='ocrx_word' id='word_1_638' title='bbox 520 4338 906 4406; x_wconf 84' lang='lat' dir='ltr'><strong>subjectionis;</strong></span> <span class='ocrx_word' id='word_1_639' title='bbox 959 4339 1059 4393; x_wconf 89' lang='lat' dir='ltr'><strong>etsi</strong></span> <span class='ocrx_word' id='word_1_640' title='bbox 1114 4354 1214 4393; x_wconf 87' lang='lat' dir='ltr'><strong>nos</strong></span> <span class='ocrx_word' id='word_1_641' title='bbox 1267 4349 1579 4408; x_wconf 91' lang='lat' dir='ltr'><strong>peccatores</strong></span> <span class='ocrx_word' id='word_1_642' title='bbox 1612 4350 1666 4394; x_wconf 89' lang='lat' dir='ltr'><strong>et</strong></span> <span class='ocrx_word' id='word_1_643' title='bbox 1696 4341 1897 4395; x_wconf 85' lang='lat' dir='ltr'><strong>nullius</strong></span> <span class='ocrx_word' id='word_1_644' title='bbox 1927 4341 2074 4409; x_wconf 91' lang='lat' dir='ltr'><strong>pretii</strong></span> 
     </span>
    </p>
   </div>
   <div class='ocr_carea' id='block_1_86' title="bbox 2179 4337 3766 4409">
    <p class='ocr_par' dir='ltr' id='par_1_86' title="bbox 2193 4337 3766 4408">
     <span class='ocr_line' id='line_1_86' title="bbox 2193 4337 3766 4408; baseline -0.001 -17"><span class='ocrx_word' id='word_1_645' title='bbox 2193 4355 2308 4408; x_wconf 90' lang='grc' dir='ltr'><strong>σμα</strong></span> <span class='ocrx_word' id='word_1_646' title='bbox 2365 4338 2626 4407; x_wconf 81' lang='grc' dir='ltr'>ἀληθινῆς</span> <span class='ocrx_word' id='word_1_647' title='bbox 2680 4337 2961 4406; x_wconf 77' lang='grc' dir='ltr'>ὑποταγῆς</span> <span class='ocrx_word' id='word_1_648' title='bbox 2989 4353 3001 4366; x_wconf 89' lang='grc'><strong>·</strong></span> <span class='ocrx_word' id='word_1_649' title='bbox 3040 4339 3088 4390; x_wconf 85' lang='grc' dir='ltr'><strong>εί</strong></span> <span class='ocrx_word' id='word_1_650' title='bbox 3118 4338 3210 4389; x_wconf 80' lang='grc' dir='ltr'><strong>καὶ</strong></span> <span class='ocrx_word' id='word_1_651' title='bbox 3240 4339 3403 4406; x_wconf 76' lang='grc' dir='ltr'>ἡμεῖς</span> <span class='ocrx_word' id='word_1_652' title='bbox 3439 4338 3766 4406; x_wconf 72' lang='grc' dir='ltr'>ἁμαρτωλοὶ</span> 
     </span>
    </p>
   </div>
   <div class='ocr_carea' id='block_1_87' title="bbox 521 4422 2074 4500">
    <p class='ocr_par' dir='ltr' id='par_1_87' title="bbox 521 4427 2074 4500">
     <span class='ocr_line' id='line_1_87' title="bbox 521 4427 2074 4500; baseline 0 -17"><span class='ocrx_word' id='word_1_653' title='bbox 521 4444 732 4483; x_wconf 77' lang='lat' dir='ltr'><strong>sumus.</strong></span> <span class='ocrx_word' id='word_1_654' title='bbox 754 4427 810 4481; x_wconf 89' lang='lat' dir='ltr'><strong>In</strong></span> <span class='ocrx_word' id='word_1_655' title='bbox 839 4445 948 4498; x_wconf 91' lang='lat' dir='ltr'><strong>quo</strong></span> <span class='ocrx_word' id='word_1_656' title='bbox 975 4429 1180 4482; x_wconf 88' lang='lat' dir='ltr'><strong>utinam</strong></span> <span class='ocrx_word' id='word_1_657' title='bbox 1201 4444 1515 4498; x_wconf 77' lang='lat' dir='ltr'><strong>perseveres</strong></span> <span class='ocrx_word' id='word_1_658' title='bbox 1537 4429 1591 4482; x_wconf 90' lang='lat' dir='ltr'><strong>in</strong></span> <span class='ocrx_word' id='word_1_659' title='bbox 1625 4440 1926 4500; x_wconf 90' lang='lat' dir='ltr'><strong>posterum,</strong></span> <span class='ocrx_word' id='word_1_660' title='bbox 1950 4433 2074 4484; x_wconf 80' lang='lat' dir='ltr'><strong>bene</strong></span> 
     </span>
    </p>
   </div>
   <div class='ocr_carea' id='block_1_88' title="bbox 2179 4422 3768 4500">
    <p class='ocr_par' dir='ltr' id='par_1_88' title="bbox 2191 4422 3768 4500">
     <span class='ocr_line' id='line_1_88' title="bbox 2191 4422 3768 4500; baseline 0 -16"><span class='ocrx_word' id='word_1_661' title='bbox 2191 4432 2284 4484; x_wconf 76' lang='grc' dir='ltr'><strong>καὶ</strong></span> <span class='ocrx_word' id='word_1_662' title='bbox 2333 4430 2628 4500; x_wconf 80' lang='grc' dir='ltr'>οὐδαμινοί.</span> <span class='ocrx_word' id='word_1_663' title='bbox 2678 4422 2864 4499; x_wconf 65' lang='grc' dir='ltr'>Ἐφἰἷ)</span> <span class='ocrx_word' id='word_1_664' title='bbox 2920 4429 3015 4482; x_wconf 77' lang='grc' dir='ltr'><strong>καὶ</strong></span> <span class='ocrx_word' id='word_1_665' title='bbox 3065 4428 3460 4500; x_wconf 83' lang='grc' dir='ltr'>συντηρηθείης</span> <span class='ocrx_word' id='word_1_666' title='bbox 3509 4428 3646 4500; x_wconf 79' lang='grc' dir='ltr'>πρὸς</span> <span class='ocrx_word' id='word_1_667' title='bbox 3701 4433 3768 4485; x_wconf 76' lang='grc' dir='ltr'><strong>τὸ</strong></span> 
     </span>
    </p>
   </div>
   <div class='ocr_carea' id='block_1_89' title="bbox 522 4507 2074 4594">
    <p class='ocr_par' dir='ltr' id='par_1_89' title="bbox 522 4519 2074 4591">
     <span class='ocr_line' id='line_1_89' title="bbox 522 4519 2074 4591; baseline 0.004 -20"><span class='ocrx_word' id='word_1_668' title='bbox 522 4524 744 4589; x_wconf 85' lang='lat' dir='ltr'><strong>placens</strong></span> <span class='ocrx_word' id='word_1_669' title='bbox 795 4519 1045 4585; x_wconf 85' lang='lat' dir='ltr'><strong>Domino,</strong></span> <span class='ocrx_word' id='word_1_670' title='bbox 1080 4531 1135 4575; x_wconf 91' lang='lat' dir='ltr'><strong>et</strong></span> <span class='ocrx_word' id='word_1_671' title='bbox 1171 4521 1368 4574; x_wconf 89' lang='lat' dir='ltr'><strong>virtute</strong></span> <span class='ocrx_word' id='word_1_672' title='bbox 1411 4521 1688 4576; x_wconf 88' lang='lat' dir='ltr'><strong>collucens</strong></span> <span class='ocrx_word' id='word_1_673' title='bbox 1725 4522 1867 4591; x_wconf 91' lang='lat' dir='ltr'><strong>apud</strong></span> <span class='ocrx_word' id='word_1_674' title='bbox 1899 4521 2074 4577; x_wconf 67' lang='lat' dir='ltr'><strong>fratres</strong></span> 
     </span>
    </p>
   </div>
   <div class='ocr_carea' id='block_1_90' title="bbox 2179 4507 3763 4594">
    <p class='ocr_par' dir='ltr' id='par_1_90' title="bbox 2194 4521 3763 4594">
     <span class='ocr_line' id='line_1_90' title="bbox 2194 4521 3763 4594; baseline -0.017 -5"><span class='ocrx_word' id='word_1_675' title='bbox 2194 4522 2339 4593; x_wconf 74' lang='grc' dir='ltr'>ἑξῆς,</span> <span class='ocrx_word' id='word_1_676' title='bbox 2374 4523 2683 4594; x_wconf 80' lang='grc' dir='ltr'>εὐαρεστῶν</span> <span class='ocrx_word' id='word_1_677' title='bbox 2714 4522 2921 4593; x_wconf 80' lang='grc' dir='ltr'>Κυρίῳ,</span> <span class='ocrx_word' id='word_1_678' title='bbox 2956 4522 3051 4576; x_wconf 73' lang='grc' dir='ltr'>καὶ</span> <span class='ocrx_word' id='word_1_679' title='bbox 3098 4521 3421 4591; x_wconf 87' lang='grc' dir='ltr'>διαλάμπων</span> <span class='ocrx_word' id='word_1_680' title='bbox 3474 4523 3538 4589; x_wconf 84' lang='grc' dir='ltr'>τῇ</span> <span class='ocrx_word' id='word_1_681' title='bbox 3583 4522 3763 4594; x_wconf 72' lang='grc' dir='ltr'>ἀρετῇ</span> 
     </span>
    </p>
   </div>
   <div class='ocr_carea' id='block_1_91' title="bbox 525 4611 2091 4680">
    <p class='ocr_par' dir='ltr' id='par_1_91' title="bbox 525 4611 2091 4680">
     <span class='ocr_line' id='line_1_91' title="bbox 525 4611 2091 4680; baseline 0.003 -17"><span class='ocrx_word' id='word_1_682' title='bbox 525 4622 672 4672; x_wconf 88' lang='lat' dir='ltr'><strong>tuos,</strong></span> <span class='ocrx_word' id='word_1_683' title='bbox 719 4611 833 4664; x_wconf 88' lang='lat' dir='ltr'><strong>imo</strong></span> <span class='ocrx_word' id='word_1_684' title='bbox 877 4612 1042 4665; x_wconf 90' lang='lat' dir='ltr'><strong>etiam</strong></span> <span class='ocrx_word' id='word_1_685' title='bbox 1092 4611 1232 4680; x_wconf 90' lang='lat' dir='ltr'><strong>apud</strong></span> <span class='ocrx_word' id='word_1_686' title='bbox 1305 4614 1443 4666; x_wconf 89' lang='lat' dir='ltr'><strong>alios</strong></span> <span class='ocrx_word' id='word_1_687' title='bbox 1480 4614 1702 4666; x_wconf 88' lang='lat' dir='ltr'><strong>multos.</strong></span> <span class='ocrx_word' id='word_1_688' title='bbox 1763 4613 1970 4667; x_wconf 83' lang='lat' dir='ltr'><strong>Bonum</strong></span> <span class='ocrx_word' id='word_1_689' title='bbox 2015 4615 2091 4667; x_wconf 88' lang='lat' dir='ltr'><strong>si-</strong></span> 
     </span>
    </p>
   </div>
   <div class='ocr_carea' id='block_1_92' title="bbox 524 4703 2093 4771">
    <p class='ocr_par' dir='ltr' id='par_1_92' title="bbox 524 4703 2093 4771">
     <span class='ocr_line' id='line_1_92' title="bbox 524 4703 2093 4771; baseline 0.001 -15"><span class='ocrx_word' id='word_1_690' title='bbox 524 4703 744 4771; x_wconf 88' lang='lat' dir='ltr'><strong>quidem</strong></span> <span class='ocrx_word' id='word_1_691' title='bbox 808 4711 1000 4755; x_wconf 81' lang='lat' dir='ltr'><strong>natura</strong></span> <span class='ocrx_word' id='word_1_692' title='bbox 1062 4717 1161 4757; x_wconf 89' lang='lat' dir='ltr'><strong>sua</strong></span> <span class='ocrx_word' id='word_1_693' title='bbox 1204 4705 1466 4758; x_wconf 90' lang='lat' dir='ltr'><strong>occultari</strong></span> <span class='ocrx_word' id='word_1_694' title='bbox 1517 4720 1623 4759; x_wconf 92' lang='lat' dir='ltr'><strong>non</strong></span> <span class='ocrx_word' id='word_1_695' title='bbox 1657 4706 1826 4771; x_wconf 87' lang='lat' dir='ltr'><strong>solet;</strong></span> <span class='ocrx_word' id='word_1_696' title='bbox 1858 4706 2093 4759; x_wconf 89' lang='lat' dir='ltr'><strong>sedtum</strong></span> 
     </span>
    </p>
   </div>
   <div class='ocr_carea' id='block_1_93' title="bbox 524 4794 2096 4865">
    <p class='ocr_par' dir='ltr' id='par_1_93' title="bbox 524 4794 2096 4865">
     <span class='ocr_line' id='line_1_93' title="bbox 524 4794 2096 4865; baseline 0.001 -17"><span class='ocrx_word' id='word_1_697' title='bbox 524 4794 688 4848; x_wconf 83' lang='lat' dir='ltr'><strong>etiam</strong></span> <span class='ocrx_word' id='word_1_698' title='bbox 716 4809 840 4848; x_wconf 89' lang='lat' dir='ltr'><strong>cum</strong></span> <span class='ocrx_word' id='word_1_699' title='bbox 865 4794 1034 4848; x_wconf 88' lang='lat' dir='ltr'><strong>latere</strong></span> <span class='ocrx_word' id='word_1_700' title='bbox 1065 4796 1239 4865; x_wconf 86' lang='lat' dir='ltr'><strong>magis</strong></span> <span class='ocrx_word' id='word_1_701' title='bbox 1265 4797 1499 4856; x_wconf 87' lang='lat' dir='ltr'><strong>videtur,</strong></span> <span class='ocrx_word' id='word_1_702' title='bbox 1529 4797 1885 4865; x_wconf 90' lang='lat' dir='ltr'><strong>conspicuum</strong></span> <span class='ocrx_word' id='word_1_703' title='bbox 1917 4796 2096 4850; x_wconf 93' lang='lat' dir='ltr'><strong>reddit</strong></span> 
     </span>
    </p>
   </div>
   <div class='ocr_carea' id='block_1_94' title="bbox 526 4888 2099 4959">
    <p class='ocr_par' dir='ltr' id='par_1_94' title="bbox 526 4888 2099 4959">
     <span class='ocr_line' id='line_1_94' title="bbox 526 4888 2099 4959; baseline 0.001 -18"><span class='ocrx_word' id='word_1_704' title='bbox 526 4888 874 4956; x_wconf 88' lang='lat' dir='ltr'><strong>operarium;</strong></span> <span class='ocrx_word' id='word_1_705' title='bbox 947 4888 1023 4941; x_wconf 84' lang='lat' dir='ltr'><strong>ita</strong></span> <span class='ocrx_word' id='word_1_706' title='bbox 1080 4897 1141 4941; x_wconf 90' lang='lat' dir='ltr'><strong>ut</strong></span> <span class='ocrx_word' id='word_1_707' title='bbox 1191 4889 1386 4943; x_wconf 90' lang='lat' dir='ltr'><strong>civitas</strong></span> <span class='ocrx_word' id='word_1_708' title='bbox 1439 4890 1534 4943; x_wconf 91' lang='lat' dir='ltr'><strong>Dei</strong></span> <span class='ocrx_word' id='word_1_709' title='bbox 1588 4890 1905 4959; x_wconf 85' lang='lat' dir='ltr'><strong>appelletur,</strong></span> <span class='ocrx_word' id='word_1_710' title='bbox 1954 4890 2099 4945; x_wconf 89' lang='lat' dir='ltr'><strong>sicut</strong></span> 
     </span>
    </p>
   </div>
   <div class='ocr_carea' id='block_1_95' title="bbox 528 4977 2093 5050">
    <p class='ocr_par' dir='ltr' id='par_1_95' title="bbox 528 4977 2093 5050">
     <span class='ocr_line' id='line_1_95' title="bbox 528 4977 2093 5050; baseline 0.002 -17"><span class='ocrx_word' id='word_1_711' title='bbox 528 4979 790 5046; x_wconf 88' lang='lat' dir='ltr'><strong>scriptum</strong></span> <span class='ocrx_word' id='word_1_712' title='bbox 821 4987 906 5032; x_wconf 91' lang='lat' dir='ltr'><strong>est</strong></span> <span class='ocrx_word' id='word_1_713' title='bbox 937 4979 1003 5032; x_wconf 89' lang='lat'><strong>&#39;°.</strong></span> <span class='ocrx_word' id='word_1_714' title='bbox 1060 4977 1261 5033; x_wconf 78' lang='lat' dir='ltr'><strong>Verum</strong></span> <span class='ocrx_word' id='word_1_715' title='bbox 1295 4980 1396 5034; x_wconf 91' lang='lat' dir='ltr'><strong>hoc</strong></span> <span class='ocrx_word' id='word_1_716' title='bbox 1427 4982 1644 5050; x_wconf 90' lang='lat' dir='ltr'><strong>quidem</strong></span> <span class='ocrx_word' id='word_1_717' title='bbox 1687 4983 1966 5038; x_wconf 82' lang='lat' dir='ltr'><strong>hactenus.</strong></span> <span class='ocrx_word' id='word_1_718' title='bbox 2015 4983 2093 5036; x_wconf 89' lang='lat' dir='ltr'><strong>De</strong></span> 
     </span>
    </p>
   </div>
   <div class='ocr_carea' id='block_1_96' title="bbox 527 5070 2094 5140">
    <p class='ocr_par' dir='ltr' id='par_1_96' title="bbox 527 5070 2094 5140">
     <span class='ocr_line' id='line_1_96' title="bbox 527 5070 2094 5140; baseline 0.003 -19"><span class='ocrx_word' id='word_1_719' title='bbox 527 5083 597 5122; x_wconf 91' lang='lat' dir='ltr'><strong>eo</strong></span> <span class='ocrx_word' id='word_1_720' title='bbox 618 5078 800 5122; x_wconf 86' lang='lat' dir='ltr'><strong>autem</strong></span> <span class='ocrx_word' id='word_1_721' title='bbox 841 5070 987 5138; x_wconf 93' lang='lat' dir='ltr'><strong>quod</strong></span> <span class='ocrx_word' id='word_1_722' title='bbox 1009 5070 1348 5140; x_wconf 80' lang='lat' dir='ltr'><strong>signiﬁcasti,</strong></span> <span class='ocrx_word' id='word_1_723' title='bbox 1376 5071 1480 5124; x_wconf 85' lang='lat' dir='ltr'><strong>hoc</strong></span> <span class='ocrx_word' id='word_1_724' title='bbox 1510 5082 1610 5137; x_wconf 89' lang='lat' dir='ltr'><strong>est,</strong></span> <span class='ocrx_word' id='word_1_725' title='bbox 1649 5074 1715 5127; x_wconf 89' lang='lat' dir='ltr'><strong>de</strong></span> <span class='ocrx_word' id='word_1_726' title='bbox 1749 5073 1896 5127; x_wconf 90' lang='lat' dir='ltr'><strong>illius</strong></span> <span class='ocrx_word' id='word_1_727' title='bbox 1944 5088 2094 5127; x_wconf 88' lang='lat' dir='ltr'><strong>com-</strong></span> 
     </span>
    </p>
   </div>
   <div class='ocr_carea' id='block_1_97' title="bbox 529 5161 2091 5235">
    <p class='ocr_par' dir='ltr' id='par_1_97' title="bbox 529 5161 2091 5235">
     <span class='ocr_line' id='line_1_97' title="bbox 529 5161 2091 5235; baseline 0.003 -20"><span class='ocrx_word' id='word_1_728' title='bbox 529 5161 924 5216; x_wconf 87' lang='lat' dir='ltr'><strong>memoratione</strong></span> <span class='ocrx_word' id='word_1_729' title='bbox 957 5162 1236 5226; x_wconf 79' lang='lat' dir='ltr'><strong>facienda;</strong></span> <span class='ocrx_word' id='word_1_730' title='bbox 1265 5165 1423 5219; x_wconf 89' lang='lat' dir='ltr'><strong>debes</strong></span> <span class='ocrx_word' id='word_1_731' title='bbox 1456 5174 1629 5220; x_wconf 87' lang='lat' dir='ltr'><strong>tecum</strong></span> <span class='ocrx_word' id='word_1_732' title='bbox 1661 5166 1776 5235; x_wconf 87' lang='lat' dir='ltr'><strong>ipse</strong></span> <span class='ocrx_word' id='word_1_733' title='bbox 1803 5166 2091 5234; x_wconf 90' lang='lat' dir='ltr'><strong>dispicere,</strong></span> 
     </span>
    </p>
   </div>
   <div class='ocr_carea' id='block_1_98' title="bbox 531 5253 2090 5324">
    <p class='ocr_par' dir='ltr' id='par_1_98' title="bbox 531 5253 2090 5324">
     <span class='ocr_line' id='line_1_98' title="bbox 531 5253 2090 5324; baseline 0.003 -18"><span class='ocrx_word' id='word_1_734' title='bbox 531 5255 700 5323; x_wconf 92' lang='lat' dir='ltr'><strong>quod,</strong></span> <span class='ocrx_word' id='word_1_735' title='bbox 724 5253 768 5308; x_wconf 91' lang='lat' dir='ltr'><strong>si</strong></span> <span class='ocrx_word' id='word_1_736' title='bbox 791 5255 843 5307; x_wconf 91' lang='lat' dir='ltr'><strong>in</strong></span> <span class='ocrx_word' id='word_1_737' title='bbox 869 5264 1066 5324; x_wconf 87' lang='lat' dir='ltr'><strong>morte,</strong></span> <span class='ocrx_word' id='word_1_738' title='bbox 1097 5270 1219 5309; x_wconf 90' lang='lat' dir='ltr'><strong>cum</strong></span> <span class='ocrx_word' id='word_1_739' title='bbox 1252 5264 1408 5309; x_wconf 85' lang='lat' dir='ltr'><strong>antea</strong></span> <span class='ocrx_word' id='word_1_740' title='bbox 1439 5258 1678 5310; x_wconf 89' lang='lat' dir='ltr'><strong>humano</strong></span> <span class='ocrx_word' id='word_1_741' title='bbox 1710 5267 1916 5310; x_wconf 87' lang='lat' dir='ltr'><strong>terrore</strong></span> <span class='ocrx_word' id='word_1_742' title='bbox 1941 5272 2090 5310; x_wconf 89' lang='lat' dir='ltr'><strong>eom-</strong></span> 
     </span>
    </p>
   </div>
   <div class='ocr_carea' id='block_1_99' title="bbox 532 5344 2088 5413">
    <p class='ocr_par' dir='ltr' id='par_1_99' title="bbox 532 5344 2088 5413">
     <span class='ocr_line' id='line_1_99' title="bbox 532 5344 2088 5413; baseline 0.003 -16"><span class='ocrx_word' id='word_1_743' title='bbox 532 5344 867 5398; x_wconf 87' lang='lat' dir='ltr'><strong>munieasset</strong></span> <span class='ocrx_word' id='word_1_744' title='bbox 916 5345 1133 5407; x_wconf 61' lang='lat' dir='ltr'><strong>haeresi,</strong></span> <span class='ocrx_word' id='word_1_745' title='bbox 1181 5346 1426 5401; x_wconf 88' lang='lat' dir='ltr'><strong>substitit</strong></span> <span class='ocrx_word' id='word_1_746' title='bbox 1451 5349 1742 5413; x_wconf 85' lang='lat' dir='ltr'><strong>conlitens,</strong></span> <span class='ocrx_word' id='word_1_747' title='bbox 1770 5360 1824 5402; x_wconf 93' lang='lat' dir='ltr'><strong>ct</strong></span> <span class='ocrx_word' id='word_1_748' title='bbox 1859 5348 2005 5401; x_wconf 88' lang='lat' dir='ltr'><strong>velut</strong></span> <span class='ocrx_word' id='word_1_749' title='bbox 2059 5364 2088 5401; x_wconf 90' lang='lat' dir='ltr'><strong>a</strong></span> 
     </span>
    </p>
   </div>
   <div class='ocr_carea' id='block_1_100' title="bbox 2191 4610 3766 4684">
    <p class='ocr_par' dir='ltr' id='par_1_100' title="bbox 2191 4610 3766 4684">
     <span class='ocr_line' id='line_1_100' title="bbox 2191 4610 3766 4684; baseline -0.002 -16"><span class='ocrx_word' id='word_1_750' title='bbox 2191 4616 2248 4668; x_wconf 81' lang='grc' dir='ltr'><strong>ἐν</strong></span> <span class='ocrx_word' id='word_1_751' title='bbox 2304 4617 2367 4684; x_wconf 80' lang='grc' dir='ltr'>τῇ</span> <span class='ocrx_word' id='word_1_752' title='bbox 2414 4615 2732 4683; x_wconf 81' lang='grc' dir='ltr'>ἀδελφότητι</span> <span class='ocrx_word' id='word_1_753' title='bbox 2784 4613 2981 4678; x_wconf 82' lang='grc' dir='ltr'>σου,οὑ</span> <span class='ocrx_word' id='word_1_754' title='bbox 3017 4614 3121 4684; x_wconf 90' lang='grc' dir='ltr'>μὴν</span> <span class='ocrx_word' id='word_1_755' title='bbox 3146 4612 3282 4665; x_wconf 73' lang='grc' dir='ltr'>ἀλλὰ</span> <span class='ocrx_word' id='word_1_756' title='bbox 3333 4613 3427 4664; x_wconf 81' lang='grc' dir='ltr'><strong>καὶ</strong></span> <span class='ocrx_word' id='word_1_757' title='bbox 3469 4612 3526 4662; x_wconf 89' lang='grc' dir='ltr'><strong>ἐν</strong></span> <span class='ocrx_word' id='word_1_758' title='bbox 3574 4610 3766 4673; x_wconf 78' lang='grc' dir='ltr'>ἄλλοις</span> 
     </span>
    </p>
   </div>
   <div class='ocr_carea' id='block_1_101' title="bbox 2193 4703 3762 4775">
    <p class='ocr_par' dir='ltr' id='par_1_101' title="bbox 2193 4703 3762 4775">
     <span class='ocr_line' id='line_1_101' title="bbox 2193 4703 3762 4775; baseline -0.001 -17"><span class='ocrx_word' id='word_1_759' title='bbox 2193 4706 2423 4769; x_wconf 86' lang='grc' dir='ltr'>πολλοῖς.</span> <span class='ocrx_word' id='word_1_760' title='bbox 2456 4705 2619 4758; x_wconf 79' lang='grc' dir='ltr'>Φύσιν</span> <span class='ocrx_word' id='word_1_761' title='bbox 2648 4706 2756 4775; x_wconf 86' lang='grc' dir='ltr'>γὰρ</span> <span class='ocrx_word' id='word_1_762' title='bbox 2783 4707 2883 4758; x_wconf 84' lang='grc' dir='ltr'><strong>οὐκ</strong></span> <span class='ocrx_word' id='word_1_763' title='bbox 2909 4704 3022 4773; x_wconf 76' lang='grc' dir='ltr'>ἔχει</span> <span class='ocrx_word' id='word_1_764' title='bbox 3051 4703 3393 4772; x_wconf 83' lang='grc' dir='ltr'>κρύπτεσθαι</span> <span class='ocrx_word' id='word_1_765' title='bbox 3414 4703 3472 4754; x_wconf 85' lang='grc' dir='ltr'><strong>τὸ</strong></span> <span class='ocrx_word' id='word_1_766' title='bbox 3499 4703 3711 4770; x_wconf 76' lang='grc' dir='ltr'>ἀγαθόν</span> <span class='ocrx_word' id='word_1_767' title='bbox 3747 4721 3762 4734; x_wconf 88' lang='grc'><strong>·</strong></span> 
     </span>
    </p>
   </div>
   <div class='ocr_carea' id='block_1_102' title="bbox 2193 4794 3768 4866">
    <p class='ocr_par' dir='ltr' id='par_1_102' title="bbox 2193 4794 3768 4866">
     <span class='ocr_line' id='line_1_102' title="bbox 2193 4794 3768 4866; baseline -0.003 -16"><span class='ocrx_word' id='word_1_768' title='bbox 2193 4796 2328 4850; x_wconf 82' lang='grc' dir='ltr'><strong>ἀλλά</strong></span> <span class='ocrx_word' id='word_1_769' title='bbox 2360 4799 2451 4849; x_wconf 73' lang='grc' dir='ltr'><strong>καὶ</strong></span> <span class='ocrx_word' id='word_1_770' title='bbox 2485 4796 2683 4866; x_wconf 77' lang='grc' dir='ltr'>μᾶλλον</span> <span class='ocrx_word' id='word_1_771' title='bbox 2709 4795 2992 4849; x_wconf 82' lang='grc' dir='ltr'>λανθάνειν</span> <span class='ocrx_word' id='word_1_772' title='bbox 3023 4794 3213 4847; x_wconf 77' lang='grc' dir='ltr'>δοκοῦν</span> <span class='ocrx_word' id='word_1_773' title='bbox 3237 4835 3250 4857; x_wconf 89' lang='grc'><strong>,</strong></span> <span class='ocrx_word' id='word_1_774' title='bbox 3286 4794 3504 4864; x_wconf 81' lang='grc' dir='ltr'>εύδηλον</span> <span class='ocrx_word' id='word_1_775' title='bbox 3537 4795 3631 4846; x_wconf 86' lang='grc' dir='ltr'><strong>τὸν</strong></span> <span class='ocrx_word' id='word_1_776' title='bbox 3667 4798 3768 4865; x_wconf 63' lang='grc' dir='ltr'>ἐρα</span> 
     </span>
    </p>
   </div>
   <div class='ocr_carea' id='block_1_103' title="bbox 2194 4883 3763 4954">
    <p class='ocr_par' dir='ltr' id='par_1_103' title="bbox 2194 4883 3763 4954">
     <span class='ocr_line' id='line_1_103' title="bbox 2194 4883 3763 4954; baseline -0.001 -18"><span class='ocrx_word' id='word_1_777' title='bbox 2194 4884 2368 4954; x_wconf 87' lang='grc' dir='ltr'>γάτην</span> <span class='ocrx_word' id='word_1_778' title='bbox 2398 4885 2831 4954; x_wconf 84' lang='grc' dir='ltr'>ἀποκαθίστησιν</span> <span class='ocrx_word' id='word_1_779' title='bbox 2869 4901 2881 4912; x_wconf 89' lang='grc'>·</span> <span class='ocrx_word' id='word_1_780' title='bbox 2914 4884 2989 4946; x_wconf 84' lang='grc' dir='ltr'><strong>ὡς</strong></span> <span class='ocrx_word' id='word_1_781' title='bbox 3022 4885 3174 4937; x_wconf 82' lang='grc' dir='ltr'>πόλιν</span> <span class='ocrx_word' id='word_1_782' title='bbox 3207 4883 3341 4936; x_wconf 82' lang='grc' dir='ltr'>Θεοῦ</span> <span class='ocrx_word' id='word_1_783' title='bbox 3369 4886 3763 4953; x_wconf 79' lang='grc' dir='ltr'>χρηματίζειν,</span> 
     </span>
    </p>
   </div>
   <div class='ocr_carea' id='block_1_104' title="bbox 2197 4975 3765 5047">
    <p class='ocr_par' dir='ltr' id='par_1_104' title="bbox 2197 4975 3765 5047">
     <span class='ocr_line' id='line_1_104' title="bbox 2197 4975 3765 5047; baseline 0.001 -20"><span class='ocrx_word' id='word_1_784' title='bbox 2197 4978 2339 5029; x_wconf 76' lang='grc' dir='ltr'>κατὰ</span> <span class='ocrx_word' id='word_1_785' title='bbox 2357 4978 2417 5028; x_wconf 75' lang='grc' dir='ltr'><strong>τὸ</strong></span> <span class='ocrx_word' id='word_1_786' title='bbox 2438 4978 2844 5047; x_wconf 79' lang='grc' dir='ltr'>γεγραμμένον.</span> <span class='ocrx_word' id='word_1_787' title='bbox 2871 4975 3031 5028; x_wconf 87' lang='grc' dir='ltr'>’Λλλά</span> <span class='ocrx_word' id='word_1_788' title='bbox 3051 4976 3208 5027; x_wconf 75' lang='grc' dir='ltr'>τοῦτο</span> <span class='ocrx_word' id='word_1_789' title='bbox 3240 4975 3336 5046; x_wconf 83' lang='grc' dir='ltr'><strong>μὲν</strong></span> <span class='ocrx_word' id='word_1_790' title='bbox 3361 4978 3452 5027; x_wconf 75' lang='grc' dir='ltr'><strong>ἐπὶ</strong></span> <span class='ocrx_word' id='word_1_791' title='bbox 3478 4975 3765 5028; x_wconf 83' lang='grc' dir='ltr'>τοσοῦτον.</span> 
     </span>
    </p>
   </div>
   <div class='ocr_carea' id='block_1_105' title="bbox 2199 5063 3768 5138">
    <p class='ocr_par' dir='ltr' id='par_1_105' title="bbox 2199 5063 3768 5138">
     <span class='ocr_line' id='line_1_105' title="bbox 2199 5063 3768 5138; baseline -0.001 -20"><span class='ocrx_word' id='word_1_792' title='bbox 2199 5069 2332 5138; x_wconf 70' lang='grc' dir='ltr'>Περὶ</span> <span class='ocrx_word' id='word_1_793' title='bbox 2374 5068 2429 5120; x_wconf 84' lang='grc' dir='ltr'><strong>δὲ</strong></span> <span class='ocrx_word' id='word_1_794' title='bbox 2478 5063 2545 5138; x_wconf 80' lang='grc' dir='ltr'><strong>ἦς</strong></span> <span class='ocrx_word' id='word_1_795' title='bbox 2592 5069 2868 5137; x_wconf 82' lang='grc' dir='ltr'>ἐσήμανας</span> <span class='ocrx_word' id='word_1_796' title='bbox 2895 5067 3221 5131; x_wconf 76' lang='grc' dir='ltr'>ὑποθέσεως,</span> <span class='ocrx_word' id='word_1_797' title='bbox 3263 5067 3429 5136; x_wconf 76' lang='grc' dir='ltr'>ἤγουν</span> <span class='ocrx_word' id='word_1_798' title='bbox 3458 5066 3552 5116; x_wconf 85' lang='grc' dir='ltr'><strong>τοῦ</strong></span> <span class='ocrx_word' id='word_1_799' title='bbox 3585 5069 3768 5117; x_wconf 82' lang='grc' dir='ltr'>ποιεῖν</span> 
     </span>
    </p>
   </div>
   <div class='ocr_carea' id='block_1_106' title="bbox 2202 5157 3767 5229">
    <p class='ocr_par' dir='ltr' id='par_1_106' title="bbox 2202 5157 3767 5229">
     <span class='ocr_line' id='line_1_106' title="bbox 2202 5157 3767 5229; baseline -0.003 -18"><span class='ocrx_word' id='word_1_800' title='bbox 2202 5161 2421 5229; x_wconf 78' lang='grc' dir='ltr'>μνήμην</span> <span class='ocrx_word' id='word_1_801' title='bbox 2443 5159 2538 5211; x_wconf 90' lang='grc' dir='ltr'><strong>τοῦ</strong></span> <span class='ocrx_word' id='word_1_802' title='bbox 2570 5159 2762 5222; x_wconf 85' lang='grc' dir='ltr'>δεῖνος,</span> <span class='ocrx_word' id='word_1_803' title='bbox 2818 5159 3054 5228; x_wconf 84' lang='grc' dir='ltr'>ὀφείλεις</span> <span class='ocrx_word' id='word_1_804' title='bbox 3083 5159 3141 5223; x_wconf 80' lang='grc' dir='ltr'>ἐξ</span> <span class='ocrx_word' id='word_1_805' title='bbox 3173 5157 3656 5228; x_wconf 61' lang='grc' dir='ltr'>ἐαυτοΰσυνορᾷν,</span> <span class='ocrx_word' id='word_1_806' title='bbox 3679 5159 3767 5208; x_wconf 81' lang='grc' dir='ltr'>ὅτι.</span> 
     </span>
    </p>
   </div>
   <div class='ocr_carea' id='block_1_107' title="bbox 2199 5248 3767 5321">
    <p class='ocr_par' dir='ltr' id='par_1_107' title="bbox 2199 5248 3767 5321">
     <span class='ocr_line' id='line_1_107' title="bbox 2199 5248 3767 5321; baseline -0.001 -19"><span class='ocrx_word' id='word_1_807' title='bbox 2199 5251 2248 5302; x_wconf 89' lang='grc' dir='ltr'><strong>εί</strong></span> <span class='ocrx_word' id='word_1_808' title='bbox 2285 5253 2383 5320; x_wconf 77' lang='grc' dir='ltr'><strong>μὲν</strong></span> <span class='ocrx_word' id='word_1_809' title='bbox 2415 5253 2471 5302; x_wconf 83' lang='grc' dir='ltr'><strong>ἐν</strong></span> <span class='ocrx_word' id='word_1_810' title='bbox 2497 5250 2574 5320; x_wconf 76' lang='grc' dir='ltr'><strong>τῷ</strong></span> <span class='ocrx_word' id='word_1_811' title='bbox 2596 5250 2809 5321; x_wconf 81' lang='grc' dir='ltr'>θανάτῳ</span> <span class='ocrx_word' id='word_1_812' title='bbox 2839 5249 3218 5320; x_wconf 84' lang='grc' dir='ltr'>προκοινωνῶν</span> <span class='ocrx_word' id='word_1_813' title='bbox 3246 5252 3302 5301; x_wconf 83' lang='grc' dir='ltr'><strong>ἐν</strong></span> <span class='ocrx_word' id='word_1_814' title='bbox 3333 5251 3399 5318; x_wconf 80' lang='grc' dir='ltr'>τῇ</span> <span class='ocrx_word' id='word_1_815' title='bbox 3436 5248 3648 5320; x_wconf 80' lang='grc' dir='ltr'>αἱρέσει</span> <span class='ocrx_word' id='word_1_816' title='bbox 3675 5249 3767 5302; x_wconf 76' lang='grc' dir='ltr'>διὰ</span> 
     </span>
    </p>
   </div>
   <div class='ocr_carea' id='block_1_108' title="bbox 2198 5341 3762 5414">
    <p class='ocr_par' dir='ltr' id='par_1_108' title="bbox 2198 5341 3762 5414">
     <span class='ocr_line' id='line_1_108' title="bbox 2198 5341 3762 5414; baseline -0.001 -17"><span class='ocrx_word' id='word_1_817' title='bbox 2198 5344 2359 5412; x_wconf 78' lang='grc' dir='ltr'>φόϐον</span> <span class='ocrx_word' id='word_1_818' title='bbox 2384 5343 2723 5414; x_wconf 86' lang='grc' dir='ltr'>ἀνθρώπινόν</span> <span class='ocrx_word' id='word_1_819' title='bbox 2744 5345 2858 5395; x_wconf 77' lang='grc' dir='ltr'>ἐστι</span> <span class='ocrx_word' id='word_1_820' title='bbox 2891 5342 3249 5413; x_wconf 77' lang='grc' dir='ltr'>ἐξαγορεύων,</span> <span class='ocrx_word' id='word_1_821' title='bbox 3277 5343 3366 5393; x_wconf 81' lang='grc' dir='ltr'>καὶ</span> <span class='ocrx_word' id='word_1_822' title='bbox 3387 5341 3552 5394; x_wconf 82' lang='grc' dir='ltr'>οἱονεὶ</span> <span class='ocrx_word' id='word_1_823' title='bbox 3579 5343 3762 5395; x_wconf 84' lang='grc' dir='ltr'>ἐπιτι-</span> 
     </span>
    </p>
   </div>
   <div class='ocr_carea' id='block_1_109' title="bbox 603 5457 2074 5535">
    <p class='ocr_par' dir='ltr' id='par_1_109' title="bbox 603 5457 2072 5535">
     <span class='ocr_line' id='line_1_109' title="bbox 603 5457 2072 5535; baseline 0.005 -22"><span class='ocrx_word' id='word_1_824' title='bbox 603 5457 652 5492; x_wconf 64' lang='grc'><strong>⁸⁶</strong></span> <span class='ocrx_word' id='word_1_825' title='bbox 676 5458 852 5515; x_wconf 88' lang='lat' dir='ltr'><strong>Galat.</strong></span> <span class='ocrx_word' id='word_1_826' title='bbox 880 5477 955 5524; x_wconf 69' lang='lat' dir='ltr'><strong>vn,</strong></span> <span class='ocrx_word' id='word_1_827' title='bbox 979 5457 1062 5517; x_wconf 17' lang='lat'><strong>2..</strong></span> <span class='ocrx_word' id='word_1_828' title='bbox 1110 5461 1154 5494; x_wconf 69' lang='grc' dir='ltr'>δ’</span> <span class='ocrx_word' id='word_1_829' title='bbox 1180 5461 1369 5517; x_wconf 84' lang='lat' dir='ltr'><strong>Matth.</strong></span> <span class='ocrx_word' id='word_1_830' title='bbox 1421 5480 1536 5528; x_wconf 77' lang='lat' dir='ltr'><strong>xix,</strong></span> <span class='ocrx_word' id='word_1_831' title='bbox 1570 5464 1623 5519; x_wconf 89' lang='lat'><strong>6.</strong></span> <span class='ocrx_word' id='word_1_832' title='bbox 1700 5465 1743 5497; x_wconf 74' lang='grc'><strong>⁸⁸</strong></span> <span class='ocrx_word' id='word_1_833' title='bbox 1778 5467 1944 5535; x_wconf 85' lang='lat' dir='ltr'><strong>Apoc.</strong></span> <span class='ocrx_word' id='word_1_834' title='bbox 1987 5482 2072 5520; x_wconf 79' lang='lat' dir='ltr'><strong>xxi</strong></span> 
     </span>
    </p>
   </div>
   <div class='ocr_carea' id='block_1_110' title="bbox 2179 5457 3504 5535">
    <p class='ocr_par' dir='ltr' id='par_1_110' title="bbox 2197 5463 3504 5530">
     <span class='ocr_line' id='line_1_110' title="bbox 2197 5463 3504 5530; baseline -0.002 -12"><span class='ocrx_word' id='word_1_835' title='bbox 2197 5467 2245 5519; x_wconf 85' lang='grc' dir='ltr'><strong>Ι.</strong></span> <span class='ocrx_word' id='word_1_836' title='bbox 2322 5466 2366 5497; x_wconf 69' lang='grc'>⁸³</span> <span class='ocrx_word' id='word_1_837' title='bbox 2396 5464 2585 5520; x_wconf 81' lang='lat' dir='ltr'><strong>Matth.</strong></span> <span class='ocrx_word' id='word_1_838' title='bbox 2661 5479 2816 5530; x_wconf 82' lang='lat' dir='ltr'><strong>xvm,</strong></span> <span class='ocrx_word' id='word_1_839' title='bbox 2846 5464 2935 5518; x_wconf 74' lang='grc'><strong>20.</strong></span> <span class='ocrx_word' id='word_1_840' title='bbox 3012 5465 3057 5496; x_wconf 78' lang='grc' dir='ltr'><strong>⁸ο</strong></span> <span class='ocrx_word' id='word_1_841' title='bbox 3083 5463 3226 5518; x_wconf 83' lang='lat' dir='ltr'><strong>Psal.</strong></span> <span class='ocrx_word' id='word_1_842' title='bbox 3251 5478 3418 5530; x_wconf 81' lang='lat' dir='ltr'><strong>van,</strong></span> <span class='ocrx_word' id='word_1_843' title='bbox 3451 5463 3504 5517; x_wconf 90' lang='lat'><strong>9.</strong></span> 
     </span>
    </p>
   </div>
   <div class='ocr_carea' id='block_1_111' title="bbox 2047 5623 2274 5679">
    <p class='ocr_par' dir='ltr' id='par_1_111' title="bbox 2047 5623 2274 5679">
     <span class='ocr_line' id='line_1_111' title="bbox 2047 5623 2274 5679; baseline -0.009 -2"><span class='ocrx_word' id='word_1_844' title='bbox 2047 5623 2274 5679; x_wconf 62' lang='grc' dir='ltr'><strong>ΝΟΤᾹΞ.</strong></span> 
     </span>
    </p>
   </div>
   <div class='ocr_carea' id='block_1_112' title="bbox 614 5775 1235 5851">
    <p class='ocr_par' dir='ltr' id='par_1_112' title="bbox 614 5775 1235 5851">
     <span class='ocr_line' id='line_1_112' title="bbox 614 5775 1235 5851; baseline 0.013 -23"><span class='ocrx_word' id='word_1_845' title='bbox 614 5775 725 5845; x_wconf 82' lang='lat' dir='ltr'><strong>(9i)</strong></span> <span class='ocrx_word' id='word_1_846' title='bbox 757 5775 813 5831; x_wconf 85' lang='lat' dir='ltr'><strong>In</strong></span> <span class='ocrx_word' id='word_1_847' title='bbox 849 5778 968 5835; x_wconf 84' lang='lat' dir='ltr'><strong>cod.</strong></span> <span class='ocrx_word' id='word_1_848' title='bbox 1004 5781 1132 5851; x_wconf 74' lang='lat' dir='ltr'><strong>Reg.</strong></span> <span class='ocrx_word' id='word_1_849' title='bbox 1174 5779 1235 5836; x_wconf 68' lang='grc' dir='ltr'>τ’.</span> 
     </span>
    </p>
   </div>
  </div>
