3966 6514
243 474 264 535 1
275 477 367 536 597

1412 489 1940 548 EPISTULARUM
1980 491 2124 548 LIB.
2179 492 2260 550 Ιῐ.

3306 483 3436 552 159-3

237 590 477 660 μώμενος
502 591 638 661 πρός
665 610 830 657 τινος,
865 589 966 646 εἷθ’
997 593 1169 658 οὕτως
1207 597 1306 666 τῆς
1346 600 1625 668 όρθοδόξου
1675 617 1790 653 κοι-

1907 601 2148 668 1u0piam
2194 600 2513 670 castigatus,
2545 608 2707 668 alque
2757 600 2828 653 ita
2861 599 3177 654 orthodoxae
3201 612 3450 651 commu-

233 685 438 749 νωνίας,
469 688 561 738 καὶ
607 686 781 758 ταύτῃ
812 687 1126 757 συναπέπτη
1149 705 1161 718 ·
1193 689 1305 760 ἔχει
1348 691 1509 760 φύσιν
1551 694 1609 745 ὲν
1649 710 1783 763 μνη-

235 776 480 844 μοσύνοις
537 778 823 832 τάττεσθαι
878 781 1206 850 ὀρθοδόξωνο
1254 781 1349 835 τοῦ
1392 781 1597 850 ἀγαθοῦ
1625 783 1783 852 ἡμῶν

231 868 381 934 Θεοῦ,
409 868 497 920 διὰ
521 869 719 940 πολλὴν
749 871 1181 941 φιλανθρωπίαν,
1215 874 1301 925 ἐπ’
1329 873 1501 942 αὐτῆς
1545 873 1646 942 τῆς
1688 890 1782 924 τε-

230 956 477 1017 λευταίας
511 956 654 1026 ὧρας
697 959 990 1028 δεχομένου
1030 963 1123 1015 τὸν
1167 961 1657 1031 μεταμελούμενον,
1690 964 1784 1015 καὶ

231 1045 324 1100 ὧδε
357 1048 524 1100 αὑτὸν
545 1050 840 1118 κρίνοντος.
872 1052 1036 1104 Ὥστε
1065 1056 1110 1105 εί
1140 1053 1310 1117 οὕτως
1339 1054 1574 1122 ἐγένετο,
1607 1057 1783 1107 ποιεί-

232 1138 349 1188 σθαι
380 1135 723 1205 λειτουργίας
749 1140 889 1209 ὑπὲρ
920 1139 1084 1194 αὐτοῦ
1112 1144 1246 1213 πρὸς
1270 1143 1401 1195 Θεὸν
1427 1144 1488 1196 οὐ
1511 1161 1784 1215 παραιτη-

231 1227 363 1277 τέον.
400 1227 462 1278 Ei
495 1226 549 1278 δὲ
578 1229 727 1282 οὐδὲν
760 1230 964 1282 τούτων
988 1231 1230 1299 γέγονεν,
1264 1232 1397 1286 ἀλλά
1429 1233 1699 1286 κοινωνῶν
1716 1229 1784 1304 ἦν

228 1322 291 1388 τῇ
327 1320 558 1389 αἱρέσει,
581 1321 673 1374 καὶ
707 1323 807 1374 οὐκ
856 1322 1058 1391 ἔφθασε
1096 1327 1382 1393 μετασχεῖν
1406 1324 1498 1377 τοῦ
1536 1324 1786 1395 σώματος

231 1411 321 1462 καὶ
373 1410 603 1477 αἵματος
655 1411 747 1464 τοῦ
809 1414 1047 1482 Κυρίουο
1081 1415 1356 1484 αίρετικὸς
1404 1417 1567 1487 γάρὸ
1621 1417 1787 1486 ἄρτος

231 1503 454 1568 ἐκεῖνος,
497 1505 588 1556 καὶ
617 1505 675 1557 ού
707 1505 863 1576 σῶμα
891 1505 1124 1576 Χριστοῦ
1150 1506 1248 1578 (Οὐ
1285 1507 1582 1578 τολμητέον
1611 1509 1786 1562 εἰπεῖν

231 1591 450 1657 σύναξιν
505 1594 632 1663 περὶ
689 1593 852 1645 αὑτοῦ
909 1597 1124 1661 ποιεῖν)·
1155 1595 1275 1648 οὑδὲ
1315 1595 1423 1666 γὰρ
1457 1597 1683 1664 παίγνια
1718 1596 1788 1650 τὰ

230 1679 366 1733 θεῖα.
407 1682 494 1744 Ὠς
516 1682 580 1735 ἂν
605 1682 680 1752 μὴ
703 1683 908 1753 ἀκούσῃ
936 1685 963 1736 ὁ
996 1684 1160 1737 αἰτῶν
1190 1686 1317 1754 περὶ
1359 1686 1454 1739 τοῦ
1495 1686 1738 1740 τοιούτου
1769 1702 1784 1716 ⁸

229 1772 472 1842 Αἰτεῖτε,
499 1773 595 1825 καί
627 1776 702 1826 οὺ
725 1773 1079 1842 λαμϐάνετε,
1107 1776 1256 1829 διότι
1282 1776 1477 1842 κακῶς
1505 1777 1787 1834 αἰτεῖσθε.

1885 690 2063 745 nionis
2089 691 2358 760 particeps
2386 690 2561 745 factus
2591 698 2695 754 est,
2720 690 2958 760 incaque
2979 686 3266 744 defunctus
3283 728 3297 752 ,
3323 704 3454 742 con-

1885 793 2202 838 sentaneum
2234 793 2390 838 estut
2439 783 2492 837 in
2533 783 2960 837 orthodoxorum
2977 780 3455 837 commemoratim

1884 874 2047 928 nibus
2070 874 2249 928 locum
2281 875 2494 936 habeat,
2521 874 2664 928 bono
2708 873 2818 929 Deo
2842 883 3032 927 nostro
3057 888 3153 942 per
3180 886 3451 927 summam

1885 964 2227 1019 clementiam
2263 965 2317 1018 in
2350 965 2542 1019 ultima
2579 965 2669 1018 illa
2708 965 2838 1017 hora
2873 963 3227 1033 poenitentem
3280 962 3455 1017 susci-

1885 1056 2089 1129 piente,
2142 1057 2332 1126 ibique
2363 1072 2486 1110 eum
2517 1056 2817 1126 judicante.
2847 1055 3027 1120 Quare
3077 1054 3122 1109 si
3163 1054 3237 1107 ita
3263 1068 3322 1108 se
3363 1067 3450 1105 res

1887 1146 2093 1211 habuit,
2145 1162 2251 1202 non
2327 1149 2688 1202 recusandum
2745 1156 2830 1200 est
2879 1146 3170 1213 quominus
3224 1145 3455 1214 publica!

1885 1254 2073 1307 preces
2112 1255 2208 1308 pro
2247 1239 2338 1292 illo
2368 1240 2497 1293 liant
2543 1239 2609 1292 ad
2668 1238 2861 1292 Deum.
2899 1235 2994 1291 Sin
3034 1231 3214 1290 autem
3255 1237 3453 1288 horum

1886 1329 2021 1382 nihil
2073 1327 2275 1382 factum
2311 1338 2415 1390 est,
2469 1328 2562 1383 sed
2613 1328 2706 1397 qui
2751 1327 2943 1380 haeresi
2990 1323 3452 1384 communicabat,

1887 1434 1994 1472 non
2019 1429 2142 1472 ante
2157 1419 2423 1487 particeps
2451 1416 2549 1470 fuit
2581 1417 2824 1485 corporis
2859 1424 2914 1469 et
2937 1414 3217 1483 sanguinis
3243 1401 3454 1464 Domini

1890 1510 2215 1580 (haereticus
2235 1509 2380 1564 enim
2411 1508 2564 1578 panis
2594 1509 2685 1562 ille
2717 1516 2771 1563 et
2798 1523 2905 1561 non
2943 1521 3141 1574 corpus
3173 1504 3375 1558 Christi
3413 1505 3453 1571 ),

1891 1618 1999 1657 non
2029 1603 2342 1656 audendum
2372 1601 2678 1662 estdicere,
2711 1609 2769 1653 ut
2805 1615 2905 1668 pro
2932 1598 3025 1652 illo
3067 1596 3289 1668 synaxis
3341 1595 3452 1648 fiat.

1890 1692 2073 1762 Neque
2097 1693 2241 1747 enim
2276 1691 2483 1746 ludicra
2545 1699 2670 1745 sunt
2703 1690 2907 1754 divina,
2938 1698 2997 1742 ut
3021 1702 3126 1741 non
3153 1686 3337 1740 audiat
3362 1687 3456 1754 qui

1891 1802 1990 1856 pro
2011 1786 2104 1839 illo
2132 1785 2265 1853 petit
2288 1802 2301 1838 :
2335 1783 2548 1844 Petitis.
2578 1794 2624 1835 et
2651 1798 2754 1835 non
2781 1780 3047 1848 accipitis,
3075 1795 3134 1832 eo
3162 1778 3300 1846 quod
3325 1777 3458 1828 male

233 1860 392 1913 Ἀλλο
415 1878 467 1914 τι
486 1863 664 1930 λέγειν
686 1863 924 1933 ούκέχω,
950 1866 1074 1917 ὅσον
1087 1866 1148 1918 τὸ
1171 1869 1292 1920 κατ’
1309 1868 1410 1937 ἐμὲ
1429 1867 1717 1936 γινώσκειν
1729 1871 1788 1922 τὸ

1907 1879 2083 1932 aetatis
2108 1879 2178 1933 ".
2207 1875 2366 1930 Aliud
2389 1876 2534 1945 quod
2560 1875 2736 1929 dicam
2766 1888 2874 1928 non
2901 1873 3092 1936 habeo,
3125 1869 3302 1939 quoad
3331 1884 3458 1937 pos—

228 1951 452 2022 άληθές.
479 1955 735 2023 Οὐδεμία
758 1956 865 2024 γὰρ
883 1959 1162 2013 κοινωνία
1187 1961 1332 2026 φωτὶ
1356 1962 1505 2026 πρὸς
1531 1963 1752 2027 σκότος
1774 1977 1790 1994 ·

1907 1971 1998 2026 sim
2026 1970 2077 2023 id
2117 1969 2261 2038 quod
2287 1984 2474 2023 verum
2522 1978 2604 2022 est
2637 1980 2983 2037 cognoscere.
3019 1963 3190 2016 Nulla
3218 1963 3350 2015 enim
3383 1971 3456 2013 est

227 2043 347 2097 οὔτε
383 2048 443 2097 ἐν
463 2045 540 2117 τῷ
574 2046 729 2115 μέρει
755 2047 861 2100 τῶν
885 2047 1178 2118 όρθοδόξων
1205 2051 1542 2114 τετάξεται.ό
1575 2053 1648 2122 μὴ
1675 2069 1794 2105 κοι-

229 2137 420 2190 νωνῶν
452 2141 518 2208 τῇ
567 2139 862 2223 όρθοδοξία,
896 2140 1000 2193 κᾶν
1025 2143 1082 2192 ὲν
1114 2144 1181 2212 τῇ
1223 2145 1426 2217 ἐσχάτῃ
1450 2143 1589 2217 ὥρᾳ.
1621 2146 1793 2198 Ὅπου

231 2224 338 2296 γὰρ
370 2228 593 2299 εὑρεθῇ,
636 2229 751 2281 ἐκεῖ
788 2229 882 2282 καὶ
913 2229 1271 2301 κριθήσεται·
1309 2234 1404 2285 καὶ
1432 2228 1545 2286 οἷον
1585 2235 1795 2302 ἐφόδιον

231 2319 428 2390 εἴληφε
461 2322 598 2391 πρὸς
626 2321 724 2390 τὴν
757 2322 974 2375 αίώνιον
1010 2322 1176 2393 ζωὴν,
1202 2324 1378 2395 τούτῳ
1437 2325 1532 2379 καὶ
1573 2343 1795 2398 συναρι-

231 2411 598 2480 θμηθήσεται.
623 2413 898 2467 Τὸλοιπδν
920 2414 1081 2484 εὔχου
1111 2415 1251 2486 ὑπὲρ
1277 2414 1432 2484 ἐμοῦ.
1471 2416 1801 2480 Ἀσπάζεταί

232 2520 290 2556 σε
319 2506 347 2555 ό
384 2505 575 2574 κύριος
603 2508 631 2558 ό
684 2507 1116 2576 ἀρχιεπίσκοπος
1139 2547 1154 2572 ,
1185 2508 1280 2560 καὶ
1321 2508 1371 2560 οί
1426 2507 1645 2572 ἀδελφοί
1685 2525 1800 2564 σου.

230 2595 369 2658 Τοὺς
399 2595 538 2664 μετά
565 2596 656 2649 σοῦ
680 2597 940 2664 ἀδελφοὺς
961 2597 1034 2658 ὡς
1060 2596 1224 2650 τέκνα
1249 2615 1350 2668 μου
1374 2599 1763 2669 προσαγορεύω
1783 2615 1799 2630 ο

231 2688 355 2739 ἐπεὶ
407 2688 504 2740 καὶ
548 2688 645 2759 τὴν
704 2689 901 2759 κυρίαν
944 2688 1150 2742 Θέκὶαν
1174 2688 1248 2752 ὡς
1288 2687 1566 2760 θυγατέρα
1590 2691 1648 2743 ἐν
1669 2690 1805 2760 Χρι-

232 2793 366 2834 στω,

234 2896 381 2962 ΡῌΡ
424 2898 652 2967 (92).-—
681 2898 929 2964 Ἀϐολίῳ
980 2898 1082 2951 καὶ
1121 2897 1368 2965 Ἰωάννῃ
1415 2897 1794 2967 μονάζουσιν.

1895 2063 2117 2115 societas
2141 2060 2247 2113 luci
2268 2060 2337 2112 ad
2369 2059 2602 2112 tenebras
2627 2059 2708 2123 “;
2738 2072 2915 2125 neque
2944 2056 2998 2109 in
3024 2055 3455 2108 orthodoxorum

1896 2163 2052 2221 parte
2102 2150 2477 2210 collocabitur.
2512 2149 2603 2218 qui
2632 2147 2968 2202 orthodoxiae
3012 2144 3094 2199 vel
3157 2144 3212 2198 in
3270 2143 3459 2196 ultima

1899 2242 2032 2295 hora
2064 2257 2170 2295 non
2207 2243 2596 2296 communicat.
2639 2238 2744 2295 Ubi
2779 2240 2923 2294 enim
2964 2236 3130 2292 fuerit
3159 2234 3462 2304 deprehen-

1901 2349 2021 2397 sus,
2052 2333 2125 2388 ibi
2173 2333 2546 2403 iudicabitur;
2583 2344 2636 2386 et
2667 2332 2828 2402 quale
2858 2329 3119 2384 viaticum
3169 2325 3464 2394 sumpserit

1901 2426 1965 2479 ad
2007 2425 2173 2480 vitam
2211 2435 2493 2489 aeternam,
2544 2441 2612 2479 ex
2663 2439 2730 2478 eo
2775 2421 3268 2478 connumerabitur
3323 2417 3456 2485 (95).

1898 2515 2051 2580 Quod
2083 2516 2353 2584 reliquum
2394 2524 2500 2580 est,
2541 2529 2640 2569 ora
2671 2528 2768 2582 pro
2792 2527 2899 2568 me.
2950 2510 3163 2566 Salutat
3201 2517 3251 2562 te
3287 2505 3464 2561 domi-

1899 2623 2004 2661 nus
2066 2606 2532 2676 archiepiscopus,
2586 2615 2639 2658 et
2683 2603 2879 2658 fratres
2927 2603 3028 2656 tui.
3067 2599 3285 2654 Fratres
3349 2595 3445 2665 qui

1901 2704 2076 2749 tecum
2115 2705 2262 2760 sunt,
2302 2705 2362 2750 ut
2405 2696 2544 2750 filios
2595 2694 2774 2748 saluto
2837 2712 2852 2748 :
2896 2702 3010 2747 tum
3069 2701 3124 2746 et
3184 2689 3461 2744 dominam

1901 2785 2156 2841 Theclam
2186 2796 2245 2840 ut
2267 2788 2430 2840 tiliam
2456 2787 2510 2840 in
2544 2786 2782 2840 Christo.

2091 2901 2363 2957 CXCVIII.
2382 2931 2453 2942 —
2479 2901 2666 2957 Abolio
2691 2911 2740 2956 et
2764 2900 2963 2955 Joanm’
2988 2895 3277 2951 monachis.

1633 3008 1706 3057 De
1732 3015 1898 3059 sancta
1929 3012 2164 3075 imagine.

304 3115 694 3187 Προσηγορίαν
720 3111 875 3181 ὑμῶν
900 3111 1010 3164 τῶν
1042 3111 1215 3180 ἁγίων
1253 3110 1619 3180 κομισάμενος
1650 3109 1801 3180 παρά

1972 3116 2110 3169 Cum
2156 3115 2498 3170 salutationis
2538 3112 2781 3168 officium
2827 3119 3011 3166 vestro
3063 3108 3304 3172 nomine,
3356 3108 3460 3162 viri

244 3209 475 3261 Ἥσαῖου
497 3205 588 3257 τοῦ
615 3203 1033 3276 θεοφιλεστάτου
1060 3202 1358 3254 ἐπισκόπου
1392 3201 1488 3253 καὶ
1511 3217 1808 3270 πνευματι-

235 3298 335 3352 κοῦ
401 3296 637 3366 Πατρὸς,
669 3295 728 3346 οὐ
763 3295 920 3362 μόνον
961 3292 1306 3363 ὲξεδιδάχθην
1354 3292 1438 3354 τίς
1480 3291 1514 3360 ἡ
1556 3289 1680 3343 ὁσία
1708 3290 1806 3343 καὶ

237 3389 487 3460 πατρική
537 3386 690 3456 ὑμῶν
750 3385 916 3447 δυάς·
969 3383 1106 3437 ἀλλά
1153 3382 1263 3452 γὰρ
1317 3380 1410 3433 καὶ
1455 3380 1808 3449 προετράπην

237 3483 481 3554 χαράξαι
539 3481 666 3548 ὑμῖν
715 3477 873 3545 τήνδε
897 3474 996 3546 τὴν
1020 3473 1241 3545 οίκτράν
1276 3470 1571 3540 συλλαϐήν.
1619 3469 1809 3539 Ἡμεῖς

235 3581 292 3629 δὲ
323 3573 574 3628 ταπεινοὶ
598 3572 696 3640 μὲν
719 3571 812 3623 καὶ
836 3567 1170 3638 ἁμαρτωλοὶ,
1196 3566 1345 3636 ὅμως
1371 3563 1646 3632 φιλοῦντες
1667 3563 1812 3632 ὑμᾶς

239 3666 450 3735 ἀνάψαι
481 3666 560 3725 είς
595 3663 846 3728 ἀγάπην,
874 3655 941 3730 ἦς
975 3658 1124 3710 οὐδὲν
1152 3655 1565 3727 προτιμότερον.
1601 3652 1813 3713 ’Ἄλλως

238 3776 297 3811 τε
328 3757 430 3810 καὶ
455 3753 700 3822 ὑπακοὴν
737 3750 1088 3821 πληροῦντες,
1117 3747 1469 3815 ἐπεδώκαμεν
1492 3746 1715 3808 ἑαυτοὺς
1736 3743 1815 3814 τῷ

241 3852 563 3920 γράμματι.
594 3846 704 3898 Καὶ
746 3844 809 3914 δὴ
849 3841 1282 3914 εὐχαριστοῦμεν
1331 3838 1409 3908 τῷ
1439 3838 1579 3908 Θεῷ,
1612 3839 1692 3889 ὅτι
1718 3837 1816 3889 καὶ

243 3945 410 4011 ὑμεῖς
457 3941 516 3991 ὲν
553 3938 631 4007 τῷ
663 3935 874 4006 σεισμῷ
917 3936 1012 4003 τῆς
1056 3931 1497 4002 Εἰκονομαχικῆς
1548 3930 1816 3999 αἱρέσεως

244 4034 493 4085 ἄσειστοι
548 4027 871 4098 διεμείνατε,
905 4025 1048 4092 άγιοι
1092 4024 1354 4094 Πατέρες,
1405 4020 1478 4091 μὴ
1509 4020 1726 4082 ἁλόντες
1751 4021 1816 4089 τῇ

243 4124 373 4178 κατ’
395 4121 566 4192 αὐτὴν
581 4119 909 4190 ψυχοφθόρῳ
925 4117 1200 4185 κοινωνίᾳ·
1219 4114 1353 4168 ἀλλά
1368 4117 1435 4184 τῇ
1454 4116 1599 4181 φυγῇ
1617 4110 1706 4165 τὸν
1725 4109 1817 4163 τοῦ

1906 3205 2102 3268 sancti,
2137 3204 2323 3272 accepi
2348 3206 2419 3258 ab
2469 3201 2605 3258 lsaia
2637 3202 2894 3271 episcopo
2931 3199 3026 3253 Dei
3065 3198 3467 3264 amantissimo,

1907 3311 1971 3350 ac
1993 3296 2266 3364 spirituali
2305 3305 2474 3364 patre,
2519 3310 2624 3348 non
2654 3293 2816 3350 modo
2846 3289 3105 3354 intellexi,
3134 3303 3300 3359 quam
3342 3305 3472 3343 san-

1908 3396 2054 3442 ctum
2078 3403 2174 3457 par
2194 3387 2413 3441 Patrum
2432 3386 2552 3441 sitis
2582 3401 2675 3440 vos
2693 3385 2831 3452 duo;
2863 3384 2956 3438 sed
2974 3393 3024 3437 et
3050 3383 3319 3451 impulsus
3347 3395 3468 3433 sum

1909 3482 1977 3535 ad
2027 3482 2169 3534 hanc
2216 3479 2581 3533 miserabilem
2631 3473 2915 3546 epistolam
2978 3474 3329 3530 exarandum.
3361 3469 3471 3525 Nos

1911 3588 2060 3638 vero,
2091 3572 2325 3627 humiles
2371 3572 2497 3625 licet
2520 3585 2583 3624 ac
2611 3577 2943 3639 peccatores,
2975 3581 3074 3621 vos
3105 3574 3287 3619 tamen
3311 3571 3472 3631 opta-

1912 3681 2035 3720 mus
2061 3664 2126 3719 ad
2185 3663 2505 3721 charitatem
2540 3660 2850 3723 incendere,
2881 3673 2990 3726 qua
3019 3655 3154 3709 nihil
3182 3653 3474 3723 praestabi-

1914 3757 2018 3811 lius
2045 3767 2149 3811 est.
2171 3755 2386 3823 Alioqui
2430 3764 2480 3806 et
2514 3765 2718 3805 morem
2741 3749 2896 3802 vobis
2925 3750 3193 3818 gerentes,
3229 3746 3473 3799 animum

1916 3848 1981 3901 ad
2005 3845 2350 3900 scribendum
2389 3842 2710 3910 adiecimus.
2737 3838 2803 3892 Et
2828 3853 2958 3892 sane
2993 3836 3194 3907 gratias
3217 3834 3325 3887 Deo
3355 3834 3475 3902 agi-

1916 3955 2061 4001 mus,
2101 3938 2246 4008 quod
2279 3944 2334 3991 et
2396 3952 2490 3991 vos
2524 3935 2576 3988 in
2617 3932 2850 4003 procella
2888 3934 3156 3984 haereseos
3188 3927 3473 3981 lconoma—

1918 4033 2054 4087 Chiae
2078 4030 2394 4099 perstitistis
2419 4027 2653 4088 immoti,
2685 4024 2877 4078 Patres
2907 4022 3104 4086 sancti,
3137 4020 3364 4073 minime
3397 4018 3477 4073 ir-

1918 4126 2065 4181 retiti
2131 4121 2383 4193 pestifera
2447 4121 2591 4174 illius
2641 4118 3025 4173 communione
3058 4133 3072 4169 :
3105 4113 3200 4170 sed
3258 4119 3478 4180 arrepta

244 4215 500 4286 διωγμοῦ
523 4213 989 4284 τρισμακάριστον
1017 4208 1166 4280 [cod.
1206 4209 1338 4277 Reg.
1360 4204 1804 4276 θεομακάριστον’

1921 4216 2047 4286 fuga
2075 4225 2155 4268 ter
2175 4212 2386 4267 felicem
2415 4210 2810 4281 perseeutionis
2830 4222 3085 4263 coronam
3124 4204 3298 4274 adepti
3322 4203 3474 4264 estis,

248 4311 522 4377 στέφανον
553 4303 932 4375 κομισάμενοι,
965 4302 1111 4366 ἀξιον
1147 4299 1316 4362 ὅντως
1342 4301 1440 4365 τῆς
1469 4298 1672 4369 ἀρετῆς
1690 4337 1705 4362 ,
1727 4297 1804 4349 κα⁴

1922 4322 2048 4361 vere
2096 4305 2316 4358 virtutis
2368 4303 2673 4373 praemium,
2705 4316 2768 4354 ac
2789 4297 3148 4353 certaminum
3175 4309 3296 4364 quae.
3325 4293 3480 4361 prius

248 4405 558 4474 κατάδηλον
625 4400 735 4453 τῶν
798 4391 1275 4468 προδιηνυσμένων
1328 4395 1458 4464 ὑμῖν
1506 4392 1804 4463 ἀσκητικῶι

1923 4401 1975 4455 in
2001 4399 2108 4452 vita
2125 4396 2427 4451 monaSIica
2450 4392 2806 4454 sustinuistis,
2839 4391 3050 4444 illustre
3069 4387 3477 4441 documentum.

248 4498 507 4564 ἀγώνων.
559 4492 704 4545 Διότι
755 4491 819 4542 ἐκ
860 4490 968 4541 τῶν
1018 4488 1115 4557 ἤδη
1168 4487 1490 4555 φθασάντων
1549 4482 1822 4548 ἀπόδειξιν

250 4590 484 4660 ἐκφέρει
504 4588 613 4646 πᾶς
634 4601 717 4647 τις
736 4583 832 4635 τοῦ
862 4579 1126 4650 προτέρου
1155 4579 1290 4648 βίου,
1319 4575 1378 4631 εὖ
1409 4595 1469 4630 τε
1495 4578 1587 4629 καὶ
1613 4577 1686 4639 ὡς
1706 4576 1823 4628 ἐτέ-

255 4699 372 4754 ρως
404 4679 539 4749 ἔχει.
575 4678 639 4728 Oi.
669 4676 767 4741 τὴν
801 4674 1056 4742 ὁσιότητα
1086 4671 1455 4740 ἀμπεχόμενοι
1501 4666 1822 4722 ἐνεδύσασθε

256 4775 359 4827 καὶ
389 4772 492 4839 τὴν
521 4768 812 4839 ὁμολογίαν
836 4763 1100 4837 Χριστοῦ,
1131 4762 1492 4832 ἀμφικαλλεῖς
1514 4762 1820 4830 γενόμενοι.

267 4858 572 4934 Ὁμολογίά
603 4861 711 4929 γὰρ
741 4856 998 4927 Χριστοῦ,
1032 4854 1295 4924 Πατὲρες,
1323 4854 1355 4921 ἡ
1385 4852 1486 4921 τῆς
1530 4851 1690 4919 ἁγίας
1724 4852 1822 4903 αὑ-

253 4957 356 5012 τοῦ
405 4955 615 5016 εἰκόνος
671 4951 1052 5020 ὑπερμάχησις
1080 4964 1093 4976 ·
1125 4946 1202 5008 ὡς
1231 4944 1324 4998 καὶ
1354 4943 1587 5014 ἔμπαλιν
1617 4943 1827 4996 ἀθετῶν

257 5054 381 5103 ἐστι
413 5047 648 5118 Χριστὸν
678 5047 706 5097 ὁ
739 5042 942 5112 ταύτην
969 5038 1360 5110 ἐξαρνούμενος
1388 5053 1401 5067 ·
1436 5036 1592 5099 διότι,
1621 5036 1827 5106 φησὶνὸ

264 5143 446 5214 μέγας
480 5140 778 5200 Βασίλειος,
811 5140 844 5205 ἡ
878 5137 977 5199 τῆς
1010 5134 1216 5195 εἰκόνος
1247 5132 1380 5201 τιμὴ
1409 5132 1500 5184 ἐπὶ
1534 5129 1594 5182 τὸ
1620 5129 1831 5199 πρωτό-

260 5251 438 5288 τυπον
463 5230 730 5286 διαϐαίνει
753 5227 901 5300 [cod.
933 5228 1064 5295 Reg.
1095 5222 1422 5293 ἁναόαίνει]⁶
1445 5223 1538 5275 καὶ
1563 5223 1620 5274 ὲν
1642 5221 1834 5274 ἐκατέ-

269 5346 350 5396 ρῳ
365 5325 625 5393 ἑκάτερον
642 5324 736 5374 καὶ
762 5318 1036 5390 ὁρώμενόν
1057 5319 1171 5367 ἐστι
1207 5316 1302 5368 καὶ
1323 5312 1798 5385 προσκυνούμενον
1816 5329 1831 5344 ·

264 5419 379 5472 κᾶν
408 5417 563 5469 Λέων
594 5416 623 5468 ὁ
656 5407 1134 5484 θηριώνυμος,κα“ι
1159 5405 1254 5459 τοῦ
1291 5407 1505 5459 Σατανᾶ
1535 5403 1836 5474 ὑπηρέτης,

343 5574 389 5608 ⁵¹
412 5570 533 5626 Jac.
566 5584 639 5633 tv,
673 5567 727 5620 5.
805 5567 850 5598 ³³
889 5565 930 5621 ll
952 5565 1078 5622 Cor.
1105 5579 1181 5629 Vl,
1215 5564 1305 5619 M.

1928 4489 2109 4556 Quare
2136 4504 2202 4542 ex
2233 4489 2299 4542 iis
2325 4502 2445 4556 quae
2469 4486 2580 4554 jam
2611 4484 2908 4553 contigere.
2943 4479 3214 4548 specimen
3251 4475 3482 4545 quilibet

1928 4579 2126 4650 prioris
2159 4577 2282 4631 vita:
2305 4576 2541 4645 colligat,
2577 4575 2703 4628 dum
2746 4582 2801 4626 et
2831 4568 3034 4637 dispari
3065 4566 3228 4622 modo
3249 4582 3306 4619 se
3321 4566 3480 4634 gerit.

1931 4668 2301 4726 Sanctimonia
2321 4666 2446 4720 vitae
2474 4666 2671 4730 ornati,
2705 4663 2907 4718 Christi
2944 4676 3161 4731 quoque
3185 4658 3488 4714 confessio-

1930 4779 2054 4818 nem
2089 4761 2361 4824 induistis,
2401 4771 2630 4828 utraque
2664 4758 2776 4826 jam
2812 4757 2968 4809 laude
2997 4753 3299 4823 conspicui.
3338 4751 3486 4805 Con-

1931 4855 2096 4910 fessio
2119 4854 2262 4908 enim
2289 4852 2488 4906 Christi
2529 4861 2630 4916 est,
2665 4849 2871 4913 Patres,
2914 4858 3115 4900 sancta:
3149 4845 3321 4913 ipsius
3348 4843 3490 4895 ima-

1933 4945 2072 5016 ginis
2099 4943 2462 5015 propugnatio
2497 4959 2509 4994 :
2551 4951 2608 4995 ut
2631 4949 2686 4993 et
2714 4940 2829 4993 vice
2863 4954 3017 4992 versa
3068 4936 3347 4991 Christum
3393 4934 3492 4986 de-

1935 5037 2114 5106 spicit,
2132 5035 2383 5104 quisquis
2406 5035 2547 5086 hanc
2577 5041 2737 5101 negat
2773 5049 2787 5086 :
2817 5030 3135 5095 «Quoniam,
3169 5026 3349 5095 inquit
3371 5040 3490 5077 ma-

1934 5142 2073 5198 gnus
2103 5125 2354 5187 Basilius,
2385 5123 2639 5193 imaginis
2674 5125 2847 5175 honor
2904 5121 3100 5174 transit
3151 5118 3217 5171 ad
3249 5124 3486 5185 prototy-

1935 5237 2060 5292 pum
2098 5236 2113 5275 :
2145 5229 2198 5273 et
2236 5219 2466 5272 alterum
2506 5217 2560 5270 in
2589 5217 2766 5270 altero
2792 5214 3038 5269 cernitur
3062 5222 3115 5266 et
3145 5212 3436 5272 adoratur;
3468 5226 3486 5257 ι

1937 5311 2334 5382 quantumlibet
2396 5309 2523 5365 Leo.
2578 5308 2666 5361 cui
2709 5320 3008 5375 congruum
3045 5320 3073 5354 a
3126 5303 3237 5356 fera
3292 5315 3496 5368 cogno-

1943 5422 2088 5470 men,
2122 5403 2335 5458 Satanae
2363 5401 2710 5465 administer,
2745 5394 3114 5458 Constantini,
3143 5393 3235 5463 qui
3287 5391 3493 5461 pridem

1756 5650 1893 5706 ΝΟΤ
1899 5649 1985 5704 1E.

352 5758 465 5817 (92)
492 5755 550 5808 ln
583 5753 705 5808 cod.
739 5752 871 5821 Reg.
901 5759 1022 5820 ptp'.

495 5803 570 5877 lie
589 5803 1017 5894 iia'ésci.‘i¢titt‘a,
1057 5837 1180 5891 quae
1212 5830 1470 5894 tanquam
1504 5834 1569 5871 ex
1604 5817 1886 5883 Scriptura
1928 5815 2123 5868 citatut'
2147 5831 2174 5865 ιι
2200 5811 2476 5872 Patrihns,
2503 5811 2700 5865 videsis
2765 5825 2882 5877 qua:
2937 5808 3144 5862 notavit
3189 5803 3501 5861 Cuteleritts

277 5913 319 5955 ι.
359 5901 398 5959 Ι.
432 5890 662 5950 Monum.
695 5893 842 5948 Eccl.
882 5890 1098 5957 (ἔντεσιν,
1126 5908 1242 5962 pag.
1276 5890 1395 5944 82f.
