3966 6462
509 378 648 442 1599

1689 373 1752 432 S.
1794 371 2185 431 THEODORI
2225 369 2367 429 STU
2377 369 2571 428 DIT/E

3623 365 3760 428 1600

503 487 736 550 exstitit,
797 485 1092 555 impietatis
1145 483 1490 540 aemulatione
1531 481 1785 538 ferociter
1810 487 2075 539 adversus

2207 481 2324 553 ήλῳ
2349 481 2446 550 τῆς
2474 480 2566 532 τοῦ
2590 479 2758 532 πάλαι
2780 476 3197 530 Κωνσταντίνου
3219 477 3543 543 δυσσεϐείας
3569 483 3760 549 μανείς

504 580 786 635 Christum
819 577 1078 638 insaniat,
1111 576 1375 630 adversus
1404 575 1689 644 Deiparam
1715 617 1728 641 ,
1759 586 2082 631 sanctumve

502 672 834 743 quemlibet:
891 670 1050 738 cujus
1103 670 1362 724 memoria
1416 669 1576 738 periit
1639 684 1760 723 cum
1825 670 2004 723 sonitu
2036 671 2082 703 ⁵⁸

506 764 868 819 anathematis
906 763 1244 832 sempiterni.
1313 762 1421 818 Vos
1453 778 1578 817 vero
1652 765 1860 818 utinam
1907 780 2084 819 serve-

506 859 666 923 mini,
701 858 953 912 Ecclesiae
1001 857 1094 912 Dei
1127 858 1392 910 Columnae
1423 873 1489 911 ac
1522 861 1892 919 ﬁrmamenta,
1921 859 2082 913 nobis

510 963 698 1005 autem
740 951 1058 1016 humilibus,
1093 952 1236 1019 apud
1279 951 1543 1018 optimum
1570 951 1734 1003 Deum
1767 950 2083 1005 defensores

510 1058 574 1096 ac
625 1042 842 1112 patroni
881 1059 893 1095 :
957 1054 1015 1094 ut
1062 1041 1218 1094 ﬁdem
1270 1041 1530 1095 habentes
1561 1056 1682 1109 quae
1716 1056 1810 1110 per
1844 1040 2085 1095 charita-

512 1143 617 1186 tem
649 1141 908 1200 operatur
935 1134 1000 1196 ⁵⁵,
1029 1148 1058 1186 a
1100 1133 1340 1201 maligno
1389 1148 1688 1188 servemur.
1734 1133 2085 1202 Quandoqui-

511 1224 630 1275 dem
656 1239 784 1277 vero
810 1225 1017 1277 litteras
1042 1224 1108 1276 ad
1132 1238 1226 1277 vos
1251 1225 1520 1288 misimus,
1545 1224 1825 1279 charitatis
1849 1224 2084 1279 cilicium

513 1315 799 1381 explentes
824 1333 835 1367 :
864 1315 1108 1368 vicissim
1139 1325 1190 1368 et
1213 1331 1242 1368 a
1273 1316 1426 1369 vobis
1457 1317 1657 1385 scripta
1686 1316 1945 1370 reddatur
1973 1316 2088 1384 epi-

513 1406 684 1467 stola;
725 1415 780 1458 ut
811 1407 981 1474 magis
1013 1407 1244 1459 invicem
1265 1422 1648 1477 agnoscamus,
1682 1416 1735 1461 et
1757 1418 1944 1462 mutuo
1976 1407 2089 1461 vel-

519 1495 597 1548 uti
650 1496 1001 1563 perfruamur
1030 1504 1277 1565 aspectu,
1313 1498 1650 1551 commercio
1676 1496 2006 1562 litterarum,
2032 1498 2087 1550 in

513 1585 733 1639 Christo
780 1584 906 1639 Jesu
965 1585 1196 1639 Domino
1219 1596 1438 1641 nostro:
1474 1585 1633 1653 cujus
1691 1587 1873 1656 imago
1906 1587 2090 1640 incor-

521 1678 902 1747 rupta,mundi
929 1680 1100 1742 salus,
1128 1679 1399 1732 idolorum
1426 1679 1599 1732 errori
1639 1679 1911 1748 opposita.

696 1875 927 1931 CXCIX.
960 1909 1024 1919 --
1059 1877 1308 1932 Michaeli
1338 1888 1387 1933 et
1426 1877 1708 1948 Theophila
1741 1879 1904 1948 impp.

2184 575 2359 644 ἐμάνη
2387 573 2525 625 κατὰ
2557 569 2818 642 Χριστοῦ,
2852 570 2951 641 τῆς
2991 587 3051 623 τε
3074 571 3237 638 ἁγίας
3267 571 3497 640 Μητρὸς
3540 573 3712 626 αὑτοῦ
3740 613 3755 636 ,

2183 666 2277 718 καὶ
2327 664 2527 727 παντὸς
2579 663 2735 732 ἁγίου
2765 680 2780 691 ·
2812 654 2873 715 οὗ
2897 663 2957 715 τὸ
3012 663 3355 732 μνημόσυνον
3407 663 3590 716 ὄλοιτο
3635 668 3751 734 μετ’

2183 757 2350 827 ἧχους
2394 753 2731 824 ἀναθέματος
2786 753 3028 808 αἰωνίου.
3075 754 3264 823 Ὑμεῖς
3299 754 3355 806 δὲ
3394 754 3761 824 φυλαχθείητε

2184 850 2251 917 τῇ
2283 846 2378 899 τοῦ
2402 845 2538 898 Θεοῦ
2579 844 2875 915 Ἐκκλησία
2900 844 3082 897 στύλοι
3115 846 3208 898 καὶ
3231 843 3611 916 ἐδραιώματα,
3633 848 3762 916 ἡμῖν

2184 956 2245 992 τε
2292 942 2403 1004 τοῖς
2425 940 2700 1000 ταπεινοῖς
2756 938 2892 1008 πρὸς
2930 937 3062 991 Θεὸν
3106 940 3199 991 τὸν
3240 937 3444 1004 ἀγαθὸν
3483 954 3766 1008 προασπι-

2189 1030 2311 1084 σταί
2337 1048 2395 1084 τε
2429 1032 2522 1083 καὶ
2553 1026 2966 1100 παρακλήτορεξ
3035 1030 3111 1094 ὡς
3143 1031 3210 1085 ἂν
3249 1031 3348 1102 τὴν
3377 1032 3568 1084 πίστιν
3614 1033 3766 1100 ἐνερ⁴

2187 1123 2459 1193 γουμένην
2501 1123 2567 1176 δι’
2588 1123 2808 1192 ἀγάπης
2862 1123 3109 1192 ἔχοντες,
3144 1123 3455 1191 σωθείημεν
3503 1124 3616 1176 ἀπὸ
3669 1121 3763 1175 τοῦ

2188 1214 2444 1284 πονηροῦ.
2509 1214 2728 1282 Ἐπειδὴ
2765 1213 2821 1266 δὲ
2878 1214 3271 1283 ἐπεστείλαμεν
3330 1215 3391 1266 τὸ
3451 1215 3555 1284 τῆς
3619 1215 3761 1281 ἀγά-

2188 1323 2297 1374 πης
2324 1305 2484 1375 ἔργον
2517 1304 2853 1376 πληροῦντες
2873 1322 2886 1336 ·
2916 1306 3011 1360 καὶ
3039 1303 3449 1374 ἀντιδεξοίμεθα
3485 1305 3647 1372 λόγον
3673 1307 3764 1372 ἐγ-

2188 1397 2522 1467 γράμματον
2542 1414 2555 1428 ·
2589 1398 2674 1451 ἵνα
2714 1399 2912 1468 μᾶλλον
2941 1397 3034 1451 καὶ
3068 1398 3428 1469 γνωρίσωμεν
3460 1397 3767 1468 ἀλλήλους,

2189 1491 2284 1542 καὶ
2304 1490 2379 1552 ὡς
2397 1489 2636 1558 ὁρῶντες
2661 1489 2927 1561 ὁρώμενοι
2950 1493 3015 1560 τῇ
3043 1493 3407 1561 γραμματικῇ
3434 1489 3770 1559 προσφωνή-

2191 1599 2272 1634 σει
2298 1581 2680 1652 διαμενοῦμεν,
2704 1585 2763 1635 ἐν
2787 1582 3010 1653 Χριστῷ
3052 1581 3227 1652 Ἰησοῦ
3262 1582 3340 1652 τῷ
3371 1582 3562 1650 Κυρίῳ
3589 1581 3768 1651 ἡμῶν·

2189 1664 2310 1742 οὖή
2344 1670 2614 1742 ἄχραντος
2653 1672 2819 1725 εἰκὼν
2866 1671 3111 1742 σωτηρία
3150 1673 3376 1742 κόσμου,
3425 1675 3529 1743 τῆς
3565 1670 3774 1724 εἰδωλι-

2191 1766 2298 1835 κῆς
2324 1767 2533 1836 πλάνης
2557 1767 2856 1830 ὰντίθετος.

2181 1879 2322 1946 ΡᾺΘ¹
2362 1881 2522 1952 (95⁶).
2551 1909 2621 1921 -
2644 1879 2889 1950 Μιχαὴλ
2921 1880 3021 1934 καὶ
3051 1881 3321 1950 Θεοφίλῳ
3362 1877 3769 1945 βασιλεῦσιν.

2881 1971 3072 2044 [ψιιεό]

1189 2088 1263 2136 De
1290 2087 1385 2135 fide
1411 2087 1702 2144 orthodoxa,
1735 2089 1787 2133 et
1807 2084 1871 2133 de
1892 2082 2078 2133 sanctis
2097 2086 2414 2149 Imaginibus.
2442 2087 2642 2148 (Baron.
2673 2099 2754 2136 an.
2778 2086 2889 2145 823,
2919 2100 2967 2136 η.
2991 2087 3054 2135 14
3079 2088 3096 2149 )

594 2191 817 2262 Regibus
847 2194 1100 2261 piissimis
1121 2205 1168 2246 el
1204 2196 1616 2264 religiosissimis
1640 2213 1672 2248 a
1714 2195 1820 2249 Deo
1843 2195 2092 2265 Augustis

518 2293 567 2336 et
607 2285 1032 2352 imperatoribus,
1091 2286 1334 2355 apologia
1381 2295 1430 2339 et
1479 2286 1724 2340 allocutio
1772 2302 1952 2341 eorum
2003 2285 2093 2354 qui

520 2378 604 2431 hic
641 2390 795 2446 atque
822 2379 933 2430 illic
968 2379 1196 2447 dispersi
1235 2388 1381 2432 sunt.

591 2554 944 2621 Perspectum
1001 2564 1084 2608 est
1145 2555 1210 2609 iis
1262 2555 1355 2624 qui
1415 2556 1628 2610 ratione
1675 2557 1889 2625 praediti
1942 2566 2096 2620 sunt,

527 2645 699 2699 Deum
755 2661 937 2716 regem
999 2647 1407 2709 universorum,
1468 2649 1669 2703 terreni
1723 2648 1934 2716 imperii
1982 2663 2097 2703 rem

528 2753 840 2807 nomenque
893 2749 1178 2807 propterea
1220 2741 1702 2796 naturaliumanaz
1732 2744 2097 2809 concessisse,

531 2835 589 2880 ut
629 2837 790 2892 terra,
833 2829 1140 2883 imitatione
1162 2830 1306 2893 caeli,
1346 2846 1534 2899 pacem
1571 2840 1735 2901 atque
1787 2832 2100 2901 tranquilli—

530 2930 694 2974 tatem
747 2921 1020 2984 obtinens,
1075 2922 1230 2990 parili
1290 2938 1414 2976 eum
1475 2923 1635 2978 laude
1685 2936 1739 2978 et
1785 2925 2102 2980 adoratione

533 3027 916 3086 prosequatur.
945 3015 1115 3086 Cujus
1163 3034 1310 3073 nunc
1346 3019 1587 3074 habenas
1621 3019 1809 3074 divino
1847 3021 2100 3075 sortitum

535 3113 795 3182 snITragio
825 3121 1067 3166 vestrum
1109 3111 1307 3168 Christi
1339 3114 1595 3167 aemulum
1647 3114 1954 3183 imperium,
1985 3113 2106 3183 jure

537 3218 638 3256 nos
668 3203 924 3256 minimos
955 3203 1263 3268 advocavit,
1295 3213 1356 3257 ut
1389 3220 1511 3258 cum
1543 3205 1608 3258 iis
1639 3219 1946 3259 sermonem
1976 3219 2105 3259 con-

534 3293 810 3360 feramus,
841 3297 934 3364 qui
972 3297 1118 3350 circa
1145 3296 1268 3350 fidei
1293 3297 1600 3351 doctrinam
1632 3311 1660 3349 a
1694 3297 1853 3351 nobis
1887 3297 2104 3351 dissen-

2193 2195 2526 2248 Βασιλεύσι
2557 2193 3042 2262 θεοφιλεστάτοις
3072 2194 3168 2247 καί
3205 2192 3684 2259 εὐσεϐεστάτας
3708 2192 3774 2246 ἐκ

2267 2283 2416 2336 Θεοῦ
2440 2284 2808 2352 Αὑγούστοις
2829 2284 2924 2336 καί
2955 2283 3450 2350 αὐτοκράτορσιν,
3472 2283 3778 2352 ἀπολογία

2265 2375 2834 2443 καὶπροσφώνησις,
2866 2379 3026 2443 παρὰ
3082 2375 3201 2429 τῶν
3251 2370 3369 2429 ὧδέ
3417 2392 3484 2428 τε
3524 2376 3776 2431 κάκεῖσε

2264 2465 2731 2535 διεσπαρμένων.
3491 2480 3494 2481 ⁷

2279 2557 2647 2628 Ἐγνωσμένον
2709 2558 2825 2611 ἐστὶ
2879 2561 2993 2622 τοῖς
3033 2559 3191 2626 λόγου
3247 2557 3602 2629 μετέχουσιν,
3639 2560 3724 2610 ὅτι
3751 2559 3780 2610 ὁ

2197 2649 2575 2720 παμϐασιλεὺς
2638 2649 2752 2703 τῶν
2785 2651 3041 2704 ἁπάντων
3089 2649 3240 2714 Θεὸς,
3292 2650 3354 2703 τὸ
3384 2652 3482 2720 τῆς
3527 2652 3778 2717 ἐπιγείου

2200 2740 2479 2812 βασιλείας
2512 2741 2702 2811 χρῆμά
2728 2759 2788 2794 τε
2819 2744 2911 2796 καί⁵
2950 2742 3120 2812 ὄνομα
3145 2741 3336 2796 τούτου
3365 2743 3529 2814 χάριν
3569 2732 3782 2814 ἐδωρή-

2201 2851 2330 2888 σατο
2371 2836 2434 2906 τῇ
2473 2835 2790 2906 ἀνθρωπεία
2818 2836 3018 2903 φύσει,
3061 2836 3148 2888 ἵνα
3181 2837 3414 2907 μιμήσει
3464 2836 3574 2888 τῶν
3607 2838 3781 2909 οὐρα-

2200 2928 2327 2982 νίων
2379 2930 2472 2982 καὶ⁵
2515 2930 2584 2982 τὰ
2635 2928 2856 2996 ἐπίγεια
2888 2927 2952 2980 τὸ
2982 2929 3254 2998 είρηναίον
3291 2929 3384 2980 καὶ
3410 2928 3783 2981 ἀστασίαστον

2205 3020 2539 3091 κεκτημένα,
2578 3021 2866 3090 σύμφωνον
2889 3020 3076 3086 ἄγοιεν
3104 3019 3204 3090 τὴν
3252 3020 3331 3081 είς
3366 3017 3531 3071 αὑτὸν
3562 3018 3782 3083 δοξολοα-

2205 3111 2331 3178 γίαν
2384 3127 2445 3162 τε
2503 3111 2597 3162 καὶ
2643 3108 3034 3179 προσκύνησιν.
3071 3104 3181 3170 Ἧς
3225 3109 3325 3170 τὰς
3356 3107 3513 3177 ἡνίας
3533 3108 3784 3179 λαχοῦσα

2203 3202 2494 3274 θεοκρίτως
2535 3204 2562 3271 ίι
2614 3202 2856 3272 ὑμετέρα
2890 3201 3348 3272 Χριστομίμητος
3394 3201 3668 3270 βασιλεία,
3702 3205 3784 3255 ei-

2204 3295 2380 3356 κότως
2408 3293 2822 3363 προσκέκληκεν
2857 3295 3008 3364 ἡμᾶς
3031 3294 3158 3356 τοὺς
3187 3295 3507 3362 ἐλαχίστους
3530 3335 3546 3359 ,
3577 3298 3661 3357 εἰς
3696 3294 3784 3345 16-

537 3383 680 3436 tiunt
713 3398 725 3435 :
769 3391 829 3436 ut
857 3384 984 3438 hinc
1010 3385 1266 3437 nimirum
1301 3384 1650 3454 cognoscatis
1691 3393 1810 3437 utra
1852 3399 1979 3453 pars
2011 3400 2101 3439 ve-

2207 3403 2336 3455 γους
2361 3386 2536 3438 ἐλθεῖν
2579 3386 2716 3455 μετὰ
2741 3387 2851 3440 τῶν
2881 3385 3393 3461 ἁντιδιατιθεμένων
3419 3387 3554 3456 ἡμῖν
3576 3387 3655 3454 τῷ
3683 3386 3785 3453 τῆς

539 3487 662 3524 rum
704 3471 966 3539 proferat,
1021 3482 1076 3527 et
1127 3475 1254 3527 huic
1305 3453 1539 3543 palmam
1595 3475 1868 3538 tribuatis,
1906 3484 1964 3530 ut
1999 3491 2101 3530 non

2212 3453 2446 3538 πίστεως
2471 3453 2612 3544 λόγω
2645 3492 2658 3505 '
2697 3476 2769 3538 ὡς
2799 3476 2863 3529 ἂν
2893 3475 3143 3528 ἐντεῦθεν
3164 3453 3317 3546 γνοίη
3344 3453 3574 3546 πότερον
3614 3453 3786 3544 μέρος

539 3565 644 3616 sint
682 3564 823 3617 inter
875 3579 974 3620 nos
1008 3564 1323 3630 schismata,
1375 3565 1469 3619 sed
1525 3563 1666 3619 idem
1699 3580 1888 3620 omnes
1920 3565 2109 3618 ortho-

537 3654 678 3708 doxe
695 3656 1015 3711 sentiamus.
1043 3655 1100 3710 In
1131 3671 1238 3724 quo
1262 3657 1481 3726 quidem
1510 3667 1745 3713 vestrum
1772 3657 2110 3713 laudavimus

540 3747 915 3816 perdiscenda:
962 3749 1084 3803 lidei
1129 3750 1402 3814 studium;
1439 3765 1503 3804 ac
1550 3749 1724 3820 magis
1768 3750 1928 3804 etiam
1958 3750 2110 3818 pacis

544 3842 933 3909 componenda:
988 3844 1279 3897 consilium
1315 3844 1691 3906 laudavimus;
1727 3860 1834 3912 quo
1869 3843 2110 3897 subdito-

546 3949 666 3987 rum
698 3935 920 3988 utilitati
969 3950 1035 3989 ac
1065 3936 1226 3990 saluti
1268 3936 1578 3989 consulitis.
1616 3936 1682 3989 Et
1711 3936 1863 3989 vobis
1887 3936 2106 4003 quidem

544 4025 675 4080 hinc
698 4027 980 4095 praemium
1011 4028 1135 4092 erit,
1172 4027 1225 4081 in
1269 4027 1515 4082 claritate
1550 4028 1769 4082 claritas
1801 4027 2108 4090 ineﬂ‘abilis,

543 4131 597 4173 et
621 4119 675 4170 in
702 4132 869 4187 regno
892 4134 1116 4186 regnum
1158 4119 1566 4190 sempiternum.
1588 4118 1811 4183 Verum,
1843 4134 1875 4172 o
1905 4118 2110 4172 domini

544 4207 734 4275 optimi
774 4216 827 4260 et
861 4205 972 4260 Deo
1033 4207 1418 4268 amantissimi,
1457 4223 1563 4260 non
1613 4215 1792 4274 potest
1853 4220 2107 4275 magnum

543 4297 650 4351 hoc
682 4306 735 4351 et
781 4298 1148 4366 exoptandum
1205 4297 1418 4352 facinus
1458 4307 1566 4352 tam
1607 4296 1750 4351 facili
1794 4298 2011 4366 negotio
2057 4308 2112 4351 et

546 4391 664 4444 sine
721 4389 905 4443 labore
933 4389 1128 4442 confici
1182 4405 1196 4440 :
1255 4391 1512 4459 quoniam
1562 4404 1880 4459 magnarum
1927 4404 2111 4452 rerum

547 4496 764 4548 semper
789 4490 914 4534 sunt
943 4481 1308 4541 diﬂicultates.
1339 4480 1479 4546 Quid
1523 4481 1625 4535 hoc
1668 4481 1771 4535 sibi
1801 4480 1957 4534 vult?
1988 4479 2113 4532 Pri-

549 4586 698 4623 mum
757 4572 1001 4640 quidem.
1062 4573 1320 4641 quoniam
1374 4571 1672 4625 adversarii
1724 4571 1897 4625 nostri
1953 4571 2115 4638 longo

551 4669 816 4730 tempore,
851 4671 902 4715 et
929 4679 1023 4730 per
1081 4663 1368 4732 synodicos
1419 4673 1718 4716 conventus
1758 4663 1811 4715 in
1839 4662 2113 4730 opinioni-

548 4751 651 4802 bus
703 4749 818 4802 suis
861 4750 1133 4803 obiirmati
1171 4759 1328 4815 sunt;
1379 4765 1479 4804 nos
1543 4763 1692 4813 vero,
1743 4749 2112 4818 apostolorum

549 4841 886 4910 Patrumque
912 4843 1286 4896 sanctionibus
1315 4843 1667 4910 prohibemur
1695 4855 2004 4895 sermonem
2044 4841 2114 4896 de

554 4933 657 4984 lide
686 4947 809 4985 cum
840 4933 906 4986 iis
944 4933 1210 4998 conferre,
1245 4935 1338 5002 qui
1373 4936 1452 4990 sic
1484 4943 1610 4988 sunt
1635 4948 1820 4989 errore
1842 4935 2111 5003 occupati.

554 5023 754 5077 Deinde
774 5062 789 5088 ,
817 5025 1072 5093 quoniam
1103 5025 1332 5093 hujusce
1361 5027 1437 5079 rei
1464 5026 1725 5095 judicium
1754 5040 1858 5078 non
1888 5027 1954 5078 ad
1981 5026 2116 5080 alios

555 5115 806 5184 pertinet,
841 5130 1004 5183 quam
1051 5115 1116 5168 ad
1166 5133 1284 5181 eos,
1343 5120 1436 5187 qui
1481 5119 1584 5173 soli
1614 5119 1752 5171 hanc
1802 5132 1830 5170 a
1888 5117 2118 5171 Domino

555 5216 875 5276 pomstatem
904 5223 998 5276 per
1031 5207 1292 5277 Spiritum
1346 5219 1690 5279 acceperunt,
1730 5209 2118 5264 consentienti-

2210 3568 2271 3620 τὸ
2301 3567 2502 3636 ἀληθὲς
2537 3567 2850 3636 πρεσϐεύοι,
2885 3568 2980 3619 καὶ
3005 3567 3178 3637 ταύτῃ
3209 3567 3324 3637 δοίη
3354 3567 3422 3620 τὰ
3452 3569 3782 3636 νικητήρια·

2212 3660 2291 3722 είς
2323 3659 2382 3711 τὸ
2413 3660 2484 3729 μὴ
2519 3655 2656 3712 εἶναι
2718 3659 2994 3728 σχίσματα
3047 3659 3105 3710 ἐν
3159 3660 3312 3728 ἡμῖν,
3342 3659 3477 3713 ἀλλὰ
3531 3658 3593 3710 τὸ
3650 3657 3788 3708 αὐτὸ

2212 3752 2427 3820 φρονεῖν
2469 3748 2761 3820 ὀρθοδόξως
2818 3750 3082 3814 ἅπαντας.
3124 3745 3306 3821 Ἐφἰζ)
3347 3753 3626 3822 ῂνέσαμεν
3685 3751 3788 3818 μὲν

2213 3839 2368 3910 ύμῶν
2423 3839 2482 3892 τὸ
2513 3838 2810 3910 φιλομαθὲς
2850 3839 2951 3908 τῆς
2982 3840 3237 3906 πίστεως,
3271 3843 3696 3911 ὑπερῃνέσαμεν
3729 3839 3790 3893 δὲ

2211 3933 2272 3984 τὸ
2300 3931 2640 4001 είρηνοθελὲς
2671 3932 2768 4002 τῆς
2800 3933 3179 4003 προαιρέσεως
3212 3952 3225 3966 ο
3264 3934 3323 3986 τὸ
3347 3932 3520 3992 οὕτως
3551 3930 3788 4000 ἐφιεμέ-

2212 4041 2309 4093 νης
2343 4025 2427 4076 ἐπ’
2452 4023 2690 4094 ὠφελείᾳ
2720 4023 2815 4076 καὶ
2850 4025 3097 4097 σωτηρίᾳ
3146 4025 3383 4095 ὑπήκοον
3430 4026 3788 4092 καταστήσα-

2215 4116 2358 4168 σθαι.
2387 4115 2486 4182 Εἴη
2511 4114 2620 4184 γὰρ
2655 4114 2782 4184 ύμῖν
2807 4115 3058 4167 ἐντεῦθεν
3104 4115 3350 4184 ἄμειψις,
3385 4114 3478 4165 ἐπὶ
3523 4113 3784 4184 λαμπρό-

2212 4222 2334 4276 τητι
2363 4205 2686 4275 λαμπρότης
2715 4204 2975 4276 ἄρῤητος,
3002 4205 3096 4258 καὶ
3133 4205 3223 4257 ἐπὶ
3249 4201 3496 4272 βασιλεία
3530 4202 3792 4272 βασιλεία

2216 4297 2591 4365 ἀτελεύτητος.
2637 4294 2798 4358 Ἀλλ’,
2831 4288 2875 4346 ὦ
2904 4295 3161 4347 δεσπόται
3190 4293 3473 4363 κράτιστοι
3505 4296 3600 4345 καὶ
3632 4294 3793 4360 φιλο-

2216 4388 2497 4451 Θεώτατοι,
2527 4387 2624 4456 οὐχ
2652 4382 2762 4438 οἷόν
2794 4386 2854 4438 τὲ
2885 4385 3000 4438 ἐστι
3023 4385 3181 4437 τοῦτο
3200 4384 3259 4435 τὸ
3294 4384 3442 4452 μέγα
3494 4384 3588 4436 καὶ
3617 4385 3793 4438 πολύ-

2216 4497 2407 4533 ευκτον
2468 4478 2799 4548 κατόρθωμα
2855 4477 3040 4540 ἁπλῶς
3096 4476 3269 4538 οὕτως
3323 4477 3418 4528 καὶ
3483 4477 3794 4546 ἀκαμάτως

2215 4567 2468 4636 γενέσθαι
2500 4584 2513 4597 ⁸
2547 4568 2677 4620 διότι
2702 4567 2810 4619 τῶν
2840 4568 3110 4637 μεγίστων
3153 4567 3493 4636 πραγμάτων
3529 4567 3794 4634 μέγισται

2217 4660 2699 4727 συναναφαίνονται
2723 4660 2816 4712 καὶ
2839 4659 2893 4711 αἱ
2915 4658 3303 4729 τληπαθήσεις.
3323 4658 3388 4710 Τί
3409 4656 3564 4710 τοῦτο
3589 4675 3606 4725 ;
3637 4659 3797 4728 Πρῶ-

2215 4769 2307 4804 τον
2336 4752 2454 4821 μὲν,
2475 4752 2535 4804 τὺ
2550 4753 2676 4812 τοὺς
2703 4753 3146 4822 ἐναντιουμένους
3173 4753 3324 4820 ἡμῖν,
3342 4751 3572 4821 χρονίως
3601 4768 3662 4802 τε
3693 4753 3796 4804 καὶ

2221 4842 2513 4906 συνοδικῶς
2543 4843 2922 4911 πεπαγιῶσθαι
2954 4846 3072 4908 ταῖς
3111 4845 3341 4907 οἰκείαις
3387 4842 3565 4908 δόξαις
3592 4858 3606 4872 ⁶
3638 4846 3798 4912 ἡμᾶς

2217 4934 2274 4988 δὲ
2287 4934 2656 4999 ἀποστολικῶς
2674 4952 2732 4988 τε
2759 4935 2852 4987 καὶ
2877 4936 3165 5005 Πατρικῶς
3187 4934 3528 4989 κεκωλύσθαι
3553 4937 3794 5006 συνᾶραι

2225 5029 2362 5096 μετὰ
2391 5027 2498 5079 τῶν
2541 5027 2682 5080 οὕτω
2735 5030 3160 5101 κεκρατημένων
3220 5030 3309 5080 τὸν
3361 5031 3488 5098 περὶ
3544 5029 3796 5091 πίστεως

2223 5117 2397 5185 λόγον.
2466 5112 2715 5181 Ἔπειτα,
2764 5118 2845 5171 ὃτι
2913 5119 3006 5171 καὶ
3062 5119 3096 5188 ἡ
3152 5118 3283 5186 περὶ
3360 5116 3526 5169 αὑτοῦ
3605 5117 3795 5187 κρίσις

2215 5210 2316 5261 οὐκ
2359 5208 2536 5272 ἄλλοις
2595 5210 2806 5277 ἀνήκει,
2858 5208 2890 5279 ἢ
2952 5208 3135 5279 μόνοις
3191 5210 3306 5270 τοῖς
3366 5208 3471 5260 ὑπὸ
3523 5209 3622 5259 τοῦ
3674 5208 3796 5258 Κυ-

556 5299 662 5352 bus
719 5310 773 5352 et
832 5301 1310 5369 comprobantibus
1342 5303 1504 5356 etiam
1537 5302 1713 5365 vobis,
1755 5302 1849 5370 qui
1905 5301 1970 5355 ad
2017 5301 2101 5354 hoc

2222 5299 2340 5370 ρίου
2388 5300 2486 5370 τὴν
2542 5301 2790 5366 ἐξουσίαν
2842 5301 2929 5354 διὰ
2981 5299 3074 5352 τοῦ
3136 5299 3454 5368 Πνεύματος
3501 5297 3793 5366 εἰληφόσι,

559 5392 735 5459 ipsum
773 5407 800 5443 a
829 5391 939 5447 Deo
962 5395 1228 5462 praacipue
1281 5395 1458 5449 vocati
1483 5394 1636 5448 estis.
1672 5392 1897 5449 Sincera
1933 5401 2113 5447 autem

633 5548 679 5579 ⁵³
709 5548 853 5603 Psal.
894 5564 969 5611 ix,
997 5549 1049 5610 7,
1077 5549 1131 5602 8.
1206 5549 1250 5579 “
1282 5547 1459 5605 Galat.
1490 5567 1539 5616 ν,
1574 5550 1629 5605 6.

2222 5392 2622 5463 συναιρομένων
2675 5410 2736 5446 τε
2815 5393 2909 5446 καὶ
2983 5389 3581 5461 συνεπισφραγιζιόντων
3638 5388 3796 5460 ὑμῶν

2025 5664 2250 5721 NOTAE.

641 5790 772 5857 (93‘)
800 5790 852 5845 In
877 5792 999 5846 cod.
1025 5790 1158 5859 Reg.
1189 5795 1290 5842 σε’.
