  <div class='ocr_page' id='page_1' title='image "/cluster/home/n/w/nwhite01/storage/ocr_20150623/99/ien.35556001661347/810.png"; bbox 0 0 3966 6510; ppageno 0'>
   <div class='ocr_carea' id='block_1_1' title="bbox 247 435 364 500">
    <p class='ocr_par' dir='ltr' id='par_1_1' title="bbox 247 435 364 500">
     <span class='ocr_line' id='line_1_1' title="bbox 247 435 364 500; baseline -0.009 0"><span class='ocrx_word' id='word_1_1' title='bbox 247 435 364 500; x_wconf 82' lang='grc'><strong>1601</strong></span> 
     </span>
    </p>
   </div>
   <div class='ocr_carea' id='block_1_2' title="bbox 1418 443 2288 510">
    <p class='ocr_par' dir='ltr' id='par_1_2' title="bbox 1418 443 2288 510">
     <span class='ocr_line' id='line_1_2' title="bbox 1418 443 2288 510; baseline 0.006 -6"><span class='ocrx_word' id='word_1_2' title='bbox 1418 443 1954 506; x_wconf 82' lang='lat' dir='ltr'><strong>EPISTOLARUM</strong></span> <span class='ocrx_word' id='word_1_3' title='bbox 1990 446 2139 508; x_wconf 86' lang='lat' dir='ltr'><strong>LIB.</strong></span> <span class='ocrx_word' id='word_1_4' title='bbox 2205 447 2288 510; x_wconf 92' lang='lat' dir='ltr'><strong>II.</strong></span> 
     </span>
    </p>
   </div>
   <div class='ocr_carea' id='block_1_3' title="bbox 3333 451 3469 514">
    <p class='ocr_par' dir='ltr' id='par_1_3' title="bbox 3333 451 3469 514">
     <span class='ocr_line' id='line_1_3' title="bbox 3333 451 3469 514; baseline 0.015 -2"><span class='ocrx_word' id='word_1_5' title='bbox 3333 451 3469 514; x_wconf 76' lang='lat'><strong>160?.</strong></span> 
     </span>
    </p>
   </div>
   <div class='ocr_carea' id='block_1_4' title="bbox 252 553 1799 635">
    <p class='ocr_par' dir='ltr' id='par_1_4' title="bbox 252 553 1799 632">
     <span class='ocr_line' id='line_1_4' title="bbox 252 553 1799 632; baseline 0.006 -25"><span class='ocrx_word' id='word_1_6' title='bbox 252 555 352 607; x_wconf 84' lang='grc' dir='ltr'>τῶν</span> <span class='ocrx_word' id='word_1_7' title='bbox 417 553 513 606; x_wconf 75' lang='grc' dir='ltr'>ἐπὶ</span> <span class='ocrx_word' id='word_1_8' title='bbox 561 555 737 626; x_wconf 84' lang='grc' dir='ltr'>τούτῳ</span> <span class='ocrx_word' id='word_1_9' title='bbox 785 555 892 610; x_wconf 79' lang='grc' dir='ltr'>ὑπὸ</span> <span class='ocrx_word' id='word_1_10' title='bbox 938 555 1075 612; x_wconf 86' lang='grc' dir='ltr'><strong>Θεοῦ</strong></span> <span class='ocrx_word' id='word_1_11' title='bbox 1129 561 1555 631; x_wconf 84' lang='grc' dir='ltr'><strong>προηγουμένως</strong></span> <span class='ocrx_word' id='word_1_12' title='bbox 1605 563 1799 632; x_wconf 87' lang='grc' dir='ltr'>κεκλη-</span> 
     </span>
    </p>
   </div>
   <div class='ocr_carea' id='block_1_5' title="bbox 1903 553 3469 635">
    <p class='ocr_par' dir='ltr' id='par_1_5' title="bbox 1906 562 3469 635">
     <span class='ocr_line' id='line_1_5' title="bbox 1906 562 3469 635; baseline 0.001 -17"><span class='ocrx_word' id='word_1_13' title='bbox 1906 574 1959 619; x_wconf 83' lang='lat' dir='ltr'><strong>et</strong></span> <span class='ocrx_word' id='word_1_14' title='bbox 2004 565 2319 635; x_wconf 86' lang='lat' dir='ltr'><strong>incorrupta</strong></span> <span class='ocrx_word' id='word_1_15' title='bbox 2376 562 2862 620; x_wconf 64' lang='lat' dir='ltr'><strong>Christianissimaa</strong></span> <span class='ocrx_word' id='word_1_16' title='bbox 2905 563 3186 633; x_wconf 79' lang='lat' dir='ltr'><strong>religionis</strong></span> <span class='ocrx_word' id='word_1_17' title='bbox 3265 575 3469 620; x_wconf 69' lang='lat' dir='ltr'><strong>nostrae</strong></span> 
     </span>
    </p>
   </div>
   <div class='ocr_carea' id='block_1_6' title="bbox 245 643 1786 722">
    <p class='ocr_par' dir='ltr' id='par_1_6' title="bbox 245 643 1786 722">
     <span class='ocr_line' id='line_1_6' title="bbox 245 643 1786 722; baseline 0.006 -25"><span class='ocrx_word' id='word_1_18' title='bbox 245 643 425 716; x_wconf 84' lang='grc' dir='ltr'>μένων.</span> <span class='ocrx_word' id='word_1_19' title='bbox 465 643 537 696; x_wconf 81' lang='grc' dir='ltr'><strong>Τὸ</strong></span> <span class='ocrx_word' id='word_1_20' title='bbox 591 644 649 697; x_wconf 77' lang='grc' dir='ltr'>δὲ</span> <span class='ocrx_word' id='word_1_21' title='bbox 703 645 855 714; x_wconf 81' lang='grc' dir='ltr'>ὑγιὲς</span> <span class='ocrx_word' id='word_1_22' title='bbox 904 647 1001 700; x_wconf 82' lang='grc' dir='ltr'><strong>καὶ</strong></span> <span class='ocrx_word' id='word_1_23' title='bbox 1039 646 1343 718; x_wconf 85' lang='grc' dir='ltr'><strong>ἀμώμητον</strong></span> <span class='ocrx_word' id='word_1_24' title='bbox 1388 650 1488 720; x_wconf 84' lang='grc' dir='ltr'>τῆς</span> <span class='ocrx_word' id='word_1_25' title='bbox 1520 652 1786 722; x_wconf 84' lang='grc' dir='ltr'>Χριστια-</span> 
     </span>
    </p>
   </div>
   <div class='ocr_carea' id='block_1_7' title="bbox 238 735 1784 810">
    <p class='ocr_par' dir='ltr' id='par_1_7' title="bbox 238 735 1784 810">
     <span class='ocr_line' id='line_1_7' title="bbox 238 735 1784 810; baseline 0.005 -22"><span class='ocrx_word' id='word_1_26' title='bbox 238 735 531 806; x_wconf 80' lang='grc' dir='ltr'>νικωτάτης</span> <span class='ocrx_word' id='word_1_27' title='bbox 557 735 717 804; x_wconf 81' lang='grc' dir='ltr'>ἡμῶν</span> <span class='ocrx_word' id='word_1_28' title='bbox 759 736 1055 808; x_wconf 80' lang='grc' dir='ltr'>θρησκείας</span> <span class='ocrx_word' id='word_1_29' title='bbox 1112 739 1366 810; x_wconf 86' lang='grc' dir='ltr'>φρόνημα</span> <span class='ocrx_word' id='word_1_30' title='bbox 1392 739 1576 793; x_wconf 83' lang='grc' dir='ltr'>ὁποῖόν</span> <span class='ocrx_word' id='word_1_31' title='bbox 1617 741 1784 807; x_wconf 75' lang='grc' dir='ltr'>ἐστιν,</span> 
     </span>
    </p>
   </div>
   <div class='ocr_carea' id='block_1_8' title="bbox 239 825 830 892">
    <p class='ocr_par' dir='ltr' id='par_1_8' title="bbox 239 825 830 892">
     <span class='ocr_line' id='line_1_8' title="bbox 239 825 830 892; baseline 0.002 -14"><span class='ocrx_word' id='word_1_32' title='bbox 239 827 520 892; x_wconf 85' lang='grc' dir='ltr'>ἀναγκαῖον</span> <span class='ocrx_word' id='word_1_33' title='bbox 554 825 830 880; x_wconf 72' lang='grc' dir='ltr'>ἐκθέσθαι.</span> 
     </span>
    </p>
   </div>
   <div class='ocr_carea' id='block_1_9' title="bbox 303 916 1789 993">
    <p class='ocr_par' dir='ltr' id='par_1_9' title="bbox 303 916 1789 993">
     <span class='ocr_line' id='line_1_9' title="bbox 303 916 1789 993; baseline 0.004 -25"><span class='ocrx_word' id='word_1_34' title='bbox 303 916 628 988; x_wconf 84' lang='grc' dir='ltr'>Πιστεύομεν</span> <span class='ocrx_word' id='word_1_35' title='bbox 689 919 768 982; x_wconf 87' lang='grc' dir='ltr'>είς</span> <span class='ocrx_word' id='word_1_36' title='bbox 824 917 919 971; x_wconf 69' lang='grc' dir='ltr'><strong>ἕνα</strong></span> <span class='ocrx_word' id='word_1_37' title='bbox 970 917 1122 983; x_wconf 82' lang='grc' dir='ltr'>Θεὸν,</span> <span class='ocrx_word' id='word_1_38' title='bbox 1163 921 1254 974; x_wconf 83' lang='grc' dir='ltr'><strong>τὸν</strong></span> <span class='ocrx_word' id='word_1_39' title='bbox 1283 923 1341 974; x_wconf 82' lang='grc' dir='ltr'><strong>ἐν</strong></span> <span class='ocrx_word' id='word_1_40' title='bbox 1371 922 1549 993; x_wconf 86' lang='grc' dir='ltr'>Πατρί</span> <span class='ocrx_word' id='word_1_41' title='bbox 1578 940 1661 987; x_wconf 87' lang='grc' dir='ltr'><strong>τε,</strong></span> <span class='ocrx_word' id='word_1_42' title='bbox 1694 923 1789 976; x_wconf 76' lang='grc' dir='ltr'><strong>καὶ</strong></span> 
     </span>
    </p>
   </div>
   <div class='ocr_carea' id='block_1_10' title="bbox 238 1005 1791 1080">
    <p class='ocr_par' dir='ltr' id='par_1_10' title="bbox 238 1005 1791 1080">
     <span class='ocr_line' id='line_1_10' title="bbox 238 1005 1791 1080; baseline 0.003 -22"><span class='ocrx_word' id='word_1_43' title='bbox 238 1005 361 1075; x_wconf 84' lang='grc' dir='ltr'>Υίῴ,</span> <span class='ocrx_word' id='word_1_44' title='bbox 396 1009 490 1060; x_wconf 74' lang='grc' dir='ltr'>καὶ</span> <span class='ocrx_word' id='word_1_45' title='bbox 549 1007 829 1077; x_wconf 86' lang='grc' dir='ltr'>Πνεύματι</span> <span class='ocrx_word' id='word_1_46' title='bbox 874 1008 1012 1078; x_wconf 84' lang='grc' dir='ltr'><strong>ἁγίῳ</strong></span> <span class='ocrx_word' id='word_1_47' title='bbox 1063 1010 1540 1080; x_wconf 86' lang='grc' dir='ltr'>προσκυνούμενόν</span> <span class='ocrx_word' id='word_1_48' title='bbox 1593 1028 1654 1064; x_wconf 86' lang='grc' dir='ltr'><strong>τε</strong></span> <span class='ocrx_word' id='word_1_49' title='bbox 1696 1011 1791 1064; x_wconf 76' lang='grc' dir='ltr'>καὶ</span> 
     </span>
    </p>
   </div>
   <div class='ocr_carea' id='block_1_11' title="bbox 237 1099 1786 1174">
    <p class='ocr_par' dir='ltr' id='par_1_11' title="bbox 237 1099 1786 1174">
     <span class='ocr_line' id='line_1_11' title="bbox 237 1099 1786 1174; baseline 0.003 -22"><span class='ocrx_word' id='word_1_50' title='bbox 237 1099 684 1168; x_wconf 76' lang='grc' dir='ltr'>συνδοξαζόμενον</span> <span class='ocrx_word' id='word_1_51' title='bbox 708 1117 723 1132; x_wconf 81' lang='grc' dir='ltr'><strong><em>ο</em></strong></span> <span class='ocrx_word' id='word_1_52' title='bbox 755 1100 854 1170; x_wconf 80' lang='grc' dir='ltr'>τὴν</span> <span class='ocrx_word' id='word_1_53' title='bbox 887 1100 1287 1172; x_wconf 72' lang='grc' dir='ltr'>πολυύμνητον,</span> <span class='ocrx_word' id='word_1_54' title='bbox 1322 1104 1662 1174; x_wconf 88' lang='grc' dir='ltr'>παντουργὸν</span> <span class='ocrx_word' id='word_1_55' title='bbox 1692 1105 1786 1158; x_wconf 77' lang='grc' dir='ltr'><strong>καὶ</strong></span> 
     </span>
    </p>
   </div>
   <div class='ocr_carea' id='block_1_12' title="bbox 237 1191 1790 1266">
    <p class='ocr_par' dir='ltr' id='par_1_12' title="bbox 237 1191 1790 1266">
     <span class='ocr_line' id='line_1_12' title="bbox 237 1191 1790 1266; baseline 0.003 -22"><span class='ocrx_word' id='word_1_56' title='bbox 237 1193 462 1262; x_wconf 71' lang='grc' dir='ltr'>ἀρχικήν</span> <span class='ocrx_word' id='word_1_57' title='bbox 489 1193 714 1263; x_wconf 84' lang='grc' dir='ltr'>Τριάδα,</span> <span class='ocrx_word' id='word_1_58' title='bbox 741 1195 882 1245; x_wconf 76' lang='grc' dir='ltr'>κατὰ</span> <span class='ocrx_word' id='word_1_59' title='bbox 900 1191 959 1244; x_wconf 82' lang='grc' dir='ltr'><strong>τὸ</strong></span> <span class='ocrx_word' id='word_1_60' title='bbox 988 1193 1092 1245; x_wconf 84' lang='grc' dir='ltr'><strong>ὑπὸ</strong></span> <span class='ocrx_word' id='word_1_61' title='bbox 1125 1193 1235 1247; x_wconf 87' lang='grc' dir='ltr'><strong>τῶν</strong></span> <span class='ocrx_word' id='word_1_62' title='bbox 1260 1195 1431 1262; x_wconf 82' lang='grc' dir='ltr'>ἁγίων</span> <span class='ocrx_word' id='word_1_63' title='bbox 1459 1196 1790 1266; x_wconf 83' lang='grc' dir='ltr'><strong>τριακοσίων</strong></span> 
     </span>
    </p>
   </div>
   <div class='ocr_carea' id='block_1_13' title="bbox 235 1279 1792 1354">
    <p class='ocr_par' dir='ltr' id='par_1_13' title="bbox 235 1279 1792 1354">
     <span class='ocr_line' id='line_1_13' title="bbox 235 1279 1792 1354; baseline 0.001 -20"><span class='ocrx_word' id='word_1_64' title='bbox 235 1281 360 1334; x_wconf 82' lang='grc' dir='ltr'><strong>δέκα</strong></span> <span class='ocrx_word' id='word_1_65' title='bbox 394 1283 490 1334; x_wconf 75' lang='grc' dir='ltr'><strong>καὶ</strong></span> <span class='ocrx_word' id='word_1_66' title='bbox 523 1279 663 1333; x_wconf 84' lang='grc' dir='ltr'><strong>ὀκτὼ</strong></span> <span class='ocrx_word' id='word_1_67' title='bbox 693 1281 946 1350; x_wconf 87' lang='grc' dir='ltr'>Πατέρων</span> <span class='ocrx_word' id='word_1_68' title='bbox 993 1282 1295 1354; x_wconf 81' lang='grc' dir='ltr'>παραδοθὲν</span> <span class='ocrx_word' id='word_1_69' title='bbox 1353 1285 1484 1354; x_wconf 77' lang='grc' dir='ltr'>ἡμῖν</span> <span class='ocrx_word' id='word_1_70' title='bbox 1529 1283 1792 1338; x_wconf 83' lang='grc' dir='ltr'>θεόπνευ-</span> 
     </span>
    </p>
   </div>
   <div class='ocr_carea' id='block_1_14' title="bbox 238 1367 1789 1445">
    <p class='ocr_par' dir='ltr' id='par_1_14' title="bbox 238 1367 1789 1445">
     <span class='ocr_line' id='line_1_14' title="bbox 238 1367 1789 1445; baseline 0.004 -21"><span class='ocrx_word' id='word_1_71' title='bbox 238 1388 351 1424; x_wconf 89' lang='grc' dir='ltr'>στον</span> <span class='ocrx_word' id='word_1_72' title='bbox 408 1373 676 1442; x_wconf 78' lang='grc' dir='ltr'>σύμϐολον</span> <span class='ocrx_word' id='word_1_73' title='bbox 705 1391 719 1404; x_wconf 73' lang='grc' dir='ltr'><strong>ο</strong></span> <span class='ocrx_word' id='word_1_74' title='bbox 751 1372 817 1426; x_wconf 83' lang='grc' dir='ltr'>δι’</span> <span class='ocrx_word' id='word_1_75' title='bbox 847 1367 908 1426; x_wconf 74' lang='grc' dir='ltr'>οὗ</span> <span class='ocrx_word' id='word_1_76' title='bbox 937 1376 1089 1427; x_wconf 81' lang='grc' dir='ltr'>πᾶσα</span> <span class='ocrx_word' id='word_1_77' title='bbox 1130 1375 1341 1444; x_wconf 75' lang='grc' dir='ltr'>αἵρεσις</span> <span class='ocrx_word' id='word_1_78' title='bbox 1367 1378 1789 1445; x_wconf 80' lang='grc' dir='ltr'>έκκέκρουσται,</span> 
     </span>
    </p>
   </div>
   <div class='ocr_carea' id='block_1_15' title="bbox 238 1457 1792 1538">
    <p class='ocr_par' dir='ltr' id='par_1_15' title="bbox 238 1457 1792 1538">
     <span class='ocr_line' id='line_1_15' title="bbox 238 1457 1792 1538; baseline 0.004 -24"><span class='ocrx_word' id='word_1_79' title='bbox 238 1464 324 1515; x_wconf 77' lang='grc' dir='ltr'><strong>καὶ</strong></span> <span class='ocrx_word' id='word_1_80' title='bbox 349 1464 480 1533; x_wconf 86' lang='grc' dir='ltr'>παρ’</span> <span class='ocrx_word' id='word_1_81' title='bbox 508 1457 570 1516; x_wconf 76' lang='grc' dir='ltr'>οὗ</span> <span class='ocrx_word' id='word_1_82' title='bbox 623 1464 773 1516; x_wconf 83' lang='grc' dir='ltr'>πᾶσα</span> <span class='ocrx_word' id='word_1_83' title='bbox 818 1464 948 1532; x_wconf 89' lang='grc' dir='ltr'>ἀγία</span> <span class='ocrx_word' id='word_1_84' title='bbox 999 1465 1217 1527; x_wconf 82' lang='grc' dir='ltr'>σύνοδος</span> <span class='ocrx_word' id='word_1_85' title='bbox 1265 1467 1538 1536; x_wconf 68' lang='grc' dir='ltr'>ἢρτηται,</span> <span class='ocrx_word' id='word_1_86' title='bbox 1591 1463 1792 1538; x_wconf 84' lang='grc' dir='ltr'>οἷάπερ</span> 
     </span>
    </p>
   </div>
   <div class='ocr_carea' id='block_1_16' title="bbox 234 1553 1792 1642">
    <p class='ocr_par' dir='ltr' id='par_1_16' title="bbox 234 1553 1792 1642">
     <span class='ocr_line' id='line_1_16' title="bbox 234 1553 1792 1642; baseline 0.004 -38"><span class='ocrx_word' id='word_1_87' title='bbox 234 1553 335 1606; x_wconf 84' lang='grc' dir='ltr'><strong>ἀπὸ</strong></span> <span class='ocrx_word' id='word_1_88' title='bbox 379 1555 538 1624; x_wconf 80' lang='grc' dir='ltr'><strong>ῥίζης</strong></span> <span class='ocrx_word' id='word_1_89' title='bbox 590 1555 796 1642; x_wconf 78' lang='grc' dir='ltr'>κλάδοι,</span> <span class='ocrx_word' id='word_1_90' title='bbox 836 1558 930 1610; x_wconf 64' lang='grc' dir='ltr'><strong>καὶ¹</strong></span> <span class='ocrx_word' id='word_1_91' title='bbox 981 1558 1162 1629; x_wconf 80' lang='grc' dir='ltr'>πηγῆς</span> <span class='ocrx_word' id='word_1_92' title='bbox 1213 1557 1466 1627; x_wconf 85' lang='grc' dir='ltr'>ποταμοί.</span> <span class='ocrx_word' id='word_1_93' title='bbox 1510 1557 1792 1612; x_wconf 83' lang='grc' dir='ltr'><strong>Ἐντεῦθεν</strong></span> 
     </span>
    </p>
   </div>
   <div class='ocr_carea' id='block_1_17' title="bbox 235 1647 1792 1722">
    <p class='ocr_par' dir='ltr' id='par_1_17' title="bbox 235 1647 1792 1722">
     <span class='ocr_line' id='line_1_17' title="bbox 235 1647 1792 1722; baseline 0.003 -23"><span class='ocrx_word' id='word_1_94' title='bbox 235 1647 396 1716; x_wconf 82' lang='grc' dir='ltr'>γάρὴ</span> <span class='ocrx_word' id='word_1_95' title='bbox 443 1648 667 1718; x_wconf 83' lang='grc' dir='ltr'>δευτέρα</span> <span class='ocrx_word' id='word_1_96' title='bbox 724 1650 822 1720; x_wconf 84' lang='grc' dir='ltr'>τὴν</span> <span class='ocrx_word' id='word_1_97' title='bbox 860 1651 1054 1722; x_wconf 87' lang='grc' dir='ltr'>κυρίαν</span> <span class='ocrx_word' id='word_1_98' title='bbox 1118 1651 1300 1722; x_wconf 78' lang='grc' dir='ltr'>φωνὴν</span> <span class='ocrx_word' id='word_1_99' title='bbox 1332 1651 1425 1704; x_wconf 89' lang='grc' dir='ltr'><strong>τοῦ</strong></span> <span class='ocrx_word' id='word_1_100' title='bbox 1475 1652 1792 1720; x_wconf 83' lang='grc' dir='ltr'>Πνεύματος</span> 
     </span>
    </p>
   </div>
   <div class='ocr_carea' id='block_1_18' title="bbox 236 1738 1791 1813">
    <p class='ocr_par' dir='ltr' id='par_1_18' title="bbox 236 1738 1791 1813">
     <span class='ocr_line' id='line_1_18' title="bbox 236 1738 1791 1813; baseline 0.006 -25"><span class='ocrx_word' id='word_1_101' title='bbox 236 1739 558 1808; x_wconf 76' lang='grc' dir='ltr'>ὲτράνωσεν.</span> <span class='ocrx_word' id='word_1_102' title='bbox 589 1738 722 1794; x_wconf 73' lang='grc' dir='ltr'><strong>Εἶτα</strong></span> <span class='ocrx_word' id='word_1_103' title='bbox 755 1743 787 1813; x_wconf 78' lang='grc' dir='ltr'><strong>ἡ</strong></span> <span class='ocrx_word' id='word_1_104' title='bbox 824 1742 984 1813; x_wconf 83' lang='grc' dir='ltr'>τρίτη</span> <span class='ocrx_word' id='word_1_105' title='bbox 1010 1744 1109 1813; x_wconf 81' lang='grc' dir='ltr'>τὴν</span> <span class='ocrx_word' id='word_1_106' title='bbox 1141 1744 1300 1810; x_wconf 84' lang='grc' dir='ltr'>ἁγίαν</span> <span class='ocrx_word' id='word_1_107' title='bbox 1329 1743 1547 1813; x_wconf 78' lang='grc' dir='ltr'>Μαρίαν</span> <span class='ocrx_word' id='word_1_108' title='bbox 1592 1744 1791 1797; x_wconf 78' lang='grc' dir='ltr'>Θεοτόο</span> 
     </span>
    </p>
   </div>
   <div class='ocr_carea' id='block_1_19' title="bbox 236 1830 1792 1904">
    <p class='ocr_par' dir='ltr' id='par_1_19' title="bbox 236 1830 1792 1904">
     <span class='ocr_line' id='line_1_19' title="bbox 236 1830 1792 1904; baseline 0.004 -24"><span class='ocrx_word' id='word_1_109' title='bbox 236 1844 346 1894; x_wconf 84' lang='grc' dir='ltr'>κον,</span> <span class='ocrx_word' id='word_1_110' title='bbox 376 1830 455 1893; x_wconf 86' lang='grc' dir='ltr'>ὡς</span> <span class='ocrx_word' id='word_1_111' title='bbox 485 1832 646 1885; x_wconf 78' lang='grc' dir='ltr'>αὑτὸν</span> <span class='ocrx_word' id='word_1_112' title='bbox 674 1833 764 1886; x_wconf 85' lang='grc' dir='ltr'>τὸν</span> <span class='ocrx_word' id='word_1_113' title='bbox 790 1835 1051 1904; x_wconf 84' lang='grc' dir='ltr'>μονογενῆ</span> <span class='ocrx_word' id='word_1_114' title='bbox 1086 1834 1230 1887; x_wconf 68' lang='grc' dir='ltr'>Υἱδνν</span> <span class='ocrx_word' id='word_1_115' title='bbox 1258 1834 1352 1886; x_wconf 89' lang='grc' dir='ltr'><strong>τοῦ</strong></span> <span class='ocrx_word' id='word_1_116' title='bbox 1383 1833 1518 1887; x_wconf 89' lang='grc' dir='ltr'>Θεοῦ</span> <span class='ocrx_word' id='word_1_117' title='bbox 1547 1835 1792 1903; x_wconf 87' lang='grc' dir='ltr'>ἀποκυή-</span> 
     </span>
    </p>
   </div>
   <div class='ocr_carea' id='block_1_20' title="bbox 1891 655 3248 728">
    <p class='ocr_par' dir='ltr' id='par_1_20' title="bbox 1891 655 3248 728">
     <span class='ocr_line' id='line_1_20' title="bbox 1891 655 3248 728; baseline -0.001 -16"><span class='ocrx_word' id='word_1_118' title='bbox 1891 658 2159 712; x_wconf 91' lang='lat' dir='ltr'><strong>sententia</strong></span> <span class='ocrx_word' id='word_1_119' title='bbox 2189 656 2366 728; x_wconf 88' lang='lat' dir='ltr'><strong>qualis</strong></span> <span class='ocrx_word' id='word_1_120' title='bbox 2389 659 2480 724; x_wconf 89' lang='lat' dir='ltr'><strong>sit,</strong></span> <span class='ocrx_word' id='word_1_121' title='bbox 2506 671 2731 712; x_wconf 88' lang='lat' dir='ltr'><strong>necesse</strong></span> <span class='ocrx_word' id='word_1_122' title='bbox 2760 656 3000 710; x_wconf 88' lang='lat' dir='ltr'><strong>arbitror</strong></span> <span class='ocrx_word' id='word_1_123' title='bbox 3025 655 3248 726; x_wconf 82' lang='lat' dir='ltr'><strong>exponi.</strong></span> 
     </span>
    </p>
   </div>
   <div class='ocr_carea' id='block_1_21' title="bbox 1960 921 3464 991">
    <p class='ocr_par' dir='ltr' id='par_1_21' title="bbox 1960 921 3464 991">
     <span class='ocr_line' id='line_1_21' title="bbox 1960 921 3464 991; baseline -0.005 -10"><span class='ocrx_word' id='word_1_124' title='bbox 1960 925 2248 982; x_wconf 86' lang='lat' dir='ltr'><strong>Credimus</strong></span> <span class='ocrx_word' id='word_1_125' title='bbox 2273 925 2328 979; x_wconf 90' lang='lat' dir='ltr'><strong>in</strong></span> <span class='ocrx_word' id='word_1_126' title='bbox 2358 939 2526 978; x_wconf 91' lang='lat' dir='ltr'><strong>unum</strong></span> <span class='ocrx_word' id='word_1_127' title='bbox 2568 922 2761 987; x_wconf 91' lang='lat' dir='ltr'><strong>Deum,</strong></span> <span class='ocrx_word' id='word_1_128' title='bbox 2800 921 2892 991; x_wconf 92' lang='lat' dir='ltr'><strong>qui</strong></span> <span class='ocrx_word' id='word_1_129' title='bbox 2925 921 2980 975; x_wconf 92' lang='lat' dir='ltr'><strong>in</strong></span> <span class='ocrx_word' id='word_1_130' title='bbox 3010 923 3190 987; x_wconf 86' lang='lat' dir='ltr'><strong>Patre,</strong></span> <span class='ocrx_word' id='word_1_131' title='bbox 3221 932 3275 977; x_wconf 89' lang='lat' dir='ltr'><strong>et</strong></span> <span class='ocrx_word' id='word_1_132' title='bbox 3303 921 3464 989; x_wconf 81' lang='lat' dir='ltr'><strong>Filio,</strong></span> 
     </span>
    </p>
   </div>
   <div class='ocr_carea' id='block_1_22' title="bbox 1890 1011 3469 1088">
    <p class='ocr_par' dir='ltr' id='par_1_22' title="bbox 1890 1011 3469 1088">
     <span class='ocr_line' id='line_1_22' title="bbox 1890 1011 3469 1088; baseline -0.004 -16"><span class='ocrx_word' id='word_1_133' title='bbox 1890 1027 1944 1073; x_wconf 90' lang='lat' dir='ltr'><strong>et</strong></span> <span class='ocrx_word' id='word_1_134' title='bbox 1971 1018 2176 1088; x_wconf 75' lang='lat' dir='ltr'><strong>Spiritu</strong></span> <span class='ocrx_word' id='word_1_135' title='bbox 2210 1027 2400 1072; x_wconf 89' lang='lat' dir='ltr'><strong>sancto</strong></span> <span class='ocrx_word' id='word_1_136' title='bbox 2441 1015 2700 1069; x_wconf 89' lang='lat' dir='ltr'><strong>adoratur</strong></span> <span class='ocrx_word' id='word_1_137' title='bbox 2728 1022 2782 1067; x_wconf 92' lang='lat' dir='ltr'><strong>et</strong></span> <span class='ocrx_word' id='word_1_138' title='bbox 2817 1011 3259 1082; x_wconf 78' lang='lat' dir='ltr'><strong>congloriﬁcatur</strong></span> <span class='ocrx_word' id='word_1_139' title='bbox 3293 1027 3306 1064; x_wconf 93' lang='lat'><strong>:</strong></span> <span class='ocrx_word' id='word_1_140' title='bbox 3344 1014 3469 1065; x_wconf 87' lang='lat' dir='ltr'><strong>lau-</strong></span> 
     </span>
    </p>
   </div>
   <div class='ocr_carea' id='block_1_23' title="bbox 1891 1101 3468 1174">
    <p class='ocr_par' dir='ltr' id='par_1_23' title="bbox 1891 1101 3468 1174">
     <span class='ocr_line' id='line_1_23' title="bbox 1891 1101 3468 1174; baseline -0.007 -9"><span class='ocrx_word' id='word_1_141' title='bbox 1891 1111 2229 1165; x_wconf 88' lang='lat' dir='ltr'><strong>datissimam</strong></span> <span class='ocrx_word' id='word_1_142' title='bbox 2279 1109 2522 1162; x_wconf 91' lang='lat' dir='ltr'><strong>omnium</strong></span> <span class='ocrx_word' id='word_1_143' title='bbox 2566 1106 2888 1160; x_wconf 64' lang='lat' dir='ltr'><strong>ell‘ectricem</strong></span> <span class='ocrx_word' id='word_1_144' title='bbox 2918 1115 2972 1159; x_wconf 89' lang='lat' dir='ltr'><strong>et</strong></span> <span class='ocrx_word' id='word_1_145' title='bbox 3000 1105 3296 1174; x_wconf 88' lang='lat' dir='ltr'><strong>principem</strong></span> <span class='ocrx_word' id='word_1_146' title='bbox 3343 1101 3468 1156; x_wconf 85' lang='lat' dir='ltr'><strong>Tri-</strong></span> 
     </span>
    </p>
   </div>
   <div class='ocr_carea' id='block_1_24' title="bbox 1893 1196 3459 1270">
    <p class='ocr_par' dir='ltr' id='par_1_24' title="bbox 1893 1196 3459 1270">
     <span class='ocr_line' id='line_1_24' title="bbox 1893 1196 3459 1270; baseline -0.006 -14"><span class='ocrx_word' id='word_1_147' title='bbox 1893 1205 2138 1264; x_wconf 84' lang='lat' dir='ltr'><strong>nitatem,</strong></span> <span class='ocrx_word' id='word_1_148' title='bbox 2161 1202 2316 1270; x_wconf 85' lang='lat' dir='ltr'><strong>juxta</strong></span> <span class='ocrx_word' id='word_1_149' title='bbox 2347 1201 2505 1254; x_wconf 91' lang='lat' dir='ltr'><strong>nobis</strong></span> <span class='ocrx_word' id='word_1_150' title='bbox 2529 1199 2786 1253; x_wconf 89' lang='lat' dir='ltr'><strong>traditum</strong></span> <span class='ocrx_word' id='word_1_151' title='bbox 2813 1212 2843 1250; x_wconf 90' lang='lat' dir='ltr'><strong>a</strong></span> <span class='ocrx_word' id='word_1_152' title='bbox 2877 1197 3134 1251; x_wconf 91' lang='lat' dir='ltr'><strong>trecentis</strong></span> <span class='ocrx_word' id='word_1_153' title='bbox 3155 1196 3459 1249; x_wconf 88' lang='lat' dir='ltr'><strong>octodecim</strong></span> 
     </span>
    </p>
   </div>
   <div class='ocr_carea' id='block_1_25' title="bbox 1892 1288 3462 1362">
    <p class='ocr_par' dir='ltr' id='par_1_25' title="bbox 1892 1288 3462 1362">
     <span class='ocr_line' id='line_1_25' title="bbox 1892 1288 3462 1362; baseline -0.006 -14"><span class='ocrx_word' id='word_1_154' title='bbox 1892 1295 2096 1348; x_wconf 87' lang='lat' dir='ltr'><strong>sanctis</strong></span> <span class='ocrx_word' id='word_1_155' title='bbox 2143 1291 2393 1347; x_wconf 88' lang='lat' dir='ltr'><strong>Patribus</strong></span> <span class='ocrx_word' id='word_1_156' title='bbox 2431 1291 2736 1362; x_wconf 87' lang='lat' dir='ltr'><strong>symbolum</strong></span> <span class='ocrx_word' id='word_1_157' title='bbox 2785 1289 3050 1345; x_wconf 89' lang='lat' dir='ltr'><strong>divinitus</strong></span> <span class='ocrx_word' id='word_1_158' title='bbox 3089 1288 3462 1357; x_wconf 90' lang='lat' dir='ltr'><strong>inspiratum:</strong></span> 
     </span>
    </p>
   </div>
   <div class='ocr_carea' id='block_1_26' title="bbox 1893 1379 3465 1456">
    <p class='ocr_par' dir='ltr' id='par_1_26' title="bbox 1893 1379 3465 1456">
     <span class='ocr_line' id='line_1_26' title="bbox 1893 1379 3465 1456; baseline -0.006 -16"><span class='ocrx_word' id='word_1_159' title='bbox 1893 1401 1989 1456; x_wconf 91' lang='lat' dir='ltr'><strong>per</strong></span> <span class='ocrx_word' id='word_1_160' title='bbox 2015 1387 2158 1455; x_wconf 90' lang='lat' dir='ltr'><strong>quod</strong></span> <span class='ocrx_word' id='word_1_161' title='bbox 2191 1385 2372 1438; x_wconf 89' lang='lat' dir='ltr'><strong>omnis</strong></span> <span class='ocrx_word' id='word_1_162' title='bbox 2399 1384 2624 1438; x_wconf 72' lang='lat' dir='ltr'><strong>haeresis</strong></span> <span class='ocrx_word' id='word_1_163' title='bbox 2642 1383 2863 1451; x_wconf 73' lang='lat' dir='ltr'><strong>explosa</strong></span> <span class='ocrx_word' id='word_1_164' title='bbox 2892 1389 2994 1443; x_wconf 91' lang='lat' dir='ltr'><strong>est,</strong></span> <span class='ocrx_word' id='word_1_165' title='bbox 3020 1389 3072 1434; x_wconf 88' lang='lat' dir='ltr'><strong>et</strong></span> <span class='ocrx_word' id='word_1_166' title='bbox 3099 1395 3128 1433; x_wconf 91' lang='lat' dir='ltr'><strong>a</strong></span> <span class='ocrx_word' id='word_1_167' title='bbox 3147 1394 3257 1449; x_wconf 92' lang='lat' dir='ltr'><strong>quo</strong></span> <span class='ocrx_word' id='word_1_168' title='bbox 3283 1379 3465 1432; x_wconf 89' lang='lat' dir='ltr'><strong>omnis</strong></span> 
     </span>
    </p>
   </div>
   <div class='ocr_carea' id='block_1_27' title="bbox 1895 1469 3468 1545">
    <p class='ocr_par' dir='ltr' id='par_1_27' title="bbox 1895 1469 3468 1545">
     <span class='ocr_line' id='line_1_27' title="bbox 1895 1469 3468 1545; baseline -0.006 -14"><span class='ocrx_word' id='word_1_169' title='bbox 1895 1485 2082 1531; x_wconf 86' lang='lat' dir='ltr'><strong>sancta</strong></span> <span class='ocrx_word' id='word_1_170' title='bbox 2114 1474 2353 1545; x_wconf 86' lang='lat' dir='ltr'><strong>synodus</strong></span> <span class='ocrx_word' id='word_1_171' title='bbox 2383 1473 2612 1542; x_wconf 88' lang='lat' dir='ltr'><strong>pendet,</strong></span> <span class='ocrx_word' id='word_1_172' title='bbox 2641 1483 2898 1540; x_wconf 86' lang='lat' dir='ltr'><strong>tanquam</strong></span> <span class='ocrx_word' id='word_1_173' title='bbox 2933 1469 3068 1524; x_wconf 91' lang='lat' dir='ltr'><strong>rami</strong></span> <span class='ocrx_word' id='word_1_174' title='bbox 3101 1485 3131 1523; x_wconf 89' lang='lat' dir='ltr'><strong>a</strong></span> <span class='ocrx_word' id='word_1_175' title='bbox 3169 1469 3373 1533; x_wconf 86' lang='lat' dir='ltr'><strong>radice,</strong></span> <span class='ocrx_word' id='word_1_176' title='bbox 3413 1476 3468 1521; x_wconf 91' lang='lat' dir='ltr'><strong>et</strong></span> 
     </span>
    </p>
   </div>
   <div class='ocr_carea' id='block_1_28' title="bbox 1895 1559 3466 1632">
    <p class='ocr_par' dir='ltr' id='par_1_28' title="bbox 1895 1559 3466 1632">
     <span class='ocr_line' id='line_1_28' title="bbox 1895 1559 3466 1632; baseline -0.007 -10"><span class='ocrx_word' id='word_1_177' title='bbox 1895 1583 1926 1622; x_wconf 90' lang='lat' dir='ltr'><strong>a</strong></span> <span class='ocrx_word' id='word_1_178' title='bbox 1963 1567 2110 1622; x_wconf 80' lang='lat' dir='ltr'><strong>fonte</strong></span> <span class='ocrx_word' id='word_1_179' title='bbox 2147 1566 2314 1620; x_wconf 83' lang='lat' dir='ltr'><strong>ﬂuvii.</strong></span> <span class='ocrx_word' id='word_1_180' title='bbox 2349 1564 2484 1619; x_wconf 88' lang='lat' dir='ltr'><strong>Hinc</strong></span> <span class='ocrx_word' id='word_1_181' title='bbox 2519 1564 2662 1618; x_wconf 88' lang='lat' dir='ltr'><strong>enim</strong></span> <span class='ocrx_word' id='word_1_182' title='bbox 2709 1564 2948 1618; x_wconf 88' lang='lat' dir='ltr'><strong>secunda</strong></span> <span class='ocrx_word' id='word_1_183' title='bbox 2982 1561 3261 1632; x_wconf 88' lang='lat' dir='ltr'><strong>propriam</strong></span> <span class='ocrx_word' id='word_1_184' title='bbox 3289 1559 3466 1628; x_wconf 89' lang='lat' dir='ltr'><strong>Spiri-</strong></span> 
     </span>
    </p>
   </div>
   <div class='ocr_carea' id='block_1_29' title="bbox 1897 1651 3466 1714">
    <p class='ocr_par' dir='ltr' id='par_1_29' title="bbox 1897 1651 3466 1714">
     <span class='ocr_line' id='line_1_29' title="bbox 1897 1651 3466 1714; baseline -0.008 1"><span class='ocrx_word' id='word_1_185' title='bbox 1897 1670 1983 1714; x_wconf 85' lang='lat' dir='ltr'><strong>tus</strong></span> <span class='ocrx_word' id='word_1_186' title='bbox 2033 1673 2214 1712; x_wconf 85' lang='lat' dir='ltr'><strong>vocem</strong></span> <span class='ocrx_word' id='word_1_187' title='bbox 2257 1657 2569 1711; x_wconf 84' lang='lat' dir='ltr'><strong>declaravit.</strong></span> <span class='ocrx_word' id='word_1_188' title='bbox 2605 1654 2736 1708; x_wconf 88' lang='lat' dir='ltr'><strong>Dein</strong></span> <span class='ocrx_word' id='word_1_189' title='bbox 2760 1655 2917 1708; x_wconf 89' lang='lat' dir='ltr'><strong>tertia</strong></span> <span class='ocrx_word' id='word_1_190' title='bbox 2965 1663 3210 1708; x_wconf 85' lang='lat' dir='ltr'><strong>sanctam</strong></span> <span class='ocrx_word' id='word_1_191' title='bbox 3242 1651 3466 1704; x_wconf 84' lang='lat' dir='ltr'><strong>Mariam</strong></span> 
     </span>
    </p>
   </div>
   <div class='ocr_carea' id='block_1_30' title="bbox 1897 1741 3465 1820">
    <p class='ocr_par' dir='ltr' id='par_1_30' title="bbox 1897 1741 3465 1820">
     <span class='ocr_line' id='line_1_30' title="bbox 1897 1741 3465 1820; baseline -0.007 -15"><span class='ocrx_word' id='word_1_192' title='bbox 1897 1751 2206 1820; x_wconf 88' lang='lat' dir='ltr'><strong>Deiparam,</strong></span> <span class='ocrx_word' id='word_1_193' title='bbox 2279 1758 2341 1803; x_wconf 94' lang='lat' dir='ltr'><strong>ut</strong></span> <span class='ocrx_word' id='word_1_194' title='bbox 2394 1763 2514 1816; x_wconf 68' lang='lat' dir='ltr'><strong>quae</strong></span> <span class='ocrx_word' id='word_1_195' title='bbox 2567 1747 2742 1815; x_wconf 92' lang='lat' dir='ltr'><strong>ipsum</strong></span> <span class='ocrx_word' id='word_1_196' title='bbox 2777 1745 3116 1814; x_wconf 81' lang='lat' dir='ltr'><strong>unigenitum</strong></span> <span class='ocrx_word' id='word_1_197' title='bbox 3143 1743 3234 1798; x_wconf 88' lang='lat' dir='ltr'><strong>Dei</strong></span> <span class='ocrx_word' id='word_1_198' title='bbox 3268 1741 3465 1797; x_wconf 85' lang='lat' dir='ltr'><strong>Filium</strong></span> 
     </span>
    </p>
   </div>
   <div class='ocr_carea' id='block_1_31' title="bbox 1898 1833 3470 1907">
    <p class='ocr_par' dir='ltr' id='par_1_31' title="bbox 1898 1833 3470 1907">
     <span class='ocr_line' id='line_1_31' title="bbox 1898 1833 3470 1907; baseline -0.007 -13"><span class='ocrx_word' id='word_1_199' title='bbox 1898 1841 2056 1895; x_wconf 79' lang='lat' dir='ltr'><strong>enixa</strong></span> <span class='ocrx_word' id='word_1_200' title='bbox 2081 1847 2248 1902; x_wconf 88' lang='lat' dir='ltr'><strong>esset,</strong></span> <span class='ocrx_word' id='word_1_201' title='bbox 2275 1837 2662 1907; x_wconf 86' lang='lat' dir='ltr'><strong>pronuntiavit.</strong></span> <span class='ocrx_word' id='word_1_202' title='bbox 2693 1834 2831 1889; x_wconf 91' lang='lat' dir='ltr'><strong>Tum</strong></span> <span class='ocrx_word' id='word_1_203' title='bbox 2859 1843 3052 1904; x_wconf 89' lang='lat' dir='ltr'><strong>quarta</strong></span> <span class='ocrx_word' id='word_1_204' title='bbox 3084 1849 3149 1887; x_wconf 84' lang='lat' dir='ltr'><strong>ex</strong></span> <span class='ocrx_word' id='word_1_205' title='bbox 3173 1833 3385 1886; x_wconf 82' lang='lat' dir='ltr'><strong>duabus</strong></span> <span class='ocrx_word' id='word_1_206' title='bbox 3415 1838 3470 1884; x_wconf 87' lang='lat' dir='ltr'><strong>et</strong></span> 
     </span>
    </p>
   </div>
   <div class='ocr_carea' id='block_1_32' title="bbox 236 1917 1799 1997">
    <p class='ocr_par' dir='ltr' id='par_1_32' title="bbox 236 1923 1794 1997">
     <span class='ocr_line' id='line_1_32' title="bbox 236 1923 1794 1997; baseline 0.004 -26"><span class='ocrx_word' id='word_1_207' title='bbox 236 1935 423 1984; x_wconf 77' lang='grc' dir='ltr'>σασαν,</span> <span class='ocrx_word' id='word_1_208' title='bbox 474 1923 759 1992; x_wconf 78' lang='grc' dir='ltr'>ἐκήρυξεν.</span> <span class='ocrx_word' id='word_1_209' title='bbox 789 1926 1018 1979; x_wconf 86' lang='grc' dir='ltr'>Ἔπειτα</span> <span class='ocrx_word' id='word_1_210' title='bbox 1044 1927 1075 1997; x_wconf 80' lang='grc' dir='ltr'>ἡ</span> <span class='ocrx_word' id='word_1_211' title='bbox 1103 1928 1336 1996; x_wconf 83' lang='grc' dir='ltr'><strong>τετάρτη</strong></span> <span class='ocrx_word' id='word_1_212' title='bbox 1374 1927 1438 1978; x_wconf 83' lang='grc' dir='ltr'><strong>ὲκ</strong></span> <span class='ocrx_word' id='word_1_213' title='bbox 1475 1925 1568 1978; x_wconf 81' lang='grc' dir='ltr'><strong>δύο</strong></span> <span class='ocrx_word' id='word_1_214' title='bbox 1610 1927 1702 1979; x_wconf 69' lang='grc' dir='ltr'><strong>καὶ</strong></span> <span class='ocrx_word' id='word_1_215' title='bbox 1736 1927 1794 1977; x_wconf 82' lang='grc' dir='ltr'><strong>ἐν</strong></span> 
     </span>
    </p>
   </div>
   <div class='ocr_carea' id='block_1_33' title="bbox 1903 1917 3466 1997">
    <p class='ocr_par' dir='ltr' id='par_1_33' title="bbox 1903 1923 3466 1996">
     <span class='ocr_line' id='line_1_33' title="bbox 1903 1923 3466 1996; baseline -0.007 -11"><span class='ocrx_word' id='word_1_216' title='bbox 1903 1931 1950 1985; x_wconf 89' lang='lat' dir='ltr'><strong>in</strong></span> <span class='ocrx_word' id='word_1_217' title='bbox 1991 1930 2203 1984; x_wconf 90' lang='lat' dir='ltr'><strong>duabus</strong></span> <span class='ocrx_word' id='word_1_218' title='bbox 2257 1929 2467 1982; x_wconf 80' lang='lat' dir='ltr'><strong>naturis</strong></span> <span class='ocrx_word' id='word_1_219' title='bbox 2498 1926 2828 1996; x_wconf 83' lang='lat' dir='ltr'><strong>singularem</strong></span> <span class='ocrx_word' id='word_1_220' title='bbox 2873 1923 3173 1978; x_wconf 88' lang='lat' dir='ltr'><strong>secundum</strong></span> <span class='ocrx_word' id='word_1_221' title='bbox 3203 1923 3466 1991; x_wconf 76' lang='lat' dir='ltr'><strong>hyposta—</strong></span> 
     </span>
    </p>
   </div>
   <div class='ocr_carea' id='block_1_34' title="bbox 233 2012 1796 2088">
    <p class='ocr_par' dir='ltr' id='par_1_34' title="bbox 233 2012 1796 2088">
     <span class='ocr_line' id='line_1_34' title="bbox 233 2012 1796 2088; baseline 0.004 -23"><span class='ocrx_word' id='word_1_222' title='bbox 233 2012 351 2066; x_wconf 72' lang='grc' dir='ltr'>δυσὶ</span> <span class='ocrx_word' id='word_1_223' title='bbox 381 2014 577 2082; x_wconf 84' lang='grc' dir='ltr'><strong>φύσεσι</strong></span> <span class='ocrx_word' id='word_1_224' title='bbox 603 2016 726 2070; x_wconf 85' lang='grc' dir='ltr'>καθ’</span> <span class='ocrx_word' id='word_1_225' title='bbox 756 2017 1050 2070; x_wconf 76' lang='grc' dir='ltr'>ὑπόστασιν</span> <span class='ocrx_word' id='word_1_226' title='bbox 1079 2018 1263 2087; x_wconf 80' lang='grc' dir='ltr'>ἑνικὴν</span> <span class='ocrx_word' id='word_1_227' title='bbox 1287 2017 1378 2070; x_wconf 83' lang='grc' dir='ltr'><strong>τὸν</strong></span> <span class='ocrx_word' id='word_1_228' title='bbox 1409 2017 1612 2088; x_wconf 80' lang='grc' dir='ltr'>Κύριον</span> <span class='ocrx_word' id='word_1_229' title='bbox 1637 2018 1796 2088; x_wconf 82' lang='grc' dir='ltr'><strong>ἡμῶν</strong></span> 
     </span>
    </p>
   </div>
   <div class='ocr_carea' id='block_1_35' title="bbox 245 2104 1796 2179">
    <p class='ocr_par' dir='ltr' id='par_1_35' title="bbox 245 2104 1796 2179">
     <span class='ocr_line' id='line_1_35' title="bbox 245 2104 1796 2179; baseline 0.003 -22"><span class='ocrx_word' id='word_1_230' title='bbox 245 2105 450 2174; x_wconf 84' lang='grc' dir='ltr'>Ἰησοῦν</span> <span class='ocrx_word' id='word_1_231' title='bbox 511 2108 745 2176; x_wconf 84' lang='grc' dir='ltr'>Χριστὸν</span> <span class='ocrx_word' id='word_1_232' title='bbox 809 2108 1184 2176; x_wconf 73' lang='grc' dir='ltr'>ἐδογμάτισεν.</span> <span class='ocrx_word' id='word_1_233' title='bbox 1217 2104 1348 2162; x_wconf 80' lang='grc' dir='ltr'><strong>Εἶτα</strong></span> <span class='ocrx_word' id='word_1_234' title='bbox 1375 2110 1409 2179; x_wconf 75' lang='grc' dir='ltr'><strong>ἡ</strong></span> <span class='ocrx_word' id='word_1_235' title='bbox 1445 2109 1669 2178; x_wconf 84' lang='grc' dir='ltr'><strong>πέμπτη</strong></span> <span class='ocrx_word' id='word_1_236' title='bbox 1698 2107 1796 2177; x_wconf 79' lang='grc' dir='ltr'>τὴν</span> 
     </span>
    </p>
   </div>
   <div class='ocr_carea' id='block_1_36' title="bbox 233 2198 1796 2271">
    <p class='ocr_par' dir='ltr' id='par_1_36' title="bbox 233 2198 1796 2271">
     <span class='ocr_line' id='line_1_36' title="bbox 233 2198 1796 2271; baseline 0.004 -23"><span class='ocrx_word' id='word_1_237' title='bbox 233 2198 336 2266; x_wconf 84' lang='grc' dir='ltr'>πρὸ</span> <span class='ocrx_word' id='word_1_238' title='bbox 375 2199 545 2268; x_wconf 83' lang='grc' dir='ltr'>αὐτῆς</span> <span class='ocrx_word' id='word_1_239' title='bbox 589 2201 1050 2269; x_wconf 80' lang='grc' dir='ltr'>ὲπισφραγίσασα,</span> <span class='ocrx_word' id='word_1_240' title='bbox 1102 2200 1383 2271; x_wconf 87' lang='grc' dir='ltr'>Ὦριγένην</span> <span class='ocrx_word' id='word_1_241' title='bbox 1428 2218 1488 2254; x_wconf 84' lang='grc' dir='ltr'><strong>τε</strong></span> <span class='ocrx_word' id='word_1_242' title='bbox 1533 2201 1625 2254; x_wconf 80' lang='grc' dir='ltr'><strong>καὶ</strong></span> <span class='ocrx_word' id='word_1_243' title='bbox 1671 2201 1796 2264; x_wconf 85' lang='grc' dir='ltr'>τοὺς</span> 
     </span>
    </p>
   </div>
   <div class='ocr_carea' id='block_1_37' title="bbox 233 2289 1797 2363">
    <p class='ocr_par' dir='ltr' id='par_1_37' title="bbox 233 2289 1797 2363">
     <span class='ocr_line' id='line_1_37' title="bbox 233 2289 1797 2363; baseline 0.004 -23"><span class='ocrx_word' id='word_1_244' title='bbox 233 2289 368 2358; x_wconf 87' lang='grc' dir='ltr'>ἀμφ’</span> <span class='ocrx_word' id='word_1_245' title='bbox 401 2292 562 2344; x_wconf 82' lang='grc' dir='ltr'>αὑτὸν</span> <span class='ocrx_word' id='word_1_246' title='bbox 609 2291 1065 2362; x_wconf 83' lang='grc' dir='ltr'>Προῦπαρκτίτας</span> <span class='ocrx_word' id='word_1_247' title='bbox 1112 2293 1527 2363; x_wconf 79' lang='grc' dir='ltr'>ἀνεθεμάτισεν.</span> <span class='ocrx_word' id='word_1_248' title='bbox 1562 2291 1797 2346; x_wconf 83' lang='grc' dir='ltr'>Ἔπειτα</span> 
     </span>
    </p>
   </div>
   <div class='ocr_carea' id='block_1_38' title="bbox 231 2381 1798 2454">
    <p class='ocr_par' dir='ltr' id='par_1_38' title="bbox 231 2381 1798 2454">
     <span class='ocr_line' id='line_1_38' title="bbox 231 2381 1798 2454; baseline 0 -19"><span class='ocrx_word' id='word_1_249' title='bbox 231 2383 261 2451; x_wconf 79' lang='grc' dir='ltr'>ἡ</span> <span class='ocrx_word' id='word_1_250' title='bbox 295 2383 430 2454; x_wconf 72' lang='grc' dir='ltr'>ἕκτη</span> <span class='ocrx_word' id='word_1_251' title='bbox 461 2383 769 2447; x_wconf 78' lang='grc' dir='ltr'><strong>ἀκολούθως</strong></span> <span class='ocrx_word' id='word_1_252' title='bbox 801 2387 918 2447; x_wconf 82' lang='grc' dir='ltr'>ταῖς</span> <span class='ocrx_word' id='word_1_253' title='bbox 942 2384 1062 2436; x_wconf 77' lang='grc' dir='ltr'>δυσὶ</span> <span class='ocrx_word' id='word_1_254' title='bbox 1110 2384 1344 2452; x_wconf 83' lang='grc' dir='ltr'>φύσεσι,</span> <span class='ocrx_word' id='word_1_255' title='bbox 1371 2385 1463 2438; x_wconf 91' lang='grc' dir='ltr'><strong>δύο</strong></span> <span class='ocrx_word' id='word_1_256' title='bbox 1518 2381 1798 2453; x_wconf 83' lang='grc' dir='ltr'>θελήματά</span> 
     </span>
    </p>
   </div>
   <div class='ocr_carea' id='block_1_39' title="bbox 229 2472 1792 2546">
    <p class='ocr_par' dir='ltr' id='par_1_39' title="bbox 229 2472 1792 2546">
     <span class='ocr_line' id='line_1_39' title="bbox 229 2472 1792 2546; baseline 0.001 -21"><span class='ocrx_word' id='word_1_257' title='bbox 229 2490 288 2526; x_wconf 87' lang='grc' dir='ltr'><strong>τε</strong></span> <span class='ocrx_word' id='word_1_258' title='bbox 334 2476 434 2528; x_wconf 71' lang='grc' dir='ltr'>καὶ</span> <span class='ocrx_word' id='word_1_259' title='bbox 479 2476 758 2546; x_wconf 76' lang='grc' dir='ltr'>ἐνεργείας</span> <span class='ocrx_word' id='word_1_260' title='bbox 792 2477 883 2527; x_wconf 77' lang='grc' dir='ltr'>ἐπὶ</span> <span class='ocrx_word' id='word_1_261' title='bbox 933 2475 1024 2527; x_wconf 86' lang='grc' dir='ltr'><strong>τοῦ</strong></span> <span class='ocrx_word' id='word_1_262' title='bbox 1065 2475 1182 2538; x_wconf 80' lang='grc' dir='ltr'>ἐνὸς</span> <span class='ocrx_word' id='word_1_263' title='bbox 1210 2474 1446 2544; x_wconf 87' lang='grc' dir='ltr'>Χριστοῦ</span> <span class='ocrx_word' id='word_1_264' title='bbox 1477 2472 1792 2540; x_wconf 79' lang='grc' dir='ltr'>ὲξεδίδαξεν.</span> 
     </span>
    </p>
   </div>
   <div class='ocr_carea' id='block_1_40' title="bbox 231 2561 1794 2638">
    <p class='ocr_par' dir='ltr' id='par_1_40' title="bbox 231 2561 1794 2638">
     <span class='ocr_line' id='line_1_40' title="bbox 231 2561 1794 2638; baseline 0.001 -21"><span class='ocrx_word' id='word_1_265' title='bbox 231 2561 343 2618; x_wconf 78' lang='grc' dir='ltr'><strong>Εἴθ’</strong></span> <span class='ocrx_word' id='word_1_266' title='bbox 388 2567 618 2638; x_wconf 81' lang='grc' dir='ltr'>ὕστερον</span> <span class='ocrx_word' id='word_1_267' title='bbox 668 2567 700 2636; x_wconf 88' lang='grc' dir='ltr'><strong>ή</strong></span> <span class='ocrx_word' id='word_1_268' title='bbox 734 2565 958 2637; x_wconf 74' lang='grc' dir='ltr'>ἑὸδόμη,</span> <span class='ocrx_word' id='word_1_269' title='bbox 999 2567 1278 2635; x_wconf 81' lang='grc' dir='ltr'>ἑπομένως</span> <span class='ocrx_word' id='word_1_270' title='bbox 1320 2569 1440 2629; x_wconf 83' lang='grc' dir='ltr'>ταῖς</span> <span class='ocrx_word' id='word_1_271' title='bbox 1469 2566 1574 2636; x_wconf 77' lang='grc' dir='ltr'>πρὸ</span> <span class='ocrx_word' id='word_1_272' title='bbox 1601 2566 1794 2634; x_wconf 82' lang='grc' dir='ltr'>αὐτῆς,</span> 
     </span>
    </p>
   </div>
   <div class='ocr_carea' id='block_1_41' title="bbox 227 2656 1796 2728">
    <p class='ocr_par' dir='ltr' id='par_1_41' title="bbox 227 2656 1796 2728">
     <span class='ocr_line' id='line_1_41' title="bbox 227 2656 1796 2728; baseline -0.001 -18"><span class='ocrx_word' id='word_1_273' title='bbox 227 2659 303 2721; x_wconf 82' lang='grc' dir='ltr'>ὡς</span> <span class='ocrx_word' id='word_1_274' title='bbox 357 2659 526 2712; x_wconf 83' lang='grc' dir='ltr'>διπλᾶ</span> <span class='ocrx_word' id='word_1_275' title='bbox 578 2659 754 2712; x_wconf 79' lang='grc' dir='ltr'>πάντα</span> <span class='ocrx_word' id='word_1_276' title='bbox 784 2658 850 2714; x_wconf 81' lang='grc' dir='ltr'>τὰ</span> <span class='ocrx_word' id='word_1_277' title='bbox 882 2658 976 2711; x_wconf 78' lang='grc' dir='ltr'><strong>ὲπὶ</strong></span> <span class='ocrx_word' id='word_1_278' title='bbox 1029 2658 1122 2712; x_wconf 88' lang='grc' dir='ltr'><strong>τοῦ</strong></span> <span class='ocrx_word' id='word_1_279' title='bbox 1160 2658 1277 2720; x_wconf 80' lang='grc' dir='ltr'>ἑνὸς</span> <span class='ocrx_word' id='word_1_280' title='bbox 1307 2656 1542 2728; x_wconf 87' lang='grc' dir='ltr'>Χριστοῦ</span> <span class='ocrx_word' id='word_1_281' title='bbox 1587 2657 1796 2725; x_wconf 83' lang='grc' dir='ltr'>φυσικὰ</span> 
     </span>
    </p>
   </div>
   <div class='ocr_carea' id='block_1_42' title="bbox 232 2750 1795 2822">
    <p class='ocr_par' dir='ltr' id='par_1_42' title="bbox 232 2750 1795 2822">
     <span class='ocr_line' id='line_1_42' title="bbox 232 2750 1795 2822; baseline -0.001 -20"><span class='ocrx_word' id='word_1_282' title='bbox 232 2750 520 2821; x_wconf 72' lang='grc' dir='ltr'>ἰδιώματα,</span> <span class='ocrx_word' id='word_1_283' title='bbox 539 2751 630 2803; x_wconf 81' lang='grc' dir='ltr'>τὸν</span> <span class='ocrx_word' id='word_1_284' title='bbox 664 2750 844 2806; x_wconf 59' lang='grc' dir='ltr'>αὐτὴν</span> <span class='ocrx_word' id='word_1_285' title='bbox 859 2751 1273 2822; x_wconf 84' lang='grc' dir='ltr'>ἀπερίγραπτον</span> <span class='ocrx_word' id='word_1_286' title='bbox 1295 2751 1435 2803; x_wconf 84' lang='grc' dir='ltr'>κατὰ</span> <span class='ocrx_word' id='word_1_287' title='bbox 1454 2751 1515 2803; x_wconf 81' lang='grc' dir='ltr'>τὸ</span> <span class='ocrx_word' id='word_1_288' title='bbox 1543 2751 1795 2820; x_wconf 89' lang='grc' dir='ltr'>ἀόρατον,</span> 
     </span>
    </p>
   </div>
   <div class='ocr_carea' id='block_1_43' title="bbox 227 2841 1794 2914">
    <p class='ocr_par' dir='ltr' id='par_1_43' title="bbox 227 2841 1794 2914">
     <span class='ocr_line' id='line_1_43' title="bbox 227 2841 1794 2914; baseline -0.001 -19"><span class='ocrx_word' id='word_1_289' title='bbox 227 2844 323 2895; x_wconf 76' lang='grc' dir='ltr'>καὶ</span> <span class='ocrx_word' id='word_1_290' title='bbox 381 2843 753 2912; x_wconf 82' lang='grc' dir='ltr'>περιγραπτὸν</span> <span class='ocrx_word' id='word_1_291' title='bbox 801 2843 942 2896; x_wconf 84' lang='grc' dir='ltr'>κατά</span> <span class='ocrx_word' id='word_1_292' title='bbox 1006 2843 1065 2895; x_wconf 84' lang='grc' dir='ltr'>τὸ</span> <span class='ocrx_word' id='word_1_293' title='bbox 1110 2841 1388 2914; x_wconf 88' lang='grc' dir='ltr'>ὁρώμενον</span> <span class='ocrx_word' id='word_1_294' title='bbox 1442 2841 1741 2911; x_wconf 80' lang='grc' dir='ltr'>ἀνεκήρυξε</span> <span class='ocrx_word' id='word_1_295' title='bbox 1777 2856 1794 2874; x_wconf 77' lang='grc' dir='ltr'><strong><em>ο</em></strong></span> 
     </span>
    </p>
   </div>
   <div class='ocr_carea' id='block_1_44' title="bbox 201 2933 1793 3007">
    <p class='ocr_par' dir='ltr' id='par_1_44' title="bbox 201 2933 1793 3007">
     <span class='ocr_line' id='line_1_44' title="bbox 201 2933 1793 3007; baseline 0.001 -22"><span class='ocrx_word' id='word_1_296' title='bbox 201 2934 454 3003; x_wconf 71' lang='grc' dir='ltr'>’τέτρασι</span> <span class='ocrx_word' id='word_1_297' title='bbox 486 2934 709 3003; x_wconf 88' lang='grc' dir='ltr'>τρόποις</span> <span class='ocrx_word' id='word_1_298' title='bbox 738 2935 1150 3007; x_wconf 78' lang='grc' dir='ltr'>ὲρηρεισμένως</span> <span class='ocrx_word' id='word_1_299' title='bbox 1199 2935 1260 2986; x_wconf 83' lang='grc' dir='ltr'>τὸ</span> <span class='ocrx_word' id='word_1_300' title='bbox 1302 2933 1500 3004; x_wconf 85' lang='grc' dir='ltr'>ἀληθὲς</span> <span class='ocrx_word' id='word_1_301' title='bbox 1542 2933 1742 3003; x_wconf 72' lang='grc' dir='ltr'>ἔχουσα</span> <span class='ocrx_word' id='word_1_302' title='bbox 1778 2949 1793 2964; x_wconf 76' lang='grc' dir='ltr'><strong>ο</strong></span> 
     </span>
    </p>
   </div>
   <div class='ocr_carea' id='block_1_45' title="bbox 227 3010 1800 3096">
    <p class='ocr_par' dir='ltr' id='par_1_45' title="bbox 227 3010 1800 3096">
     <span class='ocr_line' id='line_1_45' title="bbox 227 3010 1800 3096; baseline -0.002 -19"><span class='ocrx_word' id='word_1_303' title='bbox 227 3025 289 3078; x_wconf 70' lang='grc' dir='ltr'><strong>ἐκ</strong></span> <span class='ocrx_word' id='word_1_304' title='bbox 318 3043 382 3078; x_wconf 83' lang='grc' dir='ltr'><strong>τε</strong></span> <span class='ocrx_word' id='word_1_305' title='bbox 435 3025 668 3093; x_wconf 86' lang='grc' dir='ltr'>φυσικοῦ</span> <span class='ocrx_word' id='word_1_306' title='bbox 719 3027 1006 3096; x_wconf 78' lang='grc' dir='ltr'>δόγματος,</span> <span class='ocrx_word' id='word_1_307' title='bbox 1036 3029 1186 3096; x_wconf 76' lang='grc' dir='ltr'>παρά</span> <span class='ocrx_word' id='word_1_308' title='bbox 1237 3043 1296 3077; x_wconf 88' lang='grc' dir='ltr'><strong>τε</strong></span> <span class='ocrx_word' id='word_1_309' title='bbox 1349 3025 1636 3096; x_wconf 87' lang='grc' dir='ltr'>Πατρικῶν</span> <span class='ocrx_word' id='word_1_310' title='bbox 1666 3010 1800 3094; x_wconf 66' lang='grc' dir='ltr'><strong>χρή-ὲ</strong></span> 
     </span>
    </p>
   </div>
   <div class='ocr_carea' id='block_1_46' title="bbox 228 3117 1801 3187">
    <p class='ocr_par' dir='ltr' id='par_1_46' title="bbox 228 3117 1801 3187">
     <span class='ocr_line' id='line_1_46' title="bbox 228 3117 1801 3187; baseline 0 -18"><span class='ocrx_word' id='word_1_311' title='bbox 228 3134 388 3180; x_wconf 89' lang='grc' dir='ltr'>σεων,</span> <span class='ocrx_word' id='word_1_312' title='bbox 419 3117 484 3170; x_wconf 77' lang='grc' dir='ltr'>ἐκ</span> <span class='ocrx_word' id='word_1_313' title='bbox 535 3135 592 3170; x_wconf 89' lang='grc' dir='ltr'><strong>τε</strong></span> <span class='ocrx_word' id='word_1_314' title='bbox 631 3119 924 3171; x_wconf 82' lang='grc' dir='ltr'>συνοδικων</span> <span class='ocrx_word' id='word_1_315' title='bbox 970 3118 1352 3187; x_wconf 83' lang='grc' dir='ltr'>ὲκφωνήσεων,</span> <span class='ocrx_word' id='word_1_316' title='bbox 1382 3118 1476 3170; x_wconf 76' lang='grc' dir='ltr'>καὶ</span> <span class='ocrx_word' id='word_1_317' title='bbox 1512 3117 1664 3187; x_wconf 88' lang='grc' dir='ltr'><strong>παρά</strong></span> <span class='ocrx_word' id='word_1_318' title='bbox 1701 3117 1801 3186; x_wconf 86' lang='grc' dir='ltr'><strong>ἀρ-</strong></span> 
     </span>
    </p>
   </div>
   <div class='ocr_carea' id='block_1_47' title="bbox 224 3206 1801 3281">
    <p class='ocr_par' dir='ltr' id='par_1_47' title="bbox 224 3206 1801 3281">
     <span class='ocr_line' id='line_1_47' title="bbox 224 3206 1801 3281; baseline -0.002 -18"><span class='ocrx_word' id='word_1_319' title='bbox 224 3211 390 3280; x_wconf 82' lang='grc' dir='ltr'>χαίας</span> <span class='ocrx_word' id='word_1_320' title='bbox 440 3211 815 3281; x_wconf 88' lang='grc' dir='ltr'>θεσμοθεσίας.</span> <span class='ocrx_word' id='word_1_321' title='bbox 875 3211 1028 3264; x_wconf 84' lang='grc' dir='ltr'><strong>Κατὰ</strong></span> <span class='ocrx_word' id='word_1_322' title='bbox 1061 3212 1157 3279; x_wconf 83' lang='grc' dir='ltr'>μὲν</span> <span class='ocrx_word' id='word_1_323' title='bbox 1195 3206 1286 3264; x_wconf 80' lang='grc' dir='ltr'>οὖν</span> <span class='ocrx_word' id='word_1_324' title='bbox 1313 3209 1545 3279; x_wconf 83' lang='grc' dir='ltr'>φυσικὴν</span> <span class='ocrx_word' id='word_1_325' title='bbox 1574 3208 1801 3262; x_wconf 81' lang='grc' dir='ltr'>ἀκολου-</span> 
     </span>
    </p>
   </div>
   <div class='ocr_carea' id='block_1_48' title="bbox 227 3299 1798 3372">
    <p class='ocr_par' dir='ltr' id='par_1_48' title="bbox 227 3299 1798 3372">
     <span class='ocr_line' id='line_1_48' title="bbox 227 3299 1798 3372; baseline -0.001 -18"><span class='ocrx_word' id='word_1_326' title='bbox 227 3302 371 3367; x_wconf 83' lang='grc' dir='ltr'>θίαν,</span> <span class='ocrx_word' id='word_1_327' title='bbox 409 3303 544 3370; x_wconf 83' lang='grc' dir='ltr'>φέρε</span> <span class='ocrx_word' id='word_1_328' title='bbox 570 3305 763 3365; x_wconf 86' lang='grc' dir='ltr'>εἰπεῖν,</span> <span class='ocrx_word' id='word_1_329' title='bbox 791 3305 818 3357; x_wconf 97' lang='lat'><strong>6</strong></span> <span class='ocrx_word' id='word_1_330' title='bbox 853 3301 1243 3372; x_wconf 79' lang='grc' dir='ltr'>εὐαγγελιστὴς</span> <span class='ocrx_word' id='word_1_331' title='bbox 1287 3303 1541 3371; x_wconf 74' lang='grc' dir='ltr'>Ἰωάννης</span> <span class='ocrx_word' id='word_1_332' title='bbox 1581 3299 1798 3354; x_wconf 84' lang='grc' dir='ltr'>ὑποδεί-</span> 
     </span>
    </p>
   </div>
   <div class='ocr_carea' id='block_1_49' title="bbox 225 3391 1805 3463">
    <p class='ocr_par' dir='ltr' id='par_1_49' title="bbox 225 3391 1805 3463">
     <span class='ocr_line' id='line_1_49' title="bbox 225 3391 1805 3463; baseline -0.001 -15"><span class='ocrx_word' id='word_1_333' title='bbox 225 3412 388 3448; x_wconf 84' lang='grc' dir='ltr'>κνυσι</span> <span class='ocrx_word' id='word_1_334' title='bbox 406 3394 582 3463; x_wconf 87' lang='grc' dir='ltr'>λέγων</span> <span class='ocrx_word' id='word_1_335' title='bbox 607 3410 622 3426; x_wconf 75' lang='grc' dir='ltr'><strong>ο</strong></span> <span class='ocrx_word' id='word_1_336' title='bbox 653 3394 760 3449; x_wconf 82' lang='grc' dir='ltr'><strong>Καὶ</strong></span> <span class='ocrx_word' id='word_1_337' title='bbox 779 3397 811 3448; x_wconf 83' lang='grc' dir='ltr'><strong>ό</strong></span> <span class='ocrx_word' id='word_1_338' title='bbox 832 3395 1020 3463; x_wconf 81' lang='grc' dir='ltr'>Λόγος</span> <span class='ocrx_word' id='word_1_339' title='bbox 1040 3393 1197 3462; x_wconf 78' lang='grc' dir='ltr'>σὰρξ</span> <span class='ocrx_word' id='word_1_340' title='bbox 1222 3393 1478 3463; x_wconf 73' lang='grc' dir='ltr'>ἐγένετο,</span> <span class='ocrx_word' id='word_1_341' title='bbox 1501 3393 1600 3446; x_wconf 76' lang='grc' dir='ltr'><strong>καὶ</strong></span> <span class='ocrx_word' id='word_1_342' title='bbox 1622 3391 1805 3460; x_wconf 81' lang='grc' dir='ltr'>ἐσκή-</span> 
     </span>
    </p>
   </div>
   <div class='ocr_carea' id='block_1_50' title="bbox 225 3483 1798 3555">
    <p class='ocr_par' dir='ltr' id='par_1_50' title="bbox 225 3483 1798 3555">
     <span class='ocr_line' id='line_1_50' title="bbox 225 3483 1798 3555; baseline 0 -18"><span class='ocrx_word' id='word_1_343' title='bbox 225 3500 434 3538; x_wconf 75' lang='grc' dir='ltr'>νωσεν</span> <span class='ocrx_word' id='word_1_344' title='bbox 473 3485 542 3537; x_wconf 86' lang='grc' dir='ltr'><strong>ἐν</strong></span> <span class='ocrx_word' id='word_1_345' title='bbox 590 3485 754 3553; x_wconf 75' lang='grc' dir='ltr'>ἡμῖν.</span> <span class='ocrx_word' id='word_1_346' title='bbox 793 3486 853 3537; x_wconf 84' lang='grc' dir='ltr'>Εἰ</span> <span class='ocrx_word' id='word_1_347' title='bbox 878 3485 1055 3537; x_wconf 86' lang='grc' dir='ltr'>τοίνυν</span> <span class='ocrx_word' id='word_1_348' title='bbox 1103 3487 1132 3537; x_wconf 91' lang='lat'><strong>6</strong></span> <span class='ocrx_word' id='word_1_349' title='bbox 1162 3485 1330 3553; x_wconf 88' lang='grc' dir='ltr'>Λόγος</span> <span class='ocrx_word' id='word_1_350' title='bbox 1380 3483 1516 3555; x_wconf 78' lang='grc' dir='ltr'>σὰρξ</span> <span class='ocrx_word' id='word_1_351' title='bbox 1561 3484 1798 3552; x_wconf 79' lang='grc' dir='ltr'>ἐγένετο,</span> 
     </span>
    </p>
   </div>
   <div class='ocr_carea' id='block_1_51' title="bbox 223 3576 1797 3647">
    <p class='ocr_par' dir='ltr' id='par_1_51' title="bbox 223 3576 1797 3647">
     <span class='ocr_line' id='line_1_51' title="bbox 223 3576 1797 3647; baseline 0.01 -18"><span class='ocrx_word' id='word_1_352' title='bbox 223 3576 392 3645; x_wconf 78' lang='grc' dir='ltr'>δῆλον</span> <span class='ocrx_word' id='word_1_353' title='bbox 423 3578 507 3630; x_wconf 82' lang='grc' dir='ltr'><strong>ὅτι</strong></span> <span class='ocrx_word' id='word_1_354' title='bbox 538 3576 612 3639; x_wconf 81' lang='grc' dir='ltr'>ὡς</span> <span class='ocrx_word' id='word_1_355' title='bbox 647 3577 744 3646; x_wconf 86' lang='grc' dir='ltr'>μὲν</span> <span class='ocrx_word' id='word_1_356' title='bbox 778 3577 966 3644; x_wconf 78' lang='grc' dir='ltr'>Λόγος,</span> <span class='ocrx_word' id='word_1_357' title='bbox 991 3576 1402 3647; x_wconf 82' lang='grc' dir='ltr'>ἀπερίγραπτος</span> <span class='ocrx_word' id='word_1_358' title='bbox 1422 3577 1528 3640; x_wconf 80' lang='grc' dir='ltr'><strong>’ὡς</strong></span> <span class='ocrx_word' id='word_1_359' title='bbox 1561 3576 1617 3628; x_wconf 73' lang='grc' dir='ltr'>δὲ</span> <span class='ocrx_word' id='word_1_360' title='bbox 1640 3576 1797 3646; x_wconf 63' lang='grc' dir='ltr'>σὰρξ,</span> 
     </span>
    </p>
   </div>
   <div class='ocr_carea' id='block_1_52' title="bbox 227 3668 1802 3741">
    <p class='ocr_par' dir='ltr' id='par_1_52' title="bbox 227 3668 1802 3741">
     <span class='ocr_line' id='line_1_52' title="bbox 227 3668 1802 3741; baseline -0.001 -19"><span class='ocrx_word' id='word_1_361' title='bbox 227 3670 731 3741; x_wconf 80' lang='grc' dir='ltr'>περιγραφόμενος.</span> <span class='ocrx_word' id='word_1_362' title='bbox 767 3669 874 3723; x_wconf 81' lang='grc' dir='ltr'><strong>Καὶ</strong></span> <span class='ocrx_word' id='word_1_363' title='bbox 906 3668 1261 3735; x_wconf 78' lang='grc' dir='ltr'>ἐσκήνωσεν</span> <span class='ocrx_word' id='word_1_364' title='bbox 1285 3671 1357 3724; x_wconf 86' lang='grc' dir='ltr'><strong>ἐν</strong></span> <span class='ocrx_word' id='word_1_365' title='bbox 1384 3670 1528 3738; x_wconf 74' lang='grc' dir='ltr'>ἡμῖν</span> <span class='ocrx_word' id='word_1_366' title='bbox 1551 3687 1563 3701; x_wconf 88' lang='grc'>·</span> <span class='ocrx_word' id='word_1_367' title='bbox 1588 3669 1715 3723; x_wconf 84' lang='grc' dir='ltr'>ἀλλο</span> <span class='ocrx_word' id='word_1_368' title='bbox 1745 3668 1802 3721; x_wconf 82' lang='grc' dir='ltr'>δὲ</span> 
     </span>
    </p>
   </div>
   <div class='ocr_carea' id='block_1_53' title="bbox 222 3761 1802 3832">
    <p class='ocr_par' dir='ltr' id='par_1_53' title="bbox 222 3761 1802 3832">
     <span class='ocr_line' id='line_1_53' title="bbox 222 3761 1802 3832; baseline -0.001 -17"><span class='ocrx_word' id='word_1_369' title='bbox 222 3765 287 3815; x_wconf 84' lang='grc' dir='ltr'><strong>τὸ</strong></span> <span class='ocrx_word' id='word_1_370' title='bbox 323 3763 587 3832; x_wconf 89' lang='grc' dir='ltr'>σκηνοῦν,</span> <span class='ocrx_word' id='word_1_371' title='bbox 615 3762 710 3814; x_wconf 85' lang='grc' dir='ltr'><strong>καὶ</strong></span> <span class='ocrx_word' id='word_1_372' title='bbox 761 3761 949 3832; x_wconf 83' lang='grc' dir='ltr'>ἓτερον</span> <span class='ocrx_word' id='word_1_373' title='bbox 994 3763 1026 3832; x_wconf 85' lang='grc' dir='ltr'>ὴ</span> <span class='ocrx_word' id='word_1_374' title='bbox 1066 3763 1236 3832; x_wconf 84' lang='grc' dir='ltr'>σκηνή</span> <span class='ocrx_word' id='word_1_375' title='bbox 1263 3779 1277 3793; x_wconf 76' lang='grc' dir='ltr'><strong>ο</strong></span> <span class='ocrx_word' id='word_1_376' title='bbox 1310 3763 1431 3816; x_wconf 87' lang='grc' dir='ltr'>καθ’</span> <span class='ocrx_word' id='word_1_377' title='bbox 1461 3763 1648 3832; x_wconf 69' lang='grc' dir='ltr'>ἕτερον</span> <span class='ocrx_word' id='word_1_378' title='bbox 1705 3763 1802 3831; x_wconf 84' lang='grc' dir='ltr'>μὲν</span> 
     </span>
    </p>
   </div>
   <div class='ocr_carea' id='block_1_54' title="bbox 227 3851 1799 3926">
    <p class='ocr_par' dir='ltr' id='par_1_54' title="bbox 227 3851 1799 3926">
     <span class='ocr_line' id='line_1_54' title="bbox 227 3851 1799 3926; baseline 0.001 -19"><span class='ocrx_word' id='word_1_379' title='bbox 227 3856 634 3926; x_wconf 78' lang='grc' dir='ltr'>περιγράφοιτο</span> <span class='ocrx_word' id='word_1_380' title='bbox 654 3869 668 3883; x_wconf 78' lang='grc' dir='ltr'><strong><em>ο</em></strong></span> <span class='ocrx_word' id='word_1_381' title='bbox 703 3851 823 3905; x_wconf 87' lang='grc' dir='ltr'>καθ’</span> <span class='ocrx_word' id='word_1_382' title='bbox 845 3851 1032 3923; x_wconf 71' lang='grc' dir='ltr'>ἕτερον</span> <span class='ocrx_word' id='word_1_383' title='bbox 1054 3853 1111 3906; x_wconf 83' lang='grc' dir='ltr'>δὲ</span> <span class='ocrx_word' id='word_1_384' title='bbox 1134 3853 1484 3925; x_wconf 81' lang='grc' dir='ltr'>περιγραφῆς</span> <span class='ocrx_word' id='word_1_385' title='bbox 1510 3854 1799 3923; x_wconf 84' lang='grc' dir='ltr'>ἀνώτερος.</span> 
     </span>
    </p>
   </div>
   <div class='ocr_carea' id='block_1_55' title="bbox 237 3943 1804 4014">
    <p class='ocr_par' dir='ltr' id='par_1_55' title="bbox 237 3943 1804 4014">
     <span class='ocr_line' id='line_1_55' title="bbox 237 3943 1804 4014; baseline -0.003 -14"><span class='ocrx_word' id='word_1_386' title='bbox 237 3947 405 4001; x_wconf 70' lang='grc' dir='ltr'>Ἐπεὶ</span> <span class='ocrx_word' id='word_1_387' title='bbox 440 3945 617 4008; x_wconf 85' lang='grc' dir='ltr'>ποίοις</span> <span class='ocrx_word' id='word_1_388' title='bbox 649 3944 897 4014; x_wconf 88' lang='grc' dir='ltr'>σημείοις</span> <span class='ocrx_word' id='word_1_389' title='bbox 940 3943 1222 4014; x_wconf 83' lang='grc' dir='ltr'>ἄνθρωπος</span> <span class='ocrx_word' id='word_1_390' title='bbox 1262 3945 1538 4012; x_wconf 78' lang='grc' dir='ltr'>γεγονέναι</span> <span class='ocrx_word' id='word_1_391' title='bbox 1567 3945 1804 4011; x_wconf 80' lang='grc' dir='ltr'>ἐπιγνω-</span> 
     </span>
    </p>
   </div>
   <div class='ocr_carea' id='block_1_56' title="bbox 228 4033 1805 4109">
    <p class='ocr_par' dir='ltr' id='par_1_56' title="bbox 228 4033 1805 4109">
     <span class='ocr_line' id='line_1_56' title="bbox 228 4033 1805 4109; baseline -0.004 -18"><span class='ocrx_word' id='word_1_392' title='bbox 228 4037 525 4109; x_wconf 84' lang='grc' dir='ltr'>σθήσεται,</span> <span class='ocrx_word' id='word_1_393' title='bbox 553 4037 601 4089; x_wconf 85' lang='grc' dir='ltr'>εί</span> <span class='ocrx_word' id='word_1_394' title='bbox 634 4036 709 4106; x_wconf 80' lang='grc' dir='ltr'>μὴ</span> <span class='ocrx_word' id='word_1_395' title='bbox 756 4035 816 4088; x_wconf 86' lang='grc' dir='ltr'><strong>τὸ</strong></span> <span class='ocrx_word' id='word_1_396' title='bbox 845 4035 945 4105; x_wconf 81' lang='grc' dir='ltr'><strong>τῆς</strong></span> <span class='ocrx_word' id='word_1_397' title='bbox 990 4034 1360 4101; x_wconf 78' lang='grc' dir='ltr'>ὲξεικονίσεως</span> <span class='ocrx_word' id='word_1_398' title='bbox 1427 4033 1640 4104; x_wconf 80' lang='grc' dir='ltr'>ἰδίωμα,</span> <span class='ocrx_word' id='word_1_399' title='bbox 1668 4035 1805 4104; x_wconf 84' lang='grc' dir='ltr'>ὅπερ</span> 
     </span>
    </p>
   </div>
   <div class='ocr_carea' id='block_1_57' title="bbox 223 4124 1805 4199">
    <p class='ocr_par' dir='ltr' id='par_1_57' title="bbox 223 4124 1805 4199">
     <span class='ocr_line' id='line_1_57' title="bbox 223 4124 1805 4199; baseline -0.002 -18"><span class='ocrx_word' id='word_1_400' title='bbox 223 4130 354 4183; x_wconf 71' lang='grc' dir='ltr'>ἐστὶ</span> <span class='ocrx_word' id='word_1_401' title='bbox 414 4129 631 4199; x_wconf 82' lang='grc' dir='ltr'>πρῶτον</span> <span class='ocrx_word' id='word_1_402' title='bbox 683 4130 741 4181; x_wconf 70' lang='grc' dir='ltr'>ἐν</span> <span class='ocrx_word' id='word_1_403' title='bbox 779 4127 1194 4197; x_wconf 81' lang='grc' dir='ltr'>μεμορφωμένῳ</span> <span class='ocrx_word' id='word_1_404' title='bbox 1243 4124 1535 4195; x_wconf 81' lang='grc' dir='ltr'><strong>ἀνθρώπῳ,</strong></span> <span class='ocrx_word' id='word_1_405' title='bbox 1563 4125 1805 4194; x_wconf 84' lang='grc' dir='ltr'>φυσικῶς</span> 
     </span>
    </p>
   </div>
   <div class='ocr_carea' id='block_1_58' title="bbox 225 4213 1803 4292">
    <p class='ocr_par' dir='ltr' id='par_1_58' title="bbox 225 4213 1803 4292">
     <span class='ocr_line' id='line_1_58' title="bbox 225 4213 1803 4292; baseline -0.004 -17"><span class='ocrx_word' id='word_1_406' title='bbox 225 4223 508 4292; x_wconf 89' lang='grc' dir='ltr'>κέκτηται</span> <span class='ocrx_word' id='word_1_407' title='bbox 537 4237 550 4250; x_wconf 72' lang='grc'><strong>⁸</strong></span> <span class='ocrx_word' id='word_1_408' title='bbox 583 4213 645 4274; x_wconf 76' lang='grc' dir='ltr'>οὗ</span> <span class='ocrx_word' id='word_1_409' title='bbox 673 4223 740 4291; x_wconf 80' lang='grc' dir='ltr'>τῇ</span> <span class='ocrx_word' id='word_1_410' title='bbox 787 4221 1084 4291; x_wconf 81' lang='grc' dir='ltr'>ἀναιρέσει,</span> <span class='ocrx_word' id='word_1_411' title='bbox 1121 4217 1350 4289; x_wconf 86' lang='grc' dir='ltr'>φροῦδος</span> <span class='ocrx_word' id='word_1_412' title='bbox 1397 4218 1425 4270; x_wconf 87' lang='grc' dir='ltr'><strong>ὁ</strong></span> <span class='ocrx_word' id='word_1_413' title='bbox 1472 4217 1756 4289; x_wconf 83' lang='grc' dir='ltr'>ἄνθρωπος</span> <span class='ocrx_word' id='word_1_414' title='bbox 1788 4233 1803 4283; x_wconf 87' lang='grc'>;</span> 
     </span>
    </p>
   </div>
   <div class='ocr_carea' id='block_1_59' title="bbox 238 4309 1806 4384">
    <p class='ocr_par' dir='ltr' id='par_1_59' title="bbox 238 4309 1806 4384">
     <span class='ocr_line' id='line_1_59' title="bbox 238 4309 1806 4384; baseline -0.004 -16"><span class='ocrx_word' id='word_1_415' title='bbox 238 4315 416 4368; x_wconf 83' lang='grc' dir='ltr'><strong>Ἀλλά</strong></span> <span class='ocrx_word' id='word_1_416' title='bbox 447 4313 553 4384; x_wconf 81' lang='grc' dir='ltr'><strong>μὴν</strong></span> <span class='ocrx_word' id='word_1_417' title='bbox 578 4311 860 4384; x_wconf 75' lang='grc' dir='ltr'>ἄνθρωπος</span> <span class='ocrx_word' id='word_1_418' title='bbox 889 4311 1124 4380; x_wconf 76' lang='grc' dir='ltr'>ἀληθῶςο</span> <span class='ocrx_word' id='word_1_419' title='bbox 1148 4309 1342 4364; x_wconf 85' lang='grc' dir='ltr'>οὐκοῦν</span> <span class='ocrx_word' id='word_1_420' title='bbox 1371 4310 1466 4362; x_wconf 73' lang='grc' dir='ltr'><strong>καὶ</strong></span> <span class='ocrx_word' id='word_1_421' title='bbox 1496 4309 1569 4372; x_wconf 83' lang='grc' dir='ltr'><strong>ώς</strong></span> <span class='ocrx_word' id='word_1_422' title='bbox 1595 4309 1806 4381; x_wconf 86' lang='grc' dir='ltr'>ἀνθρω-</span> 
     </span>
    </p>
   </div>
   <div class='ocr_carea' id='block_1_60' title="bbox 225 4400 1803 4477">
    <p class='ocr_par' dir='ltr' id='par_1_60' title="bbox 225 4400 1803 4477">
     <span class='ocr_line' id='line_1_60' title="bbox 225 4400 1803 4477; baseline -0.003 -18"><span class='ocrx_word' id='word_1_423' title='bbox 225 4424 334 4470; x_wconf 74' lang='grc' dir='ltr'><strong>πσς</strong></span> <span class='ocrx_word' id='word_1_424' title='bbox 399 4408 893 4477; x_wconf 85' lang='grc' dir='ltr'>περιγραφόμενος,</span> <span class='ocrx_word' id='word_1_425' title='bbox 928 4406 956 4456; x_wconf 93' lang='lat'><strong>6</strong></span> <span class='ocrx_word' id='word_1_426' title='bbox 985 4403 1060 4466; x_wconf 86' lang='grc' dir='ltr'>ὡς</span> <span class='ocrx_word' id='word_1_427' title='bbox 1089 4403 1219 4466; x_wconf 78' lang='grc' dir='ltr'>Θεὸς</span> <span class='ocrx_word' id='word_1_428' title='bbox 1264 4400 1337 4455; x_wconf 82' lang='grc' dir='ltr'>ὢν</span> <span class='ocrx_word' id='word_1_429' title='bbox 1371 4402 1803 4472; x_wconf 84' lang='grc' dir='ltr'>ἀπερίγραπτος.</span> 
     </span>
    </p>
   </div>
   <div class='ocr_carea' id='block_1_61' title="bbox 227 4493 1806 4569">
    <p class='ocr_par' dir='ltr' id='par_1_61' title="bbox 227 4493 1806 4569">
     <span class='ocr_line' id='line_1_61' title="bbox 227 4493 1806 4569; baseline 0.008 -19"><span class='ocrx_word' id='word_1_430' title='bbox 227 4499 363 4569; x_wconf 76' lang='grc' dir='ltr'><strong>Ἐφ’</strong></span> <span class='ocrx_word' id='word_1_431' title='bbox 391 4493 548 4569; x_wconf 80' lang='grc' dir='ltr'>ᾧπερ</span> <span class='ocrx_word' id='word_1_432' title='bbox 579 4498 720 4568; x_wconf 80' lang='grc' dir='ltr'>λόγῳ</span> <span class='ocrx_word' id='word_1_433' title='bbox 760 4496 983 4566; x_wconf 74' lang='grc' dir='ltr'>μεσίτης</span> <span class='ocrx_word' id='word_1_434' title='bbox 1012 4493 1146 4547; x_wconf 75' lang='grc' dir='ltr'>Θεοῦ</span> <span class='ocrx_word' id='word_1_435' title='bbox 1187 4494 1281 4547; x_wconf 71' lang='grc' dir='ltr'>καὶ</span> <span class='ocrx_word' id='word_1_436' title='bbox 1302 4493 1602 4564; x_wconf 80' lang='grc' dir='ltr'>ἀνθρώπων</span> <span class='ocrx_word' id='word_1_437' title='bbox 1645 4494 1806 4563; x_wconf 72' lang='grc' dir='ltr'>ἐχρη-</span> 
     </span>
    </p>
   </div>
   <div class='ocr_carea' id='block_1_62' title="bbox 1897 2010 3464 2077">
    <p class='ocr_par' dir='ltr' id='par_1_62' title="bbox 1897 2010 3464 2077">
     <span class='ocr_line' id='line_1_62' title="bbox 1897 2010 3464 2077; baseline -0.009 0"><span class='ocrx_word' id='word_1_438' title='bbox 1897 2022 1999 2077; x_wconf 88' lang='lat' dir='ltr'><strong>sim</strong></span> <span class='ocrx_word' id='word_1_439' title='bbox 2056 2019 2340 2075; x_wconf 86' lang='lat' dir='ltr'><strong>Dominum</strong></span> <span class='ocrx_word' id='word_1_440' title='bbox 2396 2026 2642 2072; x_wconf 88' lang='lat' dir='ltr'><strong>nostrum</strong></span> <span class='ocrx_word' id='word_1_441' title='bbox 2691 2013 2874 2070; x_wconf 84' lang='lat' dir='ltr'><strong>Jesum</strong></span> <span class='ocrx_word' id='word_1_442' title='bbox 2905 2013 3181 2069; x_wconf 85' lang='lat' dir='ltr'><strong>Christum</strong></span> <span class='ocrx_word' id='word_1_443' title='bbox 3210 2010 3464 2066; x_wconf 85' lang='lat' dir='ltr'><strong>asseruit.</strong></span> 
     </span>
    </p>
   </div>
   <div class='ocr_carea' id='block_1_63' title="bbox 1895 2103 3470 2182">
    <p class='ocr_par' dir='ltr' id='par_1_63' title="bbox 1895 2103 3470 2182">
     <span class='ocr_line' id='line_1_63' title="bbox 1895 2103 3470 2182; baseline -0.008 -14"><span class='ocrx_word' id='word_1_444' title='bbox 1895 2113 2246 2168; x_wconf 87' lang='lat' dir='ltr'><strong>Postmodum</strong></span> <span class='ocrx_word' id='word_1_445' title='bbox 2277 2111 2483 2182; x_wconf 89' lang='lat' dir='ltr'><strong>quinta,</strong></span> <span class='ocrx_word' id='word_1_446' title='bbox 2539 2125 2659 2164; x_wconf 89' lang='lat' dir='ltr'><strong>eam</strong></span> <span class='ocrx_word' id='word_1_447' title='bbox 2707 2123 2829 2178; x_wconf 67' lang='lat' dir='ltr'><strong>qua:</strong></span> <span class='ocrx_word' id='word_1_448' title='bbox 2882 2112 3236 2175; x_wconf 68' lang='lat' dir='ltr'><strong>praecesserat</strong></span> <span class='ocrx_word' id='word_1_449' title='bbox 3289 2103 3470 2159; x_wconf 64' lang='lat' dir='ltr'><strong>consic</strong></span> 
     </span>
    </p>
   </div>
   <div class='ocr_carea' id='block_1_64' title="bbox 1897 2194 3467 2278">
    <p class='ocr_par' dir='ltr' id='par_1_64' title="bbox 1897 2194 3467 2278">
     <span class='ocr_line' id='line_1_64' title="bbox 1897 2194 3467 2278; baseline -0.008 -17"><span class='ocrx_word' id='word_1_450' title='bbox 1897 2223 2088 2278; x_wconf 79' lang='lat' dir='ltr'><strong>gnans,</strong></span> <span class='ocrx_word' id='word_1_451' title='bbox 2131 2204 2437 2275; x_wconf 76' lang='lat' dir='ltr'><strong>Origenem,</strong></span> <span class='ocrx_word' id='word_1_452' title='bbox 2504 2211 2557 2256; x_wconf 89' lang='lat' dir='ltr'><strong>et</strong></span> <span class='ocrx_word' id='word_1_453' title='bbox 2590 2200 2827 2256; x_wconf 87' lang='lat' dir='ltr'><strong>asscclas</strong></span> <span class='ocrx_word' id='word_1_454' title='bbox 2869 2199 3040 2268; x_wconf 91' lang='lat' dir='ltr'><strong>ipsius</strong></span> <span class='ocrx_word' id='word_1_455' title='bbox 3079 2194 3467 2267; x_wconf 80' lang='lat' dir='ltr'><strong>Proliyparcti-</strong></span> 
     </span>
    </p>
   </div>
   <div class='ocr_carea' id='block_1_65' title="bbox 1897 2291 3473 2371">
    <p class='ocr_par' dir='ltr' id='par_1_65' title="bbox 1897 2291 3473 2371">
     <span class='ocr_line' id='line_1_65' title="bbox 1897 2291 3473 2371; baseline -0.01 -15"><span class='ocrx_word' id='word_1_456' title='bbox 1897 2311 1980 2356; x_wconf 87' lang='lat' dir='ltr'><strong>tas</strong></span> <span class='ocrx_word' id='word_1_457' title='bbox 2011 2301 2165 2371; x_wconf 77' lang='lat'><strong>(93&quot;)</strong></span> <span class='ocrx_word' id='word_1_458' title='bbox 2194 2297 2538 2351; x_wconf 88' lang='lat' dir='ltr'><strong>anathemate</strong></span> <span class='ocrx_word' id='word_1_459' title='bbox 2567 2294 2862 2348; x_wconf 85' lang='lat' dir='ltr'><strong>damnavit.</strong></span> <span class='ocrx_word' id='word_1_460' title='bbox 2901 2291 3037 2346; x_wconf 91' lang='lat' dir='ltr'><strong>Tum</strong></span> <span class='ocrx_word' id='word_1_461' title='bbox 3061 2298 3234 2353; x_wconf 80' lang='lat' dir='ltr'><strong>sexta,</strong></span> <span class='ocrx_word' id='word_1_462' title='bbox 3278 2301 3473 2341; x_wconf 85' lang='lat' dir='ltr'><strong>conse-</strong></span> 
     </span>
    </p>
   </div>
   <div class='ocr_carea' id='block_1_66' title="bbox 1895 2381 3471 2464">
    <p class='ocr_par' dir='ltr' id='par_1_66' title="bbox 1895 2381 3471 2464">
     <span class='ocr_line' id='line_1_66' title="bbox 1895 2381 3471 2464; baseline -0.011 -15"><span class='ocrx_word' id='word_1_463' title='bbox 1895 2403 2124 2464; x_wconf 88' lang='lat' dir='ltr'><strong>quenter</strong></span> <span class='ocrx_word' id='word_1_464' title='bbox 2152 2391 2214 2445; x_wconf 84' lang='lat' dir='ltr'><strong>ad</strong></span> <span class='ocrx_word' id='word_1_465' title='bbox 2275 2392 2407 2444; x_wconf 88' lang='lat' dir='ltr'><strong>duas</strong></span> <span class='ocrx_word' id='word_1_466' title='bbox 2435 2396 2680 2452; x_wconf 89' lang='lat' dir='ltr'><strong>naturas,</strong></span> <span class='ocrx_word' id='word_1_467' title='bbox 2731 2387 2868 2440; x_wconf 89' lang='lat' dir='ltr'><strong>duas</strong></span> <span class='ocrx_word' id='word_1_468' title='bbox 2913 2398 3132 2453; x_wconf 90' lang='lat' dir='ltr'><strong>quoque</strong></span> <span class='ocrx_word' id='word_1_469' title='bbox 3162 2381 3471 2434; x_wconf 82' lang='lat' dir='ltr'><strong>voluntates</strong></span> 
     </span>
    </p>
   </div>
   <div class='ocr_carea' id='block_1_67' title="bbox 1895 2471 3468 2553">
    <p class='ocr_par' dir='ltr' id='par_1_67' title="bbox 1895 2471 3468 2553">
     <span class='ocr_line' id='line_1_67' title="bbox 1895 2471 3468 2553; baseline -0.01 -13"><span class='ocrx_word' id='word_1_470' title='bbox 1895 2494 1948 2541; x_wconf 90' lang='lat' dir='ltr'><strong>et</strong></span> <span class='ocrx_word' id='word_1_471' title='bbox 1971 2483 2315 2553; x_wconf 86' lang='lat' dir='ltr'><strong>operationcs</strong></span> <span class='ocrx_word' id='word_1_472' title='bbox 2353 2483 2406 2535; x_wconf 88' lang='lat' dir='ltr'><strong>in</strong></span> <span class='ocrx_word' id='word_1_473' title='bbox 2436 2495 2545 2534; x_wconf 91' lang='lat' dir='ltr'><strong>uno</strong></span> <span class='ocrx_word' id='word_1_474' title='bbox 2577 2480 2799 2535; x_wconf 88' lang='lat' dir='ltr'><strong>Christo</strong></span> <span class='ocrx_word' id='word_1_475' title='bbox 2839 2491 2960 2532; x_wconf 87' lang='lat' dir='ltr'><strong>esse</strong></span> <span class='ocrx_word' id='word_1_476' title='bbox 2994 2474 3198 2530; x_wconf 88' lang='lat' dir='ltr'><strong>docuit.</strong></span> <span class='ocrx_word' id='word_1_477' title='bbox 3238 2471 3468 2526; x_wconf 86' lang='lat' dir='ltr'><strong>Demum</strong></span> 
     </span>
    </p>
   </div>
   <div class='ocr_carea' id='block_1_68' title="bbox 1896 2561 3466 2646">
    <p class='ocr_par' dir='ltr' id='par_1_68' title="bbox 1896 2561 3466 2646">
     <span class='ocr_line' id='line_1_68' title="bbox 1896 2561 3466 2646; baseline -0.01 -15"><span class='ocrx_word' id='word_1_478' title='bbox 1896 2578 2145 2646; x_wconf 88' lang='lat' dir='ltr'><strong>septima,</strong></span> <span class='ocrx_word' id='word_1_479' title='bbox 2174 2561 2484 2644; x_wconf 87' lang='lat' dir='ltr'><strong>superiores</strong></span> <span class='ocrx_word' id='word_1_480' title='bbox 2511 2587 2767 2641; x_wconf 84' lang='lat' dir='ltr'><strong>sequens,</strong></span> <span class='ocrx_word' id='word_1_481' title='bbox 2804 2570 2880 2623; x_wconf 85' lang='lat' dir='ltr'><strong>uti</strong></span> <span class='ocrx_word' id='word_1_482' title='bbox 2923 2567 3168 2635; x_wconf 86' lang='lat' dir='ltr'><strong>duplices</strong></span> <span class='ocrx_word' id='word_1_483' title='bbox 3188 2579 3380 2619; x_wconf 87' lang='lat' dir='ltr'><strong>omnes</strong></span> <span class='ocrx_word' id='word_1_484' title='bbox 3413 2563 3466 2615; x_wconf 90' lang='lat' dir='ltr'><strong>in</strong></span> 
     </span>
    </p>
   </div>
   <div class='ocr_carea' id='block_1_69' title="bbox 1895 2652 3471 2731">
    <p class='ocr_par' dir='ltr' id='par_1_69' title="bbox 1895 2652 3471 2731">
     <span class='ocr_line' id='line_1_69' title="bbox 1895 2652 3471 2731; baseline -0.012 -9"><span class='ocrx_word' id='word_1_485' title='bbox 1895 2683 2005 2722; x_wconf 89' lang='lat' dir='ltr'><strong>uno</strong></span> <span class='ocrx_word' id='word_1_486' title='bbox 2036 2666 2255 2720; x_wconf 90' lang='lat' dir='ltr'><strong>Christo</strong></span> <span class='ocrx_word' id='word_1_487' title='bbox 2288 2664 2563 2718; x_wconf 91' lang='lat' dir='ltr'><strong>naturales</strong></span> <span class='ocrx_word' id='word_1_488' title='bbox 2587 2661 2970 2731; x_wconf 88' lang='lat' dir='ltr'><strong>proprietates,</strong></span> <span class='ocrx_word' id='word_1_489' title='bbox 3002 2657 3073 2710; x_wconf 83' lang='lat' dir='ltr'><strong>ita</strong></span> <span class='ocrx_word' id='word_1_490' title='bbox 3101 2654 3351 2710; x_wconf 90' lang='lat' dir='ltr'><strong>eumdem</strong></span> <span class='ocrx_word' id='word_1_491' title='bbox 3386 2652 3471 2705; x_wconf 85' lang='lat' dir='ltr'><strong>in-</strong></span> 
     </span>
    </p>
   </div>
   <div class='ocr_carea' id='block_1_70' title="bbox 1896 2747 3470 2828">
    <p class='ocr_par' dir='ltr' id='par_1_70' title="bbox 1896 2747 3470 2828">
     <span class='ocr_line' id='line_1_70' title="bbox 1896 2747 3470 2828; baseline -0.012 -13"><span class='ocrx_word' id='word_1_492' title='bbox 1896 2759 2372 2828; x_wconf 87' lang='lat' dir='ltr'><strong>circumscriptum</strong></span> <span class='ocrx_word' id='word_1_493' title='bbox 2427 2755 2580 2824; x_wconf 75' lang='lat' dir='ltr'><strong>juxta</strong></span> <span class='ocrx_word' id='word_1_494' title='bbox 2612 2755 2663 2808; x_wconf 88' lang='lat' dir='ltr'><strong>id</strong></span> <span class='ocrx_word' id='word_1_495' title='bbox 2710 2752 2854 2823; x_wconf 90' lang='lat' dir='ltr'><strong>quod</strong></span> <span class='ocrx_word' id='word_1_496' title='bbox 2884 2766 2993 2805; x_wconf 90' lang='lat' dir='ltr'><strong>non</strong></span> <span class='ocrx_word' id='word_1_497' title='bbox 3049 2748 3293 2803; x_wconf 89' lang='lat' dir='ltr'><strong>cernitur</strong></span> <span class='ocrx_word' id='word_1_498' title='bbox 3314 2784 3330 2810; x_wconf 92' lang='lat'><strong>,</strong></span> <span class='ocrx_word' id='word_1_499' title='bbox 3364 2747 3470 2799; x_wconf 88' lang='lat' dir='ltr'><strong>cir-</strong></span> 
     </span>
    </p>
   </div>
   <div class='ocr_carea' id='block_1_71' title="bbox 1898 2839 3471 2920">
    <p class='ocr_par' dir='ltr' id='par_1_71' title="bbox 1898 2839 3471 2920">
     <span class='ocr_line' id='line_1_71' title="bbox 1898 2839 3471 2920; baseline -0.013 -13"><span class='ocrx_word' id='word_1_500' title='bbox 1898 2851 2292 2920; x_wconf 88' lang='lat' dir='ltr'><strong>cumscriptum</strong></span> <span class='ocrx_word' id='word_1_501' title='bbox 2341 2862 2471 2903; x_wconf 86' lang='lat' dir='ltr'><strong>vero</strong></span> <span class='ocrx_word' id='word_1_502' title='bbox 2524 2848 2679 2917; x_wconf 80' lang='lat' dir='ltr'><strong>juxta</strong></span> <span class='ocrx_word' id='word_1_503' title='bbox 2731 2845 2785 2898; x_wconf 88' lang='lat' dir='ltr'><strong>id</strong></span> <span class='ocrx_word' id='word_1_504' title='bbox 2841 2843 2986 2911; x_wconf 89' lang='lat' dir='ltr'><strong>quod</strong></span> <span class='ocrx_word' id='word_1_505' title='bbox 3034 2839 3296 2901; x_wconf 82' lang='lat' dir='ltr'><strong>cernitur,</strong></span> <span class='ocrx_word' id='word_1_506' title='bbox 3349 2850 3471 2890; x_wconf 89' lang='lat' dir='ltr'><strong>esse</strong></span> 
     </span>
    </p>
   </div>
   <div class='ocr_carea' id='block_1_72' title="bbox 1898 2926 3472 3008">
    <p class='ocr_par' dir='ltr' id='par_1_72' title="bbox 1898 2926 3472 3008">
     <span class='ocr_line' id='line_1_72' title="bbox 1898 2926 3472 3008; baseline -0.012 -12"><span class='ocrx_word' id='word_1_507' title='bbox 1898 2941 2121 2997; x_wconf 80' lang='lat' dir='ltr'><strong>sanxit:</strong></span> <span class='ocrx_word' id='word_1_508' title='bbox 2163 2938 2444 3008; x_wconf 86' lang='lat' dir='ltr'><strong>quaternis</strong></span> <span class='ocrx_word' id='word_1_509' title='bbox 2490 2935 2666 2988; x_wconf 82' lang='lat' dir='ltr'><strong>modis</strong></span> <span class='ocrx_word' id='word_1_510' title='bbox 2717 2931 2998 2986; x_wconf 80' lang='lat' dir='ltr'><strong>fundatam</strong></span> <span class='ocrx_word' id='word_1_511' title='bbox 3053 2937 3244 2981; x_wconf 87' lang='lat' dir='ltr'><strong>tenens</strong></span> <span class='ocrx_word' id='word_1_512' title='bbox 3280 2926 3472 2979; x_wconf 88' lang='lat' dir='ltr'><strong>verita-</strong></span> 
     </span>
    </p>
   </div>
   <div class='ocr_carea' id='block_1_73' title="bbox 1899 3016 3468 3089">
    <p class='ocr_par' dir='ltr' id='par_1_73' title="bbox 1899 3016 3468 3089">
     <span class='ocr_line' id='line_1_73' title="bbox 1899 3016 3468 3089; baseline -0.013 -1"><span class='ocrx_word' id='word_1_513' title='bbox 1899 3043 2040 3089; x_wconf 90' lang='lat' dir='ltr'><strong>tem:</strong></span> <span class='ocrx_word' id='word_1_514' title='bbox 2103 3047 2166 3086; x_wconf 82' lang='lat' dir='ltr'><strong>ex</strong></span> <span class='ocrx_word' id='word_1_515' title='bbox 2214 3029 2447 3083; x_wconf 85' lang='lat' dir='ltr'><strong>naturali</strong></span> <span class='ocrx_word' id='word_1_516' title='bbox 2493 3026 2747 3080; x_wconf 90' lang='lat' dir='ltr'><strong>nimirum</strong></span> <span class='ocrx_word' id='word_1_517' title='bbox 2801 3021 3073 3086; x_wconf 89' lang='lat' dir='ltr'><strong>doctrina,</strong></span> <span class='ocrx_word' id='word_1_518' title='bbox 3131 3033 3197 3072; x_wconf 81' lang='lat' dir='ltr'><strong>ex</strong></span> <span class='ocrx_word' id='word_1_519' title='bbox 3245 3016 3468 3070; x_wconf 86' lang='lat' dir='ltr'><strong>Patrum</strong></span> 
     </span>
    </p>
   </div>
   <div class='ocr_carea' id='block_1_74' title="bbox 1900 3109 3471 3190">
    <p class='ocr_par' dir='ltr' id='par_1_74' title="bbox 1900 3109 3471 3190">
     <span class='ocr_line' id='line_1_74' title="bbox 1900 3109 3471 3190; baseline -0.015 -8"><span class='ocrx_word' id='word_1_520' title='bbox 1900 3124 2338 3187; x_wconf 87' lang='lat' dir='ltr'><strong>auctoritatibus,</strong></span> <span class='ocrx_word' id='word_1_521' title='bbox 2366 3137 2432 3175; x_wconf 82' lang='lat' dir='ltr'><strong>ex</strong></span> <span class='ocrx_word' id='word_1_522' title='bbox 2470 3118 2743 3190; x_wconf 83' lang='lat' dir='ltr'><strong>synodicis</strong></span> <span class='ocrx_word' id='word_1_523' title='bbox 2771 3114 3026 3177; x_wconf 86' lang='lat' dir='ltr'><strong>decretis,</strong></span> <span class='ocrx_word' id='word_1_524' title='bbox 3063 3122 3114 3166; x_wconf 95' lang='lat' dir='ltr'><strong>et</strong></span> <span class='ocrx_word' id='word_1_525' title='bbox 3145 3126 3208 3165; x_wconf 79' lang='lat' dir='ltr'><strong>ex</strong></span> <span class='ocrx_word' id='word_1_526' title='bbox 3244 3109 3471 3177; x_wconf 86' lang='lat' dir='ltr'><strong>antiqua</strong></span> 
     </span>
    </p>
   </div>
   <div class='ocr_carea' id='block_1_75' title="bbox 1901 3203 3469 3271">
    <p class='ocr_par' dir='ltr' id='par_1_75' title="bbox 1901 3203 3469 3271">
     <span class='ocr_line' id='line_1_75' title="bbox 1901 3203 3469 3271; baseline -0.011 -1"><span class='ocrx_word' id='word_1_527' title='bbox 1901 3213 2315 3271; x_wconf 83' lang='lat' dir='ltr'><strong>consuetudine.</strong></span> <span class='ocrx_word' id='word_1_528' title='bbox 2381 3208 2691 3264; x_wconf 89' lang='lat' dir='ltr'><strong>Secundum</strong></span> <span class='ocrx_word' id='word_1_529' title='bbox 2747 3203 3052 3259; x_wconf 87' lang='lat' dir='ltr'><strong>naturalem</strong></span> <span class='ocrx_word' id='word_1_530' title='bbox 3115 3216 3244 3269; x_wconf 75' lang='lat' dir='ltr'><strong>ergo</strong></span> <span class='ocrx_word' id='word_1_531' title='bbox 3272 3213 3469 3253; x_wconf 87' lang='lat' dir='ltr'><strong>conse-</strong></span> 
     </span>
    </p>
   </div>
   <div class='ocr_carea' id='block_1_76' title="bbox 1903 3289 3474 3379">
    <p class='ocr_par' dir='ltr' id='par_1_76' title="bbox 1903 3289 3474 3379">
     <span class='ocr_line' id='line_1_76' title="bbox 1903 3289 3474 3379; baseline -0.016 -16"><span class='ocrx_word' id='word_1_532' title='bbox 1903 3306 2201 3379; x_wconf 86' lang='lat' dir='ltr'><strong>quentiam,</strong></span> <span class='ocrx_word' id='word_1_533' title='bbox 2225 3301 2376 3357; x_wconf 86' lang='lat' dir='ltr'><strong>verbi</strong></span> <span class='ocrx_word' id='word_1_534' title='bbox 2413 3299 2609 3372; x_wconf 79' lang='lat' dir='ltr'><strong>gratia,</strong></span> <span class='ocrx_word' id='word_1_535' title='bbox 2636 3295 2969 3365; x_wconf 85' lang='lat' dir='ltr'><strong>evangelista</strong></span> <span class='ocrx_word' id='word_1_536' title='bbox 3001 3291 3237 3346; x_wconf 83' lang='lat' dir='ltr'><strong>Joannes</strong></span> <span class='ocrx_word' id='word_1_537' title='bbox 3253 3289 3474 3343; x_wconf 83' lang='lat' dir='ltr'><strong>demon-</strong></span> 
     </span>
    </p>
   </div>
   <div class='ocr_carea' id='block_1_77' title="bbox 1902 3381 3471 3464">
    <p class='ocr_par' dir='ltr' id='par_1_77' title="bbox 1902 3381 3471 3464">
     <span class='ocr_line' id='line_1_77' title="bbox 1902 3381 3471 3464; baseline -0.015 -10"><span class='ocrx_word' id='word_1_538' title='bbox 1902 3407 2061 3464; x_wconf 85' lang='lat' dir='ltr'><strong>strat,</strong></span> <span class='ocrx_word' id='word_1_539' title='bbox 2093 3412 2218 3452; x_wconf 89' lang='lat' dir='ltr'><strong>cum</strong></span> <span class='ocrx_word' id='word_1_540' title='bbox 2255 3396 2367 3449; x_wconf 85' lang='lat' dir='ltr'><strong>ait:</strong></span> <span class='ocrx_word' id='word_1_541' title='bbox 2403 3393 2472 3446; x_wconf 78' lang='lat' dir='ltr'><strong>Et</strong></span> <span class='ocrx_word' id='word_1_542' title='bbox 2509 3390 2732 3448; x_wconf 82' lang='lat' dir='ltr'><strong>Verbum</strong></span> <span class='ocrx_word' id='word_1_543' title='bbox 2772 3405 2896 3442; x_wconf 88' lang='lat' dir='ltr'><strong>caro</strong></span> <span class='ocrx_word' id='word_1_544' title='bbox 2927 3386 3126 3454; x_wconf 75' lang='lat' dir='ltr'><strong>factum</strong></span> <span class='ocrx_word' id='word_1_545' title='bbox 3174 3392 3273 3447; x_wconf 77' lang='lat' dir='ltr'><strong>est,</strong></span> <span class='ocrx_word' id='word_1_546' title='bbox 3297 3391 3346 3434; x_wconf 86' lang='lat' dir='ltr'><strong>et</strong></span> <span class='ocrx_word' id='word_1_547' title='bbox 3371 3381 3471 3432; x_wconf 84' lang='lat' dir='ltr'><strong>Ita-</strong></span> 
     </span>
    </p>
   </div>
   <div class='ocr_carea' id='block_1_78' title="bbox 1904 3475 3469 3547">
    <p class='ocr_par' dir='ltr' id='par_1_78' title="bbox 1904 3475 3469 3547">
     <span class='ocr_line' id='line_1_78' title="bbox 1904 3475 3469 3547; baseline -0.013 -2"><span class='ocrx_word' id='word_1_548' title='bbox 1904 3492 2089 3547; x_wconf 83' lang='lat' dir='ltr'><strong>bitavit</strong></span> <span class='ocrx_word' id='word_1_549' title='bbox 2118 3492 2173 3544; x_wconf 76' lang='lat' dir='ltr'><strong>in</strong></span> <span class='ocrx_word' id='word_1_550' title='bbox 2216 3488 2360 3542; x_wconf 79' lang='lat' dir='ltr'><strong>nobis</strong></span> <span class='ocrx_word' id='word_1_551' title='bbox 2383 3489 2449 3543; x_wconf 80' lang='grc'><strong>⁵⁸.</strong></span> <span class='ocrx_word' id='word_1_552' title='bbox 2498 3484 2707 3539; x_wconf 89' lang='lat' dir='ltr'><strong>Etenim</strong></span> <span class='ocrx_word' id='word_1_553' title='bbox 2742 3482 2789 3538; x_wconf 85' lang='lat' dir='ltr'><strong>si</strong></span> <span class='ocrx_word' id='word_1_554' title='bbox 2822 3479 3060 3534; x_wconf 84' lang='lat' dir='ltr'><strong>Verbum</strong></span> <span class='ocrx_word' id='word_1_555' title='bbox 3096 3491 3224 3531; x_wconf 89' lang='lat' dir='ltr'><strong>caro</strong></span> <span class='ocrx_word' id='word_1_556' title='bbox 3266 3475 3469 3529; x_wconf 81' lang='lat' dir='ltr'><strong>factum</strong></span> 
     </span>
    </p>
   </div>
   <div class='ocr_carea' id='block_1_79' title="bbox 1901 3564 3473 3657">
    <p class='ocr_par' dir='ltr' id='par_1_79' title="bbox 1901 3564 3473 3657">
     <span class='ocr_line' id='line_1_79' title="bbox 1901 3564 3473 3657; baseline -0.016 -17"><span class='ocrx_word' id='word_1_557' title='bbox 1901 3593 2005 3657; x_wconf 76' lang='lat' dir='ltr'><strong>est,</strong></span> <span class='ocrx_word' id='word_1_558' title='bbox 2060 3581 2404 3654; x_wconf 85' lang='lat' dir='ltr'><strong>perspicuum</strong></span> <span class='ocrx_word' id='word_1_559' title='bbox 2445 3578 2652 3647; x_wconf 88' lang='lat' dir='ltr'><strong>utique,</strong></span> <span class='ocrx_word' id='word_1_560' title='bbox 2703 3574 2867 3645; x_wconf 91' lang='lat' dir='ltr'><strong>quod,</strong></span> <span class='ocrx_word' id='word_1_561' title='bbox 2924 3581 2982 3625; x_wconf 89' lang='lat' dir='ltr'><strong>ut</strong></span> <span class='ocrx_word' id='word_1_562' title='bbox 3015 3564 3275 3632; x_wconf 78' lang='lat' dir='ltr'><strong>Verbum,</strong></span> <span class='ocrx_word' id='word_1_563' title='bbox 3305 3566 3473 3619; x_wconf 90' lang='lat' dir='ltr'><strong>incir-</strong></span> 
     </span>
    </p>
   </div>
   <div class='ocr_carea' id='block_1_80' title="bbox 1903 3658 3470 3743">
    <p class='ocr_par' dir='ltr' id='par_1_80' title="bbox 1903 3658 3470 3743">
     <span class='ocr_line' id='line_1_80' title="bbox 1903 3658 3470 3743; baseline -0.015 -12"><span class='ocrx_word' id='word_1_564' title='bbox 1903 3674 2293 3743; x_wconf 88' lang='lat' dir='ltr'><strong>cumscriptum</strong></span> <span class='ocrx_word' id='word_1_565' title='bbox 2318 3687 2334 3736; x_wconf 88' lang='lat'><strong>;</strong></span> <span class='ocrx_word' id='word_1_566' title='bbox 2365 3678 2425 3724; x_wconf 91' lang='lat' dir='ltr'><strong>ut</strong></span> <span class='ocrx_word' id='word_1_567' title='bbox 2453 3684 2603 3731; x_wconf 89' lang='lat' dir='ltr'><strong>caro,</strong></span> <span class='ocrx_word' id='word_1_568' title='bbox 2630 3664 3131 3733; x_wconf 87' lang='lat' dir='ltr'><strong>circumscriptum.</strong></span> <span class='ocrx_word' id='word_1_569' title='bbox 3165 3658 3230 3712; x_wconf 82' lang='grc' dir='ltr'>Ει</span> <span class='ocrx_word' id='word_1_570' title='bbox 3260 3658 3470 3710; x_wconf 77' lang='lat' dir='ltr'><strong>habita-</strong></span> 
     </span>
    </p>
   </div>
   <div class='ocr_carea' id='block_1_81' title="bbox 1902 3745 3471 3826">
    <p class='ocr_par' dir='ltr' id='par_1_81' title="bbox 1902 3745 3471 3826">
     <span class='ocr_line' id='line_1_81' title="bbox 1902 3745 3471 3826; baseline -0.015 -4"><span class='ocrx_word' id='word_1_571' title='bbox 1902 3770 1976 3822; x_wconf 83' lang='lat' dir='ltr'><strong>vit</strong></span> <span class='ocrx_word' id='word_1_572' title='bbox 2009 3768 2066 3820; x_wconf 80' lang='lat' dir='ltr'><strong>in</strong></span> <span class='ocrx_word' id='word_1_573' title='bbox 2094 3766 2239 3819; x_wconf 78' lang='lat' dir='ltr'><strong>nobis</strong></span> <span class='ocrx_word' id='word_1_574' title='bbox 2270 3779 2288 3818; x_wconf 92' lang='lat'><strong>:</strong></span> <span class='ocrx_word' id='word_1_575' title='bbox 2314 3777 2438 3817; x_wconf 90' lang='lat' dir='ltr'><strong>cum</strong></span> <span class='ocrx_word' id='word_1_576' title='bbox 2470 3759 2614 3814; x_wconf 90' lang='lat' dir='ltr'><strong>aliud</strong></span> <span class='ocrx_word' id='word_1_577' title='bbox 2642 3758 2714 3813; x_wconf 87' lang='lat' dir='ltr'><strong>sit</strong></span> <span class='ocrx_word' id='word_1_578' title='bbox 2741 3755 2886 3826; x_wconf 92' lang='lat' dir='ltr'><strong>quod</strong></span> <span class='ocrx_word' id='word_1_579' title='bbox 2921 3752 3212 3813; x_wconf 89' lang='lat' dir='ltr'><strong>inhabitat,</strong></span> <span class='ocrx_word' id='word_1_580' title='bbox 3239 3759 3292 3803; x_wconf 91' lang='lat' dir='ltr'><strong>et</strong></span> <span class='ocrx_word' id='word_1_581' title='bbox 3323 3745 3471 3802; x_wconf 86' lang='lat' dir='ltr'><strong>aliud</strong></span> 
     </span>
    </p>
   </div>
   <div class='ocr_carea' id='block_1_82' title="bbox 1903 3839 3472 3929">
    <p class='ocr_par' dir='ltr' id='par_1_82' title="bbox 1903 3839 3472 3929">
     <span class='ocr_line' id='line_1_82' title="bbox 1903 3839 3472 3929; baseline -0.015 -15"><span class='ocrx_word' id='word_1_582' title='bbox 1903 3839 2080 3929; x_wconf 79' lang='lat' dir='ltr'><strong>ipsum</strong></span> <span class='ocrx_word' id='word_1_583' title='bbox 2113 3854 2505 3918; x_wconf 89' lang='lat' dir='ltr'><strong>habitaculum;</strong></span> <span class='ocrx_word' id='word_1_584' title='bbox 2536 3849 2835 3904; x_wconf 88' lang='lat' dir='ltr'><strong>secundum</strong></span> <span class='ocrx_word' id='word_1_585' title='bbox 2866 3845 3092 3900; x_wconf 90' lang='lat' dir='ltr'><strong>alterum</strong></span> <span class='ocrx_word' id='word_1_586' title='bbox 3119 3840 3472 3896; x_wconf 90' lang='lat' dir='ltr'><strong>circumscri-</strong></span> 
     </span>
    </p>
   </div>
   <div class='ocr_carea' id='block_1_83' title="bbox 1902 3935 3473 4015">
    <p class='ocr_par' dir='ltr' id='par_1_83' title="bbox 1902 3935 3473 4015">
     <span class='ocr_line' id='line_1_83' title="bbox 1902 3935 3473 4015; baseline -0.013 -10"><span class='ocrx_word' id='word_1_587' title='bbox 1902 3951 2099 4015; x_wconf 89' lang='lat' dir='ltr'><strong>betur;</strong></span> <span class='ocrx_word' id='word_1_588' title='bbox 2149 3945 2448 4002; x_wconf 90' lang='lat' dir='ltr'><strong>secundum</strong></span> <span class='ocrx_word' id='word_1_589' title='bbox 2503 3945 2734 3996; x_wconf 87' lang='lat' dir='ltr'><strong>alterum</strong></span> <span class='ocrx_word' id='word_1_590' title='bbox 2782 3950 2962 3993; x_wconf 91' lang='lat' dir='ltr'><strong>autem</strong></span> <span class='ocrx_word' id='word_1_591' title='bbox 2991 3950 3211 3992; x_wconf 90' lang='lat' dir='ltr'><strong>omnem</strong></span> <span class='ocrx_word' id='word_1_592' title='bbox 3236 3935 3473 3988; x_wconf 87' lang='lat' dir='ltr'><strong>circum-</strong></span> 
     </span>
    </p>
   </div>
   <div class='ocr_carea' id='block_1_84' title="bbox 1903 4025 3475 4107">
    <p class='ocr_par' dir='ltr' id='par_1_84' title="bbox 1903 4025 3475 4107">
     <span class='ocr_line' id='line_1_84' title="bbox 1903 4025 3475 4107; baseline -0.013 -12"><span class='ocrx_word' id='word_1_593' title='bbox 1903 4038 2253 4107; x_wconf 88' lang='lat' dir='ltr'><strong>scriptionem</strong></span> <span class='ocrx_word' id='word_1_594' title='bbox 2288 4034 2518 4089; x_wconf 79' lang='lat' dir='ltr'><strong>excedit.</strong></span> <span class='ocrx_word' id='word_1_595' title='bbox 2551 4030 2619 4085; x_wconf 87' lang='lat' dir='ltr'><strong>Et</strong></span> <span class='ocrx_word' id='word_1_596' title='bbox 2668 4044 2795 4086; x_wconf 84' lang='lat' dir='ltr'><strong>vero</strong></span> <span class='ocrx_word' id='word_1_597' title='bbox 2826 4029 3155 4099; x_wconf 89' lang='lat' dir='ltr'><strong>quibusnam</strong></span> <span class='ocrx_word' id='word_1_598' title='bbox 3181 4025 3352 4094; x_wconf 78' lang='lat' dir='ltr'><strong>signis</strong></span> <span class='ocrx_word' id='word_1_599' title='bbox 3377 4025 3475 4077; x_wconf 85' lang='lat' dir='ltr'><strong>ho-</strong></span> 
     </span>
    </p>
   </div>
   <div class='ocr_carea' id='block_1_85' title="bbox 1904 4116 3476 4199">
    <p class='ocr_par' dir='ltr' id='par_1_85' title="bbox 1904 4116 3476 4199">
     <span class='ocr_line' id='line_1_85' title="bbox 1904 4116 3476 4199; baseline -0.011 -14"><span class='ocrx_word' id='word_1_600' title='bbox 1904 4146 1995 4185; x_wconf 88' lang='lat' dir='ltr'><strong>mo</strong></span> <span class='ocrx_word' id='word_1_601' title='bbox 2013 4144 2133 4185; x_wconf 83' lang='lat' dir='ltr'><strong>esse</strong></span> <span class='ocrx_word' id='word_1_602' title='bbox 2166 4133 2552 4199; x_wconf 78' lang='lat' dir='ltr'><strong>cognoscetur,</strong></span> <span class='ocrx_word' id='word_1_603' title='bbox 2585 4125 2689 4178; x_wconf 91' lang='lat' dir='ltr'><strong>nisi</strong></span> <span class='ocrx_word' id='word_1_604' title='bbox 2721 4119 3140 4178; x_wconf 83' lang='lat' dir='ltr'><strong>assimilationis</strong></span> <span class='ocrx_word' id='word_1_605' title='bbox 3169 4116 3476 4186; x_wconf 89' lang='lat' dir='ltr'><strong>proprieta-</strong></span> 
     </span>
    </p>
   </div>
   <div class='ocr_carea' id='block_1_86' title="bbox 1905 4208 3476 4291">
    <p class='ocr_par' dir='ltr' id='par_1_86' title="bbox 1905 4208 3476 4291">
     <span class='ocr_line' id='line_1_86' title="bbox 1905 4208 3476 4291; baseline -0.01 -16"><span class='ocrx_word' id='word_1_606' title='bbox 1905 4230 2034 4287; x_wconf 90' lang='lat' dir='ltr'><strong>tem,</strong></span> <span class='ocrx_word' id='word_1_607' title='bbox 2052 4236 2173 4291; x_wconf 71' lang='lat' dir='ltr'><strong>quae</strong></span> <span class='ocrx_word' id='word_1_608' title='bbox 2191 4221 2246 4274; x_wconf 90' lang='lat' dir='ltr'><strong>in</strong></span> <span class='ocrx_word' id='word_1_609' title='bbox 2267 4218 2552 4274; x_wconf 79' lang='lat' dir='ltr'><strong>ell‘ormato</strong></span> <span class='ocrx_word' id='word_1_610' title='bbox 2578 4218 2798 4271; x_wconf 87' lang='lat' dir='ltr'><strong>homine</strong></span> <span class='ocrx_word' id='word_1_611' title='bbox 2819 4214 2991 4284; x_wconf 91' lang='lat' dir='ltr'><strong>prima</strong></span> <span class='ocrx_word' id='word_1_612' title='bbox 3023 4221 3126 4275; x_wconf 88' lang='lat' dir='ltr'><strong>est,</strong></span> <span class='ocrx_word' id='word_1_613' title='bbox 3153 4208 3476 4262; x_wconf 87' lang='lat' dir='ltr'><strong>naturaliter</strong></span> 
     </span>
    </p>
   </div>
   <div class='ocr_carea' id='block_1_87' title="bbox 1905 4297 3478 4380">
    <p class='ocr_par' dir='ltr' id='par_1_87' title="bbox 1905 4297 3478 4380">
     <span class='ocr_line' id='line_1_87' title="bbox 1905 4297 3478 4380; baseline -0.011 -12"><span class='ocrx_word' id='word_1_614' title='bbox 1905 4314 2149 4368; x_wconf 89' lang='lat' dir='ltr'><strong>obtineat</strong></span> <span class='ocrx_word' id='word_1_615' title='bbox 2181 4329 2196 4367; x_wconf 86' lang='lat'><strong>:</strong></span> <span class='ocrx_word' id='word_1_616' title='bbox 2225 4326 2333 4380; x_wconf 89' lang='lat' dir='ltr'><strong>qua</strong></span> <span class='ocrx_word' id='word_1_617' title='bbox 2372 4309 2609 4371; x_wconf 81' lang='lat' dir='ltr'><strong>sublata,</strong></span> <span class='ocrx_word' id='word_1_618' title='bbox 2641 4319 2815 4360; x_wconf 84' lang='lat' dir='ltr'><strong>vanus</strong></span> <span class='ocrx_word' id='word_1_619' title='bbox 2847 4313 2900 4359; x_wconf 91' lang='lat' dir='ltr'><strong>et</strong></span> <span class='ocrx_word' id='word_1_620' title='bbox 2930 4302 3113 4356; x_wconf 89' lang='lat' dir='ltr'><strong>nullus</strong></span> <span class='ocrx_word' id='word_1_621' title='bbox 3146 4308 3229 4356; x_wconf 90' lang='lat' dir='ltr'><strong>est</strong></span> <span class='ocrx_word' id='word_1_622' title='bbox 3269 4297 3478 4354; x_wconf 75' lang='lat' dir='ltr'><strong>homo?</strong></span> 
     </span>
    </p>
   </div>
   <div class='ocr_carea' id='block_1_88' title="bbox 1906 4388 3477 4473">
    <p class='ocr_par' dir='ltr' id='par_1_88' title="bbox 1906 4388 3477 4473">
     <span class='ocr_line' id='line_1_88' title="bbox 1906 4388 3477 4473; baseline -0.011 -15"><span class='ocrx_word' id='word_1_623' title='bbox 1906 4403 2070 4473; x_wconf 85' lang='lat' dir='ltr'><strong>Atqui</strong></span> <span class='ocrx_word' id='word_1_624' title='bbox 2103 4402 2266 4456; x_wconf 90' lang='lat' dir='ltr'><strong>homo</strong></span> <span class='ocrx_word' id='word_1_625' title='bbox 2305 4413 2432 4454; x_wconf 88' lang='lat' dir='ltr'><strong>vere</strong></span> <span class='ocrx_word' id='word_1_626' title='bbox 2468 4405 2552 4452; x_wconf 89' lang='lat' dir='ltr'><strong>est</strong></span> <span class='ocrx_word' id='word_1_627' title='bbox 2582 4413 2596 4450; x_wconf 91' lang='lat'><strong>:</strong></span> <span class='ocrx_word' id='word_1_628' title='bbox 2626 4411 2776 4465; x_wconf 73' lang='lat' dir='ltr'><strong>ergo,</strong></span> <span class='ocrx_word' id='word_1_629' title='bbox 2814 4403 2874 4448; x_wconf 94' lang='lat' dir='ltr'><strong>ut</strong></span> <span class='ocrx_word' id='word_1_630' title='bbox 2906 4393 3089 4456; x_wconf 88' lang='lat' dir='ltr'><strong>homo,</strong></span> <span class='ocrx_word' id='word_1_631' title='bbox 3126 4388 3477 4445; x_wconf 88' lang='lat' dir='ltr'><strong>circumscri-</strong></span> 
     </span>
    </p>
   </div>
   <div class='ocr_carea' id='block_1_89' title="bbox 1906 4479 3475 4564">
    <p class='ocr_par' dir='ltr' id='par_1_89' title="bbox 1906 4479 3475 4564">
     <span class='ocr_line' id='line_1_89' title="bbox 1906 4479 3475 4564; baseline -0.012 -14"><span class='ocrx_word' id='word_1_632' title='bbox 1906 4501 2154 4564; x_wconf 89' lang='lat' dir='ltr'><strong>ptus;et</strong></span> <span class='ocrx_word' id='word_1_633' title='bbox 2186 4500 2247 4545; x_wconf 94' lang='lat' dir='ltr'><strong>ut</strong></span> <span class='ocrx_word' id='word_1_634' title='bbox 2289 4489 2453 4553; x_wconf 89' lang='lat' dir='ltr'><strong>Deus,</strong></span> <span class='ocrx_word' id='word_1_635' title='bbox 2513 4485 3041 4552; x_wconf 89' lang='lat' dir='ltr'><strong>incircumscriptus.</strong></span> <span class='ocrx_word' id='word_1_636' title='bbox 3093 4480 3210 4547; x_wconf 87' lang='lat' dir='ltr'><strong>Qua</strong></span> <span class='ocrx_word' id='word_1_637' title='bbox 3255 4479 3475 4551; x_wconf 71' lang='lat' dir='ltr'><strong>quidem</strong></span> 
     </span>
    </p>
   </div>
   <div class='ocr_carea' id='block_1_90' title="bbox 229 4573 1799 4658">
    <p class='ocr_par' dir='ltr' id='par_1_90' title="bbox 229 4581 1799 4658">
     <span class='ocr_line' id='line_1_90' title="bbox 229 4581 1799 4658; baseline -0.005 -16"><span class='ocrx_word' id='word_1_638' title='bbox 229 4591 495 4658; x_wconf 85' lang='grc' dir='ltr'>μὰτισεν,</span> <span class='ocrx_word' id='word_1_639' title='bbox 526 4585 600 4648; x_wconf 85' lang='grc' dir='ltr'>ὼς</span> <span class='ocrx_word' id='word_1_640' title='bbox 653 4589 721 4638; x_wconf 74' lang='grc' dir='ltr'>τὰ</span> <span class='ocrx_word' id='word_1_641' title='bbox 769 4584 1049 4656; x_wconf 78' lang='grc' dir='ltr'>ἀμφότερα</span> <span class='ocrx_word' id='word_1_642' title='bbox 1098 4583 1241 4651; x_wconf 84' lang='grc' dir='ltr'>ἀκρα</span> <span class='ocrx_word' id='word_1_643' title='bbox 1279 4581 1415 4652; x_wconf 77' lang='grc' dir='ltr'>πρὸς</span> <span class='ocrx_word' id='word_1_644' title='bbox 1446 4581 1636 4635; x_wconf 74' lang='grc' dir='ltr'>ἑαυτὸν</span> <span class='ocrx_word' id='word_1_645' title='bbox 1692 4598 1799 4634; x_wconf 90' lang='grc' dir='ltr'>συν·</span> 
     </span>
    </p>
   </div>
   <div class='ocr_carea' id='block_1_91' title="bbox 1903 4573 3478 4658">
    <p class='ocr_par' dir='ltr' id='par_1_91' title="bbox 1916 4573 3478 4640">
     <span class='ocr_line' id='line_1_91' title="bbox 1916 4573 3478 4640; baseline -0.01 -1"><span class='ocrx_word' id='word_1_646' title='bbox 1916 4586 2124 4640; x_wconf 85' lang='lat' dir='ltr'><strong>ratione</strong></span> <span class='ocrx_word' id='word_1_647' title='bbox 2158 4582 2424 4637; x_wconf 85' lang='lat' dir='ltr'><strong>mediator</strong></span> <span class='ocrx_word' id='word_1_648' title='bbox 2479 4579 2572 4633; x_wconf 88' lang='lat' dir='ltr'><strong>Dei</strong></span> <span class='ocrx_word' id='word_1_649' title='bbox 2621 4586 2676 4633; x_wconf 88' lang='lat' dir='ltr'><strong>et</strong></span> <span class='ocrx_word' id='word_1_650' title='bbox 2721 4577 3002 4632; x_wconf 89' lang='lat' dir='ltr'><strong>hominum</strong></span> <span class='ocrx_word' id='word_1_651' title='bbox 3055 4573 3231 4628; x_wconf 85' lang='lat' dir='ltr'><strong>factus</strong></span> <span class='ocrx_word' id='word_1_652' title='bbox 3269 4583 3372 4635; x_wconf 85' lang='lat' dir='ltr'><strong>est,</strong></span> <span class='ocrx_word' id='word_1_653' title='bbox 3418 4578 3478 4623; x_wconf 91' lang='lat' dir='ltr'><strong>ut</strong></span> 
     </span>
    </p>
   </div>
   <div class='ocr_carea' id='block_1_92' title="bbox 225 4673 1809 4747">
    <p class='ocr_par' dir='ltr' id='par_1_92' title="bbox 225 4673 1809 4747">
     <span class='ocr_line' id='line_1_92' title="bbox 225 4673 1809 4747; baseline -0.008 -10"><span class='ocrx_word' id='word_1_654' title='bbox 225 4684 453 4747; x_wconf 80' lang='grc' dir='ltr'>ἀπτων,</span> <span class='ocrx_word' id='word_1_655' title='bbox 483 4680 576 4732; x_wconf 74' lang='grc' dir='ltr'><strong>καὶ</strong></span> <span class='ocrx_word' id='word_1_656' title='bbox 606 4678 891 4747; x_wconf 82' lang='grc' dir='ltr'>ἀμφότερα</span> <span class='ocrx_word' id='word_1_657' title='bbox 923 4676 1204 4746; x_wconf 81' lang='grc' dir='ltr'>ὑπάρχων,</span> <span class='ocrx_word' id='word_1_658' title='bbox 1240 4674 1334 4727; x_wconf 76' lang='grc' dir='ltr'><strong>καὶ</strong></span> <span class='ocrx_word' id='word_1_659' title='bbox 1363 4673 1427 4726; x_wconf 87' lang='grc' dir='ltr'><strong>τά</strong></span> <span class='ocrx_word' id='word_1_660' title='bbox 1476 4673 1585 4726; x_wconf 84' lang='grc' dir='ltr'>τῶν</span> <span class='ocrx_word' id='word_1_661' title='bbox 1635 4673 1809 4743; x_wconf 81' lang='grc' dir='ltr'><strong>ἀμφο⁸</strong></span> 
     </span>
    </p>
   </div>
   <div class='ocr_carea' id='block_1_93' title="bbox 224 4763 1810 4844">
    <p class='ocr_par' dir='ltr' id='par_1_93' title="bbox 224 4763 1810 4844">
     <span class='ocr_line' id='line_1_93' title="bbox 224 4763 1810 4844; baseline -0.007 -17"><span class='ocrx_word' id='word_1_662' title='bbox 224 4775 435 4844; x_wconf 83' lang='grc' dir='ltr'>τέρων,</span> <span class='ocrx_word' id='word_1_663' title='bbox 463 4771 523 4837; x_wconf 83' lang='grc' dir='ltr'><strong>ὲξ</strong></span> <span class='ocrx_word' id='word_1_664' title='bbox 565 4763 639 4822; x_wconf 80' lang='grc' dir='ltr'>ὧν</span> <span class='ocrx_word' id='word_1_665' title='bbox 684 4768 964 4837; x_wconf 83' lang='grc' dir='ltr'>συνετέθη,</span> <span class='ocrx_word' id='word_1_666' title='bbox 1020 4767 1235 4837; x_wconf 87' lang='grc' dir='ltr'>φύσεων</span> <span class='ocrx_word' id='word_1_667' title='bbox 1279 4763 1541 4834; x_wconf 83' lang='grc' dir='ltr'>ἰδιώματα</span> <span class='ocrx_word' id='word_1_668' title='bbox 1593 4766 1650 4817; x_wconf 81' lang='grc' dir='ltr'><strong>ὲν</strong></span> <span class='ocrx_word' id='word_1_669' title='bbox 1713 4766 1810 4836; x_wconf 78' lang='grc' dir='ltr'>μιᾷ</span> 
     </span>
    </p>
   </div>
   <div class='ocr_carea' id='block_1_94' title="bbox 224 4857 1810 4931">
    <p class='ocr_par' dir='ltr' id='par_1_94' title="bbox 224 4857 1810 4931">
     <span class='ocr_line' id='line_1_94' title="bbox 224 4857 1810 4931; baseline -0.004 -13"><span class='ocrx_word' id='word_1_670' title='bbox 224 4864 541 4918; x_wconf 83' lang='grc' dir='ltr'>ὑποστάσει</span> <span class='ocrx_word' id='word_1_671' title='bbox 562 4860 860 4924; x_wconf 85' lang='grc' dir='ltr'>ἀνελλιπῶς</span> <span class='ocrx_word' id='word_1_672' title='bbox 887 4859 1222 4931; x_wconf 85' lang='grc' dir='ltr'>κεκτημένος</span> <span class='ocrx_word' id='word_1_673' title='bbox 1243 4875 1255 4888; x_wconf 81' lang='grc'><strong><em>⁸</em></strong></span> <span class='ocrx_word' id='word_1_674' title='bbox 1283 4858 1345 4910; x_wconf 74' lang='grc' dir='ltr'>ἐκ</span> <span class='ocrx_word' id='word_1_675' title='bbox 1366 4875 1425 4911; x_wconf 90' lang='grc' dir='ltr'><strong>τε</strong></span> <span class='ocrx_word' id='word_1_676' title='bbox 1452 4857 1685 4928; x_wconf 84' lang='grc' dir='ltr'>Πατρὸς,</span> <span class='ocrx_word' id='word_1_677' title='bbox 1713 4859 1810 4912; x_wconf 85' lang='grc' dir='ltr'>σὺν</span> 
     </span>
    </p>
   </div>
   <div class='ocr_carea' id='block_1_95' title="bbox 226 4949 1806 5020">
    <p class='ocr_par' dir='ltr' id='par_1_95' title="bbox 226 4949 1806 5020">
     <span class='ocr_line' id='line_1_95' title="bbox 226 4949 1806 5020; baseline -0.004 -10"><span class='ocrx_word' id='word_1_678' title='bbox 226 4960 398 5018; x_wconf 73' lang='grc' dir='ltr'>πᾶσι,</span> <span class='ocrx_word' id='word_1_679' title='bbox 437 4954 612 5008; x_wconf 76' lang='grc' dir='ltr'>καὶτὸ</span> <span class='ocrx_word' id='word_1_680' title='bbox 635 4953 1043 5020; x_wconf 79' lang='grc' dir='ltr'>ἀπερίγραπτον</span> <span class='ocrx_word' id='word_1_681' title='bbox 1063 4966 1076 4980; x_wconf 75' lang='grc' dir='ltr'><strong>ο</strong></span> <span class='ocrx_word' id='word_1_682' title='bbox 1109 4949 1337 5018; x_wconf 72' lang='grc' dir='ltr'>ἐπείπερ</span> <span class='ocrx_word' id='word_1_683' title='bbox 1358 4949 1549 5020; x_wconf 77' lang='grc' dir='ltr'>εἴρηκε</span> <span class='ocrx_word' id='word_1_684' title='bbox 1581 4950 1806 5003; x_wconf 79' lang='grc' dir='ltr'>’Πάντα</span> 
     </span>
    </p>
   </div>
   <div class='ocr_carea' id='block_1_96' title="bbox 225 5041 1810 5116">
    <p class='ocr_par' dir='ltr' id='par_1_96' title="bbox 225 5041 1810 5116">
     <span class='ocr_line' id='line_1_96' title="bbox 225 5041 1810 5116; baseline -0.004 -16"><span class='ocrx_word' id='word_1_685' title='bbox 225 5051 304 5102; x_wconf 85' lang='grc' dir='ltr'>τὰ</span> <span class='ocrx_word' id='word_1_686' title='bbox 335 5049 459 5116; x_wconf 81' lang='grc' dir='ltr'>ἐμὰ</span> <span class='ocrx_word' id='word_1_687' title='bbox 511 5044 595 5099; x_wconf 75' lang='grc' dir='ltr'>σά</span> <span class='ocrx_word' id='word_1_688' title='bbox 632 5043 918 5106; x_wconf 51' lang='grc' dir='ltr'>ἐστιμιαὶ</span> <span class='ocrx_word' id='word_1_689' title='bbox 955 5043 1025 5097; x_wconf 84' lang='grc' dir='ltr'>τὰ</span> <span class='ocrx_word' id='word_1_690' title='bbox 1061 5042 1142 5096; x_wconf 85' lang='grc' dir='ltr'>σὰ</span> <span class='ocrx_word' id='word_1_691' title='bbox 1169 5042 1281 5111; x_wconf 82' lang='grc' dir='ltr'>ἐμά</span> <span class='ocrx_word' id='word_1_692' title='bbox 1305 5059 1318 5073; x_wconf 68' lang='grc' dir='ltr'><em>υ</em></span> <span class='ocrx_word' id='word_1_693' title='bbox 1355 5041 1418 5095; x_wconf 75' lang='grc' dir='ltr'>ἐκ</span> <span class='ocrx_word' id='word_1_694' title='bbox 1473 5060 1532 5094; x_wconf 85' lang='grc' dir='ltr'><strong>τε</strong></span> <span class='ocrx_word' id='word_1_695' title='bbox 1563 5043 1810 5114; x_wconf 78' lang='grc' dir='ltr'>Μητρὸς,</span> 
     </span>
    </p>
   </div>
   <div class='ocr_carea' id='block_1_97' title="bbox 228 5134 1814 5206">
    <p class='ocr_par' dir='ltr' id='par_1_97' title="bbox 228 5134 1814 5206">
     <span class='ocr_line' id='line_1_97' title="bbox 228 5134 1814 5206; baseline -0.003 -15"><span class='ocrx_word' id='word_1_696' title='bbox 228 5156 336 5190; x_wconf 88' lang='grc' dir='ltr'><strong>συν</strong></span> <span class='ocrx_word' id='word_1_697' title='bbox 392 5139 566 5203; x_wconf 84' lang='grc' dir='ltr'>πᾶσι,</span> <span class='ocrx_word' id='word_1_698' title='bbox 611 5139 703 5190; x_wconf 75' lang='grc' dir='ltr'><strong>καὶ</strong></span> <span class='ocrx_word' id='word_1_699' title='bbox 746 5136 810 5188; x_wconf 76' lang='grc' dir='ltr'><strong>τὸ</strong></span> <span class='ocrx_word' id='word_1_700' title='bbox 859 5135 1276 5206; x_wconf 84' lang='grc' dir='ltr'>περιγραπτόν·</span> <span class='ocrx_word' id='word_1_701' title='bbox 1324 5134 1558 5206; x_wconf 77' lang='grc' dir='ltr'>ἐπείπερ</span> <span class='ocrx_word' id='word_1_702' title='bbox 1609 5134 1814 5204; x_wconf 87' lang='grc' dir='ltr'>γέγρα-</span> 
     </span>
    </p>
   </div>
   <div class='ocr_carea' id='block_1_98' title="bbox 226 5229 1814 5301">
    <p class='ocr_par' dir='ltr' id='par_1_98' title="bbox 226 5229 1814 5301">
     <span class='ocr_line' id='line_1_98' title="bbox 226 5229 1814 5301; baseline -0.004 -15"><span class='ocrx_word' id='word_1_703' title='bbox 226 5251 399 5286; x_wconf 80' lang='grc' dir='ltr'>πται.</span> <span class='ocrx_word' id='word_1_704' title='bbox 471 5235 554 5287; x_wconf 87' lang='grc' dir='ltr'><em>Οὐ</em></span> <span class='ocrx_word' id='word_1_705' title='bbox 611 5235 722 5301; x_wconf 79' lang='grc' dir='ltr'>γὰρ</span> <span class='ocrx_word' id='word_1_706' title='bbox 755 5230 951 5296; x_wconf 77' lang='grc' dir='ltr'>δήπου</span> <span class='ocrx_word' id='word_1_707' title='bbox 993 5230 1260 5299; x_wconf 72' lang='grc' dir='ltr'>ἀγγέλων</span> <span class='ocrx_word' id='word_1_708' title='bbox 1311 5229 1772 5296; x_wconf 79' lang='grc' dir='ltr'>ἐπιλαμϐάνεται</span> <span class='ocrx_word' id='word_1_709' title='bbox 1799 5269 1814 5294; x_wconf 95' lang='grc'><strong>,</strong></span> 
     </span>
    </p>
   </div>
   <div class='ocr_carea' id='block_1_99' title="bbox 231 5320 1817 5399">
    <p class='ocr_par' dir='ltr' id='par_1_99' title="bbox 231 5320 1817 5399">
     <span class='ocr_line' id='line_1_99' title="bbox 231 5320 1817 5399; baseline -0.004 -21"><span class='ocrx_word' id='word_1_710' title='bbox 231 5326 410 5378; x_wconf 72' lang='grc' dir='ltr'><strong>ἀλλὰ</strong></span> <span class='ocrx_word' id='word_1_711' title='bbox 465 5323 804 5393; x_wconf 81' lang='grc' dir='ltr'>σπέρματος</span> <span class='ocrx_word' id='word_1_712' title='bbox 848 5323 1093 5399; x_wconf 80' lang='grc' dir='ltr'>Ἀϐραὰμ</span> <span class='ocrx_word' id='word_1_713' title='bbox 1140 5322 1616 5390; x_wconf 81' lang='grc' dir='ltr'>ἐπιλαμϐάνεται.</span> <span class='ocrx_word' id='word_1_714' title='bbox 1655 5320 1817 5374; x_wconf 82' lang='grc' dir='ltr'>Ὅθεν</span> 
     </span>
    </p>
   </div>
   <div class='ocr_carea' id='block_1_100' title="bbox 226 5408 1815 5486">
    <p class='ocr_par' dir='ltr' id='par_1_100' title="bbox 226 5408 1815 5486">
     <span class='ocr_line' id='line_1_100' title="bbox 226 5408 1815 5486; baseline -0.004 -15"><span class='ocrx_word' id='word_1_715' title='bbox 226 5418 447 5486; x_wconf 70' lang='grc' dir='ltr'>ὤφειλε</span> <span class='ocrx_word' id='word_1_716' title='bbox 480 5421 622 5469; x_wconf 88' lang='grc' dir='ltr'>κατά</span> <span class='ocrx_word' id='word_1_717' title='bbox 644 5418 819 5469; x_wconf 85' lang='grc' dir='ltr'>πάντα</span> <span class='ocrx_word' id='word_1_718' title='bbox 831 5419 940 5480; x_wconf 81' lang='grc' dir='ltr'>τοῖς</span> <span class='ocrx_word' id='word_1_719' title='bbox 959 5415 1206 5485; x_wconf 83' lang='grc' dir='ltr'>ἀδελφοῖς</span> <span class='ocrx_word' id='word_1_720' title='bbox 1230 5413 1688 5484; x_wconf 84' lang='grc' dir='ltr'>ὁμοιωθῆναι.“Εν</span> <span class='ocrx_word' id='word_1_721' title='bbox 1721 5408 1815 5466; x_wconf 85' lang='grc' dir='ltr'>οὖν</span> 
     </span>
    </p>
   </div>
   <div class='ocr_carea' id='block_1_101' title="bbox 231 5506 1816 5580">
    <p class='ocr_par' dir='ltr' id='par_1_101' title="bbox 231 5506 1816 5580">
     <span class='ocr_line' id='line_1_101' title="bbox 231 5506 1816 5580; baseline -0.004 -16"><span class='ocrx_word' id='word_1_722' title='bbox 231 5511 369 5565; x_wconf 64' lang='grc' dir='ltr'>καθ’</span> <span class='ocrx_word' id='word_1_723' title='bbox 406 5509 675 5580; x_wconf 77' lang='grc' dir='ltr'>ἑκατέραν</span> <span class='ocrx_word' id='word_1_724' title='bbox 728 5510 886 5578; x_wconf 88' lang='grc' dir='ltr'>φύσιν</span> <span class='ocrx_word' id='word_1_725' title='bbox 953 5507 1340 5578; x_wconf 82' lang='grc' dir='ltr'>ἀναιρούμενον</span> <span class='ocrx_word' id='word_1_726' title='bbox 1387 5506 1816 5574; x_wconf 86' lang='grc' dir='ltr'>ἱδίωμα,συναν-</span> 
     </span>
    </p>
   </div>
   <div class='ocr_carea' id='block_1_102' title="bbox 315 5623 746 5688">
    <p class='ocr_par' dir='ltr' id='par_1_102' title="bbox 315 5623 746 5688">
     <span class='ocr_line' id='line_1_102' title="bbox 315 5623 746 5688; baseline -0.014 -7"><span class='ocrx_word' id='word_1_727' title='bbox 315 5627 370 5657; x_wconf 83' lang='grc'><strong><em>⁵³</em></strong></span> <span class='ocrx_word' id='word_1_728' title='bbox 399 5626 558 5680; x_wconf 84' lang='lat' dir='ltr'><strong>Joan.</strong></span> <span class='ocrx_word' id='word_1_729' title='bbox 591 5640 628 5688; x_wconf 89' lang='grc' dir='ltr'><strong>ι,</strong></span> <span class='ocrx_word' id='word_1_730' title='bbox 662 5623 746 5676; x_wconf 69' lang='grc'><strong>14.</strong></span> 
     </span>
    </p>
   </div>
   <div class='ocr_carea' id='block_1_103' title="bbox 1914 4658 3478 4748">
    <p class='ocr_par' dir='ltr' id='par_1_103' title="bbox 1914 4658 3478 4748">
     <span class='ocr_line' id='line_1_103' title="bbox 1914 4658 3478 4748; baseline -0.008 -16"><span class='ocrx_word' id='word_1_731' title='bbox 1914 4678 2008 4748; x_wconf 90' lang='lat' dir='ltr'><strong>qui</strong></span> <span class='ocrx_word' id='word_1_732' title='bbox 2030 4685 2270 4732; x_wconf 85' lang='lat' dir='ltr'><strong>extrema</strong></span> <span class='ocrx_word' id='word_1_733' title='bbox 2304 4675 2462 4729; x_wconf 87' lang='lat' dir='ltr'><strong>ambo</strong></span> <span class='ocrx_word' id='word_1_734' title='bbox 2490 4674 2542 4725; x_wconf 93' lang='lat' dir='ltr'><strong>in</strong></span> <span class='ocrx_word' id='word_1_735' title='bbox 2570 4671 2746 4740; x_wconf 87' lang='lat' dir='ltr'><strong>seipso</strong></span> <span class='ocrx_word' id='word_1_736' title='bbox 2776 4667 3075 4738; x_wconf 82' lang='lat' dir='ltr'><strong>conjunxit,</strong></span> <span class='ocrx_word' id='word_1_737' title='bbox 3105 4676 3160 4720; x_wconf 89' lang='lat' dir='ltr'><strong>et</strong></span> <span class='ocrx_word' id='word_1_738' title='bbox 3187 4658 3478 4732; x_wconf 73' lang='lat' dir='ltr'><strong>utrumque</strong></span> 
     </span>
    </p>
   </div>
   <div class='ocr_carea' id='block_1_104' title="bbox 1914 4761 3472 4834">
    <p class='ocr_par' dir='ltr' id='par_1_104' title="bbox 1914 4761 3472 4834">
     <span class='ocr_line' id='line_1_104' title="bbox 1914 4761 3472 4834; baseline -0.009 -8"><span class='ocrx_word' id='word_1_739' title='bbox 1914 4770 2151 4832; x_wconf 81' lang='lat' dir='ltr'><strong>exsistit,</strong></span> <span class='ocrx_word' id='word_1_740' title='bbox 2177 4777 2230 4822; x_wconf 88' lang='lat' dir='ltr'><strong>et</strong></span> <span class='ocrx_word' id='word_1_741' title='bbox 2251 4765 2554 4834; x_wconf 90' lang='lat' dir='ltr'><strong>utriusque,</strong></span> <span class='ocrx_word' id='word_1_742' title='bbox 2599 4779 2706 4832; x_wconf 86' lang='lat' dir='ltr'><strong>qua</strong></span> <span class='ocrx_word' id='word_1_743' title='bbox 2736 4770 2966 4824; x_wconf 86' lang='lat' dir='ltr'><strong>constat,</strong></span> <span class='ocrx_word' id='word_1_744' title='bbox 3001 4769 3209 4814; x_wconf 62' lang='lat' dir='ltr'><strong>natura:</strong></span> <span class='ocrx_word' id='word_1_745' title='bbox 3230 4761 3472 4828; x_wconf 87' lang='lat' dir='ltr'><strong>proprie-</strong></span> 
     </span>
    </p>
   </div>
   <div class='ocr_carea' id='block_1_105' title="bbox 1916 4855 3470 4929">
    <p class='ocr_par' dir='ltr' id='par_1_105' title="bbox 1916 4855 3470 4929">
     <span class='ocr_line' id='line_1_105' title="bbox 1916 4855 3470 4929; baseline -0.008 -13"><span class='ocrx_word' id='word_1_746' title='bbox 1916 4872 2055 4916; x_wconf 86' lang='lat' dir='ltr'><strong>tates</strong></span> <span class='ocrx_word' id='word_1_747' title='bbox 2079 4863 2133 4914; x_wconf 94' lang='lat' dir='ltr'><strong>in</strong></span> <span class='ocrx_word' id='word_1_748' title='bbox 2171 4875 2277 4913; x_wconf 91' lang='lat' dir='ltr'><strong>una</strong></span> <span class='ocrx_word' id='word_1_749' title='bbox 2312 4859 2586 4929; x_wconf 83' lang='lat' dir='ltr'><strong>hypostasi</strong></span> <span class='ocrx_word' id='word_1_750' title='bbox 2618 4858 2774 4927; x_wconf 90' lang='lat' dir='ltr'><strong>plene</strong></span> <span class='ocrx_word' id='word_1_751' title='bbox 2799 4867 2853 4909; x_wconf 89' lang='lat' dir='ltr'><strong>et</strong></span> <span class='ocrx_word' id='word_1_752' title='bbox 2880 4857 2999 4910; x_wconf 90' lang='lat' dir='ltr'><strong>sine</strong></span> <span class='ocrx_word' id='word_1_753' title='bbox 3027 4855 3236 4909; x_wconf 78' lang='lat' dir='ltr'><strong>defectu</strong></span> <span class='ocrx_word' id='word_1_754' title='bbox 3275 4855 3470 4907; x_wconf 85' lang='lat' dir='ltr'><strong>habet:</strong></span> 
     </span>
    </p>
   </div>
   <div class='ocr_carea' id='block_1_106' title="bbox 1915 4952 3474 5020">
    <p class='ocr_par' dir='ltr' id='par_1_106' title="bbox 1915 4952 3474 5020">
     <span class='ocr_line' id='line_1_106' title="bbox 1915 4952 3474 5020; baseline -0.005 -10"><span class='ocrx_word' id='word_1_755' title='bbox 1915 4972 1981 5010; x_wconf 81' lang='lat' dir='ltr'><strong>ex</strong></span> <span class='ocrx_word' id='word_1_756' title='bbox 1999 4953 2178 5020; x_wconf 86' lang='lat' dir='ltr'><strong>Patre,</strong></span> <span class='ocrx_word' id='word_1_757' title='bbox 2219 4970 2342 5008; x_wconf 91' lang='lat' dir='ltr'><strong>cum</strong></span> <span class='ocrx_word' id='word_1_758' title='bbox 2365 4953 2485 5007; x_wconf 90' lang='lat' dir='ltr'><strong>aliis</strong></span> <span class='ocrx_word' id='word_1_759' title='bbox 2506 4954 2781 5018; x_wconf 89' lang='lat' dir='ltr'><strong>omnibus,</strong></span> <span class='ocrx_word' id='word_1_760' title='bbox 2818 4952 3431 5019; x_wconf 79' lang='lat' dir='ltr'><strong>incircurnscriptionem</strong></span> <span class='ocrx_word' id='word_1_761' title='bbox 3457 4967 3474 5014; x_wconf 88' lang='lat'><strong>;</strong></span> 
     </span>
    </p>
   </div>
   <div class='ocr_carea' id='block_1_107' title="bbox 1915 5044 3477 5117">
    <p class='ocr_par' dir='ltr' id='par_1_107' title="bbox 1915 5044 3477 5117">
     <span class='ocr_line' id='line_1_107' title="bbox 1915 5044 3477 5117; baseline -0.002 -17"><span class='ocrx_word' id='word_1_762' title='bbox 1915 5048 2113 5117; x_wconf 89' lang='lat' dir='ltr'><strong>quippe</strong></span> <span class='ocrx_word' id='word_1_763' title='bbox 2151 5047 2242 5116; x_wconf 89' lang='lat' dir='ltr'><strong>qui</strong></span> <span class='ocrx_word' id='word_1_764' title='bbox 2263 5045 2398 5099; x_wconf 84' lang='lat' dir='ltr'><strong>dixit</strong></span> <span class='ocrx_word' id='word_1_765' title='bbox 2436 5064 2448 5098; x_wconf 93' lang='lat'><strong>:</strong></span> <span class='ocrx_word' id='word_1_766' title='bbox 2483 5044 2672 5098; x_wconf 84' lang='lat' dir='ltr'><strong>Omnia</strong></span> <span class='ocrx_word' id='word_1_767' title='bbox 2706 5061 2819 5097; x_wconf 87' lang='lat' dir='ltr'><strong>mea</strong></span> <span class='ocrx_word' id='word_1_768' title='bbox 2852 5054 2943 5096; x_wconf 87' lang='lat' dir='ltr'><strong>tua</strong></span> <span class='ocrx_word' id='word_1_769' title='bbox 2979 5051 3120 5106; x_wconf 84' lang='lat' dir='ltr'><strong>sunt,</strong></span> <span class='ocrx_word' id='word_1_770' title='bbox 3155 5053 3203 5096; x_wconf 79' lang='lat' dir='ltr'><strong>et</strong></span> <span class='ocrx_word' id='word_1_771' title='bbox 3235 5052 3326 5095; x_wconf 90' lang='lat' dir='ltr'><strong>tua</strong></span> <span class='ocrx_word' id='word_1_772' title='bbox 3359 5059 3477 5097; x_wconf 85' lang='lat' dir='ltr'><strong>mea</strong></span> 
     </span>
    </p>
   </div>
   <div class='ocr_carea' id='block_1_108' title="bbox 1915 5136 3473 5205">
    <p class='ocr_par' dir='ltr' id='par_1_108' title="bbox 1915 5136 3473 5205">
     <span class='ocr_line' id='line_1_108' title="bbox 1915 5136 3473 5205; baseline -0.002 -13"><span class='ocrx_word' id='word_1_773' title='bbox 1915 5147 2037 5192; x_wconf 80' lang='lat' dir='ltr'><strong>sunt</strong></span> <span class='ocrx_word' id='word_1_774' title='bbox 2058 5139 2145 5202; x_wconf 63' lang='lat'><strong>5°;</strong></span> <span class='ocrx_word' id='word_1_775' title='bbox 2177 5147 2228 5192; x_wconf 88' lang='lat' dir='ltr'><strong>et</strong></span> <span class='ocrx_word' id='word_1_776' title='bbox 2259 5153 2321 5191; x_wconf 78' lang='lat' dir='ltr'><strong>ex</strong></span> <span class='ocrx_word' id='word_1_777' title='bbox 2353 5152 2543 5200; x_wconf 85' lang='lat' dir='ltr'><strong>matre,</strong></span> <span class='ocrx_word' id='word_1_778' title='bbox 2587 5152 2708 5190; x_wconf 89' lang='lat' dir='ltr'><strong>cum</strong></span> <span class='ocrx_word' id='word_1_779' title='bbox 2738 5136 2960 5205; x_wconf 79' lang='lat' dir='ltr'><strong>reliquis</strong></span> <span class='ocrx_word' id='word_1_780' title='bbox 2993 5136 3268 5202; x_wconf 88' lang='lat' dir='ltr'><strong>omnibus,</strong></span> <span class='ocrx_word' id='word_1_781' title='bbox 3311 5136 3473 5189; x_wconf 89' lang='lat' dir='ltr'><strong>etiam</strong></span> 
     </span>
    </p>
   </div>
   <div class='ocr_carea' id='block_1_109' title="bbox 1917 5227 3475 5298">
    <p class='ocr_par' dir='ltr' id='par_1_109' title="bbox 1917 5227 3475 5298">
     <span class='ocr_line' id='line_1_109' title="bbox 1917 5227 3475 5298; baseline -0.002 -15"><span class='ocrx_word' id='word_1_782' title='bbox 1917 5229 2470 5298; x_wconf 88' lang='lat' dir='ltr'><strong>circumscriptionem</strong></span> <span class='ocrx_word' id='word_1_783' title='bbox 2511 5249 2523 5282; x_wconf 87' lang='lat'><strong>:</strong></span> <span class='ocrx_word' id='word_1_784' title='bbox 2573 5230 2699 5298; x_wconf 90' lang='lat' dir='ltr'><strong>quia</strong></span> <span class='ocrx_word' id='word_1_785' title='bbox 2725 5232 2985 5296; x_wconf 88' lang='lat' dir='ltr'><strong>scriptum</strong></span> <span class='ocrx_word' id='word_1_786' title='bbox 3018 5240 3102 5282; x_wconf 89' lang='lat' dir='ltr'><strong>est</strong></span> <span class='ocrx_word' id='word_1_787' title='bbox 3136 5245 3149 5280; x_wconf 90' lang='lat'><strong>:</strong></span> <span class='ocrx_word' id='word_1_788' title='bbox 3183 5227 3303 5282; x_wconf 85' lang='lat' dir='ltr'><strong>Non</strong></span> <span class='ocrx_word' id='word_1_789' title='bbox 3332 5230 3475 5281; x_wconf 81' lang='lat' dir='ltr'><strong>enim</strong></span> 
     </span>
    </p>
   </div>
   <div class='ocr_carea' id='block_1_110' title="bbox 1917 5322 3477 5393">
    <p class='ocr_par' dir='ltr' id='par_1_110' title="bbox 1917 5322 3477 5393">
     <span class='ocr_line' id='line_1_110' title="bbox 1917 5322 3477 5393; baseline 0.001 -16"><span class='ocrx_word' id='word_1_790' title='bbox 1917 5325 2126 5391; x_wconf 81' lang='lat' dir='ltr'><strong>angelos</strong></span> <span class='ocrx_word' id='word_1_791' title='bbox 2176 5322 2531 5391; x_wconf 76' lang='lat' dir='ltr'><strong>apprehendit,</strong></span> <span class='ocrx_word' id='word_1_792' title='bbox 2587 5325 2677 5376; x_wconf 83' lang='lat' dir='ltr'><strong>sed</strong></span> <span class='ocrx_word' id='word_1_793' title='bbox 2724 5339 2897 5378; x_wconf 75' lang='lat' dir='ltr'><strong>semen</strong></span> <span class='ocrx_word' id='word_1_794' title='bbox 2932 5324 3161 5377; x_wconf 70' lang='lat' dir='ltr'><strong>Abrahw</strong></span> <span class='ocrx_word' id='word_1_795' title='bbox 3189 5324 3477 5393; x_wconf 78' lang='lat' dir='ltr'><strong>apprchen-</strong></span> 
     </span>
    </p>
   </div>
   <div class='ocr_carea' id='block_1_111' title="bbox 1917 5415 3472 5489">
    <p class='ocr_par' dir='ltr' id='par_1_111' title="bbox 1917 5415 3472 5489">
     <span class='ocr_line' id='line_1_111' title="bbox 1917 5415 3472 5489; baseline 0.003 -20"><span class='ocrx_word' id='word_1_796' title='bbox 1917 5418 1994 5469; x_wconf 78' lang='lat' dir='ltr'><strong>dit</strong></span> <span class='ocrx_word' id='word_1_797' title='bbox 2018 5419 2082 5472; x_wconf 79' lang='grc'><strong>⁸⁷.</strong></span> <span class='ocrx_word' id='word_1_798' title='bbox 2127 5415 2278 5472; x_wconf 90' lang='lat' dir='ltr'><strong>Unde</strong></span> <span class='ocrx_word' id='word_1_799' title='bbox 2307 5434 2399 5489; x_wconf 82' lang='lat' dir='ltr'><strong>per</strong></span> <span class='ocrx_word' id='word_1_800' title='bbox 2429 5419 2609 5473; x_wconf 92' lang='lat' dir='ltr'><strong>omnia</strong></span> <span class='ocrx_word' id='word_1_801' title='bbox 2628 5418 2889 5474; x_wconf 75' lang='lat' dir='ltr'><strong>fratribus</strong></span> <span class='ocrx_word' id='word_1_802' title='bbox 2910 5418 3201 5474; x_wconf 83' lang='lat' dir='ltr'><strong>assimilari</strong></span> <span class='ocrx_word' id='word_1_803' title='bbox 3219 5418 3472 5474; x_wconf 87' lang='lat' dir='ltr'><strong>debebat.</strong></span> 
     </span>
    </p>
   </div>
   <div class='ocr_carea' id='block_1_112' title="bbox 1919 5507 3477 5581">
    <p class='ocr_par' dir='ltr' id='par_1_112' title="bbox 1919 5507 3477 5581">
     <span class='ocr_line' id='line_1_112' title="bbox 1919 5507 3477 5581; baseline 0.003 -20"><span class='ocrx_word' id='word_1_804' title='bbox 1919 5507 2012 5562; x_wconf 79' lang='lat' dir='ltr'><strong>Vel</strong></span> <span class='ocrx_word' id='word_1_805' title='bbox 2047 5511 2217 5564; x_wconf 83' lang='lat' dir='ltr'><strong>unica</strong></span> <span class='ocrx_word' id='word_1_806' title='bbox 2244 5510 2405 5581; x_wconf 76' lang='lat' dir='ltr'><strong>igitur</strong></span> <span class='ocrx_word' id='word_1_807' title='bbox 2448 5513 2499 5564; x_wconf 91' lang='lat' dir='ltr'><strong>in</strong></span> <span class='ocrx_word' id='word_1_808' title='bbox 2551 5513 2809 5566; x_wconf 87' lang='lat' dir='ltr'><strong>alterutra</strong></span> <span class='ocrx_word' id='word_1_809' title='bbox 2846 5521 3038 5567; x_wconf 86' lang='lat' dir='ltr'><strong>natura</strong></span> <span class='ocrx_word' id='word_1_810' title='bbox 3096 5512 3397 5581; x_wconf 85' lang='lat' dir='ltr'><strong>proprietas</strong></span> <span class='ocrx_word' id='word_1_811' title='bbox 3425 5512 3477 5565; x_wconf 87' lang='lat' dir='ltr'><strong>si</strong></span> 
     </span>
    </p>
   </div>
   <div class='ocr_carea' id='block_1_113' title="bbox 841 5619 1911 5686">
    <p class='ocr_par' dir='ltr' id='par_1_113' title="bbox 841 5619 1911 5686">
     <span class='ocr_line' id='line_1_113' title="bbox 841 5619 1911 5686; baseline -0.003 -10"><span class='ocrx_word' id='word_1_812' title='bbox 841 5623 886 5653; x_wconf 83' lang='grc'><strong>³⁸</strong></span> <span class='ocrx_word' id='word_1_813' title='bbox 914 5621 1073 5676; x_wconf 82' lang='lat' dir='ltr'><strong>Joan.</strong></span> <span class='ocrx_word' id='word_1_814' title='bbox 1109 5637 1240 5684; x_wconf 83' lang='lat' dir='ltr'><strong>xvn,</strong></span> <span class='ocrx_word' id='word_1_815' title='bbox 1281 5621 1365 5672; x_wconf 78' lang='grc'><strong>10.</strong></span> <span class='ocrx_word' id='word_1_816' title='bbox 1442 5621 1484 5650; x_wconf 83' lang='grc'><strong>⁸⁷</strong></span> <span class='ocrx_word' id='word_1_817' title='bbox 1517 5619 1681 5675; x_wconf 81' lang='lat' dir='ltr'><strong>Hebr.</strong></span> <span class='ocrx_word' id='word_1_818' title='bbox 1723 5637 1780 5686; x_wconf 83' lang='grc' dir='ltr'>η,</span> <span class='ocrx_word' id='word_1_819' title='bbox 1826 5620 1911 5674; x_wconf 80' lang='grc'><strong>16.</strong></span> 
     </span>
    </p>
   </div>
   <div class='ocr_carea' id='block_1_114' title="bbox 1751 5733 1978 5789">
    <p class='ocr_par' dir='ltr' id='par_1_114' title="bbox 1751 5733 1978 5789">
     <span class='ocr_line' id='line_1_114' title="bbox 1751 5733 1978 5789; baseline 0.004 -3"><span class='ocrx_word' id='word_1_820' title='bbox 1751 5733 1978 5789; x_wconf 80' lang='lat' dir='ltr'><strong>NOT/E.</strong></span> 
     </span>
    </p>
   </div>
   <div class='ocr_carea' id='block_1_115' title="bbox 315 5856 1625 5926">
    <p class='ocr_par' dir='ltr' id='par_1_115' title="bbox 315 5856 1625 5926">
     <span class='ocr_line' id='line_1_115' title="bbox 315 5856 1625 5926; baseline -0.005 -15"><span class='ocrx_word' id='word_1_821' title='bbox 315 5857 482 5924; x_wconf 79' lang='lat'><strong>(95&quot;)</strong></span> <span class='ocrx_word' id='word_1_822' title='bbox 509 5857 823 5911; x_wconf 83' lang='lat' dir='ltr'><strong>Animarum</strong></span> <span class='ocrx_word' id='word_1_823' title='bbox 849 5856 1281 5926; x_wconf 58' lang='lat' dir='ltr'><strong>prxexsistcntim</strong></span> <span class='ocrx_word' id='word_1_824' title='bbox 1309 5863 1625 5907; x_wconf 65' lang='lat' dir='ltr'><strong>assertores.</strong></span> 
     </span>
    </p>
   </div>
  </div>
