3966 6454
555 320 690 383 1603

1730 331 1791 392 S.
1817 332 2208 393 THEODORI
2253 335 2597 397 STUDITE

3643 336 3773 398 1604

551 434 792 495 tollatur,
821 447 1009 489 omnes
1037 435 1278 504 ejusdem
1324 438 1532 495 ordinis
1561 440 1681 496 alia:
1728 444 1886 499 simul
1918 447 2101 500 tollan-

2215 452 2387 519 αιρείν
2419 451 2659 518 πέφυκεν
2692 449 2749 513 ἐξ
2782 448 3077 515 ἀναγκαίου
3116 447 3289 500 πάντα
3334 444 3403 500 τά
3456 447 3769 516 όμόστοιχα.

552 534 639 579 ιιιι·
660 539 881 579 necesse
912 535 1014 580 est.
1057 527 1296 584 Sublatis
1318 539 1497 585 autem
1529 533 1975 603 proprietatibus,
2009 553 2115 591 una

553 616 741 684 utique
772 615 1037 670 tolluntur
1061 628 1113 673 et
1135 633 1321 674 earum
1349 630 1577 677 naturae.

620 706 796 764 Testis
862 709 1056 765 horum
1106 729 1261 768 sacer
1304 727 1509 787 martyr
1554 718 1825 785 Justinus,
1876 723 2031 793 cujus
2060 726 2111 778 in

549 800 782 868 quodam
807 801 925 856 loco
950 803 1065 859 haec
1093 814 1223 861 sunt
1248 811 1405 862 verba
1436 825 1449 863 :
1483 828 1502 861 ι
1531 809 1673 864 Nihil
1696 813 1841 867 enim
1876 813 1927 867 in
1955 816 2116 870 rebus

553 888 604 944 id
638 891 781 959 quod
828 901 912 947 est
957 906 1254 964 permanet,
1285 898 1330 951 si
1356 916 1548 964 unum,
1593 905 1681 956 vel
1712 903 1887 958 solum
1929 920 1992 958 ex
2025 906 2112 967 iis.

551 997 672 1050 quae
714 986 1029 1040 naturaliter
1083 988 1134 1041 ei
1176 989 1382 1055 insunt,
1422 992 1659 1047 deliciat.
1712 1012 1732 1045 ι
1776 996 1951 1065 Atque
1990 998 2115 1051 hinc

552 1085 704 1125 cassa
759 1081 813 1126 et
873 1090 1009 1129 vana
1072 1091 1166 1145 per
1217 1094 1411 1132 novam
1440 1081 1783 1149 hypothesim
1820 1082 1955 1136 fiunt
1981 1082 2110 1138 fidei

548 1170 748 1213 nostra:
798 1163 1072 1234 mysteria.
1129 1166 1507 1235 Cougruenter
1557 1180 1737 1224 autem
1775 1173 2113 1241 evangelista:

544 1248 837 1318 Apostolus
886 1255 998 1309 haec
1049 1258 1173 1311 ait:
1222 1257 1323 1322 Qui
1355 1276 1473 1311 cum
1521 1262 1783 1329 informa
1840 1264 1933 1317 Dei
1955 1276 2109 1331 esset,

546 1359 651 1397 non
689 1346 931 1413 rapinam
992 1348 1284 1403 arbitratus
1340 1360 1417 1404 est
1458 1368 1569 1407 esse
1598 1371 1650 1407 se
1679 1357 1932 1424 aqualem
1970 1357 2108 1421 Deo;

544 1437 634 1489 sed
658 1440 988 1507 semetipsum
1016 1441 1331 1505 exinanivit,
1354 1442 1579 1511 formam
1611 1447 1744 1498 servi
1777 1448 2104 1514 accipiens”.

543 1525 713 1596 Igitur
766 1529 834 1593 si,
872 1530 925 1583 in
966 1529 1141 1585 forma
1176 1530 1268 1586 Dei
1300 1548 1423 1587 cum
1472 1545 1638 1601 esset,
1689 1536 1919 1592 formam
1961 1540 2105 1594 servi

544 1620 784 1689 accepit,
831 1622 951 1676 siue
1004 1625 1400 1686 controversia,
1462 1634 1735 1694 quatenus
1787 1630 2002 1698 quidem
2053 1632 2106 1685 in

542 1711 715 1767 forma
760 1713 853 1768 Dei
885 1731 986 1778 εει,
1038 1716 1270 1786 imagine
1316 1732 1422 1770 non
1457 1719 1820 1787 exprimitur;
1860 1721 2107 1789 quando-

540 1809 759 1876 quidem
789 1806 930 1862 Deus
955 1824 1118 1878 supra
1136 1810 1677 1878 comprehensionem
1712 1821 1795 1865 est
1814 1822 2107 1881 :quatenus

540 1913 668 1952 vero
735 1897 959 1953 formam
993 1900 1135 1955 servi
1164 1902 1393 1970 accepit,
1452 1903 1797 1970 exprimitur,
1849 1906 2106 1974 quoniam

539 1989 1176 2059 comprehensioni,quze
1199 1993 1364 2046 tactui
1394 2001 1448 2045 et
1472 1993 1641 2047 colori
1670 1993 1875 2059 subest,
1896 1996 2108 2050 servilis

537 2074 711 2134 forma
764 2078 1073 2148 subjicitur.
1129 2079 1412 2146 Quomodo
1458 2083 1604 2137 enim
1644 2083 1699 2136 in
1742 2082 2103 2138 similitudine

537 2170 818 2224 hominum
843 2170 1018 2227 factus
1044 2171 1314 2237 credetur,
1344 2173 1450 2228 nisi
1474 2173 1753 2228 hominum
1782 2190 1930 2231 more
1949 2184 2107 2245 aptus

538 2266 613 2319 sit
642 2265 737 2331 qui
787 2280 881 2334 per
934 2265 1223 2336 imaginem
1262 2266 1637 2336 exprimatur?
1668 2265 1951 2333 Quomodo
1984 2285 2107 2323 rur-

535 2370 629 2408 sus
678 2361 731 2408 et
793 2354 976 2409 habitu
1022 2356 1274 2411 inventus
1301 2364 1359 2410 ut
1406 2360 1565 2411 homo
1593 2357 1824 2417 dicetur,
1864 2358 1971 2414 nisi
1999 2360 2104 2415 hu-

536 2458 700 2499 mano
729 2444 911 2499 habitu
944 2446 1119 2515 pictus
1145 2447 1431 2501 cernatur?
1450 2445 1723 2512 Videtis,o
1750 2449 2102 2521 serenissimi,

535 2550 645 2604 quo
681 2543 858 2605 pacto,
917 2537 1011 2605 qui
1041 2552 1134 2605 per
1169 2536 1349 2591 omnia
1387 2534 1646 2591 fratribus
1674 2536 1966 2591 assimilari
2002 2539 2101 2592 de-

534 2624 671 2689 buit,
732 2626 1055 2694 quibuscum
1108 2640 1176 2680 ex
1224 2640 1380 2696 equo
1428 2640 1645 2681 carnem
1692 2642 1755 2681 ac
1784 2628 2100 2697 sanguinem

535 2718 744 2779 habuit,
774 2733 837 2771 ex
870 2733 1026 2788 aequo
1064 2719 1267 2788 pariter
1293 2718 1546 2788 exprimi,
1582 2718 1728 2773 sicut
1778 2720 1879 2783 illi,
1911 2734 2101 2774 neces-

535 2811 680 2862 sario
729 2809 943 2863 debeat.
1000 2808 1096 2864 Sin
1126 2811 1336 2871 minus,
1373 2809 1567 2864 similis
1620 2808 1797 2864 iactus
1838 2820 2099 2877 nonest;

536 2891 907 2965 meutitusque
935 2905 1021 2951 est
1047 2896 1294 2965 quidixit
1324 2910 1340 2949 :
1368 2895 1433 2950 Et
1462 2906 1657 2951 natura
1685 2898 1971 2952 immutata
1996 2909 2096 2952 est.

536 2986 607 3041 Et
663 2994 840 3040 tamen
899 2986 1040 3041 Deus
1098 2988 1217 3055 ipse
1263 3002 1327 3041 ac
1390 2986 1622 3041 Verbum
1684 2989 1881 3042 alicubi
1915 2988 2095 3043 dixit:

2231 539 2658 608 Ἀναιρουμένων
2684 538 2738 591 δὲ
2766 538 2874 591 τῶν
2904 536 3227 606 ἰδιωμάτων,
3253 536 3495 605 δηλονότι
3521 553 3772 589 συναναι-

2220 626 2434 695 ροῦνται
2463 628 2558 679 καὶ
2585 629 2641 680 αἱ
2668 626 2871 680 τούτων
2894 626 3108 693 φύσεις.
3614 659 3619 664 ν

2287 720 2394 772 Καὶ
2454 719 2662 789 μάρτυς
2708 718 2801 771 τοῦ
2853 718 3012 786 λόγου
3040 720 3068 771 6
3115 718 3442 787 ἱερόμαρτυς
3488 718 3774 777 Ἰουστῖνος

2215 802 2320 863 ὧδέ
2358 826 2459 862 που
2486 809 2659 875 λέγων
2689 823 2704 838 ⁸
2747 827 2766 860 ι
2812 808 2979 861 Οὐδὲν
3013 809 3122 879 γάρ
3153 808 3397 870 διαμένει
3431 807 3540 859 τῶν
3574 807 3770 867 ὄντων,

2214 899 2353 968 ὅπερ
2378 900 2544 961 ἐστὶν,
2572 899 2690 962 ἑνὸς
2717 898 2813 952 καὶ
2847 898 3010 967 μόνου
3028 899 3136 951 τῶν
3163 900 3471 969 προσόντων
3499 898 3655 968 αὑτῷ
3672 916 3773 965 φυ-

2215 992 2380 1053 σικῶς
2406 990 2759 1053 ἐλλείποντος.
2798 1008 2816 1040 ι
2852 990 3161 1043 Κάντεὺθεν
3188 989 3397 1059 φροῦδα
3421 989 3490 1041 τὰ
3530 988 3634 1057 τῆς
3684 988 3773 1039 πί·-

2214 1096 2383 1142 στεως
2436 1079 2590 1149 ἡμῶν
2623 1082 2686 1131 ἐκ
2714 1079 2811 1148 τῆς
2838 1080 3031 1148 καινῆς
3072 1079 3377 1140 ὑποθέσεως
3406 1077 3770 1146 καθέστηκεν.

2224 1171 2533 1241 Ἑπομένως
2553 1170 2596 1223 δ’
2627 1166 2719 1222 οὖν
2752 1169 2831 1241 τῷ
2875 1170 3232 1237 εὑαγγελιστῇ
3262 1170 3356 1221 καὶ
3379 1170 3409 1221 6
3449 1170 3772 1231 Ἀπόστολος

2210 1263 2336 1315 τάδε
2378 1259 2540 1329 φησίν
2571 1274 2586 1288 ⁶
2620 1262 2723 1323 ’ος
2763 1259 2833 1312 ἐν
2874 1258 3071 1326 μορφῇ
3106 1258 3254 1311 Θεοῦ
3301 1257 3624 1325 ὑπάρχων,
3658 1261 3772 1326 οὐχ

2210 1352 2520 1423 ἁρπαγμόν
2572 1351 2841 1419 ἡγήσατο
2903 1351 2970 1403 τὸ
3034 1346 3187 1403 εἶναι
3242 1349 3351 1403 Ida
3407 1350 3563 1414 Θεῷ’
3627 1352 3766 1403 ἀλλ’

2209 1443 2424 1498 ἑαυτὸν
2466 1441 2724 1495 ἐκένωσε
2764 1438 3006 1508 μορφὴν
3043 1439 3267 1492 δούλου
3303 1440 3524 1491 λαϐὼν.
3570 1439 3769 1491 Τοίνυν

2208 1529 2369 1600 εἰπερ
2398 1531 2455 1581 ὲν
2488 1530 2669 1598 μορφῇ
2700 1527 2834 1579 Θεοῦ
2867 1527 3128 1596 ὑπάρχων
3162 1528 3376 1598 μορφὴν
3421 1528 3609 1580 δούλου
3644 1528 3772 1581 ἐλα-

2209 1621 2301 1675 ϐεν
2332 1639 2345 1652 °
2374 1621 2781 1691 άναντιρρήτως
2880 1619 2977 1687 μὲν
3007 1621 3063 1671 ἐν
3096 1621 3277 1688 μορφῇ
3327 1619 3463 1671 Θεοῦ
3511 1619 3770 1689 ὑπάρχει,

2207 1715 2306 1768 οὑκ
2323 1713 2705 1778 ὲξεικονίζεται
2729 1729 2743 1743 ο
2766 1712 2956 1779 ὅτιπερ
2988 1711 3048 1763 τὸ
3081 1711 3237 1763 Θείον
3261 1712 3400 1780 ὑπὲρ
3436 1712 3768 1782 κατάληψιν

2137 1776 2179 1831 Β
2206 1802 2241 1883 ᾖ
2264 1807 2321 1860 δὲ
2359 1776 2572 1876 μορφὴν
2602 1804 2786 1857 δούλου
2840 1776 3056 1865 ἐλαϐεν,
3091 1776 3498 1869 ἐξεικονίζεται,
3526 1805 3610 1856 ὅτι
3637 1776 3772 1857 ⁷ὑπὸ

2206 1897 2652 1969 κατάληψινλτῆς
2696 1898 2755 1949 ὲν
2820 1897 2930 1965 άφῇ
2978 1911 3036 1947 τε
3103 1894 3197 1947 καὶ
3235 1895 3394 1964 χροιᾷ
3449 1896 3481 1963 ἡ
3546 1895 3771 1967 δουλικὴ

2209 1992 2389 2062 μορφὴ
2441 1988 2826 2059 περιορίξεται.
2864 1986 2985 2049 Πῶς
3010 1986 3119 2055 γάρ
3149 1985 3215 2038 ἂν
3252 1989 3307 2037 ἐν
3348 1986 3652 2055 ὁμοιώματι
3679 1990 3774 2039 ἀν-

2206 2083 2440 2155 θρώπων
2462 2081 2742 2150 γεγονέναι
2777 2079 3218 2147 πιστευθήσεται,
3247 2080 3294 2130 ει
3325 2080 3397 2147 μὴ
3423 2079 3628 2146 ὁμοίως
3657 2082 3772 2139 τοῖς

2204 2171 2507 2242 ἀνθρώποις
2547 2169 2972 2237 ὲξεικονίζεσθαι
3007 2170 3220 2236 πέφυκε
3244 2185 3260 2233 ;
3292 2169 3409 2229 πῶς
3434 2169 3490 2221 δὲ
3516 2177 3613 2221 καὶ
3640 2174 3774 2237 σχή-

2207 2281 2338 2335 ματι
2378 2262 2665 2331 εὑρεθῆναι
2693 2261 2769 2324 ὡς
2812 2261 3098 2331 ἄνθρωπος
3126 2260 3469 2330 λεχθήσεται,
3494 2263 3545 2314 εἰ
3584 2262 3661 2331 μὴ
3692 2261 3773 2330 τῷ

2204 2353 2527 2424 ἀνθρωπίνῳ
2557 2352 2795 2422 σχήματι
2824 2351 3209 2422 γεγραμμένος
3232 2351 3530 2421 ὀφθήσεται
3556 2367 3573 2415 ;
3606 2351 3773 2419 ’0ρᾶ-

2201 2464 2283 2507 τε,
2316 2440 2361 2499 ὧ
2404 2446 2776 2515 γαληνότατοι,
2814 2444 2930 2507 πῶς
2982 2444 3344 2513 ὀφειλομένως
3388 2443 3530 2496 κατά
3589 2443 3773 2496 πάντα

2201 2542 2312 2599 τοῖς
2336 2538 2580 2605 ἀδελφοῖς
2600 2536 2970 2605 ὁμοιούμενος,
2994 2530 3072 2598 οἷς
3096 2537 3188 2587 καὶ
3215 2533 3616 2603 παραπλησίως
3642 2552 3775 2605 μετ-

2202 2627 2400 2697 έσχηκε
2450 2627 2649 2695 σαρκὸς
2685 2627 2777 2678 καὶ
2811 2627 3038 2693 αἵματος
3058 2664 3074 2686 ,
3107 2624 3167 2688 ἐξ
3227 2623 3526 2690 ἀναγκαίου
3557 2622 3675 2693 ἔχει
3709 2624 3773 2675 τὸ

2201 2718 2395 2785 ἐπίσης
2414 2716 2624 2777 τούτοις
2648 2714 3069 2779 ἐξεικονίζεσθαι
3091 2731 3103 2743 ⁸
3136 2715 3181 2765 εἰ
3208 2712 3265 2766 δὲ
3291 2713 3385 2784 μὴ,
3421 2714 3521 2782 οὑχ
3551 2714 3771 2784 ὡμοίω-

2197 2819 2311 2866 ται,
2361 2802 2454 2855 καὶ
2500 2801 2810 2869 διέψευσται
2858 2804 2887 2855 6
2935 2800 3353 2871 ἀποφηνάμενος
3381 2818 3398 2833 ο
3431 2804 3540 2855 Καὶ
3579 2806 3611 2873 ἡ
3668 2804 3772 2872 φύ-

2204 2913 2289 2959 σις
2347 2895 2741 2967 παρήλλακται.
2774 2896 2881 2949 Καὶ
2943 2893 3046 2964 μὴν
3077 2894 3238 2957 αὑτός
3267 2896 3294 2947 6
3326 2895 3457 2958 Θεὸς
3504 2898 3601 2949 καὶ
3663 2898 3775 2950 Δός

2198 3004 2293 3055 γος
2318 2978 2420 3040 ὧδέ
2456 2985 2581 3048 πού,
2614 3003 2746 3055 φησι
2768 3002 2782 3015 ’
2816 2986 2878 3038 Τί
2904 3002 2980 3054 με
3006 2984 3225 3053 ζητεῖτε
3252 2986 3629 3049 ἀποκτεῖναι.
3658 2988 3769 3041 dr-

539 3075 680 3140 Quid
698 3093 776 3131 me
802 3078 1039 3147 quaeritis
1064 3078 1379 3146 interﬁcere,
1398 3078 1681 3141 hominem,
1710 3079 1800 3147 qui
1824 3081 2093 3133 veritatem

2203 3079 2450 3144 θρωπον.
2498 3074 2565 3139 ὃς
2609 3074 2723 3141 τὴν
2765 3073 3051 3139 ἀλήθειαν
3092 3072 3235 3141 ὑμῖν
3284 3072 3631 3138 λελάληκα,
3688 3070 3774 3139 ἢν

536 3167 679 3223 vubis
710 3169 915 3223 locutus
942 3185 1081 3233 sunt,
1121 3186 1276 3239 quant
1309 3170 1490 3223 audivi
1516 3186 1549 3221 a
1579 3169 1688 3224 Deo
1706 3170 1779 3224 ’Ὗ
1805 3169 2094 3238 Nunquam

537 3266 742 3323 autem,
788 3259 879 3327 qui
932 3273 1038 3311 non
1096 3261 1470 3328 exprimatur,
1527 3260 1801 3316 hominem
1857 3262 2099 3330 seipsum

537 3344 696 3399 fecit:
746 3360 878 3409 nec,
940 3345 1035 3414 qui
1088 3346 1260 3399 occidi
1317 3357 1511 3415 queat,
1564 3362 1670 3401 non
1738 3347 1879 3401 idem
1941 3349 2101 3403 etiam

535 3443 728 3487 natura
767 3435 995 3502 exprimi
1050 3434 1265 3503 possit:
1303 3436 1530 3489 alterum
1573 3436 1718 3489 enim
1754 3437 1987 3490 alterum
2019 3438 2102 3490 in-

537 3524 641 3579 fert
671 3534 725 3579 et
750 3526 1053 3580 continuat.
1084 3523 1179 3580 Hic
1207 3534 1288 3581 est
1316 3528 1661 3595 mortiﬁcata:
1685 3528 1896 3596 quidem
1922 3545 2099 3593 carne,

537 3614 830 3683 viuiﬁcatus
868 3624 1041 3668 autem
1062 3616 1332 3684 spiritu“,
1386 3615 1530 3670 sicut
1565 3616 1755 3672 beatus
1785 3615 1981 3672 Petrus
2016 3618 2102 3672 di-

537 3704 633 3759 xit.
687 3703 827 3770 Quid
872 3714 1051 3759 autem
1109 3705 1212 3760 hoc
1257 3706 1401 3759 aliud
1436 3714 1538 3771 est,
1567 3721 1729 3776 quam
1760 3707 1963 3772 dicere,
2002 3723 2100 3762 ex-

536 3794 699 3864 primi
728 3794 1025 3849 secundum
1076 3808 1320 3857 carnem,
1360 3794 1453 3863 qui
1494 3796 1822 3864 exprimitur
1857 3796 2105 3866 spiritu?

538 3884 635 3938 Hic
668 3895 770 3950 est,
797 3885 888 3954 qui
921 3884 1059 3939 dixit
1092 3900 1106 3936 :
1162 3885 1266 3951 Qui
1300 3887 1586 3939 mandarat
1618 3903 1717 3950 me,
1751 3896 1799 3941 et
1828 3888 1938 3957 ipse
1970 3890 2103 3943 vivet

534 3987 745 4045 propter
807 3976 963 4030 me“.
1015 3974 1231 4031 Minime
1283 3988 1462 4031 autem
1504 3977 1597 4046 qui
1654 3979 2101 4048 circumscriptus

538 4086 644 4123 non
693 4078 856 4130 esset,
918 4069 1234 4124 manducari
1273 4085 1331 4125 se
1363 4069 1586 4132 diceret,
1627 4070 1729 4125 nisi
1763 4069 1901 4125 forte
1930 4071 2101 4138 phan-

537 4170 710 4214 tasma
758 4159 1049 4230 quodpiam
1085 4160 1242 4215 foret.
1288 4160 1443 4227 Quod
1474 4160 1694 4231 quidem
1736 4161 1782 4217 si
1815 4162 2102 4216 admiseri-

537 4265 688 4315 mus,
741 4250 795 4304 in
856 4249 1273 4305 Manichaeorum
1348 4251 1659 4319 opinionem
1729 4252 2096 4320 prolabemur,

537 4356 791 4411 magnum
826 4339 1041 4410 pietatis
1067 4342 1385 4412 mysterium
1411 4342 1775 4398 destruentes.

2205 3162 2437 3231 ἤκουσα
2461 3162 2618 3229 παρὰ
2645 3162 2750 3215 τοῦ
2776 3162 2922 3216 Θεοῦ
2951 3179 2970 3225 ;
3005 3163 3118 3215 Οὐκ
3148 3161 3213 3215 ἂν
3242 3162 3299 3215 δὲ
3333 3164 3360 3215 6
3400 3162 3474 3231 μὴ
3498 3161 3770 3226 ὲξεικονι-

2206 3252 2428 3323 ζόμενος
2482 3254 2767 3324 ἄνθρωπον
2818 3255 3006 3306 ἑαυτὸν
3062 3254 3235 3307 εἶποιέ
3283 3270 3413 3306 ποτε
3445 3270 3462 3284 ο
3498 3254 3608 3306 οὐδ’
3646 3254 3714 3307 ἂν
3741 3255 3772 3307 6

2206 3341 2463 3408 πεφυκὼς
2512 3341 2945 3401 ἀποκτείνεσθαι,
2982 3342 3056 3412 μὴ
3087 3343 3206 3411 οὐχ).
3256 3340 3516 3408 πεφυκὼς
3553 3343 3640 3414 εἴη
3671 3344 3771 3395 καὶ

2203 3433 2297 3486 τοῦ
2322 3433 2741 3498 ὲξεικονίζεσθαι
2776 3451 2789 3464 ’
2832 3432 3056 3503 θάτερον
3086 3432 3191 3501 γάρ
3219 3432 3433 3502 θατέρῳ
3468 3434 3771 3499 εἰσαγωγι-

2204 3523 2298 3575 κδν
2354 3523 2447 3577 καὶ
2498 3522 2907 3592 όμολογητικόν.
2940 3515 3107 3585 Οὗτός
3159 3523 3306 3574 ἐστιν
3337 3524 3369 3573 ὀ
3401 3522 3770 3588 θανατωθεὶς

2197 3613 2314 3682 μὲν
2370 3614 2567 3681 σαρκὶ,
2602 3611 2975 3679 ζωοποιηθεὶς
3027 3611 3095 3665 δὲ
3152 3611 3441 3679 πνεύματι
3467 3627 3481 3641 ·
3522 3612 3706 3675 καθὼς
3736 3615 3769 3666 6

2206 3705 2473 3776 μακάριος
2525 3705 2732 3774 Πέτρος
2787 3704 2995 3774 λέλεχε.
3025 3703 3090 3755 Τί
3124 3701 3171 3754 δ’
3209 3700 3337 3755 ἄλλο
3368 3698 3478 3753 εἷεν
3509 3702 3693 3766 τοῦτο,
3729 3704 3766 3775 ἢ

2200 3797 2262 3849 τὸ
2291 3797 2477 3863 φάναι,
2511 3793 2927 3860 ὲξεικονίζεσθαι
2964 3794 3263 3863 σαρκικῶς,
3298 3790 3769 3863 ὲξεικονιζόμενον

2203 3887 2472 3961 πνεύματι
2497 3904 2512 3954 ;
2538 3883 2706 3949 Οὗτός
2728 3888 2873 3939 ἐστιν
2895 3889 2922 3939 ὁ
2947 3884 3199 3956 εἰρηκώςο
3229 3884 3333 3938 Καὶ
3356 3886 3389 3938 ό
3410 3884 3649 3952 τρώγων
3663 3904 3767 3956 με,

2202 3962 2477 4046 κάκεῖνος
2506 3977 2742 4044 ζήσεται
2773 3977 2847 4030 δι’
2868 3974 3119 4043 ἑμέ.οὑκ
3148 3976 3214 4030 ἂν
3246 3976 3301 4028 δὲ
3328 3976 3357 4028 6
3391 3976 3464 4044 μὴ
3494 3992 3771 4047 περιγρα-

2202 4072 2435 4141 φόμενος
2479 4072 2682 4123 εἴποιεν
2738 4070 3032 4133 ἐσθίεσθαι,
3061 4071 3111 4121 εἰ
3140 4069 3211 4140 μή
3237 4069 3290 4122 τί
3318 4084 3383 4136 γε
3415 4067 3522 4135 ἄρα
3558 4071 3772 4132 φάντα-

2205 4180 2317 4233 σμα
2373 4158 2711 4231 εἷεν.”υπερ
2766 4164 2815 4213 εί
2864 4160 3313 4232 καταδεξοίμεθα,
3368 4160 3769 4229 ὲμπεσοὺμεθα

2202 4255 2282 4316 εἰς
2308 4252 2368 4305 τὸ
2394 4251 2501 4305 τῶν
2529 4251 2842 4320 Μανιχαίων
2871 4252 3142 4323 φρόνημα,
3174 4248 3681 4316 ἀποσκευαζόμενοι
3703 4253 3769 4305 τὺ

2205 4345 2345 4416 μέγα
2383 4345 2482 4413 τῆς
2511 4343 2791 4405 εὐσεϐείας
2829 4346 3145 4413 μυστήριον.

610 4430 698 4484 Ille
750 4430 1014 4500 siquidem
1050 4431 1104 4485 in
1165 4431 1479 4500 aspectabili
1525 4440 1579 4487 et
1626 4447 1733 4486 non
1774 4432 2089 4501 aspectabili

2263 4434 2373 4488 Kal
2400 4434 2508 4501 γὰρ
2532 4435 2732 4495 ἐκεῖνος
2764 4435 2819 4485 ἐν
2846 4432 2920 4503 τῷ
2948 4434 3124 4503 ὁρατῷ
3146 4432 3240 4487 καὶ
3260 4433 3474 4503 ἀοράτῳ
3504 4430 3597 4483 τὸν
3631 4431 3770 4484 Υἰδν

536 4522 730 4577 Filium
791 4521 1064 4591 propriam
1118 4524 1480 4578 substantiam
1537 4524 1589 4577 in
1640 4534 1823 4578 monte
1859 4524 2092 4579 manife-

534 4626 710 4669 SIasse
734 4613 883 4679 dicit,
922 4630 1025 4667 non
1074 4614 1208 4669 duas
1234 4615 1517 4669 habentem
1570 4625 1810 4680 naturas,
1842 4617 1934 4671 sed
1967 4618 2092 4670 uni-

534 4720 674 4759 cam.
706 4703 885 4769 Quare
923 4704 957 4757 ii
984 4708 1202 4773 pariter,
1256 4706 1346 4774 qui
1379 4721 1484 4759 non
1515 4705 1884 4761 circumscribi
1933 4707 2093 4762 Chri-

534 4807 675 4849 stum
706 4795 995 4860 allirmant,
1028 4805 1278 4865 tanquam
1312 4806 1557 4851 naturam
1601 4814 1761 4851 unam
1793 4800 2094 4867 praedican—

536 4893 636 4944 les,
671 4885 723 4937 in
752 4884 868 4949 eius
901 4886 1219 4939 sententiam
1246 4885 1452 4940 devolvi
1481 4888 1894 4941 convincuntur.
1936 4888 2091 4954 Quod

531 4978 680 5029 enim
714 4978 1259 5047 ineircumscriptum,
1295 4979 1435 5033 idem
1488 4981 1887 5049 incorporeum.
1909 4980 2095 5051 Neque

533 5083 682 5129 vero,
746 5082 812 5121 eo
864 5070 1007 5137 quod
1062 5068 1549 5133 circumscribitur,
1604 5070 1805 5123 ideirco
1857 5072 1910 5124 in
1959 5072 2095 5126 duas

535 5176 799 5230 personas
828 5161 985 5215 unica
1020 5161 1220 5217 Christi
1260 5177 1512 5230 persona,
1548 5172 1604 5215 ut
1629 5161 1847 5231 quidam
1875 5172 2091 5232 putant,

534 5254 812 5305 dividitur.
853 5252 1116 5317 Quoniam
1160 5270 1335 5322 neque
1374 5263 1565 5307 natura
1595 5252 1848 5323 imaginis
1872 5271 1935 5308 ae
1964 5270 2093 5322 pro-

530 5343 701 5410 tolypi
732 5344 1027 5396 secundum
1064 5332 1389 5413 hypostasim
1416 5345 1705 5411 dividitur;
1749 5347 1839 5399 sed
1867 5362 1932 5399 ex
1968 5347 2097 5401 sub-

534 5435 745 5487 stantia:
803 5434 1012 5488 ratione
1089 5436 1442 5489 diﬂ'erentiam
1516 5437 1758 5490 sortitur.
1812 5437 1896 5490 Ait
1944 5440 2089 5492 enim

533 5526 969 5595 sapientissimus
1012 5527 1299 5599 Dionysius
1331 5547 1343 5582 :
1375 5548 1391 5580 ι
1428 5526 1729 5596 Utrumque
1756 5529 1806 5581 in
1839 5538 2071 5598 utroque

606 5725 651 5755 ⁸⁸
683 5722 908 5795 Philipp.
942 5742 999 5792 ιι,
1025 5726 1076 5778 6.

1169 5726 1384 5783 “Joan.
1425 5744 1519 5792 vn,
1554 5729 1654 5793 ιζος
1688 5742 1800 5791 rm,
1842 5729 1919 5783 ιι).
2004 5731 2044 5759 ⁸³
2087 5728 2273 5783 il’elr.
2316 5746 2392 5795 Ili,
2427 5729 2507 5783 l8.

2190 4527 2287 4598 τὴν
2340 4528 2473 4580 ίδίαν
2511 4527 2696 4579 οὑσίσν
2726 4530 2783 4580 ἐν
2826 4525 2903 4596 τῷ
2948 4527 3064 4595 ὄρει
3116 4525 3568 4594 πεφανερωμένον
3602 4522 3761 4593 (cod.

2192 4621 2324 4690 Reg.
2368 4618 2840 4690 πεφανερωκέναι]
2875 4620 3061 4688 φησιν,
3089 4621 3151 4670 οὑ
3198 4617 3289 4669 δύο
3315 4617 3509 4687 ἔχοντα
3536 4617 3763 4682 φύσεις,

2192 4713 2325 4767 ἀλλὰ
2368 4712 2512 4782 μίαν.
2541 4712 2701 4763 Ὥστε
2741 4714 2834 4763 καὶ
2855 4713 2903 4762 oi
2934 4712 3007 4781 μὴ
3056 4710 3492 4779 περιγράφεσθαι
3520 4710 3770 4776 Χριστὸν

2191 4804 2662 4875 διισχυριζόμενοι,
2684 4803 2758 4866 ὡς
2784 4803 2911 4872 μίαν
2934 4802 3091 4871 φύσιν
3112 4802 3522 4872 πρεσϐεύοντες,
3545 4803 3767 4855 ἐκείνου

2192 4897 2271 4969 τῷ
2318 4898 2624 4965 φρονήματι
2669 4895 3062 4962 συνεμπίπτειν
3100 4893 3510 4961 ἀπελέγχονται.
3550 4894 3615 4943 Ὃ
3648 4894 3769 4962 γὰρ

2192 4984 2620 5054 ἀπερίγραπτον,
2652 4983 2809 5035 τοῦτο
2853 4982 2943 5034 καὶ
2971 4982 3279 5049 ἀσώματον.
3311 4980 3431 5032 Οὐδ’
3468 4976 3536 5031 αὖ
3574 4982 3632 5031 ὲν
3683 4982 3770 5050 τῷ

2190 5074 2653 5145 περιγεγράφθαι,
2678 5076 2754 5136 είς
2785 5074 2949 5126 δυάδα
2979 5072 3290 5139 προσώπων
3323 5071 3384 5123 τὸ
3413 5070 3471 5121 ἓν
3513 5072 3763 5138 Χριστοῦ

2190 5167 2500 5234 πρόσωπον,
2532 5164 2607 5225 ὡς
2659 5164 2807 5215 δοκεῖ
2849 5179 2980 5223 τισι,
3034 5162 3397 5229 διατέμνεται.
3434 5160 3558 5211 Ὀτι
3616 5161 3765 5229 μηδὲ

2197 5257 2357 5324 φύσις
2393 5254 2600 5317 εἰκόνος
2628 5271 2686 5306 τε
2717 5254 2812 5307 καὶ
2844 5253 3198 5323 πρωτοτὺπου
3236 5252 3614 5313 ὑποστατικῶς
3648 5250 3765 5304 οἶδε

2192 5348 2483 5416 τέμνεσθαι
2512 5362 2527 5375 ’
2557 5346 2692 5399 ἀλλὰ
2730 5346 2923 5416 τῷτῆς
2956 5346 3143 5408 οὐσίας
3181 5346 3326 5414 λόγῳ
3352 5344 3448 5415 τὴν
3490 5345 3767 5411 διαφοράν

2190 5439 2470 5508 κέκτηται.
2502 5439 2639 5506 Φησὶ
2673 5438 2779 5508 γὰρ
2810 5439 2838 5488 6
2863 5438 3135 5505 πάνσοφος
3162 5438 3433 5498 Διονύσιος
3468 5452 3481 5465 ·
3525 5455 3542 5485 ι
3596 5436 3767 5489 Ἐκά-

2184 5544 2340 5598 τερον
2367 5528 2423 5579 ὲν
2466 5527 2711 5599 ἐκατέρῳ
2758 5528 2909 5595 παρὰ
2944 5526 3005 5579 τὸ
3028 5527 3126 5597 τῆς
3156 5527 3344 5591 οὐσίας
3389 5526 3678 5596 διάφορον.
3733 5547 3757 5579 ι

2608 5730 2647 5761 ⁶¹
2685 5730 2844 5784 Joau.
2891 5747 2963 5795 γι,
3006 5732 3095 5786 ἓ8.
