3966 6514
269 439 400 501 1605

1440 438 1976 500 EPISTULARUM
2016 439 2164 499 LIB.
2218 439 2302 499 II.

3347 436 3482 499 1606

275 557 423 612 Ἐπεὶ
481 557 573 610 καὶ
618 557 710 608 ἐπὶ
740 552 846 607 τοῦ
877 555 1144 618 ζωοποιοῦ
1197 555 1454 624 σταυροῦ,
1484 556 1584 608 οὐκ
1625 554 1690 608 ἄν
1737 572 1816 618 τις

1923 566 2116 624 praeter
2161 554 2482 610 substantiae
2529 552 2910 608 differentiam.
2953 571 2972 604 ι
3032 551 3480 622 Quandoquidem

261 649 400 706 εἴποι
428 649 527 717 τὴν
563 647 878 717 σταυροειδῆ
921 647 1106 701 εἰκόνα
1144 646 1272 701 ἄλλο
1299 665 1350 700 τι
1393 648 1546 717 παρὰ
1587 648 1646 700 τὸ
1682 647 1818 700 ταύ-

259 756 353 807 της
389 738 767 807 πρωτότυπον,
796 737 828 806 ἢ
859 737 1022 805 μόνον
1061 737 1138 808 τῷ
1177 738 1390 808 φυσικῷ
1440 740 1583 808 λόγῳ
1635 739 1818 807 διαφο-

263 828 528 899 ρουμένην
553 844 567 857 ⁶
602 828 698 880 καὶ
729 828 790 878 τὸ
827 828 1182 898 παράδειγμα
1218 829 1469 896 ἐγγύθεν,
1499 829 1647 899 καὶὴ
1683 828 1816 897 ἀλή-

259 919 376 970 θεια
409 917 831 986 ἀναμφίλεκτος.
855 912 1024 981 Οὗτος
1055 915 1146 972 οὖν
1179 920 1207 971 6
1236 920 1451 990 πρῶτος
1471 922 1673 991 τρόπος
1710 920 1817 972 τῶν

257 1008 575 1074 εἰρημένων.
601 1007 698 1068 Τίς
726 1009 753 1059 6
773 1006 1022 1076 δεύτερος
1048 1025 1061 1072 ;
1093 1008 1160 1059 Ai
1193 1008 1301 1060 τῶν
1332 1009 1500 1077 ἀγίων
1531 1010 1725 1077 φωναὶ,
1753 1009 1814 1062 οὐ

259 1097 674 1164 συλλογιστικῶς
708 1141 723 1162 ,
779 1100 914 1153 ἀλλά
962 1101 1204 1169 γυμνῶς.
1259 1101 1676 1167 ἐξεικονίζεσθαι
1723 1105 1816 1156 τὸν

256 1187 460 1257 Κύριον
495 1189 650 1258 ἡμῶν
690 1189 897 1258 Ἰησοῦν
922 1192 1154 1261 Χριστὸν
1183 1192 1596 1263 διαγορεύουσαι
1619 1210 1631 1224 ·
1672 1194 1735 1256 ἃς
1763 1197 1813 1248 εἰ

257 1272 436 1335 πάσας
488 1274 719 1327 ἐνταῦθα
752 1275 1148 1349 βουληθείημεν
1179 1280 1394 1345 ἐντάξαι
1416 1323 1430 1346 ,
1465 1283 1815 1352 ἐκδησόμεθα

255 1362 345 1414 τοῦ
380 1365 603 1436 μετρίου
632 1367 735 1434 τῆς
766 1370 1230 1439 προσφωνήσεως.
1275 1373 1371 1425 Ἐκ
1405 1373 1612 1425 πολλῶν
1635 1374 1691 1426 δὲ
1722 1375 1816 1429 δύο

255 1453 286 1524 ἢ
316 1457 487 1526 τρεῖς.
516 1459 610 1510 καὶ
648 1459 854 1523 ταύτας
887 1462 1353 1533 προύργιαιτέρας
1402 1465 1813 1535 ἀναλεξάμενοι,

254 1550 315 1603 ἐκ
331 1550 499 1603 τῶνδε
525 1553 613 1605 καὶ
660 1555 758 1618 τάς
797 1555 990 1618 λοιπὰς
1043 1559 1466 1626 πιστωσόμεθα⁶
1509 1559 1815 1630 πληρουμέ-

252 1655 342 1690 νου
375 1641 656 1695 κάνταῦθα
677 1644 772 1696 τοῦ
791 1647 1176 1716 γεγραμμένου
1195 1665 1209 1677 ·
1229 1648 1357 1702 Ἑπί
1381 1651 1677 1720 στόματος
1703 1651 1816 1704 δύο

249 1730 288 1798 ἢ
322 1731 502 1798 τριῶν
521 1736 834 1804 μαρτύρων
869 1740 1234 1805 σταθήσεται
1284 1739 1406 1796 πᾶν
1455 1741 1632 1810 ῥῆμα.
1657 1743 1811 1813 Φωνὴ

249 1823 341 1876 τοῦ
396 1827 697 1895 κορυφαίου
751 1830 861 1880 τῶν
911 1831 1222 1884 ἀποστόλων
1258 1832 1464 1901 Πέτρου
1499 1835 1556 1886 ἐν
1600 1833 1812 1905 ἱστορίᾳ

1917 646 2078 701 etiam
2119 646 2172 698 in
2205 645 2416 699 viviﬂca
2447 659 2629 704 cruce.
2665 659 2824 697 nemo
2864 641 3244 697 cruciformem
3291 643 3482 710 imagi-

1917 752 2039 792 nem
2080 736 2223 790 aliud
2247 735 2315 790 ab
2338 736 2453 804 ejus
2475 744 2762 804 prototypo
2786 748 2906 787 esse
2936 733 3152 795 dixerit,
3179 731 3272 787 sed
3310 744 3474 787 natu-

1915 831 2017 884 rali
2065 837 2274 882 tantum
2334 828 2542 882 ratione
2591 828 2941 895 discrepare:
2995 835 3049 880 et
3081 830 3385 894 exemplum
3411 826 3479 881 de

1916 922 2224 991 propinquo
2253 927 2358 982 est,
2390 928 2444 976 et
2489 919 2691 974 veritas
2719 931 2872 973 extra
2901 919 3351 973 controversiam.
3381 917 3480 974 Hic

1916 1013 2078 1083 igitur
2103 1015 2310 1083 primus
2334 1022 2416 1068 est
2442 1011 2632 1066 modus
2663 1027 2729 1065 ex
2761 1011 2827 1065 iis
2858 1025 2998 1080 quos
3027 1010 3288 1065 diximus.
3316 1008 3480 1076 Quis-

1916 1118 2040 1155 nam
2093 1111 2178 1158 est
2224 1103 2540 1158 secundus?
2603 1101 2930 1156 Sanctorum
2975 1116 3158 1164 voces,
3203 1117 3322 1171 quae
3366 1117 3478 1156 non

1915 1195 2262 1267 syllogistice,
2289 1194 2380 1249 sed
2407 1193 2550 1248 nude
2569 1204 2621 1247 et
2642 1205 2848 1264 aperte,
2878 1194 3105 1262 exprimi
3127 1209 3221 1262 per
3247 1191 3475 1262 eﬂigiem

1916 1287 2202 1341 Dominum
2278 1299 2524 1340 nostrum
2574 1284 2756 1340 Jesum
2808 1285 3085 1338 Christum
3148 1285 3476 1338 enuntiant:

1913 1392 2051 1444 quas
2089 1375 2135 1429 si
2173 1389 2363 1429 omnes
2414 1374 2659 1444 digerere
2712 1372 2801 1426 hic
2846 1373 3098 1434 velimus,
3133 1373 3479 1439 egrediemur

1913 1467 2177 1521 terminos
2213 1468 2501 1520 moderata:
2550 1463 2916 1518 allocutionis.
2958 1461 3030 1515 Ex
3083 1462 3271 1515 multis
3300 1470 3478 1515 autem

1913 1558 2048 1613 duas
2084 1566 2280 1623 tresve,
2313 1565 2366 1611 et
2395 1560 2461 1610 ad
2497 1571 2612 1610 rem
2663 1555 2834 1623 magis
2878 1565 3030 1622 aptas
3055 1554 3371 1623 seligentes,
3411 1568 3480 1604 ex

1913 1647 2020 1700 illis
2059 1646 2212 1700 [idem
2247 1646 2314 1699 de
2376 1646 2590 1699 ceteris
2628 1643 2912 1698 faciemus.
2945 1641 3021 1696 Ita
3082 1651 3143 1696 ut
3180 1642 3267 1696 hic
3318 1643 3480 1696 etiam

1912 1731 2091 1785 locum
2141 1731 2334 1785 habeat
2372 1731 2516 1800 quod
2574 1732 2833 1798 scriptum
2867 1738 2986 1785 est:
3030 1729 3099 1783 In
3139 1747 3227 1783 ore
3254 1732 3482 1783 duorum

1912 1823 1990 1877 vel
2012 1823 2174 1876 trium
2221 1825 2430 1876 testium
2477 1822 2638 1875 stabit
2679 1838 2828 1874 omne
2855 1822 3064 1874 verbum
3081 1823 3148 1874 “.
3179 1823 3294 1878 Vox
3323 1839 3482 1894 cory-

248 1914 340 1966 τοῦ
401 1917 796 1988 ίερομάρτυρος
850 1921 1196 1990 Παγκρατίου
1234 1922 1809 1994 ὑπομνηματιζομένηο

1918 1912 2051 1980 phaai
2086 1913 2455 1980 apostolorum
2487 1910 2634 1966 Petri
2665 1911 2719 1964 in
2764 1910 2991 1965 historia
3046 1911 3188 1966 sacri
3227 1915 3483 1981 martyris

254 2021 273 2054 ι
296 2003 613 2073 Ἐξένεγκον
637 2008 735 2078 τὴν
763 2009 944 2063 εἰκόνα
963 2009 1058 2063 τοῦ
1084 2012 1286 2082 Κυρίου
1304 2013 1459 2082 ἡμῶν
1488 2014 1662 2082 Ἰησοῦ
1679 2015 1810 2084 Χρι-

250 2096 398 2162 στοῦ,
443 2099 537 2150 καὶ
567 2098 875 2154 ὲντύπωσον
911 2102 1080 2174 αὐτὴν
1126 2105 1185 2156 ἐν
1233 2103 1311 2173 τῷ
1361 2104 1649 2174 πυργίσκῳ
1674 2123 1686 2135 ·
1721 2106 1811 2159 ἵνα

249 2188 435 2242 ἴδωσιν
485 2191 536 2242 οἱ
584 2191 725 2256 λαοὶ,
786 2194 952 2247 ποίαν
1015 2195 1230 2266 μορφὴν
1279 2196 1469 2250 ἐλαϐεν
1497 2197 1678 2260 όΥίὸς
1714 2196 1808 2250 τοῦ

246 2280 382 2333 Θεοῦ
410 2299 422 2312 ·
455 2281 540 2335 ἵνα
575 2283 773 2346 ἰδόντες
808 2285 900 2338 ἐπὶ
939 2286 1125 2339 πλεῖον
1162 2286 1543 2352 πιστεύσωσιν,
1579 2287 1812 2357 ὁρῶντες

247 2374 337 2426 τὸν
367 2374 542 2428 τύπον
583 2378 684 2446 τῆς
737 2377 974 2447 μορφῆς,
1005 2377 1101 2431 καὶ
1148 2378 1453 2449 ὑπόμνησιν
1494 2378 1812 2448 λαμὸἀνωσι

245 2465 354 2517 τῶν
423 2468 502 2529 εἰς
561 2468 756 2532 αὐτοὺς
822 2471 955 2537 παρ’
1015 2469 1172 2539 ἡμῶν
1225 2470 1631 2541 κηρυχθέντων.
1671 2489 1689 2521 ι
1725 2471 1813 2534 Ὠς

249 2556 481 2627 φοϐερὸς
517 2559 544 2610 ό
573 2558 730 2626 λόγος
759 2555 913 2623 οὗτος
947 2561 961 2613 !
998 2562 1297 2630 Movovoux‘t
1324 2563 1416 2615 καὶ
1438 2561 1770 2624 ὲπιὸοῶντος
1793 2576 1809 2592 ·

258 2644 579 2711 Ἐξένεγκον
629 2646 729 2718 τὴν
771 2648 955 2700 εἰκόνα
983 2647 1078 2701 τοῦ
1109 2651 1174 2719 τῇ
1198 2650 1363 2718 ἀρετῇ
1390 2651 1514 2711 τοὺς
1551 2650 1814 2719 οὐρανοὺς

248 2736 614 2805 καλύψαντος,
661 2738 754 2790 καὶ
800 2738 1107 2792 ὲντύπωσον
1153 2741 1315 2792 οἱονεὶ
1346 2742 1404 2793 ὲν
1443 2740 1520 2812 τῷ
1553 2739 1814 2810 μετεώρῳ

249 2829 329 2891 εἰς
381 2828 680 2898 μαρτύριον
731 2830 993 2898 ἐμφανέςο
1046 2831 1133 2884 ἵνα
1177 2832 1358 2884 ἴδωσιν
1414 2834 1463 2885 οἰ
1493 2833 1613 2885 λαοί⁵
1652 2833 1814 2887 ποίαν

252 2919 471 2989 μορφὴν
508 2919 698 2972 έλαὸεν
727 2922 755 2973 6
787 2920 913 2984 Υἱὸς
945 2921 1038 2974 τοῦ
1067 2921 1202 2974 Θεοῦ
1235 2940 1251 2955 ο
1293 2924 1392 2975 οὐκ
1416 2923 1671 2992 ἀγγέλου,
1695 2924 1816 2976 οὐδὲ

247 3009 594 3078 ἀρχαγγέλου
615 3051 631 3073 ,
663 3011 783 3065 οὐδέ
825 3030 970 3076 τινος
1000 3013 1164 3084 ἄλλης
1196 3014 1477 3081 δυνάμεως
1506 3031 1519 3045 ο
1557 3015 1692 3069 ἀλλὰ
1718 3015 1816 3085 τὴν

250 3098 374 3151 καθ’
405 3101 554 3169 ἡμᾶς
588 3101 839 3172 δουλικὴν
868 3105 1113 3172 μορφήν·
1141 3104 1226 3157 ἵνα
1257 3105 1478 3168 ἰδόντες,
1507 3106 1601 3157 ἐπὶ
1629 3107 1815 3158 πλεῖον

249 3189 641 3244 πιστεύσωσιν
661 3193 735 3256 ὡς
755 3193 855 3246 οὐκ
869 3193 1146 3264 ἀρκούσης
1163 3195 1258 3265 τῆς
1273 3195 1360 3248 διὰ
1375 3196 1532 3263 λόγου
1555 3196 1814 3264 ἱστορίας,

1910 2002 2202 2067 Pancratii,
2249 2004 2525 2058 memoria:
2594 2003 2805 2072 prodita
2842 2003 2887 2034 “
2937 2021 2951 2056 :
3008 2020 3028 2054 ι
3083 2001 3225 2056 Aﬂ‘er
3295 2004 3484 2073 imagi-

1911 2105 2032 2142 nem
2082 2088 2296 2143 Domini
2352 2092 2520 2144 nostri
2558 2089 2688 2144 Jesu
2725 2089 2949 2154 ChriSti,
2978 2104 3208 2159 eamque
3243 2091 3486 2159 exprime

1910 2177 1964 2231 in
1994 2179 2280 2245 turricula,
2316 2187 2376 2233 ut
2435 2179 2656 2234 videant
2712 2181 2895 2249 populi
2973 2180 3184 2250 qualem
3250 2179 3482 2235 formam

1911 2271 2120 2340 accepit
2177 2270 2350 2326 Filius
2417 2272 2532 2335 Dei,
2577 2281 2631 2326 et
2677 2273 2921 2326 videntes
2971 2273 3206 2341 amplius
3231 2275 3480 2339 credant,

1910 2360 2139 2430 ﬁguram
2192 2359 2381 2414 formae
2438 2361 2730 2425 intuentes,
2774 2368 2829 2414 et
2878 2362 3237 2415 recordentur
3292 2376 3485 2415 eorum

1910 2466 2033 2520 qua:
2060 2466 2154 2520 per
2186 2465 2285 2505 nos
2315 2450 2423 2504 illis
2470 2451 2759 2520 praedicata
2797 2459 2947 2505 sunt.
2992 2470 3014 2505 ι
3065 2449 3238 2517 Quam
3295 2451 3488 2506 formi-

1910 2542 2088 2595 danda
2124 2543 2235 2596 haac
2257 2541 2467 2595 oratio!
2516 2542 2676 2611 quasi
2720 2551 2928 2594 tantum
2963 2558 3069 2597 non
3109 2543 3497 2597 exclamaret:-

1912 2633 2102 2689 Prol’er
2164 2634 2453 2705 imaginem
2511 2634 2647 2702 ejus.
2698 2635 2789 2702 qui
2819 2635 2988 2689 eteius
3026 2636 3229 2689 virtute
3263 2638 3482 2705 operit:

1912 2735 1966 2778 et
2027 2724 2271 2784 eil'orma.
2337 2733 2592 2793 tanquam
2634 2725 2686 2778 in
2750 2725 2995 2791 sublimi,
3028 2726 3094 2780 ad
3126 2729 3483 2797 conspicuum

1916 2817 2281 2870 testimonium
2308 2834 2322 2872 :
2355 2827 2415 2871 ut
2438 2819 2657 2872 videant
2687 2820 2872 2888 populi
2913 2821 3131 2888 qualem
3189 2819 3359 2877 Filius
3391 2820 3486 2876 Dei

1915 2906 2142 2960 formam
2177 2907 2491 2975 sumpserit,
2554 2923 2662 2961 non
2706 2910 2903 2979 angeli,
2939 2926 3116 2980 neque
3142 2913 3483 2982 archangeli,

1915 2996 2202 3053 alteriusve
2253 2999 2556 3068 cujuspiam
2606 3002 2920 3068 potestatis,
2983 3005 3076 3057 sed
3123 3007 3370 3059 servilem
3399 3022 3486 3060 se-

1916 3089 2155 3143 cundum
2181 3104 2283 3143 nos
2307 3088 2538 3144 formam
2567 3110 2579 3143 :
2613 3101 2672 3143 ut
2695 3090 2939 3145 videntes
2964 3094 3199 3160 amplius
3229 3097 3488 3164 eredant;

1917 3183 2072 3252 quasi
2113 3199 2220 3237 non
2246 3183 2477 3238 suiﬁciat
2518 3184 2806 3238 verborum
2847 3185 3090 3238 narratio
3119 3226 3135 3250 ,
3169 3187 3265 3240 sed
3297 3203 3490 3243 neces-

248 3282 391 3336 ἀλλὰ
419 3282 682 3352 δεομένης
703 3253 799 3338 {ut
821 3253 919 3355 τῆξ
945 3285 1012 3338 δι’
1032 3253 1512 3358 ὅψεωςένεργείας
1533 3290 1612 3350 εἰς
1639 3253 1816 3342 τέλειᾶ

1919 3275 2060 3328 saria
2092 3276 2253 3330 etiam
2277 3274 2350 3328 sit
2384 3273 2454 3328 ad
2479 3274 2779 3344 pleniorem
2810 3273 3112 3329 faciendam
3163 3277 3343 3338 iidem,
3380 3281 3485 3333 sub

249 3390 320 3426 να
370 3372 637 3425 πίστωσιν
659 3393 675 3406 ·
705 3375 790 3427 ὅτι
827 3376 854 3426 6
886 3374 1012 3438 Υίὸς
1041 3374 1135 3428 τοῦ
1167 3375 1300 3428 Θεοῦ
1321 3419 1334 3441 ,
1360 3377 1488 3441 Υἰδς
1525 3376 1818 3448 ἀνθρώπου

249 3462 448 3529 γέγονε
477 3477 493 3492 ·
535 3461 630 3514 καὶ
660 3462 965 3532 ὑπόμνησιν
1000 3462 1322 3533 λαμόἀνωσι
1367 3466 1476 3518 τῶν
1505 3468 1633 3538 παρ’
1666 3465 1820 3538 ἡμῶν

247 3553 332 3616 εἰς
367 3551 568 3615 αὐτοὺς
592 3553 973 3623 κηρυχθέντων
993 3570 1010 3586 ·
1043 3555 1228 3625 ὅμοιον
1256 3557 1351 3611 τοῦ
1381 3559 1557 3613 εἰπεῖν
1595 3575 1611 3590 ’
1649 3558 1823 3612 Τοῦτο

247 3645 384 3716 ὑμῖν
414 3645 756 3716 μνημόσυνον
785 3648 864 3710 εἰς
889 3645 1082 3715 γενεὰς
1112 3649 1336 3717 γενεῶν.

337 3821 719 3893 Ἐπισημαίνει
746 3821 804 3875 δὲ
827 3823 861 3893 ἡ
883 3823 1115 3896 ἱστορία,
1153 3826 1236 3879 ὅτι
1268 3825 1435 3880 καὶοί
1471 3826 1651 3882 λοιποὶ
1680 3829 1817 3882 ἀπό-

246 3914 429 3968 στολοι
484 3914 544 3967 τὸ
593 3915 725 3968 αὐτὸ
767 3916 984 3969 ἐποίουν
1035 3916 1092 3970 ἐν
1120 3935 1179 3971 τε
1212 3918 1400 3972 πόλεσι
1438 3920 1532 3974 καὶ
1558 3918 1776 3990 κώμαις
1802 3937 1817 3952 ·

245 4004 475 4056 ἃπασαν
531 4003 773 4074 ἰστορίαν
831 4004 931 4074 τῆς
979 4005 1448 4078 ὲνανθρωπήσεως
1484 4007 1578 4059 τοῦ
1612 4009 1818 4078 Κυρίου

243 4096 414 4167 ήμῶν
452 4095 626 4165 Ἰησοῦ
658 4098 891 4167 Χριστοῦ
915 4098 1336 4169 διακοσμοῦντες
1353 4101 1448 4153 ἀπ’
1468 4101 1662 4171 ἀρχῆς,
1686 4103 1775 4155 ὅτε
1795 4102 1824 4153 6

245 4188 485 4258 ἄγγελος
511 4188 592 4253 τὸ,
614 4190 807 4261 Χαῖρε,
831 4193 1067 4262 κέκραγε
1090 4194 1154 4262 τῇ
1176 4192 1456 4263 Παρθένῳ,
1480 4193 1674 4263 μέχρις
1699 4194 1823 4247 ὅτου

244 4280 348 4334 καὶ
385 4277 687 4350 ἀνελήφθη.
731 4282 848 4346 ’Δς,
878 4281 1032 4351 φησὶ,
1066 4283 1160 4336 καὶ
1183 4281 1333 4352 φόϐῳ
1354 4282 1631 4353 παρῄνουν
1657 4285 1822 4353 τιμᾶ-

246 4371 399 4424 σθαι.
444 4369 662 4441 Ὁρᾶτε,
695 4364 741 4424 ὧ
776 4371 1279 4445 φιλανθρωπότατοι
1324 4371 1469 4444 [cod.
1504 4375 1639 4444 Reg.
1670 4375 1821 4442 φιλο-

245 4459 540 4532 θεώτατοι]
561 4499 576 4523 ,
602 4461 683 4514 ὅτι
703 4460 838 4532 ὁμοῦ
858 4465 923 4533 τῇ
951 4463 1457 4532 ἀναστηλώσει’τῶν
1489 4464 1648 4533 ἱερῶν
1678 4464 1823 4518 εἰκό-

1919 3365 2109 3420 oculos
2158 3373 2214 3419 et
2261 3373 2540 3434 aspectum
2604 3371 2807 3422 cadens
2843 3365 3030 3421 eﬂieax
3054 3370 3489 3425 demonstratio:

1919 3461 2062 3528 quod
2114 3458 2284 3514 Filius
2317 3459 2430 3522 Dei,
2466 3458 2638 3514 Filius
2679 3460 2911 3515 hominis
2947 3459 3124 3517 factus
3159 3461 3232 3517 sit
3265 3480 3279 3516 :
3323 3473 3376 3517 et
3405 3478 3493 3517 re-

1919 3550 2213 3603 cordentur
2245 3565 2435 3604 eorum
2465 3566 2586 3619 qua:
2614 3566 2710 3619 per
2737 3567 2837 3605 nos
2861 3552 2998 3621 ipsis
3024 3554 3319 3622 praedicata
3342 3565 3492 3609 sunt:

1919 3638 2076 3708 quasi
2096 3639 2302 3693 diceret
2331 3656 2346 3694 :
2380 3637 2493 3693 Hoc
2524 3639 2680 3694 vobis
2700 3647 2782 3694 est
2814 3654 3228 3697 monumentum
3251 3645 3305 3698 in
3334 3661 3496 3714 gene-

1920 3733 2162 3788 rationes
2196 3733 2632 3802 generationum.

1989 3824 2200 3879 lndicat
2247 3832 2429 3878 autem
2467 3822 2717 3885 historia,
2761 3823 2953 3880 solitos
2986 3825 3127 3881 idem
3171 3824 3355 3881 facere
3385 3842 3496 3881 cm-

1921 3924 2067 3969 teros
2099 3915 2376 3984 apostolos
2415 3915 2470 3967 in
2514 3913 2742 3970 urbibus
2772 3925 2827 3970 et
2882 3916 3039 3981 vicis,
3071 3919 3382 3972 universam
3410 3916 3497 3971 ln-

1920 4006 2258 4062 carnationis
2311 4005 2530 4059 Domini
2560 4008 2734 4062 nostri
2770 4007 2900 4064 Jesu
2934 4008 3142 4065 Christi
3170 4011 3363 4066 seriem
3396 4011 3494 4066 de-

1922 4097 2208 4152 scribenda
2237 4097 2307 4152 ab
2331 4097 2502 4152 initiis
2531 4098 2685 4167 ipsis,
2711 4100 2930 4168 quando
2956 4103 3183 4171 angelus
3214 4101 3491 4171 Virginem

1923 4187 2198 4253 salutavit,
2232 4202 2520 4257 quousque
2548 4202 2865 4258 assumptus
2893 4197 2997 4244 est.
3031 4209 3051 4241 ι
3093 4189 3262 4256 Quas,
3295 4189 3492 4259 inquit,

1922 4276 2187 4347 imagines
2221 4292 2345 4331 cum
2384 4276 2581 4332 timore
2607 4277 2956 4333 honorandas
2981 4279 3302 4334 monebant.
3341 4298 3361 4332 ι
3397 4277 3496 4334 Vi-

1922 4367 2082 4431 detis,
2111 4383 2146 4421 o
2175 4367 2572 4437 benignissimi,
2594 4384 2702 4422 una
2732 4384 2856 4424 cum
2882 4385 3162 4424 sacrarum
3197 4371 3491 4439 imaginum

1925 4459 2216 4522 erectione,
2249 4457 2464 4511 illarum
2507 4459 2669 4513 etiam
2704 4474 2829 4513 cum
2873 4461 3070 4515 timore
3117 4461 3492 4516 adorationem

242 4569 382 4616 νων,
409 4553 502 4606 καὶ
522 4551 582 4603 τὸ
596 4553 1013 4622 προσκυνεῖσθαι
1034 4555 1201 4618 αὐτὰς
1226 4554 1396 4625 φόϐῳ,
1423 4555 1527 4608 ὑπὸ
1542 4554 1652 4607 τῶν
1681 4556 1816 4608 ἀπο-

1925 4549 1994 4603 ab
2020 4547 2282 4618 apostolis
2304 4547 2357 4602 in
2386 4548 2616 4603 exordio
2644 4550 2762 4618 ipso
2792 4551 3048 4605 traditam
3072 4551 3281 4608 fuisse?
3314 4551 3497 4606 Hono-

246 4640 461 4692 στόλων
499 4639 596 4692 ἀπ’
625 4639 801 4710 ἀρχῆς
827 4640 1227 4711 παραδέδοται;
1264 4641 1338 4694 Τὸ
1372 4642 1481 4713 γάρ
1521 4659 1603 4696 τοι
1649 4645 1818 4713 τιμᾶ·

245 4732 399 4795 σθαι,
434 4731 722 4803 ἰσόρροπον
749 4731 990 4801 δηλονότι
1031 4734 1123 4785 τοῦ
1158 4735 1581 4804 προσκυνεῖσθαι
1607 4736 1818 4803 ὠμολόι-

242 4840 439 4894 γηται.
469 4824 626 4894 Φωνὴ
666 4823 982 4878 Ἀθανασίου
1019 4827 1116 4878 τοῦ
1150 4827 1448 4880 πολυάθλου
1471 4866 1485 4891 ,
1514 4829 1580 4880 ὲκ
1615 4827 1714 4897 τῆς
1759 4830 1817 4881 ὲν

240 4913 481 4983 Βηρυτῷ
504 4916 943 4984 προσφωνήσεως
958 4933 970 4945 ·
998 4935 1016 4969 ι
1031 4917 1235 4986 Ἄρατε
1252 4919 1376 4980 τοὺς
1400 4917 1708 4987 ὀφθαλμοὺς
1719 4917 1818 4986 τῆς

243 5003 491 5067 διανοίας
525 5005 700 5075 ὑμῶν,
730 5007 824 5060 κα)⁵
856 5007 993 5059 ἴδετε
1039 5009 1099 5061 τὸ
1156 5008 1343 5061 καινὸν
1374 5008 1550 5079 θέαμα
1587 5007 1764 5064 τοῦτο.
1792 5027 1812 5061 ι

243 5098 366 5153 Καὶ
414 5097 535 5166 μεθ’
591 5097 794 5169 ἓτερα’
834 5118 854 5150 ι
891 5099 1022 5151 Τότε
1077 5099 1174 5171 τὴν
1225 5100 1410 5153 εἰκόνα
1466 5099 1558 5152 τοῦ
1613 5099 1817 5171 Κυρίου

243 5189 409 5260 ἡμῶν
451 5188 625 5258 Ἰησοῦ
677 5191 914 5260 Χριστοῦ
969 5193 1018 5244 οἰ
1087 5192 1327 5245 Ἰουδαῖοι
1385 5191 1817 5260 κατενέγκαντες

244 5283 486 5350 ἔφησαν,
546 5282 631 5334 ὅτι
686 5283 883 5346 Καθὼς
925 5285 974 5336 οἰ
1031 5283 1268 5354 πατέρες
1310 5283 1466 5353 ἡμῶν
1515 5284 1816 5336 ἐνέπτυσαν

244 5373 403 5444 αύτῷ
459 5390 610 5440 ποτε,
649 5373 821 5438 οὕτως
874 5377 967 5427 καὶ
1020 5377 1178 5445 ἡμεῖς
1223 5375 1590 5445 ὲμπτύσωμεν
1644 5372 1812 5440 αὐτῷ.

1923 4655 2046 4695 rare
2073 4640 2363 4710 siquidem,
2396 4641 2505 4695 vim
2544 4643 2790 4697 eamdem
2822 4643 3023 4699 habere
3053 4653 3218 4715 atque
3240 4647 3490 4709 adorare,

1922 4729 2112 4798 utique
2171 4731 2226 4783 in
2254 4728 2508 4785 confesso
2537 4739 2641 4784 est.
2691 4730 2804 4786 Vox
2834 4735 3041 4789 strenui
3077 4736 3298 4790 athleta:
3320 4737 3492 4789 Atha-

1921 4823 2059 4876 nasii
2123 4836 2189 4876 ex
2245 4821 2572 4877 allocutione
2601 4823 2656 4876 in
2689 4821 2884 4894 Beryto
2929 4826 3170 4880 habita“
3204 4845 3262 4881 τι
3298 4827 3494 4882 Levate

1922 4917 2112 4971 oculos
2145 4916 2450 4972 intellectus
2481 4918 2668 4984 vestri,
2695 4928 2749 4972 et
2771 4933 2970 4973 novum
2996 4915 3100 4974 hoc
3124 4922 3490 4990 spectaculum

1922 5006 2390 5076 contemplamini.
2427 5025 2447 5058 ι
2500 5006 2566 5062 Et
2596 5017 2721 5076 post
2762 5008 2869 5061 alia
2900 5025 2915 5061 :
2977 5027 2997 5060 ι
3036 5008 3173 5064 Tum
3202 5012 3493 5081 imaginem

1922 5098 2134 5152 Domini
2173 5100 2349 5153 nostri
2374 5095 2503 5153 Iesu
2528 5099 2732 5155 Christi
2784 5102 3120 5172 proferentes
3145 5102 3316 5158 Judaei
3343 5104 3494 5159 dixe-

1918 5198 2086 5244 runt:
2142 5188 2612 5256 Quemadmodum
2663 5200 2846 5260 patres
2879 5194 3051 5247 nostri
3101 5193 3389 5250 illuserunt
3439 5195 3487 5248 ei

1919 5282 2215 5352 quondam,
2257 5284 2329 5336 ita
2373 5291 2427 5336 et
2460 5298 2561 5338 nos
2605 5284 2899 5341 illudamus
2925 5300 3073 5340 nunc
3095 5287 3167 5340 ei.
3198 5286 3350 5341 ‘l‘unc
3373 5302 3491 5342 cm-

1919 5383 2118 5442 perunt
2154 5388 2421 5441 exspuere
2451 5374 2508 5426 in
2552 5372 2748 5429 faciem
2782 5377 3036 5445 imaginis
3083 5376 3321 5444 Domini,
3345 5379 3492 5432 cola-

247 5465 392 5518 Τότε
422 5463 656 5533 ἤρξαντο
687 5467 952 5533 ἐμπτύειν
987 5468 1065 5528 εἰς
1089 5467 1147 5517 τὸ
1172 5467 1462 5535 πρόσωπον
1492 5467 1590 5535 τῆς
1622 5466 1816 5523 εἰκόνος

1918 5464 2147 5534 phisque
2177 5463 2305 5517 hinc
2332 5464 2483 5519 illinc
2509 5465 2776 5521 cedentes
2808 5467 3066 5522 dixerunt
3095 5487 3111 5523 :
3139 5469 3493 5536 Quaecunque

246 5556 350 5608 τοῦ
409 5555 635 5626 Κυρίου,
659 5558 755 5609 καὶ
798 5557 1101 5628 ὲρῤἀπισαν
1139 5556 1307 5627 αὐτὴν
1353 5557 1494 5611 κατά
1545 5557 1816 5628 πρόσωποπ

1918 5552 2275 5621 designarunt
2309 5561 2498 5621 patres
2527 5554 2699 5607 nostri
2735 5554 2792 5607 in
2831 5554 3005 5620 illum,
3045 5570 3110 5609 ea
3140 5563 3193 5608 et
3219 5570 3320 5609 nos
3350 5570 3461 5624 quo

254 5645 373 5698 τῶν
405 5647 773 5701 συνελθόντων
796 5647 949 5701 ἐνθεν
980 5647 1235 5701 κάκεῖθεν
1254 5688 1268 5709 ,
1296 5649 1464 5718 ἧγουν
1500 5649 1600 5717 την
1649 5647 1816 5700 εἰκόνι

1918 5658 2024 5711 que
2052 5641 2318 5696 faciamus
2359 5643 2412 5696 in
2456 5641 2603 5698 illius
2653 5643 2969 5715 imaginem.
3008 5643 3074 5698 Et
3101 5645 3326 5699 dicunt:
3356 5645 3490 5698 illu-

371 5782 415 5812 “
441 5781 600 5836 Deut.
631 5798 746 5845 xu,
785 5784 873 5837 lii.

957 5783 1003 5815 ⁸⁸
1033 5785 1186 5852 Apud
1214 5783 1554 5844 Bollandum,
1584 5783 1617 5835 ὅ
1645 5782 1729 5834 die
1766 5777 1968 5852 mensis
1992 5775 2209 5846 Aprilis,
2235 5791 2351 5848 pag.
2397 5775 2522 5830 257.
2598 5777 2643 5809 “
2677 5778 2734 5832 In
2762 5777 2945 5834 libello
2971 5778 3045 5833 De
3089 5780 3333 5848 passione
3358 5777 3492 5830 ima-

245 5854 395 5924 ginis
421 5850 636 5905 Domini
672 5855 838 5908 nostri
885 5853 1010 5908 Iesu
1072 5850 1291 5921 Christi,
1329 5865 1365 5908 t.
1421 5854 1482 5918 Il,
1555 5870 1679 5921 pag.
1740 5850 1865 5902 6.47.
