  <div class='ocr_page' id='page_1' title='image "/cluster/home/n/w/nwhite01/storage/ocr_20150623/99/ien.35556001661347/813.png"; bbox 0 0 3966 6456; ppageno 0'>
   <div class='ocr_carea' id='block_1_1' title="bbox 534 325 671 388">
    <p class='ocr_par' dir='ltr' id='par_1_1' title="bbox 534 325 671 388">
     <span class='ocr_line' id='line_1_1' title="bbox 534 325 671 388; baseline 0.015 -7"><span class='ocrx_word' id='word_1_1' title='bbox 534 327 554 381; x_wconf 82' lang='grc'>1</span> <span class='ocrx_word' id='word_1_2' title='bbox 567 325 671 388; x_wconf 86' lang='grc'><strong>607</strong></span> 
     </span>
    </p>
   </div>
   <div class='ocr_carea' id='block_1_2' title="bbox 1713 327 2585 388">
    <p class='ocr_par' dir='ltr' id='par_1_2' title="bbox 1713 327 2585 388">
     <span class='ocr_line' id='line_1_2' title="bbox 1713 327 2585 388; baseline -0.003 -1"><span class='ocrx_word' id='word_1_3' title='bbox 1713 330 1776 387; x_wconf 88' lang='lat' dir='ltr'><strong>S.</strong></span> <span class='ocrx_word' id='word_1_4' title='bbox 1798 329 2190 388; x_wconf 81' lang='lat' dir='ltr'><strong>THEODORI</strong></span> <span class='ocrx_word' id='word_1_5' title='bbox 2239 327 2585 387; x_wconf 73' lang='lat' dir='ltr'><strong>STUDIT/E</strong></span> 
     </span>
    </p>
   </div>
   <div class='ocr_carea' id='block_1_3' title="bbox 3639 322 3771 384">
    <p class='ocr_par' dir='ltr' id='par_1_3' title="bbox 3639 322 3771 384">
     <span class='ocr_line' id='line_1_3' title="bbox 3639 322 3771 384; baseline 0 -1"><span class='ocrx_word' id='word_1_6' title='bbox 3639 322 3771 384; x_wconf 86' lang='lat'><strong>1608</strong></span> 
     </span>
    </p>
   </div>
   <div class='ocr_carea' id='block_1_4' title="bbox 528 435 2095 511">
    <p class='ocr_par' dir='ltr' id='par_1_4' title="bbox 528 435 2095 503">
     <span class='ocr_line' id='line_1_4' title="bbox 528 435 2095 503; baseline 0 -10"><span class='ocrx_word' id='word_1_7' title='bbox 528 445 719 493; x_wconf 90' lang='lat' dir='ltr'><strong>serunt</strong></span> <span class='ocrx_word' id='word_1_8' title='bbox 760 435 832 503; x_wconf 91' lang='lat' dir='ltr'><strong>ei,</strong></span> <span class='ocrx_word' id='word_1_9' title='bbox 859 446 912 492; x_wconf 89' lang='lat' dir='ltr'><strong>et</strong></span> <span class='ocrx_word' id='word_1_10' title='bbox 952 451 1052 492; x_wconf 87' lang='lat' dir='ltr'><strong>nos</strong></span> <span class='ocrx_word' id='word_1_11' title='bbox 1093 436 1233 492; x_wconf 90' lang='lat' dir='ltr'><strong>idem</strong></span> <span class='ocrx_word' id='word_1_12' title='bbox 1267 436 1553 494; x_wconf 79' lang='lat' dir='ltr'><strong>faciamus.</strong></span> <span class='ocrx_word' id='word_1_13' title='bbox 1582 437 1703 494; x_wconf 82' lang='lat' dir='ltr'><strong>Mox</strong></span> <span class='ocrx_word' id='word_1_14' title='bbox 1740 438 1948 494; x_wconf 84' lang='lat' dir='ltr'><strong>infinita</strong></span> <span class='ocrx_word' id='word_1_15' title='bbox 1969 456 2095 495; x_wconf 92' lang='lat' dir='ltr'><strong>con-</strong></span> 
     </span>
    </p>
   </div>
   <div class='ocr_carea' id='block_1_5' title="bbox 2202 435 3773 511">
    <p class='ocr_par' dir='ltr' id='par_1_5' title="bbox 2202 435 3773 511">
     <span class='ocr_line' id='line_1_5' title="bbox 2202 435 3773 511; baseline -0.001 -19"><span class='ocrx_word' id='word_1_16' title='bbox 2202 438 2294 492; x_wconf 87' lang='grc' dir='ltr'><strong>τοῦ</strong></span> <span class='ocrx_word' id='word_1_17' title='bbox 2321 439 2549 511; x_wconf 80' lang='grc' dir='ltr'>Κυρίου,</span> <span class='ocrx_word' id='word_1_18' title='bbox 2588 437 2834 507; x_wconf 82' lang='grc' dir='ltr'>λέγοντες</span> <span class='ocrx_word' id='word_1_19' title='bbox 2859 450 2873 466; x_wconf 83' lang='grc'><strong><em>⁸</em></strong></span> <span class='ocrx_word' id='word_1_20' title='bbox 2908 436 3048 490; x_wconf 87' lang='grc' dir='ltr'>Ὀσα</span> <span class='ocrx_word' id='word_1_21' title='bbox 3081 436 3352 506; x_wconf 78' lang='grc' dir='ltr'>ἐποίησαν</span> <span class='ocrx_word' id='word_1_22' title='bbox 3385 435 3535 507; x_wconf 86' lang='grc' dir='ltr'><strong>αὑτῷ</strong></span> <span class='ocrx_word' id='word_1_23' title='bbox 3583 439 3634 490; x_wconf 87' lang='grc' dir='ltr'><strong>οί</strong></span> <span class='ocrx_word' id='word_1_24' title='bbox 3673 457 3773 491; x_wconf 90' lang='grc' dir='ltr'>πα-</span> 
     </span>
    </p>
   </div>
   <div class='ocr_carea' id='block_1_6' title="bbox 526 531 2100 605">
    <p class='ocr_par' dir='ltr' id='par_1_6' title="bbox 526 531 2100 605">
     <span class='ocr_line' id='line_1_6' title="bbox 526 531 2100 605; baseline 0.003 -22"><span class='ocrx_word' id='word_1_25' title='bbox 526 531 666 584; x_wconf 91' lang='lat' dir='ltr'><strong>vicia</strong></span> <span class='ocrx_word' id='word_1_26' title='bbox 720 543 1080 585; x_wconf 88' lang='lat' dir='ltr'><strong>evomuerunt</strong></span> <span class='ocrx_word' id='word_1_27' title='bbox 1135 531 1189 583; x_wconf 93' lang='lat' dir='ltr'><strong>in</strong></span> <span class='ocrx_word' id='word_1_28' title='bbox 1230 531 1518 602; x_wconf 78' lang='lat' dir='ltr'><strong>imaginem</strong></span> <span class='ocrx_word' id='word_1_29' title='bbox 1556 535 1792 599; x_wconf 88' lang='lat' dir='ltr'><strong>Domini,</strong></span> <span class='ocrx_word' id='word_1_30' title='bbox 1850 549 1972 605; x_wconf 71' lang='lat' dir='ltr'><strong>qua:</strong></span> <span class='ocrx_word' id='word_1_31' title='bbox 2001 548 2100 588; x_wconf 88' lang='lat' dir='ltr'><strong>nec</strong></span> 
     </span>
    </p>
   </div>
   <div class='ocr_carea' id='block_1_7' title="bbox 527 622 2101 692">
    <p class='ocr_par' dir='ltr' id='par_1_7' title="bbox 527 622 2101 692">
     <span class='ocr_line' id='line_1_7' title="bbox 527 622 2101 692; baseline 0.002 -15"><span class='ocrx_word' id='word_1_32' title='bbox 527 622 717 677; x_wconf 76' lang='lat' dir='ltr'><strong>efferre</strong></span> <span class='ocrx_word' id='word_1_33' title='bbox 744 623 1032 692; x_wconf 78' lang='lat' dir='ltr'><strong>quisquam</strong></span> <span class='ocrx_word' id='word_1_34' title='bbox 1072 627 1232 678; x_wconf 88' lang='lat' dir='ltr'><strong>ausit.</strong></span> <span class='ocrx_word' id='word_1_35' title='bbox 1258 624 1479 679; x_wconf 80' lang='lat' dir='ltr'><strong>Addunt</strong></span> <span class='ocrx_word' id='word_1_36' title='bbox 1513 626 1711 682; x_wconf 88' lang='lat' dir='ltr'><strong>deinde</strong></span> <span class='ocrx_word' id='word_1_37' title='bbox 1737 646 1751 682; x_wconf 93' lang='lat'><strong>:</strong></span> <span class='ocrx_word' id='word_1_38' title='bbox 1773 627 2101 682; x_wconf 80' lang='lat' dir='ltr'><strong>Audivimus</strong></span> 
     </span>
    </p>
   </div>
   <div class='ocr_carea' id='block_1_8' title="bbox 528 715 2096 786">
    <p class='ocr_par' dir='ltr' id='par_1_8' title="bbox 528 715 2096 786">
     <span class='ocr_line' id='line_1_8' title="bbox 528 715 2096 786; baseline 0.003 -20"><span class='ocrx_word' id='word_1_39' title='bbox 528 723 711 780; x_wconf 79' lang='lat' dir='ltr'><strong>patres</strong></span> <span class='ocrx_word' id='word_1_40' title='bbox 734 725 972 778; x_wconf 88' lang='lat' dir='ltr'><strong>nostros,</strong></span> <span class='ocrx_word' id='word_1_41' title='bbox 1001 715 1165 783; x_wconf 82' lang='lat' dir='ltr'><strong>pedes</strong></span> <span class='ocrx_word' id='word_1_42' title='bbox 1191 730 1494 786; x_wconf 92' lang='lat' dir='ltr'><strong>manusque</strong></span> <span class='ocrx_word' id='word_1_43' title='bbox 1526 717 1672 772; x_wconf 88' lang='lat' dir='ltr'><strong>illius</strong></span> <span class='ocrx_word' id='word_1_44' title='bbox 1698 718 1864 774; x_wconf 80' lang='lat' dir='ltr'><strong>clavis</strong></span> <span class='ocrx_word' id='word_1_45' title='bbox 1892 719 2096 774; x_wconf 80' lang='lat' dir='ltr'><strong>ﬁxisse:</strong></span> 
     </span>
    </p>
   </div>
   <div class='ocr_carea' id='block_1_9' title="bbox 527 807 2102 882">
    <p class='ocr_par' dir='ltr' id='par_1_9' title="bbox 527 807 2102 882">
     <span class='ocr_line' id='line_1_9' title="bbox 527 807 2102 882; baseline 0.005 -24"><span class='ocrx_word' id='word_1_46' title='bbox 527 807 656 875; x_wconf 89' lang='lat' dir='ltr'><strong>quid</strong></span> <span class='ocrx_word' id='word_1_47' title='bbox 692 807 847 860; x_wconf 89' lang='lat' dir='ltr'><strong>ohest</strong></span> <span class='ocrx_word' id='word_1_48' title='bbox 870 807 1163 875; x_wconf 89' lang='lat' dir='ltr'><strong>quominus</strong></span> <span class='ocrx_word' id='word_1_49' title='bbox 1191 808 1330 863; x_wconf 91' lang='lat' dir='ltr'><strong>idem</strong></span> <span class='ocrx_word' id='word_1_50' title='bbox 1359 811 1667 864; x_wconf 89' lang='lat' dir='ltr'><strong>tentemus?</strong></span> <span class='ocrx_word' id='word_1_51' title='bbox 1687 810 2102 882; x_wconf 78' lang='lat' dir='ltr'><strong>Confestimque</strong></span> 
     </span>
    </p>
   </div>
   <div class='ocr_carea' id='block_1_10' title="bbox 528 897 2097 971">
    <p class='ocr_par' dir='ltr' id='par_1_10' title="bbox 528 897 2097 971">
     <span class='ocr_line' id='line_1_10' title="bbox 528 897 2097 971; baseline 0.003 -21"><span class='ocrx_word' id='word_1_52' title='bbox 528 897 778 968; x_wconf 81' lang='lat' dir='ltr'><strong>imaginis</strong></span> <span class='ocrx_word' id='word_1_53' title='bbox 811 899 1018 952; x_wconf 89' lang='lat' dir='ltr'><strong>Domini</strong></span> <span class='ocrx_word' id='word_1_54' title='bbox 1049 900 1209 966; x_wconf 83' lang='lat' dir='ltr'><strong>pedes</strong></span> <span class='ocrx_word' id='word_1_55' title='bbox 1237 915 1539 971; x_wconf 88' lang='lat' dir='ltr'><strong>manusque</strong></span> <span class='ocrx_word' id='word_1_56' title='bbox 1565 902 1732 957; x_wconf 85' lang='lat' dir='ltr'><strong>clavis</strong></span> <span class='ocrx_word' id='word_1_57' title='bbox 1759 902 2097 957; x_wconf 85' lang='lat' dir='ltr'><strong>foraverunt.</strong></span> 
     </span>
    </p>
   </div>
   <div class='ocr_carea' id='block_1_11' title="bbox 527 987 2100 1064">
    <p class='ocr_par' dir='ltr' id='par_1_11' title="bbox 527 987 2100 1064">
     <span class='ocr_line' id='line_1_11' title="bbox 527 987 2100 1064; baseline 0.006 -23"><span class='ocrx_word' id='word_1_58' title='bbox 527 987 766 1044; x_wconf 79' lang='lat' dir='ltr'><strong>Rursum</strong></span> <span class='ocrx_word' id='word_1_59' title='bbox 825 990 1019 1043; x_wconf 82' lang='lat' dir='ltr'><strong>insano</strong></span> <span class='ocrx_word' id='word_1_60' title='bbox 1056 1005 1149 1044; x_wconf 86' lang='lat' dir='ltr'><strong>ore</strong></span> <span class='ocrx_word' id='word_1_61' title='bbox 1206 991 1488 1047; x_wconf 89' lang='lat' dir='ltr'><strong>clamant:</strong></span> <span class='ocrx_word' id='word_1_62' title='bbox 1547 994 1874 1049; x_wconf 85' lang='lat' dir='ltr'><strong>Audivimus</strong></span> <span class='ocrx_word' id='word_1_63' title='bbox 1955 997 2100 1064; x_wconf 92' lang='lat' dir='ltr'><strong>quod</strong></span> 
     </span>
    </p>
   </div>
   <div class='ocr_carea' id='block_1_12' title="bbox 528 1081 2096 1156">
    <p class='ocr_par' dir='ltr' id='par_1_12' title="bbox 528 1081 2096 1156">
     <span class='ocr_line' id='line_1_12' title="bbox 528 1081 2096 1156; baseline 0.006 -23"><span class='ocrx_word' id='word_1_64' title='bbox 528 1089 682 1134; x_wconf 81' lang='lat' dir='ltr'><strong>aceto</strong></span> <span class='ocrx_word' id='word_1_65' title='bbox 726 1089 780 1134; x_wconf 88' lang='lat' dir='ltr'><strong>et</strong></span> <span class='ocrx_word' id='word_1_66' title='bbox 836 1081 958 1136; x_wconf 88' lang='lat' dir='ltr'><strong>felle</strong></span> <span class='ocrx_word' id='word_1_67' title='bbox 1013 1083 1221 1136; x_wconf 91' lang='lat' dir='ltr'><strong>imbuta</strong></span> <span class='ocrx_word' id='word_1_68' title='bbox 1269 1088 1498 1156; x_wconf 76' lang='lat' dir='ltr'><strong>spongia</strong></span> <span class='ocrx_word' id='word_1_69' title='bbox 1533 1087 1682 1139; x_wconf 90' lang='lat' dir='ltr'><strong>illum</strong></span> <span class='ocrx_word' id='word_1_70' title='bbox 1736 1097 2096 1156; x_wconf 85' lang='lat' dir='ltr'><strong>potaverunt;</strong></span> 
     </span>
    </p>
   </div>
   <div class='ocr_carea' id='block_1_13' title="bbox 527 1168 2100 1249">
    <p class='ocr_par' dir='ltr' id='par_1_13' title="bbox 527 1168 2100 1249">
     <span class='ocr_line' id='line_1_13' title="bbox 527 1168 2100 1249; baseline 0.008 -27"><span class='ocrx_word' id='word_1_71' title='bbox 527 1168 793 1226; x_wconf 85' lang='lat' dir='ltr'><strong>faciamus</strong></span> <span class='ocrx_word' id='word_1_72' title='bbox 857 1179 912 1224; x_wconf 89' lang='lat' dir='ltr'><strong>et</strong></span> <span class='ocrx_word' id='word_1_73' title='bbox 960 1188 1060 1226; x_wconf 88' lang='lat' dir='ltr'><strong>nos</strong></span> <span class='ocrx_word' id='word_1_74' title='bbox 1129 1174 1398 1228; x_wconf 73' lang='lat' dir='ltr'><strong>similiter.</strong></span> <span class='ocrx_word' id='word_1_75' title='bbox 1475 1175 1824 1246; x_wconf 84' lang='lat' dir='ltr'><strong>Acceptaque</strong></span> <span class='ocrx_word' id='word_1_76' title='bbox 1873 1179 2100 1249; x_wconf 75' lang='lat' dir='ltr'><strong>spongia</strong></span> 
     </span>
    </p>
   </div>
   <div class='ocr_carea' id='block_1_14' title="bbox 527 1260 2101 1335">
    <p class='ocr_par' dir='ltr' id='par_1_14' title="bbox 527 1260 2101 1335">
     <span class='ocr_line' id='line_1_14' title="bbox 527 1260 2101 1335; baseline 0.009 -24"><span class='ocrx_word' id='word_1_77' title='bbox 527 1269 680 1313; x_wconf 83' lang='lat' dir='ltr'><strong>aceto</strong></span> <span class='ocrx_word' id='word_1_78' title='bbox 712 1260 892 1328; x_wconf 88' lang='lat' dir='ltr'><strong>plena,</strong></span> <span class='ocrx_word' id='word_1_79' title='bbox 937 1263 1000 1316; x_wconf 88' lang='lat' dir='ltr'><strong>ad</strong></span> <span class='ocrx_word' id='word_1_80' title='bbox 1031 1275 1093 1316; x_wconf 85' lang='lat' dir='ltr'><strong>os</strong></span> <span class='ocrx_word' id='word_1_81' title='bbox 1156 1264 1407 1335; x_wconf 80' lang='lat' dir='ltr'><strong>imaginis</strong></span> <span class='ocrx_word' id='word_1_82' title='bbox 1458 1268 1862 1335; x_wconf 84' lang='lat' dir='ltr'><strong>applicuerunt.</strong></span> <span class='ocrx_word' id='word_1_83' title='bbox 1888 1267 2101 1325; x_wconf 84' lang='lat' dir='ltr'><strong>Rursus</strong></span> 
     </span>
    </p>
   </div>
   <div class='ocr_carea' id='block_1_15' title="bbox 525 1351 2100 1430">
    <p class='ocr_par' dir='ltr' id='par_1_15' title="bbox 525 1351 2100 1430">
     <span class='ocr_line' id='line_1_15' title="bbox 525 1351 2100 1430; baseline 0.008 -27"><span class='ocrx_word' id='word_1_84' title='bbox 525 1351 715 1406; x_wconf 90' lang='lat' dir='ltr'><strong>aiunt:</strong></span> <span class='ocrx_word' id='word_1_85' title='bbox 747 1351 945 1406; x_wconf 85' lang='lat' dir='ltr'><strong>Notum</strong></span> <span class='ocrx_word' id='word_1_86' title='bbox 984 1355 1140 1410; x_wconf 90' lang='lat' dir='ltr'><strong>nobis</strong></span> <span class='ocrx_word' id='word_1_87' title='bbox 1167 1365 1271 1420; x_wconf 90' lang='lat' dir='ltr'><strong>est,</strong></span> <span class='ocrx_word' id='word_1_88' title='bbox 1299 1358 1444 1426; x_wconf 89' lang='lat' dir='ltr'><strong>quod</strong></span> <span class='ocrx_word' id='word_1_89' title='bbox 1475 1361 1742 1413; x_wconf 90' lang='lat' dir='ltr'><strong>arundine</strong></span> <span class='ocrx_word' id='word_1_90' title='bbox 1762 1371 1929 1430; x_wconf 85' lang='lat' dir='ltr'><strong>caput</strong></span> <span class='ocrx_word' id='word_1_91' title='bbox 1953 1363 2100 1416; x_wconf 89' lang='lat' dir='ltr'><strong>illius</strong></span> 
     </span>
    </p>
   </div>
   <div class='ocr_carea' id='block_1_16' title="bbox 525 1443 2098 1520">
    <p class='ocr_par' dir='ltr' id='par_1_16' title="bbox 525 1443 2098 1520">
     <span class='ocr_line' id='line_1_16' title="bbox 525 1443 2098 1520; baseline 0.004 -21"><span class='ocrx_word' id='word_1_92' title='bbox 525 1443 711 1499; x_wconf 82' lang='lat' dir='ltr'><strong>Patres</strong></span> <span class='ocrx_word' id='word_1_93' title='bbox 749 1446 913 1498; x_wconf 83' lang='lat' dir='ltr'><strong>nostri</strong></span> <span class='ocrx_word' id='word_1_94' title='bbox 962 1459 1387 1514; x_wconf 83' lang='lat' dir='ltr'><strong>percusserunt:</strong></span> <span class='ocrx_word' id='word_1_95' title='bbox 1438 1450 1530 1503; x_wconf 83' lang='lat' dir='ltr'><strong>fiat</strong></span> <span class='ocrx_word' id='word_1_96' title='bbox 1583 1452 1820 1520; x_wconf 90' lang='lat' dir='ltr'><strong>idipsum</strong></span> <span class='ocrx_word' id='word_1_97' title='bbox 1850 1452 2016 1506; x_wconf 89' lang='lat' dir='ltr'><strong>etiam</strong></span> <span class='ocrx_word' id='word_1_98' title='bbox 2070 1468 2098 1506; x_wconf 93' lang='lat' dir='ltr'><strong>a</strong></span> 
     </span>
    </p>
   </div>
   <div class='ocr_carea' id='block_1_17' title="bbox 527 1533 2096 1610">
    <p class='ocr_par' dir='ltr' id='par_1_17' title="bbox 527 1533 2096 1610">
     <span class='ocr_line' id='line_1_17' title="bbox 527 1533 2096 1610; baseline 0.007 -23"><span class='ocrx_word' id='word_1_99' title='bbox 527 1537 704 1589; x_wconf 88' lang='lat' dir='ltr'><strong>nobis.</strong></span> <span class='ocrx_word' id='word_1_100' title='bbox 740 1533 966 1604; x_wconf 86' lang='lat' dir='ltr'><strong>Sumpta</strong></span> <span class='ocrx_word' id='word_1_101' title='bbox 998 1538 1183 1607; x_wconf 89' lang='lat' dir='ltr'><strong>itaque</strong></span> <span class='ocrx_word' id='word_1_102' title='bbox 1214 1542 1500 1604; x_wconf 86' lang='lat' dir='ltr'><strong>arundine,</strong></span> <span class='ocrx_word' id='word_1_103' title='bbox 1545 1552 1709 1610; x_wconf 87' lang='lat' dir='ltr'><strong>caput</strong></span> <span class='ocrx_word' id='word_1_104' title='bbox 1753 1541 1962 1597; x_wconf 88' lang='lat' dir='ltr'><strong>Domini</strong></span> <span class='ocrx_word' id='word_1_105' title='bbox 1989 1559 2096 1598; x_wconf 71' lang='lat' dir='ltr'><strong>cae-</strong></span> 
     </span>
    </p>
   </div>
   <div class='ocr_carea' id='block_1_18' title="bbox 525 1627 2097 1699">
    <p class='ocr_par' dir='ltr' id='par_1_18' title="bbox 525 1627 2097 1699">
     <span class='ocr_line' id='line_1_18' title="bbox 525 1627 2097 1699; baseline 0.006 -19"><span class='ocrx_word' id='word_1_106' title='bbox 525 1627 650 1681; x_wconf 88' lang='lat' dir='ltr'><strong>dere</strong></span> <span class='ocrx_word' id='word_1_107' title='bbox 683 1639 982 1696; x_wconf 75' lang='lat' dir='ltr'><strong>cmperuut.</strong></span> <span class='ocrx_word' id='word_1_108' title='bbox 1021 1629 1259 1687; x_wconf 90' lang='lat' dir='ltr'><strong>Tandem</strong></span> <span class='ocrx_word' id='word_1_109' title='bbox 1287 1633 1442 1688; x_wconf 91' lang='lat' dir='ltr'><strong>aiunt</strong></span> <span class='ocrx_word' id='word_1_110' title='bbox 1472 1653 1485 1688; x_wconf 90' lang='lat'><strong>:</strong></span> <span class='ocrx_word' id='word_1_111' title='bbox 1533 1634 1752 1690; x_wconf 90' lang='lat' dir='ltr'><strong>Clarum</strong></span> <span class='ocrx_word' id='word_1_112' title='bbox 1805 1635 1963 1690; x_wconf 88' lang='lat' dir='ltr'><strong>nobis</strong></span> <span class='ocrx_word' id='word_1_113' title='bbox 1994 1646 2097 1699; x_wconf 89' lang='lat' dir='ltr'><strong>est,</strong></span> 
     </span>
    </p>
   </div>
   <div class='ocr_carea' id='block_1_19' title="bbox 527 1719 2088 1794">
    <p class='ocr_par' dir='ltr' id='par_1_19' title="bbox 527 1719 2088 1794">
     <span class='ocr_line' id='line_1_19' title="bbox 527 1719 2088 1794; baseline 0.007 -23"><span class='ocrx_word' id='word_1_114' title='bbox 527 1719 670 1786; x_wconf 88' lang='lat' dir='ltr'><strong>quod</strong></span> <span class='ocrx_word' id='word_1_115' title='bbox 703 1730 753 1773; x_wconf 89' lang='lat' dir='ltr'><strong>et</strong></span> <span class='ocrx_word' id='word_1_116' title='bbox 786 1721 970 1774; x_wconf 85' lang='lat' dir='ltr'><strong>lancea</strong></span> <span class='ocrx_word' id='word_1_117' title='bbox 1007 1722 1149 1776; x_wconf 90' lang='lat' dir='ltr'><strong>latus</strong></span> <span class='ocrx_word' id='word_1_118' title='bbox 1174 1725 1292 1792; x_wconf 86' lang='lat' dir='ltr'><strong>ejus</strong></span> <span class='ocrx_word' id='word_1_119' title='bbox 1338 1736 1703 1794; x_wconf 85' lang='lat' dir='ltr'><strong>pupugerunt,</strong></span> <span class='ocrx_word' id='word_1_120' title='bbox 1758 1727 1895 1781; x_wconf 85' lang='lat' dir='ltr'><strong>nihil</strong></span> <span class='ocrx_word' id='word_1_121' title='bbox 1934 1729 2088 1783; x_wconf 89' lang='lat' dir='ltr'><strong>omit-</strong></span> 
     </span>
    </p>
   </div>
   <div class='ocr_carea' id='block_1_20' title="bbox 525 1814 2092 1888">
    <p class='ocr_par' dir='ltr' id='par_1_20' title="bbox 525 1814 2092 1888">
     <span class='ocr_line' id='line_1_20' title="bbox 525 1814 2092 1888; baseline 0.007 -25"><span class='ocrx_word' id='word_1_122' title='bbox 525 1819 753 1866; x_wconf 82' lang='lat' dir='ltr'><strong>tamus:</strong></span> <span class='ocrx_word' id='word_1_123' title='bbox 810 1814 1073 1871; x_wconf 89' lang='lat' dir='ltr'><strong>addamus</strong></span> <span class='ocrx_word' id='word_1_124' title='bbox 1119 1826 1173 1869; x_wconf 92' lang='lat' dir='ltr'><strong>et</strong></span> <span class='ocrx_word' id='word_1_125' title='bbox 1232 1819 1332 1872; x_wconf 92' lang='lat' dir='ltr'><strong>hoc</strong></span> <span class='ocrx_word' id='word_1_126' title='bbox 1375 1820 1579 1888; x_wconf 88' lang='lat' dir='ltr'><strong>ipsum.</strong></span> <span class='ocrx_word' id='word_1_127' title='bbox 1624 1819 1811 1888; x_wconf 88' lang='lat' dir='ltr'><strong>Itaque</strong></span> <span class='ocrx_word' id='word_1_128' title='bbox 1849 1821 2092 1875; x_wconf 89' lang='lat' dir='ltr'><strong>lanceam</strong></span> 
     </span>
    </p>
   </div>
   <div class='ocr_carea' id='block_1_21' title="bbox 523 1903 2096 1979">
    <p class='ocr_par' dir='ltr' id='par_1_21' title="bbox 523 1903 2096 1979">
     <span class='ocr_line' id='line_1_21' title="bbox 523 1903 2096 1979; baseline 0.008 -26"><span class='ocrx_word' id='word_1_129' title='bbox 523 1903 740 1957; x_wconf 89' lang='lat' dir='ltr'><strong>cuidam</strong></span> <span class='ocrx_word' id='word_1_130' title='bbox 786 1920 1009 1960; x_wconf 89' lang='lat' dir='ltr'><strong>suorum</strong></span> <span class='ocrx_word' id='word_1_131' title='bbox 1065 1909 1425 1979; x_wconf 74' lang='lat' dir='ltr'><strong>porrigentes,</strong></span> <span class='ocrx_word' id='word_1_132' title='bbox 1489 1910 1777 1979; x_wconf 89' lang='lat' dir='ltr'><strong>jusserunt</strong></span> <span class='ocrx_word' id='word_1_133' title='bbox 1839 1921 1898 1966; x_wconf 92' lang='lat' dir='ltr'><strong>ut</strong></span> <span class='ocrx_word' id='word_1_134' title='bbox 1951 1910 2096 1966; x_wconf 89' lang='lat' dir='ltr'><strong>latus</strong></span> 
     </span>
    </p>
   </div>
   <div class='ocr_carea' id='block_1_22' title="bbox 523 1991 2092 2072">
    <p class='ocr_par' dir='ltr' id='par_1_22' title="bbox 523 1991 2092 2072">
     <span class='ocr_line' id='line_1_22' title="bbox 523 1991 2092 2072; baseline 0.009 -27"><span class='ocrx_word' id='word_1_135' title='bbox 523 1991 777 2064; x_wconf 80' lang='lat' dir='ltr'><strong>imaginis</strong></span> <span class='ocrx_word' id='word_1_136' title='bbox 808 1998 1091 2054; x_wconf 74' lang='lat' dir='ltr'><strong>dominicae</strong></span> <span class='ocrx_word' id='word_1_137' title='bbox 1142 2003 1520 2072; x_wconf 84' lang='lat' dir='ltr'><strong>transfigeret:</strong></span> <span class='ocrx_word' id='word_1_138' title='bbox 1552 2019 1618 2058; x_wconf 80' lang='lat' dir='ltr'><strong>ex</strong></span> <span class='ocrx_word' id='word_1_139' title='bbox 1649 2019 1717 2059; x_wconf 90' lang='lat' dir='ltr'><strong>eo</strong></span> <span class='ocrx_word' id='word_1_140' title='bbox 1745 2011 1926 2059; x_wconf 88' lang='lat' dir='ltr'><strong>autem</strong></span> <span class='ocrx_word' id='word_1_141' title='bbox 1956 2019 2092 2060; x_wconf 88' lang='lat' dir='ltr'><strong>con-</strong></span> 
     </span>
    </p>
   </div>
   <div class='ocr_carea' id='block_1_23' title="bbox 524 2083 2095 2166">
    <p class='ocr_par' dir='ltr' id='par_1_23' title="bbox 524 2083 2095 2166">
     <span class='ocr_line' id='line_1_23' title="bbox 524 2083 2095 2166; baseline 0.01 -30"><span class='ocrx_word' id='word_1_142' title='bbox 524 2083 702 2140; x_wconf 87' lang='lat' dir='ltr'><strong>festim</strong></span> <span class='ocrx_word' id='word_1_143' title='bbox 747 2091 1027 2158; x_wconf 83' lang='lat' dir='ltr'><strong>sanguinis</strong></span> <span class='ocrx_word' id='word_1_144' title='bbox 1075 2101 1128 2146; x_wconf 90' lang='lat' dir='ltr'><strong>et</strong></span> <span class='ocrx_word' id='word_1_145' title='bbox 1182 2107 1339 2162; x_wconf 85' lang='lat' dir='ltr'><strong>aquae</strong></span> <span class='ocrx_word' id='word_1_146' title='bbox 1389 2095 1544 2149; x_wconf 78' lang='lat' dir='ltr'><strong>rivuli</strong></span> <span class='ocrx_word' id='word_1_147' title='bbox 1606 2110 1864 2151; x_wconf 84' lang='lat' dir='ltr'><strong>emanare</strong></span> <span class='ocrx_word' id='word_1_148' title='bbox 1910 2111 2095 2166; x_wconf 69' lang='lat' dir='ltr'><strong>caepe-</strong></span> 
     </span>
    </p>
   </div>
   <div class='ocr_carea' id='block_1_24' title="bbox 524 2177 2096 2257">
    <p class='ocr_par' dir='ltr' id='par_1_24' title="bbox 524 2177 2096 2257">
     <span class='ocr_line' id='line_1_24' title="bbox 524 2177 2096 2257; baseline 0.008 -28"><span class='ocrx_word' id='word_1_149' title='bbox 524 2185 674 2231; x_wconf 90' lang='lat' dir='ltr'><strong>runt.</strong></span> <span class='ocrx_word' id='word_1_150' title='bbox 713 2197 732 2230; x_wconf 75' lang='grc' dir='ltr'><strong>ι</strong></span> <span class='ocrx_word' id='word_1_151' title='bbox 768 2177 967 2236; x_wconf 83' lang='lat' dir='ltr'><strong>Fidelis</strong></span> <span class='ocrx_word' id='word_1_152' title='bbox 1000 2198 1203 2247; x_wconf 91' lang='lat' dir='ltr'><strong>sermo,</strong></span> <span class='ocrx_word' id='word_1_153' title='bbox 1237 2185 1706 2254; x_wconf 89' lang='lat' dir='ltr'><strong>osapientissimi,</strong></span> <span class='ocrx_word' id='word_1_154' title='bbox 1746 2189 1941 2256; x_wconf 90' lang='lat' dir='ltr'><strong>partim</strong></span> <span class='ocrx_word' id='word_1_155' title='bbox 1971 2189 2096 2257; x_wconf 84' lang='lat' dir='ltr'><strong>qui-</strong></span> 
     </span>
    </p>
   </div>
   <div class='ocr_carea' id='block_1_25' title="bbox 522 2268 2094 2344">
    <p class='ocr_par' dir='ltr' id='par_1_25' title="bbox 522 2268 2094 2344">
     <span class='ocr_line' id='line_1_25' title="bbox 522 2268 2094 2344; baseline 0.008 -23"><span class='ocrx_word' id='word_1_156' title='bbox 522 2268 668 2336; x_wconf 89' lang='lat' dir='ltr'><strong>dem,</strong></span> <span class='ocrx_word' id='word_1_157' title='bbox 728 2275 856 2340; x_wconf 92' lang='lat' dir='ltr'><strong>quia</strong></span> <span class='ocrx_word' id='word_1_158' title='bbox 906 2275 1058 2343; x_wconf 88' lang='lat' dir='ltr'><strong>signa</strong></span> <span class='ocrx_word' id='word_1_159' title='bbox 1117 2277 1412 2333; x_wconf 88' lang='lat' dir='ltr'><strong>incredulis</strong></span> <span class='ocrx_word' id='word_1_160' title='bbox 1467 2278 1689 2344; x_wconf 90' lang='lat' dir='ltr'><strong>dantur,</strong></span> <span class='ocrx_word' id='word_1_161' title='bbox 1751 2295 1856 2333; x_wconf 91' lang='lat' dir='ltr'><strong>non</strong></span> <span class='ocrx_word' id='word_1_162' title='bbox 1911 2287 2094 2334; x_wconf 90' lang='lat' dir='ltr'><strong>autem</strong></span> 
     </span>
    </p>
   </div>
   <div class='ocr_carea' id='block_1_26' title="bbox 523 2362 2096 2442">
    <p class='ocr_par' dir='ltr' id='par_1_26' title="bbox 523 2362 2096 2442">
     <span class='ocr_line' id='line_1_26' title="bbox 523 2362 2096 2442; baseline 0.008 -29"><span class='ocrx_word' id='word_1_163' title='bbox 523 2362 903 2430; x_wconf 82' lang='lat' dir='ltr'><strong>credentibus;</strong></span> <span class='ocrx_word' id='word_1_164' title='bbox 956 2369 1151 2434; x_wconf 87' lang='lat' dir='ltr'><strong>partim</strong></span> <span class='ocrx_word' id='word_1_165' title='bbox 1198 2384 1326 2423; x_wconf 90' lang='lat' dir='ltr'><strong>vero</strong></span> <span class='ocrx_word' id='word_1_166' title='bbox 1359 2378 1416 2422; x_wconf 90' lang='lat' dir='ltr'><strong>ut</strong></span> <span class='ocrx_word' id='word_1_167' title='bbox 1462 2381 1514 2424; x_wconf 91' lang='lat' dir='ltr'><strong>et</strong></span> <span class='ocrx_word' id='word_1_168' title='bbox 1558 2386 1658 2426; x_wconf 90' lang='lat' dir='ltr'><strong>nos</strong></span> <span class='ocrx_word' id='word_1_169' title='bbox 1706 2371 2096 2442; x_wconf 86' lang='lat' dir='ltr'><strong>intelligamus,</strong></span> 
     </span>
    </p>
   </div>
   <div class='ocr_carea' id='block_1_27' title="bbox 521 2453 2101 2539">
    <p class='ocr_par' dir='ltr' id='par_1_27' title="bbox 521 2453 2101 2539">
     <span class='ocr_line' id='line_1_27' title="bbox 521 2453 2101 2539; baseline 0.009 -36"><span class='ocrx_word' id='word_1_170' title='bbox 521 2465 619 2518; x_wconf 90' lang='lat' dir='ltr'><strong>per</strong></span> <span class='ocrx_word' id='word_1_171' title='bbox 656 2453 907 2525; x_wconf 85' lang='lat' dir='ltr'><strong>imaginis</strong></span> <span class='ocrx_word' id='word_1_172' title='bbox 959 2461 1349 2514; x_wconf 85' lang='lat' dir='ltr'><strong>contumeliam</strong></span> <span class='ocrx_word' id='word_1_173' title='bbox 1405 2463 1606 2531; x_wconf 90' lang='lat' dir='ltr'><strong>probro</strong></span> <span class='ocrx_word' id='word_1_174' title='bbox 1666 2462 1802 2539; x_wconf 78' lang='lat' dir='ltr'><strong>allici</strong></span> <span class='ocrx_word' id='word_1_175' title='bbox 1856 2472 2101 2533; x_wconf 86' lang='lat' dir='ltr'><strong>prototy-</strong></span> 
     </span>
    </p>
   </div>
   <div class='ocr_carea' id='block_1_28' title="bbox 523 2553 2095 2624">
    <p class='ocr_par' dir='ltr' id='par_1_28' title="bbox 523 2553 2095 2624">
     <span class='ocr_line' id='line_1_28' title="bbox 523 2553 2095 2624; baseline 0.004 -23"><span class='ocrx_word' id='word_1_176' title='bbox 523 2558 691 2611; x_wconf 86' lang='lat' dir='ltr'><strong>pum;</strong></span> <span class='ocrx_word' id='word_1_177' title='bbox 733 2557 793 2601; x_wconf 93' lang='lat' dir='ltr'><strong>ut</strong></span> <span class='ocrx_word' id='word_1_178' title='bbox 851 2558 1040 2604; x_wconf 87' lang='lat' dir='ltr'><strong>contra</strong></span> <span class='ocrx_word' id='word_1_179' title='bbox 1089 2566 1186 2621; x_wconf 90' lang='lat' dir='ltr'><strong>per</strong></span> <span class='ocrx_word' id='word_1_180' title='bbox 1241 2553 1500 2624; x_wconf 80' lang='lat' dir='ltr'><strong>imaginis</strong></span> <span class='ocrx_word' id='word_1_181' title='bbox 1572 2553 1837 2609; x_wconf 84' lang='lat' dir='ltr'><strong>honorem</strong></span> <span class='ocrx_word' id='word_1_182' title='bbox 1890 2556 2095 2609; x_wconf 87' lang='lat' dir='ltr'><strong>honore</strong></span> 
     </span>
    </p>
   </div>
   <div class='ocr_carea' id='block_1_29' title="bbox 523 2633 776 2692">
    <p class='ocr_par' dir='ltr' id='par_1_29' title="bbox 523 2633 776 2692">
     <span class='ocr_line' id='line_1_29' title="bbox 523 2633 776 2692; baseline 0.024 -6"><span class='ocrx_word' id='word_1_183' title='bbox 523 2633 776 2692; x_wconf 76' lang='lat' dir='ltr'><strong>afﬁcitur.</strong></span> 
     </span>
    </p>
   </div>
   <div class='ocr_carea' id='block_1_30' title="bbox 2202 531 3772 603">
    <p class='ocr_par' dir='ltr' id='par_1_30' title="bbox 2202 531 3772 603">
     <span class='ocr_line' id='line_1_30' title="bbox 2202 531 3772 603; baseline -0.001 -17"><span class='ocrx_word' id='word_1_184' title='bbox 2202 533 2359 603; x_wconf 92' lang='grc' dir='ltr'>τέρες</span> <span class='ocrx_word' id='word_1_185' title='bbox 2399 533 2577 602; x_wconf 86' lang='grc' dir='ltr'>ήμῶν,</span> <span class='ocrx_word' id='word_1_186' title='bbox 2614 533 2792 586; x_wconf 86' lang='grc' dir='ltr'>πάντα</span> <span class='ocrx_word' id='word_1_187' title='bbox 2836 531 3151 600; x_wconf 85' lang='grc' dir='ltr'>ποιήσωμεν</span> <span class='ocrx_word' id='word_1_188' title='bbox 3208 533 3274 601; x_wconf 80' lang='grc' dir='ltr'>τῇ</span> <span class='ocrx_word' id='word_1_189' title='bbox 3328 531 3500 583; x_wconf 82' lang='grc' dir='ltr'>είκόνι</span> <span class='ocrx_word' id='word_1_190' title='bbox 3554 531 3724 585; x_wconf 84' lang='grc' dir='ltr'>αὑτοῦ</span> <span class='ocrx_word' id='word_1_191' title='bbox 3757 547 3772 565; x_wconf 81' lang='grc' dir='ltr'><strong><em>ο</em></strong></span> 
     </span>
    </p>
   </div>
   <div class='ocr_carea' id='block_1_31' title="bbox 2205 622 3776 694">
    <p class='ocr_par' dir='ltr' id='par_1_31' title="bbox 2205 622 3776 694">
     <span class='ocr_line' id='line_1_31' title="bbox 2205 622 3776 694; baseline -0.002 -16"><span class='ocrx_word' id='word_1_192' title='bbox 2205 626 2302 678; x_wconf 74' lang='grc' dir='ltr'>καὶ</span> <span class='ocrx_word' id='word_1_193' title='bbox 2326 624 2592 693; x_wconf 89' lang='grc' dir='ltr'>λέγουσιν,</span> <span class='ocrx_word' id='word_1_194' title='bbox 2612 623 2691 677; x_wconf 84' lang='grc' dir='ltr'>ὅτι</span> <span class='ocrx_word' id='word_1_195' title='bbox 2709 623 3033 689; x_wconf 81' lang='grc' dir='ltr'>Ἐνέπαιξαν</span> <span class='ocrx_word' id='word_1_196' title='bbox 3055 622 3204 693; x_wconf 89' lang='grc' dir='ltr'><strong>αὑτῷ</strong></span> <span class='ocrx_word' id='word_1_197' title='bbox 3226 639 3241 653; x_wconf 86' lang='grc'>⁶</span> <span class='ocrx_word' id='word_1_198' title='bbox 3270 623 3366 676; x_wconf 78' lang='grc' dir='ltr'>καὶ</span> <span class='ocrx_word' id='word_1_199' title='bbox 3387 625 3549 694; x_wconf 79' lang='grc' dir='ltr'>ἡμεῖς</span> <span class='ocrx_word' id='word_1_200' title='bbox 3564 623 3631 676; x_wconf 73' lang='grc' dir='ltr'>τὸ</span> <span class='ocrx_word' id='word_1_201' title='bbox 3647 623 3776 677; x_wconf 81' lang='grc' dir='ltr'>αὑτὸ</span> 
     </span>
    </p>
   </div>
   <div class='ocr_carea' id='block_1_32' title="bbox 2200 711 3768 788">
    <p class='ocr_par' dir='ltr' id='par_1_32' title="bbox 2200 711 3768 788">
     <span class='ocr_line' id='line_1_32' title="bbox 2200 711 3768 788; baseline -0.006 -15"><span class='ocrx_word' id='word_1_202' title='bbox 2200 720 2536 788; x_wconf 88' lang='grc' dir='ltr'>ποιήσωμεν.</span> <span class='ocrx_word' id='word_1_203' title='bbox 2554 718 2921 786; x_wconf 85' lang='grc' dir='ltr'>Ἑμπαιγμοίς</span> <span class='ocrx_word' id='word_1_204' title='bbox 2941 711 3311 783; x_wconf 71' lang='grc' dir='ltr'>οὖν’ἀπείροις</span> <span class='ocrx_word' id='word_1_205' title='bbox 3338 713 3642 778; x_wconf 71' lang='grc' dir='ltr'><strong>ἐνέπαιξαν</strong></span> <span class='ocrx_word' id='word_1_206' title='bbox 3669 715 3768 783; x_wconf 86' lang='grc' dir='ltr'>τὴν</span> 
     </span>
    </p>
   </div>
   <div class='ocr_carea' id='block_1_33' title="bbox 2200 806 3774 879">
    <p class='ocr_par' dir='ltr' id='par_1_33' title="bbox 2200 806 3774 879">
     <span class='ocr_line' id='line_1_33' title="bbox 2200 806 3774 879; baseline -0.003 -17"><span class='ocrx_word' id='word_1_207' title='bbox 2200 809 2383 863; x_wconf 82' lang='grc' dir='ltr'><strong>εἰκόνα</strong></span> <span class='ocrx_word' id='word_1_208' title='bbox 2416 808 2509 862; x_wconf 84' lang='grc' dir='ltr'><strong>τοῦ</strong></span> <span class='ocrx_word' id='word_1_209' title='bbox 2543 808 2775 879; x_wconf 89' lang='grc' dir='ltr'>Κυρίου,</span> <span class='ocrx_word' id='word_1_210' title='bbox 2813 807 2955 878; x_wconf 78' lang='grc' dir='ltr'>ἅπερ</span> <span class='ocrx_word' id='word_1_211' title='bbox 2986 807 3106 860; x_wconf 90' lang='grc' dir='ltr'><strong>οὑδέ</strong></span> <span class='ocrx_word' id='word_1_212' title='bbox 3128 806 3309 873; x_wconf 82' lang='grc' dir='ltr'>λέγειν</span> <span class='ocrx_word' id='word_1_213' title='bbox 3337 808 3472 876; x_wconf 78' lang='grc' dir='ltr'>ἡμῖν</span> <span class='ocrx_word' id='word_1_214' title='bbox 3502 807 3774 874; x_wconf 83' lang='grc' dir='ltr'>τετόλμη-</span> 
     </span>
    </p>
   </div>
   <div class='ocr_carea' id='block_1_34' title="bbox 2200 895 3774 969">
    <p class='ocr_par' dir='ltr' id='par_1_34' title="bbox 2200 895 3774 969">
     <span class='ocr_line' id='line_1_34' title="bbox 2200 895 3774 969; baseline -0.003 -16"><span class='ocrx_word' id='word_1_215' title='bbox 2200 919 2313 955; x_wconf 87' lang='grc' dir='ltr'>ται.</span> <span class='ocrx_word' id='word_1_216' title='bbox 2340 897 2473 954; x_wconf 79' lang='grc' dir='ltr'>Εἶτα</span> <span class='ocrx_word' id='word_1_217' title='bbox 2532 899 2783 969; x_wconf 80' lang='grc' dir='ltr'>λέγουσιν</span> <span class='ocrx_word' id='word_1_218' title='bbox 2814 913 2829 929; x_wconf 79' lang='grc'><strong>⁸</strong></span> <span class='ocrx_word' id='word_1_219' title='bbox 2871 899 3215 967; x_wconf 83' lang='grc' dir='ltr'>Ἠκοὺσαμεν</span> <span class='ocrx_word' id='word_1_220' title='bbox 3243 900 3326 952; x_wconf 87' lang='grc' dir='ltr'>ὅτι</span> <span class='ocrx_word' id='word_1_221' title='bbox 3360 898 3581 966; x_wconf 83' lang='grc' dir='ltr'>ἥλωσαν</span> <span class='ocrx_word' id='word_1_222' title='bbox 3613 895 3774 952; x_wconf 86' lang='grc' dir='ltr'>αὑτοῦ</span> 
     </span>
    </p>
   </div>
   <div class='ocr_carea' id='block_1_35' title="bbox 2199 989 3774 1062">
    <p class='ocr_par' dir='ltr' id='par_1_35' title="bbox 2199 989 3774 1062">
     <span class='ocr_line' id='line_1_35' title="bbox 2199 989 3774 1062; baseline -0.003 -18"><span class='ocrx_word' id='word_1_223' title='bbox 2199 994 2299 1055; x_wconf 82' lang='grc' dir='ltr'>τὰς</span> <span class='ocrx_word' id='word_1_224' title='bbox 2335 995 2525 1062; x_wconf 83' lang='grc' dir='ltr'>χεῖρας</span> <span class='ocrx_word' id='word_1_225' title='bbox 2555 992 2795 1053; x_wconf 74' lang='grc' dir='ltr'>καὶτοὺς</span> <span class='ocrx_word' id='word_1_226' title='bbox 2819 990 2986 1054; x_wconf 80' lang='grc' dir='ltr'>πόδας</span> <span class='ocrx_word' id='word_1_227' title='bbox 3015 1005 3031 1021; x_wconf 88' lang='grc'><strong>·</strong></span> <span class='ocrx_word' id='word_1_228' title='bbox 3073 989 3230 1042; x_wconf 85' lang='grc' dir='ltr'>τοῦτο</span> <span class='ocrx_word' id='word_1_229' title='bbox 3271 991 3367 1041; x_wconf 75' lang='grc' dir='ltr'>καὶ</span> <span class='ocrx_word' id='word_1_230' title='bbox 3395 991 3564 1058; x_wconf 80' lang='grc' dir='ltr'><strong>ἡμεῖς</strong></span> <span class='ocrx_word' id='word_1_231' title='bbox 3619 989 3774 1055; x_wconf 83' lang='grc' dir='ltr'>ποιή-</span> 
     </span>
    </p>
   </div>
   <div class='ocr_carea' id='block_1_36' title="bbox 2203 1080 3776 1154">
    <p class='ocr_par' dir='ltr' id='par_1_36' title="bbox 2203 1080 3776 1154">
     <span class='ocr_line' id='line_1_36' title="bbox 2203 1080 3776 1154; baseline -0.003 -16"><span class='ocrx_word' id='word_1_232' title='bbox 2203 1102 2388 1152; x_wconf 89' lang='grc' dir='ltr'>σωμεν</span> <span class='ocrx_word' id='word_1_233' title='bbox 2452 1085 2600 1154; x_wconf 87' lang='grc' dir='ltr'><strong>αὑτῷ</strong></span> <span class='ocrx_word' id='word_1_234' title='bbox 2626 1100 2640 1113; x_wconf 85' lang='grc'><strong>·</strong></span> <span class='ocrx_word' id='word_1_235' title='bbox 2673 1085 2797 1136; x_wconf 88' lang='grc' dir='ltr'>τότε</span> <span class='ocrx_word' id='word_1_236' title='bbox 2832 1085 2932 1143; x_wconf 78' lang='grc' dir='ltr'><strong>τὰς</strong></span> <span class='ocrx_word' id='word_1_237' title='bbox 2977 1085 3161 1153; x_wconf 87' lang='grc' dir='ltr'>χεῖρας</span> <span class='ocrx_word' id='word_1_238' title='bbox 3191 1082 3434 1144; x_wconf 77' lang='grc' dir='ltr'>καὶτοὺς</span> <span class='ocrx_word' id='word_1_239' title='bbox 3478 1082 3650 1143; x_wconf 82' lang='grc' dir='ltr'>πόδας</span> <span class='ocrx_word' id='word_1_240' title='bbox 3679 1080 3776 1149; x_wconf 81' lang='grc' dir='ltr'>τῆς</span> 
     </span>
    </p>
   </div>
   <div class='ocr_carea' id='block_1_37' title="bbox 2199 1171 3774 1246">
    <p class='ocr_par' dir='ltr' id='par_1_37' title="bbox 2199 1171 3774 1246">
     <span class='ocr_line' id='line_1_37' title="bbox 2199 1171 3774 1246; baseline -0.004 -17"><span class='ocrx_word' id='word_1_241' title='bbox 2199 1177 2292 1229; x_wconf 82' lang='grc' dir='ltr'><strong>τοῦ</strong></span> <span class='ocrx_word' id='word_1_242' title='bbox 2331 1175 2535 1246; x_wconf 79' lang='grc' dir='ltr'>Κυρίου</span> <span class='ocrx_word' id='word_1_243' title='bbox 2561 1175 2765 1236; x_wconf 84' lang='grc' dir='ltr'><strong>εἰκόνος</strong></span> <span class='ocrx_word' id='word_1_244' title='bbox 2788 1172 2994 1242; x_wconf 72' lang='grc' dir='ltr'>ἔπηξαν</span> <span class='ocrx_word' id='word_1_245' title='bbox 3015 1175 3127 1234; x_wconf 77' lang='grc' dir='ltr'>τοῖς</span> <span class='ocrx_word' id='word_1_246' title='bbox 3156 1172 3326 1243; x_wconf 77' lang='grc' dir='ltr'>ἥλοις.</span> <span class='ocrx_word' id='word_1_247' title='bbox 3362 1171 3530 1225; x_wconf 85' lang='grc' dir='ltr'>Πάλιν</span> <span class='ocrx_word' id='word_1_248' title='bbox 3554 1171 3774 1237; x_wconf 89' lang='grc' dir='ltr'>λέγουσι</span> 
     </span>
    </p>
   </div>
   <div class='ocr_carea' id='block_1_38' title="bbox 2204 1259 3775 1337">
    <p class='ocr_par' dir='ltr' id='par_1_38' title="bbox 2204 1259 3775 1337">
     <span class='ocr_line' id='line_1_38' title="bbox 2204 1259 3775 1337; baseline -0.006 -18"><span class='ocrx_word' id='word_1_249' title='bbox 2204 1266 2508 1337; x_wconf 84' lang='grc' dir='ltr'><strong>μεμηνότες</strong></span> <span class='ocrx_word' id='word_1_250' title='bbox 2527 1281 2541 1294; x_wconf 87' lang='grc'><strong>·</strong></span> <span class='ocrx_word' id='word_1_251' title='bbox 2587 1264 2930 1333; x_wconf 86' lang='grc' dir='ltr'>Ἦκούσαμεν</span> <span class='ocrx_word' id='word_1_252' title='bbox 2954 1263 3036 1316; x_wconf 85' lang='grc' dir='ltr'>ὅτι</span> <span class='ocrx_word' id='word_1_253' title='bbox 3059 1261 3180 1326; x_wconf 78' lang='grc' dir='ltr'>ὅξος</span> <span class='ocrx_word' id='word_1_254' title='bbox 3204 1263 3297 1313; x_wconf 76' lang='grc' dir='ltr'>καὶ</span> <span class='ocrx_word' id='word_1_255' title='bbox 3327 1259 3490 1330; x_wconf 81' lang='grc' dir='ltr'>χολὴν</span> <span class='ocrx_word' id='word_1_256' title='bbox 3513 1260 3775 1311; x_wconf 82' lang='grc' dir='ltr'>ἐπότισαν</span> 
     </span>
    </p>
   </div>
   <div class='ocr_carea' id='block_1_39' title="bbox 2200 1350 3772 1425">
    <p class='ocr_par' dir='ltr' id='par_1_39' title="bbox 2200 1350 3772 1425">
     <span class='ocr_line' id='line_1_39' title="bbox 2200 1350 3772 1425; baseline -0.004 -17"><span class='ocrx_word' id='word_1_257' title='bbox 2200 1355 2361 1409; x_wconf 81' lang='grc' dir='ltr'>αὑτὸν</span> <span class='ocrx_word' id='word_1_258' title='bbox 2416 1354 2555 1425; x_wconf 86' lang='grc' dir='ltr'>μετὰ</span> <span class='ocrx_word' id='word_1_259' title='bbox 2618 1355 2862 1422; x_wconf 85' lang='grc' dir='ltr'><strong>σπόγγου</strong></span> <span class='ocrx_word' id='word_1_260' title='bbox 2893 1368 2908 1382; x_wconf 75' lang='grc' dir='ltr'><strong>ο</strong></span> <span class='ocrx_word' id='word_1_261' title='bbox 2941 1353 3258 1422; x_wconf 81' lang='grc' dir='ltr'>ποιήσωμεν</span> <span class='ocrx_word' id='word_1_262' title='bbox 3281 1350 3430 1420; x_wconf 85' lang='grc' dir='ltr'><strong>αὑτῷ</strong></span> <span class='ocrx_word' id='word_1_263' title='bbox 3461 1351 3558 1403; x_wconf 79' lang='grc' dir='ltr'>καὶ</span> <span class='ocrx_word' id='word_1_264' title='bbox 3585 1351 3772 1418; x_wconf 77' lang='grc' dir='ltr'>ἡμεῖς.</span> 
     </span>
    </p>
   </div>
   <div class='ocr_carea' id='block_1_40' title="bbox 2200 1441 3776 1518">
    <p class='ocr_par' dir='ltr' id='par_1_40' title="bbox 2200 1441 3776 1518">
     <span class='ocr_line' id='line_1_40' title="bbox 2200 1441 3776 1518; baseline -0.006 -16"><span class='ocrx_word' id='word_1_265' title='bbox 2200 1449 2312 1503; x_wconf 82' lang='grc' dir='ltr'>Καὶ</span> <span class='ocrx_word' id='word_1_266' title='bbox 2343 1448 2628 1518; x_wconf 84' lang='grc' dir='ltr'>ἐποίησαν.</span> <span class='ocrx_word' id='word_1_267' title='bbox 2663 1446 2991 1518; x_wconf 87' lang='grc' dir='ltr'>προσθέντες</span> <span class='ocrx_word' id='word_1_268' title='bbox 3021 1444 3099 1516; x_wconf 76' lang='grc' dir='ltr'>τῷ</span> <span class='ocrx_word' id='word_1_269' title='bbox 3135 1444 3365 1512; x_wconf 87' lang='grc' dir='ltr'>στόματι</span> <span class='ocrx_word' id='word_1_270' title='bbox 3413 1441 3517 1510; x_wconf 85' lang='grc' dir='ltr'>τῆς</span> <span class='ocrx_word' id='word_1_271' title='bbox 3569 1441 3776 1502; x_wconf 71' lang='grc' dir='ltr'>εἰκόνος</span> 
     </span>
    </p>
   </div>
   <div class='ocr_carea' id='block_1_41' title="bbox 2199 1532 3771 1610">
    <p class='ocr_par' dir='ltr' id='par_1_41' title="bbox 2199 1532 3771 1610">
     <span class='ocr_line' id='line_1_41' title="bbox 2199 1532 3771 1610; baseline -0.006 -18"><span class='ocrx_word' id='word_1_272' title='bbox 2199 1541 2294 1593; x_wconf 88' lang='grc' dir='ltr'><strong>τοῦ</strong></span> <span class='ocrx_word' id='word_1_273' title='bbox 2331 1540 2564 1610; x_wconf 87' lang='grc' dir='ltr'>Κυρίου,</span> <span class='ocrx_word' id='word_1_274' title='bbox 2597 1539 2690 1592; x_wconf 84' lang='grc' dir='ltr'>τὸν</span> <span class='ocrx_word' id='word_1_275' title='bbox 2726 1539 2968 1605; x_wconf 85' lang='grc' dir='ltr'>σπόγγον</span> <span class='ocrx_word' id='word_1_276' title='bbox 2994 1536 3088 1588; x_wconf 86' lang='grc' dir='ltr'><strong>τοῦ</strong></span> <span class='ocrx_word' id='word_1_277' title='bbox 3114 1535 3268 1598; x_wconf 78' lang='grc' dir='ltr'>δξους</span> <span class='ocrx_word' id='word_1_278' title='bbox 3312 1532 3771 1602; x_wconf 85' lang='grc' dir='ltr'>πεπληρωμένον.</span> 
     </span>
    </p>
   </div>
   <div class='ocr_carea' id='block_1_42' title="bbox 2201 1626 3776 1701">
    <p class='ocr_par' dir='ltr' id='par_1_42' title="bbox 2201 1626 3776 1701">
     <span class='ocr_line' id='line_1_42' title="bbox 2201 1626 3776 1701; baseline -0.005 -15"><span class='ocrx_word' id='word_1_279' title='bbox 2201 1633 2368 1686; x_wconf 86' lang='grc' dir='ltr'>Πάλιν</span> <span class='ocrx_word' id='word_1_280' title='bbox 2393 1631 2609 1698; x_wconf 85' lang='grc' dir='ltr'>λέγουσι</span> <span class='ocrx_word' id='word_1_281' title='bbox 2641 1646 2656 1661; x_wconf 77' lang='grc' dir='ltr'><strong><em>ο</em></strong></span> <span class='ocrx_word' id='word_1_282' title='bbox 2683 1631 3098 1701; x_wconf 85' lang='grc' dir='ltr'>Μεμαθήκαμεν</span> <span class='ocrx_word' id='word_1_283' title='bbox 3145 1629 3227 1680; x_wconf 84' lang='grc' dir='ltr'>ὅτι</span> <span class='ocrx_word' id='word_1_284' title='bbox 3273 1626 3505 1696; x_wconf 85' lang='grc' dir='ltr'>καλάμῳ</span> <span class='ocrx_word' id='word_1_285' title='bbox 3543 1626 3648 1696; x_wconf 81' lang='grc' dir='ltr'>τὴν</span> <span class='ocrx_word' id='word_1_286' title='bbox 3686 1643 3776 1679; x_wconf 77' lang='lat' dir='ltr'><strong>xs—</strong></span> 
     </span>
    </p>
   </div>
   <div class='ocr_carea' id='block_1_43' title="bbox 2201 1716 3778 1791">
    <p class='ocr_par' dir='ltr' id='par_1_43' title="bbox 2201 1716 3778 1791">
     <span class='ocr_line' id='line_1_43' title="bbox 2201 1716 3778 1791; baseline -0.004 -16"><span class='ocrx_word' id='word_1_287' title='bbox 2201 1723 2376 1791; x_wconf 88' lang='grc' dir='ltr'>φαλὴν</span> <span class='ocrx_word' id='word_1_288' title='bbox 2402 1720 2567 1774; x_wconf 89' lang='grc' dir='ltr'>αὑτοῦ</span> <span class='ocrx_word' id='word_1_289' title='bbox 2607 1719 2810 1789; x_wconf 77' lang='grc' dir='ltr'>ἐτυψαν</span> <span class='ocrx_word' id='word_1_290' title='bbox 2839 1720 2889 1771; x_wconf 77' lang='grc' dir='ltr'>οἱ</span> <span class='ocrx_word' id='word_1_291' title='bbox 2926 1717 3160 1787; x_wconf 84' lang='grc' dir='ltr'><strong>πατέρες</strong></span> <span class='ocrx_word' id='word_1_292' title='bbox 3198 1716 3355 1786; x_wconf 80' lang='grc' dir='ltr'>ἡμῶν</span> <span class='ocrx_word' id='word_1_293' title='bbox 3380 1733 3393 1745; x_wconf 83' lang='grc'><strong>·</strong></span> <span class='ocrx_word' id='word_1_294' title='bbox 3436 1717 3496 1768; x_wconf 87' lang='grc' dir='ltr'>τὸ</span> <span class='ocrx_word' id='word_1_295' title='bbox 3521 1716 3656 1769; x_wconf 82' lang='grc' dir='ltr'>αὑτὸ</span> <span class='ocrx_word' id='word_1_296' title='bbox 3686 1717 3778 1769; x_wconf 74' lang='grc' dir='ltr'>καὶ</span> 
     </span>
    </p>
   </div>
   <div class='ocr_carea' id='block_1_44' title="bbox 2202 1808 3776 1882">
    <p class='ocr_par' dir='ltr' id='par_1_44' title="bbox 2202 1808 3776 1882">
     <span class='ocr_line' id='line_1_44' title="bbox 2202 1808 3776 1882; baseline -0.004 -18"><span class='ocrx_word' id='word_1_297' title='bbox 2202 1815 2363 1882; x_wconf 80' lang='grc' dir='ltr'><strong>ἡμεῖς</strong></span> <span class='ocrx_word' id='word_1_298' title='bbox 2409 1813 2747 1881; x_wconf 87' lang='grc' dir='ltr'>ποιήσωμεν.</span> <span class='ocrx_word' id='word_1_299' title='bbox 2783 1811 2894 1864; x_wconf 79' lang='lat' dir='ltr'><strong>Kal.</strong></span> <span class='ocrx_word' id='word_1_300' title='bbox 2943 1809 3196 1869; x_wconf 88' lang='grc' dir='ltr'>λαϐόντες</span> <span class='ocrx_word' id='word_1_301' title='bbox 3239 1809 3503 1877; x_wconf 88' lang='grc' dir='ltr'>κάλαμον,</span> <span class='ocrx_word' id='word_1_302' title='bbox 3545 1808 3776 1860; x_wconf 71' lang='grc' dir='ltr'>ἔτυπτον</span> 
     </span>
    </p>
   </div>
   <div class='ocr_carea' id='block_1_45' title="bbox 2202 1900 3777 1975">
    <p class='ocr_par' dir='ltr' id='par_1_45' title="bbox 2202 1900 3777 1975">
     <span class='ocr_line' id='line_1_45' title="bbox 2202 1900 3777 1975; baseline -0.004 -18"><span class='ocrx_word' id='word_1_303' title='bbox 2202 1907 2282 1968; x_wconf 85' lang='grc' dir='ltr'><strong>είς</strong></span> <span class='ocrx_word' id='word_1_304' title='bbox 2309 1904 2406 1975; x_wconf 83' lang='grc' dir='ltr'>τὴν</span> <span class='ocrx_word' id='word_1_305' title='bbox 2438 1904 2680 1974; x_wconf 83' lang='grc' dir='ltr'>κεφαλὴν</span> <span class='ocrx_word' id='word_1_306' title='bbox 2707 1903 2800 1955; x_wconf 89' lang='grc' dir='ltr'><strong>τοῦ</strong></span> <span class='ocrx_word' id='word_1_307' title='bbox 2828 1901 3118 1955; x_wconf 82' lang='grc' dir='ltr'>Δεσπὸτου.</span> <span class='ocrx_word' id='word_1_308' title='bbox 3138 1900 3305 1964; x_wconf 85' lang='grc' dir='ltr'><strong>Τέλος</strong></span> <span class='ocrx_word' id='word_1_309' title='bbox 3338 1901 3596 1967; x_wconf 84' lang='grc' dir='ltr'>λέγουσιν</span> <span class='ocrx_word' id='word_1_310' title='bbox 3625 1915 3642 1931; x_wconf 79' lang='grc' dir='ltr'><strong>ο</strong></span> <span class='ocrx_word' id='word_1_311' title='bbox 3690 1900 3777 1961; x_wconf 79' lang='grc' dir='ltr'>Ὡς</span> 
     </span>
    </p>
   </div>
   <div class='ocr_carea' id='block_1_46' title="bbox 2202 1990 3778 2067">
    <p class='ocr_par' dir='ltr' id='par_1_46' title="bbox 2202 1990 3778 2067">
     <span class='ocr_line' id='line_1_46' title="bbox 2202 1990 3778 2067; baseline -0.006 -15"><span class='ocrx_word' id='word_1_312' title='bbox 2202 1997 2448 2067; x_wconf 86' lang='grc' dir='ltr'>ἀκριϐῶς</span> <span class='ocrx_word' id='word_1_313' title='bbox 2481 1996 2849 2067; x_wconf 85' lang='grc' dir='ltr'>μανθάνομεν,</span> <span class='ocrx_word' id='word_1_314' title='bbox 2878 1997 2956 2047; x_wconf 87' lang='grc' dir='ltr'>ὄτι</span> <span class='ocrx_word' id='word_1_315' title='bbox 2987 1996 3156 2066; x_wconf 80' lang='grc' dir='ltr'>λόγχῃ</span> <span class='ocrx_word' id='word_1_316' title='bbox 3197 1994 3295 2064; x_wconf 85' lang='grc' dir='ltr'>τὴν</span> <span class='ocrx_word' id='word_1_317' title='bbox 3330 1991 3571 2062; x_wconf 84' lang='grc' dir='ltr'>πλευρὰν</span> <span class='ocrx_word' id='word_1_318' title='bbox 3605 1990 3778 2043; x_wconf 89' lang='grc' dir='ltr'>αὑτοῦ</span> 
     </span>
    </p>
   </div>
   <div class='ocr_carea' id='block_1_47' title="bbox 2202 2081 3778 2159">
    <p class='ocr_par' dir='ltr' id='par_1_47' title="bbox 2202 2081 3778 2159">
     <span class='ocr_line' id='line_1_47' title="bbox 2202 2081 3778 2159; baseline -0.007 -16"><span class='ocrx_word' id='word_1_319' title='bbox 2202 2091 2436 2156; x_wconf 70' lang='grc' dir='ltr'>ἐνυξανο</span> <span class='ocrx_word' id='word_1_320' title='bbox 2491 2089 2655 2159; x_wconf 84' lang='grc' dir='ltr'>μηδὲν</span> <span class='ocrx_word' id='word_1_321' title='bbox 2707 2086 3180 2157; x_wconf 80' lang='grc' dir='ltr'>παραλείψωμενο</span> <span class='ocrx_word' id='word_1_322' title='bbox 3244 2084 3383 2138; x_wconf 83' lang='grc' dir='ltr'><strong>ἀλλά</strong></span> <span class='ocrx_word' id='word_1_323' title='bbox 3439 2081 3778 2153; x_wconf 85' lang='grc' dir='ltr'>προσθῶμεν</span> 
     </span>
    </p>
   </div>
   <div class='ocr_carea' id='block_1_48' title="bbox 2201 2175 3778 2249">
    <p class='ocr_par' dir='ltr' id='par_1_48' title="bbox 2201 2175 3778 2249">
     <span class='ocr_line' id='line_1_48' title="bbox 2201 2175 3778 2249; baseline -0.008 -12"><span class='ocrx_word' id='word_1_324' title='bbox 2201 2180 2504 2237; x_wconf 78' lang='grc' dir='ltr'>καὶτοῦτο.</span> <span class='ocrx_word' id='word_1_325' title='bbox 2535 2181 2643 2233; x_wconf 75' lang='grc' dir='ltr'>Καὶ</span> <span class='ocrx_word' id='word_1_326' title='bbox 2691 2179 3017 2249; x_wconf 82' lang='grc' dir='ltr'>ποιήσαντες</span> <span class='ocrx_word' id='word_1_327' title='bbox 3061 2177 3345 2248; x_wconf 83' lang='grc' dir='ltr'>ἐνεχθῆναι</span> <span class='ocrx_word' id='word_1_328' title='bbox 3393 2175 3618 2244; x_wconf 84' lang='grc' dir='ltr'>λόγχην,</span> <span class='ocrx_word' id='word_1_329' title='bbox 3673 2176 3778 2226; x_wconf 88' lang='grc' dir='ltr'>ἐπ-</span> 
     </span>
    </p>
   </div>
   <div class='ocr_carea' id='block_1_49' title="bbox 2201 2265 3778 2345">
    <p class='ocr_par' dir='ltr' id='par_1_49' title="bbox 2201 2265 3778 2345">
     <span class='ocr_line' id='line_1_49' title="bbox 2201 2265 3778 2345; baseline -0.007 -16"><span class='ocrx_word' id='word_1_330' title='bbox 2201 2275 2435 2345; x_wconf 84' lang='grc' dir='ltr'>έτρεψάν</span> <span class='ocrx_word' id='word_1_331' title='bbox 2461 2289 2567 2326; x_wconf 86' lang='grc' dir='ltr'>τινι</span> <span class='ocrx_word' id='word_1_332' title='bbox 2606 2271 2785 2325; x_wconf 90' lang='grc' dir='ltr'>αὑτῶν</span> <span class='ocrx_word' id='word_1_333' title='bbox 2845 2267 2976 2341; x_wconf 82' lang='grc' dir='ltr'>ἆραι</span> <span class='ocrx_word' id='word_1_334' title='bbox 3020 2273 3118 2341; x_wconf 85' lang='grc' dir='ltr'>τὴν</span> <span class='ocrx_word' id='word_1_335' title='bbox 3154 2271 3370 2339; x_wconf 80' lang='grc' dir='ltr'>λόγχην,</span> <span class='ocrx_word' id='word_1_336' title='bbox 3403 2268 3498 2320; x_wconf 75' lang='grc' dir='ltr'>καὶ</span> <span class='ocrx_word' id='word_1_337' title='bbox 3537 2265 3778 2337; x_wconf 80' lang='grc' dir='ltr'>κροῦσαι</span> 
     </span>
    </p>
   </div>
   <div class='ocr_carea' id='block_1_50' title="bbox 2199 2358 3775 2433">
    <p class='ocr_par' dir='ltr' id='par_1_50' title="bbox 2199 2358 3775 2433">
     <span class='ocr_line' id='line_1_50' title="bbox 2199 2358 3775 2433; baseline -0.006 -14"><span class='ocrx_word' id='word_1_338' title='bbox 2199 2366 2341 2420; x_wconf 82' lang='grc' dir='ltr'>κατὰ</span> <span class='ocrx_word' id='word_1_339' title='bbox 2370 2365 2469 2433; x_wconf 81' lang='grc' dir='ltr'>τῆς</span> <span class='ocrx_word' id='word_1_340' title='bbox 2495 2364 2733 2433; x_wconf 81' lang='grc' dir='ltr'>πλευρᾶς</span> <span class='ocrx_word' id='word_1_341' title='bbox 2758 2362 2858 2431; x_wconf 77' lang='grc' dir='ltr'>τῆς</span> <span class='ocrx_word' id='word_1_342' title='bbox 2883 2361 3090 2424; x_wconf 77' lang='grc' dir='ltr'>εἰκόνος</span> <span class='ocrx_word' id='word_1_343' title='bbox 3116 2361 3210 2413; x_wconf 90' lang='grc' dir='ltr'><strong>τοῦ</strong></span> <span class='ocrx_word' id='word_1_344' title='bbox 3245 2361 3452 2428; x_wconf 82' lang='grc' dir='ltr'>Κυρίου</span> <span class='ocrx_word' id='word_1_345' title='bbox 3473 2375 3488 2390; x_wconf 76' lang='grc' dir='ltr'><strong><em>ο</em></strong></span> <span class='ocrx_word' id='word_1_346' title='bbox 3519 2360 3617 2410; x_wconf 74' lang='grc' dir='ltr'>καὶ</span> <span class='ocrx_word' id='word_1_347' title='bbox 3646 2358 3775 2410; x_wconf 86' lang='grc' dir='ltr'>τοὺ-</span> 
     </span>
    </p>
   </div>
   <div class='ocr_carea' id='block_1_51' title="bbox 2198 2447 3778 2525">
    <p class='ocr_par' dir='ltr' id='par_1_51' title="bbox 2198 2447 3778 2525">
     <span class='ocr_line' id='line_1_51' title="bbox 2198 2447 3778 2525; baseline -0.008 -16"><span class='ocrx_word' id='word_1_348' title='bbox 2198 2468 2293 2509; x_wconf 87' lang='grc' dir='ltr'><strong>του</strong></span> <span class='ocrx_word' id='word_1_349' title='bbox 2331 2454 2624 2525; x_wconf 80' lang='grc' dir='ltr'>γενομένου</span> <span class='ocrx_word' id='word_1_350' title='bbox 2671 2451 2873 2513; x_wconf 82' lang='grc' dir='ltr'>εὑθέως</span> <span class='ocrx_word' id='word_1_351' title='bbox 2901 2451 3197 2503; x_wconf 80' lang='grc' dir='ltr'>ἀνέϐλυσεν</span> <span class='ocrx_word' id='word_1_352' title='bbox 3223 2450 3318 2502; x_wconf 87' lang='grc' dir='ltr'><strong>ἀπ’</strong></span> <span class='ocrx_word' id='word_1_353' title='bbox 3349 2448 3520 2517; x_wconf 81' lang='grc' dir='ltr'>αὑτῆς</span> <span class='ocrx_word' id='word_1_354' title='bbox 3569 2447 3778 2516; x_wconf 82' lang='grc' dir='ltr'>πλῆθος</span> 
     </span>
    </p>
   </div>
   <div class='ocr_carea' id='block_1_52' title="bbox 2201 2534 3773 2618">
    <p class='ocr_par' dir='ltr' id='par_1_52' title="bbox 2201 2534 3773 2618">
     <span class='ocr_line' id='line_1_52' title="bbox 2201 2534 3773 2618; baseline -0.009 -17"><span class='ocrx_word' id='word_1_355' title='bbox 2201 2546 2433 2618; x_wconf 80' lang='grc' dir='ltr'>αἵματος</span> <span class='ocrx_word' id='word_1_356' title='bbox 2457 2545 2552 2599; x_wconf 76' lang='grc' dir='ltr'>καὶ</span> <span class='ocrx_word' id='word_1_357' title='bbox 2580 2544 2834 2607; x_wconf 76' lang='grc' dir='ltr'>ὓδατος.»</span> <span class='ocrx_word' id='word_1_358' title='bbox 2875 2541 3069 2605; x_wconf 84' lang='grc' dir='ltr'>Πιστὸς</span> <span class='ocrx_word' id='word_1_359' title='bbox 3099 2545 3127 2594; x_wconf 86' lang='grc' dir='ltr'>ὁ</span> <span class='ocrx_word' id='word_1_360' title='bbox 3161 2541 3341 2608; x_wconf 82' lang='grc' dir='ltr'>λόγος,</span> <span class='ocrx_word' id='word_1_361' title='bbox 3364 2534 3410 2592; x_wconf 80' lang='grc' dir='ltr'><strong>ὦ</strong></span> <span class='ocrx_word' id='word_1_362' title='bbox 3443 2538 3773 2607; x_wconf 82' lang='grc' dir='ltr'>σοφώτατοι·</span> 
     </span>
    </p>
   </div>
   <div class='ocr_carea' id='block_1_53' title="bbox 2201 2632 3778 2708">
    <p class='ocr_par' dir='ltr' id='par_1_53' title="bbox 2201 2632 3778 2708">
     <span class='ocr_line' id='line_1_53' title="bbox 2201 2632 3778 2708; baseline -0.007 -16"><span class='ocrx_word' id='word_1_363' title='bbox 2201 2639 2263 2692; x_wconf 79' lang='grc' dir='ltr'>τὸ</span> <span class='ocrx_word' id='word_1_364' title='bbox 2317 2638 2437 2708; x_wconf 78' lang='grc' dir='ltr'>μὲν,</span> <span class='ocrx_word' id='word_1_365' title='bbox 2506 2638 2588 2692; x_wconf 85' lang='grc' dir='ltr'>ὅτι</span> <span class='ocrx_word' id='word_1_366' title='bbox 2627 2637 2696 2690; x_wconf 79' lang='grc' dir='ltr'>τὰ</span> <span class='ocrx_word' id='word_1_367' title='bbox 2751 2639 2956 2707; x_wconf 87' lang='grc' dir='ltr'>σημεῖα</span> <span class='ocrx_word' id='word_1_368' title='bbox 3028 2637 3142 2698; x_wconf 88' lang='grc' dir='ltr'>τοῖς</span> <span class='ocrx_word' id='word_1_369' title='bbox 3219 2633 3494 2695; x_wconf 88' lang='grc' dir='ltr'>ἀπίστοις,</span> <span class='ocrx_word' id='word_1_370' title='bbox 3536 2632 3598 2683; x_wconf 91' lang='grc' dir='ltr'><strong>οὑ</strong></span> <span class='ocrx_word' id='word_1_371' title='bbox 3662 2632 3778 2693; x_wconf 83' lang='grc' dir='ltr'>τοῖς</span> 
     </span>
    </p>
   </div>
   <div class='ocr_carea' id='block_1_54' title="bbox 521 2723 3778 2804">
    <p class='ocr_par' dir='ltr' id='par_1_54' title="bbox 521 2723 3778 2804">
     <span class='ocr_line' id='line_1_54' title="bbox 521 2723 3778 2804; baseline -0.001 -27"><span class='ocrx_word' id='word_1_372' title='bbox 521 2727 836 2780; x_wconf 83' lang='grc' dir='ltr'>πιστεύουσι</span> <span class='ocrx_word' id='word_1_373' title='bbox 863 2742 878 2757; x_wconf 71' lang='grc' dir='ltr'><strong>ο</strong></span> <span class='ocrx_word' id='word_1_374' title='bbox 905 2727 966 2782; x_wconf 79' lang='grc' dir='ltr'>τὸ</span> <span class='ocrx_word' id='word_1_375' title='bbox 991 2728 1069 2792; x_wconf 81' lang='grc' dir='ltr'>δὲ,</span> <span class='ocrx_word' id='word_1_376' title='bbox 1100 2727 1176 2792; x_wconf 87' lang='grc' dir='ltr'><strong>ὡς</strong></span> <span class='ocrx_word' id='word_1_377' title='bbox 1198 2728 1265 2783; x_wconf 79' lang='grc' dir='ltr'>ἂν</span> <span class='ocrx_word' id='word_1_378' title='bbox 1296 2733 1391 2782; x_wconf 69' lang='grc' dir='ltr'>καὶ</span> <span class='ocrx_word' id='word_1_379' title='bbox 1413 2733 1575 2800; x_wconf 74' lang='grc' dir='ltr'>ἡμεῖς</span> <span class='ocrx_word' id='word_1_380' title='bbox 1633 2731 1918 2804; x_wconf 86' lang='grc' dir='ltr'>γνοίημεν,</span> <span class='ocrx_word' id='word_1_381' title='bbox 1958 2733 2041 2786; x_wconf 83' lang='grc' dir='ltr'>ὅτι</span> <span class='ocrx_word' id='word_1_382' title='bbox 2097 2734 2165 2803; x_wconf 78' lang='grc' dir='ltr'><strong>τῇ</strong></span> <span class='ocrx_word' id='word_1_383' title='bbox 2203 2731 2303 2802; x_wconf 82' lang='grc' dir='ltr'>τῆς</span> <span class='ocrx_word' id='word_1_384' title='bbox 2347 2731 2554 2795; x_wconf 80' lang='grc' dir='ltr'>εἰκόνος</span> <span class='ocrx_word' id='word_1_385' title='bbox 2607 2729 2764 2802; x_wconf 82' lang='grc' dir='ltr'>ὑϐρει</span> <span class='ocrx_word' id='word_1_386' title='bbox 2811 2729 3136 2799; x_wconf 82' lang='grc' dir='ltr'>ἐφύϐρισται</span> <span class='ocrx_word' id='word_1_387' title='bbox 3167 2727 3231 2780; x_wconf 87' lang='grc' dir='ltr'>τὸ</span> <span class='ocrx_word' id='word_1_388' title='bbox 3264 2726 3622 2797; x_wconf 84' lang='grc' dir='ltr'>πρωτότυπον</span> <span class='ocrx_word' id='word_1_389' title='bbox 3657 2741 3670 2752; x_wconf 89' lang='grc'><strong>·</strong></span> <span class='ocrx_word' id='word_1_390' title='bbox 3699 2723 3778 2790; x_wconf 82' lang='grc' dir='ltr'>ὡς</span> 
     </span>
    </p>
   </div>
   <div class='ocr_carea' id='block_1_55' title="bbox 525 2817 1836 2895">
    <p class='ocr_par' dir='ltr' id='par_1_55' title="bbox 525 2817 1836 2895">
     <span class='ocr_line' id='line_1_55' title="bbox 525 2817 1836 2895; baseline 0.008 -26"><span class='ocrx_word' id='word_1_391' title='bbox 525 2817 775 2890; x_wconf 77' lang='grc' dir='ltr'>ἔμπαλιν,</span> <span class='ocrx_word' id='word_1_392' title='bbox 804 2821 868 2891; x_wconf 83' lang='grc' dir='ltr'><strong>τῇ</strong></span> <span class='ocrx_word' id='word_1_393' title='bbox 894 2821 992 2890; x_wconf 82' lang='grc' dir='ltr'>τῆς</span> <span class='ocrx_word' id='word_1_394' title='bbox 1022 2822 1228 2886; x_wconf 79' lang='grc' dir='ltr'>εἰκόνος</span> <span class='ocrx_word' id='word_1_395' title='bbox 1253 2825 1384 2893; x_wconf 78' lang='grc' dir='ltr'>τιμῇ</span> <span class='ocrx_word' id='word_1_396' title='bbox 1417 2824 1836 2895; x_wconf 85' lang='grc' dir='ltr'>ἀποτετίμηται.</span> 
     </span>
    </p>
   </div>
   <div class='ocr_carea' id='block_1_56' title="bbox 599 2904 2095 2984">
    <p class='ocr_par' dir='ltr' id='par_1_56' title="bbox 599 2909 2088 2981">
     <span class='ocr_line' id='line_1_56' title="bbox 599 2909 2088 2981; baseline 0.005 -17"><span class='ocrx_word' id='word_1_397' title='bbox 599 2909 710 2965; x_wconf 75' lang='lat' dir='ltr'><strong>Vox</strong></span> <span class='ocrx_word' id='word_1_398' title='bbox 776 2911 957 2966; x_wconf 89' lang='lat' dir='ltr'><strong>Basilii</strong></span> <span class='ocrx_word' id='word_1_399' title='bbox 1004 2913 1185 2981; x_wconf 83' lang='lat' dir='ltr'><strong>magni</strong></span> <span class='ocrx_word' id='word_1_400' title='bbox 1250 2929 1316 2968; x_wconf 82' lang='lat' dir='ltr'><strong>ex</strong></span> <span class='ocrx_word' id='word_1_401' title='bbox 1383 2915 1692 2970; x_wconf 87' lang='lat' dir='ltr'><strong>laudatione</strong></span> <span class='ocrx_word' id='word_1_402' title='bbox 1745 2917 1798 2971; x_wconf 90' lang='lat' dir='ltr'><strong>in</strong></span> <span class='ocrx_word' id='word_1_403' title='bbox 1839 2917 2088 2972; x_wconf 89' lang='lat' dir='ltr'><strong>Barlaam</strong></span> 
     </span>
    </p>
   </div>
   <div class='ocr_carea' id='block_1_57' title="bbox 2202 2904 3776 2984">
    <p class='ocr_par' dir='ltr' id='par_1_57' title="bbox 2266 2904 3776 2984">
     <span class='ocr_line' id='line_1_57' title="bbox 2266 2904 3776 2984; baseline -0.003 -19"><span class='ocrx_word' id='word_1_404' title='bbox 2266 2912 2422 2984; x_wconf 80' lang='grc' dir='ltr'>Φωνὴ</span> <span class='ocrx_word' id='word_1_405' title='bbox 2447 2912 2540 2966; x_wconf 90' lang='grc' dir='ltr'><strong>τοῦ</strong></span> <span class='ocrx_word' id='word_1_406' title='bbox 2568 2913 2802 2982; x_wconf 84' lang='grc' dir='ltr'>μεγάλου</span> <span class='ocrx_word' id='word_1_407' title='bbox 2828 2904 3110 2963; x_wconf 81' lang='grc' dir='ltr'>Βασιλείου</span> <span class='ocrx_word' id='word_1_408' title='bbox 3143 2911 3208 2962; x_wconf 89' lang='grc' dir='ltr'><strong>ἐκ</strong></span> <span class='ocrx_word' id='word_1_409' title='bbox 3239 2907 3332 2960; x_wconf 84' lang='grc' dir='ltr'><strong>τοῦ</strong></span> <span class='ocrx_word' id='word_1_410' title='bbox 3365 2907 3646 2975; x_wconf 82' lang='grc' dir='ltr'>ἐγκωμίου</span> <span class='ocrx_word' id='word_1_411' title='bbox 3679 2908 3776 2960; x_wconf 84' lang='grc' dir='ltr'><strong>τοῦ</strong></span> 
     </span>
    </p>
   </div>
   <div class='ocr_carea' id='block_1_58' title="bbox 521 3003 2095 3074">
    <p class='ocr_par' dir='ltr' id='par_1_58' title="bbox 521 3003 2095 3074">
     <span class='ocr_line' id='line_1_58' title="bbox 521 3003 2095 3074; baseline 0.005 -19"><span class='ocrx_word' id='word_1_412' title='bbox 521 3004 914 3070; x_wconf 81' lang='lat' dir='ltr'><strong>martyrem”:</strong></span> <span class='ocrx_word' id='word_1_413' title='bbox 970 3022 991 3056; x_wconf 88' lang='grc' dir='ltr'><strong>ι</strong></span> <span class='ocrx_word' id='word_1_414' title='bbox 1038 3003 1386 3074; x_wconf 79' lang='lat' dir='ltr'><strong>Exprimatur</strong></span> <span class='ocrx_word' id='word_1_415' title='bbox 1419 3008 1474 3061; x_wconf 93' lang='lat' dir='ltr'><strong>in</strong></span> <span class='ocrx_word' id='word_1_416' title='bbox 1530 3009 1712 3064; x_wconf 90' lang='lat' dir='ltr'><strong>tabula</strong></span> <span class='ocrx_word' id='word_1_417' title='bbox 1760 3019 1814 3064; x_wconf 90' lang='lat' dir='ltr'><strong>et</strong></span> <span class='ocrx_word' id='word_1_418' title='bbox 1840 3011 2095 3065; x_wconf 88' lang='lat' dir='ltr'><strong>certami-</strong></span> 
     </span>
    </p>
   </div>
   <div class='ocr_carea' id='block_1_59' title="bbox 520 3097 2092 3166">
    <p class='ocr_par' dir='ltr' id='par_1_59' title="bbox 520 3097 2092 3166">
     <span class='ocr_line' id='line_1_59' title="bbox 520 3097 2092 3166; baseline 0.005 -21"><span class='ocrx_word' id='word_1_419' title='bbox 520 3108 650 3146; x_wconf 91' lang='lat' dir='ltr'><strong>num</strong></span> <span class='ocrx_word' id='word_1_420' title='bbox 707 3108 905 3161; x_wconf 76' lang='lat' dir='ltr'><strong>praeses</strong></span> <span class='ocrx_word' id='word_1_421' title='bbox 956 3105 1120 3164; x_wconf 87' lang='lat' dir='ltr'><strong>atque</strong></span> <span class='ocrx_word' id='word_1_422' title='bbox 1184 3103 1375 3149; x_wconf 88' lang='lat' dir='ltr'><strong>auctor</strong></span> <span class='ocrx_word' id='word_1_423' title='bbox 1433 3097 1710 3154; x_wconf 88' lang='lat' dir='ltr'><strong>Christus.</strong></span> <span class='ocrx_word' id='word_1_424' title='bbox 1776 3098 1875 3155; x_wconf 87' lang='lat' dir='ltr'><strong>Hic</strong></span> <span class='ocrx_word' id='word_1_425' title='bbox 1906 3102 2092 3166; x_wconf 89' lang='lat' dir='ltr'><strong>etiam,</strong></span> 
     </span>
    </p>
   </div>
   <div class='ocr_carea' id='block_1_60' title="bbox 521 3185 2094 3264">
    <p class='ocr_par' dir='ltr' id='par_1_60' title="bbox 521 3185 2094 3264">
     <span class='ocr_line' id='line_1_60' title="bbox 521 3185 2094 3264; baseline 0.004 -25"><span class='ocrx_word' id='word_1_426' title='bbox 521 3185 898 3252; x_wconf 79' lang='lat' dir='ltr'><strong>serenissimi,</strong></span> <span class='ocrx_word' id='word_1_427' title='bbox 957 3189 1261 3243; x_wconf 87' lang='lat' dir='ltr'><strong>certissima</strong></span> <span class='ocrx_word' id='word_1_428' title='bbox 1343 3191 1425 3245; x_wconf 81' lang='lat' dir='ltr'><strong>lex</strong></span> <span class='ocrx_word' id='word_1_429' title='bbox 1477 3192 1732 3261; x_wconf 85' lang='lat' dir='ltr'><strong>imaginis</strong></span> <span class='ocrx_word' id='word_1_430' title='bbox 1805 3194 2094 3264; x_wconf 60' lang='lat' dir='ltr'><strong>erigendae.</strong></span> 
     </span>
    </p>
   </div>
   <div class='ocr_carea' id='block_1_61' title="bbox 519 3276 2097 3352">
    <p class='ocr_par' dir='ltr' id='par_1_61' title="bbox 519 3276 2097 3352">
     <span class='ocr_line' id='line_1_61' title="bbox 519 3276 2097 3352; baseline 0.006 -23"><span class='ocrx_word' id='word_1_431' title='bbox 519 3276 705 3346; x_wconf 85' lang='lat' dir='ltr'><strong>Neque</strong></span> <span class='ocrx_word' id='word_1_432' title='bbox 749 3280 914 3342; x_wconf 92' lang='lat' dir='ltr'><strong>enim,</strong></span> <span class='ocrx_word' id='word_1_433' title='bbox 950 3290 1008 3334; x_wconf 93' lang='lat' dir='ltr'><strong>ut</strong></span> <span class='ocrx_word' id='word_1_434' title='bbox 1062 3279 1266 3335; x_wconf 84' lang='lat' dir='ltr'><strong>frustra</strong></span> <span class='ocrx_word' id='word_1_435' title='bbox 1307 3283 1554 3350; x_wconf 85' lang='lat' dir='ltr'><strong>garriunt</strong></span> <span class='ocrx_word' id='word_1_436' title='bbox 1591 3285 1844 3352; x_wconf 88' lang='lat' dir='ltr'><strong>quidam,</strong></span> <span class='ocrx_word' id='word_1_437' title='bbox 1895 3285 2097 3339; x_wconf 88' lang='lat' dir='ltr'><strong>mentis</strong></span> 
     </span>
    </p>
   </div>
   <div class='ocr_carea' id='block_1_62' title="bbox 521 3371 2096 3445">
    <p class='ocr_par' dir='ltr' id='par_1_62' title="bbox 521 3371 2096 3445">
     <span class='ocr_line' id='line_1_62' title="bbox 521 3371 2096 3445; baseline 0.006 -22"><span class='ocrx_word' id='word_1_438' title='bbox 521 3371 718 3424; x_wconf 71' lang='lat' dir='ltr'><strong>tabulae</strong></span> <span class='ocrx_word' id='word_1_439' title='bbox 768 3372 1000 3440; x_wconf 89' lang='lat' dir='ltr'><strong>imprimi</strong></span> <span class='ocrx_word' id='word_1_440' title='bbox 1055 3372 1335 3429; x_wconf 88' lang='lat' dir='ltr'><strong>Christum</strong></span> <span class='ocrx_word' id='word_1_441' title='bbox 1394 3375 1558 3445; x_wconf 84' lang='lat' dir='ltr'><strong>jussit</strong></span> <span class='ocrx_word' id='word_1_442' title='bbox 1588 3378 1670 3430; x_wconf 92' lang='lat' dir='ltr'><strong>vir</strong></span> <span class='ocrx_word' id='word_1_443' title='bbox 1713 3379 1953 3434; x_wconf 90' lang='lat' dir='ltr'><strong>divinus.</strong></span> <span class='ocrx_word' id='word_1_444' title='bbox 1978 3377 2096 3433; x_wconf 88' lang='lat' dir='ltr'><strong>Non</strong></span> 
     </span>
    </p>
   </div>
   <div class='ocr_carea' id='block_1_63' title="bbox 521 3463 2096 3532">
    <p class='ocr_par' dir='ltr' id='par_1_63' title="bbox 521 3463 2096 3532">
     <span class='ocr_line' id='line_1_63' title="bbox 521 3463 2096 3532; baseline 0.005 -16"><span class='ocrx_word' id='word_1_445' title='bbox 521 3464 664 3516; x_wconf 91' lang='lat' dir='ltr'><strong>enim</strong></span> <span class='ocrx_word' id='word_1_446' title='bbox 690 3463 960 3532; x_wconf 91' lang='lat' dir='ltr'><strong>depictum</strong></span> <span class='ocrx_word' id='word_1_447' title='bbox 988 3465 1038 3517; x_wconf 92' lang='lat' dir='ltr'><strong>in</strong></span> <span class='ocrx_word' id='word_1_448' title='bbox 1069 3465 1247 3531; x_wconf 90' lang='lat' dir='ltr'><strong>nobis,</strong></span> <span class='ocrx_word' id='word_1_449' title='bbox 1277 3467 1372 3521; x_wconf 88' lang='lat' dir='ltr'><strong>sed</strong></span> <span class='ocrx_word' id='word_1_450' title='bbox 1400 3469 1794 3525; x_wconf 88' lang='lat' dir='ltr'><strong>inbabitantem</strong></span> <span class='ocrx_word' id='word_1_451' title='bbox 1820 3469 2096 3525; x_wconf 87' lang='lat' dir='ltr'><strong>Christum</strong></span> 
     </span>
    </p>
   </div>
   <div class='ocr_carea' id='block_1_64' title="bbox 520 3555 2102 3627">
    <p class='ocr_par' dir='ltr' id='par_1_64' title="bbox 520 3555 2102 3627">
     <span class='ocr_line' id='line_1_64' title="bbox 520 3555 2102 3627; baseline 0.007 -21"><span class='ocrx_word' id='word_1_452' title='bbox 520 3567 615 3624; x_wconf 85' lang='lat' dir='ltr'><strong>per</strong></span> <span class='ocrx_word' id='word_1_453' title='bbox 654 3555 812 3609; x_wconf 78' lang='lat' dir='ltr'><strong>fidem</strong></span> <span class='ocrx_word' id='word_1_454' title='bbox 861 3556 912 3609; x_wconf 92' lang='lat' dir='ltr'><strong>in</strong></span> <span class='ocrx_word' id='word_1_455' title='bbox 953 3555 1211 3613; x_wconf 88' lang='lat' dir='ltr'><strong>cordibus</strong></span> <span class='ocrx_word' id='word_1_456' title='bbox 1264 3560 1464 3615; x_wconf 87' lang='lat' dir='ltr'><strong>nostris</strong></span> <span class='ocrx_word' id='word_1_457' title='bbox 1504 3561 1792 3627; x_wconf 90' lang='lat' dir='ltr'><strong>habemus,</strong></span> <span class='ocrx_word' id='word_1_458' title='bbox 1841 3562 1983 3618; x_wconf 91' lang='lat' dir='ltr'><strong>sicut</strong></span> <span class='ocrx_word' id='word_1_459' title='bbox 2009 3579 2102 3617; x_wconf 92' lang='lat' dir='ltr'><strong>vo-</strong></span> 
     </span>
    </p>
   </div>
   <div class='ocr_carea' id='block_1_65' title="bbox 519 3647 2098 3724">
    <p class='ocr_par' dir='ltr' id='par_1_65' title="bbox 519 3647 2098 3724">
     <span class='ocr_line' id='line_1_65' title="bbox 519 3647 2098 3724; baseline 0.005 -23"><span class='ocrx_word' id='word_1_460' title='bbox 519 3647 780 3703; x_wconf 77' lang='lat' dir='ltr'><strong>ciferatur</strong></span> <span class='ocrx_word' id='word_1_461' title='bbox 828 3650 1204 3719; x_wconf 83' lang='lat' dir='ltr'><strong>Apostolus“.</strong></span> <span class='ocrx_word' id='word_1_462' title='bbox 1266 3652 1487 3718; x_wconf 87' lang='lat' dir='ltr'><strong>Deinde,</strong></span> <span class='ocrx_word' id='word_1_463' title='bbox 1546 3655 1988 3724; x_wconf 87' lang='lat' dir='ltr'><strong>conjunctionem</strong></span> <span class='ocrx_word' id='word_1_464' title='bbox 2048 3667 2098 3710; x_wconf 85' lang='lat' dir='ltr'><strong>et</strong></span> 
     </span>
    </p>
   </div>
   <div class='ocr_carea' id='block_1_66' title="bbox 521 3739 2098 3817">
    <p class='ocr_par' dir='ltr' id='par_1_66' title="bbox 521 3739 2098 3817">
     <span class='ocr_line' id='line_1_66' title="bbox 521 3739 2098 3817; baseline 0.007 -25"><span class='ocrx_word' id='word_1_465' title='bbox 521 3739 788 3803; x_wconf 85' lang='lat' dir='ltr'><strong>inserens,</strong></span> <span class='ocrx_word' id='word_1_466' title='bbox 849 3742 1204 3809; x_wconf 62' lang='lat' dir='ltr'><strong>praecedentia</strong></span> <span class='ocrx_word' id='word_1_467' title='bbox 1261 3745 1448 3814; x_wconf 86' lang='lat' dir='ltr'><strong>utique</strong></span> <span class='ocrx_word' id='word_1_468' title='bbox 1494 3745 1818 3816; x_wconf 89' lang='lat' dir='ltr'><strong>designavit,</strong></span> <span class='ocrx_word' id='word_1_469' title='bbox 1868 3763 1989 3817; x_wconf 78' lang='lat' dir='ltr'><strong>quae</strong></span> <span class='ocrx_word' id='word_1_470' title='bbox 2017 3749 2098 3804; x_wconf 82' lang='lat' dir='ltr'><strong>sic</strong></span> 
     </span>
    </p>
   </div>
   <div class='ocr_carea' id='block_1_67' title="bbox 522 3829 2095 3905">
    <p class='ocr_par' dir='ltr' id='par_1_67' title="bbox 522 3829 2095 3905">
     <span class='ocr_line' id='line_1_67' title="bbox 522 3829 2095 3905; baseline 0.007 -22"><span class='ocrx_word' id='word_1_471' title='bbox 522 3830 767 3884; x_wconf 87' lang='lat' dir='ltr'><strong>habent:</strong></span> <span class='ocrx_word' id='word_1_472' title='bbox 805 3829 1093 3902; x_wconf 87' lang='lat' dir='ltr'><strong>Exsurgite</strong></span> <span class='ocrx_word' id='word_1_473' title='bbox 1141 3849 1305 3898; x_wconf 90' lang='lat' dir='ltr'><strong>nunc,</strong></span> <span class='ocrx_word' id='word_1_474' title='bbox 1344 3849 1378 3887; x_wconf 91' lang='grc' dir='ltr'><strong>ο</strong></span> <span class='ocrx_word' id='word_1_475' title='bbox 1417 3837 1661 3905; x_wconf 74' lang='lat' dir='ltr'><strong>praeclari</strong></span> <span class='ocrx_word' id='word_1_476' title='bbox 1715 3837 2095 3894; x_wconf 88' lang='lat' dir='ltr'><strong>athleticorum</strong></span> 
     </span>
    </p>
   </div>
   <div class='ocr_carea' id='block_1_68' title="bbox 523 3925 2098 3998">
    <p class='ocr_par' dir='ltr' id='par_1_68' title="bbox 523 3925 2098 3998">
     <span class='ocr_line' id='line_1_68' title="bbox 523 3925 2098 3998; baseline 0.005 -21"><span class='ocrx_word' id='word_1_477' title='bbox 523 3939 798 3993; x_wconf 83' lang='lat' dir='ltr'><strong>gestorum</strong></span> <span class='ocrx_word' id='word_1_478' title='bbox 822 3925 1057 3994; x_wconf 88' lang='lat' dir='ltr'><strong>pictores</strong></span> <span class='ocrx_word' id='word_1_479' title='bbox 1092 3943 1105 3978; x_wconf 93' lang='lat'><strong>:</strong></span> <span class='ocrx_word' id='word_1_480' title='bbox 1136 3926 1384 3980; x_wconf 87' lang='lat' dir='ltr'><strong>mutilam</strong></span> <span class='ocrx_word' id='word_1_481' title='bbox 1411 3927 1564 3982; x_wconf 90' lang='lat' dir='ltr'><strong>ducis</strong></span> <span class='ocrx_word' id='word_1_482' title='bbox 1591 3928 1882 3998; x_wconf 87' lang='lat' dir='ltr'><strong>imaginem</strong></span> <span class='ocrx_word' id='word_1_483' title='bbox 1917 3942 2098 3986; x_wconf 91' lang='lat' dir='ltr'><strong>vestro</strong></span> 
     </span>
    </p>
   </div>
   <div class='ocr_carea' id='block_1_69' title="bbox 522 4014 2099 4088">
    <p class='ocr_par' dir='ltr' id='par_1_69' title="bbox 522 4014 2099 4088">
     <span class='ocr_line' id='line_1_69' title="bbox 522 4014 2099 4088; baseline 0.004 -21"><span class='ocrx_word' id='word_1_484' title='bbox 522 4014 789 4068; x_wconf 87' lang='lat' dir='ltr'><strong>illustrate</strong></span> <span class='ocrx_word' id='word_1_485' title='bbox 819 4015 1048 4069; x_wconf 87' lang='lat' dir='ltr'><strong>artificio</strong></span> <span class='ocrx_word' id='word_1_486' title='bbox 1071 4032 1086 4081; x_wconf 91' lang='lat'><strong>;</strong></span> <span class='ocrx_word' id='word_1_487' title='bbox 1125 4024 1180 4069; x_wconf 91' lang='lat' dir='ltr'><strong>et</strong></span> <span class='ocrx_word' id='word_1_488' title='bbox 1208 4015 1492 4070; x_wconf 89' lang='lat' dir='ltr'><strong>obscurius</strong></span> <span class='ocrx_word' id='word_1_489' title='bbox 1519 4032 1547 4070; x_wconf 91' lang='lat' dir='ltr'><strong>a</strong></span> <span class='ocrx_word' id='word_1_490' title='bbox 1572 4033 1657 4071; x_wconf 91' lang='lat' dir='ltr'><strong>me</strong></span> <span class='ocrx_word' id='word_1_491' title='bbox 1681 4018 1979 4088; x_wconf 90' lang='lat' dir='ltr'><strong>depictum,</strong></span> <span class='ocrx_word' id='word_1_492' title='bbox 2005 4035 2099 4075; x_wconf 93' lang='lat' dir='ltr'><strong>co-</strong></span> 
     </span>
    </p>
   </div>
   <div class='ocr_carea' id='block_1_70' title="bbox 523 4107 2100 4170">
    <p class='ocr_par' dir='ltr' id='par_1_70' title="bbox 523 4107 2100 4170">
     <span class='ocr_line' id='line_1_70' title="bbox 523 4107 2100 4170; baseline 0.004 -11"><span class='ocrx_word' id='word_1_493' title='bbox 523 4115 776 4160; x_wconf 80' lang='lat' dir='ltr'><strong>mnatum</strong></span> <span class='ocrx_word' id='word_1_494' title='bbox 810 4107 1090 4170; x_wconf 89' lang='lat' dir='ltr'><strong>athletam,</strong></span> <span class='ocrx_word' id='word_1_495' title='bbox 1127 4117 1318 4161; x_wconf 74' lang='lat' dir='ltr'><strong>vestra:</strong></span> <span class='ocrx_word' id='word_1_496' title='bbox 1355 4107 1637 4162; x_wconf 62' lang='lat' dir='ltr'><strong>industriae</strong></span> <span class='ocrx_word' id='word_1_497' title='bbox 1669 4110 1945 4166; x_wconf 90' lang='lat' dir='ltr'><strong>coloribus</strong></span> <span class='ocrx_word' id='word_1_498' title='bbox 1973 4125 2100 4165; x_wconf 88' lang='lat' dir='ltr'><strong>con-</strong></span> 
     </span>
    </p>
   </div>
   <div class='ocr_carea' id='block_1_71' title="bbox 523 4199 2060 4266">
    <p class='ocr_par' dir='ltr' id='par_1_71' title="bbox 523 4199 2060 4266">
     <span class='ocr_line' id='line_1_71' title="bbox 523 4199 2060 4266; baseline 0.001 -12"><span class='ocrx_word' id='word_1_499' title='bbox 523 4201 772 4266; x_wconf 77' lang='lat' dir='ltr'><strong>Spicuum</strong></span> <span class='ocrx_word' id='word_1_500' title='bbox 805 4199 1033 4252; x_wconf 89' lang='lat' dir='ltr'><strong>reddite.</strong></span> <span class='ocrx_word' id='word_1_501' title='bbox 1069 4199 1294 4264; x_wconf 83' lang='lat' dir='ltr'><strong>Abeam,</strong></span> <span class='ocrx_word' id='word_1_502' title='bbox 1349 4201 1708 4255; x_wconf 89' lang='lat' dir='ltr'><strong>certaminum</strong></span> <span class='ocrx_word' id='word_1_503' title='bbox 1741 4218 1805 4256; x_wconf 89' lang='lat' dir='ltr'><strong>ac</strong></span> <span class='ocrx_word' id='word_1_504' title='bbox 1831 4204 2060 4258; x_wconf 87' lang='lat' dir='ltr'><strong>victoria</strong></span> 
     </span>
    </p>
   </div>
   <div class='ocr_carea' id='block_1_72' title="bbox 2197 2997 3781 3073">
    <p class='ocr_par' dir='ltr' id='par_1_72' title="bbox 2197 2997 3781 3073">
     <span class='ocr_line' id='line_1_72' title="bbox 2197 2997 3781 3073; baseline -0.006 -15"><span class='ocrx_word' id='word_1_505' title='bbox 2197 3007 2276 3065; x_wconf 80' lang='grc' dir='ltr'><strong>εἰς</strong></span> <span class='ocrx_word' id='word_1_506' title='bbox 2303 3004 2395 3056; x_wconf 75' lang='grc' dir='ltr'><strong>τὸν</strong></span> <span class='ocrx_word' id='word_1_507' title='bbox 2431 3004 2683 3073; x_wconf 82' lang='grc' dir='ltr'>μάρτυρα</span> <span class='ocrx_word' id='word_1_508' title='bbox 2719 3002 3004 3072; x_wconf 75' lang='grc' dir='ltr'>Βαρλαάμσ</span> <span class='ocrx_word' id='word_1_509' title='bbox 3045 3019 3066 3051; x_wconf 77' lang='grc' dir='ltr'><strong>ιι</strong></span> <span class='ocrx_word' id='word_1_510' title='bbox 3110 2997 3502 3067; x_wconf 86' lang='grc' dir='ltr'>Ἐγγραφέσθω</span> <span class='ocrx_word' id='word_1_511' title='bbox 3553 2998 3633 3067; x_wconf 82' lang='grc' dir='ltr'>τῷ</span> <span class='ocrx_word' id='word_1_512' title='bbox 3685 2999 3781 3050; x_wconf 79' lang='grc' dir='ltr'>πί-</span> 
     </span>
    </p>
   </div>
   <div class='ocr_carea' id='block_1_73' title="bbox 2194 3092 3774 3162">
    <p class='ocr_par' dir='ltr' id='par_1_73' title="bbox 2194 3092 3774 3162">
     <span class='ocr_line' id='line_1_73' title="bbox 2194 3092 3774 3162; baseline -0.004 -13"><span class='ocrx_word' id='word_1_513' title='bbox 2194 3113 2318 3149; x_wconf 88' lang='grc' dir='ltr'>νακι</span> <span class='ocrx_word' id='word_1_514' title='bbox 2370 3096 2463 3148; x_wconf 76' lang='grc' dir='ltr'>καὶ</span> <span class='ocrx_word' id='word_1_515' title='bbox 2488 3097 2516 3147; x_wconf 86' lang='grc' dir='ltr'><strong>ό</strong></span> <span class='ocrx_word' id='word_1_516' title='bbox 2543 3095 2648 3147; x_wconf 86' lang='grc' dir='ltr'><strong>τῶν</strong></span> <span class='ocrx_word' id='word_1_517' title='bbox 2672 3095 3064 3162; x_wconf 78' lang='grc' dir='ltr'>παλαισμάτων</span> <span class='ocrx_word' id='word_1_518' title='bbox 3093 3092 3438 3160; x_wconf 83' lang='grc' dir='ltr'>ἀγωνοθέτης</span> <span class='ocrx_word' id='word_1_519' title='bbox 3477 3093 3715 3162; x_wconf 83' lang='grc' dir='ltr'>Χριστός</span> <span class='ocrx_word' id='word_1_520' title='bbox 3760 3108 3774 3121; x_wconf 92' lang='grc'><strong>·</strong></span> 
     </span>
    </p>
   </div>
   <div class='ocr_carea' id='block_1_74' title="bbox 2197 3179 3779 3255">
    <p class='ocr_par' dir='ltr' id='par_1_74' title="bbox 2197 3179 3779 3255">
     <span class='ocr_line' id='line_1_74' title="bbox 2197 3179 3779 3255; baseline -0.004 -15"><span class='ocrx_word' id='word_1_521' title='bbox 2197 3185 2510 3250; x_wconf 88' lang='grc' dir='ltr'>Κάνταῦθα,</span> <span class='ocrx_word' id='word_1_522' title='bbox 2547 3179 2592 3238; x_wconf 82' lang='grc' dir='ltr'><strong>ὣ</strong></span> <span class='ocrx_word' id='word_1_523' title='bbox 2639 3185 3018 3255; x_wconf 82' lang='grc' dir='ltr'>γαληνότατοι,</span> <span class='ocrx_word' id='word_1_524' title='bbox 3052 3183 3295 3253; x_wconf 84' lang='grc' dir='ltr'>ἀσφαλὴς</span> <span class='ocrx_word' id='word_1_525' title='bbox 3317 3184 3346 3234; x_wconf 84' lang='grc' dir='ltr'>ὁ</span> <span class='ocrx_word' id='word_1_526' title='bbox 3372 3184 3497 3251; x_wconf 86' lang='grc' dir='ltr'>ὄρος</span> <span class='ocrx_word' id='word_1_527' title='bbox 3541 3185 3645 3251; x_wconf 74' lang='grc' dir='ltr'>τῆς</span> <span class='ocrx_word' id='word_1_528' title='bbox 3695 3185 3779 3234; x_wconf 87' lang='grc' dir='ltr'>εἰ-</span> 
     </span>
    </p>
   </div>
   <div class='ocr_carea' id='block_1_75' title="bbox 2198 3273 3778 3347">
    <p class='ocr_par' dir='ltr' id='par_1_75' title="bbox 2198 3273 3778 3347">
     <span class='ocr_line' id='line_1_75' title="bbox 2198 3273 3778 3347; baseline -0.004 -16"><span class='ocrx_word' id='word_1_529' title='bbox 2198 3278 2424 3347; x_wconf 84' lang='grc' dir='ltr'>κονικῆς</span> <span class='ocrx_word' id='word_1_530' title='bbox 2459 3277 2911 3345; x_wconf 87' lang='grc' dir='ltr'>ἀναστηλώσεως.</span> <span class='ocrx_word' id='word_1_531' title='bbox 2935 3275 3008 3328; x_wconf 87' lang='grc' dir='ltr'>Οὑ</span> <span class='ocrx_word' id='word_1_532' title='bbox 3040 3275 3170 3344; x_wconf 84' lang='grc' dir='ltr'>γὰρ,</span> <span class='ocrx_word' id='word_1_533' title='bbox 3209 3273 3283 3337; x_wconf 83' lang='grc' dir='ltr'>ὥς</span> <span class='ocrx_word' id='word_1_534' title='bbox 3315 3291 3461 3335; x_wconf 88' lang='grc' dir='ltr'>τινες</span> <span class='ocrx_word' id='word_1_535' title='bbox 3499 3273 3778 3325; x_wconf 78' lang='grc' dir='ltr'>είκαιολο-</span> 
     </span>
    </p>
   </div>
   <div class='ocr_carea' id='block_1_76' title="bbox 2197 3364 3778 3440">
    <p class='ocr_par' dir='ltr' id='par_1_76' title="bbox 2197 3364 3778 3440">
     <span class='ocr_line' id='line_1_76' title="bbox 2197 3364 3778 3440; baseline -0.006 -16"><span class='ocrx_word' id='word_1_536' title='bbox 2197 3371 2376 3440; x_wconf 87' lang='grc' dir='ltr'>γοῦσι,</span> <span class='ocrx_word' id='word_1_537' title='bbox 2405 3369 2480 3440; x_wconf 88' lang='grc' dir='ltr'>τῷ</span> <span class='ocrx_word' id='word_1_538' title='bbox 2515 3370 2704 3423; x_wconf 87' lang='grc' dir='ltr'>πίνακι</span> <span class='ocrx_word' id='word_1_539' title='bbox 2757 3369 2854 3438; x_wconf 80' lang='grc' dir='ltr'>τῆς</span> <span class='ocrx_word' id='word_1_540' title='bbox 2902 3369 3078 3437; x_wconf 79' lang='grc' dir='ltr'>ψυχῆς</span> <span class='ocrx_word' id='word_1_541' title='bbox 3112 3365 3488 3437; x_wconf 75' lang='grc' dir='ltr'>ἐγγεγράφθαι</span> <span class='ocrx_word' id='word_1_542' title='bbox 3534 3364 3778 3434; x_wconf 78' lang='grc' dir='ltr'>Χριστὸν</span> 
     </span>
    </p>
   </div>
   <div class='ocr_carea' id='block_1_77' title="bbox 2200 3458 3780 3534">
    <p class='ocr_par' dir='ltr' id='par_1_77' title="bbox 2200 3458 3780 3534">
     <span class='ocr_line' id='line_1_77' title="bbox 2200 3458 3780 3534; baseline -0.006 -19"><span class='ocrx_word' id='word_1_543' title='bbox 2200 3462 2416 3534; x_wconf 77' lang='grc' dir='ltr'>εἴρηται</span> <span class='ocrx_word' id='word_1_544' title='bbox 2468 3461 2547 3532; x_wconf 82' lang='grc' dir='ltr'><strong>τῷ</strong></span> <span class='ocrx_word' id='word_1_545' title='bbox 2602 3460 2863 3529; x_wconf 87' lang='grc' dir='ltr'>θεοφόρῳ.</span> <span class='ocrx_word' id='word_1_546' title='bbox 2890 3460 3022 3512; x_wconf 85' lang='grc' dir='ltr'>υὺδὲ</span> <span class='ocrx_word' id='word_1_547' title='bbox 3062 3459 3169 3527; x_wconf 79' lang='grc' dir='ltr'><strong>γὰρ</strong></span> <span class='ocrx_word' id='word_1_548' title='bbox 3216 3458 3677 3524; x_wconf 78' lang='grc' dir='ltr'>ἐγγεγραμμένον</span> <span class='ocrx_word' id='word_1_549' title='bbox 3721 3459 3780 3507; x_wconf 84' lang='grc' dir='ltr'><strong>ἐν</strong></span> 
     </span>
    </p>
   </div>
   <div class='ocr_carea' id='block_1_78' title="bbox 2198 3547 3780 3625">
    <p class='ocr_par' dir='ltr' id='par_1_78' title="bbox 2198 3547 3780 3625">
     <span class='ocr_line' id='line_1_78' title="bbox 2198 3547 3780 3625; baseline -0.006 -19"><span class='ocrx_word' id='word_1_550' title='bbox 2198 3555 2349 3625; x_wconf 80' lang='grc' dir='ltr'>ἡμῖν,</span> <span class='ocrx_word' id='word_1_551' title='bbox 2368 3551 2506 3605; x_wconf 86' lang='grc' dir='ltr'>ἀλλὰ</span> <span class='ocrx_word' id='word_1_552' title='bbox 2531 3550 2884 3604; x_wconf 82' lang='grc' dir='ltr'>κατοικοῦντα</span> <span class='ocrx_word' id='word_1_553' title='bbox 2904 3551 2994 3602; x_wconf 83' lang='grc' dir='ltr'>τὸν</span> <span class='ocrx_word' id='word_1_554' title='bbox 3017 3549 3250 3618; x_wconf 77' lang='grc' dir='ltr'>Χριστὸν</span> <span class='ocrx_word' id='word_1_555' title='bbox 3284 3548 3372 3600; x_wconf 72' lang='grc' dir='ltr'><strong>διὰ</strong></span> <span class='ocrx_word' id='word_1_556' title='bbox 3400 3548 3498 3616; x_wconf 81' lang='grc' dir='ltr'>τῆς</span> <span class='ocrx_word' id='word_1_557' title='bbox 3534 3547 3780 3610; x_wconf 82' lang='grc' dir='ltr'>πίστεως</span> 
     </span>
    </p>
   </div>
   <div class='ocr_carea' id='block_1_79' title="bbox 2198 3639 3776 3715">
    <p class='ocr_par' dir='ltr' id='par_1_79' title="bbox 2198 3639 3776 3715">
     <span class='ocr_line' id='line_1_79' title="bbox 2198 3639 3776 3715; baseline -0.003 -17"><span class='ocrx_word' id='word_1_558' title='bbox 2198 3647 2257 3700; x_wconf 84' lang='grc' dir='ltr'><strong>ἐν</strong></span> <span class='ocrx_word' id='word_1_559' title='bbox 2284 3648 2405 3707; x_wconf 83' lang='grc' dir='ltr'>ταῖς</span> <span class='ocrx_word' id='word_1_560' title='bbox 2426 3644 2675 3715; x_wconf 86' lang='grc' dir='ltr'>καρδίαις</span> <span class='ocrx_word' id='word_1_561' title='bbox 2702 3642 2860 3712; x_wconf 82' lang='grc' dir='ltr'>ὴμῶν</span> <span class='ocrx_word' id='word_1_562' title='bbox 2886 3642 3114 3712; x_wconf 78' lang='grc' dir='ltr'>ἔχομεν,</span> <span class='ocrx_word' id='word_1_563' title='bbox 3146 3642 3219 3703; x_wconf 74' lang='grc' dir='ltr'>ὡς</span> <span class='ocrx_word' id='word_1_564' title='bbox 3247 3644 3274 3693; x_wconf 85' lang='grc' dir='ltr'><strong>ὁ</strong></span> <span class='ocrx_word' id='word_1_565' title='bbox 3305 3641 3626 3702; x_wconf 78' lang='grc' dir='ltr'>Ἀπόστολος</span> <span class='ocrx_word' id='word_1_566' title='bbox 3651 3639 3776 3710; x_wconf 76' lang='grc' dir='ltr'><strong>βοᾷ.</strong></span> 
     </span>
    </p>
   </div>
   <div class='ocr_carea' id='block_1_80' title="bbox 2201 3730 3780 3802">
    <p class='ocr_par' dir='ltr' id='par_1_80' title="bbox 2201 3730 3780 3802">
     <span class='ocr_line' id='line_1_80' title="bbox 2201 3730 3780 3802; baseline -0.002 -15"><span class='ocrx_word' id='word_1_567' title='bbox 2201 3736 2449 3798; x_wconf 86' lang='grc' dir='ltr'>Ἔπειτα,</span> <span class='ocrx_word' id='word_1_568' title='bbox 2479 3735 2560 3787; x_wconf 83' lang='grc' dir='ltr'>ὅτι</span> <span class='ocrx_word' id='word_1_569' title='bbox 2589 3733 2684 3785; x_wconf 75' lang='grc' dir='ltr'>καὶ</span> <span class='ocrx_word' id='word_1_570' title='bbox 2703 3735 2768 3802; x_wconf 80' lang='grc' dir='ltr'>τῇ</span> <span class='ocrx_word' id='word_1_571' title='bbox 2810 3733 3046 3802; x_wconf 76' lang='grc' dir='ltr'>ἐπιφορᾷ</span> <span class='ocrx_word' id='word_1_572' title='bbox 3071 3730 3186 3792; x_wconf 86' lang='grc' dir='ltr'>τοῦ,</span> <span class='ocrx_word' id='word_1_573' title='bbox 3223 3732 3337 3793; x_wconf 75' lang='grc' dir='ltr'>καὶ,</span> <span class='ocrx_word' id='word_1_574' title='bbox 3376 3731 3680 3801; x_wconf 76' lang='grc' dir='ltr'>συνδέσμου</span> <span class='ocrx_word' id='word_1_575' title='bbox 3709 3732 3780 3784; x_wconf 73' lang='grc' dir='ltr'><strong>τὰ</strong></span> 
     </span>
    </p>
   </div>
   <div class='ocr_carea' id='block_1_81' title="bbox 2197 3822 3782 3896">
    <p class='ocr_par' dir='ltr' id='par_1_81' title="bbox 2197 3822 3782 3896">
     <span class='ocr_line' id='line_1_81' title="bbox 2197 3822 3782 3896; baseline -0.001 -17"><span class='ocrx_word' id='word_1_576' title='bbox 2197 3825 2582 3896; x_wconf 81' lang='grc' dir='ltr'>προηγούμενα</span> <span class='ocrx_word' id='word_1_577' title='bbox 2614 3825 3026 3894; x_wconf 83' lang='grc' dir='ltr'>ὑπεσημήνατο,</span> <span class='ocrx_word' id='word_1_578' title='bbox 3064 3824 3222 3876; x_wconf 77' lang='grc' dir='ltr'>ἅτινά</span> <span class='ocrx_word' id='word_1_579' title='bbox 3262 3825 3379 3874; x_wconf 88' lang='grc' dir='ltr'>ἐστι</span> <span class='ocrx_word' id='word_1_580' title='bbox 3407 3822 3533 3875; x_wconf 87' lang='grc' dir='ltr'>τάδε</span> <span class='ocrx_word' id='word_1_581' title='bbox 3561 3839 3575 3851; x_wconf 92' lang='grc'><strong>·</strong></span> <span class='ocrx_word' id='word_1_582' title='bbox 3616 3824 3782 3877; x_wconf 77' lang='grc' dir='ltr'>Ἀνά-</span> 
     </span>
    </p>
   </div>
   <div class='ocr_carea' id='block_1_82' title="bbox 2199 3912 3782 3985">
    <p class='ocr_par' dir='ltr' id='par_1_82' title="bbox 2199 3912 3782 3985">
     <span class='ocr_line' id='line_1_82' title="bbox 2199 3912 3782 3985; baseline -0.003 -18"><span class='ocrx_word' id='word_1_583' title='bbox 2199 3916 2361 3985; x_wconf 86' lang='grc' dir='ltr'>στητέ</span> <span class='ocrx_word' id='word_1_584' title='bbox 2396 3932 2483 3984; x_wconf 90' lang='grc' dir='ltr'><strong>μοι</strong></span> <span class='ocrx_word' id='word_1_585' title='bbox 2507 3914 2621 3976; x_wconf 88' lang='grc' dir='ltr'>νῦν,</span> <span class='ocrx_word' id='word_1_586' title='bbox 2653 3914 2896 3984; x_wconf 82' lang='grc' dir='ltr'>λαμπροὶ</span> <span class='ocrx_word' id='word_1_587' title='bbox 2925 3912 3032 3965; x_wconf 87' lang='grc' dir='ltr'><strong>τῶν</strong></span> <span class='ocrx_word' id='word_1_588' title='bbox 3071 3912 3379 3982; x_wconf 85' lang='grc' dir='ltr'>ἀθλητικῶν</span> <span class='ocrx_word' id='word_1_589' title='bbox 3409 3912 3782 3982; x_wconf 83' lang='grc' dir='ltr'>κατορθωμά-</span> 
     </span>
    </p>
   </div>
   <div class='ocr_carea' id='block_1_83' title="bbox 2197 4002 3782 4074">
    <p class='ocr_par' dir='ltr' id='par_1_83' title="bbox 2197 4002 3782 4074">
     <span class='ocr_line' id='line_1_83' title="bbox 2197 4002 3782 4074; baseline -0.003 -15"><span class='ocrx_word' id='word_1_590' title='bbox 2197 4025 2304 4060; x_wconf 86' lang='grc' dir='ltr'>των</span> <span class='ocrx_word' id='word_1_591' title='bbox 2361 4004 2665 4074; x_wconf 75' lang='grc' dir='ltr'>ζωγράφοι,</span> <span class='ocrx_word' id='word_1_592' title='bbox 2697 4005 2800 4074; x_wconf 83' lang='grc' dir='ltr'>τὴν</span> <span class='ocrx_word' id='word_1_593' title='bbox 2849 4003 2945 4056; x_wconf 89' lang='grc' dir='ltr'><strong>τοῦ</strong></span> <span class='ocrx_word' id='word_1_594' title='bbox 2999 4002 3308 4074; x_wconf 88' lang='grc' dir='ltr'>στρατηγοῦ</span> <span class='ocrx_word' id='word_1_595' title='bbox 3371 4002 3782 4055; x_wconf 80' lang='grc' dir='ltr'>κολοϐωθείσαν</span> 
     </span>
    </p>
   </div>
   <div class='ocr_carea' id='block_1_84' title="bbox 2199 4094 3780 4168">
    <p class='ocr_par' dir='ltr' id='par_1_84' title="bbox 2199 4094 3780 4168">
     <span class='ocr_line' id='line_1_84' title="bbox 2199 4094 3780 4168; baseline -0.004 -16"><span class='ocrx_word' id='word_1_596' title='bbox 2199 4099 2387 4152; x_wconf 85' lang='grc' dir='ltr'>είκόνα</span> <span class='ocrx_word' id='word_1_597' title='bbox 2417 4101 2533 4161; x_wconf 86' lang='grc' dir='ltr'>ταῖς</span> <span class='ocrx_word' id='word_1_598' title='bbox 2579 4099 2879 4168; x_wconf 82' lang='grc' dir='ltr'>ὑμετέραις</span> <span class='ocrx_word' id='word_1_599' title='bbox 2925 4096 3262 4167; x_wconf 86' lang='grc' dir='ltr'>μεγαλὺνατε</span> <span class='ocrx_word' id='word_1_600' title='bbox 3295 4094 3512 4164; x_wconf 86' lang='grc' dir='ltr'>τέχναις</span> <span class='ocrx_word' id='word_1_601' title='bbox 3539 4111 3553 4124; x_wconf 84' lang='lat'><strong><em>°</em></strong></span> <span class='ocrx_word' id='word_1_602' title='bbox 3586 4095 3780 4162; x_wconf 81' lang='grc' dir='ltr'>ἀμαυ-</span> 
     </span>
    </p>
   </div>
   <div class='ocr_carea' id='block_1_85' title="bbox 2202 4186 3782 4260">
    <p class='ocr_par' dir='ltr' id='par_1_85' title="bbox 2202 4186 3782 4260">
     <span class='ocr_line' id='line_1_85' title="bbox 2202 4186 3782 4260; baseline -0.001 -19"><span class='ocrx_word' id='word_1_603' title='bbox 2202 4189 2421 4259; x_wconf 82' lang='grc' dir='ltr'>ρότερον</span> <span class='ocrx_word' id='word_1_604' title='bbox 2478 4190 2608 4259; x_wconf 86' lang='grc' dir='ltr'>παρ’</span> <span class='ocrx_word' id='word_1_605' title='bbox 2633 4189 2770 4260; x_wconf 83' lang='grc' dir='ltr'>ἐμοῦ</span> <span class='ocrx_word' id='word_1_606' title='bbox 2813 4188 2906 4241; x_wconf 84' lang='grc' dir='ltr'>τὸν</span> <span class='ocrx_word' id='word_1_607' title='bbox 2954 4186 3277 4256; x_wconf 86' lang='grc' dir='ltr'>στεφανίτην</span> <span class='ocrx_word' id='word_1_608' title='bbox 3323 4186 3624 4256; x_wconf 84' lang='grc' dir='ltr'>γραφέντα,</span> <span class='ocrx_word' id='word_1_609' title='bbox 3657 4190 3782 4250; x_wconf 80' lang='grc' dir='ltr'>τοῖς</span> 
     </span>
    </p>
   </div>
   <div class='ocr_carea' id='block_1_86' title="bbox 522 4270 2095 4365">
    <p class='ocr_par' dir='ltr' id='par_1_86' title="bbox 522 4289 2094 4365">
     <span class='ocr_line' id='line_1_86' title="bbox 522 4289 2094 4365; baseline 0.004 -22"><span class='ocrx_word' id='word_1_610' title='bbox 522 4305 644 4343; x_wconf 88' lang='lat' dir='ltr'><strong>rum</strong></span> <span class='ocrx_word' id='word_1_611' title='bbox 684 4289 983 4359; x_wconf 87' lang='lat' dir='ltr'><strong>martyrisa</strong></span> <span class='ocrx_word' id='word_1_612' title='bbox 1023 4289 1174 4344; x_wconf 87' lang='lat' dir='ltr'><strong>vobis</strong></span> <span class='ocrx_word' id='word_1_613' title='bbox 1203 4291 1379 4359; x_wconf 91' lang='lat' dir='ltr'><strong>posita</strong></span> <span class='ocrx_word' id='word_1_614' title='bbox 1405 4291 1640 4362; x_wconf 88' lang='lat' dir='ltr'><strong>imagine</strong></span> <span class='ocrx_word' id='word_1_615' title='bbox 1672 4294 1848 4349; x_wconf 88' lang='lat' dir='ltr'><strong>victus</strong></span> <span class='ocrx_word' id='word_1_616' title='bbox 1885 4313 1899 4348; x_wconf 89' lang='lat'><strong>:</strong></span> <span class='ocrx_word' id='word_1_617' title='bbox 1956 4311 2094 4365; x_wconf 84' lang='lat' dir='ltr'><strong>gau-</strong></span> 
     </span>
    </p>
   </div>
   <div class='ocr_carea' id='block_1_87' title="bbox 2202 4270 3779 4365">
    <p class='ocr_par' dir='ltr' id='par_1_87' title="bbox 2202 4274 3779 4350">
     <span class='ocr_line' id='line_1_87' title="bbox 2202 4274 3779 4350; baseline 0.001 -19"><span class='ocrx_word' id='word_1_618' title='bbox 2202 4283 2293 4349; x_wconf 78' lang='grc' dir='ltr'>τῆς</span> <span class='ocrx_word' id='word_1_619' title='bbox 2385 4279 2655 4350; x_wconf 82' lang='grc' dir='ltr'>ὑμετέρας</span> <span class='ocrx_word' id='word_1_620' title='bbox 2727 4280 2916 4347; x_wconf 81' lang='grc' dir='ltr'>σοφίας</span> <span class='ocrx_word' id='word_1_621' title='bbox 3005 4277 3387 4348; x_wconf 78' lang='grc' dir='ltr'>περιλάμψατε</span> <span class='ocrx_word' id='word_1_622' title='bbox 3455 4274 3779 4345; x_wconf 85' lang='grc' dir='ltr'>χρώμασιν.</span> 
     </span>
    </p>
   </div>
   <div class='ocr_carea' id='block_1_88' title="bbox 524 4382 2095 4451">
    <p class='ocr_par' dir='ltr' id='par_1_88' title="bbox 524 4382 2095 4451">
     <span class='ocr_line' id='line_1_88' title="bbox 524 4382 2095 4451; baseline 0.004 -15"><span class='ocrx_word' id='word_1_623' title='bbox 524 4383 679 4436; x_wconf 84' lang='lat' dir='ltr'><strong>deam</strong></span> <span class='ocrx_word' id='word_1_624' title='bbox 715 4382 805 4435; x_wconf 92' lang='lat' dir='ltr'><strong>tali</strong></span> <span class='ocrx_word' id='word_1_625' title='bbox 859 4382 1016 4436; x_wconf 89' lang='lat' dir='ltr'><strong>hodie</strong></span> <span class='ocrx_word' id='word_1_626' title='bbox 1068 4397 1161 4451; x_wconf 89' lang='lat' dir='ltr'><strong>per</strong></span> <span class='ocrx_word' id='word_1_627' title='bbox 1202 4392 1434 4436; x_wconf 81' lang='lat' dir='ltr'><strong>vestram</strong></span> <span class='ocrx_word' id='word_1_628' title='bbox 1466 4385 1840 4441; x_wconf 85' lang='lat' dir='ltr'><strong>dexteritatem</strong></span> <span class='ocrx_word' id='word_1_629' title='bbox 1868 4387 2095 4442; x_wconf 89' lang='lat' dir='ltr'><strong>victoria</strong></span> 
     </span>
    </p>
   </div>
   <div class='ocr_carea' id='block_1_89' title="bbox 525 4471 2098 4548">
    <p class='ocr_par' dir='ltr' id='par_1_89' title="bbox 525 4471 2098 4548">
     <span class='ocr_line' id='line_1_89' title="bbox 525 4471 2098 4548; baseline 0.004 -21"><span class='ocrx_word' id='word_1_630' title='bbox 525 4482 832 4542; x_wconf 86' lang='lat' dir='ltr'><strong>superatus.</strong></span> <span class='ocrx_word' id='word_1_631' title='bbox 870 4471 1091 4527; x_wconf 86' lang='lat' dir='ltr'><strong>Videam</strong></span> <span class='ocrx_word' id='word_1_632' title='bbox 1137 4489 1330 4528; x_wconf 87' lang='lat' dir='ltr'><strong>manus</strong></span> <span class='ocrx_word' id='word_1_633' title='bbox 1356 4475 1517 4543; x_wconf 92' lang='lat' dir='ltr'><strong>hujus</strong></span> <span class='ocrx_word' id='word_1_634' title='bbox 1555 4476 1758 4531; x_wconf 87' lang='lat' dir='ltr'><strong>luctam</strong></span> <span class='ocrx_word' id='word_1_635' title='bbox 1809 4495 1934 4533; x_wconf 92' lang='lat' dir='ltr'><strong>cum</strong></span> <span class='ocrx_word' id='word_1_636' title='bbox 1974 4480 2098 4548; x_wconf 87' lang='lat' dir='ltr'><strong>igne</strong></span> 
     </span>
    </p>
   </div>
   <div class='ocr_carea' id='block_1_90' title="bbox 524 4565 2102 4643">
    <p class='ocr_par' dir='ltr' id='par_1_90' title="bbox 524 4565 2102 4643">
     <span class='ocr_line' id='line_1_90' title="bbox 524 4565 2102 4643; baseline 0.006 -25"><span class='ocrx_word' id='word_1_637' title='bbox 524 4566 766 4618; x_wconf 78' lang='lat' dir='ltr'><strong>exactius</strong></span> <span class='ocrx_word' id='word_1_638' title='bbox 802 4581 831 4618; x_wconf 90' lang='lat' dir='ltr'><strong>a</strong></span> <span class='ocrx_word' id='word_1_639' title='bbox 868 4565 1020 4618; x_wconf 83' lang='lat' dir='ltr'><strong>vobis</strong></span> <span class='ocrx_word' id='word_1_640' title='bbox 1050 4566 1341 4633; x_wconf 83' lang='lat' dir='ltr'><strong>depictam.</strong></span> <span class='ocrx_word' id='word_1_641' title='bbox 1381 4566 1600 4621; x_wconf 89' lang='lat' dir='ltr'><strong>Videam</strong></span> <span class='ocrx_word' id='word_1_642' title='bbox 1648 4571 1964 4626; x_wconf 85' lang='lat' dir='ltr'><strong>alacriorem</strong></span> <span class='ocrx_word' id='word_1_643' title='bbox 2002 4590 2102 4643; x_wconf 91' lang='lat' dir='ltr'><strong>pu-</strong></span> 
     </span>
    </p>
   </div>
   <div class='ocr_carea' id='block_1_91' title="bbox 526 4657 2099 4730">
    <p class='ocr_par' dir='ltr' id='par_1_91' title="bbox 526 4657 2099 4730">
     <span class='ocr_line' id='line_1_91' title="bbox 526 4657 2099 4730; baseline 0.008 -24"><span class='ocrx_word' id='word_1_644' title='bbox 526 4657 684 4724; x_wconf 86' lang='lat' dir='ltr'><strong>gilem</strong></span> <span class='ocrx_word' id='word_1_645' title='bbox 742 4671 836 4724; x_wconf 90' lang='lat' dir='ltr'><strong>per</strong></span> <span class='ocrx_word' id='word_1_646' title='bbox 884 4666 1121 4709; x_wconf 90' lang='lat' dir='ltr'><strong>vestram</strong></span> <span class='ocrx_word' id='word_1_647' title='bbox 1191 4657 1464 4725; x_wconf 88' lang='lat' dir='ltr'><strong>depictum</strong></span> <span class='ocrx_word' id='word_1_648' title='bbox 1512 4659 1832 4730; x_wconf 85' lang='lat' dir='ltr'><strong>imaginem.</strong></span> <span class='ocrx_word' id='word_1_649' title='bbox 1880 4665 2099 4718; x_wconf 71' lang='lat' dir='ltr'><strong>l’lorent</strong></span> 
     </span>
    </p>
   </div>
   <div class='ocr_carea' id='block_1_92' title="bbox 527 4745 2097 4819">
    <p class='ocr_par' dir='ltr' id='par_1_92' title="bbox 527 4745 2097 4819">
     <span class='ocr_line' id='line_1_92' title="bbox 527 4745 2097 4819; baseline 0.008 -25"><span class='ocrx_word' id='word_1_650' title='bbox 527 4745 800 4800; x_wconf 68' lang='lat' dir='ltr'><strong>daemones</strong></span> <span class='ocrx_word' id='word_1_651' title='bbox 851 4747 1037 4810; x_wconf 84' lang='lat' dir='ltr'><strong>etiam,</strong></span> <span class='ocrx_word' id='word_1_652' title='bbox 1093 4748 1346 4816; x_wconf 89' lang='lat' dir='ltr'><strong>martyris</strong></span> <span class='ocrx_word' id='word_1_653' title='bbox 1409 4748 1464 4801; x_wconf 91' lang='lat' dir='ltr'><strong>in</strong></span> <span class='ocrx_word' id='word_1_654' title='bbox 1521 4750 1679 4804; x_wconf 91' lang='lat' dir='ltr'><strong>nobis</strong></span> <span class='ocrx_word' id='word_1_655' title='bbox 1742 4753 1974 4819; x_wconf 89' lang='lat' dir='ltr'><strong>perculsi</strong></span> <span class='ocrx_word' id='word_1_656' title='bbox 2018 4754 2097 4806; x_wconf 91' lang='lat' dir='ltr'><strong>vi-</strong></span> 
     </span>
    </p>
   </div>
   <div class='ocr_carea' id='block_1_93' title="bbox 529 4837 2096 4900">
    <p class='ocr_par' dir='ltr' id='par_1_93' title="bbox 529 4837 2096 4900">
     <span class='ocr_line' id='line_1_93' title="bbox 529 4837 2096 4900; baseline 0.006 -10"><span class='ocrx_word' id='word_1_657' title='bbox 529 4839 764 4892; x_wconf 80' lang='lat' dir='ltr'><strong>ctoriis:</strong></span> <span class='ocrx_word' id='word_1_658' title='bbox 829 4837 1028 4891; x_wconf 90' lang='lat' dir='ltr'><strong>ardens</strong></span> <span class='ocrx_word' id='word_1_659' title='bbox 1083 4837 1280 4892; x_wconf 85' lang='lat' dir='ltr'><strong>iterum</strong></span> <span class='ocrx_word' id='word_1_660' title='bbox 1350 4839 1456 4893; x_wconf 91' lang='lat' dir='ltr'><strong>illis</strong></span> <span class='ocrx_word' id='word_1_661' title='bbox 1512 4855 1576 4894; x_wconf 90' lang='lat' dir='ltr'><strong>ac</strong></span> <span class='ocrx_word' id='word_1_662' title='bbox 1641 4841 1830 4895; x_wconf 82' lang='lat' dir='ltr'><strong>victrix</strong></span> <span class='ocrx_word' id='word_1_663' title='bbox 1904 4857 2096 4900; x_wconf 79' lang='lat' dir='ltr'><strong>manus</strong></span> 
     </span>
    </p>
   </div>
   <div class='ocr_carea' id='block_1_94' title="bbox 528 4936 912 4982">
    <p class='ocr_par' dir='ltr' id='par_1_94' title="bbox 528 4936 912 4982">
     <span class='ocr_line' id='line_1_94' title="bbox 528 4936 912 4982; baseline -0.01 0"><span class='ocrx_word' id='word_1_664' title='bbox 528 4936 851 4982; x_wconf 87' lang='lat' dir='ltr'><strong>ostentetur.</strong></span> <span class='ocrx_word' id='word_1_665' title='bbox 893 4946 912 4978; x_wconf 79' lang='lat'><strong>)</strong></span> 
     </span>
    </p>
   </div>
   <div class='ocr_carea' id='block_1_95' title="bbox 602 5185 2099 5262">
    <p class='ocr_par' dir='ltr' id='par_1_95' title="bbox 602 5185 2099 5262">
     <span class='ocr_line' id='line_1_95' title="bbox 602 5185 2099 5262; baseline 0.007 -25"><span class='ocrx_word' id='word_1_666' title='bbox 602 5185 723 5241; x_wconf 66' lang='grc' dir='ltr'><strong>Ηωο</strong></span> <span class='ocrx_word' id='word_1_667' title='bbox 753 5189 840 5242; x_wconf 90' lang='lat' dir='ltr'><strong>ille</strong></span> <span class='ocrx_word' id='word_1_668' title='bbox 868 5188 1282 5260; x_wconf 77' lang='lat' dir='ltr'><strong>haudquaquam</strong></span> <span class='ocrx_word' id='word_1_669' title='bbox 1313 5198 1362 5243; x_wconf 86' lang='lat' dir='ltr'><strong>in</strong></span> <span class='ocrx_word' id='word_1_670' title='bbox 1389 5192 1544 5246; x_wconf 89' lang='lat' dir='ltr'><strong>nobis</strong></span> <span class='ocrx_word' id='word_1_671' title='bbox 1591 5193 1731 5262; x_wconf 86' lang='lat' dir='ltr'><strong>pingi</strong></span> <span class='ocrx_word' id='word_1_672' title='bbox 1761 5195 1996 5248; x_wconf 87' lang='lat' dir='ltr'><strong>diceret:</strong></span> <span class='ocrx_word' id='word_1_673' title='bbox 2026 5205 2099 5260; x_wconf 84' lang='lat' dir='ltr'><strong>et,</strong></span> 
     </span>
    </p>
   </div>
   <div class='ocr_carea' id='block_1_96' title="bbox 532 5279 2096 5352">
    <p class='ocr_par' dir='ltr' id='par_1_96' title="bbox 532 5279 2096 5352">
     <span class='ocr_line' id='line_1_96' title="bbox 532 5279 2096 5352; baseline 0.007 -22"><span class='ocrx_word' id='word_1_674' title='bbox 532 5280 575 5331; x_wconf 90' lang='lat' dir='ltr'><strong>si</strong></span> <span class='ocrx_word' id='word_1_675' title='bbox 607 5279 707 5332; x_wconf 90' lang='lat' dir='ltr'><strong>hoc</strong></span> <span class='ocrx_word' id='word_1_676' title='bbox 742 5281 903 5333; x_wconf 85' lang='lat' dir='ltr'><strong>etiam</strong></span> <span class='ocrx_word' id='word_1_677' title='bbox 930 5282 1169 5345; x_wconf 86' lang='lat' dir='ltr'><strong>daretur,</strong></span> <span class='ocrx_word' id='word_1_678' title='bbox 1204 5300 1308 5336; x_wconf 89' lang='lat' dir='ltr'><strong>non</strong></span> <span class='ocrx_word' id='word_1_679' title='bbox 1359 5285 1508 5352; x_wconf 90' lang='lat' dir='ltr'><strong>prius</strong></span> <span class='ocrx_word' id='word_1_680' title='bbox 1542 5301 1780 5345; x_wconf 84' lang='lat' dir='ltr'><strong>servum,</strong></span> <span class='ocrx_word' id='word_1_681' title='bbox 1814 5301 1876 5339; x_wconf 86' lang='lat' dir='ltr'><strong>ac</strong></span> <span class='ocrx_word' id='word_1_682' title='bbox 1905 5289 2096 5341; x_wconf 79' lang='lat' dir='ltr'><strong>deinde</strong></span> 
     </span>
    </p>
   </div>
   <div class='ocr_carea' id='block_1_97' title="bbox 532 5371 2092 5442">
    <p class='ocr_par' dir='ltr' id='par_1_97' title="bbox 532 5371 2092 5442">
     <span class='ocr_line' id='line_1_97' title="bbox 532 5371 2092 5442; baseline 0.009 -24"><span class='ocrx_word' id='word_1_683' title='bbox 532 5371 814 5422; x_wconf 82' lang='lat' dir='ltr'><strong>dominum</strong></span> <span class='ocrx_word' id='word_1_684' title='bbox 862 5374 1006 5441; x_wconf 82' lang='lat' dir='ltr'><strong>pingi</strong></span> <span class='ocrx_word' id='word_1_685' title='bbox 1061 5375 1294 5442; x_wconf 84' lang='lat' dir='ltr'><strong>juheret.</strong></span> <span class='ocrx_word' id='word_1_686' title='bbox 1355 5373 1459 5428; x_wconf 88' lang='lat' dir='ltr'><strong>Sed</strong></span> <span class='ocrx_word' id='word_1_687' title='bbox 1516 5385 1568 5428; x_wconf 78' lang='lat' dir='ltr'><strong>ct</strong></span> <span class='ocrx_word' id='word_1_688' title='bbox 1619 5377 1774 5429; x_wconf 89' lang='lat' dir='ltr'><strong>initio</strong></span> <span class='ocrx_word' id='word_1_689' title='bbox 1802 5393 1925 5430; x_wconf 80' lang='lat' dir='ltr'><strong>cum</strong></span> <span class='ocrx_word' id='word_1_690' title='bbox 1970 5381 2092 5432; x_wconf 89' lang='lat' dir='ltr'><strong>ait:</strong></span> 
     </span>
    </p>
   </div>
   <div class='ocr_carea' id='block_1_98' title="bbox 535 5458 2095 5534">
    <p class='ocr_par' dir='ltr' id='par_1_98' title="bbox 535 5458 2095 5534">
     <span class='ocr_line' id='line_1_98' title="bbox 535 5458 2095 5534; baseline 0.008 -24"><span class='ocrx_word' id='word_1_691' title='bbox 535 5458 815 5528; x_wconf 78' lang='lat' dir='ltr'><strong>Exsurgite</strong></span> <span class='ocrx_word' id='word_1_692' title='bbox 862 5479 1026 5527; x_wconf 91' lang='lat' dir='ltr'><strong>nunc,</strong></span> <span class='ocrx_word' id='word_1_693' title='bbox 1062 5480 1093 5517; x_wconf 94' lang='grc' dir='ltr'><strong>ο</strong></span> <span class='ocrx_word' id='word_1_694' title='bbox 1127 5469 1371 5534; x_wconf 75' lang='lat' dir='ltr'><strong>pra-clari</strong></span> <span class='ocrx_word' id='word_1_695' title='bbox 1423 5467 1800 5521; x_wconf 85' lang='lat' dir='ltr'><strong>athleticorum</strong></span> <span class='ocrx_word' id='word_1_696' title='bbox 1843 5470 2095 5522; x_wconf 87' lang='lat' dir='ltr'><strong>certami-</strong></span> 
     </span>
    </p>
   </div>
   <div class='ocr_carea' id='block_1_99' title="bbox 536 5552 2089 5625">
    <p class='ocr_par' dir='ltr' id='par_1_99' title="bbox 536 5552 2089 5625">
     <span class='ocr_line' id='line_1_99' title="bbox 536 5552 2089 5625; baseline 0.006 -23"><span class='ocrx_word' id='word_1_697' title='bbox 536 5562 663 5603; x_wconf 87' lang='lat' dir='ltr'><strong>num</strong></span> <span class='ocrx_word' id='word_1_698' title='bbox 701 5552 932 5620; x_wconf 89' lang='lat' dir='ltr'><strong>pictores</strong></span> <span class='ocrx_word' id='word_1_699' title='bbox 963 5571 976 5607; x_wconf 94' lang='lat'><strong>:</strong></span> <span class='ocrx_word' id='word_1_700' title='bbox 1005 5555 1298 5622; x_wconf 83' lang='lat' dir='ltr'><strong>imaginum</strong></span> <span class='ocrx_word' id='word_1_701' title='bbox 1327 5558 1512 5625; x_wconf 90' lang='lat' dir='ltr'><strong>procul</strong></span> <span class='ocrx_word' id='word_1_702' title='bbox 1534 5558 1718 5621; x_wconf 90' lang='lat' dir='ltr'><strong>dubio,</strong></span> <span class='ocrx_word' id='word_1_703' title='bbox 1752 5567 1806 5610; x_wconf 90' lang='lat' dir='ltr'><strong>et</strong></span> <span class='ocrx_word' id='word_1_704' title='bbox 1838 5573 1939 5611; x_wconf 88' lang='lat' dir='ltr'><strong>non</strong></span> <span class='ocrx_word' id='word_1_705' title='bbox 1964 5573 2089 5611; x_wconf 85' lang='lat' dir='ltr'><strong>ora-</strong></span> 
     </span>
    </p>
   </div>
   <div class='ocr_carea' id='block_1_100' title="bbox 608 5727 2094 5802">
    <p class='ocr_par' dir='ltr' id='par_1_100' title="bbox 608 5727 2094 5802">
     <span class='ocr_line' id='line_1_100' title="bbox 608 5727 2094 5802; baseline 0.002 -22"><span class='ocrx_word' id='word_1_706' title='bbox 608 5728 651 5759; x_wconf 67' lang='lat'><strong>“</strong></span> <span class='ocrx_word' id='word_1_707' title='bbox 689 5727 840 5780; x_wconf 81' lang='lat' dir='ltr'><strong>Tom.</strong></span> <span class='ocrx_word' id='word_1_708' title='bbox 874 5729 912 5784; x_wconf 82' lang='grc'>1,</span> <span class='ocrx_word' id='word_1_709' title='bbox 950 5730 1092 5782; x_wconf 87' lang='lat' dir='ltr'><strong>hom.</strong></span> <span class='ocrx_word' id='word_1_710' title='bbox 1145 5729 1226 5795; x_wconf 82' lang='lat'><strong>18,</strong></span> <span class='ocrx_word' id='word_1_711' title='bbox 1263 5746 1380 5800; x_wconf 74' lang='lat' dir='ltr'><strong>pag.</strong></span> <span class='ocrx_word' id='word_1_712' title='bbox 1413 5731 1534 5785; x_wconf 79' lang='lat'><strong>515.</strong></span> <span class='ocrx_word' id='word_1_713' title='bbox 1601 5734 1643 5764; x_wconf 77' lang='lat'><strong>“</strong></span> <span class='ocrx_word' id='word_1_714' title='bbox 1679 5732 1873 5802; x_wconf 81' lang='lat' dir='ltr'><strong>Ephcs.</strong></span> <span class='ocrx_word' id='word_1_715' title='bbox 1906 5749 1983 5797; x_wconf 85' lang='grc' dir='ltr'>ιιι,</span> <span class='ocrx_word' id='word_1_716' title='bbox 2015 5735 2094 5786; x_wconf 83' lang='lat' dir='ltr'><strong>l7.</strong></span> 
     </span>
    </p>
   </div>
   <div class='ocr_carea' id='block_1_101' title="bbox 2213 4369 3783 4441">
    <p class='ocr_par' dir='ltr' id='par_1_101' title="bbox 2213 4369 3783 4441">
     <span class='ocr_line' id='line_1_101' title="bbox 2213 4369 3783 4441; baseline -0.001 -18"><span class='ocrx_word' id='word_1_717' title='bbox 2213 4372 2457 4424; x_wconf 81' lang='grc' dir='ltr'>Ἀπέλθω</span> <span class='ocrx_word' id='word_1_718' title='bbox 2481 4375 2547 4441; x_wconf 84' lang='grc' dir='ltr'>τῇ</span> <span class='ocrx_word' id='word_1_719' title='bbox 2577 4372 2685 4422; x_wconf 86' lang='grc' dir='ltr'><strong>τῶν</strong></span> <span class='ocrx_word' id='word_1_720' title='bbox 2726 4371 3155 4440; x_wconf 85' lang='grc' dir='ltr'>ἀριστευμάτων</span> <span class='ocrx_word' id='word_1_721' title='bbox 3186 4369 3280 4422; x_wconf 87' lang='grc' dir='ltr'><strong>τοῦ</strong></span> <span class='ocrx_word' id='word_1_722' title='bbox 3317 4369 3596 4439; x_wconf 90' lang='grc' dir='ltr'>μάρτυρος</span> <span class='ocrx_word' id='word_1_723' title='bbox 3635 4372 3783 4436; x_wconf 76' lang='grc' dir='ltr'>παρ’</span> 
     </span>
    </p>
   </div>
   <div class='ocr_carea' id='block_1_102' title="bbox 2204 4460 3784 4533">
    <p class='ocr_par' dir='ltr' id='par_1_102' title="bbox 2204 4460 3784 4533">
     <span class='ocr_line' id='line_1_102' title="bbox 2204 4460 3784 4533; baseline 0 -18"><span class='ocrx_word' id='word_1_724' title='bbox 2204 4462 2356 4532; x_wconf 82' lang='grc' dir='ltr'>ὑμῶν</span> <span class='ocrx_word' id='word_1_725' title='bbox 2400 4462 2750 4530; x_wconf 88' lang='grc' dir='ltr'>νενικημένος</span> <span class='ocrx_word' id='word_1_726' title='bbox 2803 4464 3010 4531; x_wconf 80' lang='grc' dir='ltr'>γραφῇ.</span> <span class='ocrx_word' id='word_1_727' title='bbox 3040 4463 3230 4528; x_wconf 86' lang='grc' dir='ltr'>Χαίρω</span> <span class='ocrx_word' id='word_1_728' title='bbox 3277 4464 3344 4532; x_wconf 83' lang='grc' dir='ltr'>τῇ</span> <span class='ocrx_word' id='word_1_729' title='bbox 3394 4460 3620 4533; x_wconf 82' lang='grc' dir='ltr'>τοιαύτῃ</span> <span class='ocrx_word' id='word_1_730' title='bbox 3672 4463 3784 4532; x_wconf 80' lang='grc' dir='ltr'>τῆς</span> 
     </span>
    </p>
   </div>
   <div class='ocr_carea' id='block_1_103' title="bbox 2207 4552 3786 4624">
    <p class='ocr_par' dir='ltr' id='par_1_103' title="bbox 2207 4552 3786 4624">
     <span class='ocr_line' id='line_1_103' title="bbox 2207 4552 3786 4624; baseline -0.001 -18"><span class='ocrx_word' id='word_1_731' title='bbox 2207 4555 2477 4624; x_wconf 85' lang='grc' dir='ltr'>ὑμετέρας</span> <span class='ocrx_word' id='word_1_732' title='bbox 2513 4555 2693 4622; x_wconf 78' lang='grc' dir='ltr'>ἰσχύος</span> <span class='ocrx_word' id='word_1_733' title='bbox 2733 4555 2970 4623; x_wconf 81' lang='grc' dir='ltr'>σήμερον</span> <span class='ocrx_word' id='word_1_734' title='bbox 2991 4555 3115 4624; x_wconf 73' lang='grc' dir='ltr'>νίκῃ</span> <span class='ocrx_word' id='word_1_735' title='bbox 3146 4553 3478 4622; x_wconf 81' lang='grc' dir='ltr'>ἡττώμενος.</span> <span class='ocrx_word' id='word_1_736' title='bbox 3511 4552 3633 4604; x_wconf 83' lang='grc' dir='ltr'>Ἷδω</span> <span class='ocrx_word' id='word_1_737' title='bbox 3671 4555 3786 4621; x_wconf 81' lang='grc' dir='ltr'>τῆς</span> 
     </span>
    </p>
   </div>
   <div class='ocr_carea' id='block_1_104' title="bbox 2203 4640 3782 4714">
    <p class='ocr_par' dir='ltr' id='par_1_104' title="bbox 2203 4640 3782 4714">
     <span class='ocr_line' id='line_1_104' title="bbox 2203 4640 3782 4714; baseline -0.003 -18"><span class='ocrx_word' id='word_1_738' title='bbox 2203 4644 2385 4714; x_wconf 86' lang='grc' dir='ltr'>χειρὸς</span> <span class='ocrx_word' id='word_1_739' title='bbox 2408 4645 2543 4713; x_wconf 76' lang='grc' dir='ltr'>πρὸς</span> <span class='ocrx_word' id='word_1_740' title='bbox 2570 4643 2630 4695; x_wconf 88' lang='grc' dir='ltr'>τὸ</span> <span class='ocrx_word' id='word_1_741' title='bbox 2656 4643 2765 4712; x_wconf 88' lang='grc' dir='ltr'><strong>πῦρ</strong></span> <span class='ocrx_word' id='word_1_742' title='bbox 2789 4643 3175 4712; x_wconf 87' lang='grc' dir='ltr'>ἀκριϐέστερον</span> <span class='ocrx_word' id='word_1_743' title='bbox 3204 4641 3335 4709; x_wconf 84' lang='grc' dir='ltr'>παρ’</span> <span class='ocrx_word' id='word_1_744' title='bbox 3363 4640 3518 4709; x_wconf 90' lang='grc' dir='ltr'>ὑμῶν</span> <span class='ocrx_word' id='word_1_745' title='bbox 3560 4641 3782 4710; x_wconf 83' lang='grc' dir='ltr'>ἐγγρα-</span> 
     </span>
    </p>
   </div>
   <div class='ocr_carea' id='block_1_105' title="bbox 2204 4731 3774 4806">
    <p class='ocr_par' dir='ltr' id='par_1_105' title="bbox 2204 4731 3774 4806">
     <span class='ocr_line' id='line_1_105' title="bbox 2204 4731 3774 4806; baseline -0.003 -18"><span class='ocrx_word' id='word_1_746' title='bbox 2204 4735 2442 4806; x_wconf 87' lang='grc' dir='ltr'>φομένην</span> <span class='ocrx_word' id='word_1_747' title='bbox 2479 4737 2577 4806; x_wconf 78' lang='grc' dir='ltr'><strong>τὴν</strong></span> <span class='ocrx_word' id='word_1_748' title='bbox 2605 4735 2802 4805; x_wconf 76' lang='grc' dir='ltr'>πάλην.</span> <span class='ocrx_word' id='word_1_749' title='bbox 2840 4735 2962 4787; x_wconf 84' lang='grc' dir='ltr'>Ἴδω</span> <span class='ocrx_word' id='word_1_750' title='bbox 2986 4732 3338 4803; x_wconf 87' lang='grc' dir='ltr'>φαιδρότερον</span> <span class='ocrx_word' id='word_1_751' title='bbox 3373 4733 3464 4784; x_wconf 82' lang='grc' dir='ltr'>ἐπὶ</span> <span class='ocrx_word' id='word_1_752' title='bbox 3492 4731 3593 4800; x_wconf 82' lang='grc' dir='ltr'>τῆς</span> <span class='ocrx_word' id='word_1_753' title='bbox 3632 4732 3774 4800; x_wconf 82' lang='grc' dir='ltr'>ὑμε-</span> 
     </span>
    </p>
   </div>
   <div class='ocr_carea' id='block_1_106' title="bbox 2203 4823 3787 4897">
    <p class='ocr_par' dir='ltr' id='par_1_106' title="bbox 2203 4823 3787 4897">
     <span class='ocr_line' id='line_1_106' title="bbox 2203 4823 3787 4897; baseline -0.003 -17"><span class='ocrx_word' id='word_1_754' title='bbox 2203 4830 2368 4897; x_wconf 85' lang='grc' dir='ltr'>τέρας</span> <span class='ocrx_word' id='word_1_755' title='bbox 2390 4827 2480 4879; x_wconf 80' lang='grc' dir='ltr'>τὸν</span> <span class='ocrx_word' id='word_1_756' title='bbox 2508 4827 2810 4897; x_wconf 79' lang='grc' dir='ltr'>παλαιστὴν</span> <span class='ocrx_word' id='word_1_757' title='bbox 2849 4823 3231 4894; x_wconf 84' lang='grc' dir='ltr'>γεγραμμένον</span> <span class='ocrx_word' id='word_1_758' title='bbox 3256 4823 3483 4884; x_wconf 82' lang='grc' dir='ltr'>είκόνος.</span> <span class='ocrx_word' id='word_1_759' title='bbox 3508 4823 3787 4876; x_wconf 84' lang='grc' dir='ltr'>Κλαυσά-</span> 
     </span>
    </p>
   </div>
   <div class='ocr_carea' id='block_1_107' title="bbox 2203 4917 3786 4989">
    <p class='ocr_par' dir='ltr' id='par_1_107' title="bbox 2203 4917 3786 4989">
     <span class='ocr_line' id='line_1_107' title="bbox 2203 4917 3786 4989; baseline -0.004 -17"><span class='ocrx_word' id='word_1_760' title='bbox 2203 4937 2380 4973; x_wconf 89' lang='grc' dir='ltr'>τωσαν</span> <span class='ocrx_word' id='word_1_761' title='bbox 2418 4919 2666 4989; x_wconf 86' lang='grc' dir='ltr'>δαίμονες</span> <span class='ocrx_word' id='word_1_762' title='bbox 2695 4923 2786 4972; x_wconf 74' lang='grc' dir='ltr'>καὶ</span> <span class='ocrx_word' id='word_1_763' title='bbox 2819 4918 2934 4982; x_wconf 88' lang='grc' dir='ltr'>νῦν,</span> <span class='ocrx_word' id='word_1_764' title='bbox 2961 4921 3080 4978; x_wconf 87' lang='grc' dir='ltr'>ταῖς</span> <span class='ocrx_word' id='word_1_765' title='bbox 3101 4917 3195 4969; x_wconf 90' lang='grc' dir='ltr'><strong>τοῦ</strong></span> <span class='ocrx_word' id='word_1_766' title='bbox 3233 4918 3508 4987; x_wconf 87' lang='grc' dir='ltr'>μάρτυρος</span> <span class='ocrx_word' id='word_1_767' title='bbox 3538 4918 3596 4967; x_wconf 93' lang='grc' dir='ltr'><strong>ἐν</strong></span> <span class='ocrx_word' id='word_1_768' title='bbox 3635 4917 3786 4984; x_wconf 78' lang='grc' dir='ltr'>ἡμῖν</span> 
     </span>
    </p>
   </div>
   <div class='ocr_carea' id='block_1_108' title="bbox 2201 5009 3782 5081">
    <p class='ocr_par' dir='ltr' id='par_1_108' title="bbox 2201 5009 3782 5081">
     <span class='ocr_line' id='line_1_108' title="bbox 2201 5009 3782 5081; baseline -0.003 -17"><span class='ocrx_word' id='word_1_769' title='bbox 2201 5011 2503 5081; x_wconf 79' lang='grc' dir='ltr'>ἀριστείαις</span> <span class='ocrx_word' id='word_1_770' title='bbox 2560 5011 2915 5080; x_wconf 80' lang='grc' dir='ltr'>πληττόμενοι</span> <span class='ocrx_word' id='word_1_771' title='bbox 2940 5026 2953 5040; x_wconf 90' lang='grc'><strong>·</strong></span> <span class='ocrx_word' id='word_1_772' title='bbox 2990 5009 3300 5079; x_wconf 85' lang='grc' dir='ltr'>φλεγομένη</span> <span class='ocrx_word' id='word_1_773' title='bbox 3336 5009 3497 5064; x_wconf 80' lang='grc' dir='ltr'>πάλιν</span> <span class='ocrx_word' id='word_1_774' title='bbox 3519 5010 3710 5072; x_wconf 87' lang='grc' dir='ltr'>αὑτοῖς</span> <span class='ocrx_word' id='word_1_775' title='bbox 3744 5012 3782 5080; x_wconf 81' lang='grc' dir='ltr'>ὴ</span> 
     </span>
    </p>
   </div>
   <div class='ocr_carea' id='block_1_109' title="bbox 2203 5101 3083 5172">
    <p class='ocr_par' dir='ltr' id='par_1_109' title="bbox 2203 5101 3083 5172">
     <span class='ocr_line' id='line_1_109' title="bbox 2203 5101 3083 5172; baseline -0.005 -19"><span class='ocrx_word' id='word_1_776' title='bbox 2203 5103 2324 5172; x_wconf 80' lang='grc' dir='ltr'>χεὶρ</span> <span class='ocrx_word' id='word_1_777' title='bbox 2353 5102 2449 5154; x_wconf 77' lang='grc' dir='ltr'>καὶ</span> <span class='ocrx_word' id='word_1_778' title='bbox 2479 5101 2686 5154; x_wconf 83' lang='grc' dir='ltr'>νικῶσα</span> <span class='ocrx_word' id='word_1_779' title='bbox 2706 5101 3027 5153; x_wconf 82' lang='grc' dir='ltr'>δεικνύσθω.</span> <span class='ocrx_word' id='word_1_780' title='bbox 3067 5119 3083 5149; x_wconf 75' lang='grc' dir='ltr'><strong>ι</strong></span> 
     </span>
    </p>
   </div>
   <div class='ocr_carea' id='block_1_110' title="bbox 2271 5189 3784 5261">
    <p class='ocr_par' dir='ltr' id='par_1_110' title="bbox 2271 5189 3784 5261">
     <span class='ocr_line' id='line_1_110' title="bbox 2271 5189 3784 5261; baseline -0.001 -17"><span class='ocrx_word' id='word_1_781' title='bbox 2271 5193 2456 5246; x_wconf 83' lang='grc' dir='ltr'>Ταῦτα</span> <span class='ocrx_word' id='word_1_782' title='bbox 2495 5194 2555 5245; x_wconf 87' lang='grc' dir='ltr'><strong>οὑ</strong></span> <span class='ocrx_word' id='word_1_783' title='bbox 2576 5193 2744 5261; x_wconf 87' lang='grc' dir='ltr'>δήπου</span> <span class='ocrx_word' id='word_1_784' title='bbox 2778 5189 3149 5260; x_wconf 85' lang='grc' dir='ltr'>ἐγγεγράφθαι</span> <span class='ocrx_word' id='word_1_785' title='bbox 3181 5189 3314 5260; x_wconf 89' lang='grc' dir='ltr'>φαίη</span> <span class='ocrx_word' id='word_1_786' title='bbox 3356 5192 3413 5243; x_wconf 93' lang='grc' dir='ltr'><strong>ἐν</strong></span> <span class='ocrx_word' id='word_1_787' title='bbox 3444 5191 3596 5260; x_wconf 79' lang='grc' dir='ltr'>ἡμῖν·</span> <span class='ocrx_word' id='word_1_788' title='bbox 3626 5189 3676 5240; x_wconf 77' lang='grc' dir='ltr'><strong>εί</strong></span> <span class='ocrx_word' id='word_1_789' title='bbox 3715 5191 3784 5245; x_wconf 82' lang='grc' dir='ltr'>δὲ</span> 
     </span>
    </p>
   </div>
   <div class='ocr_carea' id='block_1_111' title="bbox 2200 5277 3785 5353">
    <p class='ocr_par' dir='ltr' id='par_1_111' title="bbox 2200 5277 3785 5353">
     <span class='ocr_line' id='line_1_111' title="bbox 2200 5277 3785 5353; baseline -0.002 -17"><span class='ocrx_word' id='word_1_790' title='bbox 2200 5287 2294 5338; x_wconf 77' lang='grc' dir='ltr'>καὶ</span> <span class='ocrx_word' id='word_1_791' title='bbox 2323 5284 2478 5337; x_wconf 85' lang='grc' dir='ltr'>τοῦτο</span> <span class='ocrx_word' id='word_1_792' title='bbox 2524 5284 2725 5353; x_wconf 83' lang='grc' dir='ltr'>δοθείη,</span> <span class='ocrx_word' id='word_1_793' title='bbox 2766 5285 2865 5335; x_wconf 88' lang='grc' dir='ltr'><strong>οὑκ</strong></span> <span class='ocrx_word' id='word_1_794' title='bbox 2915 5282 2982 5335; x_wconf 84' lang='grc' dir='ltr'>ἂν</span> <span class='ocrx_word' id='word_1_795' title='bbox 3015 5282 3278 5352; x_wconf 87' lang='grc' dir='ltr'>πρότερον</span> <span class='ocrx_word' id='word_1_796' title='bbox 3306 5281 3396 5332; x_wconf 80' lang='grc' dir='ltr'><strong>τὸν</strong></span> <span class='ocrx_word' id='word_1_797' title='bbox 3429 5280 3633 5343; x_wconf 87' lang='grc' dir='ltr'>δοῦλον,</span> <span class='ocrx_word' id='word_1_798' title='bbox 3666 5277 3785 5333; x_wconf 84' lang='grc' dir='ltr'>εἷθ’</span> 
     </span>
    </p>
   </div>
   <div class='ocr_carea' id='block_1_112' title="bbox 2199 5373 3786 5446">
    <p class='ocr_par' dir='ltr' id='par_1_112' title="bbox 2199 5373 3786 5446">
     <span class='ocr_line' id='line_1_112' title="bbox 2199 5373 3786 5446; baseline -0.003 -16"><span class='ocrx_word' id='word_1_799' title='bbox 2199 5377 2369 5440; x_wconf 83' lang='grc' dir='ltr'>οὑτως</span> <span class='ocrx_word' id='word_1_800' title='bbox 2392 5377 2484 5429; x_wconf 84' lang='grc' dir='ltr'>τὸν</span> <span class='ocrx_word' id='word_1_801' title='bbox 2518 5378 2785 5446; x_wconf 84' lang='grc' dir='ltr'>δεσπότην</span> <span class='ocrx_word' id='word_1_802' title='bbox 2812 5376 3180 5444; x_wconf 81' lang='grc' dir='ltr'>παρεγγυᾶτο.</span> <span class='ocrx_word' id='word_1_803' title='bbox 3216 5373 3423 5434; x_wconf 81' lang='grc' dir='ltr'>Ἀλλως</span> <span class='ocrx_word' id='word_1_804' title='bbox 3470 5389 3530 5422; x_wconf 89' lang='grc' dir='ltr'><strong>τε</strong></span> <span class='ocrx_word' id='word_1_805' title='bbox 3567 5373 3663 5423; x_wconf 76' lang='grc' dir='ltr'>καὶ</span> <span class='ocrx_word' id='word_1_806' title='bbox 3715 5375 3786 5425; x_wconf 83' lang='grc' dir='ltr'>τὸ</span> 
     </span>
    </p>
   </div>
   <div class='ocr_carea' id='block_1_113' title="bbox 2200 5460 3781 5538">
    <p class='ocr_par' dir='ltr' id='par_1_113' title="bbox 2200 5460 3781 5538">
     <span class='ocr_line' id='line_1_113' title="bbox 2200 5460 3781 5538; baseline -0.003 -17"><span class='ocrx_word' id='word_1_807' title='bbox 2200 5469 2358 5532; x_wconf 76' lang='grc' dir='ltr'>εὐθὺς</span> <span class='ocrx_word' id='word_1_808' title='bbox 2407 5471 2464 5521; x_wconf 86' lang='grc' dir='ltr'>ὲν</span> <span class='ocrx_word' id='word_1_809' title='bbox 2513 5472 2578 5537; x_wconf 87' lang='grc' dir='ltr'>τῆ</span> <span class='ocrx_word' id='word_1_810' title='bbox 2609 5473 2833 5538; x_wconf 82' lang='grc' dir='ltr'>ἀπαρχῇ</span> <span class='ocrx_word' id='word_1_811' title='bbox 2873 5467 3072 5535; x_wconf 83' lang='grc' dir='ltr'>λέγειν’</span> <span class='ocrx_word' id='word_1_812' title='bbox 3122 5465 3415 5536; x_wconf 82' lang='grc' dir='ltr'>Ἀνάστητέ</span> <span class='ocrx_word' id='word_1_813' title='bbox 3451 5483 3539 5534; x_wconf 87' lang='grc' dir='ltr'><strong>μοι</strong></span> <span class='ocrx_word' id='word_1_814' title='bbox 3567 5463 3685 5529; x_wconf 85' lang='grc' dir='ltr'>νῦν,</span> <span class='ocrx_word' id='word_1_815' title='bbox 3726 5460 3781 5517; x_wconf 82' lang='grc' dir='ltr'>ὧ</span> 
     </span>
    </p>
   </div>
   <div class='ocr_carea' id='block_1_114' title="bbox 2203 5555 3781 5629">
    <p class='ocr_par' dir='ltr' id='par_1_114' title="bbox 2203 5555 3781 5629">
     <span class='ocr_line' id='line_1_114' title="bbox 2203 5555 3781 5629; baseline 0 -20"><span class='ocrx_word' id='word_1_816' title='bbox 2203 5557 2444 5629; x_wconf 83' lang='grc' dir='ltr'>λαμπροὶ</span> <span class='ocrx_word' id='word_1_817' title='bbox 2491 5559 2598 5611; x_wconf 86' lang='grc' dir='ltr'><strong>τῶν</strong></span> <span class='ocrx_word' id='word_1_818' title='bbox 2652 5558 2955 5628; x_wconf 83' lang='grc' dir='ltr'>ἀθλητικῶν</span> <span class='ocrx_word' id='word_1_819' title='bbox 2990 5557 3430 5627; x_wconf 81' lang='grc' dir='ltr'>κατορθωμάτων</span> <span class='ocrx_word' id='word_1_820' title='bbox 3459 5555 3781 5626; x_wconf 67' lang='grc' dir='ltr'>ζωγράφον</span> 
     </span>
    </p>
   </div>
  </div>
