3966 6514
169 498 287 564 1609

1329 502 1863 564 EPISTOLARUM
1913 501 2055 560 LIB.
2119 500 2198 562 ll.

2489 30 3067 72 ξήΐππττ,...ρ-τ-

3246 497 3378 563 1610

162 612 337 681 δηλαδὴ
364 610 490 671 τοὺς
509 608 911 680 είκονουργοὺς,
938 612 999 662 οὐ
1024 612 1149 674 τοὺς
1178 610 1550 680 λογογράφους
1574 612 1699 681 ἐσῆς

1807 609 2017 662 tionum
2068 606 2305 661 artilices
2366 605 2615 675 designat
2665 623 2679 667 ;
2719 605 3178 674 quemadmodum
3225 616 3279 658 et
3325 620 3380 660 in

163 720 302 773 μανε·
325 699 502 761 καθὼς
532 702 627 753 καὶ
656 702 715 753 ἐν
745 700 822 770 τῷ
861 702 1117 773 ἐγκωμίῳ
1149 704 1256 756 τῶν
1291 704 1704 774 τεσσαράκοντα

163 793 668 864 μαρτύρων,όαύτδς
691 794 817 848 τάδε
850 797 1037 863 φησίν·
1073 814 1092 846 t
1128 796 1279 849 Ἐπεὶ
1317 797 1409 850 καὶ
1448 797 1704 865 πολέμων

161 885 622 954 ἁνδραγαθήματα,
662 887 754 938 καὶ
781 886 1108 957 λογογράφοι
1143 888 1421 952 πολλάκις,
1469 892 1563 942 καὶ
1597 891 1706 954 ζω-

159 979 340 1044 γράφοι
369 977 839 1045 διασημαίνουσιν,
870 981 919 1030 οἱ
955 980 1053 1048 μὲν
1075 980 1152 1050 τῷ
1182 981 1321 1050 λόγῳ
1349 981 1701 1051 κοσμοῦντες,

159 1068 200 1115 οι
218 1066 264 1115 δὲ
287 1068 396 1126 τοῖς
425 1066 635 1128 πίναξιν
660 1068 1112 1135 ἐγχαράττοντες.
1150 1087 1167 1119 ι
1221 1072 1370 1124 Ἐπεὶ
1398 1072 1528 1139 γοῦν
1559 1076 1652 1126 καὶ
1676 1074 1704 1127 ὁ

157 1153 385 1223 δεύτερος
418 1155 614 1220 τρόπος
657 1165 829 1225 περας
867 1157 1076 1226 εἴληφε,
1120 1159 1202 1221 τίς
1239 1160 1268 1213 ὁ
1297 1161 1509 1231 τρίτος;
1548 1163 1703 1233 Φωνὴ

159 1243 249 1294 τῶν
288 1244 422 1313 μετὰ
471 1244 570 1315 τὴν
620 1246 786 1317 ἕκτην
847 1249 1310 1320 συνεδρευσάντων
1348 1253 1607 1323 Πατὲρων
1647 1256 1704 1306 ὲν

156 1337 722 1392 Κωνσταντινουπόλει.
767 1340 865 1391 Ἐν
913 1358 1023 1393 τισι
1075 1342 1181 1393 τῶν
1238 1345 1449 1396 σεπτῶν
1483 1346 1704 1401 εἰκόνων

154 1429 376 1493 γραφαῖς
411 1427 578 1495 ἀμνὸς
607 1426 854 1498 δακτύλῳ
887 1432 979 1482 τοῦ
1007 1431 1321 1501 Προδρόμου
1355 1433 1704 1504 δεικνύμενος

154 1516 554 1585 ἐγχαράττεται,
583 1517 640 1580 ὅς
674 1520 752 1581 εἰς
781 1519 946 1573 τύπον
970 1521 1292 1592 παρελήφθη
1329 1525 1430 1592 τῆς
1460 1527 1701 1596 χάριτος·

151 1606 232 1658 τὸν
274 1606 525 1676 ἀληθινὸν
571 1612 704 1678 ἡμῖν
732 1610 818 1663 διὰ
863 1612 1028 1681 νόμου
1082 1615 1504 1683 προῦποφαίνων
1535 1616 1704 1686 ἀμνὸν

151 1695 367 1764 Χριστὸν
412 1698 502 1749 τὸν
533 1699 664 1754 Θεὸν
701 1701 877 1770 ἡμῶν.
921 1704 1058 1766 Τοὺς
1085 1701 1179 1757 οὖν
1205 1707 1470 1770 παλαιοὺς
1501 1709 1706 1773 τύπους

151 1787 236 1839 καὶ
285 1788 384 1850 τὰς
436 1791 615 1853 σκιὰς,
671 1793 746 1855 ὡς
789 1796 886 1862 τῆς
922 1795 1181 1865 ἀληθείας
1226 1799 1470 1867 σύμϐολὰ
1503 1819 1564 1854 τε
1611 1803 1704 1855 καὶ

150 1875 592 1944 προχαρὰγματα,
620 1883 685 1951 τῇ
724 1882 1019 1955 Ἐκκλησία
1070 1887 1534 1956 παραδεδομένους
1582 1909 1704 1945 κατ-

149 1964 523 2052 ασπαζόμενοι,
555 1969 654 2039 τὴν
709 1973 870 2040 χάριν
911 1975 1266 2045 προτιμῶμεν
1305 1979 1398 2030 καὶ⁵
1439 1978 1537 2050 τὴν
1567 1981 1699 2052 άλή-
1734 1965 1776 2019 Β

147 2049 306 2119 θειαν,
337 2055 414 2118 ὡς
443 2057 714 2130 πλήρωμα
745 2064 910 2133 νόμου
941 2066 1144 2130 ταύτην
1174 2068 1583 2139 ὑποδεξάμενοι.
1616 2074 1703 2137 Ὠς

144 2144 202 2198 ἂν
231 2142 320 2199 οὖν
363 2149 425 2201 τὸ
462 2151 667 2204 τέλειον
701 2155 804 2206 κὰν
844 2160 964 2220 ταῖς
999 2164 1478 2230 χρωματουργίαις
1503 2165 1561 2217 ὲν
1585 2168 1702 2229 ταῖς

144 2237 388 2293 ἁπάντων
431 2242 618 2310 ὕψεσιν
660 2246 1067 2318 ὑπογράφηται·
1096 2252 1186 2304 τὸν
1219 2253 1309 2304 τοῦ
1340 2256 1582 2325 αἴροντος
1602 2258 1700 2326 τὴν

146 2330 406 2398 ἁμαρτίαν
425 2334 518 2386 τοῦ
553 2337 756 2405 κόσμου
799 2340 971 2408 ἀμνοῦ
999 2342 1234 2410 Χριστοῦ
1264 2344 1357 2396 τοῦ
1387 2345 1522 2399 Θεοῦ
1545 2349 1701 2419 ἡμῶν

143 2421 270 2473 κατὰ
300 2421 395 2474 τὸν
426 2425 769 2494 ἀνθρώπινον
805 2431 1150 2499 χαρακτῆρα,
1179 2434 1274 2486 καὶ
1311 2436 1368 2488 ὲν
1403 2438 1519 2500 ταῖς
1557 2439 1701 2491 εἰκό-

143 2525 218 2560 σιν
259 2514 369 2566 ὰπὸ
399 2514 493 2567 τοῦ
525 2517 618 2568 νῦν
669 2519 790 2572 ἀντὶ
822 2519 916 2572 τοῦ
949 2521 1179 2576 παλαιοῦ
1221 2525 1417 2595 ἀμνοῦ,
1465 2530 1701 2600 ἀναστη-

138 2600 349 2660 λοῦσθαι
388 2604 670 2676 ὁρίζομενο
723 2609 790 2662 δι’
843 2612 1006 2666 αὑτοῦ
1055 2614 1115 2666 τὸ
1166 2615 1267 2685 τῆς
1315 2617 1698 2684 ταπεινώσεως

139 2690 262 2759 ὕψος
287 2694 382 2747 τοῦ
413 2697 546 2749 Θεοῦ
578 2699 749 2767 Λόγου
805 2720 1213 2770 κατανοουντες,
1246 2710 1337 2761 καὶ
1393 2710 1530 2778 πρὸς
1560 2714 1699 2782 μνή-

141 2801 240 2854 μην
271 2787 374 2855 τῆς
408 2790 464 2840 ὲν
500 2792 665 2860 σαρκὶ
709 2791 1006 2862 πολιτείας,
1036 2796 1131 2850 τοῦ
1165 2815 1224 2851 τε
1263 2801 1467 2865 πάθους
1510 2805 1695 2869 αὑτοῦ,

138 2879 223 2931 καὶ
250 2879 346 2933 τοῦ
384 2885 652 2953 σωτηρίου
678 2884 908 2939 θανάτου
935 2894 1453 2962 χειραγωγούμενοι,
1483 2897 1574 2948 καὶ
1597 2897 1698 2966 τῆς
1717 2930 1731 2943 -

135 2970 378 3024 ἐντεῦθεν
407 2974 697 3044 γινομένης
738 2976 814 3043 τῷ
860 2979 1052 3050 κόσμῳ
1089 2982 1537 3052 ἀπολυτρώσεως.
1582 2988 1699 3040 Ἑνν

134 3060 298 3113 ταῦθα
343 3063 478 3133 ὁμοῦ
517 3068 581 3137 τῇ
634 3067 869 3136 Χριστοῦ
912 3072 1102 3134 εἰκόνι,
1153 3075 1244 3125 καὶ
1288 3075 1395 3127 τῶν
1441 3078 1699 3132 ἁπάντων

135 3151 298 3218 ἁγίων
331 3155 560 3209 εἰκόνων
597 3157 751 3226 λόγος
776 3161 1054 3231 πρόσεστι.
1088 3166 1308 3233 Πρῶτον
1343 3167 1461 3236 μὲν,
1492 3170 1593 3234 ὃτι,
1623 3171 1698 3234 ὼς

132 3240 226 3310 ἥδη
260 3242 804 3316 προεξεικονισμένου
859 3255 950 3306 καὶ
999 3253 1277 3319 λείποντος
1314 3258 1407 3311 τοῦ
1444 3262 1536 3312 καὶ
1578 3262 1697 3313 ἀντὶ

132 3331 218 3385 τοῦ
253 3337 489 3389 παλαιοῦ
536 3340 732 3406 ἀμνοῦ,
766 3344 930 3397 αὑτὸν
961 3347 1391 3416 ἀναστηλοῦσθαι
1435 3353 1466 3420 ἡ
1517 3352 1700 3420 διαγό-

135 3441 331 3492 ρευσις.
362 3430 592 3484 Ἔπειτα
618 3434 698 3486 ὃτι
721 3435 779 3486 ού
812 3437 971 3505 μόνον
994 3439 1246 3511 ἀσπαστὴ
1275 3443 1306 3510 ή
1331 3443 1484 3496 τοῦδε
1512 3445 1696 3510 εἰκὼν,

131 3519 266 3572 κατὰ
301 3523 370 3575 τὰ
405 3524 464 3574 ἐν
507 3524 655 3594 νόμῳ
709 3526 956 3596 σύμϐολά
1013 3547 1071 3582 τε
1128 3531 1222 3584 καὶ
1255 3535 1700 3606 προχαράγματα

131 3612 378 3666 ἁσπαστὰ
417 3615 734 3683 κεκλῆσθαι’
770 3618 904 3672 ἀλλὰ
941 3623 1035 3674 καὶ
1063 3628 1412 3696 προσκυνητὴ
1437 3628 1605 3681 αὑτοῦ
1640 3646 1697 3685 τε

131 3699 216 3750 καὶ
237 3702 441 3765 παντὸς
474 3704 780 3758 οὑτινοσοῦν
815 3707 996 3775 ἁγίου.

194 3789 364 3858 Δῆλον
396 3792 502 3863 γὰρ
532 3795 611 3846 ὅτι
642 3795 702 3847 τό
728 3800 944 3862 σεπτὸν,
983 3801 1076 3854 καὶ
1101 3807 1474 3874 προσκυνητὸν
1521 3806 1586 3861 ἄν
1615 3825 1700 3871 τις

128 3877 530 3949 ὁμολογήσειεν.
575 3884 696 3937 Ἔτι
731 3902 789 3938 τε
819 3888 898 3940 ὅτι
933 3891 1081 3944 πᾶσα
1111 3893 1143 3964 ἠ
1193 3892 1356 3945 εἰκὼν
1394 3896 1700 3966 ὁμωνύμως

126 3969 197 4036 τῷ
245 3973 421 4041 αὐτῆς
468 3977 808 4048 πρωτοτύπῳ
857 3981 1154 4051 κέκληται,
1206 3985 1294 4038 διὰ
1352 3988 1445 4040 τοῦ
1499 3992 1694 4043 εἰπεῖν·

132 4077 149 4105 ε
198 4059 395 4130 Ἀμνὸς
427 4065 673 4138 δακτύλῳ
697 4069 790 4124 τοῦ
819 4071 1134 4142 Προδρόμου
1157 4075 1502 4148 δεικνύμενος
1535 4083 1697 4152 ἐγχα-

127 4152 401 4255 factum.
458 4180 478 4207 »
526 4159 614 4222 Ὠς
660 4165 753 4215 καὶ
797 4165 826 4216 ὁ
884 4166 1172 4230 Νυσσαεὺς
1226 4169 1363 4232 Θείος
1398 4172 1696 4246 Γρηγόριος

127 4243 222 4294 ὼδὲ
249 4245 352 4297 πού
389 4263 543 4316 φησι·
584 4270 603 4298 ι
642 4251 934 4319 Πρόκειται
961 4256 989 4307 ὀ
1025 4255 1211 4309 Ἰσαὰκ
1240 4258 1316 4328 τῷ
1343 4261 1535 4330 Πατρὶ,
1566 4243 1692 4334 παρ’

125 4336 265 4405 αὐτῷ
322 4337 401 4407 τῷ
458 4340 849 4414 θυσιαστηρίῳ.
894 4365 912 4397 ι
952 4348 1104 4420 Φωνὴ
1152 4351 1261 4402 τῶν
1299 4354 1358 4404 ἐν
1399 4354 1696 4427 Ἀντιοχείᾳ.

126 4428 596 4498 συκδεδρευσάντων
633 4434 907 4506 Πατέρωνο
946 4459 964 4489 ιι
995 4441 1105 4509 Οὐχ
1133 4440 1206 4502 ὡς
1240 4443 1426 4515 ἕτερον
1465 4450 1529 4517 τῇ
1565 4465 1695 4518 μορ-

125 4518 213 4583 φῇ,
257 4517 376 4569 αλλ’
409 4519 485 4580 ὡς
533 4522 694 4575 αὑτὸν
741 4524 836 4577 ἕνα
868 4528 1069 4599 Κύριον
1098 4532 1155 4582 ὲν
1189 4534 1285 4602 μιᾷ
1325 4541 1508 4606 μορφῇ
1543 4517 1690 4590 ὄντα·

1805 699 2169 769 quadraginta
2194 707 2493 768 martyrum
2539 698 2811 762 encomio,
2846 711 2968 749 cum
2999 697 3112 750 hmc
3140 696 3336 751 dicit“7
3362 715 3376 750 :

1812 808 1832 841 ι
1856 788 1987 843 Nam
2011 790 2290 858 magniﬁca
2321 789 2374 841 in
2409 787 2563 841 bellis
2589 799 2762 857 gesta,
2785 796 2839 840 et
2867 794 3109 840 oratores
3131 799 3380 854 saepenu-

1806 893 1979 940 mero,
2010 888 2064 932 et
2097 880 2326 947 pictores
2358 876 2718 946 pulcherrime
2766 876 3121 938 demonstrat,
3156 875 3210 929 hi
3258 890 3381 927 orar

1807 971 1986 1036 tione,
2041 971 2116 1022 illi
2151 970 2352 1023 tabulis
2392 968 2764 1022 describentes
2803 977 2962 1036 atque
3011 975 3289 1019 ornantcs.
3355 984 3372 1016 ι

1805 1061 2072 1127 Quoniam
2103 1060 2265 1130 igitur
2292 1068 2562 1114 secundus
2606 1075 2822 1129 quoque
2869 1059 3062 1112 modus
3098 1058 3163 1110 ad
3218 1057 3377 1110 linem

1804 1155 2100 1224 perductus
2146 1161 2248 1217 est,
2298 1153 2424 1221 quis
2463 1158 2546 1206 est
2588 1149 2828 1204 tertius?
2863 1147 2974 1202 Vox
3011 1149 3255 1212 Patrum,
3286 1151 3380 1215 qui

1806 1255 1927 1316 post
1981 1256 2189 1298 sextam
2254 1246 2517 1315 synodum
2578 1241 3047 1310 Constantinopoli
3111 1257 3378 1295 convene—

1806 1349 1932 1393 runt
1955 1338 2036 1390 ‘3:
2069 1336 2121 1389 In
2152 1337 2473 1406 quibusdam
2498 1335 2850 1390 colendarum
2885 1333 3180 1403 imaginum
3201 1333 3378 1402 pictu-

1807 1433 1882 1484 ris
1937 1445 2109 1499 agnus
2149 1428 2490 1496 exprimitur,
2533 1440 2693 1495 quem
2729 1424 3040 1479 Przecursor
3072 1424 3241 1492 digito
3282 1424 3378 1476 deo

1806 1530 2092 1584 monstrat,
2116 1519 2208 1589 qui
2237 1520 2291 1572 in
2322 1527 2505 1589 typum
2524 1525 2842 1585 assumptus
2862 1525 2946 1570 est
2969 1515 3173 1585 gratiae.
3194 1513 3380 1569 Refert

1805 1615 1946 1676 enim
1982 1613 2140 1666 nobis
2172 1626 2354 1664 verum
2383 1610 2534 1666 illum
2558 1625 2778 1679 agnum,
2802 1624 2961 1680 quem
2993 1609 3074 1662 lex
3108 1609 3380 1678 signiliea-

1808 1706 1916 1770 bat,
1975 1717 2168 1772 nempe
2193 1701 2469 1756 Christum
2507 1699 2676 1754 Deum
2736 1707 3009 1756 nostrum.
3060 1699 3170 1755 Has
3218 1701 3382 1771 igitur

1805 1809 2014 1851 veteres
2049 1795 2250 1863 liguras
2285 1802 2451 1862 atque
2499 1794 2742 1856 umbras,
2777 1801 2837 1847 ut
2872 1793 3115 1848 veritatis
3149 1804 3305 1848 notas
3328 1803 3381 1848 et

1806 1889 1956 1957 signa
2015 1885 2270 1940 Ecclesia:
2318 1883 2514 1938 tradita
2555 1883 2998 1951 complectentes,
3047 1885 3276 1953 gratiam
3327 1892 3381 1940 et

1804 1982 2080 2032 veritatem
2102 1976 2504 2044 anteponimus,
2525 1990 2687 2044 quam
2716 1985 2771 2028 ut
2801 1974 3194 2044 plenitudinem
3244 1975 3379 2044 legis

1803 2064 2132 2132 accepimus.
2191 2062 2377 2132 Itaque
2432 2073 2488 2116 ut
2530 2063 2582 2116 id
2638 2064 2782 2131 quod
2841 2062 3138 2132 perlectum
3187 2074 3289 2127 est,
3323 2064 3376 2121 in

1802 2157 2030 2226 picturis
2059 2158 2219 2211 etiam
2248 2157 2493 2211 omnium
2526 2159 2699 2214 oculis
2737 2159 3092 2227 subjiciamus
3124 2198 3139 2222 ,
3173 2172 3375 2228 agnum

1802 2249 1980 2312 illum,
2025 2250 2121 2319 qui
2159 2249 2350 2304 mundi
2380 2259 2657 2318 peccatum
2702 2250 2860 2314 tollit,
2890 2250 3167 2304 Christum
3203 2249 3376 2305 Deum

1803 2348 2080 2399 nostrum,
2114 2339 2234 2392 loco
2267 2340 2465 2392 veteris
2492 2338 2636 2408 agni,
2668 2339 2904 2392 humana
2940 2339 3169 2407 posthac
3201 2338 3373 2392 forma

1801 2429 2217 2498 exprimendum
2295 2429 2637 2483 decrevimus
2687 2445 2702 2483 :
2764 2439 2822 2482 nt
2871 2442 2966 2498 per
3019 2429 3378 2487 humilitatem

1800 2519 2102 2586 cOgitemus
2138 2515 2232 2571 Dei
2261 2515 2422 2571 Verbi
2453 2517 2850 2580 celsitudinem,
2882 2529 2934 2572 et
2960 2519 3013 2572 in
3057 2520 3377 2572 memoriam

1801 2610 2232 2664 conversationis
2293 2609 2413 2678 ejus
2461 2610 2516 2664 in
2570 2626 2756 2673 carne,
2803 2621 2858 2664 et
2898 2612 3266 2674 cruciatunm,
3316 2629 3379 2665 ac

1800 2701 2089 2755 salutifera:
2115 2701 2300 2754 mortis
2324 2699 2458 2767 ejus,
2478 2716 2542 2754 ex
2557 2715 2666 2770 quo
2685 2702 2883 2755 mundo
2909 2703 3204 2771 redemptio
3227 2714 3379 2772 parta

1799 2801 1902 2856 est,
1931 2793 2276 2847 reducamur.
2309 2791 2425 2847 Hoc
2453 2795 2577 2847 loco
2611 2794 2774 2849 simul
2814 2810 2937 2849 cum
2984 2795 3186 2849 Christi
3239 2797 3378 2849 imae

1800 2885 1924 2952 gine
1962 2882 2028 2936 de
2060 2883 2305 2935 omnium
2336 2882 2504 2937 etiam
2536 2895 2850 2938 sanctorum
2890 2886 3220 2955 imaginibus
3253 2902 3372 2940 ser—

1800 2989 1890 3028 mo
1919 2983 2024 3028 cst.
2079 2973 2327 3028 Primum
2387 2977 2630 3047 quidem,
2689 2979 2856 3046 quod,
2914 2988 3171 3048 tanquam
3218 2988 3378 3035 antea

1803 3065 2140 3135 pingeretur,
2180 3077 2231 3120 et
2260 3068 2371 3136 jam
2422 3067 2714 3131 desineret,
2751 3070 2944 3123 veteris
2971 3071 3095 3139 agni
3124 3073 3244 3125 loco
3277 3086 3379 3125 ex-

1802 3159 1961 3226 primi
1998 3175 2123 3213 eum
2157 3159 2374 3228 jubent.
2413 3159 2633 3225 Deinde,
2664 3162 2808 3231 quod
2837 3179 2943 3216 non
2972 3165 3147 3216 solum
3179 3164 3377 3233 amplc-

1803 3252 1996 3304 ctenda
2037 3251 2108 3305 sit
2147 3253 2268 3320 ejus
2311 3253 2512 3321 imago,
2565 3253 2632 3305 ad
2676 3269 2799 3307 eum
2845 3254 3067 3308 modum
3099 3270 3208 3323 quo
3239 3255 3375 3324 legis

1805 3353 1941 3395 notae
1993 3352 2046 3396 et
2086 3344 2235 3413 signa
2291 3346 2662 3412 amplectenda
2709 3347 3008 3409 dicuntur,
3061 3348 3154 3400 sed
3210 3348 3371 3401 etiam

1803 3437 2105 3498 adoranda,
2170 3445 2282 3491 tum
2348 3437 2538 3506 ipsius,
2593 3449 2705 3491 tum
2770 3439 3198 3509 uniuscujusque
3247 3455 3375 3494 san-

1802 3535 2035 3581 υιυηιιιι.

1870 3788 2219 3843 Manifestum
2249 3789 2390 3843 enim
2428 3802 2511 3844 est
2547 3808 2934 3847 concessurum
2979 3797 3247 3864 quemvis,
3281 3815 3372 3852 ve-

1801 3879 2101 3930 nerandum
2147 3880 2290 3946 quod
2342 3879 2576 3944 dicatur,
2632 3882 2773 3936 idem
2827 3884 2932 3937 dici
2987 3887 3371 3949 adorandum;

1799 3971 2036 4039 itemque
2064 3971 2206 4038 quod
2245 3972 2424 4026 omnis
2473 3973 2652 4041 imago
2713 3975 3038 4044 homonyma
3073 3992 3194 4029 cum
3243 3993 3372 4047 pro-

1799 4069 1982 4130 totypo
2009 4077 2110 4115 suo
2145 4074 2473 4130 nuncupetui
2520 4080 2533 4128 ;
2574 4080 2696 4117 cum
2727 4065 2926 4119 dicitur
2957 4085 2969 4120 :
3008 4087 3027 4118 ι
3063 4067 3250 4138 Agnus
3280 4087 3370 4124 ex-

1796 4152 2072 4221 primitur,
2128 4169 2289 4223 quem
2339 4152 2652 4209 Prtecursor
2697 4157 2864 4225 digito
2909 4158 3292 4214 demonstrat.
3348 4181 3365 4211 ο

1795 4246 2078 4310 Quomodo
2099 4255 2150 4301 et
2179 4247 2392 4304 divinus
2423 4246 2717 4319 Gregorius
2747 4247 3023 4320 Nysseuus
3047 4254 3282 4322 quodam
3314 4254 3366 4308 in

1796 4340 1916 4393 loco
1937 4343 2011 4393 ait
2031 4341 2072 4371 ⁶⁹
2095 4357 2109 4392 :
2136 4358 2154 4390 ι
2177 4339 2490 4394 Procumbit
2511 4342 2657 4395 Isaac
2694 4358 2875 4397 coram
2896 4354 3048 4413 patre
3067 4347 3130 4400 ad
3149 4363 3322 4401 aram.
3347 4369 3364 4399 ι

1799 4429 1910 4482 Vox
1964 4429 2207 4495 Patrum,
2256 4433 2348 4500 qui
2387 4432 2687 4487 Antiochiae
2739 4447 3154 4491 convenerunt:
3193 4457 3209 4489 ι
3252 4439 3373 4493 Non

1799 4535 2053 4593 tanquam
2087 4528 2315 4579 alterum
2347 4526 2542 4589 fm'ina,
2575 4527 2668 4580 sed
2694 4535 2952 4597 tanquam
2983 4545 3150 4583 unum
3194 4531 3368 4600 ipsum

125 4607 241 4708 καθ’
282 4610 343 4663 ὃν
393 4614 488 4663 καὶ
514 4617 804 4686 χαρακτὴρ
835 4614 914 4681 είς
949 4623 1209 4688 πεφυκὼς
1231 4625 1329 4695 ’.γῆς
1352 4627 1444 4684 τοῦ
1476 4631 1692 4700 Πατρὸς

1802 4618 2085 4672 Dominum
2140 4619 2195 4670 in
2238 4634 2339 4671 una
2389 4619 2560 4671 forma
2585 4621 2933 4674 exsistentem
2964 4639 2975 4677 :
3011 4626 3284 4691 quomodo
3318 4636 3371 4677 et

121 4697 494 4769 ὑποστάσεως,
543 4710 636 4759 καὶ
674 4709 781 4778 πρὸ
814 4713 1014 4782 σαρκὸς
1049 4716 1359 4785 ἀσώματος,
1399 4716 1477 4783 εἷς
1510 4739 1566 4774 τε
1602 4720 1689 4795 ἦν,

122 4794 212 4842 καὶ
264 4797 324 4847 ἐν
390 4799 555 4867 σαρκὶ
607 4794 688 4863 εἷς
738 4803 874 4862 ἐστι,
935 4808 1029 4857 καὶ
1059 4809 1116 4858 ἐν
1168 4811 1579 4877 είκόνιὸαὑτὸς
1614 4794 1693 4879 εἷς

122 4883 376 4976 ύνπάρχει,
404 4889 480 4958 μὴ
513 4889 888 4961 διαιρούμενος
914 4898 992 4959 είς
1022 4898 1115 4950 δύο
1146 4906 1518 4974 χαρακτῆρας·
1556 4908 1691 4976 μήτε

119 4974 169 5025 δὲ
210 4979 536 5048 σχιζόμενος
570 4985 649 5045 εἰς
695 4984 786 5038 δύο
818 4991 1195 5061 χαρακτῆρας·
1238 4996 1374 5064 μήτε
1420 4998 1473 5049 δὲ
1510 4999 1690 5065 σχιζό-

123 5085 276 5134 μενος
322 5073 406 5135 είς
455 5074 548 5127 δύο
593 5077 768 5142 δόξας·
804 5082 919 5134 ἀλλ’
956 5086 1035 5145 εἰς
1070 5085 1199 5153 μίαν
1239 5089 1622 5159 συναγόμενος.
1666 5114 1684 5141 υ

122 5160 222 5212 Καὶ
250 5163 378 5229 μεθ’
413 5165 598 5236 ἕτερα.
646 5188 663 5221 ι
710 5170 850 5223 Ἀλλ’
887 5173 1074 5245 ὥσπερ
1116 5178 1277 5239 αὐτὸς
1324 5174 1403 5243 εἷς
1448 5184 1593 5236 ἐστιν
1624 5186 1688 5236 ἐκ

118 5252 206 5305 δύο
231 5256 346 5308 τῶν
381 5259 662 5324 ἐναντίων,
699 5265 794 5315 καὶ
837 5267 915 5329 εἰς
951 5266 1008 5318 ἓν
1035 5271 1325 5336 συνάγεται
1359 5274 1651 5342 πρόσωπον
1672 5295 1686 5312 ν

119 5344 255 5400 οὓτω
289 5353 390 5402 καὶ
431 5353 466 5421 ή
501 5352 664 5406 είκὼν
693 5355 856 5408 αὑτοῦ
888 5358 984 5426 μία
1008 5360 1064 5411 τὲ
1105 5362 1241 5424 ἐστι,
1279 5363 1373 5415 καὶ
1405 5365 1496 5417 τοῦ
1526 5366 1688 5420 αὐτοῦ

119 5441 229 5503 ἑνλς
271 5443 541 5512 Χριστοῦ.
589 5447 696 5500 Καὶ
740 5449 836 5518 οὐχ
881 5450 1068 5521 ἕτερον
1105 5456 1426 5524 χαρακτῆρα
1459 5457 1690 5527 ἐροῦμεν

121 5534 203 5581 τὸν
243 5536 391 5587 κατὰ
446 5540 620 5608 σάρκα
651 5541 987 5614 ἐπιφανέντα
1034 5546 1186 5614 ἡμῖν,
1232 5550 1323 5598 καὶ
1376 5549 1562 5619 ἕτερον
1599 5553 1690 5604 τὸν

121 5627 234 5677 κατ’
257 5627 448 5680 εἰκόνα
487 5632 953 5702 σχηματιζόμενον
978 5638 1375 5707 χαρακτῆρα,ὲν
1401 5641 1529 5692 εῖδει
1553 5660 1686 5712 μορ-

119 5715 218 5784 φῆς
241 5717 437 5772 αὐτοῦ’
463 5719 597 5773 ἀλλὰ
619 5723 709 5776 τὸν
737 5725 898 5778 αὑτὸν
926 5727 1038 5790 ἕνα,
1068 5729 1189 5784 ἐπεὶ
1210 5732 1346 5800 μήτε
1377 5733 1511 5784 καθὸ
1533 5736 1690 5804 σῶμα

184 5856 226 5884 ετ
274 5855 560 5936 ,ξελϐεδὶι
597 5867 637 5912 ι.
660 5859 700 5925 Ι,
733 5861 881 5915 hom.
914 5863 1005 5929 20,
1063 5882 1186 5936 pag.
1220 5867 1342 5925 5‘36-

121 5928 405 5994 pag-908.

454 6019 717 6078 PATRUL.
760 6022 870 6080 Gn.
922 6024 1127 6084 XClX.

1452 5871 1494 5901 ⁵⁸
1524 5870 1732 5928 Concil.
1776 5868 2105 5942 Quinisext.,
2144 5876 2265 5916 can.
2297 5859 2386 5916 εξ.

1799 4711 2083 4763 character
2109 4725 2250 4763 unus
2283 4711 2552 4764 exsistens
2591 4712 2957 4766 subsistentia:
2979 4712 3173 4779 Patris,
3208 4725 3370 4784 atque

1800 4814 1924 4854 ante
1974 4801 2401 4856 lncarnationem
2451 4804 2826 4873 incorporeus,
2871 4821 3012 4861 unus
3043 4814 3162 4860 erat
3195 4826 3208 4860 :
3238 4818 3290 4860 et
3314 4809 3367 4858 in

1799 4909 1962 4947 carne
2000 4909 2142 4948 unus
2198 4903 2300 4957 est,
2333 4903 2386 4948 et
2428 4894 2480 4948 in
2519 4895 2753 4965 imagine
2797 4898 2936 4952 idem
2959 4914 3102 4952 unus
3131 4898 3365 4966 exsistit,

1799 5002 1905 5040 non
1947 4985 2157 5039 divisus
2211 4986 2263 5039 in
2301 4990 2438 5040 duos
2480 4987 2844 5050 characteres,
2899 5004 3075 5058 neque
3099 4989 3366 5045 dissectus

1798 5080 1850 5132 in
1899 5077 2099 5146 glorias
2130 5076 2267 5130 duas
2290 5118 2304 5141 ,
2343 5077 2434 5131 sed
2486 5078 2538 5130 in
2580 5094 2738 5132 uuam
2774 5079 3056 5133 collectus.
3101 5097 3118 5131 ι
3154 5077 3218 5130 Et
3246 5087 3368 5149 post

1799 5171 1900 5223 alia
1928 5186 1940 5221 :
1977 5188 1995 5219 ι
2024 5168 2126 5222 Sed
2157 5169 2616 5238 quemadmodum
2649 5170 2763 5239 ipse
2790 5185 2930 5224 unus
2947 5181 3027 5224 est
3049 5186 3114 5225 ex
3150 5171 3364 5226 duobus

1797 5263 2105 5326 contrariis,
2155 5270 2209 5315 et
2246 5262 2298 5315 in
2328 5277 2487 5314 unam
2534 5262 2791 5315 coalescit
2826 5277 3113 5332 personam
3147 5280 3160 5329 ;
3195 5267 3272 5317 sic
3311 5273 3364 5316 et

1800 5357 1976 5422 imago
2023 5353 2142 5421 ejus
2175 5362 2228 5406 et
2279 5368 2385 5405 una
2421 5361 2522 5413 est,
2571 5362 2624 5406 et
2651 5352 2890 5420 ejusdem
2944 5354 3104 5406 unius
3138 5352 3358 5405 Christi.

1795 5445 1984 5515 Neque
2038 5447 2268 5499 alterum
2320 5445 2690 5498 characterem
2740 5443 2985 5497 dicamus
3013 5458 3136 5496 eum
3162 5443 3364 5511 quise—

1797 5542 2032 5594 cundum
2085 5553 2305 5591 carnem
2363 5537 2522 5590 nobis
2571 5535 2841 5604 apparuit,
2899 5535 3128 5588 alterum
3179 5542 3360 5585 autem

1797 5635 2166 5689 characterem
2217 5628 2310 5697 qui
2357 5629 2651 5683 secundum
2704 5628 2992 5696 imaginem
3039 5627 3364 5694 exprimitur

1799 5730 1852 5782 in
1891 5726 2059 5794 ﬁgura
2093 5721 2266 5775 forma
2307 5721 2475 5785 illius,
2528 5720 2619 5774 sed
2652 5734 2818 5773 unum
2861 5728 2914 5771 et
2968 5717 3219 5772 eumdem
3250 5731 3264 5768 ε
3291 5714 3365 5769 si—

2499 5861 2543 5892 eo
2576 5860 2728 5915 urat.
2772 5857 2823 5911 in
2863 5856 3163 5919 Abraham,
3219 5864 3256 5912 ιι
3301 5870 3358 5926 ηρ

2906 6018 2975 6079 BI

3187 37 3212 46 η
3223 32 3230 38 ,
3249 21 3518 44 ,α,ν.ςι’θ“ν
