3966 6448
564 382 692 449 1611

1748 379 1810 438 S.
1839 371 2230 435 THEODORI
2257 371 2600 431 STUDITIE

3679 373 3813 437 161‘)

561 495 780 564 quidem
801 504 974 561 neque
990 489 1201 544 ratione
1225 488 1473 558 corporis
1496 487 1583 541 ille
1604 486 1890 542 character
1912 485 2134 545 dicitur,

2247 484 2265 534 5
2318 483 2604 552 χαρακτὴρ
2655 482 2892 550 εἴρηται,
2949 482 3085 536 ἀλλὰ
3140 483 3275 537 καθὸ
3333 485 3647 553 ἀσώματον.
3706 487 3813 540 Καὶ

565 586 660 641 sed
713 594 770 637 ut
802 593 888 639 est
918 582 1293 649 incorporeus.
1343 580 1458 634 Hoc
1492 593 1622 633 vero
1675 579 1850 647 magis
1878 592 1971 646 per
1997 574 2138 628 divi-

566 691 696 730 num
727 675 1174 744 Chrysostomum
1201 671 1588 733 declarabitur,
1633 670 1724 739 qui
1761 668 2135 720 characterem

567 767 843 822 caelestem
896 773 1070 828 vocat,
1130 763 1388 833 quoniam
1431 776 1497 814 ex
1541 761 1704 824 cmlo,
1737 776 1842 813 non
1870 768 2138 826 quatenus

566 873 782 925 corpus,
832 857 925 910 sed
977 862 1251 924 quatenus
1299 854 1518 923 coporis
1567 868 1778 922 expers,
1829 848 2139 920 unigenitus

567 947 712 1002 Deus
736 947 1071 1002 descendens
1103 948 1169 1000 de
1198 945 1354 1000 ctelis
1388 946 1708 999 incarnatus
1753 952 1855 1006 est,
1881 950 1936 995 et
1969 955 2137 1008 appa-

569 1042 678 1098 ruit
709 1056 934 1109 corpore
965 1049 1151 1094 nostro
1177 1039 1420 1092 indutus.
1453 1056 1470 1088 ι
1502 1035 1566 1090 Ει
1597 1044 1718 1105 post
1748 1049 1919 1103 pauca
1951 1050 1964 1085 :
1991 1051 2008 1083 ι
2036 1031 2140 1100 lgi-

566 1144 677 1196 tttr,
709 1134 962 1204 quoniam
1005 1131 1306 1186 secundum
1356 1129 1673 1182 relationem
1720 1125 1954 1179 ostendit
1988 1124 2139 1177 illum

565 1224 816 1277 eumdem
849 1223 1218 1276 characterem
1256 1240 1270 1275 :
1304 1221 1480 1288 ipsum
1505 1219 1777 1271 Christum
1823 1217 2137 1278 adoramus,

565 1327 612 1370 et
646 1331 750 1368 non
787 1315 1068 1368 materiam
1097 1313 1394 1366 artiliciose
1428 1311 1711 1380 ﬁguratam
1749 1310 1800 1361 in
1836 1308 2087 1377 imagine.
2114 1325 2134 1358 ι

565 1407 644 1462 En
676 1407 911 1476 apertior
942 1405 1243 1474 dogmatica
1277 1403 1574 1457 declaratio
1611 1420 1624 1454 :
1657 1402 1890 1470 primum
1916 1399 2137 1468 quidem

567 1513 731 1550 unam
767 1513 887 1551 esse
918 1496 1147 1549 formam
1182 1496 1235 1548 in
1269 1495 1556 1552 ambobus.
1594 1493 1812 1547 Christo
1860 1493 2069 1545 Scilicet
2088 1499 2141 1544 et

567 1588 845 1657 imagine:
897 1587 1113 1650 deinde,
1158 1589 1526 1640 characterem
1566 1585 1742 1654 ipsutn
1776 1583 2140 1638 subsistentia:

567 1680 766 1743 Patris,
812 1680 864 1732 in
905 1679 1159 1743 imagine,
1225 1679 1394 1747 ﬁgura
1448 1676 1636 1731 forma:
1665 1676 1855 1745 ipsius,
1894 1675 2139 1744 conspici

566 1772 727 1825 simul
759 1782 811 1824 et
839 1773 1051 1824 adorari
1085 1772 1254 1840 gloria
1292 1771 1543 1825 indivisa.
1577 1768 1837 1838 Reliquus
1865 1778 1948 1822 est
1978 1783 2141 1838 quar-

2238 573 2394 625 τοῦτο
2423 573 2622 642 μᾶλλον
2650 571 2739 624 διὰ
2766 572 2861 625 τοῦ
2897 571 3044 627 θείου
3077 574 3471 645 Χρυσοστόμου
3500 577 3815 650 διευκρινη-

2241 664 2486 734 θήσεται,
2516 664 2607 715 τὸν
2635 665 2962 733 χαρακτῆρα
2987 665 3242 735 ούράνιον
3269 666 3542 734 λέγοντος,
3583 670 3814 740 ἐπείπερ

2240 755 2332 806 καὶ
2365 755 2422 820 ἐξ
2467 754 2720 823 ούρανοῦ,
2768 755 2828 806 οὐ
2901 755 3036 808 καθὸ
3098 756 3277 826 σῶμα,
3311 759 3446 811 ἀλλά
3494 760 3632 813 καθὸ
3676 761 3816 813 άσώο

2243 865 2410 916 ματον
2441 849 2469 899 ὁ
2504 848 2797 917 μονογενὴς
2843 847 2974 908 Θεὸς
3024 849 3304 902 κατελθὼν
3334 852 3398 903 ὲκ
3432 852 3542 904 τῶν
3573 854 3818 923 οὐρανῶν

2240 937 2551 1007 ὲσαρκώθη,
2581 939 2672 991 καὶ
2693 939 2931 1006 ὲπέφανε
2964 939 3123 1008 σῶμα
3153 942 3511 1012 περιθέμενος
3533 944 3596 997 τὸ
3619 947 3818 1016 ὴμέτευ

2244 1045 2356 1098 ρον.
2407 1047 2424 1080 ι
2467 1031 2578 1082 Καὶ
2615 1033 2728 1099 μετ’
2760 1031 2936 1100 ὀλιγα·
2977 1051 2996 1083 ι
3037 1033 3247 1086 Ούκοῦν
3275 1036 3398 1088 ἐπεὶ
3429 1037 3575 1089 κατὰ
3603 1040 3819 1107 ἀναφο-

2243 1123 2342 1192 ράν
2374 1121 2536 1174 αὑτὸν
2568 1123 2807 1177 δείκνυσι
2859 1124 2949 1176 τὸν
3008 1126 3336 1196 χαρακτῆρα
3386 1127 3549 1180 αὑτὸν
3588 1130 3818 1200 Χριστὸν

2241 1213 2671 1284 προσκυνοῦμεν,
2713 1215 2808 1268 καὶ
2843 1216 2904 1268 ού
2939 1215 3039 1286 τ’ὴν
3088 1217 3221 1287 ὓλην
3253 1219 3515 1288 τεχνικῶς
3548 1237 3819 1290 σχηματιο

2241 1307 2474 1376 ζομένην
2492 1310 2548 1360 ἐν
2576 1311 2640 1379 τῇ
2663 1307 2850 1361 εἰκόνι.
2886 1325 2905 1359 ι
2937 1308 3104 1380 Δεῦρο
3126 1310 3428 1379 τρανοτέρα
3449 1311 3483 1380 ἡ
3502 1309 3817 1383 δογματικὴ

2239 1399 2584 1469 διασάφησις·
2643 1401 2857 1472 πρῶτον
2921 1401 3038 1470 μὲν,
3071 1401 3151 1454 ὃτι
3204 1402 3301 1470 μία
3340 1401 3523 1472 μορφὴ
3577 1404 3666 1454 ἐπ’
3719 1406 3821 1474 άμ-

2241 1493 2378 1558 φοῖν,
2422 1490 2516 1543 τοῦ
2545 1508 2604 1543 τε
2636 1491 2871 1560 Χριστοῦ
2903 1491 2999 1544 καὶ
3034 1493 3134 1561 τῆς
3177 1493 3382 1556 εἰκόνος
3402 1511 3415 1524 υ
3445 1493 3658 1558 ἔπειτα,
3685 1496 3766 1550 ὅτι
3794 1499 3821 1550 ὁ

2240 1583 2402 1646 αὐτὸς
2440 1586 2468 1636 ὁ
2498 1583 2783 1654 χαρακτὴρ
2840 1584 2935 1654 τῆς
2969 1584 3062 1636 τοῦ
3111 1585 3321 1656 Πατρὸς
3359 1585 3734 1651 ὑποστάσεως,
3765 1589 3821 1640 ἐν

2241 1675 2407 1727 εικόνι
2442 1675 2520 1745 τῷ
2552 1675 2679 1726 εῖδει
2730 1675 2828 1745 τῆς
2876 1675 3093 1745 μορφῆς
3124 1675 3312 1741 αὐτοῦ,
3350 1678 3742 1747 ὲκφαινόμενός
3762 1680 3821 1732 τέ

2241 1765 2388 1816 ἐστιν
2422 1762 2556 1832 όμοῦ
2601 1764 2699 1816 καὶ
2731 1763 3206 1834 προσκυνούμενος
3233 1765 3477 1835 άσχίστῳ
3520 1765 3668 1838 δόξῃ.
3703 1766 3826 1817 Λει-

567 1873 656 1916 tus
702 1864 916 1926 modus,
960 1863 1196 1931 antiqua:
1221 1862 1637 1916 consuetudinis
1668 1872 1720 1915 et
1753 1861 2011 1915 instituti.
2045 1861 2137 1912 At-

2247 1831 2476 1923 πόμενός
2505 1857 2650 1909 ἐστιν
2672 1857 2700 1907 ό
2729 1831 2984 1927 τέταρτος
3003 1831 3204 1926 τρόπος
3229 1831 3337 1924 τῆς*
3355 1831 3590 1927 ἀρχαίας
3621 1831 3824 1927 θεσμο-

567 1953 694 2006 tolle
735 1953 787 2006 in
834 1952 1018 2004 orbem
1072 1953 1261 2005 oculos
1305 1961 1446 2015 tuos,
1500 1948 1584 2002 vir
1631 1947 2046 2009 humanissime,
2083 1955 2138 1999 et

565 2044 687 2097 vide
715 2052 911 2096 terram
948 2042 1280 2106 universam,
1305 2057 1369 2094 ex
1401 2041 1517 2108 ipsa
1548 2039 1841 2108 apostolica
1875 2038 2140 2108 praedicac

564 2138 734 2201 tione,
777 2135 979 2204 ubique
1010 2134 1272 2204 gentium,
1310 2133 1363 2186 in
1409 2132 1582 2188 sacris
1615 2131 1850 2200 templis,
1886 2131 2140 2197 vasisque

564 2227 786 2290 divinis,
835 2235 890 2280 et
937 2225 1145 2280 sanctis
1193 2224 1458 2287 donariis,
1503 2238 1816 2290 expressum
1861 2220 2136 2274 Christum

566 2326 890 2390 gestantem,
947 2327 1002 2372 et
1052 2315 1211 2371 lactis
1262 2316 1396 2385 ipsis
1451 2331 1640 2369 vocem
1687 2315 1934 2368 edentem
1993 2312 2136 2383 quod

565 2413 819 2467 Christus
856 2413 1098 2481 regnavit
1127 2427 1291 2479 super
1333 2425 1430 2465 eos
1456 2409 1551 2478 qui
1584 2409 1636 2462 in
1663 2417 1805 2461 terra
1825 2417 1972 2469 sunt,
1998 2407 2139 2459 sicut

566 2505 764 2559 cecinit
813 2503 980 2557 David
1009 2519 1028 2554 :
1069 2501 1293 2554 Postula
1329 2519 1364 2554 a
1403 2517 1502 2561 me,
1547 2509 1594 2553 et
1635 2501 1772 2551 dabo
1822 2499 1914 2550 tibi
1961 2508 2137 2565 gentes

565 2598 923 2652 Itwreditatem
964 2605 1130 2659 tuam,
1178 2604 1227 2647 et
1275 2595 1649 2661 possessionem
1707 2603 1848 2644 tuam
1890 2591 2137 2642 terminos

568 2700 722 2744 terra:
740 2691 784 2721 ⁷⁸
808 2699 919 2743 :et:
943 2688 1080 2754 Quia
1110 2688 1240 2740 nillil
1271 2699 1345 2740 est
1377 2687 1576 2738 idolum
1602 2686 1656 2737 in
1677 2687 1871 2736 mundo
1900 2685 1964 2743 ⁷¹,
1987 2683 2137 2751 juxta

566 2783 769 2835 dictum
805 2781 1045 2849 Apostoli
1075 2798 1086 2832 :
1140 2790 1193 2833 et
1229 2777 1372 2848 quod
1410 2777 1590 2829 omnia
1635 2778 1788 2828 beato
1823 2776 2025 2828 lumine
2053 2790 2137 2827 re-

567 2876 710 2945 pleta
742 2874 872 2936 sint,
899 2875 1142 2924 veniente
1166 2886 1230 2923 eo
1247 2874 1338 2939 qui
1368 2871 1503 2923 dixit
1536 2888 1548 2922 :
1584 2867 1797 2936 Egolux
1818 2869 1870 2919 in
1891 2870 2138 2919 niuiidum

569 2966 680 3018 reni
707 2965 772 3017 ⁷¹.
804 2964 993 3029 Qualia
1017 2964 1158 3016 enim
1185 2971 1313 3017 sunt
1345 2976 1465 3030 qua:
1501 2959 1842 3015 cernuntur?
1875 2958 1971 3012 liic
2017 2959 2141 3027 qui-

569 3059 690 3110 dem
720 3057 772 3110 in
817 3057 1074 3126 spelunca
1115 3064 1293 3117 natus,
1326 3064 1380 3107 et
1413 3056 1480 3106 ab
1507 3053 1713 3122 angelis
1758 3051 2090 3120 gloriﬁcatus
2122 3066 2136 3104 :

571 3151 659 3204 hic
691 3164 817 3202 vero
845 3149 895 3200 in
923 3149 1064 3201 ulnis
1093 3162 1122 3200 a
1157 3156 1326 3199 matre
1362 3155 1624 3215 gestatus,
1662 3153 1715 3198 et
1746 3159 1774 3194 a
1812 3144 1979 3211 magis
2014 3142 2141 3195 ado-

571 3254 740 3294 ratus.
804 3240 1007 3293 Deinde
1063 3253 1214 3307 puer.
1265 3236 1485 3306 quando
1544 3235 1595 3287 in
1648 3234 1826 3287 medio
1867 3234 2149 3287 doetorum

570 3334 768 3387 sedens
814 3332 962 3385 visus
1013 3339 1115 3385 est.
1150 3329 1287 3383 Tum
1330 3328 1635 3396 baptizatus
1675 3342 1704 3378 a
1756 3325 2098 3378 l'raccursore
2139 3341 2152 3378 :

571 3436 685 3477 tum
739 3423 999 3477 miracula
1041 3438 1164 3476 cum
1221 3420 1484 3490 apostolis
1528 3419 1733 3472 faciens
1772 3436 1783 3472 :
1833 3418 1888 3472 in
1931 3433 2148 3472 crucem

572 3517 893 3580 ascendens,
926 3517 1231 3584 exspirans,
1257 3515 1520 3584 sepultus,
1563 3528 1874 3583 resurgens,
1903 3512 1954 3565 in
1985 3512 2153 3568 coalos

572 3622 871 3667 revertens.
919 3610 973 3664 In
1009 3613 1121 3664 haec
1173 3610 1338 3678 igitur
1388 3609 1572 3662 omnia
1612 3624 1707 3678 per
1736 3607 2025 3677 imaginem
2064 3605 2149 3660 in-

2240 1946 2430 2010 θεσίας
2468 1945 2618 2018 [cod.
2670 1948 2809 2018 Reg.
2857 1947 3220 2020 νομοθεσίας].
3257 1943 3428 2020 Ἀρον
3481 1949 3671 2020 κύκλῳ
3699 1953 3824 2012 τοὺς

2237 2039 2551 2110 ὀφθαλμούς
2591 2056 2706 2102 σου,
2736 2034 2780 2092 ὧ
2820 2040 3323 2111 φιλανθρωπότατε,
3354 2042 3446 2094 καὶ
3481 2041 3555 2093 ἴδε
3585 2043 3686 2111 τὴν
3732 2042 3823 2094 ὑπ’

2239 2132 2493 2202 οὐρανὸν,
2549 2131 2608 2195 ἐξ
2670 2131 2836 2184 αὑτοῦ
2894 2131 2990 2185 τοῦ
3027 2132 3388 2186 ἀποστολικοῦ
3439 2132 3824 2204 κηρύγματος,

2240 2223 2518 2292 πανταχοῦ
2556 2223 2659 2294 γῆς
2707 2241 2764 2276 τε
2823 2224 2918 2276 καὶ
2965 2224 3259 2294 θαλάσσης,
3310 2225 3375 2278 δι’
3437 2225 3600 2295 ἱερῶν
3659 2228 3824 2291 ναῶν,

2241 2316 2402 2369 θείων
2425 2334 2482 2368 τε
2515 2316 2747 2379 σκευῶν,
2779 2317 2872 2369 καὶ
2911 2317 3126 2369 σεπτῶν
3156 2317 3542 2386 ἀναθημάτων,
3565 2319 3660 2370 τὸν
3689 2319 3829 2389 Χριο

2241 2409 2365 2461 στὸν
2427 2407 2859 2477 ὲξεικονισμένον
2899 2410 3210 2479 φέρουσαν,
3256 2411 3352 2462 καὶ
3406 2411 3592 2472 αὐτοῖς
3641 2412 3828 2481 ἔργοις

2239 2498 2423 2570 φωνὴν
2465 2500 2741 2566 ἀφιεῖσαν,
2775 2500 2856 2552 ὅτι
2910 2500 3143 2570 Χριστὸς
3193 2499 3546 2570 βεϐασίλευκε
3596 2503 3707 2554 τῶν
3735 2503 3831 2556 ἐπὶ

2239 2592 2362 2660 γῆς,
2384 2595 2524 2646 κατὰ
2539 2595 2600 2645 τὸ
2619 2593 2874 2664 ᾀδόμενον
2919 2593 3239 2656 Δαϐιτικῶς·
3257 2594 3510 2660 Αἷτησαι
3529 2597 3666 2663 παρ’
3685 2595 3831 2664 ἐμοῦ

2241 2684 2339 2734 καὶ
2377 2683 2548 2737 δώσω
2588 2702 2686 2739 σοι
2711 2685 2854 2753 ἔθνη
2897 2687 3011 2752 τὴν
3053 2689 3461 2755 κληρονομίαν
3527 2704 3681 2751 σου,
3731 2688 3830 2741 καὶ

2239 2776 2353 2842 τὴν
2376 2778 2750 2847 κατάσχεσίν
2781 2794 2896 2833 σου
2921 2779 2992 2831 τὰ
3021 2779 3246 2847 πέρατα
3270 2781 3380 2848 τῆς
3394 2781 3525 2849 γῆς·
3555 2781 3673 2846 καὶ,
3707 2782 3830 2834 Ὅτι

2241 2869 2426 2923 οὐδὲν
2455 2871 2711 2924 εἴδωλον
2737 2872 2806 2924 ἐν
2843 2875 3067 2936 κόσμῳ·
3100 2874 3239 2926 κατὰ
3273 2873 3333 2925 τὸ
3373 2873 3475 2925 ύπδ
3524 2872 3618 2925 τοῦ
3667 2877 3831 2926 Ἀποο

2245 2961 2433 3015 στόλου
2470 2965 2776 3033 εἰρημένον.
2811 2963 2920 3015 Καὶ
2946 2965 3027 3018 ὃτι
3074 2967 3250 3019 πάντα
3279 2965 3460 3017 ὀλϐίου
3510 2966 3690 3032 φωτὸς
3743 2985 3834 3019 πε⁹

2251 3052 2556 3123 πλήρωται,
2602 3053 2918 3122 ἐληλυθότος
2952 3055 3044 3109 τοῦ
3083 3058 3347 3119 εἰπόντος’
3395 3058 3541 3125 Ἐγὼ
3574 3056 3705 3126 φῶς
3750 3061 3833 3124 είς

2253 3148 2363 3200 τὸν
2421 3149 2653 3216 κόσμον
2697 3146 2981 3212 ἐλήλυθα.
3017 3145 3116 3202 Οἷα
3160 3153 3267 3220 γὰρ
3309 3151 3376 3203 τὰ
3409 3150 3664 3220 ὁρώμενα
3690 3171 3704 3216 ;
3735 3147 3835 3205 ὧδε

2259 3238 2355 3308 μὲν
2403 3239 2460 3290 ὲν
2514 3236 2760 3305 σπηλαίῳ
2791 3239 3126 3307 τικτόμενος,
3155 3240 3248 3291 καὶ
3273 3238 3364 3290 ὑπ’
3397 3238 3645 3304 ἀγγέλων
3680 3238 3832 3303 δοξα-

2255 3329 2498 3397 ζόμενος
2533 3327 2691 3398 δεῦρο
2740 3328 2796 3380 δὲ
2847 3329 2933 3381 ἐπ’
2961 3329 3173 3382 ὠλενῶν
3214 3329 3315 3381 ὑπὸ
3345 3328 3443 3399 τῆς
3469 3329 3696 3398 Μητρὸς
3745 3329 3838 3396 βα-

2256 3420 2607 3490 σταζόμενος,
2643 3421 2738 3472 καὶ
2788 3420 2891 3472 ὑπὸ
2947 3423 3136 3491 μάγων
3168 3420 3666 3491 προσκυνούμενος.
3708 3417 3837 3474 Εἶτα

2255 3515 2312 3566 ὲν
2343 3514 2669 3584 μειρακίοις,
2695 3515 2928 3585 ὁπηνίκα
2959 3514 3122 3583 μέσος
3149 3515 3254 3567 τῶν
3282 3513 3622 3567 διδασκάλων
3653 3508 3837 3570 ὦπται

2254 3604 2582 3675 καθήμενος.
2651 3605 2882 3658 Ἔπειτα
2943 3604 3335 3675 βαπτιζόμενος
3397 3605 3501 3657 ὑπὸ
3553 3606 3650 3658 τοῦ
3693 3609 3834 3678 Προ-

2256 3695 2480 3764 δρόμου·
2518 3690 2635 3748 εἶτα
2674 3695 3109 3765 θαυματουργῶν
3138 3697 3231 3748 σὺν
3261 3695 3598 3760 ἀποστόλοις·
3623 3699 3720 3750 ἐπὶ
3751 3703 3841 3751 τᾶν

2261 3785 2490 3854 σταυρὸν
2529 3785 2718 3851 ἀνιὼν,
2765 3787 3088 3853 ἀποπνέων,
3133 3787 3492 3858 ϐαπτόμενος,
3537 3791 3842 3858 ἀνιστάμε-

2257 3892 2368 3940 νος,
2418 3877 2497 3937 είς
2545 3875 2809 3945 ούρανοὺς
2843 3877 3224 3947 ἀνερχόμενος.
3263 3878 3485 3942 Τούτοις
3532 3876 3627 3932 οῦν
3671 3882 3842 3932 πᾶσιν

2257 3965 2536 4029 είκονικῶς
2570 3963 2986 4030 ὲνατενίζοντες,
3021 3968 3096 4030 ὠς
3140 3967 3442 4038 τηνικαῦτα
3490 3970 3840 4031 αύτοπτικῶς

2256 4061 2306 4111 οί
2336 4059 2640 4123 ἀπόστολοι,
2673 4057 2923 4127 εἴποιμεν
2952 4057 3017 4111 ἂν
3047 4059 3269 4123 εἰκότως
3298 4062 3392 4114 καὶ
3419 4063 3596 4130 ἡμεῖς·
3635 4061 3838 4114 ἐθεα-

2253 4151 2483 4219 σάμεθα
2511 4150 2624 4217 τὴν
2649 4151 2835 4214 δόξαν
2860 4153 3069 4216 αὑτοῦ,
3105 4153 3294 4216 δόξαν
3335 4153 3414 4218 ὡς
3459 4153 3845 4220 Μονογενοῦς

2256 4245 2416 4310 παρὰ
2469 4245 2732 4312 Πατρὸς,
2781 4243 3016 4311 πλήρης
3066 4246 3308 4313 χάριτος
3368 4246 3466 4298 καὶ
3519 4247 3836 4314 ἀληθείας.

572 3707 732 3769 tanti,
775 3708 916 3758 sicut
965 3713 1093 3757 tunc
1144 3717 1239 3771 per
1278 3701 1580 3755 contuitum
1628 3701 1804 3768 ipsum
1842 3699 2072 3766 apostoli
2118 3737 2133 3762 ,

571 3799 694 3868 jure
733 3806 786 3850 et
818 3811 917 3848 nos
959 3795 1258 3846 dixerimus
1293 3809 1306 3846 τ
1348 3793 1580 3844 Vidimus
1625 3790 1849 3857 gloriam
1876 3790 2009 3857 ejus,
2037 3789 2150 3857 glo-

571 3889 712 3940 riam
737 3886 889 3955 quasi
917 3883 1184 3952 Unigeniti
1211 3901 1240 3934 α
1269 3881 1452 3944 Patre,
1495 3881 1701 3948 plenum
1732 3879 1920 3948 gratia:
1945 3888 1993 3930 et
2019 3878 2151 3931 veri-

571 3984 697 4036 tatis
721 3981 789 4031 τ’.
823 3977 947 4030 llaec
985 3978 1150 4046 igitur
1187 3986 1268 4029 est
1318 3975 1386 4028 ab
1427 3989 1542 4027 aevo
1596 3972 1914 4025 annuntiata
1964 3971 2094 4025 ﬁdes
2134 3989 2147 4024 :

571 4075 715 4131 hanc
744 4075 1002 4143 amplexa:
1023 4079 1148 4122 sunt
1179 4067 1372 4137 synodi
1403 4075 1604 4120 sanctae
1636 4082 1651 4121 :
1687 4073 1739 4118 et
1774 4065 1899 4119 huic
1949 4064 2148 4118 sull‘ra-

570 4173 764 4234 gantur
793 4177 984 4215 omnes
1018 4159 1219 4226 ubique
1247 4158 1488 4210 locorum
1521 4154 1797 4218 Ecclesiae,
1841 4155 1893 4207 in
1923 4153 2144 4208 Oriente

569 4268 620 4311 et
664 4253 1044 4317 Occidente“,
1071 4252 1123 4304 in
1174 4247 1618 4318 Septentrioneet
1653 4247 1834 4300 mari:
1881 4262 2044 4316 quam
2095 4255 2149 4302 et

569 4365 669 4402 nos
703 4347 911 4400 mioimi
947 4345 1358 4412 amplectentes,
1392 4354 1635 4403 oramus,
1666 4339 1894 4408 iureque
1941 4339 2142 4408 suppli-

2256 4338 2403 4406 Λῦτη
2451 4333 2543 4390 οῦν
2587 4339 2734 4390 ἐστιν
2777 4339 2809 4404 ἡ
2845 4337 2903 4400 ἐξ
2943 4337 3138 4399 αἰῶνος
3195 4338 3571 4407 κηρυττομένη
3625 4344 3834 4403 πίστις’

568 4453 757 4490 ramus
779 4452 874 4506 pro
901 4445 1098 4498 vestro,
1120 4435 1263 4502 quod
1283 4429 1425 4486 Deus
1445 4434 1667 4484 charum
1689 4429 1867 4494 habet,
1892 4430 2142 4500 imperio.

2255 4429 2460 4499 ταύτην
2489 4430 2805 4496 ἠσπάσαντο
2832 4430 2888 4482 αί
2912 4429 3062 4494 ἆγιαι
3100 4427 3324 4492 σύνοδοι,
3353 4431 3446 4482 καὶ
3476 4429 3650 4502 ταύτῃ
3700 4433 3846 4505 σύμ,-

573 4541 746 4602 ψηφοι
825 4530 1154 4597 τυγχάνουσι
1210 4528 1381 4578 πᾶσαι
1457 4526 1514 4577 αἱ
1564 4523 1839 4593 πανταχοῦ
1890 4524 2031 4577 κατά
2059 4526 2223 4578 τόπον
2277 4523 2623 4591 Ἐκκλησίαι,
2663 4521 2720 4573 ἐν
2771 4538 2831 4572 τε
2883 4521 3138 4590 Ἀνατολῇ
3192 4523 3284 4573 καὶ
3331 4520 3526 4583 Δύσει,
3565 4521 3752 4594 Βορῤᾷ
3781 4535 3841 4574 τε

573 4625 659 4676 καὶ
691 4622 969 4691 θαλάσσῃ·
1002 4620 1069 4689 ἣν
1109 4618 1203 4672 καὶ
1234 4621 1395 4688 ἡμεῖς
1429 4618 1478 4669 ol
1518 4616 1789 4687 ἐλάχιστοι
1853 4617 2244 4688 ἀσπαζόμενοι,
2274 4615 2544 4688 εὐχόμεθα
2575 4616 2668 4669 καὶ
2716 4613 3134 4686 ὑπερευχόμεθα
3172 4613 3533 4685 ὀφειλομένως
3585 4618 3686 4688 τῆς
3729 4617 3845 4673 θεο-

568 4711 754 4782 φιλοῦς
816 4710 969 4780 ὑμῶν
1036 4707 1334 4778 βασιλείας.

1021 4827 1128 4882 CC.
1153 4857 1222 4866 —
1260 4823 1420 4878 Petro
1469 4823 1688 4880 Νίσαιαν.

2598 4824 2650 4876 Σ⁴
2676 4822 2810 4894 (94).
2838 4853 2907 4863 --
2935 4821 3137 4892 Πέτρῳ
3158 4824 3431 4890 Νικαίας.
3457 4821 3630 4898 [ωγ’.]

1702 4939 1775 4989 De
1799 4946 1960 4989 morte
1991 4939 2323 5002 metrOpolitaa
2357 4938 2689 4998 Synadorum.

2322 5047 2558 5097 Ἤκουσε
2594 5043 2808 5106 πάντως
2838 5044 2871 5112 ἠ
2900 5043 3021 5113 ἱερά
3056 5060 3148 5095 σου
3169 5041 3307 5112 ἀκοὴ
3338 5043 3400 5096 τὸ
3428 5044 3555 5115 περὶ
3590 5044 3686 5097 τὸν
3741 5062 3854 5115 μα·-

2247 5137 2437 5205 κάριον
2500 5136 2593 5189 καὶ
2624 5135 2800 5189 κοινὸν
2835 5135 3050 5203 Πατέρα
3071 5137 3102 5203 ή
3114 5135 3229 5203 μῶν
3275 5137 3686 5206 μητροπολίτην
3714 5140 3856 5191 Συν..

2248 5231 2391 5284 άδων
2429 5227 2622 5289 πάθοςο
2666 5227 2762 5280 καὶ
2793 5227 3039 5296 ὼδύρατό
3073 5244 3164 5280 σον
3197 5229 3230 5297 ή
3261 5229 3391 5296 ἁγία
3413 5228 3556 5298 ψυχὴ
3580 5229 3668 5281 ἐπ’
3697 5232 3856 5298 αύτῷ

2245 5323 2312 5375 τά
2336 5321 2538 5375 εἰκόταο
2574 5318 2694 5372 ἐπεὶ
2724 5318 2818 5371 καὶ
2875 5319 2956 5370 ἔτι
2986 5319 3079 5371 τοῦ
3118 5318 3427 5390 στεναγμοῦ
3456 5322 3554 5372 οὐκ
3585 5322 3850 5375 ἀποπαύ-

2247 5429 2368 5464 σοι’
2399 5412 2519 5464 οὐδὲ
2568 5411 2665 5478 τῆς
2721 5411 2884 5462 οἱονεὶ
2928 5411 2990 5461 ὲκ
3035 5411 3134 5479 τῆς
3178 5411 3507 5480 διχοτομίας·
3535 5411 3851 5482 γενομένης

2249 5503 2538 5573 ἀλγηδόνος
2571 5501 2915 5569 άπολήξειεν.
2961 5502 3122 5555 Ἀλλά
3144 5502 3322 5570 δεῦρο.
3353 5504 3444 5555 καὶ
3495 5505 3626 5574 παρ’
3661 5504 3852 5573 ἡμῶν.

2246 5589 2291 5648 ὦ
2321 5584 2614 5664 τρίπόθητε
2647 5635 2661 5658 ,
2716 5591 2991 5660 διδάχθητι
3045 5593 3456 5665 ἐναργέστερον·
3518 5594 3595 5658 ὡς
3639 5594 3707 5650 ἂν
3746 5598 3848 5649 καὶ

2737 5705 2778 5733 ⁷⁸
2805 5700 2946 5755 Psal.
2975 5717 3081 5767 cu,
3111 5702 3162 5759 ὃ.

640 5049 974 5104 Audiverunt
1000 5061 1222 5116 prorsus
1247 5059 1417 5099 sacrae
1455 5059 1616 5097 aures
1648 5055 1752 5097 tuae
1796 5044 1848 5096 id
1882 5045 2024 5113 quod
2051 5061 2141 5100 ac-
2175 5051 2217 5104 ι)

568 5145 701 5198 cidit
747 5143 904 5196 beato
948 5151 1001 5194 et
1030 5139 1311 5192 communi
1359 5137 1507 5192 Patri
1550 5146 1740 5190 nostro
1784 5139 2140 5207 metrOpolitae

570 5235 964 5306 Synadorum;
1017 5230 1329 5300 planxitque
1375 5238 1562 5285 sancta
1600 5230 1781 5282 anima
1838 5239 1930 5282 tua
1992 5230 2138 5284 illius

568 5343 753 5390 causa,
795 5333 954 5394 prout
999 5338 1094 5391 par
1127 5321 1276 5374 fuit:
1329 5322 1558 5375 necdum
1607 5319 1853 5373 Videlicet
1905 5321 2138 5389 gemitus

568 5417 822 5478 cessavit,
861 5429 960 5467 nec
985 5414 1203 5467 sedatus
1224 5421 1308 5467 est
1333 5411 1508 5473 dolor,
1540 5411 1628 5480 qui
1655 5421 1910 5480 tanquam
1934 5427 2000 5464 ex
2029 5413 2139 5465 dis-

571 5509 812 5566 scctione
840 5505 1073 5576 quadam
1102 5514 1260 5559 natus
1295 5514 1399 5558 est.
1453 5501 1653 5557 Verum
1683 5505 1789 5556 huc
1825 5502 1973 5567 ades,
2029 5514 2083 5557 ct
2110 5521 2138 5556 a

571 5600 751 5662 nobis,
797 5597 880 5651 vir
921 5595 1402 5660 desideratissime,
1451 5594 1653 5649 clarius
1699 5594 1925 5648 edisse:
1981 5606 2037 5648 ut
2089 5605 2139 5648 et

639 5709 688 5741 ⁷ο
719 5705 864 5762 Psal.
892 5720 951 5769 ti,
975 5703 1026 5758 8.
1105 5702 1186 5756 ⁷¹1
1225 5702 1347 5758 Cor.
1381 5717 1497 5768 rm,
1527 5702 1581 5756 ὁ.
1659 5703 1703 5732 ⁷³
1741 5700 1898 5755 .luau.
1939 5716 2033 5767 xii,
2065 5703 2142 5756 46.

2259 5706 2276 5734 ³
2301 5703 2458 5758 Joan.
2495 5719 2531 5768 ι,
2572 5703 2658 5758 Η.

2086 5797 2318 5854 ΝΟὙΑΞ.

649 5918 762 5990 (94)
794 5918 852 5970 In
885 5917 1010 5974 cod.
1041 5916 1172 5988 Reg.
1206 5916 1305 5981 σθ’.
