3966 6508
237 475 350 538 1613

1374 472 1910 534 EPISTOLARUM
1951 471 2098 532 LIB.
2164 471 2244 532 Π.

3292 466 3426 533 1614

223 591 365 658 ἡμεῖς
385 584 443 638 τὸ
466 581 810 654 ὀφειλόμενον
836 582 993 653 χρέος
1022 582 1276 652 τίσωμεν·
1311 582 1406 635 καὶ
1443 581 1602 643 αὐτὸς
1623 583 1762 634 lato-

1877 595 1962 636 ms
1997 595 2195 634 munus
2225 577 2467 634 debitum
2501 573 2797 640 solvamus.
2827 586 2883 632 et
2921 584 2976 630 tu
3022 591 3110 630 res
3137 576 3258 646 ejus
3306 594 3428 632 vero

234 680 504 750 ρικώτερον
545 675 802 743 ἐπιγνοὺς
840 676 908 728 τὰ
957 674 1078 728 κατ’
1106 673 1285 737 αὑτὸν,
1325 673 1606 744 ῥᾳστώνην
1643 673 1764 725 τινά

223 768 383 828 λάϐοις
407 767 472 819 ὲκ
498 766 597 835 τῆς
626 764 933 835 ὲξηγορίας.
969 765 1052 827 Ὢ,
1084 763 1160 816 ώί
1193 763 1308 825 πῶς
1333 763 1594 832 ἀδακρυτὶ
1617 762 1766 830 ἐνέγο

221 876 388 930 κοιμεν
438 858 500 911 τδ
548 857 829 928 ὀδυρτικόν
888 857 1218 926 ἀπάγγελμα
1259 872 1273 921 ;
1315 857 1572 922 ὑγιαίνων
1619 851 1687 926 ἦν
1737 855 1766 908 6

221 952 406 1020 Πατὴρ,
440 951 508 1003 τά
545 951 746 1019 συνήθη
778 949 1012 1017 ἐνεργῶν
1055 951 1153 1016 τῆς
1200 948 1563 1018 ἀνυποκρίτου
1597 947 1764 1001 αὐτοῦ

222 1043 442 1110 ἀγάπης,
473 1041 567 1094 καὶ
596 1041 731 1109 πρὸς
753 1041 878 1102 τοὺς
904 1039 1164 1107 ἀδελφοὺς
1191 1039 1286 1092 καὶ
1309 1039 1555 1106 Πατέρας
1581 1038 1766 1104 δεξιώ-

221 1150 362 1195 σεως.
397 1133 492 1195 Τίς
533 1132 638 1200 γὰρ
669 1132 697 1182 6
734 1131 892 1183 πλέον
930 1130 1139 1182 ἐκείνου
1175 1129 1476 1198 φιλοξενίαν
1524 1129 1767 1192 ἀσπαζόο

223 1240 383 1291 μενος,
410 1223 500 1274 καὶ
520 1220 834 1290 θεραπεύων
863 1221 1215 1290 φιλουμένους
1241 1237 1255 1284 ;
1292 1221 1351 1272 ὃν
1384 1221 1503 1289 οὺχὶ
1531 1222 1563 1288 ὴ
1595 1220 1763 1272 ὲπάλ-

218 1315 360 1380 ληλος
393 1313 500 1366 τῶν
531 1311 926 1380 ἐπιφοιτώντων
950 1313 1223 1380 παρουσία
1252 1312 1345 1363 καὶ
1375 1309 1608 1380 ἐπιμονὴ
1642 1310 1767 1363 ἐδά-

223 1404 393 1471 μαζεν·
443 1403 566 1454 ὅσον
601 1401 727 1470 ἠνία
759 1402 958 1470 μᾶλλον
994 1403 1026 1471 ἡ
1057 1402 1249 1461 σπάνις
1289 1400 1521 1460 τούτων,
1547 1399 1641 1452 καὶ
1668 1417 1765 1452 τα-

219 1495 328 1561 χεῖα
375 1491 675 1546 παλινοδία.
709 1493 820 1546 Καὶ
847 1492 900 1544 τί
928 1492 1008 1544 δεῖ
1054 1492 1188 1562 πρὸς
1236 1490 1295 1543 σὲ
1352 1491 1442 1542 τὸν
1479 1487 1538 1543 εὖ
1590 1490 1770 1543 εἰδότα

219 1582 674 1651 ὑποδειγματίζειν
711 1583 771 1634 τὸ
797 1582 1121 1652 λεγόμενον;
1149 1579 1254 1636 Ἦν
1288 1576 1400 1643 οὖν,
1426 1581 1500 1643 ώς
1530 1582 1766 1650 εἴρηται,

219 1676 270 1726 ἐν
296 1675 519 1738 τούτοις.
566 1674 716 1727 Ἐπεὶ
765 1674 821 1726 δὲ
873 1674 1054 1744 παρῆν
1093 1675 1125 1743 η
1157 1673 1340 1744 ἡμέρα
1378 1675 1474 1743 τῆς
1507 1673 1645 1741 μετά
1669 1672 1768 1741 τὴν

219 1764 578 1836 Πεντηκοστὴν
629 1763 883 1834 δευτέρας
909 1764 1250 1834 έορτάσιμος,
1276 1763 1508 1826 ἀναστάς
1539 1764 1647 1818 ἀπὸ
1669 1765 1769 1834 τῆς

217 1854 521 1918 ἑστιάσεως,
553 1855 761 1924 ὲλήφθη
812 1855 992 1917 πόνοις
1025 1854 1356 1925 καταρροίας
1397 1854 1504 1907 ἀπὸ
1536 1855 1636 1924 τῆς
1673 1873 1766 1909 κε-

219 1948 379 2018 φαλῆς
404 1949 705 2016 γενομένης
730 1949 824 2000 ἐπὶ
848 1947 938 2000 τὸν
975 1947 1262 2000 σπόνδυλον
1293 1948 1386 2000 καὶ
1417 1949 1542 2011 τοὺς
1567 1949 1767 2012 τόπους

215 2039 314 2091 τῶν
339 2040 716 2110 μεταφρένων.
756 2039 869 2106 Ἐφ’
894 2032 938 2106 ᾧ
969 2037 1278 2107 κινηθέντες
1303 2039 1354 2091 οἱ
1381 2041 1648 2106 ταπεινοὶ,
1674 2040 1768 2093 εὗ-

221 2147 373 2200 ρομεν
406 2131 567 2184 αὐτὸν
600 2131 874 2200 κάμνοντα
898 2128 974 2200 τῷ
1001 2128 1135 2193 δντι,
1161 2128 1256 2182 καὶ
1284 2129 1646 2198 διασαφοῦντα
1670 2133 1768 2195 τὰς

215 2222 380 2285 αἰτίας
408 2222 510 2291 τῆς
537 2219 928 2290 συμπτώσεως.
972 2212 1104 2270 Εἶτα
1131 2218 1317 2290 ἐπειδὴ
1347 2220 1769 2290 ὑπεστρέψαμεν

215 2315 361 2367 οἴκοι·
402 2311 556 2377 αὖθις
585 2317 649 2386 τῇ
684 2315 808 2383 ἑξῆς
861 2312 1315 2383 παραγενόμενοι,
1350 2313 1582 2386 εὕρομεν
1607 2316 1769 2368 αὐτὸν

215 2403 289 2456 ἔτι
317 2403 639 2473 βαλλόμενον
675 2401 1056 2470 σφοδροτέραις
1088 2403 1366 2471 ἀλγηδόσι,
1400 2404 1494 2457 καὶ
1556 2404 1770 2458 διακαεί

214 2496 445 2567 πυρετῷ·
481 2496 631 2566 μόλις
672 2493 958 2562 δυνηθέντα
998 2497 1132 2564 ἡμῖν
1175 2495 1354 2566 ἠρέμα
1393 2497 1769 2565 προσφθέγξα-

216 2587 352 2639 σθαι*
387 2588 485 2640 καὶ
513 2587 608 2651 τὴν
638 2585 946 2650 ἀπόγνωσιν
988 2585 1084 2638 τοῦ
1119 2587 1216 2656 ζῇν
1255 2587 1310 2640 ὲν
1344 2587 1506 2657 σαρκὶ
1537 2587 1768 2640 αἰνιττό-

216 2696 391 2747 μενον.
425 2679 490 2730 Τί
533 2676 592 2728 τὸ
615 2676 775 2746 έξῆςς
818 2679 884 2748 τῇ
929 2678 1085 2748 τρίτῃ
1114 2678 1292 2748 ἡμέρα
1325 2680 1418 2732 καὶ
1447 2679 1642 2748 δεσμὸς
1674 2680 1771 2748 τῆς

215 2769 455 2838 γλώττης
497 2768 750 2837 πάμπαν,
788 2771 882 2821 καὶ
914 2770 972 2821 οὐ
1011 2771 1127 2840 μετ’
1145 2769 1205 2821 οὐ
1233 2769 1366 2822 πολὺ
1399 2771 1427 2822 6
1450 2770 1643 2841 πικρὸς
1674 2771 1771 2824 θά-

212 2876 382 2923 νατος.
431 2859 568 2912 Ἀλλ’
605 2860 736 2929 ἡμῖν
770 2860 886 2931 μὲν,
924 2860 1009 2912 διά
1049 2863 1146 2931 τὴν
1181 2861 1433 2931 στέρησιν
1473 2861 1566 2915 τοῦ
1617 2863 1770 2930 ἁγίου

213 2949 438 3018 ἀνδρὸς,
475 2947 535 2999 τὸ
570 2947 765 3016 πικρὸν
805 2948 1041 3018 εἰρήσθω
1070 2965 1085 2979 ·
1138 2950 1330 3017 ἐκείνῳ
1383 2950 1440 3004 δὲ
1485 2952 1578 3003 καὶ⁹
1632 2953 1770 3005 πάνυ

212 3036 404 3104 γλυκὺ,
445 3036 533 3089 διὰ
567 3036 628 3090 τὸ
652 3037 916 3089 ἀναλῦσαι
943 3040 1036 3090 καὶ
1067 3040 1163 3092 σὺν
1186 3040 1405 3111 Χριστῷ
1434 3038 1592 3095 εἶναι’
1617 3037 1677 3098 οὗ
1720 3045 1773 3096 τί

214 3123 276 3176 ἂν
303 3125 386 3194 εῐη
433 3129 846 3196 μακαριώτερον
869 3144 882 3192 ;
918 3129 1132 3180 Ἕκειτο
1153 3125 1245 3181 οὖν
1264 3132 1291 3182 6
1319 3133 1627 3202 μακαρίτης
1655 3133 1775 3204 (κα-

1863 673 2001 728 tiore
2058 670 2279 727 historia
2338 685 2692 740 cognoscens,
2757 670 2992 739 quietem
3065 671 3306 741 aliquam
3359 687 3428 725 ex

1864 765 2175 820 narratione
2224 763 2479 832 accipias.
2530 760 2596 825 Ο,
2645 776 2701 823 ο,
2751 778 2860 831 quo
2912 773 3068 830 pacto
3123 763 3428 817 luctuosam

1865 853 2442 911 commemorationem
2484 853 2603 908 sine
2657 853 2912 923 lacrytnis
2958 853 3176 907 feram?
3219 855 3433 907 Incolu-

1865 947 1970 1003 mis
2019 955 2134 1001 erat
2185 945 2363 1007 Pater.
2411 945 2583 1000 solitis
2635 944 2858 998 minime
2907 943 3098 997 fucaue
3145 944 3434 998 charitatis

1865 1052 1978 1092 sua:
2033 1035 2285 1106 operibus
2337 1036 2600 1096 intentus,
2655 1033 3020 1101 fratribusque
3071 1049 3135 1089 ac
3183 1033 3434 1088 Patribus

1865 1126 2103 1195 hospitio
2138 1126 2480 1194 recipiendis.
2511 1124 2646 1191 Quis
2672 1125 2816 1178 enim
2862 1124 3281 1194 bospitalitatem
3313 1125 3434 1194 plus

1867 1219 1959 1272 illo
1990 1218 2282 1281 adamavit,
2319 1226 2414 1272 aut
2449 1217 2623 1270 amice
2674 1216 2912 1286 exceptis
2956 1216 3284 1271 ministravit
3326 1218 3434 1270 im-

1865 1309 2137 1378 pensius?
2167 1323 2328 1378 quem
2361 1322 2461 1362 nec
2491 1307 2746 1361 continua
2779 1307 3008 1360 aliorum
3048 1321 3114 1360 ex
3161 1307 3284 1361 aliis
3335 1306 3435 1360 ad-

1868 1400 2197 1452 ventantium
2231 1396 2556 1467 frequentia.
2614 1412 2713 1452 nec
2741 1396 3049 1451 diuturnior
3094 1412 3247 1451 mora
3280 1395 3434 1450 fran-

1867 1489 2024 1557 gebat
2058 1505 2073 1542 :
2116 1496 2379 1556 quantum
2421 1489 2650 1557 angebat
2686 1489 2868 1558 potius
2899 1488 3093 1542 horum
3125 1488 3344 1552 raritas,
3379 1498 3436 1542 et

1867 1582 1973 1633 cita
2003 1579 2282 1647 profectio.
2317 1578 2381 1634 Et
2409 1579 2538 1648 quid
2568 1595 2705 1648 opus
2729 1589 2814 1634 est
2866 1580 2980 1634 hare
3010 1581 3127 1645 tibi,
3156 1580 3243 1634 cui
3270 1578 3436 1648 probe

1868 1681 1993 1724 nota
2017 1679 2162 1730 sunt.
2190 1669 2453 1739 exemplis
2486 1671 2807 1726 confirmare
2837 1673 2860 1724 l
2901 1671 2958 1725 In
2992 1672 3075 1726 his
3111 1671 3273 1740 igitur
3293 1681 3434 1734 erat,

1869 1769 1927 1813 ut
1957 1760 2158 1814 dictum
2191 1769 2293 1815 est.
2326 1759 2461 1816 Cum
2504 1771 2684 1815 autem
2717 1760 2854 1817 festa
2891 1763 3008 1816 dies
3053 1771 3303 1832 ageretur
3345 1777 3436 1815 se-

1871 1855 2045 1907 cunda
2077 1852 2442 1915 Pentecostes.
2490 1854 2921 1924 surrexissetque
2950 1870 2978 1908 a
3019 1855 3282 1916 convivio.
3316 1869 3439 1907 cor-

1869 1951 2053 2011 reptus
2070 1951 2154 1996 est
2172 1943 2442 2006 eatarrho,
2466 1957 2493 1995 a
2509 1943 2682 2010 capite
2700 1944 2752 1997 in
2780 1943 3054 1997 vertebras
3073 1951 3125 1997 et
3145 1944 3250 1996 alia
3271 1944 3437 1998 dorso

1868 2032 2044 2085 vicina
2067 2029 2357 2086 defluente.
2391 2030 2508 2097 Quo
2533 2047 2664 2085 casu
2709 2033 2868 2087 exciti
2913 2047 3013 2087 nos
3058 2033 3312 2098 humiles,
3348 2033 3436 2087 of-

1870 2125 2139 2180 femlimus
2162 2126 2337 2194 ipsum
2382 2141 2572 2180 revera
2623 2125 2992 2196 languentem,
3035 2137 3090 2180 et
3125 2127 3245 2196 ejus
3291 2125 3439 2195 quod

1865 2203 2158 2281 acciderat,
2190 2233 2383 2272 causas
2406 2217 2786 2286 explicantem.
2815 2219 3013 2273 Deinde
3046 2235 3170 2273 cum
3205 2217 3439 2287 regressi

1867 2309 2088 2362 domum
2144 2323 2411 2374 essemus,
2463 2310 2655 2364 iterum
2688 2310 2774 2365 die
2807 2311 3053 2378 sequenti
3097 2311 3439 2378 accedentes,

1870 2399 2172 2454 invenimus
2207 2400 2355 2453 illum
2388 2401 2688 2455 acrioribus
2712 2401 2887 2456 adhuc
2917 2402 3198 2455 doloribus
3243 2401 3442 2456 arden-

1872 2493 2016 2560 tique
2073 2491 2205 2548 febri
2241 2493 2616 2547 laborantem:
2660 2494 2732 2547 ita
2777 2503 2997 2565 utaegre
3023 2509 3120 2548 nos
3161 2495 3264 2548 leni
3307 2509 3441 2549 voce

1871 2582 2070 2650 alloqui
2114 2594 2312 2650 posset,
2348 2598 2414 2637 ac
2461 2583 2529 2636 de
2559 2582 2666 2636 vita
2692 2583 2745 2636 in
2771 2599 2932 2638 carne
2956 2584 3243 2652 desperare
3267 2600 3327 2638 se
3353 2585 3440 2638 iu-

1875 2680 2080 2724 nueret.
2117 2670 2256 2736 Quid
2287 2680 2470 2740 postea
2503 2674 2526 2726 ?
2556 2674 2645 2728 die
2684 2676 2842 2729 tertio
2869 2685 2922 2729 et
2953 2676 3136 2745 lingua
3183 2678 3439 2746 impedita

1874 2778 2118 2831 prorsus,
2150 2779 2249 2817 nec
2282 2765 2449 2818 multo
2473 2775 2594 2834 post
2624 2769 2819 2822 acerba
2846 2785 3015 2823 mors.
3046 2770 3147 2824 Sed
3170 2771 3260 2826 illa
3284 2772 3440 2825 nobis

1873 2851 2114 2918 quidem,
2161 2854 2253 2922 qui
2303 2865 2496 2909 sancto
2545 2857 2661 2910 viro
2719 2859 2914 2927 privati
2973 2877 3184 2925 sumus,
3244 2862 3442 2918 acerba

1872 2942 2083 2996 dicatur
2113 2960 2128 3009 ;
2188 2945 2260 2998 illi
2311 2961 2440 2999 vero
2468 2955 2522 3000 et
2553 2949 2705 3002 valde
2725 2950 2920 3014 dulcis,
2947 2961 3004 3004 ut
3031 2952 3438 3019 dissolveretur,

1873 3042 1925 3085 et
1957 3044 2102 3088 esset
2122 3051 2242 3089 cum
2274 3036 2491 3093 Christo
2520 3055 2669 3108 ;quo
2695 3042 2824 3110 quid
2857 3057 2977 3096 esse
3002 3055 3165 3112 queat
3188 3044 3400 3100 beatius
3419 3049 3444 3101 ἲ

1873 3123 2238 3198 Jacebatergo
2265 3131 2347 3184 vir
2375 3132 2605 3202 beatus(
2635 3134 2835 3188 bonum
2860 3136 3004 3189 enim
3032 3148 3114 3191 est
3138 3137 3240 3192 hoc
3273 3139 3441 3195 etiam

210 3215 298 3270 λδν
324 3217 434 3288 γὰρ
484 3220 576 3270 καὶ
608 3218 762 3271 τοῦτο
791 3219 1123 3289 ὑπογράψαι,
1150 3220 1335 3292 ὧσπερ
1377 3240 1428 3275 τι
1459 3224 1609 3288 ξένον
1644 3227 1768 3278 θέα-

1877 3219 2176 3289 designare,
2211 3230 2464 3292 tanquam
2512 3225 2828 3280 inusitatum
2859 3230 3126 3296 quoddam
3155 3241 3442 3299 spectacu-

216 3309 333 3376 μα),
359 3310 634 3379 αίδέσιμος
661 3314 727 3380 τῇ
751 3310 893 3380 δψει,
913 3311 1254 3382 ἀγγελοειδὴς
1285 3313 1362 3383 τῷ
1393 3315 1650 3384 σχήματι’
1674 3319 1773 3384 τῆς

213 3399 592 3469 ὲνδημησάσης
670 3401 805 3469 πρὸς
860 3401 1058 3471 Κύριον
1125 3403 1303 3473 ψυχῆς
1366 3404 1552 3476 ὥσπερ
1622 3407 1772 3470 τινὰς

214 3489 487 3558 ἠλιοειδεῖς
516 3493 865 3561 χαρακτῆρας
887 3494 1367 3564 ὲναπομαξαμένης
1394 3495 1469 3564 τῷ
1503 3496 1633 3566 ἱερῷ
1669 3497 1773 3550 σώ-

216 3599 366 3650 ματι,
406 3583 524 3653 μεθ’
559 3579 617 3636 οὗ
644 3585 738 3635 καὶ
767 3586 851 3651 ἐφ’
874 3578 917 3650 ᾧ
948 3584 1268 3653 λελάτρευκε
1293 3589 1359 3656 τῇ
1395 3588 1524 3658 ἁγία
1566 3590 1771 3658 Τριάδι.

227 3675 518 3745 Ἤθροίσθη
546 3675 802 3743 ἐξαπίνης
818 3676 1176 3744 ὅμιλοςρόμώ
1205 3679 1299 3745 μὲν
1331 3680 1774 3751 μοναστῶν,ὁμ.οῠ

213 3764 268 3817 δὲ
295 3767 393 3818 καὶ
421 3765 684 3834 μιγάδων,
720 3765 886 3825 πολὺς
919 3766 999 3818 ὅτι
1033 3767 1288 3835 μάλισταο
1318 3771 1666 3839 περιεκέχυτο
1699 3773 1777 3835 είς

214 3856 344 3908 αὐτὸ
380 3856 453 3918 ώι,
508 3855 652 3924 ἱερὸν
705 3857 985 3927 κειμήλιον
1018 3859 1358 3924 ἀποϐλέπων,
1399 3861 1430 3930 ἢ
1467 3862 1665 3932 μᾶλλον
1697 3865 1776 3917 οἰ-

213 3949 491 4016 κειότερον
529 3951 733 4011 εἰπεῖν,
784 3951 857 4012 ώς
905 3950 1146 4020 ἔμπνουν
1199 3954 1292 4004 καὶ
1326 3957 1520 4020 φωνεῖν
1548 3956 1779 4025 δυνάμε-

214 4055 322 4095 νον.
365 4041 575 4109 Ἐχεῖτο
619 4039 828 4110 δάκρυα
871 4042 978 4094 τῶν
1036 4042 1135 4108 μὲν
1173 4044 1478 4113 αίδημόνων
1522 4047 1776 4118 ἀψοφητὶ,

212 4132 320 4185 τῶν
371 4133 429 4186 δὲ
480 4132 828 4202 θεραπευτῶν
875 4134 1294 4205 ἐκραγέστερον.
1353 4137 1537 4202 Οὕτως
1564 4135 1655 4193 οὖν
1686 4143 1780 4194 σὺν

212 4222 558 4293 ψαλμῳδίαις
580 4227 699 4287 ταῖς
719 4225 1090 4295 καθηκούσαις
1116 4227 1207 4279 καὶ
1230 4227 1577 4297 ὲπικλήσεσιν
1600 4233 1782 4303 ίεραρ-

213 4319 404 4384 χικαῖς
440 4313 712 4383 παρεδόθη
748 4314 825 4383 τῷ
868 4315 1044 4384 τάφῳ,
1083 4315 1206 4368 καθ’
1242 4315 1299 4368 ὃν
1342 4318 1505 4370 τόπον
1542 4317 1722 4372 είώθει
1753 4321 1782 4372 6

221 4406 492 4476 μακάριος
540 4405 871 4475 λειτουργεῖν
933 4407 1141 4476 Κυρίῳ·
1204 4407 1362 4475 καίγε
1419 4410 1718 4480 προσετέθη
1754 4413 1782 4465 ὁ

217 4498 414 4567 Πατὴρ
429 4499 542 4558 τοῖς
563 4497 858 4567 Πατράσιν,
880 4498 908 4548 6
925 4499 1258 4566 όμολογητὴς
1274 4503 1384 4562 τοῖς
1405 4501 1779 4570 όμολογηταῖς,

1881 3311 2041 3381 lum),
2063 3316 2405 3370 venerandus
2429 3315 2672 3387 aspectu,
2704 3321 2877 3388 angeli
2905 3320 3142 3376 referens
3168 3323 3398 3392 speciem
3421 3365 3438 3389 ,

1880 3415 2002 3454 cum
2033 3403 2095 3455 ad
2135 3402 2417 3459 Dominum
2461 3407 2808 3476 proficiscens
2838 3411 3041 3475 anima,
3090 3412 3220 3467 solis
3245 3413 3439 3478 instar,

1883 3493 2154 3547 radiantes
2217 3505 2372 3551 notas
2433 3499 2693 3566 quasdam
2757 3500 3129 3569 impressisset
3176 3503 3229 3556 in
3285 3518 3443 3558 sacno

1883 3601 2128 3655 corpore,
2161 3602 2282 3644 cum
2310 3603 2418 3657 quo
2443 3599 2496 3643 et
2529 3593 2580 3644 in
2617 3607 2727 3659 quo
2762 3604 3004 3647 sanctam
3043 3594 3287 3649 coluerat
3319 3595 3442 3651 Tri-

1885 3676 2128 3732 nitatem.
2191 3676 2424 3732 Coactus
2476 3691 2561 3735 est
2618 3683 2762 3737 illico
2809 3694 2985 3738 cuatus
3047 3687 3441 3742 monachorum

1885 3769 2334 3838 saculariumque
2365 3786 2525 3839 quam
2552 3775 2820 3828 maximus
2854 3792 2868 3841 ;
2905 3776 3268 3833 circumfusus
3293 3779 3444 3833 illum

1887 3867 2141 3924 tanquam
2175 3872 2390 3911 sacrum
2429 3860 2622 3928 pignus
2653 3862 2962 3919 intuebatur
2995 3882 3010 3930 ;
3049 3866 3154 3928 vel,
3188 3878 3246 3920 ut
3272 3868 3446 3938 magis

1885 3947 2101 4015 proprie
2151 3948 2351 4014 dicam,
2396 3959 2651 4020 tanquam
2696 3954 3012 4021 spirantem,
3064 3967 3119 4011 et
3166 3958 3258 4028 qui
3297 3959 3447 4030 loqui

1887 4048 2087 4107 posset.
2122 4039 2510 4096 Fundebantur
2533 4043 2782 4115 lacrymaa
2814 4049 2883 4101 ab
2914 4050 3192 4105 honoratis
3225 4053 3446 4122 quidem

1886 4130 2015 4183 viris
2040 4130 2156 4185 sine
2185 4133 2411 4202 strepitu
2437 4172 2453 4198 ,
2495 4148 2527 4188 a
2571 4137 2742 4190 servis
2776 4149 2952 4191 autem
2993 4141 3175 4194 sonitu
3219 4143 3446 4210 majore.

1889 4221 1980 4276 Sic
2015 4238 2143 4292 ergo
2190 4237 2315 4277 cum
2362 4225 2678 4293 psalmodiis
2711 4231 3135 4298 congruentibus
3162 4241 3218 4287 et
3257 4233 3450 4288 faustis

1886 4317 2262 4385 episcoporum
2309 4318 2780 4386 apprecationibus
2825 4323 3115 4390 sepultura:
3162 4327 3450 4382 mandatus

1886 4416 1970 4463 est
1995 4423 2060 4462 eo
2094 4410 2146 4461 in
2180 4408 2320 4472 loco,
2352 4409 2442 4463 ubi
2470 4411 2550 4463 vir
2581 4410 2770 4466 beatus
2813 4429 2968 4468 sacra
3002 4416 3229 4471 Domino
3270 4417 3450 4474 facere

1888 4511 2244 4555 consueverat
2269 4519 2282 4553 :
2313 4503 2698 4574 appositusque
2726 4513 2809 4558 est
2829 4506 2988 4560 Pater
3020 4506 3289 4574 Patribus,
3316 4525 3450 4564 con-

216 4590 243 4638 6
271 4587 596 4650 διδάσκαλος
628 4590 738 4649 τοῖς
769 4588 1124 4652 διδασκάλοις,
1152 4593 1179 4642 6
1207 4591 1491 4661 ὑποφήτης
1518 4596 1630 4656 τοῖς
1657 4594 1774 4645 ὐπο-

1890 4595 2061 4645 fessur
2092 4591 2517 4658 coufessoribus,
2561 4596 2818 4666 magister
2848 4598 3143 4668 magistris,
3185 4600 3449 4669 interpres

218 4683 445 4747 φήταις·
499 4678 869 4748 προσθείημεν
901 4680 946 4731 δ’
980 4680 1046 4733 ἂν
1084 4680 1176 4733 καὶ
1207 4681 1399 4734 ταῦτα’
1440 4684 1468 4735 6
1518 4685 1788 4754 ἐγκρατὴς

219 4774 333 4832 τοῖς
374 4772 723 4840 ὲγκρατέσιν,
758 4775 785 4824 6
809 4773 964 4840 ἁγνὸς
987 4775 1098 4836 τοῖς
1128 4774 1424 4842 φιλάγνοις,
1455 4775 1484 4826 6
1519 4777 1790 4844 φιλόξενος

217 4865 331 4924 τοῖς
384 4862 717 4930 φιλοξένοις.
769 4865 797 4915 6
851 4864 1068 4932 μέτριος
1126 4867 1235 4923 τοῖς
1289 4866 1699 4936 μετριόφροσινο
1760 4871 1789 4921 6

219 4955 406 5008 πάντα.
441 4957 552 5015 τοῖς
593 4956 756 5007 πᾶσιν
789 4950 846 5007 εὖ
878 4955 1134 5023 γεγονὼς,
1160 4956 1281 5009 καθ’
1302 4959 1423 5011 ὅσον
1452 4953 1560 5013 οἷόν
1591 4976 1669 5021 τε,
1705 4962 1787 5014 ἵνα

214 5050 347 5110 τοὺς
380 5047 621 5109 πάντας,
652 5047 686 5116 ἢ
734 5047 856 5109 τοὺς
909 5048 1157 5110 πλείονας
1209 5050 1463 5121 κερδήση’
1502 5053 1787 5106 ἀποστολι-

221 5139 339 5198 κοῖς
383 5134 806 5205 κατορθώμασιν
837 5137 1260 5207 ἐπερειδόμενος.
1315 5140 1422 5190 Καὶ
1480 5140 1570 5193 νῦν
1627 5144 1788 5212 ἡμεῖς

224 5228 326 5295 μὲν
361 5229 416 5280 οἱ
478 5229 725 5281 ταπεινοὶ
773 5230 1080 5299 ὀρφανικῶς
1120 5231 1510 5302 ἀποδυρόμενοι
1575 5235 1666 5287 τὸν
1712 5235 1786 5299 ὡς

223 5319 451 5384 ἀληθῶς
485 5320 580 5372 καὶ
608 5321 940 5390 φιλοπάτορα
972 5323 1063 5374 καὶ
1095 5324 1411 5393 φιλάδελφον
1437 5343 1448 5354 ⁸
1500 5328 1533 5395 ή
1578 5326 1633 5377 δὲ
1668 5329 1788 5381 κατ’

221 5410 396 5462 αὑτὸν
447 5410 762 5480 Ἐκκλησία,
796 5408 892 5464 εἶτ’
926 5409 1016 5465 οὖν
1041 5415 1102 5465 τὸ
1131 5416 1324 5485 μικρὸν
1359 5416 1621 5487 ποίμνιον,
1653 5419 1791 5486 ἠπο-

225 5501 471 5568 ρημένον
530 5500 670 5565 λίαν,
705 5501 798 5553 καὶ
828 5502 1266 5572 ἀνακαλούμενον
1305 5506 1396 5560 τὸν
1433 5511 1665 5578 ποιμένα
1696 5508 1790 5562 καὶ

223 5590 474 5660 Πατέρα,
509 5586 596 5643 οἷα
622 5593 770 5655 είκὸς
799 5596 1136 5658 νεοττοὺς....

294 5768 346 5798 ’³
380 5767 398 5820 ι
444 5767 571 5827 Cor.
606 5769 766 5834 tx,19
795 5783 846 5825 et
866 5771 954 5825 22.

1886 4684 2318 4752 interpretibus:
2362 4685 2658 4739 addiderim
2702 4703 2829 4743 vero
2870 4701 2923 4743 et
2968 4691 3117 4744 ista:
3163 4695 3449 4746 continens

1886 4774 2308 4836 cimtinentibus,
2364 4786 2546 4830 castus
2598 4779 2934 4834 castimoniae
2977 4783 3308 4847 amantibus,
3351 4783 3449 4838 bo-

1884 4865 2091 4934 spitalis
2121 4867 2541 4936 hospitalitatem
2573 4870 2895 4936 colentibus,
2925 4873 3201 4930 modestus
3240 4876 3449 4929 modice

1889 4955 1954 5008 de
1971 4971 2027 5009 se
2048 4957 2435 5012 sentientibus:
2456 4959 2544 5027 qui
2569 4961 2749 5014 omnia
2778 4961 3032 5017 omnibus
3050 4964 3094 4996 ⁷³
3119 4964 3219 5017 rite
3249 4963 3447 5029 fuerat,

1891 5049 2064 5118 quoad
2097 5049 2177 5103 fas
2209 5049 2327 5114 fuit,
2350 5059 2406 5104 ut
2427 5066 2615 5106 omnes
2642 5063 2736 5107 aut
2757 5054 3447 5124 complureslucril‘aceret.

1891 5139 2199 5208 apostolicis
2240 5148 2385 5193 recte
2439 5141 2596 5195 factis
2655 5143 2940 5198 subnixus.
2998 5146 3061 5198 Et
3094 5161 3191 5200 nos
3231 5146 3449 5216 quidem

1893 5231 2120 5283 humiles
2176 5246 2317 5285 nunc
2367 5232 2732 5300 orphanorum
2789 5251 2937 5290 more
2991 5237 3234 5306 Iugemus
3301 5237 3450 5293 illum

1891 5337 2014 5375 vere
2048 5322 2265 5376 Patrum
2309 5324 2644 5396 fratrumque
2667 5337 2961 5383 amatorem
3003 5348 3015 5384 :
3049 5331 3169 5398 ejus
3200 5345 3325 5384 vero
3354 5328 3455 5385 Ec-

1889 5414 2074 5476 clesia,
2125 5430 2219 5468 seu
2267 5417 2498 5485 pusillus
2532 5435 2682 5487 grex,
2714 5436 2824 5488 quo
2857 5436 2914 5476 se
2962 5431 3134 5476 vertat
3182 5422 3451 5486 nesciens,

1892 5517 2274 5576 pastoremque
2299 5518 2354 5562 et
2389 5518 2593 5579 patrem
2648 5527 2960 5582 reposcens,
2995 5515 3450 5584 quemadmodum

1893 5597 2068 5667 pullos
2095 5599 2387 5655 verisimile
2415 5611 2518 5657 est.
2552 5642 2564 5656 .
2601 5642 2614 5656 .
2650 5640 2665 5658 .
2701 5642 2714 5657 .
2750 5641 2766 5657 .
