3966 6462
535 374 672 438 1615
1538 357 1542 361 ”
1729 371 1789 433 s.
1830 368 2222 430 THEODORI
2251 369 2600 431 STUDlT/E
3649 374 3778 436 usus

875 486 1004 542 CCI.
1031 519 1099 528 —
1129 486 1402 540 Philol/reo
1441 485 1748 552 possessori.
2556 485 2873 555 2A'(95).—
2890 485 3147 550 ¢i.1005‘<,o
3166 484 3421 554 κτήτορι.

528 603 897 662 Presbyterum,
930 601 1018 662 qui
1055 603 1277 662 digamos
1317 601 1658 657 coronaverat,
1700 594 1875 662 sacris
1899 594 2092 656 operari
2116 604 2226 662 _non
2270 593 2458 662 debere
2486 609 2499 662 _:
2528 593 2656 662 sicut
2686 598 2783 659 jam
2816 597 2878 645 de
2916 597 3089 646 eodem
3119 599 3414 660 presbytero
3446 599 3508 648 ad
3543 603 3780 651 eumdem

1699 655 2014 708 l’hilotheum
2034 655 2301 714 scripserat
2322 655 2530 717 epistola
2557 656 2666 706 191.

599 807 614 822 .
647 811 662 823 .
695 810 708 823 .
741 807 756 821 .
788 808 799 821 .
844 766 1000 836 cujus
1060 765 1177 821 laus
1209 775 1294 822 est
1321 781 1414 835 per
1452 773 1618 819 totam
1657 762 2048 824 Macedoniam,
2080 776 2108 814 a

2361 803 2396 816 ..
2417 757 2479 817 οῦ
2503 766 2530 816 6
2559 764 2776 826 ἔπαινος
2805 765 2892 818 διὰ
2918 766 3098 834 πάσης
3122 766 3220 835 τῆς
3241 767 3603 832 Μακεδονίας,
3630 770 3781 838 παρά

529 861 812 917 monachis
841 862 1050 929 piisque
1075 859 1251 923 laieis,
1287 859 1338 912 in
1368 873 1461 912 ore
1499 856 1826 912 habentibus
1848 856 2101 909 decorem

2221 871 2266 907 τε
2316 856 2656 923 μοναζόντων
2711 857 2804 908 καὶ
2841 855 3042 909 λαῖκῶν
3091 857 3352 921 εὐσεϐῶν,
3385 859 3477 910 ἐπὶ
3526 859 3781 930 γλώσσης

529 963 583 1007 et
617 953 869 1006 virtutem
925 951 1139 1021 pietatis
1189 960 1313 1005 tuae.
1353 951 1448 1004 Det
1493 949 1586 1003 tibi
1637 948 1813 1003 adhuc
1837 946 2103 1002 Dominus

2221 946 2480 1016 ρερόντων
2531 947 2634 1015 τὴν
2677 947 2941 1018 καλλονὴν
2987 948 3080 1000 καὶ
3117 949 3316 1020 ἀρετὴν
3347 949 3446 1019 τῆς
3498 951 3782 1014 εὐσεϐείας

531 1046 667 1099 bene
722 1060 898 1113 agere,
933 1045 985 1098 in
1037 1045 1193 1100 bonis
1247 1043 1504 1111 operibus
1541 1042 1824 1103 ditescere,
1890 1038 2102 1093 facilem

2221 1054 2325 1090 ron.
2371 1037 2511 1090 Ἀλλ’
2553 1037 2633 1090 ἔτι
2679 1037 2790 1106 δῴη
2848 1055 2929 1091 σοι
2967 1039 3171 1109 Κύριος
3207 1039 3586 1107 ἀγαθοεργεῖν,
3620 1041 3782 1093 πλουο

531 1153 653 1192 esse
709 1139 774 1191 ad
814 1137 1147 1204 erogandum
1195 1144 1250 1190 et
1298 1133 1836 1197 communicandum,
1897 1131 1995 1185 tibi
2051 1130 2103 1184 in

2221 1129 2318 1179 ξεῖν
2372 1127 2430 1179 ὲν
2469 1127 2652 1197 ἔργοις
2707 1127 2912 1192 καλοῖς,
2947 1129 3303 1196 εύμετάδοτον
3333 1124 3496 1191 εἶναι,
3528 1147 3779 1182 κοινωνιο

533 1227 778 1283 futurum
812 1228 1182 1283 thesaurizare
1231 1227 1637 1282 fundamentum
1676 1226 1899 1288 bonum,
1936 1233 1996 1276 ut
2026 1223 2106 1277 vi-

2221 1217 2322 1280 ιιὸν,
2364 1219 2876 1290 ἀποθησαυρίζοντα
2921 1219 3096 1290 ὲαυτῷ
3124 1220 3372 1289 θεμέλιον
3421 1222 3587 1276 καλὸν
3616 1225 3696 1284 είς
3721 1225 3780 1276 τὸ

534 1336 642 1380 tam
678 1335 934 1380 aeternam
983 1339 1344 1392 consequare.
1375 1322 1419 1378 Ο
1449 1322 1730 1376 Philothee
1759 1321 1979 1389 optime,
2013 1318 2107 1373 de-

2221 1310 2422 1381 ,ιέλλονθ
2448 1312 2524 1374 ὼς
2543 1312 2608 1365 ἂν
2628 1311 2888 1384 ἐπιτεύξῃ
2917 1312 3019 1381 τῆς
3042 1314 3258 1367 αἰωνίου
3285 1313 3452 1383 ζωῆς.
3473 1310 3543 1367 Ὦ
3568 1316 3780 1383 φιλόθεε

536 1417 767 1484 positum
804 1417 924 1469 fidei
960 1416 1247 1485 diligenter
1280 1415 1516 1476 custodi,
1553 1413 1750 1466 divinis
1798 1409 2105 1464 actionibus

2221 1402 2491 1472 ιράτιστε,
2522 1403 2620 1475 τὴν
2653 1403 3122 1474 παρακαταθήκην
3148 1404 3248 1473 τῆς
3273 1405 3507 1470 πίστεως
3533 1407 3782 1476 ἀκριϐῶς

535 1521 747 1575 semper
775 1507 1070 1576 refulgens.
1101 1507 1176 1560 Ac
1208 1507 1275 1560 de
1307 1506 1390 1566 his
1409 1505 1626 1573 quidem
1651 1503 1806 1557 satis.
1834 1501 2104 1565 Quoniam

2221 1494 2355 1566 ’_cod.
2421 1496 2558 1565 Reg.
2611 1494 2888 1566 ἀσφαλῶς]
2943 1497 3176 1565 κάτεχε,
3211 1497 3297 1548 ἀεὶ
3327 1497 3782 1570 λαμπρυνάμενος

540 1610 720 1652 autem
775 1599 842 1652 de
873 1599 1190 1668 presbytero
1225 1601 1419 1652 iterum
1452 1612 1630 1651 sermo
1657 1605 1759 1660 est,
1798 1594 2107 1664 postulante

2221 1592 2325 1651 ταῖς
2350 1589 2628 1659 θεουργοῖς
2665 1590 2916 1658 πράξεσι.
2949 1591 3056 1644 Καὶ
3104 1591 3232 1662 περὶ
3262 1591 3469 1646 τούτων
3509 1593 3608 1662 μὲν
3639 1593 3781 1656 ἃλις.

538 1692 948 1746 honorificentia
979 1701 1096 1752 tua,
1121 1703 1181 1744 ut
1212 1691 1440 1745 liberum
1473 1690 1520 1742 ei
1548 1690 1616 1743 sit
1641 1689 1813 1742 sacris
1845 1686 2057 1756 operari
2091 1701 2104 1739 :

2221 1680 2437 1750 Ἐπειδὴ
2474 1681 2530 1733 δὲ
2561 1682 2651 1734 καὶ
2681 1681 2833 1744 αὖθις
2865 1681 3104 1752 περὶτοῦ
3139 1683 3510 1756 πρεσϐυτέρου
3543 1688 3571 1736 6
3601 1685 3780 1752 λόγος,

538 1791 684 1837 recte
707 1782 757 1835 id
783 1783 1022 1850 quidem,
1053 1782 1100 1835 si
1129 1782 1425 1835 humanum
1461 1792 1602 1835 esset
1634 1782 1776 1850 quod
1809 1779 2105 1847 quaeritur:

2221 1771 2524 1841 ἑξαιτούσης
2551 1772 2649 1841 τῆς
2672 1773 2986 1843 τιμιότητός
3037 1790 3128 1825 σου
3153 1775 3249 1843 τὴν
3271 1774 3421 1826 λύσιν
3442 1776 3534 1827 τοῦ
3570 1777 3784 1845 ἱερουρ-

540 1886 773 1942 namque
807 1874 870 1926 ad
910 1873 1316 1941 obsequendum
1351 1873 1443 1926 tibi
1480 1872 1532 1925 iu
1583 1872 1835 1924 omnibus
1881 1868 2107 1924 festina-

2221 1865 2325 1931 rei'v
2350 1863 2534 1915 αύτόνο
2586 1866 2633 1916 εί
2677 1864 2774 1934 μὲν
2823 1865 3161 1934 ἀνθρώπινον
3192 1861 3261 1936 ἦν
3312 1866 3372 1918 τὸ
3420 1866 3782 1936 ζητούμενον,

538 1979 745 2025 remus,
775 1965 1042 2017 inservire
1073 1963 1354 2031 cupientes
1413 1961 1530 2026 tibi,
1565 1962 1656 2031 qui
1684 1960 1902 2015 assidue
1952 1959 2107 2013 nobis

2221 1952 2266 2007 εῦ
2298 1955 2362 2008 ἂν
2396 1951 2560 2025 εἶχεν·
2599 1956 2910 2026 ἐχωροῦμεν
2963 1956 3069 2028 γὰρ
3119 1959 3253 2028 πρὸς
3308 1960 3488 2012 πᾶσάν
3537 1977 3632 2012 σου
3679 1963 3785 2013 ὑπο

538 2054 899 2108 obsecundas.
932 2051 1034 2109 Sed
1073 2055 1200 2124 quia
1229 2054 1295 2108 de
1321 2052 1432 2107 Deo
1475 2053 1671 2123 agitur,
1702 2053 1874 2121 deque
1903 2051 2106 2105 divino-

2221 2047 2380 2116 ικοὴν
2403 2088 2416 2111 ,
2449 2047 2728 2114 φιλοῦντες
2758 2066 2815 2101 σε
2847 2049 3168 2119 θεραπεύειν
3192 2051 3284 2104 τὸν
3301 2051 3590 2105 πολλοστὸν
3615 2054 3782 2124 θερα-

542 2161 663 2199 rum
729 2161 998 2199 canonum
1069 2146 1267 2200 decreti
1316 2146 1808 2214 praevaricatione,
1866 2144 2107 2211 ignosce,

2221 2141 2414 2209 πευτὴν
2445 2140 2618 2210 ἡμῶν.
2662 2141 2813 2194 Ἐπεὶ
2843 2141 2900 2196 δὲ
2944 2142 3072 2212 περὶ
3105 2142 3198 2195 τοῦ
3243 2143 3375 2196 Θεοῦ
3409 2146 3470 2197 τὸ
3527 2146 3785 2218 κινούμε-

541 2238 709 2293 frater
750 2239 1092 2304 charissime,
1142 2253 1248 2291 non
1297 2252 1596 2307 possumus
1641 2247 1828 2290 contra
1863 2235 2030 2290 Deum
2059 2246 2111 2289 et

2221 2249 2322 2285 vov'
2357 2233 2448 2286 καὶ
2481 2233 2580 2303 τῆς
2626 2233 2732 2285 τῶν
2767 2233 2924 2286 θείων
2951 2235 3190 2288 κανόνων
3230 2237 3564 2308 ὁροθεσίαςή
3595 2240 3785 2310 παρά-

543 2345 732 2386 sacros
787 2345 1024 2385 canones
1071 2330 1216 2384 ferre
1269 2330 1534 2398 judicium
1571 2368 1585 2391 ,
1631 2329 1933 2398 praesertim
1986 2342 2110 2382 cum

2221 2324 2393 2387 ϐασις·
2429 2323 2724 2392 σύγγνωθι,
2765 2324 2958 2392 ἀδελφὲ
2987 2325 3230 2394 φίλτατε*
3264 2328 3358 2396 οὺχ
3385 2323 3489 2382 οἷοί
3517 2330 3577 2382 τέ
3617 2333 3787 2398 ὲσμεν

545 2424 598 2474 in
633 2421 846 2490 negotio
866 2421 1022 2489 plane
1057 2420 1353 2484 consimili,
1381 2420 1755 2488 superioribus
1779 2419 2112 2488 temporibus

2221 2415 2351 2468 κατά
2400 2432 2459 2466 τε
2504 2413 2637 2466 Θεοῦ
2697 2415 2790 2467 καὶ
2833 2415 2992 2483 ίερῶν
3044 2419 3284 2470 κανόνων
3314 2422 3536 2471 άποῖσαι
3567 2421 3782 2490 κρίσιν·

545 2522 712 2566 totam
763 2511 928 2563 vitam
976 2520 1220 2563 nostram
1270 2511 1616 2578 posuerimus
1663 2524 1677 2573 ;
1739 2508 1790 2560 iu
1849 2507 2113 2560 adeundis

2221 2505 2448 2574 μάλιστα
2472 2506 2553 2558 ὅτι
2599 2509 2655 2559 ἐν
2685 2504 2832 2576 αὐτῷ
2859 2507 3032 2573 τούτῳ
3071 2507 3147 2577 τῷ
3181 2510 3466 2580 παρομοίῳ
3502 2511 3786 2582 κεσαλαίῳ

544 2601 820 2671 periculis,
878 2609 931 2654 et
973 2600 1200 2662 exsiliis,
1259 2607 1312 2652 et
1370 2599 1658 2657 mortibus,
1718 2598 1901 2668 potius
1947 2613 2111 2666 quam

2221 2597 2271 2647 ὲν
2312 2599 2423 2658 τοῖς
2471 2596 2802 2666 προλαϐοῦσι
2843 2597 3053 2667 χρόνοις
3085 2600 3264 2651 πᾶσαν
3311 2601 3409 2669 τὴν
3446 2601 3593 2670 ζωὴν
3623 2603 3786 2671 ἡμῶν

545 2694 978 2748 consentit-emus
1037 2691 1312 2755 iniquitati
1370 2699 1425 2745 et
1484 2689 1764 2743 violationi
1835 2688 2111 2758 Evangelii

2221 2685 2468 2755 ἐθέμεθα·
2511 2688 2761 2758 χωρῆσαι
2791 2689 2928 2758 πρὸς
2966 2688 3242 2752 κινδύνους
3269 2695 3384 2756 ,καὶ
3420 2692 3657 2762 ἐξορίας,
3689 2697 3790 2748 καὶ

544 2787 766 2842 Christi.
804 2786 990 2854 Neque
1019 2801 1149 2854 ergo
1180 2785 1549 2838 adulterorum
1574 2781 1900 2850 copulatora
1933 2782 2110 2844 nobis.

2221 2777 2498 2843 θανάτους,
2533 2781 2677 2849 ἥπερ
2710 2779 3000 2833 συνθέσθαι
3027 2783 3092 2850 τῇ
3117 2781 3338 2851 ἀνομίᾳ,
3370 2783 3467 2833 καὶ
3501 2783 3656 2836 λύσει
3691 2783 3788 2838 τοῦ

547 2895 720 2948 neque
747 2879 1029 2947 copulator
1053 2878 1414 2948 digamorum,
1453 2873 1768 2927 facultatem
1805 2873 1994 2926 habuit
2033 2890 2115 2927 sa-

2221 2871 2550 2937 Εύαγγελίου
2609 2871 2703 2924 τοῦ
2761 2871 3022 2942 Χριστοῦ.
3081 2871 3218 2925 Οὔτε
3258 2870 3350 2926 οῦν
3389 2876 3790 2946 μοιχοζεύκτης

547 2970 845 3024 crilicandi.
897 2969 1108 3022 Etenim
1149 2969 1191 3021 si
1233 2982 1338 3020 non
1385 2966 1587 3033 patitur
1637 2978 1790 3016 sacer
1822 2978 2019 3029 canon,
2057 2976 2114 3018 ut

2221 2963 2347 3030 παρ’
2369 2962 2546 3032 ἡμῶν,
2575 2962 2699 3016 οὔτε
2727 2963 3181 3034 διγαμοζεύκτης,
3201 2964 3416 3018 λέλυται
3438 2965 3539 3033 τῆς
3576 2967 3792 3037 ἱερουρ-

548 3063 834 3131 presbyter
864 3061 1183 3114 convivetur
1206 3059 1260 3112 in
1292 3056 1491 3127 digami
1525 3055 1747 3124 nuptiis.
1785 3054 1956 3109 multo
1983 3071 2115 3110 sane

2221 3055 2359 3122 γίας.
2403 3054 2466 3106 Et
2513 3055 2622 3124 γὰρ
2648 3057 2676 3107 6
2716 3055 2856 3126 ἱερὸς
2889 3054 3066 3108 κανὼν
3096 3057 3196 3111 ούκ
3224 3056 3476 3126 ἀνέχεται
3522 3060 3603 3120 είς
3638 3058 3792 3124 διγα-

551 3153 722 3222 magis
751 3153 999 3221 prohibet
1025 3167 1091 3206 ne
1123 3151 1275 3205 illum
1305 3159 1552 3204 coronet.

2221 3147 2446 3217 μοῦντος
2495 3149 2670 3216 γάμον
2705 3149 3022 3217 ὲστιαθῆναι
3057 3149 3145 3202 τὸν
3183 3151 3571 3220 πρεσϐύτερον·
3606 3151 3791 3220 πολλῷ

2217 3256 2279 3307 γε
2314 3241 2514 3310 μᾶλλον
2543 3240 2800 3311 ἀπείργει
2826 3239 3014 3292 τοῦτον
3048 3241 3139 3293 τοῦ
3171 3244 3537 3308 στεφανῶσαι.

620 3321 777 3389 Quod
806 3321 852 3376 si
875 3321 966 3374 alii
997 3321 1153 3375 aliter
1194 3320 1464 3390 judicant,
1494 3321 1728 3374 viderint
1758 3321 1884 3390 quid
1932 3332 2111 3390 agant.

2289 3334 2352 3386 Εἰ
2409 3333 2466 3385 δὲ
2509 3333 2658 3386 ἄλλοι
2713 3333 2890 3394 ἄλλως
2950 3333 3251 3402 κρίνουσιν,
3288 3335 3507 3402 ὄψονται
3569 3338 3656 3404 ἐφ’
3709 3333 3792 3403 οἷς

553 3414 664 3468 Nos
689 3415 866 3476 enim,
903 3413 1095 3481 inquit,
1133 3413 1292 3466 talem
1332 3412 1755 3465 consuetudinem
1792 3428 1893 3464 non
1958 3414 2115 3466 liabe-

2221 3425 2571 3493 πράττουσιν.
2616 3425 2815 3493 Ἡμεῖς
2847 3426 2976 3495 γὰρ,
3025 3428 3178 3494 φησι,
3209 3426 3304 3477 καὶ
3334 3429 3392 3478 αἱ
3435 3427 3792 3493 Ἐκκλησίαι

551 3522 686 3568 mus,
728 3520 890 3573 neque
923 3504 1164 3557 Ecclesia
1197 3504 1292 3556 Dei
1339 3504 1382 3534 ⁷⁸
1423 3540 1438 3555 .
1467 3504 1665 3567 Quare,
1691 3519 1814 3556 cum
1847 3503 2112 3570 judicium

2221 3512 2322 3566 τοῦ
2365 3514 2511 3567 Θεοῦ
2543 3517 2828 3584 τοιαύτην
2855 3515 3183 3582 συνήθειαν
3212 3519 3320 3571 οὐκ
3349 3518 3584 3586 ἔχομεν.
3627 3521 3793 3574 Ὥστε

550 3597 735 3650 videas
786 3611 908 3650 eum
942 3597 1180 3664 periculo
1205 3595 1576 3664 conjunctum,
1610 3594 1718 3647 noli
1775 3595 1882 3647 vim
1940 3594 2117 3650 facere

2221 3605 2369 3667 εἰδὼς
2427 3607 2486 3658 τὸ
2533 3608 2872 3661 ἐπικίνδυνον
2921 3612 3114 3679 κρῖμα,
3177 3611 3250 3681 μὴ
3290 3611 3636 3682 παραϐιάζου
3691 3612 3791 3684 τὴν

551 3686 845 3740 humilitati
875 3695 1093 3740 nostrae.
1129 3685 1260 3738 Nam
1291 3686 1336 3739 si
1395 3700 1493 3751 pro
1518 3684 1759 3738 veritatis
1803 3684 2118 3741 defensione

2221 3700 2547 3750 ταπείνωσιν
2576 3699 2753 3767 ἡμῶν.
2785 3700 2847 3752 El
2882 3700 2988 3770 γὰρ
3020 3701 3159 3772 ὑπὲρ
3197 3702 3292 3755 τοῦ
3320 3703 3479 3769 λόγου
3525 3703 3620 3772 τῆς
3653 3706 3791 3776 ἀλη-

552 3775 616 3827 ad
647 3773 887 3843 pericula
918 3773 1158 3840 quotidie
1183 3773 1536 3841 accingimur,
1577 3787 1686 3840 quo
1715 3781 1870 3840 pacto
1925 3785 2116 3828 contra

554 3865 833 3919 veritatem
859 3863 1105 3917 dissimili
1129 3862 1359 3916 consilio
1383 3861 1655 3916 irruemus
1681 3863 1704 3916 ἲ
1736 3861 1852 3916 Νοιι
1881 3873 1964 3917 est
1989 3879 2120 3918 con-

554 3963 866 4009 sentaneum
888 3991 904 4016 ,
942 3952 1188 4014 Domine,
1228 3961 1420 4020 przeter
1452 3967 1513 4006 ea
1541 3967 1661 4020 quae
1693 3952 1953 4006 divinitus
1981 3953 2122 4020 judi-

554 4056 674 4100 cata
727 4058 876 4108 sunt,
911 4044 1090 4098 facere
1141 4045 1439 4113 quidquam
1479 4055 1575 4098 aut
1619 4045 1787 4114 loqui.
1838 4045 2122 4099 Credimus

555 4145 733 4190 autem
761 4145 843 4202 te,
875 4137 968 4206 qui
1007 4149 1170 4188 unam
1218 4135 1418 4203 quaeris
1484 4136 1722 4190 divinam
1785 4137 2113 4191 voluntatem

554 4237 608 4280 et
632 4229 857 4281 salutem
893 4229 1090 4281 anima:
1145 4235 1271 4289 tuae,
1313 4241 1665 4281 assensurum
1707 4227 1790 4280 his
1839 4244 1958 4296 quae
1990 4228 2124 4282 dixi-

557 4334 702 4380 mus,
725 4328 1115 4388 oraturumque
1165 4328 1224 4374 ut
1251 4319 1446 4374 divina:
1477 4319 1579 4386 legi
1617 4319 1828 4373 firmius
1857 4320 2120 4373 inhaerea-

559 4424 698 4470 mus,
743 4423 840 4462 nec
873 4409 1167 4478 quidquam
1227 4407 1583 4464 admittamus
1640 4424 1751 4478 quo
1805 4410 2119 4463 mandatum

562 4499 653 4555 Dei
691 4500 774 4553 vel
804 4515 981 4554 canon
1010 4501 1264 4555 violetur.

2220 3789 2370 3851 θείας
2407 3790 2529 3843 καθ’
2558 3790 2793 3860 ἑκάστην
2844 3793 3056 3863 ἡμέραν
3104 3796 3183 3855 είς
3231 3795 3505 3859 κινδύνους
3547 3813 3794 3866 παρατε-

2218 3881 2488 3950 τάγμεθα,
2513 3880 2630 3945 πῶς
2659 3883 2798 3934 κατὰ
2824 3885 2922 3954 τῆς
2945 3885 3203 3950 ἀληθείας
3233 3889 3602 3958 ἐτεροτρόπως
3635 3905 3795 3957 κινη-

2221 3972 2530 4044 θησόμεθα;
2581 3975 2683 4027 οὐκ
2725 3973 2837 4044 ἔχει
2903 3976 3095 4044 φύσιν,
3133 3971 3176 4029 ὧ
3235 3978 3484 4040 δέσποτα,
3534 3979 3687 4047 παρά
3724 3981 3794 4033 τὰ

2222 4065 2458 4127 θειωδῶς
2495 4066 2798 4135 κεκριμένα
2827 4068 2938 4126 τοῖς
2970 4067 3181 4127 κανόσι,
3216 4067 3410 4135 δρᾶσαί
3441 4083 3494 4118 τι
3524 4069 3556 4134 ἢ
3591 4070 3788 4123 εἰπεῖν.

2223 4159 2566 4227 Πιστευομεν
2610 4157 2668 4209 δὲ
2716 4158 2798 4209 ὅτι
2827 4159 2920 4209 καὶ
2968 4159 3130 4221 αὐτὸς
3165 4159 3223 4210 ἓν
3252 4159 3428 4228 ζητῶν
3464 4159 3522 4211 τὸ
3555 4160 3790 4229 θέλημα,

2225 4252 2321 4303 καὶ
2348 4251 2408 4302 τὸ
2435 4251 2781 4319 σωτηριῶδες
2805 4250 2905 4318 τῆς
2936 4250 3112 4320 ψυχῆς
3140 4269 3254 4314 σου,
3282 4253 3627 4320 συμφήσειας
3660 4255 3794 4321 ἡμῖν

2223 4343 2316 4393 ἐπὶ
2355 4345 2467 4403 τοῖς
2496 4340 2842 4408 λελεγμένοις
2867 4357 2882 4371 ο
2912 4342 3005 4394 καὶ
3035 4341 3304 4414 προσεύξῃ
3335 4343 3533 4411 μᾶλλον
3565 4345 3792 4414 ἐπερεί-

2221 4433 2404 4486 δεσθαι
2436 4435 2581 4502 ἡμᾶς
2626 4433 2701 4502 τῷ
2759 4433 2886 4499 θείῳ
2931 4433 3097 4503 νόμῳ,
3142 4435 3234 4487 καὶ
3273 4434 3346 4503 μὴ
3397 4435 3684 4504 προΐεσθαι
3731 4437 3795 4490 τὸ

2221 4523 2429 4575 οἱονοῦν
2464 4525 2557 4575 ἐπὶ
2590 4523 2899 4594 παραϐάσει
2935 4524 3157 4594 ὲντολῆς
3201 4524 3336 4577 Θεοῦ
3373 4527 3467 4577 καὶ
3521 4527 3747 4586 κανόνος
3773 4567 3787 4582 .

977 4628 1130 4683 CCII.
1169 4660 1240 4672 —
1273 4627 1463 4683 Maria:
1494 4627 1815 4684 Svatlmrice.

2469 4656 2562 4708 ΣΒ¹
2589 4657 2803 4727 (96).—-
2830 4659 3022 4727 Μαρίᾳ
3051 4659 3370 4726 σπαθαρίᾳ,
3395 4656 3572 4731 [ωιδἏ]

1529 4769 1876 4819 Paenitentiam
1895 4771 2068 4823 indicit
2088 4777 2149 4824 ob
2177 4779 2407 4827 vrolatum
2437 4776 2667 4828 Ecclesiae
2691 4777 2895 4836 asylum.

632 4874 886 4944 Agnoscit
940 4875 1352 4930 honorificentia
1406 4885 1519 4940 tua,
1575 4877 1872 4932 Ecclesiam
1928 4882 2118 4936 salutis

2306 4886 2368 4939 'H
2395 4887 2643 4953 τιμιότης
2678 4901 2770 4937 σου
2806 4881 3062 4952 γνωρίζει
3090 4883 3170 4934 ὅτι
3217 4883 3249 4952 η
3287 4881 3582 4950 Ἐκκλησία
3618 4899 3797 4949 φυγα-

560 4982 681 5022 esse
711 4969 1036 5036 perfugium,
1056 4969 1120 5022 ad
1159 4983 1388 5038 eamque
1411 4979 1667 5039 tanquam
1712 4972 1763 5024 in
1791 4988 1983 5028 manus
2005 4976 2117 5037 Dei,

2223 4978 2502 5047 δευτήριόν
2533 4979 2648 5029 ὲστι
2682 4976 2951 5046 σωτηρίας
2977 4992 2990 5004 ο
3023 4975 3115 5028 καὶ
3133 4975 3319 5044 ῶσπερ
3343 4976 3420 5036 εἰς
3441 4976 3628 5044 χεῖρας
3653 4974 3795 5026 Θεοῦ

563 5057 846 5127 profugum
875 5076 1161 5113 accurrere
1181 5077 1327 5123 eum,
1352 5076 1512 5129 quem
1540 5062 1899 5117 circumstant
1950 5081 2119 5133 angu-

2221 5071 2249 5121 6
2285 5067 2532 5138 πρόσφυξ
2557 5068 2844 5136 ἀποτρέχει
2892 5065 3307 5136 περιστατηθεὶς
3359 5066 3461 5117 ὑπὸ
3510 5068 3791 5131 ἀναγκῶν.

564 5151 697 5204 suae.
735 5149 919 5219 Neque
947 5152 1110 5221 igitur
1145 5153 1195 5205 in
1251 5153 1428 5207 Veteri
1469 5152 1819 5209 Testamento
1878 5157 1959 5210 fas
2009 5169 2119 5212 eral

2223 5160 2358 5212 Οῦτε
2390 5157 2483 5213 οῦν
2514 5163 2650 5228 ὲντῇ
2685 5160 2898 5228 Παλαιᾷ
2925 5158 3168 5230 Διαθήκῃ
3198 5159 3314 5222 ἐξὸν
3352 5153 3418 5228 ἦν
3451 5159 3560 5210 τῶν
3583 5161 3661 5220 εις
3694 5159 3796 5229 τὴν

563 5257 748 5295 eorum
773 5244 864 5310 qui
901 5245 964 5295 ad
1007 5244 1199 5312 refugii
1233 5245 1504 5299 civitatem
1531 5258 1836 5311 evaserant,
1883 5250 2119 5319 abripere

2225 5250 2378 5302 πόλιν
2419 5251 2524 5302 τῶν
2575 5249 3020 5319 φυγαδευτηρίων
3089 5250 3556 5318 ἀποσεσωσμένων
3611 5233 3795 5318 ἀφαρ-

563 5348 931 5400 quemquam;
959 5343 1011 5387 et
1065 5337 1232 5388 multo
1274 5336 1446 5404 magis
1485 5336 1540 5389 in
1607 5335 1756 5393 Novo
1783 5337 2119 5394 Testamentc

2225 5338 2417 5402 πάζειν
2446 5339 2600 5391 τινά³
2625 5340 2684 5391 ού
2715 5339 2896 5408 πολλῷ
2952 5339 3148 5408 μᾶλλον
3181 5340 3238 5390 ὲν
3292 5341 3355 5408 τῇ
3405 5337 3520 5407 Νέᾳ
3570 5339 3796 5408 θεμιτὸν

566 5422 715 5477 nefas
737 5434 821 5477 est
844 5427 1126 5480 extrahere
1150 5427 1218 5479 ab
1260 5427 1486 5482 ecclesia
1536 5429 1626 5498 qui
1662 5443 1726 5484 eo
1764 5430 2119 5502 confugerint.

2226 5432 2479 5499 ἀποσπᾷν
2513 5432 2609 5498 τῆς
2639 5431 2936 5500 ἐκκλησίας
2977 5429 3102 5493 τοὺς
3145 5427 3610 5498 καταφεύγοντας.
3638 5429 3792 5483 Καθ-

635 5600 679 5628 ⁷⁸
738 5599 910 5655 lCor.
943 5618 1039 5665 xu,
1096 5603 1182 5654 16.

2093 5691 2287 5744 ἰΟΤᾹῖ.

2093 5693 2119 5741 ’1

641 5777 752 5846 (95)
784 5778 840 5831 In
875 5781 996 5831 cod.
1035 5780 1160 5847 licg.
1202 5781 1294 5832 36'.
2060 5691 2100 5745 Β

2221 5691 2287 5743 Ε.

2221 5782 2316 5847 ⁵96)
2358 5781 2413 5831 In
2447 5781 2566 5832 cod.
2593 5779 2721 5849 Reg.
2758 5791 2864 5844 σς⁶.
