3966 6500
223 465 343 522 ltili

1402 459 1941 518 EPIS'I‘OLABUM
1998 457 2142 515 LIB.
2184 458 2265 514 Ῑῐ,

3327 451 3460 511 IGIS

218 570 420 636 ὑϐρισις
444 569 554 640 γάρ
578 568 696 620 ἐστι
734 569 891 620 τοῦτο
943 569 1052 622 τῶν
1097 567 1258 621 θείων
1293 568 1509 636 ’νόμων,
1554 565 1650 618 καὶ
1686 562 1783 618 τοῦ

1890 560 2228 615 Contumelia
2274 561 2419 616 enim
2459 560 2573 614 haec
2629 569 2712 614 est
2737 558 3043 612 divinarum
3083 559 3261 628 legum
3321 560 3462 612 divi-

217 655 352 708 θείου
384 656 790 728 θυσιαστηρίου.
827 657 991 710 Ὥστε
1039 657 1371 727 σκοπησάτω
1426 673 1520 707 σου
1554 656 1588 723 ὴ
1621 655 1780 708 εὐσέ-

215 747 348 810 ϐεια,
385 748 568 818 ἡλίκον
592 748 654 799 τὸ
690 748 964 819 τόλμημα.
996 749 1091 810 Τίς
1117 748 1176 801 δὲ
1221 751 1254 819 ἠ
1290 748 1590 820 θεραπεία;
1621 748 1781 818 Πρῶ-

213 855 299 890 τον
332 839 430 909 μὲν
461 839 520 891 τὸ
556 839 746 893 θέσθαι
780 842 943 910 ἑαυτῇ
975 841 1102 911 ὅρον
1123 881 1138 904 ,
1172 841 1370 910 μηκέτι
1402 839 1606 910 τολμᾷν
1626 840 1784 892 τοῦτο

213 932 452 1000 πρᾶξαι,
491 931 591 985 κᾶν
627 933 696 985 τὰ
725 933 839 986 ἄνω
884 933 1036 985 κάτω
1084 935 1330 1002 γένηται.
1366 935 1602 988 Ἔπειτα
1644 935 1783 985 Τεσ-

213 1024 546 1096 σαρακοστὴν
571 1025 700 1095 ὃλην
728 1026 1028 1096 ἀπέχεσθαι
1061 1025 1169 1079 τῶν
1199 1027 1582 1096 ἀγιασμὰτων,
1623 1043 1782 1094 γονυ-

211 1113 461 1167 κ),ινοῦσα
510 1115 858 1185 καθεκάστην
918 1116 1181 1181 δεκάκις,
1213 1119 1308 1170 καὶ
1356 1117 1784 1186 πεντηκοντάκις

212 1207 475 1272 λέγουσα·
513 1208 707 1278 Κύριε,
769 1207 1124 1280 συγχώρησόν
1179 1227 1270 1280 μοι
1319 1211 1420 1278 τὴν
1464 1211 1780 1280 ἁμαρτίαν·

211 1294 398 1364 Κύριε,
454 1295 700 1366 ἱλάσθητί
736 1315 826 1367 μοι
859 1301 924 1367 τῇ
985 1299 1317 1369 ἁμαρτωλῷ.
1365 1299 1599 1369 Ὁμοίως
1647 1299 1778 1353 καί·

210 1386 398 1456 Κύριε,
427 1389 651 1459 ἐλέησόν
672 1405 738 1457 με
761 1389 991 1456 δωρεάν.
1026 1390 1188 1458 Τρεῖς
1219 1408 1277 1443 τε
1320 1391 1569 1461 ψαλμοὺς
1603 1407 1786 1462 στιχοε

208 1479 415 1546 λογεῑνο
455 1479 748 1550 ἐξαιρέτοις
784 1481 877 1533 τὸν
927 1488 1005 1546 ς’,
1040 1483 1132 1535 τὸν
1161 1482 1258 1548 λζ’,
1301 1485 1396 1536 καὶ
1440 1483 1536 1537 τὸν
1587 1488 1652 1547 ν’,
1688 1483 1786 1535 καὶ

207 1565 301 1622 εἷθ’
327 1570 504 1633 οὕτως
532 1574 559 1624 ὁ
591 1570 721 1635 Θεὸς
767 1574 1111 1643 συγχωρήσει
1136 1591 1237 1638 σοι,
1270 1573 1456 1644 κυρία,
1475 1574 1577 1646 τὴν
1597 1576 1783 1645 ἁμαρ-

204 1659 339 1715 τίαν.
371 1663 436 1715 Ei
466 1663 523 1715 δὲ
560 1663 656 1714 καὶ
684 1662 914 1732 πάρεστι
943 1661 1195 1733 δύναμις,
1231 1664 1645 1736 τεσσαράκοντα
1678 1666 1782 1736 ἁρ-

204 1750 364 1822 γύρια
385 1751 572 1806 δοῦναι
608 1757 871 1824 πτωχοῖς.
1813 1760 1815 1762 ’

369 1863 468 1917 ΣΓ¹
505 1865 640 1934 (97).
667 1895 739 1905 -
761 1866 988 1938 Εἰρήνῃ
1043 1869 1369 1939 ἡγουμένῃ.
1399 1867 1586 1942 [ωια¹.]

1888 657 2051 723 nique
2083 655 2290 708 altaris.
2356 652 2537 719 Quare
2571 653 2880 706 consideret
2906 653 3074 722 pietas
3126 663 3239 714 tua,
3283 668 3460 721 quan-

1890 756 2002 800 tum
2037 745 2107 801 sit
2152 747 2258 800 hoc
2317 745 2550 799 facinus.
2623 744 2881 810 Quaenam
2927 759 3056 797 vero
3088 756 3171 798 est
3201 743 3406 797 medela
3442 744 3467 796 ?

1885 838 2127 892 Primum
2162 840 2380 909 quidem
2425 838 2518 892 tibi
2562 839 2661 908 ipsi
2713 849 2774 891 ut
2806 839 2976 907 legem
3005 846 3236 899 statuas,
3280 837 3465 890 nelmc

1885 932 2066 986 facere
2093 933 2296 985 audeas
2319 931 2552 1002 amplius
2572 973 2588 997 ,
2617 939 2670 984 et
2700 945 2917 997 pessum
2953 939 3079 983 eant
3116 928 3322 982 omnia.
3361 927 3464 980 De-

1883 1025 2007 1078 inde
2030 1032 2271 1078 uttntam
2299 1025 2785 1093 Quadragesimam
2837 1039 2867 1078 a
2905 1025 3077 1078 sacris
3142 1021 3422 1076 abstineas
3448 1059 3463 1082 ,

1885 1117 2064 1172 decies
2085 1134 2257 1188 genua
2287 1117 2512 1176 ﬂectens
2551 1118 2778 1188 singulis
2797 1117 3010 1181 diebus,
3036 1114 3466 1184 etquinquagies

1883 1210 2070 1264 dicens
2108 1229 2121 1264 :
2168 1211 2414 1275 Domine,
2437 1211 2687 1265 condona
2725 1209 2856 1263 mihi
2892 1210 2994 1263 hoc
3026 1207 3465 1278 peccatum.Do-

1885 1303 2053 1364 mine,
2081 1303 2349 1374 propitius
2381 1314 2499 1358 esto
2530 1303 2662 1358 mihi
2697 1303 3011 1374 peccatrici.
3038 1301 3410 1371 Similiterque
3445 1318 3458 1353 :

1885 1391 2134 1459 Domine,
2159 1395 2418 1448 miserere
2448 1394 2553 1448 mei
2583 1396 2770 1462 gratis.
2804 1393 2937 1449 Tres
2967 1409 3186 1464 quoque
3224 1393 3465 1463 psalmos

1887 1486 2107 1550 recites,
2141 1487 2408 1556 praecipue
2462 1497 2702 1553 sextum,
2745 1487 3082 1542 tricesimum
3123 1486 3416 1554 septimum
3450 1525 3464 1545 ,

1889 1588 1945 1633 et
1966 1579 2480 1650 quinquagesimum
2514 1597 2527 1633 :
2555 1590 2718 1650 atque
2742 1579 2817 1635 ita
2849 1579 2989 1634 Deus
3022 1587 3313 1650 peccatum
3345 1578 3464 1641 tibi,

1883 1671 2102 1727 domina
2131 1711 2144 1733 ,
2179 1673 2438 1725 remittet.
2466 1672 2618 1738 Quod
2647 1671 2693 1727 si
2722 1673 2885 1726 etiam
2909 1672 3151 1740 suppetit
3173 1668 3412 1725 facultas
3448 1710 3466 1736 ,

1885 1763 2241 1833 quadraginta
2279 1775 2566 1833 argenteos
2589 1765 2684 1819 des
2716 1764 3068 1834 pauperibus.

2317 1874 2491 1931 CCIII.
2520 1907 2589 1916 --
2615 1874 2787 1930 [reme
2809 1878 3125 1945 prwpositw.

208 1971 399 2023 Rursus
423 1975 488 2023 de
521 1975 819 2037 presbytero
844 1975 929 2038 qui
951 1991 1063 2026 cum
1085 1976 1336 2028 haereticis
1354 1976 1798 2091 communicavgralt
1821 1996 1833 2031 :
1861 1985 2132 2092 facrmcare
2157 2000 2252 2035 non
2275 1985 2464 2036 debere
2485 1999 2644 2048 usque
2675 1986 2734 2034 ad
2767 1987 3029 2047 synodum,
3075 2000 3173 2048 qua
3198 1986 3262 2037 de
3286 1983 3469 2036 talibus

1744 2057 1770 2091 8
1799 2057 1857 2092 ua
1885 2060 1958 2092 Ul‘.

1695 2055 1958 2094 SlaluaIUl‘.

268 2145 510 2216 Μακρὰν
542 2146 652 2199 ἀπὸ
685 2147 793 2200 τῶν
825 2149 1120 2220 ἐγκωμίων
1152 2166 1244 2202 σου
1277 2151 1326 2203 οἱ
1357 2150 1551 2221 τρόποι
1605 2151 1699 2204 καὶ
1728 2151 1779 2203 οἱ

1953 2155 2135 2228 Longe
2160 2157 2359 2213 absunt
2384 2157 2454 2210 ab
2477 2156 2743 2211 encomiis
2770 2157 2876 2212 tuis
2897 2173 3076 2212 mores
3101 2165 3156 2212 et
3183 2172 3469 2214 sermones

201 2238 347 2304 λόγοι
375 2239 476 2308 τῆς
507 2240 785 2303 πολιτείας
827 2258 953 2309 μου,
983 2243 1287 2314 τιμιωτάτη
1308 2243 1607 2310 γυναικῶν.
1641 2244 1782 2298 Ἀλλ’

204 2330 361 2382 εἴωθε
390 2331 536 2400 ψυχὴ
570 2331 735 2402 πιστὴ
766 2332 861 2383 καὶ
891 2331 1132 2402 ζητοῦσα
1164 2333 1254 2387 τὸν
1291 2335 1784 2405 Κύριον,ἐπαίνους

203 2422 469 2474 ἀνάπτειν
489 2424 600 2483 τοῖς
622 2425 720 2490 ἀγε
731 2423 972 2493 ράστοις,
997 2424 1072 2487 ὡς
1090 2424 1155 2478 ἂν
1179 2424 1428 2478 ἐντεῦθεν
1479 2427 1786 2496 ἐρανίσοιτο

203 2514 260 2566 τὸ
289 2516 391 2584 τῆς
418 2517 921 2587 ταπεινοφροσύνης
948 2518 1128 2581 κλέος.
1162 2518 1401 2589 Τοιαύτη
1445 2515 1538 2572 οὖν
1565 2519 1782 2572 ὑπεδεί-

203 2607 335 2678 χθης
365 2609 524 2678 ἡμῖν,
560 2608 766 2678 ἀδελφὴ
800 2611 858 2661 ἐν
909 2610 1119 2680 Κυρίῳ.
1169 2611 1323 2665 Ἐπεὶ
1354 2612 1449 2665 καὶ
1493 2613 1652 2682 ἡμεῖς
1694 2629 1784 2679 γι-

202 2689 506 2764 νώσκοντες
537 2701 606 2753 τὰ
636 2704 757 2753 καθ’
787 2702 1035 2766 ἑαυτοὺς,
1085 2703 1207 2756 οὐδὲ
1249 2703 1358 2757 τῶν
1393 2703 1488 2756 νῦν
1541 2705 1786 2774 ἐσχάτων

206 2793 520 2846 ἰσοστατεῖν
551 2796 813 2864 κρίνομεν
837 2795 1063 2857 ἑαυτούς
1086 2812 1101 2828 ο
1137 2796 1211 2866 μὴ
1243 2797 1324 2850 ὅτι
1370 2813 1432 2863 γε
1483 2796 1606 2865 ὕψει
1641 2796 1788 2867 τηλι-

203 2887 382 2957 κούτῳ
407 2887 775 2956 παρενείρειν,
813 2887 956 2940 καθὰ
996 2888 1303 2957 γέγραφας.
1343 2890 1483 2942 Ἀλλ’
1524 2884 1626 2944 ὧδε
1685 2890 1784 2960 μὲν

203 2977 378 3029 ταῦτα
413 2976 637 3029 κείσθω.
671 2977 795 3029 Ἐπὶ
823 2977 880 3029 δὲ
905 2979 970 3048 τῇ
1013 2977 1108 3031 τοῦ
1162 2979 1539 3050 πρεσϐυτέρου
1584 2980 1787 3032 ὑποθέ-

205 3085 284 3120 σει
317 3069 620 3138 μετακτέον
659 3069 748 3120 τὲν
788 3069 968 3136 λόγον.
1018 3069 1258 3122 Οὑτίπου
1299 3068 1542 3140 ἡμεῖςμῦ
1569 3072 1785 3141 ἁμμὰς,

202 3163 297 3216 νῦν
333 3165 434 3233 μὲν
459 3162 618 3215 τοῦτο
643 3164 894 3234 λέγομεν,
925 3162 1113 3234 αὔριον
1147 3165 1204 3216 δὲ
1236 3167 1422 3235 ’έτερον
1450 3180 1462 3194 ’
1492 3164 1609 3218 ἀλλ’
1628 3167 1662 3218 ὁ·
1686 3169 1785 3219 αὑ-

200 3255 284 3318 τὸς
323 3255 482 3321 λόγος
511 3256 570 3307 ἐν
613 3257 742 3325 ἡμῖν
790 3258 937 3308 ἐστιν
985 3256 1089 3310 ἀεί.
1137 3255 1200 3308 Τί
1229 3257 1424 3320 τοῦτος
1459 3257 1550 3311 τὸν
1591 3257 1789 3312 ἁλόντα

203 3348 582 3419 πρεσϐύτερον
611 3351 677 3419 τῇ
728 3350 984 3420 κοινωνίᾳ
1035 3351 1143 3401 τῶν
1181 3350 1493 3419 αἱρετικῶν,
1534 3352 1650 3418 εἴγε
1685 3351 1789 3420 μά-

203 3443 368 3495 λιστα
416 3443 512 3494 καὶ
567 3443 883 3512 ὑπογραφῇ,
936 3443 1011 3512 μὴ
1054 3443 1257 3508 ἐξεῖναι
1311 3443 1632 3514 ἱερουργεῖν,
1685 3443 1788 3506 ἕως

1888 2253 2009 2306 vitae
2049 2267 2202 2317 meae,
2240 2252 2666 2307 houoratissima
2699 2251 3012 2305 mulierum.
3046 2251 3154 2308 Sed
3185 2252 3325 2308 solet
3349 2251 3470 2305 aui-

1887 2357 1974 2396 ma
2030 2342 2206 2398 ﬁdelis
2233 2352 2287 2398 et
2339 2359 2590 2412 quaerens
2651 2342 2940 2396 Dominum
2988 2342 3178 2398 laudes
3227 2343 3470 2397 tribucre

1888 2437 2194 2502 immeritis,
2233 2446 2291 2492 ut
2312 2437 2638 2492 humilitatis
2679 2436 2804 2492 inde
2839 2437 3066 2506 gloriam
3093 2435 3468 2491 nanciscatur.

1889 2527 2073 2583 Talem
2106 2529 2273 2600 igitur
2292 2540 2342 2584 te
2360 2546 2481 2586 esse
2511 2529 2861 2600 agnovimus,
2907 2543 3066 2583 soror
3091 2529 3143 2582 in
3209 2526 3466 2582 Domino.

1888 2619 2023 2674 Nam
2051 2637 2176 2675 cum
2212 2636 2314 2677 nos
2365 2622 2513 2692 ipsos
2544 2637 2966 2692 cognoscamus,
3013 2637 3115 2676 nec
3170 2621 3470 2692 postremis

1887 2711 1980 2780 qui
2034 2727 2180 2767 nunc
2208 2721 2355 2776 sunt,
2409 2726 2509 2767 nos
2530 2727 2918 2781 exaequamus:
2958 2712 3164 2766 nedum
3205 2721 3265 2765 ut
3316 2720 3467 2765 tanto

1887 2819 1988 2859 nos
2020 2804 2320 2859 inferamus
2344 2803 2749 2875 fastigio,sicut
2800 2805 3088 2873 scripsisti.
3125 2802 3323 2856 Verum
3353 2802 3472 2856 lucc

1888 2898 2194 2966 quidemita
2219 2912 2278 2953 se
2305 2898 2561 2952 habeant.
2588 2898 2668 2951 Ad
2703 2896 3003 2968 presbyteri
3035 2912 3258 2951 causam
3293 2905 3472 2950 trans-

1889 2989 2107 3044 ferenda
2141 3001 2226 3044 est
2263 2991 2461 3045 oratio.
2521 2989 2957 3060 Haudquaquam
2994 3004 3093 3044 nos
3120 3030 3133 3051 ,
3191 3003 3222 3041 ο
3253 2995 3428 3040 mater
3451 3025 3468 3050 ,

1891 3099 2036 3135 nunc
2069 3082 2286 3150 quidem
2319 3082 2422 3135 hoc
2449 3081 2707 3145 dicimus,
2755 3095 2879 3134 cras
2906 3091 3088 3132 autem
3144 3078 3288 3131 aliud
3326 3093 3340 3130 :
3374 3077 3473 3132 sed

1891 3172 2031 3224 idem
2069 3169 2226 3223 nobis
2254 3185 2470 3238 semper
2499 3177 2581 3224 est
2619 3183 2821 3223 sermo.
2853 3167 2994 3232 Quid
3029 3167 3134 3220 hoc
3170 3173 3252 3220 est
3286 3163 3468 3219 ?Pre-

1890 3262 2129 3333 sbytero,
2154 3262 2247 3331 qui
2278 3263 2328 3315 in
2402 3262 2777 3316 haereticorum
2838 3259 3222 3315 communione
3276 3258 3473 3328 depre~

1891 3355 2097 3409 liensus
2117 3364 2218 3420 est,
2266 3355 2610 3422 maximeque
2644 3355 2690 3409 si
2725 3352 3074 3422 subscripsit,
3122 3352 3298 3407 sacris
3317 3351 3470 3420 fungi

1891 3445 2202 3506 noulicere,
2243 3459 2420 3512 usque
2445 3443 2511 3497 ad
2527 3444 2797 3514 synodum
2854 3442 3243 3508 orthodoxam,
3279 3443 3330 3495 in
3360 3457 3470 3512 qua

201 3533 399 3604 καιροῦ
457 3534 739 3605 ὀρθοδὸξου
814 3534 1056 3598 συνόδου,
1111 3527 1258 3608 ἐφῇ
1303 3534 1371 3587 τὰ
1413 3533 1641 3588 τοιαῦτα
1693 3535 1787 3588 καὶ

1892 3538 2006 3591 haec
2032 3537 2416 3600 discutiuntur,
2448 3545 2502 3591 et
2551 3535 3001 3606 dijudicahuntur
3033 3551 3048 3587 :
3093 3534 3198 3588 nisi
3232 3543 3472 3588 tantum-

202 3623 618 3695 θεωρηθήσεται
652 3624 746 3676 καὶ
774 3623 1192 3693 διακριθήσεται
1221 3639 1236 3654 ο
1279 3623 1312 3694 ἢ
1357 3624 1518 3692 μόνον
1551 3623 1613 3676 τὸ
1644 3623 1786 3676 κατὰ

206 3718 534 3788 περίστασιν
591 3715 898 3786 βαπτίζειν,
966 3716 1282 3785 ἐκκομίζειν
1322 3716 1536 3786 νεκρὸν,
1585 3715 1787 3768 διδόναι

202 3811 353 3882 [cut].
396 3811 534 3879 Reg.
585 3807 771 3880 διδεῖν]
832 3810 1020 3880 σχῆμα
1071 3808 1291 3880 μοναχῴ
1325 3849 1340 3874 ,
1393 3809 1639 3877 ἁγιάζειν
1677 3809 1826 3862 τῶν.

199 3903 517 3970 Θεοφανίων
535 3903 597 3956 τὸ
622 3900 787 3974 ὕδωρ,
809 3901 1261 3970 εὐαγγελίζεσθαι
1287 3902 1409 3956 κατ’
1437 3901 1660 3972 ἄρθρον,
1692 3903 1787 3955 καὶ

205 3995 549 4062 μεταδιδόναι
591 3995 703 4048 τῶν
766 3995 1126 4064 ἁγιασμάτων
1199 3995 1301 4065 ἤδη
1346 3994 1786 4064 θεουργηθέντων

203 4086 309 4138 ὑπὸ
346 4085 696 4156 σεσωσμένον
729 4085 1121 4157 πρεσϐυτέρου.
1152 4085 1261 4138 Καὶ
1282 4083 1481 4149 ταῦτα,
1513 4085 1588 4146 ὡς
1611 4080 1786 4150 εἷπον,

203 4180 263 4246 ἐξ
293 4178 564 4248 ἀνάγκης.
609 4179 764 4230 Ἐπεὶ
786 4179 1176 4249 εὑρισκομένου
1201 4176 1293 4231 τοῦ
1331 4177 1405 4247 μὴ
1444 4176 1788 4246 ἐμπαρέντος

201 4273 271 4340 τῇ
295 4270 556 4339 κοινωνίᾳ
588 4270 802 4338 ἱερέως,
834 4269 955 4322 οὐδὲ
989 4269 1060 4322 τὰ
1109 4268 1489 4339 προειρημένα
1522 4268 1789 4338 πράσσειν

203 4362 348 4427 ἰξόν.

288 4455 347 4508 '0
385 4453 486 4524 μὲν
513 4447 606 4506 οὖν
641 4451 908 4523 ἡμέτερος
947 4451 1104 4520 λόγος
1157 4450 1416 4514 τοιοῦτος.
1451 4451 1513 4503 Εἰ
1543 4450 1599 4503 δὲ
1636 4450 1787 4504 ἄλλοι

204 4549 380 4610 ἄλλως
413 4548 448 4618 ἢ
485 4545 776 4618 φρονοῦσιν
801 4547 833 4616 ἢ
862 4545 1160 4617 κρίνουσιν,
1186 4545 1300 4598 εἴτε
1331 4545 1647 4611 ἰσοστάσιοι,
1677 4545 1788 4597 εἴτε

206 4640 576 4711 ὑπερϐάθμιοι
596 4655 610 4670 ·
649 4638 948 4709 ἐπειδήπερ
978 4638 1076 4708 οὐχ
1102 4640 1224 4708 ὄρος
1259 4637 1657 4710 ἐξ[εν]ήνεκται
1681 4636 1788 4690 ἀπὸ

203 4732 300 4784 τοῦ
333 4731 661 4802 ἀρχιερέως,
682 4730 767 4799 ἐφ’
791 4724 835 4797 ᾧ
855 4732 1151 4799 ἀναγκαῖον
1175 4725 1245 4801 ἦν
1269 4731 1516 4799 στέργειν
1540 4731 1750 4794 πάντας
1769 4743 1783 4757 '

1885 3627 2048 3683 modo
2077 3644 2136 3683 re
2162 3636 2392 3698 urgente
2422 3628 2724 3695 baptizare,
2788 3636 3071 3680 mortuum
3104 3625 3323 3692 eﬂerre,
3362 3627 3460 3678 ha-

1886 3721 2058 3774 bitum
2091 3722 2220 3775 dare
2252 3720 2560 3783 monacho,
2586 3717 3065 3786 Theophaniorum
3116 3732 3313 3786 aquam
3338 3732 3470 3770 san-

1887 3813 2150 3879 ctiﬁcare,
2181 3812 2558 3883 evangelizare
2588 3812 2852 3877 diluculo,
2886 3820 2940 3865 et
2978 3810 3250 3880 impertiri
3281 3825 3470 3864 sacra-

1887 3916 2071 3959 menta
2098 3905 2211 3974 jam
2241 3915 2367 3959 ante
2393 3905 2462 3959 ab
2484 3903 2710 3958 innoxio
2741 3903 3059 3973 presbytero
3122 3912 3467 3958 consecrata.

1886 3997 2060 4065 Atque
2085 3997 2216 4059 haec,
2242 4003 2299 4048 ut
2331 3996 2466 4060 dixi,
2509 4009 2576 4049 ex
2603 3994 2949 4049 necessitate.
2989 3991 3122 4047 Nam
3153 3994 3197 4047 si
3229 3994 3472 4062 reperia-

1889 4097 1979 4142 tur
1997 4089 2249 4142 sacerdos
2268 4089 2362 4157 qui
2390 4103 2421 4141 a
2445 4086 2833 4142 communione
2858 4086 2946 4139 illa
2974 4086 3234 4140 immunis
3254 4101 3470 4140 manse-

1888 4184 1980 4247 rit,
2007 4197 2073 4236 ne
2103 4181 2216 4235 haec
2233 4181 2452 4250 quidem
2483 4195 2603 4249 quae
2623 4180 2767 4234 dicta
2792 4187 2940 4242 sunt,
2967 4179 3147 4233 facere
3179 4177 3324 4233 licet.

1961 4447 2158 4503 Nostra
2187 4447 2350 4515 igitur
2397 4446 2512 4500 haec
2533 4454 2615 4500 est
2637 4443 2930 4499 sententia.
2978 4441 3134 4509 Quod
3166 4441 3212 4497 si
3246 4441 3336 4496 alii
3369 4442 3471 4496 ali-

1890 4549 1974 4595 ter
2001 4540 2083 4594 vel
2108 4540 2380 4603 sentiunt,
2411 4538 2496 4592 vel
2545 4537 2813 4606 judicant,
2884 4537 2998 4591 sive
3066 4536 3312 4605 ejusdem
3357 4535 3471 4590 sint

1892 4634 2115 4704 gradus,
2149 4633 2264 4686 sive
2293 4631 2593 4700 superioris
2627 4647 2638 4683 :
2673 4629 2937 4697 quoniam
2971 4643 3077 4681 non
3110 4629 3180 4682 ab
3207 4628 3467 4697 episc0po

1891 4725 1997 4777 lata
2032 4724 2118 4777 lex
2143 4732 2248 4785 est,
2277 4723 2330 4775 in
2360 4737 2465 4791 qua
2495 4734 2717 4775 necesse
2742 4720 2816 4773 sit
2843 4733 3035 4774 omnes
3065 4721 3416 4787 acquiescere
3443 4735 3460 4784 ;

207 4825 310 4893 τῆς
339 4824 589 4889 ἐξουσίας
635 4826 743 4876 εἰσὶ
786 4822 985 4894 κύριοι,
1015 4822 1109 4876 καὶ
1136 4823 1295 4894 ἡμεῖς
1333 4839 1397 4890 γε
1424 4822 1637 4892 σιωπὴν
1665 4822 1785 4888 ἓξο-

1893 4814 2157 4869 libertatis
2186 4829 2300 4869 suae
2316 4822 2446 4869 sunt
2470 4811 2696 4878 domini,
2716 4821 2770 4866 et
2801 4827 2901 4867 nos
2920 4812 2973 4865 in
2993 4811 3210 4866 silentio
3233 4812 3465 4865 erimus.

210 4935 334 4988 μεν.
401 4916 838 4986 Παρακαλοῦμεν
889 4915 944 4969 δὲ
984 4915 1084 4986 τὴν
1123 4914 1414 4985 τιμιότητά
1461 4931 1576 4977 σου,
1601 4914 1674 4975 ὼς
1694 4913 1790 4966 ἐπὶ

206 5010 273 5077 τῇ
323 5006 505 5077 ἀγαθῇ
561 5007 825 5077 πολιτεία,
884 5006 1057 5069 οὓτως
1113 5007 1207 5060 καὶ
1261 5005 1354 5058 ἐπὶ
1400 5008 1468 5076 τῇ
1511 5005 1790 5078 ὀρθοδοξίᾳ.

209 5095 502 5166 ἀκρίϐειαν
534 5095 713 5148 ἕλκειν
740 5113 752 5126 θ
779 5096 1083 5149 ἀκούουσαν
1119 5095 1212 5149 τοῦ
1253 5095 1577 5150 Ἀποστόλου
1601 5096 1789 5165 λέγον-

207 5203 337 5251 τος·
378 5189 808 5257 Καθαρίσωμεν
857 5187 1114 5253 ἑαυτοὺς
1161 5187 1281 5242 ἀπὸ
1323 5189 1552 5255 παντὸς
1594 5192 1787 5258 μολυ-

209 5279 372 5349 σμοῦ
410 5280 638 5348 σαρκὸς
669 5280 766 5334 καὶ
787 5280 1144 5348 πνεύματος,
1178 5280 1598 5346 ἐπιτελοῦντες
1626 5280 1789 5349 ἁγιω-

213 5372 416 5438 σύνην
435 5372 506 5425 ἐν
531 5373 694 5440 φόϐῳ
717 5370 887 5426 Θεοῦ.
907 5367 1066 5434 Οἶδας
1090 5371 1196 5441 γὰρ
1218 5372 1378 5426 ὅτιού
1410 5371 1606 5443 μικρὸς
1628 5372 1788 5443 ἀνερ-

216 5463 442 5534 ῥιπίσθη
477 5463 715 5534 διωγμὸς
739 5464 797 5516 ἐν
827 5464 896 5533 τῇ
929 5461 1184 5534 λυσσώσῃ
1222 5463 1496 5537 μέχριτοῦ
1519 5465 1786 5534 παρόντος

319 5649 364 5681 ⁷⁷
402 5647 531 5706 Cor.
566 5667 656 5705 vu.
694 5652 743 5706 l.

1892 4910 2189 4965 Hortamur
2227 4919 2408 4964 autem
2436 4908 2791 4965 reverentiam
2819 4917 2991 4972 tuam,
3031 4917 3092 4961 ut
3115 4909 3260 4962 sicut
3283 4907 3337 4960 in
3367 4907 3467 4960 bo-

1894 5018 1963 5058 na
1985 5002 2418 5064 conversatione,
2443 5000 2525 5055 sic
2555 5000 2788 5055 etiamin
2823 5000 2928 5054 fide
2977 4999 3284 5053 orthodoxa
3339 4999 3467 5053 dili-

1893 5094 2132 5165 gentiam
2150 5093 2404 5146 adhibeat
2436 5090 2701 5145 :audiens
2755 5089 3076 5158 Apostolum
3137 5090 3409 5143 dicentem
3448 5107 3463 5143 :

1895 5185 2210 5240 Mundemus
2231 5200 2324 5237 nos
2357 5183 2421 5236 ab
2444 5184 2585 5236 omni
2614 5183 3012 5250 inquinamento
3031 5181 3210 5235 carnis
3233 5191 3281 5233 et
3304 5183 3469 5247 spiri-

1896 5289 1979 5331 tus
2004 5319 2018 5342 ,
2046 5277 2371 5345 perﬁcientrs
2397 5273 2876 5340 sanctiﬁcationem
2907 5272 2962 5324 in
3012 5273 3198 5325 timore
3228 5271 3327 5325 Dei
3359 5273 3404 5303 τ’
3448 5312 3463 5327 .

1894 5370 2046 5427 Nosti
2070 5371 2215 5425 enim
2241 5384 2352 5422 non
2388 5366 2637 5436 exiguam
2691 5368 2983 5420 excitatam
3039 5379 3164 5419 esse
3212 5379 3466 5432 persecu-

1896 5463 2097 5518 tionem
2133 5477 2159 5514 a
2190 5460 2405 5515 furente
2446 5459 2710 5512 hactenus
2738 5455 2928 5512 haeresi
2964 5473 2978 5511 :
3027 5455 3120 5511 sed
3155 5467 3204 5512 et
3246 5455 3467 5526 sangui-

1727 5763 1935 5820 .VOTxL

287 5907 402 5977 (97)
444 5910 501 5963 lu
531 5909 648 5964 eod.
683 5908 814 5977 llcg.
842 5906 931 5963 σε’.
