3966 6470
524 385 658 454 1619

1707 387 1766 448 S.
1801 383 2189 443 THEODORI
2217 385 2562 444 ΞΤΠΒΙΤᾸΞ

3616 381 3752 443 1620

517 515 637 554 nem
660 497 1008 563 exhaustum,
1043 506 1098 551 et
1124 511 1317 551 carnes
1346 494 1655 559 dilaniatas,
1707 503 1764 547 et
1810 503 2076 564 martyres
2104 521 2117 554 λ

2218 495 2418 565 ίρέσει·
2453 493 2588 548 ἀλλά
2617 487 2712 547 κατ,
2742 493 2950 562 αῐματα
2993 492 3362 565 ἐκενώθησαν,
3413 494 3508 548 καὶ
3549 494 3755 562 σάρκες

518 599 946 645 consunnnatos.
1033 587 1207 654 Quam
1273 588 1442 642 multa
1526 602 1686 656 porro
1709 587 1764 640 in
1822 586 2085 641 custodiis

517 682 936 751 carceribusque
987 680 1186 734 inllicta
1223 681 1332 735 sint
1378 680 1597 744 acerba,
1653 678 1781 748 quid
1811 692 1948 747 opus
2008 686 2089 731 est

517 775 743 830 dicere?
809 775 1192 845 relegationes,
1222 775 1558 838 abactiones,
1607 781 1797 842 raptus
1817 809 1834 833 ,
1869 769 2087 824 vincula

518 866 715 926 ferrea.
750 868 910 922 famis
949 869 1244 932 cruciatus,
1275 867 1616 932 solitudines,
1670 876 1861 920 caetera
1883 864 2087 928 omnia,

517 977 641 1030 qua:
672 961 889 1028 longum
917 960 987 1013 sit
1013 975 1258 1014 narrare.
1317 959 1374 1013 Si
1407 974 1536 1028 ergo
1585 958 1700 1012 haec
1732 959 1804 1011 ita
1831 965 1977 1021 sunt,
2021 969 2089 1007 an

521 1051 891 1121 presbyterum
921 1052 1068 1104 illum
1100 1059 1313 1122 oportet
1344 1053 1457 1121 pari
1484 1051 1795 1105 conditione
1835 1048 1960 1102 hinc
2002 1047 2093 1100 ab-

523 1145 626 1208 ire,
656 1143 1157 1198 inmarcescibilem
1195 1144 1376 1212 gloria:
1393 1158 1648 1197 coronam
1683 1140 2094 1210 percepturum?

523 1235 880 1300 Econtrario,
917 1251 1040 1289 cum
1074 1237 1127 1288 in
1174 1235 1556 1290 communione
1611 1233 1698 1286 ille
1729 1232 2095 1300 deprehensus

525 1329 598 1382 sit
626 1337 787 1395 atque
815 1326 1211 1395 subscriptione
1239 1334 1428 1378 contra
1448 1324 1749 1386 Christum,
1786 1321 2093 1391 Deiparam,

527 1428 581 1475 et
605 1429 824 1474 sanctos
852 1434 1042 1472 omnes
1069 1426 1385 1484 concepta;
1415 1416 1496 1470 sic
1525 1415 1670 1469 enim
1696 1430 1755 1468 se
1786 1429 1871 1468 res
1911 1413 2094 1477 habet,

524 1512 597 1567 ob
625 1512 971 1581 propriarum
1002 1509 1304 1579 imaginum
1342 1507 1656 1561 relationem
1682 1506 1748 1559 ad
1790 1514 2092 1574 prototypa:

526 1619 636 1675 quo
693 1613 855 1674 pacto
880 1619 984 1656 non
1023 1617 1280 1671 magnum
1309 1600 1460 1655 ducit
1481 1599 1626 1669 quod
1659 1599 1825 1662 vivat,
1857 1596 2098 1666 velquod

528 1695 749 1751 sceleris
791 1694 1009 1747 veniam
1041 1691 1311 1762 impetret,
1361 1704 1585 1759 prorsus
1608 1687 1854 1742 devitans
1904 1689 1986 1740 vel
2016 1695 2100 1739 at-

529 1788 739 1857 tingere
778 1801 840 1839 ea
868 1799 988 1853 qua!
1016 1797 1111 1852 per
1163 1780 1554 1847 indulgentiam
1601 1777 1745 1831 dicta
1798 1784 1965 1840 sunt;
2003 1790 2098 1828 ne-

2186 585 2613 656 κατεξάνθησαν,
2645 585 2739 638 καὶ
2794 586 3074 657 μάρτυρες
3116 587 3584 656 ἀπετελέσθησαν.
3613 587 3755 638 Ὅσα

2186 675 2244 729 δὲ
2271 674 2339 728 τὰ
2376 677 2436 729 ὲν
2480 675 2750 744 φυλακαῖς
2794 676 2890 728 καὶ
2944 677 3186 746 εἱρκταῖς
3232 675 3537 738 κακωτικά,
3571 675 3625 726 τί
3677 676 3758 727 δεῖ

2187 767 2285 821 καὶ
2308 767 2520 835 λέγεινς
2551 768 2650 831 τὰς
2701 767 2936 837 ὲξορίας,
2967 770 3065 831 τὰς
3098 768 3413 835 ἐπαγωγὰς,
3447 768 3546 829 τὰς
3577 768 3759 837 ἁρπα-

2189 857 2313 925 γὰς,
2344 857 2443 921 τάς
2473 856 2809 927 σιδηρώσεις,
2838 859 2937 920 τὰς
2967 858 3418 927 λιμαγχονὴσεις,
3472 857 3573 919 τὰς
3628 875 3760 926 μον-

2189 949 2352 1010 ώσεις
2371 987 2386 1013 ,
2414 949 2482 1001 τά
2509 947 2643 1002 ἄλλα
2671 949 2867 1014 πάντα,
2895 942 2969 1001 ὦν
2997 949 3056 1001 οὐ
3091 949 3292 1018 μικρᾶς
3341 949 3487 1000 ἐστιν
3515 946 3760 1016 ἱστορίας

2191 1039 2374 1110 ἔργον.
2410 1041 2472 1092 Εί
2501 1038 2678 1092 τοίνυν
2700 1040 2870 1092 ταῦτα
2892 1038 3084 1103 οὕτως,
3115 1039 3212 1092 καὶ
3242 1039 3355 1091 δεῖν
3379 1038 3472 1091 τὸν
3520 1037 3764 1108 πρεσὸύ-

2192 1145 2350 1200 τερον
2376 1130 2648 1193 ίσοπαθῶς
2673 1129 2983 1194 διεξελθεῖν,
3016 1129 3380 1198 κομιούμενον
3403 1129 3493 1181 τὸν
3517 1129 3764 1197 ἀμαράν-

2191 1238 2336 1274 τινον
2362 1222 2459 1291 τῆς
2490 1219 2650 1293 δόξης
2684 1220 2981 1290 στέφανον;
3031 1220 3362 1284 τούναντίον,
3399 1219 3587 1288 ἐπειδὴ
3620 1220 3766 1271 ἑαλω

2192 1315 2261 1383 τῇ
2287 1313 2542 1383 κοινωνίᾳ
2569 1314 2662 1366 καὶ
2688 1315 2753 1384 τῇ
2782 1315 3071 1383 ὑπογραφῇ
3095 1314 3160 1383 τῇ
3189 1313 3330 1365 κατά
3372 1311 3631 1382 Χριστοῦ,
3670 1312 3766 1380 τῆς

2193 1419 2254 1455 τε
2289 1404 2492 1475 μητρὸς
2523 1404 2687 1458 αὐτοῦ
2717 1405 2813 1457 καὶ
2840 1405 3058 1458 πάντων
3084 1406 3192 1457 τῶν
3225 1404 3396 1470 ἁγίων
3420 1418 3436 1434 ⁶
3467 1401 3627 1455 τοῦτο
3657 1405 3766 1472 γὰρ

2195 1493 2286 1546 διά
2333 1493 2440 1546 τῶν
2471 1496 2685 1548 οίκείων
2732 1495 2955 1548 εἰκόνων
3005 1496 3040 1565 ὴ
3079 1495 3172 1548 ἐπὶ
3228 1493 3336 1547 τῶν
3389 1492 3768 1563 πρωτοτύπων

2197 1585 2446 1656 ἀναφορά
2467 1601 2480 1613 ⁸
2511 1586 2629 1650 πῶς
2652 1587 2711 1639 οὐ
2751 1587 3123 1656 μέγαήγεῖται
3148 1589 3242 1638 καὶ
3268 1585 3328 1638 τὸ
3357 1585 3496 1648 ὅλως
3521 1585 3646 1655 ζῇν,
3675 1586 3768 1636 καὶ

2198 1678 2259 1730 τὸ
2285 1677 2421 1741 ὅλως
2460 1679 2917 1750 συγκεχωρῆσθαι
2951 1677 3100 1748 αὑτῷ
3130 1678 3191 1730 τὸ
3224 1680 3487 1747 άνὸμημα
3512 1693 3526 1708 ’
3549 1677 3768 1742 φεύγων

2201 1766 2538 1834 ἐφάπτεσθαι
2565 1769 2660 1821 καὶ
2687 1766 2796 1819 τῶν
2834 1766 3249 1838 προειρημένων
3279 1765 3422 1816 κατά
3455 1762 3770 1832 φιλανθρω-

530 1881 658 1932 dum
683 1887 734 1932 ut
756 1877 920 1930 licere
944 1875 1046 1929 sibi
1067 1872 1191 1927 velit
1218 1872 1364 1926 omni
1392 1885 1455 1924 ex
1483 1878 1633 1938 parte
1655 1868 1822 1922 sacris
1845 1867 2056 1937 operari
2079 1866 2102 1918 ’ἒ

2218 1857 2329 1908 τίαν
2356 1874 2369 1888 ·
2399 1857 2472 1927 μὴ
2500 1858 2583 1911 ὅτι
2611 1875 2674 1925 γε
2717 1859 2812 1911 καὶ
2863 1859 2923 1924 ἐξ
2973 1857 3265 1926 ὁλοκλήρου
3314 1855 3570 1909 λελύσθαι
3607 1853 3772 1908 αὑτὸν

532 1969 672 2040 Ergo
713 1981 851 2022 vana
883 1976 1011 2021 sunt
1041 1964 1246 2025 omnia,
1276 1973 1330 2017 et
1355 1961 1558 2016 frustra
1614 1959 1897 2030 martyria,
1926 1969 1981 2013 et
2017 1958 2103 2012 in-

532 2077 749 2116 cassum
778 2059 1042 2113 atbleticae
1071 2056 1446 2111 contentiones
1481 2053 1611 2107 :sed
1640 2053 1780 2107 absit
1806 2054 1819 2106 ι
1859 2051 1924 2104 Ει
1959 2067 2104 2104 mar-

539 2163 645 2220 tyr,
683 2161 892 2223 martyr
926 2151 1079 2206 estin
1108 2150 1208 2204 hac
1238 2148 1582 2202 confessione
1611 2163 1624 2211 ;
1660 2155 1715 2200 et
1744 2147 1838 2214 qui
1867 2145 2103 2214 negavit,

534 2247 722 2315 lapsus
744 2255 826 2299 est
851 2245 904 2298 in
941 2243 1043 2298 hac
1081 2241 1406 2309 negatione:
1465 2246 1519 2292 et
1560 2251 1732 2306 usque
1766 2237 1832 2289 ad
1878 2244 2103 2289 mortem

535 2339 664 2391 tlere
697 2349 918 2389 necesse
945 2343 1049 2396 est,
1085 2332 1334 2402 quisquis
1375 2330 1561 2400 lapsus
1585 2328 1770 2391 fuerit,
1810 2328 1857 2382 si
1889 2341 1974 2381 me
2006 2340 2107 2379 au-

539 2428 650 2482 diat
681 2435 826 2480 recta
859 2424 1255 2480 consulentem.

644 2617 824 2678 CCIV.
877 2649 949 2661 —
991 2618 1293 2674 Theodosia!
1348 2619 1598 2686 Augustae
1650 2625 1698 2670 et
1756 2613 2000 2678 Basilio.

1070 2711 1182 2781 ﬁlio
1208 2710 1320 2779 ejus
1347 2709 1443 2779 (³⁸).

2194 1947 2537 2018 ῖερουργεῖν;
2592 1946 2802 2001 Οὐκοῦν
2851 1947 2994 2000 ’ἐωλα
3039 1948 3108 2000 τά
3159 1948 3359 2010 πάντα,
3405 1949 3500 1999 καὶ
3535 1946 3662 2014 είκῆ
3703 1944 3773 1996 τὰ

2202 2039 2498 2111 μαρτύρια,
2538 2041 2633 2092 καὶ
2664 2041 2841 2111 μάτην
2867 2040 2923 2092 αί
2965 2039 3251 2109 άθλητικαὶ
3294 2039 3574 2100 ἐνστάσεις
3599 2055 3613 2068 ·
3635 2036 3774 2091 ἀλλὰ

2201 2131 2276 2204 μὴ
2336 2133 2564 2200 γένοιτο.
2620 2133 2732 2186 Καὶ
2773 2135 2802 2185 6
2857 2132 3089 2203 μάρτυς,
3150 2132 3361 2203 μάρτυς
3425 2133 3483 2184 ὲν
3536 2131 3664 2200 τῇδε
3704 2133 3773 2200 τῇ

2196 2223 2486 2296 ὁμολογίαν
2515 2225 2606 2278 καὶ
2642 2225 2673 2276 6
2714 2225 3020 2295 ἡρνημένος
3048 2263 3065 2288 ,
3111 2224 3388 2286 ἐκπτωτος
3438 2224 3496 2276 ὲν
3532 2222 3662 2292 τῇδε
3707 2224 3776 2291 τῇ

2197 2319 2525 2387 ὲξαρνήσει·
2559 2317 2651 2369 καὶ
2688 2316 2799 2369 δεῖν
2864 2318 3228 2386 προσκλαίειν
3301 2317 3463 2386 μέχρι

3542 2316 3780 2368 θανάτου

2203 2412 2381 2464 πάντα
2427 2412 2517 2464 τὸν
2554 2411 2753 2466 ἁλόντα
2777 2428 2792 2445 ο
2821 2412 2938 2482 εῐγε
2979 2412 3102 2482 ἐμοὶ
3146 2411 3387 2464 πείθοιτο
3444 2409 3595 2480 καλῷ
3639 2426 3781 2480 συμ-

2206 2503 2404 2574 δούλῳ.

2211 2616 2326 2672 mu
2381 2617 2492 2689 (os)
2513 2648 2579 2658 —
2611 2618 2899 2685 Θεοδοσίᾳ
2962 2620 3277 2688 amcam
3339 2616 3436 2671 καί
3482 2595 3787 2688 Bagam

2700 2711 2808 2776 υἱῷ
2830 2710 3039 2780 αὐτῆς.
3079 2709 3265 2783 [augt]

1319 2821 1390 2870 De
1421 2821 1726 2871 immaculata
1745 2833 1942 2883 prorsus
1967 2820 2162 2873 Domini
2200 2819 2432 2885 imagine.
2467 2823 2665 2888 (Baron.
2697 2839 2775 2873 an.
2798 2825 2906 2886 823,
2932 2825 3102 2888 n..25.)

624 2935 754 2992 Cum
784 2946 850 2987 ex
873 2930 1042 2985 variis
1091 2929 1193 2984 ﬁde
1222 2929 1424 2998 dignis,
1483 2929 1858 2999 imprimisque
1892 2947 1956 2984 ex
2015 2932 2109 2985 Dci

551 3022 930 3078 amantissimo
959 3019 1118 3081 Isaia,
1144 3019 1422 3090 episcopo,
1473 3029 1528 3074 et
1550 3034 1615 3073 ex
1648 3021 2108 3074 reverendissimo

555 3112 764 3167 Medicii
806 3111 1067 3173 antistite,
1107 3109 1312 3164 sanctis
1371 3109 1624 3164 Patribus
1665 3111 1883 3173 nostris,
1917 3111 1982 3163 de
2022 3126 2111 3163 re-

553 3221 675 3260 rum
715 3212 1020 3258 vestrarum
1065 3209 1207 3255 statu
1248 3200 1667 3268 accepissemus.
1701 3202 1843 3270 quod
1877 3199 1966 3255 Dei
2015 3216 2111 3254 no-

555 3295 652 3350 stri
688 3293 875 3364 optimi
902 3300 1057 3353 nutu,
1099 3291 1164 3344 ad
1203 3289 1418 3359 pietatis
1457 3297 1725 3359 rectaeque
1775 3289 1895 3344 ﬁdei
1945 3291 2112 3344 ratio-

555 3401 678 3441 nem
710 3395 765 3440 et
792 3384 1013 3439 modum
1045 3383 1294 3437 conversi
1332 3381 1545 3436 fueritis
1567 3421 1582 3446 ,
1606 3381 1835 3450 pristino
1877 3383 1995 3436 vale
2035 3384 2119 3437 di-

556 3489 742 3535 centes
768 3477 962 3541 errori,
997 3485 1057 3529 ut
1087 3476 1232 3544 quia
1266 3473 1376 3527 Deo
1406 3489 1511 3528 non
1559 3474 1631 3527 sit
1677 3483 1853 3538 ortus,
1901 3478 1994 3530 sed
2053 3477 2122 3530 ab

559 3571 785 3624 adversa
809 3577 992 3639 parte:
1022 3581 1145 3622 cum
1175 3566 1364 3636 religio
1393 3576 1481 3621 tua
1508 3582 1575 3622 ex
1656 3567 1743 3636 pia
1779 3568 1851 3622 sit
1907 3569 2121 3634 radice,

562 3662 746 3731 (talem
773 3660 1041 3731 siquidem
1085 3657 1254 3714 fuisse
1307 3659 1586 3716 latendum
1634 3672 1717 3716 est
1757 3662 1929 3714 virum
1975 3661 2123 3714 illum

567 3756 677 3811 Deo
703 3754 982 3812 dilectum.
1011 3752 1272 3822 omnique
1296 3753 1560 3822 probitate
1580 3752 1978 3821 conspicuum),
2017 3751 2128 3820 egi-

567 3862 688 3902 mus
711 3845 909 3914 gratias
939 3844 1069 3907 Deo,
1102 3844 1193 3913 qui
1229 3859 1336 3897 non
1372 3845 1620 3913 permisit
1660 3857 1761 3896 nos
1798 3843 1847 3894 in
1909 3840 2128 3894 haeresis

567 3937 800 4008 caligine
838 3950 1179 4004 permanere,
1240 3934 1333 3988 sed
1382 3943 1590 3989 mentes
1625 3944 1836 3989 vestras
1871 3933 2010 3987 felici
2045 3933 2129 3985 lu-

570 4028 716 4082 mine
741 4026 1004 4096 implevit,
1041 4033 1100 4078 ut
1153 4025 1560 4094 cognosceretis
1612 4023 1796 4079 Jesum
1851 4022 2129 4078 Christum

573 4118 766 4174 Filium
822 4119 916 4173 Dei
943 4118 996 4172 in
1025 4116 1197 4172 forma
1229 4126 1414 4170 nostra
1455 4132 1547 4185 per
1570 4116 1959 4171 misericordiae
2018 4130 2131 4172 sum

572 4212 776 4264 viscera
806 4217 1018 4274 natum,
1054 4216 1112 4262 ut
1141 4209 1453 4278 ﬁgmentum
1482 4222 1640 4261 suum
1680 4206 1748 4260 ab
1778 4206 1994 4260 interitu
2046 4222 2134 4260 re-

572 4304 822 4368 dimeret,
851 4317 1002 4356 more
1038 4311 1229 4357 nostro
1246 4299 1467 4370 depingi
1497 4311 1662 4370 atque
1692 4299 1868 4370 ellingi
1901 4315 2004 4353 :ne
2028 4315 2134 4369 qua

574 4395 648 4448 illi
677 4393 814 4448 desit
843 4394 1208 4447 humanarum
1249 4393 1640 4461 proprietatum
1675 4406 1689 4444 :
1737 4405 1860 4443 cum
1923 4396 2139 4443 maneat

575 4489 717 4543 idem
784 4485 1326 4553 incircumscriptus:
1395 4492 1667 4553 quatenus
1715 4482 1901 4544 Deus;
1957 4479 2139 4548 utqui

576 4591 827 4651 paternas
858 4593 1076 4647 quoque
1147 4592 1339 4631 omnes
1392 4576 1748 4644 proprietates
1784 4575 1886 4628 sub
1950 4575 2135 4626 eadem

2302 2932 2400 2986 Ἐκ
2443 2933 2716 3003 διαφόρων
2744 2935 3074 3001 ἀξιοπίστων
3121 2933 3428 3006 προσώπων
3447 2973 3464 2996 ,
3491 2935 3657 3003 καίγε
3679 2938 3788 3008 πρὸ

2214 3023 2324 3076 τῶν
2365 3023 2538 3078 ἄλλων
2584 3025 2738 3096 παρά
2783 3044 2840 3079 τε
2893 3025 2983 3080 τοῦ
3027 3027 3440 3094 θεοφιλεστάτου
3479 3027 3787 3082 ἐπισκόπου

2228 3113 2471 3182 Ἡσαΐου,
2510 3117 2716 3169 καὶτοῦ
2755 3118 3083 3187 τιμιωτάτου
3103 3116 3517 3186 καθηγουμένου
3547 3117 3644 3170 τοῦ
3673 3119 3792 3188 Mn-

2216 3204 2410 3273 δικίου,
2441 3207 2602 3260 ὁσίων
2630 3209 2884 3279 Πατέρων
2919 3209 3074 3280 ἡμῶν
3121 3209 3527 3280 ὲκδιδαχθέντες
3556 3211 3628 3264 τά
3667 3209 3791 3264 καθ’

2218 3297 2385 3366 ὑμᾶς,
2415 3299 2496 3351 ὅτι
2523 3299 2740 3371 εὐδοκία
2766 3301 2860 3353 τοῦ
2891 3300 3235 3372 ὑπεραγάθου
3266 3300 3397 3354 Θεοῦ
3425 3299 3584 3371 ήμῶν
3616 3317 3794 3370 μεμε-

2221 3391 2672 3462 τεστοιχειώθητε
2707 3394 2785 3457 εἰς
2807 3391 2898 3446 τὸν
2930 3393 3026 3460 τῆς
3050 3390 3335 3453 εὐσεϐείας
3355 3391 3448 3443 καὶ
3474 3389 3794 3458 όρθοδοξίας

2222 3487 2422 3556 τρόπον
2461 3485 2555 3539 καὶ
2592 3485 2749 3554 λόγον
2775 3501 2788 3517 ·
2820 3483 3029 3555 χαίρειν
3053 3484 3359 3554 φράσαντες
3383 3485 3449 3552 τῇ
3487 3482 3662 3536 πάλαι
3695 3501 3794 3536 κα-

2226 3575 2436 3646 κοδοξίᾳ
2457 3617 2471 3641 ,
2507 3575 2582 3639 ὡς
2612 3577 2710 3629 οὐκ
2749 3577 2999 3646 ὴργμένῃ
3037 3573 3239 3637 θεόθεν,
3261 3571 3376 3626 ἀλλ’
3409 3573 3474 3625 ὲκ
3505 3572 3606 3642 τῆς
3637 3575 3795 3626 ὲνανο

2224 3666 2344 3729 τίας
2378 3667 2615 3736 μερίδος.
2651 3667 2804 3720 Καθὸ
2852 3665 2946 3719 καὶ
3000 3665 3253 3736 ὥρμηται
3296 3665 3563 3732 πατρόθεν
3613 3666 3676 3730 ἐξ
3709 3667 3796 3718 εὐ·-

2227 3752 2417 3815 σεὸοῦς
2447 3752 2658 3825 ρίζηςή
2696 3753 2762 3824 σὴ
2809 3752 3110 3806 θεοσέϐεια.
3160 3752 3553 3822 Ὀμολογητέον
3581 3754 3690 3824 γάρ
3716 3755 3799 3808 ὅτι

2226 3843 2466 3906 τοιοῦτος
2493 3845 2522 3896 6
2558 3843 2695 3914 ἀνὴρ
2745 3845 2950 3904 ἐκεῖνος
2975 3858 2989 3873 ⁸
3020 3843 3139 3914 Θεῷ
3180 3859 3242 3895 τε
3289 3843 3660 3914 πεφιλημένος
3703 3847 3799 3897 καὶ

2230 3935 2378 4006 πάσῃ
2389 3934 2761 4005 καλοκαγαθίᾳ
2780 3934 3250 4005 κατηγλαῖσμένος
3272 3951 3286 3965 ο
3312 3935 3801 4006 ηὐχαρίστησαμεν

2229 4021 2308 4097 τῷ
2337 4027 2546 4097 Κυρίῳ,
2569 4027 2626 4089 ὃς
2651 4026 2749 4080 οὐκ
2778 4027 2960 4079 εἴασεν
2981 4027 3123 4096 ὑμᾶς
3149 4029 3208 4080 ὲν
3235 4025 3314 4098 τῷ
3354 4026 3502 4097 ζόφῳ
3523 4027 3624 4097 τῆς
3648 4028 3802 4098 αίρὲ-

2233 4136 2369 4181 σεως
2395 4119 2663 4190 διαμεῖναι
2688 4134 2700 4147 °
2732 4118 2847 4173 ἀλλ’
2871 4118 3075 4189 ἔπλησε
3099 4118 3198 4183 τὰς
3229 4119 3404 4190 ψυχὰς
3441 4120 3592 4189 ὑμῶν
3615 4119 3801 4172 ὀλϐίου

2235 4211 2412 4279 φωτὸς
2437 4213 2517 4274 είς
2548 4211 2609 4264 τὸ
2635 4211 2956 4282 ἐπιγνῶναι,
2991 4213 3074 4266 ὄτι
3114 4211 3316 4282 Ἰησοῦς
3365 4213 3596 4282 Χριστὸς
3620 4216 3649 4265 6
3675 4213 3805 4276 Υἱὸς

2235 4302 2330 4356 τοῦ
2353 4303 2487 4356 Θεοῦ
2525 4304 2582 4356 ὲν
2615 4303 2692 4373 τῷ
2722 4303 2842 4356 καθ’
2867 4304 3010 4373 ἡμᾶς
3043 4303 3170 4356 εῖδει
3206 4301 3444 4372 γεγονὼς
3469 4302 3558 4354 διὰ
3591 4302 3806 4370 σπλάγ-

2238 4411 2339 4465 χνα
2367 4395 2685 4466 οἰκτιρμῶν,
2713 4395 2794 4458 εἰς
2824 4395 2885 4447 τὸ
2911 4393 3300 4447 ἀνασώσασθαι
3324 4393 3385 4445 τὸ
3408 4391 3602 4444 ἑαυτοῦ
3634 4394 3806 4446 ἐκπε-

2240 4487 2455 4549 πτωκὸς
2483 4490 2562 4550 είς
2587 4486 2790 4556 φθορὰν
2838 4486 3061 4556 πλάσμα
3085 4525 3100 4549 ,
3156 4485 3355 4556 ὁμοίως
3385 4486 3514 4555 ἡμῖν
3547 4484 3809 4548 ἐξεικονί-

2242 4577 2393 4642 ζεται
2417 4593 2432 4607 ο
2461 4578 2535 4640 ὡς
2567 4577 2632 4631 ἂν
2658 4577 2822 4647 μηδὲν
2850 4575 3082 4628 λείποιεν
3108 4575 3257 4647 αὐτῷ
3301 4576 3410 4630 τῶν
3450 4576 3808 4645 ἀνθρωπίνων

575 4687 802 4742 persona
837 4670 1072 4724 retinet:
1107 4683 1172 4722 ex
1201 4683 1312 4738 quo
1341 4669 1605 4722 mediator
1635 4667 1725 4721 Dei
1760 4675 1813 4720 et
1858 4666 2117 4718 hominun

2246 4670 2580 4740 ἰδιωμάτωνθ
2613 4669 2787 4737 μένων
2819 4670 2894 4731 ὡς
2941 4668 3072 4731 Θεὸς
3117 4669 3325 4732 όαὺτὸς
3354 4670 3768 4740 ἀπερίγραπτος
3791 4686 3808 4701 ο

573 4762 850 4832 apparuit,
891 4760 1211 4830 medioipsa
1256 4769 1497 4814 extrema
1548 4757 1903 4828 participans.
1962 4767 2015 4810 et
2045 4771 2140 4824 per

578 4852 818 4922 seipsum
845 4850 1040 4905 divinat
1069 4866 1168 4904 nos
1193 4859 1401 4904 natura
1425 4848 1720 4918 participes
1739 4845 1992 4902 elliciens.
2022 4843 2142 4900 Sic-

582 4953 643 4997 ut
681 4944 828 4999 enim
876 4942 993 4998 ﬁeri
1027 4942 1218 5012 nequit
1246 4951 1324 5006 ut,
1360 4939 1502 4995 Deus
1543 4940 1659 5009 ipse
1707 4953 1830 4994 cum
1863 4939 1933 4993 sit
1966 4935 2144 4991 Patri-

581 5053 689 5106 que
714 5037 962 5106 azqualis,
991 5049 1098 5089 non
1130 5044 1506 5089 extraomnem
1535 5034 1606 5088 sit
1628 5031 2148 5100 incircumscriptio-

586 5144 708 5183 nem
739 5127 1007 5196 (inﬁnitus
1043 5126 1312 5196 siquidem
1361 5134 1446 5180 est
1475 5124 1617 5178 Deus
1663 5132 1719 5178 et
1744 5123 2064 5178 interminus
2094 5135 2148 5177 et

590 5217 1203 5288 incomprehensibilis),
1237 5218 1320 5272 sic
1337 5219 1498 5272 etiam
1540 5218 1653 5272 fieri
1681 5233 1787 5270 non
1815 5226 2013 5288 potest,
2045 5225 2105 5269 ut
2130 5255 2146 5279 ,

585 5327 712 5365 eum
738 5323 866 5365 vere
890 5310 1055 5364 homo
1076 5309 1146 5365 sit
1176 5309 1289 5378 ipse
1313 5351 1328 5374 ,
1361 5321 1416 5362 et
1442 5309 1596 5363 nobis
1631 5310 1826 5365 similis
1859 5309 2034 5364 factus
2055 5322 2148 5375 per

591 5403 794 5468 omnia,
821 5403 960 5457 intra
997 5403 1554 5472 circumscriptionem
1581 5417 1688 5457 non
1717 5411 1953 5457 maneat.
1988 5402 2150 5456 Cont-

587 5493 952 5564 prehensibile
979 5493 1181 5563 quippe
1210 5505 1294 5548 est
1337 5494 1455 5560 ejus
1485 5509 1706 5564 corpus,
1742 5503 1998 5563 tactuque
2039 5493 2150 5561 pal-

586 5585 782 5655 pabile,
844 5594 899 5637 et
959 5583 1141 5638 colore
1202 5584 1431 5638 visibile.
1468 5585 1620 5650 Quod
1675 5600 1779 5640 non
1827 5583 2152 5638 'eonliteutcs

2241 4761 2316 4825 ὡς
2345 4761 2533 4814 καὶτὰ
2559 4760 2789 4831 πατρῷα
2823 4758 3090 4829 ἰδιώματα
3135 4758 3352 4813 ἅπαντα
3386 4759 3476 4828 ὑφ’
3518 4761 3601 4812 ἑνὶ
3639 4777 3813 4829 προσ-

2242 4851 2380 4923 ώπῳ
2421 4852 2788 4923 κεκτημένος·
2823 4850 2956 4905 καθὸ
2996 4852 3090 4904 καὶ
3137 4851 3362 4921 μεσίτης
3407 4849 3538 4904 Θεοῦ
3584 4852 3682 4905 καὶ
3715 4851 3814 4905 ἀνέ-

2247 4943 2482 5015 θρώπων
2504 4946 2730 5012 πέφηνε,
2759 4945 2826 5014 τῇ
2852 4943 3108 5014 μεσότητι
3136 4946 3250 5006 τοῖς
3271 4943 3462 5012 άκροις
3493 4944 3772 4996 κοινωνῶν
3794 4961 3810 4975 ο

2245 5035 2342 5087 καὶ
2367 5033 2434 5087 δι’
2461 5032 2652 5086 ἑαυτοῦ
2687 5034 2973 5096 κοινωνοὺς
3020 5035 3168 5104 ἡμᾶς
3209 5033 3356 5093 θείας
3400 5033 3614 5102 φύσεως
3638 5036 3815 5104 άπερ-

2247 5125 2580 5194 γασάμενος.
2623 5124 2708 5188 Ὠς
2740 5125 2848 5196 γάρ
2880 5126 2979 5178 οὑκ
3009 5126 3283 5195 ἐνδέχεται
3312 5124 3442 5178 Θεὸν
3465 5125 3626 5177 αὑτὸν
3659 5126 3813 5188 ὄντα,

2248 5216 2345 5270 καὶ
2383 5219 2494 5270 ἴσον
2521 5215 2598 5286 τῷ
2622 5216 2815 5287 Πατρὶ,
2853 5216 2927 5287 μὴ
2957 5217 3077 5287 οὐχὶ
3100 5217 3204 5281 ἔξω
3247 5217 3592 5288 περιγραφῆς
3625 5212 3770 5269 εἷναι
3797 5232 3813 5246 ο

2249 5308 2473 5376 ἄπειρον
2496 5308 2606 5377 γὰρ
2632 5307 2693 5360 τὸ
2726 5308 2868 5362 θεῖον
2893 5309 2986 5362 καῖ¹
3015 5309 3263 5379 ἀόριστον
3287 5309 3378 5363 καὶ
3404 5308 3778 5378 ἀπερίληπτον
3797 5321 3813 5336 ο

2248 5396 2339 5449 τὸν
2360 5397 2522 5450 αὑτὸν
2545 5397 2610 5459 δὴ
2638 5397 2836 5468 τρόπον
2888 5399 3269 5470 ἀνεγχώρητόν
3325 5405 3472 5453 ἐστιν
3525 5399 3818 5470 ἄνθρωπον

2252 5489 2414 5541 αὑτὸν
2439 5487 2653 5558 ἀληθῶς
2683 5489 2832 5554 ὄντα,
2873 5491 2966 5543 καί
2997 5493 3176 5560 ὅμοιον
3200 5493 3332 5561 ἡμῖν
3357 5491 3496 5544 κατά
3523 5491 3702 5544 πάντα
3729 5507 3819 5557 γεο

2262 5579 2478 5646 γονότα,
2516 5581 2592 5651 μὴ
2621 5581 2741 5651 οὐχὶ
2762 5584 3105 5654 περιγραφῇς
3129 5581 3258 5636 εῐσω
3290 5582 3473 5654 μένειν
3498 5597 3514 5616 ο
3545 5595 3818 5654 περιγραφ-

2090 5709 2317 5767 ΝΟΤΞ.

660 5815 726 5881 (')
758 5809 1062 5882 Dogmatica

2299 5805 2407 5873 will
2442 5803 2498 5858 in
2531 5803 2652 5861 cod.
2689 5802 2817 5875 Reg.
2851 5803 2947 5869 σζ’.
