3966 6466
227 402 358 468 1621

1408 399 1947 459 EPIS’l‘OLARUM
2003 399 2150 460 LIB.
2197 399 2281 458 II.

3335 407 3470 470 l622

224 520 356 572 πτὸν
391 514 539 589 [cod.
592 514 727 585 Reg.
777 510 1250 584 περιληπτδν1γὰρ
1290 513 1456 568 αὑτοῦ
1505 514 1568 566 τὸ
1604 513 1790 582 σῶμα,

1897 507 2239 566 lconomachi
2263 553 2278 580 ,
2309 512 2512 568 Christi
2552 523 2838 585 negatores
2853 517 3138 576 manifeste
3168 518 3298 576 facti
3346 529 3470 578 sunt

223 611 335 680 ἀφῇ
365 609 461 662 καὶ
487 609 647 678 χροιᾷ
671 605 1095 677 ψηλαφώμενον.
1129 605 1307 674 Ὅπερ
1344 605 1440 674 οὐχ
1463 604 1788 674 ὁμολογοῦν-

219 721 313 766 τες
344 703 396 756 ol
444 699 826 770 Εἱκονομάχοι,
878 697 1295 768 ἀρνησίχριστοι
1341 697 1610 766 ἀριδήλως
1652 697 1790 749 καθ-

220 797 506 865 εστήκασι,
534 792 626 844 τὸν
641 791 954 861 ὲνσώματον
977 788 1265 858 ἀσώματον
1285 787 1755 858 ὑπολαμϐάνοντες
1772 803 1788 819 ·

220 889 314 940 καὶ
350 887 442 939 τὸν
480 885 596 955 μεθ’
634 884 791 953 ἡμῶν
820 880 1084 950 γεγονότα
1114 878 1217 943 ἔξω
1243 881 1343 950 τῆς
1371 881 1492 932 καθ’
1517 880 1662 950 ἡμᾶς
1693 878 1792 946 φύ-

221 996 359 1040 σεως
409 976 850 1047 δογματίζοντες.
896 972 1176 1026 Ἐντεῦθεν
1213 973 1440 1042 ἐδονὴθη
1481 975 1509 1025 ό
1545 972 1750 1042 κόσμος
1773 989 1788 1004 ο

217 1068 430 1138 ἠρνήθη
461 1067 693 1138 Χριστὸς
731 1065 818 1118 διὰ
841 1064 940 1132 τῆς
976 1061 1182 1130 σεπτῆς
1203 1063 1364 1115 αὐτοῦ
1391 1065 1600 1125 εἰκόνος
1621 1078 1633 1091 ο
1674 1063 1707 1132 ἧ
1730 1079 1789 1114 τε

217 1161 503 1223 Θεοτόκος,
537 1160 631 1212 καὶ
663 1160 768 1220 πᾶς
805 1173 890 1219 τις
913 1155 1021 1207 τῶν
1047 1155 1240 1222 ἁγίων.
1267 1154 1344 1223 Τῇ
1377 1153 1486 1224 γὰρ
1505 1153 1786 1223 παραδοχῇ

216 1252 316 1320 τῆς
350 1251 559 1313 εἰκόνος
606 1247 1004 1318 παραδέδεκται
1048 1248 1076 1298 ό
1122 1245 1515 1313 είκονιζόμενος
1541 1259 1555 1274 ο
1585 1244 1659 1306 ὡς
1697 1246 1792 1297 καὶ

218 1343 459 1412 ἔμπαλιν
505 1344 572 1411 τῇ
644 1340 898 1410 ἀθετήσει
950 1338 1230 1408 ἠθέτηται.
1294 1336 1576 1389 Ἐντεῦθεν
1631 1336 1793 1404 διωγ-

222 1435 319 1503 μὸς
368 1431 884 1503 ἀναϐρασσόμενος,
932 1432 1025 1483 καὶ
1087 1427 1434 1497 πατριάρχης
1503 1427 1792 1489 θεσπέσιος

218 1522 768 1595 ὲκσκορακιζόμενος,
801 1522 966 1591 ἱερεῖς
992 1537 1052 1572 τε
1084 1520 1179 1572 καὶ
1214 1520 1484 1588 ἱεράρχαι,
1523 1515 1792 1586 μονασταί

217 1635 274 1671 τε
305 1617 406 1670 καὶ
439 1616 664 1686 μιγάδες
690 1614 1031 1676 ὲνθεώτατοι,
1066 1613 1117 1665 οἱ
1164 1613 1262 1683 μὲν
1304 1609 1668 1681 ὲξοριζόμενοι
1699 1609 1793 1663 καὶ

218 1706 642 1776 φυλακιζόμενοι
668 1722 684 1736 ο
726 1705 900 1773 ἕτεροι
927 1703 982 1754 δὲ
1013 1701 1458 1773 μαστιγούμενοι,
1511 1702 1606 1753 καὶ
1635 1699 1792 1770 λιμο-

219 1795 603 1864 κτονούμενοι·
639 1793 768 1847 ἔνιοι
790 1793 846 1845 δὲ
890 1793 984 1845 καὶ
1029 1793 1471 1861 ἀποκτενόμενοι.
1511 1790 1792 1844 Ἐντεῦθεν

1885 617 2235 675 eorporatum
2301 608 2681 677 incorporeum
2720 611 3068 679 arbitrantes,
3099 629 3338 684 eumque
3376 618 3472 686 qui

1887 699 2170 753 nobiscum
2209 709 2370 753 natus
2423 709 2526 764 est,
2568 710 2776 756 natura:
2814 713 3014 758 nostra:
3059 713 3335 775 expertem
3379 709 3476 762 de.

1887 794 2192 839 cernentes.
2228 784 2368 840 Hinc
2397 802 2698 843 concussus
2726 798 2809 844 est
2832 791 3067 847 mundus
3101 811 3115 846 :
3144 803 3373 862 negatus
3390 801 3476 850 est

1889 891 1984 946 per
2012 877 2373 930 venerandam
2428 877 2719 947 imaginem
2748 896 2902 935 suam
2947 881 3224 950 Christus,
3264 897 3318 941 et
3345 884 3469 941 Dei-

1889 982 2039 1036 para,
2089 978 2141 1020 et
2169 971 2343 1022 sancti
2373 983 2584 1024 omnes.
2614 971 2720 1024 Per
2747 973 2997 1043 imaginis
3024 975 3168 1028 enim
3195 978 3464 1046 receptio-

1890 1070 2013 1108 nem
2051 1055 2313 1125 recipitur
2341 1056 2387 1110 is
2423 1057 2584 1125 cujus
2610 1065 2695 1111 est
2736 1058 2914 1128 imago
2949 1061 3130 1115 :sicut
3154 1071 3342 1118 contra
3380 1079 3476 1132 per

1891 1145 2244 1216 rejectionem
2273 1149 2537 1216 rejicitur.
2587 1148 2724 1204 Hinc
2772 1152 2983 1206 ebulliit
3012 1153 3316 1221 persecutio
3349 1195 3365 1220 ,
3409 1164 3464 1208 et

1892 1238 2114 1292 divinus
2152 1239 2462 1308 patriarcha
2523 1240 2793 1309 relegatus
2828 1250 2934 1308 est,
2965 1243 3276 1299 sacerdotes
3311 1253 3473 1313 atque

1890 1332 2154 1401 episcopi,
2222 1333 2477 1387 monachi
2533 1343 2589 1388 et
2637 1335 2928 1390 saeculares
2969 1336 3326 1402 sanctissimi,
3379 1336 3472 1390 alii

1892 1421 2085 1474 exsilio
2115 1429 2169 1474 et
2200 1422 2514 1475 carceribus
2566 1423 2791 1489 addicti,
2830 1424 2923 1476 alii
2953 1424 3274 1479 verberibus
3304 1424 3474 1480 fame-

1897 1527 2006 1580 que
2037 1511 2263 1566 cruciati
2297 1529 2311 1565 :
2341 1512 2590 1566 nonnulli
2622 1514 2785 1567 etiam
2824 1516 3024 1569 enecti.
3071 1514 3209 1570 Hinc
3231 1527 3476 1571 extorres

1893 1603 1946 1657 in
1981 1603 2281 1669 montibus,
2333 1603 2387 1657 in
2443 1604 2719 1674 speluncis
2754 1614 2809 1660 et
2849 1607 3099 1662 cavernis
3143 1617 3302 1662 terra:
3328 1647 3343 1672 ,
3378 1607 3472 1677 qui

1894 1694 2006 1750 Deo
2031 1696 2260 1748 mortale
2299 1694 2435 1748 nihil
2467 1696 2845 1766 praetulerunt.
2876 1695 3017 1751 Hinc
3044 1698 3227 1752 diruta
3248 1698 3471 1767 templa,

1893 1795 1948 1843 et
1974 1794 2162 1840 sancta
2185 1785 2488 1856 profanata,
2519 1793 2574 1841 et
2627 1786 2811 1842 divina
2844 1787 3073 1844 donaria
3110 1789 3218 1857 igni
3245 1789 3471 1849 tradita.

218 1889 272 1936 ἐν
290 1860 446 1953 δρεσι
468 1882 890 1951 φυγαδευόμενοι
934 1883 1029 1934 καὶ
1059 1860 1343 1951 σπηλαίοις
1361 1882 1455 1933 καὶ¹
1480 1881 1790 1962 ταῖςρπαϊς

1901 1879 2268 1948 clamoreque,
2310 1886 2369 1932 ut
2396 1880 2585 1946 paucis
2623 1878 2804 1934 dicam
2825 1920 2840 1946 ,
2873 1889 2929 1935 et
2962 1882 3267 1951 direptione
3316 1885 3474 1950 plena

217 1975 314 2043 τῆς
345 1975 476 2045 γῆς,
532 1977 582 2027 ol
602 1973 769 2045 μηδὲν
796 1972 904 2026 τῶν
928 1972 1055 2044 τῇδε
1081 1972 1464 2043 προκρίνοντες
1489 1971 1647 2025 Θεοῦ.
1680 1971 1801 2024 Ἐν-

1904 1971 2114 2025 omnia.

215 2068 409 2122 τεῦθεν
457 2069 575 2121 ναοὶ
623 2067 1159 2137 κατασκαπτόμενοι,
1211 2066 1307 2118 καὶ
1353 2066 1484 2135 ἅγια
1564 2063 1962 2137 βεϐηλουμένα,
2030 2066 2128 2119 καλ⁵
2189 2065 2310 2121 θεῖα
2368 2066 2698 2139 ἀναθήματα
2748 2070 2884 2140 πυρὶ
2925 2068 3474 2140 παραδ;δόμενα,καὶ

218 2155 473 2232 κραυγῆς
499 2162 567 2215 τὰ
595 2162 773 2214 πάντα
793 2161 889 2213 καὶ
909 2160 1203 2229 λεηλασίας
1231 2161 1436 2232 πλήρη,
1465 2161 1540 2224 ὡς
1571 2162 1630 2212 ὲν
1665 2160 1914 2231 συντόμῳ
1941 2161 2138 2214 εἰπεῖν.

287 2254 529 2307 Τοιαῦτα
554 2253 622 2305 τὰ
649 2252 748 2322 τῆς
793 2252 1047 2314 ἀσεϐείας
1074 2252 1299 2322 ὲγχειρή
1310 2268 1454 2320 ματα
1475 2267 1490 2284 ο
1519 2251 1595 2314 ὡς
1621 2250 1687 2304 ἂν
1719 2250 1785 2302 ὲκ

217 2347 309 2400 τοῦ
337 2344 553 2415 καρποῦ
580 2344 640 2397 τὸ
662 2344 879 2415 δένδρον
899 2341 1256 2413 γινώσκηται.
1297 2343 1513 2414 Ἐπειδὴ
1536 2344 1593 2395 δὲ
1618 2344 1784 2412 ὑμᾶς,

220 2441 291 2501 ὡς
321 2437 668 2506 προείρηται,
700 2436 733 2505 ἡ
765 2435 886 2488 θεία
913 2434 1072 2504 χάρις
1102 2434 1436 2503 ἡγκαλίσατο
1456 2435 1542 2487 διά
1558 2434 1660 2504 τῆς
1687 2451 1788 2488 κα-

218 2531 314 2600 λῆς
341 2529 636 2598 ὁμολογίας
664 2522 730 2598 ἧς
756 2526 1141 2596 ὡμολογήσατε
1165 2529 1278 2587 τοῖς
1304 2527 1580 2596 Πατράσιν
1603 2541 1616 2554 ·
1648 2526 1788 2597 ὑπὲρ

217 2618 282 2693 ἧς
321 2622 415 2674 καὶ
457 2620 650 2690 μέχρις
695 2618 925 2687 σῖματος
983 2617 1352 2689 προθυμεῖσθε
1407 2617 1789 2672 ἀντικαθίστα-

221 2715 386 2767 σθαι·
421 2713 516 2765 καὶ
540 2712 702 2781 ἡμεῖς
728 2709 776 2761 ol
805 2711 1053 2763 ταπεινοὶ
1098 2710 1274 2780 ταύτῃ
1313 2708 1376 2780 δὴ
1418 2712 1482 2780 τῇ
1523 2710 1789 2779 ὁμολογη-

219 2808 347 2876 τικῇ
377 2803 721 2871 πεποιθήσει,
757 2800 816 2853 σέ
847 2817 906 2855 τε
928 2802 1028 2871 τὴν
1053 2801 1247 2872 κυρίαν
1276 2801 1584 2865 δέσποιναν,
1609 2801 1700 2853 τόν
1729 2817 1787 2852 τε

223 2898 416 2968 κύριον
487 2895 580 2947 καὶ
629 2892 920 2964 δεσπότην,
976 2893 1072 2945 σὺν
1126 2894 1240 2955 τοῖς
1287 2891 1491 2955 λοιποῖς
1541 2892 1787 2944 εὑκλεέσι

218 2988 437 3050 κλάδοις
469 2984 566 3038 καὶ
604 2983 1013 3055 είσδεδέγμεθα,
1069 2986 1163 3036 καὶ⁵
1224 2983 1665 3051 συνεισκρίνομεν
1711 2982 1789 3051 τῷ

224 3081 379 3150 μέρει
402 3077 500 3146 τῆς
529 3075 838 3146 ὀρθοδοξίας
864 3091 876 3103 ·
908 3075 1108 3145 μᾶλλον
1145 3074 1203 3126 δὲ
1251 3076 1316 3144 τῇ
1357 3072 1451 3127 τοῦ
1491 3073 1625 3126 Θεοῦ
1665 3075 1788 3127 Ἐκ-

219 3168 421 3238 κλησίᾳ
445 3183 458 3197 ο
489 3168 829 3236 καὶῆκοντας
855 3166 998 3236 ὑμᾶς
1017 3165 1150 3234 πρὸς
1164 3163 1260 3236 τὴν
1285 3167 1610 3219 ταπείνωσιν
1633 3168 1789 3235 ἡμῶν

220 3259 655 3330 προσκυνοῦμεν,
691 3257 786 3310 καὶ
845 3255 1323 3326 συγκοινωνοῦμεν
1374 3257 1536 3327 ὑμῖν·
1569 3258 1792 3327 εὐχαρι-

221 3353 422 3422 στήρια
451 3350 530 3419 τῷ
565 3349 751 3419 ἀγαθῷ
774 3348 894 3419 Θεῷ
933 3348 1348 3417 ἀναπέμποντες
1398 3347 1479 3413 τῷ
1522 3349 1791 3402 ποιοῦντι

214 3440 451 3508 μεγάλα
470 3439 568 3493 καὶ
584 3440 1036 3507 ἀνεξιχνίαστα,
1056 3431 1143 3491 ὦν
1171 3441 1280 3492 οὐκ
1320 3440 1490 3491 ἐστιν
1509 3439 1750 3508 ἀριθμός
1773 3455 1787 3470 °

1964 2247 2125 2303 Tales
2140 2259 2299 2302 erant
2336 2247 2633 2318 impietatis
2663 2261 2928 2305 conatus:
2983 2257 3042 2304 ut
3072 2267 3137 2304 ex
3170 2252 3350 2306 fructu
3378 2267 3474 2306 ar-

1892 2340 1993 2395 bor
2017 2350 2395 2409 cognoscatur.
2421 2339 2714 2410 Postquam
2747 2350 2932 2395 autem
2993 2342 3175 2396 divina
3215 2357 3310 2397 vos
3343 2359 3470 2413 gra-

1893 2434 1988 2498 tia,
2027 2435 2167 2488 sicut
2191 2433 2302 2487 dixi
2326 2473 2341 2498 ,
2374 2435 2620 2503 amplexa
2641 2444 2725 2488 est
2754 2449 2844 2503 per
2873 2435 3146 2505 egregiam
3173 2433 3472 2489 confessio-

1893 2541 2039 2591 nem,
2070 2541 2232 2595 quam
2265 2524 2520 2581 Patribus
2561 2526 2791 2596 professi
2826 2527 2960 2582 estis
3003 2545 3016 2581 :
3050 2541 3148 2596 pro
3164 2543 3271 2596 qua
3297 2542 3472 2597 usque

1893 2618 1958 2671 ad
1989 2620 2312 2688 sanguinem
2356 2619 2643 2673 decertare
2681 2618 2855 2688 parati
2903 2618 3037 2673 estis
3071 2633 3214 2673 :nos
3256 2634 3472 2688 quoque

1895 2709 2130 2764 humiles
2155 2709 2311 2763 istius
2340 2709 2598 2762 nimirum
2637 2707 3002 2763 confessionis
3068 2706 3264 2761 flducia
3305 2705 3426 2760 freti
3450 2745 3469 2771 ,

1896 2808 1946 2853 te
1971 2799 2249 2853 dominam
2284 2812 2342 2855 et
2371 2801 2690 2870 magistram
2713 2839 2728 2860 .
2769 2798 2930 2853 simul
2988 2797 3150 2854 etiam
3191 2798 3468 2852 dominum

1893 2900 1947 2945 et
1968 2892 2306 2959 magistrum,
2338 2906 2461 2945 cum
2499 2891 2714 2945 caeteris
2741 2890 2956 2961 inclytis
2995 2889 3166 2944 ramis
3203 2898 3257 2942 et
3283 2903 3472 2943 susce—

1894 2986 2078 3053 pimus
2110 3022 2123 3045 ,
2165 2992 2217 3036 et
2269 2983 2588 3037 orthodoxae
2637 2982 2760 3035 tldei
2815 2982 3088 3050 partibus,
3130 2995 3225 3036 seu
3294 2979 3472 3050 potius

1895 3073 2151 3128 Ecclesiae
2175 3071 2268 3126 Dei
2303 3087 2687 3137 accensemus,
2725 3073 3112 3141 venientesque
3155 3070 3221 3126 ad
3255 3071 3473 3127 humili-

1895 3175 2059 3220 tatem
2083 3176 2322 3220 nostram
2346 3180 2444 3220 vos
2461 3179 2806 3228 veneramur,
2827 3173 2883 3219 et
2919 3164 3200 3218 vobiscum
3228 3180 3473 3219 commu-

1897 3259 2388 3327 nicamus,gratias
2408 3267 2630 3326 agentes
2660 3255 2768 3310 Deo
2791 3257 2998 3325 optimo
3030 3257 3119 3325 qui
3138 3257 3262 3326 fecit
3280 3274 3474 3327 magna

1895 3362 1944 3405 et
1973 3350 2346 3404 inscrutabilia
2375 3351 2569 3420 absque
2601 3365 2817 3404 numero
2855 3350 2899 3381 ⁷⁸
2929 3367 2944 3417 ;
2990 3350 3084 3420 qui
3119 3366 3185 3404 ex
3235 3353 3473 3405 tenebris

1897 3445 1962 3498 ad
1982 3445 2154 3497 lucem
2189 3444 2427 3506 deducit,
2449 3459 2516 3498 ex
2546 3444 2633 3497 via
2663 3443 2871 3498 erroris
2900 3443 2965 3496 ad
2982 3444 3200 3512 pietatis
3223 3443 3471 3498 semitam

219 3528 300 3600 τῷ
329 3532 393 3581 ἐκ
419 3528 646 3589 σκότους
670 3528 749 3589 εις
783 3526 896 3594 φῶς
926 3526 1136 3593 ἄγοντι,
1169 3529 1266 3580 καὶ
1311 3526 1372 3592 ἐξ
1423 3527 1544 3580 ὁδοῦ
1590 3527 1790 3598 πλάνης

1901 3534 2158 3590 transfert
2191 3550 2316 3589 eum
2357 3549 2598 3596 omnem,
2624 3535 2718 3603 qui
2768 3549 2835 3588 ex
2859 3536 3045 3588 animo
3075 3535 3273 3589 salvari
3299 3535 3449 3603 cupit

221 3626 298 3686 εἰς
325 3620 514 3692 τρίϐον
545 3618 827 3679 εὐσεϐείας
857 3618 1217 3688 μεταφέροντι
1244 3620 1422 3673 πάντα
1448 3621 1539 3673 τὸν
1567 3619 1626 3684 ἐξ
1656 3621 1790 3690 ἀλη-

222 3716 374 3786 θινῆς
401 3712 629 3783 καρδίας
681 3710 970 3779 ἐφιέμενον
1021 3708 1311 3776 σώζεσθαι.
1345 3712 1528 3764 Ταῦτα
1573 3712 1672 3781 μὲν
1699 3711 1792 3764 οῦ-

220 3823 348 3870 τως.
393 3802 612 3872 Ἐπειδὴ
641 3803 696 3854 δὲ
745 3800 984 3868 ἀπεδόθη
1029 3801 1158 3871 ὑμῖν
1204 3804 1354 3874 παρά
1403 3803 1498 3856 τοῦ
1551 3804 1788 3874 μεγάλου

224 3896 488 3968 βασιλέως
519 3896 551 3966 ἡ
578 3895 738 3963 νῆσος
769 3894 871 3963 τῆς
925 3892 1193 3947 Χαλκίτου
1250 3897 1330 3959 είς
1374 3902 1791 3967 κατοικητήριον

227 3986 460 4056 διαίτης,
489 3986 548 4038 οῦ
585 3985 794 4057 μικρῶς
823 3983 1111 4053 ἐλύπησεν,
1142 3987 1238 4056 οὐχ
1262 3989 1407 4057 ἡμᾶς
1441 3989 1616 4057 μόνον,
1655 3989 1790 4042 ἀλλά

223 4079 318 4133 mi.
347 4077 576 4140 πολλοὺς
620 4078 728 4130 τῶν
767 4077 1047 4146 Πατέρων,
1099 4076 1182 4130 ὅτι
1219 4078 1519 4149 ἀδελφότης
1555 4080 1649 4152 ὅλη
1691 4081 1790 4134 σὺν

223 4170 623 4240 καθηγουμένῳ
650 4169 749 4238 τῆς
784 4169 952 4222 πάλαι
985 4168 1192 4232 οἰκείας
1230 4173 1395 4240 μονῆς
1422 4170 1624 4241 eis.qu
1647 4189 1660 4203 ·
1695 4173 1790 4224 καὶ

222 4259 317 4312 νῦν
377 4253 480 4312 ὧδε
533 4258 758 4310 κάκεῖσε
806 4257 1206 4328 περιφέρεται’
1242 4258 1335 4310 καὶ
1391 4260 1472 4311 ὅτι
1532 4258 1790 4329 ὤφθημεν

225 4351 535 4418 ἀνοίγοντες
615 4348 866 4417 γλώσσας
917 4351 1010 4402 ἐπὶ
1068 4349 1366 4422 προτέραις
1431 4351 1786 4423 δυσφημίαις.

224 4442 413 4512 Ὅμως
476 4441 662 4511 ἐπειδὴ
716 4440 1131 4510 ἀπελογήσασθε
1173 4442 1259 4495 διά
1284 4442 1379 4494 τοῦ
1421 4443 1789 4511 πνευματικοῦ

219 4533 381 4602 ἡμῶν
423 4533 542 4585 υίοῦ
562 4532 897 4604 Κλήμεντος,
926 4533 1020 4585 τοῦ
1043 4532 1436 4586 εὐλαϐεστάτου
1462 4535 1786 4605 ἡγουμένου,

223 4623 396 4688 οὕτως
429 4625 524 4678 καὶ
581 4624 750 4688 οὓτως
784 4623 1020 4695 ὑπάρξαι
1049 4623 1148 4695 τὴν
1193 4625 1448 4678 ὑπόθεσιν
1483 4628 1547 4678 ἐκ
1584 4626 1791 4695 βασιλι-

222 4715 320 4786 κῆς
353 4715 975 4786 ὲξουσίας,ἀπελύθημεν
995 4717 1092 4786 τῆς
1119 4715 1315 4784 λύπης.
1354 4716 1525 4770 Τοῦτο
1538 4718 1593 4770 δὲ
1611 4735 1791 4789 παρα-

221 4805 516 4875 καλοῦμεν,
576 4809 700 4861 ὅσον
753 4809 1028 4878 ἐνδέχεται
1069 4807 1424 4863 ἐκϐιάσασθαι
1459 4808 1602 4879 ὑμᾶς
1629 4809 1789 4881 θερα-

1895 3630 2071 3696 Atque
2132 3629 2242 3681 haec
2317 3627 2539 3696 quidem
2593 3627 2649 3680 in
2721 3625 2867 3680 hunc
2905 3627 3151 3680 modum.
3199 3625 3469 3680 Caeterum

1896 3729 2185 3788 postquam
2212 3719 2456 3772 Chalcita
2496 3718 2675 3772 insula
2710 3718 2863 3772 vobis
2935 3718 3216 3788 designata
3283 3719 3387 3772 fuit
3439 3735 3470 3773 δ

1898 3824 2098 3878 magno
2127 3809 2459 3878 imperatore
2515 3809 2582 3862 ad
2613 3807 2948 3862 domicilium
2977 3808 3346 3872 habitationis,
3375 3824 3472 3879 per

1895 3902 2034 3957 duos
2063 3916 2258 3965 annos,
2301 3916 2407 3956 non
2440 3900 2789 3955 mediocriter
2838 3900 3136 3961 doluimus,
3169 3915 3343 3969 neque
3380 3915 3470 3955 so-

1895 3997 2006 4050 lum
2039 4009 2161 4060 nos,
2184 3994 2278 4048 sed
2312 3993 2463 4048 multi
2487 3994 2649 4048 etiam
2681 4008 2747 4046 ex
2763 3989 3040 4056 Patribus,
3068 3992 3211 4059 quod
3249 3992 3469 4046 univer-

1896 4102 1991 4142 sus
2058 4084 2289 4139 fratrum
2328 4094 2502 4140 cintus
2535 4099 2660 4140 cum
2696 4082 2963 4148 antistite,
2987 4094 3169 4138 vetere
3211 4099 3313 4137 suo
3349 4099 3471 4138 mo-

1895 4177 2135 4233 nasterio
2165 4177 2371 4245 ejectus
2397 4175 2488 4240 sit,
2517 4183 2571 4229 et
2596 4190 2743 4228 nunc
2793 4174 2903 4228 huc
2961 4174 3202 4244 illucque
3237 4174 3471 4229 circum.

1896 4279 2108 4339 agatur,
2135 4268 2349 4338 etquod
2376 4267 2478 4321 visi
2507 4266 2680 4321 simus
2700 4266 2913 4334 linguas
2942 4265 3154 4335 aperire
3184 4266 3250 4318 ad
3284 4266 3471 4334 pristi-

1898 4377 1966 4415 na
2003 4361 2266 4415 convicia.
2289 4358 2701 4421 Verumtamen,
2731 4358 2988 4426 quoniam
3016 4371 3110 4426 per
3131 4355 3468 4411 Clementem

1896 4451 2230 4522 spiritualem
2267 4451 2434 4504 tilium
2472 4458 2742 4513 nostrum,
2775 4447 3293 4502 reverendissimum
3331 4463 3472 4517 prae-

1895 4543 2158 4613 positum,
2192 4541 2572 4611 respondistis,
2601 4542 2671 4594 ita
2696 4549 2858 4608 atque
2889 4539 2962 4593 ita
2997 4540 3349 4595 constitutam
3402 4555 3469 4594 ex

1899 4639 2044 4705 regia
2075 4635 2395 4689 auctoritate
2433 4647 2547 4686 rem
2581 4631 2772 4696 fuisse,
2807 4631 3083 4685 tristitiam
3137 4633 3466 4700 depulimus.

1896 4725 2013 4781 Hoc
2054 4739 2183 4780 vero
2229 4725 2585 4787 obtestamur,
2647 4733 2729 4788 ut,
2763 4731 3029 4790 quantum
3077 4723 3281 4776 conniti
3316 4723 3471 4777 vobis

1898 4821 2045 4882 licet,
2077 4817 2470 4887 egredientium
2525 4815 2771 4869 dolorem
2818 4813 3104 4884 mitigetis;
3139 4815 3266 4883 quia
3333 4816 3471 4870 scri-

225 4896 425 4952 πεῦσαι
450 4898 511 4950 τὸ
553 4899 716 4965 ἄλγος
747 4899 855 4952 τῶν
896 4899 1182 4964 ἐξιόντωνο
1207 4898 1398 4973 ἐπειδὴ
1441 4901 1790 4971 γέγραπται·

1903 4923 2053 4983 ptum
2094 4884 2238 4964 eist‘:
2283 4908 2361 4963 Ne
2409 4909 2506 4962 des
2555 4907 2762 4961 homini
2817 4905 3022 4967 locum,
3078 4916 3137 4960 ut
3185 4907 3474 4962 maledicat

223 4992 316 5064 Μὴ
348 4992 455 5064 δῷς
478 4992 751 5064 ἀνθρώπῳ
782 4993 952 5048 τόπον
981 4992 1327 5065 καταρᾶσθαι
1359 5010 1446 5048 σε.
1471 4995 1579 5047 Καί
1604 5010 1618 5024 ⁶
1664 4997 1797 5051 Ἵνα

1895 5004 1995 5058 tibi
2011 5005 2056 5038 "
2088 5041 2103 5057 .
2142 5000 2248 5055 Et:
2288 4997 2508 5069 thuid,
2539 4998 2637 5065 ait,
2689 4997 2906 5050 libertas
2941 5011 3056 5049 nica
3078 4995 3354 5065 iudicatur
3404 4996 3470 5050 ab

224 5085 302 5146 τί,
326 5085 514 5154 φησιν,
539 5086 579 5154 ἠ
610 5086 920 5155 ἐλευθερία
945 5103 1065 5156 μου
1120 5087 1382 5154 κρίνεται
1429 5089 1545 5142 ὐπὸ
1602 5086 1790 5155 ἄλλης

1898 5095 2073 5149 aliena
2105 5094 2424 5149 conscientia
2443 5091 2488 5123 '°
2508 5091 2532 5146 ‘2

225 5175 636 5243 συνειδήσεως
655 5192 673 5240 ;

289 5267 407 5321 ΣΗ.
449 5298 520 5309 --
548 5270 784 5337 Κασσίᾳ
810 5268 921 5341 (99)
967 5270 1470 5340 κανὸιδαστίσσῃ.
1502 5269 1707 5344 [ωκα’.]

2242 5273 2470 5330 CCV.—-
2495 5272 2696 5328 Cassia
2720 5271 3117 5328 candidatis”.

227 5360 591 5426 loterrogatum
621 5375 677 5412 se
711 5363 770 5411 ab
801 5374 878 5423 ea,
910 5363 1252 5427 superioribus
1288 5362 1472 5414 litteris
1491 5366 1898 5477 respongtssedid
1931 5366 2063 5429 quod
2084 5380 2256 5417 verum
2288 5372 2343 5416 et
2373 5377 2571 5429 equum
2609 5363 2821 5427 putavit,
2863 5376 2958 5414 nec
2993 5375 3138 5424 posse
3165 5376 3194 5413 ι
3225 5360 3475 5411 sententia

1715 5443 1815 5477 isce
1855 5442 1962 5477 ere.

1715 5442 1962 5480 ιεεεσετε.

294 5503 503 5574 Χρονία
534 5505 569 5575 ἠ
594 5506 850 5578 ἐπιστολὴ
887 5507 988 5578 τῆς
1029 5507 1340 5578 τιμιότητός
1368 5524 1483 5573 σου,
1530 5508 1626 5562 καὶ
1651 5509 1793 5581 αῦτη

290 5619 337 5651 ’⁸
361 5616 464 5674 Job
503 5633 556 5686 ν,
603 5619 658 5676 9.
732 5622 777 5654 ’⁸
808 5620 966 5678 Prov.
1007 5638 1136 5689 xxx,
1186 5623 1271 5678 lO.
1346 5623 1444 5679 "l
1485 5622 1612 5679 Cor.
1641 5624 1812 5690 x,29.

1970 5510 2186 5569 Prolixa
2221 5510 2454 5584 epistola
2518 5509 2953 5569 honorificentia:
2986 5519 3114 5575 tua,
3172 5507 3474 5577 eademque

1736 5733 1957 5794 ΝυΤιΕ.

312 5801 423 5873 (99)
461 5801 517 5858 In
552 5805 668 5860 cod.
700 5801 830 5876 Reg.
860 5811 962 5876 ση’.
