  <div class='ocr_page' id='page_1' title='image "/cluster/home/n/w/nwhite01/storage/ocr_20150623/99/ien.35556001661347/821.png"; bbox 0 0 3966 6458; ppageno 0'>
   <div class='ocr_carea' id='block_1_1' title="bbox 559 335 695 408">
    <p class='ocr_par' dir='ltr' id='par_1_1' title="bbox 559 335 695 408">
     <span class='ocr_line' id='line_1_1' title="bbox 559 335 695 408; baseline 0.022 -2"><span class='ocrx_word' id='word_1_1' title='bbox 559 335 695 408; x_wconf 70' lang='lat'><strong>1623</strong></span> 
     </span>
    </p>
   </div>
   <div class='ocr_carea' id='block_1_2' title="bbox 1743 308 2602 407">
    <p class='ocr_par' dir='ltr' id='par_1_2' title="bbox 1743 308 2602 407">
     <span class='ocr_line' id='line_1_2' title="bbox 1743 308 2602 407; baseline 0.005 -4"><span class='ocrx_word' id='word_1_2' title='bbox 1743 344 1802 403; x_wconf 89' lang='lat' dir='ltr'><strong>s.</strong></span> <span class='ocrx_word' id='word_1_3' title='bbox 1826 308 2217 403; x_wconf 76' lang='lat' dir='ltr'><strong>TIIEODOBI</strong></span> <span class='ocrx_word' id='word_1_4' title='bbox 2258 344 2602 407; x_wconf 80' lang='lat' dir='ltr'><strong>STUDIT/E</strong></span> 
     </span>
    </p>
   </div>
   <div class='ocr_carea' id='block_1_3' title="bbox 3650 358 3785 422">
    <p class='ocr_par' dir='ltr' id='par_1_3' title="bbox 3650 358 3785 422">
     <span class='ocr_line' id='line_1_3' title="bbox 3650 358 3785 422; baseline 0.007 -1"><span class='ocrx_word' id='word_1_5' title='bbox 3650 358 3785 422; x_wconf 67' lang='grc'><strong>1624</strong></span> 
     </span>
    </p>
   </div>
   <div class='ocr_carea' id='block_1_4' title="bbox 550 452 2101 537">
    <p class='ocr_par' dir='ltr' id='par_1_4' title="bbox 550 452 2101 525">
     <span class='ocr_line' id='line_1_4' title="bbox 550 452 2101 525; baseline -0.004 -15"><span class='ocrx_word' id='word_1_6' title='bbox 550 452 1000 524; x_wconf 83' lang='lat' dir='ltr'><strong>expostulatoria;</strong></span> <span class='ocrx_word' id='word_1_7' title='bbox 1029 462 1083 511; x_wconf 91' lang='lat' dir='ltr'><strong>et</strong></span> <span class='ocrx_word' id='word_1_8' title='bbox 1100 469 1246 512; x_wconf 90' lang='lat' dir='ltr'><strong>nunc</strong></span> <span class='ocrx_word' id='word_1_9' title='bbox 1268 455 1524 510; x_wconf 81' lang='lat' dir='ltr'><strong>humilius</strong></span> <span class='ocrx_word' id='word_1_10' title='bbox 1539 469 1595 510; x_wconf 84' lang='lat' dir='ltr'><strong>se</strong></span> <span class='ocrx_word' id='word_1_11' title='bbox 1616 453 1951 525; x_wconf 76' lang='lat' dir='ltr'><strong>deprimens,</strong></span> <span class='ocrx_word' id='word_1_12' title='bbox 1977 469 2101 507; x_wconf 69' lang='lat' dir='ltr'><strong>nunt</strong></span> 
     </span>
    </p>
   </div>
   <div class='ocr_carea' id='block_1_5' title="bbox 2204 452 3788 537">
    <p class='ocr_par' dir='ltr' id='par_1_5' title="bbox 2224 454 3788 537">
     <span class='ocr_line' id='line_1_5' title="bbox 2224 454 3788 537; baseline 0.008 -30"><span class='ocrx_word' id='word_1_13' title='bbox 2224 454 2521 527; x_wconf 77' lang='grc' dir='ltr'>ἔγκλητικὴ</span> <span class='ocrx_word' id='word_1_14' title='bbox 2550 474 2564 488; x_wconf 79' lang='grc' dir='ltr'><strong>ο</strong></span> <span class='ocrx_word' id='word_1_15' title='bbox 2597 457 2693 517; x_wconf 75' lang='grc' dir='ltr'><strong>καὶ</strong></span> <span class='ocrx_word' id='word_1_16' title='bbox 2751 458 2827 528; x_wconf 81' lang='grc' dir='ltr'>πῆ</span> <span class='ocrx_word' id='word_1_17' title='bbox 2891 457 2993 529; x_wconf 84' lang='grc' dir='ltr'>μὲν</span> <span class='ocrx_word' id='word_1_18' title='bbox 3032 457 3537 535; x_wconf 79' lang='grc' dir='ltr'>ὑποταπεινουμένη</span> <span class='ocrx_word' id='word_1_19' title='bbox 3562 480 3578 495; x_wconf 86' lang='grc'>·</span> <span class='ocrx_word' id='word_1_20' title='bbox 3613 466 3691 537; x_wconf 81' lang='grc' dir='ltr'>πῆ</span> <span class='ocrx_word' id='word_1_21' title='bbox 3730 468 3788 520; x_wconf 79' lang='grc' dir='ltr'><strong>δὲ</strong></span> 
     </span>
    </p>
   </div>
   <div class='ocr_carea' id='block_1_6' title="bbox 550 545 2115 616">
    <p class='ocr_par' dir='ltr' id='par_1_6' title="bbox 550 545 2115 616">
     <span class='ocr_line' id='line_1_6' title="bbox 550 545 2115 616; baseline 0.001 -18"><span class='ocrx_word' id='word_1_22' title='bbox 550 545 840 615; x_wconf 73' lang='lat' dir='ltr'><strong>insurgens</strong></span> <span class='ocrx_word' id='word_1_23' title='bbox 867 546 1128 603; x_wconf 78' lang='lat' dir='ltr'><strong>adversus</strong></span> <span class='ocrx_word' id='word_1_24' title='bbox 1184 551 1496 602; x_wconf 76' lang='lat' dir='ltr'><strong>tenuitatem</strong></span> <span class='ocrx_word' id='word_1_25' title='bbox 1526 556 1770 602; x_wconf 87' lang='lat' dir='ltr'><strong>nostram</strong></span> <span class='ocrx_word' id='word_1_26' title='bbox 1798 565 1814 611; x_wconf 87' lang='lat'><strong>;</strong></span> <span class='ocrx_word' id='word_1_27' title='bbox 1862 557 2115 616; x_wconf 78' lang='lat' dir='ltr'><strong>tanquam</strong></span> 
     </span>
    </p>
   </div>
   <div class='ocr_carea' id='block_1_7' title="bbox 551 636 2119 696">
    <p class='ocr_par' dir='ltr' id='par_1_7' title="bbox 551 636 2119 696">
     <span class='ocr_line' id='line_1_7' title="bbox 551 636 2119 696; baseline 0.003 -10"><span class='ocrx_word' id='word_1_28' title='bbox 551 647 753 691; x_wconf 89' lang='lat' dir='ltr'><strong>temere</strong></span> <span class='ocrx_word' id='word_1_29' title='bbox 774 646 827 691; x_wconf 90' lang='lat' dir='ltr'><strong>et</strong></span> <span class='ocrx_word' id='word_1_30' title='bbox 855 636 1261 693; x_wconf 76' lang='lat' dir='ltr'><strong>inconsiderate</strong></span> <span class='ocrx_word' id='word_1_31' title='bbox 1292 649 1481 696; x_wconf 88' lang='lat' dir='ltr'><strong>contra</strong></span> <span class='ocrx_word' id='word_1_32' title='bbox 1508 648 1559 693; x_wconf 92' lang='lat' dir='ltr'><strong>te</strong></span> <span class='ocrx_word' id='word_1_33' title='bbox 1581 639 1883 694; x_wconf 84' lang='lat' dir='ltr'><strong>calumnias</strong></span> <span class='ocrx_word' id='word_1_34' title='bbox 1922 639 2119 693; x_wconf 89' lang='lat' dir='ltr'><strong>admit-</strong></span> 
     </span>
    </p>
   </div>
   <div class='ocr_carea' id='block_1_8' title="bbox 549 730 2113 802">
    <p class='ocr_par' dir='ltr' id='par_1_8' title="bbox 549 730 2113 802">
     <span class='ocr_line' id='line_1_8' title="bbox 549 730 2113 802; baseline 0.003 -21"><span class='ocrx_word' id='word_1_35' title='bbox 549 738 761 793; x_wconf 88' lang='lat' dir='ltr'><strong>tamus;</strong></span> <span class='ocrx_word' id='word_1_36' title='bbox 785 730 949 784; x_wconf 86' lang='lat' dir='ltr'><strong>sedet</strong></span> <span class='ocrx_word' id='word_1_37' title='bbox 987 745 1148 786; x_wconf 85' lang='lat' dir='ltr'><strong>voces</strong></span> <span class='ocrx_word' id='word_1_38' title='bbox 1190 747 1311 800; x_wconf 67' lang='lat' dir='ltr'><strong>qua:</strong></span> <span class='ocrx_word' id='word_1_39' title='bbox 1339 732 1459 786; x_wconf 84' lang='lat' dir='ltr'><strong>sine</strong></span> <span class='ocrx_word' id='word_1_40' title='bbox 1486 732 1692 802; x_wconf 87' lang='lat' dir='ltr'><strong>judicio</strong></span> <span class='ocrx_word' id='word_1_41' title='bbox 1713 732 2067 801; x_wconf 85' lang='lat' dir='ltr'><strong>proferuntur</strong></span> <span class='ocrx_word' id='word_1_42' title='bbox 2100 749 2113 785; x_wconf 94' lang='lat'><strong>:</strong></span> 
     </span>
    </p>
   </div>
   <div class='ocr_carea' id='block_1_9' title="bbox 546 820 2114 891">
    <p class='ocr_par' dir='ltr' id='par_1_9' title="bbox 546 820 2114 891">
     <span class='ocr_line' id='line_1_9' title="bbox 546 820 2114 891; baseline 0.002 -17"><span class='ocrx_word' id='word_1_43' title='bbox 546 820 708 891; x_wconf 85' lang='lat' dir='ltr'><strong>idque</strong></span> <span class='ocrx_word' id='word_1_44' title='bbox 760 821 815 876; x_wconf 88' lang='lat' dir='ltr'><strong>in</strong></span> <span class='ocrx_word' id='word_1_45' title='bbox 868 824 1031 878; x_wconf 85' lang='lat' dir='ltr'><strong>rebus</strong></span> <span class='ocrx_word' id='word_1_46' title='bbox 1096 824 1318 879; x_wconf 81' lang='lat' dir='ltr'><strong>maximi</strong></span> <span class='ocrx_word' id='word_1_47' title='bbox 1359 825 1638 879; x_wconf 90' lang='lat' dir='ltr'><strong>momenti.</strong></span> <span class='ocrx_word' id='word_1_48' title='bbox 1668 822 1778 880; x_wconf 86' lang='lat' dir='ltr'><strong>Nos</strong></span> <span class='ocrx_word' id='word_1_49' title='bbox 1801 839 1932 879; x_wconf 86' lang='lat' dir='ltr'><strong>vero</strong></span> <span class='ocrx_word' id='word_1_50' title='bbox 1991 839 2114 877; x_wconf 83' lang='lat' dir='ltr'><strong>cum</strong></span> 
     </span>
    </p>
   </div>
   <div class='ocr_carea' id='block_1_10' title="bbox 546 911 2113 976">
    <p class='ocr_par' dir='ltr' id='par_1_10' title="bbox 546 911 2113 976">
     <span class='ocr_line' id='line_1_10' title="bbox 546 911 2113 976; baseline 0.004 -14"><span class='ocrx_word' id='word_1_51' title='bbox 546 911 681 965; x_wconf 82' lang='lat' dir='ltr'><strong>tales</strong></span> <span class='ocrx_word' id='word_1_52' title='bbox 708 913 1003 969; x_wconf 83' lang='lat' dir='ltr'><strong>amandare</strong></span> <span class='ocrx_word' id='word_1_53' title='bbox 1037 913 1311 969; x_wconf 79' lang='lat' dir='ltr'><strong>soleamus</strong></span> <span class='ocrx_word' id='word_1_54' title='bbox 1358 922 1472 968; x_wconf 91' lang='lat' dir='ltr'><strong>tum</strong></span> <span class='ocrx_word' id='word_1_55' title='bbox 1506 914 1637 969; x_wconf 92' lang='lat' dir='ltr'><strong>illud</strong></span> <span class='ocrx_word' id='word_1_56' title='bbox 1681 915 2069 970; x_wconf 90' lang='lat' dir='ltr'><strong>denuntiamus</strong></span> <span class='ocrx_word' id='word_1_57' title='bbox 2097 954 2113 976; x_wconf 96' lang='lat'><strong>,</strong></span> 
     </span>
    </p>
   </div>
   <div class='ocr_carea' id='block_1_11' title="bbox 542 1004 2114 1072">
    <p class='ocr_par' dir='ltr' id='par_1_11' title="bbox 542 1004 2114 1072">
     <span class='ocr_line' id='line_1_11' title="bbox 542 1004 2114 1072; baseline 0.004 -19"><span class='ocrx_word' id='word_1_58' title='bbox 542 1016 664 1071; x_wconf 69' lang='lat' dir='ltr'><strong>qua:</strong></span> <span class='ocrx_word' id='word_1_59' title='bbox 692 1004 857 1071; x_wconf 81' lang='lat' dir='ltr'><strong>vulgo</strong></span> <span class='ocrx_word' id='word_1_60' title='bbox 897 1004 1207 1072; x_wconf 86' lang='lat' dir='ltr'><strong>jactantur,</strong></span> <span class='ocrx_word' id='word_1_61' title='bbox 1261 1005 1343 1060; x_wconf 91' lang='lat' dir='ltr'><strong>sic</strong></span> <span class='ocrx_word' id='word_1_62' title='bbox 1387 1019 1487 1060; x_wconf 89' lang='lat' dir='ltr'><strong>nos</strong></span> <span class='ocrx_word' id='word_1_63' title='bbox 1542 1005 1729 1060; x_wconf 89' lang='lat' dir='ltr'><strong>audire</strong></span> <span class='ocrx_word' id='word_1_64' title='bbox 1769 1021 1867 1061; x_wconf 86' lang='lat' dir='ltr'><strong>ceu</strong></span> <span class='ocrx_word' id='word_1_65' title='bbox 1910 1006 2114 1060; x_wconf 90' lang='lat' dir='ltr'><strong>ludicra</strong></span> 
     </span>
    </p>
   </div>
   <div class='ocr_carea' id='block_1_12' title="bbox 543 1091 2111 1166">
    <p class='ocr_par' dir='ltr' id='par_1_12' title="bbox 543 1091 2111 1166">
     <span class='ocr_line' id='line_1_12' title="bbox 543 1091 2111 1166; baseline 0.001 -21"><span class='ocrx_word' id='word_1_66' title='bbox 543 1091 788 1161; x_wconf 76' lang='lat' dir='ltr'><strong>quaedam</strong></span> <span class='ocrx_word' id='word_1_67' title='bbox 810 1109 824 1157; x_wconf 90' lang='lat'><strong>;</strong></span> <span class='ocrx_word' id='word_1_68' title='bbox 847 1094 927 1148; x_wconf 91' lang='lat' dir='ltr'><strong>sic</strong></span> <span class='ocrx_word' id='word_1_69' title='bbox 959 1106 1058 1147; x_wconf 92' lang='lat' dir='ltr'><strong>nos</strong></span> <span class='ocrx_word' id='word_1_70' title='bbox 1084 1093 1251 1163; x_wconf 85' lang='lat' dir='ltr'><strong>loqui,</strong></span> <span class='ocrx_word' id='word_1_71' title='bbox 1282 1108 1389 1148; x_wconf 92' lang='lat' dir='ltr'><strong>non</strong></span> <span class='ocrx_word' id='word_1_72' title='bbox 1418 1102 1476 1148; x_wconf 94' lang='lat' dir='ltr'><strong>ut</strong></span> <span class='ocrx_word' id='word_1_73' title='bbox 1492 1094 1804 1150; x_wconf 90' lang='lat' dir='ltr'><strong>hominibus</strong></span> <span class='ocrx_word' id='word_1_74' title='bbox 1818 1095 2111 1166; x_wconf 79' lang='lat' dir='ltr'><strong>placentes,</strong></span> 
     </span>
    </p>
   </div>
   <div class='ocr_carea' id='block_1_13' title="bbox 543 1181 2112 1254">
    <p class='ocr_par' dir='ltr' id='par_1_13' title="bbox 543 1181 2112 1254">
     <span class='ocr_line' id='line_1_13' title="bbox 543 1181 2112 1254; baseline 0.001 -18"><span class='ocrx_word' id='word_1_75' title='bbox 543 1183 636 1237; x_wconf 90' lang='lat' dir='ltr'><strong>sed</strong></span> <span class='ocrx_word' id='word_1_76' title='bbox 669 1181 779 1236; x_wconf 87' lang='lat' dir='ltr'><strong>Deo</strong></span> <span class='ocrx_word' id='word_1_77' title='bbox 808 1183 899 1254; x_wconf 88' lang='lat' dir='ltr'><strong>qui</strong></span> <span class='ocrx_word' id='word_1_78' title='bbox 940 1184 1131 1253; x_wconf 88' lang='lat' dir='ltr'><strong>probat</strong></span> <span class='ocrx_word' id='word_1_79' title='bbox 1158 1184 1320 1239; x_wconf 88' lang='lat' dir='ltr'><strong>corda</strong></span> <span class='ocrx_word' id='word_1_80' title='bbox 1358 1194 1587 1241; x_wconf 88' lang='lat' dir='ltr'><strong>nostra:</strong></span> <span class='ocrx_word' id='word_1_81' title='bbox 1643 1186 1858 1241; x_wconf 87' lang='lat' dir='ltr'><strong>tametsi</strong></span> <span class='ocrx_word' id='word_1_82' title='bbox 1908 1185 2112 1253; x_wconf 83' lang='lat' dir='ltr'><strong>alioqui</strong></span> 
     </span>
    </p>
   </div>
   <div class='ocr_carea' id='block_1_14' title="bbox 542 1274 2111 1346">
    <p class='ocr_par' dir='ltr' id='par_1_14' title="bbox 542 1274 2111 1346">
     <span class='ocr_line' id='line_1_14' title="bbox 542 1274 2111 1346; baseline 0 -15"><span class='ocrx_word' id='word_1_83' title='bbox 542 1284 852 1346; x_wconf 78' lang='lat' dir='ltr'><strong>peccatores</strong></span> <span class='ocrx_word' id='word_1_84' title='bbox 889 1292 1103 1341; x_wconf 76' lang='lat' dir='ltr'><strong>sumus,</strong></span> <span class='ocrx_word' id='word_1_85' title='bbox 1144 1274 1280 1331; x_wconf 83' lang='lat' dir='ltr'><strong>Nam</strong></span> <span class='ocrx_word' id='word_1_86' title='bbox 1335 1277 1382 1333; x_wconf 87' lang='lat' dir='ltr'><strong>si</strong></span> <span class='ocrx_word' id='word_1_87' title='bbox 1431 1275 1652 1333; x_wconf 82' lang='lat' dir='ltr'><strong>Balaam</strong></span> <span class='ocrx_word' id='word_1_88' title='bbox 1699 1294 1876 1346; x_wconf 77' lang='lat' dir='ltr'><strong>augur</strong></span> <span class='ocrx_word' id='word_1_89' title='bbox 1918 1277 2111 1331; x_wconf 87' lang='lat' dir='ltr'><strong>adduci</strong></span> 
     </span>
    </p>
   </div>
   <div class='ocr_carea' id='block_1_15' title="bbox 540 1368 2111 1438">
    <p class='ocr_par' dir='ltr' id='par_1_15' title="bbox 540 1368 2111 1438">
     <span class='ocr_line' id='line_1_15' title="bbox 540 1368 2111 1438; baseline 0.001 -17"><span class='ocrx_word' id='word_1_90' title='bbox 540 1382 647 1421; x_wconf 92' lang='lat' dir='ltr'><strong>non</strong></span> <span class='ocrx_word' id='word_1_91' title='bbox 674 1369 871 1438; x_wconf 89' lang='lat' dir='ltr'><strong>potuit,</strong></span> <span class='ocrx_word' id='word_1_92' title='bbox 901 1378 960 1422; x_wconf 88' lang='lat' dir='ltr'><strong>ut</strong></span> <span class='ocrx_word' id='word_1_93' title='bbox 986 1378 1179 1438; x_wconf 78' lang='lat' dir='ltr'><strong>praeter</strong></span> <span class='ocrx_word' id='word_1_94' title='bbox 1211 1368 1304 1424; x_wconf 88' lang='lat' dir='ltr'><strong>Dei</strong></span> <span class='ocrx_word' id='word_1_95' title='bbox 1361 1371 1696 1425; x_wconf 76' lang='lat' dir='ltr'><strong>voluntatem</strong></span> <span class='ocrx_word' id='word_1_96' title='bbox 1750 1369 1912 1424; x_wconf 88' lang='lat' dir='ltr'><strong>Balac</strong></span> <span class='ocrx_word' id='word_1_97' title='bbox 1974 1370 2111 1423; x_wconf 89' lang='lat' dir='ltr'><strong>allo-</strong></span> 
     </span>
    </p>
   </div>
   <div class='ocr_carea' id='block_1_16' title="bbox 546 1458 2110 1532">
    <p class='ocr_par' dir='ltr' id='par_1_16' title="bbox 546 1458 2110 1532">
     <span class='ocr_line' id='line_1_16' title="bbox 546 1458 2110 1532; baseline 0.005 -25"><span class='ocrx_word' id='word_1_98' title='bbox 546 1458 834 1530; x_wconf 78' lang='lat' dir='ltr'><strong>pliylorum</strong></span> <span class='ocrx_word' id='word_1_99' title='bbox 860 1461 973 1531; x_wconf 87' lang='lat' dir='ltr'><strong>regi</strong></span> <span class='ocrx_word' id='word_1_100' title='bbox 1001 1461 1356 1530; x_wconf 83' lang='lat' dir='ltr'><strong>responderet</strong></span> <span class='ocrx_word' id='word_1_101' title='bbox 1392 1478 1407 1528; x_wconf 92' lang='lat'><strong>;</strong></span> <span class='ocrx_word' id='word_1_102' title='bbox 1442 1461 1535 1532; x_wconf 90' lang='lat' dir='ltr'><strong>qui</strong></span> <span class='ocrx_word' id='word_1_103' title='bbox 1559 1461 1675 1517; x_wconf 85' lang='lat' dir='ltr'><strong>fieri</strong></span> <span class='ocrx_word' id='word_1_104' title='bbox 1729 1469 1894 1532; x_wconf 86' lang='lat' dir='ltr'><strong>queat</strong></span> <span class='ocrx_word' id='word_1_105' title='bbox 1920 1471 1979 1516; x_wconf 92' lang='lat' dir='ltr'><strong>ut</strong></span> <span class='ocrx_word' id='word_1_106' title='bbox 2008 1474 2110 1515; x_wconf 90' lang='lat' dir='ltr'><strong>nos</strong></span> 
     </span>
    </p>
   </div>
   <div class='ocr_carea' id='block_1_17' title="bbox 539 1551 2111 1626">
    <p class='ocr_par' dir='ltr' id='par_1_17' title="bbox 539 1551 2111 1626">
     <span class='ocr_line' id='line_1_17' title="bbox 539 1551 2111 1626; baseline 0.005 -21"><span class='ocrx_word' id='word_1_107' title='bbox 539 1567 593 1605; x_wconf 81' lang='grc' dir='ltr'><strong>ιιι</strong></span> <span class='ocrx_word' id='word_1_108' title='bbox 619 1551 907 1606; x_wconf 87' lang='lat' dir='ltr'><strong>sacerdotii</strong></span> <span class='ocrx_word' id='word_1_109' title='bbox 938 1552 1114 1620; x_wconf 88' lang='lat' dir='ltr'><strong>gradu</strong></span> <span class='ocrx_word' id='word_1_110' title='bbox 1139 1552 1447 1619; x_wconf 89' lang='lat' dir='ltr'><strong>constituti,</strong></span> <span class='ocrx_word' id='word_1_111' title='bbox 1509 1554 1883 1626; x_wconf 84' lang='lat' dir='ltr'><strong>rationemque</strong></span> <span class='ocrx_word' id='word_1_112' title='bbox 1936 1556 1989 1610; x_wconf 92' lang='lat' dir='ltr'><strong>in</strong></span> <span class='ocrx_word' id='word_1_113' title='bbox 2019 1556 2111 1613; x_wconf 86' lang='lat' dir='ltr'><strong>die</strong></span> 
     </span>
    </p>
   </div>
   <div class='ocr_carea' id='block_1_18' title="bbox 532 1642 2105 1717">
    <p class='ocr_par' dir='ltr' id='par_1_18' title="bbox 532 1642 2105 1717">
     <span class='ocr_line' id='line_1_18' title="bbox 532 1642 2105 1717; baseline 0.006 -23"><span class='ocrx_word' id='word_1_114' title='bbox 532 1642 724 1713; x_wconf 70' lang='lat' dir='ltr'><strong>indicii</strong></span> <span class='ocrx_word' id='word_1_115' title='bbox 749 1659 938 1698; x_wconf 89' lang='lat' dir='ltr'><strong>eorum</strong></span> <span class='ocrx_word' id='word_1_116' title='bbox 964 1646 1281 1717; x_wconf 74' lang='lat' dir='ltr'><strong>interrogati</strong></span> <span class='ocrx_word' id='word_1_117' title='bbox 1334 1648 1778 1716; x_wconf 80' lang='lat' dir='ltr'><strong>responderimus</strong></span> <span class='ocrx_word' id='word_1_118' title='bbox 1803 1647 2059 1703; x_wconf 88' lang='lat' dir='ltr'><strong>reddituri</strong></span> <span class='ocrx_word' id='word_1_119' title='bbox 2090 1688 2105 1714; x_wconf 92' lang='lat'><strong>,</strong></span> 
     </span>
    </p>
   </div>
   <div class='ocr_carea' id='block_1_19' title="bbox 538 1736 1735 1812">
    <p class='ocr_par' dir='ltr' id='par_1_19' title="bbox 538 1736 1735 1812">
     <span class='ocr_line' id='line_1_19' title="bbox 538 1736 1735 1812; baseline 0.004 -23"><span class='ocrx_word' id='word_1_120' title='bbox 538 1736 740 1807; x_wconf 84' lang='lat' dir='ltr'><strong>aliquid</strong></span> <span class='ocrx_word' id='word_1_121' title='bbox 787 1746 1142 1809; x_wconf 62' lang='lat' dir='ltr'><strong>praeterquam</strong></span> <span class='ocrx_word' id='word_1_122' title='bbox 1163 1742 1318 1795; x_wconf 81' lang='lat' dir='ltr'><strong>decet</strong></span> <span class='ocrx_word' id='word_1_123' title='bbox 1347 1739 1689 1812; x_wconf 80' lang='lat' dir='ltr'><strong>proferamus</strong></span> <span class='ocrx_word' id='word_1_124' title='bbox 1710 1742 1735 1794; x_wconf 67' lang='grc' dir='ltr'><strong>τ’</strong></span> 
     </span>
    </p>
   </div>
   <div class='ocr_carea' id='block_1_20' title="bbox 609 1913 2103 1987">
    <p class='ocr_par' dir='ltr' id='par_1_20' title="bbox 609 1913 2103 1987">
     <span class='ocr_line' id='line_1_20' title="bbox 609 1913 2103 1987; baseline 0.001 -17"><span class='ocrx_word' id='word_1_125' title='bbox 609 1913 701 1971; x_wconf 88' lang='lat' dir='ltr'><strong>Sic</strong></span> <span class='ocrx_word' id='word_1_126' title='bbox 730 1914 899 1986; x_wconf 89' lang='lat' dir='ltr'><strong>igitur</strong></span> <span class='ocrx_word' id='word_1_127' title='bbox 921 1915 991 1970; x_wconf 84' lang='lat' dir='ltr'><strong>ad</strong></span> <span class='ocrx_word' id='word_1_128' title='bbox 1021 1916 1352 1987; x_wconf 86' lang='lat' dir='ltr'><strong>interrogata</strong></span> <span class='ocrx_word' id='word_1_129' title='bbox 1384 1917 1786 1987; x_wconf 83' lang='lat' dir='ltr'><strong>respondimus.</strong></span> <span class='ocrx_word' id='word_1_130' title='bbox 1845 1931 1951 1971; x_wconf 92' lang='lat' dir='ltr'><strong>non</strong></span> <span class='ocrx_word' id='word_1_131' title='bbox 2000 1916 2103 1987; x_wconf 90' lang='lat' dir='ltr'><strong>ipsi</strong></span> 
     </span>
    </p>
   </div>
   <div class='ocr_carea' id='block_1_21' title="bbox 536 2007 2106 2078">
    <p class='ocr_par' dir='ltr' id='par_1_21' title="bbox 536 2007 2106 2078">
     <span class='ocr_line' id='line_1_21' title="bbox 536 2007 2106 2078; baseline 0.002 -18"><span class='ocrx_word' id='word_1_132' title='bbox 536 2020 633 2077; x_wconf 89' lang='lat' dir='ltr'><strong>per</strong></span> <span class='ocrx_word' id='word_1_133' title='bbox 670 2021 771 2063; x_wconf 87' lang='lat' dir='ltr'><strong>nos</strong></span> <span class='ocrx_word' id='word_1_134' title='bbox 794 2015 855 2062; x_wconf 91' lang='lat' dir='ltr'><strong>ut</strong></span> <span class='ocrx_word' id='word_1_135' title='bbox 883 2007 987 2062; x_wconf 83' lang='lat' dir='ltr'><strong>hoc</strong></span> <span class='ocrx_word' id='word_1_136' title='bbox 1008 2008 1093 2063; x_wconf 83' lang='lat' dir='ltr'><strong>vel</strong></span> <span class='ocrx_word' id='word_1_137' title='bbox 1115 2008 1245 2063; x_wconf 92' lang='lat' dir='ltr'><strong>illud</strong></span> <span class='ocrx_word' id='word_1_138' title='bbox 1269 2010 1420 2064; x_wconf 83' lang='lat' dir='ltr'><strong>fleret</strong></span> <span class='ocrx_word' id='word_1_139' title='bbox 1448 2010 1797 2078; x_wconf 86' lang='lat' dir='ltr'><strong>imperantes,</strong></span> <span class='ocrx_word' id='word_1_140' title='bbox 1823 2008 1964 2063; x_wconf 88' lang='lat' dir='ltr'><strong>sicut</strong></span> <span class='ocrx_word' id='word_1_141' title='bbox 1989 2009 2106 2077; x_wconf 87' lang='lat' dir='ltr'><strong>ipsa</strong></span> 
     </span>
    </p>
   </div>
   <div class='ocr_carea' id='block_1_22' title="bbox 536 2099 2106 2168">
    <p class='ocr_par' dir='ltr' id='par_1_22' title="bbox 536 2099 2106 2168">
     <span class='ocr_line' id='line_1_22' title="bbox 536 2099 2106 2168; baseline -0.001 -15"><span class='ocrx_word' id='word_1_142' title='bbox 536 2101 718 2156; x_wconf 86' lang='lat' dir='ltr'><strong>dicere</strong></span> <span class='ocrx_word' id='word_1_143' title='bbox 743 2115 850 2156; x_wconf 89' lang='lat' dir='ltr'><strong>non</strong></span> <span class='ocrx_word' id='word_1_144' title='bbox 883 2100 1161 2156; x_wconf 87' lang='lat' dir='ltr'><strong>dubitasti.</strong></span> <span class='ocrx_word' id='word_1_145' title='bbox 1190 2099 1330 2166; x_wconf 85' lang='lat' dir='ltr'><strong>Quid</strong></span> <span class='ocrx_word' id='word_1_146' title='bbox 1374 2101 1519 2155; x_wconf 89' lang='lat' dir='ltr'><strong>enim</strong></span> <span class='ocrx_word' id='word_1_147' title='bbox 1560 2101 1681 2155; x_wconf 75' lang='lat' dir='ltr'><strong>vis?</strong></span> <span class='ocrx_word' id='word_1_148' title='bbox 1714 2114 1782 2154; x_wconf 91' lang='lat' dir='ltr'><strong>an</strong></span> <span class='ocrx_word' id='word_1_149' title='bbox 1815 2108 1876 2153; x_wconf 93' lang='lat' dir='ltr'><strong>ut</strong></span> <span class='ocrx_word' id='word_1_150' title='bbox 1905 2099 2106 2168; x_wconf 87' lang='lat' dir='ltr'><strong>cuique</strong></span> 
     </span>
    </p>
   </div>
   <div class='ocr_carea' id='block_1_23' title="bbox 535 2191 2100 2262">
    <p class='ocr_par' dir='ltr' id='par_1_23' title="bbox 535 2191 2100 2262">
     <span class='ocr_line' id='line_1_23' title="bbox 535 2191 2100 2262; baseline -0.001 -17"><span class='ocrx_word' id='word_1_151' title='bbox 535 2192 752 2262; x_wconf 89' lang='lat' dir='ltr'><strong>placet,</strong></span> <span class='ocrx_word' id='word_1_152' title='bbox 795 2203 1162 2248; x_wconf 83' lang='lat' dir='ltr'><strong>mercatorum</strong></span> <span class='ocrx_word' id='word_1_153' title='bbox 1224 2207 1407 2259; x_wconf 88' lang='lat' dir='ltr'><strong>more,</strong></span> <span class='ocrx_word' id='word_1_154' title='bbox 1458 2208 1559 2247; x_wconf 91' lang='lat' dir='ltr'><strong>nos</strong></span> <span class='ocrx_word' id='word_1_155' title='bbox 1608 2192 1977 2262; x_wconf 82' lang='lat' dir='ltr'><strong>respondere?</strong></span> <span class='ocrx_word' id='word_1_156' title='bbox 2018 2191 2100 2245; x_wconf 88' lang='lat' dir='ltr'><strong>An</strong></span> 
     </span>
    </p>
   </div>
   <div class='ocr_carea' id='block_1_24' title="bbox 535 2282 2105 2353">
    <p class='ocr_par' dir='ltr' id='par_1_24' title="bbox 535 2282 2105 2353">
     <span class='ocr_line' id='line_1_24' title="bbox 535 2282 2105 2353; baseline -0.001 -16"><span class='ocrx_word' id='word_1_157' title='bbox 535 2282 717 2352; x_wconf 87' lang='lat' dir='ltr'><strong>potius</strong></span> <span class='ocrx_word' id='word_1_158' title='bbox 741 2282 1028 2338; x_wconf 83' lang='lat' dir='ltr'><strong>veritatem</strong></span> <span class='ocrx_word' id='word_1_159' title='bbox 1076 2292 1134 2337; x_wconf 93' lang='lat' dir='ltr'><strong>ut</strong></span> <span class='ocrx_word' id='word_1_160' title='bbox 1177 2298 1235 2339; x_wconf 89' lang='lat' dir='ltr'><strong>se</strong></span> <span class='ocrx_word' id='word_1_161' title='bbox 1274 2285 1432 2338; x_wconf 85' lang='lat' dir='ltr'><strong>habet</strong></span> <span class='ocrx_word' id='word_1_162' title='bbox 1479 2284 1755 2353; x_wconf 83' lang='lat' dir='ltr'><strong>proﬁteri?</strong></span> <span class='ocrx_word' id='word_1_163' title='bbox 1804 2284 1884 2340; x_wconf 88' lang='lat' dir='ltr'><strong>Ne</strong></span> <span class='ocrx_word' id='word_1_164' title='bbox 1940 2283 2105 2353; x_wconf 80' lang='lat' dir='ltr'><strong>igitur</strong></span> 
     </span>
    </p>
   </div>
   <div class='ocr_carea' id='block_1_25' title="bbox 536 2373 2098 2446">
    <p class='ocr_par' dir='ltr' id='par_1_25' title="bbox 536 2373 2098 2446">
     <span class='ocr_line' id='line_1_25' title="bbox 536 2373 2098 2446; baseline 0.005 -23"><span class='ocrx_word' id='word_1_165' title='bbox 536 2374 836 2441; x_wconf 82' lang='lat' dir='ltr'><strong>plectamur</strong></span> <span class='ocrx_word' id='word_1_166' title='bbox 870 2389 972 2429; x_wconf 89' lang='lat' dir='ltr'><strong>nos</strong></span> <span class='ocrx_word' id='word_1_167' title='bbox 1001 2374 1237 2429; x_wconf 86' lang='lat' dir='ltr'><strong>humiles</strong></span> <span class='ocrx_word' id='word_1_168' title='bbox 1276 2373 1672 2444; x_wconf 71' lang='lat' dir='ltr'><strong>intempestive,</strong></span> <span class='ocrx_word' id='word_1_169' title='bbox 1728 2385 1786 2430; x_wconf 93' lang='lat' dir='ltr'><strong>nt</strong></span> <span class='ocrx_word' id='word_1_170' title='bbox 1830 2391 1859 2429; x_wconf 87' lang='lat' dir='ltr'><strong>a</strong></span> <span class='ocrx_word' id='word_1_171' title='bbox 1908 2378 2098 2446; x_wconf 86' lang='lat' dir='ltr'><strong>tcipsa,</strong></span> 
     </span>
    </p>
   </div>
   <div class='ocr_carea' id='block_1_26' title="bbox 534 2464 2103 2535">
    <p class='ocr_par' dir='ltr' id='par_1_26' title="bbox 534 2464 2103 2535">
     <span class='ocr_line' id='line_1_26' title="bbox 534 2464 2103 2535; baseline 0.003 -17"><span class='ocrx_word' id='word_1_172' title='bbox 534 2473 630 2518; x_wconf 87' lang='lat' dir='ltr'><strong>aut</strong></span> <span class='ocrx_word' id='word_1_173' title='bbox 663 2480 693 2519; x_wconf 89' lang='lat' dir='ltr'><strong>a</strong></span> <span class='ocrx_word' id='word_1_174' title='bbox 721 2464 943 2519; x_wconf 88' lang='lat' dir='ltr'><strong>domina</strong></span> <span class='ocrx_word' id='word_1_175' title='bbox 973 2480 1182 2529; x_wconf 88' lang='lat' dir='ltr'><strong>sorore,</strong></span> <span class='ocrx_word' id='word_1_176' title='bbox 1229 2476 1324 2520; x_wconf 91' lang='lat' dir='ltr'><strong>aut</strong></span> <span class='ocrx_word' id='word_1_177' title='bbox 1368 2467 1436 2520; x_wconf 88' lang='lat' dir='ltr'><strong>ab</strong></span> <span class='ocrx_word' id='word_1_178' title='bbox 1465 2466 1594 2531; x_wconf 91' lang='lat' dir='ltr'><strong>alio,</strong></span> <span class='ocrx_word' id='word_1_179' title='bbox 1636 2468 1723 2522; x_wconf 90' lang='lat' dir='ltr'><strong>cui</strong></span> <span class='ocrx_word' id='word_1_180' title='bbox 1755 2470 2103 2535; x_wconf 90' lang='lat' dir='ltr'><strong>proscindere</strong></span> 
     </span>
    </p>
   </div>
   <div class='ocr_carea' id='block_1_27' title="bbox 534 2555 2102 2629">
    <p class='ocr_par' dir='ltr' id='par_1_27' title="bbox 534 2555 2102 2629">
     <span class='ocr_line' id='line_1_27' title="bbox 534 2555 2102 2629; baseline 0.003 -20"><span class='ocrx_word' id='word_1_181' title='bbox 534 2570 598 2609; x_wconf 82' lang='lat' dir='ltr'><strong>ac</strong></span> <span class='ocrx_word' id='word_1_182' title='bbox 634 2555 923 2611; x_wconf 85' lang='lat' dir='ltr'><strong>traducere</strong></span> <span class='ocrx_word' id='word_1_183' title='bbox 950 2571 1049 2610; x_wconf 90' lang='lat' dir='ltr'><strong>nos</strong></span> <span class='ocrx_word' id='word_1_184' title='bbox 1088 2556 1268 2612; x_wconf 89' lang='lat' dir='ltr'><strong>liceat.</strong></span> <span class='ocrx_word' id='word_1_185' title='bbox 1301 2555 1453 2611; x_wconf 90' lang='lat' dir='ltr'><strong>Scito</strong></span> <span class='ocrx_word' id='word_1_186' title='bbox 1479 2570 1660 2611; x_wconf 79' lang='lat' dir='ltr'><strong>autem</strong></span> <span class='ocrx_word' id='word_1_187' title='bbox 1700 2573 1801 2612; x_wconf 87' lang='lat' dir='ltr'><strong>nos</strong></span> <span class='ocrx_word' id='word_1_188' title='bbox 1834 2575 1963 2629; x_wconf 82' lang='lat' dir='ltr'><strong>erga</strong></span> <span class='ocrx_word' id='word_1_189' title='bbox 2020 2562 2102 2613; x_wconf 89' lang='lat' dir='ltr'><strong>di-</strong></span> 
     </span>
    </p>
   </div>
   <div class='ocr_carea' id='block_1_28' title="bbox 534 2648 2100 2718">
    <p class='ocr_par' dir='ltr' id='par_1_28' title="bbox 534 2648 2100 2718">
     <span class='ocr_line' id='line_1_28' title="bbox 534 2648 2100 2718; baseline 0.004 -18"><span class='ocrx_word' id='word_1_190' title='bbox 534 2664 698 2717; x_wconf 74' lang='lat' dir='ltr'><strong>gnum</strong></span> <span class='ocrx_word' id='word_1_191' title='bbox 730 2658 933 2702; x_wconf 66' lang='lat' dir='ltr'><strong>aeterna</strong></span> <span class='ocrx_word' id='word_1_192' title='bbox 962 2649 1223 2703; x_wconf 91' lang='lat' dir='ltr'><strong>memoria</strong></span> <span class='ocrx_word' id='word_1_193' title='bbox 1250 2648 1559 2718; x_wconf 80' lang='lat' dir='ltr'><strong>Slratcgum</strong></span> <span class='ocrx_word' id='word_1_194' title='bbox 1588 2650 1768 2703; x_wconf 90' lang='lat' dir='ltr'><strong>alieno</strong></span> <span class='ocrx_word' id='word_1_195' title='bbox 1786 2650 1969 2705; x_wconf 92' lang='lat' dir='ltr'><strong>animo</strong></span> <span class='ocrx_word' id='word_1_196' title='bbox 1993 2666 2100 2706; x_wconf 90' lang='lat' dir='ltr'><strong>non</strong></span> 
     </span>
    </p>
   </div>
   <div class='ocr_carea' id='block_1_29' title="bbox 532 2740 2103 2811">
    <p class='ocr_par' dir='ltr' id='par_1_29' title="bbox 532 2740 2103 2811">
     <span class='ocr_line' id='line_1_29' title="bbox 532 2740 2103 2811; baseline 0.004 -20"><span class='ocrx_word' id='word_1_197' title='bbox 532 2754 681 2804; x_wconf 80' lang='lat' dir='ltr'><strong>esse,</strong></span> <span class='ocrx_word' id='word_1_198' title='bbox 734 2742 865 2808; x_wconf 88' lang='lat' dir='ltr'><strong>quin</strong></span> <span class='ocrx_word' id='word_1_199' title='bbox 906 2749 961 2794; x_wconf 93' lang='lat' dir='ltr'><strong>et</strong></span> <span class='ocrx_word' id='word_1_200' title='bbox 1001 2740 1157 2794; x_wconf 85' lang='lat' dir='ltr'><strong>valde</strong></span> <span class='ocrx_word' id='word_1_201' title='bbox 1200 2741 1498 2806; x_wconf 85' lang='lat' dir='ltr'><strong>benevolo;</strong></span> <span class='ocrx_word' id='word_1_202' title='bbox 1557 2743 2011 2811; x_wconf 88' lang='lat' dir='ltr'><strong>quemadmodum</strong></span> <span class='ocrx_word' id='word_1_203' title='bbox 2048 2752 2103 2798; x_wconf 90' lang='lat' dir='ltr'><strong>et</strong></span> 
     </span>
    </p>
   </div>
   <div class='ocr_carea' id='block_1_30' title="bbox 532 2829 2102 2902">
    <p class='ocr_par' dir='ltr' id='par_1_30' title="bbox 532 2829 2102 2902">
     <span class='ocr_line' id='line_1_30' title="bbox 532 2829 2102 2902; baseline 0.001 -18"><span class='ocrx_word' id='word_1_204' title='bbox 532 2845 661 2900; x_wconf 86' lang='lat' dir='ltr'><strong>erga</strong></span> <span class='ocrx_word' id='word_1_205' title='bbox 701 2830 874 2899; x_wconf 85' lang='lat' dir='ltr'><strong>ipsius</strong></span> <span class='ocrx_word' id='word_1_206' title='bbox 900 2845 1119 2900; x_wconf 86' lang='lat' dir='ltr'><strong>quoque</strong></span> <span class='ocrx_word' id='word_1_207' title='bbox 1146 2832 1452 2902; x_wconf 83' lang='lat' dir='ltr'><strong>coujugem.</strong></span> <span class='ocrx_word' id='word_1_208' title='bbox 1478 2829 1731 2887; x_wconf 90' lang='lat' dir='ltr'><strong>Dolcmus</strong></span> <span class='ocrx_word' id='word_1_209' title='bbox 1770 2847 1900 2887; x_wconf 84' lang='lat' dir='ltr'><strong>sane</strong></span> <span class='ocrx_word' id='word_1_210' title='bbox 1928 2847 1991 2888; x_wconf 91' lang='lat' dir='ltr'><strong>ac</strong></span> <span class='ocrx_word' id='word_1_211' title='bbox 2020 2833 2102 2886; x_wconf 80' lang='lat' dir='ltr'><strong>vi-</strong></span> 
     </span>
    </p>
   </div>
   <div class='ocr_carea' id='block_1_31' title="bbox 534 2919 2097 2990">
    <p class='ocr_par' dir='ltr' id='par_1_31' title="bbox 534 2919 2097 2990">
     <span class='ocr_line' id='line_1_31' title="bbox 534 2919 2097 2990; baseline 0.003 -17"><span class='ocrx_word' id='word_1_212' title='bbox 534 2919 718 2974; x_wconf 82' lang='lat' dir='ltr'><strong>cissim</strong></span> <span class='ocrx_word' id='word_1_213' title='bbox 760 2919 885 2989; x_wconf 84' lang='lat' dir='ltr'><strong>jure</strong></span> <span class='ocrx_word' id='word_1_214' title='bbox 929 2920 1362 2990; x_wconf 77' lang='lat' dir='ltr'><strong>expostulamus,</strong></span> <span class='ocrx_word' id='word_1_215' title='bbox 1420 2920 1566 2989; x_wconf 90' lang='lat' dir='ltr'><strong>quod</strong></span> <span class='ocrx_word' id='word_1_216' title='bbox 1614 2936 1713 2975; x_wconf 87' lang='lat' dir='ltr'><strong>vos</strong></span> <span class='ocrx_word' id='word_1_217' title='bbox 1771 2932 1826 2977; x_wconf 88' lang='lat' dir='ltr'><strong>et</strong></span> <span class='ocrx_word' id='word_1_218' title='bbox 1872 2923 2097 2977; x_wconf 88' lang='lat' dir='ltr'><strong>scientia</strong></span> 
     </span>
    </p>
   </div>
   <div class='ocr_carea' id='block_1_32' title="bbox 534 3010 2096 3081">
    <p class='ocr_par' dir='ltr' id='par_1_32' title="bbox 534 3010 2096 3081">
     <span class='ocr_line' id='line_1_32' title="bbox 534 3010 2096 3081; baseline 0.002 -19"><span class='ocrx_word' id='word_1_219' title='bbox 534 3019 875 3079; x_wconf 66' lang='lat' dir='ltr'><strong>praestantes,</strong></span> <span class='ocrx_word' id='word_1_220' title='bbox 905 3018 960 3064; x_wconf 91' lang='lat' dir='ltr'><strong>et</strong></span> <span class='ocrx_word' id='word_1_221' title='bbox 990 3010 1302 3081; x_wconf 77' lang='lat' dir='ltr'><strong>religionem</strong></span> <span class='ocrx_word' id='word_1_222' title='bbox 1335 3011 1618 3078; x_wconf 69' lang='lat' dir='ltr'><strong>amplexae,</strong></span> <span class='ocrx_word' id='word_1_223' title='bbox 1650 3026 1757 3065; x_wconf 92' lang='lat' dir='ltr'><strong>non</strong></span> <span class='ocrx_word' id='word_1_224' title='bbox 1799 3026 1924 3066; x_wconf 87' lang='lat' dir='ltr'><strong>vera</strong></span> <span class='ocrx_word' id='word_1_225' title='bbox 1964 3013 2096 3066; x_wconf 86' lang='lat' dir='ltr'><strong>cha-</strong></span> 
     </span>
    </p>
   </div>
   <div class='ocr_carea' id='block_1_33' title="bbox 536 3100 2166 3195">
    <p class='ocr_par' dir='ltr' id='par_1_33' title="bbox 536 3100 2166 3195">
     <span class='ocr_line' id='line_1_33' title="bbox 536 3100 2166 3195; baseline 0.004 -42"><span class='ocrx_word' id='word_1_226' title='bbox 536 3101 694 3155; x_wconf 85' lang='lat' dir='ltr'><strong>ritate</strong></span> <span class='ocrx_word' id='word_1_227' title='bbox 726 3102 877 3156; x_wconf 91' lang='lat' dir='ltr'><strong>illum</strong></span> <span class='ocrx_word' id='word_1_228' title='bbox 909 3101 961 3155; x_wconf 91' lang='lat' dir='ltr'><strong>in</strong></span> <span class='ocrx_word' id='word_1_229' title='bbox 988 3101 1096 3156; x_wconf 85' lang='lat' dir='ltr'><strong>flne</strong></span> <span class='ocrx_word' id='word_1_230' title='bbox 1123 3110 1427 3170; x_wconf 61' lang='lat' dir='ltr'><strong>prosecuta:</strong></span> <span class='ocrx_word' id='word_1_231' title='bbox 1451 3101 1593 3156; x_wconf 87' lang='lat' dir='ltr'><strong>sitis.</strong></span> <span class='ocrx_word' id='word_1_232' title='bbox 1626 3100 1925 3170; x_wconf 84' lang='lat' dir='ltr'><strong>Oportebat</strong></span> <span class='ocrx_word' id='word_1_233' title='bbox 1951 3105 2095 3159; x_wconf 90' lang='lat' dir='ltr'><strong>enim</strong></span> <span class='ocrx_word' id='word_1_234' title='bbox 2125 3137 2166 3195; x_wconf 66' lang='grc' dir='ltr'>ο</span> 
     </span>
    </p>
   </div>
   <div class='ocr_carea' id='block_1_34' title="bbox 533 3192 2099 3263">
    <p class='ocr_par' dir='ltr' id='par_1_34' title="bbox 533 3192 2099 3263">
     <span class='ocr_line' id='line_1_34' title="bbox 533 3192 2099 3263; baseline 0.003 -15"><span class='ocrx_word' id='word_1_235' title='bbox 533 3203 657 3248; x_wconf 86' lang='lat' dir='ltr'><strong>ante</strong></span> <span class='ocrx_word' id='word_1_236' title='bbox 678 3195 860 3249; x_wconf 89' lang='lat' dir='ltr'><strong>omnia</strong></span> <span class='ocrx_word' id='word_1_237' title='bbox 899 3194 949 3249; x_wconf 93' lang='lat' dir='ltr'><strong>ei</strong></span> <span class='ocrx_word' id='word_1_238' title='bbox 984 3209 1148 3263; x_wconf 89' lang='lat' dir='ltr'><strong>super</strong></span> <span class='ocrx_word' id='word_1_239' title='bbox 1167 3192 1383 3259; x_wconf 89' lang='lat' dir='ltr'><strong>omnia,</strong></span> <span class='ocrx_word' id='word_1_240' title='bbox 1432 3193 1485 3247; x_wconf 92' lang='lat' dir='ltr'><strong>id</strong></span> <span class='ocrx_word' id='word_1_241' title='bbox 1545 3194 1689 3263; x_wconf 91' lang='lat' dir='ltr'><strong>quod</strong></span> <span class='ocrx_word' id='word_1_242' title='bbox 1737 3194 1855 3263; x_wconf 88' lang='lat' dir='ltr'><strong>ejus</strong></span> <span class='ocrx_word' id='word_1_243' title='bbox 1903 3197 2099 3252; x_wconf 70' lang='lat' dir='ltr'><strong>anima:</strong></span> 
     </span>
    </p>
   </div>
   <div class='ocr_carea' id='block_1_35' title="bbox 535 3287 2097 3356">
    <p class='ocr_par' dir='ltr' id='par_1_35' title="bbox 535 3287 2097 3356">
     <span class='ocr_line' id='line_1_35' title="bbox 535 3287 2097 3356; baseline 0.002 -15"><span class='ocrx_word' id='word_1_244' title='bbox 535 3288 732 3341; x_wconf 79' lang='lat' dir='ltr'><strong>salutis</strong></span> <span class='ocrx_word' id='word_1_245' title='bbox 753 3296 892 3349; x_wconf 89' lang='lat' dir='ltr'><strong>erat,</strong></span> <span class='ocrx_word' id='word_1_246' title='bbox 928 3297 986 3340; x_wconf 94' lang='lat' dir='ltr'><strong>ut</strong></span> <span class='ocrx_word' id='word_1_247' title='bbox 1009 3296 1475 3341; x_wconf 85' lang='lat' dir='ltr'><strong>sacramentorum</strong></span> <span class='ocrx_word' id='word_1_248' title='bbox 1500 3287 1771 3356; x_wconf 88' lang='lat' dir='ltr'><strong>particeps</strong></span> <span class='ocrx_word' id='word_1_249' title='bbox 1796 3287 1948 3343; x_wconf 85' lang='lat' dir='ltr'><strong>fleret</strong></span> <span class='ocrx_word' id='word_1_250' title='bbox 1965 3305 2097 3344; x_wconf 83' lang='lat' dir='ltr'><strong>con-</strong></span> 
     </span>
    </p>
   </div>
   <div class='ocr_carea' id='block_1_36' title="bbox 535 3377 2098 3444">
    <p class='ocr_par' dir='ltr' id='par_1_36' title="bbox 535 3377 2098 3444">
     <span class='ocr_line' id='line_1_36' title="bbox 535 3377 2098 3444; baseline 0.004 -14"><span class='ocrx_word' id='word_1_251' title='bbox 535 3377 779 3444; x_wconf 87' lang='lat' dir='ltr'><strong>tendere,</strong></span> <span class='ocrx_word' id='word_1_252' title='bbox 808 3387 1002 3433; x_wconf 64' lang='lat' dir='ltr'><strong>cmtera</strong></span> <span class='ocrx_word' id='word_1_253' title='bbox 1022 3378 1205 3432; x_wconf 88' lang='lat' dir='ltr'><strong>omnia</strong></span> <span class='ocrx_word' id='word_1_254' title='bbox 1229 3387 1289 3431; x_wconf 90' lang='lat' dir='ltr'><strong>ut</strong></span> <span class='ocrx_word' id='word_1_255' title='bbox 1309 3387 1549 3433; x_wconf 87' lang='lat' dir='ltr'><strong>stercora</strong></span> <span class='ocrx_word' id='word_1_256' title='bbox 1577 3379 1913 3443; x_wconf 80' lang='lat' dir='ltr'><strong>existimare,</strong></span> <span class='ocrx_word' id='word_1_257' title='bbox 1937 3384 2098 3436; x_wconf 88' lang='lat' dir='ltr'><strong>modo</strong></span> 
     </span>
    </p>
   </div>
   <div class='ocr_carea' id='block_1_37' title="bbox 515 3468 2096 3541">
    <p class='ocr_par' dir='ltr' id='par_1_37' title="bbox 515 3468 2096 3541">
     <span class='ocr_line' id='line_1_37' title="bbox 515 3468 2096 3541; baseline 0.002 -19"><span class='ocrx_word' id='word_1_258' title='bbox 515 3469 587 3523; x_wconf 83' lang='lat' dir='ltr'><strong>in</strong></span> <span class='ocrx_word' id='word_1_259' title='bbox 622 3468 925 3524; x_wconf 78' lang='lat' dir='ltr'><strong>orthodoxa</strong></span> <span class='ocrx_word' id='word_1_260' title='bbox 959 3470 1349 3524; x_wconf 88' lang='lat' dir='ltr'><strong>communione</strong></span> <span class='ocrx_word' id='word_1_261' title='bbox 1399 3468 1769 3537; x_wconf 87' lang='lat' dir='ltr'><strong>inveniretur;</strong></span> <span class='ocrx_word' id='word_1_262' title='bbox 1800 3472 1927 3541; x_wconf 91' lang='lat' dir='ltr'><strong>quia</strong></span> <span class='ocrx_word' id='word_1_263' title='bbox 1959 3472 2096 3526; x_wconf 87' lang='lat' dir='ltr'><strong>scri-</strong></span> 
     </span>
    </p>
   </div>
   <div class='ocr_carea' id='block_1_38' title="bbox 533 3560 2096 3632">
    <p class='ocr_par' dir='ltr' id='par_1_38' title="bbox 533 3560 2096 3632">
     <span class='ocr_line' id='line_1_38' title="bbox 533 3560 2096 3632; baseline 0.001 -16"><span class='ocrx_word' id='word_1_264' title='bbox 533 3572 683 3632; x_wconf 85' lang='lat' dir='ltr'><strong>ptum</strong></span> <span class='ocrx_word' id='word_1_265' title='bbox 718 3574 801 3618; x_wconf 90' lang='lat' dir='ltr'><strong>est</strong></span> <span class='ocrx_word' id='word_1_266' title='bbox 829 3560 966 3616; x_wconf 80' lang='lat' dir='ltr'><strong>:Ubi</strong></span> <span class='ocrx_word' id='word_1_267' title='bbox 997 3572 1043 3616; x_wconf 78' lang='lat' dir='ltr'><strong>te</strong></span> <span class='ocrx_word' id='word_1_268' title='bbox 1079 3564 1344 3628; x_wconf 82' lang='lat' dir='ltr'><strong>invenero,</strong></span> <span class='ocrx_word' id='word_1_269' title='bbox 1379 3562 1452 3615; x_wconf 82' lang='lat' dir='ltr'><strong>ibi</strong></span> <span class='ocrx_word' id='word_1_270' title='bbox 1506 3574 1554 3617; x_wconf 82' lang='lat' dir='ltr'><strong>te</strong></span> <span class='ocrx_word' id='word_1_271' title='bbox 1590 3562 1844 3632; x_wconf 84' lang='lat' dir='ltr'><strong>judicabo</strong></span> <span class='ocrx_word' id='word_1_272' title='bbox 1864 3564 1935 3618; x_wconf 77' lang='lat'><strong>“.</strong></span> <span class='ocrx_word' id='word_1_273' title='bbox 1984 3561 2096 3618; x_wconf 86' lang='lat' dir='ltr'><strong>Nos</strong></span> 
     </span>
    </p>
   </div>
   <div class='ocr_carea' id='block_1_39' title="bbox 532 3653 2098 3724">
    <p class='ocr_par' dir='ltr' id='par_1_39' title="bbox 532 3653 2098 3724">
     <span class='ocr_line' id='line_1_39' title="bbox 532 3653 2098 3724; baseline -0.001 -17"><span class='ocrx_word' id='word_1_274' title='bbox 532 3654 750 3724; x_wconf 87' lang='lat' dir='ltr'><strong>quidem</strong></span> <span class='ocrx_word' id='word_1_275' title='bbox 791 3654 880 3707; x_wconf 87' lang='lat' dir='ltr'><strong>hic</strong></span> <span class='ocrx_word' id='word_1_276' title='bbox 904 3655 1169 3709; x_wconf 88' lang='lat' dir='ltr'><strong>sentimus</strong></span> <span class='ocrx_word' id='word_1_277' title='bbox 1192 3663 1248 3707; x_wconf 91' lang='lat' dir='ltr'><strong>et</strong></span> <span class='ocrx_word' id='word_1_278' title='bbox 1295 3653 1549 3709; x_wconf 88' lang='lat' dir='ltr'><strong>dicimus.</strong></span> <span class='ocrx_word' id='word_1_279' title='bbox 1585 3653 1738 3719; x_wconf 85' lang='lat' dir='ltr'><strong>Quod</strong></span> <span class='ocrx_word' id='word_1_280' title='bbox 1778 3654 1825 3708; x_wconf 89' lang='lat' dir='ltr'><strong>si</strong></span> <span class='ocrx_word' id='word_1_281' title='bbox 1863 3654 1956 3708; x_wconf 89' lang='lat' dir='ltr'><strong>alii</strong></span> <span class='ocrx_word' id='word_1_282' title='bbox 1998 3654 2098 3706; x_wconf 84' lang='lat' dir='ltr'><strong>ali-</strong></span> 
     </span>
    </p>
   </div>
   <div class='ocr_carea' id='block_1_40' title="bbox 534 3744 2095 3815">
    <p class='ocr_par' dir='ltr' id='par_1_40' title="bbox 534 3744 2095 3815">
     <span class='ocr_line' id='line_1_40' title="bbox 534 3744 2095 3815; baseline 0.001 -15"><span class='ocrx_word' id='word_1_283' title='bbox 534 3758 641 3812; x_wconf 81' lang='lat' dir='ltr'><strong>ter,</strong></span> <span class='ocrx_word' id='word_1_284' title='bbox 665 3745 897 3814; x_wconf 70' lang='lat' dir='ltr'><strong>propria:</strong></span> <span class='ocrx_word' id='word_1_285' title='bbox 932 3745 1037 3814; x_wconf 86' lang='lat' dir='ltr'><strong>ipsi</strong></span> <span class='ocrx_word' id='word_1_286' title='bbox 1058 3744 1209 3799; x_wconf 87' lang='lat' dir='ltr'><strong>vocis</strong></span> <span class='ocrx_word' id='word_1_287' title='bbox 1237 3753 1365 3800; x_wconf 89' lang='lat' dir='ltr'><strong>sunt</strong></span> <span class='ocrx_word' id='word_1_288' title='bbox 1397 3744 1601 3799; x_wconf 89' lang='lat' dir='ltr'><strong>domini</strong></span> <span class='ocrx_word' id='word_1_289' title='bbox 1630 3759 1644 3796; x_wconf 89' lang='lat'><strong>:</strong></span> <span class='ocrx_word' id='word_1_290' title='bbox 1674 3754 1728 3800; x_wconf 92' lang='lat' dir='ltr'><strong>et</strong></span> <span class='ocrx_word' id='word_1_291' title='bbox 1767 3760 1869 3801; x_wconf 91' lang='lat' dir='ltr'><strong>nos</strong></span> <span class='ocrx_word' id='word_1_292' title='bbox 1909 3746 2095 3815; x_wconf 90' lang='lat' dir='ltr'><strong>utique</strong></span> 
     </span>
    </p>
   </div>
   <div class='ocr_carea' id='block_1_41' title="bbox 534 3834 2103 3905">
    <p class='ocr_par' dir='ltr' id='par_1_41' title="bbox 534 3834 2103 3905">
     <span class='ocr_line' id='line_1_41' title="bbox 534 3834 2103 3905; baseline 0 -16"><span class='ocrx_word' id='word_1_293' title='bbox 534 3836 820 3890; x_wconf 82' lang='lat' dir='ltr'><strong>sileamus.</strong></span> <span class='ocrx_word' id='word_1_294' title='bbox 856 3834 1106 3905; x_wconf 79' lang='lat' dir='ltr'><strong>Cognovit</strong></span> <span class='ocrx_word' id='word_1_295' title='bbox 1140 3834 1396 3889; x_wconf 79' lang='lat' dir='ltr'><strong>Dominus</strong></span> <span class='ocrx_word' id='word_1_296' title='bbox 1433 3834 1522 3905; x_wconf 86' lang='lat' dir='ltr'><strong>qui</strong></span> <span class='ocrx_word' id='word_1_297' title='bbox 1549 3844 1670 3888; x_wconf 79' lang='lat' dir='ltr'><strong>sunt</strong></span> <span class='ocrx_word' id='word_1_298' title='bbox 1690 3834 1838 3904; x_wconf 78' lang='lat' dir='ltr'><strong>ejus;</strong></span> <span class='ocrx_word' id='word_1_299' title='bbox 1861 3844 1911 3889; x_wconf 86' lang='lat' dir='ltr'><strong>et</strong></span> <span class='ocrx_word' id='word_1_300' title='bbox 1939 3836 2103 3889; x_wconf 76' lang='lat' dir='ltr'><strong>disce-</strong></span> 
     </span>
    </p>
   </div>
   <div class='ocr_carea' id='block_1_42' title="bbox 529 3926 2098 3996">
    <p class='ocr_par' dir='ltr' id='par_1_42' title="bbox 529 3926 2098 3996">
     <span class='ocr_line' id='line_1_42' title="bbox 529 3926 2098 3996; baseline 0.001 -16"><span class='ocrx_word' id='word_1_301' title='bbox 529 3930 623 3980; x_wconf 79' lang='lat' dir='ltr'><strong>dat</strong></span> <span class='ocrx_word' id='word_1_302' title='bbox 673 3926 737 3980; x_wconf 87' lang='lat' dir='ltr'><strong>ab</strong></span> <span class='ocrx_word' id='word_1_303' title='bbox 776 3927 1054 3996; x_wconf 77' lang='lat' dir='ltr'><strong>iniquitate</strong></span> <span class='ocrx_word' id='word_1_304' title='bbox 1112 3928 1281 3979; x_wconf 78' lang='lat' dir='ltr'><strong>omnis</strong></span> <span class='ocrx_word' id='word_1_305' title='bbox 1328 3929 1418 3994; x_wconf 78' lang='lat' dir='ltr'><strong>qui</strong></span> <span class='ocrx_word' id='word_1_306' title='bbox 1475 3927 1715 3980; x_wconf 83' lang='lat' dir='ltr'><strong>nominat</strong></span> <span class='ocrx_word' id='word_1_307' title='bbox 1767 3943 1954 3981; x_wconf 80' lang='lat' dir='ltr'><strong>nomen</strong></span> <span class='ocrx_word' id='word_1_308' title='bbox 1988 3926 2098 3981; x_wconf 88' lang='lat' dir='ltr'><strong>Do-</strong></span> 
     </span>
    </p>
   </div>
   <div class='ocr_carea' id='block_1_43' title="bbox 528 4017 1357 4086">
    <p class='ocr_par' dir='ltr' id='par_1_43' title="bbox 528 4017 1357 4086">
     <span class='ocr_line' id='line_1_43' title="bbox 528 4017 1357 4086; baseline -0.002 -15"><span class='ocrx_word' id='word_1_309' title='bbox 528 4017 662 4071; x_wconf 79' lang='lat' dir='ltr'><strong>mini</strong></span> <span class='ocrx_word' id='word_1_310' title='bbox 692 4019 761 4083; x_wconf 82' lang='lat'><strong>“,</strong></span> <span class='ocrx_word' id='word_1_311' title='bbox 793 4018 936 4072; x_wconf 86' lang='lat' dir='ltr'><strong>sicut</strong></span> <span class='ocrx_word' id='word_1_312' title='bbox 968 4017 1228 4086; x_wconf 85' lang='lat' dir='ltr'><strong>scriptum</strong></span> <span class='ocrx_word' id='word_1_313' title='bbox 1254 4027 1357 4069; x_wconf 83' lang='lat' dir='ltr'><strong>est.</strong></span> 
     </span>
    </p>
   </div>
   <div class='ocr_carea' id='block_1_44' title="bbox 896 4125 1722 4196">
    <p class='ocr_par' dir='ltr' id='par_1_44' title="bbox 896 4125 1722 4196">
     <span class='ocr_line' id='line_1_44' title="bbox 896 4125 1722 4196; baseline 0.002 -15"><span class='ocrx_word' id='word_1_314' title='bbox 896 4125 1074 4181; x_wconf 83' lang='lat' dir='ltr'><strong>CCVI.</strong></span> <span class='ocrx_word' id='word_1_315' title='bbox 1108 4155 1178 4166; x_wconf 88' lang='lat'><strong>--</strong></span> <span class='ocrx_word' id='word_1_316' title='bbox 1208 4126 1455 4196; x_wconf 87' lang='lat' dir='ltr'><strong>llypacoe</strong></span> <span class='ocrx_word' id='word_1_317' title='bbox 1482 4127 1722 4183; x_wconf 84' lang='lat' dir='ltr'><strong>moniali.</strong></span> 
     </span>
    </p>
   </div>
   <div class='ocr_carea' id='block_1_45' title="bbox 2226 548 3789 626">
    <p class='ocr_par' dir='ltr' id='par_1_45' title="bbox 2226 548 3789 626">
     <span class='ocr_line' id='line_1_45' title="bbox 2226 548 3789 626; baseline 0.008 -28"><span class='ocrx_word' id='word_1_318' title='bbox 2226 548 2728 620; x_wconf 81' lang='grc' dir='ltr'>κατεξανισταμένη</span> <span class='ocrx_word' id='word_1_319' title='bbox 2746 550 2847 621; x_wconf 81' lang='grc' dir='ltr'>τῆς</span> <span class='ocrx_word' id='word_1_320' title='bbox 2889 552 3241 623; x_wconf 86' lang='grc' dir='ltr'>οὐθενότητος</span> <span class='ocrx_word' id='word_1_321' title='bbox 3265 556 3421 626; x_wconf 88' lang='grc' dir='ltr'>ἡμῶν</span> <span class='ocrx_word' id='word_1_322' title='bbox 3445 573 3460 588; x_wconf 90' lang='grc'><strong>·</strong></span> <span class='ocrx_word' id='word_1_323' title='bbox 3482 557 3561 620; x_wconf 87' lang='grc' dir='ltr'>ὼς</span> <span class='ocrx_word' id='word_1_324' title='bbox 3603 560 3789 621; x_wconf 83' lang='grc' dir='ltr'>ἁπλῶς</span> 
     </span>
    </p>
   </div>
   <div class='ocr_carea' id='block_1_46' title="bbox 2222 636 3789 713">
    <p class='ocr_par' dir='ltr' id='par_1_46' title="bbox 2222 636 3789 713">
     <span class='ocr_line' id='line_1_46' title="bbox 2222 636 3789 713; baseline 0.011 -25"><span class='ocrx_word' id='word_1_325' title='bbox 2222 636 2315 688; x_wconf 73' lang='grc' dir='ltr'><strong>καὶ</strong></span> <span class='ocrx_word' id='word_1_326' title='bbox 2353 639 2724 705; x_wconf 73' lang='grc' dir='ltr'><strong>ἀνεξετάστως</strong></span> <span class='ocrx_word' id='word_1_327' title='bbox 2757 644 3129 713; x_wconf 82' lang='grc' dir='ltr'><strong>προσιεμένων</strong></span> <span class='ocrx_word' id='word_1_328' title='bbox 3159 648 3259 709; x_wconf 78' lang='grc' dir='ltr'>τὰς</span> <span class='ocrx_word' id='word_1_329' title='bbox 3295 648 3429 703; x_wconf 81' lang='grc' dir='ltr'><strong>κατά</strong></span> <span class='ocrx_word' id='word_1_330' title='bbox 3458 647 3552 702; x_wconf 83' lang='grc' dir='ltr'><strong>σοῦ</strong></span> <span class='ocrx_word' id='word_1_331' title='bbox 3604 650 3789 704; x_wconf 86' lang='grc' dir='ltr'>διαϐο-</span> 
     </span>
    </p>
   </div>
   <div class='ocr_carea' id='block_1_47' title="bbox 2219 724 3784 813">
    <p class='ocr_par' dir='ltr' id='par_1_47' title="bbox 2219 724 3784 813">
     <span class='ocr_line' id='line_1_47' title="bbox 2219 724 3784 813; baseline 0.013 -35"><span class='ocrx_word' id='word_1_332' title='bbox 2219 724 2318 790; x_wconf 88' lang='grc' dir='ltr'><strong>λάς</strong></span> <span class='ocrx_word' id='word_1_333' title='bbox 2339 744 2354 759; x_wconf 78' lang='grc' dir='ltr'><strong><em>ο</em></strong></span> <span class='ocrx_word' id='word_1_334' title='bbox 2396 730 2455 782; x_wconf 80' lang='grc' dir='ltr'><strong>οὐ</strong></span> <span class='ocrx_word' id='word_1_335' title='bbox 2491 730 2595 801; x_wconf 85' lang='grc' dir='ltr'><strong>μὴν</strong></span> <span class='ocrx_word' id='word_1_336' title='bbox 2627 733 2762 788; x_wconf 88' lang='grc' dir='ltr'><strong>άλλά</strong></span> <span class='ocrx_word' id='word_1_337' title='bbox 2787 736 2882 788; x_wconf 80' lang='grc' dir='ltr'>καὶ</span> <span class='ocrx_word' id='word_1_338' title='bbox 2909 737 3149 808; x_wconf 82' lang='grc' dir='ltr'><strong>ἀκρίτως</strong></span> <span class='ocrx_word' id='word_1_339' title='bbox 3185 740 3528 810; x_wconf 72' lang='grc' dir='ltr'><strong>ἐκφερόντων</strong></span> <span class='ocrx_word' id='word_1_340' title='bbox 3578 745 3784 813; x_wconf 72' lang='grc' dir='ltr'>φωνὰς,</span> 
     </span>
    </p>
   </div>
   <div class='ocr_carea' id='block_1_48' title="bbox 2219 820 3786 904">
    <p class='ocr_par' dir='ltr' id='par_1_48' title="bbox 2219 820 3786 904">
     <span class='ocr_line' id='line_1_48' title="bbox 2219 820 3786 904; baseline 0.011 -33"><span class='ocrx_word' id='word_1_341' title='bbox 2219 820 2316 872; x_wconf 80' lang='grc' dir='ltr'><strong>καὶ</strong></span> <span class='ocrx_word' id='word_1_342' title='bbox 2348 820 2550 887; x_wconf 84' lang='grc' dir='ltr'>ταύτας</span> <span class='ocrx_word' id='word_1_343' title='bbox 2586 825 2644 878; x_wconf 87' lang='grc' dir='ltr'>ὲν</span> <span class='ocrx_word' id='word_1_344' title='bbox 2682 828 2794 886; x_wconf 85' lang='grc' dir='ltr'>τοίς</span> <span class='ocrx_word' id='word_1_345' title='bbox 2839 828 3074 897; x_wconf 86' lang='grc' dir='ltr'>μάλιστα</span> <span class='ocrx_word' id='word_1_346' title='bbox 3110 830 3448 899; x_wconf 86' lang='grc' dir='ltr'>ἀναγκαίοις.</span> <span class='ocrx_word' id='word_1_347' title='bbox 3493 833 3690 904; x_wconf 80' lang='grc' dir='ltr'><strong>Ἡμεῖς</strong></span> <span class='ocrx_word' id='word_1_348' title='bbox 3731 836 3786 889; x_wconf 67' lang='grc' dir='ltr'><strong>δὲ</strong></span> 
     </span>
    </p>
   </div>
   <div class='ocr_carea' id='block_1_49' title="bbox 2216 910 3791 993">
    <p class='ocr_par' dir='ltr' id='par_1_49' title="bbox 2216 910 3791 993">
     <span class='ocr_line' id='line_1_49' title="bbox 2216 910 3791 993; baseline 0.012 -32"><span class='ocrx_word' id='word_1_349' title='bbox 2216 910 2333 973; x_wconf 79' lang='grc' dir='ltr'>τοῖς</span> <span class='ocrx_word' id='word_1_350' title='bbox 2359 913 2626 978; x_wconf 81' lang='grc' dir='ltr'><strong>τοιούτοις</strong></span> <span class='ocrx_word' id='word_1_351' title='bbox 2674 916 3091 984; x_wconf 82' lang='grc' dir='ltr'>κατεθισθέντες</span> <span class='ocrx_word' id='word_1_352' title='bbox 3130 922 3342 993; x_wconf 79' lang='grc' dir='ltr'><strong>χαίρειν</strong></span> <span class='ocrx_word' id='word_1_353' title='bbox 3373 923 3576 990; x_wconf 82' lang='grc' dir='ltr'>λέγειν,</span> <span class='ocrx_word' id='word_1_354' title='bbox 3615 929 3791 979; x_wconf 79' lang='grc' dir='ltr'>ἐκεῖνο</span> 
     </span>
    </p>
   </div>
   <div class='ocr_carea' id='block_1_50' title="bbox 2216 1000 3787 1087">
    <p class='ocr_par' dir='ltr' id='par_1_50' title="bbox 2216 1000 3787 1087">
     <span class='ocr_line' id='line_1_50' title="bbox 2216 1000 3787 1087; baseline 0.012 -35"><span class='ocrx_word' id='word_1_355' title='bbox 2216 1000 2505 1072; x_wconf 76' lang='grc' dir='ltr'><strong>δηλοῦμεν,</strong></span> <span class='ocrx_word' id='word_1_356' title='bbox 2535 1005 2617 1058; x_wconf 84' lang='grc' dir='ltr'>ὃτι</span> <span class='ocrx_word' id='word_1_357' title='bbox 2667 1006 2840 1072; x_wconf 77' lang='grc' dir='ltr'>οὕτως</span> <span class='ocrx_word' id='word_1_358' title='bbox 2884 1010 3155 1081; x_wconf 81' lang='grc' dir='ltr'><strong>ἀκούομεν</strong></span> <span class='ocrx_word' id='word_1_359' title='bbox 3199 1014 3270 1067; x_wconf 82' lang='grc' dir='ltr'>τὰ</span> <span class='ocrx_word' id='word_1_360' title='bbox 3312 1013 3691 1087; x_wconf 86' lang='grc' dir='ltr'>θρυλλούμενα</span> <span class='ocrx_word' id='word_1_361' title='bbox 3713 1018 3787 1082; x_wconf 80' lang='grc' dir='ltr'><strong>ὡς</strong></span> 
     </span>
    </p>
   </div>
   <div class='ocr_carea' id='block_1_51' title="bbox 2216 1094 3787 1178">
    <p class='ocr_par' dir='ltr' id='par_1_51' title="bbox 2216 1094 3787 1178">
     <span class='ocr_line' id='line_1_51' title="bbox 2216 1094 3787 1178; baseline 0.011 -34"><span class='ocrx_word' id='word_1_362' title='bbox 2216 1094 2437 1158; x_wconf 76' lang='grc' dir='ltr'>παιδίας</span> <span class='ocrx_word' id='word_1_363' title='bbox 2467 1097 2620 1160; x_wconf 90' lang='grc' dir='ltr'>τινάς</span> <span class='ocrx_word' id='word_1_364' title='bbox 2639 1112 2654 1128; x_wconf 79' lang='grc'><strong>⁸</strong></span> <span class='ocrx_word' id='word_1_365' title='bbox 2683 1101 2776 1152; x_wconf 77' lang='grc' dir='ltr'><strong>καὶ</strong></span> <span class='ocrx_word' id='word_1_366' title='bbox 2798 1099 2971 1164; x_wconf 83' lang='grc' dir='ltr'>οὔτως</span> <span class='ocrx_word' id='word_1_367' title='bbox 3007 1101 3276 1173; x_wconf 78' lang='grc' dir='ltr'><strong>λαλοῦμεν</strong></span> <span class='ocrx_word' id='word_1_368' title='bbox 3310 1106 3408 1176; x_wconf 83' lang='grc' dir='ltr'><strong>οὐχ</strong></span> <span class='ocrx_word' id='word_1_369' title='bbox 3450 1108 3526 1171; x_wconf 86' lang='grc' dir='ltr'>ὡς</span> <span class='ocrx_word' id='word_1_370' title='bbox 3572 1109 3787 1178; x_wconf 78' lang='grc' dir='ltr'>ἀνθρώ-</span> 
     </span>
    </p>
   </div>
   <div class='ocr_carea' id='block_1_52' title="bbox 2216 1186 3786 1265">
    <p class='ocr_par' dir='ltr' id='par_1_52' title="bbox 2216 1186 3786 1265">
     <span class='ocr_line' id='line_1_52' title="bbox 2216 1186 3786 1265; baseline 0.01 -29"><span class='ocrx_word' id='word_1_371' title='bbox 2216 1201 2338 1247; x_wconf 84' lang='grc' dir='ltr'><strong>ποις</strong></span> <span class='ocrx_word' id='word_1_372' title='bbox 2370 1186 2714 1256; x_wconf 76' lang='grc' dir='ltr'><strong>ἀρέσκοντες,</strong></span> <span class='ocrx_word' id='word_1_373' title='bbox 2747 1191 2887 1245; x_wconf 88' lang='grc' dir='ltr'><strong>ἀλλά</strong></span> <span class='ocrx_word' id='word_1_374' title='bbox 2915 1193 2991 1263; x_wconf 81' lang='grc' dir='ltr'><strong>τῷ</strong></span> <span class='ocrx_word' id='word_1_375' title='bbox 3016 1192 3134 1264; x_wconf 84' lang='grc' dir='ltr'><strong>Θεῷ</strong></span> <span class='ocrx_word' id='word_1_376' title='bbox 3163 1195 3240 1265; x_wconf 83' lang='grc' dir='ltr'><strong>τῷ</strong></span> <span class='ocrx_word' id='word_1_377' title='bbox 3287 1196 3637 1265; x_wconf 77' lang='grc' dir='ltr'><strong>δοκιμάζοντι</strong></span> <span class='ocrx_word' id='word_1_378' title='bbox 3687 1201 3786 1263; x_wconf 73' lang='grc' dir='ltr'><strong>τὰς</strong></span> 
     </span>
    </p>
   </div>
   <div class='ocr_carea' id='block_1_53' title="bbox 2214 1277 3781 1361">
    <p class='ocr_par' dir='ltr' id='par_1_53' title="bbox 2214 1277 3781 1361">
     <span class='ocr_line' id='line_1_53' title="bbox 2214 1277 3781 1361; baseline 0.011 -34"><span class='ocrx_word' id='word_1_379' title='bbox 2214 1277 2439 1345; x_wconf 77' lang='grc' dir='ltr'>καρδίας</span> <span class='ocrx_word' id='word_1_380' title='bbox 2468 1279 2626 1349; x_wconf 89' lang='grc' dir='ltr'>ἡμῶν</span> <span class='ocrx_word' id='word_1_381' title='bbox 2642 1296 2658 1311; x_wconf 64' lang='grc' dir='ltr'>θ</span> <span class='ocrx_word' id='word_1_382' title='bbox 2684 1285 2732 1335; x_wconf 83' lang='grc' dir='ltr'>εἰ</span> <span class='ocrx_word' id='word_1_383' title='bbox 2760 1284 2855 1336; x_wconf 82' lang='grc' dir='ltr'>καὶ</span> <span class='ocrx_word' id='word_1_384' title='bbox 2879 1284 3055 1348; x_wconf 76' lang='grc' dir='ltr'>ἄλλως</span> <span class='ocrx_word' id='word_1_385' title='bbox 3077 1287 3392 1358; x_wconf 71' lang='grc' dir='ltr'>ἁμαρτωλοὶ</span> <span class='ocrx_word' id='word_1_386' title='bbox 3414 1307 3505 1359; x_wconf 64' lang='grc' dir='ltr'><strong>τυγ</strong></span> <span class='ocrx_word' id='word_1_387' title='bbox 3519 1292 3781 1361; x_wconf 81' lang='grc' dir='ltr'>χάνομεν.</span> 
     </span>
    </p>
   </div>
   <div class='ocr_carea' id='block_1_54' title="bbox 2213 1370 3784 1455">
    <p class='ocr_par' dir='ltr' id='par_1_54' title="bbox 2213 1370 3784 1455">
     <span class='ocr_line' id='line_1_54' title="bbox 2213 1370 3784 1455; baseline 0.011 -35"><span class='ocrx_word' id='word_1_388' title='bbox 2213 1370 2277 1421; x_wconf 79' lang='grc' dir='ltr'><strong>Εἰ</strong></span> <span class='ocrx_word' id='word_1_389' title='bbox 2302 1371 2409 1441; x_wconf 86' lang='grc' dir='ltr'><strong>γάρ</strong></span> <span class='ocrx_word' id='word_1_390' title='bbox 2441 1373 2672 1444; x_wconf 82' lang='grc' dir='ltr'>Βαλαὰμ</span> <span class='ocrx_word' id='word_1_391' title='bbox 2699 1377 2729 1429; x_wconf 99' lang='lat'><strong>6</strong></span> <span class='ocrx_word' id='word_1_392' title='bbox 2752 1378 3114 1445; x_wconf 85' lang='grc' dir='ltr'>οίωνοσκόπος</span> <span class='ocrx_word' id='word_1_393' title='bbox 3134 1381 3193 1433; x_wconf 84' lang='grc' dir='ltr'>ού</span> <span class='ocrx_word' id='word_1_394' title='bbox 3240 1382 3393 1453; x_wconf 88' lang='grc' dir='ltr'><strong>παρά</strong></span> <span class='ocrx_word' id='word_1_395' title='bbox 3435 1384 3496 1436; x_wconf 82' lang='grc' dir='ltr'><strong>τὸ</strong></span> <span class='ocrx_word' id='word_1_396' title='bbox 3530 1384 3784 1455; x_wconf 79' lang='grc' dir='ltr'>βούλημα</span> 
     </span>
    </p>
   </div>
   <div class='ocr_carea' id='block_1_55' title="bbox 2213 1458 3786 1542">
    <p class='ocr_par' dir='ltr' id='par_1_55' title="bbox 2213 1458 3786 1542">
     <span class='ocr_line' id='line_1_55' title="bbox 2213 1458 3786 1542; baseline 0.012 -33"><span class='ocrx_word' id='word_1_397' title='bbox 2213 1458 2307 1511; x_wconf 79' lang='grc' dir='ltr'>τοῦ</span> <span class='ocrx_word' id='word_1_398' title='bbox 2341 1459 2476 1514; x_wconf 76' lang='grc' dir='ltr'>Θεοῦ</span> <span class='ocrx_word' id='word_1_399' title='bbox 2500 1462 2762 1533; x_wconf 85' lang='grc' dir='ltr'>ἠνέσχετο</span> <span class='ocrx_word' id='word_1_400' title='bbox 2815 1468 3177 1538; x_wconf 83' lang='grc' dir='ltr'>ἀποκριθῆναι</span> <span class='ocrx_word' id='word_1_401' title='bbox 3222 1470 3300 1541; x_wconf 84' lang='grc' dir='ltr'>τῷ</span> <span class='ocrx_word' id='word_1_402' title='bbox 3332 1472 3519 1526; x_wconf 78' lang='grc' dir='ltr'>Βαλάκ</span> <span class='ocrx_word' id='word_1_403' title='bbox 3571 1463 3786 1542; x_wconf 62' lang='grc' dir='ltr'>βασιλεῖ</span> 
     </span>
    </p>
   </div>
   <div class='ocr_carea' id='block_1_56' title="bbox 2211 1549 3783 1635">
    <p class='ocr_par' dir='ltr' id='par_1_56' title="bbox 2211 1549 3783 1635">
     <span class='ocr_line' id='line_1_56' title="bbox 2211 1549 3783 1635; baseline 0.01 -34"><span class='ocrx_word' id='word_1_404' title='bbox 2211 1549 2319 1603; x_wconf 90' lang='grc' dir='ltr'><strong>τῶν</strong></span> <span class='ocrx_word' id='word_1_405' title='bbox 2341 1550 2659 1621; x_wconf 81' lang='grc' dir='ltr'><strong>ἀλλοφύλων</strong></span> <span class='ocrx_word' id='word_1_406' title='bbox 2684 1571 2699 1587; x_wconf 78' lang='grc' dir='ltr'><strong>ο</strong></span> <span class='ocrx_word' id='word_1_407' title='bbox 2733 1556 2851 1621; x_wconf 87' lang='grc' dir='ltr'><strong>πῶς</strong></span> <span class='ocrx_word' id='word_1_408' title='bbox 2872 1558 3032 1628; x_wconf 78' lang='grc' dir='ltr'>ἡμεῖς</span> <span class='ocrx_word' id='word_1_409' title='bbox 3058 1560 3108 1612; x_wconf 81' lang='grc' dir='ltr'>οί</span> <span class='ocrx_word' id='word_1_410' title='bbox 3133 1562 3192 1615; x_wconf 83' lang='grc' dir='ltr'>ὲν</span> <span class='ocrx_word' id='word_1_411' title='bbox 3233 1562 3426 1633; x_wconf 84' lang='grc' dir='ltr'>βαθμῷ</span> <span class='ocrx_word' id='word_1_412' title='bbox 3478 1566 3783 1635; x_wconf 76' lang='grc' dir='ltr'>ἱερωσύνης</span> 
     </span>
    </p>
   </div>
   <div class='ocr_carea' id='block_1_57' title="bbox 2211 1639 3783 1727">
    <p class='ocr_par' dir='ltr' id='par_1_57' title="bbox 2211 1639 3783 1727">
     <span class='ocr_line' id='line_1_57' title="bbox 2211 1639 3783 1727; baseline 0.013 -37"><span class='ocrx_word' id='word_1_413' title='bbox 2211 1639 2477 1727; x_wconf 78' lang='grc' dir='ltr'>κείμενοι,</span> <span class='ocrx_word' id='word_1_414' title='bbox 2528 1645 2622 1698; x_wconf 73' lang='grc' dir='ltr'>καὶ</span> <span class='ocrx_word' id='word_1_415' title='bbox 2671 1644 2827 1715; x_wconf 85' lang='grc' dir='ltr'>λόγον</span> <span class='ocrx_word' id='word_1_416' title='bbox 2891 1649 3181 1718; x_wconf 78' lang='grc' dir='ltr'><strong>ὑφέξοντες</strong></span> <span class='ocrx_word' id='word_1_417' title='bbox 3227 1656 3285 1707; x_wconf 78' lang='grc' dir='ltr'>ἐν</span> <span class='ocrx_word' id='word_1_418' title='bbox 3334 1656 3520 1726; x_wconf 80' lang='grc' dir='ltr'>ἡμέρᾳ</span> <span class='ocrx_word' id='word_1_419' title='bbox 3543 1657 3783 1727; x_wconf 87' lang='grc' dir='ltr'>κρίσεως</span> 
     </span>
    </p>
   </div>
   <div class='ocr_carea' id='block_1_58' title="bbox 2211 1725 3780 1821">
    <p class='ocr_par' dir='ltr' id='par_1_58' title="bbox 2211 1725 3780 1821">
     <span class='ocr_line' id='line_1_58' title="bbox 2211 1725 3780 1821; baseline 0.014 -38"><span class='ocrx_word' id='word_1_420' title='bbox 2211 1730 2329 1784; x_wconf 87' lang='grc' dir='ltr'>ἀνθ’</span> <span class='ocrx_word' id='word_1_421' title='bbox 2357 1725 2435 1785; x_wconf 83' lang='grc' dir='ltr'><strong>ὧν</strong></span> <span class='ocrx_word' id='word_1_422' title='bbox 2468 1737 2817 1807; x_wconf 81' lang='grc' dir='ltr'>ἐρωτώμενοι</span> <span class='ocrx_word' id='word_1_423' title='bbox 2860 1742 3308 1815; x_wconf 71' lang='grc' dir='ltr'>ἀποκρινούμεθα</span> <span class='ocrx_word' id='word_1_424' title='bbox 3339 1725 3566 1804; x_wconf 76' lang='grc' dir='ltr'>δυνατὸν</span> <span class='ocrx_word' id='word_1_425' title='bbox 3587 1725 3780 1821; x_wconf 38' lang='grc' dir='ltr'>-παρα-</span> 
     </span>
    </p>
   </div>
   <div class='ocr_carea' id='block_1_59' title="bbox 2138 1806 3355 1907">
    <p class='ocr_par' dir='ltr' id='par_1_59' title="bbox 2138 1806 3355 1907">
     <span class='ocr_line' id='line_1_59' title="bbox 2138 1806 3355 1907; baseline 0.008 -26"><span class='ocrx_word' id='word_1_426' title='bbox 2138 1806 2177 1861; x_wconf 76' lang='grc' dir='ltr'><strong><em>Β</em></strong></span> <span class='ocrx_word' id='word_1_427' title='bbox 2205 1827 2595 1894; x_wconf 76' lang='grc' dir='ltr'>τετραμμένως</span> <span class='ocrx_word' id='word_1_428' title='bbox 2626 1806 2963 1900; x_wconf 84' lang='grc' dir='ltr'>φθέγγεσθαι</span> <span class='ocrx_word' id='word_1_429' title='bbox 2989 1806 3084 1889; x_wconf 77' lang='grc' dir='ltr'>τοῦ</span> <span class='ocrx_word' id='word_1_430' title='bbox 3109 1806 3355 1907; x_wconf 69' lang='grc' dir='ltr'>δέοντοςς</span> 
     </span>
    </p>
   </div>
   <div class='ocr_carea' id='block_1_60' title="bbox 2277 1914 3778 2002">
    <p class='ocr_par' dir='ltr' id='par_1_60' title="bbox 2277 1914 3778 2002">
     <span class='ocr_line' id='line_1_60' title="bbox 2277 1914 3778 2002; baseline 0.015 -36"><span class='ocrx_word' id='word_1_431' title='bbox 2277 1914 2463 1979; x_wconf 76' lang='grc' dir='ltr'>Οὕτως</span> <span class='ocrx_word' id='word_1_432' title='bbox 2488 1914 2582 1972; x_wconf 79' lang='grc' dir='ltr'><strong>οὖν</strong></span> <span class='ocrx_word' id='word_1_433' title='bbox 2635 1921 3018 1997; x_wconf 87' lang='grc' dir='ltr'>ἀπεκρίθημεν</span> <span class='ocrx_word' id='word_1_434' title='bbox 3074 1931 3189 1991; x_wconf 80' lang='grc' dir='ltr'>τοῖς</span> <span class='ocrx_word' id='word_1_435' title='bbox 3230 1931 3607 2002; x_wconf 78' lang='grc' dir='ltr'>ὲρωτὴσασινο</span> <span class='ocrx_word' id='word_1_436' title='bbox 3677 1935 3778 1989; x_wconf 84' lang='grc' dir='ltr'><strong>ούκ</strong></span> 
     </span>
    </p>
   </div>
   <div class='ocr_carea' id='block_1_61' title="bbox 2205 2006 3776 2094">
    <p class='ocr_par' dir='ltr' id='par_1_61' title="bbox 2205 2006 3776 2094">
     <span class='ocr_line' id='line_1_61' title="bbox 2205 2006 3776 2094; baseline 0.014 -36"><span class='ocrx_word' id='word_1_437' title='bbox 2205 2006 2361 2060; x_wconf 77' lang='grc' dir='ltr'>αὐτοὶ</span> <span class='ocrx_word' id='word_1_438' title='bbox 2409 2008 2502 2076; x_wconf 85' lang='grc' dir='ltr'>ἀφ’</span> <span class='ocrx_word' id='word_1_439' title='bbox 2538 2010 2751 2067; x_wconf 78' lang='grc' dir='ltr'>ἑαυτῶν</span> <span class='ocrx_word' id='word_1_440' title='bbox 2781 2016 3196 2088; x_wconf 81' lang='grc' dir='ltr'>ἐπιτετροφότες</span> <span class='ocrx_word' id='word_1_441' title='bbox 3230 2020 3388 2076; x_wconf 80' lang='grc' dir='ltr'>τοῦτο</span> <span class='ocrx_word' id='word_1_442' title='bbox 3426 2026 3650 2078; x_wconf 78' lang='grc' dir='ltr'>κάκεῖνο</span> <span class='ocrx_word' id='word_1_443' title='bbox 3679 2044 3776 2094; x_wconf 84' lang='grc' dir='ltr'>γε-</span> 
     </span>
    </p>
   </div>
   <div class='ocr_carea' id='block_1_62' title="bbox 2204 2096 3773 2183">
    <p class='ocr_par' dir='ltr' id='par_1_62' title="bbox 2204 2096 3773 2183">
     <span class='ocr_line' id='line_1_62' title="bbox 2204 2096 3773 2183; baseline 0.012 -34"><span class='ocrx_word' id='word_1_444' title='bbox 2204 2096 2410 2161; x_wconf 80' lang='grc' dir='ltr'>νέσθαι,</span> <span class='ocrx_word' id='word_1_445' title='bbox 2442 2100 2517 2162; x_wconf 85' lang='grc' dir='ltr'>ὠς</span> <span class='ocrx_word' id='word_1_446' title='bbox 2566 2102 2705 2170; x_wconf 83' lang='grc' dir='ltr'><strong>αύτὴ</strong></span> <span class='ocrx_word' id='word_1_447' title='bbox 2755 2106 3038 2177; x_wconf 82' lang='grc' dir='ltr'><strong>προήχθης</strong></span> <span class='ocrx_word' id='word_1_448' title='bbox 3067 2109 3260 2164; x_wconf 77' lang='grc' dir='ltr'>εἰπεῖν.</span> <span class='ocrx_word' id='word_1_449' title='bbox 3314 2112 3421 2165; x_wconf 73' lang='grc' dir='ltr'><strong>Καὶ</strong></span> <span class='ocrx_word' id='word_1_450' title='bbox 3454 2114 3507 2165; x_wconf 85' lang='grc' dir='ltr'><strong>τί</strong></span> <span class='ocrx_word' id='word_1_451' title='bbox 3551 2113 3773 2183; x_wconf 84' lang='grc' dir='ltr'>βούλει;</span> 
     </span>
    </p>
   </div>
   <div class='ocr_carea' id='block_1_63' title="bbox 2205 2190 3775 2278">
    <p class='ocr_par' dir='ltr' id='par_1_63' title="bbox 2205 2190 3775 2278">
     <span class='ocr_line' id='line_1_63' title="bbox 2205 2190 3775 2278; baseline 0.014 -39"><span class='ocrx_word' id='word_1_452' title='bbox 2205 2190 2342 2257; x_wconf 86' lang='grc' dir='ltr'>πρὸς</span> <span class='ocrx_word' id='word_1_453' title='bbox 2371 2191 2431 2243; x_wconf 84' lang='grc' dir='ltr'><strong>τὸ</strong></span> <span class='ocrx_word' id='word_1_454' title='bbox 2450 2193 2684 2259; x_wconf 82' lang='grc' dir='ltr'>ἀρέσκον</span> <span class='ocrx_word' id='word_1_455' title='bbox 2706 2197 2924 2269; x_wconf 81' lang='grc' dir='ltr'>ἑκάστῳ</span> <span class='ocrx_word' id='word_1_456' title='bbox 2959 2200 3274 2272; x_wconf 87' lang='grc' dir='ltr'>ἐμπορικῶς</span> <span class='ocrx_word' id='word_1_457' title='bbox 3299 2206 3447 2275; x_wconf 81' lang='grc' dir='ltr'>ἡμᾶς</span> <span class='ocrx_word' id='word_1_458' title='bbox 3475 2208 3775 2278; x_wconf 85' lang='grc' dir='ltr'>ἀποκρίνε-</span> 
     </span>
    </p>
   </div>
   <div class='ocr_carea' id='block_1_64' title="bbox 2207 2279 3778 2376">
    <p class='ocr_par' dir='ltr' id='par_1_64' title="bbox 2207 2279 3778 2376">
     <span class='ocr_line' id='line_1_64' title="bbox 2207 2279 3778 2376; baseline 0.017 -47"><span class='ocrx_word' id='word_1_459' title='bbox 2207 2279 2358 2376; x_wconf 63' lang='lat' dir='ltr'><strong>edat;</strong></span> <span class='ocrx_word' id='word_1_460' title='bbox 2388 2282 2420 2352; x_wconf 86' lang='grc' dir='ltr'>ἢ</span> <span class='ocrx_word' id='word_1_461' title='bbox 2451 2283 2879 2353; x_wconf 79' lang='grc' dir='ltr'>ὁρθοτομοῦντας</span> <span class='ocrx_word' id='word_1_462' title='bbox 2923 2291 3014 2345; x_wconf 84' lang='grc' dir='ltr'>τὸν</span> <span class='ocrx_word' id='word_1_463' title='bbox 3042 2294 3196 2363; x_wconf 91' lang='grc' dir='ltr'>λόγον</span> <span class='ocrx_word' id='word_1_464' title='bbox 3228 2296 3327 2365; x_wconf 83' lang='grc' dir='ltr'>τῆς</span> <span class='ocrx_word' id='word_1_465' title='bbox 3352 2297 3646 2366; x_wconf 78' lang='grc' dir='ltr'>ἀληθείας;</span> <span class='ocrx_word' id='word_1_466' title='bbox 3680 2303 3778 2376; x_wconf 76' lang='grc' dir='ltr'><strong>Μὴ</strong></span> 
     </span>
    </p>
   </div>
   <div class='ocr_carea' id='block_1_65' title="bbox 2203 2373 3773 2457">
    <p class='ocr_par' dir='ltr' id='par_1_65' title="bbox 2203 2373 3773 2457">
     <span class='ocr_line' id='line_1_65' title="bbox 2203 2373 3773 2457; baseline 0.013 -32"><span class='ocrx_word' id='word_1_467' title='bbox 2203 2373 2381 2425; x_wconf 81' lang='grc' dir='ltr'>τοίνυν</span> <span class='ocrx_word' id='word_1_468' title='bbox 2407 2376 2544 2444; x_wconf 81' lang='grc' dir='ltr'>μήτε</span> <span class='ocrx_word' id='word_1_469' title='bbox 2577 2378 2715 2449; x_wconf 81' lang='grc' dir='ltr'>αὑτὴ</span> <span class='ocrx_word' id='word_1_470' title='bbox 2746 2381 2983 2449; x_wconf 83' lang='grc' dir='ltr'>πλήττου</span> <span class='ocrx_word' id='word_1_471' title='bbox 3022 2386 3105 2448; x_wconf 84' lang='grc' dir='ltr'><strong>είς</strong></span> <span class='ocrx_word' id='word_1_472' title='bbox 3129 2387 3277 2457; x_wconf 80' lang='grc' dir='ltr'>ἡμᾶς</span> <span class='ocrx_word' id='word_1_473' title='bbox 3315 2388 3441 2451; x_wconf 78' lang='grc' dir='ltr'>τοὺς</span> <span class='ocrx_word' id='word_1_474' title='bbox 3479 2373 3773 2457; x_wconf 74' lang='grc' dir='ltr'>ταπεινοὺς</span> 
     </span>
    </p>
   </div>
   <div class='ocr_carea' id='block_1_66' title="bbox 2202 2466 3771 2553">
    <p class='ocr_par' dir='ltr' id='par_1_66' title="bbox 2202 2466 3771 2553">
     <span class='ocr_line' id='line_1_66' title="bbox 2202 2466 3771 2553; baseline 0.013 -37"><span class='ocrx_word' id='word_1_475' title='bbox 2202 2466 2464 2537; x_wconf 77' lang='grc' dir='ltr'>ἀκαίρως,</span> <span class='ocrx_word' id='word_1_476' title='bbox 2496 2469 2631 2537; x_wconf 77' lang='grc' dir='ltr'>μήτε</span> <span class='ocrx_word' id='word_1_477' title='bbox 2663 2471 2695 2539; x_wconf 85' lang='grc' dir='ltr'><strong>ἡ</strong></span> <span class='ocrx_word' id='word_1_478' title='bbox 2731 2473 2947 2543; x_wconf 83' lang='grc' dir='ltr'>κυρίαὴ</span> <span class='ocrx_word' id='word_1_479' title='bbox 2977 2476 3200 2548; x_wconf 84' lang='grc' dir='ltr'>ἀδελφὴ,</span> <span class='ocrx_word' id='word_1_480' title='bbox 3233 2478 3363 2548; x_wconf 84' lang='grc' dir='ltr'>μήτ’</span> <span class='ocrx_word' id='word_1_481' title='bbox 3388 2478 3547 2543; x_wconf 78' lang='grc' dir='ltr'>ἄλλος</span> <span class='ocrx_word' id='word_1_482' title='bbox 3578 2484 3608 2535; x_wconf 95' lang='lat'><strong>6</strong></span> <span class='ocrx_word' id='word_1_483' title='bbox 3635 2501 3771 2553; x_wconf 64' lang='grc' dir='ltr'>προ-</span> 
     </span>
    </p>
   </div>
   <div class='ocr_carea' id='block_1_67' title="bbox 2202 2556 3773 2643">
    <p class='ocr_par' dir='ltr' id='par_1_67' title="bbox 2202 2556 3773 2643">
     <span class='ocr_line' id='line_1_67' title="bbox 2202 2556 3773 2643; baseline 0.013 -35"><span class='ocrx_word' id='word_1_484' title='bbox 2202 2556 2521 2625; x_wconf 87' lang='grc' dir='ltr'>αιρούμενος</span> <span class='ocrx_word' id='word_1_485' title='bbox 2561 2559 2835 2616; x_wconf 85' lang='grc' dir='ltr'>σκώπτειν</span> <span class='ocrx_word' id='word_1_486' title='bbox 2857 2566 2947 2618; x_wconf 75' lang='grc' dir='ltr'><strong>καὶ</strong></span> <span class='ocrx_word' id='word_1_487' title='bbox 2976 2567 3253 2638; x_wconf 79' lang='grc' dir='ltr'>διασύρειν</span> <span class='ocrx_word' id='word_1_488' title='bbox 3277 2571 3442 2639; x_wconf 78' lang='grc' dir='ltr'>ἡμᾶς.</span> <span class='ocrx_word' id='word_1_489' title='bbox 3498 2573 3662 2627; x_wconf 79' lang='grc' dir='ltr'><strong>Ἀλλά</strong></span> <span class='ocrx_word' id='word_1_490' title='bbox 3695 2577 3773 2643; x_wconf 78' lang='grc' dir='ltr'>γί-</span> 
     </span>
    </p>
   </div>
   <div class='ocr_carea' id='block_1_68' title="bbox 2202 2651 3771 2736">
    <p class='ocr_par' dir='ltr' id='par_1_68' title="bbox 2202 2651 3771 2736">
     <span class='ocr_line' id='line_1_68' title="bbox 2202 2651 3771 2736; baseline 0.013 -38"><span class='ocrx_word' id='word_1_491' title='bbox 2202 2664 2376 2700; x_wconf 86' lang='grc' dir='ltr'>νωσκε</span> <span class='ocrx_word' id='word_1_492' title='bbox 2406 2651 2487 2703; x_wconf 84' lang='grc' dir='ltr'>ὅτι</span> <span class='ocrx_word' id='word_1_493' title='bbox 2511 2652 2603 2703; x_wconf 73' lang='grc' dir='ltr'><strong>καὶ</strong></span> <span class='ocrx_word' id='word_1_494' title='bbox 2638 2652 2727 2706; x_wconf 81' lang='grc' dir='ltr'>τὸν</span> <span class='ocrx_word' id='word_1_495' title='bbox 2752 2653 3080 2727; x_wconf 80' lang='grc' dir='ltr'>ἀείμνηστον</span> <span class='ocrx_word' id='word_1_496' title='bbox 3096 2659 3405 2730; x_wconf 78' lang='grc' dir='ltr'>Στρατηγὺν</span> <span class='ocrx_word' id='word_1_497' title='bbox 3433 2663 3534 2715; x_wconf 82' lang='grc' dir='ltr'><strong>οὐκ</strong></span> <span class='ocrx_word' id='word_1_498' title='bbox 3564 2665 3771 2736; x_wconf 79' lang='grc' dir='ltr'><strong>ἐχθρω⁹</strong></span> 
     </span>
    </p>
   </div>
   <div class='ocr_carea' id='block_1_69' title="bbox 2201 2738 3773 2828">
    <p class='ocr_par' dir='ltr' id='par_1_69' title="bbox 2201 2738 3773 2828">
     <span class='ocr_line' id='line_1_69' title="bbox 2201 2738 3773 2828; baseline 0.014 -38"><span class='ocrx_word' id='word_1_499' title='bbox 2201 2738 2302 2802; x_wconf 82' lang='grc' dir='ltr'><strong>δῶς</strong></span> <span class='ocrx_word' id='word_1_500' title='bbox 2339 2740 2555 2810; x_wconf 74' lang='grc' dir='ltr'>ἔχομεν,</span> <span class='ocrx_word' id='word_1_501' title='bbox 2590 2744 2725 2800; x_wconf 87' lang='grc' dir='ltr'><strong>ἀλλά</strong></span> <span class='ocrx_word' id='word_1_502' title='bbox 2759 2749 2853 2802; x_wconf 79' lang='grc' dir='ltr'><strong>καὶ</strong></span> <span class='ocrx_word' id='word_1_503' title='bbox 2903 2750 3047 2819; x_wconf 79' lang='grc' dir='ltr'>μάλα</span> <span class='ocrx_word' id='word_1_504' title='bbox 3103 2752 3417 2817; x_wconf 77' lang='grc' dir='ltr'>ἀσπασίως·</span> <span class='ocrx_word' id='word_1_505' title='bbox 3453 2754 3643 2828; x_wconf 79' lang='grc' dir='ltr'>ῶσπερ</span> <span class='ocrx_word' id='word_1_506' title='bbox 3678 2759 3773 2811; x_wconf 79' lang='grc' dir='ltr'><strong>καὶ</strong></span> 
     </span>
    </p>
   </div>
   <div class='ocr_carea' id='block_1_70' title="bbox 2199 2828 3773 2917">
    <p class='ocr_par' dir='ltr' id='par_1_70' title="bbox 2199 2828 3773 2917">
     <span class='ocr_line' id='line_1_70' title="bbox 2199 2828 3773 2917; baseline 0.013 -36"><span class='ocrx_word' id='word_1_507' title='bbox 2199 2828 2297 2899; x_wconf 81' lang='grc' dir='ltr'><strong>τὴν</strong></span> <span class='ocrx_word' id='word_1_508' title='bbox 2333 2831 2579 2901; x_wconf 79' lang='grc' dir='ltr'><strong>ὁμόζυγα</strong></span> <span class='ocrx_word' id='word_1_509' title='bbox 2626 2838 2815 2894; x_wconf 78' lang='grc' dir='ltr'>αὐτοῦ.</span> <span class='ocrx_word' id='word_1_510' title='bbox 2868 2841 3198 2912; x_wconf 85' lang='grc' dir='ltr'>Δυπούμεθα</span> <span class='ocrx_word' id='word_1_511' title='bbox 3247 2844 3304 2896; x_wconf 81' lang='grc' dir='ltr'>δὲ</span> <span class='ocrx_word' id='word_1_512' title='bbox 3335 2848 3426 2899; x_wconf 73' lang='grc' dir='ltr'>καὶ</span> <span class='ocrx_word' id='word_1_513' title='bbox 3456 2849 3773 2917; x_wconf 85' lang='grc' dir='ltr'>ὰνατεγκα-</span> 
     </span>
    </p>
   </div>
   <div class='ocr_carea' id='block_1_71' title="bbox 2198 2920 3767 3009">
    <p class='ocr_par' dir='ltr' id='par_1_71' title="bbox 2198 2920 3767 3009">
     <span class='ocr_line' id='line_1_71' title="bbox 2198 2920 3767 3009; baseline 0.015 -38"><span class='ocrx_word' id='word_1_514' title='bbox 2198 2920 2289 2973; x_wconf 83' lang='grc' dir='ltr'>λοῦ</span> <span class='ocrx_word' id='word_1_515' title='bbox 2298 2940 2396 2992; x_wconf 85' lang='grc' dir='ltr'><strong>μεν</strong></span> <span class='ocrx_word' id='word_1_516' title='bbox 2410 2925 2637 2991; x_wconf 78' lang='grc' dir='ltr'>εἰκότως</span> <span class='ocrx_word' id='word_1_517' title='bbox 2654 2943 2668 2957; x_wconf 87' lang='grc'><strong>·</strong></span> <span class='ocrx_word' id='word_1_518' title='bbox 2695 2929 2776 2982; x_wconf 82' lang='grc' dir='ltr'>ὅτι</span> <span class='ocrx_word' id='word_1_519' title='bbox 2802 2931 2959 3001; x_wconf 76' lang='grc' dir='ltr'>ὑμεῖς</span> <span class='ocrx_word' id='word_1_520' title='bbox 2980 2936 3035 2987; x_wconf 85' lang='grc' dir='ltr'>αἱ</span> <span class='ocrx_word' id='word_1_521' title='bbox 3054 2934 3146 2988; x_wconf 79' lang='grc' dir='ltr'>καὶ</span> <span class='ocrx_word' id='word_1_522' title='bbox 3165 2935 3363 3004; x_wconf 84' lang='grc' dir='ltr'>γνώσει</span> <span class='ocrx_word' id='word_1_523' title='bbox 3386 2938 3767 3009; x_wconf 69' lang='grc' dir='ltr'>διαφέρουσαι,</span> 
     </span>
    </p>
   </div>
   <div class='ocr_carea' id='block_1_72' title="bbox 2198 3015 3774 3105">
    <p class='ocr_par' dir='ltr' id='par_1_72' title="bbox 2198 3015 3774 3105">
     <span class='ocr_line' id='line_1_72' title="bbox 2198 3015 3774 3105; baseline 0.015 -41"><span class='ocrx_word' id='word_1_524' title='bbox 2198 3015 2292 3066; x_wconf 76' lang='grc' dir='ltr'><strong>καὶ</strong></span> <span class='ocrx_word' id='word_1_525' title='bbox 2328 3016 2608 3082; x_wconf 85' lang='grc' dir='ltr'>εὐλαϐείας</span> <span class='ocrx_word' id='word_1_526' title='bbox 2658 3020 3101 3093; x_wconf 85' lang='grc' dir='ltr'>ἀντιποιούμεναι</span> <span class='ocrx_word' id='word_1_527' title='bbox 3154 3027 3254 3081; x_wconf 85' lang='grc' dir='ltr'>οὐκ</span> <span class='ocrx_word' id='word_1_528' title='bbox 3303 3027 3529 3100; x_wconf 82' lang='grc' dir='ltr'>ἀληθινῇ</span> <span class='ocrx_word' id='word_1_529' title='bbox 3578 3034 3774 3105; x_wconf 78' lang='grc' dir='ltr'>ἀγάπῃ</span> 
     </span>
    </p>
   </div>
   <div class='ocr_carea' id='block_1_73' title="bbox 2200 3105 3776 3189">
    <p class='ocr_par' dir='ltr' id='par_1_73' title="bbox 2200 3105 3776 3189">
     <span class='ocr_line' id='line_1_73' title="bbox 2200 3105 3776 3189; baseline 0.014 -34"><span class='ocrx_word' id='word_1_530' title='bbox 2200 3105 2401 3175; x_wconf 73' lang='grc' dir='ltr'>ἤχθητε</span> <span class='ocrx_word' id='word_1_531' title='bbox 2435 3110 2492 3160; x_wconf 83' lang='grc' dir='ltr'>ἐν</span> <span class='ocrx_word' id='word_1_532' title='bbox 2523 3110 2667 3163; x_wconf 82' lang='grc' dir='ltr'>τέλει</span> <span class='ocrx_word' id='word_1_533' title='bbox 2693 3113 2830 3184; x_wconf 82' lang='grc' dir='ltr'>πρὸς</span> <span class='ocrx_word' id='word_1_534' title='bbox 2857 3116 3039 3170; x_wconf 82' lang='grc' dir='ltr'>αὐτόν.</span> <span class='ocrx_word' id='word_1_535' title='bbox 3105 3116 3258 3171; x_wconf 74' lang='grc' dir='ltr'>Ἐπεὶ</span> <span class='ocrx_word' id='word_1_536' title='bbox 3280 3118 3388 3172; x_wconf 80' lang='grc' dir='ltr'>ἔδει</span> <span class='ocrx_word' id='word_1_537' title='bbox 3415 3120 3520 3189; x_wconf 84' lang='grc' dir='ltr'><strong>πρὸ</strong></span> <span class='ocrx_word' id='word_1_538' title='bbox 3551 3123 3776 3177; x_wconf 86' lang='grc' dir='ltr'>πάντων</span> 
     </span>
    </p>
   </div>
   <div class='ocr_carea' id='block_1_74' title="bbox 2201 3198 3776 3282">
    <p class='ocr_par' dir='ltr' id='par_1_74' title="bbox 2201 3198 3776 3282">
     <span class='ocr_line' id='line_1_74' title="bbox 2201 3198 3776 3282; baseline 0.015 -35"><span class='ocrx_word' id='word_1_539' title='bbox 2201 3199 2294 3249; x_wconf 80' lang='grc' dir='ltr'>καὶ</span> <span class='ocrx_word' id='word_1_540' title='bbox 2317 3198 2457 3269; x_wconf 85' lang='grc' dir='ltr'>ὑπὲρ</span> <span class='ocrx_word' id='word_1_541' title='bbox 2475 3201 2671 3266; x_wconf 84' lang='grc' dir='ltr'>πάντα,</span> <span class='ocrx_word' id='word_1_542' title='bbox 2698 3205 2756 3257; x_wconf 87' lang='grc' dir='ltr'>τὸ</span> <span class='ocrx_word' id='word_1_543' title='bbox 2788 3208 3126 3279; x_wconf 81' lang='grc' dir='ltr'>σωτηριῶδες</span> <span class='ocrx_word' id='word_1_544' title='bbox 3159 3210 3257 3280; x_wconf 81' lang='grc' dir='ltr'>τῆς</span> <span class='ocrx_word' id='word_1_545' title='bbox 3275 3211 3451 3282; x_wconf 73' lang='grc' dir='ltr'>ψυχῆς</span> <span class='ocrx_word' id='word_1_546' title='bbox 3478 3214 3669 3281; x_wconf 81' lang='grc' dir='ltr'>αὐτοῦ,</span> <span class='ocrx_word' id='word_1_547' title='bbox 3692 3219 3776 3279; x_wconf 82' lang='grc' dir='ltr'>εις</span> 
     </span>
    </p>
   </div>
   <div class='ocr_carea' id='block_1_75' title="bbox 2199 3287 3776 3369">
    <p class='ocr_par' dir='ltr' id='par_1_75' title="bbox 2199 3287 3776 3369">
     <span class='ocr_line' id='line_1_75' title="bbox 2199 3287 3776 3369; baseline 0.014 -30"><span class='ocrx_word' id='word_1_548' title='bbox 2199 3287 2261 3340; x_wconf 85' lang='grc' dir='ltr'><strong>τὸ</strong></span> <span class='ocrx_word' id='word_1_549' title='bbox 2309 3292 2600 3361; x_wconf 83' lang='grc' dir='ltr'>μετασχεῖν</span> <span class='ocrx_word' id='word_1_550' title='bbox 2654 3293 2763 3345; x_wconf 90' lang='grc' dir='ltr'><strong>τῶν</strong></span> <span class='ocrx_word' id='word_1_551' title='bbox 2806 3296 3181 3367; x_wconf 89' lang='grc' dir='ltr'>ἀγιασμάτων,</span> <span class='ocrx_word' id='word_1_552' title='bbox 3229 3301 3600 3369; x_wconf 79' lang='grc' dir='ltr'>ἀγωνίσασθαι</span> <span class='ocrx_word' id='word_1_553' title='bbox 3630 3321 3647 3335; x_wconf 82' lang='grc'><em>’</em></span> <span class='ocrx_word' id='word_1_554' title='bbox 3704 3308 3776 3360; x_wconf 79' lang='grc' dir='ltr'><strong>τά</strong></span> 
     </span>
    </p>
   </div>
   <div class='ocr_carea' id='block_1_76' title="bbox 2199 3378 3775 3469">
    <p class='ocr_par' dir='ltr' id='par_1_76' title="bbox 2199 3378 3775 3469">
     <span class='ocr_line' id='line_1_76' title="bbox 2199 3378 3775 3469; baseline 0.013 -37"><span class='ocrx_word' id='word_1_555' title='bbox 2199 3378 2335 3432; x_wconf 81' lang='grc' dir='ltr'>ἄλλα</span> <span class='ocrx_word' id='word_1_556' title='bbox 2367 3382 2547 3436; x_wconf 85' lang='grc' dir='ltr'>πάντα</span> <span class='ocrx_word' id='word_1_557' title='bbox 2581 3384 2825 3438; x_wconf 87' lang='grc' dir='ltr'>σκύϐαλα</span> <span class='ocrx_word' id='word_1_558' title='bbox 2858 3388 3193 3457; x_wconf 88' lang='grc' dir='ltr'>ἡγούμεναι·</span> <span class='ocrx_word' id='word_1_559' title='bbox 3226 3390 3353 3444; x_wconf 82' lang='grc' dir='ltr'>ὥστ’</span> <span class='ocrx_word' id='word_1_560' title='bbox 3379 3392 3445 3446; x_wconf 85' lang='grc' dir='ltr'>ἂν</span> <span class='ocrx_word' id='word_1_561' title='bbox 3469 3397 3669 3469; x_wconf 81' lang='grc' dir='ltr'>εὑρεθῇ</span> <span class='ocrx_word' id='word_1_562' title='bbox 3713 3401 3775 3452; x_wconf 80' lang='grc' dir='ltr'>ὲν</span> 
     </span>
    </p>
   </div>
   <div class='ocr_carea' id='block_1_77' title="bbox 2200 3471 3777 3551">
    <p class='ocr_par' dir='ltr' id='par_1_77' title="bbox 2200 3471 3777 3551">
     <span class='ocr_line' id='line_1_77' title="bbox 2200 3471 3777 3551; baseline 0.014 -29"><span class='ocrx_word' id='word_1_563' title='bbox 2200 3472 2266 3539; x_wconf 79' lang='grc' dir='ltr'>τῇ</span> <span class='ocrx_word' id='word_1_564' title='bbox 2296 3471 2561 3542; x_wconf 84' lang='grc' dir='ltr'>ὀρθοδόξῳ</span> <span class='ocrx_word' id='word_1_565' title='bbox 2582 3476 2839 3547; x_wconf 65' lang='grc' dir='ltr'>κοινωνίᾳ</span> <span class='ocrx_word' id='word_1_566' title='bbox 2858 3492 2872 3508; x_wconf 76' lang='grc' dir='ltr'>σ</span> <span class='ocrx_word' id='word_1_567' title='bbox 2896 3478 3082 3550; x_wconf 79' lang='grc' dir='ltr'>ἐπειδὴ</span> <span class='ocrx_word' id='word_1_568' title='bbox 3113 3480 3441 3551; x_wconf 86' lang='grc' dir='ltr'>γέγραπται·</span> <span class='ocrx_word' id='word_1_569' title='bbox 3478 3486 3673 3543; x_wconf 84' lang='grc' dir='ltr'>Ὅπου</span> <span class='ocrx_word' id='word_1_570' title='bbox 3694 3489 3777 3543; x_wconf 80' lang='grc' dir='ltr'><em>ἂν</em></span> 
     </span>
    </p>
   </div>
   <div class='ocr_carea' id='block_1_78' title="bbox 2197 3563 3775 3647">
    <p class='ocr_par' dir='ltr' id='par_1_78' title="bbox 2197 3563 3775 3647">
     <span class='ocr_line' id='line_1_78' title="bbox 2197 3563 3775 3647; baseline 0.012 -33"><span class='ocrx_word' id='word_1_571' title='bbox 2197 3563 2347 3630; x_wconf 83' lang='grc' dir='ltr'>εὕρω</span> <span class='ocrx_word' id='word_1_572' title='bbox 2374 3578 2467 3631; x_wconf 81' lang='grc' dir='ltr'><strong>σε,</strong></span> <span class='ocrx_word' id='word_1_573' title='bbox 2500 3567 2718 3621; x_wconf 79' lang='grc' dir='ltr'>ἐκεῖσε</span> <span class='ocrx_word' id='word_1_574' title='bbox 2750 3570 2951 3637; x_wconf 78' lang='grc' dir='ltr'>κρινῶ.</span> <span class='ocrx_word' id='word_1_575' title='bbox 2999 3571 3186 3642; x_wconf 82' lang='grc' dir='ltr'>Ἡμεῖς</span> <span class='ocrx_word' id='word_1_576' title='bbox 3211 3574 3311 3641; x_wconf 89' lang='grc' dir='ltr'><strong>μὲν</strong></span> <span class='ocrx_word' id='word_1_577' title='bbox 3338 3573 3511 3639; x_wconf 79' lang='grc' dir='ltr'>οὕτως</span> <span class='ocrx_word' id='word_1_578' title='bbox 3538 3580 3775 3647; x_wconf 78' lang='grc' dir='ltr'>φρονού-</span> 
     </span>
    </p>
   </div>
   <div class='ocr_carea' id='block_1_79' title="bbox 2203 3657 3771 3738">
    <p class='ocr_par' dir='ltr' id='par_1_79' title="bbox 2203 3657 3771 3738">
     <span class='ocr_line' id='line_1_79' title="bbox 2203 3657 3771 3738; baseline 0.013 -33"><span class='ocrx_word' id='word_1_579' title='bbox 2203 3672 2301 3724; x_wconf 89' lang='grc' dir='ltr'><strong>μεν</strong></span> <span class='ocrx_word' id='word_1_580' title='bbox 2330 3658 2424 3709; x_wconf 75' lang='grc' dir='ltr'><strong>καὶ</strong></span> <span class='ocrx_word' id='word_1_581' title='bbox 2451 3657 2701 3728; x_wconf 82' lang='grc' dir='ltr'>λέγομεν.</span> <span class='ocrx_word' id='word_1_582' title='bbox 2730 3661 2791 3714; x_wconf 83' lang='lat' dir='ltr'><strong>El</strong></span> <span class='ocrx_word' id='word_1_583' title='bbox 2830 3663 2885 3715; x_wconf 83' lang='grc' dir='ltr'><strong>δὲ</strong></span> <span class='ocrx_word' id='word_1_584' title='bbox 2932 3663 3129 3727; x_wconf 82' lang='grc' dir='ltr'>άλλως,</span> <span class='ocrx_word' id='word_1_585' title='bbox 3161 3667 3318 3720; x_wconf 77' lang='grc' dir='ltr'>αὐτοὶ</span> <span class='ocrx_word' id='word_1_586' title='bbox 3347 3667 3527 3738; x_wconf 83' lang='grc' dir='ltr'>κύριοι</span> <span class='ocrx_word' id='word_1_587' title='bbox 3547 3671 3648 3738; x_wconf 80' lang='grc' dir='ltr'><strong>τῆς</strong></span> <span class='ocrx_word' id='word_1_588' title='bbox 3689 3675 3771 3726; x_wconf 83' lang='lat' dir='ltr'><strong>ol-</strong></span> 
     </span>
    </p>
   </div>
   <div class='ocr_carea' id='block_1_80' title="bbox 2199 3747 3773 3830">
    <p class='ocr_par' dir='ltr' id='par_1_80' title="bbox 2199 3747 3773 3830">
     <span class='ocr_line' id='line_1_80' title="bbox 2199 3747 3773 3830; baseline 0.012 -32"><span class='ocrx_word' id='word_1_589' title='bbox 2199 3747 2350 3807; x_wconf 78' lang='grc' dir='ltr'>κείας</span> <span class='ocrx_word' id='word_1_590' title='bbox 2376 3748 2560 3818; x_wconf 80' lang='grc' dir='ltr'>φωνῆς</span> <span class='ocrx_word' id='word_1_591' title='bbox 2580 3764 2593 3777; x_wconf 91' lang='grc'><strong>·</strong></span> <span class='ocrx_word' id='word_1_592' title='bbox 2624 3752 2717 3803; x_wconf 80' lang='grc' dir='ltr'><strong>καὶ</strong></span> <span class='ocrx_word' id='word_1_593' title='bbox 2737 3754 2901 3822; x_wconf 83' lang='grc' dir='ltr'>ἡμεῖς</span> <span class='ocrx_word' id='word_1_594' title='bbox 2936 3771 3000 3821; x_wconf 90' lang='grc' dir='ltr'><strong>γε</strong></span> <span class='ocrx_word' id='word_1_595' title='bbox 3024 3756 3338 3825; x_wconf 83' lang='grc' dir='ltr'>σιωπῶμεν.</span> <span class='ocrx_word' id='word_1_596' title='bbox 3380 3755 3517 3813; x_wconf 81' lang='grc' dir='ltr'><strong>Οἵδε</strong></span> <span class='ocrx_word' id='word_1_597' title='bbox 3550 3763 3773 3830; x_wconf 82' lang='grc' dir='ltr'>Κύριος</span> 
     </span>
    </p>
   </div>
   <div class='ocr_carea' id='block_1_81' title="bbox 2198 3838 3771 3919">
    <p class='ocr_par' dir='ltr' id='par_1_81' title="bbox 2198 3838 3771 3919">
     <span class='ocr_line' id='line_1_81' title="bbox 2198 3838 3771 3919; baseline 0.01 -29"><span class='ocrx_word' id='word_1_598' title='bbox 2198 3838 2340 3904; x_wconf 85' lang='grc' dir='ltr'>τοὺς</span> <span class='ocrx_word' id='word_1_599' title='bbox 2372 3839 2553 3904; x_wconf 78' lang='grc' dir='ltr'>ὄντας</span> <span class='ocrx_word' id='word_1_600' title='bbox 2579 3842 2765 3895; x_wconf 80' lang='grc' dir='ltr'>αὑτοῦ</span> <span class='ocrx_word' id='word_1_601' title='bbox 2790 3858 2804 3875; x_wconf 77' lang='grc' dir='ltr'><strong><em>ο</em></strong></span> <span class='ocrx_word' id='word_1_602' title='bbox 2853 3844 2952 3897; x_wconf 77' lang='grc' dir='ltr'>καὶ</span> <span class='ocrx_word' id='word_1_603' title='bbox 3006 3845 3325 3913; x_wconf 76' lang='grc' dir='ltr'>ἀποστήτω</span> <span class='ocrx_word' id='word_1_604' title='bbox 3367 3849 3485 3902; x_wconf 77' lang='grc' dir='ltr'>ἀπὸ</span> <span class='ocrx_word' id='word_1_605' title='bbox 3528 3850 3771 3919; x_wconf 73' lang='grc' dir='ltr'>ἀδικίας</span> 
     </span>
    </p>
   </div>
   <div class='ocr_carea' id='block_1_82' title="bbox 2197 3929 3769 4015">
    <p class='ocr_par' dir='ltr' id='par_1_82' title="bbox 2197 3929 3769 4015">
     <span class='ocr_line' id='line_1_82' title="bbox 2197 3929 3769 4015; baseline 0.008 -31"><span class='ocrx_word' id='word_1_606' title='bbox 2197 3929 2316 3996; x_wconf 83' lang='grc' dir='ltr'>πᾶς</span> <span class='ocrx_word' id='word_1_607' title='bbox 2346 3934 2379 3985; x_wconf 85' lang='grc' dir='ltr'><strong>ό</strong></span> <span class='ocrx_word' id='word_1_608' title='bbox 2404 3931 2700 4001; x_wconf 82' lang='grc' dir='ltr'><strong>ὀνομάζων</strong></span> <span class='ocrx_word' id='word_1_609' title='bbox 2743 3934 2809 3987; x_wconf 88' lang='grc' dir='ltr'>τὸ</span> <span class='ocrx_word' id='word_1_610' title='bbox 2852 3935 3040 4006; x_wconf 83' lang='grc' dir='ltr'>ὄνομα</span> <span class='ocrx_word' id='word_1_611' title='bbox 3075 3938 3294 4006; x_wconf 84' lang='grc' dir='ltr'>Κυρίου</span> <span class='ocrx_word' id='word_1_612' title='bbox 3320 3955 3335 3969; x_wconf 82' lang='grc'><em>’</em></span> <span class='ocrx_word' id='word_1_613' title='bbox 3388 3940 3534 3993; x_wconf 78' lang='grc' dir='ltr'>καθὰ</span> <span class='ocrx_word' id='word_1_614' title='bbox 3554 3944 3769 4015; x_wconf 85' lang='grc' dir='ltr'>γέγρα-</span> 
     </span>
    </p>
   </div>
   <div class='ocr_carea' id='block_1_83' title="bbox 2197 4039 2347 4075">
    <p class='ocr_par' dir='ltr' id='par_1_83' title="bbox 2197 4039 2347 4075">
     <span class='ocr_line' id='line_1_83' title="bbox 2197 4039 2347 4075; baseline 0.013 -2"><span class='ocrx_word' id='word_1_615' title='bbox 2197 4039 2347 4075; x_wconf 86' lang='grc' dir='ltr'>πται.</span> 
     </span>
    </p>
   </div>
   <div class='ocr_carea' id='block_1_84' title="bbox 2360 4137 3600 4215">
    <p class='ocr_par' dir='ltr' id='par_1_84' title="bbox 2360 4137 3600 4215">
     <span class='ocr_line' id='line_1_84' title="bbox 2360 4137 3600 4215; baseline 0.006 -26"><span class='ocrx_word' id='word_1_616' title='bbox 2360 4137 2471 4204; x_wconf 70' lang='grc' dir='ltr'><strong>Σςν</strong></span> <span class='ocrx_word' id='word_1_617' title='bbox 2492 4138 2586 4207; x_wconf 89' lang='grc' dir='ltr'>(ι),</span> <span class='ocrx_word' id='word_1_618' title='bbox 2617 4166 2685 4175; x_wconf 89' lang='grc'><strong>-</strong></span> <span class='ocrx_word' id='word_1_619' title='bbox 2719 4138 2976 4209; x_wconf 77' lang='grc' dir='ltr'>Ὑπακοῇ</span> <span class='ocrx_word' id='word_1_620' title='bbox 3007 4139 3364 4210; x_wconf 83' lang='grc' dir='ltr'>μοναζούσῃ.</span> <span class='ocrx_word' id='word_1_621' title='bbox 3398 4139 3600 4215; x_wconf 87' lang='grc' dir='ltr'>[ωκγ’.]</span> 
     </span>
    </p>
   </div>
   <div class='ocr_carea' id='block_1_85' title="bbox 1582 4239 2707 4309">
    <p class='ocr_par' dir='ltr' id='par_1_85' title="bbox 1582 4239 2707 4309">
     <span class='ocr_line' id='line_1_85' title="bbox 1582 4239 2707 4309; baseline 0.01 -19"><span class='ocrx_word' id='word_1_622' title='bbox 1582 4239 1771 4292; x_wconf 80' lang='lat' dir='ltr'><strong>Rursus</strong></span> <span class='ocrx_word' id='word_1_623' title='bbox 1802 4255 1911 4292; x_wconf 86' lang='lat' dir='ltr'><strong>eam</strong></span> <span class='ocrx_word' id='word_1_624' title='bbox 1951 4244 2015 4294; x_wconf 90' lang='lat' dir='ltr'><strong>de</strong></span> <span class='ocrx_word' id='word_1_625' title='bbox 2054 4244 2219 4297; x_wconf 78' lang='lat' dir='ltr'><strong>fratris</strong></span> <span class='ocrx_word' id='word_1_626' title='bbox 2248 4247 2384 4297; x_wconf 89' lang='lat' dir='ltr'><strong>obitu</strong></span> <span class='ocrx_word' id='word_1_627' title='bbox 2410 4254 2707 4309; x_wconf 77' lang='lat' dir='ltr'><strong>consolatur.</strong></span> 
     </span>
    </p>
   </div>
   <div class='ocr_carea' id='block_1_86' title="bbox 600 4348 2101 4445">
    <p class='ocr_par' dir='ltr' id='par_1_86' title="bbox 600 4348 2093 4420">
     <span class='ocr_line' id='line_1_86' title="bbox 600 4348 2093 4420; baseline 0.003 -16"><span class='ocrx_word' id='word_1_628' title='bbox 600 4350 705 4417; x_wconf 85' lang='lat' dir='ltr'><strong>Qui</strong></span> <span class='ocrx_word' id='word_1_629' title='bbox 743 4349 1109 4403; x_wconf 85' lang='lat' dir='ltr'><strong>monasticam</strong></span> <span class='ocrx_word' id='word_1_630' title='bbox 1130 4348 1297 4403; x_wconf 83' lang='lat' dir='ltr'><strong>vitam</strong></span> <span class='ocrx_word' id='word_1_631' title='bbox 1338 4357 1465 4403; x_wconf 90' lang='lat' dir='ltr'><strong>sttnt</strong></span> <span class='ocrx_word' id='word_1_632' title='bbox 1488 4350 1745 4420; x_wconf 81' lang='lat' dir='ltr'><strong>amplexi,</strong></span> <span class='ocrx_word' id='word_1_633' title='bbox 1776 4367 1840 4407; x_wconf 84' lang='lat' dir='ltr'><strong>ac</strong></span> <span class='ocrx_word' id='word_1_634' title='bbox 1888 4353 2093 4408; x_wconf 88' lang='lat' dir='ltr'><strong>mundo</strong></span> 
     </span>
    </p>
   </div>
   <div class='ocr_carea' id='block_1_87' title="bbox 2204 4348 3763 4445">
    <p class='ocr_par' dir='ltr' id='par_1_87' title="bbox 2265 4357 3763 4445">
     <span class='ocr_line' id='line_1_87' title="bbox 2265 4357 3763 4445; baseline 0.012 -36"><span class='ocrx_word' id='word_1_635' title='bbox 2265 4357 2329 4445; x_wconf 84' lang='grc' dir='ltr'>Οί</span> <span class='ocrx_word' id='word_1_636' title='bbox 2356 4357 2446 4409; x_wconf 75' lang='grc' dir='ltr'>τὸν</span> <span class='ocrx_word' id='word_1_637' title='bbox 2479 4361 2687 4429; x_wconf 84' lang='grc' dir='ltr'>μονήρη</span> <span class='ocrx_word' id='word_1_638' title='bbox 2721 4360 2835 4429; x_wconf 87' lang='grc' dir='ltr'>βίον</span> <span class='ocrx_word' id='word_1_639' title='bbox 2864 4363 3287 4433; x_wconf 76' lang='grc' dir='ltr'>ἐπανῃρημένοι,</span> <span class='ocrx_word' id='word_1_640' title='bbox 3327 4367 3421 4419; x_wconf 73' lang='grc' dir='ltr'>καὶ</span> <span class='ocrx_word' id='word_1_641' title='bbox 3456 4370 3534 4438; x_wconf 85' lang='grc' dir='ltr'>τῷ</span> <span class='ocrx_word' id='word_1_642' title='bbox 3566 4372 3763 4445; x_wconf 81' lang='grc' dir='ltr'>κόσμῳ</span> 
     </span>
    </p>
   </div>
   <div class='ocr_carea' id='block_1_88' title="bbox 528 4440 2089 4513">
    <p class='ocr_par' dir='ltr' id='par_1_88' title="bbox 528 4440 2089 4513">
     <span class='ocr_line' id='line_1_88' title="bbox 528 4440 2089 4513; baseline 0.001 -17"><span class='ocrx_word' id='word_1_643' title='bbox 528 4443 756 4513; x_wconf 88' lang='lat' dir='ltr'><strong>proinde</strong></span> <span class='ocrx_word' id='word_1_644' title='bbox 792 4440 1013 4507; x_wconf 89' lang='lat' dir='ltr'><strong>mortui,</strong></span> <span class='ocrx_word' id='word_1_645' title='bbox 1060 4441 1209 4494; x_wconf 88' lang='lat' dir='ltr'><strong>velut</strong></span> <span class='ocrx_word' id='word_1_646' title='bbox 1253 4442 1563 4496; x_wconf 85' lang='lat' dir='ltr'><strong>carnalibus</strong></span> <span class='ocrx_word' id='word_1_647' title='bbox 1612 4442 1891 4498; x_wconf 74' lang='lat' dir='ltr'><strong>affectibus</strong></span> <span class='ocrx_word' id='word_1_648' title='bbox 1948 4444 2089 4499; x_wconf 88' lang='lat' dir='ltr'><strong>casi-</strong></span> 
     </span>
    </p>
   </div>
   <div class='ocr_carea' id='block_1_89' title="bbox 530 4533 2091 4605">
    <p class='ocr_par' dir='ltr' id='par_1_89' title="bbox 530 4533 2091 4605">
     <span class='ocr_line' id='line_1_89' title="bbox 530 4533 2091 4605; baseline 0.002 -16"><span class='ocrx_word' id='word_1_649' title='bbox 530 4538 741 4604; x_wconf 85' lang='lat' dir='ltr'><strong>busque</strong></span> <span class='ocrx_word' id='word_1_650' title='bbox 769 4534 1080 4603; x_wconf 89' lang='lat' dir='ltr'><strong>superiores</strong></span> <span class='ocrx_word' id='word_1_651' title='bbox 1104 4533 1217 4602; x_wconf 86' lang='lat' dir='ltr'><strong>jam</strong></span> <span class='ocrx_word' id='word_1_652' title='bbox 1252 4534 1398 4597; x_wconf 83' lang='lat' dir='ltr'><strong>facti,</strong></span> <span class='ocrx_word' id='word_1_653' title='bbox 1439 4534 1492 4587; x_wconf 92' lang='lat' dir='ltr'><strong>in</strong></span> <span class='ocrx_word' id='word_1_654' title='bbox 1537 4536 1963 4605; x_wconf 85' lang='lat' dir='ltr'><strong>prOpinquorum</strong></span> <span class='ocrx_word' id='word_1_655' title='bbox 1998 4552 2091 4592; x_wconf 81' lang='lat' dir='ltr'><strong>ca-</strong></span> 
     </span>
    </p>
   </div>
   <div class='ocr_carea' id='block_1_90' title="bbox 529 4622 2087 4694">
    <p class='ocr_par' dir='ltr' id='par_1_90' title="bbox 529 4622 2087 4694">
     <span class='ocr_line' id='line_1_90' title="bbox 529 4622 2087 4694; baseline 0.002 -15"><span class='ocrx_word' id='word_1_656' title='bbox 529 4625 864 4680; x_wconf 85' lang='lat' dir='ltr'><strong>Iamitatibus</strong></span> <span class='ocrx_word' id='word_1_657' title='bbox 884 4639 1006 4694; x_wconf 75' lang='lat' dir='ltr'><strong>qua:</strong></span> <span class='ocrx_word' id='word_1_658' title='bbox 1043 4624 1316 4689; x_wconf 88' lang='lat' dir='ltr'><strong>accidunt,</strong></span> <span class='ocrx_word' id='word_1_659' title='bbox 1349 4622 1524 4693; x_wconf 87' lang='lat' dir='ltr'><strong>frangi</strong></span> <span class='ocrx_word' id='word_1_660' title='bbox 1553 4627 1738 4681; x_wconf 85' lang='lat' dir='ltr'><strong>animo</strong></span> <span class='ocrx_word' id='word_1_661' title='bbox 1766 4640 1872 4682; x_wconf 89' lang='lat' dir='ltr'><strong>non</strong></span> <span class='ocrx_word' id='word_1_662' title='bbox 1894 4628 2087 4691; x_wconf 83' lang='lat' dir='ltr'><strong>solent,</strong></span> 
     </span>
    </p>
   </div>
   <div class='ocr_carea' id='block_1_91' title="bbox 529 4717 2092 4790">
    <p class='ocr_par' dir='ltr' id='par_1_91' title="bbox 529 4717 2092 4790">
     <span class='ocr_line' id='line_1_91' title="bbox 529 4717 2092 4790; baseline 0.001 -17"><span class='ocrx_word' id='word_1_663' title='bbox 529 4736 628 4774; x_wconf 88' lang='lat' dir='ltr'><strong>nec</strong></span> <span class='ocrx_word' id='word_1_664' title='bbox 663 4721 716 4772; x_wconf 92' lang='lat' dir='ltr'><strong>in</strong></span> <span class='ocrx_word' id='word_1_665' title='bbox 754 4718 973 4772; x_wconf 92' lang='lat' dir='ltr'><strong>illorum</strong></span> <span class='ocrx_word' id='word_1_666' title='bbox 1010 4717 1294 4772; x_wconf 82' lang='lat' dir='ltr'><strong>funeribus</strong></span> <span class='ocrx_word' id='word_1_667' title='bbox 1341 4718 1545 4773; x_wconf 86' lang='lat' dir='ltr'><strong>dolere.</strong></span> <span class='ocrx_word' id='word_1_668' title='bbox 1584 4718 1688 4775; x_wconf 87' lang='lat' dir='ltr'><strong>Sed</strong></span> <span class='ocrx_word' id='word_1_669' title='bbox 1719 4722 1977 4790; x_wconf 90' lang='lat' dir='ltr'><strong>quoniam</strong></span> <span class='ocrx_word' id='word_1_670' title='bbox 2009 4724 2092 4777; x_wconf 90' lang='lat' dir='ltr'><strong>in-</strong></span> 
     </span>
    </p>
   </div>
   <div class='ocr_carea' id='block_1_92' title="bbox 526 4810 2086 4881">
    <p class='ocr_par' dir='ltr' id='par_1_92' title="bbox 526 4810 2086 4881">
     <span class='ocr_line' id='line_1_92' title="bbox 526 4810 2086 4881; baseline 0.001 -17"><span class='ocrx_word' id='word_1_671' title='bbox 526 4813 777 4865; x_wconf 88' lang='lat' dir='ltr'><strong>venimus</strong></span> <span class='ocrx_word' id='word_1_672' title='bbox 811 4810 958 4879; x_wconf 86' lang='lat' dir='ltr'><strong>ipsos</strong></span> <span class='ocrx_word' id='word_1_673' title='bbox 991 4823 1211 4879; x_wconf 88' lang='lat' dir='ltr'><strong>quoque</strong></span> <span class='ocrx_word' id='word_1_674' title='bbox 1238 4819 1457 4865; x_wconf 87' lang='lat' dir='ltr'><strong>sanctos</strong></span> <span class='ocrx_word' id='word_1_675' title='bbox 1482 4812 1535 4863; x_wconf 90' lang='lat' dir='ltr'><strong>in</strong></span> <span class='ocrx_word' id='word_1_676' title='bbox 1558 4812 2086 4881; x_wconf 82' lang='lat' dir='ltr'><strong>consanguineorum</strong></span> 
     </span>
    </p>
   </div>
   <div class='ocr_carea' id='block_1_93' title="bbox 526 4899 2085 4972">
    <p class='ocr_par' dir='ltr' id='par_1_93' title="bbox 526 4899 2085 4972">
     <span class='ocr_line' id='line_1_93' title="bbox 526 4899 2085 4972; baseline 0.003 -19"><span class='ocrx_word' id='word_1_677' title='bbox 526 4902 714 4956; x_wconf 88' lang='lat' dir='ltr'><strong>dolore</strong></span> <span class='ocrx_word' id='word_1_678' title='bbox 765 4908 1072 4955; x_wconf 89' lang='lat' dir='ltr'><strong>commotos</strong></span> <span class='ocrx_word' id='word_1_679' title='bbox 1123 4899 1312 4966; x_wconf 88' lang='lat' dir='ltr'><strong>fuisse,</strong></span> <span class='ocrx_word' id='word_1_680' title='bbox 1351 4902 1699 4971; x_wconf 88' lang='lat' dir='ltr'><strong>calentesque</strong></span> <span class='ocrx_word' id='word_1_681' title='bbox 1737 4902 2001 4972; x_wconf 84' lang='lat' dir='ltr'><strong>lacrymas</strong></span> <span class='ocrx_word' id='word_1_682' title='bbox 2034 4903 2085 4957; x_wconf 93' lang='lat' dir='ltr'><strong>in</strong></span> 
     </span>
    </p>
   </div>
   <div class='ocr_carea' id='block_1_94' title="bbox 528 4992 2085 5058">
    <p class='ocr_par' dir='ltr' id='par_1_94' title="bbox 528 4992 2085 5058">
     <span class='ocr_line' id='line_1_94' title="bbox 528 4992 2085 5058; baseline 0.001 -12"><span class='ocrx_word' id='word_1_683' title='bbox 528 5009 718 5047; x_wconf 89' lang='lat' dir='ltr'><strong>eorum</strong></span> <span class='ocrx_word' id='word_1_684' title='bbox 778 5007 1005 5047; x_wconf 84' lang='lat' dir='ltr'><strong>excessu</strong></span> <span class='ocrx_word' id='word_1_685' title='bbox 1066 4992 1306 5057; x_wconf 86' lang='lat' dir='ltr'><strong>fudisse;</strong></span> <span class='ocrx_word' id='word_1_686' title='bbox 1358 5008 1465 5046; x_wconf 93' lang='lat' dir='ltr'><strong>non</strong></span> <span class='ocrx_word' id='word_1_687' title='bbox 1518 4992 1757 5047; x_wconf 85' lang='lat' dir='ltr'><strong>alienum</strong></span> <span class='ocrx_word' id='word_1_688' title='bbox 1814 4993 2085 5058; x_wconf 90' lang='lat' dir='ltr'><strong>ducimus,</strong></span> 
     </span>
    </p>
   </div>
   <div class='ocr_carea' id='block_1_95' title="bbox 530 5084 2088 5155">
    <p class='ocr_par' dir='ltr' id='par_1_95' title="bbox 530 5084 2088 5155">
     <span class='ocr_line' id='line_1_95' title="bbox 530 5084 2088 5155; baseline 0 -16"><span class='ocrx_word' id='word_1_689' title='bbox 530 5086 669 5140; x_wconf 90' lang='lat' dir='ltr'><strong>idem</strong></span> <span class='ocrx_word' id='word_1_690' title='bbox 708 5087 883 5155; x_wconf 90' lang='lat' dir='ltr'><strong>ipsum</strong></span> <span class='ocrx_word' id='word_1_691' title='bbox 935 5084 1093 5138; x_wconf 88' lang='lat' dir='ltr'><strong>nobis</strong></span> <span class='ocrx_word' id='word_1_692' title='bbox 1126 5084 1439 5154; x_wconf 88' lang='lat' dir='ltr'><strong>contigisse,</strong></span> <span class='ocrx_word' id='word_1_693' title='bbox 1469 5100 1533 5139; x_wconf 88' lang='lat' dir='ltr'><strong>ac</strong></span> <span class='ocrx_word' id='word_1_694' title='bbox 1577 5086 1869 5153; x_wconf 71' lang='lat' dir='ltr'><strong>prazsertini</strong></span> <span class='ocrx_word' id='word_1_695' title='bbox 1902 5084 2088 5139; x_wconf 89' lang='lat' dir='ltr'><strong>fratris</strong></span> 
     </span>
    </p>
   </div>
   <div class='ocr_carea' id='block_1_96' title="bbox 528 5175 2091 5246">
    <p class='ocr_par' dir='ltr' id='par_1_96' title="bbox 528 5175 2091 5246">
     <span class='ocr_line' id='line_1_96' title="bbox 528 5175 2091 5246; baseline -0.001 -14"><span class='ocrx_word' id='word_1_696' title='bbox 528 5192 729 5239; x_wconf 82' lang='lat' dir='ltr'><strong>causa,</strong></span> <span class='ocrx_word' id='word_1_697' title='bbox 794 5175 1086 5245; x_wconf 89' lang='lat' dir='ltr'><strong>fratrisque</strong></span> <span class='ocrx_word' id='word_1_698' title='bbox 1146 5176 1431 5244; x_wconf 87' lang='lat' dir='ltr'><strong>prudentia</strong></span> <span class='ocrx_word' id='word_1_699' title='bbox 1490 5186 1545 5229; x_wconf 91' lang='lat' dir='ltr'><strong>et</strong></span> <span class='ocrx_word' id='word_1_700' title='bbox 1606 5177 2091 5246; x_wconf 88' lang='lat' dir='ltr'><strong>circumspectione</strong></span> 
     </span>
    </p>
   </div>
   <div class='ocr_carea' id='block_1_97' title="bbox 529 5268 2089 5340">
    <p class='ocr_par' dir='ltr' id='par_1_97' title="bbox 529 5268 2089 5340">
     <span class='ocr_line' id='line_1_97' title="bbox 529 5268 2089 5340; baseline 0.001 -17"><span class='ocrx_word' id='word_1_701' title='bbox 529 5268 982 5340; x_wconf 75' lang='lat' dir='ltr'><strong>prtestantissimi,</strong></span> <span class='ocrx_word' id='word_1_702' title='bbox 1038 5279 1093 5322; x_wconf 89' lang='lat' dir='ltr'><strong>et</strong></span> <span class='ocrx_word' id='word_1_703' title='bbox 1145 5269 1237 5337; x_wconf 92' lang='lat' dir='ltr'><strong>qui</strong></span> <span class='ocrx_word' id='word_1_704' title='bbox 1304 5269 1450 5322; x_wconf 87' lang='lat' dir='ltr'><strong>velut</strong></span> <span class='ocrx_word' id='word_1_705' title='bbox 1517 5268 1685 5338; x_wconf 87' lang='lat' dir='ltr'><strong>patris</strong></span> <span class='ocrx_word' id='word_1_706' title='bbox 1726 5270 1847 5324; x_wconf 93' lang='lat' dir='ltr'><strong>loco</strong></span> <span class='ocrx_word' id='word_1_707' title='bbox 1892 5279 2089 5325; x_wconf 59' lang='lat' dir='ltr'><strong>nostra:</strong></span> 
     </span>
    </p>
   </div>
   <div class='ocr_carea' id='block_1_98' title="bbox 529 5362 2089 5434">
    <p class='ocr_par' dir='ltr' id='par_1_98' title="bbox 529 5362 2089 5434">
     <span class='ocr_line' id='line_1_98' title="bbox 529 5362 2089 5434; baseline -0.001 -14"><span class='ocrx_word' id='word_1_708' title='bbox 529 5381 656 5434; x_wconf 88' lang='lat' dir='ltr'><strong>erga</strong></span> <span class='ocrx_word' id='word_1_709' title='bbox 712 5379 809 5419; x_wconf 83' lang='lat' dir='ltr'><strong>vos</strong></span> <span class='ocrx_word' id='word_1_710' title='bbox 848 5362 1233 5417; x_wconf 85' lang='lat' dir='ltr'><strong>sollicitudinis</strong></span> <span class='ocrx_word' id='word_1_711' title='bbox 1275 5363 1423 5417; x_wconf 86' lang='lat' dir='ltr'><strong>vices</strong></span> <span class='ocrx_word' id='word_1_712' title='bbox 1499 5364 1823 5418; x_wconf 81' lang='lat' dir='ltr'><strong>sustinebat.</strong></span> <span class='ocrx_word' id='word_1_713' title='bbox 1896 5364 2089 5419; x_wconf 76' lang='lat' dir='ltr'><strong>Gravis</strong></span> 
     </span>
    </p>
   </div>
   <div class='ocr_carea' id='block_1_99' title="bbox 531 5452 2089 5525">
    <p class='ocr_par' dir='ltr' id='par_1_99' title="bbox 531 5452 2089 5525">
     <span class='ocr_line' id='line_1_99' title="bbox 531 5452 2089 5525; baseline 0 -18"><span class='ocrx_word' id='word_1_714' title='bbox 531 5471 755 5522; x_wconf 82' lang='lat' dir='ltr'><strong>prorsus</strong></span> <span class='ocrx_word' id='word_1_715' title='bbox 788 5455 940 5507; x_wconf 89' lang='lat' dir='ltr'><strong>dolor</strong></span> <span class='ocrx_word' id='word_1_716' title='bbox 964 5494 978 5517; x_wconf 94' lang='lat'><strong>,</strong></span> <span class='ocrx_word' id='word_1_717' title='bbox 1017 5468 1171 5507; x_wconf 90' lang='lat' dir='ltr'><strong>soror</strong></span> <span class='ocrx_word' id='word_1_718' title='bbox 1209 5453 1263 5506; x_wconf 92' lang='lat' dir='ltr'><strong>in</strong></span> <span class='ocrx_word' id='word_1_719' title='bbox 1302 5452 1531 5508; x_wconf 88' lang='lat' dir='ltr'><strong>Domino</strong></span> <span class='ocrx_word' id='word_1_720' title='bbox 1556 5493 1571 5519; x_wconf 93' lang='lat'><strong>,</strong></span> <span class='ocrx_word' id='word_1_721' title='bbox 1620 5455 1776 5522; x_wconf 80' lang='lat' dir='ltr'><strong>cujus</strong></span> <span class='ocrx_word' id='word_1_722' title='bbox 1806 5456 1957 5525; x_wconf 84' lang='lat' dir='ltr'><strong>plaga</strong></span> <span class='ocrx_word' id='word_1_723' title='bbox 1994 5470 2089 5508; x_wconf 82' lang='lat' dir='ltr'><strong>cor</strong></span> 
     </span>
    </p>
   </div>
   <div class='ocr_carea' id='block_1_100' title="bbox 602 5565 1863 5637">
    <p class='ocr_par' dir='ltr' id='par_1_100' title="bbox 602 5565 1863 5637">
     <span class='ocr_line' id='line_1_100' title="bbox 602 5565 1863 5637; baseline 0.002 -16"><span class='ocrx_word' id='word_1_724' title='bbox 602 5571 646 5602; x_wconf 75' lang='grc'><strong>⁸⁸</strong></span> <span class='ocrx_word' id='word_1_725' title='bbox 681 5568 811 5623; x_wconf 83' lang='lat' dir='ltr'><strong>Vide</strong></span> <span class='ocrx_word' id='word_1_726' title='bbox 842 5583 1005 5637; x_wconf 81' lang='lat' dir='ltr'><strong>supra</strong></span> <span class='ocrx_word' id='word_1_727' title='bbox 1029 5568 1138 5623; x_wconf 91' lang='lat' dir='ltr'><strong>col.</strong></span> <span class='ocrx_word' id='word_1_728' title='bbox 1182 5565 1338 5624; x_wconf 78' lang='lat'><strong>1598.</strong></span> <span class='ocrx_word' id='word_1_729' title='bbox 1366 5569 1409 5602; x_wconf 74' lang='grc'><strong>⁸⁸</strong></span> <span class='ocrx_word' id='word_1_730' title='bbox 1444 5568 1481 5623; x_wconf 93' lang='lat' dir='ltr'><strong>ll</strong></span> <span class='ocrx_word' id='word_1_731' title='bbox 1510 5568 1650 5624; x_wconf 90' lang='lat' dir='ltr'><strong>Tim.</strong></span> <span class='ocrx_word' id='word_1_732' title='bbox 1678 5584 1738 5635; x_wconf 86' lang='lat' dir='ltr'><strong>ll,</strong></span> <span class='ocrx_word' id='word_1_733' title='bbox 1780 5570 1863 5624; x_wconf 84' lang='lat' dir='ltr'><strong>l9.</strong></span> 
     </span>
    </p>
   </div>
   <div class='ocr_carea' id='block_1_101' title="bbox 2194 4444 3761 4533">
    <p class='ocr_par' dir='ltr' id='par_1_101' title="bbox 2194 4444 3761 4533">
     <span class='ocr_line' id='line_1_101' title="bbox 2194 4444 3761 4533; baseline 0.014 -36"><span class='ocrx_word' id='word_1_734' title='bbox 2194 4444 2438 4499; x_wconf 76' lang='grc' dir='ltr'>ἐντεῦθεν</span> <span class='ocrx_word' id='word_1_735' title='bbox 2470 4450 2894 4520; x_wconf 79' lang='grc' dir='ltr'>ἐσταυρωμένοι,</span> <span class='ocrx_word' id='word_1_736' title='bbox 2925 4452 2998 4517; x_wconf 86' lang='grc' dir='ltr'>ὡς</span> <span class='ocrx_word' id='word_1_737' title='bbox 3029 4454 3126 4526; x_wconf 86' lang='grc' dir='ltr'><strong>ἡδη</strong></span> <span class='ocrx_word' id='word_1_738' title='bbox 3187 4455 3448 4529; x_wconf 85' lang='grc' dir='ltr'>ἀνώτεροι</span> <span class='ocrx_word' id='word_1_739' title='bbox 3472 4444 3761 4533; x_wconf 78' lang='grc' dir='ltr'>γενόμενοι</span> 
     </span>
    </p>
   </div>
   <div class='ocr_carea' id='block_1_102' title="bbox 2190 4536 3756 4622">
    <p class='ocr_par' dir='ltr' id='par_1_102' title="bbox 2190 4536 3756 4622">
     <span class='ocr_line' id='line_1_102' title="bbox 2190 4536 3756 4622; baseline 0.013 -34"><span class='ocrx_word' id='word_1_740' title='bbox 2190 4536 2300 4589; x_wconf 83' lang='grc' dir='ltr'><strong>τῶν</strong></span> <span class='ocrx_word' id='word_1_741' title='bbox 2324 4539 2596 4607; x_wconf 84' lang='grc' dir='ltr'>σαρκικῶν</span> <span class='ocrx_word' id='word_1_742' title='bbox 2622 4543 2859 4611; x_wconf 87' lang='grc' dir='ltr'>σχέσεων</span> <span class='ocrx_word' id='word_1_743' title='bbox 2902 4546 2996 4598; x_wconf 80' lang='grc' dir='ltr'>καὶ</span> <span class='ocrx_word' id='word_1_744' title='bbox 3023 4547 3363 4617; x_wconf 88' lang='grc' dir='ltr'>συμϐάσεων,</span> <span class='ocrx_word' id='word_1_745' title='bbox 3389 4552 3451 4603; x_wconf 85' lang='grc' dir='ltr'><strong>ού</strong></span> <span class='ocrx_word' id='word_1_746' title='bbox 3475 4554 3756 4622; x_wconf 74' lang='grc' dir='ltr'>πεφύκασι</span> 
     </span>
    </p>
   </div>
   <div class='ocr_carea' id='block_1_103' title="bbox 2195 4629 3755 4713">
    <p class='ocr_par' dir='ltr' id='par_1_103' title="bbox 2195 4629 3755 4713">
     <span class='ocr_line' id='line_1_103' title="bbox 2195 4629 3755 4713; baseline 0.013 -33"><span class='ocrx_word' id='word_1_747' title='bbox 2195 4629 2651 4698; x_wconf 84' lang='grc' dir='ltr'>κατακάμπεσθαι</span> <span class='ocrx_word' id='word_1_748' title='bbox 2686 4635 2743 4685; x_wconf 80' lang='grc' dir='ltr'><strong>ἐν</strong></span> <span class='ocrx_word' id='word_1_749' title='bbox 2784 4638 2906 4699; x_wconf 85' lang='grc' dir='ltr'>ταῖς</span> <span class='ocrx_word' id='word_1_750' title='bbox 2935 4638 3296 4707; x_wconf 85' lang='grc' dir='ltr'>συμϐατικαίς</span> <span class='ocrx_word' id='word_1_751' title='bbox 3336 4643 3445 4695; x_wconf 89' lang='grc' dir='ltr'><strong>τῶν</strong></span> <span class='ocrx_word' id='word_1_752' title='bbox 3474 4648 3755 4713; x_wconf 76' lang='grc' dir='ltr'>συγγενῶν</span> 
     </span>
    </p>
   </div>
   <div class='ocr_carea' id='block_1_104' title="bbox 2194 4723 3757 4798">
    <p class='ocr_par' dir='ltr' id='par_1_104' title="bbox 2194 4723 3757 4798">
     <span class='ocr_line' id='line_1_104' title="bbox 2194 4723 3757 4798; baseline 0.014 -26"><span class='ocrx_word' id='word_1_753' title='bbox 2194 4723 2599 4790; x_wconf 83' lang='grc' dir='ltr'>περιστάσεσιν,</span> <span class='ocrx_word' id='word_1_754' title='bbox 2641 4727 2761 4779; x_wconf 78' lang='grc' dir='ltr'><strong>οὐδὲ</strong></span> <span class='ocrx_word' id='word_1_755' title='bbox 2788 4729 3075 4783; x_wconf 85' lang='grc' dir='ltr'>λυπεῖσθαι</span> <span class='ocrx_word' id='word_1_756' title='bbox 3131 4733 3189 4785; x_wconf 86' lang='grc' dir='ltr'>ὲν</span> <span class='ocrx_word' id='word_1_757' title='bbox 3221 4737 3341 4798; x_wconf 78' lang='grc' dir='ltr'>ταῖς</span> <span class='ocrx_word' id='word_1_758' title='bbox 3374 4739 3579 4791; x_wconf 83' lang='grc' dir='ltr'>τούτων</span> <span class='ocrx_word' id='word_1_759' title='bbox 3615 4740 3757 4793; x_wconf 79' lang='grc' dir='ltr'>ἀπο-</span> 
     </span>
    </p>
   </div>
   <div class='ocr_carea' id='block_1_105' title="bbox 2190 4812 3754 4892">
    <p class='ocr_par' dir='ltr' id='par_1_105' title="bbox 2190 4812 3754 4892">
     <span class='ocr_line' id='line_1_105' title="bbox 2190 4812 3754 4892; baseline 0.015 -28"><span class='ocrx_word' id='word_1_760' title='bbox 2190 4812 2472 4869; x_wconf 82' lang='grc' dir='ltr'>ϐιώσεσιν.</span> <span class='ocrx_word' id='word_1_761' title='bbox 2516 4816 2655 4869; x_wconf 78' lang='grc' dir='ltr'><strong>Ἀλλ’</strong></span> <span class='ocrx_word' id='word_1_762' title='bbox 2688 4820 2872 4891; x_wconf 78' lang='grc' dir='ltr'>ἐπειδὴ</span> <span class='ocrx_word' id='word_1_763' title='bbox 2901 4822 3231 4892; x_wconf 77' lang='grc' dir='ltr'>εὑρίσκομεν</span> <span class='ocrx_word' id='word_1_764' title='bbox 3252 4866 3265 4889; x_wconf 93' lang='grc'><strong>,</strong></span> <span class='ocrx_word' id='word_1_765' title='bbox 3298 4833 3392 4879; x_wconf 80' lang='grc' dir='ltr'><strong>καὶ</strong></span> <span class='ocrx_word' id='word_1_766' title='bbox 3447 4830 3534 4882; x_wconf 78' lang='grc' dir='ltr'><strong>ἐπ’</strong></span> <span class='ocrx_word' id='word_1_767' title='bbox 3568 4833 3754 4888; x_wconf 77' lang='grc' dir='ltr'>αὐτῶν</span> 
     </span>
    </p>
   </div>
   <div class='ocr_carea' id='block_1_106' title="bbox 2186 4904 3757 4984">
    <p class='ocr_par' dir='ltr' id='par_1_106' title="bbox 2186 4904 3757 4984">
     <span class='ocr_line' id='line_1_106' title="bbox 2186 4904 3757 4984; baseline 0.014 -29"><span class='ocrx_word' id='word_1_768' title='bbox 2186 4904 2294 4956; x_wconf 86' lang='grc' dir='ltr'><strong>τῶν</strong></span> <span class='ocrx_word' id='word_1_769' title='bbox 2316 4905 2485 4973; x_wconf 81' lang='grc' dir='ltr'>ἁγίων</span> <span class='ocrx_word' id='word_1_770' title='bbox 2507 4907 2821 4977; x_wconf 78' lang='grc' dir='ltr'>κεκάμφθαι</span> <span class='ocrx_word' id='word_1_771' title='bbox 2845 4912 2901 4964; x_wconf 82' lang='grc' dir='ltr'>ἐν</span> <span class='ocrx_word' id='word_1_772' title='bbox 2926 4911 3002 4980; x_wconf 86' lang='grc' dir='ltr'>τῷ</span> <span class='ocrx_word' id='word_1_773' title='bbox 3019 4912 3126 4964; x_wconf 89' lang='grc' dir='ltr'><strong>τῶν</strong></span> <span class='ocrx_word' id='word_1_774' title='bbox 3150 4917 3427 4984; x_wconf 87' lang='grc' dir='ltr'>συναίμων</span> <span class='ocrx_word' id='word_1_775' title='bbox 3454 4920 3638 4981; x_wconf 82' lang='grc' dir='ltr'>πάθει,</span> <span class='ocrx_word' id='word_1_776' title='bbox 3657 4926 3757 4976; x_wconf 83' lang='grc' dir='ltr'>καὶ</span> 
     </span>
    </p>
   </div>
   <div class='ocr_carea' id='block_1_107' title="bbox 2188 4995 3755 5072">
    <p class='ocr_par' dir='ltr' id='par_1_107' title="bbox 2188 4995 3755 5072">
     <span class='ocr_line' id='line_1_107' title="bbox 2188 4995 3755 5072; baseline 0.012 -24"><span class='ocrx_word' id='word_1_777' title='bbox 2188 4995 2421 5065; x_wconf 86' lang='grc' dir='ltr'>δάκρυον</span> <span class='ocrx_word' id='word_1_778' title='bbox 2449 4997 2774 5064; x_wconf 77' lang='grc' dir='ltr'>ἀποστάζειν</span> <span class='ocrx_word' id='word_1_779' title='bbox 2802 5001 3001 5072; x_wconf 86' lang='grc' dir='ltr'>θερμὸν</span> <span class='ocrx_word' id='word_1_780' title='bbox 3027 5007 3083 5058; x_wconf 79' lang='grc' dir='ltr'>ὲν</span> <span class='ocrx_word' id='word_1_781' title='bbox 3109 5008 3228 5070; x_wconf 75' lang='grc' dir='ltr'>ταῖς</span> <span class='ocrx_word' id='word_1_782' title='bbox 3258 5009 3462 5062; x_wconf 87' lang='grc' dir='ltr'>τούτων</span> <span class='ocrx_word' id='word_1_783' title='bbox 3495 5005 3755 5067; x_wconf 77' lang='grc' dir='ltr'>ἀποϐιώ-</span> 
     </span>
    </p>
   </div>
   <div class='ocr_carea' id='block_1_108' title="bbox 2192 5089 3753 5169">
    <p class='ocr_par' dir='ltr' id='par_1_108' title="bbox 2192 5089 3753 5169">
     <span class='ocr_line' id='line_1_108' title="bbox 2192 5089 3753 5169; baseline 0.012 -30"><span class='ocrx_word' id='word_1_784' title='bbox 2192 5104 2341 5140; x_wconf 87' lang='grc' dir='ltr'>σεσιν</span> <span class='ocrx_word' id='word_1_785' title='bbox 2361 5104 2375 5119; x_wconf 81' lang='lat'><strong><em>°</em></strong></span> <span class='ocrx_word' id='word_1_786' title='bbox 2402 5089 2461 5142; x_wconf 84' lang='grc' dir='ltr'>οὐ</span> <span class='ocrx_word' id='word_1_787' title='bbox 2502 5089 2653 5154; x_wconf 83' lang='grc' dir='ltr'>ξένον</span> <span class='ocrx_word' id='word_1_788' title='bbox 2695 5108 2749 5144; x_wconf 90' lang='grc' dir='ltr'><strong>τι</strong></span> <span class='ocrx_word' id='word_1_789' title='bbox 2790 5094 3043 5165; x_wconf 84' lang='grc' dir='ltr'>κρίνομεν</span> <span class='ocrx_word' id='word_1_790' title='bbox 3068 5098 3165 5151; x_wconf 73' lang='grc' dir='ltr'>καὶ</span> <span class='ocrx_word' id='word_1_791' title='bbox 3202 5101 3358 5169; x_wconf 81' lang='grc' dir='ltr'>ἡμεῖς</span> <span class='ocrx_word' id='word_1_792' title='bbox 3389 5102 3457 5154; x_wconf 83' lang='grc' dir='ltr'>τὰ</span> <span class='ocrx_word' id='word_1_793' title='bbox 3484 5104 3627 5157; x_wconf 79' lang='grc' dir='ltr'>αὐτὰ</span> <span class='ocrx_word' id='word_1_794' title='bbox 3656 5122 3753 5158; x_wconf 80' lang='grc' dir='ltr'>πε-</span> 
     </span>
    </p>
   </div>
   <div class='ocr_carea' id='block_1_109' title="bbox 2189 5178 3756 5263">
    <p class='ocr_par' dir='ltr' id='par_1_109' title="bbox 2189 5178 3756 5263">
     <span class='ocr_line' id='line_1_109' title="bbox 2189 5178 3756 5263; baseline 0.013 -33"><span class='ocrx_word' id='word_1_795' title='bbox 2189 5178 2463 5245; x_wconf 84' lang='grc' dir='ltr'>πονθέναι,</span> <span class='ocrx_word' id='word_1_796' title='bbox 2488 5183 2581 5235; x_wconf 85' lang='grc' dir='ltr'><strong>καὶ</strong></span> <span class='ocrx_word' id='word_1_797' title='bbox 2612 5182 2847 5251; x_wconf 90' lang='grc' dir='ltr'>μάλιστα</span> <span class='ocrx_word' id='word_1_798' title='bbox 2872 5187 2962 5239; x_wconf 80' lang='grc' dir='ltr'>ἐπὶ</span> <span class='ocrx_word' id='word_1_799' title='bbox 2995 5187 3224 5259; x_wconf 82' lang='grc' dir='ltr'>ἀδελφῷ,</span> <span class='ocrx_word' id='word_1_800' title='bbox 3251 5192 3346 5244; x_wconf 77' lang='grc' dir='ltr'><strong>καὶ</strong></span> <span class='ocrx_word' id='word_1_801' title='bbox 3377 5192 3592 5263; x_wconf 78' lang='grc' dir='ltr'>ἀδελφῷ</span> <span class='ocrx_word' id='word_1_802' title='bbox 3611 5198 3756 5250; x_wconf 78' lang='grc' dir='ltr'>κατά</span> 
     </span>
    </p>
   </div>
   <div class='ocr_carea' id='block_1_110' title="bbox 2189 5274 3753 5354">
    <p class='ocr_par' dir='ltr' id='par_1_110' title="bbox 2189 5274 3753 5354">
     <span class='ocr_line' id='line_1_110' title="bbox 2189 5274 3753 5354; baseline 0.012 -31"><span class='ocrx_word' id='word_1_803' title='bbox 2189 5288 2248 5323; x_wconf 90' lang='grc' dir='ltr'><strong>τε</strong></span> <span class='ocrx_word' id='word_1_804' title='bbox 2281 5274 2539 5343; x_wconf 79' lang='grc' dir='ltr'>φρόνησιν</span> <span class='ocrx_word' id='word_1_805' title='bbox 2570 5276 2664 5329; x_wconf 73' lang='grc' dir='ltr'><strong>καὶ</strong></span> <span class='ocrx_word' id='word_1_806' title='bbox 2686 5278 3040 5349; x_wconf 82' lang='grc' dir='ltr'>περιφάνειαν</span> <span class='ocrx_word' id='word_1_807' title='bbox 3071 5281 3375 5354; x_wconf 74' lang='grc' dir='ltr'>καλλίστῳ,</span> <span class='ocrx_word' id='word_1_808' title='bbox 3415 5286 3509 5339; x_wconf 76' lang='grc' dir='ltr'>καὶ</span> <span class='ocrx_word' id='word_1_809' title='bbox 3542 5281 3658 5341; x_wconf 73' lang='grc' dir='ltr'>οἷον</span> <span class='ocrx_word' id='word_1_810' title='bbox 3696 5292 3753 5343; x_wconf 79' lang='grc' dir='ltr'>ὲν</span> 
     </span>
    </p>
   </div>
   <div class='ocr_carea' id='block_1_111' title="bbox 2189 5359 3753 5446">
    <p class='ocr_par' dir='ltr' id='par_1_111' title="bbox 2189 5359 3753 5446">
     <span class='ocr_line' id='line_1_111' title="bbox 2189 5359 3753 5446; baseline 0.013 -34"><span class='ocrx_word' id='word_1_811' title='bbox 2189 5359 2341 5425; x_wconf 81' lang='grc' dir='ltr'>τάξει</span> <span class='ocrx_word' id='word_1_812' title='bbox 2375 5365 2579 5434; x_wconf 80' lang='grc' dir='ltr'>πατρὸς</span> <span class='ocrx_word' id='word_1_813' title='bbox 2612 5366 2859 5437; x_wconf 73' lang='grc' dir='ltr'>ἐπέχοντι</span> <span class='ocrx_word' id='word_1_814' title='bbox 2907 5370 3005 5439; x_wconf 85' lang='grc' dir='ltr'><strong>τῆς</strong></span> <span class='ocrx_word' id='word_1_815' title='bbox 3041 5371 3163 5424; x_wconf 84' lang='grc' dir='ltr'>καθ’</span> <span class='ocrx_word' id='word_1_816' title='bbox 3186 5373 3328 5441; x_wconf 69' lang='grc' dir='ltr'>ὑμᾶς</span> <span class='ocrx_word' id='word_1_817' title='bbox 3351 5377 3631 5446; x_wconf 78' lang='grc' dir='ltr'>φροντίδος</span> <span class='ocrx_word' id='word_1_818' title='bbox 3660 5379 3753 5433; x_wconf 73' lang='grc' dir='ltr'>τὸν</span> 
     </span>
    </p>
   </div>
   <div class='ocr_carea' id='block_1_112' title="bbox 2190 5450 3747 5541">
    <p class='ocr_par' dir='ltr' id='par_1_112' title="bbox 2190 5450 3747 5541">
     <span class='ocr_line' id='line_1_112' title="bbox 2190 5450 3747 5541; baseline 0.012 -37"><span class='ocrx_word' id='word_1_819' title='bbox 2190 5450 2363 5521; x_wconf 74' lang='grc' dir='ltr'>λόγον.</span> <span class='ocrx_word' id='word_1_820' title='bbox 2398 5458 2576 5510; x_wconf 74' lang='grc' dir='ltr'>Δεινίιν</span> <span class='ocrx_word' id='word_1_821' title='bbox 2604 5457 2773 5523; x_wconf 76' lang='grc' dir='ltr'>ὅντως</span> <span class='ocrx_word' id='word_1_822' title='bbox 2830 5462 2891 5515; x_wconf 87' lang='grc' dir='ltr'><strong>τὸ</strong></span> <span class='ocrx_word' id='word_1_823' title='bbox 2925 5461 3113 5531; x_wconf 85' lang='grc' dir='ltr'>πάθος,</span> <span class='ocrx_word' id='word_1_824' title='bbox 3149 5464 3347 5537; x_wconf 81' lang='grc' dir='ltr'>ἀδελφὴ</span> <span class='ocrx_word' id='word_1_825' title='bbox 3403 5469 3462 5520; x_wconf 76' lang='grc' dir='ltr'>ὲν</span> <span class='ocrx_word' id='word_1_826' title='bbox 3523 5469 3747 5541; x_wconf 73' lang='grc' dir='ltr'>Κυρίῳ,</span> 
     </span>
    </p>
   </div>
   <div class='ocr_carea' id='block_1_113' title="bbox 2032 5660 2259 5715">
    <p class='ocr_par' dir='ltr' id='par_1_113' title="bbox 2032 5660 2259 5715">
     <span class='ocr_line' id='line_1_113' title="bbox 2032 5660 2259 5715; baseline 0 0"><span class='ocrx_word' id='word_1_827' title='bbox 2032 5660 2259 5715; x_wconf 59' lang='lat' dir='ltr'><strong>NOTAE.</strong></span> 
     </span>
    </p>
   </div>
   <div class='ocr_carea' id='block_1_114' title="bbox 598 5751 1197 5824">
    <p class='ocr_par' dir='ltr' id='par_1_114' title="bbox 598 5751 1197 5824">
     <span class='ocr_line' id='line_1_114' title="bbox 598 5751 1197 5824; baseline -0.003 -17"><span class='ocrx_word' id='word_1_828' title='bbox 598 5753 675 5824; x_wconf 83' lang='grc' dir='ltr'><strong>(ι)</strong></span> <span class='ocrx_word' id='word_1_829' title='bbox 713 5754 769 5807; x_wconf 91' lang='lat' dir='ltr'><strong>ln</strong></span> <span class='ocrx_word' id='word_1_830' title='bbox 795 5752 916 5807; x_wconf 89' lang='lat' dir='ltr'><strong>cod.</strong></span> <span class='ocrx_word' id='word_1_831' title='bbox 943 5752 1075 5823; x_wconf 81' lang='lat' dir='ltr'><strong>Reg.</strong></span> <span class='ocrx_word' id='word_1_832' title='bbox 1102 5751 1197 5805; x_wconf 88' lang='grc' dir='ltr'>σθ’.</span> 
     </span>
    </p>
   </div>
  </div>
