  <div class='ocr_page' id='page_1' title='image "/cluster/home/n/w/nwhite01/storage/ocr_20150623/99/ien.35556001661347/822.png"; bbox 0 0 3966 6512; ppageno 0'>
   <div class='ocr_carea' id='block_1_1' title="bbox 235 457 364 522">
    <p class='ocr_par' dir='ltr' id='par_1_1' title="bbox 235 457 364 522">
     <span class='ocr_line' id='line_1_1' title="bbox 235 457 364 522; baseline 0.023 -3"><span class='ocrx_word' id='word_1_1' title='bbox 235 457 364 522; x_wconf 85' lang='grc'><strong>1625</strong></span> 
     </span>
    </p>
   </div>
   <div class='ocr_carea' id='block_1_2' title="bbox 1403 446 2273 510">
    <p class='ocr_par' dir='ltr' id='par_1_2' title="bbox 1403 446 2273 510">
     <span class='ocr_line' id='line_1_2' title="bbox 1403 446 2273 510; baseline -0.003 -1"><span class='ocrx_word' id='word_1_2' title='bbox 1403 447 1941 510; x_wconf 77' lang='lat' dir='ltr'><strong>EPISTULARUM</strong></span> <span class='ocrx_word' id='word_1_3' title='bbox 1996 446 2140 508; x_wconf 72' lang='lat' dir='ltr'><strong>LIB.</strong></span> <span class='ocrx_word' id='word_1_4' title='bbox 2191 449 2273 510; x_wconf 82' lang='lat' dir='ltr'><strong>ll.</strong></span> 
     </span>
    </p>
   </div>
   <div class='ocr_carea' id='block_1_3' title="bbox 3318 449 3454 512">
    <p class='ocr_par' dir='ltr' id='par_1_3' title="bbox 3318 449 3454 512">
     <span class='ocr_line' id='line_1_3' title="bbox 3318 449 3454 512; baseline 0 -1"><span class='ocrx_word' id='word_1_5' title='bbox 3318 449 3454 512; x_wconf 66' lang='grc'><strong>1696</strong></span> 
     </span>
    </p>
   </div>
   <div class='ocr_carea' id='block_1_4' title="bbox 229 553 1801 634">
    <p class='ocr_par' dir='ltr' id='par_1_4' title="bbox 229 557 1787 634">
     <span class='ocr_line' id='line_1_4' title="bbox 229 557 1787 634; baseline -0.006 -17"><span class='ocrx_word' id='word_1_6' title='bbox 229 565 318 617; x_wconf 78' lang='grc' dir='ltr'>καὶ</span> <span class='ocrx_word' id='word_1_7' title='bbox 346 563 521 634; x_wconf 70' lang='grc' dir='ltr'>ἥψατο</span> <span class='ocrx_word' id='word_1_8' title='bbox 574 559 729 632; x_wconf 85' lang='grc' dir='ltr'>ὑμῶν</span> <span class='ocrx_word' id='word_1_9' title='bbox 765 558 859 630; x_wconf 83' lang='grc' dir='ltr'>τῆς</span> <span class='ocrx_word' id='word_1_10' title='bbox 923 557 1150 626; x_wconf 78' lang='grc' dir='ltr'><strong>καρδίας</strong></span> <span class='ocrx_word' id='word_1_11' title='bbox 1201 557 1234 627; x_wconf 80' lang='grc' dir='ltr'><strong>ἡ</strong></span> <span class='ocrx_word' id='word_1_12' title='bbox 1296 557 1484 628; x_wconf 82' lang='grc' dir='ltr'>πληγὴ</span> <span class='ocrx_word' id='word_1_13' title='bbox 1530 557 1787 626; x_wconf 87' lang='grc' dir='ltr'>καθάπερ</span> 
     </span>
    </p>
   </div>
   <div class='ocr_carea' id='block_1_5' title="bbox 1904 553 3458 634">
    <p class='ocr_par' dir='ltr' id='par_1_5' title="bbox 1904 553 3458 626">
     <span class='ocr_line' id='line_1_5' title="bbox 1904 553 3458 626; baseline 0.003 -16"><span class='ocrx_word' id='word_1_14' title='bbox 1904 567 2150 621; x_wconf 78' lang='lat' dir='ltr'><strong>vestrum,</strong></span> <span class='ocrx_word' id='word_1_15' title='bbox 2188 554 2347 626; x_wconf 88' lang='lat' dir='ltr'><strong>quasi</strong></span> <span class='ocrx_word' id='word_1_16' title='bbox 2388 553 2568 624; x_wconf 80' lang='lat' dir='ltr'><strong>gladio</strong></span> <span class='ocrx_word' id='word_1_17' title='bbox 2608 554 2855 621; x_wconf 90' lang='lat' dir='ltr'><strong>feriente,</strong></span> <span class='ocrx_word' id='word_1_18' title='bbox 2885 556 3136 626; x_wconf 98' lang='lat' dir='ltr'><strong>perculit.</strong></span> <span class='ocrx_word' id='word_1_19' title='bbox 3177 556 3319 623; x_wconf 83' lang='lat' dir='ltr'><strong>Quid</strong></span> <span class='ocrx_word' id='word_1_20' title='bbox 3352 561 3458 615; x_wconf 88' lang='lat' dir='ltr'><strong>hoc</strong></span> 
     </span>
    </p>
   </div>
   <div class='ocr_carea' id='block_1_6' title="bbox 230 646 1785 724">
    <p class='ocr_par' dir='ltr' id='par_1_6' title="bbox 230 646 1785 724">
     <span class='ocr_line' id='line_1_6' title="bbox 230 646 1785 724; baseline -0.007 -17"><span class='ocrx_word' id='word_1_21' title='bbox 230 654 326 707; x_wconf 80' lang='grc' dir='ltr'>ὑπὸ</span> <span class='ocrx_word' id='word_1_22' title='bbox 372 650 648 724; x_wconf 76' lang='grc' dir='ltr'><strong>μαχαίρας</strong></span> <span class='ocrx_word' id='word_1_23' title='bbox 697 648 1024 719; x_wconf 87' lang='grc' dir='ltr'>τεμνούσης.</span> <span class='ocrx_word' id='word_1_24' title='bbox 1064 648 1128 699; x_wconf 91' lang='grc' dir='ltr'>Τί</span> <span class='ocrx_word' id='word_1_25' title='bbox 1159 646 1351 710; x_wconf 85' lang='grc' dir='ltr'>τοῦτο;</span> <span class='ocrx_word' id='word_1_26' title='bbox 1417 646 1785 700; x_wconf 69' lang='grc' dir='ltr'>ἑκκαλυπτέον</span> 
     </span>
    </p>
   </div>
   <div class='ocr_carea' id='block_1_7' title="bbox 228 733 1786 813">
    <p class='ocr_par' dir='ltr' id='par_1_7' title="bbox 228 733 1786 813">
     <span class='ocr_line' id='line_1_7' title="bbox 228 733 1786 813; baseline -0.008 -16"><span class='ocrx_word' id='word_1_27' title='bbox 228 747 329 812; x_wconf 85' lang='grc' dir='ltr'>γὰρ</span> <span class='ocrx_word' id='word_1_28' title='bbox 374 743 435 795; x_wconf 80' lang='grc' dir='ltr'>τὸ</span> <span class='ocrx_word' id='word_1_29' title='bbox 477 741 788 813; x_wconf 86' lang='grc' dir='ltr'>πρόσωπον.</span> <span class='ocrx_word' id='word_1_30' title='bbox 833 738 892 790; x_wconf 89' lang='lat'><strong>&#39;0</strong></span> <span class='ocrx_word' id='word_1_31' title='bbox 939 735 1127 806; x_wconf 90' lang='grc' dir='ltr'>κύριος</span> <span class='ocrx_word' id='word_1_32' title='bbox 1156 738 1184 789; x_wconf 82' lang='grc' dir='ltr'>ὁ</span> <span class='ocrx_word' id='word_1_33' title='bbox 1218 736 1462 803; x_wconf 79' lang='grc' dir='ltr'>ἀδελφὸς,</span> <span class='ocrx_word' id='word_1_34' title='bbox 1496 735 1571 797; x_wconf 87' lang='grc' dir='ltr'>ὡς</span> <span class='ocrx_word' id='word_1_35' title='bbox 1631 733 1786 802; x_wconf 72' lang='grc' dir='ltr'>φασὶ,</span> 
     </span>
    </p>
   </div>
   <div class='ocr_carea' id='block_1_8' title="bbox 228 824 1789 903">
    <p class='ocr_par' dir='ltr' id='par_1_8' title="bbox 228 824 1789 903">
     <span class='ocr_line' id='line_1_8' title="bbox 228 824 1789 903; baseline -0.006 -17"><span class='ocrx_word' id='word_1_36' title='bbox 228 834 566 903; x_wconf 80' lang='grc' dir='ltr'>κεκοίμηται.</span> <span class='ocrx_word' id='word_1_37' title='bbox 601 832 794 901; x_wconf 84' lang='grc' dir='ltr'>ᾯχετο</span> <span class='ocrx_word' id='word_1_38' title='bbox 823 828 961 898; x_wconf 84' lang='grc' dir='ltr'>ἀνὴρ</span> <span class='ocrx_word' id='word_1_39' title='bbox 999 828 1220 895; x_wconf 83' lang='grc' dir='ltr'>ἀγαθὸς,</span> <span class='ocrx_word' id='word_1_40' title='bbox 1265 826 1496 896; x_wconf 76' lang='grc' dir='ltr'>ἐσϐέσθη</span> <span class='ocrx_word' id='word_1_41' title='bbox 1526 828 1554 879; x_wconf 83' lang='grc' dir='ltr'>ὁ</span> <span class='ocrx_word' id='word_1_42' title='bbox 1596 824 1789 893; x_wconf 72' lang='grc' dir='ltr'>ὀφθαλ-</span> 
     </span>
    </p>
   </div>
   <div class='ocr_carea' id='block_1_9' title="bbox 228 915 1788 994">
    <p class='ocr_par' dir='ltr' id='par_1_9' title="bbox 228 915 1788 994">
     <span class='ocr_line' id='line_1_9' title="bbox 228 915 1788 994; baseline -0.007 -16"><span class='ocrx_word' id='word_1_43' title='bbox 228 925 319 994; x_wconf 84' lang='grc' dir='ltr'>μὸς</span> <span class='ocrx_word' id='word_1_44' title='bbox 348 923 442 976; x_wconf 91' lang='grc' dir='ltr'><strong>τοῦ</strong></span> <span class='ocrx_word' id='word_1_45' title='bbox 482 922 694 990; x_wconf 80' lang='grc' dir='ltr'><strong>γένους,</strong></span> <span class='ocrx_word' id='word_1_46' title='bbox 722 921 939 990; x_wconf 79' lang='grc' dir='ltr'>ἁπέπτη</span> <span class='ocrx_word' id='word_1_47' title='bbox 977 918 1038 972; x_wconf 82' lang='grc' dir='ltr'>τὸ</span> <span class='ocrx_word' id='word_1_48' title='bbox 1069 918 1413 989; x_wconf 88' lang='grc' dir='ltr'>παραμύθιον</span> <span class='ocrx_word' id='word_1_49' title='bbox 1465 916 1620 986; x_wconf 85' lang='grc' dir='ltr'>ὑμῶν</span> <span class='ocrx_word' id='word_1_50' title='bbox 1643 931 1656 944; x_wconf 90' lang='grc'><strong>·</strong></span> <span class='ocrx_word' id='word_1_51' title='bbox 1691 915 1788 986; x_wconf 80' lang='grc' dir='ltr'>όρ-</span> 
     </span>
    </p>
   </div>
   <div class='ocr_carea' id='block_1_10' title="bbox 226 1007 1788 1086">
    <p class='ocr_par' dir='ltr' id='par_1_10' title="bbox 226 1007 1788 1086">
     <span class='ocr_line' id='line_1_10' title="bbox 226 1007 1788 1086; baseline -0.005 -16"><span class='ocrx_word' id='word_1_52' title='bbox 226 1018 374 1086; x_wconf 75' lang='grc' dir='ltr'>φανοὶ</span> <span class='ocrx_word' id='word_1_53' title='bbox 410 1017 508 1086; x_wconf 79' lang='grc' dir='ltr'>μὲν</span> <span class='ocrx_word' id='word_1_54' title='bbox 532 1015 580 1068; x_wconf 82' lang='grc' dir='ltr'>οἱ</span> <span class='ocrx_word' id='word_1_55' title='bbox 609 1012 798 1076; x_wconf 87' lang='grc' dir='ltr'>παῖδες</span> <span class='ocrx_word' id='word_1_56' title='bbox 835 1011 930 1075; x_wconf 82' lang='grc' dir='ltr'>οὓς</span> <span class='ocrx_word' id='word_1_57' title='bbox 960 1012 1189 1082; x_wconf 78' lang='grc' dir='ltr'>ἡνεγκεν</span> <span class='ocrx_word' id='word_1_58' title='bbox 1222 1024 1237 1038; x_wconf 78' lang='grc'><strong>⁸</strong></span> <span class='ocrx_word' id='word_1_59' title='bbox 1301 1010 1512 1081; x_wconf 81' lang='grc' dir='ltr'>ὀρφανὴ</span> <span class='ocrx_word' id='word_1_60' title='bbox 1563 1008 1623 1062; x_wconf 72' lang='grc' dir='ltr'>δὲ</span> <span class='ocrx_word' id='word_1_61' title='bbox 1690 1007 1788 1062; x_wconf 74' lang='grc' dir='ltr'>καὶ</span> 
     </span>
    </p>
   </div>
   <div class='ocr_carea' id='block_1_11' title="bbox 224 1101 1788 1179">
    <p class='ocr_par' dir='ltr' id='par_1_11' title="bbox 224 1101 1788 1179">
     <span class='ocr_line' id='line_1_11' title="bbox 224 1101 1788 1179; baseline -0.004 -19"><span class='ocrx_word' id='word_1_62' title='bbox 224 1109 353 1179; x_wconf 79' lang='grc' dir='ltr'>αὑτὴ</span> <span class='ocrx_word' id='word_1_63' title='bbox 377 1109 474 1161; x_wconf 79' lang='grc' dir='ltr'>σὺν</span> <span class='ocrx_word' id='word_1_64' title='bbox 503 1109 621 1170; x_wconf 86' lang='grc' dir='ltr'>ταῖς</span> <span class='ocrx_word' id='word_1_65' title='bbox 638 1106 914 1176; x_wconf 83' lang='grc' dir='ltr'><strong>ἀδελφαῖς,</strong></span> <span class='ocrx_word' id='word_1_66' title='bbox 943 1105 1045 1157; x_wconf 89' lang='grc' dir='ltr'><strong>οὑκ</strong></span> <span class='ocrx_word' id='word_1_67' title='bbox 1078 1106 1276 1174; x_wconf 78' lang='grc' dir='ltr'>ἔχουσα</span> <span class='ocrx_word' id='word_1_68' title='bbox 1305 1102 1409 1156; x_wconf 90' lang='grc' dir='ltr'><strong>ποῦ</strong></span> <span class='ocrx_word' id='word_1_69' title='bbox 1431 1103 1653 1175; x_wconf 81' lang='grc' dir='ltr'>ὲρείσῃς</span> <span class='ocrx_word' id='word_1_70' title='bbox 1687 1101 1788 1172; x_wconf 82' lang='grc' dir='ltr'>τὴν</span> 
     </span>
    </p>
   </div>
   <div class='ocr_carea' id='block_1_12' title="bbox 227 1194 1790 1272">
    <p class='ocr_par' dir='ltr' id='par_1_12' title="bbox 227 1194 1790 1272">
     <span class='ocr_line' id='line_1_12' title="bbox 227 1194 1790 1272; baseline -0.005 -19"><span class='ocrx_word' id='word_1_71' title='bbox 227 1203 374 1272; x_wconf 84' lang='grc' dir='ltr'>χεῖρα</span> <span class='ocrx_word' id='word_1_72' title='bbox 403 1200 758 1264; x_wconf 78' lang='grc' dir='ltr'><strong>ὀκλάζουσαν,</strong></span> <span class='ocrx_word' id='word_1_73' title='bbox 788 1198 822 1268; x_wconf 83' lang='grc' dir='ltr'><strong>ἢ</strong></span> <span class='ocrx_word' id='word_1_74' title='bbox 856 1195 958 1249; x_wconf 89' lang='grc' dir='ltr'><strong>ποῦ</strong></span> <span class='ocrx_word' id='word_1_75' title='bbox 998 1195 1322 1264; x_wconf 68' lang='grc' dir='ltr'>ἀποϐλέψοις</span> <span class='ocrx_word' id='word_1_76' title='bbox 1353 1194 1790 1265; x_wconf 78' lang='grc' dir='ltr'>περιστατουμέ-</span> 
     </span>
    </p>
   </div>
   <div class='ocr_carea' id='block_1_13' title="bbox 226 1284 1787 1359">
    <p class='ocr_par' dir='ltr' id='par_1_13' title="bbox 226 1284 1787 1359">
     <span class='ocr_line' id='line_1_13' title="bbox 226 1284 1787 1359; baseline -0.004 -17"><span class='ocrx_word' id='word_1_77' title='bbox 226 1308 310 1359; x_wconf 88' lang='grc' dir='ltr'><strong>νη.</strong></span> <span class='ocrx_word' id='word_1_78' title='bbox 358 1290 498 1342; x_wconf 82' lang='grc' dir='ltr'>Ἀλλ’</span> <span class='ocrx_word' id='word_1_79' title='bbox 536 1289 620 1341; x_wconf 71' lang='grc' dir='ltr'>ἵνα</span> <span class='ocrx_word' id='word_1_80' title='bbox 645 1289 697 1340; x_wconf 87' lang='grc' dir='ltr'><strong>τί</strong></span> <span class='ocrx_word' id='word_1_81' title='bbox 725 1288 818 1340; x_wconf 77' lang='grc' dir='ltr'><strong>ἐπὶ</strong></span> <span class='ocrx_word' id='word_1_82' title='bbox 843 1287 1030 1340; x_wconf 83' lang='grc' dir='ltr'>πλεῖον</span> <span class='ocrx_word' id='word_1_83' title='bbox 1079 1284 1545 1354; x_wconf 78' lang='grc' dir='ltr'>ὲλεεινολογοῦμεν</span> <span class='ocrx_word' id='word_1_84' title='bbox 1572 1284 1635 1337; x_wconf 85' lang='grc' dir='ltr'>τὸ</span> <span class='ocrx_word' id='word_1_85' title='bbox 1678 1284 1787 1336; x_wconf 85' lang='grc' dir='ltr'>πά-</span> 
     </span>
    </p>
   </div>
   <div class='ocr_carea' id='block_1_14' title="bbox 226 1373 1792 1448">
    <p class='ocr_par' dir='ltr' id='par_1_14' title="bbox 226 1373 1792 1448">
     <span class='ocr_line' id='line_1_14' title="bbox 226 1373 1792 1448; baseline -0.004 -16"><span class='ocrx_word' id='word_1_86' title='bbox 226 1380 309 1442; x_wconf 83' lang='grc' dir='ltr'><strong>θος</strong></span> <span class='ocrx_word' id='word_1_87' title='bbox 332 1398 346 1445; x_wconf 90' lang='grc'>;</span> <span class='ocrx_word' id='word_1_88' title='bbox 371 1380 508 1448; x_wconf 79' lang='grc' dir='ltr'>πρὸς</span> <span class='ocrx_word' id='word_1_89' title='bbox 532 1378 752 1448; x_wconf 81' lang='grc' dir='ltr'><strong>θεοφιλῆ</strong></span> <span class='ocrx_word' id='word_1_90' title='bbox 784 1377 914 1446; x_wconf 84' lang='grc' dir='ltr'>ἡμῖν</span> <span class='ocrx_word' id='word_1_91' title='bbox 940 1376 1159 1442; x_wconf 85' lang='grc' dir='ltr'>ὁλόγος,</span> <span class='ocrx_word' id='word_1_92' title='bbox 1201 1373 1334 1446; x_wconf 74' lang='grc' dir='ltr'>πρὸς</span> <span class='ocrx_word' id='word_1_93' title='bbox 1367 1374 1613 1446; x_wconf 79' lang='grc' dir='ltr'><strong>συνετὴν,</strong></span> <span class='ocrx_word' id='word_1_94' title='bbox 1655 1374 1792 1442; x_wconf 77' lang='grc' dir='ltr'>πρὸς</span> 
     </span>
    </p>
   </div>
   <div class='ocr_carea' id='block_1_15' title="bbox 224 1460 1792 1540">
    <p class='ocr_par' dir='ltr' id='par_1_15' title="bbox 224 1460 1792 1540">
     <span class='ocr_line' id='line_1_15' title="bbox 224 1460 1792 1540; baseline -0.005 -20"><span class='ocrx_word' id='word_1_95' title='bbox 224 1470 509 1540; x_wconf 76' lang='grc' dir='ltr'><strong>ἐχέφρονα,</strong></span> <span class='ocrx_word' id='word_1_96' title='bbox 539 1468 675 1538; x_wconf 78' lang='grc' dir='ltr'>πρὸς</span> <span class='ocrx_word' id='word_1_97' title='bbox 703 1465 1050 1534; x_wconf 84' lang='grc' dir='ltr'><strong>πολύπειρον,</strong></span> <span class='ocrx_word' id='word_1_98' title='bbox 1086 1464 1220 1534; x_wconf 87' lang='grc' dir='ltr'>πρὸς</span> <span class='ocrx_word' id='word_1_99' title='bbox 1261 1463 1514 1534; x_wconf 75' lang='grc' dir='ltr'>ἔμπλεων</span> <span class='ocrx_word' id='word_1_100' title='bbox 1568 1463 1634 1532; x_wconf 82' lang='grc' dir='ltr'>τῇ</span> <span class='ocrx_word' id='word_1_101' title='bbox 1670 1460 1792 1530; x_wconf 76' lang='grc' dir='ltr'>θείᾳ</span> 
     </span>
    </p>
   </div>
   <div class='ocr_carea' id='block_1_16' title="bbox 223 1552 1790 1629">
    <p class='ocr_par' dir='ltr' id='par_1_16' title="bbox 223 1552 1790 1629">
     <span class='ocr_line' id='line_1_16' title="bbox 223 1552 1790 1629; baseline -0.004 -16"><span class='ocrx_word' id='word_1_102' title='bbox 223 1563 436 1629; x_wconf 81' lang='grc' dir='ltr'>γνώσει,</span> <span class='ocrx_word' id='word_1_103' title='bbox 468 1559 774 1628; x_wconf 81' lang='grc' dir='ltr'><strong>δυναμένην</strong></span> <span class='ocrx_word' id='word_1_104' title='bbox 803 1559 896 1612; x_wconf 79' lang='grc' dir='ltr'>καὶ</span> <span class='ocrx_word' id='word_1_105' title='bbox 939 1557 1130 1619; x_wconf 74' lang='grc' dir='ltr'>ἄλλους</span> <span class='ocrx_word' id='word_1_106' title='bbox 1162 1556 1522 1626; x_wconf 77' lang='grc' dir='ltr'>σωφρονίζειν</span> <span class='ocrx_word' id='word_1_107' title='bbox 1559 1555 1636 1624; x_wconf 81' lang='grc' dir='ltr'>τῷ</span> <span class='ocrx_word' id='word_1_108' title='bbox 1666 1552 1790 1607; x_wconf 85' lang='grc' dir='ltr'>καθ’</span> 
     </span>
    </p>
   </div>
   <div class='ocr_carea' id='block_1_17' title="bbox 223 1646 1789 1720">
    <p class='ocr_par' dir='ltr' id='par_1_17' title="bbox 223 1646 1789 1720">
     <span class='ocr_line' id='line_1_17' title="bbox 223 1646 1789 1720; baseline -0.004 -15"><span class='ocrx_word' id='word_1_109' title='bbox 223 1652 415 1720; x_wconf 79' lang='grc' dir='ltr'>ἑαυτῆς</span> <span class='ocrx_word' id='word_1_110' title='bbox 442 1649 817 1719; x_wconf 79' lang='grc' dir='ltr'>ὑποδείγματι.</span> <span class='ocrx_word' id='word_1_111' title='bbox 857 1647 1092 1701; x_wconf 81' lang='grc' dir='ltr'>Ἔκϐαλε</span> <span class='ocrx_word' id='word_1_112' title='bbox 1116 1649 1181 1702; x_wconf 82' lang='grc' dir='ltr'>ὲκ</span> <span class='ocrx_word' id='word_1_113' title='bbox 1212 1649 1306 1702; x_wconf 91' lang='grc' dir='ltr'><strong>τοῦ</strong></span> <span class='ocrx_word' id='word_1_114' title='bbox 1340 1646 1546 1716; x_wconf 81' lang='grc' dir='ltr'>ἀγαθοῦ</span> <span class='ocrx_word' id='word_1_115' title='bbox 1582 1647 1789 1718; x_wconf 86' lang='grc' dir='ltr'>θησαυ-</span> 
     </span>
    </p>
   </div>
   <div class='ocr_carea' id='block_1_18' title="bbox 225 1738 1792 1815">
    <p class='ocr_par' dir='ltr' id='par_1_18' title="bbox 225 1738 1792 1815">
     <span class='ocr_line' id='line_1_18' title="bbox 225 1738 1792 1815; baseline -0.002 -19"><span class='ocrx_word' id='word_1_116' title='bbox 225 1743 314 1815; x_wconf 88' lang='grc' dir='ltr'><strong>ροῦ</strong></span> <span class='ocrx_word' id='word_1_117' title='bbox 351 1743 450 1813; x_wconf 85' lang='grc' dir='ltr'>τῆς</span> <span class='ocrx_word' id='word_1_118' title='bbox 499 1742 727 1812; x_wconf 82' lang='grc' dir='ltr'>καρδίας</span> <span class='ocrx_word' id='word_1_119' title='bbox 783 1758 878 1794; x_wconf 91' lang='grc' dir='ltr'><strong>σου</strong></span> <span class='ocrx_word' id='word_1_120' title='bbox 909 1740 1000 1794; x_wconf 85' lang='grc' dir='ltr'>τὸν</span> <span class='ocrx_word' id='word_1_121' title='bbox 1031 1740 1404 1810; x_wconf 81' lang='grc' dir='ltr'>πνευματικὸν</span> <span class='ocrx_word' id='word_1_122' title='bbox 1432 1738 1682 1804; x_wconf 90' lang='grc' dir='ltr'>πλοῦτον,</span> <span class='ocrx_word' id='word_1_123' title='bbox 1723 1740 1792 1793; x_wconf 78' lang='grc' dir='ltr'>τὰ</span> 
     </span>
    </p>
   </div>
   <div class='ocr_carea' id='block_1_19' title="bbox 222 1831 1793 1907">
    <p class='ocr_par' dir='ltr' id='par_1_19' title="bbox 222 1831 1793 1907">
     <span class='ocr_line' id='line_1_19' title="bbox 222 1831 1793 1907; baseline -0.005 -17"><span class='ocrx_word' id='word_1_124' title='bbox 222 1837 487 1907; x_wconf 76' lang='grc' dir='ltr'>φάρμακα</span> <span class='ocrx_word' id='word_1_125' title='bbox 514 1835 612 1903; x_wconf 84' lang='grc' dir='ltr'>τῆς</span> <span class='ocrx_word' id='word_1_126' title='bbox 665 1832 1035 1902; x_wconf 81' lang='grc' dir='ltr'>παραμυθίας,</span> <span class='ocrx_word' id='word_1_127' title='bbox 1062 1832 1376 1903; x_wconf 78' lang='grc' dir='ltr'>ἐπαρκοῦσα</span> <span class='ocrx_word' id='word_1_128' title='bbox 1411 1833 1583 1902; x_wconf 79' lang='grc' dir='ltr'>σαυτῇ</span> <span class='ocrx_word' id='word_1_129' title='bbox 1605 1847 1666 1883; x_wconf 85' lang='grc' dir='ltr'><strong>τε</strong></span> <span class='ocrx_word' id='word_1_130' title='bbox 1697 1831 1793 1884; x_wconf 67' lang='grc' dir='ltr'>καὶ</span> 
     </span>
    </p>
   </div>
   <div class='ocr_carea' id='block_1_20' title="bbox 221 1899 1866 1997">
    <p class='ocr_par' dir='ltr' id='par_1_20' title="bbox 221 1899 1866 1997">
     <span class='ocr_line' id='line_1_20' title="bbox 221 1899 1866 1997; baseline -0.004 -16"><span class='ocrx_word' id='word_1_131' title='bbox 221 1899 640 1997; x_wconf 24' lang='grc' dir='ltr'>ταῖςίἁδελφαῖς.</span> <span class='ocrx_word' id='word_1_132' title='bbox 678 1899 864 1995; x_wconf 80' lang='grc' dir='ltr'>Ἰσμεν</span> <span class='ocrx_word' id='word_1_133' title='bbox 895 1925 1004 1996; x_wconf 79' lang='grc' dir='ltr'><strong>γὰρ</strong></span> <span class='ocrx_word' id='word_1_134' title='bbox 1050 1927 1132 1980; x_wconf 84' lang='grc' dir='ltr'>ὅτι</span> <span class='ocrx_word' id='word_1_135' title='bbox 1176 1899 1447 1978; x_wconf 77' lang='grc' dir='ltr'>κάκείνων</span> <span class='ocrx_word' id='word_1_136' title='bbox 1501 1899 1681 1995; x_wconf 40' lang='lat' dir='ltr'><strong>“iure</strong></span> <span class='ocrx_word' id='word_1_137' title='bbox 1729 1923 1787 1990; x_wconf 77' lang='grc' dir='ltr'>ἐξ</span> <span class='ocrx_word' id='word_1_138' title='bbox 1823 1899 1866 1956; x_wconf 73' lang='grc' dir='ltr'><strong>Β</strong></span> 
     </span>
    </p>
   </div>
   <div class='ocr_carea' id='block_1_21' title="bbox 223 2014 1792 2089">
    <p class='ocr_par' dir='ltr' id='par_1_21' title="bbox 223 2014 1792 2089">
     <span class='ocr_line' id='line_1_21' title="bbox 223 2014 1792 2089; baseline -0.002 -16"><span class='ocrx_word' id='word_1_139' title='bbox 223 2022 332 2073; x_wconf 67' lang='lat' dir='ltr'><strong>[seu</strong></span> <span class='ocrx_word' id='word_1_140' title='bbox 365 2021 402 2089; x_wconf 81' lang='grc' dir='ltr'><strong>ἡ</strong></span> <span class='ocrx_word' id='word_1_141' title='bbox 433 2019 576 2089; x_wconf 85' lang='grc' dir='ltr'>λύπη</span> <span class='ocrx_word' id='word_1_142' title='bbox 599 2037 610 2048; x_wconf 93' lang='grc'><strong>·</strong></span> <span class='ocrx_word' id='word_1_143' title='bbox 639 2019 760 2070; x_wconf 74' lang='grc' dir='ltr'>ἐπεὶ</span> <span class='ocrx_word' id='word_1_144' title='bbox 790 2019 886 2070; x_wconf 79' lang='grc' dir='ltr'>καὶ</span> <span class='ocrx_word' id='word_1_145' title='bbox 914 2021 1010 2088; x_wconf 91' lang='grc' dir='ltr'>τῆς</span> <span class='ocrx_word' id='word_1_146' title='bbox 1042 2017 1238 2088; x_wconf 85' lang='grc' dir='ltr'>κυρίας</span> <span class='ocrx_word' id='word_1_147' title='bbox 1275 2014 1586 2088; x_wconf 75' lang='grc' dir='ltr'>ἡγουμένης</span> <span class='ocrx_word' id='word_1_148' title='bbox 1609 2031 1625 2048; x_wconf 78' lang='grc' dir='ltr'><strong><em>ο</em></strong></span> <span class='ocrx_word' id='word_1_149' title='bbox 1656 2014 1792 2070; x_wconf 82' lang='grc' dir='ltr'>ἀλλὰ</span> 
     </span>
    </p>
   </div>
   <div class='ocr_carea' id='block_1_22' title="bbox 222 2106 1791 2179">
    <p class='ocr_par' dir='ltr' id='par_1_22' title="bbox 222 2106 1791 2179">
     <span class='ocr_line' id='line_1_22' title="bbox 222 2106 1791 2179; baseline -0.003 -17"><span class='ocrx_word' id='word_1_150' title='bbox 222 2111 324 2179; x_wconf 71' lang='grc' dir='ltr'>γὰρ</span> <span class='ocrx_word' id='word_1_151' title='bbox 357 2109 455 2162; x_wconf 78' lang='grc' dir='ltr'>καὶ</span> <span class='ocrx_word' id='word_1_152' title='bbox 479 2110 600 2162; x_wconf 85' lang='grc' dir='ltr'>ὅλου</span> <span class='ocrx_word' id='word_1_153' title='bbox 628 2108 719 2162; x_wconf 89' lang='grc' dir='ltr'><strong>τοῦ</strong></span> <span class='ocrx_word' id='word_1_154' title='bbox 743 2107 956 2174; x_wconf 80' lang='grc' dir='ltr'>γένους,</span> <span class='ocrx_word' id='word_1_155' title='bbox 989 2107 1285 2176; x_wconf 82' lang='grc' dir='ltr'>προσθείην</span> <span class='ocrx_word' id='word_1_156' title='bbox 1314 2109 1359 2159; x_wconf 85' lang='grc' dir='ltr'>δ’</span> <span class='ocrx_word' id='word_1_157' title='bbox 1399 2107 1466 2160; x_wconf 84' lang='grc' dir='ltr'>ἂν</span> <span class='ocrx_word' id='word_1_158' title='bbox 1499 2106 1598 2160; x_wconf 80' lang='grc' dir='ltr'>καὶ</span> <span class='ocrx_word' id='word_1_159' title='bbox 1624 2107 1791 2176; x_wconf 81' lang='grc' dir='ltr'>αὑτῆς</span> 
     </span>
    </p>
   </div>
   <div class='ocr_carea' id='block_1_23' title="bbox 223 2196 1793 2270">
    <p class='ocr_par' dir='ltr' id='par_1_23' title="bbox 223 2196 1793 2270">
     <span class='ocr_line' id='line_1_23' title="bbox 223 2196 1793 2270; baseline -0.001 -19"><span class='ocrx_word' id='word_1_160' title='bbox 223 2202 318 2270; x_wconf 82' lang='grc' dir='ltr'>τῆς</span> <span class='ocrx_word' id='word_1_161' title='bbox 363 2199 693 2268; x_wconf 83' lang='grc' dir='ltr'>συγκλήτου.</span> <span class='ocrx_word' id='word_1_162' title='bbox 741 2199 835 2261; x_wconf 87' lang='grc' dir='ltr'>Τίς</span> <span class='ocrx_word' id='word_1_163' title='bbox 859 2199 946 2251; x_wconf 73' lang='grc' dir='ltr'><strong>ἐπ’</strong></span> <span class='ocrx_word' id='word_1_164' title='bbox 991 2196 1138 2266; x_wconf 85' lang='grc' dir='ltr'><strong>αὑτῴ</strong></span> <span class='ocrx_word' id='word_1_165' title='bbox 1167 2196 1244 2266; x_wconf 84' lang='grc' dir='ltr'>μὴ</span> <span class='ocrx_word' id='word_1_166' title='bbox 1271 2197 1639 2262; x_wconf 78' lang='grc' dir='ltr'>ὲπιστενάξειε</span> <span class='ocrx_word' id='word_1_167' title='bbox 1666 2215 1682 2265; x_wconf 86' lang='lat'><strong>;</strong></span> <span class='ocrx_word' id='word_1_168' title='bbox 1707 2214 1793 2261; x_wconf 90' lang='grc' dir='ltr'><strong>τις</strong></span> 
     </span>
    </p>
   </div>
   <div class='ocr_carea' id='block_1_24' title="bbox 224 2283 1789 2362">
    <p class='ocr_par' dir='ltr' id='par_1_24' title="bbox 224 2283 1789 2362">
     <span class='ocr_line' id='line_1_24' title="bbox 224 2283 1789 2362; baseline -0.003 -15"><span class='ocrx_word' id='word_1_169' title='bbox 224 2295 278 2347; x_wconf 79' lang='grc' dir='ltr'>δὲ</span> <span class='ocrx_word' id='word_1_170' title='bbox 306 2294 379 2362; x_wconf 79' lang='grc' dir='ltr'>μὴ</span> <span class='ocrx_word' id='word_1_171' title='bbox 413 2292 715 2360; x_wconf 81' lang='grc' dir='ltr'>καταγάγοι</span> <span class='ocrx_word' id='word_1_172' title='bbox 763 2291 1004 2362; x_wconf 86' lang='grc' dir='ltr'>δάκρυα;</span> <span class='ocrx_word' id='word_1_173' title='bbox 1030 2283 1201 2360; x_wconf 75' lang='grc' dir='ltr'>οὗπερ</span> <span class='ocrx_word' id='word_1_174' title='bbox 1228 2291 1324 2342; x_wconf 73' lang='grc' dir='ltr'>καὶ</span> <span class='ocrx_word' id='word_1_175' title='bbox 1357 2291 1512 2361; x_wconf 80' lang='grc' dir='ltr'>ἡμῶν</span> <span class='ocrx_word' id='word_1_176' title='bbox 1559 2290 1666 2343; x_wconf 84' lang='grc' dir='ltr'>τῶν</span> <span class='ocrx_word' id='word_1_177' title='bbox 1695 2307 1789 2344; x_wconf 88' lang='grc' dir='ltr'>τα-</span> 
     </span>
    </p>
   </div>
   <div class='ocr_carea' id='block_1_25' title="bbox 225 2379 1790 2453">
    <p class='ocr_par' dir='ltr' id='par_1_25' title="bbox 225 2379 1790 2453">
     <span class='ocr_line' id='line_1_25' title="bbox 225 2379 1790 2453; baseline -0.001 -17"><span class='ocrx_word' id='word_1_178' title='bbox 225 2385 424 2438; x_wconf 78' lang='grc' dir='ltr'>πεινῶν</span> <span class='ocrx_word' id='word_1_179' title='bbox 452 2384 652 2453; x_wconf 88' lang='grc' dir='ltr'>καίπερ</span> <span class='ocrx_word' id='word_1_180' title='bbox 676 2381 817 2434; x_wconf 79' lang='grc' dir='ltr'>οὑτω</span> <span class='ocrx_word' id='word_1_181' title='bbox 842 2379 1302 2448; x_wconf 75' lang='grc' dir='ltr'>φιλοσοφούντων,</span> <span class='ocrx_word' id='word_1_182' title='bbox 1326 2380 1504 2450; x_wconf 76' lang='grc' dir='ltr'>ἥψατο</span> <span class='ocrx_word' id='word_1_183' title='bbox 1557 2382 1590 2451; x_wconf 84' lang='grc' dir='ltr'><strong>ή</strong></span> <span class='ocrx_word' id='word_1_184' title='bbox 1623 2380 1790 2452; x_wconf 87' lang='grc' dir='ltr'>λύπη.</span> 
     </span>
    </p>
   </div>
   <div class='ocr_carea' id='block_1_26' title="bbox 235 2473 1792 2545">
    <p class='ocr_par' dir='ltr' id='par_1_26' title="bbox 235 2473 1792 2545">
     <span class='ocr_line' id='line_1_26' title="bbox 235 2473 1792 2545; baseline -0.001 -17"><span class='ocrx_word' id='word_1_185' title='bbox 235 2477 369 2529; x_wconf 76' lang='grc' dir='ltr'>Ἀλλ’</span> <span class='ocrx_word' id='word_1_186' title='bbox 422 2475 609 2545; x_wconf 78' lang='grc' dir='ltr'>ἐπειδὴ</span> <span class='ocrx_word' id='word_1_187' title='bbox 636 2473 1020 2542; x_wconf 75' lang='grc' dir='ltr'>άπεϐλέψαμεν</span> <span class='ocrx_word' id='word_1_188' title='bbox 1070 2473 1152 2523; x_wconf 81' lang='grc' dir='ltr'>ὅτι</span> <span class='ocrx_word' id='word_1_189' title='bbox 1183 2474 1356 2536; x_wconf 69' lang='grc' dir='ltr'>οὐδεὶς</span> <span class='ocrx_word' id='word_1_190' title='bbox 1406 2475 1485 2538; x_wconf 88' lang='grc' dir='ltr'>εἰς</span> <span class='ocrx_word' id='word_1_191' title='bbox 1530 2474 1792 2543; x_wconf 78' lang='grc' dir='ltr'>γέννησιν</span> 
     </span>
    </p>
   </div>
   <div class='ocr_carea' id='block_1_27' title="bbox 226 2567 1792 2641">
    <p class='ocr_par' dir='ltr' id='par_1_27' title="bbox 226 2567 1792 2641">
     <span class='ocr_line' id='line_1_27' title="bbox 226 2567 1792 2641; baseline -0.002 -17"><span class='ocrx_word' id='word_1_192' title='bbox 226 2572 392 2624; x_wconf 79' lang='grc' dir='ltr'>ἐλθὼν</span> <span class='ocrx_word' id='word_1_193' title='bbox 422 2571 493 2641; x_wconf 83' lang='grc' dir='ltr'>μὴ</span> <span class='ocrx_word' id='word_1_194' title='bbox 515 2570 632 2638; x_wconf 73' lang='grc' dir='ltr'>οὐχὶ</span> <span class='ocrx_word' id='word_1_195' title='bbox 657 2572 751 2621; x_wconf 75' lang='grc' dir='ltr'><strong>καὶ</strong></span> <span class='ocrx_word' id='word_1_196' title='bbox 775 2567 1102 2636; x_wconf 81' lang='grc' dir='ltr'>ὲκδημήσειε</span> <span class='ocrx_word' id='word_1_197' title='bbox 1120 2568 1227 2620; x_wconf 83' lang='grc' dir='ltr'>τῶν</span> <span class='ocrx_word' id='word_1_198' title='bbox 1247 2569 1457 2623; x_wconf 82' lang='grc' dir='ltr'>ἐνθένδε</span> <span class='ocrx_word' id='word_1_199' title='bbox 1478 2585 1492 2599; x_wconf 85' lang='lat'><strong><em>°</em></strong></span> <span class='ocrx_word' id='word_1_200' title='bbox 1525 2569 1792 2623; x_wconf 77' lang='grc' dir='ltr'>καὶτοῦτο</span> 
     </span>
    </p>
   </div>
   <div class='ocr_carea' id='block_1_28' title="bbox 228 2658 1792 2732">
    <p class='ocr_par' dir='ltr' id='par_1_28' title="bbox 228 2658 1792 2732">
     <span class='ocr_line' id='line_1_28' title="bbox 228 2658 1792 2732; baseline 0.001 -18"><span class='ocrx_word' id='word_1_201' title='bbox 228 2664 332 2714; x_wconf 75' lang='grc' dir='ltr'><strong>ἀπὸ</strong></span> <span class='ocrx_word' id='word_1_202' title='bbox 365 2662 460 2716; x_wconf 81' lang='grc' dir='ltr'><strong>τοῦ</strong></span> <span class='ocrx_word' id='word_1_203' title='bbox 495 2662 836 2731; x_wconf 74' lang='grc' dir='ltr'>προπάτορος</span> <span class='ocrx_word' id='word_1_204' title='bbox 875 2658 1031 2728; x_wconf 74' lang='grc' dir='ltr'>ἡμῶν</span> <span class='ocrx_word' id='word_1_205' title='bbox 1076 2659 1244 2729; x_wconf 81' lang='grc' dir='ltr'>Ἀδὰμ</span> <span class='ocrx_word' id='word_1_206' title='bbox 1279 2663 1440 2731; x_wconf 86' lang='grc' dir='ltr'>μέχρι</span> <span class='ocrx_word' id='word_1_207' title='bbox 1472 2663 1566 2715; x_wconf 89' lang='grc' dir='ltr'><strong>τοῦ</strong></span> <span class='ocrx_word' id='word_1_208' title='bbox 1595 2661 1755 2732; x_wconf 87' lang='grc' dir='ltr'>δεῦρο</span> <span class='ocrx_word' id='word_1_209' title='bbox 1778 2678 1792 2692; x_wconf 79' lang='grc'><strong><em>⁸</em></strong></span> 
     </span>
    </p>
   </div>
   <div class='ocr_carea' id='block_1_29' title="bbox 229 2747 1798 2821">
    <p class='ocr_par' dir='ltr' id='par_1_29' title="bbox 229 2747 1798 2821">
     <span class='ocr_line' id='line_1_29' title="bbox 229 2747 1798 2821; baseline 0.001 -17"><span class='ocrx_word' id='word_1_210' title='bbox 229 2753 375 2804; x_wconf 80' lang='grc' dir='ltr'>οὐδὲν</span> <span class='ocrx_word' id='word_1_211' title='bbox 403 2751 549 2814; x_wconf 82' lang='grc' dir='ltr'>ξένον</span> <span class='ocrx_word' id='word_1_212' title='bbox 575 2747 898 2820; x_wconf 77' lang='grc' dir='ltr'>ἡγησάμεθα</span> <span class='ocrx_word' id='word_1_213' title='bbox 926 2749 1016 2801; x_wconf 76' lang='grc' dir='ltr'><strong>ἐπὶ</strong></span> <span class='ocrx_word' id='word_1_214' title='bbox 1069 2749 1145 2819; x_wconf 82' lang='grc' dir='ltr'>τῷ</span> <span class='ocrx_word' id='word_1_215' title='bbox 1203 2751 1572 2821; x_wconf 83' lang='grc' dir='ltr'>συμϐεϐηκότι</span> <span class='ocrx_word' id='word_1_216' title='bbox 1593 2769 1607 2784; x_wconf 80' lang='grc' dir='ltr'><strong><em>ο</em></strong></span> <span class='ocrx_word' id='word_1_217' title='bbox 1649 2752 1798 2816; x_wconf 78' lang='grc' dir='ltr'>ξένον</span> 
     </span>
    </p>
   </div>
   <div class='ocr_carea' id='block_1_30' title="bbox 228 2839 1800 2912">
    <p class='ocr_par' dir='ltr' id='par_1_30' title="bbox 228 2839 1800 2912">
     <span class='ocr_line' id='line_1_30' title="bbox 228 2839 1800 2912; baseline -0.002 -14"><span class='ocrx_word' id='word_1_218' title='bbox 228 2843 270 2897; x_wconf 84' lang='grc' dir='ltr'>δ’</span> <span class='ocrx_word' id='word_1_219' title='bbox 294 2844 359 2898; x_wconf 84' lang='grc' dir='ltr'>ἂν</span> <span class='ocrx_word' id='word_1_220' title='bbox 395 2839 528 2908; x_wconf 79' lang='grc' dir='ltr'>εἷεν,</span> <span class='ocrx_word' id='word_1_221' title='bbox 558 2843 711 2910; x_wconf 77' lang='grc' dir='ltr'>εἴπερ</span> <span class='ocrx_word' id='word_1_222' title='bbox 736 2843 768 2909; x_wconf 78' lang='grc' dir='ltr'>ἡ</span> <span class='ocrx_word' id='word_1_223' title='bbox 817 2840 1158 2903; x_wconf 80' lang='grc' dir='ltr'>θεοσύνθετός</span> <span class='ocrx_word' id='word_1_224' title='bbox 1210 2859 1301 2894; x_wconf 91' lang='grc' dir='ltr'><strong>σου</strong></span> <span class='ocrx_word' id='word_1_225' title='bbox 1341 2843 1536 2912; x_wconf 83' lang='grc' dir='ltr'>καρδία</span> <span class='ocrx_word' id='word_1_226' title='bbox 1585 2845 1800 2912; x_wconf 77' lang='grc' dir='ltr'>ἐνέγκοι</span> 
     </span>
    </p>
   </div>
   <div class='ocr_carea' id='block_1_31' title="bbox 230 2932 1798 3007">
    <p class='ocr_par' dir='ltr' id='par_1_31' title="bbox 230 2932 1798 3007">
     <span class='ocr_line' id='line_1_31' title="bbox 230 2932 1798 3007; baseline -0.009 -18"><span class='ocrx_word' id='word_1_227' title='bbox 230 2937 585 3007; x_wconf 80' lang='grc' dir='ltr'>εὐχαρίστως,</span> <span class='ocrx_word' id='word_1_228' title='bbox 616 2932 963 2996; x_wconf 83' lang='grc' dir='ltr'>ὑποτύπωσις</span> <span class='ocrx_word' id='word_1_229' title='bbox 996 2935 1264 3004; x_wconf 79' lang='grc' dir='ltr'>γενομένη</span> <span class='ocrx_word' id='word_1_230' title='bbox 1286 2937 1381 2988; x_wconf 79' lang='grc' dir='ltr'>σὺν</span> <span class='ocrx_word' id='word_1_231' title='bbox 1397 2938 1461 3006; x_wconf 82' lang='grc' dir='ltr'><strong>τῇ</strong></span> <span class='ocrx_word' id='word_1_232' title='bbox 1487 2936 1651 3006; x_wconf 57' lang='grc' dir='ltr'>κυρία</span> <span class='ocrx_word' id='word_1_233' title='bbox 1667 2934 1798 2988; x_wconf 77' lang='grc' dir='ltr'><strong>καθ-</strong></span> 
     </span>
    </p>
   </div>
   <div class='ocr_carea' id='block_1_32' title="bbox 231 3025 1800 3098">
    <p class='ocr_par' dir='ltr' id='par_1_32' title="bbox 231 3025 1800 3098">
     <span class='ocr_line' id='line_1_32' title="bbox 231 3025 1800 3098; baseline -0.001 -18"><span class='ocrx_word' id='word_1_234' title='bbox 231 3027 534 3097; x_wconf 82' lang='grc' dir='ltr'>ηγουμένῃ,</span> <span class='ocrx_word' id='word_1_235' title='bbox 571 3027 688 3088; x_wconf 84' lang='grc' dir='ltr'>ταῖς</span> <span class='ocrx_word' id='word_1_236' title='bbox 748 3041 810 3077; x_wconf 86' lang='grc' dir='ltr'><strong>τε</strong></span> <span class='ocrx_word' id='word_1_237' title='bbox 854 3025 1130 3093; x_wconf 65' lang='grc' dir='ltr'>ἀδελφαῖς,</span> <span class='ocrx_word' id='word_1_238' title='bbox 1183 3027 1278 3079; x_wconf 66' lang='grc' dir='ltr'>καὶ</span> <span class='ocrx_word' id='word_1_239' title='bbox 1305 3029 1453 3098; x_wconf 76' lang='grc' dir='ltr'>πάσῃ</span> <span class='ocrx_word' id='word_1_240' title='bbox 1503 3030 1567 3098; x_wconf 83' lang='grc' dir='ltr'><strong>τῇ</strong></span> <span class='ocrx_word' id='word_1_241' title='bbox 1602 3042 1800 3094; x_wconf 84' lang='grc' dir='ltr'>συγγε-</span> 
     </span>
    </p>
   </div>
   <div class='ocr_carea' id='block_1_33' title="bbox 231 3119 368 3170">
    <p class='ocr_par' dir='ltr' id='par_1_33' title="bbox 231 3119 368 3170">
     <span class='ocr_line' id='line_1_33' title="bbox 231 3119 368 3170; baseline 0 0"><span class='ocrx_word' id='word_1_242' title='bbox 231 3119 368 3170; x_wconf 82' lang='grc' dir='ltr'>νεία.</span> 
     </span>
    </p>
   </div>
   <div class='ocr_carea' id='block_1_34' title="bbox 298 3204 1797 3276">
    <p class='ocr_par' dir='ltr' id='par_1_34' title="bbox 298 3204 1797 3276">
     <span class='ocr_line' id='line_1_34' title="bbox 298 3204 1797 3276; baseline -0.001 -17"><span class='ocrx_word' id='word_1_243' title='bbox 298 3207 497 3260; x_wconf 87' lang='grc' dir='ltr'>Διάθου</span> <span class='ocrx_word' id='word_1_244' title='bbox 535 3205 678 3259; x_wconf 82' lang='grc' dir='ltr'>κατὰ</span> <span class='ocrx_word' id='word_1_245' title='bbox 706 3207 766 3258; x_wconf 73' lang='grc' dir='ltr'>τὸ</span> <span class='ocrx_word' id='word_1_246' title='bbox 788 3205 975 3267; x_wconf 74' lang='grc' dir='ltr'>εἰωθός</span> <span class='ocrx_word' id='word_1_247' title='bbox 1007 3222 1088 3256; x_wconf 91' lang='grc' dir='ltr'><strong>σοι</strong></span> <span class='ocrx_word' id='word_1_248' title='bbox 1155 3204 1408 3275; x_wconf 77' lang='grc' dir='ltr'>εὑψυχῶς</span> <span class='ocrx_word' id='word_1_249' title='bbox 1444 3206 1644 3269; x_wconf 80' lang='grc' dir='ltr'>πάντα,</span> <span class='ocrx_word' id='word_1_250' title='bbox 1694 3222 1797 3276; x_wconf 85' lang='grc' dir='ltr'>με-</span> 
     </span>
    </p>
   </div>
   <div class='ocr_carea' id='block_1_35' title="bbox 232 3296 1804 3370">
    <p class='ocr_par' dir='ltr' id='par_1_35' title="bbox 232 3296 1804 3370">
     <span class='ocr_line' id='line_1_35' title="bbox 232 3296 1804 3370; baseline -0.001 -18"><span class='ocrx_word' id='word_1_251' title='bbox 232 3297 574 3370; x_wconf 87' lang='grc' dir='ltr'>γαλοϐοὑλως</span> <span class='ocrx_word' id='word_1_252' title='bbox 603 3297 724 3351; x_wconf 83' lang='grc' dir='ltr'>καθ’</span> <span class='ocrx_word' id='word_1_253' title='bbox 776 3297 899 3349; x_wconf 81' lang='grc' dir='ltr'>ὅσον</span> <span class='ocrx_word' id='word_1_254' title='bbox 973 3296 1243 3363; x_wconf 81' lang='grc' dir='ltr'>ἐνδέχεται</span> <span class='ocrx_word' id='word_1_255' title='bbox 1301 3298 1665 3369; x_wconf 78' lang='grc' dir='ltr'>ἐπικουροῦσα</span> <span class='ocrx_word' id='word_1_256' title='bbox 1709 3299 1804 3352; x_wconf 72' lang='grc' dir='ltr'>καὶ</span> 
     </span>
    </p>
   </div>
   <div class='ocr_carea' id='block_1_36' title="bbox 232 3379 1804 3458">
    <p class='ocr_par' dir='ltr' id='par_1_36' title="bbox 232 3379 1804 3458">
     <span class='ocr_line' id='line_1_36' title="bbox 232 3379 1804 3458; baseline -0.01 -17"><span class='ocrx_word' id='word_1_257' title='bbox 232 3391 329 3458; x_wconf 74' lang='grc' dir='ltr'>τὴν</span> <span class='ocrx_word' id='word_1_258' title='bbox 359 3389 538 3439; x_wconf 77' lang='grc' dir='ltr'>οἰκίαν</span> <span class='ocrx_word' id='word_1_259' title='bbox 574 3379 947 3454; x_wconf 70' lang='grc' dir='ltr'>τοῦάδελφοῦ,</span> <span class='ocrx_word' id='word_1_260' title='bbox 980 3387 1058 3447; x_wconf 86' lang='grc' dir='ltr'><strong>εἰς</strong></span> <span class='ocrx_word' id='word_1_261' title='bbox 1086 3385 1147 3437; x_wconf 85' lang='grc' dir='ltr'>τὸ</span> <span class='ocrx_word' id='word_1_262' title='bbox 1171 3388 1245 3456; x_wconf 84' lang='grc' dir='ltr'>μὴ</span> <span class='ocrx_word' id='word_1_263' title='bbox 1280 3388 1493 3458; x_wconf 79' lang='grc' dir='ltr'>ἐρήμην</span> <span class='ocrx_word' id='word_1_264' title='bbox 1528 3387 1804 3458; x_wconf 64' lang='grc' dir='ltr'>καταδρα-</span> 
     </span>
    </p>
   </div>
   <div class='ocr_carea' id='block_1_37' title="bbox 237 3478 1806 3552">
    <p class='ocr_par' dir='ltr' id='par_1_37' title="bbox 237 3478 1806 3552">
     <span class='ocr_line' id='line_1_37' title="bbox 237 3478 1806 3552; baseline -0.001 -20"><span class='ocrx_word' id='word_1_265' title='bbox 237 3483 358 3552; x_wconf 89' lang='grc' dir='ltr'>μεῖν</span> <span class='ocrx_word' id='word_1_266' title='bbox 417 3479 545 3542; x_wconf 79' lang='grc' dir='ltr'>τοὺς</span> <span class='ocrx_word' id='word_1_267' title='bbox 583 3478 994 3548; x_wconf 75' lang='grc' dir='ltr'>ἐφεδρεύοντας,</span> <span class='ocrx_word' id='word_1_268' title='bbox 1053 3478 1109 3528; x_wconf 80' lang='grc' dir='ltr'>ὲν</span> <span class='ocrx_word' id='word_1_269' title='bbox 1142 3482 1259 3540; x_wconf 85' lang='grc' dir='ltr'>ταῖς</span> <span class='ocrx_word' id='word_1_270' title='bbox 1312 3479 1665 3550; x_wconf 80' lang='grc' dir='ltr'>περιστάσεσι</span> <span class='ocrx_word' id='word_1_271' title='bbox 1697 3478 1806 3531; x_wconf 79' lang='grc' dir='ltr'>τῶν</span> 
     </span>
    </p>
   </div>
   <div class='ocr_carea' id='block_1_38' title="bbox 233 3566 1809 3644">
    <p class='ocr_par' dir='ltr' id='par_1_38' title="bbox 233 3566 1809 3644">
     <span class='ocr_line' id='line_1_38' title="bbox 233 3566 1809 3644; baseline -0.002 -19"><span class='ocrx_word' id='word_1_272' title='bbox 233 3572 573 3644; x_wconf 82' lang='grc' dir='ltr'>ἀνθρώπων.</span> <span class='ocrx_word' id='word_1_273' title='bbox 595 3573 888 3642; x_wconf 83' lang='grc' dir='ltr'>Φρόντισον</span> <span class='ocrx_word' id='word_1_274' title='bbox 909 3566 1000 3621; x_wconf 82' lang='grc' dir='ltr'>οὖν</span> <span class='ocrx_word' id='word_1_275' title='bbox 1035 3569 1157 3620; x_wconf 82' lang='grc' dir='ltr'>ὅσον</span> <span class='ocrx_word' id='word_1_276' title='bbox 1177 3569 1420 3636; x_wconf 85' lang='grc' dir='ltr'>δυνατὸν,</span> <span class='ocrx_word' id='word_1_277' title='bbox 1451 3573 1542 3623; x_wconf 74' lang='grc' dir='ltr'>καὶ</span> <span class='ocrx_word' id='word_1_278' title='bbox 1573 3572 1674 3641; x_wconf 85' lang='grc' dir='ltr'>τῆς</span> <span class='ocrx_word' id='word_1_279' title='bbox 1728 3587 1809 3622; x_wconf 75' lang='grc' dir='ltr'>τιο</span> 
     </span>
    </p>
   </div>
   <div class='ocr_carea' id='block_1_39' title="bbox 237 3659 1809 3733">
    <p class='ocr_par' dir='ltr' id='par_1_39' title="bbox 237 3659 1809 3733">
     <span class='ocr_line' id='line_1_39' title="bbox 237 3659 1809 3733; baseline 0 -17"><span class='ocrx_word' id='word_1_280' title='bbox 237 3665 364 3733; x_wconf 86' lang='grc' dir='ltr'>μίας</span> <span class='ocrx_word' id='word_1_281' title='bbox 397 3665 576 3733; x_wconf 73' lang='grc' dir='ltr'>ψυχῆς</span> <span class='ocrx_word' id='word_1_282' title='bbox 602 3665 695 3714; x_wconf 88' lang='grc' dir='ltr'><strong>τοῦ</strong></span> <span class='ocrx_word' id='word_1_283' title='bbox 723 3661 927 3728; x_wconf 86' lang='grc' dir='ltr'>ἀγαθοῦ</span> <span class='ocrx_word' id='word_1_284' title='bbox 955 3659 1140 3728; x_wconf 73' lang='grc' dir='ltr'>ἀνδρὸς</span> <span class='ocrx_word' id='word_1_285' title='bbox 1158 3662 1365 3716; x_wconf 77' lang='grc' dir='ltr'>ἐκείνου</span> <span class='ocrx_word' id='word_1_286' title='bbox 1387 3677 1400 3691; x_wconf 89' lang='grc'>·</span> <span class='ocrx_word' id='word_1_287' title='bbox 1433 3663 1514 3715; x_wconf 85' lang='grc' dir='ltr'>ὅτι</span> <span class='ocrx_word' id='word_1_288' title='bbox 1549 3663 1642 3715; x_wconf 76' lang='grc' dir='ltr'>καὶ</span> <span class='ocrx_word' id='word_1_289' title='bbox 1672 3663 1809 3732; x_wconf 85' lang='grc' dir='ltr'>μετὰ</span> 
     </span>
    </p>
   </div>
   <div class='ocr_carea' id='block_1_40' title="bbox 236 3752 1808 3824">
    <p class='ocr_par' dir='ltr' id='par_1_40' title="bbox 236 3752 1808 3824">
     <span class='ocr_line' id='line_1_40' title="bbox 236 3752 1808 3824; baseline -0.002 -15"><span class='ocrx_word' id='word_1_290' title='bbox 236 3756 469 3809; x_wconf 82' lang='grc' dir='ltr'>θάνατον</span> <span class='ocrx_word' id='word_1_291' title='bbox 499 3754 818 3823; x_wconf 83' lang='grc' dir='ltr'>βοηθοῦνται</span> <span class='ocrx_word' id='word_1_292' title='bbox 845 3752 994 3822; x_wconf 78' lang='grc' dir='ltr'>παρὰ</span> <span class='ocrx_word' id='word_1_293' title='bbox 1023 3752 1132 3804; x_wconf 82' lang='grc' dir='ltr'>τῶν</span> <span class='ocrx_word' id='word_1_294' title='bbox 1185 3753 1402 3816; x_wconf 78' lang='grc' dir='ltr'>ζώντων</span> <span class='ocrx_word' id='word_1_295' title='bbox 1437 3755 1486 3806; x_wconf 82' lang='grc' dir='ltr'>οἱ</span> <span class='ocrx_word' id='word_1_296' title='bbox 1508 3754 1808 3824; x_wconf 78' lang='grc' dir='ltr'>ἐκδεδημη-</span> 
     </span>
    </p>
   </div>
   <div class='ocr_carea' id='block_1_41' title="bbox 238 3841 1807 3916">
    <p class='ocr_par' dir='ltr' id='par_1_41' title="bbox 238 3841 1807 3916">
     <span class='ocr_line' id='line_1_41' title="bbox 238 3841 1807 3916; baseline 0 -17"><span class='ocrx_word' id='word_1_297' title='bbox 238 3850 413 3910; x_wconf 85' lang='grc' dir='ltr'>κότες.</span> <span class='ocrx_word' id='word_1_298' title='bbox 444 3847 554 3898; x_wconf 73' lang='grc' dir='ltr'><strong>Καὶ</strong></span> <span class='ocrx_word' id='word_1_299' title='bbox 583 3845 768 3907; x_wconf 85' lang='grc' dir='ltr'>άπλῶς</span> <span class='ocrx_word' id='word_1_300' title='bbox 804 3845 871 3897; x_wconf 83' lang='grc' dir='ltr'>τὰ</span> <span class='ocrx_word' id='word_1_301' title='bbox 903 3845 1077 3898; x_wconf 88' lang='grc' dir='ltr'>πάντα</span> <span class='ocrx_word' id='word_1_302' title='bbox 1100 3847 1159 3898; x_wconf 82' lang='grc' dir='ltr'>ὲν</span> <span class='ocrx_word' id='word_1_303' title='bbox 1215 3847 1382 3898; x_wconf 83' lang='grc' dir='ltr'>πᾶσιν</span> <span class='ocrx_word' id='word_1_304' title='bbox 1412 3847 1634 3916; x_wconf 81' lang='grc' dir='ltr'>σῖδαμέν</span> <span class='ocrx_word' id='word_1_305' title='bbox 1662 3863 1719 3898; x_wconf 90' lang='grc' dir='ltr'><strong>σε</strong></span> <span class='ocrx_word' id='word_1_306' title='bbox 1750 3841 1807 3899; x_wconf 82' lang='grc' dir='ltr'>εὖ</span> 
     </span>
    </p>
   </div>
   <div class='ocr_carea' id='block_1_42' title="bbox 235 3938 1807 4008">
    <p class='ocr_par' dir='ltr' id='par_1_42' title="bbox 235 3938 1807 4008">
     <span class='ocr_line' id='line_1_42' title="bbox 235 3938 1807 4008; baseline -0.002 -16"><span class='ocrx_word' id='word_1_307' title='bbox 235 3938 592 4003; x_wconf 81' lang='grc' dir='ltr'>διατίθεσθαι,</span> <span class='ocrx_word' id='word_1_308' title='bbox 635 3938 730 3991; x_wconf 80' lang='grc' dir='ltr'>καὶ</span> <span class='ocrx_word' id='word_1_309' title='bbox 784 3939 1107 4007; x_wconf 86' lang='grc' dir='ltr'>στρατηγεῖν</span> <span class='ocrx_word' id='word_1_310' title='bbox 1171 3938 1262 3990; x_wconf 82' lang='grc' dir='ltr'>τὸν</span> <span class='ocrx_word' id='word_1_311' title='bbox 1296 3938 1553 4008; x_wconf 85' lang='grc' dir='ltr'>λογισμὸν</span> <span class='ocrx_word' id='word_1_312' title='bbox 1586 3938 1807 4008; x_wconf 82' lang='grc' dir='ltr'>μᾶλλον,</span> 
     </span>
    </p>
   </div>
   <div class='ocr_carea' id='block_1_43' title="bbox 237 4027 1810 4102">
    <p class='ocr_par' dir='ltr' id='par_1_43' title="bbox 237 4027 1810 4102">
     <span class='ocr_line' id='line_1_43' title="bbox 237 4027 1810 4102; baseline -0.002 -19"><span class='ocrx_word' id='word_1_313' title='bbox 237 4034 270 4102; x_wconf 79' lang='grc' dir='ltr'><strong>ἢ</strong></span> <span class='ocrx_word' id='word_1_314' title='bbox 303 4029 858 4101; x_wconf 84' lang='grc' dir='ltr'>στρατηγεῖσθαιὺπὸ</span> <span class='ocrx_word' id='word_1_315' title='bbox 895 4029 990 4095; x_wconf 72' lang='grc' dir='ltr'>τῆς</span> <span class='ocrx_word' id='word_1_316' title='bbox 1021 4027 1259 4096; x_wconf 82' lang='grc' dir='ltr'>ἀθυμίας</span> <span class='ocrx_word' id='word_1_317' title='bbox 1282 4028 1810 4098; x_wconf 72' lang='grc' dir='ltr'>καὶμοχθηρίας.Εἰς</span> 
     </span>
    </p>
   </div>
   <div class='ocr_carea' id='block_1_44' title="bbox 234 4114 1808 4190">
    <p class='ocr_par' dir='ltr' id='par_1_44' title="bbox 234 4114 1808 4190">
     <span class='ocr_line' id='line_1_44' title="bbox 234 4114 1808 4190; baseline -0.004 -18"><span class='ocrx_word' id='word_1_318' title='bbox 234 4125 370 4175; x_wconf 77' lang='grc' dir='ltr'>αὐτὸ</span> <span class='ocrx_word' id='word_1_319' title='bbox 398 4123 507 4190; x_wconf 83' lang='grc' dir='ltr'>γὰρ</span> <span class='ocrx_word' id='word_1_320' title='bbox 540 4118 696 4171; x_wconf 85' lang='grc' dir='ltr'>τοῦτο</span> <span class='ocrx_word' id='word_1_321' title='bbox 713 4119 913 4170; x_wconf 72' lang='grc' dir='ltr'>καὶτὸν</span> <span class='ocrx_word' id='word_1_322' title='bbox 938 4115 1497 4184; x_wconf 75' lang='grc' dir='ltr'>ἀδελ.φὸν“Αθανάσιον</span> <span class='ocrx_word' id='word_1_323' title='bbox 1530 4114 1808 4168; x_wconf 85' lang='grc' dir='ltr'>ἀπεστάλ-</span> 
     </span>
    </p>
   </div>
   <div class='ocr_carea' id='block_1_45' title="bbox 238 4203 1810 4282">
    <p class='ocr_par' dir='ltr' id='par_1_45' title="bbox 238 4203 1810 4282">
     <span class='ocr_line' id='line_1_45' title="bbox 238 4203 1810 4282; baseline -0.006 -18"><span class='ocrx_word' id='word_1_324' title='bbox 238 4230 415 4282; x_wconf 81' lang='grc' dir='ltr'>καμεν</span> <span class='ocrx_word' id='word_1_325' title='bbox 445 4252 461 4276; x_wconf 97' lang='grc'><strong>,</strong></span> <span class='ocrx_word' id='word_1_326' title='bbox 494 4211 898 4270; x_wconf 75' lang='grc' dir='ltr'>ἐπιδεικνύντες</span> <span class='ocrx_word' id='word_1_327' title='bbox 922 4209 982 4260; x_wconf 82' lang='grc' dir='ltr'>τὸ</span> <span class='ocrx_word' id='word_1_328' title='bbox 1023 4205 1324 4276; x_wconf 79' lang='grc' dir='ltr'>περιπαθὲς</span> <span class='ocrx_word' id='word_1_329' title='bbox 1354 4205 1510 4274; x_wconf 83' lang='grc' dir='ltr'>ἡμῶν</span> <span class='ocrx_word' id='word_1_330' title='bbox 1555 4204 1690 4275; x_wconf 87' lang='grc' dir='ltr'>πρὸς</span> <span class='ocrx_word' id='word_1_331' title='bbox 1720 4203 1810 4255; x_wconf 85' lang='grc' dir='ltr'>τὸν</span> 
     </span>
    </p>
   </div>
   <div class='ocr_carea' id='block_1_46' title="bbox 235 4295 1810 4369">
    <p class='ocr_par' dir='ltr' id='par_1_46' title="bbox 235 4295 1810 4369">
     <span class='ocr_line' id='line_1_46' title="bbox 235 4295 1810 4369; baseline -0.004 -17"><span class='ocrx_word' id='word_1_332' title='bbox 235 4300 428 4368; x_wconf 76' lang='grc' dir='ltr'>ἄνδρα,</span> <span class='ocrx_word' id='word_1_333' title='bbox 488 4301 582 4352; x_wconf 76' lang='grc' dir='ltr'>καὶ</span> <span class='ocrx_word' id='word_1_334' title='bbox 623 4299 754 4369; x_wconf 86' lang='grc' dir='ltr'>πρὸς</span> <span class='ocrx_word' id='word_1_335' title='bbox 785 4300 884 4367; x_wconf 86' lang='grc' dir='ltr'>τὴν</span> <span class='ocrx_word' id='word_1_336' title='bbox 917 4297 1187 4367; x_wconf 81' lang='grc' dir='ltr'>ὑμετέραν</span> <span class='ocrx_word' id='word_1_337' title='bbox 1235 4295 1523 4362; x_wconf 81' lang='grc' dir='ltr'>τιμιότητα</span> <span class='ocrx_word' id='word_1_338' title='bbox 1566 4297 1810 4361; x_wconf 57' lang='grc' dir='ltr'>ὲπικαμω</span> 
     </span>
    </p>
   </div>
   <div class='ocr_carea' id='block_1_47' title="bbox 235 4384 1810 4460">
    <p class='ocr_par' dir='ltr' id='par_1_47' title="bbox 235 4384 1810 4460">
     <span class='ocr_line' id='line_1_47' title="bbox 235 4384 1810 4460; baseline -0.004 -18"><span class='ocrx_word' id='word_1_339' title='bbox 235 4391 461 4444; x_wconf 83' lang='grc' dir='ltr'>πτικόν·</span> <span class='ocrx_word' id='word_1_340' title='bbox 515 4391 574 4443; x_wconf 88' lang='grc' dir='ltr'>ὃν</span> <span class='ocrx_word' id='word_1_341' title='bbox 633 4389 902 4460; x_wconf 79' lang='grc' dir='ltr'>εὐχόμεθα</span> <span class='ocrx_word' id='word_1_342' title='bbox 956 4389 1138 4456; x_wconf 87' lang='grc' dir='ltr'>τάχιον</span> <span class='ocrx_word' id='word_1_343' title='bbox 1197 4385 1564 4452; x_wconf 76' lang='grc' dir='ltr'>ἀποδέξασθαι</span> <span class='ocrx_word' id='word_1_344' title='bbox 1606 4384 1810 4452; x_wconf 81' lang='grc' dir='ltr'>ἀγαθὸν</span> 
     </span>
    </p>
   </div>
   <div class='ocr_carea' id='block_1_48' title="bbox 237 4473 1808 4552">
    <p class='ocr_par' dir='ltr' id='par_1_48' title="bbox 237 4473 1808 4552">
     <span class='ocr_line' id='line_1_48' title="bbox 237 4473 1808 4552; baseline -0.005 -17"><span class='ocrx_word' id='word_1_345' title='bbox 237 4481 469 4550; x_wconf 67' lang='grc' dir='ltr'>ἄγγελον</span> <span class='ocrx_word' id='word_1_346' title='bbox 486 4483 583 4552; x_wconf 81' lang='grc' dir='ltr'>τῆς</span> <span class='ocrx_word' id='word_1_347' title='bbox 610 4481 932 4551; x_wconf 76' lang='grc' dir='ltr'>εὐχαρίστου</span> <span class='ocrx_word' id='word_1_348' title='bbox 982 4477 1134 4545; x_wconf 80' lang='grc' dir='ltr'>ὑμῶν</span> <span class='ocrx_word' id='word_1_349' title='bbox 1159 4477 1439 4546; x_wconf 79' lang='grc' dir='ltr'>ὑπομονῆς</span> <span class='ocrx_word' id='word_1_350' title='bbox 1467 4473 1808 4544; x_wconf 89' lang='grc' dir='ltr'>γιγνόμενον.</span> 
     </span>
    </p>
   </div>
   <div class='ocr_carea' id='block_1_49' title="bbox 415 4635 1618 4716">
    <p class='ocr_par' dir='ltr' id='par_1_49' title="bbox 415 4635 1618 4716">
     <span class='ocr_line' id='line_1_49' title="bbox 415 4635 1618 4716; baseline -0.007 -18"><span class='ocrx_word' id='word_1_351' title='bbox 415 4644 510 4697; x_wconf 79' lang='grc' dir='ltr'><strong>ΣΖ¹</strong></span> <span class='ocrx_word' id='word_1_352' title='bbox 536 4643 636 4716; x_wconf 54' lang='grc' dir='ltr'>(ἓ).</span> <span class='ocrx_word' id='word_1_353' title='bbox 665 4672 734 4685; x_wconf 94' lang='lat'><strong>-—</strong></span> <span class='ocrx_word' id='word_1_354' title='bbox 773 4637 1059 4704; x_wconf 80' lang='grc' dir='ltr'>Ὀλόιανῷ</span> <span class='ocrx_word' id='word_1_355' title='bbox 1081 4638 1386 4705; x_wconf 83' lang='grc' dir='ltr'>πατρικίῳ.</span> <span class='ocrx_word' id='word_1_356' title='bbox 1425 4635 1618 4708; x_wconf 80' lang='grc' dir='ltr'>Ῐωκδ’.]</span> 
     </span>
    </p>
   </div>
   <div class='ocr_carea' id='block_1_50' title="bbox 1840 4584 1890 4642">
    <p class='ocr_par' dir='ltr' id='par_1_50' title="bbox 1840 4584 1890 4642">
     <span class='ocr_line' id='line_1_50' title="bbox 1840 4584 1890 4642; baseline 0 0"><span class='ocrx_word' id='word_1_357' title='bbox 1840 4584 1890 4642; x_wconf 92' lang='lat' dir='ltr'><strong>D</strong></span> 
     </span>
    </p>
   </div>
   <div class='ocr_carea' id='block_1_51' title="bbox 1890 647 3454 719">
    <p class='ocr_par' dir='ltr' id='par_1_51' title="bbox 1890 647 3454 719">
     <span class='ocr_line' id='line_1_51' title="bbox 1890 647 3454 719; baseline 0 -15"><span class='ocrx_word' id='word_1_358' title='bbox 1890 650 2014 705; x_wconf 85' lang='lat' dir='ltr'><strong>est?</strong></span> <span class='ocrx_word' id='word_1_359' title='bbox 2070 649 2360 719; x_wconf 83' lang='lat' dir='ltr'><strong>retegenda</strong></span> <span class='ocrx_word' id='word_1_360' title='bbox 2381 649 2528 703; x_wconf 89' lang='lat' dir='ltr'><strong>enim</strong></span> <span class='ocrx_word' id='word_1_361' title='bbox 2569 656 2653 702; x_wconf 90' lang='lat' dir='ltr'><strong>est</strong></span> <span class='ocrx_word' id='word_1_362' title='bbox 2689 662 2943 716; x_wconf 82' lang='lat' dir='ltr'><strong>persona.</strong></span> <span class='ocrx_word' id='word_1_363' title='bbox 2973 647 3238 704; x_wconf 88' lang='lat' dir='ltr'><strong>Dominus</strong></span> <span class='ocrx_word' id='word_1_364' title='bbox 3268 649 3454 713; x_wconf 90' lang='lat' dir='ltr'><strong>frater,</strong></span> 
     </span>
    </p>
   </div>
   <div class='ocr_carea' id='block_1_52' title="bbox 1890 740 3461 805">
    <p class='ocr_par' dir='ltr' id='par_1_52' title="bbox 1890 740 3461 805">
     <span class='ocr_line' id='line_1_52' title="bbox 1890 740 3461 805; baseline 0.001 -10"><span class='ocrx_word' id='word_1_365' title='bbox 1890 750 1951 797; x_wconf 85' lang='grc' dir='ltr'><strong>ιιι</strong></span> <span class='ocrx_word' id='word_1_366' title='bbox 1973 742 2146 805; x_wconf 88' lang='lat' dir='ltr'><strong>aiunt,</strong></span> <span class='ocrx_word' id='word_1_367' title='bbox 2178 741 2530 795; x_wconf 75' lang='lat' dir='ltr'><strong>obdormivit.</strong></span> <span class='ocrx_word' id='word_1_368' title='bbox 2557 740 2705 794; x_wconf 81' lang='lat' dir='ltr'><strong>Abiit</strong></span> <span class='ocrx_word' id='word_1_369' title='bbox 2730 741 2811 793; x_wconf 88' lang='lat' dir='ltr'><strong>vir</strong></span> <span class='ocrx_word' id='word_1_370' title='bbox 2834 741 3347 802; x_wconf 84' lang='lat' dir='ltr'><strong>bonus,exstinctus</strong></span> <span class='ocrx_word' id='word_1_371' title='bbox 3375 749 3461 796; x_wconf 84' lang='lat' dir='ltr'><strong>est</strong></span> 
     </span>
    </p>
   </div>
   <div class='ocr_carea' id='block_1_53' title="bbox 1889 833 3459 904">
    <p class='ocr_par' dir='ltr' id='par_1_53' title="bbox 1889 833 3459 904">
     <span class='ocr_line' id='line_1_53' title="bbox 1889 833 3459 904; baseline 0.001 -17"><span class='ocrx_word' id='word_1_372' title='bbox 1889 835 2082 890; x_wconf 85' lang='lat' dir='ltr'><strong>oculus</strong></span> <span class='ocrx_word' id='word_1_373' title='bbox 2117 833 2356 899; x_wconf 67' lang='lat' dir='ltr'><strong>familiae,</strong></span> <span class='ocrx_word' id='word_1_374' title='bbox 2419 833 2656 887; x_wconf 74' lang='lat' dir='ltr'><strong>avolavit</strong></span> <span class='ocrx_word' id='word_1_375' title='bbox 2706 833 3007 888; x_wconf 87' lang='lat' dir='ltr'><strong>consolatio</strong></span> <span class='ocrx_word' id='word_1_376' title='bbox 3036 845 3219 887; x_wconf 85' lang='lat' dir='ltr'><strong>vestra</strong></span> <span class='ocrx_word' id='word_1_377' title='bbox 3255 852 3268 888; x_wconf 90' lang='lat'>:</span> <span class='ocrx_word' id='word_1_378' title='bbox 3306 843 3459 904; x_wconf 85' lang='lat' dir='ltr'><strong>patre</strong></span> 
     </span>
    </p>
   </div>
   <div class='ocr_carea' id='block_1_54' title="bbox 1892 923 3458 994">
    <p class='ocr_par' dir='ltr' id='par_1_54' title="bbox 1892 923 3458 994">
     <span class='ocr_line' id='line_1_54' title="bbox 1892 923 3458 994; baseline -0.001 -15"><span class='ocrx_word' id='word_1_379' title='bbox 1892 926 2065 982; x_wconf 86' lang='lat' dir='ltr'><strong>orbati</strong></span> <span class='ocrx_word' id='word_1_380' title='bbox 2107 933 2236 979; x_wconf 91' lang='lat' dir='ltr'><strong>sunt</strong></span> <span class='ocrx_word' id='word_1_381' title='bbox 2293 924 2386 978; x_wconf 78' lang='lat' dir='ltr'><strong>lilii</strong></span> <span class='ocrx_word' id='word_1_382' title='bbox 2429 938 2569 994; x_wconf 89' lang='lat' dir='ltr'><strong>quos</strong></span> <span class='ocrx_word' id='word_1_383' title='bbox 2607 923 2794 994; x_wconf 81' lang='lat' dir='ltr'><strong>genuit</strong></span> <span class='ocrx_word' id='word_1_384' title='bbox 2825 941 2838 978; x_wconf 90' lang='lat'><strong>:</strong></span> <span class='ocrx_word' id='word_1_385' title='bbox 2869 924 3059 978; x_wconf 89' lang='lat' dir='ltr'><strong>orbata</strong></span> <span class='ocrx_word' id='word_1_386' title='bbox 3115 933 3170 978; x_wconf 91' lang='lat' dir='ltr'><strong>et</strong></span> <span class='ocrx_word' id='word_1_387' title='bbox 3233 935 3289 979; x_wconf 89' lang='lat' dir='ltr'><strong>tu</strong></span> <span class='ocrx_word' id='word_1_388' title='bbox 3341 926 3458 991; x_wconf 86' lang='lat' dir='ltr'><strong>ipsa</strong></span> 
     </span>
    </p>
   </div>
   <div class='ocr_carea' id='block_1_55' title="bbox 1891 1015 3462 1084">
    <p class='ocr_par' dir='ltr' id='par_1_55' title="bbox 1891 1015 3462 1084">
     <span class='ocr_line' id='line_1_55' title="bbox 1891 1015 3462 1084; baseline -0.004 -10"><span class='ocrx_word' id='word_1_389' title='bbox 1891 1036 2016 1075; x_wconf 91' lang='lat' dir='ltr'><strong>cum</strong></span> <span class='ocrx_word' id='word_1_390' title='bbox 2041 1019 2346 1083; x_wconf 89' lang='lat' dir='ltr'><strong>sororibus,</strong></span> <span class='ocrx_word' id='word_1_391' title='bbox 2386 1033 2496 1072; x_wconf 89' lang='lat' dir='ltr'><strong>non</strong></span> <span class='ocrx_word' id='word_1_392' title='bbox 2534 1017 2744 1074; x_wconf 85' lang='lat' dir='ltr'><strong>habens</strong></span> <span class='ocrx_word' id='word_1_393' title='bbox 2779 1016 2872 1070; x_wconf 90' lang='lat' dir='ltr'><strong>ubi</strong></span> <span class='ocrx_word' id='word_1_394' title='bbox 2919 1030 3139 1070; x_wconf 90' lang='lat' dir='ltr'><strong>manum</strong></span> <span class='ocrx_word' id='word_1_395' title='bbox 3172 1015 3302 1084; x_wconf 79' lang='lat' dir='ltr'><strong>figas</strong></span> <span class='ocrx_word' id='word_1_396' title='bbox 3330 1017 3462 1069; x_wconf 87' lang='lat' dir='ltr'><strong>titu-</strong></span> 
     </span>
    </p>
   </div>
   <div class='ocr_carea' id='block_1_56' title="bbox 1893 1108 3459 1180">
    <p class='ocr_par' dir='ltr' id='par_1_56' title="bbox 1893 1108 3459 1180">
     <span class='ocr_line' id='line_1_56' title="bbox 1893 1108 3459 1180; baseline -0.005 -13"><span class='ocrx_word' id='word_1_397' title='bbox 1893 1112 2136 1176; x_wconf 88' lang='lat' dir='ltr'><strong>bantem,</strong></span> <span class='ocrx_word' id='word_1_398' title='bbox 2183 1127 2283 1166; x_wconf 91' lang='lat' dir='ltr'><strong>nec</strong></span> <span class='ocrx_word' id='word_1_399' title='bbox 2337 1125 2447 1179; x_wconf 90' lang='lat' dir='ltr'><strong>quo</strong></span> <span class='ocrx_word' id='word_1_400' title='bbox 2484 1110 2739 1180; x_wconf 87' lang='lat' dir='ltr'><strong>periculis</strong></span> <span class='ocrx_word' id='word_1_401' title='bbox 2783 1109 3026 1174; x_wconf 89' lang='lat' dir='ltr'><strong>obsessa,</strong></span> <span class='ocrx_word' id='word_1_402' title='bbox 3077 1108 3357 1176; x_wconf 83' lang='lat' dir='ltr'><strong>respicias.</strong></span> <span class='ocrx_word' id='word_1_403' title='bbox 3390 1109 3459 1159; x_wconf 83' lang='lat' dir='ltr'><strong>At</strong></span> 
     </span>
    </p>
   </div>
   <div class='ocr_carea' id='block_1_57' title="bbox 1891 1197 3458 1271">
    <p class='ocr_par' dir='ltr' id='par_1_57' title="bbox 1891 1197 3458 1271">
     <span class='ocr_line' id='line_1_57' title="bbox 1891 1197 3458 1271; baseline -0.002 -17"><span class='ocrx_word' id='word_1_404' title='bbox 1891 1216 2154 1271; x_wconf 87' lang='lat' dir='ltr'><strong>quorsum</strong></span> <span class='ocrx_word' id='word_1_405' title='bbox 2211 1214 2505 1255; x_wconf 65' lang='lat' dir='ltr'><strong>aerumnam</strong></span> <span class='ocrx_word' id='word_1_406' title='bbox 2561 1199 2808 1270; x_wconf 85' lang='lat' dir='ltr'><strong>pluribus</strong></span> <span class='ocrx_word' id='word_1_407' title='bbox 2835 1197 3228 1267; x_wconf 89' lang='lat' dir='ltr'><strong>deploramus?</strong></span> <span class='ocrx_word' id='word_1_408' title='bbox 3257 1199 3336 1252; x_wconf 73' lang='lat' dir='ltr'><strong>Ad</strong></span> <span class='ocrx_word' id='word_1_409' title='bbox 3368 1198 3458 1252; x_wconf 87' lang='lat' dir='ltr'><strong>Dei</strong></span> 
     </span>
    </p>
   </div>
   <div class='ocr_carea' id='block_1_58' title="bbox 1892 1290 3462 1360">
    <p class='ocr_par' dir='ltr' id='par_1_58' title="bbox 1892 1290 3462 1360">
     <span class='ocr_line' id='line_1_58' title="bbox 1892 1290 3462 1360; baseline -0.004 -12"><span class='ocrx_word' id='word_1_410' title='bbox 1892 1303 2163 1348; x_wconf 81' lang='lat' dir='ltr'><strong>amantem</strong></span> <span class='ocrx_word' id='word_1_411' title='bbox 2201 1293 2357 1348; x_wconf 88' lang='lat' dir='ltr'><strong>nobis</strong></span> <span class='ocrx_word' id='word_1_412' title='bbox 2371 1306 2552 1347; x_wconf 91' lang='lat' dir='ltr'><strong>sermo</strong></span> <span class='ocrx_word' id='word_1_413' title='bbox 2577 1301 2681 1354; x_wconf 89' lang='lat' dir='ltr'><strong>est,</strong></span> <span class='ocrx_word' id='word_1_414' title='bbox 2713 1292 2777 1345; x_wconf 92' lang='lat' dir='ltr'><strong>ad</strong></span> <span class='ocrx_word' id='word_1_415' title='bbox 2810 1290 3304 1360; x_wconf 78' lang='lat' dir='ltr'><strong>intelligentem,ad</strong></span> <span class='ocrx_word' id='word_1_416' title='bbox 3332 1305 3462 1359; x_wconf 82' lang='lat' dir='ltr'><strong>pru-</strong></span> 
     </span>
    </p>
   </div>
   <div class='ocr_carea' id='block_1_59' title="bbox 1890 1381 3462 1453">
    <p class='ocr_par' dir='ltr' id='par_1_59' title="bbox 1890 1381 3462 1453">
     <span class='ocr_line' id='line_1_59' title="bbox 1890 1381 3462 1453; baseline -0.003 -13"><span class='ocrx_word' id='word_1_417' title='bbox 1890 1388 2127 1450; x_wconf 86' lang='lat' dir='ltr'><strong>dentem,</strong></span> <span class='ocrx_word' id='word_1_418' title='bbox 2160 1385 2226 1439; x_wconf 89' lang='lat' dir='ltr'><strong>ad</strong></span> <span class='ocrx_word' id='word_1_419' title='bbox 2250 1384 2420 1438; x_wconf 91' lang='lat' dir='ltr'><strong>multa</strong></span> <span class='ocrx_word' id='word_1_420' title='bbox 2438 1391 2740 1453; x_wconf 81' lang='lat' dir='ltr'><strong>expertam,</strong></span> <span class='ocrx_word' id='word_1_421' title='bbox 2771 1383 2837 1437; x_wconf 90' lang='lat' dir='ltr'><strong>ad</strong></span> <span class='ocrx_word' id='word_1_422' title='bbox 2861 1383 3041 1437; x_wconf 89' lang='lat' dir='ltr'><strong>divina</strong></span> <span class='ocrx_word' id='word_1_423' title='bbox 3080 1381 3306 1436; x_wconf 89' lang='lat' dir='ltr'><strong>scientia</strong></span> <span class='ocrx_word' id='word_1_424' title='bbox 3348 1383 3462 1450; x_wconf 82' lang='lat' dir='ltr'><strong>ple-</strong></span> 
     </span>
    </p>
   </div>
   <div class='ocr_carea' id='block_1_60' title="bbox 1889 1475 3464 1546">
    <p class='ocr_par' dir='ltr' id='par_1_60' title="bbox 1889 1475 3464 1546">
     <span class='ocr_line' id='line_1_60' title="bbox 1889 1475 3464 1546; baseline -0.004 -14"><span class='ocrx_word' id='word_1_425' title='bbox 1889 1493 2039 1544; x_wconf 85' lang='lat' dir='ltr'><strong>nam,</strong></span> <span class='ocrx_word' id='word_1_426' title='bbox 2080 1493 2200 1546; x_wconf 65' lang='lat' dir='ltr'><strong>quae</strong></span> <span class='ocrx_word' id='word_1_427' title='bbox 2228 1484 2282 1532; x_wconf 92' lang='lat' dir='ltr'><strong>et</strong></span> <span class='ocrx_word' id='word_1_428' title='bbox 2315 1475 2451 1531; x_wconf 91' lang='lat' dir='ltr'><strong>alios</strong></span> <span class='ocrx_word' id='word_1_429' title='bbox 2483 1477 2654 1544; x_wconf 86' lang='lat' dir='ltr'><strong>possit</strong></span> <span class='ocrx_word' id='word_1_430' title='bbox 2691 1491 2792 1530; x_wconf 93' lang='lat' dir='ltr'><strong>suo</strong></span> <span class='ocrx_word' id='word_1_431' title='bbox 2816 1475 2984 1545; x_wconf 87' lang='lat' dir='ltr'><strong>ipsius</strong></span> <span class='ocrx_word' id='word_1_432' title='bbox 3004 1476 3253 1543; x_wconf 84' lang='lat' dir='ltr'><strong>exemplo</strong></span> <span class='ocrx_word' id='word_1_433' title='bbox 3279 1489 3464 1527; x_wconf 83' lang='lat' dir='ltr'><strong>emen-</strong></span> 
     </span>
    </p>
   </div>
   <div class='ocr_carea' id='block_1_61' title="bbox 1892 1566 3464 1639">
    <p class='ocr_par' dir='ltr' id='par_1_61' title="bbox 1892 1566 3464 1639">
     <span class='ocr_line' id='line_1_61' title="bbox 1892 1566 3464 1639; baseline -0.004 -14"><span class='ocrx_word' id='word_1_434' title='bbox 1892 1570 2045 1625; x_wconf 89' lang='lat' dir='ltr'><strong>dare.</strong></span> <span class='ocrx_word' id='word_1_435' title='bbox 2075 1568 2346 1639; x_wconf 83' lang='lat' dir='ltr'><strong>Exprome</strong></span> <span class='ocrx_word' id='word_1_436' title='bbox 2371 1569 2439 1623; x_wconf 93' lang='lat' dir='ltr'><strong>de</strong></span> <span class='ocrx_word' id='word_1_437' title='bbox 2463 1568 2606 1622; x_wconf 90' lang='lat' dir='ltr'><strong>bono</strong></span> <span class='ocrx_word' id='word_1_438' title='bbox 2641 1569 2896 1622; x_wconf 78' lang='lat' dir='ltr'><strong>thesauro</strong></span> <span class='ocrx_word' id='word_1_439' title='bbox 2951 1568 3132 1623; x_wconf 88' lang='lat' dir='ltr'><strong>cordis</strong></span> <span class='ocrx_word' id='word_1_440' title='bbox 3174 1568 3247 1620; x_wconf 88' lang='lat' dir='ltr'><strong>tui</strong></span> <span class='ocrx_word' id='word_1_441' title='bbox 3298 1566 3464 1635; x_wconf 88' lang='lat' dir='ltr'><strong>spiri-</strong></span> 
     </span>
    </p>
   </div>
   <div class='ocr_carea' id='block_1_62' title="bbox 1894 1657 3461 1726">
    <p class='ocr_par' dir='ltr' id='par_1_62' title="bbox 1894 1657 3461 1726">
     <span class='ocr_line' id='line_1_62' title="bbox 1894 1657 3461 1726; baseline -0.006 -8"><span class='ocrx_word' id='word_1_442' title='bbox 1894 1663 2065 1719; x_wconf 87' lang='lat' dir='ltr'><strong>tuales</strong></span> <span class='ocrx_word' id='word_1_443' title='bbox 2095 1663 2352 1719; x_wconf 89' lang='lat' dir='ltr'><strong>divitias:</strong></span> <span class='ocrx_word' id='word_1_444' title='bbox 2382 1659 2771 1717; x_wconf 81' lang='lat' dir='ltr'><strong>consolationis</strong></span> <span class='ocrx_word' id='word_1_445' title='bbox 2809 1659 3070 1722; x_wconf 88' lang='lat' dir='ltr'><strong>remedia,</strong></span> <span class='ocrx_word' id='word_1_446' title='bbox 3123 1668 3177 1712; x_wconf 90' lang='lat' dir='ltr'><strong>et</strong></span> <span class='ocrx_word' id='word_1_447' title='bbox 3209 1657 3302 1712; x_wconf 86' lang='lat' dir='ltr'><strong>tibi</strong></span> <span class='ocrx_word' id='word_1_448' title='bbox 3335 1658 3461 1726; x_wconf 87' lang='lat' dir='ltr'><strong>ipsi,</strong></span> 
     </span>
    </p>
   </div>
   <div class='ocr_carea' id='block_1_63' title="bbox 1892 1747 3468 1821">
    <p class='ocr_par' dir='ltr' id='par_1_63' title="bbox 1892 1747 3468 1821">
     <span class='ocr_line' id='line_1_63' title="bbox 1892 1747 3468 1821; baseline -0.005 -14"><span class='ocrx_word' id='word_1_449' title='bbox 1892 1762 1948 1807; x_wconf 87' lang='lat' dir='ltr'><strong>et</strong></span> <span class='ocrx_word' id='word_1_450' title='bbox 1998 1754 2280 1807; x_wconf 85' lang='lat' dir='ltr'><strong>sororibus</strong></span> <span class='ocrx_word' id='word_1_451' title='bbox 2331 1751 2638 1821; x_wconf 88' lang='lat' dir='ltr'><strong>suppedita.</strong></span> <span class='ocrx_word' id='word_1_452' title='bbox 2686 1749 2903 1804; x_wconf 83' lang='lat' dir='ltr'><strong>Scimus</strong></span> <span class='ocrx_word' id='word_1_453' title='bbox 2936 1749 3080 1802; x_wconf 91' lang='lat' dir='ltr'><strong>enim</strong></span> <span class='ocrx_word' id='word_1_454' title='bbox 3117 1747 3214 1802; x_wconf 88' lang='lat' dir='ltr'><strong>has</strong></span> <span class='ocrx_word' id='word_1_455' title='bbox 3249 1760 3468 1816; x_wconf 84' lang='lat' dir='ltr'><strong>quoque</strong></span> 
     </span>
    </p>
   </div>
   <div class='ocr_carea' id='block_1_64' title="bbox 1895 1840 3465 1917">
    <p class='ocr_par' dir='ltr' id='par_1_64' title="bbox 1895 1840 3465 1917">
     <span class='ocr_line' id='line_1_64' title="bbox 1895 1840 3465 1917; baseline -0.006 -16"><span class='ocrx_word' id='word_1_456' title='bbox 1895 1847 2014 1917; x_wconf 89' lang='lat' dir='ltr'><strong>pari</strong></span> <span class='ocrx_word' id='word_1_457' title='bbox 2045 1846 2274 1901; x_wconf 72' lang='lat' dir='ltr'><strong>affectas</strong></span> <span class='ocrx_word' id='word_1_458' title='bbox 2299 1861 2420 1900; x_wconf 89' lang='lat' dir='ltr'><strong>esse</strong></span> <span class='ocrx_word' id='word_1_459' title='bbox 2457 1844 2678 1898; x_wconf 82' lang='lat' dir='ltr'><strong>tristitia</strong></span> <span class='ocrx_word' id='word_1_460' title='bbox 2733 1859 2748 1898; x_wconf 89' lang='lat'><strong>:</strong></span> <span class='ocrx_word' id='word_1_461' title='bbox 2781 1840 3237 1911; x_wconf 82' lang='lat' dir='ltr'><strong>quemadmodum</strong></span> <span class='ocrx_word' id='word_1_462' title='bbox 3283 1851 3335 1891; x_wconf 89' lang='lat' dir='ltr'><strong>et</strong></span> <span class='ocrx_word' id='word_1_463' title='bbox 3365 1840 3465 1892; x_wconf 91' lang='lat' dir='ltr'><strong>do-</strong></span> 
     </span>
    </p>
   </div>
   <div class='ocr_carea' id='block_1_65' title="bbox 1895 1933 3467 2009">
    <p class='ocr_par' dir='ltr' id='par_1_65' title="bbox 1895 1933 3467 2009">
     <span class='ocr_line' id='line_1_65' title="bbox 1895 1933 3467 2009; baseline -0.006 -15"><span class='ocrx_word' id='word_1_464' title='bbox 1895 1940 2041 1994; x_wconf 91' lang='lat' dir='ltr'><strong>mina</strong></span> <span class='ocrx_word' id='word_1_465' title='bbox 2063 1938 2371 2009; x_wconf 70' lang='lat' dir='ltr'><strong>praeposita,</strong></span> <span class='ocrx_word' id='word_1_466' title='bbox 2408 1938 2538 2008; x_wconf 91' lang='lat' dir='ltr'><strong>quin</strong></span> <span class='ocrx_word' id='word_1_467' title='bbox 2564 1945 2617 1991; x_wconf 88' lang='lat' dir='ltr'><strong>et</strong></span> <span class='ocrx_word' id='word_1_468' title='bbox 2643 1945 2754 1990; x_wconf 88' lang='lat' dir='ltr'><strong>tota</strong></span> <span class='ocrx_word' id='word_1_469' title='bbox 2783 1934 3008 1999; x_wconf 84' lang='lat' dir='ltr'><strong>familia,</strong></span> <span class='ocrx_word' id='word_1_470' title='bbox 3034 1933 3332 1988; x_wconf 73' lang='lat' dir='ltr'><strong>addiderim</strong></span> <span class='ocrx_word' id='word_1_471' title='bbox 3367 1947 3467 1985; x_wconf 83' lang='lat' dir='ltr'><strong>au—</strong></span> 
     </span>
    </p>
   </div>
   <div class='ocr_carea' id='block_1_66' title="bbox 1893 2025 3470 2098">
    <p class='ocr_par' dir='ltr' id='par_1_66' title="bbox 1893 2025 3470 2098">
     <span class='ocr_line' id='line_1_66' title="bbox 1893 2025 3470 2098; baseline -0.006 -12"><span class='ocrx_word' id='word_1_472' title='bbox 1893 2040 2024 2093; x_wconf 90' lang='lat' dir='ltr'><strong>tem,</strong></span> <span class='ocrx_word' id='word_1_473' title='bbox 2080 2041 2133 2084; x_wconf 91' lang='lat' dir='ltr'><strong>et</strong></span> <span class='ocrx_word' id='word_1_474' title='bbox 2169 2038 2396 2085; x_wconf 86' lang='lat' dir='ltr'><strong>senatus</strong></span> <span class='ocrx_word' id='word_1_475' title='bbox 2443 2029 2575 2098; x_wconf 91' lang='lat' dir='ltr'><strong>ipse.</strong></span> <span class='ocrx_word' id='word_1_476' title='bbox 2607 2026 2742 2094; x_wconf 86' lang='lat' dir='ltr'><strong>Quis</strong></span> <span class='ocrx_word' id='word_1_477' title='bbox 2782 2027 2928 2081; x_wconf 90' lang='lat' dir='ltr'><strong>illius</strong></span> <span class='ocrx_word' id='word_1_478' title='bbox 2978 2040 3143 2079; x_wconf 88' lang='lat' dir='ltr'><strong>causa</strong></span> <span class='ocrx_word' id='word_1_479' title='bbox 3176 2039 3286 2078; x_wconf 91' lang='lat' dir='ltr'><strong>non</strong></span> <span class='ocrx_word' id='word_1_480' title='bbox 3317 2025 3470 2091; x_wconf 83' lang='lat' dir='ltr'><strong>inge-</strong></span> 
     </span>
    </p>
   </div>
   <div class='ocr_carea' id='block_1_67' title="bbox 1894 2117 3469 2194">
    <p class='ocr_par' dir='ltr' id='par_1_67' title="bbox 1894 2117 3469 2194">
     <span class='ocr_line' id='line_1_67' title="bbox 1894 2117 3469 2194; baseline -0.004 -16"><span class='ocrx_word' id='word_1_481' title='bbox 1894 2123 2134 2179; x_wconf 83' lang='lat' dir='ltr'><strong>miscat?</strong></span> <span class='ocrx_word' id='word_1_482' title='bbox 2158 2123 2283 2194; x_wconf 91' lang='lat' dir='ltr'><strong>quis</strong></span> <span class='ocrx_word' id='word_1_483' title='bbox 2313 2123 2585 2194; x_wconf 82' lang='lat' dir='ltr'><strong>lacrymas</strong></span> <span class='ocrx_word' id='word_1_484' title='bbox 2620 2135 2727 2174; x_wconf 90' lang='lat' dir='ltr'><strong>non</strong></span> <span class='ocrx_word' id='word_1_485' title='bbox 2757 2118 2971 2173; x_wconf 84' lang='lat' dir='ltr'><strong>fundat?</strong></span> <span class='ocrx_word' id='word_1_486' title='bbox 3000 2117 3224 2187; x_wconf 87' lang='lat' dir='ltr'><strong>quando</strong></span> <span class='ocrx_word' id='word_1_487' title='bbox 3264 2126 3320 2171; x_wconf 92' lang='lat' dir='ltr'><strong>et</strong></span> <span class='ocrx_word' id='word_1_488' title='bbox 3371 2131 3469 2171; x_wconf 86' lang='lat' dir='ltr'><strong>nos</strong></span> 
     </span>
    </p>
   </div>
   <div class='ocr_carea' id='block_1_68' title="bbox 1895 2207 3472 2282">
    <p class='ocr_par' dir='ltr' id='par_1_68' title="bbox 1895 2207 3472 2282">
     <span class='ocr_line' id='line_1_68' title="bbox 1895 2207 3472 2282; baseline -0.005 -15"><span class='ocrx_word' id='word_1_489' title='bbox 1895 2213 2150 2277; x_wconf 79' lang='lat' dir='ltr'><strong>humiles,</strong></span> <span class='ocrx_word' id='word_1_490' title='bbox 2179 2213 2272 2282; x_wconf 91' lang='lat' dir='ltr'><strong>qui</strong></span> <span class='ocrx_word' id='word_1_491' title='bbox 2314 2213 2394 2267; x_wconf 92' lang='lat' dir='ltr'><strong>sic</strong></span> <span class='ocrx_word' id='word_1_492' title='bbox 2444 2210 2914 2280; x_wconf 85' lang='lat' dir='ltr'><strong>phi|050phamur,</strong></span> <span class='ocrx_word' id='word_1_493' title='bbox 2962 2208 3135 2278; x_wconf 90' lang='lat' dir='ltr'><strong>tetigit</strong></span> <span class='ocrx_word' id='word_1_494' title='bbox 3168 2216 3348 2261; x_wconf 89' lang='lat' dir='ltr'><strong>tamen</strong></span> <span class='ocrx_word' id='word_1_495' title='bbox 3377 2207 3472 2260; x_wconf 90' lang='lat' dir='ltr'><strong>do-</strong></span> 
     </span>
    </p>
   </div>
   <div class='ocr_carea' id='block_1_69' title="bbox 1895 2294 3470 2371">
    <p class='ocr_par' dir='ltr' id='par_1_69' title="bbox 1895 2294 3470 2371">
     <span class='ocr_line' id='line_1_69' title="bbox 1895 2294 3470 2371; baseline -0.006 -15"><span class='ocrx_word' id='word_1_496' title='bbox 1895 2302 2000 2358; x_wconf 92' lang='lat' dir='ltr'><strong>lor.</strong></span> <span class='ocrx_word' id='word_1_497' title='bbox 2024 2299 2227 2356; x_wconf 80' lang='lat' dir='ltr'><strong>Verum</strong></span> <span class='ocrx_word' id='word_1_498' title='bbox 2264 2311 2553 2371; x_wconf 83' lang='lat' dir='ltr'><strong>postquam</strong></span> <span class='ocrx_word' id='word_1_499' title='bbox 2599 2299 2977 2369; x_wconf 84' lang='lat' dir='ltr'><strong>perspeximus</strong></span> <span class='ocrx_word' id='word_1_500' title='bbox 3007 2297 3280 2350; x_wconf 87' lang='lat' dir='ltr'><strong>neminem</strong></span> <span class='ocrx_word' id='word_1_501' title='bbox 3317 2294 3470 2347; x_wconf 90' lang='lat' dir='ltr'><strong>nasci</strong></span> 
     </span>
    </p>
   </div>
   <div class='ocr_carea' id='block_1_70' title="bbox 1895 2389 3472 2464">
    <p class='ocr_par' dir='ltr' id='par_1_70' title="bbox 1895 2389 3472 2464">
     <span class='ocr_line' id='line_1_70' title="bbox 1895 2389 3472 2464; baseline -0.005 -18"><span class='ocrx_word' id='word_1_502' title='bbox 1895 2394 1990 2464; x_wconf 92' lang='lat' dir='ltr'><strong>qui</strong></span> <span class='ocrx_word' id='word_1_503' title='bbox 2049 2394 2177 2448; x_wconf 85' lang='lat' dir='ltr'><strong>hinc</strong></span> <span class='ocrx_word' id='word_1_504' title='bbox 2221 2393 2404 2447; x_wconf 90' lang='lat' dir='ltr'><strong>itidem</strong></span> <span class='ocrx_word' id='word_1_505' title='bbox 2469 2407 2580 2445; x_wconf 93' lang='lat' dir='ltr'><strong>non</strong></span> <span class='ocrx_word' id='word_1_506' title='bbox 2626 2399 2802 2453; x_wconf 80' lang='lat' dir='ltr'><strong>exeat,</strong></span> <span class='ocrx_word' id='word_1_507' title='bbox 2837 2389 2998 2458; x_wconf 87' lang='lat' dir='ltr'><strong>idque</strong></span> <span class='ocrx_word' id='word_1_508' title='bbox 3032 2404 3060 2441; x_wconf 90' lang='lat' dir='ltr'><strong>a</strong></span> <span class='ocrx_word' id='word_1_509' title='bbox 3093 2391 3268 2457; x_wconf 90' lang='lat' dir='ltr'><strong>primo</strong></span> <span class='ocrx_word' id='word_1_510' title='bbox 3298 2400 3472 2454; x_wconf 81' lang='lat' dir='ltr'><strong>usque</strong></span> 
     </span>
    </p>
   </div>
   <div class='ocr_carea' id='block_1_71' title="bbox 1895 2479 3470 2555">
    <p class='ocr_par' dir='ltr' id='par_1_71' title="bbox 1895 2479 3470 2555">
     <span class='ocr_line' id='line_1_71' title="bbox 1895 2479 3470 2555; baseline -0.006 -16"><span class='ocrx_word' id='word_1_511' title='bbox 1895 2494 2120 2555; x_wconf 87' lang='lat' dir='ltr'><strong>parente</strong></span> <span class='ocrx_word' id='word_1_512' title='bbox 2143 2483 2315 2537; x_wconf 84' lang='lat' dir='ltr'><strong>Adam</strong></span> <span class='ocrx_word' id='word_1_513' title='bbox 2350 2483 2417 2537; x_wconf 90' lang='lat' dir='ltr'><strong>ad</strong></span> <span class='ocrx_word' id='word_1_514' title='bbox 2450 2493 2693 2537; x_wconf 86' lang='lat' dir='ltr'><strong>nostram</strong></span> <span class='ocrx_word' id='word_1_515' title='bbox 2730 2482 2869 2535; x_wconf 89' lang='lat' dir='ltr'><strong>hanc</strong></span> <span class='ocrx_word' id='word_1_516' title='bbox 2899 2487 3111 2534; x_wconf 76' lang='lat' dir='ltr'><strong>aetatem</strong></span> <span class='ocrx_word' id='word_1_517' title='bbox 3145 2497 3158 2543; x_wconf 91' lang='lat'><strong>;</strong></span> <span class='ocrx_word' id='word_1_518' title='bbox 3194 2479 3326 2531; x_wconf 87' lang='lat' dir='ltr'><strong>nihil</strong></span> <span class='ocrx_word' id='word_1_519' title='bbox 3352 2479 3470 2530; x_wconf 81' lang='lat' dir='ltr'><strong>sin-</strong></span> 
     </span>
    </p>
   </div>
   <div class='ocr_carea' id='block_1_72' title="bbox 1897 2569 3463 2646">
    <p class='ocr_par' dir='ltr' id='par_1_72' title="bbox 1897 2569 3463 2646">
     <span class='ocr_line' id='line_1_72' title="bbox 1897 2569 3463 2646; baseline -0.006 -17"><span class='ocrx_word' id='word_1_520' title='bbox 1897 2575 2084 2646; x_wconf 88' lang='lat' dir='ltr'><strong>gulare</strong></span> <span class='ocrx_word' id='word_1_521' title='bbox 2120 2574 2365 2628; x_wconf 83' lang='lat' dir='ltr'><strong>arbitrati</strong></span> <span class='ocrx_word' id='word_1_522' title='bbox 2408 2589 2598 2629; x_wconf 92' lang='lat' dir='ltr'><strong>sumus</strong></span> <span class='ocrx_word' id='word_1_523' title='bbox 2643 2573 2696 2625; x_wconf 92' lang='lat' dir='ltr'><strong>in</strong></span> <span class='ocrx_word' id='word_1_524' title='bbox 2733 2588 2798 2625; x_wconf 92' lang='lat' dir='ltr'><strong>eo</strong></span> <span class='ocrx_word' id='word_1_525' title='bbox 2830 2572 2974 2640; x_wconf 89' lang='lat' dir='ltr'><strong>quod</strong></span> <span class='ocrx_word' id='word_1_526' title='bbox 3031 2570 3250 2634; x_wconf 88' lang='lat' dir='ltr'><strong>accidit,</strong></span> <span class='ocrx_word' id='word_1_527' title='bbox 3285 2569 3463 2638; x_wconf 82' lang='lat' dir='ltr'><strong>singu-</strong></span> 
     </span>
    </p>
   </div>
   <div class='ocr_carea' id='block_1_73' title="bbox 1898 2661 3469 2736">
    <p class='ocr_par' dir='ltr' id='par_1_73' title="bbox 1898 2661 3469 2736">
     <span class='ocr_line' id='line_1_73' title="bbox 1898 2661 3469 2736; baseline -0.004 -17"><span class='ocrx_word' id='word_1_528' title='bbox 1898 2667 2010 2720; x_wconf 92' lang='lat' dir='ltr'><strong>lare</strong></span> <span class='ocrx_word' id='word_1_529' title='bbox 2031 2666 2210 2736; x_wconf 91' lang='lat' dir='ltr'><strong>potius</strong></span> <span class='ocrx_word' id='word_1_530' title='bbox 2236 2664 2418 2729; x_wconf 84' lang='lat' dir='ltr'><strong>fuerit,</strong></span> <span class='ocrx_word' id='word_1_531' title='bbox 2437 2665 2482 2718; x_wconf 91' lang='lat' dir='ltr'><strong>si</strong></span> <span class='ocrx_word' id='word_1_532' title='bbox 2499 2661 2716 2733; x_wconf 88' lang='lat' dir='ltr'><strong>sapiens</strong></span> <span class='ocrx_word' id='word_1_533' title='bbox 2737 2677 2831 2717; x_wconf 82' lang='lat' dir='ltr'><strong>eor</strong></span> <span class='ocrx_word' id='word_1_534' title='bbox 2859 2672 3006 2715; x_wconf 92' lang='lat' dir='ltr'><strong>tuum</strong></span> <span class='ocrx_word' id='word_1_535' title='bbox 3029 2676 3152 2715; x_wconf 90' lang='lat' dir='ltr'><strong>cum</strong></span> <span class='ocrx_word' id='word_1_536' title='bbox 3173 2662 3469 2730; x_wconf 88' lang='lat' dir='ltr'><strong>gratiarunt</strong></span> 
     </span>
    </p>
   </div>
   <div class='ocr_carea' id='block_1_74' title="bbox 1899 2751 3472 2822">
    <p class='ocr_par' dir='ltr' id='par_1_74' title="bbox 1899 2751 3472 2822">
     <span class='ocr_line' id='line_1_74' title="bbox 1899 2751 3472 2822; baseline -0.004 -10"><span class='ocrx_word' id='word_1_537' title='bbox 1899 2759 2112 2812; x_wconf 86' lang='lat' dir='ltr'><strong>actione</strong></span> <span class='ocrx_word' id='word_1_538' title='bbox 2142 2758 2247 2812; x_wconf 90' lang='lat' dir='ltr'><strong>hoc</strong></span> <span class='ocrx_word' id='word_1_539' title='bbox 2275 2755 2447 2821; x_wconf 88' lang='lat' dir='ltr'><strong>ferat;</strong></span> <span class='ocrx_word' id='word_1_540' title='bbox 2484 2755 2558 2809; x_wconf 89' lang='lat' dir='ltr'><strong>ita</strong></span> <span class='ocrx_word' id='word_1_541' title='bbox 2613 2763 2670 2809; x_wconf 92' lang='lat' dir='ltr'><strong>ut</strong></span> <span class='ocrx_word' id='word_1_542' title='bbox 2722 2754 2972 2822; x_wconf 84' lang='lat' dir='ltr'><strong>exemplo</strong></span> <span class='ocrx_word' id='word_1_543' title='bbox 3018 2753 3115 2810; x_wconf 88' lang='lat' dir='ltr'><strong>sis.</strong></span> <span class='ocrx_word' id='word_1_544' title='bbox 3151 2751 3377 2820; x_wconf 89' lang='lat' dir='ltr'><strong>perinde</strong></span> <span class='ocrx_word' id='word_1_545' title='bbox 3407 2767 3472 2805; x_wconf 88' lang='lat' dir='ltr'><strong>ac</strong></span> 
     </span>
    </p>
   </div>
   <div class='ocr_carea' id='block_1_75' title="bbox 1899 2843 3468 2915">
    <p class='ocr_par' dir='ltr' id='par_1_75' title="bbox 1899 2843 3468 2915">
     <span class='ocr_line' id='line_1_75' title="bbox 1899 2843 3468 2915; baseline -0.006 -13"><span class='ocrx_word' id='word_1_546' title='bbox 1899 2848 2121 2903; x_wconf 88' lang='lat' dir='ltr'><strong>domina</strong></span> <span class='ocrx_word' id='word_1_547' title='bbox 2181 2846 2469 2915; x_wconf 51' lang='lat' dir='ltr'><strong>praeposita</strong></span> <span class='ocrx_word' id='word_1_548' title='bbox 2505 2854 2620 2898; x_wconf 91' lang='lat' dir='ltr'><strong>tum</strong></span> <span class='ocrx_word' id='word_1_549' title='bbox 2671 2843 2984 2904; x_wconf 89' lang='lat' dir='ltr'><strong>sororibus,</strong></span> <span class='ocrx_word' id='word_1_550' title='bbox 3047 2851 3160 2894; x_wconf 89' lang='lat' dir='ltr'><strong>tum</strong></span> <span class='ocrx_word' id='word_1_551' title='bbox 3217 2855 3468 2895; x_wconf 85' lang='lat' dir='ltr'><strong>sororum</strong></span> 
     </span>
    </p>
   </div>
   <div class='ocr_carea' id='block_1_76' title="bbox 1901 2933 3183 3009">
    <p class='ocr_par' dir='ltr' id='par_1_76' title="bbox 1901 2933 3183 3009">
     <span class='ocr_line' id='line_1_76' title="bbox 1901 2933 3183 3009; baseline -0.006 -15"><span class='ocrx_word' id='word_1_552' title='bbox 1901 2940 2113 3005; x_wconf 88' lang='lat' dir='ltr'><strong>liberis,</strong></span> <span class='ocrx_word' id='word_1_553' title='bbox 2138 2947 2606 3009; x_wconf 85' lang='lat' dir='ltr'><strong>cognatorumque</strong></span> <span class='ocrx_word' id='word_1_554' title='bbox 2640 2936 2910 2991; x_wconf 60' lang='lat' dir='ltr'><strong>universae</strong></span> <span class='ocrx_word' id='word_1_555' title='bbox 2942 2933 3183 2987; x_wconf 60' lang='lat' dir='ltr'><strong>familia).</strong></span> 
     </span>
    </p>
   </div>
   <div class='ocr_carea' id='block_1_77' title="bbox 1978 3200 3471 3273">
    <p class='ocr_par' dir='ltr' id='par_1_77' title="bbox 1978 3200 3471 3273">
     <span class='ocr_line' id='line_1_77' title="bbox 1978 3200 3471 3273; baseline -0.002 -18"><span class='ocrx_word' id='word_1_556' title='bbox 1978 3204 2242 3273; x_wconf 89' lang='lat' dir='ltr'><strong>Dispone,</strong></span> <span class='ocrx_word' id='word_1_557' title='bbox 2299 3211 2358 3256; x_wconf 91' lang='lat' dir='ltr'><strong>ut</strong></span> <span class='ocrx_word' id='word_1_558' title='bbox 2405 3202 2654 3268; x_wconf 88' lang='lat' dir='ltr'><strong>solebas,</strong></span> <span class='ocrx_word' id='word_1_559' title='bbox 2704 3201 2998 3270; x_wconf 86' lang='lat' dir='ltr'><strong>tranquillo</strong></span> <span class='ocrx_word' id='word_1_560' title='bbox 3049 3201 3234 3254; x_wconf 90' lang='lat' dir='ltr'><strong>animo</strong></span> <span class='ocrx_word' id='word_1_561' title='bbox 3266 3200 3471 3260; x_wconf 90' lang='lat' dir='ltr'><strong>omnia,</strong></span> 
     </span>
    </p>
   </div>
   <div class='ocr_carea' id='block_1_78' title="bbox 1908 3294 3474 3367">
    <p class='ocr_par' dir='ltr' id='par_1_78' title="bbox 1908 3294 3474 3367">
     <span class='ocr_line' id='line_1_78' title="bbox 1908 3294 3474 3367; baseline -0.003 -17"><span class='ocrx_word' id='word_1_562' title='bbox 1908 3313 2106 3367; x_wconf 85' lang='lat' dir='ltr'><strong>magno</strong></span> <span class='ocrx_word' id='word_1_563' title='bbox 2165 3297 2344 3366; x_wconf 87' lang='lat' dir='ltr'><strong>quoad</strong></span> <span class='ocrx_word' id='word_1_564' title='bbox 2391 3296 2506 3349; x_wconf 88' lang='lat' dir='ltr'><strong>ﬁeri</strong></span> <span class='ocrx_word' id='word_1_565' title='bbox 2577 3304 2755 3365; x_wconf 87' lang='lat' dir='ltr'><strong>potest</strong></span> <span class='ocrx_word' id='word_1_566' title='bbox 2804 3295 3059 3358; x_wconf 84' lang='lat' dir='ltr'><strong>consilio,</strong></span> <span class='ocrx_word' id='word_1_567' title='bbox 3121 3294 3304 3349; x_wconf 88' lang='lat' dir='ltr'><strong>fratris</strong></span> <span class='ocrx_word' id='word_1_568' title='bbox 3337 3311 3474 3362; x_wconf 89' lang='lat' dir='ltr'><strong>quo-</strong></span> 
     </span>
    </p>
   </div>
   <div class='ocr_carea' id='block_1_79' title="bbox 1909 3385 3475 3457">
    <p class='ocr_par' dir='ltr' id='par_1_79' title="bbox 1909 3385 3475 3457">
     <span class='ocr_line' id='line_1_79' title="bbox 1909 3385 3475 3457; baseline 0 -19"><span class='ocrx_word' id='word_1_569' title='bbox 1909 3401 2012 3457; x_wconf 90' lang='lat' dir='ltr'><strong>que</strong></span> <span class='ocrx_word' id='word_1_570' title='bbox 2068 3387 2289 3440; x_wconf 88' lang='lat' dir='ltr'><strong>domum</strong></span> <span class='ocrx_word' id='word_1_571' title='bbox 2352 3385 2641 3454; x_wconf 82' lang='lat' dir='ltr'><strong>adjuvans,</strong></span> <span class='ocrx_word' id='word_1_572' title='bbox 2695 3401 2763 3439; x_wconf 90' lang='lat' dir='ltr'><strong>ne</strong></span> <span class='ocrx_word' id='word_1_573' title='bbox 2813 3401 2916 3454; x_wconf 92' lang='lat' dir='ltr'><strong>ope</strong></span> <span class='ocrx_word' id='word_1_574' title='bbox 2967 3385 3224 3440; x_wconf 89' lang='lat' dir='ltr'><strong>destituta</strong></span> <span class='ocrx_word' id='word_1_575' title='bbox 3277 3385 3330 3438; x_wconf 94' lang='lat' dir='ltr'><strong>in</strong></span> <span class='ocrx_word' id='word_1_576' title='bbox 3379 3399 3475 3438; x_wconf 83' lang='lat' dir='ltr'><strong>eos</strong></span> 
     </span>
    </p>
   </div>
   <div class='ocr_carea' id='block_1_80' title="bbox 1909 3479 3475 3548">
    <p class='ocr_par' dir='ltr' id='par_1_80' title="bbox 1909 3479 3475 3548">
     <span class='ocr_line' id='line_1_80' title="bbox 1909 3479 3475 3548; baseline -0.002 -15"><span class='ocrx_word' id='word_1_577' title='bbox 1909 3481 2171 3543; x_wconf 86' lang='lat' dir='ltr'><strong>incurrat,</strong></span> <span class='ocrx_word' id='word_1_578' title='bbox 2197 3480 2289 3548; x_wconf 90' lang='lat' dir='ltr'><strong>qui</strong></span> <span class='ocrx_word' id='word_1_579' title='bbox 2330 3479 2557 3534; x_wconf 88' lang='lat' dir='ltr'><strong>insidias</strong></span> <span class='ocrx_word' id='word_1_580' title='bbox 2589 3488 2806 3532; x_wconf 88' lang='lat' dir='ltr'><strong>struunt</strong></span> <span class='ocrx_word' id='word_1_581' title='bbox 2833 3480 2885 3532; x_wconf 92' lang='lat' dir='ltr'><strong>in</strong></span> <span class='ocrx_word' id='word_1_582' title='bbox 2920 3480 3164 3533; x_wconf 89' lang='lat' dir='ltr'><strong>adversis</strong></span> <span class='ocrx_word' id='word_1_583' title='bbox 3193 3479 3475 3532; x_wconf 86' lang='lat' dir='ltr'><strong>hominum</strong></span> 
     </span>
    </p>
   </div>
   <div class='ocr_carea' id='block_1_81' title="bbox 1910 3570 3478 3640">
    <p class='ocr_par' dir='ltr' id='par_1_81' title="bbox 1910 3570 3478 3640">
     <span class='ocr_line' id='line_1_81' title="bbox 1910 3570 3478 3640; baseline -0.003 -13"><span class='ocrx_word' id='word_1_584' title='bbox 1910 3573 2094 3626; x_wconf 87' lang='lat' dir='ltr'><strong>rebus.</strong></span> <span class='ocrx_word' id='word_1_585' title='bbox 2156 3570 2356 3625; x_wconf 82' lang='lat' dir='ltr'><strong>Curam</strong></span> <span class='ocrx_word' id='word_1_586' title='bbox 2407 3571 2613 3640; x_wconf 87' lang='lat' dir='ltr'><strong>igitur,</strong></span> <span class='ocrx_word' id='word_1_587' title='bbox 2654 3571 2829 3640; x_wconf 88' lang='lat' dir='ltr'><strong>quoad</strong></span> <span class='ocrx_word' id='word_1_588' title='bbox 2872 3580 3044 3640; x_wconf 86' lang='lat' dir='ltr'><strong>potes,</strong></span> <span class='ocrx_word' id='word_1_589' title='bbox 3097 3571 3233 3625; x_wconf 89' lang='lat' dir='ltr'><strong>habe</strong></span> <span class='ocrx_word' id='word_1_590' title='bbox 3282 3570 3478 3624; x_wconf 77' lang='lat' dir='ltr'><strong>animae</strong></span> 
     </span>
    </p>
   </div>
   <div class='ocr_carea' id='block_1_82' title="bbox 1910 3664 3478 3734">
    <p class='ocr_par' dir='ltr' id='par_1_82' title="bbox 1910 3664 3478 3734">
     <span class='ocr_line' id='line_1_82' title="bbox 1910 3664 3478 3734; baseline -0.002 -14"><span class='ocrx_word' id='word_1_591' title='bbox 1910 3667 2037 3720; x_wconf 89' lang='lat' dir='ltr'><strong>boni</strong></span> <span class='ocrx_word' id='word_1_592' title='bbox 2101 3665 2246 3720; x_wconf 92' lang='lat' dir='ltr'><strong>illius</strong></span> <span class='ocrx_word' id='word_1_593' title='bbox 2278 3664 2376 3718; x_wconf 88' lang='lat' dir='ltr'><strong>viri</strong></span> <span class='ocrx_word' id='word_1_594' title='bbox 2433 3682 2446 3717; x_wconf 94' lang='lat'><strong>:</strong></span> <span class='ocrx_word' id='word_1_595' title='bbox 2491 3665 2748 3732; x_wconf 89' lang='lat' dir='ltr'><strong>quoniam</strong></span> <span class='ocrx_word' id='word_1_596' title='bbox 2790 3665 2951 3717; x_wconf 90' lang='lat' dir='ltr'><strong>etiam</strong></span> <span class='ocrx_word' id='word_1_597' title='bbox 3009 3673 3129 3734; x_wconf 91' lang='lat' dir='ltr'><strong>post</strong></span> <span class='ocrx_word' id='word_1_598' title='bbox 3167 3673 3396 3716; x_wconf 90' lang='lat' dir='ltr'><strong>mortem</strong></span> <span class='ocrx_word' id='word_1_599' title='bbox 3445 3679 3478 3717; x_wconf 87' lang='lat' dir='ltr'><strong>a</strong></span> 
     </span>
    </p>
   </div>
   <div class='ocr_carea' id='block_1_83' title="bbox 1910 3753 3478 3825">
    <p class='ocr_par' dir='ltr' id='par_1_83' title="bbox 1910 3753 3478 3825">
     <span class='ocr_line' id='line_1_83' title="bbox 1910 3753 3478 3825; baseline -0.001 -16"><span class='ocrx_word' id='word_1_600' title='bbox 1910 3757 2221 3812; x_wconf 89' lang='lat' dir='ltr'><strong>viventibus</strong></span> <span class='ocrx_word' id='word_1_601' title='bbox 2262 3756 2587 3823; x_wconf 77' lang='lat' dir='ltr'><strong>adjuvantur</strong></span> <span class='ocrx_word' id='word_1_602' title='bbox 2610 3755 2701 3824; x_wconf 89' lang='lat' dir='ltr'><strong>qui</strong></span> <span class='ocrx_word' id='word_1_603' title='bbox 2724 3756 2830 3808; x_wconf 88' lang='lat' dir='ltr'><strong>vita</strong></span> <span class='ocrx_word' id='word_1_604' title='bbox 2857 3754 3025 3809; x_wconf 89' lang='lat' dir='ltr'><strong>functi</strong></span> <span class='ocrx_word' id='word_1_605' title='bbox 3055 3764 3201 3809; x_wconf 91' lang='lat' dir='ltr'><strong>sunt.</strong></span> <span class='ocrx_word' id='word_1_606' title='bbox 3234 3753 3478 3825; x_wconf 88' lang='lat' dir='ltr'><strong>Denique</strong></span> 
     </span>
    </p>
   </div>
   <div class='ocr_carea' id='block_1_84' title="bbox 1911 3847 3478 3916">
    <p class='ocr_par' dir='ltr' id='par_1_84' title="bbox 1911 3847 3478 3916">
     <span class='ocr_line' id='line_1_84' title="bbox 1911 3847 3478 3916; baseline -0.003 -11"><span class='ocrx_word' id='word_1_607' title='bbox 1911 3850 2094 3905; x_wconf 90' lang='lat' dir='ltr'><strong>omnia</strong></span> <span class='ocrx_word' id='word_1_608' title='bbox 2131 3850 2184 3904; x_wconf 89' lang='lat' dir='ltr'><strong>in</strong></span> <span class='ocrx_word' id='word_1_609' title='bbox 2217 3851 2471 3902; x_wconf 88' lang='lat' dir='ltr'><strong>onmibus</strong></span> <span class='ocrx_word' id='word_1_610' title='bbox 2511 3848 2762 3902; x_wconf 89' lang='lat' dir='ltr'><strong>novimus</strong></span> <span class='ocrx_word' id='word_1_611' title='bbox 2794 3857 2845 3902; x_wconf 89' lang='lat' dir='ltr'><strong>te</strong></span> <span class='ocrx_word' id='word_1_612' title='bbox 2883 3856 3031 3902; x_wconf 90' lang='lat' dir='ltr'><strong>recte</strong></span> <span class='ocrx_word' id='word_1_613' title='bbox 3073 3847 3385 3916; x_wconf 78' lang='lat' dir='ltr'><strong>disponere,</strong></span> <span class='ocrx_word' id='word_1_614' title='bbox 3415 3861 3478 3901; x_wconf 90' lang='lat' dir='ltr'><strong>ac</strong></span> 
     </span>
    </p>
   </div>
   <div class='ocr_carea' id='block_1_85' title="bbox 1912 3939 3476 4012">
    <p class='ocr_par' dir='ltr' id='par_1_85' title="bbox 1912 3939 3476 4012">
     <span class='ocr_line' id='line_1_85' title="bbox 1912 3939 3476 4012; baseline -0.003 -16"><span class='ocrx_word' id='word_1_615' title='bbox 1912 3943 2092 4012; x_wconf 84' lang='lat' dir='ltr'><strong>potius</strong></span> <span class='ocrx_word' id='word_1_616' title='bbox 2115 3942 2379 3994; x_wconf 91' lang='lat' dir='ltr'><strong>rationem</strong></span> <span class='ocrx_word' id='word_1_617' title='bbox 2430 3939 2581 4009; x_wconf 90' lang='lat' dir='ltr'><strong>sequi</strong></span> <span class='ocrx_word' id='word_1_618' title='bbox 2631 3942 2844 4001; x_wconf 88' lang='lat' dir='ltr'><strong>ducem,</strong></span> <span class='ocrx_word' id='word_1_619' title='bbox 2877 3953 3040 4008; x_wconf 89' lang='lat' dir='ltr'><strong>quam</strong></span> <span class='ocrx_word' id='word_1_620' title='bbox 3067 3954 3097 3992; x_wconf 89' lang='lat' dir='ltr'><strong>a</strong></span> <span class='ocrx_word' id='word_1_621' title='bbox 3141 3954 3376 3993; x_wconf 80' lang='lat' dir='ltr'><strong>mcerore</strong></span> <span class='ocrx_word' id='word_1_622' title='bbox 3422 3947 3476 3992; x_wconf 90' lang='lat' dir='ltr'><strong>et</strong></span> 
     </span>
    </p>
   </div>
   <div class='ocr_carea' id='block_1_86' title="bbox 1914 4028 3476 4101">
    <p class='ocr_par' dir='ltr' id='par_1_86' title="bbox 1914 4028 3476 4101">
     <span class='ocr_line' id='line_1_86' title="bbox 1914 4028 3476 4101; baseline -0.003 -15"><span class='ocrx_word' id='word_1_623' title='bbox 1914 4032 2163 4086; x_wconf 88' lang='lat' dir='ltr'><strong>molestia</strong></span> <span class='ocrx_word' id='word_1_624' title='bbox 2192 4030 2326 4101; x_wconf 86' lang='lat' dir='ltr'><strong>regi.</strong></span> <span class='ocrx_word' id='word_1_625' title='bbox 2359 4028 2470 4084; x_wconf 82' lang='lat' dir='ltr'><strong>Hac</strong></span> <span class='ocrx_word' id='word_1_626' title='bbox 2527 4031 2670 4084; x_wconf 91' lang='lat' dir='ltr'><strong>enim</strong></span> <span class='ocrx_word' id='word_1_627' title='bbox 2722 4031 2788 4084; x_wconf 89' lang='lat' dir='ltr'><strong>de</strong></span> <span class='ocrx_word' id='word_1_628' title='bbox 2823 4045 2986 4083; x_wconf 88' lang='lat' dir='ltr'><strong>causa</strong></span> <span class='ocrx_word' id='word_1_629' title='bbox 3045 4029 3264 4083; x_wconf 87' lang='lat' dir='ltr'><strong>fratrem</strong></span> <span class='ocrx_word' id='word_1_630' title='bbox 3313 4030 3476 4083; x_wconf 77' lang='lat' dir='ltr'><strong>etiam</strong></span> 
     </span>
    </p>
   </div>
   <div class='ocr_carea' id='block_1_87' title="bbox 1911 4121 3478 4186">
    <p class='ocr_par' dir='ltr' id='par_1_87' title="bbox 1911 4121 3478 4186">
     <span class='ocr_line' id='line_1_87' title="bbox 1911 4121 3478 4186; baseline 0 -9"><span class='ocrx_word' id='word_1_631' title='bbox 1911 4124 2274 4177; x_wconf 78' lang='lat' dir='ltr'><strong>Athanasium</strong></span> <span class='ocrx_word' id='word_1_632' title='bbox 2314 4123 2586 4186; x_wconf 87' lang='lat' dir='ltr'><strong>misimus,</strong></span> <span class='ocrx_word' id='word_1_633' title='bbox 2619 4121 2862 4177; x_wconf 89' lang='lat' dir='ltr'><strong>dolorem</strong></span> <span class='ocrx_word' id='word_1_634' title='bbox 2914 4132 3159 4176; x_wconf 80' lang='lat' dir='ltr'><strong>nostrum</strong></span> <span class='ocrx_word' id='word_1_635' title='bbox 3217 4132 3478 4177; x_wconf 82' lang='lat' dir='ltr'><strong>testantes</strong></span> 
     </span>
    </p>
   </div>
   <div class='ocr_carea' id='block_1_88' title="bbox 1911 4209 3480 4281">
    <p class='ocr_par' dir='ltr' id='par_1_88' title="bbox 1911 4209 3480 4281">
     <span class='ocr_line' id='line_1_88' title="bbox 1911 4209 3480 4281; baseline 0 -17"><span class='ocrx_word' id='word_1_636' title='bbox 1911 4227 2036 4281; x_wconf 81' lang='lat' dir='ltr'><strong>erga</strong></span> <span class='ocrx_word' id='word_1_637' title='bbox 2068 4209 2404 4274; x_wconf 85' lang='lat' dir='ltr'><strong>defunctum,</strong></span> <span class='ocrx_word' id='word_1_638' title='bbox 2436 4218 2489 4263; x_wconf 89' lang='lat' dir='ltr'><strong>et</strong></span> <span class='ocrx_word' id='word_1_639' title='bbox 2532 4209 2779 4264; x_wconf 79' lang='lat' dir='ltr'><strong>affectum</strong></span> <span class='ocrx_word' id='word_1_640' title='bbox 2815 4224 2942 4278; x_wconf 89' lang='lat' dir='ltr'><strong>erga</strong></span> <span class='ocrx_word' id='word_1_641' title='bbox 2980 4211 3337 4264; x_wconf 86' lang='lat' dir='ltr'><strong>reverentiam</strong></span> <span class='ocrx_word' id='word_1_642' title='bbox 3390 4225 3480 4264; x_wconf 83' lang='lat' dir='ltr'><strong>ve-</strong></span> 
     </span>
    </p>
   </div>
   <div class='ocr_carea' id='block_1_89' title="bbox 1913 4303 3482 4373">
    <p class='ocr_par' dir='ltr' id='par_1_89' title="bbox 1913 4303 3482 4373">
     <span class='ocr_line' id='line_1_89' title="bbox 1913 4303 3482 4373; baseline -0.002 -14"><span class='ocrx_word' id='word_1_643' title='bbox 1913 4315 2080 4360; x_wconf 88' lang='lat' dir='ltr'><strong>stram</strong></span> <span class='ocrx_word' id='word_1_644' title='bbox 2122 4322 2134 4356; x_wconf 90' lang='lat'>:</span> <span class='ocrx_word' id='word_1_645' title='bbox 2169 4319 2327 4373; x_wconf 87' lang='lat' dir='ltr'><strong>quem</strong></span> <span class='ocrx_word' id='word_1_646' title='bbox 2397 4313 2649 4372; x_wconf 85' lang='lat' dir='ltr'><strong>optamus</strong></span> <span class='ocrx_word' id='word_1_647' title='bbox 2703 4303 2855 4357; x_wconf 88' lang='lat' dir='ltr'><strong>brevi</strong></span> <span class='ocrx_word' id='word_1_648' title='bbox 2918 4303 3198 4368; x_wconf 88' lang='lat' dir='ltr'><strong>reducem,</strong></span> <span class='ocrx_word' id='word_1_649' title='bbox 3249 4303 3482 4356; x_wconf 80' lang='lat' dir='ltr'><strong>bonum-</strong></span> 
     </span>
    </p>
   </div>
   <div class='ocr_carea' id='block_1_90' title="bbox 1911 4394 3303 4468">
    <p class='ocr_par' dir='ltr' id='par_1_90' title="bbox 1911 4394 3303 4468">
     <span class='ocr_line' id='line_1_90' title="bbox 1911 4394 3303 4468; baseline 0 -18"><span class='ocrx_word' id='word_1_650' title='bbox 1911 4412 2015 4468; x_wconf 90' lang='lat' dir='ltr'><strong>que</strong></span> <span class='ocrx_word' id='word_1_651' title='bbox 2041 4405 2205 4467; x_wconf 72' lang='lat' dir='ltr'><strong>grata:</strong></span> <span class='ocrx_word' id='word_1_652' title='bbox 2228 4395 2504 4466; x_wconf 69' lang='lat' dir='ltr'><strong>patientiae</strong></span> <span class='ocrx_word' id='word_1_653' title='bbox 2535 4404 2728 4450; x_wconf 73' lang='lat' dir='ltr'><strong>vestra:</strong></span> <span class='ocrx_word' id='word_1_654' title='bbox 2752 4394 3003 4449; x_wconf 88' lang='lat' dir='ltr'><strong>nuntium</strong></span> <span class='ocrx_word' id='word_1_655' title='bbox 3037 4397 3303 4466; x_wconf 87' lang='lat' dir='ltr'><strong>recipere.</strong></span> 
     </span>
    </p>
   </div>
   <div class='ocr_carea' id='block_1_91' title="bbox 2296 4628 3129 4700">
    <p class='ocr_par' dir='ltr' id='par_1_91' title="bbox 2296 4628 3129 4700">
     <span class='ocr_line' id='line_1_91' title="bbox 2296 4628 3129 4700; baseline 0.004 -18"><span class='ocrx_word' id='word_1_656' title='bbox 2296 4628 2498 4688; x_wconf 76' lang='lat' dir='ltr'><strong>CCVII.</strong></span> <span class='ocrx_word' id='word_1_657' title='bbox 2524 4659 2590 4670; x_wconf 89' lang='lat'><strong>-—</strong></span> <span class='ocrx_word' id='word_1_658' title='bbox 2627 4629 2853 4684; x_wconf 82' lang='lat' dir='ltr'><strong>Olbiano</strong></span> <span class='ocrx_word' id='word_1_659' title='bbox 2882 4632 3129 4700; x_wconf 71' lang='lat' dir='ltr'><strong>patricio.</strong></span> 
     </span>
    </p>
   </div>
   <div class='ocr_carea' id='block_1_92' title="bbox 911 4783 2788 4855">
    <p class='ocr_par' dir='ltr' id='par_1_92' title="bbox 911 4783 2788 4855">
     <span class='ocr_line' id='line_1_92' title="bbox 911 4783 2788 4855; baseline -0.009 -9"><span class='ocrx_word' id='word_1_660' title='bbox 911 4796 975 4846; x_wconf 77' lang='lat' dir='ltr'><strong>L&#39;t</strong></span> <span class='ocrx_word' id='word_1_661' title='bbox 1001 4797 1052 4843; x_wconf 86' lang='lat' dir='ltr'><strong>in</strong></span> <span class='ocrx_word' id='word_1_662' title='bbox 1084 4795 1368 4855; x_wconf 85' lang='lat' dir='ltr'><strong>magistratu</strong></span> <span class='ocrx_word' id='word_1_663' title='bbox 1394 4789 1475 4850; x_wconf 87' lang='lat' dir='ltr'><strong>pie</strong></span> <span class='ocrx_word' id='word_1_664' title='bbox 1509 4803 1565 4838; x_wconf 87' lang='lat' dir='ltr'><strong>ac</strong></span> <span class='ocrx_word' id='word_1_665' title='bbox 1591 4794 1780 4846; x_wconf 86' lang='lat' dir='ltr'><strong>sancte,</strong></span> <span class='ocrx_word' id='word_1_666' title='bbox 1806 4793 1860 4836; x_wconf 88' lang='lat' dir='ltr'><strong>et</strong></span> <span class='ocrx_word' id='word_1_667' title='bbox 1883 4784 1956 4835; x_wconf 88' lang='lat' dir='ltr'><strong>uti</strong></span> <span class='ocrx_word' id='word_1_668' title='bbox 1990 4784 2319 4838; x_wconf 85' lang='lat' dir='ltr'><strong>Christianum</strong></span> <span class='ocrx_word' id='word_1_669' title='bbox 2349 4783 2512 4841; x_wconf 83' lang='lat' dir='ltr'><strong>decet,</strong></span> <span class='ocrx_word' id='word_1_670' title='bbox 2558 4794 2615 4830; x_wconf 91' lang='lat' dir='ltr'><strong>se</strong></span> <span class='ocrx_word' id='word_1_671' title='bbox 2646 4784 2788 4844; x_wconf 88' lang='lat' dir='ltr'><strong>gerat</strong></span> 
     </span>
    </p>
   </div>
   <div class='ocr_carea' id='block_1_93' title="bbox 313 4935 1808 5015">
    <p class='ocr_par' dir='ltr' id='par_1_93' title="bbox 313 4935 1808 5015">
     <span class='ocr_line' id='line_1_93' title="bbox 313 4935 1808 5015; baseline -0.009 -16"><span class='ocrx_word' id='word_1_672' title='bbox 313 4942 589 5015; x_wconf 86' lang='grc' dir='ltr'>Γεώργιος</span> <span class='ocrx_word' id='word_1_673' title='bbox 616 4943 645 4994; x_wconf 85' lang='grc' dir='ltr'>ὁ</span> <span class='ocrx_word' id='word_1_674' title='bbox 673 4940 925 5010; x_wconf 80' lang='grc' dir='ltr'>θεοφιλὴς</span> <span class='ocrx_word' id='word_1_675' title='bbox 952 4938 1092 5008; x_wconf 79' lang='grc' dir='ltr'>ἀνὴρ</span> <span class='ocrx_word' id='word_1_676' title='bbox 1117 4937 1211 4990; x_wconf 77' lang='grc' dir='ltr'>καὶ</span> <span class='ocrx_word' id='word_1_677' title='bbox 1262 4935 1540 5006; x_wconf 83' lang='grc' dir='ltr'>περίδοξος</span> <span class='ocrx_word' id='word_1_678' title='bbox 1563 4936 1808 5004; x_wconf 85' lang='grc' dir='ltr'>νοτὰριος</span> 
     </span>
    </p>
   </div>
   <div class='ocr_carea' id='block_1_94' title="bbox 248 5028 1807 5112">
    <p class='ocr_par' dir='ltr' id='par_1_94' title="bbox 248 5028 1807 5112">
     <span class='ocr_line' id='line_1_94' title="bbox 248 5028 1807 5112; baseline -0.011 -18"><span class='ocrx_word' id='word_1_679' title='bbox 248 5037 618 5112; x_wconf 85' lang='grc' dir='ltr'>προσηγορίαν</span> <span class='ocrx_word' id='word_1_680' title='bbox 647 5035 779 5104; x_wconf 77' lang='grc' dir='ltr'>ἡμῖν</span> <span class='ocrx_word' id='word_1_681' title='bbox 810 5030 1116 5102; x_wconf 88' lang='grc' dir='ltr'>κεκομικὼς</span> <span class='ocrx_word' id='word_1_682' title='bbox 1144 5030 1294 5099; x_wconf 72' lang='grc' dir='ltr'>παρὰ</span> <span class='ocrx_word' id='word_1_683' title='bbox 1324 5028 1419 5098; x_wconf 83' lang='grc' dir='ltr'>τῆς</span> <span class='ocrx_word' id='word_1_684' title='bbox 1449 5031 1807 5097; x_wconf 81' lang='grc' dir='ltr'>πανευφήμου</span> 
     </span>
    </p>
   </div>
   <div class='ocr_carea' id='block_1_95' title="bbox 249 5121 1813 5198">
    <p class='ocr_par' dir='ltr' id='par_1_95' title="bbox 249 5121 1813 5198">
     <span class='ocr_line' id='line_1_95' title="bbox 249 5121 1813 5198; baseline -0.01 -14"><span class='ocrx_word' id='word_1_685' title='bbox 249 5135 343 5185; x_wconf 73' lang='grc' dir='ltr'>καὶ</span> <span class='ocrx_word' id='word_1_686' title='bbox 365 5129 651 5198; x_wconf 77' lang='grc' dir='ltr'>διαϐοήτου</span> <span class='ocrx_word' id='word_1_687' title='bbox 687 5125 839 5195; x_wconf 83' lang='grc' dir='ltr'>ὑμῶν</span> <span class='ocrx_word' id='word_1_688' title='bbox 869 5123 1172 5193; x_wconf 80' lang='grc' dir='ltr'>ὑπεροχῆς,</span> <span class='ocrx_word' id='word_1_689' title='bbox 1218 5121 1464 5190; x_wconf 76' lang='grc' dir='ltr'>άπῄτησε</span> <span class='ocrx_word' id='word_1_690' title='bbox 1520 5121 1611 5172; x_wconf 79' lang='grc' dir='ltr'>τὸν</span> <span class='ocrx_word' id='word_1_691' title='bbox 1647 5121 1813 5171; x_wconf 83' lang='grc' dir='ltr'>ἀντα-</span> 
     </span>
    </p>
   </div>
   <div class='ocr_carea' id='block_1_96' title="bbox 251 5209 1817 5293">
    <p class='ocr_par' dir='ltr' id='par_1_96' title="bbox 251 5209 1817 5293">
     <span class='ocr_line' id='line_1_96' title="bbox 251 5209 1817 5293; baseline -0.01 -17"><span class='ocrx_word' id='word_1_692' title='bbox 251 5223 504 5293; x_wconf 70' lang='grc' dir='ltr'>σπασμὸν</span> <span class='ocrx_word' id='word_1_693' title='bbox 563 5220 951 5290; x_wconf 77' lang='grc' dir='ltr'>ἐγγράμματον</span> <span class='ocrx_word' id='word_1_694' title='bbox 982 5216 1128 5284; x_wconf 78' lang='grc' dir='ltr'>ἡμᾶς</span> <span class='ocrx_word' id='word_1_695' title='bbox 1168 5212 1517 5283; x_wconf 84' lang='grc' dir='ltr'>ποιήσασθαι,</span> <span class='ocrx_word' id='word_1_696' title='bbox 1549 5211 1623 5274; x_wconf 83' lang='grc' dir='ltr'>ὡς</span> <span class='ocrx_word' id='word_1_697' title='bbox 1660 5209 1817 5262; x_wconf 86' lang='grc' dir='ltr'>τοῦτο</span> 
     </span>
    </p>
   </div>
   <div class='ocr_carea' id='block_1_97' title="bbox 252 5300 1815 5382">
    <p class='ocr_par' dir='ltr' id='par_1_97' title="bbox 252 5300 1815 5382">
     <span class='ocr_line' id='line_1_97' title="bbox 252 5300 1815 5382; baseline -0.01 -15"><span class='ocrx_word' id='word_1_698' title='bbox 252 5314 581 5382; x_wconf 86' lang='grc' dir='ltr'>κελευούσης</span> <span class='ocrx_word' id='word_1_699' title='bbox 645 5313 745 5381; x_wconf 81' lang='grc' dir='ltr'>τῆς</span> <span class='ocrx_word' id='word_1_700' title='bbox 806 5308 1201 5380; x_wconf 87' lang='grc' dir='ltr'>μακαριότητος</span> <span class='ocrx_word' id='word_1_701' title='bbox 1265 5305 1437 5369; x_wconf 77' lang='grc' dir='ltr'>ὑμῶν.</span> <span class='ocrx_word' id='word_1_702' title='bbox 1505 5303 1694 5370; x_wconf 82' lang='grc' dir='ltr'>Ἡμεῖς</span> <span class='ocrx_word' id='word_1_703' title='bbox 1756 5300 1815 5352; x_wconf 75' lang='grc' dir='ltr'>δὲ</span> 
     </span>
    </p>
   </div>
   <div class='ocr_carea' id='block_1_98' title="bbox 255 5390 1815 5466">
    <p class='ocr_par' dir='ltr' id='par_1_98' title="bbox 255 5390 1815 5466">
     <span class='ocr_line' id='line_1_98' title="bbox 255 5390 1815 5466; baseline -0.014 -5"><span class='ocrx_word' id='word_1_704' title='bbox 255 5406 480 5466; x_wconf 75' lang='grc' dir='ltr'>ἑαυτοὺς</span> <span class='ocrx_word' id='word_1_705' title='bbox 504 5401 824 5462; x_wconf 86' lang='grc' dir='ltr'>πεπεικότες</span> <span class='ocrx_word' id='word_1_706' title='bbox 854 5398 1098 5451; x_wconf 85' lang='grc' dir='ltr'>ὑπείκειν</span> <span class='ocrx_word' id='word_1_707' title='bbox 1147 5398 1206 5448; x_wconf 81' lang='grc' dir='ltr'>ὲν</span> <span class='ocrx_word' id='word_1_708' title='bbox 1234 5397 1347 5457; x_wconf 83' lang='grc' dir='ltr'>τοῖς</span> <span class='ocrx_word' id='word_1_709' title='bbox 1376 5393 1606 5461; x_wconf 79' lang='grc' dir='ltr'>φιλικοῖς</span> <span class='ocrx_word' id='word_1_710' title='bbox 1641 5390 1815 5458; x_wconf 82' lang='grc' dir='ltr'>καθή-</span> 
     </span>
    </p>
   </div>
   <div class='ocr_carea' id='block_1_99' title="bbox 257 5481 1815 5565">
    <p class='ocr_par' dir='ltr' id='par_1_99' title="bbox 257 5481 1815 5565">
     <span class='ocr_line' id='line_1_99' title="bbox 257 5481 1815 5565; baseline -0.012 -14"><span class='ocrx_word' id='word_1_711' title='bbox 257 5515 432 5563; x_wconf 79' lang='grc' dir='ltr'>κουσι,</span> <span class='ocrx_word' id='word_1_712' title='bbox 500 5496 842 5565; x_wconf 85' lang='grc' dir='ltr'>χαράττομεν</span> <span class='ocrx_word' id='word_1_713' title='bbox 885 5490 1045 5559; x_wconf 87' lang='grc' dir='ltr'>τήνδε</span> <span class='ocrx_word' id='word_1_714' title='bbox 1092 5488 1189 5556; x_wconf 83' lang='grc' dir='ltr'>τὴν</span> <span class='ocrx_word' id='word_1_715' title='bbox 1228 5485 1549 5554; x_wconf 77' lang='grc' dir='ltr'>ἐπιστολήν·</span> <span class='ocrx_word' id='word_1_716' title='bbox 1599 5481 1815 5553; x_wconf 82' lang='grc' dir='ltr'>πρῶτον</span> 
     </span>
    </p>
   </div>
   <div class='ocr_carea' id='block_1_100' title="bbox 263 5574 1815 5662">
    <p class='ocr_par' dir='ltr' id='par_1_100' title="bbox 263 5574 1815 5662">
     <span class='ocr_line' id='line_1_100' title="bbox 263 5574 1815 5662; baseline -0.012 -17"><span class='ocrx_word' id='word_1_717' title='bbox 263 5593 359 5662; x_wconf 78' lang='grc' dir='ltr'>μὲν</span> <span class='ocrx_word' id='word_1_718' title='bbox 394 5585 892 5659; x_wconf 82' lang='grc' dir='ltr'>προσαγορεύοντες</span> <span class='ocrx_word' id='word_1_719' title='bbox 942 5583 1010 5636; x_wconf 68' lang='grc' dir='ltr'>τὰ</span> <span class='ocrx_word' id='word_1_720' title='bbox 1062 5581 1246 5635; x_wconf 79' lang='grc' dir='ltr'>εἰκότα</span> <span class='ocrx_word' id='word_1_721' title='bbox 1295 5582 1342 5633; x_wconf 75' lang='lat' dir='ltr'><strong>oi</strong></span> <span class='ocrx_word' id='word_1_722' title='bbox 1387 5577 1640 5642; x_wconf 78' lang='grc' dir='ltr'>εὐτελεῖς,</span> <span class='ocrx_word' id='word_1_723' title='bbox 1683 5574 1815 5630; x_wconf 82' lang='grc' dir='ltr'>αὑτὸ</span> 
     </span>
    </p>
   </div>
   <div class='ocr_carea' id='block_1_101' title="bbox 1987 4927 3466 5001">
    <p class='ocr_par' dir='ltr' id='par_1_101' title="bbox 1987 4927 3466 5001">
     <span class='ocr_line' id='line_1_101' title="bbox 1987 4927 3466 5001; baseline -0.004 -15"><span class='ocrx_word' id='word_1_724' title='bbox 1987 4929 2251 5001; x_wconf 88' lang='lat' dir='ltr'><strong>Georgius</strong></span> <span class='ocrx_word' id='word_1_725' title='bbox 2287 4930 2371 4983; x_wconf 91' lang='lat' dir='ltr'><strong>vir</strong></span> <span class='ocrx_word' id='word_1_726' title='bbox 2400 4929 2687 4999; x_wconf 82' lang='lat' dir='ltr'><strong>religiosus</strong></span> <span class='ocrx_word' id='word_1_727' title='bbox 2718 4927 3061 4999; x_wconf 90' lang='lat' dir='ltr'><strong>insignisque</strong></span> <span class='ocrx_word' id='word_1_728' title='bbox 3087 4931 3333 4986; x_wconf 85' lang='lat' dir='ltr'><strong>notarius</strong></span> <span class='ocrx_word' id='word_1_729' title='bbox 3357 4947 3466 4987; x_wconf 68' lang='lat' dir='ltr'><strong>eum</strong></span> 
     </span>
    </p>
   </div>
   <div class='ocr_carea' id='block_1_102' title="bbox 1920 5020 3449 5093">
    <p class='ocr_par' dir='ltr' id='par_1_102' title="bbox 1920 5020 3449 5093">
     <span class='ocr_line' id='line_1_102' title="bbox 1920 5020 3449 5093; baseline 0 -15"><span class='ocrx_word' id='word_1_730' title='bbox 1920 5024 2302 5078; x_wconf 88' lang='lat' dir='ltr'><strong>salutationem</strong></span> <span class='ocrx_word' id='word_1_731' title='bbox 2352 5020 2508 5074; x_wconf 91' lang='lat' dir='ltr'><strong>nobis</strong></span> <span class='ocrx_word' id='word_1_732' title='bbox 2567 5022 2840 5074; x_wconf 83' lang='lat' dir='ltr'><strong>attulisset</strong></span> <span class='ocrx_word' id='word_1_733' title='bbox 2870 5022 2940 5075; x_wconf 92' lang='lat' dir='ltr'><strong>ab</strong></span> <span class='ocrx_word' id='word_1_734' title='bbox 2969 5023 3115 5075; x_wconf 87' lang='lat' dir='ltr'><strong>omni</strong></span> <span class='ocrx_word' id='word_1_735' title='bbox 3160 5025 3318 5078; x_wconf 88' lang='lat' dir='ltr'><strong>laude</strong></span> <span class='ocrx_word' id='word_1_736' title='bbox 3345 5042 3449 5093; x_wconf 66' lang='lat' dir='ltr'><strong>pra</strong></span> 
     </span>
    </p>
   </div>
   <div class='ocr_carea' id='block_1_103' title="bbox 1921 5111 3484 5182">
    <p class='ocr_par' dir='ltr' id='par_1_103' title="bbox 1921 5111 3484 5182">
     <span class='ocr_line' id='line_1_103' title="bbox 1921 5111 3484 5182; baseline -0.001 -11"><span class='ocrx_word' id='word_1_737' title='bbox 1921 5115 2155 5171; x_wconf 83' lang='lat' dir='ltr'><strong>dicanda</strong></span> <span class='ocrx_word' id='word_1_738' title='bbox 2184 5128 2237 5167; x_wconf 86' lang='lat' dir='ltr'><strong>et</strong></span> <span class='ocrx_word' id='word_1_739' title='bbox 2289 5111 2640 5166; x_wconf 86' lang='lat' dir='ltr'><strong>celeberrima</strong></span> <span class='ocrx_word' id='word_1_740' title='bbox 2700 5112 3019 5167; x_wconf 91' lang='lat' dir='ltr'><strong>celsitudine</strong></span> <span class='ocrx_word' id='word_1_741' title='bbox 3050 5127 3260 5180; x_wconf 83' lang='lat' dir='ltr'><strong>vestra,</strong></span> <span class='ocrx_word' id='word_1_742' title='bbox 3301 5126 3484 5182; x_wconf 84' lang='lat' dir='ltr'><strong>pustu-</strong></span> 
     </span>
    </p>
   </div>
   <div class='ocr_carea' id='block_1_104' title="bbox 1923 5201 3460 5271">
    <p class='ocr_par' dir='ltr' id='par_1_104' title="bbox 1923 5201 3460 5271">
     <span class='ocr_line' id='line_1_104' title="bbox 1923 5201 3460 5271; baseline -0.003 -11"><span class='ocrx_word' id='word_1_743' title='bbox 1923 5207 2054 5260; x_wconf 91' lang='lat' dir='ltr'><strong>lavit</strong></span> <span class='ocrx_word' id='word_1_744' title='bbox 2086 5214 2144 5259; x_wconf 89' lang='lat' dir='ltr'><strong>ut</strong></span> <span class='ocrx_word' id='word_1_745' title='bbox 2172 5213 2413 5257; x_wconf 89' lang='lat' dir='ltr'><strong>mutuam</strong></span> <span class='ocrx_word' id='word_1_746' title='bbox 2434 5201 2818 5257; x_wconf 89' lang='lat' dir='ltr'><strong>salutationem</strong></span> <span class='ocrx_word' id='word_1_747' title='bbox 2837 5202 3053 5271; x_wconf 90' lang='lat' dir='ltr'><strong>scriptis</strong></span> <span class='ocrx_word' id='word_1_748' title='bbox 3085 5203 3274 5256; x_wconf 83' lang='lat' dir='ltr'><strong>litteris</strong></span> <span class='ocrx_word' id='word_1_749' title='bbox 3298 5206 3460 5257; x_wconf 87' lang='lat' dir='ltr'><strong>redde</strong></span> 
     </span>
    </p>
   </div>
   <div class='ocr_carea' id='block_1_105' title="bbox 1920 5293 3479 5365">
    <p class='ocr_par' dir='ltr' id='par_1_105' title="bbox 1920 5293 3479 5365">
     <span class='ocr_line' id='line_1_105' title="bbox 1920 5293 3479 5365; baseline -0.004 -11"><span class='ocrx_word' id='word_1_750' title='bbox 1920 5314 2128 5360; x_wconf 85' lang='lat' dir='ltr'><strong>remus,</strong></span> <span class='ocrx_word' id='word_1_751' title='bbox 2181 5308 2436 5365; x_wconf 85' lang='lat' dir='ltr'><strong>tanquam</strong></span> <span class='ocrx_word' id='word_1_752' title='bbox 2491 5294 2541 5348; x_wconf 90' lang='lat' dir='ltr'><strong>id</strong></span> <span class='ocrx_word' id='word_1_753' title='bbox 2593 5293 2869 5347; x_wconf 87' lang='lat' dir='ltr'><strong>beatitudo</strong></span> <span class='ocrx_word' id='word_1_754' title='bbox 2925 5303 3102 5347; x_wconf 73' lang='lat' dir='ltr'><strong>vestra</strong></span> <span class='ocrx_word' id='word_1_755' title='bbox 3145 5295 3479 5363; x_wconf 66' lang='lat' dir='ltr'><strong>praeciperet.</strong></span> 
     </span>
    </p>
   </div>
   <div class='ocr_carea' id='block_1_106' title="bbox 1921 5382 3484 5441">
    <p class='ocr_par' dir='ltr' id='par_1_106' title="bbox 1921 5382 3484 5441">
     <span class='ocr_line' id='line_1_106' title="bbox 1921 5382 3484 5441; baseline 0 -1"><span class='ocrx_word' id='word_1_756' title='bbox 1921 5386 2032 5441; x_wconf 87' lang='lat' dir='ltr'><strong>Nos</strong></span> <span class='ocrx_word' id='word_1_757' title='bbox 2058 5401 2184 5440; x_wconf 90' lang='lat' dir='ltr'><strong>vero</strong></span> <span class='ocrx_word' id='word_1_758' title='bbox 2222 5401 2342 5438; x_wconf 90' lang='lat' dir='ltr'><strong>cnm</strong></span> <span class='ocrx_word' id='word_1_759' title='bbox 2393 5383 2634 5438; x_wconf 89' lang='lat' dir='ltr'><strong>animum</strong></span> <span class='ocrx_word' id='word_1_760' title='bbox 2685 5382 3058 5438; x_wconf 85' lang='lat' dir='ltr'><strong>induxerimus</strong></span> <span class='ocrx_word' id='word_1_761' title='bbox 3124 5385 3177 5437; x_wconf 85' lang='lat' dir='ltr'><strong>in</strong></span> <span class='ocrx_word' id='word_1_762' title='bbox 3231 5385 3484 5440; x_wconf 67' lang='lat' dir='ltr'><strong>amicitiae</strong></span> 
     </span>
    </p>
   </div>
   <div class='ocr_carea' id='block_1_107' title="bbox 1922 5475 3478 5545">
    <p class='ocr_par' dir='ltr' id='par_1_107' title="bbox 1922 5475 3478 5545">
     <span class='ocr_line' id='line_1_107' title="bbox 1922 5475 3478 5545; baseline -0.003 -12"><span class='ocrx_word' id='word_1_763' title='bbox 1922 5478 2112 5534; x_wconf 78' lang='lat' dir='ltr'><strong>olliciis</strong></span> <span class='ocrx_word' id='word_1_764' title='bbox 2152 5477 2564 5545; x_wconf 84' lang='lat' dir='ltr'><strong>obtemperare,</strong></span> <span class='ocrx_word' id='word_1_765' title='bbox 2605 5475 2746 5529; x_wconf 88' lang='lat' dir='ltr'><strong>banc</strong></span> <span class='ocrx_word' id='word_1_766' title='bbox 2801 5478 3084 5545; x_wconf 88' lang='lat' dir='ltr'><strong>epistolam</strong></span> <span class='ocrx_word' id='word_1_767' title='bbox 3143 5491 3478 5531; x_wconf 82' lang='lat' dir='ltr'><strong>exaramus:</strong></span> 
     </span>
    </p>
   </div>
   <div class='ocr_carea' id='block_1_108' title="bbox 1921 5567 3480 5642">
    <p class='ocr_par' dir='ltr' id='par_1_108' title="bbox 1921 5567 3480 5642">
     <span class='ocr_line' id='line_1_108' title="bbox 1921 5567 3480 5642; baseline -0.001 -17"><span class='ocrx_word' id='word_1_768' title='bbox 1921 5572 2156 5642; x_wconf 87' lang='lat' dir='ltr'><strong>primum</strong></span> <span class='ocrx_word' id='word_1_769' title='bbox 2218 5570 2432 5640; x_wconf 85' lang='lat' dir='ltr'><strong>quidem</strong></span> <span class='ocrx_word' id='word_1_770' title='bbox 2494 5569 2810 5634; x_wconf 87' lang='lat' dir='ltr'><strong>salutantes,</strong></span> <span class='ocrx_word' id='word_1_771' title='bbox 2862 5576 2922 5622; x_wconf 88' lang='lat' dir='ltr'><strong>ut</strong></span> <span class='ocrx_word' id='word_1_772' title='bbox 2965 5583 2993 5621; x_wconf 89' lang='lat' dir='ltr'><strong>a</strong></span> <span class='ocrx_word' id='word_1_773' title='bbox 3043 5567 3199 5624; x_wconf 86' lang='lat' dir='ltr'><strong>nobis</strong></span> <span class='ocrx_word' id='word_1_774' title='bbox 3232 5569 3480 5624; x_wconf 87' lang='lat' dir='ltr'><strong>tenuibus</strong></span> 
     </span>
    </p>
   </div>
   <div class='ocr_carea' id='block_1_109' title="bbox 1763 5727 1987 5784">
    <p class='ocr_par' dir='ltr' id='par_1_109' title="bbox 1763 5727 1987 5784">
     <span class='ocr_line' id='line_1_109' title="bbox 1763 5727 1987 5784; baseline -0.004 -2"><span class='ocrx_word' id='word_1_775' title='bbox 1763 5727 1987 5784; x_wconf 74' lang='lat' dir='ltr'><strong>NOT/E.</strong></span> 
     </span>
    </p>
   </div>
   <div class='ocr_carea' id='block_1_110' title="bbox 328 5857 927 5932">
    <p class='ocr_par' dir='ltr' id='par_1_110' title="bbox 328 5857 927 5932">
     <span class='ocr_line' id='line_1_110' title="bbox 328 5857 927 5932; baseline -0.002 -20"><span class='ocrx_word' id='word_1_776' title='bbox 328 5861 404 5932; x_wconf 65' lang='grc' dir='ltr'><strong>(ἓ)</strong></span> <span class='ocrx_word' id='word_1_777' title='bbox 445 5861 497 5916; x_wconf 92' lang='lat' dir='ltr'><strong>lu</strong></span> <span class='ocrx_word' id='word_1_778' title='bbox 526 5860 646 5915; x_wconf 89' lang='lat' dir='ltr'><strong>cod.</strong></span> <span class='ocrx_word' id='word_1_779' title='bbox 678 5857 808 5928; x_wconf 75' lang='lat' dir='ltr'><strong>Reg.</strong></span> <span class='ocrx_word' id='word_1_780' title='bbox 849 5863 927 5911; x_wconf 79' lang='grc' dir='ltr'>σι’.</span> 
     </span>
    </p>
   </div>
  </div>
