3966 6454
559 359 692 419 1627

1735 358 1798 418 S-
1829 354 2221 418 THEODORI
2256 355 2603 416 STUDITAS

3645 349 3778 410 1628

553 476 666 525 ticri
705 485 800 540 par
828 479 931 533 est,
968 477 1132 539 atque
1166 469 1270 524 hoc
1298 470 1474 539 ipsum
1514 472 1878 540 approbantes
1918 487 1981 524 ac
2013 485 2100 523 su-

2209 468 2368 522 τοῦτο
2388 467 2776 537 ἀποδεχόμενοι
2807 467 2902 520 καὶ
2932 465 3485 537 ὕπεραποδεχόμενοι,
3517 465 3601 518 δτι
3655 465 3776 532 γλί-

551 563 1010 632 perapprobantes
1035 601 1050 625 ,
1080 562 1223 631 quod
1250 577 1433 616 vocem
1465 573 1702 617 nostram
1726 563 1912 616 audire
1939 563 2106 631 cupit,

548 657 642 724 qui
673 655 865 708 miselli
895 670 1084 708 sumus
1114 663 1167 708 et
1198 664 1530 723 peccatores.
1579 653 1787 708 Etenim
1821 655 1923 708 hoc
1948 670 2109 724 argu-

553 757 791 801 mentum
823 758 906 803 est
930 747 1148 816 pietatis
1187 764 1291 802 non
1324 747 1565 816 vulgare,
1619 747 1762 818 quod
1792 749 2110 802 celsitudine

549 838 800 893 sublimis
845 841 910 892 ad
963 839 1248 893 humilium
1293 855 1474 893 vocem
1513 838 1825 901 inﬂectitur,
1871 854 1934 892 ac
1974 853 2109 907 prte-

549 931 734 983 sertim
778 931 878 985 hoc
903 941 1166 999 tempore,
1197 933 1414 999 quando
1453 931 1698 1000 plerique
1757 931 1918 984 etiam
1954 930 2108 984 valde

547 1022 753 1075 amicos
796 1023 1043 1076 homines
1113 1033 1454 1084 aversantur,
1503 1039 1569 1076 ne
1615 1022 1792 1075 dicam
1831 1021 2109 1076 obscurio-

549 1129 634 1168 res
679 1131 692 1166 :
745 1115 938 1169 deinde
1003 1115 1575 1179 commonefacit-lites,
1625 1124 1685 1169 ut
1712 1131 1835 1169 cum
1865 1115 2108 1170 modera-

547 1208 694 1260 tione
727 1207 956 1276 praesitis
980 1217 1035 1261 et
1068 1209 1314 1264 subditos
1353 1209 1534 1263 divine
1557 1210 1778 1278 rogatis.

614 1296 747 1350 Nam
786 1299 829 1351 si
869 1298 1046 1352 omnis
1099 1298 1436 1368 principatus
1470 1310 1523 1354 et
1553 1311 1790 1370 potestas
1823 1316 1853 1354 a
1882 1300 1992 1355 Deo
2023 1308 2109 1356 est

544 1389 814 1454 ordinata,
849 1391 990 1445 sicut
1035 1389 1278 1459 loquitur
1341 1391 1630 1461 Apostolus
1653 1393 1722 1454 ⁸³,
1760 1393 2105 1462 perspicuum

541 1492 624 1536 est
667 1498 816 1547 eum,
862 1483 954 1551 qui
995 1483 1358 1554 principatum
1406 1494 1461 1538 et
1507 1494 1826 1553 potestatem
1858 1487 2105 1552 obtinet,

545 1572 634 1627 Dei
675 1589 824 1629 more
883 1576 1139 1644 populum
1210 1577 1312 1630 sibi
1361 1577 1713 1631 commiSSnm
1776 1593 1962 1646 regere
2011 1579 2107 1634 de—

542 1666 669 1720 bere
700 1682 718 1720 :
748 1676 859 1720 tum
905 1678 963 1720 ut
1006 1667 1316 1736 incorrupta
1354 1669 1464 1722 sint
1513 1669 1681 1737 ipsius
1710 1671 1919 1740 judicia
1950 1673 2003 1726 in
2039 1673 2106 1728 iis

541 1777 661 1829 quae
709 1762 761 1816 in
805 1762 1249 1832 disceptationem
1283 1774 1336 1818 et
1379 1767 1804 1821 controversiam
1837 1768 2102 1823 veniunt:

540 1863 651 1907 tum
711 1867 773 1908 ut
824 1855 1057 1925 benigno
1106 1869 1406 1926 pacatoque
1458 1859 1607 1913 vultu
1674 1873 1861 1915 cernat
1899 1863 2105 1917 adeun-

539 1954 644 2008 tes,
687 1944 974 2015 facilisque
1005 1948 1183 2003 aditus
1214 1951 1466 2005 ﬁduciam
1493 1952 1585 2005 det
1616 1952 1904 2022 eloquendi
1959 1954 2102 2022 quod

539 2051 677 2105 opus
733 2047 834 2092 est.
877 2037 1159 2094 Mendicus
1205 2043 1385 2104 enim,
1445 2051 1505 2095 ut
1555 2044 1742 2105 aiunt,
1792 2061 1899 2098 non
1935 2047 2102 2100 susti-

537 2134 630 2179 net
665 2126 860 2180 minas.
898 2129 1102 2182 Dehinc
1161 2130 1228 2183 ad
1276 2131 1506 2185 mendici
1562 2141 1615 2186 et
1660 2133 1855 2202 abjecti
1891 2149 1978 2188 res
2006 2136 2102 2189 de-

537 2217 818 2279 scendere,
844 2228 898 2271 et
920 2219 1188 2288 castigare
1221 2221 1439 2290 quidem
1473 2224 1564 2276 ubi
1607 2240 1828 2280 necesse
1866 2235 1970 2291 est,
2007 2242 2103 2281 ca-

536 2307 740 2377 stigare
778 2318 958 2363 autem
993 2327 1099 2364 non
1131 2327 1222 2380 per
1247 2313 1404 2378 iram,
1438 2315 1530 2368 sed
1555 2317 1736 2370 studio
1766 2319 2103 2373 emendatio-

536 2399 641 2458 nis.
674 2401 876 2466 ah6qtle
913 2404 1320 2469 perturbatione
1338 2409 1535 2474 animi;
1574 2425 1748 2479 neque
1782 2427 1877 2480 per
1906 2413 2099 2467 verbe-

537 2504 654 2543 rum
687 2491 1047 2560 frequentiam
1075 2497 1253 2564 :quod
1299 2499 1443 2553 enim
1478 2500 1684 2555 immite
1712 2513 1816 2566 cst,
1854 2503 1963 2558 Deo
1989 2520 2098 2560 non

536 2582 710 2649 placet
741 2602 754 2636 :
785 2585 877 2638 sed
907 2585 1171 2652 judicium
1207 2589 1481 2657 adhibeat,
1515 2605 1776 2661 quantum
1828 2599 1962 2653 satis
1993 2608 2097 2665 est,

537 2683 594 2725 ut
624 2675 765 2743 quod
797 2687 948 2730 extra
980 2679 1324 2747 disciplinam
1385 2694 1468 2737 est
1519 2697 1756 2751 revocet,
1800 2692 2099 2744 correctio-

535 2780 770 2835 nemque
794 2767 1006 2834 eﬂiciat,
1038 2771 1180 2825 sicut
1219 2774 1328 2826 lilio
1356 2784 1527 2842 pater,
1569 2787 1624 2831 et
1674 2779 1816 2834 sicut
1854 2783 2100 2839 medicus

533 2868 754 2923 aegroto.
789 2858 867 2912 Ac
899 2861 1090 2916 beatus
1130 2861 1219 2916 ille
1256 2865 1346 2933 qui
1379 2866 1446 2919 ad
1477 2867 1622 2921 hunc
1658 2871 1877 2924 modum
1910 2873 1988 2926 vel
2025 2875 2104 2927 ci-

537 2950 624 3002 vili
660 2963 852 3020 praeest
880 2953 1111 3022 imperio
1143 2957 1222 3009 vel
1259 2958 1504 3014 militari.
1531 2961 1666 3014 Nam
1691 2971 1744 3015 et
1768 2963 1977 3034 Moyses
2009 2963 2101 3020 Dei

536 3040 772 3096 famulus
817 3045 1075 3114 populum
1117 3061 1328 3116 regens,
1363 3048 1595 3105 ctJesus
1645 3052 1785 3107 filius
1815 3051 1962 3108 Nave
2005 3070 2102 3109 co-

2209 575 2362 629 χεται
2393 559 2492 629 τῆς
2533 559 2712 628 φωνῆς
2737 557 2892 629 ἡμῶν
2934 557 3164 611 ἀκοῦσαι
3216 556 3445 626 οἰκτρῶν
3474 555 3644 609 ὄντων
3684 556 3776 608 καὶ

2208 651 2564 722 ἁμαρτωλῶν.
2594 654 2699 704 Καὶ
2724 651 2828 723 γὰρ
2871 651 3150 713 εὐσεϐείας
3178 650 3376 719 δεῖγμα
3423 649 3581 701 τοῦτο
3624 650 3685 700 οὐ
3716 647 3776 699 τὸ

2206 741 2385 810 τυχὸν,
2409 742 2492 794 ὅτι
2536 742 2564 792 6
2593 739 2793 809 ὑψηλὸς
2823 741 2888 810 τῇ
2937 740 3181 810 ὑπεροχῇ
3231 740 3370 809 πρὸς
3399 740 3499 809 τὴν
3531 739 3643 790 τῶν
3672 755 3774 790 τα·-

2207 831 2407 884 πεινῶν
2430 831 2611 902 φωνὴν
2635 830 3060 900 ὲπικάμπτεται,
3080 832 3171 883 καὶ
3202 831 3436 901 μάλιστα
3455 831 3510 881 ὲν
3531 829 3611 898 τῷ
3631 847 3775 899 παρη

2205 923 2317 976 όντι
2347 924 2543 994 καιρῷ,
2577 923 2739 977 ὁπότε
2766 922 3146 992 ἀποτροπάδην
3213 924 3261 974 ot
3285 921 3492 983 πολλοὶ,
3522 920 3620 972 καὶ
3647 924 3773 983 τοὺς

2207 1014 2346 1082 ἄγαν
2379 1015 2564 1084 φίλους
2618 1015 2824 1085 ἔχουσι,
2875 1013 2950 1083 μὴ
3001 1013 3148 1080 ὃτιγε
3192 1012 3448 1074 καὶτοὺς
3477 1013 3776 1079 ἀφανεστέ-

2209 1123 2370 1178 ρους·
2403 1105 2597 1160 ἔπειτα
2621 1105 3134 1176 ὑπομιμνήσκοντες
3165 1104 3284 1174 μεθ’
3327 1103 3630 1173 ὑποστολῆς
3677 1103 3777 1173 ἄρα

2206 1212 2342 1266 χειν,
2377 1196 2471 1248 καὶ
2503 1195 2709 1248 διέπειν
2728 1195 2790 1246 τὸ
2804 1195 3039 1263 ὑπήκοον
3059 1190 3396 1261 θεοπρεπῶς.

2277 1286 2338 1339 Εί
2363 1287 2470 1358 γὰρ
2497 1287 2645 1339 πᾶσα
2677 1285 2821 1356 ἀρχὴ
2855 1284 2950 1338 καὶ
2976 1282 3197 1350 ἐξουσία
3222 1283 3329 1335 ἀπὸ
3355 1282 3490 1335 Θεοῦ
3532 1283 3651 1335 ἐστι
3687 1298 3776 1334 τε-

2203 1377 2475 1448 ταγμένη,
2504 1376 2876 1440 ἁποστολικῶς
2908 1377 3103 1437 εἰπεῖν,
3138 1373 3378 1446 δηλονότι
3406 1376 3434 1428 6
3466 1376 3653 1446 ἄρχων
3683 1375 3776 1426 καὶ

2203 1469 2233 1521 6
2278 1469 2604 1535 ἐξουσιάζων
2648 1468 2907 1532 θεοτελῶς
2943 1467 3147 1538 ὀφείλει
3204 1468 3472 1537 διεξάγειν
3521 1469 3615 1521 τὸν
3669 1469 3775 1520 ὑπὸ

2205 1563 2360 1632 χεῖρα
2387 1561 2541 1613 λαόν·
2563 1560 2719 1614 τοῦτο
2747 1562 2846 1632 μὲν
2877 1562 2935 1614 ἐν
2967 1561 3285 1624 ἀδεκάστοις
3318 1560 3546 1630 κρίμασι
3577 1561 3688 1614 τῶν
3713 1561 3771 1612 ἐν

2203 1658 2324 1717 ταῖς
2351 1653 2707 1718 διαδικασίαις
2761 1654 3289 1726 ἀμφισϐητουμένων
3312 1670 3326 1684 ·
3361 1651 3519 1706 τοῦτο
3563 1654 3622 1707 δὲ
3677 1653 3774 1706 καὶ

2205 1745 2484 1816 ὲνευμενεῖ
2517 1746 2610 1798 καὶ
2640 1746 2898 1816 είρηνικῴ
2929 1745 3205 1817 προσώπῳ
3259 1745 3591 1798 ὀπτάνεσθαι
3643 1746 3788 1808 τοὺς.

2206 1836 2547 1904 προσιόντας,
2581 1836 2677 1890 καὶ
2705 1837 2901 1891 διδόναι
2929 1840 2994 1908 τῇ
3019 1837 3323 1908 εὐπροσίτῳ
3340 1836 3613 1907 παραδοχῇ
3638 1837 3775 1906 θάρ-

2207 1943 2298 1990 σος
2319 1927 2649 1996 φθέγγεσθαι
2670 1928 2728 1982 τὸ
2752 1929 3175 1999 παριστάμενον.
3195 1927 3412 1998 Πτωχὸς
3428 1928 3557 1997 γὰρ,
3583 1929 3771 1997 φησὶν,

2204 2018 2301 2088 οὐχ
2346 2018 2634 2086 ὑφίσταται
2686 2021 2936 2090 ἀπειλήν.
2973 2015 3107 2073 Εῐτα
3151 2020 3244 2072 καὶ
3306 2021 3433 2090 περὶ
3467 2020 3529 2072 τὸ
3555 2021 3775 2089 πτωχὸν

2209 2109 2372 2179 μέρος
2398 2108 2492 2161 καὶ
2518 2109 2984 2179 τεταπεινωμένον
3027 2109 3490 2178 ὲπικάμπτεσθαι,
3523 2111 3619 2163 καὶ
3646 2129 3775 2163 παιο

2204 2200 2382 2254 δεύειν
2418 2202 2518 2272 μὲν
2563 2205 2797 2274 ὁπηνίκα
2849 2203 3069 2274 ἡχρεία
3123 2204 3454 2270 ἀναγκάζει·
3494 2203 3774 2256 παιδεύειν

2203 2291 2260 2345 δὲ
2290 2293 2365 2364 μὴ
2389 2295 2446 2346 ὲν
2469 2294 2647 2363 θυμῷ,
2679 2295 2814 2348 ἀλλὰ
2845 2295 3032 2364 σκοπῷ
3079 2293 3416 2363 διορθώσεως
3447 2296 3770 2364 ἀταράχως·

2208 2383 2343 2453 μηδὲ
2393 2385 2450 2436 ὲν
2502 2384 2721 2446 πολλαῖς
2783 2385 3030 2454 μάστιξι·
3087 2385 3147 2436 τὸ
3177 2386 3285 2454 γὰρ
3330 2387 3538 2456 ἀπηνὲς
3580 2386 3775 2453 ἄφιλον

2202 2475 2356 2547 Θεῷ·
2397 2476 2513 2529 ἀλλ’
2569 2477 3000 2546 ὲγκεκριμένως,
3037 2479 3130 2530 καὶ¹
3175 2479 3297 2530 ὅσον
3338 2478 3399 2530 τὸ
3448 2480 3777 2533 ἀπαίδευτον

2201 2567 2533 2630 ἀναστεῖλαι,
2559 2569 2650 2622 καὶ
2670 2568 2730 2620 τὸ
2748 2567 3092 2638 διορθωτικὸν
3151 2571 3621 2640 περιποιήσασθαι
3648 2588 3660 2603 ·
3688 2566 3776 2624 οἵα

2204 2660 2383 2731 πατὴρ
2411 2660 2595 2722 παιδί,
2634 2660 2729 2713 καὶ
2766 2658 2841 2722 ὡς
2873 2659 3055 2728 ἰατρὸς
3101 2659 3179 2730 τῷ
3213 2661 3494 2726 κάμνοντι.
3532 2663 3642 2715 Καὶ
3676 2680 3778 2732 μα-

2203 2751 2395 2819 κάριος
2419 2753 2445 2804 6
2475 2751 2650 2813 οὕτως
2677 2751 3021 2821 δημαγωγῶν
3050 2752 3142 2804 καὶ
3174 2752 3514 2820 στρατηγῶν.
3553 2755 3776 2823 Ἐπειδὴ

2205 2844 2299 2894 καὶ
2324 2844 2528 2912 Μωσῆς
2556 2845 2582 2895 6
2606 2842 2861 2912 Θεράπων
2883 2841 2977 2895 τοῦ
3001 2841 3135 2893 Θεοῦ
3159 2841 3403 2911 ἀρχικὸς,
3435 2843 3530 2894 καὶ
3567 2844 3778 2915 Ἰησοῦς

2202 2933 2230 2984 6
2260 2931 2351 2985 τοῦ
2379 2932 2537 3002 Ναυῆ
2572 2932 2892 3004 στρατηγὸς,
2929 2933 3021 2985 καὶ
3045 2931 3274 2994 πολλοὺς
3303 2931 3417 2984 ἔστι
3441 2932 3633 2998 φάναι,
3661 2935 3777 2988 ὅσοι

2200 3025 2262 3078 οὑ
2297 3024 2456 3094 μόνον
2485 3025 2542 3076 ἐν
2610 3023 2939 3094 βασιλεῦσιν,
2982 3024 3118 3078 ἀλλὰ
3172 3025 3266 3077 καὶ
3304 3027 3520 3094 κριταῖς
3550 3025 3647 3078 καὶ
3673 3025 3777 3098 ἄρ·-

534 3133 652 3201 pias
676 3135 899 3200 ducens,
937 3114 1202 3207 multique
1232 3154 1337 3193 non
1374 3144 1548 3194 solum
1608 3159 1818 3211 regum,
1875 3146 1968 3200 sed
2011 3147 2100 3216 ju-

2205 3132 2374 3185 χουστ,
2415 3115 2510 3168 καὶ
2554 3117 2660 3187 πρὸ
2719 3116 2907 3184 νόμου,
2936 3115 3032 3168 καὶ
3072 3115 3130 3166 ἐν
3166 3114 3335 3185 νόμῳ,
3376 3115 3467 3167 καὶ
3503 3116 3644 3184 μετὰ
3675 3118 3778 3188 τὴν

532 3227 711 3280 dicunt
759 3235 814 3282 et
861 3230 1187 3298 principum,
1231 3233 1324 3299 qui
1370 3234 1605 3288 velante
1647 3237 1836 3306 legem,
1870 3239 1954 3292 vel
1995 3241 2098 3294 sub

534 3318 671 3387 lege,
707 3319 788 3373 vel
812 3329 932 3388 post
976 3323 1203 3388 gratiam
1243 3322 1606 3393 imperarunt,
1651 3330 1967 3398 primasque
2014 3344 2096 3388 te-

533 3419 788 3468 nuerunt.
843 3412 1068 3467 Domino
1116 3415 1390 3484 placuere,
1437 3420 1579 3489 quod
1609 3435 1732 3476 cum
1770 3425 1963 3492 pietate
1993 3426 2094 3479 ad-

533 3503 927 3560 ministrarent.
957 3504 1070 3560 Hoc
1104 3508 1269 3577 igitur
1290 3513 1538 3582 exemplo
1569 3522 1640 3576 te.
1660 3515 2093 3575 laudatissimum

531 3605 588 3649 et
625 3596 1149 3655 desideratissimum
1200 3602 1481 3658 dominum
1529 3616 1800 3674 nostrum,
1866 3628 2097 3681 praeesse

532 3690 823 3759 cupimus,
888 3700 941 3744 et
992 3706 1248 3760 oramus,
1304 3706 1469 3767 atque
1510 3698 1651 3754 inter
1717 3701 1818 3757 hos
1875 3717 2096 3761 sanctos

530 3791 585 3837 et
639 3783 999 3839 admiratione
1044 3786 1236 3857 dignos
1275 3791 1420 3845 viros
1476 3796 1768 3849 recenseri.
1811 3796 1919 3851 Nec
1968 3814 2095 3852 vero

534 3875 962 3931 admonitionem
996 3890 1237 3934 nostram
1266 3882 1346 3937 sic
1383 3884 1619 3953 accipias
1652 3890 1808 3957 quasi
1847 3891 1914 3945 ab
1944 3907 2097 3946 arro-

533 3967 718 4035 gantia
752 3968 1072 4038 profectam,
1110 3973 1202 4026 sed
1225 3975 1408 4042 potius
1432 3983 1687 4047 tanquam
1728 3997 1757 4035 a
1786 3983 2092 4054 charitat‘e;

533 4061 788 4130 quoniam
808 4078 1054 4117 amamus
1076 4073 1144 4127 te,
1169 4067 1260 4134 qui
1282 4066 1450 4122 Deum
1465 4084 1638 4133 amas,
1660 4082 1714 4128 et
1733 4075 1983 4131 amicitiae
2008 4093 2095 4131 ar-

535 4162 850 4219 gumentum
894 4165 1000 4220 est,
1039 4156 1188 4209 utilia
1216 4158 1262 4212 ei
1307 4161 1399 4228 qui
1448 4173 1682 4228 amatur,
1719 4165 1862 4235 loqui
1897 4182 1910 4219 :
1947 4170 2093 4237 quod

533 4245 892 4301 ostenderunt
915 4247 1149 4303 humiles
1180 4251 1372 4306 litterae.
1410 4264 1629 4311 nostrae.
1660 4255 1884 4312 Tribuat
1915 4269 2091 4315 autem

534 4335 691 4388 nobis
713 4336 890 4392 bonus
923 4339 1064 4394 Deus
1103 4350 1311 4407 noster,
1343 4353 1402 4397 ut
1429 4361 1614 4400 coram
1649 4347 1700 4402 in
1757 4349 2091 4420 colloquium

534 4428 751 4481 tandem
813 4429 1107 4499 aliquando
1155 4435 1458 4501 veniamus,
1495 4446 1548 4490 et
1603 4439 1762 4495 bonis
1797 4458 1918 4510 qua:
1949 4445 2004 4499 in
2044 4456 2094 4499 te

534 4529 659 4573 sunt
694 4519 1038 4588 perfruamur
1072 4541 1085 4577 :
1123 4534 1181 4577 ut
1225 4542 1344 4592 quae
1395 4528 1535 4583 fama
1568 4542 1618 4585 et
1647 4534 1834 4588 audito
1865 4551 1971 4590 non
2002 4554 2098 4591 ex-

537 4614 684 4666 liibet
724 4630 907 4669 coram
963 4618 1075 4671 haec
1132 4621 1346 4674 oculata
1393 4624 1632 4693 cognitio
1687 4626 2096 4696 demonstrans,

535 4707 838 4774 paratiores
903 4725 1002 4765 nos
1042 4711 1231 4766 reddat
1277 4717 1698 4786 capaciorcsque
1737 4720 1803 4773 ad
1863 4723 2096 4777 amicam

535 4795 978 4863 conjunctionetn
1009 4818 1022 4853 :
1054 4802 1274 4870 quando
1315 4806 1532 4872 quidem
1572 4825 1600 4860 a
1625 4809 1768 4862 bono
1809 4814 2097 4869 tabellario

534 4887 844 4953 didicimus,
873 4893 1124 4961 pietatem
1148 4905 1294 4950 tuam
1329 4913 1436 4951 non
1473 4903 1658 4968 paucis
1704 4907 1934 4974 egregiis
1967 4907 2100 4963 faci-

537 4981 763 5036 noribus
793 4983 1128 5055 insignitam,
1159 5006 1323 5060 quam
1360 4993 1565 5048 utinam
1598 4995 1859 5053 Dominus
1892 5011 1948 5053 ut
1997 5017 2097 5070 pu-

537 5072 720 5141 pillam
751 5078 916 5140 oculi,
949 5080 1143 5135 noxias
1169 5097 1358 5138 omnes
1381 5084 1610 5154 injurias
1633 5099 1979 5157 superantem
2007 5109 2096 5146 cu-

536 5166 754 5235 stodiat,
773 5180 1060 5242 servetque
1077 5175 1142 5229 ad
1161 5175 1333 5246 ipsius
1354 5193 1581 5248 regnum
1602 5185 1744 5250 quod
1760 5183 1814 5237 in
1828 5187 2096 5247 caalisest.

901 5267 1123 5324 CCVIII.
1142 5301 1212 5314 -
1242 5273 1469 5328 Antonio
1493 5275 1749 5345 episcopo.

2207 3207 2366 3276 χάριν
2399 3207 2753 3276 ἁρχαῒζοντες
2779 3207 2872 3258 καὶ
2897 3204 3366 3275 πρωταρχοῦντες,
3398 3206 3776 3276 εὖηρέστησαν

2203 3299 2281 3368 τῷ
2310 3298 2497 3369 Κυρίῳ
2521 3299 2619 3350 σὺν
2674 3297 2926 3367 εὑσεΰείᾳ
2979 3300 3458 3368 ἀναστρεφόμενοι.
3491 3301 3680 3374 Ταύτῃ
3709 3302 3776 3373 δὴ

2203 3384 2296 3436 οῦν
2340 3384 2432 3438 καὶ⁴
2470 3384 2530 3436 σὲ
2566 3385 2657 3437 τὸν
2697 3384 3056 3455 πανεύφημον
3107 3387 3200 3438 καὶ
3251 3388 3580 3457 ὲπιπόθητον
3616 3390 3777 3459 ἡμῶν

2205 3477 2482 3546 Δεσπότην
2514 3476 2774 3547 φιλοῦμεν
2799 3479 2892 3531 καὶ
2939 3476 3198 3547 αἰτοῦμεν
3228 3477 3464 3530 διέπειν·
3505 3482 3599 3532 καὶ
3647 3481 3777 3533 τού-

2202 3581 2314 3627 τοις
2340 3565 2404 3634 δὴ
2433 3569 2542 3628 τοῖς
2570 3567 2933 3636 σεσωσμένοις
2955 3569 3047 3619 καὶ
3075 3565 3428 3634 άξιαγάστοις
3457 3566 3779 3636 ἐναρίθμιον

2201 3656 2473 3725 γενέσθαι.
2505 3659 2614 3710 Καὶ
2645 3659 2718 3728 μή
2772 3676 2853 3710 τοι
2879 3659 3004 3729 δέξῃ
3033 3660 3132 3730 τὴν
3174 3658 3527 3728 ὑπόμνησινὴ
3539 3657 3658 3727 μῶν
3698 3658 3777 3721 ώς

2199 3746 2588 3817 αὑθαδιασμὸν,
2635 3748 2752 3801 ἀλλ’
2796 3748 2870 3811 ώς
2903 3749 3256 3818 ἀγαπητικὸν
3280 3751 3509 3820 τρόπον·
3583 3750 3776 3820 ἐπειδὴ

2202 3840 2464 3910 φιλοῦμέν
2489 3857 2548 3893 σε
2588 3838 2840 3908 φιλοῦντα
2872 3839 2966 3892 τὸν
3016 3840 3169 3904 Θεὸν,
3202 3841 3295 3892 καὶ
3338 3840 3494 3909 φίλου
3543 3841 3773 3910 δεῖγμα,

2200 3933 2269 3985 τὰ
2299 3931 2556 4001 ἐπωφελῆ
2580 3931 2910 4000 φθέγγεσθαι
2929 3931 3007 4002 τῷ
3027 3932 3333 4002 φιλουμένῳ
3351 3949 3362 3962 ·
3404 3932 3542 4000 ὅπερ
3567 3931 3774 4001 δέδειχε

2199 4025 2260 4076 τὸ
2282 4025 2494 4087 εὐτελὲς
2520 4023 2676 4095 ἡμῶν
2704 4026 2959 4095 γράμμα.
3016 4023 3290 4088 Ἀξιώσειε
3319 4025 3376 4076 δὲ
3407 4025 3555 4093 ἡμᾶς
3579 4025 3606 4075 6
3636 4027 3779 4090 ἁγαο

2206 4115 2296 4179 θὸς
2329 4116 2462 4181 Θεὸς
2483 4117 2640 4187 ἡμῶν
2677 4119 2770 4170 καὶ
2800 4119 2880 4178 εἰς
2917 4117 3015 4186 τὴν
3059 4117 3180 4170 κατ’
3209 4114 3522 4184 ὀφθαλμοὺς
3547 4115 3773 4185 ὁμιλίαν

2199 4209 2299 4278 ὀψέ
2333 4226 2463 4261 ποτε
2487 4209 2682 4273 ἐλθεῖν,
2715 4210 2807 4260 καὶ
2836 4204 3140 4259 ἀπολαῦσαι
3185 4207 3292 4258 τῶν
3326 4209 3383 4259 ἐν
3434 4207 3519 4258 σοὶ
3548 4207 3731 4260 καλῶν
3757 4224 3775 4240 ·

2204 4299 2290 4352 ἵνα
2342 4299 2442 4351 ὅσα
2476 4301 2504 4351 6
2534 4299 2688 4366 λόγος
2736 4296 2835 4367 τῆς
2880 4295 3049 4366 ἀκοῆς
3086 4298 3147 4349 οὐ
3185 4297 3505 4366 παρίστησι,
3535 4296 3710 4349 ταῦτα
3737 4299 3774 4367 ἡ

2202 4393 2500 4462 αὑτοπτικὴ
2555 4391 2765 4462 ἱστορία
2815 4391 3142 4457 ὑποδείξασα
3175 4392 3594 4460 ὲνεργεστέρους
3625 4392 3778 4462 ἡμᾶς

2131 4492 2176 4551 ι)
2202 4482 2562 4553 καταστήσειε
2606 4482 2706 4552 τῆς
2737 4481 2956 4552 φιλικῆς
3019 4481 3370 4550 ἀνακράσεως
3395 4496 3408 4511 ·
3469 4481 3775 4553 ἐπειδήπερ

2206 4570 2622 4642 ὲξεδιδάχθημεν
2673 4576 2822 4643 παρὰ
2859 4571 2950 4625 τοῦ
2981 4570 3216 4642 χρηστοῦ
3269 4571 3775 4640 γραμματηφόρου,

2204 4664 2305 4717 οὐκ
2363 4665 2562 4732 ὀλίγων
2610 4665 3054 4735 κατορθωμάτων
3106 4662 3614 4732 κεχαρακτηρίσθαι
3675 4663 3778 4729 τὴν

2206 4757 2488 4810 εὐσέϐειαν
2522 4757 2706 4826 ὑμῶν·
2757 4757 2826 4827 ἢν
2881 4757 2976 4816 καὶ
3011 4754 3324 4809 διασώσειεν
3362 4756 3390 4807 ό
3434 4753 3639 4824 Κύριος
3701 4755 3780 4818 ώς

2205 4847 2372 4918 κόρην
2423 4847 2722 4916 ὀφθαλμοῦ,
2779 4846 3154 4918 ὑπερθέουσαν
3221 4849 3403 4918 πάσης
3467 4847 3781 4917 βλαπτικῆς

2205 4937 2490 5007 ἐπηρείας,
2525 4938 2621 4990 καὶ
2658 4936 2883 4990 σώσειεν
2928 4938 3010 5001 είς
3034 4937 3132 5009 τὴν
3165 4936 3447 5008 βασιλείαν
3483 4936 3653 4991 αὑτοῦ
3678 4938 3781 5008 τὴν

2200 5030 2538 5100 ἐπουράνιον.

2392 5280 2496 5336 ΣΗ¹
2521 5281 2619 5352 (3).
2642 5278 3017 5342 -Ἀντωνιῳ
3039 5277 3369 5342 ἐπισκόπει».
3395 5273 3571 5351 [ωκέ]

537 5381 767 5435 Studium
806 5385 918 5446 ejus
957 5396 1075 5446 erga
1103 5382 1287 5436 Christi
1320 5388 1627 5439 eonfessores
1663 5391 1928 5452 praedicat:
1954 5400 2059 5444 tum
2098 5394 2429 5504 meti-Opunta:
2473 5391 2797 5453 Synadorum,
2831 5395 2886 5441 et
2919 5389 3242 5453 quorumdam
3293 5388 3506 5439 aliorum
3561 5395 3776 5438 mortem

2026 5467 2197 5504 nttnua
2227 5493 2239 5504 .

2026 5467 2239 5506 nuntiat.

605 5527 825 5584 Decenti
871 5531 1289 5601 compellatione
1313 5549 1459 5593 nunc
1487 5551 1582 5594 usa
1614 5548 1696 5594 est
1717 5549 1935 5611 paterna
1969 5556 2096 5596 san-

608 5641 655 5674 "
685 5643 896 5697 Coloss.
932 5658 971 5709 ι,
1003 5642 1090 5698 16.

2281 5539 2596 5609 Πρέπουσαν
2613 5536 2998 5610 προσφώνησιν
3027 5538 3060 5609 ἡ
3085 5535 3325 5609 πατρική
3365 5552 3458 5589 σου
3491 5535 3775 5605 ἁγιωσύνῃ

2039 5721 2266 5780 NOTAE.

609 5811 684 5879 (ὅ)
716 5810 770 5867 In
802 5811 924 5871 cod.
966 5809 1097 5882 Reg.
1130 5817 1253 5869 σια’.
