3966 6464
518 349 652 416 1631

1707 369 1768 428 S.
1807 367 2202 429 THEODORI
2233 370 2581 429 STUDITJE

3634 380 3771 441 1632

517 466 797 533 spectioue
824 481 965 537 Opus
999 485 1107 525 non
1163 472 1397 544 habent;
1432 479 1537 533 etsi
1585 494 1648 535 ex
1682 481 1948 535 cbaritate
1979 480 2072 534 ali.

2181 495 2284 546 νοι,
2315 480 2376 533 οὐ
2399 480 2586 549 χρείαν
2611 481 2794 551 έχουσι
2812 482 2910 553 τῆς
2933 483 3042 539 τῶν
3062 484 3368 554 ὖφειμένων
3389 486 3762 559 ἐπισκέψεως·

516 570 659 623 quos
695 558 961 613 interdum
1014 561 1397 623 benevolentes
1447 585 1555 624 non
1590 584 1872 642 respuunt.
1906 573 2087 639 Quare

517 661 976 714 supervacaneam
1012 668 1123 706 rem
1165 657 1275 725 egit
1335 657 1574 715 fraterna
1625 666 1922 719 reverentia
1973 675 2085 730 tua,

517 751 644 789 cum
684 752 712 791 a
737 739 898 794 Patre
930 752 1119 798 nostro
1139 744 1231 801 Dei
1265 752 1647 807 amantissimo
1675 756 2087 828 archiepiscopo

521 828 804 897 Dyrrachii
856 843 1073 896 sanata,
1134 852 1244 891 non
1278 842 1643 911 conquievit:
1694 848 1786 901 sed
1836 864 1866 902 a
1926 850 2085 905 nobis

516 920 682 972 etiam
714 920 918 978 inlimis
944 937 998 979 et
1047 926 1275 996 abjectis
1310 936 1653 992 curationem
1702 942 1947 1009 expetiit.
1980 942 2082 998 Sed

515 1014 958 1082 quandoquidem
991 1024 1261 1087 permovit
1295 1040 1441 1080 nunc
1485 1043 1583 1081 vos
1616 1030 1898 1087 cbaritatis
1947 1036 2085 1090 ratio

518 1113 577 1156 ut
634 1106 983 1176 scriberetis;
1041 1115 1311 1181 persuasit
1348 1126 1401 1170 et
1447 1120 1622 1185 nobis,
1666 1123 1760 1191 qui
1801 1125 1956 1179 nihili
1989 1142 2083 1180 su-

517 1212 661 1255 mus.
696 1208 754 1253 ut
817 1202 969 1258 vobis
1031 1207 1475 1276 rescriberemus,
1521 1214 1784 1283 nobisque
1824 1232 1919 1270 vos
1948 1221 2080 1273 cha-

514 1289 693 1343 ritatis
738 1290 935 1347 aﬂ‘ectu
986 1298 1463 1368 conjungeremus.
1501 1301 1706 1360 Debent
1763 1308 1930 1375 enim,
1979 1310 2082 1365 etsi

515 1380 665 1434 nulla
698 1397 785 1437 res
813 1395 990 1453 cogat,
1024 1389 1117 1456 qui
1151 1389 1459 1447 institutum
1494 1395 1632 1450 idem
1666 1401 1897 1466 amplexi
1929 1410 2080 1469 sunt,

513 1473 765 1529 eumdem
794 1479 956 1533 etiam
987 1495 1209 1536 sensum
1259 1486 1666 1555 amplcctcntes,
1708 1503 1955 1549 amanter
1995 1495 2084 1549 iu-

511 1570 596 1615 ter
627 1578 684 1617 se
721 1572 1147 1637 contemperari.
1175 1570 1311 1627 Nam
1348 1591 1413 1630 eo
1446 1580 1589 1646 quod
1615 1582 1970 1651 multiplicata
2000 1594 2082 1640 est

509 1652 799 1723 iniquitas,
860 1658 1143 1717 refrixisse
1189 1666 1508 1722 charitatem
1570 1676 1890 1738 multorum,
1944 1676 2081 1732 dixit

513 1742 775 1803 Dominus
796 1750 862 1805 ⁸⁷.
895 1750 1050 1816 Quod
1082 1755 1249 1824 igitur
1285 1759 1429 1814 circa
1452 1764 1787 1818 curationem
1838 1776 2076 1823 vestram

508 1854 540 1892 a
580 1842 936 1899 sanctissimo
997 1848 1410 1921 archiepiscopo
1442 1864 1704 1911 statutum
1731 1867 1833 1924 est,
1870 1860 2080 1931 integre

508 1932 856 1992 observetur.
898 1936 1013 1995 Hoc
1042 1957 1172 1998 vero
1201 1944 1582 2013 adhortamur,
1619 1960 1673 2004 et
1700 1952 2077 2020 admonemus,

510 2038 619 2079 non
660 2025 938 2093 fatiscere,
969 2033 1033 2086 ad
1077 2048 1139 2088 ea
1184 2048 1551 2106 respectantes
1585 2058 1707 2112 quae
1756 2053 1902 2100 retro
1928 2057 2076 2113 sunt,

512 2131 691 2185 neque
739 2120 805 2174 ad
860 2123 1150 2179 exitiosam
1208 2128 1631 2187 submissionem
1690 2135 1773 2190 his
1829 2146 1922 2191 aut
1970 2139 2077 2195 illis

514 2209 851 2277 quibuslibet
902 2214 1122 2270 indiciis
1150 2218 1367 2275 abduci.
1424 2221 1708 2280 Sulliciunt
1753 2229 1898 2282 enim
1940 2245 2078 2299 prte-

511 2301 707 2356 terita:
743 2304 810 2357 de
843 2306 1044 2374 quibus
1075 2324 1312 2378 gemere,
1342 2322 1397 2367 et
1420 2329 1542 2368 cum
1586 2316 1841 2389 lacrymis
1883 2321 2076 2391 depre-

508 2394 620 2445 cari
660 2406 915 2464 perpetuo
943 2399 1222 2466 debemus,
1267 2407 1478 2473 plorare
1502 2423 1564 2461 ac
1600 2408 1906 2476 lamentari,
1929 2414 2075 2482 quod

508 2498 633 2537 cum
672 2485 912 2554 ejusdem
949 2490 1168 2548 habitus
1191 2494 1406 2562 fratres,
1434 2499 1817 2571 velutaquilaz,
1852 2519 2072 2561 sursum

510 2590 606 2642 per
627 2577 1025 2635 confessionem
1075 2586 1382 2655 evolarint,
1440 2606 1539 2646 nos
1573 2593 1675 2647 sub
1722 2594 1946 2651 haeresis
1992 2597 2075 2650 la-

507 2678 645 2730 queo
683 2664 1033 2739 detinemur;
1070 2674 1311 2745 dumque
1365 2679 1444 2734 illi
1496 2684 1933 2749 persecutionem
1980 2703 2073 2754 pa-

510 2754 739 2823 tiuntur,
771 2776 868 2813 nos
901 2763 1046 2817 domi
1076 2782 1359 2825 manemus
1386 2791 1398 2825 :
1434 2781 1489 2828 et
1520 2789 1645 2828 cum
1678 2776 1756 2831 illi
1790 2794 1964 2849 usque
2004 2781 2069 2835 ad

508 2851 826 2919 martyrium
877 2854 1295 2926 decertaverint,
1339 2878 1438 2918 nos
1496 2876 1806 2935 negatores,
1862 2872 1906 2925 si
1960 2888 2067 2927 non

507 2940 687 3004 corde,
717 2955 811 2995 ore
847 2950 1025 2999 tamen
1054 2962 1345 3019 manuque,
1380 2952 1507 3009 facti
1558 2972 1750 3012 sumus
1783 2978 1796 3013 :
1834 2970 1908 3027 et,
1945 2964 2070 3018 aliis

508 3029 562 3080 in
595 3046 814 3086 carcere
855 3034 1089 3092 detentis
1136 3039 1386 3111 fameque
1421 3048 1648 3114 enectis,
1680 3065 1780 3105 nos
1812 3052 1966 3109 liberi
2014 3064 2069 3110 et

2188 570 2237 623 ει
2267 572 2341 640 μή
2372 586 2424 623 τι
2455 571 2561 641 ἄρα
2593 571 2815 641 ἀγάπης
2842 575 3029 645 τρόπῳ
3060 575 3450 646 ἀφοσιούμενοι
3478 579 3610 641 τοὺς
3636 596 3769 649 γνη-

2190 659 2490 724 σιεύοντας.
2524 661 2685 714 Ὥστε
2712 665 2807 716 καὶ
2837 664 2869 733 ἡ
2895 663 3157 734 ἀδελφικὴ
3189 666 3344 734 ὑμῶν
3370 668 3625 736 τιμιότης
3665 685 3766 723 πε-

2190 754 2371 823 ριττόν
2423 771 2476 808 τι
2529 753 2596 808 ἂν
2648 754 2958 826 εἰργάξετο,
3007 757 3156 827 παρὰ
3200 756 3295 810 τοῦ
3342 757 3766 828 θεοφιλεστάτου

2185 843 2345 913 ἡμῶν
2407 847 2614 915 πατρὸς
2664 846 2759 899 καὶ
2810 846 3247 917 ἀρχιεπισκὸπου
3310 847 3403 901 τοῦ
3456 852 3767 923 Δυρραχίου

2190 936 2401 990 ίαθεῖσα
2428 940 2522 991 καὶ
2563 939 2637 1007 μὴ
2669 938 2994 1008 ἐμμείνασα,
3036 938 3154 992 ἀλλ’
3189 939 3271 992 ἔτι
3309 941 3403 993 καὶ
3447 943 3581 1013 παρ’
3608 944 3767 1013 ἡμῶν

2183 1028 2294 1081 τῶν
2324 1029 2633 1099 ὑφειμένων
2679 1030 2974 1102 θεραπείαν
3007 1031 3364 1102 ἐπιζητοῦσα.
3406 1035 3547 1087 Ἀλλ’
3586 1037 3715 1089 ἐπεὶ
3737 1043 3765 1093 ὁ

2184 1121 2341 1190 λόγος
2384 1122 2484 1191 τῆς
2531 1123 2753 1191 ἀγάπης
2804 1123 3059 1192 κεκίνηκε
3102 1122 3198 1177 νῦν
3233 1125 3376 1194 ὑμᾶς
3430 1126 3763 1193 ἐπιστεῖλαι,

2186 1215 2417 1269 πέπεικε
2464 1216 2557 1269 καὶ
2614 1218 2761 1286 ἡμᾶς
2813 1219 2937 1280 τοὺς
2987 1217 3309 1286 οὐδαμινοίις
3354 1219 3763 1273 ἀντεπιστεῖλαι

2185 1308 2336 1378 ὑμῖν,
2361 1308 2455 1361 καὶ
2486 1310 2720 1377 συνάψαι
2763 1309 2899 1380 πρὸς
2932 1311 3157 1374 ἑαυτοὺς
3196 1314 3261 1383 τῇ
3292 1312 3618 1381 ἀγαπητικῇ
3649 1312 3765 1366 δια-

2183 1396 2351 1454 θέσει.
2379 1398 2499 1467 Χρὴ
2541 1397 2672 1467 γὰρ,
2707 1398 2801 1450 καὶ
2829 1397 2952 1469 δίχα
2996 1399 3141 1463 τινὸς
3173 1400 3497 1468 ἀναγκαίου,
3526 1402 3660 1460 τοὺς
3703 1405 3763 1455 τὸ

2181 1491 2315 1545 αὐτὸ
2365 1490 2688 1560 ἐπάγγελμα
2730 1492 3209 1564 ἐπανῃρημένους,
3254 1493 3348 1547 καὶ
3387 1493 3447 1546 τὸ
3491 1494 3627 1547 αὐτὸ
3668 1490 3764 1550 οὖν

2182 1584 2438 1652 φρόνημα
2460 1581 2875 1652 ἀσπαζομένους
2900 1585 3260 1656 ἀγαπητικῶς
3288 1587 3758 1657 συνανακρᾶσθαι.

2181 1674 2289 1727 Καὶ
2319 1676 2428 1745 γὰρ
2458 1674 2546 1727 διὰ
2581 1673 2642 1726 τὸ
2684 1674 3057 1745 πληθυνθῆναι
3095 1676 3194 1748 τὴν
3225 1677 3476 1747 ἀνομίαν,
3514 1677 3759 1748 ψυγῆναι

2184 1764 2279 1834 τὴν
2324 1764 2432 1818 τῶν
2478 1764 2688 1818 πολλῶν
2722 1767 2962 1836 ἀγάπην,
2996 1769 3025 1820 ὁ
3057 1766 3259 1837 Κύριος
3299 1771 3509 1839 είρηκε.
3546 1770 3622 1822 Τὸ
3659 1773 3758 1841 μὲν

2178 1856 2273 1911 οὖν
2299 1856 2397 1927 τῆς
2430 1857 2671 1929 ἰατρείας
2695 1858 2849 1928 ὑμῶν
2892 1859 3032 1914 κατὰ
3063 1859 3125 1913 τὸ
3152 1863 3604 1933 κεκανονισμένον
3652 1867 3759 1920 ὑπὸ

2178 1948 2271 2002 τοῦ
2298 1949 2602 2017 ἀγιωτάτου
2634 1951 3085 2022 ἀρχιεπισκόπου,
3130 1954 3505 2023 συντηρείσθω
3535 1955 3753 2013 ἄνοσον.

2178 2040 2348 2095 Τοῦτο
2374 2042 2429 2094 δὲ
2456 2043 2832 2112 παραινοῦμεν
2866 2043 2959 2097 καὶ
2988 2043 3503 2114 ὑπομιμνήσκομεν,
3532 2047 3609 2117 μὴ
3632 2049 3756 2116 ὑφι-

2178 2132 2359 2200 ζάνειν
2386 2135 2550 2188 πάλιν
2579 2138 2659 2198 είς
2690 2137 2759 2189 τὰ
2790 2134 2967 2188 ὀπίσω
2992 2152 3005 2166 ·
3041 2136 3176 2205 μηδὲ
3211 2137 3347 2209 πρὸς
3378 2139 3479 2207 τὴν
3500 2139 3756 2213 ὀλεθρίαν

2177 2229 2490 2282 ὑπόπτωσιν
2518 2228 2825 2297 ἀπάγεσθαι
2851 2228 2938 2281 διὰ
2964 2228 3133 2282 τῶνδε
3160 2243 3255 2282 και
3286 2230 3451 2283 τῶνδε
3474 2231 3586 2284 τῶν
3612 2250 3754 2301 γνω-

2177 2321 2479 2391 ρισμάτων.
2533 2320 2717 2390 Ἀρκεῖ
2756 2320 2863 2391 γὰρ
2914 2320 3011 2372 καὶ
3053 2320 3123 2374 τὰ
3157 2321 3359 2374 πάλαι·
3398 2322 3486 2391 ἐφ’
3536 2319 3620 2388 οἷς
3660 2327 3754 2379 καὶ

2176 2410 2463 2480 ὀφείλομεν
2496 2410 2701 2462 στένειν
2724 2409 2815 2462 καὶ
2840 2411 3063 2481 ποτνιᾷν
3095 2413 3176 2474 είς
3210 2412 3270 2464 τὸ
3307 2411 3417 2477 ἀεὶ,
3448 2413 3664 2470 κλαίειν
3694 2434 3753 2469 τε

2173 2502 2266 2553 καὶ
2315 2498 2595 2570 οἰμώζειν,
2625 2501 2706 2553 ὅτι
2753 2498 2863 2554 τῶν
2912 2500 3163 2569 ἀδελφῶν
3194 2502 3549 2574 ὁμοσχήμων,
3585 2524 3755 2577 μεταο

2174 2593 2409 2647 σθέντων
2432 2592 2509 2657 ὡς
2537 2592 2712 2647 ἀετῶν
2746 2592 2882 2662 ὑψοῦ
2911 2596 2976 2663 τῇ
3006 2592 3265 2665 ὁμολογίᾳ
3290 2611 3303 2624 ·
3330 2596 3495 2665 ἡμεῖς
3520 2598 3630 2651 ὑπὸ
3655 2616 3753 2651 παι

2172 2682 2298 2752 γίδα
2331 2683 2719 2754 κεκρατήμεθα
2750 2684 2849 2754 τῆς
2896 2684 3196 2753 αἱρέσεωςο
3233 2686 3506 2740 κάκείνων
3560 2689 3753 2741 διωκο-

2175 2772 2372 2844 μένων,
2407 2776 2569 2842 ἡμεϊς
2611 2774 2751 2829 οἴκοι
2785 2775 3051 2845 μένομεν·
3075 2776 3169 2828 καὶ
3212 2776 3378 2830 τῶνδε
3427 2779 3752 2849 ἠθληκότων

2174 2865 2540 2937 μαρτυρικῶς,
2569 2867 2729 2938 ἡμεῖς
2755 2866 2969 2936 ἔξαρνοι
3000 2868 3308 2938 γεγόναμεν
3340 2870 3485 2939 χειρὶ
3506 2871 3605 2923 καὶ
3626 2871 3751 2923 0:6-

2172 2974 2323 3028 ματι,
2355 2957 2459 3012 κᾶν
2497 2958 2556 3011 οὐ
2584 2956 2813 3027 καρδίᾳο
2846 2958 2940 3010 καὶ
2959 2957 3130 3012 ἄλλων
3162 2959 3615 3029 φυλακιζομενων
3655 2965 3754 3016 καὶ

2170 3048 2693 3121 λιμοκτονουμένων,
2734 3048 2896 3119 ἡμεῖς
2918 3049 2978 3102 ὲν
3006 3050 3158 3121 ἀδείᾳ
3190 3051 3469 3121 διήγομεν.
3502 3053 3631 3118 Πῶς
3656 3052 3752 3108 οὖν

505 3122 683 3174 securi
742 3123 995 3181 vivimus.
1053 3127 1172 3194 Quo
1224 3132 1390 3201 igitur
1421 3138 1584 3192 modo
1618 3139 1733 3195 haec
1760 3144 1941 3198 animo
1967 3160 2072 3201 ver.

2191 3144 2291 3197 οὐκ
2310 3142 2637 3213 ἐνθυμητέον
2662 3141 2853 3206 ταῦτα,
2879 3141 2975 3195 καὶ
2996 3141 3084 3195 διὰ
3105 3143 3231 3196 τάδε
3258 3143 3507 3215 ὀδυρτέον
3535 3164 3551 3213 ;
3575 3166 3595 3198 ι
3626 3148 3754 3210 Πῶς

504 3211 673 3265 sanda
745 3229 852 3267 non
909 3229 1056 3283 sunt,
1118 3222 1200 3275 vel
1256 3224 1449 3279 horum
1494 3242 1660 3284 causa
1716 3247 1825 3287 non
1883 3234 2073 3306 lugen-

507 3302 683 3356 dum?
716 3323 734 3355 ι
771 3305 891 3372 Quo
924 3321 1082 3377 pacto
1103 3352 1117 3376 ,
1148 3314 1224 3367 ait
1251 3332 1476 3387 magnus
1509 3318 1760 3389 Basilius,
1811 3302 2073 3384 cum'Job

503 3410 638 3462 ero,
689 3398 781 3466 qui
824 3415 921 3454 nec
980 3403 1263 3459 minimam
1312 3408 1656 3467 alllictioncm
1713 3431 1836 3471 cum
1867 3422 2072 3489 gratia-

503 3502 626 3541 rum
678 3492 893 3546 actione
944 3498 1210 3565 suscepi?
1259 3503 1532 3569 quomodo
1578 3520 1701 3560 cum
1740 3525 2074 3583 unoquoque

504 3590 863 3651 sanctorum,
928 3589 1021 3657 qui
1062 3606 1157 3658 per
1211 3608 1401 3648 eorum
1460 3598 1685 3669 vestigia
1744 3602 1908 3656 vitam
1962 3620 2071 3659 non

501 3673 679 3726 duxi?
714 3693 733 3724 ι
782 3674 987 3743 Videte,
1020 3680 1240 3746 fratres,
1282 3686 1586 3754 cujusmodi
1618 3692 1729 3744 sint
1783 3703 2018 3748 terrores
2051 3713 2065 3750 :

501 3772 768 3829 quantum
829 3765 1131 3823 intercedat
1185 3771 1531 3829 discriminis.
1596 3775 1739 3842 Quid
1784 3780 2066 3845 proderit,

503 3853 714 3921 inquit,
755 3856 992 3922 homini,
1042 3860 1090 3913 si
1152 3863 1451 3916 universum
1508 3868 1763 3921 mundum
1809 3869 2067 3937 lucretur,

500 3947 693 4000 animm
740 3963 858 4002 vero
902 3965 1012 4004 sum
1054 3951 1423 4008 detrimentum
1464 3959 1704 4024 patiatur
1724 3958 1820 4013 ⁸⁸ἳ
1880 3959 2071 4018 Nonne

504 4035 615 4090 hazc
664 4037 878 4093 Domini
932 4054 1033 4095 vox
1086 4044 1214 4097 est?
1261 4043 1576 4101 Timeamus
1634 4064 1762 4118 ergo
1811 4059 1867 4105 et
1934 4068 2067 4107 con-

504 4126 881 4183 tremiscamus
927 4147 941 4183 :
996 4144 1060 4183 ac
1114 4129 1182 4187 de
1252 4133 1528 4200 prioribus
1583 4135 1801 4203 quidem
1847 4138 2062 4194 veniam

502 4230 663 4285 porro
694 4218 1085 4288 imploremus;
1115 4221 1169 4274 in
1199 4232 1474 4287 posterum
1507 4234 1684 4278 autem
1710 4236 1857 4282 recto
1879 4242 2066 4297 gressu

501 4310 864 4375 ambulemus,
929 4328 1038 4368 non
1094 4316 1412 4372 vacillantes
1448 4320 1558 4374 ullo
1590 4322 1774 4387 modo,
1812 4340 1985 4395 neque
2010 4326 2066 4380 in

498 4404 635 4455 duas
667 4414 864 4471 partes,
899 4404 1044 4474 quod
1101 4409 1364 4475 scriptum
1422 4420 1505 4466 est
1528 4451 1542 4475 ,
1576 4414 1943 4472 claudicantes
1972 4416 2017 4449 ”
2047 4434 2063 4484 ;

2176 3234 2392 3305 ἔσομαι,
2421 3233 2585 3304 φησὶν
2607 3234 2635 3285 ὁ
2663 3236 2834 3303 μέγας
2867 3233 3163 3300 Βασίλειος,
3221 3235 3358 3304 μετά
3404 3235 3525 3289 ’1ὼὸ
3550 3237 3579 3288 ὁ
3613 3238 3751 3307 μηδὲ

2174 3325 2270 3397 τὴν
2301 3324 2565 3395 τυχοῦσαν
2614 3325 2795 3395 θλίψιν
2862 3327 2978 3395 μετ’
3023 3327 3366 3398 εὐχαριστίας
3409 3328 3748 3397 δεξάμενος;

2174 3416 2291 3479 πῶς
2311 3417 2368 3470 δὲ
2394 3415 2512 3486 μεθ’
2546 3416 2775 3470 ἑκάστου
2817 3417 2926 3471 τῶν
2974 3418 3166 3485 ἀγίων,
3208 3421 3235 3471 ὁ
3267 3420 3344 3489 μὴ
3394 3421 3508 3481 τοῖς
3540 3419 3750 3488 ἴχνεσιν

2173 3509 2351 3563 αὐτῶν
2389 3511 2959 3580 ὲμπολιτευσὰμενος;
3015 3528 3034 3561 ι
3084 3509 3301 3580 Ὁρᾶτε,
3342 3509 3587 3577 ἀδελφοὶ,
3642 3506 3747 3564 οἷοι

2171 3604 2221 3657 oi
2247 3601 2586 3675 φοϐερισμοὶ,
2617 3598 2706 3657 οἷα
2734 3603 2800 3656 τά
2840 3602 3203 3674 διαστήματα.
3253 3604 3333 3665 Τί,
3366 3606 3563 3674 φησὶν,
3594 3605 3745 3675 ὠφε-

2169 3688 2349 3756 λήσει
2385 3689 2715 3760 ἄνθρωπον,
2749 3688 2859 3743 ἐὰν
2880 3691 3028 3743 ὅλον
3046 3691 3153 3745 τόν
3186 3693 3420 3760 κόσμον
3444 3692 3743 3762 κερδήσῃ,

2168 3778 2285 3845 τὴν
2320 3778 2389 3832 δὲ
2431 3778 2646 3848 ψυχὴν
2682 3778 2867 3835 αὐτοῦ
2910 3777 3206 3849 ζημιωθῇ;
3233 3781 3367 3850 Οὐχὶ
3409 3782 3502 3834 τοῦ
3533 3784 3743 3852 Κυρίου

2171 3874 2322 3942 φωνὴ
2366 3871 2776 3942 αὕτη;οὀκοῦν
2824 3872 3154 3942 φοϐηθῶμεν
3194 3873 3289 3927 καὶ
3336 3877 3741 3946 τρομάξωμεν·

2169 3965 2405 4034 καὶπερὶ
2434 3965 2534 4035 μέν
2553 3982 2605 4018 τι
2632 3964 2739 4018 τῶν
2759 3964 3040 4035 προτέρων
3061 3965 3343 4037 δεηθῶμεν
3364 3961 3445 4022 ἔτι
3466 3968 3568 4039 τὴν
3597 3986 3740 4038 συγ-

2168 4055 2407 4127 χώρησιν
2426 4074 2438 4087 ·
2470 4057 2607 4127 πρός
2628 4074 2689 4110 τε
2705 4057 2775 4111 τὰ
2795 4056 2921 4127 έξῆς
2946 4058 3277 4130 βαδιούμεθα
3292 4061 3739 4133 ὀρθοποδοῦντες,

2173 4147 2292 4219 μηδ’
2319 4148 2454 4212 ὅλως
2496 4148 2865 4220 σκελιζόμενοι
2887 4164 2902 4180 '
2937 4150 3059 4222 μηδ’
3089 4151 3176 4204 ἐπ’
3220 4153 3559 4224 ἀμφοτέραις
3620 4157 3744 4218 ταῖς

2171 4238 2380 4308 ἰγνύαις
2410 4240 2801 4311 χωλανοῦντες,
2859 4244 2998 4297 κατά
3054 4244 3113 4297 τὺ
3162 4246 3583 4315 γεγραμμένον·
3619 4245 3740 4300 ἀλλ’

2169 4330 2600 4401 εὐθυποροῦντες
2625 4334 2683 4386 έν
2703 4335 2826 4395 ταῖς
2860 4333 3096 4397 ἐντολαῖς
3116 4335 3210 4388 τοῦ
3238 4336 3374 4387 Θεοῦ
3394 4351 3408 4365 ·
3437 4338 3536 4405 τὴν
3553 4339 3741 4391 πίστιν

2169 4423 2464 4494 ἀκραιφνῆ,
2496 4424 2594 4493 τὴν
2637 4424 2913 4477 πολιτείαν
2957 4425 3247 4497 ἀκίϐδηλον
3287 4428 3686 4498 συντηροῦντες
3714 4447 3733 4461 ο

500 4493 593 4547 sed
632 4498 685 4547 in
721 4494 813 4550 Dei
871 4499 1141 4553 mandatis
1194 4510 1339 4555 recta
1365 4502 1695 4570 incedentes,
1746 4506 1905 4561 tidem
1942 4509 2059 4563 sin-

2175 4516 2255 4567 ίνα
2290 4515 2802 4584 κληρονομήσωμεν,
2839 4516 2941 4568 οὐκ
2983 4493 3207 4587 αγρους,
3241 4518 3335 4571 καὶ
3375 4493 3735 4588 ἀμπελῶνας,

498 4603 699 4651 ceram,
747 4589 1020 4658 vitamque
1055 4592 1165 4644 doli
1215 4601 1486 4661 expertem
1540 4608 1963 4664 conservantes;
2003 4609 2063 4654 ut

499 4680 867 4735 hereditatem
921 4682 1305 4749 adipiscamur,
1355 4699 1461 4738 non
1496 4700 1750 4754 agrorum
1798 4698 1851 4741 et
1878 4690 2060 4744 vinea-

500 4774 980 4839 rum,etticorum,
1009 4784 1063 4829 et
1108 4791 1443 4846 quaecunque
1480 4788 1608 4832 sunt
1677 4780 1840 4833 morti
1880 4781 2057 4834 obno-

499 4866 601 4921 xiae
629 4877 682 4921 et
710 4868 1077 4937 corruptibilis
1110 4870 1234 4924 vita:
1265 4886 1280 4936 ;
1316 4870 1409 4924 sed
1462 4870 1728 4924 bonorum
1762 4887 1883 4940 qua:
1919 4888 2049 4940 pro—

2168 4603 2263 4656 καὶ
2292 4605 2483 4667 συκᾶς,
2520 4603 2614 4655 καὶ
2641 4603 2740 4655 ὅσα
2769 4604 2869 4675 τῆς
2909 4604 3178 4675 ἔπικήρου
3226 4607 3319 4659 καὶ
3363 4608 3738 4681 φθειρομένης

2169 4693 2345 4763 ζωῆς’
2376 4694 2513 4747 ἀλλὰ
2543 4694 2613 4747 τά
2644 4696 2703 4747 ὲν
2735 4696 3089 4764 ἐπαγγελίαις
3117 4697 3316 4764 ἀγαθὰ,
3336 4699 3436 4769 τὴν
3458 4700 3602 4771 ζωὴν
3633 4704 3735 4773 τὴν

2167 4787 2400 4851 αἰώνιον,
2432 4789 2531 4859 τὴν
2573 4786 2850 4857 βασιλείαν
2883 4788 2991 4841 τῶν
3029 4789 3297 4859 οὐρανῶν.
3332 4790 3407 4843 Τὸ
3437 4792 3546 4863 γὰρ
3576 4795 3737 4847 ὲνανη

2160 4883 2271 4934 τίον
2296 4882 2359 4932 ὲκ
2381 4881 2489 4933 τῶν
2520 4880 2777 4933 ἐναντίων
2809 4880 3061 4953 πράξεων
3092 4882 3412 4953 ἁπάντημα,
3439 4884 3606 4954 ἀπείη
3630 4886 3730 4938 καὶ

500 4959 665 5013 missa
699 4970 845 5025 sunt,
877 4960 1000 5015 vita:
1021 4971 1255 5025 aeternae,
1287 4963 1547 5032 regnique
1571 4964 1860 5017 caelorum.
1894 4964 2052 5031 Quod

2175 4974 2355 5026 ιννοείν
2389 4974 2484 5025 καὶ
2520 4972 2718 5041 λέγεινι
2751 4973 2950 5045 Εἰρήνη
2979 4975 3131 5045 ὑμῖν,
3161 4975 3381 5044 ἀδελφοὶ
3410 4978 3468 5028 ὲν
3504 4978 3721 5049 Κυρίῳ.

496 5049 642 5103 cnim
678 5050 972 5107 contrariis
994 5051 1306 5107 actionibus
1337 5052 1660 5121 rependatur
1686 5067 1897 5109 merces
1928 5056 2062 5125 ipsis

496 5142 793 5209 contraria,
818 5142 959 5199 absit
989 5152 1049 5197 ut
1080 5144 1380 5215 cogitemus
1400 5156 1491 5198 aut
1514 5146 1779 5201 dicamus.
1814 5146 1924 5201 Pax
1958 5163 2056 5201 vo-

498 5235 600 5297 bis,
639 5235 833 5290 fratres
866 5235 919 5290 in
970 5236 1223 5291 Domino.
1281 5236 1496 5291 Paciﬁci
1548 5246 1723 5294 estote
1782 5241 2053 5313 invicem;

496 5337 647 5381 orate
678 5344 777 5398 pro
813 5330 973 5386 nobis
993 5328 1259 5386 fratribus
1286 5348 1302 5398 ;
1334 5332 1723 5389 consolamini.

2160 5063 2478 5133 Εἰρηνεύετε
2524 5066 2581 5116 ὲν
2628 5063 3162 5137 ἀλλήλοις-εὔχεσθε
3211 5066 3351 5140 ὑπὲρ
3400 5067 3565 5139 ἡμῶν
3613 5067 3727 5122 τῶν

2156 5154 2398 5222 ἀδελφῶν
2417 5170 2432 5185 °
2459 5155 2869 5229 παρακλήθητε.

569 5509 611 5541 ⁸⁷
636 5507 825 5566 Matth.
858 5528 1003 5579 xxw,
1033 5513 1115 5568 l2.
1193 5514 1237 5547 ⁸⁸
1265 5513 1453 5571 Matth.
1488 5519 1709 5583 “1,26.
1786 5522 1830 5554 ⁸³
1858 5521 2023 5580 Hebr.
2049 5539 2147 5587 xu,
2189 5523 2270 5578 l5.
