3966 6472
265 381 398 447 1633

829 572 1009 641 μέων.
1048 572 1227 648 [ωκηθ]

1443 391 1975 456 EPISTOLARUM
2030 397 2175 456 LIB.
2226 397 2309 459 II.

321 500 402 554 ΣΓ
439 500 517 571 (5)
557 526 628 542 -ο
669 499 904 578 Ἰωσὴφ
941 505 1366 578 καθῃγουμένφ
1409 507 1528 561 τῶν
1574 513 1753 578 Κερα-
1851 518 1897 573 Α

3360 402 3504 468 1634

2065 513 2225 570 CCX.
2251 544 2323 555 ——
2355 512 2584 585 Iosepho
2625 515 2909 584 prwposito
2932 511 3320 570 Cerameorum.

746 685 904 737 Deﬂet
928 684 1117 735 obitum
1140 688 1488 753 metropolitaa.
1506 691 1697 740 Deinde
1715 689 1848 741 hunc
1872 690 2140 753 Josephum
2164 691 2222 740 ad
2244 694 2668 753 perseverantiam
2689 693 2980 742 cohortatur

319 771 435 823 Καὶ
467 771 572 842 πρδ
596 771 696 842 τῆς
735 773 999 836 ὲλεύσεως
1041 774 1134 828 τοῦ
1170 776 1335 830 καλοῦ
1379 777 1608 847 Σεργίου
1654 780 1822 848 ἡκου-

243 861 411 929 τίσθη
471 863 601 932 ἡμῖν
660 862 720 916 τὸ
771 864 899 934 περὶ
956 865 1048 919 τόν
1093 867 1364 937 μακάριον
1401 869 1821 939 Μητροπολίτην

243 953 451 1014 πένθος
484 953 658 1022 ὑμῶν.
693 948 737 1006 ὦ
769 955 985 1023 ἀδελφοὶ
1025 957 1343 1026 τιμιώτατοι
1367 975 1382 990 ο
1406 961 1498 1012 καὶ
1520 961 1642 1014 ὅσον
1668 962 1821 1012 ἐστε-

243 1045 517 1112 νάξαμεν,
553 1046 848 1115 προσθείην
897 1047 942 1100 δ’
969 1046 1058 1112 ἂν,
1103 1050 1198 1102 καῖ
1241 1049 1640 1121 ὲδακρύσαμεν,
1683 1047 1821 1105 οἶδεν

239 1140 268 1190 6
300 1139 414 1190 τῶν
454 1140 711 1207 κρυπτῶν
761 1139 917 1209 |Cod.
951 1144 1083 1211 Reg.
1107 1143 1401 1216 γνώστης.]
1449 1145 1667 1214 Ἐπειδὴ
1703 1162 1817 1198 κοιο

240 1233 334 1296 νὸς
365 1236 394 1285 6
427 1234 612 1303 Πατὴρ
646 1234 738 1287 καὶ
774 1234 928 1303 ὑμῶν
953 1236 1047 1288 καὶ
1086 1235 1263 1305 ἡμῶν,
1297 1237 1447 1305 φίλος
1493 1254 1551 1290 τε
1584 1239 1772 1302 πιστός
1799 1255 1812 1268 ·

241 1323 306 1375 τὸ
344 1325 498 1392 παρὰ
529 1326 666 1378 πᾶσι
694 1323 1024 1394 ζητούμενον
1051 1329 1144 1380 καὶ
1170 1327 1392 1380 σπάνιον
1409 1328 1812 1400 εὑρισκόμενον.

243 1409 317 1466 Ὦ
340 1414 463 1476 πῶς
481 1414 751 1466 κατέπεσε
785 1414 973 1479 στύλος
990 1417 1088 1485 τῆς
1105 1415 1430 1483 Ἐκκλησίας
1445 1419 1777 1487 ἀκράδαντος
1802 1439 1816 1486 ;

243 1505 364 1568 πῶς
391 1504 450 1556 δὲ
491 1503 801 1575 ἀπεσϐέσθη
845 1506 962 1572 φῶς
1001 1505 1108 1558 τῶν
1147 1508 1206 1558 ἐν
1240 1507 1443 1574 σκότει,
1476 1511 1571 1562 καὶ
1597 1510 1657 1562 τὸ
1686 1511 1819 1580 ὑμέ-

240 1615 408 1668 τερον
445 1599 736 1650 ίδιαίτατον
785 1598 1085 1669 αὖγασμα;
1118 1600 1376 1671 σεσίγηκε
1406 1602 1628 1669 γλῶσσα
1669 1604 1819 1673 ἡδυε-

242 1690 376 1760 πὴς,
409 1689 581 1761 ῷχετο
631 1691 757 1755 νοῦς
794 1692 1258 1762 ὲμφρονέστατος·
1310 1693 1634 1764 ὑπεσπάσθη
1678 1695 1818 1765 ἔρει-

243 1797 364 1849 σμα
393 1782 650 1846 πίστεως,
703 1783 987 1854 πρόμαχος
1030 1784 1396 1854 Ἐκκλησιών,
1429 1780 1693 1859 μειλίχιός
1725 1790 1813 1842 λό-

241 1888 366 1939 γος.
427 1873 707 1943 πειθήνιος
753 1878 943 1944 φωνή·
987 1878 1090 1930 πᾶν
1135 1877 1257 1932 ὅσον
1304 1880 1468 1932 καλὸν
1513 1883 1604 1935 καὶ
1630 1883 1814 1954 ᾄδεται

241 1961 378 2030 περὶ
402 1960 493 2014 τοῦ
527 1962 720 2031 ἀνδρὸς
750 1965 844 2017 καὶ
876 1966 1223 2035 γνωρίζεται.
1245 1969 1357 2022 Καὶ
1388 1970 1714 2041 γεγόναμεν,
1752 1973 1811 2025 οὐ

240 2050 391 2118 λέγω
417 2051 478 2104 τὸ
507 2052 660 2122 ὑμῶν
686 2054 865 2124 μόνον,
891 2054 1028 2108 ἀλλὰ
1053 2057 1148 2110 καὶ
1178 2060 1318 2112 κατά
1356 2059 1414 2113 τὸ
1462 2062 1569 2115 τῶν
1603 2061 1813 2134 ὀρθοδό-

242 2140 350 2206 ξων
379 2143 675 2215 πλήρωμα.
706 2147 929 2215 ὀρφανοὶ
956 2149 1047 2201 ἐπὶ
1077 2150 1477 2220 προλαϐούσαις
1505 2155 1810 2222 ὀρφανίαις.

243 2234 563 2306 Προῦλαϐεν
595 2238 681 2290 ὅδε
723 2239 751 2291 6
817 2239 1088 2309 μακάριος
1145 2243 1374 2314 Πατήρ·
1443 2246 1815 2318 ἐπηκολούθη-

243 2345 336 2380 σεν
365 2329 550 2400 ἕτερος
575 2347 588 2360 ·
626 2330 945 2400 συναπέπτη
971 2333 1155 2398 ἄλλος·
1186 2336 1370 2405 σχεδὸν
1393 2338 1592 2401 πάντες
1622 2340 1670 2393 οἱ
1704 2357 1815 2409 φω-

242 2424 444 2492 στῆρες
475 2423 585 2475 τῶν
623 2422 830 2477 πιστῶν
886 2424 1100 2491 ἔδυσαν,
1152 2430 1347 2499 κομιδῇ
1396 2430 1592 2498 ὀλίγων
1615 2433 1815 2486 ὲναπο-

240 2511 593 2581 λειφθέντων.
630 2513 740 2568 Καὶ
777 2516 1065 2583 στυγνὰζει
1119 2519 1219 2587 μὲν
1273 2522 1300 2572 6
1361 2522 1608 2592 οὐρανὸς,
1663 2525 1814 2594 νέφει

241 2605 667 2674 περιεχόμενος·
696 2606 986 2674 στυγνάζει
1020 2607 1076 2661 δὲ
1119 2609 1199 2661 ὅτι
1232 2608 1466 2675 μάλιστα
1514 2615 1547 2682 ἡ
1584 2614 1814 2685 Ἐκκληο

243 2697 334 2749 σία
364 2696 480 2761 νῦν,
508 2697 634 2759 τοὺς
671 2697 907 2769 ἀστέρας
962 2700 1134 2770 αὐτῆς
1186 2699 1619 2774 ἀποϐεϐληκυῖα.
1666 2706 1812 2777 Πλὴν

239 2791 394 2859 ὅμως
424 2791 453 2842 6
485 2788 584 2857 τῆς
608 2788 954 2862 δικαιοσύνης
985 2792 1135 2863 ἥλιος
1161 2792 1350 2863 εῐληφε
1395 2797 1521 2860 τοὺς
1567 2800 1812 2868 Πατέρας

240 2879 403 2953 [(lod.
440 2880 572 2948 Reg.
601 2882 884 2955 ἀστέρας.]
917 2884 1171 2955 μακαρίῳ
1196 2884 1340 2940 τέλει
1357 2888 1772 2954 ἀποϐιώσανιτας
1793 2909 1808 2922 ·

240 2975 336 3026 καὶ
377 2974 539 3035 αὐτὸς
578 2975 843 3046 ὑπέσχετο
873 2977 984 3042 ἕως
1028 2977 1138 3046 τῆς
1164 2982 1523 3047 συντελείας
1571 2982 1678 3036 τοῦ
1725 2984 1813 3036 al-

241 3064 394 3132 ῶνος
443 3065 663 3120 ἔσεσθαι
711 3067 829 3136 μεθ’
865 3068 1042 3137 ἡμῶν.
1076 3071 1237 3124 Ὥστε
1285 3075 1333 3125 εί
1375 3073 1471 3125 καὶ
1499 3073 1718 3142 λυπηρά
1744 3076 1813 3130 τὰ

241 3162 489 3232 παρόντα
513 3179 524 3192 ·
548 3163 682 3217 ἀλλά
704 3163 864 3216 πάλιν
887 3165 1162 3236 περιχαρῆ
1183 3166 1272 3219 διὰ
1311 3167 1409 3238 τὴν
1467 3168 1681 3235 ἐλπίδα,
1730 3171 1811 3224 ὅτι

240 3254 437 3323 ἔχομεν
486 3256 564 3317 είς
615 3254 749 3307 Θεὸν
771 3255 899 3318 τοὺς
927 3256 1177 3328 Πατέρας
1197 3258 1351 3328 ημῶν
1374 3260 1808 3330 ὑπερασπιστὰς.

240 3346 446 3400 ἄνωθεν
481 3346 880 3410 ὲποπτεύοντας
907 3349 1052 3420 ἡμᾶς
1094 3350 1268 3416 ἵλεως,
1317 3351 1412 3404 καὶ
1462 3354 1812 3423 κάμπτοντας

2004 777 2067 831 Ει
2097 789 2222 832 ante
2270 779 2559 834 adventum
2617 780 2743 834 boni
2787 779 2983 849 Sergii,
3015 779 3081 834 de
3135 780 3284 835 luctu
3316 794 3498 839 vestro

1925 871 2068 926 circa
2105 873 2323 927 beatum
2373 873 2775 941 metropolitam
2828 872 3238 938 audiveramus,
3302 875 3498 933 fratres

1925 960 2371 1015 honoratissimi:
2430 970 2694 1030 quantum
2768 960 3215 1031 ingemuerimus,
3299 965 3494 1019 addam

1923 1061 2125 1116 autem,
2173 1052 2452 1121 lacrymati
2489 1052 2683 1115 simus,
2746 1052 2896 1106 novit
2922 1054 3266 1107 occultorum
3295 1054 3496 1124 Cogni-

1924 1150 2028 1195 tor.
2063 1140 2383 1195 Communis
2412 1141 2608 1209 quippe
2657 1150 2806 1207 pater
2840 1151 2959 1195 erat
3014 1151 3068 1196 et
3095 1152 3275 1197 vester
3308 1153 3363 1198 et
3394 1162 3494 1197 no-

1923 1240 2054 1296 ster,
2117 1232 2361 1301 fidusque
2412 1233 2641 1296 amicus,
2712 1233 2890 1299 qualis
2947 1232 3015 1286 ab
3066 1235 3324 1288 omnibus
3352 1250 3499 1303 qua:-

1922 1323 2078 1386 ritur,
2113 1332 2166 1376 et
2189 1338 2310 1378 raro
2341 1324 2634 1376 invenitur.
2669 1322 2713 1377 0
2744 1325 3016 1393 quomodo
3062 1326 3256 1379 cecidit
3280 1327 3495 1381 colum-

1921 1430 1991 1469 na
2019 1414 2274 1469 Ecclesiae
2322 1415 2649 1469 inconcussa
2675 1415 2698 1468 ?
2734 1416 3005 1485 quomodo
3032 1418 3358 1472 exstinctum
3412 1429 3497 1474 est

1921 1507 2102 1562 lumen
2169 1509 2222 1562 in
2279 1510 2520 1564 tenebris
2583 1512 3068 1576 commcrautium,
3121 1521 3176 1566 et
3232 1512 3491 1581 splendor

1922 1608 2098 1654 vester
2147 1601 2489 1670 peculiaris?
2549 1602 2835 1656 obmutuit
2892 1603 3074 1672 lingua
3141 1605 3490 1672 suaviloqua,

1922 1691 2054 1745 abiit
2090 1708 2244 1748 mens
2272 1694 2718 1762 prudentissima,
2753 1695 3076 1749 convulsum
3116 1704 3199 1748 est
3242 1697 3492 1749 columen

1925 1784 2067 1849 ﬁdei,
2109 1797 2478 1854 propugnator
2517 1784 2792 1850 Ecclesia,
2831 1786 3122 1840 melliﬂuus
3164 1803 3362 1847 sermo,
3389 1803 3493 1840 vox

1919 1879 2253 1947 persuadens
2284 1897 2296 1933 :
2334 1878 2597 1948 quidquid
2629 1879 2866 1948 denique
2894 1879 3020 1932 boni
3061 1880 3125 1933 de
3153 1879 3268 1931 viro
3302 1879 3494 1947 praedi-

1921 1977 2075 2023 catur
2097 1978 2150 2023 et
2181 1971 2516 2039 agnoscitur.
2549 1969 2614 2024 Et
2651 1969 2777 2024 facti
2829 1986 3044 2032 sumus,
3091 1985 3198 2023 non
3225 1971 3345 2024 dico
3396 1986 3493 2025 vos

1920 2073 2150 2124 tantum,
2195 2063 2288 2116 sed
2319 2078 2508 2118 omnes
2539 2063 2741 2133 ubique
2775 2063 3086 2128 orthodoxi,
3136 2065 3363 2132 orpliani
3399 2079 3492 2118 su-

1921 2169 2016 2223 pra
2042 2154 2404 2222 praecedentes
2427 2153 2707 2207 orbitates.
2734 2152 3039 2208 Autecessit
3058 2153 3248 2207 beatus
3267 2155 3352 2208 hic
3386 2153 3490 2207 Pa-

1917 2255 2016 2309 ter,
2046 2245 2372 2299 subsecutus
2404 2255 2486 2299 est
2516 2245 2669 2308 alter,
2708 2245 2874 2298 simul
2901 2245 3135 2299 avolavit
3176 2245 3337 2308 alius,
3366 2261 3488 2299 om-

1915 2336 2005 2388 nia
2035 2348 2198 2403 prOpe
2237 2333 2474 2387 ﬁdelium
2517 2335 2722 2388 lumina
2775 2336 3119 2395 occiderunt,
3171 2335 3359 2404 paucis
3393 2335 3490 2387 ad-

1915 2424 2135 2477 modum
2166 2423 2390 2478 relictis.
2416 2423 2480 2477 Et
2505 2424 2755 2478 tristatur
2781 2425 3001 2493 quidem
3025 2425 3223 2478 ccelum
3254 2426 3489 2480 nubibus

1915 2516 2344 2582 circumfusum;
2387 2518 2633 2571 tristatur
2657 2529 2839 2570 autem
2887 2518 2939 2570 in
2998 2517 3187 2587 primis
3221 2534 3364 2572 nunc
3389 2518 3488 2570 Ec-

1914 2606 2098 2671 clesia,
2131 2607 2299 2661 stellis
2329 2607 2443 2661 suis
2487 2606 2589 2660 sibi
2641 2607 2920 2661 detractis.
2961 2605 3352 2662 Verumtamen
3390 2607 3484 2661 Sol

1909 2697 2135 2766 institia:
2168 2697 2467 2765 assumpsit
2497 2697 2687 2751 Patres
2723 2698 2882 2751 beato
2908 2698 3056 2751 exitu
3091 2699 3196 2751 vita
3229 2697 3484 2751 fiirictos:

1913 2797 1966 2840 et
1995 2788 2107 2854 ipse
2159 2785 2442 2839 nobiscum
2484 2801 2647 2854 usque
2697 2786 2765 2837 ad
2820 2786 3318 2838 consummationem
3381 2801 3486 2837 sa:-

1913 2880 2016 2932 culi
2043 2878 2086 2912 ’°
2123 2877 2367 2932 futurum
2397 2893 2454 2932 se
2480 2877 2748 2946 promisit.
2774 2875 2955 2941 Quare
2986 2877 3110 2931 licet
3155 2876 3331 2929 tristia
3376 2877 3486 2930 sint

1911 2973 2217 3042 prmsentia,
2269 2972 2389 3026 laeta
2435 2979 2563 3024 sunt
2602 2984 2795 3023 rursus
2848 2976 3069 3039 propter
3107 2984 3280 3038 Spem,
3336 2968 3482 3038 ψιυὰ

1912 3063 2100 3118 Patres
2129 3073 2345 3119 nostros
2374 3063 2514 3131 apud
2557 3060 2726 3115 Deum
2773 3071 3109 3130 protectores
3161 3062 3480 3121 habeamus,

1911 3156 1978 3210 ab
2004 3157 2111 3209 allo
2134 3171 2232 3209 nos
2257 3155 2484 3224 benigne
2513 3151 2887 3221 respicientes,
2922 3153 3150 3222 ejusque
3179 3153 3477 3206 bonitatem

1912 3247 1978 3301 ad
2019 3246 2190 3300 nostri
2221 3244 2753 3300 cominiserationem
2788 3243 3146 3298 inﬂectentes.
3184 3241 3259 3296 De
3282 3254 3479 3298 caetero

1912 3340 1977 3394 ad
2018 3355 2114 3392 vos
2136 3338 2497 3392 convertenda
2549 3347 2632 3391 est
2670 3339 2866 3391 oratio.
2927 3335 3357 3405 Haudquaquam
3389 3335 3456 3388 de

241 3440 321 3501 εἰς
345 3439 435 3490 τὸν
467 3439 598 3508 περὶ
648 3439 795 3509 ἡμᾶς
853 3435 1053 3505 οἶκτον,
1107 3442 1203 3511 τὴν
1258 3442 1422 3497 αὑτοῦ
1475 3446 1807 3517 ἀγαθότητα.

1918 3432 2138 3485 stitutus
2165 3445 2292 3499 grex
2323 3429 2481 3494 estis,
2528 3427 2743 3483 fratres.
2776 3427 3036 3497 Egregius
3054 3427 3196 3481 enim
3232 3425 3336 3489 vir,
3368 3424 3481 3494 pri-

240 3531 442 3584 Λοιπὸν
481 3531 565 3601 ἐφ’
596 3532 722 3602 ὑμῖν
760 3533 1151 3604 ἐπιστρεπτέος
1185 3536 1212 3587 6
1242 3533 1416 3603 λόγος.
1441 3537 1515 3588 Οὐ
1557 3536 1808 3607 ποίμνιόν

241 3622 364 3673 ἐστε
396 3623 765 3692 ἠπορημένον,
789 3619 833 3674 ὦ
863 3623 1101 3691 ἀδελφοί.
1152 3625 1211 3677 Ὁ
1239 3626 1346 3697 γὰρ
1370 3627 1531 3691 καλὸς
1554 3629 1808 3699 ἀρχιποί-

244 3730 352 3780 μην
383 3713 558 3781 ὑμῶν,
595 3716 623 3766 6
666 3714 759 3766 τοῦ
797 3715 1067 3783 μακαρίου
1120 3717 1327 3788 Πέτρου
1385 3719 1479 3772 τοῦ
1508 3722 1806 3774 ἀποστόλου

241 3805 557 3875 ὁμώνυμος,
590 3804 688 3874 ἤδη
742 3805 836 3859 καὶ
869 3806 1113 3859 ὲτύπωσε
1147 3809 1247 3871 καὶ,
1290 3811 1684 3881 ὲστοιχείωσεν,
1727 3813 1808 3868 ἔτι

239 3911 298 3947 τε
325 3895 434 3958 ζῶν
462 3894 764 3963 ἡγούμενον
808 3895 934 3963 ὑμῖν
984 3901 1390 3969 προεστήσατο·
1448 3901 1540 3953 καὶ
1579 3903 1686 3954 πᾶν
1726 3903 1808 3955 ὃτι

242 3983 334 4040 οὖν
364 3986 714 4055 ὀφειλόμενον
760 3987 1042 4052 διετάξατο
1067 4005 1081 4018 ·
1115 3991 1208 4043 καὶ
1250 3991 1369 4044 ὅλον
1417 3992 1682 4057 ἐνιαυτὸν,
1731 3993 1808 4057 ὡς

240 4079 338 4149 ἥδη
401 4072 652 4150 ἀπαίρων
704 4078 826 4133 καθ’
856 4081 1090 4152 ἑκάστην
1144 4083 1375 4153 ἡμέραν,
1418 4084 1543 4146 τοὺς
1574 4103 1806 4140 συντακ-

239 4171 460 4240 τηρίους
483 4171 676 4240 λόγους
704 4173 1014 4240 ὲπιφωνῶν,
1039 4177 1365 4243 κατήρτισεν
1395 4176 1489 4228 ἕνα
1540 4177 1768 4231 ἕκαστον
1789 4195 1804 4212 ο

242 4263 334 4314 καὶ
363 4262 530 4330 εὐχῆς
577 4262 675 4330 μὲν
709 4262 891 4332 ἔργον,
930 4265 1005 4334 μὴ
1061 4266 1201 4317 κατὰ
1247 4266 1346 4335 τὴν
1379 4266 1661 4320 δυσκολίαν
1711 4269 1806 4321 τοῦ

241 4353 454 4421 χρόνου,
487 4353 661 4417 ἄλλως
682 4357 983 4424 ἀπαντήσει
1012 4357 1078 4410 τά
1108 4358 1425 4426 πράγματα,
1451 4360 1563 4412 ἀλλ’
1593 4360 1667 4423 ὡς
1699 4362 1807 4413 διε-

239 4445 455 4509 τάξατο,
496 4446 768 4514 διαμεῖναι
800 4449 894 4500 καὶ
921 4449 1062 4518 ὑμᾶς
1097 4451 1192 4502 καὶ
1228 4452 1388 4504 αὐτὰ.
1421 4452 1495 4504 Οὐ
1534 4453 1639 4522 μὴν
1669 4455 1716 4506 εἰ
1739 4454 1806 4506 δι’

241 4538 487 4601 ἐναντίας
535 4539 700 4602 ἔλθοι,
757 4540 947 4592 τούτου
998 4542 1156 4611 χάριν
1207 4543 1468 4612 προέσθαι
1516 4545 1659 4616 ὑμᾶς
1707 4547 1806 4616 τὴν

242 4628 536 4700 ἀλήθειαν·
569 4630 706 4684 ἀλλά
744 4630 926 4696 καθὼς
978 4633 1226 4695 κάκεῖνος
1276 4634 1554 4700 διετάξατο
1604 4639 1807 4707 ἐγγρά-

243 4738 374 4787 φως,
399 4721 577 4774 πάντα
611 4722 854 4776 σκύϐαλα
889 4724 1194 4794 ἡγήσασθαι
1217 4724 1303 4778 διὰ
1329 4727 1581 4795 Χριστὸν,
1605 4730 1698 4782 καὶ
1729 4730 1803 4800 μὴ

243 4812 529 4882 προδοῦναι
588 4815 714 4878 τοὺς
768 4815 899 4887 περὶ
965 4816 1198 4880 πίστεως
1262 4818 1354 4870 καὶ¹
1413 4820 1671 4890 ἀληθείας
1718 4823 1806 4876 λό-
1840 4815 1884 4871 Ῑ)

243 4919 390 4969 γους.

311 4994 495 5048 Ταῦτα
537 4995 636 5065 μὲν
666 4998 832 5051 πᾶσιν
860 4999 989 5068 ὑμῖν
1018 4999 1254 5066 λεκτέον,
1288 5005 1712 5074 προηγουμένως
1745 5006 1801 5059 δὲ

244 5086 326 5136 σοὶ
360 5086 436 5156 τῷ
479 5088 657 5158 κυρίῳ
703 5089 1073 5160 καθηγεμόνι·
1135 5092 1322 5163 ἐπειδὴ
1371 5091 1480 5146 οἷον
1527 5097 1585 5148 τὸ
1617 5098 1803 5166 ἄρχον,

240 5176 334 5228 καὶ
376 5179 437 5230 τὸ
482 5181 786 5248 ἀρχόμενον
830 5181 1038 5248 πέφυκε
1074 5183 1339 5250 γίνεσθαι.
1395 5187 1503 5238 Καί
1540 5205 1601 5254 γε
1656 5191 1800 5256 ἅπαξ

241 5265 565 5336 ὲαλώκαμεν
608 5270 700 5320 ἐπὶ
738 5272 804 5339 τῇ
845 5272 1089 5341 αἱρετικῇ
1145 5275 1422 5345 κοινωνίᾳ,
1474 5277 1643 5344 φειδοῖ
1696 5279 1804 5331 τῶν

242 5357 567 5428 ὁρωμένων
607 5361 680 5432 μὴ
739 5363 919 5427 πάλιν,
970 5364 1201 5433 δεόμεθα
1248 5369 1341 5422 καὶ
1385 5368 1800 5441 ὑπομιμνήσκο-

307 5470 353 5502 ⁹⁰
379 5472 565 5527 Matth.
595 5491 784 5538 xxvm,
814 5477 899 5532 90.

1914 3539 2037 3578 mus
2077 3531 2261 3591 pastor
2289 3529 2487 3582 vester,
2547 3520 2686 3573 beati
2725 3519 2869 3574 Petri
2920 3518 3151 3587 apostoli
3200 3516 3482 3586 cognomi-

1915 3616 2021 3681 nis,
2049 3615 2158 3685 jam
2193 3630 2288 3668 vos
2320 3614 2555 3668 erudivit
2587 3625 2643 3667 et
2687 3613 3021 3674 informavit,
3067 3621 3122 3666 et
3153 3626 3276 3665 cum
3301 3609 3482 3663 adhuc

1914 3709 2134 3771 viveret,
2168 3708 2515 3776 praepesitum
2547 3707 2700 3760 vobis
2737 3705 3015 3773 praefecit;
3061 3713 3115 3758 et
3161 3718 3284 3772 qua:
3320 3702 3481 3756 debe-

1913 3800 2026 3862 bat,
2051 3801 2230 3852 omnia
2262 3798 2586 3860 constituit;
2623 3805 2844 3864 totoque
2875 3811 3044 3858 anno,
3105 3794 3252 3848 velut
3283 3792 3477 3846 diebus

1913 3891 2140 3961 singulis
2210 3893 2470 3957 migrans,
2526 3891 2874 3955 comparatis
2901 3887 2966 3939 ad
3007 3886 3311 3940 discessum
3363 3897 3478 3936 vere

1914 3983 1998 4038 bis
2018 3997 2113 4036 vos
2136 3981 2435 4049 alloquens,
2464 3977 2698 4048 perfecte
2725 3977 2981 4031 instruxit
2999 3988 3473 4044 unumquemque;

1914 4076 2155 4144 adeoque
2183 4073 2478 4142 optandum
2514 4080 2616 4133 est,
2645 4078 2705 4124 ut
2732 4085 2840 4124 non
2878 4070 3054 4133 aliter,
3105 4069 3176 4122 ob
3216 4065 3478 4133 temporis

1914 4167 2270 4230 difﬁcultates,
2308 4181 2392 4218 res
2422 4165 2758 4230 succedant;
2787 4163 2880 4218 sed
2925 4163 3066 4216 sicut
3108 4161 3225 4228 ipse
3274 4158 3480 4213 consti-

1914 4260 2036 4324 tuit,
2072 4258 2140 4311 ita
2163 4257 2522 4326 permaneatis
2547 4265 2602 4309 et
2633 4270 2751 4321 vos,
2780 4265 2832 4308 et
2864 4269 2950 4308 res
2982 4254 3131 4321 ipsa).
3175 4250 3360 4318 Neque
3393 4258 3476 4303 ta-

1913 4366 2060 4406 men.
2098 4349 2142 4402 si
2180 4348 2304 4416 quid
2337 4356 2524 4401 contra
2556 4346 2816 4407 evenerit,
2847 4344 3049 4398 idcirco
3090 4341 3360 4411 abjiciatis
3380 4355 3476 4393 vos

1912 4442 2230 4505 veritatem;
2288 4439 2401 4503 sed,
2457 4438 3041 4508 quemadmadmodum
3110 4436 3312 4503 scripto
3387 4434 3475 4486 illo

1913 4534 2185 4604 praecepit,
2217 4532 2397 4585 omnia
2432 4539 2649 4599 propter
2697 4529 2977 4583 Christum
3039 4527 3375 4582 arbitremini
3419 4537 3475 4580 ut

1913 4635 2173 4691 stercora,
2198 4632 2250 4677 et
2275 4625 2326 4677 in
2354 4625 2474 4679 ﬁdei
2499 4622 2847 4692 veritatisque
2876 4621 3190 4676 defensione
3212 4635 3318 4674 non
3340 4635 3476 4691 pr2e«

1912 4731 2206 4771 νενιοιεῐηιιι
2218 4731 2253 4770 Ι.

1977 5002 2101 5056 Haec
2135 4999 2387 5054 omnibus
2435 4998 2652 5068 quidem
2714 4996 2868 5052 vobis
2917 4997 3193 5061 dicenda;
3239 4996 3330 5050 sed
3371 4996 3468 5052 tibi

1905 5098 2248 5167 potissimum
2294 5094 2516 5148 domino
2565 5092 2896 5161 praeposito;
2948 5092 3075 5158 quia
3124 5089 3313 5160 quales
3345 5099 3471 5142 sunt

1907 5189 1998 5258 qui
2035 5195 2291 5256 prsesunt,
2326 5187 2456 5238 tales
2481 5200 2597 5237 esse
2626 5185 2800 5236 solent
2821 5191 2874 5236 et
2895 5182 3116 5236 subditi.
3155 5181 3218 5234 Et
3251 5181 3468 5250 quidem

1908 5281 2066 5333 semel
2097 5276 2412 5347 deprehensi
2445 5293 2633 5329 smnus
2690 5276 2741 5328 in
2769 5276 3018 5328 haeretica
3061 5275 3465 5335 communione,

1910 5382 2129 5442 promer
2170 5370 2408 5426 studium
2473 5384 2654 5423 rerum
2723 5368 3064 5423 visibilium:
3127 5384 3194 5423 ne
3249 5368 3467 5432 iterum,

1746 5655 1975 5711 NOTAE.

322 5807 398 5874 (ὃ)
424 5807 480 5861 In
511 5812 634 5862 cod.
662 5809 795 5880 Reg.
819 5811 938 5879 σιγ’.
