3966 6462
481 329 621 394 1635

1664 350 1723 411 S.
1748 347 2142 410 THEODORI
2182 349 2527 412 STUDIT/E

3567 335 3707 402 1636

481 464 697 506 oramus
726 460 777 506 et
798 450 1177 521 admonemus,
1207 467 1430 528 propter
1457 464 1810 526 monasteria,
1829 464 2045 519 vineas-

2164 481 2267 533 ιεν,
2297 463 2384 519 διὰ
2421 464 2773 535 μοναστήρια,
2815 461 3143 532 ἀμπελῶνάς
3189 477 3249 514 τι
3300 458 3398 512 καὶ
3448 456 3714 519 ἐλαιῶνας

479 558 586 611 que
616 553 667 597 et
698 544 892 598 oliveta
923 555 974 600 et
1014 547 1188 614 liceta,
1231 566 1352 620 quae
1383 568 1483 608 nos
1512 558 1855 625 postmodum
1902 557 2046 612 sicut

479 645 658 704 patres
699 638 870 692 nostri
907 639 1142 694 relicturi
1186 658 1395 708 sumus,
1450 655 1503 700 et
1546 647 1786 703 relicturi
1841 649 1896 702 in
1941 664 2046 703 sae-

482 727 622 786 cula,
660 736 929 779 attentum
957 730 1183 784 instituti
1216 733 1388 787 nostri
1419 734 1657 790 studium
1687 738 2046 808 negligamus,

483 817 894 886 polluamurque
914 820 1241 875 heterodoxa
1269 826 1667 891 communione,
1688 842 1850 896 prava
1866 842 2050 881 exem-

483 908 568 975 pla
607 909 729 962 hinc
777 910 898 962 inde
963 911 1490 981 circumspicientes.
1549 914 1666 969 Non
1734 917 1832 971 ista
1891 917 2051 972 nobis

485 1002 688 1054 auxilio
709 1011 871 1056 erunt
894 1013 1135 1072 tempore
1170 1005 1386 1070 mortis,
1416 1007 1468 1060 in
1529 1008 1658 1061 hora
1686 1008 1874 1077 judicii
1902 1026 1916 1076 ;
1954 1008 2049 1063 sed

487 1092 626 1147 bona
655 1096 1010 1161 conscientia,
1058 1106 1110 1151 et
1144 1100 1504 1168 inculpabilis
1555 1101 1922 1156 conversatio.
1956 1103 2052 1154 At-

486 1200 592 1251 que
645 1188 756 1239 luec
783 1201 881 1241 nos
911 1187 990 1241 sic
1022 1188 1329 1252 hortamur,
1362 1206 1468 1244 non
1521 1199 1780 1260 tanquam
1825 1191 2052 1246 Velimus

488 1292 650 1345 grave
677 1278 878 1346 aliquid
910 1295 1004 1333 vos
1056 1281 1186 1350 pati,
1219 1281 1313 1334 sed
1357 1281 1500 1352 quod
1559 1292 1814 1351 tanquam
1853 1281 2052 1336 fratres

490 1367 746 1422 fratribus
768 1385 927 1440 Opem
963 1370 1100 1424 ferre
1121 1373 1430 1441 cupiamus,
1464 1384 1623 1441 prout
1641 1375 1894 1429 mandato
1913 1389 2053 1444 prte-

489 1471 703 1527 ceptum
732 1471 835 1515 est.
873 1460 1082 1516 Etenim
1132 1464 1356 1519 miseret
1411 1480 1533 1531 nos,
1580 1468 2054 1536 compatimurque

489 1552 716 1606 domino
771 1553 1051 1623 Gregorio,
1086 1555 1354 1624 spirituali
1416 1557 1574 1611 fratri
1613 1569 1822 1624 nostro,
1870 1567 1926 1612 ut
1959 1557 2052 1627 qui

491 1658 749 1713 prospere
775 1644 886 1712 jam
922 1648 1293 1712 consenuerit,
1344 1649 1573 1716 talisque
1603 1651 1673 1705 sit
1699 1650 1916 1719 qualem
1957 1663 2055 1703 no-

493 1735 612 1799 stis,
645 1743 758 1789 tum
806 1752 871 1790 ex
904 1739 1085 1793 carnis
1132 1738 1342 1802 ofﬁciis,
1407 1747 1520 1794 tum
1557 1757 1624 1795 ex
1676 1741 2052 1810 spiritualibus

493 1839 637 1883 recte
668 1829 854 1884 factis:
888 1833 1090 1901 quique
1119 1834 1396 1887 Christum
1447 1835 1690 1888 imitatus
1722 1834 2050 1896 humilitate,
2080 1803 2127 1862 Β

492 1921 678 1974 subire
729 1922 914 1976 omnia
952 1924 1225 1988 maluerit,
1261 1940 1425 1994 quam
1478 1925 1743 1978 adversus
1799 1935 2053 1994 paternas

491 2011 833 2067 deﬁnitiones
891 2013 1187 2082 quidquam
1245 2024 1581 2085 perpetrare.
1619 2015 1859 2071 Douetur
1899 2017 2054 2071 vobis

489 2117 586 2170 per
614 2103 841 2172 gratiam
876 2120 978 2172 pax
1025 2105 1139 2169 Dei,
1182 2122 1347 2176 quam
1400 2109 1604 2163 sanctis
1641 2109 1902 2178 apostolis
1939 2109 2055 2163 suis

489 2196 558 2250 ad
605 2199 775 2250 ctelos
826 2197 1014 2251 abiens
1061 2197 1368 2267 impertiit;
1418 2200 1714 2269 quinetiam
1763 2210 1817 2254 et
1869 2210 2054 2256 mutua

490 2287 632 2340 inter
662 2301 758 2340 vos
778 2287 1014 2342 dilectio.
1044 2287 1110 2342 In
1137 2295 1233 2344 hoc
1255 2291 1415 2352 enim,
1448 2292 1543 2350 ait.
1591 2307 1755 2360 cogno
1773 2302 1915 2345 scent
1943 2308 2057 2344 om-

490 2395 578 2431 nes
607 2381 734 2446 quia
772 2381 1018 2447 discipuli
1047 2383 1148 2435 mei
1205 2384 1352 2446 estis,
1386 2384 1432 2436 si
1469 2383 1801 2437 dilectionem
1856 2383 2057 2436 habue-

490 2471 609 2524 ritis
657 2471 727 2523 ad
755 2473 974 2525 invicem
997 2475 1062 2527 ".
1099 2472 1252 2530 Bono
1292 2475 1368 2528 sis
1398 2475 1603 2539 animo,
1651 2475 1872 2528 domine
1918 2489 2058 2543 prac-

489 2561 667 2627 posite
694 2577 708 2626 ;
742 2572 793 2613 et
822 2561 938 2630 ipse
966 2562 1224 2616 dominus
1259 2563 1556 2634 Gregorius
1588 2581 1602 2630 ;
1635 2574 1748 2617 tum
1796 2573 1851 2618 et
1878 2564 2057 2618 caeteri

490 2667 683 2705 omnes
706 2667 772 2705 ex
805 2653 1028 2717 ordine;
1066 2654 1305 2709 universi
1371 2656 1650 2711 tristitiam
1701 2656 2056 2726 refugientes,

489 2752 546 2796 et
575 2754 831 2813 tanquam
863 2762 1060 2800 novum
1108 2747 1365 2816 quiddam
1392 2747 1514 2813 iter,
1551 2749 1836 2818 spirituale
1880 2757 2059 2803 certa-

492 2847 616 2885 men
641 2843 878 2887 vestrum
922 2833 1231 2888 obeuntes:
1272 2850 1371 2904 pro
1411 2835 1572 2889 nobis
1636 2837 1798 2890 etiam
1838 2836 2060 2890 humili-

494 2922 594 2978 bus
613 2933 832 2981 orantes
864 2925 1081 2978 meliora
1101 2937 1150 2980 et
1174 2926 1426 2980 viciniora
1451 2927 1614 2980 saluti
1641 2930 1709 2982 ".

816 3127 996 3185 CCXI.
1030 3159 1101 3168 —-
1136 3129 1422 3199 Euphemio
1455 3129 1731 3187 Sardensi.

2148 556 2243 605 καὶ
2273 555 2539 619 συκῶνας,
2562 554 2596 608 ἃ
2624 555 2817 624 μικρὸν
2868 553 3093 624 ὕστερον
3123 552 3221 606 καὶ
3250 552 3410 622 ἡμεῖς
3433 548 3510 612 ὼς
3535 549 3587 601 οί
3611 566 3716 601 πα-

2147 645 2305 714 τέρες
2368 644 2526 712 ἡμῶν
2576 644 2975 713 καταλείψομεν
3025 645 3105 704 είς
3161 641 3382 704 αἰῶνας,
3427 639 3718 709 προδῶμεν

2146 734 2245 804 τὴν
2274 735 2558 804 ἀκρίϐειαν
2585 735 2680 787 τοῦ
2706 735 3140 804 ἐπαγγέλματος,
3177 733 3271 786 καὶ
3304 730 3629 801 χρανθῶμεν
3651 733 3716 801 τῇ

2149 826 2439 897 ὲτεροδόξῳ
2465 825 2737 896 κοινωνίᾳ,
2761 827 2826 878 τὰ
2857 824 3078 893 σκαμὸἀ
3116 821 3494 889 ὑποδείγματα
3517 818 3718 872 κύκλο-

2149 915 2239 968 θεν
2284 915 2732 986 περιϐλέποντες.
2762 915 2838 966 Οὐ
2884 914 3252 984 προστήσεται
3290 909 3423 979 ἡμῖν
3459 907 3515 959 ἑν
3542 905 3719 974 καιρῷ

2150 1008 2404 1070 θανάτου,
2440 1008 2497 1059 ὲν
2537 1006 2655 1077 ὥρᾳ
2676 1001 2909 1074 κρίσεως
2953 1005 3033 1066 εἰς
3065 1003 3317 1073 βοήθειαν
3345 998 3552 1053 ταῦτα’
3585 997 3719 1050 ἀλλὰ

2149 1099 2210 1153 τὸ
2245 1097 2480 1168 χρηστὸν
2521 1097 2783 1160 συνειδὸς.
2816 1096 2909 1148 καὶ
2941 1096 2974 1164 ἡ
3004 1094 3426 1160 ἁκατάγνωστος
3449 1088 3717 1141 πολιτεία.

2152 1193 2262 1247 Kal.
2299 1190 2470 1244 ταῦτα
2508 1189 2606 1258 οὑχ
2638 1188 2712 1252 ὡς
2745 1186 3058 1256 βουλόμενοι
3098 1185 3241 1253 ὑμᾶς
3273 1183 3505 1251 πάσχειν
3533 1197 3587 1232 τι
3617 1180 3721 1232 δει-

2152 1282 2261 1344 νὸν,
2291 1280 2709 1350 προτρεπόμεθα
2734 1295 2748 1309 ο
2785 1278 2901 1332 ἀλλ’
2929 1279 3004 1340 ώς
3036 1277 3256 1345 ἀδελφοὶ
3299 1275 3551 1342 ἀδελφοῖς
3598 1273 3723 1342 βοη-

2153 1371 2266 1426 θεῖν
2299 1369 2720 1444 προαιρούμενοι
2771 1369 2916 1423 κατά
2955 1368 3053 1440 τὴν
3105 1366 3433 1420 κελεύουσαν
3477 1365 3719 1434 ἐντολήν.

2165 1464 2319 1519 Ἐπεὶ
2355 1463 2450 1516 καὶ
2489 1461 2880 1532 κατελεοῦμεν,
2909 1463 3001 1515 καὶ
3031 1459 3375 1529 οἰκτείρομεν
3408 1459 3500 1511 τὸν
3531 1457 3723 1528 κύριον

2153 1555 2454 1628 Γρηγὸριον
2493 1554 2587 1610 τὸν
2624 1552 2994 1624 πνευματικὸν
3030 1551 3186 1622 ήμῶν
3226 1549 3472 1617 ἀδελφὸν,
3502 1547 3580 1609 ώς
3620 1548 3720 1618 ήδη

2153 1651 2400 1723 λιπαρῶς
2435 1648 2803 1720 γεγηρακότα,
2855 1649 2950 1702 καὶ
2996 1644 3234 1699 τοιοῦτον
3267 1644 3395 1698 ὄντα
3440 1639 3552 1695 οἷον
3585 1642 3722 1704 ἴστε,

2155 1744 2262 1799 ἀπό
2293 1759 2352 1795 τε
2393 1741 2501 1794 τῶν
2548 1738 2824 1811 σαρκικῶν
2878 1738 3256 1808 καθηκόντων,
3311 1736 3406 1789 κα)⁵
3453 1735 3564 1788 ἀπὸ
3616 1751 3727 1788 των

2155 1833 2541 1904 πνευματικῶν
2576 1831 3018 1902 κατορθωμάτων
3039 1847 3052 1859 ·
3085 1831 3133 1883 εί
3178 1830 3274 1883 καὶ
3321 1828 3402 1881 ὅτι
3435 1844 3726 1897 χριστομι-

2157 1929 2313 1999 μήτῳ
2355 1924 2678 1980 ταπεινώσει
2729 1926 2898 1978 οῐσειν
2943 1925 3122 1978 πάντα
3181 1920 3527 1992 προέκρινεν,
3583 1920 3618 1989 ή
3667 1935 3724 1974 τι

2155 2018 2393 2073 ἐναντίον
2426 2017 2535 2070 τῶν
2565 2015 2847 2086 πατρικῶν
2873 2015 3120 2085 ὁρισμῶν
3150 2011 3573 2083 διαπράξασθαι.
3608 2010 3728 2064 Χα-

2159 2113 2362 2184 ρισθείη
2390 2113 2520 2181 ύμῖν
2549 2110 2582 2179 ἡ
2617 2110 2809 2178 εἰρήνη
2837 2106 2932 2160 τοῦ
2955 2107 3110 2170 Θεοῦ,
3135 2107 3313 2176 ἤνπερ
3347 2100 3727 2173 ἐπεφθέγξατο

2154 2207 2264 2266 τοῖς
2294 2203 2471 2271 ἁγίοις
2496 2200 2660 2254 αὑτοῦ
2692 2196 3010 2259 ἀποστόλοις
3039 2197 3296 2265 ἀπαίρων
3336 2194 3394 2246 ὲν
3425 2192 3683 2262 οὐρανοί(
3707 2209 3723 2224 ι

2155 2297 2289 2350 ἀλλά
2319 2296 2424 2366 μὴν
2451 2294 2546 2349 καὶ
2573 2295 2606 2362 ἡ
2639 2293 2718 2357 είς
2741 2289 3000 2360 ἀλλήλους
3020 2288 3226 2358 ἀγάπη.
3264 2288 3359 2338 Ἑν
3381 2285 3569 2347 τούτῳ
3591 2283 3727 2352 γὰρ,

2158 2404 2232 2455 φη
2246 2387 2320 2448 οἱ,
2349 2383 2682 2453 γνώσονται
2714 2379 2936 2444 πάντες
2969 2377 3058 2430 ὅτι
3101 2375 3232 2445 ἐμοὶ
3263 2374 3521 2443 μαθηταὶ
3559 2372 3726 2435 ἐστὲ,

2156 2479 2265 2532 ἐὰν
2297 2475 2538 2544 ἀγάπην
2571 2473 2749 2540 ἔχητε
2789 2472 2859 2524 ἐν
2902 2466 3221 2534 ἀλλήλοις.
3255 2465 3516 2536 Εὑθύμει,
3547 2466 3576 2518 6
3626 2463 3730 2517 κύ-

2159 2586 2274 2637 ριος
2323 2567 2352 2620 ὁ
2394 2565 2716 2637 ἡγούμενος,
2751 2562 2912 2626 αὐτὸς
2945 2561 2973 2613 6
3001 2559 3188 2630 κύριος
3232 2558 3534 2628 Γρηγὸριος
3557 2571 3572 2585 ⁸
3607 2550 3733 2608 εἶτα

2158 2655 2237 2722 εἷς
2260 2659 2486 2720 ἕκαστος
2509 2656 2617 2709 τῶν
2638 2655 2764 2723 ἑξῆς
2785 2670 2800 2683 ·
2832 2654 3181 2713 ἀνανεύοντες
3212 2648 3449 2710 ἅπαντες
3480 2647 3590 2700 ἀπὸ
3631 2648 3734 2715 τῆς

2158 2751 2357 2821 λύπης,
2407 2750 2502 2802 καὶ
2533 2745 2908 2808 ὁδοποιοῦντες
2938 2744 3128 2811 ὥσπερ
3156 2742 3285 2793 νέαν
3311 2739 3436 2792 τινὰ
3481 2739 3603 2791 ὁδὸν
3639 2739 3734 2791 τὸν

2160 2839 2524 2909 πνευματικὸν
2565 2837 2718 2908 ὑμῶν
2746 2836 2934 2906 ἀγῶνα
2955 2851 2968 2867 ·
3001 2832 3432 2903 προσευχόμενοι
3480 2831 3574 2882 καὶ
3604 2832 3736 2900 περὶ

2160 2931 2318 3003 ήμῶν
2354 2929 2464 2982 τῶν
2500 2926 2772 2981 ταπεινῶν
2839 2925 2912 2979 τὰ
2969 2923 3278 2992 κρείττονα
3332 2920 3430 2974 καί
3476 2921 3739 2990 ἐχόμενα

2161 3023 2482 3091 σωτηρίας.

2372 3136 2497 3189 ΣΙΛ⁹
2537 3133 2632 3205 (6).
2656 3163 2731 3175 ο·-
2749 3132 3034 3200 Εύςρημίφ
3055 3129 3307 3199 Σάρδης.
3343 3124 3534 3201 [ωλέ⁹.]

981 3243 1244 3293 Abstinere
1270 3258 1295 3292 a
1320 3248 1471 3294 sacris
1490 3246 1823 3297 {unctionibus
1846 3249 2033 3300 debere
2054 3263 2162 3312 eos,
2195 3251 2281 3312 qui
2310 3262 2422 3299 cum
2451 3241 2702 3297 haereticis
2726 3241 3224 3292 communicaverant.

567 3352 649 3409 Tu
673 3353 914 3424 quidem,
945 3369 978 3407 o
1008 3355 1182 3421 beate,
1219 3366 1482 3410 consueta
1520 3364 1683 3413 utens
1729 3359 2059 3426 humilitate,

499 3463 601 3502 nos
646 3446 1006 3501 inhonoratos
1054 3447 1236 3503 verbis
1283 3447 1474 3503 ell‘erre
1523 3465 1632 3504 non
1683 3451 1908 3506 desinis.
1955 3452 2064 3507 Nos

500 3554 630 3593 vero
660 3539 817 3608 plane
847 3547 899 3592 te
955 3539 1207 3591 novimus
1252 3547 1306 3591 et
1329 3539 1500 3592 basim
1536 3539 1683 3594 verbi
1720 3555 1861 3606 esse,
1886 3550 1940 3594 et
1970 3542 2065 3594 lir-

501 3639 836 3684 mamentum
899 3627 1191 3682 Ecclesiae:
1245 3631 1586 3698 maximeque
1647 3631 1754 3685 hoc
1799 3639 2063 3702 tempore,

501 3721 721 3792 quando
772 3720 1134 3774 deseruerunt
1197 3736 1298 3774 nos
1353 3721 1605 3791 hiatque
1649 3722 1726 3776 illi
1782 3724 2065 3792 conspicui

501 3811 715 3876 Patres,
783 3810 955 3881 gloria
1017 3811 1493 3878 orthodoxorum;
1563 3821 1726 3882 tuque
1782 3815 1926 3868 velut
1979 3814 2066 3868 fax

505 3918 674 3972 prope
711 3904 870 3956 uuica
919 3901 1206 3965 discurris,
1248 3903 1550 3971 praelucens
1604 3904 1672 3959 iis
1696 3904 1788 3974 qui
1845 3906 1897 3958 in
1935 3907 2069 3961 urbe

505 3995 843 4049 remissiores
890 4003 1058 4049 sunt:
1094 3995 1291 4048 multos
1346 3995 1682 4060 illuminans,
1722 3996 1858 4050 lucis
1888 3995 2065 4066 inopia

506 4087 870 4146 (mentientes.
902 4087 1084 4155 plures
1113 4086 1179 4139 ad
1211 4085 1377 4140 Deum
1417 4087 1713 4154 adducens,
1744 4103 1837 4158 per
1866 4091 2070 4145 exube-

509 4190 739 4242 rantem,
771 4176 1010 4230 ﬂuminis
1063 4177 1346 4244 cujusdam
1403 4178 1598 4244 instar,
1628 4178 1940 4234 mellifluam
1967 4181 2068 4234 do-

507 4272 740 4324 ctrinam
785 4278 956 4322 tuam.
988 4267 1188 4323 Verum
1224 4279 1279 4323 tu
1311 4270 1470 4324 nobis
1501 4285 1666 4340 porro
1701 4273 2068 4337 conservcris,

510 4365 592 4415 vir
655 4359 1140 4424 desideratissime,
1199 4360 1309 4413 imo
1361 4361 1617 4415 Ecclesiae
1659 4363 1950 4426 universae,
2001 4363 2070 4418 ad

509 4455 964 4515 stabilimentum,
1001 4452 1351 4522 divinamque
1374 4453 1812 4509 exsultationem.
1843 4453 1916 4508 De
1942 4471 2070 4526 pre-

510 4551 729 4618 sbytero
751 4557 953 4610 autem,
979 4545 1046 4600 de
1076 4560 1186 4616 quo
1214 4545 1508 4616 signiﬁcari
1533 4547 1766 4616 jussisti,
1797 4549 2069 4617 quomodo

2238 3361 2308 3412 Σὺ
2337 3359 2455 3428 μὲν,
2489 3351 2533 3410 ὦ
2589 3353 2851 3424 μακάριε,
2893 3353 2960 3422 τῇ
3010 3349 3228 3418 συνήθει
3274 3343 3742 3417 ταπεινοφροσύνῃ

2169 3449 2448 3521 χρώμενος
2491 3444 2552 3498 ού
2594 3442 2976 3512 διαλιμπάνεις
3016 3435 3410 3505 ἀποσεμνύνειν
3437 3433 3584 3503 ήμᾶς
3613 3434 3743 3493 τοὺς

2170 3541 2525 3609 ἀγεράστους.
2564 3535 2751 3605 Ἡμεῖς
2799 3533 2856 3586 δέ
2909 3548 2968 3584 σε
3027 3530 3203 3598 ἴσμεν,
3252 3526 3327 3589 ὠς
3375 3524 3612 3594 άληθῶς,
3648 3525 3744 3579 καὶ

2171 3631 2406 3700 κρηπῖδα
2452 3627 2545 3680 τοῦ
2607 3624 2789 3692 λόγου,
2837 3624 2931 3677 καὶ
2977 3621 3207 3692 ἔρεισμα
3250 3617 3349 3686 τῆς
3387 3615 3742 3686 Ἐκκλησίας⁶

2171 3723 2266 3775 καὶ
2306 3719 2541 3792 μάλιστά
2585 3735 2649 3787 γε
2706 3717 2853 3788 ἄρτι,
2881 3715 3116 3784 ὁπηνίκα
3148 3710 3563 3766 ἀπολελοίπασιν
3592 3708 3744 3779 ἡμᾶς

2170 3817 2199 3868 ὁ
2222 3815 2370 3866 δεῖνα
2402 3812 2497 3865 καὶ
2537 3813 2565 3864 ὁ
2607 3811 2774 3869 δεῖνα,
2801 3808 2848 3860 οἱ
2879 3806 3160 3875 διαφανεῖς
3189 3800 3454 3871 Πατέρες,
3490 3801 3552 3853 τὸ
3578 3800 3743 3864 κλέος

2172 3905 2280 3959 τῶν
2305 3903 2620 3974 ὀρθοδὸξων,
2660 3901 2756 3955 καὶ
2782 3901 2856 3964 ώς
2887 3892 2966 3961 εἷς
3001 3897 3188 3967 σχεδον
3215 3893 3424 3964 πυρσὸς
3457 3892 3745 3963 ὑπερλάμ-

2171 4017 2292 4052 πων
2313 3999 2422 4052 τῶν
2452 3995 2762 4066 ὐφειμένων
2807 3993 3040 4055 διαθέεις
3071 3991 3180 4044 τῶν
3206 3990 3262 4043 ὲν
3287 3988 3438 4042 ἄστει
3461 4001 3476 4016 ο
3510 3986 3744 4049 πολλοὺς

2177 4093 2275 4162 μὲν
2306 4088 2554 4160 φωτίζων
2594 4085 2985 4158 μυωπάςοντας
3018 4085 3084 4136 ὲκ
3110 4079 3488 4151 φωτολειψίας,
3521 4078 3745 4142 πλείους

2172 4185 2230 4239 δὲ
2281 4183 2572 4252 προσάγων
2611 4179 2691 4250 τῷ
2725 4177 2842 4248 Θεῷ
2891 4176 2979 4230 διὰ
3024 4178 3121 4245 τῆς
3165 4172 3583 4240 ὲπικλυζούσης,
3629 4166 3746 4222 οἷον

2178 4274 2405 4346 ρεύματί
2435 4291 2558 4334 τινι,
2586 4268 2942 4341 μελισταγοῦς
2966 4267 3187 4338 διδαχῆς
3209 4284 3322 4321 σου.
3352 4264 3513 4319 Ἀλλά
3532 4263 3744 4331 φυλαχ-

2175 4367 2325 4436 θείης
2351 4366 2482 4436 ἡμῖν
2510 4363 2609 4426 ἔτι,
2639 4356 2684 4415 ὦ
2714 4359 3006 4432 τριπόθητε
3024 4376 3038 4390 ο
3070 4359 3131 4411 ού
3167 4359 3272 4429 μὴν
3300 4357 3438 4412 ἀλλά
3475 4356 3568 4410 καὶ
3591 4353 3745 4423 πάσῃ

2172 4462 2240 4529 τῇ
2281 4457 2595 4527 Ἐκκλησία,
2635 4456 2714 4518 είς
2746 4454 3045 4526 στηριγμόςι
3089 4469 3148 4506 τε
3183 4450 3274 4504 καὶ
3310 4451 3451 4503 θεῖον
3474 4447 3743 4515 ἀγαλλία-

2177 4569 2272 4622 μα.
2309 4550 2441 4621 Περὶ
2478 4549 2533 4601 δὲ
2562 4541 2621 4601 οὗ
2655 4545 3030 4616 πρεσὸυτέρου
3060 4543 3350 4605 ἐκέλευσας
3380 4542 3622 4610 σημᾶναι
3657 4539 3746 4592 οῦ-

511 4659 570 4698 se
597 4643 810 4706 haheat,
843 4649 895 4694 et
919 4639 1064 4710 quod
1099 4641 1406 4708 redemptus
1439 4643 1560 4694 sita
1592 4641 1904 4709 captivitate
1939 4641 2062 4694 bar-

2169 4663 2274 4709 τως
2293 4643 2387 4697 καὶ
2409 4640 2599 4705 οὕτως,
2635 4637 2771 4692 εἷναί
2807 4655 2868 4691 τε
2903 4637 2999 4690 καὶ
3019 4634 3455 4706 ὲκλελυτρῶσθαι
3483 4633 3580 4703 τῆς
3606 4632 3746 4703 βαρ-

515 4734 720 4794 barica,
745 4733 950 4786 scimus
980 4741 1032 4785 et
1069 4746 1188 4794 nos,
1224 4732 1437 4799 singula
1474 4731 1542 4784 ab
1594 4731 1829 4800 ipsomet
1867 4733 2069 4786 edocti.

514 4825 619 4879 Sed
652 4824 730 4877 vir
766 4823 865 4877 iste
912 4837 1008 4877 nec
1036 4822 1170 4886 vult,
1215 4837 1313 4876 nec
1343 4824 1566 4890 patitur,
1600 4839 1666 4877 ex
1707 4838 1898 4877 norma
1935 4824 2074 4879 inter

513 4936 615 4975 nos
657 4929 871 4987 recepta
920 4933 978 4972 se
1023 4918 1240 4988 corrigi.
1293 4917 1441 4972 Nosti
1492 4920 1659 4982 enim,
1707 4917 1816 4973 Deo
1849 4921 2069 4985 dilecte,

517 5013 790 5067 communi
819 5013 1026 5066 calculo
1064 5013 1466 5077 confessorum,
1497 5012 1589 5080 qui
1635 5020 1730 5064 aut
1762 5012 1941 5066 adhuc
1977 5029 2073 5065 su-

516 5106 768 5175 perstites
813 5111 958 5162 sunt.
992 5112 1083 5156 aut
1122 5104 1282 5172 paulo
1309 5114 1435 5156 ante
1482 5105 1546 5157 ad
1595 5102 1884 5156 Dominum
1922 5103 2076 5156 abie-

519 5204 668 5258 runt,
706 5203 966 5248 statutum
1006 5208 1146 5256 esse,
1180 5205 1238 5246 ut
1294 5194 1470 5248 sacris
1505 5194 1724 5255 initiati,
1774 5195 1863 5262 qui
1910 5193 2074 5248 semel

519 5289 574 5341 in
604 5289 853 5342 heretica
893 5286 1279 5341 communione
1322 5285 1643 5354 deprehensi
1687 5285 1908 5352 fuerint,
1936 5302 1963 5339 a
1994 5302 2079 5340 sa-

522 5394 614 5433 cra
661 5378 940 5432 functione
992 5378 1207 5447 penitus
1236 5386 1548 5440 arceantur,
1595 5376 1775 5446 quoad
1824 5377 2078 5431 videlicet

523 5485 759 5540 superna
783 5467 1132 5523 Providentia
1162 5483 1261 5521 nos
1286 5467 1560 5536 respiciat.
1582 5466 1647 5522 Et
1685 5467 1960 5540 quomodo
1985 5483 2078 5524 ca-

592 5589 636 5620 "
670 5587 827 5643 Joan.
853 5602 972 5651 xm,
1002 5586 1091 5639 35.
1167 5586 1211 5617 "
1237 5584 1396 5640 Hebr.
1435 5600 1508 5652 vi,
1539 5583 1591 5639 9.

2172 4736 2403 4808 σαρικῆς
2435 4731 2835 4801 αἰχμαλωσίας,
2861 4729 3120 4798 σύνισμεν
3175 4727 3311 4798 πρὸς
3353 4725 3515 4780 αὑτοῦ
3549 4724 3745 4777 τούτου

2168 4824 2374 4876 ἕκαστα
2432 4820 2908 4890 ἐκμεμαθηκότες.
2945 4817 3086 4871 mw
3110 4819 3137 4870 6
3166 4818 3306 4886 ἀνὴρ
3352 4817 3414 4869 ού
3466 4814 3742 4885 βούλεται,

2170 4915 2269 4969 εἴτ’
2299 4910 2392 4968 οῦν
2441 4913 2541 4966 οὐκ
2582 4912 2854 4980 ἀνέχεται,
2885 4907 2961 4979 τῷ
2991 4907 3111 4961 καθ’
3144 4908 3287 4976 ἡμᾶς
3317 4905 3474 4976 τύπῳ
3506 4921 3742 4957 κεκανο-

2171 5007 2369 5059 νίσθαι.
2408 5000 2578 5058 Οἶσθα
2619 5003 2750 5072 γὰρ,
2782 5000 3091 5069 θεοτίμητε,
3123 5000 3205 5051 ὅτι
3251 5000 3403 5067 κοινῇ
3436 4997 3603 5066 ψήφῳ
3632 4995 3744 5048 τῶν

2173 5116 2233 5151 τε
2260 5099 2338 5151 ἔτι
2370 5097 2509 5166 ὑπὲρ
2547 5094 2651 5163 γῆν
2703 5094 2891 5156 ὄντων,
2929 5093 3024 5144 καὶ
3062 5091 3170 5142 τῶν
3219 5090 3447 5159 ἔναγχος
3496 5089 3746 5156 ὲκδημη-

2178 5190 2383 5242 σάντων
2415 5186 2548 5256 πρὸς
2576 5184 2779 5255 Κύριον
2805 5182 3169 5253 ὁμολογητῶν,
3207 5181 3331 5244 τοὺς
3377 5178 3523 5244 ἀπαξ
3569 5180 3746 5231 ἑαλω-

2175 5284 2334 5345 κότας
2364 5285 2429 5350 τῇ
2457 5280 2702 5351 αἱρετικῇ
2735 5277 2990 5348 κοινωνίᾳ.
3020 5276 3350 5347 ίερωμένους
3386 5267 3601 5344 είρχθαι
3641 5274 3744 5344 τῆς

2177 5371 2507 5442 ἱερουργίας,
2541 5367 2845 5440 διώρισται,
2876 5367 2981 5430 ἕως
3009 5366 3249 5436 δηλονότι
3287 5364 3482 5435 καιροῦ
3515 5366 3743 5417 ἐπισκο-

2177 5467 2285 5536 πῆς
2316 5465 2413 5538 τῆς
2440 5461 2649 5518 ἀνωθεν
2694 5457 2972 5528 προνοίας.
3009 5458 3118 5514 Καὶ
3143 5455 3260 5521 πῶς
3290 5455 3357 5511 ἂν
3381 5455 3745 5528 δυνηθείημεν

2018 5669 2249 5727 ΝΟΤΛΕ.

599 5770 677 5841 (6)
719 5770 775 5824 In
799 5770 917 5824 cod.
960 5771 1091 5840 Reg.
1127 5769 1242 5823 σιδ⁹.
