3966 6466
243 399 372 460 163'!

1414 409 1946 470 EPISTOLARUM
2003 415 2153 478 LIB.
2214 419 2295 480 II.

3341 433 3474 496 1638

232 509 390 562 λῦσαι
433 509 526 561 τὸν
556 509 776 572 κανόνα,
807 508 900 562 καὶ
927 509 1014 564 διά
1045 512 1146 579 τῆς
1192 513 1286 566 τοῦ
1337 516 1454 577 ἐνὸς
1488 518 1785 589 παραδοχῆς

1905 539 2100 578 nonem
2137 529 2338 583 violare
2359 530 2650 599 possimus,
2676 548 2741 590 ac
2760 550 2856 605 per
2876 537 3271 606 susceptionem
3289 548 3473 611 unius,

230 602 394 671 νόμον
434 599 528 652 επὶ
569 598 816 664 ἅπαντας
861 602 989 666 τοὺς
1043 606 1472 674 προειργμὼους
1525 608 1751 663 ἀποῖσαι
1776 649 1792 675 ,

230 695 333 745 κάν
355 691 534 762 τούτῳ
563 691 858 746 ὑπεναντία
880 694 977 764 μὲν
1007 693 1203 764 δρᾶσαι
1240 696 1316 767 τῷ
1357 697 1487 767 θείῳ
1523 697 1683 769 ἡμῶν
1712 701 1807 754 καὶ

229 785 544 854 πρωτάρχῳ
581 783 942 854 καθηγεμόνι·
977 785 1059 840 ὅτι
1096 786 1230 857 μηδὲ
1259 788 1446 852 ἁπλῶς
1484 790 1650 854 αὐτὸς
1679 792 1807 856 τοὺς

227 875 506 938 τοιούτους
547 875 791 944 εὐλογεῖν
830 877 1018 947 κοινὴν
1057 877 1259 948 βρῶσιν
1298 881 1554 950 ἀνέχεται
1583 901 1596 914 ·
1626 886 1700 957 μὴ
1721 885 1803 939 ὅτι

226 982 288 1032 γε
319 965 486 1018 πλέον
527 983 579 1019 τι
607 968 848 1038 ἐνεργεῖν
880 968 1169 1039 ίερατικῶς
1187 987 1200 1002 ο
1225 971 1351 1036 τοὺς
1393 972 1583 1037 ἀλλους
1607 991 1666 1027 τε
1694 976 1803 1029 τῶν

226 1057 576 1127 όμολογητῶν
607 1059 980 1127 σκανδαλίσαι,
1006 1063 1103 1114 καὶ
1133 1062 1354 1117 ὐποῖσαι
1380 1065 1650 1137 διχόνοιαν
1674 1068 1802 1132 τοὺς

225 1145 518 1216 ἀκριϐείας
548 1148 938 1219 ἀντεχομένους
962 1165 978 1216 ;

293 1345 416 1400 Κάν
441 1363 581 1410 τινες
613 1348 744 1411 ἴσως
772 1347 1016 1418 ἔφθασαν
1042 1353 1108 1422 τῇ
1136 1351 1257 1405 κατ’
1287 1352 1489 1417 αὐτοὺς
1521 1354 1798 1428 διακρίσει

1905 615 2076 686 legem
2110 620 2356 675 eamdem
2385 629 2452 676 ad
2474 638 2666 682 omnes
2688 626 2798 696 jam
2831 629 3111 686 abstentos
3142 635 3472 701 transferre;

1905 718 2068 777 atque
2093 710 2196 765 hac
2221 711 2276 765 in
2309 728 2386 778 re,
2427 719 2707 772 contraria
2740 735 2902 790 agere
2940 723 3127 778 divino
3172 736 3225 781 et
3267 729 3473 795 prima-

1903 800 1989 856 rio
2011 803 2338 859 moderatori
2377 817 2564 862 nostro
2596 809 2821 880 (quippe
2851 812 2942 881 qui
2981 816 3114 870 tales
3138 833 3204 870 ne
3225 834 3474 874 commu-

1903 909 2027 948 nem
2061 895 2280 965 quidem
2319 898 2500 954 cibum
2529 901 2844 958 benedicere
2895 907 3099 974 patitur
3132 925 3149 974 ;
3185 912 3380 965 nedum
3414 925 3474 968 ut

1901 984 2135 1054 amplius
2173 986 2452 1057 quidpiam
2503 993 2859 1048 sacerdotalis
2884 997 3126 1052 muneris
3164 1015 3470 1069 exsequan-

1902 1075 2034 1140 tur),
2072 1075 2300 1146 reliquis
2322 1079 2482 1132 etiatn
2515 1081 2924 1136 coulessoribus
2951 1085 3208 1140 seandalo
3248 1103 3388 1147 esse.
3418 1097 3472 1142 et

1899 1164 2258 1221 dissensionis
2281 1184 2499 1224 causam
2532 1173 2770 1240 praebere
2792 1174 2878 1237 iis,
2909 1175 3002 1244 qui
3032 1189 3351 1232 accuratam
3383 1197 3470 1234 re-

1899 1258 2075 1313 tinent
2107 1259 2492 1330 disciplinam?

1967 1347 2080 1403 Etsi
2112 1361 2293 1406 autem
2319 1352 2431 1422 jam
2466 1355 2634 1424 aliqui
2667 1356 2901 1412 fortasse
2931 1359 3036 1414 tale
3069 1360 3136 1413 de
3163 1360 3270 1416 illis
3289 1361 3464 1417 tulere

223 1435 309 1490 διὰ
340 1438 402 1490 τὸ
438 1439 622 1490 στενὸν
652 1438 744 1492 τοῦ
783 1441 996 1510 χρόνου,
1030 1443 1125 1495 καὶ
1152 1442 1213 1496 τὸ
1254 1444 1362 1498 τῶν
1392 1447 1785 1517 ἐπιζητούντων

1890 1438 2181 1511 judicium.
2211 1455 2432 1512 propter
2468 1449 2728 1515 temporis
2785 1451 3094 1519 angustias,
3126 1462 3179 1505 et
3218 1452 3467 1522 ﬂagitau-

222 1530 646 1597 ἀναγκαστικὸν,
691 1533 847 1596 τινὰς
895 1534 1006 1588 τῶν
1052 1538 1442 1610 πρεσϐυτέρων
1505 1540 1644 1610 μετὰ
1695 1542 1785 1612 τὴν

1897 1533 2032 1588 tium
2067 1533 2407 1599 violentiam,
2447 1545 2505 1590 ut
2530 1540 2880 1609 presbyteros
2919 1541 3185 1609 quosdam
3215 1558 3309 1610 per
3350 1559 3465 1613 pte.

221 1621 510 1691 ἐπιτιμίαν
569 1622 1001 1678 ἀπολελυκέναιο
1050 1627 1182 1696 ἡμῖν
1238 1628 1295 1680 δὲ
1353 1629 1602 1700 οὐδαμῶς
1632 1631 1785 1686 τοῦτο

1895 1626 2179 1679 uitentiam
2227 1627 2610 1684 absolverent:
2653 1632 2814 1686 nobis
2874 1640 3054 1686 tamen
3106 1634 3253 1688 nullo
3301 1636 3462 1690 modo

221 1713 666 1783 κατεργάσασθαι
711 1715 842 1786 ἀτερ
889 1715 984 1770 τοῦ
1024 1719 1320 1788 προέδρου·
1350 1721 1434 1774 ὅτι
1491 1723 1587 1775 καὶ
1637 1740 1794 1794 νομι-

222 1806 382 1860 στέον
413 1802 472 1860 εὖ
502 1806 646 1875 ἔχειν
668 1807 761 1860 τὸν
793 1809 949 1877 λόγον
977 1809 1076 1880 τῆς
1117 1811 1471 1882 καθείρξεως.
1524 1814 1635 1868 Ποῦ
1682 1816 1792 1887 γὰρ

220 1897 418 1966 φανείη
457 1899 517 1950 τὸ
546 1898 801 1970 διάφορον
831 1900 940 1952 τῶν
971 1901 1364 1971 προδωσάντων
1385 1905 1484 1977 τὴν
1514 1905 1788 1978 ἀλήθειαν,

219 1987 314 2039 καὶ
350 1988 466 2058 μή;
497 1988 605 2041 τῶν
649 1989 913 2057 γενναίως
954 1991 1354 2064 ἐνηθληκότων,
1383 1997 1479 2050 καὶ
1529 1999 1792 2069 μηδαμῶς

219 2079 492 2148 ἑλομένων
540 2080 679 2152 ὑπὲρ
734 2081 827 2134 τοῦ
881 2082 1044 2136 καλοῦ
1099 2085 1424 2156 τληπαθεῖν;
1473 2089 1582 2144 Καὶ
1626 2090 1731 2143 ποῦ
1763 2090 1793 2143 6

217 2171 459 2240 Χριστὸς
496 2173 590 2225 καὶ
614 2174 642 2225 6
677 2172 893 2238 Βελίαλ,
925 2175 986 2227 τὸ
1023 2175 1137 2243 φῶς
1165 2178 1259 2231 καὶ
1290 2178 1352 2232 τὸ
1381 2180 1599 2244 σκότος·
1632 2181 1792 2253 εῐπερ

218 2261 425 2333 ἀναμὶξ
451 2264 520 2317 τά
555 2265 752 2331 πάντα,
789 2266 883 2318 καὶ
914 2266 1020 2337 πρὸ
1043 2267 1278 2338 κρίσεως
1334 2271 1638 2342 συνοδικῆς,
1669 2273 1790 2343 κρί-

221 2371 305 2416 σις
326 2371 341 2386 ·
378 2356 474 2408 καὶ
512 2356 616 2425 πρὸ
647 2358 889 2429 εἰρήνης,
938 2359 1166 2430 είρήνη;
1214 2361 1513 2431 Ἀπόμοτον
1541 2363 1720 2430 τοῦτο,
1743 2357 1790 2418 ὧ

220 2446 482 2516 Πατέρων
532 2448 811 2518 κράτιστε,
859 2449 934 2512 ὡς
989 2451 1120 2520 ἡμῖν
1154 2469 1218 2519 γε
1252 2453 1401 2507 δοκεῖ
1422 2470 1438 2487 ⁸
1470 2455 1723 2526 είποιμεν
1742 2458 1789 2513 δ’

219 2537 282 2588 ᾰν
306 2539 398 2588 καὶ
437 2540 505 2607 τῇ
527 2538 770 2609 ἀληθείᾳ.
813 2540 1094 2608 Ἀρκετόν
1125 2559 1193 2612 τε
1228 2541 1308 2607 τῷ
1331 2546 1578 2614 τοιούτῳ
1599 2548 1636 2615 ἠ
1660 2549 1790 2604 ἐπιο

215 2625 378 2692 τιμία
399 2626 550 2692 αὕτη
587 2627 623 2693 ἡ
654 2629 770 2682 ὑπὸ
798 2629 916 2682 τῶν
945 2632 1260 2701 πλειόνων,
1281 2634 1355 2698 ὥς
1377 2653 1543 2707 φησιν
1566 2641 1594 2692 ό
1628 2639 1790 2694 Ἀπό-

218 2719 401 2780 στολος
422 2759 436 2781 ,
457 2719 539 2782 ὡς
572 2718 647 2772 ἂν
658 2720 743 2788 μὴ
764 2719 837 2789 τῇ
858 2724 1255 2793 περισσοτέρᾳ
1275 2728 1445 2794 λύπῃ
1478 2733 1789 2802 καταποθῇ

216 2809 248 2858 ὀ
271 2807 562 2872 τοιοῦτος.
592 2809 665 2860 Οὐ
707 2810 814 2878 μὴν
841 2813 1144 2881 προακτέον
1164 2816 1244 2878 είς
1267 2815 1357 2868 τὸν
1384 2818 1477 2886 ἀφ’
1503 2813 1564 2873 οὗ
1596 2823 1784 2892 εἵρχθη

214 2900 299 2951 ὁιά
330 2899 428 2969 τὴν
476 2901 788 2969 παράϐασιν
822 2901 1048 2972 βαθμὸν,
1105 2903 1210 2967 ἓως
1264 2907 1358 2960 τοῦ
1405 2909 1617 2973 δέοντος
1663 2929 1786 2966 και-

216 2991 341 3060 ροῦ·
382 2993 470 3046 ἵνα
506 2993 599 3046 καὶ
628 2993 687 3045 τὸ
708 2994 802 3047 τοῦ
835 2995 941 3063 πλη
953 2996 1320 3067 μμεληθέντος
1346 2995 1484 3064 εἶδος
1516 3002 1597 3056 ἔτι
1626 3004 1786 3058 κολά·

215 3083 358 3146 ζοιτο
381 3086 1001 3159 παραπληκτικώτερον,
1032 3089 1124 3142 καὶ
1154 3091 1182 3142 6
1208 3092 1308 3160 τῆς
1346 3093 1622 3160 ὑγιώσεως
1661 3099 1786 3168 τρό-

1893 1716 1947 1770 id
1987 1717 2098 1770 ﬁeri
2127 1718 2300 1786 placet
2322 1719 2536 1788 injussu
2591 1723 2892 1779 antistitis:
2920 1724 3047 1794 quia
3081 1726 3462 1794 prohibitionis

1893 1822 2112 1862 causam
2145 1808 2438 1877 legitimam
2457 1827 2596 1873 esse.
2619 1829 2844 1869 censere
2873 1816 3155 1871 debemus.
3189 1816 3290 1872 Ubi
3314 1818 3458 1872 enim

1824 1888 1864 1942 Β
1893 1899 2134 1952 eluceret
2169 1898 2461 1955 discrimen
2496 1903 2712 1958 illorum
2758 1906 2850 1975 qui
2899 1908 3180 1961 veritatem
3209 1909 3460 1973 prodide-

1892 1998 2040 2052 runt,
2074 2000 2126 2044 et
2157 2005 2344 2044 eorum
2377 1993 2469 2061 qui
2507 2010 2617 2049 non
2671 1997 3028 2064 prodiderunt
3057 1999 3080 2051 ἲ
3128 2015 3317 2054 eorum
3362 2000 3458 2071 qui

1891 2091 2164 2136 certamen
2197 2092 2418 2139 strenue
2470 2087 2863 2153 sustinuerunt,
2915 2099 2967 2144 et
2996 2107 3185 2145 eorum
3235 2093 3327 2162 qui
3359 2109 3460 2148 nec

1891 2173 2018 2228 boni
2045 2173 2367 2242 honestique
2406 2178 2585 2231 studio
2612 2180 2745 2234 dura
2785 2185 2986 2251 perpeti
3023 2184 3356 2239 voluerunt?
3387 2185 3456 2241 Et

1892 2266 2111 2320 ubinam
2146 2267 2398 2325 Christus
2429 2280 2482 2325 et
2526 2270 2712 2336 Belial,
2755 2274 2847 2328 lux
2887 2283 2942 2328 et
2970 2277 3222 2340 tenebrae,
3254 2278 3298 2331 si
3321 2295 3456 2333 con-

1890 2356 2010 2412 fusa
2029 2365 2157 2412 sunt
2180 2360 2398 2417 omnia:
2427 2369 2480 2416 et
2506 2371 2630 2416 ante
2659 2364 2982 2433 synodicum
3029 2366 3329 2435 judicium,
3367 2370 3459 2438 ju-

1889 2450 2133 2517 dicium;
2183 2460 2236 2505 et
2263 2461 2390 2507 ante
2423 2469 2633 2524 pacem,
2672 2456 2820 2525 pax?
2858 2455 3154 2513 Vitandum
3204 2462 3326 2525 hoc,
3355 2464 3458 2517 Pa-

1888 2551 2032 2596 trum
2081 2543 2304 2611 optime,
2349 2554 2410 2598 ut
2461 2546 2618 2598 nobis
2661 2548 2880 2616 quidem
2936 2551 3169 2618 videtur,
3221 2555 3455 2609 dixerint

1887 2649 2091 2700 autem,
2151 2639 2313 2692 etiam
2372 2639 2632 2694 veritati:
2695 2639 2894 2709 Sit/ﬁcit
2934 2643 3016 2696 illi
3053 2647 3142 2714 qui
3188 2646 3457 2715 ejusmodi

1885 2738 1984 2792 est,
2015 2727 2314 2798 objurgatio
2339 2731 2449 2784 lucc
2468 2747 2585 2800 qua:
2613 2732 2670 2800 {it
2701 2749 2730 2784 α
2753 2733 3015 2801 pluribus,
3037 2747 3088 2789 ut
3120 2738 3196 2791 ait
3224 2740 3458 2804 Aposto-

1885 2820 2006 2886 lus,
2042 2838 2104 2875 ne
2140 2824 2274 2890 forte
2310 2824 2689 2877 abundantiori
2724 2827 2944 2879 tristitia
2987 2829 3330 2883 absorbeatur
3366 2834 3454 2902 qui

1883 2911 2146 2976 eiusmodi
2175 2923 2250 2965 est
2283 2913 2349 2966 ”.
2388 2911 2492 2967 Sed
2548 2914 2603 2967 iu
2633 2931 2756 2970 eum
2810 2918 3064 2986 gradum,
3126 2938 3155 2975 a
3204 2938 3314 2992 quo
3360 2940 3456 2993 per

1886 3003 2387 3073 praevaricationem
2419 3005 2638 3069 decidit.
2679 3008 3046 3064 restituendus
3076 3027 3182 3065 non
3211 3023 3295 3067 est
3326 3023 3455 3068 ante

1885 3094 2140 3148 idoneum
2170 3103 2382 3163 tempus
2413 3112 2427 3160 ;
2453 3105 2510 3148 ut
2532 3105 2585 3149 et
2605 3096 2700 3165 qui
2728 3098 2973 3167 deliquit,
3006 3104 3249 3157 severius
3277 3106 3456 3158 adhuc

214 3191 311 3235 πος
339 3175 688 3243 ὑποφαίνοιτο
715 3177 803 3231 διὰ
842 3179 939 3249 τῆς
963 3180 1286 3250 προλήψεως
1322 3184 1383 3237 τὸ
1415 3187 1595 3240 ίκανδν
1622 3187 1779 3258 ἔχων.

1886 3187 2182 3255 puniatur;
2223 3196 2277 3241 et
2304 3188 2606 3244 sanationis
2654 3191 2849 3244 modus
2881 3192 2931 3245 id
2991 3195 3133 3262 quod
3189 3196 3322 3250 satis
3359 3197 3450 3261 sit,

214 3265 274 3317 Εί
309 3266 407 3319 καὶ
437 3268 520 3320 ὅτι
547 3266 802 3339 ἐξαίρετά
827 3287 944 3324 τινα
979 3278 1102 3327 κατ’
1130 3275 1388 3345 ἀπορίαν,
1410 3279 1483 3347 μὴ
1516 3281 1780 3350 παρόντος

215 3358 578 3427 σεσωσμένου,
631 3361 1048 3432 συγκεχώρηται
1097 3363 1228 3435 δρᾷν
1280 3366 1592 3436 ίερατικῶς,
1623 3369 1659 3422 ἀ
1689 3373 1782 3424 καὶ

215 3451 605 3504 συνεπίσταται
637 3453 671 3522 ή
704 3453 979 3523 τελειότης
1011 3471 1126 3520 σου,
1154 3459 1180 3509 6
1206 3457 1306 3527 ἥδη
1340 3460 1629 3529 είργμένος
1650 3462 1781 3515 ταύ-

212 3554 294 3610 τῃ.
341 3540 483 3593 Ἀλλ’
509 3538 619 3594 οἷον
651 3543 735 3595 ὅδε
787 3547 815 3598 6
848 3546 1216 3618 πρεσϐύτερος
1239 3551 1330 3601 καὶ
1355 3551 1458 3620 πρὸ
1481 3551 1589 3604 τῶν
1622 3552 1780 3624 [Cod.

214 3631 344 3702 Reg.
373 3632 495 3705 τῆς]
549 3635 846 3706 Βαρϐάρων
900 3641 1265 3710 πεπραγμένα
1312 3643 1461 3714 αὐτῷ
1516 3648 1776 3712 συννοῶν,

215 3725 304 3776 καὶ
337 3727 413 3789 ὼς
453 3727 682 3791 πολλοὺς
723 3730 846 3800 τῇδε
911 3733 1164 3801 ἐφώτισε,
1199 3734 1294 3788 καὶ
1326 3735 1457 3801 δεῖν,
1496 3738 1651 3805 φασὶ,
1690 3738 1779 3793 διὰ

215 3816 392 3869 πάντα
425 3818 600 3872 ταῦτα
633 3820 924 3891 λελυμένον
957 3821 1117 3892 εἶναι,
1172 3827 1271 3880 ούκ
1321 3829 1579 3898 ἠνέσχετο
1612 3831 1778 3885 ὑπελ-

213 3904 324 3958 θεῖν
352 3909 701 3976 ὁμοιοπαθῶς
736 3915 848 3976 τοῖς
873 3913 1105 3968 ἐνταῦθα
1144 3918 1408 3988 είρχθείσι
1433 3936 1448 3952 ο
1489 3921 1572 3974 διὸ
1605 3940 1780 3994 παρα-

214 4001 611 4070 κεχωρήκαμεν
633 4003 781 4075 αύτῷ
811 4006 878 4058 τά
907 4008 1028 4060 κατ’
1052 4008 1232 4073 αὑτὸν,
1256 4010 1330 4073 ὡς
1355 4011 1420 4065 ἂν
1451 4013 1781 4084 διακρίνοιτο

216 4090 417 4159 πρᾶξαι
437 4107 450 4121 ’
481 4092 604 4145 οὔτε
635 4094 915 4164 λύσαντες,
947 4099 1070 4152 οῦτε
1100 4100 1396 4172 εἴρξαντες.
1437 4107 1685 4178 Ἔρρωσο
1717 4109 1776 4162 ὲν

215 4180 420 4251 Κυρίῳ,
471 4181 847 4257 ὑπερεύφημε,
903 4191 1061 4260 ἡμεῖς
1108 4209 1166 4245 τε
1227 4195 1321 4248 καὶ
1366 4197 1415 4249 οί
1470 4197 1590 4268 μεθ’
1622 4199 1778 4269 ἡμῶν

215 4272 428 4341 ἀδελφοὶ
464 4276 691 4329 πλεῖστα
721 4282 1223 4353 προσαγορεύομεν.

343 4385 484 4442 ΣΙΒ’.
519 4387 596 4458 (7)
636 4419 705 4430 -
750 4391 997 4463 Ἰωάννῃ
1051 4397 1462 4467 Ιζραμματικῷ.
1515 4401 1671 4467 ωλςν.

1883 3293 1978 3348 per
2021 3279 2463 3347 anticipationem
2503 3280 2761 3335 habuisse
2818 3283 3085 3339 videatur.
3128 3284 3450 3356 Quanquam

1882 3371 2180 3440 peculiaria
2200 3372 2443 3440 quaedam
2460 3372 2530 3427 ob
2553 3372 2814 3443 inopiam,
2841 3376 2967 3445 quia
2996 3377 3247 3434 innoxius
3267 3381 3453 3436 aderat

1883 3461 2066 3516 nullus
2092 3501 2108 3526 ,
2163 3463 2463 3517 sacerdotis
2496 3463 2603 3517 ritu
2653 3465 2804 3519 obire
2831 3468 3132 3535 permissus
3167 3480 3248 3524 est
3286 3475 3451 3540 (quod

1880 3561 1933 3606 et
1961 3553 2280 3622 perfectioni
2310 3563 2416 3609 tua:
2448 3566 2637 3610 notum
2665 3569 2791 3625 est),
2814 3559 2860 3613 is
2888 3561 3001 3629 ipse
3031 3561 3121 3631 qui
3153 3579 3298 3618 nunc
3323 3580 3452 3633 pro—

1883 3644 2118 3700 hibetur.
2155 3644 2377 3713 Verum,
2407 3649 2534 3717 quia
2567 3649 2655 3703 hic
2683 3651 2980 3722 presbyter,
3007 3654 3312 3725 intelligens
3332 3673 3453 3725 qua

1879 3738 2022 3807 apud
2061 3738 2331 3796 Barbaros
2373 3752 2580 3811 egerat,
2611 3756 2666 3800 et
2695 3746 2838 3815 quod
2887 3748 3087 3802 multos
3139 3748 3209 3802 ibi
3270 3751 3451 3820 bapti-

1879 3838 2078 3893 zasset,
2107 3831 2362 3900 quodque
2397 3844 2611 3902 propter
2639 3837 2752 3890 haac
2778 3838 2960 3891 omnia
2993 3838 3333 3894 absolutione
3365 3842 3450 3894 in-

1877 3919 2106 3990 digeret,
2158 3925 2430 3978 recusavit
2460 3927 2646 3981 eadem
2681 3929 2868 3984 subire
2917 3946 3039 3998 quae
3082 3931 3177 4001 qui
3233 3932 3320 3987 hic
3351 3934 3449 3987 ab-

1879 4015 2043 4069 stenti
2067 4024 2192 4070 sunt
2220 4029 2236 4069 :
2263 4016 2469 4074 idcirco
2502 4020 2848 4086 permisimus
2891 4023 2966 4077 illi
2999 4031 3058 4077 ut
3081 4039 3169 4078 res
3200 4040 3329 4078 suas
3349 4041 3448 4095 pro

1882 4105 2107 4160 arbitrio
2134 4121 2236 4161 suo
2295 4119 2509 4177 ageret,
2561 4125 2659 4164 nec
2689 4111 2958 4168 solventes
2991 4115 3164 4177 illum.
3199 4132 3298 4169 nec
3325 4132 3449 4183 pro-

1883 4196 2151 4255 hibentes.
2201 4196 2325 4254 Vale
2351 4201 2407 4255 in
2453 4200 2708 4268 Domino,
2751 4205 2832 4258 vir
2888 4207 3282 4262 laudatissime.
3316 4206 3446 4271 Nos,

1883 4299 1937 4346 et
1961 4292 2052 4362 qui
2082 4293 2365 4347 nobiscum
2393 4304 2521 4349 sunt
2547 4295 2766 4358 fratres,
2800 4297 3098 4367 plurimum
3125 4299 3445 4354 salutamus.

2159 4405 2342 4461 CCXI.
2370 4437 2440 4451 -
2461 4408 2660 4462 Joanni
2689 4408 3051 4465 Grammatico
3079 4414 3168 4483 (‘).

529 4503 665 4563 Quod
688 4505 877 4557 adorari
918 4510 1097 4560 debeat
1130 4513 1288 4577 imago
1311 4514 1508 4576 Christi,
1545 4531 1641 4566 non
1667 4518 1807 4569 latria
1835 4520 1949 4580 coli,
1974 4521 2063 4570 sed
2091 4522 2331 4583 Christus,
2355 4522 2442 4584 qui
2473 4525 2524 4574 in
2559 4537 2617 4574 ea
2651 4527 2858 4576 relative
2882 4528 3126 4577 adorator.

280 4601 457 4674 Χάριν
484 4605 732 4678 ὁμολογῶ
766 4611 844 4683 τῷ
874 4614 1014 4685 ἁγίῳ
1040 4616 1178 4688 Θεῷ,
1214 4619 1296 4671 ὅτι
1329 4636 1423 4673 σου
1441 4621 1769 4692 ἡχουτίσθην

1950 4624 2188 4680 Gratiam
2235 4626 2405 4681 habeo
2441 4627 2549 4682 Deo
2605 4641 2817 4694 sancto,
2844 4633 2990 4700 quod
3023 4631 3104 4685 vel
3159 4645 3285 4686 sero
3324 4639 3445 4687 tan—

218 4697 265 4747 εί
289 4697 380 4749 καὶ
413 4698 508 4767 ὀψὲ
543 4703 634 4753 τοῦ
674 4705 868 4774 καιροῦ
902 4707 1000 4772 τὴν
1031 4709 1190 4780 φίλην
1217 4713 1431 4780 φωνήνσ
1466 4715 1526 4767 ού
1566 4716 1676 4784 γάρ
1709 4714 1775 4768 ἂν

219 4786 424 4856 εῐποιμι
454 4792 615 4859 χάριν
633 4794 813 4861 εύρείν
834 4796 910 4867 τῷ
932 4798 1135 4868 ταύτην
1167 4802 1442 4870 ἀσυφίλως
1470 4802 1616 4874 [cod.
1638 4805 1771 4875 Reg.

218 4879 460 4951 ασυφίλῳ
505 4887 802 4958 προπετείᾳ
855 4888 1193 4963 διακόψαντι]
1252 4895 1516 4964 πρότερον
1582 4895 1768 4950 διακό-

215 4969 392 5036 ψαντι.
442 4973 583 5025 Ἀλλ’
613 4977 799 5047 ἐπειδὴ
825 4981 958 5050 ὁμοῦ
991 4985 1057 5052 τῇ
1085 4984 1365 5056 ἀποσκευῇ
1399 4989 1494 5056 τῆς
1524 4987 1703 5058 λύπης
1734 4991 1767 5059 ἡ

1873 4714 1995 4769 dem
2034 4715 2258 4768 amicam
2317 4731 2502 4770 vocem
2556 4724 2706 4771 tuam
2767 4721 3082 4776 audierim:
3140 4736 3241 4775 nec
3299 4722 3442 4776 enim

1873 4806 2101 4861 dixerim
2129 4807 2354 4875 gratiam
2385 4809 2580 4863 habere
2607 4826 2692 4864 me
2743 4811 2813 4874 ei,
2848 4813 2937 4880 qui
2970 4812 3109 4866 hanc
3145 4822 3304 4867 antea
3332 4825 3445 4867 tur-

1871 4901 2010 4970 piter
2059 4900 2298 4954 discidit.
2354 4902 2422 4953 At
2468 4903 2725 4971 quoniam
2784 4904 2967 4968 simul,
3020 4921 3140 4959 cum
3197 4905 3441 4959 dolorem

1872 4991 2162 5058 deponeret
2224 4991 2438 5059 sapiens
2494 4998 2795 5048 reverentia
2844 5006 2957 5059 tua,
3011 4997 3079 5050 de
3135 5001 3441 5050 veneranda

219 5063 346 5130 σοφή
381 5080 475 5116 σου
510 5067 782 5138 τιμιότης,
814 5073 907 5124 καὶ
936 5073 1028 5126 τὸν
1049 5076 1180 5144 περὶ
1206 5075 1308 5144 τῆς
1337 5081 1539 5148 σεπτῆς
1563 5081 1769 5142 εἰκόνος

1886 5081 2032 5134 etiam
2087 5082 2318 5151 imagine
2364 5082 2564 5137 Christi
2625 5101 2932 5141 sermonem
3015 5087 3259 5156 injecit,
3337 5090 3441 5142 hoc

214 5151 305 5204 τοῦ
337 5155 575 5224 Χριστοῦ
614 5158 770 5228 λόγον
793 5162 1183 5235 ἀντεξήγαγεν,
1220 5168 1395 5219 ἐκεῖνο
1432 5169 1538 5238 ἔχω
1575 5169 1775 5237 λέγειν,

214 5238 600 5320 ὧτριπόθητε,
633 5253 716 5306 ὄτι
771 5258 1193 5329 συνηγοροῦσαν,
1230 5260 1349 5314 ἀλλ’
1394 5262 1492 5313 οὐκ
1549 5263 1776 5331 άντηγο-

218 5338 416 5426 ροῦσαν
453 5346 567 5406 τοῖς
617 5346 753 5414 πρὸς
793 5348 929 5418 ἐμοῦ
993 5351 1429 5423 ἀπεσταλμένοις
1471 5354 1637 5407 πάλαι
1675 5357 1774 5426 τὴν

216 5425 440 5499 ἐναγχός
468 5449 564 5486 σου
587 5436 875 5507 ἐπιστολὴν
893 5441 1299 5511 συμϐαίνουσαν
1324 5436 1504 5515 εὖρον.
1547 5425 1771 5516 Ὁμολο-

285 5566 332 5599 ’³
364 5568 407 5622 ll
437 5569 568 5627 Cor.
603 5589 660 5638 tt,
682 5573 737 5637 6,
770 5575 824 5630 7.

1874 5173 2044 5227 habeo
2066 5175 2264 5238 dicere,
2308 5176 2391 5229 vir
2419 5177 2900 5243 desideratissime,
2943 5180 3292 5249 patrocinari,
3329 5196 3439 5234 non

1871 5267 2260 5331 contradicere,
2308 5280 2362 5322 et
2399 5268 2467 5323 iis
2495 5285 2615 5338 quac
2648 5286 2679 5324 a
2716 5287 2803 5325 me
2857 5272 3060 5326 dudum
3113 5274 3275 5326 missa
3313 5281 3440 5326 sunt

1872 5357 2144 5411 cohaerere
2195 5358 2370 5412 visam
2429 5375 2552 5415 esse
2599 5363 2902 5430 proximam
2937 5363 3217 5432 epistolam
3265 5373 3436 5418 tuam.

1873 5447 2163 5502 Conliteris
2199 5449 2371 5518 enim,
2407 5449 2562 5521 juxta
2587 5453 2919 5523 praestituta:
2947 5454 3042 5510 tibi
3071 5451 3440 5525 pr0positiun-

1739 5693 1971 5753 NOTAE.

286 5839 363 5908 (7)
385 5841 444 5896 In
464 5841 587 5898 cod.
632 5843 761 5914 Reg.
789 5854 906 5902 σις’.

1905 5855 1979 5924 (⁸)
2008 5852 2343 5921 Dogmatica.
