3966 6468
537 339 675 400 1639

1719 353 1780 410 S.
1812 353 2206 413 TIIEODORI
2238 355 2594 416 STUDIT.’E

3641 358 3775 418 1640

533 452 706 516 cuias,
741 467 959 507 omnem
1002 455 1290 525 imaginem
1338 473 1459 515 esse
1502 461 1986 518 demonstrativam
2019 464 2079 517 ali

2202 467 2481 535 γουμένως
2516 470 2621 537 γὰρ
2646 467 2786 518 κατὰ
2814 466 2884 519 τὰ
2929 464 3406 536 προσκευασθέντα
3440 482 3523 517 σοι
3551 467 3776 536 λημμά-

537 544 726 607 terius,
771 545 1026 600 nimirum
1078 552 1346 622 prototypi
1395 571 1408 606 :
1459 569 1542 618 ac,
1579 555 1622 609 si
1651 572 1716 609 ex
1755 565 1870 610 arte
1913 572 2096 628 gram-

536 637 732 691 matica
779 638 1105 707 loquendum
1161 655 1261 706 est,
1299 644 1401 698 hoc
1451 648 1733 701 relativum
1768 650 1892 713 erit,
1951 649 2097 719 quod

533 731 908 789 similitudinis
941 733 1384 803 signiticativum,
1416 748 1469 792 et
1498 739 2008 806 demonstrativum,
2041 751 2095 797 et

532 825 1028 890 reprzesentativum
1054 828 1374 894 appellatur.
1403 829 1709 894 Quinetiam
1746 846 1852 885 non
1893 842 1952 886 ut
1983 850 2096 886 ina-

533 915 680 968 teria:
709 914 1047 970 tribuendam
1076 934 1194 972 esse
1217 920 1588 975 adorationem
1616 923 1836 992 imagini
1866 923 2092 986 Christi.

529 1006 622 1058 sed
677 1014 735 1059 ut
792 1005 1010 1061 Christo
1064 1010 1213 1077 ipsi:

528 1097 771 1149 ascendit
798 1098 862 1149 ad
896 1109 1266 1169 prototypuut,

1280 1010 1551 1079 siquidem
1616 1015 1789 1067 honor
1844 1016 2094 1084 imaginis

1346 1104 1635 1167 subducta,
1690 1121 1784 1174 per
1822 1109 2090 1162 actionem

528 1189 745 1252 mentis,
783 1192 1006 1243 materia
1042 1208 1104 1245 ex
1135 1194 1447 1249 charactere
1477 1196 1564 1261 qui
1604 1196 1654 1249 in
1695 1213 1756 1251 ea
1802 1197 2088 1252 formatur.

526 1277 592 1332 Et
615 1280 779 1334 latria:
811 1283 956 1336 cultu
990 1283 1274 1339 deferenda
1323 1297 1425 1352 est,
1460 1300 1517 1343 ut
1549 1289 1650 1352 ais,
1684 1291 1936 1346 adoratio
1961 1291 2092 1347 Ser-

525 1374 693 1426 vatori
748 1376 982 1441 Christo,
1038 1389 1090 1432 et
1135 1392 1258 1435 ante
1285 1397 1523 1447 carnem,
1565 1394 1618 1438 et
1666 1396 1786 1452 post
1838 1387 2092 1441 incarna-

525 1464 726 1518 tionem
759 1483 772 1531 ;
807 1477 859 1520 et
887 1478 1011 1523 ante
1044 1471 1357 1540 imaginem,
1395 1485 1446 1527 et
1481 1490 1574 1543 per
1599 1475 1743 1528 illam
1781 1494 1794 1529 :
1827 1493 1926 1531 nec
1958 1494 2089 1533 sana

523 1568 705 1613 mente
755 1561 1045 1629 quisquam
1087 1575 1189 1627 est,
1238 1565 1448 1634 opinor,
1485 1567 1573 1634 qui
1610 1568 1736 1622 huic
1771 1581 1916 1624 recte
1954 1587 2087 1626 con-

523 1655 726 1705 stitutae
775 1654 1035 1709 doctrinae
1072 1671 1129 1710 se
1164 1667 1418 1725 opponat.
1467 1657 1571 1712 Sed
1609 1668 1662 1714 et
1691 1664 1974 1731 exemplis,
2004 1665 2087 1719 vel

522 1745 650 1797 solis
689 1746 755 1798 ad
783 1761 978 1814 aquam
1009 1750 1090 1802 vel
1127 1751 1378 1818 trianguli
1427 1752 1818 1820 immaterialis,
1853 1757 1953 1812 hoc
1980 1767 2082 1823 est,

519 1835 906 1899 mathematici,
940 1839 1004 1891 ad
1049 1840 1407 1905 materialem,
1439 1858 1542 1896 non
1571 1844 1784 1900 videtur
1827 1847 2083 1903 insisten-

519 1929 668 1982 dum.
707 1927 976 1994 Quoniam
1016 1947 1109 2001 per
1149 1933 1491 2002 hypothesim
1525 1938 1573 1991 si
1609 1951 1876 2004 sumatur,
1929 1942 2088 1998 latria

516 2021 800 2074 colendqu
858 2038 978 2077 esse
1039 2025 1229 2091 solem,
1281 2037 1335 2080 et
1391 2028 1616 2098 ﬁguram
1675 2032 2084 2102 triangularem,

514 2113 835 2182 priusquam
870 2117 951 2169 vel
986 2115 1074 2171 ille
1118 2117 1169 2170 in
1205 2120 1360 2188 aquis
1400 2121 1581 2186 micet,
1617 2123 1697 2177 vel
1735 2124 1848 2179 haec
1881 2126 1933 2178 in
1973 2142 2088 2180 ma-

515 2206 648 2259 tei'ia
696 2220 990 2264 cernatur:
1035 2211 1384 2267 manifestum
1437 2224 1541 2277 est,
1587 2216 1749 2271 etiam
1797 2229 2083 2288 postquam

513 2295 626 2348 hzec
674 2299 991 2365 acciderint,
1027 2302 1106 2355 vel
1163 2304 1325 2357 simul
1361 2303 1501 2360 facta
1539 2305 1759 2373 fuerint,
1798 2309 1954 2364 latria
1989 2326 2085 2366 co-

511 2384 728 2440 lendum
764 2400 1056 2459 utrumque
1088 2409 1231 2448 esse.
1269 2395 1359 2450 Sic
1403 2398 1547 2451 enim
1584 2405 1639 2453 et
1669 2399 1955 2455 Dominum
1985 2419 2085 2458 no-

511 2488 684 2534 strum
720 2478 902 2537 Jesum
931 2483 1206 2540 Christum
1235 2491 1477 2558 apposite
1509 2493 1815 2558 ostendisti,
1846 2505 1905 2548 ut
1936 2507 2082 2563 ante,

512 2573 591 2625 sic
639 2583 691 2627 et
731 2584 851 2642 post
896 2577 1350 2645 incarnationem,
1399 2584 1555 2637 latria
1621 2587 1724 2639 coli
1783 2588 1980 2643 debere
2030 2600 2084 2644 et

510 2666 747 2720 adorari.
802 2668 979 2723 Latria
1027 2687 1154 2741 ergo
1201 2674 1488 2729 colendum
1529 2692 1651 2732 esse
1697 2677 1997 2746 Christum,
2050 2698 2082 2737 ο

510 2759 702 2823 amice,
727 2760 780 2811 in
815 2760 1067 2816 confesso
1117 2776 1200 2817 est
1233 2782 1245 2817 :
1280 2775 1333 2818 at
1360 2781 1466 2821 non
1498 2768 1567 2821 ita
1624 2774 1932 2826 veneranda
1964 2773 2080 2840 ejus

510 2847 687 2918 imago
716 2849 873 2903 latria
915 2853 1288 2922 prosequenda
1321 2863 1422 2923 est,
1448 2859 1592 2912 sicut
1637 2859 1793 2928 juxta
1821 2863 2080 2934 hypothe—

511 2938 638 3002 sini,
686 2940 765 2993 sol
815 2957 967 3010 aquae
1003 2943 1305 3011 immixtus,
1336 2958 1392 3000 at
1432 2965 1538 3003 non
1578 2950 1757 3021 imago
1805 2956 1934 3009 solis
1973 2973 1984 3010 :
2027 2965 2080 3010 et

510 3031 816 3101 triangulus
847 3036 1088 3090 materia:
1129 3037 1339 3103 allixus,
1382 3051 1436 3093 at
1467 3057 1570 3095 non
1595 3043 1774 3113 imago
1801 3047 2076 3118 trianguli.

507 3121 740 3176 Attende
787 3127 953 3188 enim,
1004 3128 1144 3196 apud
1176 3144 1276 3183 nos
1315 3131 1657 3188 Christianos
1707 3136 1920 3190 unicam
1961 3155 2077 3194 esse
2105 3156 2147 3212 ρ

506 3212 744 3278 latriam,
792 3231 954 3284 quam
991 3219 1089 3272 soli
1137 3231 1338 3275 sanctae
1367 3232 1420 3276 et
1467 3226 1911 3282 consubstantiali
1959 3229 2077 3284 'I‘ri-

509 3306 665 3360 nitati
687 3309 902 3364 exhibet
929 3313 1182 3366 universa
1206 3325 1396 3370 natura
1417 3318 1650 3374 visibilis
1675 3330 1728 3373 et
1759 3322 2074 3379 invisibilis.

505 3396 617 3453 Nec
653 3398 736 3455 fas
778 3410 860 3456 est
908 3407 1269 3460 venerandam
1325 3408 1611 3479 imaginem
1654 3411 1877 3479 Christi,
1922 3417 2073 3472 latria

506 3491 786 3546 colendam
832 3495 1028 3550 dicere.
1086 3495 1328 3553 Duorum
1381 3502 1523 3554 enim
1577 3504 1853 3559 alterum:
1893 3517 1985 3562 aut
2023 3509 2073 3562 id

506 3583 652 3650 quod
711 3584 889 3651 latria,
950 3588 1093 3643 sicut
1145 3589 1256 3652 illa,
1310 3592 1592 3647 colendum
1644 3598 1732 3660 sit,
1792 3595 2072 3654 Trinitatis

509 3676 679 3730 latria:
703 3678 891 3740 inseri,
917 3682 1060 3746 quod
1093 3681 1429 3750 impossibile
1464 3703 1478 3751 ;
1507 3686 1634 3754 quia
1677 3687 1926 3743 Trinitati
1973 3691 2072 3744 ad-

504 3766 636 3819 ditio
669 3766 858 3820 inferri
889 3770 1032 3824 nulla
1075 3781 1272 3839 potest,
1304 3773 1416 3842 jam
1442 3777 1586 3829 enim
1628 3779 1961 3846 quaternitas
1988 3780 2072 3836 fo-

505 3869 585 3912 ret
613 3877 625 3912 :
667 3868 759 3912 aut
791 3860 834 3913 si
869 3875 975 3914 non
1009 3862 1306 3929 inseratur,
1343 3867 1436 3920 sed
1477 3868 1654 3935 ipsum
1681 3884 1775 3938 per
1804 3886 1863 3925 se
1884 3873 2065 3927 colen-

499 3951 631 4003 dum
663 3949 751 4014 sit,
783 3952 919 4006 duas
945 3955 1083 4022 apud
1113 3969 1212 4010 nos
1258 3957 1444 4012 latrias
1469 3960 1653 4014 doceri
1685 3978 1698 4014 :
1746 3977 1854 4032 quo
1886 3965 2013 4033 quid
2039 3981 2067 4018 a

505 4043 658 4098 nobis
679 4055 992 4113 expeterent
1032 4049 1379 4117 graecizantes
1429 4049 1767 4107 lcouomachi
1790 4095 1804 4119 ,
1829 4070 1989 4123 quam
2013 4066 2069 4110 ut

503 4135 626 4190 inde
660 4138 1026 4203 ostenderent,
1066 4155 1186 4204 nos,
1216 4143 1452 4198 admissa
1486 4145 1686 4215 duplici
1713 4148 1889 4211 latria,
1913 4164 2065 4201 crea-

503 4237 679 4280 turam
750 4241 942 4297 przeter
985 4231 1300 4287 Creatorem
1365 4236 1562 4302 colere,
1632 4239 2065 4309 Arianorumque

503 4317 766 4385 impietati
815 4319 951 4372 nihil
997 4321 1297 4377 concedere
1340 4324 1363 4376 ’ί
1416 4326 1703 4379 Adoranda
1765 4329 1930 4396 igitur
1981 4339 2064 4384 est

500 4411 677 4480 imago
720 4410 943 4475 Christi,
996 4423 1052 4466 at
1092 4429 1199 4468 non
1240 4415 1530 4472 deferenda
1590 4419 1666 4472 illi
1726 4421 1916 4485 latria,
1967 4424 2056 4476 sed

2198 573 2308 622 τια,
2345 557 2427 609 ὅτι
2462 559 2613 609 πᾶσα
2642 557 2804 610 είκὼν
2839 557 2999 611 ἄλλου
3041 558 3156 609 ἐστὶ
3196 556 3489 625 δηλωτικὴ,
3529 557 3775 628 δηλονότι

2197 646 2294 699 τοῦ
2332 647 2691 716 πρωτοτύπου
2712 663 2726 677 ·
2760 647 2856 699 καὶ
2891 649 2937 700 εί
2972 648 3074 717 χρὴ
3100 649 3267 715 φάναι
3297 648 3438 700 κατά
3465 647 3562 717 τὴν
3593 666 3775 720 γραμ-

2201 739 2437 807 ματικὴν
2497 739 2868 807 τεχνολογίαν,
2930 738 3074 792 τοῦτ’
3104 739 3169 792 ἂν
3224 739 3310 808 εἴη
3356 739 3711 809 ἀναφορικὸν,
3746 740 3774 793 ὃ

2196 829 2289 881 καὶ
2313 830 2715 900 ὁμοιωματικδν
2756 831 2850 884 καὶ
2884 832 3154 884 δεικτικὸν
3200 833 3294 885 καὶ
3347 832 3773 885 ἁνταποδοτικδν

2195 920 2462 973 καλεῖται.
2493 922 2603 973 Καὶ
2648 921 2752 992 μὴν
2793 922 2890 992 οὑχ
2929 923 3004 985 ὡς
3055 922 3155 993 ὕλη
3204 925 3313 976 δεῖν
3356 926 3660 994 προσάγειν
3703 928 3768 994 τῇ

2193 1009 2429 1079 Χριστοῦ
2461 1011 2628 1065 εἰκόνι
2656 1013 2752 1082 τὴν
2783 1012 3183 1082 προσκύνησιν·
3219 1014 3334 1066 ἀλλ’
3366 1015 3440 1077 ὡς
3465 1017 3614 1085 αύτῴ
3637 1018 3771 1086 Χριο

2197 1102 2305 1174 στῷ
2333 1119 2344 1131 ·
2382 1103 2539 1171 εἴπερ
2566 1105 2598 1172 ἡ
2627 1105 2726 1172 τῆς
2760 1105 2966 1166 εἰκόνος
2996 1105 3128 1175 τιμὴ
3169 1106 3266 1158 ἐπὶ
3302 1107 3362 1158 τὸ
3405 1111 3769 1176 πρωτότυπον

2192 1193 2496 1260 ἀναϐαίνει,
2549 1195 3020 1266 ὑπεξαιρουμένης
3057 1197 3154 1266 τῆς
3203 1197 3334 1266 ὕλης
3383 1198 3460 1267 τῷ
3505 1201 3606 1268 τῆς
3650 1203 3770 1253 ἐπι-

2192 1286 2339 1348 νοίας
2362 1285 2506 1355 λόγῳ
2535 1288 2598 1339 ἐκ
2622 1287 2716 1340 τοῦ
2742 1291 2800 1340 ὲν
2836 1287 2971 1357 αὐτῇ
2995 1289 3463 1358 σχηματιζομένου
3486 1294 3769 1362 χαρακτῆο

2195 1393 2306 1446 ρος.
2349 1376 2460 1430 Καὶ
2488 1377 2820 1446 λατρευτῶς,
2850 1377 2925 1440 ὡς
2948 1380 3072 1447 φὴς,
3103 1379 3443 1446 προσακτέον
3470 1379 3566 1450 τὴν
3598 1399 3770 1452 προσ-

2190 1471 2419 1540 κύνησιν
2444 1471 2521 1540 τῷ
2559 1471 2774 1541 Σωτῆρι
2827 1472 3072 1540 Χριστῷ,
3107 1473 3201 1524 καὶ
3240 1473 3345 1542 πρὸ
3399 1473 3621 1542 σαρκὸς,
3672 1476 3770 1528 καὶ

2193 1563 2331 1633 μετά
2367 1563 2648 1633 σάρκωσιν
2669 1581 2680 1593 ·
2709 1565 2802 1616 καὶ
2833 1563 2938 1634 πρὸ
2966 1568 3064 1634 τῆς
3094 1564 3322 1632 εἰκόνος,
3351 1565 3525 1619 καὶδέ
3553 1569 3729 1634 αὐτῆς
3751 1585 3765 1599 ο

2189 1657 2282 1709 καὶ
2313 1655 2486 1718 οὐδεὶς
2515 1656 2621 1709 τῶν
2661 1655 2722 1709 εὖ
2755 1655 3114 1725 φρονούντων,
3157 1652 3331 1725 οἶμαι,
3376 1658 3766 1727 ἀντιφέρεσθαι

2189 1749 2302 1809 τοῖς
2358 1747 2532 1817 ὀρθῶς
2575 1747 3112 1818 δεδογματισμένοις.
3144 1750 3306 1803 Ἀλλά
3359 1752 3465 1820 γάρ
3508 1751 3605 1802 καὶ
3644 1755 3763 1814 τοῖς

2191 1841 2553 1912 ὑποδείγμασι
2602 1841 2696 1897 τοῦ
2760 1859 2819 1894 τε
2878 1842 3031 1912 ἡλίου
3081 1843 3219 1914 πρὸς
3241 1843 3303 1897 τὸ
3341 1843 3510 1914 ὕδωρ,
3547 1846 3641 1896 καὶ
3667 1845 3764 1897 τοῦ

2189 1932 2356 1985 ἀΰλου
2385 1931 2671 2002 τριγώνου,
2709 1933 2826 2002 ἤτοι
2861 1931 3274 2004 μαθηματικοῦ,
3307 1934 3444 2004 πρὸς
3459 1933 3519 1985 τὸ
3553 1934 3762 1997 ἔνυλον,

2189 2024 2287 2077 οὑκ
2343 2026 2686 2094 ἀπεμφαῖνον
2725 2023 2975 2078 ἕπεσθαι.
3037 2026 3191 2078 Ἐπεὶ
3241 2025 3359 2079 καθ’
3393 2025 3654 2078 ὑπόθεσιν
3714 2027 3764 2079 εί

2187 2115 2418 2187 ληφθείη
2447 2118 2740 2188 λατρευτὸς
2783 2119 2810 2169 ὁ
2851 2117 3022 2188 ἥλιος,
3054 2119 3087 2189 ἢ
3125 2119 3185 2172 τὸ
3231 2119 3493 2190 τρίγωνον
3547 2119 3761 2188 σχῆμα,

2188 2205 2295 2274 πρὸ
2331 2206 2424 2258 τοῦ
2453 2206 2544 2258 τὸν
2581 2206 2679 2275 μὲν
2709 2209 2766 2260 έν
2797 2206 2950 2260 ὕδασι
2984 2207 3229 2274 πάλλειν,
3261 2210 3322 2261 τὸ
3352 2209 3409 2261 δὲ
3443 2208 3550 2277 πρὸ
3580 2210 3680 2262 τοῦ
3702 2213 3761 2262 ὲν

2189 2297 2292 2370 ὕλῃ
2323 2299 2700 2369 ὑποφανθῆναι
2729 2315 2744 2330 ο
2782 2300 3042 2371 δηλονότι,
3100 2303 3195 2354 καὶ
3251 2300 3388 2370 μετά
3425 2300 3525 2370 τὴν
3579 2302 3763 2355 ἐκεῖσε

2187 2390 2488 2459 ἔμπτωσιν,
2521 2391 2640 2461 ἤτοι
2673 2394 2971 2461 συμφυΐαν,
3016 2391 3308 2462 λατρευτὸν
3336 2392 3620 2463 ἑκάτερον.
3650 2392 3761 2446 Οὑ-

2185 2497 2263 2534 τω
2301 2480 2411 2551 γὰρ
2437 2483 2530 2534 καὶ
2554 2483 2649 2535 τὸν
2676 2485 2881 2554 Κύριον
2919 2485 3081 2554 ἡμῶν
3133 2483 3339 2553 Ἰησοῦν
3356 2485 3593 2554 Χριστὸν
3620 2487 3762 2554 ἀρα-

2186 2571 2356 2642 ρότως
2383 2574 2689 2638 ὑπέδειξας,
2713 2576 2808 2628 καὶ
2844 2579 2982 2646 μετὰ
3006 2578 3278 2646 σάρκωσιν
3308 2577 3383 2639 ὡς
3411 2577 3516 2646 πρὸ
3535 2577 3760 2647 σαρκώ-

2184 2681 2322 2726 σεως
2342 2665 2634 2735 λατρευτὸν
2669 2664 2807 2721 εἷναί
2834 2686 2894 2721 τε
2917 2670 3012 2721 καὶ
3033 2670 3476 2740 προσκυνεῖσθαι.
3506 2671 3760 2740 Λατρευ-

2181 2755 2274 2820 τὸς
2297 2750 2410 2819 οὖν,
2445 2749 2489 2808 ὦ
2516 2758 2635 2821 τᾶν,
2667 2762 2694 2810 ὁ
2725 2759 2956 2826 Χριστὸς
2989 2759 3436 2828 ὁμολογουμένως
3455 2776 3469 2790 ο
3491 2759 3608 2811 ἀλλ’
3635 2761 3760 2831 οὑχῑ⁹

2183 2849 2215 2916 ἡ
2246 2848 2604 2920 σεπτὴαὺτοῦ
2633 2850 2794 2902 εἰκὼν
2841 2850 3127 2919 λατρευτή.
3164 2849 3352 2919 ὥσπερ
3392 2851 3487 2903 καὶ
3531 2852 3560 2903 ὁ
3594 2853 3750 2922 ἥλιος

2182 2941 2306 2992 καθ’
2337 2939 2590 2994 ὑπόθεσιν
2624 2941 2904 3011 συμμιγὴς
2936 2941 3012 3011 τῷ
3037 2940 3212 3006 ὕδατι,
3247 2941 3365 2995 ἀλλ’
3391 2942 3512 3012 οὐχ).
3531 2946 3564 3014 ἡ
3591 2944 3758 2998 είκὼν

2181 3032 2273 3085 τοῦ
2303 3033 2452 3103 ἡλίου
2478 3050 2491 3064 ο
2524 3036 2616 3086 καὶ
2646 3035 2706 3084 τὸ
2741 3033 3006 3103 τρίγωνον
3041 3033 3249 3089 ὑλωθὲν
3273 3074 3287 3098 ,
3318 3034 3432 3089 ἀλλ’
3458 3037 3583 3106 οὑχὶ
3618 3040 3755 3107 ﬁsi-

2181 3124 2292 3177 κὼν
2322 3124 2415 3176 τοῦ
2437 3123 2876 3195 τριγώνου.“ορα
2907 3125 3012 3196 γὰρ
3029 3126 3111 3178 ὅτι
3141 3127 3238 3197 μία
3270 3129 3302 3197 ἡ
3331 3128 3560 3199 λατρεία
3589 3130 3752 3199 ἡμῶν

2178 3216 2285 3270 τῶν
2307 3217 2646 3287 Χριστιανῶν
2672 3217 2807 3288 μόνῃ
2839 3220 2902 3290 τῇ
2937 3219 3070 3290 ἁγίᾳ
3104 3221 3198 3274 καὶ
3233 3221 3507 3291 ὁμοουσίῳ
3541 3222 3742 3291 Τριάδι

2181 3308 2658 3378 προσενηνεγμένη
2690 3310 2792 3362 ὑπό
2834 3327 2893 3362 τε
2936 3312 3114 3381 πάσης
3166 3313 3365 3384 ὁρατῆς
3409 3312 3628 3381 φύσεως
3657 3315 3754 3371 καὶ

2176 3399 2428 3470 ἀοράτου.
2461 3401 2569 3452 Καὶ
2596 3401 2695 3454 οὑκ
2733 3401 2969 3473 ἐγχωρεῖ
2999 3403 3097 3472 τὴν
3145 3403 3350 3473 σεπτὴν
3396 3405 3583 3458 είκόνα
3617 3406 3752 3476 Χρι.

2177 3491 2304 3544 στοῦ
2339 3492 2643 3565 λατρευτὴν
2673 3494 2857 3561 φάναι.
2889 3495 3048 3550 Δυοῖν
3063 3495 3171 3564 γὰρ
3197 3495 3424 3566 θάτερον
3447 3512 3461 3526 ·
3485 3497 3517 3568 ἢ
3546 3498 3607 3549 τὸ
3630 3502 3750 3554 κατ’

2173 3584 2344 3654 αὑτὴν
2377 3584 2667 3656 λατρευτὸν
2699 3587 2763 3655 τῇ
2796 3585 3045 3656 τριαδικῇ
3075 3586 3301 3658 λατρεία
3322 3593 3746 3659 συνεισκρίνειν.

2174 3677 2310 3748 ὅπερ
2335 3677 2633 3732 ἀδύνατον·
2669 3677 2900 3744 ἐπείπερ
2950 3677 3052 3731 οὑκ
3101 3677 3377 3747 ἐνδέχεται
3421 3681 3748 3752 προσθήκην

2172 3769 2291 3824 τινὰ
2335 3768 2684 3821 συνεισοίσειν
2730 3771 2796 3838 τῇ
2831 3769 3060 3839 Τριάδι’
3091 3769 3446 3840 εὑρεθήσεται
3493 3773 3606 3845 γὰρ
3658 3792 3750 3827 τεο

2171 3863 2304 3929 τράς
2329 3860 2465 3915 οὖσα
2487 3877 2500 3889 ·
2537 3861 2570 3931 ἢ
2610 3861 2683 3931 μὴ
2707 3863 3214 3932 συνεισκρινομένου
3239 3865 3441 3928 ἐκεῖσε,
3465 3867 3591 3919 καθ’
3614 3869 3747 3920 ἑαυ-

2170 3953 2231 4004 τὸ
2260 3952 2316 4005 δὲ
2347 3953 2516 4017 ὅντως
2554 3955 2869 4022 λατρευτοῦ,
2902 3955 2996 4008 δύο
3020 3957 3118 4020 τὰς
3138 3956 3392 4029 λατρείας
3424 3961 3586 4030 ήμῶν
3619 3963 3746 4029 δογ-

2172 4046 2418 4113 ματίζειν
2437 4061 2450 4074 ο
2484 4047 2577 4098 καὶ
2603 4044 2871 4100 τίᾶνάλλο
2893 4048 3104 4118 ζητοῖεν
3132 4050 3393 4120 Ἐλλήνιοι
3433 4054 3578 4122 (cod.
3607 4054 3744 4123 Reg.

2167 4135 2332 4209 ἑλεῖν]
2367 4138 2720 4207 Εἰκονομάχοι
2775 4140 2911 4209 πρὸς
2943 4140 3121 4211 ἡμῶν,
3156 4142 3274 4212 ἢτδ
3306 4145 3556 4197 ἐντεῦθεν
3599 4148 3744 4199 ἀπο-

2164 4227 2333 4292 δεῖξαι
2363 4230 2510 4299 ἡμᾶς
2540 4233 2606 4299 τῇ
2635 4229 2792 4301 δυῖκῇ
2823 4230 3048 4304 λατρεία
3072 4233 3436 4304 λατρεύοντας
3468 4239 3534 4305 τῇ
3559 4239 3743 4292 κτίσει

2165 4320 2317 4387 παρά
2344 4320 2432 4371 τὸν
2465 4318 2761 4387 κτίσαντα,
2787 4324 2882 4376 καὶ
2933 4326 3089 4380 οὐδὲν
3109 4326 3216 4379 τῶν
3259 4325 3552 4397 Ἀρειανῶν
3581 4327 3743 4380 ἐλάτ-

2163 4426 2288 4472 τους
2317 4409 2456 4462 κατά
2492 4409 2783 4474 ἀσέϐειανς
2814 4414 3223 4484 Προσκυνητέον
3293 4411 3388 4467 οὖν
3433 4417 3499 4486 τῇ
3563 4417 3741 4469 εικόνι

498 4503 734 4563 Christo.
788 4504 880 4572 qui
915 4507 966 4557 in
1007 4521 1068 4558 ea
1122 4508 1399 4571 adoratur,
1445 4509 1603 4577 juxta
1650 4514 2056 4581 consequentia:

2182 4500 2418 4570 (ριστοῦ,
2448 4500 2510 4552 οὑ
2545 4501 2900 4571 λατρευτέον·
2933 4505 3067 4558 ἀλλὰ
3111 4505 3189 4575 τῷ
3218 4506 3276 4558 ὲν
3320 4505 3455 4573 αὑτῇ
3501 4522 3742 4574 προσκυ-

497 4595 762 4656 rationem
794 4614 805 4649 :
842 4597 1103 4664 quoniam
1135 4598 1249 4654 haec
1292 4600 1400 4653 duo
1434 4611 1582 4666 sunt,
1617 4604 1795 4672 imago
1845 4617 1897 4659 et
1935 4622 2058 4674 pro-

500 4695 738 4753 totypum
766 4700 782 4748 ;
808 4695 861 4739 et
883 4686 1177 4742 discrimen
1201 4698 1302 4753 est,
1332 4705 1435 4744 non
1462 4692 1514 4744 in
1539 4694 1838 4763 hypostasi,
1877 4699 1968 4751 sed
2003 4699 2056 4752 in

499 4787 758 4832 σεδειιιιιι,

601 4975 819 5033 CCXIII.
849 5008 922 5018 -—
947 4979 1192 5038 Michaeli
1226 4979 1468 5050 Syncello
1516 4981 1947 5054 Ilagiopolitano.

2157 4592 2402 4661 νουμένῳ
2458 4593 2699 4662 Χριστῷ,
2728 4596 2870 4648 κατά
2918 4597 3010 4649 τὸν
3055 4597 3156 4666 τῆς
3218 4597 3543 4659 ἀκολουθίας
3585 4595 3738 4668 [cod.

2156 4685 2290 4755 Reg.
2318 4686 2599 4759 ἀληθείας]
2633 4687 2793 4756 λόγον
2819 4705 2833 4720 ο
2871 4689 3058 4760 ἐπειδὴ
3089 4690 3261 4743 ταῦτα
3309 4690 3422 4754 δύο,
3475 4689 3646 4742 εἰκών
3671 4708 3734 4744 τε

2159 4780 2254 4832 καὶ
2281 4779 2658 4850 πρωτότυπον,
2687 4780 2782 4833 καὶ
2809 4782 2840 4850 ἡ
2873 4781 3198 4851 διαφορότης
3221 4783 3321 4834 οὑκ
3356 4782 3447 4834 ἐπὶ
3477 4781 3578 4850 τῆς
3603 4783 3741 4835 ὑπο-

2161 4869 2423 4935 στάσεως,
2450 4869 2584 4925 ἀλλὰ
2614 4871 2750 4923 κατὰ
2786 4871 2877 4924 τὸν
2905 4871 3004 4939 τῆς
3032 4871 3220 4935 οὐσίας
3260 4871 3441 4939 λόγον.

2236 4983 2377 5037 Eli".
2423 4983 2497 5053 (8)
2529 5014 2596 5025 —-
2622 4983 2862 5124 Μιχαὴῗι
2899 4985 3228 5125 ξυπὶκέλλῳ
3277 4988 3659 5056 Ἀγιοπολὶτῃ

2852 5069 2927 5105 ωλ
2964 5059 2996 5106 ’.

2852 5059 2996 5106 ωλίῆ

492 5174 677 5225 Laudat
697 5175 837 5223 illum
862 5175 924 5223 ob
954 5189 1012 5224 ea
1037 5191 1148 5238 quae
1169 5179 1527 5240 Hierosolymis
1556 5197 1643 5255 pro
1665 5187 1886 5234 veritatis
1908 5188 2220 5256 confessione
2252 5193 2544 5256 pertulerat,
2580 5196 2682 5240 tum
2718 5191 2912 5243 nuntiat
2945 5198 3342 5256 persecutionem
3377 5196 3732 5246 Constantino-

1493 5249 1595 5306 poti
1624 5260 1863 5296 cessasse.
1903 5252 2101 5307 (liaron.
2139 5266 2218 5300 an.
2251 5249 2362 5312 845,
2389 5266 2438 5299 n.
2464 5253 2566 5314 42.)

561 5348 754 5403 Scribo
787 5367 928 5404 nunc
961 5351 1025 5404 ad
1059 5356 1412 5410 reverentiam
1452 5367 1621 5424 tuam,
1653 5361 1872 5427 quando
1915 5362 2044 5415 mihi

489 5437 581 5493 Dei
602 5451 728 5494 nutu
758 5441 948 5511 obtigit
970 5454 1029 5496 ut
1050 5446 1295 5513 epistola:
1319 5449 1630 5504 ministrum
1655 5452 1997 5507 nanciscerer
2025 5470 2038 5505 :

2233 5364 2390 5432 Ἀρτι
2422 5365 2720 5418 ἐπιστέλλω
2757 5369 2820 5437 τῇ
2839 5369 3111 5438 τιμιότητί
3143 5385 3256 5433 σου,
3289 5369 3527 5438 ὁπηνίκα
3579 5370 3724 5424 εὐω-

2155 5453 2298 5526 δώθη
2339 5474 2428 5526 μοι
2458 5459 2515 5511 έν
2546 5457 2623 5530 τῷ
2651 5457 2915 5529 θελήματι
2944 5459 3037 5512 τοῦ
3082 5459 3212 5513 Θεοῦ
3258 5461 3440 5532 εὑρεῖν
3467 5459 3722 5516 διάκονον

2007 5633 2234 5693 ΝΟΤᾹΣ.

551 5782 626 5852 (.8)
665 5784 718 5841 In
751 5785 846 5840 cod
907 5781 1032 5853 Reg.
1068 5804 1156 5854 τις
1183 5830 1196 5843 .
