3966 6496
210 439 333 504 1641

1391 456 1919 518 EPlSTOLARUM
1974 457 2118 516 LIB.
2182 458 2261 517 ῐῐ.

3319 457 3450 525 1642

203 557 293 609 τοῦ
322 557 649 627 γράμματος
670 574 683 588 ·
722 559 846 611 ἐπεὶ
886 558 1111 628 ἔμελλον
1138 562 1204 616 ἂν
1229 564 1287 628 ἐξ
1315 568 1482 635 αὐτῆς
1508 569 1608 635 τῆς
1639 570 1773 622 καθ-

1881 570 2120 639 alioquin
2163 586 2229 623 ex
2272 571 2385 638 ipsa
2418 569 2663 624 cusmdia
2697 581 2880 625 nostra
2916 569 3151 640 idipsum
3205 571 3450 627 facturus

205 651 426 722 είρξεως
455 651 615 720 ἡμῶν
639 651 774 704 αὐτὸ
801 653 960 706 τοῦτο
984 659 1181 721 ποιεῖν,
1203 660 1295 710 καὶ
1317 660 1414 728 οὺχ
1441 660 1609 726 ἅπαξ,
1639 664 1773 717 ἀλλὰ

207 743 299 796 καὶ
331 743 415 806 δὶς
440 744 535 795 καὶ
556 744 820 808 πολλάκις
851 747 1013 810 ἴσως·
1049 748 1169 802 οὐδὲ
1220 753 1327 818 γὰρ
1367 753 1451 805 ὅτι
1488 755 1644 824 ὑμεῖς
1687 757 1776 809 ἀλ-

203 834 476 899 λοδαπεῖς,
503 837 665 905 ἡμεῖς
696 836 850 906 ὑμῶν
879 839 1219 909 ἑτεροειδεῖς.
1263 843 1401 895 Ἀλλ’
1425 845 1507 896 ὅτι
1549 847 1613 898 ἐκ
1645 851 1774 915 μιᾶς

204 928 407 998 μητρὸς
437 927 539 997 τῆς
591 928 869 992 υἱοθεσίας
921 934 1336 1003 γεγεννημένοι,
1373 937 1467 989 καὶ
1511 936 1590 1006 τῷ
1627 938 1775 1007 αὐτῷ

199 1018 514 1090 χαρακτῆρι
549 1020 648 1089 τῆς
682 1019 1008 1090 εἰλικρινοῦς
1038 1024 1272 1088 πίστεως
1331 1029 1772 1098 μεμορφωμένοι,

198 1113 290 1162 καί
315 1110 556 1179 ἀδελφοὶ,
614 1113 710 1165 καὶ
745 1114 1095 1183 σνμπολῖται,
1143 1117 1388 1187 κεφαλὴν
1428 1119 1646 1188 ἔχοντες
1682 1123 1775 1172 τὸν

197 1201 435 1272 Χριστόν
461 1222 474 1234 ·
505 1199 677 1275 οὗπερ
726 1206 802 1270 ὡς
852 1208 1012 1277 σῶμα
1045 1209 1348 1274 τελοῦντες,
1393 1212 1493 1265 καὶ
1525 1213 1679 1281 μέλη
1706 1213 1773 1266 ὲκ

192 1293 415 1361 μέρους
448 1294 726 1363 ὀφειλέται
763 1297 934 1366 ἐσμὲν
967 1299 1060 1351 καὶ
1090 1301 1410 1371 συγχαίρειν
1438 1302 1686 1370 ἀλλήλοις
1716 1304 1774 1354 ἐν

195 1389 306 1449 τοῖς
325 1388 548 1454 δεξιοῖς,
566 1391 659 1442 καὶ
679 1390 936 1445 ἀνιᾶσθαι
958 1389 1026 1446 αὖ
1051 1393 1143 1446 ἐπὶ
1165 1398 1278 1458 τοῖς
1314 1396 1596 1468 λυπηροῖς.
1634 1397 1773 1450 Ἀλλ’

195 1477 238 1530 ὣ
266 1480 407 1544 πῶς,
447 1480 653 1552 ἀλλαχῇ
694 1482 1061 1553 ὡρμημένους
1107 1488 1252 1555 ὑμᾶς
1300 1489 1648 1559 πορεύεσθαι,
1673 1492 1772 1560 ὴν-

196 1571 490 1641 ἀγκασενή
512 1573 654 1641 φορὰ
677 1573 772 1626 τοῦ
797 1575 992 1644 καιροῦ
1019 1577 1076 1628 ἐν
1114 1578 1345 1644 ἄρκυσιν
1380 1579 1643 1647 ἐμπεσεῖν
1664 1579 1773 1631 τῶν

195 1663 740 1734 τῇδε,κρατοῦντων;
773 1666 840 1718 Τί
864 1664 959 1719 οὖν
988 1667 1135 1721 ἔστιν
1170 1671 1349 1722 εἰπεῖν
1378 1670 1517 1742 πρὸς
1560 1671 1770 1736 ταῦτα;

195 1754 226 1821 ἣ
257 1756 400 1825 ὅπερ
430 1759 563 1826 φησὶ
593 1757 654 1809 τὸ
681 1759 825 1826 ἱερὸν
857 1760 1094 1830 γράμμα
1115 1777 1128 1792 ⁸
1166 1762 1276 1816 Καὶ
1299 1765 1331 1816 ό
1358 1763 1521 1831 ἀγὼν
1543 1763 1772 1833 ἧγετὸν

1877 674 2049 724 eram,
2101 675 2201 712 nec
2248 659 2415 712 semel
2450 659 2631 729 modo,
2681 660 2774 713 sed
2823 660 2905 713 bis
2955 661 3116 715 etiam
3148 675 3210 716 ac
3251 661 3452 731 smpius

1877 750 2108 806 fortasse
2135 768 2148 804 :
2179 765 2353 819 neque
2377 750 2544 813 enim,
2574 751 2702 820 quia
2745 751 2918 805 exteri
2944 766 3037 805 vos
3061 751 3214 818 estis,
3246 751 3452 806 idcirco

1877 858 1906 896 a
1940 843 2094 897 vobis
2132 844 2313 912 specie
2349 843 2744 910 discrepamus.
2788 842 2892 897 Sed
2924 860 3048 897 cum
3080 859 3146 898 ex
3182 860 3291 899 una
3319 844 3451 897 ado-

1877 935 2079 1004 ptionis
2120 944 2296 987 matre
2328 935 2492 1003 geniti
2523 935 2719 998 simus,
2752 947 2804 989 et
2833 936 3023 990 eodem
3069 937 3297 990 sincerae
3325 934 3452 989 fidei

1877 1029 2187 1081 charactere
2231 1027 2498 1095 insigniti,
2537 1037 2591 1080 et
2629 1026 2844 1093 fratres,
2879 1037 2932 1083 et
2974 1028 3247 1093 concives,
3287 1035 3452 1096 caput

1879 1121 2141 1173 habentes
2183 1117 2485 1183 Christum,
2537 1127 2598 1171 ut
2628 1119 2721 1188 qui
2758 1119 2932 1189 ipsius
2981 1134 3182 1189 corpus
3236 1134 3450 1181 sumus,

1877 1220 1925 1263 et
1980 1209 2213 1263 membra
2261 1210 2324 1263 de
2373 1209 2604 1262 membro
2626 1210 2718 1261 9*:
2777 1210 3119 1278 congaudere
3155 1209 3294 1263 inter
3352 1225 3454 1265 nos

1876 1303 2137 1357 debemus
2167 1303 2220 1355 in
2246 1302 2545 1371 prosperis,
2585 1301 2818 1370 angique
2850 1302 3051 1369 pariter
3082 1302 3136 1354 in
3184 1301 3451 1356 adversis.

1878 1393 2075 1446 Verum
2125 1393 2399 1461 quomodo
2455 1408 2570 1456 vos,
2627 1408 2750 1446 cum
2801 1392 2908 1445 alio
2960 1391 3186 1462 profecti
3235 1393 3452 1454 essetis,

1879 1486 2092 1556 impulit
2115 1493 2423 1553 temporum
2455 1486 2736 1549 violentia,
2762 1495 2821 1538 ut
2849 1486 2902 1538 in
2929 1499 3120 1538 eorum
3145 1484 3237 1552 qui
3272 1499 3456 1537 rerum

1878 1581 1966 1635 hic
1991 1579 2294 1648 potiuntur,
2327 1580 2463 1634 retia
2498 1579 2802 1634 incideritis
2827 1579 2850 1632 ?
2894 1579 3035 1646 Quid
3077 1579 3143 1633 ad
3172 1580 3285 1633 haec
3305 1579 3455 1632 dice-

1879 1669 2048 1722 mus?
2081 1668 2182 1722 nisi
2218 1669 2266 1721 id
2299 1668 2444 1737 quod
2479 1683 2635 1722 sacra
2677 1668 2958 1738 Scriptura
2991 1669 3067 1722 ait
3101 1687 3114 1723 :
3173 1666 3242 1720 Et
3276 1667 3459 1720 mutti-

1879 1759 2004 1812 tudo
2060 1760 2212 1814 duxit
2255 1759 2394 1814 Jehu
2422 1761 2492 1822 ⁸⁸,
2533 1761 2627 1815 sed
2673 1760 2783 1815 illic
2831 1760 3054 1829 quidem
3113 1758 3179 1813 ad
3228 1775 3457 1830 regnum

205 1845 359 1907 Ἠοὺ,
402 1848 515 1898 ἀλλ’
547 1849 661 1901 ἐκεῖ
695 1849 792 1917 μὲν
829 1851 910 1912 είς
938 1851 998 1902 τὸ
1025 1850 1343 1918 βασιλεῦσαι
1369 1853 1460 1905 τοῦ
1512 1854 1730 1926 Ἰσραήλ
1755 1872 1768 1885 ’

1879 1851 2046 1904 Israel
2079 1869 2093 1916 ;
2129 1849 2214 1906 hic
2241 1867 2370 1907 vero
2395 1852 2463 1907 ad
2495 1852 2871 1907 testimonium
2903 1851 3174 1917 veritatis,
3208 1859 3269 1905 ut
3313 1866 3459 1904 nunc

196 1939 431 1992 ἐνταῦθα
464 1940 540 2004 δὲ,
571 1942 650 2000 είς
681 1943 740 1994 τὸ
791 1943 1137 2013 μαρτυρῆσαι
1174 1946 1256 2014 -τῇ
1293 1944 1524 2017 ἀληθείᾳ.
1553 1962 1566 1974 ·
1602 1947 1676 2010 ὡς
1707 1950 1773 2001 ἂν

195 2032 460 2104 πληρωθῇ
491 2034 552 2085 τὸ
585 2035 876 2104 εἰρημένον
927 2037 1024 2090 καὶ
1067 2036 1233 2089 τανῦν
1257 2053 1272 2066 υ
1321 2039 1422 2091 Ἐκ
1478 2041 1630 2092 Σιὼν
1670 2041 1769 2103 ἐξ·

193 2125 510 2177 ελεύσεται
543 2125 746 2195 λόγος,
781 2126 1080 2196 καὶνόμος
1115 2129 1336 2197 Κυρίου
1373 2131 1441 2195 ἐξ
1483 2131 1774 2199 Ἰερουσα-

191 2219 334 2288 λήμ.
365 2215 540 2273 τοδεὸ
569 2219 713 2285 νοῦς,
736 2214 1113 2292 ὦπάμμακαρ
1147 2216 1308 2292 [C0d.
1332 2222 1467 2293 Reg.
1503 2224 1733 2298 μάκαρι]
1757 2242 1771 2254 ⁸

194 2313 360 2382 Στῆθι
395 2313 682 2380 γενναίως,
713 2315 1208 2385 ὑπομιμνήσκομεν
1234 2332 1248 2345 ·
1285 2317 1558 2381 Δόξασον
1573 2317 1649 2381 δὴ
1670 2320 1774 2370 τὸν

195 2408 331 2460 Θεὸν
369 2406 443 2460 ἐν
471 2407 552 2472 τῷ
584 2408 814 2476 σώματί
842 2426 958 2461 σου
982 2411 1076 2461 καὶ
1111 2407 1276 2474 ἐντῷ
1300 2413 1616 2478 Πνεύματι.
1642 2412 1773 2464 Εἰπὲ

193 2499 283 2552 καὶ
330 2499 501 2562 αὐτὸς
550 2500 687 2569 μετά
726 2499 820 2552 τοῦ
876 2500 1169 2554 θεσπεσίου
1210 2502 1456 2555 Παύλου·
1499 2500 1641 2556 Οἶδα
1684 2502 1774 2556 ὅτι

192 2591 372 2644 τοῦτό
399 2609 502 2660 μοι
522 2591 892 2660 ἀποϐήσεται
920 2594 1007 2658 εἷς
1023 2595 1328 2660 σωτηρίαν
1352 2594 1449 2647 διὰ
1480 2593 1588 2661 τῆς
1608 2594 1774 2662 ὑμῶν

191 2680 462 2747 δεήσεως
487 2681 588 2735 καὶ
619 2684 1009 2751 ἐπιχορηγίας
1039 2685 1145 2738 τοῦ
1178 2687 1525 2753 Πνεύματος
1567 2686 1773 2752 Ἰησοῦ

190 2774 476 2843 Χριστοῦ,
524 2777 675 2829 κατὰ
728 2777 845 2843 τὴν
883 2778 1376 2845 ἀποκαραδοκίαν
1418 2779 1517 2831 καὶ
1555 2779 1775 2832 ἐλπίδα

187 2883 301 2935 μου
323 2882 338 2898 ⁸
372 2866 465 2919 ὅτι
492 2865 560 2919 ἐν
583 2865 785 2919 οὐδενὶ
807 2869 1298 2936 αὶσχυνθησομαι
1321 2883 1334 2897 ο
1349 2865 1504 2921 ’ἀλλ’
1522 2868 1591 2919 ἐν
1604 2867 1772 2935 πάσῃ

191 2961 503 3028 παρρησίᾳ
535 2959 614 3025 ὡς
645 2959 904 3014 πάντοτε
947 2961 1046 3013 καὶ
1093 2960 1209 3013 νῦν
1253 2959 1772 3029 μεγαλυνθήσεται

191 3052 260 3104 ὲν
285 3052 370 3118 τῷ
403 3052 635 3121 σώματί
665 3070 809 3122 μου.
840 3054 959 3106 sits
989 3053 1085 3106 διὰ
1110 3051 1277 3121 ζωῆς,
1303 3053 1425 3107 εἴτε
1466 3050 1564 3106 διὰ
1589 3052 1771 3106 θανά-

190 3160 316 3199 του.
356 3145 522 3216 Ἐμοὶ
555 3148 664 3214 γὰρ
694 3149 758 3200 τὸ
786 3145 892 3215 ζῇν
920 3149 1196 3215 Χριστὸς,
1228 3148 1327 3201 καὶ
1354 3148 1419 3201 τὸ
1446 3146 1772 3204 ἀποθανεῖν
1800 3175 1842 3230 C

192 3234 424 3302 κέρδος.
466 3236 571 3288 Ἴδε
602 3239 629 3289 ό
660 3237 864 3306 γλυκὺς
911 3236 1082 3304 ἀγὼν,
1119 3237 1193 3289 ias
1241 3240 1268 3289 ὁ
1328 3237 1598 3306 μακάριος
1646 3252 1772 3288 συν⁴

190 3313 498 3397 αλλαγμὺς,
545 3328 828 3398 βραχείαις
857 3329 1070 3397 θλίψεσί
1119 3347 1181 3382 τε
1226 3328 1323 3382 καὶ
1365 3330 1776 3400 περιστάσεσιν,

191 3419 287 3473 εἶτ’
323 3417 420 3472 οὖν
458 3420 695 3488 πληγαῖς
721 3438 779 3472 τε
814 3422 907 3474 καὶ
953 3420 1167 3491 ῥανίσιν
1198 3421 1432 3489 αἵματος
1461 3420 1592 3472 Θεὸν
1624 3419 1779 3486 γενέ-

193 3513 340 3575 σθαι,
373 3513 470 3565 καὶ
493 3512 628 3565 Θεοῦ
657 3513 751 3566 τοῦ
789 3514 960 3577 ὅντως
1009 3513 1162 3577 δντος
1203 3513 1500 3582 ἐπιτυχεῖν.
1539 3509 1778 3581 Ἐμονώ-

191 3603 291 3676 θης
314 3604 636 3674 τοιγαροῦν,
677 3602 752 3668 ὡς
796 3605 1140 3675 ἀκηκόαμεν,
1180 3605 1412 3676 τμηθεὶς
1456 3604 1534 3674 τῷ
1577 3603 1778 3672 φρονή-

194 3711 328 3765 ματι
372 3696 485 3750 ἀπὸ
529 3695 639 3746 τῶν
679 3696 1086 3766 ἀγαπησάντων
1125 3696 1216 3748 τὸν
1257 3696 1353 3749 νῦν
1393 3695 1568 3747 αἰῶνα
1593 3711 1606 3725 ·
1641 3692 1778 3746 ἀλλά

194 3785 505 3854 συηιὼθης
538 3787 672 3837 πᾶσι
706 3787 815 3847 τοῖς
847 3787 1229 3856 ἀντεχομένοις
1260 3786 1355 3838 τοῦ
1385 3786 1484 3854 τῆς
1517 3785 1776 3854 ἀληθείας

191 3878 376 3946 λόγου.
415 3875 698 3931 Ἐντεῦθεν
742 3893 801 3929 σε
837 3879 865 3930 ό
893 3881 1051 3949 χορὸς
1093 3879 1202 3931 τῶν
1274 3897 1569 3950 μαρτυρῶν
1629 3878 1920 3930 ὑπολαϐεῖν
1953 3879 2201 3948 βούλεται
2247 3881 2581 3951 ὀλόκληρον·

192 3974 253 4026 τὸ
283 3971 476 4041 στῖφος
507 3978 666 4046 χεῖρα
699 3973 971 4044 προτείνει
1001 3974 1142 4025 ἐλεῖν
1172 3975 1429 4042 ὁμόχρον.

261 4066 356 4137 Μὴ
385 4067 452 4136 δὴ
483 4067 907 4137 ἀπολειφθῶμεν
933 4069 1029 4136 τῆς
1059 4067 1230 4136 καλῆς
1253 4066 1496 4135 χορείας,
1533 4059 1578 4116 ὦ
1607 4065 1773 4117 σεϐά-

194 4174 319 4229 σμιε
349 4174 363 4186 ·
404 4158 530 4229 μηδ’
566 4153 634 4212 αὖ
660 4157 1120 4229 καταισχύνωμεν
1158 4161 1257 4221 τὰς
1287 4161 1504 4210 πάντων
1530 4157 1773 4220 ἐλπίδας,

191 4244 581 4320 ὼτριπόθητε.
612 4251 760 4304 Πόσα
806 4252 871 4304 ἂν
912 4251 1139 4322 ἔκαμες,
1191 4250 1331 4303 ῶστε
1373 4269 1465 4302 σου
1510 4252 1570 4302 τὸ
1607 4251 1775 4320 ὄνομα

194 4341 461 4395 ἀκουστὸν
484 4343 544 4394 ἐν
573 4343 742 4413 ἀρετῇ
779 4342 1029 4410 γενέσθαι
1071 4345 1184 4404 τοῖς
1237 4337 1338 4394 ὧδε
1374 4343 1632 4407 κάκεῖσε;
1661 4341 1774 4393 Νῦν

1833 2190 1836 2192 η
1875 2131 2115 2194 adverte,
2177 2148 2209 2185 o
2256 2132 2568 2187 beatissime
2617 2149 2629 2185 :

1875 1949 2035 2001 etiam
2095 1949 2384 2017 impleatur
2409 1947 2555 2018 quod
2603 1948 2810 2002 dictum
2835 1955 2960 2002 est:
3008 1946 3084 1999 De
3126 1944 3260 2000 Siou
3293 1944 3460 1998 exibit

1874 2057 2068 2103 sermo,
2091 2049 2140 2094 et
2167 2040 2253 2093 lea:
2275 2041 2489 2095 Domini
2518 2041 2583 2094 de
2616 2040 2917 2094 Jerusalem
2948 2039 3014 2092 ’⁸.
3054 2037 3172 2092 Huc
3216 2054 3458 2092 antmum

2682 2143 2766 2185 sta
2823 2130 3062 2196 fortiter,
3131 2143 3419 2184 monemus
3445 2145 3460 2180 :

1875 2223 2118 2292 gloriﬁca
2148 2224 2320 2277 Deum
2349 2226 2402 2277 in
2448 2239 2664 2293 corpore
2706 2233 2816 2283 tuo,
2856 2231 2906 2275 et
2952 2223 3006 2274 in
3049 2221 3243 2290 spiritu
3266 2219 3331 2274 ’⁷.
3366 2218 3464 2273 Dic

1875 2323 1930 2368 et
1961 2316 2077 2384 ipse
2118 2331 2242 2369 cum
2271 2315 2459 2369 divino
2493 2315 2658 2368 Paulo
2688 2333 2701 2366 :
2739 2313 2860 2368 Scio
2884 2314 3012 2382 quia
3040 2312 3135 2365 hoc
3176 2312 3304 2365 mihi
3335 2327 3461 2381 pro-

1877 2407 2041 2461 veniet
2095 2406 2162 2459 ad
2216 2406 2465 2470 salutem,
2513 2423 2604 2474 per
2647 2418 2872 2458 vestram
2926 2405 3219 2456 orationem
3251 2412 3299 2456 et
3341 2403 3462 2456 sub-

1877 2501 2318 2554 ministrationem
2345 2499 2578 2568 Spiritus
2601 2499 2729 2552 Jestt
2767 2494 2987 2560 Christi,
3036 2498 3321 2551 secundum
3367 2513 3462 2550 ex-

1875 2593 2248 2661 spectationem
2301 2603 2350 2646 et
2381 2609 2524 2660 spem
2563 2609 2752 2656 meam,
2791 2594 2916 2662 quia
2958 2594 3015 2645 in
3046 2592 3195 2645 nullo
3245 2593 3464 2662 confun-

1875 2689 2018 2741 dar:
2068 2688 2157 2740 sed
2208 2689 2259 2740 in
2298 2688 2442 2740 omni
2497 2687 2697 2754 ﬁducia
2753 2688 2888 2740 sicut
2945 2702 3166 2754 semper,
3227 2694 3278 2737 et
3325 2695 3463 2737 nunc

1878 2779 2312 2850 magniﬁcabitur
2363 2777 2608 2832 Christus
2654 2778 2708 2831 in
2760 2794 2978 2845 corpore
3031 2795 3163 2840 meo,
3211 2779 3315 2830 sive
3371 2793 3464 2845 per

1876 2871 2060 2934 vitam,
2094 2871 2197 2923 sive
2241 2885 2331 2936 per
2361 2878 2601 2921 mortem.
2639 2868 2773 2920 Mihi
2825 2868 2966 2921 enim
3010 2869 3173 2921 vivere
3219 2865 3463 2922 Christus

1874 2971 1973 3023 est,
1992 2971 2038 3014 et
2061 2963 2194 3014 mori
2218 2968 2421 3014 lucrum
2439 2962 2483 2991 ’7
2505 2967 2543 3013 '.
2568 2960 2644 3014 En
2664 2961 2822 3015 dulce
2843 2969 3140 3025 certamen,
3163 2976 3229 3014 en
3251 2959 3462 3014 felicem

1874 3056 2382 3119 commutationem,
2413 3068 2508 3123 per
2539 3053 2730 3108 breves
2771 3053 3155 3107 tribulationes
3189 3059 3244 3106 et
3292 3067 3464 3122 angu-

1875 3147 2033 3209 stias,
2077 3162 2174 3200 seu
2222 3147 2415 3215 plagas
2447 3153 2502 3200 et
2545 3145 2830 3214 sanguinis
2874 3154 3077 3214 guttas,
3113 3143 3286 3197 Deum
3323 3143 3460 3208 fieri,

1875 3247 1929 3291 et
1957 3237 2091 3301 Deo,
2125 3238 2220 3307 qui
2252 3253 2375 3292 vere
2424 3246 2528 3302 est,
2561 3237 2750 3308 potiri.
2802 3235 2964 3290 Solus
3008 3251 3138 3305 ergo
3175 3234 3350 3292 factus
3379 3250 3460 3304 es,

1876 3338 1936 3382 ut
1976 3331 2308 3400 accepimus,
2348 3330 2512 3384 abiis
2545 3345 2710 3385 sensu
2762 3329 2996 3392 divisus,
3057 3330 3148 3400 qui
3194 3328 3457 3384 szeculum

1877 3421 1980 3475 hoc
2009 3432 2264 3477 amarunt
2316 3441 2329 3477 :
2369 3423 2464 3478 sed
2516 3438 2640 3478 cum
2695 3423 2763 3477 iis
2807 3423 3065 3476 omnihus
3108 3423 3457 3489 conjunctus,

1877 3515 1971 3583 qui
2007 3515 2252 3570 veritatis
2284 3516 2562 3572 sustinent
2593 3513 2993 3571 defensionem.
3040 3514 3177 3570 Hinc
3227 3523 3277 3569 te
3308 3529 3462 3568 mar-

1882 3611 2061 3673 tyrum
2093 3606 2297 3660 chorus
2331 3607 2604 3677 integrum
2654 3607 2935 3674 suscipere
2970 3606 3249 3661 desiderat
3284 3625 3297 3660 :
3335 3606 3463 3660 hinc

1885 3694 2262 3750 confessorum
2311 3713 2521 3752 cuneus
2556 3713 2781 3751 manum
2819 3700 3071 3770 porrigit,
3108 3707 3168 3751 ut
3197 3699 3250 3751 in
3280 3698 3460 3752 locum

1882 3801 2042 3840 suum
2083 3788 2326 3855 recipiat.

2664 3883 2874 3935 ἐκεῖθεν
2919 3883 3030 3933 τῶν
3113 3883 3464 3952 ὀμολογητῶν

1946 4062 2380 4133 Haudquaquam
2416 4066 2484 4118 ab
2515 4065 2614 4117 hac
2650 4065 2906 4133 praeclara
2948 4064 3153 4117 chorea
3185 4064 3456 4117 descisca-

1875 4175 2019 4222 mus,
2056 4159 2139 4210 vir
2169 4160 2498 4225 venerande,
2527 4175 2702 4228 neque
2725 4174 2847 4228 spes
2875 4157 3120 4212 omnium
3153 4155 3456 4212 confunda-

1874 4267 2016 4316 mus,
2051 4252 2132 4305 vir
2159 4251 2637 4306 desideratissime.
2670 4249 2881 4317 Quanta
2915 4249 3219 4319 pertulisti?
3241 4251 3375 4303 adeo
3403 4258 3457 4302 ut

1872 4361 2070 4399 nomen
2098 4358 2248 4399 tuum
2274 4347 2479 4414 passim
2500 4345 2567 4398 ab
2595 4345 2680 4399 his
2706 4353 2758 4398 et
2777 4343 2882 4397 illis
2910 4344 3156 4396 auditum
3177 4343 3266 4396 sit.
3303 4340 3458 4396 Nunc

192 4435 248 4487 δὲ
272 4434 349 4498 ὡς
380 4434 468 4487 ἐπ’
500 4433 662 4505 ὅρους
691 4435 902 4505 ἀρετῶν
928 4436 1016 4488 διὰ
1049 4435 1147 4502 τῆς
1181 4433 1470 4504 ὁμολογίας
1502 4432 1771 4503 ἀναϐεϐη-

1881 4447 2086 4498 autem,
2111 4444 2368 4505 tanquam
2395 4437 2448 4490 in
2469 4437 2726 4488 virtutum
2763 4443 3001 4487 montem
3050 4447 3144 4503 per
3167 4430 3462 4486 confessio.

193 4525 326 4590 κὼς,
361 4525 612 4596 ἐμφανὴς
650 4526 839 4594 ἐγένου
888 4527 965 4597 τῷ
1015 4528 1224 4596 κόσμῳ,
1265 4527 1358 4578 καὶ
1399 4525 1772 4595 λαμποφορεῖς

194 4616 344 4686 ἡλίου
378 4616 771 4686 φωτεινότερον
822 4617 917 4669 σὺν
957 4615 1034 4685 τῷ
1085 4617 1226 4686 λόγῳ
1255 4617 1348 4669 καὶ
1396 4616 1487 4668 τὸν
1529 4616 1661 4685 βίον,
1694 4616 1774 4678 εἰς

194 4699 352 4766 δόξαν
392 4702 504 4756 Τοῦ
537 4703 768 4771 Πατρός
797 4702 967 4771 ἡμῶν
987 4705 1092 4758 τοῦ
1112 4706 1179 4757 ὲὺ
1206 4705 1330 4770 τοῖς
1352 4706 1632 4773 οὐρανοῖς
1656 4722 1667 4734 ·
1695 4707 1775 4768 εἰς

197 4795 358 4847 τόπον
390 4795 603 4866 ήρχθης
653 4797 1130 4868 ὑπεραίνοντα,είς
1173 4799 1425 4865 γλῶσσαν
1469 4799 1774 4870 παρεδόθης

199 4885 518 4956 βλάσφημον
545 4903 557 4915 ’
601 4887 739 4940 πόσα
766 4889 864 4956 μὲν
898 4884 990 4942 οὖν
1023 4891 1082 4942 οὐ
1117 4892 1447 4957 σαίνουσαν;
1483 4893 1622 4945 πόσα
1644 4893 1773 4944 δὲού

197 4975 630 5044 ψευδολογοῦσαν
675 4981 770 5032 καὶ
799 4981 1153 5052 πειρωμένην
1193 4984 1504 5037 ὑποκλίνειν
1536 4986 1643 5037 ἀπὸ
1680 4987 1773 5038 τοῦ

202 5068 405 5138 ὑψηλοῦ
441 5071 537 5122 καὶ
571 5069 721 5124 θείου
753 5074 1100 5142 φρονήματος
1122 5092 1135 5139 ;
1161 5076 1274 5128 ἀλλ’
1305 5078 1462 5146 ἴσμεν
1486 5077 1544 5142 ἐξ
1582 5080 1773 5148 ἀκοῆς.

199 5160 316 5225 ὅσος
336 5163 432 5215 καὶ
455 5162 618 5226 αὐτὸς
642 5160 692 5215 εἷ
712 5165 896 5234 χάριτι
916 5167 1178 5236 Χριστοῦ,
1202 5168 1358 5235 λόγον
1377 5170 1588 5240 ἐπέχων
1609 5173 1773 5241 ζωῆς,

204 5254 390 5317 σοφίας
408 5255 622 5327 ῥεῖθρον
645 5257 752 5309 ἀπὸ
778 5258 1042 5326 στόματος
1073 5261 1534 5332 προϐαλλόμενος,
1571 5266 1776 5318 ἀντεπ-

208 5349 419 5414 εξάγειν
480 5352 549 5398 τά
579 5349 894 5412 εἰκόταταῖς
916 5353 1172 5418 ματαίαις
1194 5357 1543 5423 προτάσεσιν.
1582 5357 1775 5427 Ἡμεῖς

206 5436 257 5490 δὲ
290 5439 341 5491 οἱ
364 5440 615 5491 ταπεινοὶ
648 5441 822 5493 ἐκεῖνο
854 5441 1084 5511 λέγομεν
1135 5447 1227 5497 καὶ
1269 5445 1660 5519 διασαφοῦμεν,
1695 5453 1777 5504 ὅτι

206 5529 424 5597 λογάδες
450 5531 624 5584 πάλαι
646 5549 709 5584 τε
746 5537 839 5586 καὶ
867 5534 963 5586 νῦν
994 5537 1336 5607 προέστησαν
1378 5541 1535 5593 τοῦδε
1569 5543 1663 5594 τοῦ
1701 5544 1778 5595 ia-

211 5623 473 5692 ραρχικοῦ
519 5623 730 5695 θρόνου,
775 5627 1024 5696 εὐτεχνίᾳ
1065 5628 1352 5697 δογμάτων
1388 5633 1445 5684 τὸ
1488 5635 1616 5703 περὶ
1667 5636 1777 5687 τῶν

211 5714 365 5785 ἱερῶν
388 5718 615 5771 εἰκόνων
642 5719 903 5789 θεώρημά
947 5737 1006 5770 τε
1051 5723 1143 5773 καὶ
1198 5722 1450 5794 σύνθημα
1499 5726 1774 5782 διατυπώ-

301 5832 392 5911 ἶξι
422 5833 550 5911 Qor.
606 5852 702 5911 stt,
737 5836 825 5890 27.
940 5841 983 5872 ’³
1018 5840 1085 5894 ιν
1121 5841 1252 5911 Reg.
1306 5859 1380 5905 Ix,
1423 5845 1506 5898 15.

208 5904 253 5935 9'
311 5904 500 5959 Matth.
535 5921 608 5971 Vl,
627 5908 682 5963 9.

500 5999 765 6061 Pauor"
801 6004 910 6063 Gn.
963 6003 1175 6065 XCIX.

1614 5848 1656 5876 ⁵⁵
1698 5848 1798 5902 lsa.
1829 5863 1866 5901 tt
1897 5888 1910 5912 ,
1950 5849 2002 5902 5.
2106 5849 2148 5881 ’⁷
2183 5847 2343 5902 lCor.
2402 5862 2486 5911 Vl,
2527 5844 2616 5898 ‘20.

1880 4544 2001 4582 nem
2022 4529 2340 4594 subvectus,
2361 4530 2693 4596 conspicuus
2709 4526 2911 4580 mundo
2931 4523 3106 4579 factus
3123 4540 3203 4588 es,
3222 4534 3271 4576 et
3287 4522 3458 4578 facem

1877 4621 2020 4689 geris
2057 4619 2171 4675 sole
2221 4620 2566 4684 lucidiorem,
2608 4620 2774 4672 vitam
2822 4616 2982 4672 simul
3014 4632 3135 4671 cum
3184 4629 3456 4678 sermone,

1875 4714 1941 4767 ad
1983 4714 2208 4782 gloriam
2241 4711 2425 4767 Patris
2454 4715 2646 4776 nostri,
2684 4712 2774 4779 qui
2803 4712 2856 4762 in
2883 4708 3024 4763 ccelis
3067 4707 3226 4762 est”.
3266 4706 3454 4760 Excel-

1879 4823 1998 4860 sum
2039 4807 2089 4860 in
2118 4806 2299 4859 locum
2327 4817 2545 4860 evectus
2583 4821 2662 4868 es,
2701 4805 2898 4872 lingua:
2928 4802 3175 4872 objectus
3201 4815 3260 4853 es
3290 4800 3460 4852 male-

1878 4902 2030 4963 dicae,
2067 4899 2196 4968 quid
2238 4914 2347 4952 non
2383 4899 2655 4952 vellicauti
2688 4897 2710 4949 ?
2742 4896 2873 4968 quid
2928 4911 3034 4949 non
3087 4893 3377 4947 mentienti
3432 4889 3459 4944 ‘I

1878 4997 2004 5044 dum
2039 5001 2089 5045 te
2119 4992 2186 5043 ah
2217 4992 2435 5046 excelso
2466 5000 2520 5044 et
2547 4991 2732 5046 divino
2777 5004 2940 5044 sensu
2975 4988 3258 5042 deflectere
3287 4999 3458 5040 cona-o

1881 5097 1984 5137 tur.
2022 5083 2125 5138 Sed
2164 5084 2445 5137 auditione
2490 5085 2803 5152 accepimus
2847 5089 3087 5149 quantus
3133 5089 3186 5133 et
3235 5079 3350 5147 ipse
3379 5077 3457 5132 sis

1879 5179 2050 5245 gratia
2090 5177 2318 5239 Christi,
2352 5178 2474 5229 vitae
2509 5190 2815 5230 sermonem
2849 5172 3135 5231 adhibens,
3177 5168 3457 5240 sapientiae

1879 5272 2078 5323 flumen
2137 5285 2201 5322 ex
2245 5284 2340 5322 ore
2386 5267 2741 5336 profundens,
2771 5265 2928 5318 vanis
2985 5261 3452 5333 propositionibus

1879 5362 2234 5431 congruentia
2270 5374 2571 5430 opponens.
2597 5357 2706 5413 Nos
2742 5372 2871 5411 vero
2907 5353 3287 5409 humilesillud
3318 5353 3456 5406 dici-

1882 5470 2004 5507 mus
2033 5461 2085 5506 et
2133 5459 2419 5514 testamur,
2479 5451 2624 5505 viros
2684 5449 2917 5503 eximios
2948 5458 3002 5501 et
3030 5447 3157 5499 olim
3211 5453 3264 5498 et
3309 5458 3455 5497 nunc

1882 5545 2235 5599 hierarchicae
2288 5546 2414 5598 huic
2467 5543 2582 5598 sedi
2622 5542 2930 5611 praefuisse,
2982 5539 3099 5609 qui,
3139 5539 3452 5607 dogmatum

1881 5638 2093 5706 peritia,
2129 5648 2293 5691 totam
2327 5637 2394 5691 de
2451 5636 2622 5691 sacris
2662 5635 2992 5704 imaginibus
3028 5630 3451 5700 speculationem

1880 5741 1934 5785 et
1971 5730 2273 5784 doctrinam
2322 5729 2730 5799 descripserunt
2768 5725 3241 5790 tradideruntquc.
3287 5719 3372 5783 Et,
3406 5719 3452 5772 si

2724 5842 3058 5910 "‘Philipp.
3105 5856 3142 5902 ι,
3185 5835 3249 5889 l9
3298 5847 3452 5898 seqq.

2982 5995 3060 6054 52
