3966 6452
518 342 648 405 1643

510 457 826 530 apostolicis
873 456 1053 515 verbis
1105 457 1400 514 dicendum
1461 467 1567 526 est,

510 561 810 623 peccatum,
860 549 1309 618 superabundavit
1350 561 1402 605 et
1439 553 1617 620 gratia
1645 552 1713 607 ”.
1762 549 1901 606 Hinc
1946 551 2094 606 enim

514 659 825 716 progressa,
880 653 1139 715 tanquam
1193 660 1263 699 ex
1300 644 1474 715 portis
1508 643 1689 709 inferi,
1724 642 1949 699 haeresis
1981 643 2098 698 ico-

515 737 861 793 nomacbica.
917 738 1007 791 hic
1040 752 1261 808 quoque
1292 752 1545 808 repressa
1592 745 1677 793 est
1714 756 1728 791 :
1770 738 1898 808 quin
1932 746 1985 791 et
2012 752 2101 792 rc-

517 828 788 899 primetur
834 827 1097 896 deinceps
1138 827 1312 897 magis
1375 825 1612 896 Spiritus
1646 826 1848 881 sancti
1894 825 2100 890 aﬂlatu,

516 921 738 993 quando
768 921 1074 991 increpabit
1110 920 1368 975 Christus
1427 934 1749 990 perversum
1782 918 1886 974 hoc
1912 934 2103 974 revera

516 1030 691 1080 mare,
738 1018 796 1069 in
827 1030 936 1084 quo
986 1014 1159 1068 multa
1213 1013 1360 1066 circa
1402 1013 1561 1067 tidem
1617 1012 1904 1084 naufragia
1947 1013 2103 1077 ﬁunt,

512 1123 629 1161 non
682 1116 793 1161 tam
836 1106 1033 1161 mentis
1088 1105 1465 1175 perversitate,
1517 1120 1683 1173 quam
1723 1104 2105 1173 imperantium

520 1208 690 1254 metu.
715 1199 969 1254 Attamen
1009 1198 1165 1252 multi
1205 1212 1236 1253 e
1268 1197 1509 1267 procella
1536 1206 1899 1263 emerserunt,
1935 1194 2109 1266 Spiri-

523 1303 614 1347 tus
641 1291 815 1346 sancti
854 1290 1009 1344 clavo
1048 1288 1164 1343 nixi
1206 1307 1219 1343 :
1248 1299 1301 1343 et
1329 1289 1501 1343 multa
1530 1289 1790 1343 exstitere
1825 1288 2108 1359 martyria,

523 1396 578 1439 et
607 1384 829 1453 pietatis
859 1384 1062 1453 scripta
1098 1390 1476 1446 monumenta,
1520 1383 1834 1437 uniVersum
1862 1396 2106 1436 errorem

525 1474 852 1541 refellentia,
872 1483 926 1529 et
945 1474 1192 1528 xeritatis
1211 1474 1673 1543 pulchritudinem
1707 1474 1919 1528 cunctis
1941 1472 2114 1527 tideli-

524 1568 630 1622 bus
677 1566 953 1621 mentibus
980 1565 1458 1620 demonstrantia:
1489 1565 1818 1636 quibuscum
1863 1576 2113 1633 servetur

524 1668 581 1714 et
636 1658 915 1713 beatitudo
964 1667 1078 1723 tua,
1126 1656 1318 1713 bonum
1345 1667 1605 1713 certamen
1640 1668 1865 1723 certans,
1906 1674 2119 1712 cursum

527 1766 921 1813 consummatis,
974 1751 1133 1819 ﬁdem
1186 1766 1451 1813 servans;
1493 1759 1553 1804 ut
1594 1750 1826 1819 justitiae
1863 1768 2113 1805 coronam

526 1844 830 1914 accipiat‘.
874 1844 953 1898 Ita
1000 1844 1088 1899 sit.

880 2041 1108 2099 CCXIV.
1136 2073 1204 2085 —-—
1229 2043 1480 2115 Hypacoc
1506 2045 1753 2100 moniali.

1711 342 1771 400 S.
1806 338 2198 401 THEODOBI
2238 338 2586 399 STUDIT/E

1646 456 1745 512 Ubi
1816 456 2106 511 abundavit

2224 452 2407 517 παντες
2436 470 2497 506 τε
2527 454 2621 506 καὶ
2645 452 3001 515 ἐκδώσαντες.
3046 451 3174 518 Καὶ,
3199 450 3248 503 εί
3282 450 3365 503 δεῖ
3413 449 3796 511 ἀποστολικῶς

3656 332 3793 398 1644

2196 547 2393 613 εἰπεῖν,
2427 546 2620 600 Ὅπου
2679 544 3055 599 ἐπλεόνασεν
3104 546 3143 611 ἡ
3194 543 3465 612 ἁμαρτία,
3500 545 3793 609 ὑπερεπε-

2192 640 2535 708 ρίσσευσεν
2568 640 2607 705 ἢ
2655 636 2851 706 χάρις.
2886 631 3016 690 Ὧδε
3077 638 3186 706 γὰρ
3234 635 3576 705 προελθοῦσα
3623 637 3703 697 ὠς
3739 636 3794 701 ἐξ

2203 729 2331 801 ᾆδον
2367 729 2556 783 πυλῶν
2585 731 2617 799 ἡ
2652 729 3065 799 Είκονομαχικὴ
3101 730 3333 798 αἵρεσις,
3382 720 3484 782 ὦδε
3534 730 3629 780 καὶ
3659 745 3792 781 κατε

2203 823 2460 891 ήργηται,
2490 818 2629 872 ἀλλὰ
2664 820 2759 872 καὶ
2789 820 2869 872 ἔτι
2913 819 3396 890 καταργηθήσεται
3433 823 3553 883 ταῖς
3599 819 3794 889 αὖραις

2203 913 2298 966 τοῦ
2330 913 2487 981 ἁγίου
2522 911 2839 983 Πνεύματος
2862 929 2874 943 ·
2909 913 3146 983 ὁπηνίκα
3190 914 3508 983 ἐπιτιμήσει
3558 913 3795 981 Χριστὸς

2205 1010 2271 1076 τῇ
2294 1007 2513 1077 πονηρᾷ
2540 1005 2713 1077 ταύτῃ
2746 1006 2822 1068 ὡς
2846 1005 3064 1076 ἀληθῶς
3099 1005 3369 1079 θαλάσση,
3408 1024 3471 1057 πε
3487 1008 3540 1074 pl.
3572 1007 3641 1077 ἦν
3681 1004 3796 1057 πολ·

2208 1099 2277 1151 λά
2306 1099 2373 1151 τὰ
2410 1102 2535 1169 περὶ
2563 1098 2663 1169 τὴν
2720 1100 2904 1151 πίστιν
2962 1100 3223 1167 ναυάγια,
3273 1099 3335 1151 οὐ
3383 1099 3645 1152 τοσοῦτον
3684 1099 3794 1151 duo

2212 1193 2416 1260 στροφῇ
2451 1190 2589 1255 νοὸς,
2629 1194 2751 1244 ὅσον
2800 1190 2910 1243 δέει
2958 1190 3065 1242 τῶν
3113 1189 3478 1261 κρατούντων.
3535 1190 3687 1260 Πλὴν
3719 1191 3796 1244 ὅτι

2211 1282 2552 1352 περιείλοντο
2585 1282 2778 1335 πολλοὶ
2805 1282 2902 1335 τοῦ
2956 1283 3227 1345 κλύδωνος
3271 1281 3797 1351 πηδαλιουχούμενοι

2214 1374 2498 1445 Πνεύματι
2530 1375 2670 1446 ἁγίῳ
2694 1392 2707 1407 ⁸
2740 1376 2833 1428 καὶ
2860 1375 3035 1428 πολλὰ
3058 1376 3127 1428 τὰ
3160 1375 3459 1445 μαρτύρια,
3490 1376 3587 1426 καὶ
3616 1376 3685 1426 τά
3707 1374 3797 1443 τῆς

2215 1466 2499 1531 εὐσεϐείας
2533 1468 2945 1538 συγγράμματα
2976 1468 3157 1519 πᾶσαν
3188 1467 3458 1535 πλάνησιν
3485 1466 3796 1535 διελέγχον-

2216 1575 2309 1623 τα,
2340 1559 2434 1612 καὶ
2460 1560 2557 1628 τὴν
2584 1560 2683 1627 τῆς
2720 1559 2979 1629 ἀληθείας
3009 1560 3322 1630 ὡραιότητα
3347 1559 3553 1621 πάσαις
3578 1559 3798 1620 πισταίς

2218 1652 2480 1717 διανοίαις
2516 1655 2904 1721 ὑποφαίνοντα.
2936 1654 3069 1707 Μεθ’
3104 1646 3180 1707 ὧν
3202 1652 3506 1723 φυλαχθείη
3542 1654 3641 1706 καὶ
3671 1655 3706 1722 ἡ
3736 1652 3800 1723 σὴ

2225 1747 2583 1817 μακαριότης,
2619 1748 2712 1801 τὸν
2761 1748 2948 1816 ἀγῶνα
3000 1747 3109 1801 τὸν
3145 1746 3338 1801 καλὸν
3375 1744 3799 1815 ἀγωνιζομένη,

2144 1825 2186 1879 Β
2215 1838 2320 1891 τὸν
2341 1837 2564 1909 δρόμον
2585 1840 2870 1903 τελοῦσα,
2896 1840 3010 1908 τὴν
3034 1840 3246 1893 πίστιν
3271 1840 3564 1907 τηροῦσα,
3582 1842 3635 1893 εὶ
3657 1839 3802 1894 ἀπό-

2218 1932 2412 1999 ληψιν
2440 1932 2547 1985 τοῦ
2575 1931 2686 2001 τῆς
2709 1932 3103 2000 δικαιοσύνης
3131 1932 3461 2001 στεφάνου.
3494 1929 3660 1985 Εἶεν.

2384 2047 2525 2104 ΣΙΔ⁹.
2556 2048 2631 2120 (9)
2664 2081 2731 2092 -
2768 2046 3024 2117 Ὑπακοῇ
3048 2046 3415 2119 μοναξούσῃ.
3458 2046 3639 2120 {ww}

1827 2162 2119 2213 Consolatur
2138 2164 2200 2215 de
2213 2173 2373 2215 morte
2392 2165 2573 2216 fratris.

602 2242 715 2297 Etsi
765 2243 954 2299 timide
998 2245 1203 2312 scribo,
1252 2245 1434 2302 facere
1476 2257 1659 2304 tamen
1706 2263 1815 2304 non
1865 2264 2114 2321 possum,

531 2335 665 2405 quin
689 2335 754 2390 ad
777 2338 980 2407 gratias
1009 2348 1064 2393 et
1092 2338 1305 2395 laudem
1340 2358 1403 2395 os
1428 2356 1608 2396 meum
1632 2343 1868 2411 aperiam
1904 2343 2122 2398 honori-

534 2428 763 2483 licentiae
788 2428 1228 2500 tuteQuousque
1254 2433 1415 2503 igitur
1443 2448 1548 2487 non
1582 2434 1822 2498 desines,
1855 2435 2118 2503 praeclara

533 2530 731 2587 mater,
772 2522 999 2593 teipsam
1053 2524 1210 2581 nobis
1242 2526 1610 2596 impendere?
1658 2526 1956 2598 Quousque
1996 2544 2117 2582 mu-

535 2629 669 2669 nera
719 2614 851 2668 hinc
899 2624 955 2668 et
996 2615 1119 2670 inde
1168 2618 1489 2672 transmissa
1542 2631 1651 2671 non
1678 2617 1971 2672 cessabunt
2003 2618 2026 2671 ’ί
2058 2633 2120 2671 ac

536 2723 683 2763 nunc
714 2708 972 2771 maxime,
1004 2708 1224 2773 quando
1253 2709 1423 2763 multa
1458 2718 1509 2763 te
1540 2709 1714 2764 tristia
1744 2708 2075 2764 obsederunt
2104 2728 2118 2765 :

536 2809 757 2872 propter
792 2816 915 2872 quae
954 2800 1176 2870 impulsi
1223 2801 1288 2855 ad
1331 2802 1674 2857 scribendum
1718 2804 1990 2873 praecipue
2030 2818 2117 2857 su-

537 2910 684 2961 mus,
733 2908 857 2949 cum
911 2894 1298 2949 didicissemus
1348 2906 1420 2960 te,
1455 2896 1598 2950 circa
1644 2896 1785 2950 beati
1823 2895 2011 2951 fratris
2042 2897 2122 2950 tui

536 2987 824 3057 reliquias,
863 2988 974 3041 hzee
995 2994 1048 3041 et
1070 2986 1162 3040 illa
1196 2987 1394 3057 egisse.
1427 2989 1593 3041 Aiunt
1622 2990 1765 3041 enim
1796 2996 1845 3042 te
1872 3004 2116 3057 capsam.

541 3095 668 3134 cum
701 3080 806 3133 alia
838 3095 903 3135 ex
934 3081 1156 3150 regione
1197 3080 1391 3135 fuisset
1424 3080 1610 3140 allata,
1642 3095 1920 3135 reserasse
1948 3097 1962 3146 ;
2006 3089 2120 3134 tum

540 3172 789 3244 reliquiis
839 3172 1092 3239 effusam,
1152 3174 1205 3226 in
1260 3173 1420 3227 ulnas
1474 3173 1801 3241 sumpsisse,
1856 3172 2124 3240 novisque

541 3263 687 3326 illas,
717 3262 864 3318 velut
900 3264 1075 3332 ipsum
1124 3275 1424 3327 mortuum,
1470 3262 1648 3317 linteis
1685 3263 1807 3317 aliis
1856 3264 2122 3319 induisse.

542 3353 678 3421 Quis
709 3354 797 3409 hic
822 3353 1124 3408 fraternum
1157 3368 1400 3408 amorem
1440 3363 1593 3409 tuum
1632 3370 1743 3409 non
1768 3352 2071 3408 admiretur
2103 3353 2126 3406 ?

539 3453 639 3501 aut
669 3446 795 3519 quis
830 3454 944 3500 tum
990 3460 1227 3514 prtesens
1273 3446 1538 3515 lacrymas
1586 3462 1694 3499 non
1740 3445 1973 3500 eﬂ‘udit?
2016 3460 2123 3500 non

2290 2252 2401 2306 Καὶ
2428 2252 2818 2321 εὐλαϐούμενοι
2881 2252 3136 2323 γράφειν,
3176 2253 3324 2324 ὅμως
3374 2251 3806 2323 ἀναγκαζόμεθα

2220 2343 2396 2413 στόμα
2428 2344 2753 2415 εὐχάριστον
2801 2342 2897 2395 καὶ
2937 2343 3220 2414 αίνέσιμον
3264 2341 3504 2409 ἀνοίγειν
3523 2344 3591 2411 τῇ
3626 2342 3807 2411 τιμιό-

2218 2435 2341 2503 τητί
2375 2453 2490 2488 σου.
2525 2436 2671 2499 Ἕως
2697 2436 2828 2488 πότε
2882 2430 2976 2488 οὖν
3022 2435 3123 2489 οὐκ
3187 2434 3383 2504 ἀνήσῃ,
3431 2432 3803 2502 καλλιμῆτορ,

2220 2532 2417 2601 κιχρᾷν
2449 2532 2579 2601 ἡμῖν
2612 2532 2848 2601 σεαυτήν
2875 2548 2889 2596 ;
2922 2530 3065 2594 Ἕως
3091 2530 3235 2590 τίνος
3264 2527 3333 2580 τὰ
3375 2525 3681 2597 δωρήματά
3708 2541 3789 2577 σοι

2218 2621 2319 2674 οὐκ
2350 2621 2709 2693 ἀπολήξουσιν
2738 2623 2990 2676 ἐντεῦθεν
3020 2624 3115 2675 καὶ
3144 2620 3395 2675 ἐντεῦθεν
3425 2618 3809 2689 παραπεμπόο

2223 2730 2360 2783 μενα
2385 2730 2400 2779 ;
2427 2713 2524 2767 καὶ
2564 2713 2805 2784 μάλιστά
2838 2732 2902 2783 γε
2930 2698 3024 2768 νῦν
3047 2729 3062 2744 ⁶
3088 2709 3182 2767 ὅτε
3203 2712 3374 2766 πολλά
3401 2729 3460 2765 σε
3487 2710 3559 2763 τὰ
3583 2711 3810 2778 λυπηρά

2221 2804 2662 2876 περιεστοίχισαν
2687 2823 2701 2837 ·
2735 2808 2819 2877 ἐφ’
2851 2802 2933 2869 οἷς
2975 2806 3073 2860 καὶ
3102 2805 3437 2875 ὲκινήθημεν
3460 2804 3665 2873 μᾶλλον
3683 2803 3811 2854 ἐπι-

2223 2904 2461 2953 στεῖλαι·
2498 2902 2762 2971 μαθόντες
2792 2899 2964 2962 οὕτως
2994 2899 3086 2952 καὶ
3108 2898 3311 2962 οὕτως,
3336 2898 3428 2949 ἐπὶ
3460 2895 3538 2964 τῷ
3560 2895 3806 2965 λειψάνῳ

2220 2994 2315 3047 τοῦ
2353 2994 2626 3065 μακαρίου
2661 2991 2893 3061 ἀδελφοῦ
2926 3008 3023 3045 σου
3058 2988 3523 3061 καταπράξασθαί
3560 3005 3643 3040 σε.
3669 2988 3810 3040 Φασὶ

2222 3088 2331 3158 γὰρ
2361 3089 2660 3159 ἀνεῳγέναι
2694 3105 2753 3140 σε
2776 3086 2878 3154 τὴν
2912 3084 3087 3156 θήκην
3111 3083 3571 3154 παραγενομένην
3613 3084 3680 3134 ὲκ
3708 3080 3809 3149 τῆς

2223 3179 2549 3251 ἀλλοδαπῆς,
2579 3177 2696 3233 εἷτα
2740 3176 3163 3248 περιπλακῆναι
3182 3175 3261 3247 τῷ
3306 3167 3567 3244 λανθάνω,
3598 3172 3698 3227 καὶ
3730 3173 3811 3234 εἰς

2222 3273 2471 3342 ἀγκάλας
2506 3273 2650 3326 ἑλεῖν
2701 3270 3242 3343 μετενταφιάζουσαν
3289 3266 3355 3339 [Γ.
3399 3264 3813 3337 μεταμφιάζου-

2226 3361 2350 3434 σαν]
2407 3363 2570 3415 οἱονεὶ
2602 3361 2695 3415 τὸν
2727 3361 2922 3433 νεκρὸν
2974 3360 3156 3423 ἄλλοις
3198 3359 3405 3420 καινοῖς
3425 3356 3680 3418 ὀθονίοις.
3716 3352 3813 3415 Τίς

2226 3448 2319 3507 οὖν
2350 3454 2449 3506 οὐκ
2505 3453 2732 3507 αίάσατο
2780 3450 2939 3524 [Cod.
2972 3449 3106 3519 Reg.
3139 3444 3424 3516 ἀγάσαιτο]
3456 3446 3519 3498 τὸ
3555 3442 3812 3514 φιλάδελ-

542 3538 718 3593 doluit
742 3538 1141 3593 vehementer?
1169 3537 1387 3607 quando
1424 3553 1523 3592 nos
1555 3538 1721 3591 etiam
1749 3538 1908 3608 longe
1942 3530 2119 3592 r'emo-

2229 3547 2327 3615 φόν
2357 3563 2451 3598 σου
2480 3564 2493 3612 ;
2527 3546 2611 3609 τίς
2634 3545 2691 3598 δὲ
2716 3542 3022 3616 τηνικαῦτα
3048 3541 3238 3611 παρὼν
3266 3541 3365 3594 οὐκ
3408 3539 3474 3615 ἂν
3507 3538 3695 3608 ἐξέχεε
3719 3537 3814 3590 δά-

544 3641 653 3697 tos,
682 3646 747 3686 ex
788 3631 982 3711 .anditu
1036 3630 1154 3685 solo
1185 3630 1361 3700 tetigit
1403 3631 1579 3695 dolor,
1613 3632 1874 3703 gravique
1905 3631 2127 3687 tristitia

544 3736 642 3776 cor
684 3721 884 3776 aﬂ‘ecit.
937 3720 981 3775 Ο
1029 3720 1289 3774 acerbum
1332 3721 1588 3775 nuntium
1626 3722 1638 3775 !
1673 3737 1706 3776 o
1750 3722 2062 3777 luctuosum
2110 3723 2123 3775 ι

543 3814 677 3884 quid
717 3814 921 3868 fuimus
947 3813 970 3865 ?
1001 3823 1055 3867 et
1086 3812 1369 3882 quidll'acti
1407 3828 1603 3868 sumus
1632 3814 1898 3883 ?repente
1922 3815 2126 3883 orpha-

545 3908 623 3973 ni,
653 3915 708 3962 et
740 3904 913 3959 fratre
937 3905 1205 3959 destituti.
1237 3902 1507 3973 ingemuit
1536 3906 1765 3960 fortasse
1797 3906 1879 3960 sol
1905 3916 1959 3960 et
1989 3906 2125 3975 ipse,

545 3996 651 4052 hoc
695 4009 927 4052 cernens
962 4012 978 4049 :
1026 3993 1173 4049 ﬂevit
1197 3993 1327 4048 luna
1349 4004 1606 4048 eventum
1643 4015 1654 4049 :
1710 3995 1982 4051 tristiores
2007 3995 2131 4051 fue-

544 4099 678 4147 runt
726 4089 926 4153 stellae,
952 4087 1123 4143 'velut
1170 4096 1512 4144 maerentes:
1566 4087 1841 4158 similique
1880 4091 1934 4143 in
1977 4089 2125 4144 luctu

546 4179 722 4237 fuisse
770 4180 1004 4235 dixerim
1037 4180 1250 4248 singula
1299 4180 1589 4234 elementa.
1621 4178 1767 4245 Quid
1805 4181 1961 4251 ergo?
1997 4198 2126 4237 num

547 4277 603 4328 in
640 4271 864 4327 tristitia
906 4273 1282 4341 pcrsistemus,
1318 4271 1634 4340 dolorisque
1678 4278 1824 4327 nube
1869 4282 2129 4329 contene-

546 4365 889 4429 brescemus,
937 4364 1080 4420 sicut
1119 4366 1155 4418 ii
1197 4366 1294 4435 qui
1336 4364 1663 4435 perierunt?
1704 4362 1930 4421 Minime
1977 4383 2127 4433 vero,

548 4474 706 4515 soror
741 4460 795 4513 in
828 4461 1082 4514 Domino.
1115 4459 1223 4515 Nec
1268 4460 1413 4515 enim
1465 4461 1585 4515 sine
1627 4460 1971 4531 providentia
2002 4473 2132 4518 sunt

549 4566 639 4607 res
688 4564 909 4613 nostrae,
980 4568 1083 4606 nec
1128 4553 1248 4607 sine
1309 4568 1426 4622 spe,
1480 4553 1942 4622 quemadmodum
1986 4558 2128 4625 apud

550 4654 738 4717 gentes
786 4645 1060 4716 mysteriis
1099 4659 1211 4698 non
1264 4645 1505 4699 initiatas
1536 4663 1550 4698 ε
1587 4645 1680 4699 sed
1718 4653 1849 4700 sunt
1874 4645 1929 4699 in
1962 4661 2125 4701 manu

552 4736 669 4801 Dei,
713 4737 807 4806 qui
856 4737 1040 4790 omnia
1076 4736 1363 4801 continet;
1399 4751 1431 4789 a
1481 4750 1591 4805 quo
1638 4736 1764 4791 facti
1817 4753 2031 4803 sumus,
2076 4750 2130 4794 et

2230 3651 2413 3706 xpua;
2441 3637 2542 3689 οὐκ
2573 3636 2637 3688 ἂν
2653 3634 2970 3703 ὠλοφύρατο
2991 3631 3209 3702 θερμῶς
3231 3626 3400 3693 ξ’ὂπου
3429 3644 3492 3695 γε
3530 3627 3631 3680 καὶ
3654 3628 3813 3697 ἡμῶν

2218 3729 2563 3799 πορρωτέρω
2604 3725 2968 3795 διακειμένων
3014 3723 3073 3788 ἐξ
3126 3722 3294 3793 ἀκοῆς
3345 3720 3506 3790 μόνον
3540 3720 3724 3791 ἥψατο
3754 3721 3813 3772 τὸ

2231 3814 2423 3884 πάθος,
2474 3821 2566 3873 καὶ
2618 3820 2994 3891 περιωδύνησε
3055 3816 3155 3889 τὴν
3204 3814 3432 3886 καρδίαν
3476 3813 3715 3885 σφόδρα.
3745 3812 3814 3873 ΪὩ

2229 3912 2491 3982 ἀγγελίας
2542 3912 2751 3984 πικρᾶς
2777 3912 2789 3963 !
2819 3909 2866 3964 ὣ
2919 3908 3334 3979 συναντήματος
3372 3907 3712 3979 ddum-modi
3762 3905 3814 3957 τί

2229 4002 2394 4078 ἦμεν,
2423 4005 2517 4059 καὶ
2542 4004 2595 4057 τί
2639 4001 2984 4074 ὲγενόμεθα;
3018 4000 3282 4072 ἐξαπίνης
3329 4000 3581 4071 ὀρφανοὶ,
3642 4001 3816 4070 ἐρημ-

2231 4100 2473 4169 ἀδελφοι.
2510 4095 2665 4168 Τάχα
2706 4094 2991 4161 ἐστέναξεν
3015 4095 3157 4167 ὁρῶν
3186 4094 3280 4148 καὶ
3305 4096 3332 4147 ό
3359 4093 3511 4164 ἥλιος
3563 4092 3626 4144 τὸ
3658 4093 3815 4159 γενό-

2234 4210 2393 4267 μενον
2420 4210 2434 4223 ⁸
2468 4192 2737 4264 ἐδάκρυσε
2762 4191 2818 4244 δὲ
2861 4191 3061 4261 σελήνη
3090 4188 3160 4241 τὰ
3198 4186 3484 4257 φθάσαντα
3505 4200 3520 4213 ’
3546 4183 3817 4251 ὲστύγνα-

2232 4304 2333 4340 σαν
2363 4286 2419 4339 δὲ
2453 4285 2703 4357 ἀστέρες,
2734 4284 2809 4348 ὡς
2842 4280 3197 4351 λυπούμενοι,
3230 4279 3311 4331 ὅτι
3342 4272 3435 4329 οὖν
3472 4275 3653 4328 εἰπεῖν
3689 4274 3817 4329 ἀλλο

2231 4379 2338 4433 τῶν
2368 4379 2645 4449 στοιχείων
2682 4376 2951 4437 πεπονθὸς
2977 4373 3047 4425 τὰ
3074 4373 3258 4442 ὃμοια.
3294 4369 3359 4421 Τί
3392 4363 3486 4422 οὖν
3518 4368 3818 4438 ὲπιμείνω-

2235 4489 2333 4541 μεν
2367 4474 2476 4535 τοῖς
2509 4470 2813 4539 λυπηροῖςς
2848 4463 3278 4533 συσκοτάσωμεν
3307 4459 3389 4530 τῷ
3405 4460 3559 4529 νέφει
3597 4459 3701 4529 τῆς
3726 4459 3818 4511 λύ-

2232 4581 2361 4633 πης,
2389 4564 2480 4615 καὶ
2501 4560 2791 4630 γενώμεθα
2822 4559 2898 4620 ὡς
2930 4558 2979 4611 oi.
3018 4552 3426 4615 ἀπολωλεκότες
3462 4570 3477 4619 ;
3511 4552 3816 4621 Οῠμενουν,

2230 4654 2436 4725 ἀδελφὴ
2467 4658 2521 4706 ὲν
2547 4653 2755 4723 Κυρίῳ.
2793 4651 2866 4704 Οὐ
2920 4649 3030 4719 γὰρ
3060 4646 3372 4719 ἀπρονόητα
3404 4644 3471 4696 τὰ
3517 4643 3771 4713 ἡμέτερα
3798 4657 3813 4673 '

2229 4748 2353 4801 οὐδὲ
2382 4746 2699 4806 ἀνέλπιστα,
2732 4742 2873 4797 κατὰ
2906 4742 2974 4794 τὰ
3020 4740 3148 4809 ἔθνη
3193 4738 3262 4791 τὰ
3308 4735 3533 4813 ἀμύητα
3562 4751 3574 4765 ·
3607 4734 3729 4787 ἀλλ’
3761 4736 3819 4786 ὲν

552 4843 678 4891 nos,
712 4840 766 4883 et
794 4830 886 4897 qui
916 4842 1017 4881 nos
1039 4837 1345 4898 genuerunt
1376 4844 1391 4893 ;
1420 4827 1579 4896 cujus
1611 4842 1837 4883 munere
1858 4839 1913 4884 et
1943 4831 2119 4899 spira-

2233 4839 2394 4911 χερσὶ
2411 4834 2559 4889 Θεοῦ
2601 4834 2694 4889 τοῦ
2736 4833 2807 4887 τὰ
2853 4832 3032 4884 πάντα
3084 4828 3429 4899 συνέχοντος’
3459 4825 3591 4895 παρ’
3632 4817 3697 4877 οὗ
3725 4825 3822 4879 καὶ

555 4938 678 4977 mus
706 4930 761 4975 et
796 4922 1031 4975 vivimus
1057 4938 1071 4987 ;
1098 4910 1253 4990 aquo
1276 4920 1403 4975 item
1437 4921 1502 4973 ad
1535 4921 1698 4985 banc,
1727 4937 1849 4991 quae
1880 4924 2128 4979 omnium

556 5014 794 5068 maxima
846 5023 929 5067 est
977 5012 1237 5083 dignitas,
1324 5002 1688 5082 virginitatis'
1731 5013 2128 5083 professionem

556 5116 739 5162 evecta
776 5122 856 5166 es.
911 5104 1230 5160 Planximns
1271 5115 1538 5174 quantum
1588 5107 1722 5161 satis
1772 5118 1893 5163 erat
1943 5108 2129 5167 fratris

556 5216 766 5255 necem.
808 5197 965 5254 Nunc
998 5208 1209 5269 tempus
1237 5208 1322 5252 est
1359 5198 1779 5266 consolationis,
1817 5216 1965 5255 nunc
2015 5201 2131 5259 dies

557 5295 854 5365 gratiarum
910 5293 1168 5347 actionis.
1236 5290 1577 5360 Dcpnnamns
1649 5306 1779 5362 ergo
1843 5293 2128 5363 lugubrem

532 5388 827 5450 ‘habilum,
857 5385 1106 5456 etmagni
1138 5385 1307 5439 animi
1332 5399 1481 5437 arma
1513 5384 1828 5438 induantus.
1863 5383 2137 5441 Prmmisi-

557 5496 682 5536 mus
710 5482 957 5545 fratrem,
994 5491 1047 5534 et
1089 5478 1284 5545 forma,
1314 5488 1367 5532 et
1399 5489 1597 5544 mente,
1635 5487 1689 5532 et
1732 5479 1837 5535 lide
1874 5490 2135 5551 praeten-

624 5597 670 5631 θ’
703 5595 861 5650 Ruit].
908 5592 1082 5659 v,‘20.
1151 5594 1176 5627 ι¹
1208 5591 1253 5645 ll
1306 5590 1447 5645 Tim.
1494 5608 1565 5659 tv,
1607 5593 1658 5644 7.

2238 4931 2541 5000 γεγόναμεν
2570 4927 2666 4981 καὶ
2689 4928 2877 4996 ἡμεῖς,
2915 4924 3010 4977 καὶ
3040 4924 3089 4975 oi
3136 4918 3496 4989 γεγενηκότες
3530 4920 3683 4989 ἡμᾶς
3708 4933 3725 4948 θ
3760 4918 3823 4981 ἐξ

2239 5018 2300 5078 οὗ
2339 5023 2431 5075 καὶ
2458 5020 2519 5074 τὸ
2545 5020 2805 5073 ἀναπνεῖν
2831 5017 2924 5070 καὶ
2968 5016 3064 5086 ζῇν
3100 5010 3419 5083 κεκτήμεθα
3445 5028 3459 5040 ’
3489 5011 3586 5064 καὶ
3628 5010 3692 5063 τὸ
3740 5012 3822 5074 εἰς

2237 5116 2356 5170 τόδε
2386 5113 2725 5189 προαχθῆναι
2751 5110 2844 5164 τοῦ
2876 5109 3130 5177 μεγίστου
3168 5106 3276 5160 τῶν
3308 5104 3638 5175 ἀξιωμάτων
3671 5120 3820 5174 παρ-

2241 5207 2450 5260 θενικὸν
2474 5203 2818 5274 ἐπάγγελμα.
2861 5200 3240 5269 Ἐκλαύσαμεν
3264 5196 3358 5251 οὖν
3408 5195 3480 5249 τὰ
3509 5194 3702 5249 εἰκότα
3729 5197 3822 5247 ἐπὶ

2239 5299 2316 5368 τῷ
2345 5296 2578 5368 ἀδελφῷ.
2624 5294 2739 5349 Νῦν
2783 5283 2972 5364 καιρὸς
3024 5291 3449 5368 παρακλήσεως,
3494 5288 3593 5342 νῦν
3634 5288 3822 5357 ἡμέρα

2245 5388 2624 5462 εὐχαριστίας.
2673 5384 3035 5455 ’Λποθὼμεϐα
3085 5378 3177 5436 οὖν
3222 5383 3283 5435 τὸ
3334 5380 3596 5434 πενθικὺν
3681 5379 3822 5447 σχῆ-

2245 5501 2343 5553 μα,
2397 5482 2488 5536 καὶ
2546 5477 2891 5550 ἐνδυσώμεθα
2944 5479 3010 5531 τὰ
3055 5477 3194 5531 ὅπλα
3240 5476 3336 5545 τῆς
3388 5471 3821 5543 μεγαλοψυχίας.

2077 5697 2307 5756 ΝΟΤᾹΙ.

627 5810 703 5880 (9}
742 5809 796 5863 lu
831 5806 955 5863 cod.
994 5805 1128 5875 Reg.
1163 5805 1281 5873 σις’.
