3966 6492
242 446 376 511 1645

1409 453 1959 515 .EPISTOLABUM
2003 453 2144 511 LIB.
2211 453 2288 514 ll.

3337 449 3477 514 1646

237 561 689 633 Προύπέμψαμεν
715 561 943 632 ἀδελφὺν
966 563 1169 632 ἀγαθὸν
1210 564 1286 636 τῷ
1314 582 1374 618 τε
1414 567 1567 629 εῖδει,
1595 567 1689 619 καὶ
1737 568 1794 635 τῇ

1909 576 2036 630 tem,
2079 567 2224 619 sicut
2269 573 2326 620 et
2380 571 2538 617 antea
2589 561 3026 630 consanguineos
3071 569 3124 614 et
3173 570 3472 630 parentes:

233 654 446 726 γνώμῃ,
476 656 568 707 καὶ
609 657 674 725 τῇ
723 654 923 715 πίστει.
975 655 1163 726 ὥσπερ
1212 659 1305 709 καὶ
1351 658 1616 727 πρότερον
1671 657 1799 718 τοὺς

231 752 553 819 ὁμαίμονας,
587 752 680 802 καὶ
732 752 858 813 τοὺς
917 752 1285 820 γεννήτορας·
1335 752 1529 822 μικρὸν
1571 751 1798 820 ὕστερον

233 842 572 910 συνεψόμεθα
599 842 696 894 καὶ
723 844 901 912 ἡμεῖς.
935 842 1121 903 Οὐδεὶς
1145 843 1173 892 6
1212 843 1412 911 ζήσων,
1437 843 1533 896 καὶ
1565 843 1639 912 μὴ
1668 842 1798 911 θνη-

229 934 487 1003 ξόμενος’
518 933 696 996 οὐδεὶς
720 935 748 986 6
770 932 1070 1001 γεννηθεὶς,
1098 932 1192 984 καὶ
1229 933 1302 1002 μὴ
1340 933 1554 1002 ταφείς.
1615 934 1799 1002 Παρα-

231 1025 628 1096 σκευασώμεθα
653 1027 772 1079 λίαν
789 1025 946 1097 [Cum
972 1027 1102 1092 lleg.
1123 1023 1333 1096 λοιπόν]
1372 1027 1464 1079 καὶ
1481 1027 1640 1097 ἡμεῖς
1661 1026 1799 1095 πρὸς

227 1118 323 1184 τὴν
355 1116 561 1182 ἔξοδονο
610 1117 990 1186 ἑτοιμάσωμεν
1035 1120 1103 1170 τὰ
1151 1118 1340 1185 ἐφόδια
1381 1117 1480 1186 τῆς
1534 1117 1799 1187 μεταστὰν

229 1225 365 1271 σεως
390 1224 404 1238 ·
438 1207 782 1278 τυπώσωμεν
808 1208 907 1270 τὰς
937 1208 1171 1277 ἀδελφὰς
1200 1209 1277 1279 τῷ
1311 1210 1498 1278 οἰκείῳ
1529 1210 1800 1278 καταστή-

229 1318 381 1369 ματι,
420 1303 514 1353 καὶ
547 1299 761 1354 πενθεῖν
801 1302 1098 1372 εὐκαίρως,
1135 1303 1227 1355 καὶ
1261 1302 1606 1373 εὐχαριστεῖν
1636 1303 1799 1372 ἁρμο·

225 1389 368 1452 δίως.
404 1390 681 1461 Δείξωμεν
709 1394 819 1455 τοῖς
847 1391 1075 1462 ὁρῶσιν,
1106 1393 1186 1445 ὅτι
1219 1392 1248 1443 ὁ
1278 1392 1410 1455 Θεὸς
1436 1394 1496 1445 ἐν
1522 1393 1655 1462 ἡμῖν
1683 1394 1798 1446 ἐστι

225 1481 606 1550 δοξαζόμενος,
649 1483 1146 1553 εὐχαριστούμενος
1189 1483 1273 1551 ἐφ’
1300 1477 1382 1546 οἷς
1413 1484 1647 1540 κελεύει.
1679 1486 1799 1539 Αὐ-

225 1572 320 1638 τὸς
373 1572 621 1638 ἔδωκεν,
662 1575 843 1638 αὐτὸς
895 1574 992 1627 καὶ
1047 1574 1327 1643 ἀφείλετο
1350 1588 1363 1602 ⁸
1393 1575 1474 1641 ὡς
1501 1573 1582 1640 τῷ
1607 1576 1800 1643 Κυρίῳ

225 1665 461 1730 ἔδοξεν,
493 1665 679 1731 οὕτως
704 1665 801 1719 καί
845 1665 1064 1720 ἑπίετο.
1101 1666 1208 1720 Ναὶ
1254 1667 1558 1736 παρακαλῶ
1589 1668 1688 1736 τὴν
1716 1685 1798 1720 τι-

229 1755 459 1824 μιότητὰ
495 1770 588 1806 σου
616 1754 704 1807 ῐσα
731 1755 825 1807 καὶ
849 1756 1014 1824 μητρὶ
1037 1757 1134 1807 καὶ
1158 1756 1466 1827 γεννησάσῃ
1501 1759 1618 1827 ἦτοι
1642 1757 1798 1810 ἁδελ-

226 1849 298 1914 φῇ
337 1847 404 1915 τῇ
458 1844 691 1916 φιλτάτῃ
751 1863 876 1914 μοι·
918 1847 1221 1914 ἀφήσωμεν
1273 1847 1453 1915 φωνὴν
1493 1848 1755 1910 αἰνέσεως
1781 1863 1794 1876 ⁸

1899 643 2060 727 paulo
2090 666 2209 725 post
2226 666 2389 710 etnos
2411 655 2825 723 subsequemur.
2858 653 3049 708 Nullus
3072 653 3232 716 vivet,
3255 655 3345 724 qui
3366 669 3474 708 non

1902 747 1971 802 sit
1998 748 2294 802 moriturus
2319 765 2333 800 :
2358 759 2520 800 nemo
2542 753 2702 798 natus
2723 753 2900 798 etnon
2922 743 3187 812 sepultus.
3208 743 3474 811 Accinga-

1899 853 2022 892 mur
2049 848 2100 891 et.
2122 853 2221 892 nos
2248 837 2502 905 deinceps
2533 836 2601 890 ad
2630 836 2833 889 exitum
2868 852 2882 888 :
2910 835 3249 904 migrationis
3276 834 3476 888 viatica

1899 945 2275 998 comparemus
2307 947 2321 983 :
2359 943 2576 983 sorores
2616 929 2862 996 exemplo
2883 938 3067 981 nostro
3097 926 3473 989 informemus,

1899 1033 1958 1076 ut
1988 1031 2042 1078 et
2066 1021 2386 1091 tempestive
2415 1021 2660 1090 lugeant,
2683 1029 2736 1074 et
2766 1029 2826 1074 ut
2861 1019 3036 1084 decet,
3061 1020 3262 1089 gratias
3293 1030 3474 1090 agant.

1901 1114 2270 1169 Ostendamus
2304 1114 2371 1167 iis
2397 1113 2489 1181 qui
2525 1126 2628 1166 nos
2654 1111 2858 1176 vident,
2895 1109 3064 1164 Deum
3099 1127 3130 1164 a
3161 1109 3318 1164 nobis
3361 1112 3478 1180 glo-

1901 1204 2122 1269 rilicari,
2174 1205 2332 1274 eique
2365 1205 2568 1274 gratias
2611 1203 2696 1272 agi
2733 1202 2804 1257 ob
2839 1217 2903 1257 ea
2933 1217 3055 1270 qua
3105 1200 3303 1271 jubet:
3353 1199 3476 1271 Ipse

1902 1297 2070 1363 dedit,
2103 1298 2212 1365 ipse
2230 1296 2484 1349 abstulit:
2505 1298 2640 1349 sicut
2662 1295 2887 1348 Domino
2911 1295 3136 1363 placuit,
3171 1295 3246 1348 ita
3275 1295 3477 1364 factum

1898 1398 1976 1441 est
2002 1387 2041 1440 ³.
2065 1385 2260 1456 Utique
2287 1386 2528 1440 obtestor
2554 1384 3024 1439 honoriﬁcentiam
3053 1394 3222 1449 tuam,
3255 1386 3478 1453 perinde

1901 1494 1966 1533 ac
2013 1487 2244 1532 matrem
2276 1493 2398 1547 quae
2448 1493 2535 1532 me
2581 1477 2999 1547 genuerit,.aut
3047 1492 3291 1531 sororem
3339 1477 3477 1531 mihi

1901 1571 2280 1624 charissimam
2306 1589 2318 1623 :
2347 1585 2665 1638 premamus
2696 1583 2886 1624 vocem
2917 1568 3250 1624 laudationis
3283 1586 3296 1622 :
3327 1569 3477 1623 exhi-

1899 1651 2126 1718 beamus
2175 1663 2386 1716 vultum
2439 1661 2734 1716 hilaritatis
2790 1680 2803 1715 :
2854 1663 3150 1716 doceamus
3197 1662 3476 1732 operibus,

1901 1772 2003 1812 nos
2058 1771 2275 1812 crucem
2327 1755 2572 1810 humeris
2615 1765 2850 1824 gestare,
2883 1763 2937 1808 et
2970 1755 3249 1808 voluntate
3289 1757 3478 1809 nostra

1902 1860 2148 1905 mortuos
2176 1864 2319 1913 esse,
2353 1857 2407 1903 et
2437 1849 2640 1903 divinis
2677 1847 2950 1902 mandatis
2992 1846 3046 1900 in
3093 1845 3348 1900 omnibus
3378 1846 3477 1899 ob-

226 1935 595 2005 ὐποδείξωμεν
633 1936 924 2006 πρόσωπον
968 1937 1320 2006 φαιδρότητος
1339 1955 1354 1968 ·
1381 1938 1676 2008 διδάξωμεν
1706 1939 1794 2009 ἕρ-

1903 1953 2225 2011 temperare.
2259 1939 2375 1994 Hoc
2411 1940 2575 1995 modo
2610 1939 2654 1994 si
2688 1949 2737 1993 te
2770 1938 3028 2009 gesseris,
3060 1948 3222 2007 prout
3261 1947 3474 1992 rectum

224 2044 360 2093 γοις,
411 2027 497 2079 ὃτι
552 2026 642 2079 τὸν
703 2026 934 2096 σταυρὸν
978 2027 1066 2078 ἐπ’
1093 2026 1255 2097 ὤμων
1305 2031 1578 2102 φέρομεν’
1613 2031 1708 2084 καὶ
1726 2034 1791 2102 τῇ

224 2119 543 2189 προαιρέσει
572 2117 938 2186 ἀπεθάνομεν,
989 2119 1083 2170 καὶ
1138 2121 1360 2190 εἴκομεν
1417 2123 1794 2178 κατὰ·πάντα

223 2212 332 2272 τοῖς
374 2209 544 2272 θείοις
577 2208 1022 2278 προστάγμασιν.
1067 2211 1191 2263 Ἐἐιν
1229 2212 1370 2266 οὕτω
1398 2215 1643 2284 πράξοις,
1673 2219 1796 2270 ὅσον

223 2302 496 2363 τδ’καλὸν,
527 2302 816 2372 εὐφρανεῖς
840 2302 1094 2371 Χριστὸν,
1121 2304 1212 2357 τὸν
1243 2305 1508 2360 ἀθάνατόν
1543 2326 1634 2361 σου
1660 2328 1794 2379 νυμ-

226 2395 364 2462 φίον,
415 2394 570 2446 Ἐπεὶ
629 2393 722 2445 ἐὰν
765 2393 930 2463 λυπῇ,
981 2393 1173 2458 λυπεῖς
1217 2398 1377 2450 αὐτὸν
1414 2399 1488 2462 ὡς
1515 2401 1575 2453 τὸ
1623 2401 1791 2464 είκὸς,

223 2486 294 2548 ὠς
316 2486 478 2538 ἄλλον
526 2485 912 2554 περισσότερον
955 2486 1164 2540 ἐκείνου
1208 2489 1658 2564 φιλοῦσι-Ὁρᾷς
1688 2495 1792 2547 ποῦ

223 2595 280 2630 σε
312 2581 340 2631 ὁ
371 2577 530 2644 λόγος
581 2577 824 2645 ἦγαγεν;
862 2577 937 2640 ὡς
987 2578 1107 2631 οὐδὲ
1160 2581 1399 2651 ὀρφανὴν
1445 2582 1644 2648 οὖσαν,
1673 2587 1793 2639 οὐδὲ

220 2670 612 2733 ἀνεπίσκοπον,
642 2667 762 2720 οὐδὲ
814 2669 1276 2738 ἀπροστάτευτον’
1308 2676 1379 2726 El
1426 2675 1534 2744 γὰρ
1575 2679 1608 2729 ό
1652 2678 1794 2744 Θεὸς

215 2762 340 2830 μεθ’
363 2761 557 2830 ἡμῶν,
587 2760 679 2826 τίς
698 2761 826 2813 καθ’
846 2761 1016 2829 ἡμῶν
1040 2777 1058 2826 ;
1078 2764 1125 2814 εὶ
1155 2765 1316 2828 αὐτὸς
1335 2766 1362 2816 ὁ
1395 2769 1693 2837 περιέπων,
1714 2773 1798 2834 τίς

218 2856 244 2906 ὁ
271 2852 613 2907 ἀντιπίπτων
639 2869 654 2918 ;
682 2851 867 2916 Οὕτως
899 2855 994 2906 καὶ
1019 2854 1183 2909 τανῦν
1229 2858 1534 2929 προήχθην,
1566 2862 1794 2934 ἀδελφὴ,

1899 2041 1984 2087 est
2008 2047 2072 2086 ac
2111 2031 2452 2100 praclarum,
2498 2030 2778 2085 Christum
2809 2029 3143 2083 exliilarabis
3179 2028 3470 2082 immorta-

1901 2126 2005 2180 lem
2049 2126 2322 2196 Sponsum
2375 2134 2581 2189 tuum;
2627 2125 2909 2193 quoniam,
2943 2123 2987 2176 si
3041 2122 3295 2187 tristaris,
3343 2137 3475 2176 con-

1901 2219 2085 2272 tristas
2134 2215 2308 2279 illum,
2354 2225 2408 2268 ut
2449 2230 2547 2284 par
2575 2224 2663 2268 est
2713 2215 2955 2278 credere,
2993 2222 3252 2283 tanquam
3304 2213 3472 2266 alium

1899 2325 2008 2380 pra:
2035 2309 2127 2364 illo
2161 2323 2352 2362 amans
2393 2308 2716 2376 impensius.
2755 2306 2912 2362 Vides
2942 2321 3052 2376 quo
3095 2315 3146 2361 te
3178 2305 3268 2359 hic
3295 2318 3474 2360 sermo

1901 2400 2151 2471 perduxit
2197 2420 2210 2456 :
2248 2401 2392 2471 quod
2436 2415 2613 2470 ueque
2661 2400 2796 2455 orba
2847 2400 2944 2465 sis,
3012 2413 3114 2454 nec
3167 2399 3477 2467 inspectore

1900 2509 2112 2560 careas,
2163 2509 2264 2548 nec
2321 2502 2520 2547 tutore.
2556 2491 2616 2547 Si
2667 2495 2805 2545 enim
2839 2491 2976 2545 Deus
3019 2508 3115 2560 pro
3148 2493 3324 2557 nobis,
3356 2495 3474 2564 quis

1901 2598 2086 2641 contra
2118 2604 2212 2641 nos
2247 2587 2267 2618 ³
2296 2587 2319 2640 ?
2345 2587 2390 2642 si
2423 2587 2536 2656 ipse
2563 2601 2749 2641 curam
2791 2587 2947 2656 gerit,
2996 2587 3118 2654 quis
3157 2586 3475 2641 adversahi-

1903 2691 1992 2735 tur
2024 2683 2046 2733 ‘!
2081 2680 2171 2734 Sic
2206 2690 2258 2734 et
2290 2694 2454 2742 nunc,
2488 2694 2666 2742 soror,
2703 2679 2972 2734 adductus
3005 2694 3127 2732 sum
3174 2687 3233 2732 ut
3257 2688 3309 2734 te
3340 2682 3474 2733 hor-

1901 2783 2063 2825 tarer.
2092 2772 2172 2825 Tu
2220 2786 2347 2825 vero
2375 2780 2522 2824 recte
2566 2767 2762 2824 feceris
2791 2770 2835 2824 si
2878 2770 3072 2825 credas
3119 2769 3336 2826 indocto
3357 2774 3470 2826 seni

1898 2864 2224 2926 consulenti,
2256 2872 2313 2918 et
2337 2863 2430 2932 qui
2457 2862 2623 2917 rebus
2662 2862 2793 2929 tuis,
2830 2871 2992 2932 prout
3025 2864 3205 2927 debet,
3241 2865 3320 2920 sic
3361 2863 3472 2918 atii-

219 2944 597 3015 παρακαλέσαι
650 2961 729 2996 σε.
785 2945 933 3015 Αὐτὴ
986 2946 1043 2998 δὲ
1095 2943 1154 3000 εὖ
1227 2950 1539 3020 πράττουσα
1590 2956 1794 3011 πείθοιο

1902 2959 2040 3012 citur
2071 2965 2329 3024 tauquam
2351 2954 2608 3022 propriis.

219 3036 405 3106 ἀσόφφ
438 3035 675 3105 γέροντιν
707 3032 766 3090 εὖ
815 3037 1298 3106 συμδουλεύσαντι,
1342 3045 1435 3095 καὶ
1468 3046 1546 3114 τῷ
1569 3047 1682 3102 ὄντι
1736 3048 2162 3106 οίκειοπαθοῦντι
2206 3046 2597 3115 ὁφειλομένως,
2628 3047 2704 3110 ὼς
2750 3050 2945 3110 οἰκεῖα,
2972 3047 3042 3101 τὰ
3076 3051 3164 3104 σά.

321 3173 444 3226 ΣΙΕ¹
620 3203 692 3214 —
714 3173 979 3239 Μεθοδίῳ
1007 3173 1117 3245 (10)
1136 3174 1474 3242 portitor“.
1518 3179 1688 3256 [ωμ’.]

2174 3186 2377 3242 CCXV.
2420 3216 2484 3227 ——
2519 3185 2788 3239 Methodio
2818 3187 3068 3239 monacho
3104 3187 3188 3256 (').

1498 3301 1571 3349 De
1607 3301 1821 3355 diversis
1853 3305 2177 3368 argumentis.

316 3407 466 3474 Οσην
495 3403 609 3474 ἔχει
636 3400 928 3456 ἐπιποθίαν
958 3403 992 3472 ἡ
1021 3403 1273 3473 τιμιότης
1296 3420 1389 3456 σου
1419 3403 1547 3456 ἰδεῖν
1578 3406 1677 3477 τὴν
1701 3424 1796 3460 ταο

220 3499 480 3552 πείνωσιν
511 3496 691 3568 ἡμῶν,
716 3493 986 3564 τοσαύτην
1028 3496 1224 3548 οίέσθω
1261 3497 1358 3549 καὶ
1389 3497 1487 3567 τὴν
1521 3499 1796 3569 ἡμετέραν

220 3589 356 3644 εἷναι
384 3589 523 3659 πρὸς
550 3587 647 3657 τὴν
672 3586 790 3640 κατ’
817 3585 1129 3654 ὀφθαλμοὺς
1160 3585 1396 3655 ὁμιλίαν.
1437 3587 1576 3638 Ἀλλ’
1608 3589 1795 3659 ἐπειδὴ

221 3684 532 3752 γέγραπται
557 3694 570 3707 ·
603 3681 683 3731 Οὐ
713 3677 819 3730 τοῦ
847 3677 1128 3742 θέλοντος
1154 3677 1296 3730 οὐδὲ
1322 3677 1428 3730 τοῦ
1456 3677 1792 3747 τρέχοντος,

221 3775 383 3828 ἀλλὰ
405 3771 513 3825 τοῦ
537 3769 854 3834 ἐλεοῦντος
872 3769 1021 3822 Θεοῦ
1039 3785 1053 3800 ο
1086 3769 1233 3840 αὐτῷ
1260 3770 1548 3824 ἀναθετέον
1577 3772 1666 3824 τὸν
1701 3773 1797 3825 πό-

223 3865 441 3931 Θον,καὶ
464 3861 816 3933 ὲπιρῥιπτέον
835 3860 933 3930 τὴν
956 3859 1248 3930 μέριμναν,
1271 3861 1366 3914 καὶ
1381 3861 1540 3923 αὐτὸς
1556 3863 1790 3933 ποιήσει,

222 3959 460 4028 ὁπηνίκα
489 3957 554 4010 ἂν
584 3958 678 4009 καὶ
709 3952 984 4024 βούληται,
1016 3954 1245 4023 θέλημα
1273 3955 1392 4008 τῶν
1411 3956 1794 4025 φοϐουμένων

222 4053 428 4105 αὐτόν.
453 4049 526 4101 Τὸ
546 4047 603 4100 δὲ
625 4047 717 4099 νῦν
742 4045 887 4116 ἕχον,
909 4047 1203 4112 ἀναγκαῖον
1228 4064 1292 4098 πε
1302 4048 1356 4118 ρί
1377 4049 1484 4099 τῶν
1504 4049 1795 4117 προταθέν-

219 4160 323 4194 των
349 4139 665 4210 κεφαλαίων
689 4138 792 4191 ὑπὸ
822 4137 929 4190 τῶν
953 4137 1343 4206 πνευματικῶν
1371 4138 1526 4208 ἡμῶν
1552 4139 1794 4207 ἀδελφῶν

230 4235 539 4305 Ὶλαρίωνὸς
562 4250 622 4285 τε
651 4232 744 4284 καὶ
763 4229 1118 4298 Εὐστρατίου,
1142 4228 1546 4299 μεσολαδούσης
1570 4231 1668 4300 τῆς
1694 4229 1793 4301 σῆς

221 4327 527 4391 εὐλαϐείας,
542 4323 902 4393 ἀποκριθῆναι
920 4321 987 4374 τὰ
1005 4321 1205 4374 εἰκότα.
1232 4320 1319 4384 Ὠς
1338 4322 1402 4374 ἂν
1419 4322 1473 4373 δὲ
1489 4322 1793 4377 εὐσύνοπτα

220 4420 443 4490 γένηται
466 4418 536 4470 τὰ
572 4415 864 4484 λεγόμενα,
896 4415 1014 4477 ένὸς
1044 4414 1276 4466 ἑκάστου
1313 4412 1672 4483 προταθέντος
1702 4431 1792 4468 κε-

222 4512 448 4578 φαλαίου
485 4508 626 4561 κατὰ
657 4506 960 4575 συνέχειαν,
989 4506 1086 4558 καὶ
1115 4506 1459 4576 ήὰπόκρισις
1485 4502 1614 4559 εἷεν.

299 4599 613 4668 Ἐρώτησις
645 4596 724 4662 Αἶ.
752 4626 824 4637 -—-
853 4596 989 4664 Ilspl.
1017 4595 1125 4647 τῶν
1153 4597 1639 4667 χειροτονηθέντων
1662 4616 1793 4668 πρε-

1966 3409 2184 3475 Quanto
2211 3407 2405 3478 ﬂagrat
2432 3407 2752 3462 excellentia
2809 3416 2901 3461 tua
2933 3407 3206 3462 desiderio
3253 3407 3469 3465 videndi

1896 3501 2220 3557 tenuitatem
2245 3511 2486 3556 nostram
2517 3519 2530 3554 ἒ
2563 3509 2774 3554 tantum
2801 3510 2854 3553 et
2884 3508 3036 3570 putet
3058 3516 3180 3556 esse
3197 3509 3467 3569 nostrum,

1894 3604 1956 3648 ut
1987 3604 2166 3650 tecum
2201 3609 2386 3649 coram
2420 3591 2863 3662 congrediamur.
2897 3591 3002 3646 Sed
3035 3594 3162 3661 quia
3201 3593 3467 3662 scriptum

1897 3696 1980 3742 est
2007 3705 2018 3739 :
2051 3685 2173 3741 Non
2197 3687 2412 3741 volentis
2445 3701 2605 3755 neque
2638 3686 2920 3751 currentis,
2961 3686 3051 3739 sed
3079 3686 3370 3741 miaerentis
3390 3701 3468 3743 est

1895 3776 2064 3845 Dei‘;
2102 3780 2169 3835 ad
2210 3780 2390 3850 ipsum
2424 3777 2742 3833 referendus
2773 3788 2856 3831 est
2887 3778 3114 3832 allectus
3142 3817 3158 3843 ,
3199 3794 3261 3833 ac
3297 3780 3470 3849 proji-

1894 3871 2087 3926 cienda
2139 3871 2193 3925 in
2234 3885 2358 3925 eum
2420 3884 2554 3925 cura
2590 3886 2603 3924 :
2636 3878 2798 3938 atque
2835 3869 2970 3938 ipse,
3006 3885 3133 3924 cum
3185 3871 3416 3925 voluerit
3449 3913 3465 3938 ,

1907 3964 2244 4020 Voluntalem
2265 3966 2560 4019 timentium
2585 3981 2639 4018 se
2663 3965 2825 4032 faciet
2848 3965 2889 4017 '.
2928 3962 3082 4029 Quod
3107 3980 3235 4019 vero
3265 3967 3329 4020 ad
3363 3967 3468 4020 hoc

1898 4069 2111 4126 tempus
2137 4059 2353 4124 attinet,
2385 4060 2453 4112 de
2482 4058 2754 4126 capitibus
2786 4057 3077 4127 propositis
3105 4073 3135 4110 a
3163 4059 3466 4125 spirituali-

1894 4150 1996 4204 lius
2025 4149 2293 4205 fratribus
2321 4151 2528 4205 nostris
2563 4148 2844 4204 Hilarione
2883 4159 2936 4203 et
2961 4148 3262 4214 Eustratio,
3297 4150 3467 4204 inter-

1892 4244 2150 4297 veniente
2179 4245 2485 4297 reverentia
2521 4254 2635 4309 tua,
2683 4242 3051 4298 necessarium
3079 4251 3162 4297 est
3191 4259 3313 4314 qua:
3341 4258 3468 4298 con-

1892 4337 2163 4392 venientia
2190 4337 2519 4390 videbuntur
2549 4338 2898 4405 respondere.
2929 4333 3131 4390 Verum
3166 4346 3226 4391 ut
3251 4337 3465 4393 facilius

1891 4429 2095 4498 percipi
2133 4430 2346 4497 possint
2376 4445 2496 4496 quae
2526 4429 2800 4493 dicentur,
2851 4428 3148 4497 unicuique
3177 4430 3465 4498 propositae

1891 4522 2180 4591 qumstioni
2200 4521 2531 4588 conjunctim
2557 4537 2617 4575 su
2629 4523 2918 4591 bjungetur
2939 4523 3130 4577 ordine
3158 4524 3460 4592 responsio.

1962 4612 2323 4684 Interrogatio
2353 4614 2395 4667 I.
2419 4642 2491 4654 —
2517 4614 2595 4668 De
2629 4614 2962 4684 presbyteris
2980 4655 2996 4679 ,
3027 4617 3120 4685 qui
3147 4614 3332 4670 Romae
3369 4625 3464 4669 aut

225 4693 495 4761 σευτέρων
523 4692 582 4743 ὲν
611 4687 815 4759 Ῥώμῃ,
844 4688 901 4740 ὲν
928 4686 1218 4748 Νεαπόλει,
1253 4687 1343 4739 καὶ
1381 4688 1438 4739 ὲν
1477 4689 1787 4760 Λογγιεαρ-

1901 4705 2137 4776 Neapoli,
2173 4716 2227 4760 et
2271 4705 2325 4760 in
2357 4705 2734 4776 Longobardia
2772 4705 3007 4760 ordinati
3037 4705 3244 4777 absque
3285 4707 3460 4763 accla-

221 4785 328 4853 ὂία,
378 4781 729 4852 ἀκηρύκτων,
761 4775 1355 4848 καῖ’ἀπολελυμένωνο
1406 4782 1455 4833 εί
1511 4782 1616 4852 χρὴ
1667 4783 1792 4846 τοὺς

221 4876 492 4935 τοιούτους
534 4872 805 4942 δέχεσθαι,
836 4873 929 4925 καὶ
971 4873 1245 4925 κοινωνεῖν
1290 4871 1493 4939 αὐτοῖς,
1531 4874 1623 4925 καὶ
1665 4890 1791 4927 συν-

223 4969 443 5032 εσθίειν,
472 4966 568 5018 καὶ
591 4964 966 5034 συνεύχεσθαι.

303 5080 660 5146 Ἀπόκρισις.
684 5103 754 5115 -—
794 5074 884 5128 Ἐν
932 5074 1108 5145 καιρῷ
1158 5075 1419 5145 αἱρέσεως
1456 5076 1518 5128 οὐ
1550 5076 1690 5128 κατὰ
1721 5075 1789 5128 τὰ

226 5174 280 5223 ὲν
307 5173 498 5241 εἰρήνῃ
526 5166 845 5221 τυπωθέντα
876 5166 1091 5228 πάντως
1117 5166 1540 5236 ἁπαραλείπτως
1562 5169 1790 5234 γίνεται,

227 5264 309 5316 διὰ
355 5264 453 5333 τὴν
487 5260 901 5329 ἀναγκάζουσαν
945 5258 1151 5329 χρείαν.
1184 5262 1357 5330 Ὅπερ
1393 5260 1641 5326 φαίνεται
1687 5277 1786 5312 πε-

228 5354 467 5425 ποιηκὼς
494 5355 522 5406 ὃ
543 5369 602 5405 τε
626 5349 1039 5423 μακαριώτατος
1076 5349 1410 5413 Ἀθανάσιος,
1436 5351 1529 5402 καὶ
1557 5353 1585 5402 ὁ
1617 5350 1786 5416 ἁγιώ-

290 5469 310 5501 ²
332 5467 435 5522 Job
463 5483 501 5530 ι,
533 5467 618 5520 ‘21.
696 5465 715 5495 ³
739 5464 893 5518 Rom.
918 5478 1029 5529 vtu,
1066 5463 1154 5516 51.

1890 4800 2131 4852 matione
2161 4806 2310 4863 sunt,
2333 4797 2616 4853 etdimissi
2647 4815 2660 4851 :
2691 4809 2874 4853 utrum
2899 4813 2994 4854 eos
3023 4800 3265 4869 recipere
3299 4814 3460 4869 opor-

1890 4901 2019 4955 teat,
2056 4907 2179 4946 cum
2214 4891 2406 4961 eisque
2438 4893 2851 4947 communicare
2873 4933 2889 4960 ,
2919 4900 2975 4947 et
3006 4892 3189 4947 cibum
3221 4906 3457 4958 sumere,

1887 4993 1942 5038 et
1985 4999 2161 5040 orare.

1959 5077 2240 5144 Responso.
2275 5105 2346 5116 ——
2374 5074 2656 5132 Haereseos
2708 5087 2968 5145 tempore,
3016 5086 3232 5146 propter
3262 5092 3460 5147 cogen-

1891 5178 1998 5221 tem
2033 5169 2438 5234 necessitatem,
2477 5185 2583 5222 non
2626 5169 2785 5238 plane
2824 5169 2973 5222 omni
3009 5183 3075 5223 ex
3122 5177 3274 5238 parte
3326 5172 3463 5223 liunt

1896 5280 2016 5330 quae
2040 5264 2090 5315 in
2113 5278 2244 5330 pace
2272 5262 2481 5317 sancita
2513 5273 2660 5316 sunt.
2690 5261 2745 5315 ld
2775 5262 2920 5330 quod
2955 5260 3154 5317 fecisse
3183 5264 3459 5315 cernimus

1899 5364 2008 5406 tum
2051 5354 2430 5407 beatissimum
2464 5353 2821 5407 Athanasium
2851 5393 2866 5419 ,
2901 5362 3015 5408 tum
3051 5352 3456 5408 sanctissimum

1232 5461 1254 5492 ⁸
1285 5461 1442 5514 Rom.
1472 5478 1546 5524 ιι,
1590 5462 1674 5515 16.
1754 5465 1773 5494 ⁵
1805 5467 1945 5520 Psal.
1982 5483 2157 5528 cxuv,
2192 5467 2276 5520 19.

1708 5583 1939 5641 NOTAE.

296 5705 392 5773 (θ’)
418 5703 477 5773 In
510 5700 631 5755 cod.
665 5695 960 5773 Reg._atr,'.
992 5765 1024 5773 __
1053 5765 1084 5773 __
1152 5765 1183 5773 _
1284 5766 1293 5773 _
1365 5763 1376 5772 _

299 5764 406 5841 (ιθ)
436 5772 587 5825 Hanc
624 5764 921 5841 epistolam
943 5765 1110 5821 edidit
1144 5764 1628 5841 qute_lerius,_t.r_|‘ll
1664 5765 1780 5841 31οέ

233 5835 609 5897 ιιιιὶη.Ἐεείεε.
657 5835 872 5901 Graecas,
910 5853 974 5889 ex
1010 5842 1128 5890 cod.
1160 5837 1346 5903 Hegio,
1386 5852 1438 5887 ιι.
1471 5835 1625 5899 i770,
1681 5839 1782 5888 sub

801 5907 814 5922 Ὶ

237 5912 444 5962 nomine
473 5908 758 5975 Nicephori
777 5907 905 5968 Cl’.;
937 5917 989 5958 at
1006 5905 1287 5959 Theodoro
1309 5916 1494 5958 nostro
1514 5907 1784 5959 vindicant

1886 5703 2004 5755 cod.
2042 5704 2174 5772 Reg.
2210 5720 2264 5756 η.
2299 5703 2458 5765 1987,
2501 5719 2610 5773 quo
2640 5705 2722 5760 usi
2760 5714 2973 5759 sumus.
2999 5709 3051 5755 et
3080 5698 3279 5770 duplex
3309 5715 3457 5771 apo-

1891 5775 2151 5840 graphum
2194 5773 2493 5827 Sirmondi.

1963 5844 2036 5912 (Ἷ
2070 5843 2400 5914 Dogmatica.
