3966 6458
544 349 677 416 1647

1727 357 1788 416 S.
1825 354 2216 416 THEODORI
2254 355 2599 417 STUDIT/E

3654 361 3794 424 1648

541 469 842 529 Eusebium
883 487 898 524 :
940 469 1038 541 qui
1075 469 1237 525 ambo
1285 480 1596 526 exterorum
1633 472 2008 528 ordinationes
2048 472 2109 527 ie-

2223 489 2379 537 τατος
2424 473 2702 535 Εὑσέόιος,
2752 472 3076 544 ὑπερορίους
3118 471 3448 544 χειροτονίας
3488 477 3794 548 ἀμφότεροι

536 579 685 620 cere.
720 563 974 632 Idemque
1021 579 1169 618 nunc
1217 565 1270 618 in
1314 566 1569 634 praesenti
1603 565 1799 620 haeresi
1831 566 1946 621 ﬁeri
1985 582 2116 620 con-

536 656 791 726 5picitur.
855 652 1045 726 Itaque
1110 656 1416 727 presbyteri
1473 657 1785 724 memorati,
1834 657 1881 712 si
1935 657 2114 728 palam

535 746 780 803 damnati
816 762 920 800 non
947 747 1082 811 sint,
1111 763 1460 818 nequaquam
1491 748 1562 803 ob
1591 747 1862 818 ejusmodi
1893 749 2118 803 ordina-

549 839 756 894 tionem
786 839 1070 894 aversandi
1104 849 1252 904 sunt,
1307 842 1400 896 sed
1446 841 1770 896 admittendi
1815 842 2115 898 secundum

537 942 778 1003 quatuor
811 933 1240 1003 propositiones.

611 1025 972 1096 Interrogatio
1007 1024 1072 1081 ll.
1103 1054 1176 1066 --
1215 1025 1290 1081 De
1317 1027 1654 1097 presbyteris
1680 1035 1837 1083 extra
1894 1029 2119 1098 provin-

538 1119 676 1174 ciam
713 1119 764 1172 in
813 1117 1003 1175 Sicilia
1059 1119 1330 1174 ordinatis
1360 1139 1372 1176 :
1405 1130 1589 1175 utrum
1616 1122 1832 1176 admitti
1864 1122 2114 1176 debeant.

606 1295 917 1367 Responsio.
944 1330 1012 1339 —
1051 1297 1174 1354 Haec
1199 1299 1557 1370 interrogatio
1587 1301 1784 1357 similis
1819 1312 1902 1357 est
1951 1318 2117 1374 supe-

539 1388 694 1454 riori,
734 1391 861 1445 licet
902 1392 1112 1446 ratione
1161 1393 1268 1446 loci
1299 1393 1573 1463 discrepet
1605 1411 1618 1447 :
1668 1395 1901 1449 similem
1930 1396 2117 1466 itaque

540 1481 957 1549 responsionem
990 1483 1244 1552 accipiet.

613 1571 973 1645 Interrogatio
1011 1574 1097 1629 lli.
1149 1606 1220 1615 —
1276 1576 1353 1630 De
1386 1575 1646 1633 Ecclesiis
1677 1579 1978 1648 inquinatis
2020 1596 2115 1650 per

541 1667 853 1722 sacerdotes
883 1669 975 1737 qui
1031 1668 1227 1724 haeresi
1268 1671 1746 1726 cummunicarunt
1773 1711 1788 1735 .
1831 1687 1860 1725 a
1916 1673 2114 1741 quibus

539 1757 858 1812 detinentur
890 1775 904 1813 :
940 1766 1120 1813 utrum
1175 1761 1226 1813 in
1254 1775 1348 1815 eas
1383 1761 1648 1816 orationis
1679 1762 1764 1818 vel
1792 1764 2110 1833 psalmodiae

537 1865 703 1906 causa
727 1851 933 1920 ingredi
961 1861 1228 1920 oporteat.

607 1937 916 2008 Responsio.
947 1971 1017 1983 -—
1042 1940 1366 1996 Nullatenus
1413 1942 1464 1996 in
1497 1944 1813 2013 hujusmodi
1848 1945 2111 2001 ecclesias

539 2029 956 2099 ingrediendum
995 2037 1099 2094 est,
1128 2032 1287 2100 juxta
1317 2032 1511 2087 modos
1539 2043 1867 2088 memoratos
1894 2051 1908 2088 :
1939 2050 2113 2104 quan-

536 2120 828 2189 doquidem
891 2121 1155 2190 scriptum
1186 2129 1271 2175 est
1313 2139 1328 2177 :
1372 2119 1507 2176 Ecce
1557 2123 1878 2193 relinquetur
1926 2126 2111 2177 domus

535 2219 709 2263 vestra
740 2211 950 2265 deserta
973 2213 1012 2266 °.
1045 2210 1221 2266 Simul
1270 2211 1416 2266 enim
1471 2221 1632 2283 atque
1669 2214 1981 2271 introducta
2029 2225 2115 2268 est

539 2300 780 2364 haeresis,
813 2303 1082 2358 abscessit
1106 2305 1461 2374 angelusloci
1495 2322 1717 2376 praises,
1747 2307 1900 2376 juxta
1929 2311 2111 2378 magni

536 2390 726 2447 Basilii
759 2408 946 2448 vocem
974 2394 993 2424 "
1026 2411 1040 2448 :
1074 2409 1137 2449 ac
1174 2396 1430 2466 templum
1463 2398 1770 2467 ejusmodi,
1803 2401 2112 2456 communis

537 2492 593 2539 et
629 2483 856 2554 profana
903 2487 1101 2542 domus
1158 2487 1361 2543 factum
1423 2500 1555 2545 est:
1593 2490 1662 2544 Et
1711 2508 1813 2544 non
1859 2494 2109 2557 introibo,

538 2576 716 2646 inquit
738 2615 754 2641 ,
785 2578 840 2630 in
871 2577 1149 2632 ecclesiam
1179 2580 1590 2650 malignantiam
1610 2583 1652 2637 ⁸.
1684 2582 1748 2637 Ει
1777 2585 2108 2654 Apostolus:

539 2668 644 2734 Qui
677 2684 964 2724 consensus
1000 2670 1193 2740 templo
1226 2669 1322 2726 Dei
1352 2690 1470 2727 cum
1498 2674 1657 2728 idolis
1681 2675 1747 2730 ’i

609 2850 965 2921 Interrogatio
992 2849 1080 2905 ιν.
1114 2881 1170 2891 -
1220 2851 1295 2905 De
1348 2853 1594 2907 ecclesiis
1641 2868 1737 2922 per
1773 2855 1991 2908 eosdem
2023 2870 2112 2910 sa-

539 2944 791 2998 cerdotes
826 2943 1067 3011 pollutis,
1103 2943 1196 2998 sed
1219 2959 1341 3013 quae
1369 2943 1436 2998 ab
1461 2943 1594 3014 ipsis
1625 2960 1731 2999 non
1765 2943 2110 2999 detinentur:

540 3051 672 3090 num
708 3035 761 3089 in
794 3034 904 3090 illis
933 3036 1170 3105 psallere
1205 3046 1257 3091 et
1298 3051 1460 3092 orare
1488 3045 1757 3105 oporteat.

611 3209 920 3282 Responsio.
937 3240 1008 3251 -—
1022 3211 1248 3281 Oportet
1279 3226 1410 3265 sane
1437 3211 1490 3264 in
1515 3225 1607 3265 eas
1627 3209 1884 3265 ecclesias
1910 3209 2111 3264 intrare

538 3306 606 3360 ad
635 3305 975 3375 psallendum
1003 3313 1058 3358 et
1102 3305 1391 3367 orandum,
1431 3303 1477 3357 si
1516 3303 1677 3356 modo
1708 3302 1812 3356 illae
1856 3317 1963 3355 non
1995 3318 2111 3355 am-

539 3401 685 3469 plius
719 3397 1039 3469 polluuntur
1069 3397 1138 3451 ab
1176 3397 1464 3462 haereticis,
1489 3395 1583 3451 sed
1614 3397 1683 3450 ab
1713 3395 2033 3450 orthodoxis
2056 3396 2107 3449 in

540 3499 858 3562 perpetuum
923 3490 1257 3544 detinentur.
1338 3488 1712 3544 Constitutum
1774 3498 1956 3542 autem
2019 3486 2108 3543 hic

540 3591 647 3649 est,
674 3592 737 3638 ut
768 3583 836 3636 ab
863 3582 1123 3650 episcopo
1154 3581 1237 3635 vel
1257 3580 1537 3635 sacerdote
1553 3595 1699 3635 sana:
1722 3579 1868 3644 iidei,
1903 3580 2106 3634 solem-

540 3675 626 3731 nis
658 3674 866 3744 apcrtio
897 3673 1176 3736 ecclesize,
1217 3672 1459 3727 exhibita
1508 3687 1702 3742 prece,
1759 3672 1874 3726 ﬁat.
1922 3670 2108 3741 Itaque

539 3768 588 3823 si
628 3767 733 3821 hoc
763 3766 874 3830 ﬂat,
905 3775 960 3820 et
983 3780 1202 3819 sacrum
1243 3764 1319 3818 ibi
1366 3763 1631 3820 celebrari
1682 3779 1788 3819 non
1812 3763 1918 3817 erit
1944 3764 2106 3819 abso-

540 3874 693 3914 num.
730 3855 990 3925 Exemplo
1022 3855 1094 3910 sit
1133 3866 1353 3911 sanctus
1381 3855 1715 3910 Athanasius
1740 3897 1755 3921 ,
1792 3856 1920 3926 qui,
1981 3871 2104 3911 cum

540 3952 838 4020 imperator
889 3948 1238 4003 Constantius
1285 3949 1461 4017 ipsum
1508 3948 1817 4002 hortaretur
1873 3955 1935 4003 ut
1967 3947 2107 4004 hanc

539 4058 704 4097 unam
738 4040 968 4110 gratiam
998 4039 1341 4102 concederet,
1382 4039 1624 4093 tradendi
1661 4039 2106 4094 scilicetArianis

537 4132 680 4202 apud
699 4128 1083 4185 Alexandriam
1115 4128 1376 4198 templum
1399 4144 1564 4183 unum
1597 4128 1688 4183 ubi
1718 4129 2101 4187 convenirent;

538 4224 756 4283 annuit,
801 4221 964 4275 modo
999 4221 1114 4289 ipse
1162 4234 1380 4290 quoque
1414 4221 1643 4288 gratiam
1678 4219 1923 4275 eamdem
1961 4219 2107 4274 Con-

540 4315 892 4384 stantinOpoli
927 4324 1394 4383 consequeretur,
1458 4323 1518 4367 ut
1572 4328 1767 4382 nempe
1818 4311 2103 4366 orthodoxi

537 4408 895 4462 convenirent
922 4406 976 4460 in
1015 4407 1277 4476 templum
1322 4420 1511 4467 unum,
1546 4405 1614 4460 ab
1660 4404 1875 4460 Arianis
1913 4405 2097 4457 deten-

537 4511 674 4553 tum.

611 4589 965 4660 Interrogatio
996 4589 1061 4645 V.
1114 4620 1183 4630 —
1219 4591 1292 4644 De
1330 4590 1532 4644 sanctis
1578 4587 1672 4657 qui
1725 4588 1778 4642 in
1827 4602 2052 4657 corpore
2091 4603 2103 4637 :

539 4690 722 4737 utrum
776 4682 985 4752 ingredi
1017 4690 1262 4750 oporteat
1287 4680 1341 4733 in
1371 4695 1559 4734 eorum
1593 4681 1905 4734 cmmeteria
1933 4721 1948 4745 ,
2006 4679 2107 4732 ibi-

539 4783 647 4839 que
676 4783 835 4822 orare
872 4779 927 4823 et
965 4768 1219 4834 adorare,
1246 4769 1375 4823 dum
1407 4785 1468 4822 ea
1500 4785 1529 4822 a
1569 4769 1789 4838 pollutis
1812 4770 2106 4825 sacerdoti-

540 4859 643 4914 bus
677 4867 950 4913 tenentur.

610 5033 915 5102 Responsio.
946 5063 1016 5074 —
1039 5033 1159 5089 Non
1186 5035 1451 5104 permittit
1476 5049 1674 5100 canon,
1708 5037 2008 5091 secundum
2039 5053 2100 5092 ea

539 5140 660 5195 quae
689 5127 839 5194 prius
868 5124 1141 5179 declarata
1167 5134 1317 5187 sunt,
1356 5127 1409 5179 in
1440 5142 1631 5180 eorum
1665 5130 1975 5182 cmmeteria
2018 5130 2099 5181 in-

540 5217 727 5272 troire.
776 5216 1048 5285 Scriptum
1081 5227 1163 5270 est
1194 5219 1337 5271 enim
1376 5236 1389 5271 :
1433 5216 1500 5270 Ut
1546 5219 1670 5287 quid
1726 5219 1940 5273 libertas
1985 5236 2099 5274 mea

533 5306 808 5373 jadicatur
840 5305 903 5357 ab
932 5307 1104 5359 aliena
1130 5308 1451 5360 conscientia
1481 5307 1563 5359 ‘°?
1597 5308 1699 5362 nisi
1740 5308 1876 5363 forte
1904 5326 1964 5363 ex
2003 5327 2100 5365 ne-

540 5398 794 5451 cessitate
818 5437 833 5460 ,
887 5399 1259 5452 tantummodo
1292 5400 1358 5451 ad
1407 5401 1740 5454 venerandus
1777 5402 1948 5455 sancti
1976 5403 2102 5456 reli-

539 5489 714 5557 quias,
753 5488 844 5539 ﬁat
872 5487 1168 5556 ingressus.

611 5577 964 5650 Interrogatio
1007 5580 1090 5634 Vl.
1129 5614 1189 5623 —
1231 5583 1302 5636 De
1355 5581 1423 5637 iis
1469 5584 1563 5654 qui
1610 5584 1858 5640 habitum
1899 5601 2100 5641 mona-

612 5778 634 5810 ⁶
665 5777 850 5832 Matth.
883 5795 1039 5842 xxiii,
1075 5781 1165 5834 ‘58.
1244 5782 1261 5813 ⁷
1302 5781 1474 5849 Epist.
1511 5781 1631 5836 191.
1709 5782 1730 5814 ⁸
1771 5782 1915 5840 Psal.
1953 5800 2077 5848 xxv,
2115 5785 2165 5838 5.

2219 567 2604 636 ποιησάμενοι.
2634 565 2741 618 Καὶ
2763 564 2857 619 νῦν
2880 565 2937 618 δὲ
2963 565 3024 618 τὸ
3055 566 3186 618 αὐτὸ
3205 568 3395 636 ὁρᾶται
3416 569 3794 639 πραττόμενον

2215 658 2275 709 ὲν
2316 659 2382 728 τῇ
2422 654 2672 727 παρούσῃ
2703 655 2932 725 αἱρέσει.
2965 654 3128 708 Ὥστε
3157 656 3208 707 οἱ
3249 655 3704 724 ὑποδηλωθέντες.
3744 660 3792 712 εἰ

2215 746 2277 799 οὐ
2313 745 2594 817 προδήλως
2636 745 2740 799 εἰσὶ
2780 746 3239 816 κατεγνωσμένοι,
3283 745 3532 816 οὐδαμῶς
3583 750 3650 802 ὲκ
3695 749 3793 802 τοῦ

2216 839 2390 902 οὕτως
2416 837 2857 909 χειροτονηθῆναι
2881 837 3263 908 άποτρόπαιοι,
3285 837 3420 890 ἀλλὰ
3441 837 3792 906 προσδεκτέοι

2217 931 2361 984 κατὰ
2389 930 2662 998 τέσσαρας
2691 929 3006 1001 προτάσεις.

2299 1021 2616 1091 Ἐρώτησις
2642 1021 2717 1074 B'.
2740 1050 2810 1060 —
2837 1022 2976 1091 Περὶ
3008 1021 3114 1074 τῶν
3143 1019 3628 1091 χειροτονηθέντων
3659 1037 3791 1089 πρε-

2219 1113 2492 1184 σϐυτέρων
2527 1113 2792 1184 ὑπερόρια
2828 1115 2886 1166 ὲν
2915 1112 3164 1184 Σικελίᾳ·
3215 1114 3264 1165 εἰ
3296 1114 3402 1182 χρὴ
3437 1113 3663 1175 τούτους
3706 1112 3794 1164 δέ-

2216 1203 2425 1274 χεσθαι.
2855 1225 2859 1229 '

2295 1295 2648 1364 Ἀπόκρισις.
2665 1324 2733 1335 —-
2750 1294 2921 1347 Τοῦτο
2947 1294 3008 1347 τὸ
3035 1292 3294 1364 ἐρώτημα
3321 1295 3507 1363 ὅμοιον
3530 1293 3627 1346 τοῦ
3655 1311 3791 1364 προ.

2213 1386 2481 1449 τεθέντος,
2534 1389 2582 1440 εἰ
2645 1389 2740 1440 καὶ
2809 1387 2929 1440 καθ’
3019 1387 3209 1455 ὕφεσιν
3277 1387 3445 1439 τόπου
3512 1386 3789 1458 ἀνόμοιον.

2227 1477 2449 1546 Ὀμοὶαν
2475 1477 2714 1547 δηλονότι
2736 1475 2846 1541 ἕξει
2876 1479 2971 1530 καὶ
2994 1477 3090 1548 τὴν
3117 1479 3431 1548 ἀπόκρισιν.

2295 1566 2610 1634 Ἐρώτησις
2640 1564 2716 1620 Γ¹.
2750 1597 2816 1606 -
2847 1569 2982 1638 Περὶ
3025 1567 3134 1620 τῶν
3175 1570 3544 1625 κοινωθέντων
3589 1571 3792 1641 ἔκκλη-

2214 1657 2344 1710 σιῶν
2379 1660 2442 1711 ἐκ
2469 1659 2577 1710 τῶν
2612 1659 2806 1728 ἱερέων
2831 1660 2939 1711 τῶν
2971 1661 3416 1731 κοινωνησάντων
3449 1666 3513 1731 τῇ
3547 1664 3789 1732 αἱρέσει,

2212 1749 2306 1802 καὶ
2331 1749 2709 1818 κατεχομένων
2732 1751 2820 1801 ὑπ’
2839 1751 3016 1803 αὐτῶν
3037 1769 3051 1782 ·
3080 1752 3130 1804 εἰ
3152 1753 3256 1824 χρὴ
3278 1754 3333 1806 έν
3356 1754 3545 1817 αὐταῖς
3563 1756 3790 1808 εἰσιέναι

2211 1841 2371 1911 χάριν
2395 1839 2561 1911 εὐχῆς
2587 1841 2681 1895 καὶ
2706 1840 3043 1911 ψαλμῳδίας.

2293 1935 2651 2002 Ἀπόκρισις.
2679 1966 2745 1975 -
2771 1935 2846 1987 Οὐ
2878 1936 2984 2006 χρὴ
3016 1934 3077 1987 τὸ
3107 1935 3336 1990 καθόλου
3365 1939 3446 2002 εἰς
3468 1939 3571 2000 τὰς
3600 1941 3791 1993 τοιαύ-

2209 2043 2309 2089 τας
2337 2025 2633 2096 ἐκκλησίας
2667 2026 2913 2090 εἰσιέναι,
2956 2027 3098 2080 me
3136 2029 3264 2092 τοὺς
3302 2032 3633 2100 εἰρημένους
3664 2033 3790 2104 τρό-

2213 2133 2380 2180 πους·
2439 2118 2625 2188 ἐπειδὴ
2663 2118 2994 2187 γέγραπται’
3062 2117 3205 2173 Ἰδοὺ
3264 2121 3499 2190 ἀφίεται
3549 2126 3586 2178 ὁ
3628 2121 3793 2191 οἰκος

2211 2209 2378 2278 ὑμῶν
2402 2209 2641 2277 ἕρημος.
2665 2211 2820 2280 Ἀμα
2844 2212 2952 2283 γὰρ
2982 2211 3058 2280 τῷ
3085 2212 3406 2283 εἰσαχθῆναι
3425 2215 3526 2284 τὴν
3551 2217 3788 2286 αἵρεσιν,

2212 2298 2430 2368 ἁπέπτη
2457 2300 2485 2351 ὁ
2515 2297 2707 2369 ἔφορος
2738 2299 2847 2352 τῶν
2873 2301 3052 2354 ἐκεῖσε
3086 2301 3337 2370 ἄγγελος,
3375 2305 3518 2358 κατὰ
3551 2307 3654 2375 τὴν
3681 2325 3793 2375 φωρ

2212 2389 2309 2460 νὴν
2363 2389 2461 2442 τοῦ
2515 2390 2752 2460 μεγάλου
2802 2392 3117 2445 Βασιλεὶουο
3171 2395 3267 2448 καὶ
3311 2397 3489 2458 κοινὸς
3554 2394 3702 2463 οϊκος
3757 2400 3791 2452 ὁ

2211 2480 2416 2534 τοιόσδε
2450 2479 2780 2551 χρηματίζει
2811 2484 2957 2544 ναός.
3004 2485 3111 2538 Καὶ
3150 2489 3222 2538 οὐ
3261 2487 3347 2554 μὴ
3383 2487 3661 2552 εἰσέλθω,
3689 2507 3794 2558 φη-

2213 2572 2317 2633 σὶν,
2347 2573 2433 2636 εἰς
2469 2571 2838 2639 Ἐκκλησίαν
2870 2574 3384 2642 πονηρευομένων.
3417 2579 3529 2631 Καὶ
3558 2580 3588 2630 ὀ
3631 2579 3794 2632 Ἀπό-

2215 2661 2429 2725 στολος’
2467 2665 2560 2730 Τίς
2602 2664 3046 2735 συγκατάθεσις
3080 2666 3205 2732 ναῷ
3246 2668 3394 2722 Θεοῦ
3438 2669 3592 2738 μετὰ
3629 2671 3791 2725 εἰδώ-

2217 2755 2388 2816 Juv;

2296 2844 2618 2913 Ἐρώτησις
2646 2850 2721 2901 Δ’.
2747 2878 2815 2889 --
2838 2850 2973 2920 Περὶ
2999 2849 3106 2902 τῶν
3135 2849 3244 2902 τῶν
3267 2851 3641 2906 κοινωθέντων
3697 2856 3790 2908 ὲκ-

2213 2937 2451 3007 κλησιῶν
2476 2939 2580 2992 ὑπὸ
2605 2940 2714 2993 τῶν
2743 2941 2920 2995 αὐτῶν
2944 2942 3153 3012 ἱερέων,
3178 2943 3272 2996 καὶ
3301 2944 3374 3013 μὴ
3402 2946 3789 3016 κατεχομένων

2213 3028 2305 3081 ὑπ’
2342 3029 2549 3082 αὐτῶν·
2575 3033 2623 3084 εἰ
2653 3031 2758 3102 χρὴ
2787 3034 2846 3086 ὲν
2873 3035 2990 3097 ταῖς
3013 3033 3288 3100 τοιαύταις
3316 3034 3542 3104 ψάλλειν
3572 3038 3669 3092 καὶ
3697 3036 3790 3091 εῦ-

2214 3120 2425 3190 χεσθαι.

2297 3211 2650 3279 Ἀπόκρισις.
2685 3245 2755 3255 —
2795 3214 2916 3286 Χρὴ
2980 3217 3076 3286 μὲν
3125 3217 3218 3271 οὖν
3271 3219 3498 3272 εἰσιέναι
3558 3220 3619 3272 ὲν
3669 3222 3789 3283 ταῖς

2209 3303 2486 3367 τοιαύταις
2519 3303 2839 3375 ἐκκλησίαις
2884 3309 2964 3370 εἰς
2996 3309 3057 3361 τὸ
3084 3309 3304 3377 ψάλλειν
3355 3312 3444 3363 καὶ
3491 3311 3785 3382 εἱδχεσθαι⁸

2210 3393 2324 3446 ἀλλ’
2370 3396 2530 3465 εῐπερ
2588 3396 2843 3464 ἀσφαλῶς
2892 3398 3091 3468 μηκέτι
3146 3399 3463 3470 χραίνονται
3523 3404 3630 3456 ὑπὸ
3677 3405 3790 3458 τῶν

2208 3488 2507 3560 ὀρθοδόξων
2556 3491 2637 3552 εἱς
2682 3490 2744 3544 τὸ
2773 3491 2880 3544 ἀεί.
2914 3492 3232 3547 Τετύπωται
3278 3493 3333 3547 δὲ
3383 3495 3646 3559 ἐνταῦθα,
3681 3497 3790 3550 ὑπὸ

2210 3580 2554 3650 σεσωσμένου
2584 3579 2907 3648 ὲπισκόπού,
2937 3585 2968 3655 ἢ
3000 3585 3187 3654 ἱερέως
3216 3586 3283 3638 τὰ
3306 3586 3515 3651 άνοὶξια
3559 3589 3664 3657 τῆς
3687 3591 3784 3641 έκ-

2209 3672 2439 3741 κλησίας
2470 3674 2741 3741 γίνεσθαι,
2785 3676 3245 3747 ύποφωνουμένης
3291 3680 3476 3750 εὐχῆς.
3519 3680 3686 3733 Ὥστε
3736 3682 3785 3735 εἰ

2205 3763 2362 3817 τοῦτο
2391 3765 2621 3832 γένοιτο,
2647 3767 2742 3819 καὶ
2769 3767 2832 3819 τὸ
2859 3767 3190 3836 λειτουργεῖν
3220 3773 3397 3823 ἐκεῖσε
3424 3772 3523 3825 οὐκ
3549 3773 3780 3843 ἀπᾷδον.

2206 3856 2583 3926 Παράδειγμα,
2611 3858 2671 3911 τὸ
2699 3859 2789 3912 τὸν
2820 3858 2973 3928 ἅγιον
3009 3860 3322 3913 Ἀθανάσιον
3349 3862 3455 3914 ὑπὸ
3482 3864 3783 3917 Κώνσταν-

2205 3949 2320 4002 τίου
2353 3949 2443 4002 τοῦ
2481 3951 2742 4019 βασιλέως
2763 3951 3247 4022 παρακαλούμενον
3281 3953 3410 4020 μίαν
3443 3952 3651 4025 ταύτην
3681 3955 3784 4023 χά-

2210 4057 2292 4111 ριν
2351 4041 2748 4112 παρασχέσθαι,
2801 4042 2895 4095 τοῦ
2945 4044 3002 4094 ὲν
3062 4043 3438 4113 ’Δλεξανδρείᾳ
3491 4045 3589 4097 ἕνα
3651 4047 3783 4100 ναὸν

2205 4131 2538 4202 παραδοῦναι
2563 4136 2669 4196 τοῖς
2701 4135 2995 4204 Ἀρειανοῖς
3021 4135 3100 4197 εἰς
3129 4133 3190 4186 τὸ
3225 4135 3573 4202 συνάγεσθαι,
3603 4153 3779 4190 κατα-

2204 4221 2413 4285 νεῦσαι,
2437 4221 2610 4292 ἄνπερ
2641 4224 2698 4274 ὲν
2729 4223 3294 4276 Κωνσταντινουπόλει
3325 4223 3548 4292 λήψοιτο
3578 4225 3780 4289 καύτὸς

2203 4314 2301 4383 τὴν
2331 4312 2500 4381 αὐτὴν
2530 4313 2707 4383 χάριν,
2741 4312 2835 4366 τού
2866 4313 3193 4381 συνάγεσθαι
3227 4314 3352 4377 τοὺς
3372 4315 3687 4386 ὀρθοδόξους
3718 4318 3780 4370 έν

2206 4404 2287 4457 ἑνὶ
2306 4399 2420 4473 ναῷ
2451 4402 2799 4474 κατεχομένῳ
2825 4403 2929 4456 ὑπὸ
2966 4403 3278 4477 Ἀρειανῶν.

2290 4582 2603 4650 Ἐρώτησις
2644 4580 2720 4636 E'.
2752 4612 2821 4621 —-
2858 4583 2991 4653 Περί
3020 4583 3127 4636 τῶν
3157 4585 3212 4635 ἐν
3251 4584 3460 4654 σώματι
3488 4587 3693 4653 άγίωνο
3724 4591 3777 4642 εἰ

2207 4668 2312 4737 χρὴ
2339 4669 2560 4722 εἰσιέναι
2591 4669 2670 4732 εἰς
2692 4669 2759 4721 τά
2786 4672 3117 4742 κοιμητήρια
3149 4671 3350 4732 αὐτῶν,
3375 4674 3467 4726 καί
3489 4674 3774 4744 εὖχεσθαι,

2206 4762 2301 4815 καὶ
2332 4764 2655 4832 προσκυνεῖν
2686 4763 2868 4825 αὐτοῖς
2899 4766 3276 4834 κατεχομένων
3321 4763 3418 4835 [αἱ.
3467 4772 3778 4838 κατεχομέ-

2206 4872 2353 4920 νοις,
2397 4855 2469 4909 al.
2528 4854 2980 4927 καταδεχόμενον]
3017 4856 3120 4908 ύπὸ
3159 4856 3265 4909 τῶν
3312 4857 3647 4926 μιανθέντων
3700 4863 3778 4916 ἱε-

2209 4948 2366 5018 ρέων.

2290 5037 2642 5105 Ἀπόκρισις.
2674 5065 2742 5076 ο·-
2776 5038 2851 5090 Ob
2898 5040 3219 5107 παραχωρεῖ
3267 5038 3464 5108 κανὼν,
3513 5043 3662 5097 κατὰ
3706 5046 3776 5098 τὰ

2207 5127 2635 5196 προδηλωθέντα,
2680 5129 2903 5180 εἰσιέναι
2950 5130 3030 5190 εἰς
3069 5132 3136 5183 τά
3162 5130 3385 5186 τοιαῦτα
3414 5137 3772 5208 κοιμητήρια.

2206 5221 2518 5289 Γέγραπται
2541 5221 2647 5291 γάρ
2673 5237 2686 5249 ⁸
2725 5221 2848 5273 Ἵνα
2875 5219 2932 5272 τί
2958 5218 2996 5286 ἠ
3026 5218 3333 5289 ἐλευθερία
3357 5241 3477 5293 μου
3506 5228 3775 5294 κρίνεται

2205 5311 2325 5366 ὑπὸ
2356 5311 2549 5378 ἄλλης
2575 5310 3022 5377 συνειδήσεως;
3055 5312 3102 5363 εξ
3129 5313 3202 5382 μή
3241 5331 3293 5366 τι
3323 5315 3389 5368 ἂν
3418 5315 3476 5381 ἐξ
3501 5317 3772 5389 ἀνάγκης,

2209 5403 2349 5454 κατὰ
2379 5402 2533 5470 μόνον
2567 5402 2626 5455 τὸ
2664 5401 3011 5456 ἀσπάσασθαι
3047 5403 3106 5454 τὸ
3134 5404 3227 5456 τοῦ
3251 5407 3406 5474 ἁγίου
3431 5408 3706 5479 λείψανον,
3741 5416 3773 5482 ἡ

2207 5495 2408 5555 εἴσοδος
2435 5496 2659 5560 γένοιτο.

2293 5587 2609 5653 Ἐρώτησις
2645 5590 2732 5654 ς’.
2764 5618 2830 5627 -
2854 5590 2987 5661 Περί
3017 5591 3125 5642 τῶν
3147 5590 3419 5645 λαϐόντων
3446 5591 3506 5645 τὸ
3544 5611 3778 5668 μοναχι·

2245 5785 2263 5816 ³
2313 5785 2354 5837 ll
2384 5784 2506 5838 Cor.
2549 5801 2620 5848 vr,
2652 5786 2735 5838 16.
2815 5787 2856 5818 ¹⁰
2893 5786 2909 5837 l
2941 5787 3063 5843 Cor.
3103 5806 3154 5854 ς,
3186 5789 3274 5845 29.
