3966 6480
249 452 391 518 1649

1445 443 1983 505 EPISTOLARUM
2043 443 2189 503 LIB.
2259 443 2341 503 II.

3366 451 3505 516 1650

247 566 346 619 κδν
401 563 586 633 σχῆμα
639 562 705 614 ἐκ
744 560 855 616 τῶν
895 559 1260 614 κοινωθέντων
1297 557 1486 629 ἱερέων
1511 575 1525 588 ·
1557 555 1676 620 πῶς
1716 555 1818 627 χρὴ

1938 555 2122 610 sticum
2173 572 2202 610 a
2261 556 2659 614 contaminatis
2697 560 3075 616 sacerdotibus
3130 573 3502 633 acceperunt:

244 655 475 718 τούτους
500 654 770 724 δέχεσθαι.

328 745 694 813 Ἀπόκρισις.
723 776 792 786 -—
828 742 1262 816 Ὀμολογούντας
1299 736 1696 812 ἡμαρτηκέναι,
1726 740 1823 794 καὶ

241 838 682 908 ἐπιτιμηθέντας
734 837 911 908 χρόνῳ
964 839 1093 902 τινὶ,
1155 831 1257 889 εἷθ’
1312 833 1487 898 οὕτως
1548 833 1823 904 σφραγῖδα

241 931 571 1000 δεχομένους
612 930 1114 1002 παρασεσωσμένου
1153 926 1550 1000 πρεσϐυτέρου,
1590 927 1812 997 προσδε-

240 1021 429 1075 κτέον.

325 1111 653 1180 Ἐρώτησις
683 1111 759 1167 Ζ’.
787 1141 858 1152 -
902 1111 1041 1187 Περὶ
1081 1112 1192 1167 τῶν
1247 1111 1682 1184 ύπογραψάντων
1728 1109 1822 1163 καὶ

239 1205 692 1273 κοινωνησάντων
747 1203 996 1274 μοναχῶν
1049 1204 1143 1257 καὶ
1190 1204 1466 1276 κληρικῶν
1507 1206 1563 1256 ὲν
1603 1205 1669 1274 τῇ
1728 1191 1822 1254 αύέ-

238 1298 306 1365 τῇ
341 1296 559 1365 αἱρέσει
583 1312 599 1326 ·
651 1295 768 1360 πῶς
801 1296 907 1367 χρὴ
934 1292 1156 1361 τούτους
1184 1296 1430 1366 δέχεσθαι
1453 1313 1466 1327 ·
1509 1296 1677 1368 χωρὶς
1704 1295 1822 1347 ὲπι-

239 1388 456 1457 τιμίου,
519 1387 551 1457 ἢ
590 1388 728 1458 μετά
764 1387 1083 1458 ἐπιτιμίουο
1127 1389 1222 1442 ἐὰν
1270 1388 1574 1458 ὁμολογῶσι
1626 1385 1823 1457 μηκέτι

238 1479 495 1550 ἐνεργεῖν
527 1479 586 1532 ὲν
612 1482 680 1551 τῇ
705 1480 950 1553 ἱερατείο.
969 1497 984 1510 '
1016 1482 1111 1534 καὶ
1135 1483 1182 1535 εἰ
1209 1481 1421 1549 ἔξεστιν
1446 1482 1599 1552 ἡμῖν,
1623 1479 1822 1533 διδόναι

240 1570 505 1640 ἐπιτίμια
530 1572 642 1634 τοῖς
666 1573 952 1634 τοιούτοις.

326 1661 690 1730 Ἀπόκρισις.
725 1692 794 1703 —
823 1663 997 1732 Άῆλον
1023 1661 1104 1715 ὅτι
1143 1663 1281 1732 μετά
1300 1663 1411 1715 τῶν
1439 1663 1823 1734 προσηκόντων

236 1755 558 1825 ἐπιτιμίων.
592 1755 716 1819 Πῶς
751 1755 861 1826 γὰρ
889 1755 953 1809 ἂν
983 1756 1056 1826 μὴ
1085 1755 1211 1819 τοὺς
1243 1755 1490 1826 καρποὺς
1521 1754 1622 1825 τῆς
1655 1772 1822 1825 μετα-

237 1848 388 1910 νοίας
416 1847 878 1918 ἐπιδεικνύμενοι,
905 1842 1012 1899 εἶεν
1039 1845 1177 1911 ἄξιοι
1205 1845 1549 1916 συναφΟῆναῐ
1570 1846 1646 1917 τῷ
1668 1847 1825 1917 ὀρθο-

1927 648 2206 716 quomodo
2238 648 2407 716 recipi
2435 647 2686 703 debeant.

1999 738 2312 808 Responsio.
2354 770 2421 780 —
2460 739 2518 796 Si
2553 741 2918 797 confiteantur
2949 758 3007 796 sc
3044 759 3323 813 peccasse,
3359 756 3415 801 et
3440 748 3508 802 ad

1927 831 2150 901 aliquod
2185 840 2396 901 tempus
2417 833 2804 903 paenitentiam
2824 835 3053 904 egerint,
3083 844 3250 905 atque
3270 838 3343 893 ita
3373 852 3506 894 con-

1927 924 2294 994 signationem
2324 923 2522 979 deinde
2549 926 2617 979 ab
2648 934 2812 981 rectae
2840 926 2964 980 ﬁdei
2995 926 3314 997 presbytero
3353 942 3509 985 acce-

1925 1014 2125 1083 perint,
2163 1014 2485 1069 admittendi
2511 1025 2659 1069 sunt.

1996 1103 2354 1175 Interrogatio
2382 1105 2494 1160 VII.
2524 1134 2594 1145 —
2635 1103 2714 1159 De
2753 1104 3040 1159 monachis
3077 1113 3132 1159 et
3160 1105 3379 1161 clericis
3411 1109 3508 1178 qui

1924 1196 2104 1252 eidem
2146 1197 2343 1252 haeresi
2383 1197 2832 1266 subscripserunt
2880 1197 3505 1269 communicaruntque:

1926 1287 2206 1356 quomodo
2241 1287 2540 1357 recipiendi
2573 1287 2683 1342 sint
2714 1304 2729 1341 :
2762 1289 2881 1342 sine
2909 1288 3252 1357 paenitentia,
3283 1304 3352 1343 an
3381 1304 3508 1344 cum

1923 1379 2302 1449 poenitentia:
2346 1381 2392 1435 si
2451 1378 2686 1450 professi
2739 1379 2946 1433 fuerint
2998 1394 3058 1434 se
3106 1395 3216 1434 non
3271 1381 3508 1451 amplius

1924 1487 2081 1526 sacra
2112 1473 2300 1527 munia
2346 1473 2599 1528 obituros
2629 1491 2642 1527 :
2673 1478 2728 1526 et
2762 1487 2894 1526 num
2937 1472 3099 1528 liceat
3135 1473 3296 1528 nobis
3329 1475 3507 1544 poeni-

1925 1567 2126 1620 tentias
2159 1566 2363 1621 talibus
2397 1567 2698 1638 imponere.

1997 1655 2312 1728 Responsio.
2345 1689 2414 1699 —
2441 1660 2642 1732 Utique
2663 1679 2789 1719 cum
2814 1663 3150 1735 poenitentiis
3175 1661 3508 1719 convenien-

1925 1749 2108 1817 tibus;
2142 1765 2252 1820 quo
2297 1751 2441 1805 enim
2477 1753 2644 1809 modo
2666 1798 2680 1822 ,
2727 1757 2832 1811 nisi
2863 1757 3124 1811 exhibitis
3157 1753 3509 1826 ,pcenitentiaa

1926 1842 2217 1908 fructibus,
2234 1843 2381 1914 digni
2405 1845 2513 1899 sint
2532 1847 2624 1915 qui
2649 1848 2955 1904 orthodoxo
2978 1849 3193 1919 corpori
3210 1845 3509 1919 uniantur?

234 1907 383 2007 δὸξῳ⁷
431 1907 931 2010 σώματι;.διδόναι
977 1936 1033 1989 δὲ
1084 1907 1178 1990 καὶ
1221 1907 1367 2006 ἡμᾶς
1413 1907 1669 2006 ἐπιτίμια
1701 1907 1818 2000 ’τοῖς

1938 1933 2026 1988 llis
2061 1947 2245 1989 autem
2285 1945 2341 2005 et
2370 1951 2398 1991 a
2433 1938 2592 1992 nobis
2627 1941 2980 2009 poenitentias
3011 1941 3244 2012 iniungi,
3276 1955 3386 1994 non
3425 1947 3509 1995 est

235 2031 530 2096 τοιούτοις,
569 2031 670 2082 οὐκ
706 2029 1054 2097 ἀποκριτέον,
1085 2028 1401 2098 Γέγραπται
1432 2028 1560 2100 γὰρ,
1601 2027 1820 2097 Ἀλλή-

235 2127 365 2177 λων
386 2122 460 2176 τὰ
474 2120 639 2190 ,ϐάρη
655 2118 1002 2185 βαστάζετε,
1019 2122 1117 2174 καὶ
1141 2121 1212 2174 οὔ
1221 2138 1329 2187 τως
1349 2119 1823 2187 ἀναπληρώσατε

236 2216 347 2270 τὸν
379 2217 572 2285 νόμον
597 2215 705 2268 τοῦ
739 2215 1020 2283 Χριστοῦ.

324 2306 647 2375 Ἐρώτησις
677 2309 757 2361 H'.
790 2337 857 2348 -—-
883 2307 1018 2376 Περὶ
1045 2305 1154 2360 τῶν
1183 2304 1432 2375 μοναχῶν
1460 2304 1570 2358 τῶν
1599 2304 1823 2373 ἀδιαφό-

243 2409 354 2462 ρως
385 2393 846 2464 παραϐαλλόντων
875 2396 988 2456 τοῖς
1011 2393 1256 2464 τυχοῦσι,
1282 2395 1375 2447 καὶ
1407 2394 1822 2465 συνευχομένοις

241 2487 337 2538 καὶ
369 2485 744 2540 συνεσθίουσιν
769 2487 954 2550 αὐτοῖς
973 2500 989 2518 ⁸
1018 2488 1066 2539 εἰ
1099 2486 1203 2558 χρὴ
1232 2486 1479 2556 δέχεσθαι
1500 2487 1626 2550 τοὺς
1641 2483 1822 2540 τοιού-

240 2593 370 2638 τους
394 2576 478 2637 εἰς
510 2577 860 2629 συνεστίασιν
898 2577 992 2629 καὶ
1020 2577 1358 2646 ψαλμῳδίαν.

324 2665 696 2734 Ἀπόκρισις.
725 2697 792 2707 -
823 2667 928 2722 Τοῦ
965 2670 1018 2722 Ἀ
1031 2668 1286 2721 ποστόλου
1321 2668 1569 2736 λέγοντος
1592 2684 1607 2698 ο
1639 2668 1819 2723 Στέλ-

237 2761 456 2814 λεσθαι
483 2756 640 2828 ὑμᾶς
668 2759 790 2813 ἀπὸ
816 2759 1044 2826 παντὸς
1068 2760 1336 2828 ἀδελφοῦ
1370 2759 1636 2824 ἀτάκτως
1661 2775 1821 2826 περι-

237 2852 604 2919 πατοῦντος,
633 2853 729 2906 καὶ
753 2852 840 2922 μὴ
880 2854 1032 2908 κατὰ
1059 2853 1176 2921 τὴν
1202 2852 1540 2921 παράδοσιν
1566 2851 1646 2920 ἣν
1671 2865 1820 2920 παρ-

233 2945 462 3000 έλαϐον
496 2947 632 3013 παρ’
662 2947 860 3017 ἡμῶν·
891 2947 1009 3011 πῶς
1068 2948 1190 3018 οὐχὶ
1232 2947 1330 3001 καὶ
1377 2948 1469 3017 ἀφ’
1505 2948 1713 3002 ἑαυτῶν
1757 2947 1818 3000 τὸ

237 3039 406 3094 καλὸν
444 3041 697 3111 κρίνετε;
729 3043 778 3094 εἰ
811 3041 911 3112 μὲν
950 3037 1042 3095 οὖν
1071 3042 1395 3112 ἀπόσχοιντο
1427 3042 1524 3112 τῆς
1563 3041 1817 3112 ὲφαμάρ-

235 3151 333 3187 του
370 3133 684 3204 συνηθείας,
719 3134 1140 3204 καταδεχόμενοί
1169 3152 1229 3187 τε
1260 3137 1356 3188 καὶ
1397 3137 1678 3204 ἐπιτιμίαν
1718 3136 1817 3205 τὴν

238 3226 650 3296 προσήκουσαν,
680 3225 908 3279 δεκτέοι.
949 3225 1336 3297 Ἐπιτηρητέον
1384 3227 1439 3281 δὲ
1487 3227 1630 3291 τίνες
1676 3227 1814 3280 εἰσὶν

237 3316 330 3381 οὒς
384 3317 526 3386 φῆτε
584 3317 916 3384 τυχόντας·
970 3315 1081 3390 ἆρα
1129 3319 1416 3390 αἱρετικοὶ,
1457 3320 1490 3388 ἢ
1533 3319 1816 3390 προδήλως

239 3411 686 3479 κατεγνωσμένοι
714 3411 806 3463 ἐπὶ
833 3410 910 3480 τῷ
939 3411 1038 3481 βίῳ
1064 3429 1079 3475 ;
1117 3413 1242 3480 περὶ
1271 3412 1378 3464 τῶν
1403 3412 1658 3465 τοιούτων
1686 3413 1817 3483 γὰρ,

238 3505 407 3574 φησὶν
440 3505 469 3556 ὁ
509 3501 852 3567 Ἀπόστολος·
896 3504 1036 3557 Ἐάν
1058 3521 1146 3569 τις
1176 3504 1437 3574 ἀδελφὸς
1465 3507 1818 3576 ὀνομαζόμε-

237 3614 346 3660 ¹νος
384 3599 630 3664 πόρνος,
658 3596 696 3664 ἣ
732 3596 1126 3663 πλεονέκτης,
1156 3597 1192 3666 ἢ
1229 3598 1702 3667 εἰδωλολάτρης,
1725 3600 1820 3652 καὶ

236 3687 305 3738 τὰ
330 3686 460 3755 ἑξῆς
483 3701 500 3716 ο
536 3685 616 3750 τῷ
640 3687 889 3750 τοιούτῳ
906 3685 1063 3755 μηδὲ
1081 3685 1452 3742 συνεσθίειν.

323 3777 643 3847 Ἐρώτησις
689 3777 766 3832 6'.
802 3808 870 3817 ——
913 3780 1049 3849 Περὶ
1096 3781 1205 3832 τῶν
1255 3780 1660 3852 πρεσϐυτέρων,
1710 3783 1818 3835 τῶν

241 3870 602 3948 βεϐρωκότων
649 3870 790 3942 μετὰ
829 3871 937 3924 τῶν
971 3873 1259 3942 αἱρετικῶν
1288 3874 1432 3938 ἅπαξ
1462 3874 1556 3927 καὶ
1589 3875 1688 3938 δὶς,
1726 3875 1818 3927 καὶ

243 3962 319 4034 μὴ
347 3962 819 4033 κοινωνησάντων,
854 3963 887 4031 ἢ
923 3964 1379 4034 ύπογραῲὰνςων,
1407 3966 1440 4034 ἦ
1477 3966 1819 4036 συλλειτουρ-

239 4056 528 4124 γησάντων
551 4069 566 4083 ⁸
598 4055 647 4107 εἰ
685 4053 791 4127 χρὴ
831 4055 955 4117 τοὺς
988 4054 1264 4118 τοιούτους
1290 4057 1537 4126 δέχεσθαι
1578 4059 1656 4119 εἰς
1689 4075 1816 4108 συν-

240 4146 506 4212 εστίασιν,
549 4147 645 4200 καὶ
671 4145 1011 4216 ψαλμιρδίαν,
1054 4148 1220 4216 χωρὶς
1264 4148 1553 4216 σφραγῖδος
1599 4148 1630 4218 ἦ
1679 4147 1817 4217 μετά

241 4238 560 4306 σφραγῖδος.

323 4329 676 4397 Ἀπόκρισις.
701 4359 774 4370 —-
807 4330 931 4384 Ἐπὶ
956 4329 1063 4384 τῶν
1089 4329 1344 4383 τοιούτων
1375 4329 1658 4399 τηρητέον,
1692 4331 1737 4381 εἰ
1764 4332 1814 4383 οἱ

243 4421 586 4492 βεϐρωκότες
622 4423 788 4492 ἱερεῖς
831 4422 972 4490 μετὰ
1002 4424 1192 4492 ἱερέων
1233 4424 1525 4493 αἱρετικῶν
1554 4423 1586 4493 ἢ
1615 4423 1816 4477 λαῖκῶν

240 4512 465 4582 ἔφαγον,
504 4526 601 4567 και
625 4515 1070 4584 ὁμολογουμένων
1113 4515 1144 4583 ἢ
1180 4514 1648 4585 ὁρθοφρονούντων
1694 4517 1813 4584 μὲν,

1932 2026 2376 2096 improbandum.
2422 2027 2697 2099 Scriptum
2744 2032 2889 2085 enim
2939 2042 3023 2086 est
3056 2050 3069 2086 :
3100 2031 3247 2086 Alter
3285 2031 3507 2086 alterius

1931 2135 2090 2173 onera
2129 2128 2357 2187 portate,
2399 2129 2450 2173 et
2479 2121 2557 2173 sic
2587 2121 2872 2188 adimplete
2916 2122 3084 2192 legem
3117 2120 3312 2176 Christi
3342 2123 3406 2174 “.

2002 2302 2358 2375 Interrogatio
2388 2305 2525 2360 Vlll.
2562 2334 2632 2346 -—
2665 2307 2741 2362 De
2765 2307 3048 2362 monachis
3079 2306 3173 2378 qui
3199 2306 3509 2378 promiscue

1928 2410 2054 2450 cum
2093 2396 2269 2451 obviis
2305 2396 2642 2465 quibuslibet
2685 2397 3056 2462 conveniunt,
3095 2413 3313 2468 unaque
3349 2407 3509 2452 orant

1928 2501 1994 2542 ac
2016 2487 2200 2542 cibum
2234 2495 2462 2542 sumunt
2491 2503 2504 2540 :
2533 2495 2720 2540 utrum
2753 2487 2821 2541 ad
2854 2501 3199 2542 communem
3234 2487 3414 2543 cibum
3451 2498 3509 2543 et

1928 2579 2288 2650 psalmodiam
2327 2578 2537 2632 admitti
2569 2577 2824 2633 debeant.

2002 2667 2315 2738 Responsio.
2340 2696 2412 2707 —-
2440 2667 2577 2720 Cum
2621 2667 2919 2738 Apostolus
2961 2666 3108 2723 dicat
3139 2686 3154 2722 :
3191 2666 3259 2722 Ut
3288 2669 3505 2723 subtra-

1925 2762 2065 2814 hatis
2098 2777 2181 2815 vos
2213 2761 2278 2814 ab
2308 2761 2452 2814 omni
2482 2761 2651 2830 fratre
2677 2760 2984 2816 ambulante
3012 2761 3312 2816 inordinate
3331 2771 3380 2816 et
3401 2777 3507 2815 non

1925 2853 2210 2907 secundum
2240 2854 2580 2908 traditionem
2614 2870 2773 2924 quam
2820 2863 3132 2923 acceperunt
3172 2872 3204 2908 a
3241 2853 3390 2908 nobis
3417 2855 3502 2919 ης

1925 2947 2201 3014 quomodo
2245 2962 2353 3001 non
2383 2962 2450 3001 ex
2479 2947 2635 3002 vobis
2667 2946 2801 3016 ipsis
2831 2948 2976 3015 quod
3011 2947 3215 3001 bonum
3243 2957 3328 3002 est
3359 2946 3506 3016 judi-

1926 3038 2100 3091 catis?
2136 3037 2341 3106 Itaque,
2372 3039 2476 3092 sia
2516 3053 2687 3108 prava
2735 3038 3136 3093 consuetudine
3168 3037 3502 3104 destiterint,

1924 3134 2348 3201 acuepcrintque
2375 3131 2788 3186 convenicntem
2844 3132 3222 3201 pmnitentiam
3249 3171 3264 3197 ,
3302 3131 3504 3188 admit-

1926 3224 2072 3277 tendi
2102 3234 2252 3277 sunt.
2281 3223 2694 3278 Observandum
2723 3235 2907 3280 autem
2940 3233 3026 3280 est
3059 3226 3282 3295 quinam
3323 3225 3433 3280 sint
3466 3226 3502 3282 ii

1921 3333 2061 3388 quos
2093 3318 2298 3372 vocatis
2339 3317 2512 3370 obvios
2557 3319 2816 3387 quoslibet
2847 3334 2866 3373 :
2894 3334 3024 3372 num
3075 3318 3353 3385 haeretici,
3407 3329 3505 3374 aut

1922 3411 2099 3479 palam
2144 3410 2376 3478 culpatae
2418 3410 2581 3463 vitae?
2629 3408 2705 3464 De
2735 3411 2937 3466 talibus
2967 3411 3168 3481 quippe
3207 3411 3502 3483 Apostolus

1921 3503 1997 3556 ait
2026 3522 2038 3554 :
2073 3500 2132 3556 Si
2162 3501 2206 3553 is
2232 3502 2323 3570 qui
2351 3502 2518 3569 frater
2548 3503 2875 3565 nominatur,
2930 3513 3006 3557 est
3038 3504 3350 3572 fornicator,
3404 3513 3500 3558 aut

1921 3609 2134 3652 avarus,
2172 3600 2266 3644 aut
2301 3591 2464 3644 idolis
2495 3594 2747 3661 serviens,
2782 3604 2838 3648 et
2874 3608 2996 3663 qua:
3018 3605 3356 3665 sequuntur;
3379 3611 3501 3651 cum

1920 3686 2182 3740 eiusmodi
2207 3702 2300 3739 nec
2328 3687 2499 3738 cibum
2529 3703 2734 3741 sumere
2757 3686 2823 3742 ¹³.

1992 3777 2354 3848 Interrogatio
2382 3777 2475 3832 IX.
2511 3808 2582 3818 —
2612 3779 2689 3833 De
2711 3779 3047 3850 presbyteris
3081 3781 3175 3851 qui
3211 3783 3378 3837 semel
3405 3792 3501 3838 aut

1919 3869 2118 3925 iterum
2145 3887 2271 3926 cum
2304 3871 2577 3927 haereticis
2610 3872 2798 3926 cibum
2827 3885 3202 3942 sumpserunt,
3255 3889 3364 3930 non
3414 3885 3498 3930 ta-

1922 3978 2044 4016 men
2075 3963 2624 4018 communicaverunt
2651 3964 2736 4019 vel
2769 3965 3237 4035 subscripserunt,
3270 3978 3362 4021 aut
3391 3985 3496 4023 una

1921 4055 2092 4110 sacris
2125 4057 2333 4125 operati
2366 4069 2536 4111 sunt:
2567 4056 2749 4111 sintne
2810 4059 2876 4111 ad
2924 4074 3270 4114 communem
3314 4062 3497 4117 cibum

1919 4161 1974 4204 ct
2013 4151 2380 4220 psalmodiam
2418 4151 2777 4219 admittendi,
2823 4153 3030 4223 absque
3064 4157 3498 4227 consignatione,

1919 4245 2003 4299 vel
2027 4260 2152 4300 cum
2183 4245 2626 4316 consignatione.

1991 4338 2306 4406 Responsio.
2333 4368 2400 4378 —
2440 4339 2498 4392 in
2536 4340 2658 4395 istis
2688 4341 3090 4396 observandum
3122 4353 3244 4408 est,
3296 4359 3366 4398 an
3406 4360 3498 4399 sa-

1918 4430 2168 4485 cerdotes
2232 4430 2324 4499 qui
2391 4431 2572 4486 cibum
2619 4442 3004 4501 sumpserunt,
3054 4448 3177 4487 cum
3234 4432 3501 4491 haereticis

1921 4522 2331 4587 sacerdotibus,
2393 4538 2460 4576 an
2509 4539 2632 4578 cum
2688 4523 2840 4601 laicis
2891 4526 3243 4594 sumpserint,
3277 4537 3331 4582 et
3367 4545 3498 4582 num

241 4604 644 4659 κοινωνούντων
664 4606 720 4659 δὲ
741 4609 853 4668 τοῖς
874 4608 1186 4676 αἱρετικοῖς.
1213 4608 1411 4671 Μεῖζον
1429 4607 1536 4676 γὰρ
1560 4607 1619 4659 τὸ
1642 4611 1818 4676 κρῖμα

1938 4631 2048 4670 :um
2086 4615 2154 4670 iis
2186 4616 2281 4685 qui
2337 4624 2482 4670 recte
2533 4616 2753 4686 quidem
2815 4618 3114 4684 sentirent,
3187 4620 3284 4674 sed
3346 4609 3501 4675 com?-

241 4697 333 4748 ἐπὶ
378 4695 488 4748 τῶν
534 4695 869 4766 ἱερωμένων,
911 4695 1187 4766 Μετανοίᾳ
1227 4696 1280 4748 δὲ
1312 4695 1576 4767 ἀξιολόγῳ
1623 4697 1818 4749 ἐκατέ-

244 4805 370 4858 ρους
407 4788 770 4859 προσδεκτέον
820 4790 1147 4858 κοινωνῆσαι
1194 4789 1376 4852 αὐτοῖς
1419 4789 1564 4843 ἁλῶν
1601 4807 1690 4851 τε,
1723 4788 1818 4842 καὶ

242 4881 560 4951 προσευχῶν
609 4880 705 4953 [αι.
749 4881 923 4936 ἄλλων
979 4898 1036 4934 τε
1084 4881 1424 4954 προσευχῶν]
1504 4883 1597 4934 καὶ
1645 4898 1816 4950 σφρα-

242 4972 404 5040 γίδος.

325 5068 646 5135 Ἐρώτησις
696 5066 751 5121 ι’.
785 5097 855 5107 --
898 5067 1032 5137 Περὶ⁸
1071 5067 1181 5118 τῶν
1230 5064 1663 5134 ὑπογραψάντων
1720 5081 1814 5116 κο-

248 5161 455 5228 σμικῶν
510 5163 571 5213 ὲν
615 5163 680 5230 τῇ
722 5159 933 5230 αἱρέσει
985 5158 1079 5212 καὶ
1129 5160 1563 5210 κοινωνούντων”
1617 5159 1664 5208 ει
1714 5158 1819 5228 χρὴ

243 5253 351 5314 τοῖς
379 5252 648 5313 τοιούτοις
677 5253 961 5319 κοσμικοίς
1004 5248 1320 5321 ὀρθοδόξους
1355 5249 1652 5318 κοσμικοὺς
1689 5265 1815 5301 συν-

245 5343 464 5399 εσῡίειν.

323 5437 688 5506 Ἀπόκρισις.
713 5467 781 5477 --
824 5436 891 5489 Ἦ
917 5435 1228 5507 ἀδιαφορία,
1257 5435 1364 5487 τῶν
1408 5434 1594 5486 κακῶν
1635 5435 1694 5486 τὸ
1728 5436 1814 5487 αἵ-

244 5542 373 5580 τιον.
416 5526 743 5596 Ἀναμέσον
772 5525 902 5596 γὰρ,
936 5529 1088 5597 φησι,
1112 5526 1371 5595 καθαροῦ
1410 5525 1507 5578 καὶ
1540 5527 1813 5592 βεϐήλου

245 5623 312 5672 οὐ
331 5618 708 5673 διέστελλον.
745 5620 862 5689 Χρὴ
893 5615 1007 5681 οὖν,
1042 5622 1198 5687 εἴπερ
1223 5617 1460 5688 ζηλωταί
1486 5618 1624 5669 εἰσιν
1653 5619 1700 5670 οἱ
1724 5618 1815 5687 ὀρ-

247 5711 601 5779 θοδθξοῦντες,
640 5712 715 5784 μὴ
748 5712 1065 5781 προσίεσθαι
1109 5713 1237 5775 τοὺς
1270 5711 1546 5774 τοιούτους
1577 5713 1656 5771 εἰς
1685 5728 1812 5763 συν..

315 5889 353 5916 ’³
391 5887 569 5941 (ialat.
611 5902 681 5952 tv,
720 5891 775 5942 2.
857 5893 894 5922 ¹²
927 5890 963 5944 ll
992 5890 1183 5945 Thcss.
1225 5908 1302 5956 ιιι,
1341 5892 1391 5944 6.

1473 5895 1514 5924 ⁸³
1544 5892 1563 5944 l
1590 5893 1712 5946 Cor.
1752 5908 1798 5955 ι’,
1841 5894 1920 5944 ll.

1924 4707 2268 4761 municarent
2322 4721 2448 4760 cum
2512 4706 2807 4761 haereticis.
2859 4707 3034 4777 Majus
3086 4709 3234 4764 enim
3289 4712 3499 4768 crimen

1921 4808 2005 4850 est
2038 4798 2093 4850 in
2137 4797 2369 4853 sacratis
2415 4797 2753 4855 hominibus.
2793 4797 3023 4868 Utrique
3047 4815 3212 4870 porro
3236 4818 3358 4856 cum
3384 4790 3508 4874 pte?

1920 4888 2154 4943 nitentia
2206 4888 2473 4958 condigna
2534 4890 2738 4958 suscipi
2785 4889 3018 4956 debent,
3063 4900 3117 4945 ct
3173 4892 3385 4947 admitti
3430 4895 3500 4949 ad

1921 4980 2370 5034 communionem
2402 4982 2556 5048 salis,
2594 4991 2649 5036 et
2679 4997 2930 5052 precum,
2960 4993 3015 5037 et
3045 4986 3496 5055 consignationis.

1999 5069 2355 5141 Interrogatio
2391 5070 2559 5125 X..—
2603 5074 2676 5127 De
2707 5074 3064 5128 saecularibus
3089 5077 3180 5142 qui
3220 5077 3274 5130 in
3306 5079 3501 5134 haeresi

1919 5160 2366 5229 subscripserunt
2391 5163 2975 5232 communicaruntque
2997 5183 3007 5215 :
3029 5176 3212 5219 utrum
3239 5183 3364 5221 cum
3394 5170 3501 5225 illis

1920 5253 2275 5308 saecularibus
2314 5254 2609 5311 saeculares
2661 5257 2999 5311 orthodoxos
3053 5259 3232 5311 cibum
3283 5276 3501 5317 sumere

1919 5346 2230 5397 cenvcniat.

1999 5435 2307 5504 Responsio.
2338 5468 2408 5478 ——
2449 5437 2591 5492 Usus
2615 5439 2964 5507 promiscuus
3002 5455 3165 5496 causa
3214 5452 3296 5497 est
3323 5443 3497 5498 malo-

1924 5545 2067 5582 rum.
2105 5531 2197 5584 Ait
2228 5531 2375 5584 enim
2414 5548 2428 5583 :
2464 5529 2614 5585 Inter
2661 5533 2914 5587 mundum
2956 5544 3006 5587 et
3049 5535 3336 5605 profanum
3393 5555 3497 5592 non

1924 5621 2220 5674 habuerunt
2262 5622 2571 5677 distantiam
2605 5625 2670 5688 ν’,
2714 5625 2900 5696 Itaque
2935 5627 3223 5682 orthodoxi
3276 5629 3494 5696 debent,

1925 5713 1967 5766 si
1999 5712 2115 5765 zelo
2139 5711 2390 5782 ﬂagrant,
2420 5715 2553 5769 talcs
2591 5717 2656 5771 ad
2685 5729 3027 5773 communem
3060 5719 3240 5773 cibum
3269 5737 3374 5775 non
3397 5723 3495 5776 ad-

2003 5895 2041 5922 ”
2076 5891 2272 5947 Ezech.
2309 5911 2441 5958 xm,
2479 5897 2566 5947 “26.
