3966 6450
504 361 636 428 1651

1704 357 1764 417 S.
1796 356 2001 416 ΤΗΕο
2010 354 2194 415 DORI
2241 354 2583 416 STUDIT/E

3604 346 3746 413 1652

500 483 738 545 mittere,
761 478 866 535 nisi
888 476 1037 549 prius
1059 489 1249 547 pcenas
1269 488 1365 542 pro
1390 471 1639 543 improba
1670 470 2072 542 subscriptione

2189 471 2436 535 εστίασιν,
2473 472 2522 523 εί
2578 470 2653 541 μὴ
2694 469 2961 540 πρότερον
3004 466 3147 539 ὑπὲρ
3193 464 3295 535 τῆς
3324 464 3567 536 πονηρᾶς
3608 463 3749 517 ὑπο-

498 572 751 629 dederint
771 610 786 632 ,
819 583 986 640 seque
1039 567 1107 622 ab
1146 564 1401 621 haeretica
1433 562 1823 619 communione
1855 563 2071 617 abstra-

500 662 701 719 xerint.
734 660 839 717 Sed
876 658 1135 730 quoniam
1168 656 1336 726 aliqui
1371 654 1442 709 ob
1471 654 1779 724 angustias,
1813 652 1941 707 dum
1971 667 2070 723 pe-

500 754 676 809 ricula
721 752 963 823 fugiunt,
996 748 1250 806 haeretica
1281 745 1667 801 communione
1705 744 2068 813 polluuntur:

502 846 625 910 bos,
662 860 793 900 casu
845 842 1048 897 factum
1108 840 1162 894 id
1208 852 1327 892 esse
1369 835 1695 892 conﬁtentes
1720 874 1735 900 ,
1766 844 1975 904 oportet
2004 833 2072 889 ad

502 937 815 991 convictum
838 934 1127 989 admittere
1161 949 1175 986 :
1208 944 1319 985 non
1353 936 1530 983 tamen
1572 926 2072 990 indiscriminatim,

502 1029 597 1083 sed
630 1026 966 1099 indulgentia
998 1023 1234 1095 quadam
1271 1020 1501 1090 tempori
1546 1020 1977 1083 accommodata,
2020 1026 2074 1073 et

501 1135 624 1191 quae
648 1121 932 1189 utriusque
947 1116 1134 1172 aﬂerat
1150 1112 1604 1176 emolumentum,
1625 1126 1731 1166 non
1753 1118 1934 1165 autem
1959 1111 2078 1166 ani-

504 1223 606 1264 ma
635 1209 1042 1264 detrimentum.

584 1301 934 1372 Interrogatio
960 1299 1055 1355 XI.
1106 1329 1177 1339 —
1220 1298 1296 1354 De
1332 1298 1399 1354 iis
1426 1294 1520 1366 qui
1552 1292 1819 1364 baptizari
1865 1294 2076 1358 volunt,

504 1392 551 1445 si
584 1404 694 1444 non
730 1390 1037 1460 reperiatur
1091 1390 1349 1446 sacerdos
1391 1385 1732 1443 orthodoxus
1779 1394 1876 1439 aut
1905 1384 2079 1440 incul-

506 1492 666 1547 patus
703 1495 717 1530 :
752 1494 821 1533 an
853 1479 1117 1548 baptizari
1144 1486 1394 1548 oporteat
1437 1490 1468 1529 a
1506 1474 1878 1530 sacerdotibus
1908 1475 2081 1546 pollu-

506 1570 578 1621 tis
620 1567 953 1637 minimeque
979 1566 1359 1637 proclamatis,
1399 1561 1673 1632 prazcipue
1701 1562 1745 1615 si
1788 1576 1939 1616 mors
1977 1561 2082 1614 im-

505 1659 732 1714 mineat.

576 1750 890 1821 Responsio.
928 1783 999 1792 —
1033 1750 1358 1822 llujusmodi
1388 1752 1625 1807 formula
1653 1751 1777 1806 istic
1806 1764 1835 1804 a
1867 1748 2084 1804 confes-

507 1815 753 1903 soribus,
788 1842 1082 1910 episcopis,
1118 1815 1177 1896 et
1224 1842 1528 1910 praepositis
1557 1839 1894 1911 promulgata
1944 1845 2028 1892 est
2058 1855 2072 1890 :
2112 1815 2153 1871 Β

507 1930 577 1986 iis
628 1931 962 2002 presbyteris
991 1969 1008 1994 ,
1066 1930 1160 2001 qui
1213 1940 1434 2002 propter
1480 1931 1919 1986 communionem
1949 1942 2073 1983 cum

508 2022 803 2090 haereticis,
842 2037 872 2076 a
911 2023 1084 2077 sacris
1118 2022 1308 2079 oﬂieiis
1352 2024 1560 2078 exclusi
1612 2032 1737 2077 sunt
1765 2065 1779 2089 ,
1833 2019 2072 2090 permitti

508 2121 589 2176 ut,
637 2112 681 2167 si
711 2128 818 2167 non
854 2112 1166 2168 inveniatur
1204 2114 1461 2168 sacerdos
1510 2113 1798 2181 inculpata:
1831 2110 1975 2175 lidei,
2022 2118 2077 2165 et

508 2202 809 2273 baptizent,
841 2211 895 2257 et
922 2213 1263 2257 sacramenta
1291 2204 1510 2257 tradant
1539 2219 1553 2255 :
1587 2216 1709 2271 qua:
1749 2215 1846 2270 per
1892 2214 2078 2254 sacer-

509 2296 690 2350 dotem
743 2294 967 2349 minime
1015 2295 1187 2364 culpae
1244 2294 1455 2349 alliuem
1494 2302 1806 2348 consecrata
1851 2290 2073 2347 fuerint.

514 2387 769 2441 Habitum
800 2401 1024 2456 quoque
1059 2387 1427 2440 monasticutn
1463 2386 1613 2449 dent,
1661 2400 1724 2439 ac
1766 2398 1954 2453 preces
1998 2383 2077 2437 l‘a-

510 2476 660 2532 ciant
697 2475 752 2529 in
782 2476 1076 2544 exsequiis,
1101 2484 1154 2529 et
1180 2475 1530 2543 Evangelium
1568 2476 1620 2527 in
1646 2473 1923 2527 matutinis
1948 2486 2078 2541 pro-

515 2567 785 2631 nuntient,
814 2573 869 2619 et
902 2579 1099 2633 aquam
1129 2562 1608 2631 Theoplianiorum
1644 2561 1983 2625 benedicant,
2018 2568 2078 2613 ut

512 2654 719 2708 dictum
748 2662 853 2719 est,
882 2667 1009 2708 cum
1036 2668 1219 2706 rerum
1250 2652 1512 2721 angustiae
1552 2659 1747 2720 urgent
1781 2667 1795 2703 :
1831 2664 1939 2718 quo
1980 2663 2077 2718 po-

514 2748 629 2816 puli
655 2763 760 2801 nou
800 2754 1155 2816 permaneant
1188 2758 1412 2813 prorsus
1439 2743 1645 2811 absque
1675 2742 1947 2811 Evangelii
1982 2756 2079 2795 au-

513 2832 742 2895 ditione,
783 2832 1116 2899 minimeque
1151 2830 1431 2900 baptizati.
1474 2828 1531 2883 Si
1576 2844 1706 2899 ergo
1736 2830 1889 2884 vobis
1912 2829 2077 2883 etiam

514 2925 686 2993 placet
718 2923 834 2978 haec
884 2922 1143 2987 formula,
1202 2922 1309 2976 illis
1339 2936 1559 2990 quoque
1617 2921 1671 2974 in
1711 2920 1848 2975 locis
1893 2919 2072 2974 obser.

518 3024 691 3070 vetur.

589 3102 940 3174 Interrogatio
987 3102 1102 3156 Xll.
1132 3133 1201 3143 —
1237 3103 1309 3157 De
1350 3103 1419 3155 iis
1459 3102 1553 3172 qui
1593 3117 1688 3171 per
1715 3100 1957 3156 scltisma
1990 3116 2078 3156 se-

511 3207 821 3263 cesserunt,
850 3205 905 3251 et
934 3196 1259 3267 pcenitentia
1309 3192 1454 3249 ducti
1511 3202 1811 3248 accurrunt
1850 3212 1863 3248 :
1901 3202 2085 3249 utrum

490 3289 672 3344 nobis
704 3288 865 3342 liceat
889 3288 1243 3358 ptenitentias
1276 3286 1475 3341 talibus
1499 3285 1801 3355 injungere,
1827 3296 1921 3339 aut
1940 3286 2088 3355 ipsos

513 3381 813 3449 suscipere.

583 3471 892 3541 Responsio.
925 3501 997 3513 —
1034 3469 1155 3525 Jam
1214 3470 1268 3524 in
1330 3470 1706 3539 superioribus
1750 3469 2086 3523 declaratum

511 3574 618 3628 est,
679 3563 889 3635 injungi
946 3563 1191 3619 debere:
1242 3578 1306 3618 ac
1350 3561 1686 3632 superﬂuum
1717 3570 1820 3624 est,
1854 3562 2087 3630 idipsum

514 3656 598 3711 bis
625 3665 887 3710 retexere.

585 3744 942 3817 Inierrogalio
998 3744 1142 3800 XIII.
1190 3774 1260 3785 —-
1306 3743 1363 3799 Si
1426 3742 1716 3815 episcopus
1777 3746 1834 3798 in
1880 3744 2085 3799 crimen

514 3838 731 3907 lapsus,
779 3852 807 3891 a
867 3837 1077 3907 synodo
1122 3836 1407 3905 depositus
1454 3835 1638 3899 fuerit,
1686 3845 1875 3905 postea
1907 3843 2087 3889 tamen

516 3930 890 3999 presbyterum
951 3928 1329 3992 ordinaverit;
1386 3927 1488 3982 iste
1548 3937 1729 3981 autem
1783 3926 2086 3996 presbyter,

514 4030 805 4091 postquam
838 4020 893 4074 in
926 4020 1317 4075 monasterium
1364 4019 1594 4084 venerit,
1643 4017 2015 4086 ptenitentiam
2056 4030 2087 4071 a

516 4127 618 4171 suo
648 4112 941 4182 praeposito
982 4111 1256 4181 acceperit
1287 4109 1354 4164 ad
1396 4120 1630 4179 tempus,
1675 4119 1729 4163 et
1774 4120 1959 4177 postea
1999 4123 2090 4162 sa-

515 4203 758 4257 cerdotio
813 4202 1034 4257 functus
1095 4203 1214 4256 sit:
1263 4202 1446 4256 doceri
1496 4200 1799 4268 expetimus
1835 4215 1902 4253 an
1937 4200 2087 4270 ejus—

515 4294 661 4346 modi
691 4293 1054 4357 sacerdotem,
1082 4294 1130 4347 si
1165 4292 1472 4361 inculpatus
1500 4300 1605 4355 est,
1632 4291 1905 4360 suscipere
1928 4304 2089 4360 opor-

516 4392 655 4440 teat.

589 4561 893 4631 Responsio.
924 4590 995 4602 —
1022 4561 1158 4617 Cum
1212 4560 1502 4615 manifesta
1539 4559 1612 4615 sit
1640 4558 1950 4614 absurditas
1971 4599 1985 4623 ,
2015 4568 2084 4612 ne

518 4656 999 4725 interrogationem
1058 4655 1277 4723 quidem
1331 4670 1361 4708 a
1407 4653 1561 4708 vobis
1618 4656 1684 4708 de
1716 4654 1821 4707 hoc
1864 4652 2091 4707 crimine

518 4745 635 4801 ﬁeri
694 4746 953 4817 oportuit.
1012 4745 1158 4799 Dixit
1189 4746 1389 4816 quippe
1433 4744 1687 4801 Christus
1724 4762 1736 4798 :
1769 4743 1893 4797 Non
1921 4751 2089 4813 potest

519 4835 680 4889 arbor
742 4834 889 4887 mala
943 4833 1148 4902 fructus
1194 4834 1355 4888 bonos
1416 4833 1671 4904 facere”.
1743 4830 1950 4901 Itaque,
1982 4846 2089 4885 non

518 4924 646 4994 quia
681 4938 710 4977 a
744 4922 965 4992 proprio
1012 4925 1328 4993 praaposito,
1362 4924 1454 4977 sed
1488 4937 1664 4991 neque
1701 4921 1748 4976 si
1782 4937 1811 4976 a
1838 4922 2091 4991 quopiam

519 5025 730 5079 sancto,
761 5016 1140 5084 paenitentiam
1180 5016 1472 5087 acceperit,
1518 5017 1641 5070 ideo
1671 5018 1882 5071 solutus
1913 5023 1998 5070 est
2035 5023 2096 5069 ut

520 5121 737 5159 sacrum
790 5104 970 5161 facere
1012 5108 1202 5176 possit.
1255 5106 1441 5178 Neque
1469 5108 1614 5162 enim
1660 5108 1777 5178 ipse
1804 5107 2083 5173 sacerdos,

520 5212 696 5266 neque
727 5197 818 5267 qui
842 5198 1043 5261 solvit,
1064 5208 1289 5255 sanctus
1326 5219 1340 5253 :
1387 5201 1641 5269 quoniam
1674 5201 1753 5256 sic
1775 5216 1965 5256 omnes
1994 5216 2086 5256 ca-

521 5288 727 5342 nonica:
803 5290 1223 5346 constitutiones
1288 5292 1669 5348 subvertentur
1739 5308 1804 5348 ac
1853 5292 2086 5364 disperi-

520 5383 675 5438 bunt.

599 5504 642 5534 "
667 5501 855 5557 Matth.
881 5494 981 5567 vti,
1019 5503 1108 5558 17.

2168 563 2384 633 γραφῆς
2423 561 2798 634 ἐπιτιμηθεῖεν
2818 577 2831 591 ⁸
2867 558 2987 613 εἶτα
3015 559 3108 612 καὶ
3136 557 3461 627 ἀπόσχοιντο
3475 558 3573 628 τῆς
3589 558 3748 627 αἱρε-

2168 656 2329 724 τικῆς
2345 653 2649 716 κοινωνίας.
2677 653 2894 721 Ἐπειδὴ
2914 651 2970 704 δὲ
2999 649 3141 703 κατά
3165 649 3487 720 περίστασιν
3508 647 3745 717 φεύγον-

2170 764 2262 810 τες
2293 747 2417 808 τοὺς
2448 745 2744 809 κινδύνους,
2773 744 3082 815 χραίνονται
3115 744 3181 813 τῇ
3211 743 3458 813 αἱρετικῇ
3484 741 3747 811 κοινωνίᾳ

2170 837 2353 899 τινέςο
2408 834 2801 906 ὁμολογοῦντας
2858 834 2956 905 τὴν
3019 834 3369 905 περιπέτειαν
3420 835 3516 885 καὶ
3575 850 3748 902 μετα-

2173 928 2428 991 νοοῦντας
2447 926 2805 998 προσδεκτέον
2830 928 2910 988 είς
2930 926 3271 979 συνεστίασιν
3292 941 3307 956 °
3332 924 3427 977 xui.
3455 922 3615 976 τοῦτο
3644 923 3747 976 of":

2175 1019 2501 1089 ἀδιαφόρως,
2524 1019 2661 1074 ἀλλὰ
2681 1019 2823 1073 κατά
2841 1035 2963 1071 τινα
3014 1018 3284 1088 σύμϐασιν
3324 1016 3745 1087 περιστατικὴν,

2175 1112 2269 1164 καὶ
2315 1112 2585 1181 φέρουσαν
2627 1110 2880 1164 ἐντεῦθεν
2920 1108 3110 1181 κέρδος
3141 1109 3472 1180 ἀμφοτέροις
3491 1150 3507 1175 ,
3534 1109 3651 1163 ἀλλ’
3682 1109 3746 1162 ού

2177 1201 2380 1272 ζημίαν
2402 1201 2671 1273 ψυχικήν.

2265 1292 2585 1360 Ἐρώτησις
2614 1291 2715 1346 IA'.
2743 1321 2814 1336 --
2834 1294 2972 1363 Περὶ
3001 1292 3108 1345 τῶν
3139 1291 3401 1346 θελόντων
3437 1291 3748 1362 βαπτισθῆ-

2178 1401 2288 1451 ναι,
2320 1385 2415 1438 ἐὰν
2448 1386 2522 1456 μὴ
2551 1385 2747 1457 εὑρεθῇ
2782 1383 3060 1453 όρθόδοξος
3103 1384 3302 1453 ἱερεὺς,
3347 1386 3380 1455 ἦ
3420 1386 3745 1454 ἄμεμπτος·

2181 1475 2229 1526 εί
2259 1473 2363 1544 χρὴ
2399 1473 2759 1543 βαπτισθῆναι
2793 1472 2899 1526 ὑπὸ
2926 1474 3034 1526 τῶν
3072 1472 3436 1526 κοινωθέντων
3464 1475 3676 1543 ἱερέων,
3712 1473 3746 1542 ἢ

2179 1564 2535 1637 ἀκηρύκτων·
2566 1564 2799 1634 μάλιστα
2819 1563 2915 1617 ὲάν
2946 1563 3175 1627 θάνατος
3200 1563 3527 1634 κατεπείγῃ.
3551 1592 3562 1611 .

2265 1744 2617 1810 Ἀπόκρισις.
2638 1770 2707 1783 -
2723 1741 2904 1805 Τύπος
2923 1742 3159 1806 τοιοῦτος
3179 1742 3492 1813 ὲξεφωνήθη
3512 1743 3750 1798 ἐνταῦθα

2181 1832 2333 1904 παρά
2363 1848 2422 1885 τε
2450 1832 2819 1903 όμολογητῶν,
2857 1832 3126 1904 ίεραρχῶν
3160 1850 3219 1887 τε
3263 1836 3355 1889 καὶ
3393 1836 3747 1909 καθηγουμέ-

2180 1940 2285 1976 νων
2312 1939 2325 1952 ·
2351 1922 2476 1985 τοὺς
2500 1923 2819 1994 εἰρημένους
2854 1922 3261 1996 πρεσϐυτέρους
3282 1925 3384 1995 τῆς
3405 1927 3751 2000 λειτουργίας

2181 2012 2270 2065 διὰ
2310 2014 2409 2080 τὴν
2443 2014 2725 2084 αἱρετικὴν
2755 2014 3061 2078 κοινωνίαν,
3092 2019 3515 2089 συγχωρεῖσθαι,
3552 2022 3628 2089 μὴ
3658 2022 3750 2073 εὑ-

2185 2105 2508 2174 ρισκομένου
2554 2106 2898 2176 σεσωσμένου
2935 2084 3144 2179 ἱερέως,
3172 2084 3266 2161 καὶ
3287 2084 3628 2179 -βαπτίζειν,
3653 2114 3749 2166 καὶ

2184 2196 2524 2265 μεταδιδόναι
2565 2195 2672 2249 τῶν
2704 2199 3058 2269 ἀγιασμάτων
3096 2200 3610 2271 προτετελεσμένων
3654 2205 3749 2256 καὶ

2182 2286 2241 2351 ἐξ
2264 2286 2571 2357 ἀκρατήτου
2611 2285 2672 2358 [Γ.
2709 2289 2998 2362 ἀχράντου]
3044 2292 3253 2361 ἱερέως.
3293 2292 3487 2363 Σχῆμά
3510 2310 3572 2346 τε
3606 2294 3746 2347 διδό-

2183 2395 2270 2431 ναι
2316 2378 2571 2449 μοναχοῦ,
2617 2380 2784 2449 εὐχήν
2826 2397 2885 2432 τε
2942 2383 3215 2436 ποιεῖσθαι
3271 2384 3365 2436 ἐπὶ
3426 2385 3745 2455 ἐκκομιδῆς,

2182 2470 2513 2538 Εύαγγέλιόν
2538 2487 2599 2523 τε
2630 2473 2891 2540 ὲκφωνεῖν
2923 2473 3017 2526 ἐπὶ
3040 2472 3257 2544 ὄρθρου,
3283 2476 3379 2529 καὶ
3406 2476 3467 2527 τὸ
3495 2476 3607 2529 τῶν
3623 2478 3752 2531 Θεο-

2184 2564 2388 2631 φανίων
2420 2564 2557 2635 ὕδωρ
2584 2565 2844 2633 εὐλογεῖν,
2870 2565 2945 2629 ὡς
2968 2566 3202 2637 εἴρηται,
3230 2567 3371 2620 κατά
3394 2569 3747 2639 περίστασινο

2183 2655 2269 2709 διὰ
2327 2656 2387 2708 τὸ
2439 2655 2513 2726 μὴ
2572 2657 2924 2726 ἑναπομένειν
2986 2659 3112 2720 τοὺς
3178 2657 3340 2721 λαοὺς
3400 2659 3750 2715 παντάπασιν

2183 2747 2447 2817 ἀνηκόους
2478 2746 2571 2799 τοῦ
2613 2748 2967 2816 Εὑαγγελίου,
2998 2750 3095 2802 καὶ
3137 2750 3499 2817 ἀφωτίστους.
3546 2751 3611 2805 Ei
3659 2748 3751 2805 οὗν

2186 2838 2507 2906 συναρέσκει
2547 2837 2699 2906 ὑμῖν,
2729 2840 3000 2908 κρατείτω
3032 2842 3059 2893 ό
3087 2840 3326 2904 τοιοῦτος
3349 2840 3520 2906 τύπος
3568 2845 3667 2897 καὶ⁵
3692 2846 3751 2897 ὲν

2182 2931 2295 2991 τοϊς
2332 2930 2538 2983 αύτόθι.

2268 3120 2586 3190 Ἐρώτησις
2612 3120 2711 3176 ΙΒ’.
2742 3153 2813 3163 -
2837 3124 2970 3193 Περ)⁵
3015 3124 3125 3179 τῶν
3177 3126 3596 3208 ἀποσχισάντων
3658 3130 3757 3185 καὶ

2186 3213 2251 3281 τῇ
2295 3213 2555 3282 μετανοίᾳ
2609 3214 3052 3283 προστρεχόντων
3078 3232 3091 3245 ·
3125 3218 3174 3269 εί
3218 3216 3424 3281 ἔξεστιν
3468 3221 3607 3290 ἡμῖν
3644 3224 3757 3285 τοῖς

2186 3299 2446 3362 τοιούτοις
2478 3300 2729 3370 ἐπιτίμια
2757 3302 2979 3369 διδόναι,
3007 3304 3039 3375 ἢ
3082 3305 3332 3376 δέχεσθαι
3355 3310 3577 3373 αύτούς.

2269 3474 2630 3544 Ἀπόκρισις.
2656 3506 2727 3518 --
2754 3478 2891 3549 Ἤδη
2946 3481 3003 3533 ὲν
3052 3484 3165 3545 τοῖς
3230 3483 3488 3552 ἀνωτέρω
3518 3487 3758 3559 δεδήλωὲ

2187 3586 2301 3635 ται,
2328 3570 2409 3621 ὅτι
2433 3570 2538 3641 χρὴ
2565 3570 2764 3623 διδόναι
2790 3587 2803 3601 ·
2828 3573 2923 3625 καὶ
2942 3574 3234 3644 παρέλκον,
3265 3576 3345 3641 δὶς
3371 3577 3435 3631 τὸ
3469 3580 3605 3635 αὐτὸ
3635 3583 3759 3636 επι-

2188 3659 2441 3714 κυκλοῦν.

2272 3752 2591 3820 Ἐρώτησις
2626 3754 2717 3808 1Γ’.
2755 3784 2826 3793 -
2860 3755 2977 3809 Κάν
3015 3756 3311 3821 ἐπίσκοπος
3371 3761 3450 3824 είς
3500 3760 3759 3833 ἔγκλημα

2190 3842 2523 3912 περιπεσὼν,
2556 3844 2660 3897 ὑπὸ
2685 3846 2903 3899 συνόδου
2934 3848 3256 3920 καθαιρεθῇ,
3280 3845 3399 3904 εἶτα
3425 3853 3589 3907 πάλιν
3616 3859 3759 3925 μετὰ

2189 3933 2510 4001 καθαίρεσιν
2574 3940 2922 4010 χειροτονήσῃ
2985 3940 3389 4012 πρεσϐύτερον’
3426 3947 3455 3997 ό
3488 3945 3546 3997 δὲ
3594 3948 3761 4012 αὐτὸς

2191 4026 2558 4098 πρεσϐύτερος
2591 4030 2649 4079 ἐν
2682 4030 3028 4100 μοναστηρίῳ
3056 4034 3520 4103 παραγενόμενος,
3538 4035 3644 4089 sm
3660 4039 3757 4092 τοῦ

2193 4116 2323 4169 ἰδίου
2353 4118 2659 4188 ἡγουμένου
2700 4120 2917 4191 δέξηται
2959 4123 3233 4192 ἐπιτίμιον
3263 4124 3400 4196 πρὸς
3426 4128 3619 4196 χρόνον
3654 4127 3755 4201 [αι.

2190 4209 2295 4277 πρὸ
2325 4208 2554 4277 χρόνων,
2589 4209 2707 4277 jam
2740 4209 2997 4282 pridem},
3037 4214 3133 4265 καὶ
3189 4216 3327 4282 μετά
3366 4215 3540 4269 ταῦτα
3604 4220 3760 4291 ἐνερ-

2188 4301 2259 4370 γῇ
2317 4302 2374 4351 ὲν
2421 4303 2486 4369 τῇ
2532 4301 2835 4371 ἱερωσύνῃο
2893 4304 2941 4354 εί
2987 4304 3091 4374 χρὴ
3131 4306 3377 4376 δέχεσθαι
3440 4311 3530 4363 τὸν
3570 4312 3758 4365 τοιοῦ-

2190 4408 2282 4445 τον
2347 4393 2516 4462 ἱερέα,
2577 4394 2625 4446 εἰ
2683 4394 3016 4466 ἀνέγκλητός
3064 4397 3219 4463 ἐστι,
3269 4399 3584 4474 διδαχθῆναι
3642 4405 3762 4458 δεό-

2109 4497 2157 4556 D
2188 4484 2344 4554 μεθα.

2272 4573 2631 4642 Ἀπόκρισις.
2651 4604 2721 4614 —-
2745 4576 3064 4646 μροφανοῦς
3114 4577 3280 4651 οὔσης
3347 4581 3446 4651 τῆς
3481 4584 3718 4651 ἀτοπίας
3740 4628 3758 4654 ,

2190 4663 2308 4717 οὐδὲ
2338 4666 2683 4736 ἐπερωτῆσαι
2710 4667 2853 4737 ὑμᾶς
2889 4667 3057 4740 ἐχρῆν
3102 4672 3230 4742 περὶ
3267 4672 3361 4726 τοῦ
3390 4674 3633 4731 τοιούτου
3663 4680 3760 4747 ἐγ-

2191 4755 2489 4825 κλήματος.
2524 4758 2726 4829 Εῖρηκε
2760 4760 2869 4829 γὰρ
2895 4763 2923 4813 ὁ
2956 4761 3209 4832 Χριστός·
3247 4767 3328 4818 Οὐ
3359 4766 3608 4821 δύναται
3644 4787 3762 4825 σα-

2190 4849 2345 4913 πρὸν
2380 4845 2632 4913 δένδρον
2676 4849 2943 4915 καρποὺς
2979 4852 3205 4919 καλοὺς
3234 4856 3444 4907 ποιεῖν.
3479 4857 3639 4910 Ὥστε
3660 4861 3763 4930 οὐχ

2184 4937 2272 4989 ὅτι
2303 4937 2406 4987 ὑπὸ
2431 4936 2524 4988 τοῦ
2560 4936 2689 4988 ἰδίου
2757 4940 3083 5007 ἡγουμένου,
3114 4940 3251 4995 ἀλλὰ
3295 4943 3395 4995 κᾶν
3445 4945 3553 4997 ὑπὸ
3600 4948 3760 5015 ἁγίου

2192 5022 2357 5089 τινὸς,
2400 5022 2744 5094 ἐπιτιμηθεὶς
2785 5028 2812 5077 ὁ
2864 5027 3103 5092 τοιοῦτος
3137 5030 3464 5085 ἀπολέλυται
3502 5035 3596 5087 τοῦ
3649 5037 3759 5091 λει-

2194 5117 2462 5184 τουργεῖν.
2508 5116 2619 5183 Ούχ
2667 5116 2878 5185 ἱερεύς,
2918 5119 3037 5172 οὐδὲ
3081 5121 3110 5173 ὁ
3146 5122 3344 5186 λύσας,
3388 5124 3579 5192 ἅγιος·
3636 5130 3760 5182 ἐπεὶ

2192 5206 2333 5260 οὓτω
2350 5224 2416 5259 πε
2426 5224 2507 5277 ριτ
2514 5209 2819 5279 ραπήσεται
2834 5210 3013 5265 πάντα
3028 5215 3284 5268 κανονικά
3298 5219 3757 5289 παραγγέλματα,

2193 5303 2289 5356 καὶ
2314 5303 2597 5371 οἰχήσεται
2626 5302 2759 5371 (Η).

2057 5591 2284 5650 NOTAE.

597 5684 878 5764 (11)“ng
910 5688 1417 5764 sequuntur-Junius
1446 5685 1710 5764 epistolae,
1745 5703 1852 5741 non
1886 5697 2103 5764 exstant
2209 5689 2486 5764 Sirmondi
2529 5701 2582 5746 et
2611 5690 2903 5749 Frontonis
2944 5693 3144 5762 Ducmi,
3183 5706 3296 5752 tum
3332 5706 3387 5755 ct
3429 5701 3484 5754 in
3518 5701 3758 5760 editione

528 5755 584 5808 in
623 5755 810 5811 codice
842 5756 1010 5827 Regio
1050 5774 1103 5811 n.
1138 5758 1293 5823 l987,
1319 5755 1414 5814 sed
1433 5755 1649 5812 eistant
1682 5761 1735 5811 in
1768 5760 2101 5826 apographis
2208 5762 2486 5814 Cotelerii.
3132 5755 3169 5802 ἠ
