3966 6496
238 438 369 505 1653

1419 427 1949 491 EPISTOLARUM
1994 428 2142 488 LIB.
2184 388 2281 487 II.-

3321 421 3453 487 1654

309 549 622 618 Ἐρώτησις
654 543 750 598 1Δ’.
787 575 855 585 -
890 543 1026 614 Περὶ
1077 542 1187 596 τῶν
1245 540 1631 613 πρεσϐυτέρων
1679 539 1788 593 τῶν

1962 535 2314 607 Interrogatio
2346 534 2567 589 XlV.—
2587 533 2664 590 De
2692 533 3019 606 presbyteris
3075 534 3168 604 qui
3203 535 3454 592 similiter

234 643 334 695 ὑπὸ
369 637 663 710 ὀρθοδόξων
701 635 1206 706 χειροτονηθέντων,
1253 633 1326 703 μὴ
1353 632 1785 703 ύπογραψάντων

231 735 306 791 δὲ.
361 730 495 800 μηδὲ
551 727 1013 796 κοινωνησάντων,
1068 725 1459 793 συμφαγόντων
1517 722 1573 774 δὲ
1628 723 1786 791 μόνον

236 823 367 894 μετὰ
400 819 702 890 Γρηγορίου
733 818 826 871 τοῦ
861 816 1279 887 μητροπολετου.

313 913 678 979 Ἀπόκρισις.
712 938 781 947 —-
823 907 910 959 Ἐν
931 910 1042 969 τοῖς
1066 905 1322 976 ἀνωτέρω
1336 903 1735 976 πρ[ο]απεδόθη
1761 906 1789 956 ὁ

234 1005 356 1073 περὶ
385 1001 577 1055 τούτου
615 1000 792 1065 λόγος.
847 999 970 1050 Εἴτε
1020 997 1112 1050 οὖν
1140 998 1274 1065 μετὰ
1318 997 1646 1067 Γρηγορίου,
1679 995 1788 1048 εἴτε

235 1090 348 1159 μεθ’
376 1089 490 1142 οἴου
512 1090 710 1160 δήποτε
740 1086 850 1138 τῶν
874 1086 1218 1156 ἑτεροδόξων,
1245 1087 1277 1155 ἡ
1324 1085 1664 1147 συνεστίασις
1693 1084 1786 1152 γέ-

233 1196 389 1246 γονε·
426 1177 682 1248 μετανοίᾳ
741 1175 1002 1245 ἀξιολόγῳ
1056 1176 1084 1227 ὁ
1125 1174 1494 1236 συνεστιαθεὶς
1547 1174 1642 1226 τοῦ
1694 1176 1788 1240 ὲγ-

233 1270 506 1340 κλήματος
549 1265 898 1329 άπολέλυται,
942 1265 1001 1316 οὐ
1057 1264 1216 1333 μόνον
1265 1266 1399 1334 πρὸς
1450 1263 1791 1318 συνεστίασιν

233 1359 335 1412 τῶν
385 1356 842 1426 πεφιιλαγμένων,
885 1353 1018 1408 ἀλλὰ
1063 1355 1157 1406 καὶ
1204 1355 1340 1425 πρὸς
1382 1355 1446 1424 ἣν
1483 1354 1792 1425 ἠξιώθησαν

235 1449 551 1521 ἱερωσύνην.
585 1447 658 1498 Τὸ
680 1446 736 1499 δὲ
766 1444 962 1515 μέτρον
982 1444 1078 1498 τοῦ
1121 1445 1397 1514 ἐπιτιμίου
1458 1447 1518 1498 ού
1570 1446 1793 1498 δυνατὸν

234 1541 556 1610 ὡρισμένως
588 1537 932 1600 ὑποϐάὶλειν,
961 1536 1048 1588 διὰ
1098 1537 1357 1605 ποιότητα
1383 1537 1476 1589 καὶ
1500 1527 1791 1608 προσώτῖου

234 1634 325 1686 καὶ
349 1633 552 1701 τρόπου
579 1646 593 1659 ο
627 1629 768 1682 ὥστε
797 1631 854 1682 ὲν
897 1627 1047 1679 δυσὶν
1077 1627 1111 1697 ἢ
1147 1627 1296 1698 τρισὶ
1332 1628 1793 1696 τεσσαρακοσταῖς

233 1724 520 1795 ἀρκεῖσθαι
546 1721 636 1774 τὸν
662 1718 1074 1790 ἐπιτιμηθέντα.

1889 627 1958 681 ab
1977 626 2296 681 orthodoxis
2317 624 2552 680 ordinati
2568 635 2716 687 sunt,
2734 632 2787 677 et
2804 638 2979 692 neque
2991 623 3454 692 subscripserunt,

1888 733 2065 787 neque
2083 719 2577 778 communicarent,
2605 716 2698 770 sed
2720 717 2984 770 duntaxat
3007 716 3188 770 cibum
3213 731 3457 785 sumpse-

1891 820 2019 863 runt
2046 826 2168 863 cum
2207 810 2467 879 Gregorio
2493 807 2857 876 metropolita.

1959 896 2258 966 Responsio.
2287 926 2356 936 ——
2396 895 2514 950 .lam
2552 896 2604 948 in
2638 893 3016 962 superioribus
3057 894 3126 948 de
3156 894 3256 948 ista
3286 909 3343 949 re
3377 893 3456 947 lex

1888 998 1972 1041 est
2023 989 2243 1042 tradita.
2304 989 2434 1042 Sive
2487 987 2649 1057 igitur
2691 1001 2816 1040 cum
2875 984 3162 1056 Gregorio,
3198 989 3312 1040 sive
3336 1001 3459 1040 cum

1889 1081 2133 1150 quolibet
2177 1095 2247 1134 ex
2296 1079 2642 1133 heterodoxis
2686 1079 2842 1132 cibus
2893 1089 3144 1146 sumptus
3193 1077 3305 1142 sit;
3367 1077 3460 1146 qui

1890 1173 2206 1243 sumpserit,
2237 1187 2266 1226 a
2295 1172 2525 1226 crimine
2588 1187 2680 1238 per
2727 1170 3103 1260 paenitentiam
3163 1183 3460 1238 congruam

1893 1267 2140 1330 solvitur,
2192 1278 2300 1317 non
2355 1265 2518 1317 modo
2575 1273 2632 1317 ut
2690 1279 2815 1317 cum
2865 1262 2929 1315 iis
2967 1261 3058 1330 qui
3090 1275 3148 1315 se
3177 1261 3454 1316 immunes

1893 1359 2064 1428 culpa:
2097 1364 2406 1422 servarunt,
2435 1356 2614 1409 cibum
2656 1363 2854 1416 sumat,
2884 1355 2975 1409 sed
3001 1353 3162 1406 etiam
3195 1361 3254 1406 ut
3282 1366 3465 1406 sacer-

1895 1449 2044 1504 dotio
2070 1463 2180 1518 quo
2207 1448 2498 1515 insignitus
2521 1457 2602 1503 est
2625 1446 2899 1513 fungatur.
2923 1444 3262 1500 Paenitentiaz
3284 1451 3463 1497 autem

1895 1541 2116 1594 modum
2177 1539 2395 1593 deﬁnite
2454 1538 2745 1608 subjicere,
2801 1553 2910 1590 non
2971 1546 3054 1590 est
3103 1535 3363 1605 possibile
3397 1533 3468 1588 ob

1895 1630 2212 1698 qualitatem
2252 1643 2499 1698 personae
2539 1637 2594 1684 et
2619 1644 2832 1683 morum
2864 1647 2877 1682 :
2923 1628 2996 1682 ita
3028 1635 3089 1681 ut
3115 1627 3329 1680 duabus
3364 1627 3468 1678 tri-

1897 1723 2068 1778 busve
2162 1722 2594 1793 quadragesimis
2680 1722 2964 1778 multatum
3059 1719 3232 1776 fuisse
3317 1719 3467 1776 sum-

1896 1815 2024 1869 ciat.

316 1899 642 1970 Ἐρώτησις
670 1898 770 1952 lE'.
802 1926 857 1938 —
877 1897 1013 1968 napi.
1037 1896 1425 1967 πρεσϐυτέρων
1469 1896 1668 1967 ὁμοίως
1691 1895 1795 1950 ὑπὸ

1967 1902 2322 1973 Interrogatio
2354 1894 2470 1958 XV.
2502 1934 2572 1944 —
2602 1901 2676 1957 De
2703 1902 3036 1974 presbyteris
3077 1903 3166 1972 qui
3222 1902 3472 1957 similiter

232 1994 531 2066 ὀρθοδόξων
569 1990 1072 2062 χειροτονηθέντων,
1099 1990 1192 2043 καί¹
1229 1989 1370 2043 κατὰ
1401 1990 1625 2056 ἄγνοιαν
1659 2006 1795 2057 συμ-

235 2088 516 2157 φαγόντων
574 2083 712 2154 μετὰ
741 2082 1128 2154 πρεσϐυτέρων
1163 2082 1516 2152 βεϐρωκότων
1539 2082 1674 2151 μετὰ
1700 2079 1793 2133 τοῦ

234 2176 398 2231 αὐτοῦ
446 2172 858 2245 μητροπολίτου.

317 2269 684 2335 Ἀπόκρισις.
716 2294 787 2306 -
816 2264 1128 2334 Γέγραπται
1157 2281 1170 2294 ·
1196 2263 1328 2319 Πᾶν
1363 2264 1431 2317 τὸ
1471 2264 1540 2317 ἐν
1567 2264 1795 2333 ἀγνοίᾳ,

236 2358 765 2428 καθαρισθήσεται.
794 2358 955 2409 Ὥστε
979 2357 1222 2428 ἀνένοχοί
1254 2361 1359 2411 εισι
1385 2357 1587 2419 παντὸς
1619 2358 1798 2408 έπιτι-

239 2451 386 2522 μίσυ.

317 2543 647 2612 Ἐρώτησις
676 2543 759 2608 1c,"
761 2547 796 2595 '.
828 2569 898 2582 --
918 2538 1054 2609 Περὶ
1071 2537 1461 2608 πρεσϐυτέρων
1483 2536 1799 2607 ὀρθοδόξων,

236 2634 406 2708 ἦγουν
441 2633 761 2702 Ὠαρίωνος,
791 2631 882 2683 καὶ
913 2628 1247 2699 Ε’.στρατίου
1285 2627 1518 2700 μοναχοῢ
1539 2645 1552 2659 ⁸
1572 2627 1638 2683 ἂν
1671 2628 1804 2698 ἔχω-

241 2743 323 2779 σιν
359 2724 608 2789 ἐξουσίαν
633 2721 728 2775 τοῦ
753 2722 952 2776 διδόναι
977 2719 1242 2790 ἐπιτίμια.

320 2818 688 2884 Ἀπόκρισις.
723 2845 792 2858 -—
821 2815 1154 2885 Προείρηται
1206 2816 1308 2869 κὰν
1365 2817 1475 2878 τοῖς
1527 2813 1800 2884 ἀνωτέρω,

1897 1996 1966 2049 ab
2026 1995 2341 2049 orthodoxis
2395 1993 2632 2048 ordinati
2681 2004 2830 2058 sunt,
2877 2008 2942 2047 ac
2970 2008 3064 2062 per
3100 1994 3465 2065 ignorantiam

1897 2089 2077 2141 cibum
2104 2094 2458 2155 sumpserunt
2478 2100 2602 2138 cum
2631 2084 2962 2155 presbyteris
3003 2084 3093 2153 qui
3135 2098 3258 2136 cum
3279 2083 3470 2137 eodem

1898 2176 2238 2245 metropolita
2264 2177 2446 2231 cibum
2482 2184 2852 2244 sumpserant.

1969 2267 2275 2337 Responsio.
2305 2298 2377 2308 —
2403 2266 2676 2336 Scriptum
2719 2277 2838 2322 est:
2878 2265 3043 2321 Omne
3083 2265 3220 2335 quod
3245 2266 3299 2319 in
3329 2267 3477 2336 igno-

1899 2359 2097 2422 rantia,
2152 2359 2574 2413 mandabitur”.
2639 2359 2909 2425 Quocirca
2967 2358 3102 2412 nulli
3137 2372 3307 2425 pinna:
3351 2365 3477 2412 sunt

1900 2449 2144 2502 obnoxﬁ.

1971 2537 2326 2608 Interrogatio
2364 2538 2502 2593 XVI.
2534 2569 2604 2579 --
2637 2539 2709 2594 De
2764 2541 3095 2612 presbyteris
3125 2541 3469 2604 orthodoxis,

1902 2639 2031 2698 puta
2067 2627 2362 2694 Hilarione,
2398 2642 2451 2685 et
2501 2629 2775 2684 Eustratio
2812 2634 3082 2685 monacho
3117 2651 3129 2688 :
3165 2632 3471 2686 habeantne

1902 2726 2223 2785 potestatem
2254 2717 2572 2788 injungendi
2611 2721 2977 2788 poenitentias.

1975 2807 2277 2877 Responsio.
2308 2841 2378 2852 -—
2399 2809 2517 2864 Jam
2557 2811 2758 2865 dictum
2787 2820 2874 2866 est
2904 2821 2956 2866 et
2991 2812 3047 2865 in
3073 2812 3476 2881 superioribus.

240 2911 321 2964 ὅτι
351 2909 460 2984 χρὴ
488 2907 710 2961 διδόναι.
745 2904 966 2976 Ἐπειδὴ
998 2905 1054 2957 δὲ
1078 2907 1334 2976 ἐμφαίνει
1369 2907 1402 2976 ή
1433 2903 1718 2976 ἐρώτησις,
1757 2903 1802 2956 εί

1909 2898 2114 2967 iniungi
2148 2906 2421 2968 oportere.
2456 2899 2595 2966 Quia
2629 2916 2758 2955 vero
2791 2902 2967 2956 innuit
2995 2902 3370 2972 interrogatio,
3400 2918 3468 2956 an

241 3003 319 3055 δεῖ
348 3002 442 3054 καὶ
469 3001 559 3053 τὸν
585 2998 658 3069 μὴ
685 2999 879 3069 ἔχοντα
907 2996 1230 3068 ἱερωσύνην,
1263 2995 1462 3050 διδόναι
1503 2995 1644 3048 κατὰ
1669 2995 1802 3046 ἀπο-

1909 2991 1999 3060 qui
2053 2991 2306 3047 sacerdos
2353 3007 2461 3046 non
2506 3002 2610 3056 est,
2650 2995 2860 3059 debeat,
2895 2995 2986 3049 ubi
3034 2995 3333 3065 presbyteri
3365 3010 3471 3047 non

247 3094 366 3164 ρίαν
391 3089 797 3161 πρεσϐυτέρων,
838 3089 932 3142 καὶ
972 3088 1154 3141 πίστιν
1198 3086 1294 3141 τοῦ
1325 3085 1637 3157 προσιόντος
1658 3101 1676 3117 ο
1709 3084 1802 3137 οὐκ

1909 3089 2054 3141 sunt,
2105 3081 2389 3152 injungere
2430 3091 2650 3152 propter
2689 3083 2847 3137 ﬁdem
2891 3085 3244 3139 accedentis:
3279 3092 3476 3154 praeter

245 3183 348 3246 ἔξω
377 3181 470 3234 τοῦ
500 3180 732 3245 εἰκότος,
768 3182 864 3232 καὶ
911 3177 1004 3231 τὸν
1039 3177 1225 3240 ἁπλῶς
1278 3175 1510 3246 μοναχὸν
1555 3173 1802 3242 ἐπιτίμια

1909 3172 1991 3226 fas
2025 3187 2134 3225 non
2177 3182 2261 3228 est
2294 3183 2354 3227 ut
2379 3175 2462 3230 vel
2509 3175 2741 3246 simplex
2779 3179 3082 3232 monachus
3131 3176 3479 3247 pcenitentias

244 3271 462 3325 διδόναι.

1909 3264 2172 3333 imponat.

326 3363 643 3432 Ἐρώτησις
679 3358 777 3414 1Ζ’.
806 3391 874 3403 —-
904 3359 1042 3430 Περὶ
1071 3358 1392 3430 μονάζοντος
1428 3355 1519 3409 τοῦ
1552 3354 1802 3416 λαϐόντος

1976 3354 2332 3425 Interrogatio
2376 3356 2536 3411 XVII.
2565 3390 2626 3399 —
2656 3360 2726 3412 De
2755 3362 3019 3415 monacho
3050 3363 3141 3431 qui
3197 3377 3294 3430 per
3330 3361 3480 3432 igno—

246 3457 303 3510 τὸ
331 3455 478 3527 ἱερὸν
511 3453 697 3523 σχῆμα
729 3452 869 3504 κατὰ
912 3451 1134 3520 ἄγνοιαν
1159 3451 1266 3504 ἀπὸ
1290 3448 1659 3520 πρεσϐυτέρου
1693 3463 1802 3516 χει-

1909 3447 2136 3502 rantiam
2158 3463 2372 3503 sacrum
2407 3450 2648 3503 habitum
2680 3453 2888 3520 accepit
2919 3468 2950 3507 a
3006 3453 3324 3524 presbytero
3386 3471 3481 3522 per

251 3544 628 3619 ροτονηθέντος
654 3541 758 3595 ὑπὸ
790 3541 1200 3613 καθῃρημένου.

1909 3537 2214 3606 depositum
2257 3539 2530 3592 ordinato.

221 3650 223 3653 '
255 3618 260 3619 ί
325 3634 696 3701 Ἀπόκρισις.
732 3660 806 3671 —
833 3630 1060 3701 Εἴρηται
1092 3631 1150 3682 ὲν
1179 3629 1351 3700 ἑτέρῳ
1387 3626 1690 3697 κεφαλαίῳ,
1726 3627 1802 3678 ὅτι

1975 3628 2277 3695 Responsio.
2317 3629 2464 3683 —In
2516 3630 2623 3685 alio
2672 3633 2850 3702 capite
2896 3632 3100 3688 dictum
3129 3647 3210 3688 est
3247 3655 3260 3689 :
3318 3618 3482 3690 Omne

252 3727 376 3785 Πᾶν
405 3726 472 3781 τὸ
511 3724 660 3778 κατὰ
698 3721 968 3791 ἄγνοιαν,
1012 3718 1531 3788 καθαρισθήσεται.
1580 3718 1690 3770 Καὶ
1711 3716 1802 3767 οὐκ

1909 3723 2042 3791 quod
2073 3736 2163 3788 per
2200 3722 2590 3790 ignorantiam,
2630 3725 2990 3778 mandabitur.
3017 3724 3127 3782 Nec
3165 3726 3290 3781 licet
3325 3742 3482 3782 aver-

253 3822 368 3887 ἐξὸν
390 3814 834 3886 ἀποστρέφεσθαι
863 3813 962 3883 τὴν
983 3813 1122 3883 μετὰ
1144 3811 1240 3864 τοῦ
1256 3809 1500 3864 τοιούτου
1532 3807 1802 3860 συνεστια-

1909 3813 2016 3868 sari
2069 3826 2416 3868 communem
2499 3831 2622 3869 cum
2694 3816 2798 3870 isto
2867 3817 3075 3882 cibum,
3146 3834 3320 3887 neque
3380 3821 3484 3875 alia

256 3931 356 3978 σιν,
386 3911 485 3966 καὶ
511 3910 605 3962 ἐπὶ
636 3907 810 3963 ἄλλων
839 3906 936 3978 τὴν
978 3903 1250 3975 σύμϐασιν
1279 3903 1578 3957 ποιούντων
1609 3898 1802 3970 ὁμοίως

1909 3905 2159 3960 similiter
2260 3919 2380 3972 quae
2466 3905 2814 3960 concordiam
2886 3916 2940 3961 et
3011 3909 3311 3964 amicitiam
3403 3910 3486 3965 fo-

257 4006 345 4058 καὶ
375 4002 580 4071 φιλίαν.

1912 4009 2055 4052 γοιιι.

321 4093 512 4148 Ταῦτά
545 4110 625 4145 σοι
658 4091 756 4161 μὲν
801 4089 875 4149 ῶς
909 4087 1176 4157 συμψύχῳ
1222 4087 1316 4139 καὶ
1356 4085 1615 4155 συμπόνῳ
1652 4085 1802 4153 ἡμεῖς

1981 4093 2156 4160 Atque
2200 4091 2316 4145 haec
2363 4090 2583 4159 quidem
2617 4090 2711 4145 tibi
2752 4101 3014 4160 tanquam
3039 4093 3285 4147 unanimi
3318 4103 3375 4147 et
3404 4094 3484 4147 la-

258 4188 394 4242 κατὰ
430 4187 493 4239 τὸ
527 4184 748 4254 ἐφικτὸν
798 4181 1198 4250 ἁνεπτύξαμεν.
1230 4180 1400 4241 Αύτδς
1434 4179 1491 4231 δὲ
1529 4176 1802 4248 μεταδοίης

1912 4183 2106 4236 borum
2142 4182 2293 4236 socio
2329 4198 2434 4235 nos
2472 4197 2570 4250 pro
2595 4182 2802 4238 viribus
2840 4184 3217 4254 explicuimus.
3250 4183 3329 4238 Tu
3361 4199 3488 4240 vero

258 4275 512 4347 ἀσφαλῶς
540 4277 651 4338 τοῖς
682 4275 1094 4343 ὲπερωτήσασιν
1132 4271 1397 4340 ἀδελφοῖς.
1434 4270 1515 4322 Οὐ
1539 4269 1647 4337 γὰρ
1668 4266 1802 4321 πάγη

1914 4291 1975 4328 ea
2032 4285 2192 4330 caute
2247 4275 2446 4329 tradito
2506 4274 2769 4329 fratribus
2830 4275 2921 4344 qui
2993 4276 3486 4345 interrogaverunt.

259 4387 370 4424 των
395 4370 434 4437 ἡ
466 4368 670 4431 πίστις
695 4382 709 4398 ·
727 4366 845 4418 οὐδὲ
868 4365 1082 4426 πολλοῖς
1113 4362 1488 4432 ὲκπέφρασται
1510 4360 1578 4414 τὰ
1599 4358 1771 4412 τοιάδε
1796 4373 1802 4389 ε

1915 4367 2038 4421 Νοη
2082 4369 2222 4421 enim
2249 4368 2484 4420 omnium
2511 4377 2585 4420 est
2620 4366 2749 4436 ﬁdes
2770 4368 2852 4422 ":
2903 4382 3076 4437 neque
3101 4368 3216 4423 haec
3247 4369 3489 4438 exposita

261 4462 317 4514 οὐ
355 4461 517 4531 μόνον
533 4457 621 4511 διὰ
649 4458 749 4529 τὴν
773 4457 956 4510 ἄνοιαν
978 4455 1083 4509 τῶν
1101 4453 1492 4524 ἀνομησάντων
1515 4492 1529 4517 ,
1558 4450 1692 4503 ἀλλὰ
1722 4450 1802 4502 καῖ

1919 4470 2050 4512 sunt
2077 4459 2262 4513 multis
2295 4476 2309 4512 :
2338 4474 2446 4511 non
2483 4459 2647 4512 modo
2681 4468 2898 4528 propter
2943 4460 3267 4515 dementiam
3297 4475 3489 4515 eorum

261 4551 344 4604 διὰ
377 4554 506 4614 τοὺς
532 4549 874 4618 πειρασμοὺς
900 4549 1009 4600 τῶν
1047 4545 1413 4616 κρατούντων.
1454 4544 1592 4598 Ἀνθ’
1625 4537 1699 4596 ὧν
1759 4541 1802 4594 δὲ

1920 4551 2012 4619 qui
2063 4549 2445 4618 deliquerunt;
2508 4550 2600 4603 sed
2656 4549 2820 4606 etiam
2881 4560 3105 4620 propter
3158 4552 3491 4608 teutationcs

260 4642 307 4694 οί
330 4641 714 4694 εύλαϐέστατοι
747 4638 1153 4692 ἅπεστάλκασιν
1180 4637 1490 4690 ἀποστόλων
1524 4634 1731 4687 πολλῶν
1759 4651 1802 4686 τε

1924 4654 2125 4692 eorum
2146 4640 2238 4707 qui
2280 4639 2654 4694 dominantur.
2692 4638 2800 4692 Pro
2830 4639 2898 4692 iis
2924 4650 3106 4693 autem
3140 4642 3326 4696 multis
3356 4657 3493 4712 prae-

264 4732 353 4783 καὶ
384 4729 590 4794 καλῶν,
627 4727 944 4799 άμείψοιντο
977 4727 1128 4795 παρὰ
1157 4726 1290 4778 Θεοῦ
1318 4723 1416 4795 τὴν
1458 4724 1614 4788 ἀξίαν
1665 4722 1802 4793 μισθ·

1925 4728 2196 4796 clarisque
2249 4729 2572 4782 muneribus
2631 4744 2752 4796 quae
2800 4728 3197 4798 religiosissimi
3244 4730 3494 4787 homines

264 4820 575 4885 αποδοσίαν,
600 4821 695 4873 καὶ
723 4820 846 4873 τάδε
870 4817 961 4871 δύο
979 4817 1311 4886 μαλακίσκια
1332 4818 1409 4877 εἰς
1430 4816 1725 4885 ὑπόμνημα
1738 4831 1802 4881 φιλ

1927 4821 2220 4885 miserunt,
2284 4819 2500 4888 dignam
2553 4835 2582 4873 a
2635 4820 2744 4875 Deo
2800 4824 3292 4877 remunerationem
3351 4825 3496 4878 acci-

264 4910 398 4972 λίας.
439 4910 726 4981 Ἔρρωσθε
761 4910 818 4960 ἐν
871 4907 1084 4977 Κυρίῳ,
1137 4905 1474 4973 τιμιώτατοι,
1525 4902 1802 4971 προσευχό·

1927 4913 2099 4979 piant,
2158 4921 2212 4964 et
2261 4912 2358 4966 has
2407 4912 2545 4965 duas
2586 4913 2869 4981 sportellas
2914 4914 2979 4970 in.
3009 4915 3261 4969 amicitiae
3298 4931 3494 4968 monu-

269 5016 416 5068 μενοι
450 4999 594 5070 ὑπὲρ
641 5000 797 5069 ἡμῶν
841 4997 949 5052 τῶν
1007 4995 1337 5067 ἁμαρτωλῶν
1383 4995 1455 5048 τὰ
1495 4995 1800 5062 κρείττονα

1929 5013 2192 5055 mentum.
2256 5002 2435 5056 Valete
2489 5006 2543 5058 in
2601 5005 2846 5070 Domino,
2888 5006 3350 5072 reverendissimi,
3398 5023 3496 5075 pro

269 5089 363 5144 καὶ
384 5092 642 5160 ἐχόμενα
671 5091 985 5158 σωτηρίας.

1928 5094 2088 5147 nobis
2142 5095 2520 5162 peccatoribus
2565 5109 2846 5165 precantes
2890 5097 3106 5153 meliora
3159 5108 3205 5152 et
3244 5099 3497 5152 riciniora

1924 5185 2087 5237 saluti
2107 5184 2168 5233 ίθ.

442 5289 579 5358 Σιεῖν
605 5291 739 5361 (12).
763 5321 830 5332 --
875 5287 1121 5358 Ἰωάννῃ
1154 5289 1440 5356 κληρικῴ,
1476 5288 1685 5359 [ωμγ’.]

2325 5296 2547 5352 CCXVI.
2584 5329 2650 5338 ———
2686 5300 2880 5352 Jounni
2912 5300 3112 5356 clerico.

913 5399 1084 5450 Potius
1101 5413 1199 5449 non
1220 5412 1428 5461 peccare
1451 5404 1608 5458 curet,
1639 5412 1785 5460 qUam
1823 5401 1983 5462 qualis
2011 5417 2154 5466 pretia
2196 5414 2399 5466 peccato
2436 5409 2694 5456 statuenda
2717 5411 2796 5458 sit.

341 5515 413 5567 Τδ
446 5513 548 5583 μὲν
567 5515 665 5585 τῆς
694 5515 917 5582 ἀγάπης
951 5529 1046 5566 σου
1075 5512 1244 5582 δῶρον
1275 5505 1681 5582 ἀπεδεξάμεθα,
1717 5491 1837 5580 φίλε

343 5649 386 5680 ¹⁸
415 5646 588 5716 Levit,
622 5660 698 5711 tv,
735 5645 789 5700 2.
869 5646 910 5676 '7
940 5643 978 5697 ll
1011 5641 1201 5700 Thess.
1247 5658 1328 5709 ιιι,
1365 5641 1418 5696 2.
1499 5641 1538 5673 ³⁸
1567 5639 1732 5699 Hebr.
1771 5659 1841 5708 vt,
1868 5643 1919 5698 9.

1781 5738 2008 5796 ΝΟΤΑΞ.

2017 5516 2335 5575 Dilectionis
2377 5529 2480 5575 tuae
2515 5534 2713 5576 munus
2748 5521 3074 5591 accepimus,
3117 5520 3288 5576 amice
3320 5521 3501 5577 since-

348 5832 455 5904 (12)
490 5832 543 5888 In
576 5832 693 5889 cod.
732 5831 860 5902 Reg.
895 5830 1013 5884 620'.
