3966 6476
495 326 628 394 1655
1671 324 1731 384 S.
1752 321 2142 384 THEODORI
2173 322 2518 384 STUDlT/E
3607 324 3745 392 1656

492 438 733 495 rissime.
766 438 846 493 Ad
884 433 1371 505 interrogationem
1421 448 1552 489 vero
1580 442 1752 501 tuam,
1786 449 1896 505 qua
1923 433 2064 489 scire

2186 435 2516 507 rv'qctdnate.
2564 434 2638 489 Τὸ
2681 433 2738 487 δὲ
2776 431 2985 503 αἴτημα
3038 433 3178 505 ὅπερ
3225 432 3340 505 (12)
3379 436 3570 506 ᾐτήσω
3605 438 3744 510 πρὸς

493 549 641 601 aves,
676 547 798 603 quae
851 545 1010 601 pcena
1057 530 1131 586 sit
1174 529 1394 593 luenda,
1446 528 1493 583 si
1525 529 1818 600 contigerit
1853 539 1907 584 te
1937 544 2064 585 cum

2186 529 2249 591 :b,
2282 527 2377 579 ὲάν
2402 526 2582 597 φθάσῃ
2609 524 3027 595 συνεστιαθῆναι
3074 527 3396 595 αἱρετικοῖς,
3432 527 3635 582 εἰδέναι
3680 530 3743 585 τὸ

494 628 765 683 haereticis
821 625 1129 688 convivari;
1177 625 1289 679 hoc
1332 625 1723 694 respondemus
1759 625 1867 679 :in
1917 624 2066 678 omni

2186 618 2469 688 ιπιτίμιον,
2509 618 2687 669 ἐκεῖνο
2716 616 2950 686 λέγομεν
2976 656 2993 681 ,
3018 618 3101 670 ὅτι
3134 617 3229 670 ἐπὶ
3251 618 3454 682 παντὸς
3488 620 3741 692 ἁμαρτή-

495 715 713 786 quidem
745 724 967 785 peccato
997 721 1242 783 paratam
1266 729 1388 768 esse
1421 714 1637 768 veniam
1664 714 1870 768 idonea:
1892 713 2070 784 paeni-

495 807 677 861 tentiae
715 825 730 861 :
769 816 1024 862 caeterum
1073 816 1200 861 ante
1253 818 1537 875 peccatum
1572 821 1788 874 poenam
1822 815 2070 860 Statuere

496 912 605 963 non
639 897 823 962 licere,
872 896 1191 967 peccatique
1227 895 1453 965 jauuam
1498 895 1605 949 hoc
1638 894 1799 948 modo
1831 894 2067 964 aperire.

495 988 682 1058 Neque
730 988 875 1041 enim
913 987 960 1041 si
1009 986 1387 1057 perconteris:
1436 983 1491 1038 Si
1526 983 1837 1039 moechatus
1889 981 2070 1047 fuero,

495 1080 639 1150 quod
670 1078 859 1141 nolim,
892 1093 1143 1147 quaenam
1173 1078 1278 1132 erit
1304 1078 1498 1146 pcena?
1519 1077 1585 1131 de
1612 1077 1714 1131 bac
1746 1077 2074 1146 respondere

496 1171 671 1225 debeo
708 1189 721 1226 :
767 1170 1013 1226 incitatio
1044 1170 1188 1224 enim
1222 1177 1307 1223 est
1340 1169 1406 1223 ad
1453 1169 1808 1238 peccandum.
1852 1167 1957 1223 Sed
1997 1170 2073 1225 ita

496 1262 934 1332 respondendum
981 1271 1105 1317 est:
1169 1259 1310 1315 Cave
1342 1276 1409 1314 ue
1462 1271 1743 1329 peccatum
1793 1261 2072 1324 admittas,

499 1354 754 1425 pedemve
789 1354 855 1408 ad
902 1354 1135 1425 lapidem
1166 1352 1433 1419 oﬂendas,
1465 1352 1580 1407 sive
1614 1353 1914 1418 intellectu,
1959 1353 2075 1408 sive

497 1460 685 1501 sensu.
740 1444 840 1501 Ubi
870 1456 1047 1500 autem
1093 1444 1413 1509 oﬂ'enderis,
1462 1451 1591 1498 tunc
1633 1445 1877 1501 medicus
1912 1445 2073 1499 obse-

498 1535 671 1590 cranti
711 1546 764 1590 et
796 1536 1080 1605 pteuitcnti
1121 1535 1378 1591 idoneum
1425 1534 1488 1588 ad
1529 1536 1866 1588 sanationem
1898 1550 2076 1589 reme-

497 1628 648 1683 dium
699 1627 1001 1681 adhibebit.
1066 1626 1193 1682 Hanc.
1242 1626 1337 1681 tibi
1394 1642 1588 1696 magna
1616 1641 1741 1681 cum
1774 1628 2077 1681 attentione

501 1719 720 1790 scripsi,
769 1734 955 1785 orans,
1008 1719 1224 1795 dilecte,
1273 1727 1332 1773 ut
1374 1718 1443 1772 ab
1477 1717 1623 1771 omni
1675 1717 1819 1773 malo
1877 1717 2073 1772 libere-

503 1812 598 1867 ris.

818 1920 1071 1977 CCXVII.
1102 1951 1171 1964 --
1204 1920 1480 1976 Thomaidi
1514 1923 1702 1992 virgini
1723 1922 1811 1992 (‘).

2172 722 2341 776 ματος
2368 708 2401 775 ἡ
2430 705 2709 773 ἀξιόλογος
2742 707 3001 775 μετάνοια
3040 706 3138 778 τὴν
3196 708 3545 779 συγχώρησιν
3589 710 3736 783 ἔχει’

2169 798 2229 850 οὐ
2265 797 2377 868 μὴν
2400 798 2506 868 πρὸ
2548 798 2643 850 τοῦ
2690 799 3087 869 ἁμαρτήματος
3126 799 3335 865 ἔξεστιν
3370 803 3625 873 ἐπιτίμια
3662 822 3745 858 τι·

2172 888 2340 951 θέναι,
2377 889 2472 941 καὶ
2495 890 2730 956 ἀνοίγειν
2765 889 3016 943 ἐντεῦθεν
3061 891 3160 960 τὴν
3210 889 3380 960 θύραν
3430 894 3533 958 τῆς
3562 896 3747 966 ἀμαρ-

2170 978 2308 1040 τίας.
2340 977 2473 1031 Οὐδὲ
2504 979 2613 1048 γὰρ
2646 979 2738 1032 ὲάν
2762 981 3061 1055 ἐρωτήσῃςν
3089 982 3151 1036 Εἰ
3179 982 3373 1052 φθάσω
3406 986 3708 1055 πορνεῦσαι
3728 1030 3743 1049 ,

2170 1069 2247 1134 ὡς
2274 1070 2336 1123 οὐ
2373 1068 2657 1140 βούλομαι,
2688 1071 2740 1123 τί
2762 1074 2824 1125 τὸ
2845 1073 3154 1143 ἐπιτίμιον;
3187 1076 3293 1146 χρή
3337 1093 3405 1145 με
3436 1079 3744 1149 ἀποκριθῆ-

2170 1162 2258 1215 ναί
2283 1179 2364 1216 σοι
2388 1162 2539 1215 τόδε·
2574 1166 2856 1235 προτροπὴ
2905 1165 3015 1235 γάρ
3061 1167 3268 1234 γίνεται
3312 1167 3409 1221 τοῦ
3453 1171 3745 1241 ἁμαρτεῖν.

2183 1254 2343 1309 Ἀλλά
2368 1254 2525 1307 τοῦτο
2548 1255 2873 1325 ἀποκριτέον
2891 1273 2907 1289 ο
2937 1257 3027 1327 Μὴ
3052 1258 3275 1328 ποιῆσαι
3310 1259 3409 1331 τὴν
3442 1261 3745 1331 ἁμαρτίαν,

2176 1345 2311 1416 μηδὲ
2344 1346 2649 1415 προσκόψαι
2684 1346 2819 1416 πρὸς
2868 1348 3015 1402 λίθον
3056 1349 3147 1404 τὸν
3192 1334 3471 1417 πόδα,’καὶ
3514 1353 3746 1423 νοητῶς,

2173 1437 2269 1490 καὶ
2303 1438 2597 1502 αίσθητῶς.
2613 1438 2781 1491 Ὅταν
2795 1438 2852 1492 δὲ
2872 1440 3212 1513 προσκόψῃς,
3235 1443 3357 1496 τότε
3373 1445 3401 1497 ὁ
3434 1445 3620 1515 ἰατρὸς
3641 1461 3751 1498 πα-

2174 1527 2500 1598 ρακαλοῦντι
2554 1528 2650 1580 καὶ
2704 1530 3059 1597 μετανοοῦντι
3090 1531 3367 1586 ἐπιδίδωσι
3396 1533 3457 1586 τὸ
3479 1534 3752 1604 θεραπευ-

2172 1618 2323 1670 τικὸν
2358 1618 2512 1689 ἴαμα.
2543 1618 2728 1672 Ταῦτά
2745 1636 2828 1673 σοι
2860 1622 3118 1693 γέγραφα
3150 1625 3249 1677 σὺν
3278 1624 3447 1696 πολλῇ
3482 1627 3750 1698 προσοχῇ,

2176 1710 2469 1781 εὐχόμενος
2528 1709 2793 1780 ῥυσθῆναί
2847 1729 2928 1777 σε,
2983 1715 3333 1786 ὴγαπημένε,
3383 1716 3494 1770 ἀπὸ
3548 1718 3752 1782 παντὸς

2109 1821 2152 1875 Β
2178 1803 2370 1857 κακοῦ.

2254 1916 2372 1970 ΣΙΖ¹
2398 1917 2536 1986 (15).
2570 1948 2639 1958 -
2670 1918 2921 1985 Θωμαΐδι
2959 1922 3435 1994 παρθενευούσῃ.
3470 1922 3679 1998 [ωμζξ]

1336 2033 1412 2085 De
1446 2045 1509 2082 eo
1533 2034 1665 2097 quod
1691 2046 2003 2097 nequaquam
2042 2031 2184 2083 latria
2202 2029 2383 2080 colitur
2404 2029 2566 2094 imago
2598 2031 2811 2082 Domini.

575 2142 1007 2213 PrOpositionem
1081 2144 1400 2199 reverentia:
1462 2154 1606 2207 tuae,
1658 2160 1725 2198 ex
1780 2144 1901 2196 viva
1949 2156 2080 2196 voce

507 2235 798 2290 admodum
838 2234 1144 2290 honorandi
1175 2234 1386 2290 domini
1424 2235 1685 2289 archiatri
1723 2233 1880 2288 laetus
1930 2247 2081 2288 acceo

504 2324 584 2395 pi,
634 2334 821 2394 utpote
867 2340 898 2379 a
932 2326 1237 2396 propinquo
1269 2327 1469 2396 Deique
1502 2334 1719 2379 amante
1748 2326 2076 2395 expasitam.

505 2415 615 2471 Nec
638 2430 833 2471 recuso
858 2415 942 2470 vel
977 2431 1008 2470 a
1040 2415 1241 2471 femina
1272 2417 1483 2471 discere
1512 2418 1785 2471 interdum
1814 2415 1959 2484 quod
1994 2430 2081 2470 me

506 2510 655 2563 latet.
691 2510 943 2563 Attamen
964 2509 1032 2564 de
1061 2510 1496 2564 venerandarum
1547 2509 1846 2578 imaginum
1882 2508 2082 2562 adora-

506 2603 676 2667 tione,
731 2602 911 2671 qualis
955 2616 1077 2656 esse
1133 2601 1350 2666 debeat,
1399 2604 1688 2672 ignorasse
1718 2616 1827 2655 nou
1871 2600 2077 2656 videor.

506 2691 620 2750 Nos
651 2694 856 2763 itaque,
887 2692 1377 2750 reverendissima.
1412 2703 1471 2745 ut
1502 2692 1569 2747 de
1606 2692 1727 2747 aliis
1758 2693 1811 2745 in
1843 2706 2082 2760 praesens

506 2788 690 2841 dicere
736 2787 1023 2849 omittam,
1081 2784 1371 2854 imaginem
1435 2784 1651 2838 Domini
1725 2784 1898 2838 nostri
1952 2781 2083 2838 Jesu

508 2879 710 2934 Christi
736 2879 817 2933 sic
850 2878 1168 2940 adoramus,
1200 2888 1259 2932 ut
1294 2879 1472 2947 ipsum
1510 2877 1800 2932 Dominum
1838 2887 2083 2933 nostrum

507 2970 694 3027 Jesum
730 2970 1037 3027 Christum.
1103 2968 1221 3026 Hoc
1252 2980 1455 3035 autem,
1482 2968 1654 3033 Sicut,
1708 2969 2085 3025 similitudinis

507 3070 611 3126 est,
641 3077 748 3116 non
777 3061 1205 3116 conﬁrmationis
1232 3078 1245 3114 :
1280 3061 1544 3129 alioquin,
1576 3074 1682 3113 non
1720 3059 1901 3129 imago
1928 3056 2087 3112 Chri-

510 3154 601 3220 sti,
627 3153 720 3209 sed
745 3152 997 3207 Christus
1044 3153 1161 3220 ipse
1183 3160 1350 3206 esset.
1396 3152 1466 3203 At
1505 3166 1631 3207 vero
1672 3152 1851 3220 imago
1878 3149 2084 3205 Christi

510 3255 593 3300 est
620 3262 634 3298 :
663 3255 717 3299 et
746 3244 836 3299 ille
860 3244 911 3297 in
941 3245 1294 3314 suaimagiue
1320 3243 1580 3297 adoratus
1607 3252 1712 3305 est,
1744 3254 1799 3297 et
1827 3248 2084 3317 tanquAm

2250 2139 2570 2210 Περιχαρῶς
2594 2139 2862 2212 ἐδεξάμην
2885 2142 2984 2212 τὴν
3015 2144 3278 2213 πρότασιν
3315 2144 3416 2214 τῆς
3436 2146 3755 2219 τιμιότητός

2182 2245 2298 2295 σου,
2333 2228 2421 2281 διὰ
2457 2231 2638 2299 φωνῆς
2669 2230 2850 2301 ζώσης
2878 2230 2973 2285 τοῦ
3009 2233 3310 2304 ὑπερτίμου
3340 2236 3538 2306 κυρίου
3556 2238 3754 2309 ἀρχιή-

2179 2336 2343 2389 τρου,
2372 2318 2469 2373 ἆτε
2493 2319 2647 2390 παρά
2675 2322 2974 2389 συγγενοῦς
3020 2325 3111 2376 καὶ
3157 2324 3441 2392 θεοφιλοῦς
3489 2343 3755 2397 προσφω-

2180 2407 2455 2479 νηθείσης.
2485 2409 2595 2461 Καὶ
2627 2410 2727 2463 οὐκ
2753 2412 3123 2483 ἀπαναίνομαι
3168 2415 3262 2467 καὶ
3305 2414 3458 2486 παρὰ
3491 2420 3758 2485 γυναικὸς

2185 2504 2474 2575 μανθάνειν
2503 2502 2615 2557 ἔσθ’
2652 2506 2741 2559 ὅτε
2765 2506 2825 2560 τὸ
2844 2506 3126 2561 λανθάνον.
3156 2509 3231 2561 Οὐ
3263 2508 3369 2579 μὴν
3393 2508 3538 2563 δοκῶ
3556 2512 3758 2584 ἠγνοη-

2182 2594 2337 2648 κέναι
2362 2595 2460 2666 τὴν
2505 2595 2634 2666 περὶ
2683 2596 2792 2650 τῶν
2837 2597 3048 2650 σεπτῶν
3092 2594 3315 2652 εἰκόνων
3357 2602 3758 2673 προσκύνησιν,

2181 2690 2327 2751 ὅπως
2356 2688 2557 2757 ὀφείλει
2583 2687 2748 2743 εἶναι.
2794 2687 2987 2759 Ἡμεῖς
3018 2690 3329 2761 τοιγαροῦν,
3350 2685 3397 2747 ὦ
3424 2695 3758 2765 τιμιωτάτη.

2184 2780 2270 2833 ἵνα
2297 2780 2427 2853 περ),
2456 2780 2564 2834 τῶν
2596 2779 2773 2834 ἄλλων
2802 2780 2949 2834 ἐάσω
2984 2782 3045 2835 τὸ
3087 2784 3261 2853 παρὸν
3301 2783 3515 2854 λέγειν,
3550 2787 3651 2856 τὴν
3679 2790 3764 2842 εἰ·

2185 2874 2317 2926 κόνα
2350 2874 2441 2927 τοῦ
2470 2875 2673 2946 Κυρίου
2705 2876 2863 2945 ἡμῶν
2906 2875 3078 2947 Ἰησοῦ
3114 2878 3352 2948 Χριστοῦ
3385 2880 3560 2945 οὕτως
3589 2900 3764 2954 προσ-

2188 2966 2477 3034 κυνοῦμεν,
2518 2966 2593 3029 ὡς
2624 2967 2787 3019 αὑτὸν
2819 2967 3024 3037 Κύριον
3056 2968 3222 3041 ἡμῶν
3262 2970 3473 3037 Ἰησοῦν
3496 2972 3542 3025 Χ
3552 2975 3760 3041 ριστόν.

2189 3056 2261 3107 Τὸ
2286 3056 2365 3115 δὲ,
2408 3056 2522 3121 Ὡς,
2552 3056 2709 3109 τοῦτο
2739 3057 3049 3125 ὁμοιώσεώς
3080 3038 3254 3122 ἐστιν,
3280 3060 3393 3115 ἀλλ’
3420 3062 3481 3115 οὐ
3525 3038 3765 3133 βεϐαιώ-

2191 3162 2359 3210 σεωςι
2398 3164 2430 3209 η
2490 3146 2597 3217 γὰρ
2642 3152 2710 3203 ἀν
2775 3153 2873 3201 οὐκ
2936 3151 3099 3203 εικὼν
3139 3151 3398 3221 Χριστοῦ,
3434 3154 3553 3207 ἀλλ’
3598 3158 3765 3222 αὐτὸς

2190 3237 2421 3311 Χριστός
2446 3240 2617 3293 ἐστιν.
2684 3235 2821 3294 Δλλὰ
2852 3242 2959 3313 μὴ)
2990 3244 3154 3297 εἰκὼν
3188 3244 3426 3314 Χριστοῦ
3468 3247 3643 3311 ἐστιν,
3667 3250 3767 3303 καὶ

513 3336 739 3391 alterum
775 3336 828 3389 in
872 3335 1042 3389 altero
1094 3345 1177 3389 est
1215 3343 1489 3389 ostensus.
1525 3335 1614 3388 Ait
1654 3335 1800 3389 enim
1843 3334 2082 3405 Chryso-

2191 3334 2249 3385 ὲν
2282 3335 2348 3404 τῇ
2373 3331 2539 3386 αὑτοῦ
2561 3333 2729 3387 εἰκόνι
2752 3334 3213 3406 προσκεκύνηται,
3242 3336 3336 3389 καὶ
3363 3336 3439 3400 ὡς
3479 3336 3673 3408 ἕτερον
3707 3342 3768 3393 ὲν

511 3433 722 3478 stomus
746 3424 831 3477 “z
872 3441 890 3473 ι
928 3420 1048 3477 Vidi
1080 3423 1332 3493 angelum
1370 3423 1423 3477 in
1461 3424 1744 3494 imagine:
1788 3441 1808 3475 ›
1860 3438 1914 3479 et
1952 3424 2082 3479 Gre-

2191 3427 2363 3497 ἑτέρῳ
2384 3426 2670 3480 δέδεικται.
2695 3428 2833 3497 Φησὶ
2871 3426 2979 3495 γάρ
3015 3429 3044 3479 ό
3097 3427 3482 3498 Χρυσόστομος
3502 3444 3518 3461 ·
3548 3448 3569 3482 σ
3610 3424 3770 3486 Εἶδον

509 3514 698 3587 gorius
735 3513 1046 3581 Theologus
1072 3531 1289 3570 rursum
1310 3517 1355 3548 ¹⁰
1389 3535 1402 3570 :
1449 3535 1468 3569 ι
1498 3514 1649 3571 Hanc
1674 3525 1855 3572 autem
1883 3518 2089 3573 intente

510 3608 878 3679 prospiciebat
902 3607 1159 3664 Polemon
1188 3609 1244 3663 in
1277 3609 1537 3681 imagine.
1588 3630 1605 3663 ι
1647 3611 1814 3682 Igitur
1844 3620 1898 3668 et
1925 3611 2086 3669 Chri-

511 3707 631 3756 stus
662 3699 717 3753 in
751 3713 812 3754 ea
863 3699 1100 3768 imagine
1152 3700 1400 3755 cernitur
1441 3710 1496 3755 et
1529 3702 1788 3756 adoratur
1823 3718 1837 3755 :
1894 3717 2084 3756 verum

511 3787 616 3842 etsi
649 3802 747 3858 per
798 3787 1260 3856 similitudinem;
1303 3803 1410 3843 non
1440 3799 1617 3844 tamen
1655 3789 1794 3855 ideo,
1818 3789 1945 3859 quia
1971 3790 2086 3860 ipse

514 3882 776 3935 adoratur
813 3889 868 3935 et
893 3881 1009 3951 ipse
1031 3881 1190 3936 latria
1216 3882 1433 3945 colitur,
1470 3883 1651 3952 imago
1674 3884 1829 3939 latria
1859 3884 2084 3940 colenda

512 3981 596 4026 est
626 3988 640 4026 :
680 3970 952 4040 siquidem
986 3971 1193 4024 nullum
1233 3971 1376 4026 foret
1402 3971 1697 4027 discrimen
1746 3973 2001 4043 imaginis
2033 3985 2087 4030 et

514 4063 807 4135 prototypi.
845 4063 1033 4133 Itaque
1084 4064 1195 4119 haec
1237 4075 1366 4119 sunt
1395 4065 1524 4128 duo,
1556 4067 1807 4121 essentia:
1829 4065 2085 4123 diﬂ‘eren-

513 4154 747 4239 tia,_sed
804 4169 913 4209 non
959 4155 1273 4225 hypostasis
1331 4157 1704 4212 similitudine.
1754 4157 1835 4213 Ad
1870 4160 2005 4221 haec,
2038 4160 2084 4214 si

514 4249 630 4325 sola
671 4248 912 4304 Trinitas
939 4249 1097 4304 latria
1123 4250 1344 4317 colitur,
1385 4266 1495 4320 quo
1532 4260 1693 4321 pacto
1719 4259 1885 4321 queat
1920 4252 2085 4307 etiam

514 4341 694 4410 imago
742 4340 899 4395 latria
942 4341 1085 4395 coli?
1113 4343 1454 4411 quaternitas
1499 4344 1644 4398 enim
1678 4342 1821 4398 facta
1846 4342 2087 4400 Trinitas

513 4431 837 4498 invenietur,
885 4433 1166 4488 additione
1207 4443 1484 4500 suscepta,
1516 4436 1658 4504 quod
1704 4436 1931 4503 impium
1980 4447 2083 4492 est.

517 4526 672 4593 Quod
701 4528 744 4582 si
767 4528 983 4597 proprie
1009 4543 1073 4583 ac
1104 4528 1453 4597 peculiariter
1483 4529 1643 4581 habet
1670 4529 1851 4600 imago
1881 4530 2083 4585 Christi

514 4630 578 4673 ut
628 4620 787 4673 latria
814 4619 1037 4673 colenda
1072 4619 1175 4688 sit;
1218 4618 1324 4673 boc
1367 4619 1531 4673 etiam
1565 4620 1726 4673 modo
1764 4620 1936 4675 latri-.e
1967 4624 2086 4679 duae

515 4711 887 4780 deprehensae,
922 4712 987 4765 ad
1024 4720 1286 4766 creatura:
1315 4712 1520 4765 cultum
1544 4727 1641 4765 nos
1673 4713 1961 4778 adducent,
1985 4728 2083 4784 pe—

515 4802 670 4856 rinde
715 4817 778 4856 ac
827 4802 1051 4855 haeresis
1101 4801 1426 4855 Arianorum
1506 4801 1610 4855 Sed
1647 4817 1814 4872 apage
1858 4803 2086 4871 impium

516 4907 758 4946 sensum.
791 4892 865 4945 'l‘e
886 4907 1016 4945 vero
1038 4892 1215 4946 bonus
1246 4890 1387 4946 Deus
1414 4902 1599 4946 noster
1628 4901 1807 4947 servet
1838 4893 2083 4960 illaesam,

517 4995 569 5037 et
603 4984 722 5037 sine
764 4984 1084 5047 oﬂ‘ensione,
1132 4995 1246 5038 tum
1282 4984 1338 5038 in
1386 4985 1687 5039 orthodoxa
1719 4985 1843 5049 ﬁde,
1882 4995 1994 5039 tum
2032 4987 2085 5039 in

517 5078 748 5133 honesta
808 5080 929 5132 vitae
985 5080 1317 5145 conditione,
1372 5095 1536 5150 quam
1585 5096 1679 5153 per
1716 5080 2083 5150 virginitatem

518 5170 752 5240 elegisti,
781 5182 839 5225 ut
869 5171 1080 5241 placeas
1114 5172 1358 5226 Domino.

610 5424 651 5457 "
683 5423 877 5481 Sermo
904 5428 924 5479 t
965 5426 1032 5481 de
1053 5426 1285 5483 diversis
1312 5428 1601 5501 utriusque
1657 5429 1993 5486 Tcstamenti
2026 5427 2181 5484 locis.

2192 3518 2423 3587 ἄγγελον
2450 3519 2507 3570 ἐν
2537 3517 2704 3569 εἰκόνι
2728 3534 2740 3547 ·
2784 3536 2802 3568 ι
2834 3518 2928 3569 καὶ
2958 3520 2985 3570 ό
3012 3517 3276 3586 Θεολόγος
3314 3518 3619 3590 Γρηγόριος
3652 3522 3768 3576 πά-

2193 3609 2275 3663 λιν
2306 3623 2318 3636 ·
2358 3626 2376 3657 ι
2413 3607 2490 3677 Τῇ
2517 3606 2561 3659 δ’
2585 3602 2653 3677 ἦν
2684 3606 3050 3677 ὑπερκύπτων
3105 3607 3366 3679 Πολέμων
3418 3610 3478 3665 ὲν
3505 3612 3699 3667 εἰκόνι.
3740 3631 3762 3663 ι

2193 3700 2402 3753 Οὐκοῦν
2431 3701 2526 3757 καὶ
2564 3702 2593 3754 ὁ
2631 3700 2867 3771 Χριστὸς
2916 3703 2974 3753 ὲν
2996 3704 3060 3772 τῇ
3084 3702 3268 3774 ἐκείνη
3300 3701 3402 3775 [αι.
3436 3704 3644 3778 οἰκεία]
3682 3707 3769 3759 εί-

2192 3790 2432 3845 κόνι-καὶ
2456 3790 2736 3861 ὁρώμενός
2768 3793 2884 3844 ἐστι
2936 3792 3030 3846 καὶ
3082 3795 3580 3865 προσκυνούμενος.
3622 3797 3769 3850 Ἀλλ’

2191 3883 2239 3933 εί
2264 3882 2357 3935 καὶ⁸
2386 3883 2804 3952 ὁμοιωματικώς
2828 3924 2843 3947 ,
2876 3885 3046 3954 ὅμως,
3068 3885 3149 3940 ὅτι
3170 3886 3334 3950 αὐτὸς
3372 3890 3771 3957 προσκυνεῖται

2192 3974 2288 4027 καὶ
2339 3973 2501 4037 αὐτὸς
2551 3974 2895 4045 λατρεύεται,
2936 3977 2996 4029 οὐ
3052 3976 3158 4049 μὴν
3189 3978 3223 4049 ἠ
3255 3976 3419 4031 εἰκὼν
3452 3979 3624 4034 αὐτοῦ
3670 3981 3770 4035 λα-

2192 4067 2388 4137 τρευτή
2442 4066 2601 4120 ’ἐπεὶ
2628 4066 2781 4121 οὐδὲν
2809 4068 3067 4139 διάφορον
3111 4070 3316 4134 εἰκόνος
3353 4072 3451 4124 καὶ
3481 4074 3773 4142 πρωτοτύ-

2193 4173 2318 4209 που.
2348 4156 2607 4225 Καίτοιγε
2632 4157 2805 4211 ταῦτα
2833 4158 2946 4225 δύο,
2971 4164 3035 4231 τῇ
3056 4160 3404 4233 διαφορότητι
3428 4163 3531 4233 τῆς
3552 4164 3767 4229 οὐσίας,

2192 4250 2252 4302 οὐ
2281 4252 2345 4324 τῇ
2373 4250 2651 4320 ὁμοιότητι
2697 4254 2794 4321 τῆς
2848 4252 3217 4318 ὑποστάσεως.
3256 4254 3508 4315 Ἔπειτα,
3559 4259 3661 4310 καὶ
3718 4262 3771 4316 εί

2194 4341 2363 4410 Τριὰς
2405 4342 2538 4410 μόνη
2573 4342 2690 4394 ἐστὶ
2735 4343 3124 4414 λατρευομένη,
3164 4344 3279 4408 πῶς
3320 4345 3520 4401 δύναιτ’
3554 4348 3623 4402 ἂν
3671 4351 3771 4403 καὶ

2194 4435 2226 4499 ἡ
2258 4431 2420 4485 είκὼν
2475 4432 2867 4503 λατρεύεσθαι;
2922 4434 3276 4506 εὑρεθήσεται
3329 4437 3439 4508 γὰρ
3475 4440 3681 4510 τετρὰς
3729 4444 3766 4514 ἡ

2193 4524 2382 4591 Τριάς,
2415 4523 2734 4594 προσθήκην
2792 4525 3060 4596 δεξαμένη
3087 4543 3102 4557 ο
3140 4527 3278 4599 ὅπερ
3330 4529 3481 4582 ἐστὶν
3537 4531 3765 4597 ἀσεϐές.

2193 4614 2255 4668 Εἰ
2278 4616 2334 4668 δὲ
2365 4616 2458 4669 καὶ
2488 4616 2766 4679 ίδιαζόντω
2790 4638 2793 4640 ν
2824 4616 2938 4687 ἔχει
2961 4617 3021 4670 τὸ
3045 4618 3339 4689 λατρευτδν
3365 4622 3397 4690 ἡ
3432 4620 3598 4675 εἰκὼν
3625 4625 3769 4695 Χρι-

2194 4704 2319 4760 στοῦ
2344 4723 2356 4737 ·
2386 4707 2481 4759 καὶ
2525 4705 2667 4761 οὕτω
2696 4707 2790 4761 δύο
2815 4708 3058 4779 λατρεῖαι
3100 4712 3488 4782 εὑρισκόμεναι
3538 4716 3622 4777 είς
3654 4733 3771 4769 κτι-

2194 4795 2595 4867 σματολατρίαν
2623 4799 2767 4866 ἡμᾶς
2786 4800 3065 4866 ἀγάγοιεν,
3086 4801 3277 4871 ἐπίσης
3302 4802 3400 4872 τῆς
3417 4802 3528 4855 τῶν
3543 4804 3767 4875 ’Δρεια-

2190 4886 2293 4939 νῶν
2327 4887 2608 4958 αἱρέσεως.
2655 4890 2793 4941 Ἀλλ’
2812 4890 2992 4960 ἄπαγε
3012 4891 3107 4944 τοῦ
3133 4892 3363 4957 ἀσεϐοῦς
3383 4896 3763 4966 φρονήματος.

2191 4979 2257 5031 Σὲ
2288 4980 2343 5032 δὲ
2379 4981 2408 5031 ὁ
2438 4978 2642 5047 ἀγαθὸς
2674 4981 2805 5046 Θεὸς
2848 4980 3002 5053 ἡμῶν
3025 4984 3441 5054 περιφυλάξειεν
3470 4987 3635 5057 ἀσινῆ
3664 4991 3765 5048 καὶ

2188 5073 2537 5141 ἀπρόσκοπον
2564 5076 2629 5143 τῇ
2657 5092 2716 5125 τε
2765 5074 3030 5145 όρθοδόξῳ
3077 5076 3280 5143 πίστει,
3314 5078 3407 5131 καὶ
3460 5082 3525 5150 τῇ
3559 5096 3762 5150 σεμνο-

2192 5166 2391 5233 πρεπεῖ
2422 5162 2685 5235 πολιτείᾳ,
2715 5165 2779 5234 ἣν
2830 5165 2919 5218 διὰ
2965 5167 3261 5238 παρθενίας
3305 5170 3581 5242 προείλου,
3618 5171 3763 5243 πρὸς

2193 5256 2551 5327 εὐαρέστησιν
2581 5257 2807 5327 Κυρίου.

2285 5430 2329 5460 ⁸ο
2364 5429 2537 5483 lamb.
2574 5430 2655 5486 18.

2020 5604 2247 5661 NOTAE.

578 5758 644 5831 (‘)
678 5756 1013 5829 Dogmatica.

2279 5760 2389 5833 (l5)
2432 5760 2487 5817 in
2534 5765 2655 5821 cod.
2687 5766 2816 5834 licg.
2853 5769 2953 5822 σι’.
