3966 6524
226 494 349 558 1657
1353 494 1589 540 musa

377 603 522 656 EIH'.
556 601 664 672 (14)
687 629 755 642 -—
784 597 1086 668 Δημητρίῳ
1137 593 1367 661 ὑπάτῳ.
1391 589 1589 665 [χμβ⁹.]

1353 477 1882 540 EPISTOLARUM
1924 476 2072 538 LIB.
2100 476 2182 537 II.

1793 601 1842 653 Α

3303 478 3439 543 1658

2147 586 2419 644 CCXVIII.
2447 617 2518 629 -—
2547 588 2817 644 Demetrio
2845 589 3046 645 consuli
3070 591 3158 661 (‘).

221 738 582 792 Constantinum
607 739 741 789 Iren.
767 738 836 789 ﬁl.
862 737 925 790 ob
945 740 1144 800 nuptias
1169 736 1473 789 adulterinas
1499 731 1959 856 meritoﬂHerEgsesr:
1979 732 2190 782 alterum
2223 731 2336 792 dici,
2361 736 2576 782 attamen
2600 731 2757 795 ipsius
2777 734 3087 782 mentionem
3112 735 3161 781 in
3193 745 3248 782 re
3271 731 3436 782 divina

1707 808 1782 843 en
1959 830 1971 841 .

1707 808 1782 843 ert
1805 808 1971 843 DOSSB.

287 911 496 980 Μικροῢ
523 910 616 964 καὶ
641 924 902 981 προτερον
929 910 1016 964 διὰ
1045 909 1138 963 τοῦ
1187 909 1512 979 γράμματος
1566 906 1763 961 ἀπελο-

220 1005 519 1074 γησάμεθα,
546 1006 621 1068 ὡς
653 1004 819 1074 πολλὴ
872 1004 965 1056 καὶ
1013 1005 1151 1075 ὑπὲρ
1193 1005 1291 1075 τὴν
1343 1004 1500 1068 ἀξίαν
1548 1003 1702 1072 ἡμῶν
1734 1003 1768 1072 ἡ

219 1096 391 1156 πίστις
429 1112 540 1158 σου,
599 1093 863 1158 Δέσποτα,
894 1093 928 1162 ἦ
974 1109 1030 1146 τε
1073 1093 1205 1162 τιμὴ
1259 1094 1352 1146 καὶ
1391 1095 1425 1163 ή
1471 1094 1767 1161 ἀγάπησις.

230 1188 415 1256 Ἥμεῖς
442 1186 498 1240 δέ
527 1187 625 1256 οὐχ
672 1183 843 1248 οὕτως
899 1185 1066 1254 ἐσμὲν
1119 1183 1262 1237 καθὰ
1321 1183 1765 1252 ύπολαμὸάνετεο

217 1276 323 1331 ἀλλ’
354 1277 672 1348 ἁμαρτωλοὶ
703 1277 783 1339 είς
810 1275 964 1328 οὐδὲν
1002 1275 1211 1343 ἐφελος,
1251 1274 1378 1329 οὕτε
1437 1276 1586 1342 ὑμῖν,
1645 1274 1771 1328 οὔτε

218 1367 318 1436 μὴν
355 1366 536 1430 ἄλλοις
570 1367 926 1436 ὑπάρχοντες.
959 1365 1057 1434 Εἵη
1087 1365 1144 1418 δὲ
1194 1365 1322 1434 ὑμῖν
1369 1366 1508 1417 κατὰ
1543 1365 1643 1435 τὴν
1676 1381 1772 1416 πε-

218 1457 463 1528 ποίθησιν
484 1461 512 1512 6
546 1459 738 1527 μισθὸς
768 1458 860 1511 καὶ
887 1460 916 1512 6
946 1457 1093 1521 ﬂeo;
1119 1458 1271 1530 παρὰ
1305 1459 1538 1528 Κυρίου,
1585 1459 1681 1512 σὺν
1703 1461 1770 1529 τῇ

217 1551 374 1622 κυρίᾳ
402 1551 698 1622 ὑπατίσσῃ,
722 1551 817 1603 καὶ
851 1551 962 1613 τοτς
1011 1550 1288 1619 εὐγενέσιν
1328 1551 1481 1621 ὑμῶν
1520 1550 1770 1614 κλάδοις·

216 1637 285 1695 ῶν
311 1645 518 1707 καὶτὰς
544 1642 858 1714 προσφορὰς
879 1642 1160 1710 δεξάμενοι
1181 1644 1636 1714 προσηνέγκαμεν
1661 1643 1774 1696 Κυ-

219 1732 311 1804 ρίῳ
329 1737 400 1786 τὰ
430 1735 782 1804 χαριστήρια.
823 1733 962 1786 Ἀλλ’
987 1733 1079 1786 ἐπὶ
1099 1734 1161 1786 τὸ
1192 1736 1516 1802 κατεπεῖγον
1541 1736 1568 1787 6
1595 1734 1770 1802 λόγος.

226 1825 621 1897 Ἐλυπήθησαν,
646 1827 798 1897 φησὶ,
826 1827 966 1889 τινὲς
989 1826 1074 1880 διὰ
1096 1827 1186 1879 τὸν
1218 1826 1470 1898 δεύτερον
1501 1826 1772 1898 Ἡρώδην,

213 1919 289 1972 ὅτι
312 1919 587 1992 ὀρθόδοξος
620 1915 688 1991 ἦν
715 1920 809 1972 καὶ
842 1921 875 1989 ὴ
917 1919 1210 1988 Ἐκκλησία
1234 1919 1560 1992 μνημονεύει
1585 1919 1773 1973 αὑτοῦ.

214 2010 435 2082 Πρῶτον
469 2013 566 2082 μὲν
604 2010 847 2082 Ἡρώδην
876 2010 1105 2082 σύνηθες
1134 2011 1314 2079 λέγειν
1342 2012 1469 2074 τοὺς
1507 2010 1774 2082 κρατοῦν-

210 2118 338 2164 ταςτ
378 2101 526 2188 καθά
553 2103 760 2172 φησινὸ
793 2102 1052 2170 Θεολόγος
1075 2117 1088 2131 ⁸
1128 2119 1146 2154 ι
1194 2102 1319 2155 Ἐὰν
1357 2102 1570 2175 Ἡρώδῃ
1597 2119 1776 2172 παρα-

1939 903 2002 958 Ει
2043 904 2203 975 paulo
2241 915 2409 960 antea
2456 921 2553 975 per
2591 906 2800 962 litteras
2846 909 3394 962 commemoravimus
3419 949 3436 972 ,

1867 1007 2070 1067 quanta
2109 1007 2255 1052 esset
2300 1009 2353 1052 et
2389 1014 2552 1068 quam
2592 1015 2755 1068 supra
2786 1001 3039 1054 meritum
3092 1012 3336 1056 nostrum
3374 1002 3440 1056 ti-

1869 1089 2026 1142 ducia
2078 1100 2190 1155 tua,
2243 1089 2490 1154 Domine,
2542 1091 2888 1145 observantia
2912 1091 3062 1150 item.
3099 1108 3163 1146 ac
3190 1093 3435 1146 dilectio.

1868 1179 1978 1236 Nos
2010 1196 2140 1235 vero
2174 1196 2280 1235 non
2314 1182 2348 1235 ii
2379 1197 2571 1236 sumus
2605 1197 2744 1252 quos
2772 1198 2894 1237 esse
2929 1184 3300 1247 arbitramini,
3343 1183 3437 1238 sed

1870 1281 2205 1340 peccatores.
2264 1286 2497 1341 quorum
2553 1271 2733 1326 inanis
2804 1281 2921 1325 tum
2972 1273 3131 1325 vobis
3170 1281 3283 1325 tum
3315 1272 3440 1327 aliis

1871 1372 2038 1432 opera"
2059 1372 2161 1418 est.
2185 1362 2269 1417 Sit
2299 1372 2477 1418 autem
2499 1362 2652 1417 vobis
2675 1361 2976 1417 secundum
3011 1362 3168 1417 (idem
3200 1372 3437 1416 vestram

1871 1470 2079 1510 merces
2134 1464 2188 1509 et
2236 1455 2612 1509 misericordia
2669 1471 2700 1510 a
2748 1456 3002 1519 Domino,
3056 1470 3179 1510 cum
3217 1455 3437 1509 domina

1871 1548 2198 1611 consulissa,
2227 1546 2506 1617 nobilique
2545 1549 2730 1604 sobole
2768 1558 2946 1604 vestra
2976 1567 2989 1604 :
3019 1563 3254 1618 quorum
3287 1549 3439 1603 obla-

1874 1641 2113 1696 tionibus
2147 1641 2383 1710 acceptis
2423 1640 2722 1696 obtulimus
2763 1641 2995 1696 Domino
3039 1657 3287 1696 munera.
3325 1641 3432 1696 Sed

1873 1730 1940 1785 ad
1975 1732 2246 1802 negotium
2288 1747 2486 1801 urgens
2512 1747 2576 1786 ac
2605 1734 2971 1788 necessarium
3003 1733 3178 1788 oratio
3207 1749 3439 1788 conver-

1876 1830 2040 1877 tatur.
2071 1821 2234 1894 Aigre
2260 1821 2363 1876 fuit
2399 1824 2694 1890 nonnullis,
2728 1824 2922 1894 inquit,
2969 1824 3038 1878 ob
3067 1822 3330 1878 Herodem
3365 1824 3445 1877 al-

1877 1925 2076 1979 terum,
2122 1916 2265 1986 quod
2294 1917 2630 1972 orthodoxus
2667 1917 2849 1985 fuerit,
2887 1926 2941 1971 et
2968 1916 3210 1972 Ecclesia
3260 1916 3442 1986 ipsum

1876 2015 2281 2062 commemoret.
2310 2005 2554 2061 Primum
2585 2006 2824 2076 quidem,
2855 2007 3078 2063 solenne
3100 2016 3187 2062 est
3209 2005 3442 2061 Herodis

1877 2097 2232 2166 appellatione
2277 2097 2550 2167 principes
2598 2098 2858 2153 indicare.
2901 2096 2982 2152 Ad
3023 2113 3188 2168 quem
3223 2097 3442 2152 modum

215 2197 360 2265 στῇς,
387 2172 686 2264 σιῶπησον.
718 2215 736 2248 ι
766 2195 996 2248 Ἔπειτα
1040 2194 1412 2248 σκοπείτωσαν
1461 2197 1510 2248 οἱ
1541 2195 1774 2264 ἐπισκή-

1885 2188 2182 2260 I‘heologus
2211 2189 2329 2244 ait:
2366 2209 2384 2242 ι
2423 2190 2480 2243 Si
2529 2204 2713 2244 coram
2745 2190 2955 2244 Herode
2989 2191 3227 2256 steteris,
3261 2189 3382 2244 sile.
3416 2209 3437 2241 υ

212 2301 457 2348 πτοντες,
499 2287 548 2338 εἰ
609 2285 682 2357 μὴ
725 2286 949 2348 εἰκότως
995 2286 1411 2358 ήάφομοίωσις.
1458 2285 1516 2339 '0
1558 2284 1775 2354 πρῶτος

226 2375 472 2448 Ἡρώδης
498 2377 730 2443 γυναῖκα
753 2374 890 2446 ἔχων
913 2375 1013 2449 τὴν
1032 2374 1234 2444 Θυγατέ
1245 2391 1311 2446 ρα
1343 2373 1536 2445 Ἀρέτα
1555 2372 1649 2428 τοῦ
1677 2372 1776 2443 βα·-

215 2468 426 2532 σιλέως,
459 2469 553 2520 καὶ
605 2466 810 2538 ταύτην
862 2465 1127 2531 ἐκϐαλὼν,
1167 2467 1356 2537 εἴληφε
1405 2466 1502 2538 τὴν
1539 2468 1776 2536 γυναῖκα

212 2558 477 2611 Φιλίππου
504 2556 600 2610 τοῦ
638 2555 870 2626 ἀδελφοῦ
898 2556 1063 2612 αὑτοῦ
1118 2559 1198 2621 είς
1235 2558 1488 2629 δεύτερον
1533 2559 1777 2612 συνοικέ-

215 2665 363 2702 σιονο
399 2651 495 2703 καὶ
526 2649 712 2718 ἐπειδὴ
751 2647 902 2718 παρὰ
969 2648 1060 2700 τὸν
1098 2648 1262 2718 νόμον
1290 2650 1468 2712 τοῦτο,
1493 2649 1774 2721 ἐλέγχεται

215 2740 317 2792 ὑπὸ
347 2737 442 2792 τοῦ
472 2737 782 2809 Προδρόμου
805 2753 819 2769 ·
849 2741 942 2792 καὶ
967 2738 1041 2807 μὴ
1068 2738 1246 2809 φέρων
1266 2741 1355 2793 τὸν
1373 2739 1613 2811 ἔλεγχον,
1637 2740 1777 2794 κτεί-

214 2848 290 2884 νει
317 2833 413 2885 τὸν
436 2831 741 2902 προφήτην.
775 2825 908 2884 Εἶτα
953 2829 1088 2899 μετὰ
1138 2830 1332 2900 μικρὸν
1369 2831 1471 2884 ὑπὸ
1498 2830 1591 2885 τοῦ
1645 2831 1776 2884 ίδίου

212 2922 338 2976 λαοῦ
369 2920 753 2984 ἀνασοσευθεὶς
782 2919 1064 2988 φονεύεται
1092 2937 1106 2950 ο
1139 2920 1231 2972 τοῦ
1256 2921 1618 2988 δικαιοκρίτου
1642 2921 1776 2974 Θεοῦ

211 3014 370 3079 ἀξίαν
405 3013 777 3083 ἐπαγαγόντος
810 3013 967 3082 δίκην
1010 3011 1087 3081 τῷ
1120 2997 1373 3082 φονευτῇ,
1398 3012 1517 3065 ἀντὶ
1548 3012 1776 3066 θανάτου

214 3106 360 3160 ὁσίου
396 3104 623 3158 θάνατον
655 3105 945 3158 οίκτιστον.
980 3100 1263 3173 Ἐλθωμεν
1300 3101 1514 3156 ἐπὶ-τὸν
1553 3103 1682 3174 περὶ
1715 3096 1777 3156 οὗ

212 3199 240 3250 6
260 3197 438 3266 λόγος.

283 3291 527 3344 Γυναῖκα
559 3287 758 3350 καύτὸς
788 3286 926 3357 ἔχων
952 3286 1172 3356 Μαρίαν
1214 3285 1314 3356 τὴν
1360 3286 1606 3357 νομίμως
1650 3304 1779 3340 συν·-

214 3383 480 3451 αφθείσαν
514 3378 662 3450 αύτῷ
690 3380 754 3432 ἐκ
797 3377 1069 3449 νεότητος,
1109 3376 1354 3431 ἐκϐαλὼν
1406 3378 1628 3449 ταύτην,
1664 3396 1782 3449 μοιο

216 3474 406 3544 χικῶς,
446 3470 588 3525 κατὰ
616 3469 707 3523 τὸν
734 3469 888 3537 λόγον
923 3467 1014 3521 τοῦ
1041 3468 1268 3538 Κυρίου,
1315 3469 1503 3538 εἴληφε
1549 3472 1780 3537 γυναῖκα

214 3562 478 3632 Θεοδότην
531 3558 981 3632 κουϐικουλαρίαν
1010 3561 1087 3621 εἰς
1129 3560 1380 3629 δεύτερον
1412 3561 1742 3614 συνοικέσιον
1763 3576 1777 3593 ⁸

218 3655 310 3707 καὶ
330 3626 528 3721 ἐπειδὴ
564 3651 713 3722 παρὰ
744 3626 812 3702 {at
833 3626 1135 3718 Εὑαγγέλια
1167 3626 1340 3715 τοῦτο,
1374 3651 1649 3721 ἐλέγχεται
1679 3651 1782 3706 ὑπὸ

219 3747 509 3808 Πλάτωνος
543 3743 686 3796 κατὰ
713 3742 1004 3812 πρόσωπον
1029 3755 1044 3769 ⁶
1084 3742 1178 3793 καὶ
1207 3741 1280 3812 μὴ
1310 3742 1489 3812 φέρων
1512 3744 1604 3796 τὸν
1627 3742 1782 3811 ἔλεγ-

218 3856 330 3907 χον,
351 3837 536 3892 ,κλείει
563 3835 656 3889 τὸν
685 3835 830 3887 ὅσιον
854 3832 929 3896 ὡς
959 3831 1299 3902 τεθαμμένον
1323 3849 1338 3863 ·
1370 3827 1490 3885 εἶτα
1521 3834 1658 3903 μετὰ
1694 3851 1784 3904 μι-

217 3930 349 4002 κρὸν
382 3929 490 3981 ὑπὸ
517 3927 612 3981 τοῦ
651 3927 890 3997 ὑπηκόου
933 3925 1311 3987 ἀνασοὸευθεὶς
1349 3924 1662 3994 τυφλοῦται,
1688 3925 1782 3979 τοῦ

219 4019 548 4075 δικαιώότου
608 4018 742 4070 Θεοῦ
800 4018 1177 4087 προσήκουσαν
1213 4017 1583 4085 ἐπαγαγόντος
1631 4018 1784 4089 δίκην

220 4112 298 4182 τῷ
326 4111 654 4183 φρουριστῇ,
687 4112 805 4162 ἀντὶ
841 4107 1088 4177 φυλακῆς
1115 4106 1267 4169 ὁσίας
1295 4109 1544 4179 πήρωσιν
1584 4108 1786 4178 ὀφθαλο

223 4204 360 4280 μῶν.
403 4199 786 4255 Ἑνωτισάσθω
814 4194 907 4252 οὖν
946 4199 1052 4260 πᾶς
1084 4195 1222 4267 ἔχων
1244 4196 1390 4264 νοῦν,
1435 4197 1511 4259 ὼς
1563 4197 1668 4268 ἄρα
1711 4198 1787 4252 δι-

223 4298 392 4358 καίως
423 4291 676 4363 δεύτερος
708 4290 954 4360 Ἡρώδης
999 4291 1424 4355 Κωνσταντῖνος,
1457 4289 1545 4344 ἐπ’
1577 4290 1642 4343 ἂν
1686 4290 1785 4343 οὐκ

222 4386 348 4441 ἄλλο
375 4387 563 4438 ἔκτοτε
597 4383 757 4453 μέχρι
784 4380 878 4434 τοῦ
907 4382 1062 4453 δεῦρο
1091 4382 1341 4452 πέπραχε
1370 4381 1632 4447 τοιοῦτον,
1669 4381 1787 4436 ὀνο-

227 4478 492 4553 μάζοιτοο
537 4476 700 4539 αὐτὸς
751 4474 928 4546 ἐαυτῷ
991 4475 1326 4545 προξενήσας
1373 4475 1691 4545 πρακτικῶς
1727 4474 1788 4528 τὸ

223 4571 414 4640 ὄνομα.
452 4569 562 4623 Καὶ
588 4569 718 4640 περὶ
745 4567 936 4620 τούτου
971 4567 1271 4637 πράγματα
1305 4566 1376 4637 μὴ
1399 4568 1787 4638 παρεχέτωσαν

230 4663 377 4731 ἡμῖν.
406 4661 480 4716 Οὐ
511 4660 734 4714 δύναται
765 4657 997 4728 Χριστὸς
1021 4660 1054 4728 ἡ
1089 4658 1315 4729 ἀλήθεια
1331 4658 1634 4729 ψεύσασθαι
1662 4675 1674 4690 ·
1706 4659 1788 4710 ὅτι

232 4751 416 4825 μοιχός
443 4756 614 4815 ἐστιν,
645 4750 765 4804 οὐδὲ
789 4751 817 4802 6
849 4749 1211 4813 ἁντιπίπτων,
1245 4750 1326 4802 ὅτι
1356 4750 1428 4819 μὴ
1451 4749 1570 4820 οὐχὶ
1595 4748 1789 4820 θεομα-

1875 2277 2218 2349 Perpendant
2245 2278 2441 2333 deinde
2476 2278 2567 2349 qui
2598 2288 2878 2342 accusant,
2906 2294 3086 2332 annon
3113 2279 3446 2334 conveniens

1876 2371 2212 2441 comparatio
2265 2371 2354 2428 sit.
2398 2370 2613 2425 Primus
2658 2369 2898 2426 Herodes
2962 2387 3185 2425 uxorem
3237 2371 3446 2425 habens

1875 2465 2039 2519 tiliam
2070 2464 2247 2519 Arene
2283 2462 2446 2533 regis,
2481 2479 2544 2517 ea
2579 2464 2826 2526 dimisso,
2867 2463 3154 2534 conjugem
3207 2462 3440 2533 Philippi

1875 2551 2060 2606 fratris
2086 2551 2167 2605 sui
2198 2555 2404 2621 accepit
2433 2553 2486 2605 in
2519 2552 2746 2606 alterum
2797 2554 3130 2606 connubium
3164 2571 3176 2607 :
3224 2563 3278 2608 et
3306 2569 3449 2624 quo-

1877 2643 2023 2698 niam
2060 2644 2111 2698 id
2143 2653 2335 2714 przeter
2382 2646 2575 2714 legem,
2618 2645 2862 2715 arguitur
2887 2661 2918 2700 a
2952 2645 3339 2712 Pracursore;
3382 2661 3449 2703 ac

1877 2735 2349 2804 reprehensionem
2405 2751 2514 2791 non
2558 2735 2760 2803 ferens,
2824 2738 3146 2806 prophetam
3196 2737 3445 2793 occidit:

1876 2827 2069 2883 deinde
2105 2827 2246 2882 haud
2291 2828 2464 2882 multo
2504 2837 2626 2898 post
2661 2843 2690 2882 a
2719 2829 2940 2899 proprio
2990 2829 3187 2898 populo
3237 2830 3447 2900 ejectus

1877 2919 2180 2974 occiditur:
2233 2920 2382 2990 justo
2425 2919 2538 2975 Deo
2584 2921 2799 2974 vindice
2843 2921 3080 2975 debitam
3118 2923 3449 2992 rependente

1878 3010 2160 3064 homicidae
2199 3013 2482 3077 ultionem,
2529 3027 2628 3081 pro
2673 3012 2774 3066 viri
2806 3015 2977 3067 sancti
3013 3029 3142 3068 nece
3165 3015 3451 3069 miserabi-

1879 3101 1982 3156 lem
2022 3104 2318 3158 interitum.
2357 3105 2435 3160 Ad
2467 3123 2592 3161 eum
2651 3125 2813 3178 porro
2860 3109 3163 3176 veniamus,
3221 3109 3288 3164 de
3337 3125 3448 3180 quo

1880 3208 2062 3249 sermo
2086 3204 2166 3248 est
2209 3196 2512 3252 institutus.

1953 3285 2187 3343 Uxorem
2241 3296 2295 3344 et
2340 3291 2426 3346 hic
2485 3307 2608 3347 cum
2669 3293 2891 3348 haberet
2949 3293 3173 3348 Mariam
3214 3295 3451 3365 legitime

1882 3377 1983 3432 sibi
2032 3378 2099 3432 ab
2149 3379 2511 3436 adolescentia
2561 3385 2920 3451 copulatam;
2969 3383 3069 3438 hac
3114 3386 3307 3452 ejecta,
3354 3401 3451 3456 per

1883 3469 2229 3536 adulterium,
2276 3472 2432 3541 juxta
2469 3474 2693 3527 verbum
2751 3474 2986 3541 Domini,
3027 3476 3232 3545 accepit
3259 3478 3452 3547 conju-

1887 3579 2006 3634 gem
2058 3563 2376 3620 Theodoten
2420 3565 2808 3620 cubiculariam
2862 3567 3101 3621 secundo
3133 3568 3448 3627 connubio:

1887 3665 1940 3711 et
1961 3659 2218 3726 quoniam
2252 3659 2304 3711 id
2359 3668 2549 3712 contra
2597 3657 2950 3729 Evangelium
2997 3671 3100 3728 est,
3145 3677 3176 3716 a
3222 3661 3451 3719 Platone

1887 3764 2070 3804 coram
2097 3751 2539 3819 reprehenditur;
2572 3767 2804 3821 cumque
2835 3769 2939 3806 non
2969 3752 3131 3810 ferret
3159 3758 3452 3825 reprehen-

1889 3842 2120 3906 sionem,
2153 3843 2329 3897 virum
2362 3853 2633 3910 sanctum,
2659 3855 2916 3914 tanquam
2951 3847 3242 3916 sepultum,
3270 3847 3447 3904 inclu-

1889 3932 1967 3986 dit
1991 3950 2004 3984 :
2040 3933 2231 3988 deinde
2257 3936 2416 4004 paulo
2445 3944 2571 4004 post
2596 3951 2625 3988 a
2646 3937 2866 3991 subdito
2884 3938 3087 4007 pulsus
3113 3951 3446 3997 excaecatum

1887 4025 2035 4094 justo
2053 4027 2235 4095 judice
2268 4029 2376 4083 Deo
2405 4044 2676 4098 congruas
2705 4041 2951 4085 sumente
2995 4047 3183 4100 poenas
3205 4047 3235 4086 a
3266 4047 3452 4087 carce-

1891 4119 2057 4181 rario,
2085 4132 2184 4187 pro
2234 4119 2337 4172 viri
2375 4121 2550 4173 sancti
2603 4134 2821 4175 carcere
2865 4122 3155 4178 orbitatem
3205 4125 3450 4179 luminis.

1891 4208 2089 4262 Audiat
2115 4208 2296 4278 itaque
2323 4210 2573 4280 quisquis
2598 4221 2680 4266 est
2705 4214 2900 4267 mentis
2931 4229 3044 4269 suae
3072 4228 3318 4284 compos,
3349 4230 3451 4269 an-

1892 4314 1996 4354 non
2038 4310 2294 4370 tanquam
2348 4302 2485 4355 alter
2549 4300 2791 4358 Herodes
2852 4303 3268 4372 Constantinus,
3326 4323 3450 4362 eum

1892 4391 2029 4450 nihil.
2073 4394 2216 4447 aliud
2241 4409 2304 4447 ex
2338 4409 2401 4448 eo
2432 4402 2670 4461 tempore
2705 4411 2881 4466 usque
2905 4398 2957 4451 in
2995 4398 3139 4452 hunc
3162 4399 3304 4453 diem
3326 4415 3451 4470 ege-

1891 4483 1980 4547 rit,
2025 4485 2217 4538 merito
2250 4485 2330 4538 sic
2377 4485 2705 4550 nominetur,
2755 4487 2895 4542 hanc
2947 4489 3061 4557 ipse
3103 4489 3204 4543 sibi
3261 4505 3454 4559 reapse

1892 4576 2301 4644 appellationem
2333 4576 2618 4645 adoptans.
2659 4578 2736 4632 Ac
2759 4578 2826 4632 de
2860 4595 2920 4634 re
2949 4580 3052 4634 ista
3101 4596 3170 4635 ne
3195 4582 3351 4636 nobis
3377 4582 3455 4637 illi

1895 4667 2168 4722 facessant
2218 4667 2514 4736 negotium.
2570 4669 2685 4722 Non
2718 4678 2896 4738 potest
2925 4670 3195 4738 Christus,
3233 4673 3326 4739 qui
3357 4689 3453 4726 ve-

1895 4760 2030 4813 ritas
2070 4770 2174 4824 est,
2208 4760 2424 4813 mentiri
2456 4778 2469 4813 :
2514 4759 2769 4828 quoniam
2813 4761 3058 4817 moechus
3086 4770 3170 4816 est
3206 4762 3297 4830 qui
3345 4777 3453 4815 non

231 4847 334 4914 χεῖ,
357 4845 467 4898 Καὶ
488 4842 549 4896 οὐ
571 4842 722 4912 λήξοι
755 4840 1081 4910 λαλούμενον
1097 4841 1123 4894 ὂ
1143 4841 1394 4910 ἐποίησεν
1421 4843 1447 4893 ὁ
1473 4841 1779 4914 μοιχεύσας,

1895 4848 2109 4902 obsistit
2140 4866 2153 4902 :
2185 4849 2482 4918 quinetiam
2519 4848 2613 4903 Dei
2650 4850 2821 4904 hostis
2856 4860 2954 4904 est.
2996 4850 3104 4906 Nec
3135 4851 3240 4905 ulla
3276 4853 3457 4907 silebit

232 4936 334 5000 ἕως
371 4934 685 4998 συντελείας
733 4934 825 4988 τοῦ
876 4934 1090 4998 αἰῶνος.
1134 4934 1272 4986 Ἀλλ’
1298 4934 1484 5004 ἐπειδὴ
1511 4935 1558 4986 οἱ
1589 4934 1787 4987 λυπού-

239 5043 384 5096 μενοι
437 5026 862 5097 συναπήχθησαν
903 5029 971 5097 τῇ
1029 5026 1273 5096 μοιχείᾳ,
1304 5025 1560 5082 ἀνιῶνται
1607 5027 1792 5090 κακῶς

231 5120 292 5188 τῇ
332 5119 639 5188 ὑπομνήσει
666 5135 679 5149 ·
710 5118 825 5172 δέον
847 5118 1044 5181 αὐτοὺς
1072 5118 1350 5186 ὁμολογεῖν
1377 5119 1435 5171 τὸ
1453 5118 1670 5189 ἀληθὲς,
1700 5121 1792 5174 καὶ

235 5209 594 5279 προσπίπτειν
627 5210 720 5263 καὶ
747 5209 1094 5280 προσκλαίειν
1125 5208 1202 5278 τῷ
1239 5209 1357 5281 Θεῷ
1397 5210 1536 5281 ὑπὲρ
1565 5211 1662 5279 τῆς
1688 5213 1791 5263 ἀπ-

238 5300 452 5371 αγωγῆς
488 5301 573 5369 ἐφ’
605 5295 637 5373 ᾖ
667 5300 761 5354 καὶ
785 5299 1012 5354 δώσουσι
1061 5301 1215 5369 λόγον
1248 5302 1305 5353 ἐν
1351 5301 1529 5372 ἡμέρᾳ
1559 5303 1792 5372 κρίσεως

242 5395 308 5464 μὴ
335 5393 746 5464 μετανοοῦντες.
766 5394 824 5446 Oi
858 5393 914 5446 δὲ
944 5393 1076 5463 πρδς
1102 5395 1160 5447 τὸ
1187 5391 1508 5463 παροξύνειν
1525 5393 1615 5445 τὸν
1633 5393 1785 5458 Θεὸν,

240 5483 311 5542 ἐτι
342 5485 617 5556 ἁμαρτίας
669 5485 754 5554 ἐφ’
785 5484 1028 5556 ἁμαρτίᾳ
1076 5484 1410 5537 ἐπισπῶνται
1439 5499 1452 5513 ⁸
1486 5483 1517 5552 ἢ
1567 5483 1786 5557 λέληθεν

1892 4948 2022 4994 aetas
2051 4939 2103 4994 id
2133 4941 2275 5010 quod
2299 4942 2546 4996 moechus
2571 4942 2698 5012 egit,
2732 4958 2902 5011 usque
2926 4943 2992 4997 ad
3023 4945 3453 4997 consummatio-

1895 5047 2014 5084 nem
2083 5032 2286 5086 saeculi.
2357 5032 2461 5087 Sed
2514 5035 2770 5101 quoniam
2813 5035 2848 5088 ii
2890 5036 2979 5103 qui
3025 5048 3452 5104 conqueruntur,

1893 5123 2141 5178 Inachia:
2162 5125 2620 5189 obsecundarunt;
2642 5126 2804 5195 hujus
2815 5126 2892 5178 rei
2912 5126 3238 5180 mentionem
3261 5128 3456 5180 acerbe

1895 5215 2094 5270 ferunt.
2126 5214 2329 5270 Debent
2362 5216 2397 5269 ii
2423 5232 2610 5271 verum
2645 5217 2913 5280 conﬁteri,
2947 5226 3288 5286 prosternere
3311 5233 3370 5273 se
3401 5226 3457 5272 et

1897 5320 2079 5359 coram
2116 5306 2225 5359 Deo
2285 5305 2469 5375 lugere
2497 5307 2566 5361 ob
2605 5316 2921 5364 sanctorum
2971 5308 3358 5375 captivitatem,
3388 5307 3456 5363 de

1894 5410 1998 5463 qua
2028 5405 2082 5449 et
2107 5394 2367 5449 reddituri
2396 5407 2521 5451 sunt
2577 5398 2840 5452 rationem
2895 5399 2948 5452 in
2992 5398 3308 5467 diejudicii,
3338 5398 3445 5455 nisi

1894 5487 2040 5556 ipsos
2061 5487 2338 5556 poeniteat.
2371 5487 2428 5543 Si
2470 5504 2592 5545 vero
2617 5489 2682 5545 ad
2712 5489 3032 5545 irritandum
3063 5489 3231 5544 Deum
3261 5504 3452 5559 pecca-

1679 5724 1903 5784 ΝΟΤιΕ.

300 5863 407 5930 lli)
448 5863 505 5919 In
539 5860 662 5918 cod.
696 5858 826 5926 Reg.
872 5858 970 5932 (36'.

1968 5862 2028 5932 Γ)
2060 5861 2387 5932 Dogmatica.
