3966 6444
549 366 683 430 1659

1730 375 1792 441 S.
1828 375 2219 438 THEODORI
2248 372 2590 437 STUDIT/E
3646 358 3775 429 1660

548 486 597 530 ta
636 487 856 546 peccato
882 478 1140 549 adjiciant
1163 499 1178 548 ;
1205 497 1272 536 an
1309 481 1442 539 latet
1478 483 1646 555 ipsios
1685 497 1888 557 quanta
1926 505 2110 560 perse-

2230 488 2410 552 ιύτοὺς
2428 479 2539 550 οἷος
2564 480 2804 552 διωγμὸς
2828 476 3078 534 ἐντεῦθεν
3102 474 3315 547 ἀνήφθη
3349 472 3657 544 πανταχοῦ·
3682 477 3775 528 καὶ

543 568 689 623 cutio
741 570 865 624 hinc
916 571 1119 640 ubique
1175 573 1609 644 conﬂagraverit,
1660 587 1713 634 et
1761 595 1926 648 quam
1955 582 2111 635 multi

2230 584 2325 634 iam
2357 580 2686 650 ὲμοίχευσαν
2718 576 2781 628 ὲκ
2802 571 2896 626 τοῦ
2933 570 3265 641 προῦχοντος
3289 568 3773 639 παραδείγματοςς

547 658 800 712 moechati
832 659 940 714 sint
972 670 1189 731 propter
1228 665 1441 734 insigne
1491 668 1592 723 hoc
1618 671 1970 740 exemplum?
2006 672 2111 726 Sed

547 749 651 803 alia
684 751 835 805 mitto
864 751 1062 816 dicere,
1094 757 1484 811 nonnullorum
1518 761 1800 815 hominum
1857 779 2110 818 reveren-

548 841 640 894 tia.
672 838 955 908 Desinant,
981 845 1298 916 quicunque
1332 848 1411 902 illi
1462 860 1610 913 sunt,
1642 851 1884 908 dolorem
1916 870 2025 923 prae
2054 870 2112 908 se

546 930 689 987 ferre
717 935 806 1003 qui
840 933 948 987 Deo
988 934 1189 992 exosus
1241 947 1343 993 est.
1371 939 1507 993 Deus
1531 942 1668 995 enim
1708 958 1986 1010 personam
2017 945 2113 999 ho-

548 1023 703 1077 minis
731 1040 833 1079 non
865 1027 1057 1095 accipit
1078 1030 1144 1081 ³⁸.
1178 1028 1274 1095 Ac,
1308 1042 1504 1100 praeter
1530 1032 1581 1086 id
1612 1035 1757 1103 quod
1781 1050 1845 1089 ex
1874 1034 2115 1107 Evange-

546 1113 621 1168 lio
663 1116 988 1184 accepimus,
1049 1119 1094 1173 si
1148 1122 1271 1189 quis
1320 1122 1858 1195 aliud,‘evangelizet,
1934 1128 2020 1182 vel
2067 1127 2114 1184 si

548 1208 771 1275 angelus
805 1208 895 1272 sit,
930 1210 1256 1266 anathemati
1300 1215 1586 1283 subjicitur
1608 1256 1622 1280 ,
1657 1219 2114 1287 quemadmodum

549 1298 739 1354 beatus
782 1300 1075 1370 Apostolus
1122 1304 1400 1360 clamat“.
1438 1304 1562 1363 Ηςεο
1600 1324 1721 1364 cum
1769 1311 2115 1377 religiosissi-

551 1406 673 1445 mus
706 1394 1025 1461 praapositus
1052 1398 1225 1465 probe
1260 1399 1443 1467 norit;
1472 1416 1539 1455 ne
1560 1411 1944 1471 conqueratur,
1971 1402 2116 1473 quod

552 1496 775 1539 sanctus
819 1484 1175 1557 Theophanes
1220 1492 1274 1545 in
1320 1491 1424 1547 hoc
1453 1494 1670 1564 negotio
1704 1496 2115 1550 accusationem

550 1589 659 1629 non
690 1575 956 1648 eﬂ'ugerit.
991 1579 1214 1636 Veritati
1271 1583 1416 1637 enim
1464 1584 1599 1639 nihil
1654 1586 2113 1654 anteponendum.

550 1664 662 1721 Nec
715 1666 829 1735 ipse
861 1680 1039 1739 negat,
1073 1687 1195 1726 cum
1232 1675 1381 1729 audit
1414 1693 1428 1728 :
1476 1676 1620 1731 sicut
1673 1693 1848 1748 neque
1889 1693 2118 1750 magnus

551 1758 828 1826 apostolus
886 1761 1073 1817 Petrus
1132 1766 1475 1834 negationem
1528 1782 1706 1833 suam,
1751 1783 1849 1823 nec
1895 1780 2117 1825 sanctus

552 1846 720 1902 David
766 1851 1079 1917 mmcbiam,
1108 1870 1207 1909 nec
1256 1871 1409 1911 sacer
1434 1869 1638 1930 martyr
1665 1861 1967 1930 Cyprianus
2003 1879 2119 1917 ma-

550 1940 714 2009 giam.
750 1939 899 2006 Quod
922 1952 1100 1997 autem
1131 1953 1390 2016 tanquam
1427 1949 1761 2006 orthodoxus
1795 1952 1847 2006 in
1881 1954 2119 2009 Ecclesia

551 2042 1032 2101 commemoratur;
1068 2050 1409 2106 nequaquam
1440 2039 1491 2093 id
1524 2040 1815 2111 Evangelio
1861 2046 2118 2101 adversa-

551 2130 642 2176 tur
675 2145 687 2177 :
720 2126 1151 2196 quandoquidem
1197 2143 1654 2187 commemoratur
1694 2144 1745 2190 et
1778 2134 2117 2194 Valentinia-

553 2228 654 2267 nus
685 2232 698 2267 :
740 2222 795 2268 at
828 2232 933 2270 non
979 2233 1044 2273 eo
1080 2220 1226 2289 quod
1259 2222 1394 2276 duas
1438 2223 1602 2278 simul
1640 2242 1838 2282 uxores
1869 2228 2121 2284 habuerit

550 2312 746 2372 praeter
784 2305 977 2377 legem,
1013 2309 1107 2363 sed
1142 2320 1361 2381 propter
1386 2324 1587 2370 rectam
1615 2315 1770 2371 ﬁdem
1811 2336 1825 2371 :
1862 2328 1916 2372 et
1936 2317 2119 2375 Jovia-

554 2410 677 2457 nus,
742 2407 796 2450 at
826 2413 933 2452 non
980 2402 1122 2469 quod
1172 2404 1542 2459 masculorum
1601 2420 1889 2477 corruptor
1933 2408 2118 2475 fuerit,

553 2490 1007 2557 quemadmodum
1042 2504 1304 2548 narrant:
1341 2504 1393 2549 et
1427 2494 1788 2566 Nicephorus,
1824 2508 1879 2552 at
1922 2515 2029 2553 non
2058 2516 2123 2556 eo

554 2580 699 2648 quod
763 2597 960 2639 avarus
1000 2584 1179 2639 fuerit.
1214 2587 1372 2643 Plura
1412 2589 1515 2643 dici
1544 2589 1687 2643 etde
1734 2591 1853 2646 aliis
1879 2600 2126 2662 possunt,

556 2672 649 2741 qui
684 2687 993 2743 quanquam
1039 2677 1160 2732 aliis
1197 2680 1521 2734 criminibus
1555 2683 1815 2746 accusati,
1855 2692 2031 2736 tamen
2058 2683 2128 2737 ob

557 2774 758 2820 rectam
789 2767 946 2821 tidem
980 2768 1266 2834 duntaxat,
1304 2772 1569 2825 memoria
1600 2772 1975 2827 ecclesiastica
2009 2789 2121 2842 per-

558 2854 833 2910 fruuntur.
887 2858 991 2913 Sed
1024 2860 1090 2915 de
1124 2862 1207 2916 his
1237 2863 1521 2917 hactenus.
1559 2862 1637 2916 Tu
1674 2879 1820 2926 vero,
1876 2863 2122 2930 Domine,

2213 674 2306 726 καὶ
2322 666 2487 724 τᾶλλα
2509 668 2697 723 σιωπῶ
2717 667 2915 735 λέγειν,
2938 664 3074 718 αίδοῖ
3093 681 3252 717 τινων
3272 659 3598 732 προσώπων.
3631 661 3776 712 Παυ-

2214 764 2495 818 σάσθωσαν
2521 759 2805 814 λυπεῖσθαι
2823 758 2997 828 λύπην
3023 756 3308 825 θεοστυγῆ,
3326 755 3521 816 οἵτινες
3542 754 3609 807 ἂν
3645 750 3771 806 εἷεν.

2212 856 2542 922 Πρόσωπον
2569 853 2678 920 γὰρ
2706 852 2848 916 Θεὸς
2864 846 3176 918 ἀνθρώπου
3198 850 3271 901 οὐ
3291 844 3603 915 λαμϐάνει.
3643 844 3773 909 Καὶ,

2214 943 2342 1014 παρ’
2371 942 2398 995 ὃ
2425 945 2489 995 ἐκ
2512 940 2607 995 τοῦ
2640 939 2974 1009 Εὐαγγελίου
3014 936 3413 1008 παρελάϐομεν,
3443 936 3542 989 ἐάν
3568 954 3655 999 τις
3686 937 3776 990 εὐ-

2212 1033 2567 1105 αγγελίζηται
2592 1034 2800 1105 ἕτερον,
2838 1031 2999 1103 μέχρι
3050 1028 3146 1083 καὶ
3182 1028 3439 1096 ἀγγέλου,
3473 1028 3778 1098 ἀναθέματι

2215 1126 2595 1189 ὑποϐάλλεται,
2619 1123 2760 1178 καθά
2776 1124 2918 1193 βοᾷὀ
2937 1120 3203 1192 μακάριος
3233 1118 3571 1181 Ἀπόστολος.
3594 1118 3777 1172 Ταῦτα

2216 1219 2369 1283 εἰδὼς
2394 1219 2487 1272 καὶ
2515 1221 2543 1271 6
2572 1217 2967 1279 εὐλαϐέστατος
3018 1212 3340 1284 ἡγούμενος,
3374 1210 3449 1282 μὴ
3476 1210 3778 1278 ὲγκαλείτω

2216 1312 2343 1383 περὶ
2374 1310 2466 1363 τοῦ
2497 1309 2649 1378 ἁγίου
2692 1307 3013 1376 Θεοφάνους,
3054 1306 3137 1359 ὅτι
3167 1303 3365 1377 ⁴ᾐτιάθη
3406 1304 3465 1357 ὲν
3502 1301 3581 1372 τῷ
3603 1303 3778 1373 πράγ-

2220 1420 2367 1473 ματι.
2423 1399 2702 1471 Ἀληθείας
2731 1400 2837 1470 γὰρ
2889 1398 3043 1452 οὐδὲν
3074 1396 3488 1468 προτιμότερον.
3514 1394 3629 1447 Καὶ⁸
3685 1395 3780 1446 οὐκ

2216 1493 2567 1546 ἀπαναίνεται
2601 1489 2834 1554 ἀκούων,
2871 1490 2946 1551 ὡς
2972 1488 3094 1542 οὐδὲ
3140 1487 3344 1559 Πέτρος
3370 1486 3398 1537 6
3430 1484 3607 1554 μέγας
3647 1485 3783 1538 ἀπό-

2218 1585 2401 1649 στολος
2424 1584 2521 1656 τὴν
2547 1583 2792 1655 ἄρνησιν,
2812 1582 2933 1635 οὐδὲ
2967 1580 3127 1633 Δαὸὶδ
3150 1580 3180 1633 6
3207 1578 3359 1647 ἅγιος
3387 1578 3483 1649 τὴν
3514 1578 3784 1647 μοιχείαν,

2217 1674 2337 1728 οὐδὲ
2367 1672 2677 1743 Κυπριανὺς
2708 1672 2736 1724 6
2772 1672 3094 1742 ἱερόμαρτυς
3117 1669 3217 1738 τὴν
3239 1666 3512 1736 γοητείαν.
3557 1666 3695 1735 Περὶ
3730 1666 3785 1718 δὲ

2220 1764 2312 1819 τοῦ
2349 1767 2428 1819 ὅτι
2458 1765 2532 1827 Lb;
2553 1762 2828 1835 ὀρθόδοξος
2864 1758 3260 1831 μνημονεύεται
3286 1762 3342 1812 ἐν
3359 1761 3425 1829 τῇ
3461 1756 3783 1828 Ἐκκλησία,

2222 1858 2373 1912 οὐδὲν
2404 1857 2726 1928 προΐσταται
2752 1854 2829 1925 τῷ
2854 1852 3169 1925 Εὐαγγελίῳ
3188 1870 3203 1883 ·
3234 1851 3359 1905 ἐπεὶ
3385 1851 3789 1922 μνημονεύεται

2224 1953 2318 2006 καὶ
2343 1948 2777 2007 Οὑαλεντινιανός
2798 1963 2812 1978 '
2845 1945 2959 1999 ἀλλ’
2989 1947 3050 1999 οὐ
3096 1945 3239 1999 κατά
3292 1943 3353 1997 τὸ
3394 1943 3488 1997 δύο
3514 1943 3654 2014 ὁμοῦ
3689 1961 3790 2013 γυ-

2223 2044 2411 2104 ναῖκας
2444 2040 2586 2110 ἔχειν
2615 2038 2965 2110 παρανόμως,
3006 2034 3141 2090 ἀλλά
3184 2033 3326 2089 κατά
3374 2034 3475 2106 τὴν
3498 2035 3669 2106 ὀρθὴν
3697 2035 3789 2088 πί-

2227 2149 2340 2186 στιν
2366 2149 2381 2165 ο
2409 2134 2503 2186 καὶ
2544 2130 2815 2194 Ἰοϐιανὸς,
2874 2128 2987 2182 ἀλλ’
3020 2129 3080 2181 οὐ
3129 2124 3312 2191 καθὼς
3364 2126 3659 2196 ἱστορεῖται
3708 2126 3792 2179 ὅτι

2223 2221 2618 2294 ἀρρενοφθόρος
2637 2215 2733 2290 ἦν’
2760 2197 2853 2271 καὶ
2876 2218 3207 2288 Νικηφόρος,
3228 2215 3344 2270 ἀλλ’
3365 2215 3425 2267 οὐ
3440 2214 3577 2269 καθὸ
3600 2214 3793 2268 πλεον-

2221 2315 2404 2385 έκτης.
2442 2313 2551 2367 Καὶ
2580 2310 2770 2364 πολλοῦ
2805 2311 2919 2362 ἐστι
2947 2309 3124 2378 λέγειν
3174 2308 3302 2379 περὶ
3341 2307 3449 2361 τῶν
3479 2307 3679 2371 ἄλλων,
3705 2306 3794 2375 οἳ,

2223 2407 2324 2461 κᾶν
2355 2408 2422 2461 τὰ
2465 2405 2597 2460 ἄλλα
2651 2403 3083 2474 διαδεδλημένοι,
3124 2400 3209 2455 διὰ
3252 2400 3310 2453 δὲ
3352 2398 3451 2470 τὴν
3481 2399 3796 2470 όρθοδοξίαν

2231 2500 2387 2571 μόνον
2416 2501 2635 2571 μνήμης
2656 2499 2844 2569 ἔτυχον
2881 2479 3359 2566 ἐκκλησιαστικῆς.
3393 2491 3583 2546 Ταῦτα
3617 2492 3796 2563 ἐχέτω

2230 2586 2352 2647 ὧδε.
2393 2592 2559 2654 Αὐτὸς
2600 2591 2677 2655 δὲ,
2723 2591 2986 2650 Δέσποτα.
3036 2587 3235 2656 κάτεχε
3270 2582 3530 2654 ἀσφαλῶς
3569 2583 3631 2637 τὸ
3662 2584 3798 2653 σύγ-

2233 2699 2463 2753 γραμμα
2486 2696 2499 2709 ·
2537 2680 2611 2752 μὴ
2637 2682 2864 2751 ἔκφορον
2895 2678 3024 2732 αὐτὸ
3062 2676 3269 2743 ποιῶν,
3302 2675 3490 2747 ἐπειδὴ
3526 2675 3796 2739 κίνδυνος,

2230 2774 2371 2828 καθὰ
2400 2774 2689 2843 ἀναγγελεῖ
2710 2774 2739 2827 6
2771 2770 3265 2845 γραμματηφόρος.
3310 2767 3369 2823 Ὀ
3410 2768 3620 2841 Κύριος
3652 2767 3797 2836 μετά

2230 2865 2323 2919 τοῦ
2349 2864 2659 2937 πνεύματος
2688 2864 2860 2936 ὑμῶν.
2906 2864 3098 2934 Ἀμήν.

559 2947 703 3002 hanc
764 2950 1046 3018 epistolam
1116 2969 1269 3009 serva
1305 2954 1516 3021 sedulo,
1548 2970 1646 3010 nec
1681 2958 1985 3027 pervulgari
2013 2958 2197 3012 sinas:
2238 2975 2348 3014 non
2403 2959 2548 3014 enim
2598 2973 2688 3015 res
2740 2959 2981 3029 periculo
3039 2967 3216 3023 vacat,
3277 2956 3418 3011 sicut
3479 2951 3799 3007 tabellarius

558 3043 858 3096 renuntiat.
921 3043 1185 3101 Dominus
1246 3062 1369 3101 cum
1460 3048 1651 3117 Spiritu
1711 3058 1909 3104 vestro.
1970 3050 2161 3105 Amen.

2148 3167 2192 3228 C
2226 3168 2346 3221 ΣΙΘ⁹
2370 3166 2503 3238 (15).
2532 3193 2602 3207 -ι-
2628 3163 2846 3230 Λύσεις
2875 3162 3169 3231 διαφόρων
3196 3163 3554 3229 κεφαλαίων,
3588 3161 3795 3236 [ωμθ’.]

700 3163 930 3220 CCXIX.
954 3196 1025 3206 —
1055 3164 1356 3221 Solutiones
1381 3168 1707 3221 diversorum
1733 3168 1984 3235 capitum.

632 3273 992 3348 Interrogatio
1021 3274 1068 3330 Ι.
1099 3307 1173 3316 -
1202 3277 1277 3332 De
1310 3278 1650 3349 presbytero,
1683 3289 1737 3334 et
1777 3280 2029 3345 diacono,
2071 3290 2127 3335 et

560 3368 787 3436 lectore,
822 3371 915 3440 qui
950 3387 1072 3425 cum
1097 3381 1247 3426 recta
1279 3372 1383 3427 [ide
1417 3382 1621 3438 essent,
1645 3373 1912 3428 haereticis
1944 3382 2126 3428 tamen

561 3462 1039 3517 communicarunt
1089 3480 1150 3517 ex
1207 3463 1448 3518 humano
1501 3473 1650 3519 metu
1702 3480 1826 3520 :an
1881 3475 2128 3535 oporteat

560 3570 660 3625 pro
694 3555 831 3625 ipsis
877 3556 1209 3610 oblationem
1244 3557 1447 3625 facere,
1490 3565 1587 3613 aut
1616 3558 1985 3630 pervigilium,
2029 3568 2127 3615 aut

561 3649 954 3715 precationem.

634 3737 935 3808 Responsio.
964 3770 1037 3782 —-
1063 3741 1118 3796 Si
1142 3758 1318 3813 usque
1343 3744 1409 3799 ad
1442 3744 1650 3799 obitum
1681 3744 1949 3799 haereticis
1972 3760 2124 3800 com-

564 3831 908 3887 municantes
938 3836 1355 3902 perseverarint,
1393 3850 1758 3904 nequaquam.
1803 3834 1898 3889 Sin
1941 3844 2123 3889 autem

566 3921 619 3973 in
648 3922 816 3984 exitu,
848 3933 900 3976 et
934 3924 1298 3993 resipuerunt,
1331 3935 1385 3980 et
1414 3926 1649 3981 confessi
1678 3934 1809 3980 sunt
1841 3942 1899 3982 se
1929 3927 2126 3982 timore

564 4013 758 4075 victos,
802 4030 866 4069 ac
906 4017 1087 4077 tertio,
1132 4018 1175 4072 si
1210 4033 1365 4073 sacra
1406 4019 1665 4088 mysteria
1696 4019 1764 4072 ab
1803 4019 2125 4075 orthodoxis

564 4116 945 4176 perceperunt,
977 4109 1364 4180 indulgendum
1392 4120 1451 4164 ut
1481 4110 1736 4180 proipsis
1760 4112 1893 4166 ﬁant
1917 4127 1979 4167 ea
2005 4127 2127 4183 qua:

565 4200 717 4267 prius
748 4213 1179 4256 commemorata
1219 4212 1365 4258 sunt.

638 4286 994 4360 Interrogatio
1031 4292 1093 4348 ll.
1131 4322 1202 4334 —
1240 4292 1315 4350 De
1356 4295 1642 4350 monachis
1698 4304 1752 4350 et
1798 4295 2125 4351 monialibus

566 4379 659 4448 qui
704 4380 954 4436 similiter
992 4383 1047 4438 in
1097 4387 1483 4443 communione
1526 4388 1905 4443 haereticorum
1954 4403 1984 4442 e
2018 4389 2123 4443 vita

567 4468 943 4526 decesserunt.

639 4559 943 4631 Responsio.
972 4594 1039 4604 —
1068 4564 1329 4633 Superior
1364 4568 1652 4636 responsio
1701 4576 1755 4620 et
1788 4566 1843 4620 in
1895 4566 1978 4620 his
2010 4582 2129 4621 ser~

568 4660 751 4706 vctur.
789 4652 1051 4709 Similiter
1077 4665 1129 4709 et
1164 4656 1218 4709 in
1245 4656 1421 4721 laicis,
1456 4655 1608 4722 viris,
1642 4655 1876 4721 feminis,
1920 4656 2125 4726 pueris.

572 4742 699 4799 Haec
748 4754 926 4801 autem
975 4746 1043 4801 de
1081 4747 1311 4801 mortuis
1345 4747 1490 4803 dicta
1532 4758 1680 4803 sunt.
1735 4746 1869 4801 Nam
1915 4748 1959 4803 si
1997 4748 2131 4801 vivit

570 4834 750 4889 adhuc
789 4836 967 4905 quivis
1000 4852 1066 4891 ex
1095 4839 1349 4893 omnibus
1384 4848 1511 4895 ante
1548 4840 1849 4910 appellatis,
1896 4855 1961 4895 ac
1994 4841 2131 4894 resi-

570 4926 750 4995 piscit,
779 4943 843 4981 ex
880 4943 945 4982 eo
973 4929 1063 4983 die
1103 4936 1307 4984 metum
1343 4932 1637 5000 deponens,
1687 4933 2004 5001 eligensque
2033 4947 2131 5002 pro

571 5027 719 5072 recto
762 5028 817 5073 et
862 5019 1083 5075 honesto
1119 5020 1255 5075 dura
1304 5024 1450 5089 pati;
1498 5023 1543 5077 si
1594 5022 1815 5092 quidem
1847 5022 2131 5094 presbyter

572 5109 645 5161 sit
682 5109 765 5162 vel
800 5109 1086 5176 diaconus,
1129 5126 1288 5166 sacro
1322 5113 1624 5167 ministerio
1652 5114 2005 5182 prohibeatur
2033 5130 2129 5170 us-

573 5213 682 5267 que
710 5200 777 5253 ad
809 5208 1022 5270 tempus
1053 5204 1243 5270 synodi
1272 5204 1589 5259 orthodoxae
1619 5214 1783 5275 :post
1804 5206 2128 5261 convenien-

576 5299 683 5343 tem
724 5306 854 5347 vero
905 5294 1302 5363 paenitentiam,
1337 5299 1611 5369 particeps
1649 5306 1770 5353 esto
1811 5314 1979 5355 sacrae
2019 5298 2128 5353 Eu-

575 5381 849 5438 charistize
902 5386 970 5440 ab
1018 5387 1327 5445 orthodoxo
1384 5401 1736 5447 consecratae.
1791 5391 2129 5447 Paenitentiaa

647 5556 691 5590 “
716 5557 894 5616 Galat.
931 5576 991 5628 ιι,
1020 5561 1073 5617 6.
1149 5564 1194 5597 ”
1218 5564 1391 5622 Galat.
1426 5571 1546 5631 ηδ.

2313 3273 2631 3343 Ἐρώτησις
2670 3275 2748 3327 A'.
2782 3303 2852 3312 —
2871 3271 3007 3343 Περὶ
3036 3272 3430 3343 πρεσϐυτέρου,
3460 3271 3707 3325 διακόνου
3735 3288 3798 3325 τε

2230 3367 2322 3421 καὶ
2343 3365 2683 3434 ἀναγνώστου
2708 3362 3015 3433 ἐσχηκότων
3044 3361 3296 3432 φρόνημα
3332 3358 3512 3429 ὀρθὸν,
3560 3360 3675 3417 τοῖς
3714 3358 3801 3411 ai-

2234 3459 2462 3529 ρετικοῖς
2510 3456 2565 3509 δὲ
2623 3451 3060 3519 κοινωνησάντων
3111 3451 3169 3517 ἐξ
3231 3449 3572 3520 ἀνθρωπίνου
3607 3450 3798 3519 φόϐου·

2230 3552 2279 3602 εί
2319 3547 2423 3618 χρὴ
2454 3543 2770 3617 προσφορὰν
2797 3543 2932 3615 ὑπὲρ
2961 3541 3140 3597 αὐτῶν
3166 3542 3358 3608 ποιεῖν,
3401 3541 3436 3613 ἦ
3473 3542 3799 3613 παννυχίδα,

2229 3643 2261 3713 ἢ
2295 3644 2476 3711 εὐχήν.

2297 3732 2653 3800 Ἀπόκρισις.
2697 3757 2768 3770 —-
2813 3729 2876 3782 El
2935 3727 3123 3798 μέχρις
3181 3724 3536 3789 ἀποϐιώσεως
3598 3741 3801 3779 κοινω-

2228 3820 2442 3882 νοῦντες
2465 3824 2577 3883 τοῖς
2597 3821 2888 3889 αἱρετικοῖς
2918 3818 3213 3886 διέμειναν,
3238 3815 3510 3885 οὐδαμῶς.
3543 3809 3611 3869 Εἰ
3644 3815 3702 3869 δὲ
3737 3817 3800 3869 ὲν

2225 3917 2290 3985 τῇ
2328 3913 2488 3984 ἐξόδῳ
2527 3912 2619 3966 καὶ
2636 3910 3099 3981 μετεμελήθησαν,
3134 3909 3227 3962 καὶ
3254 3907 3614 3978 ὡμολόγησαν
3647 3906 3801 3977 φόϐῳ

2226 4003 2613 4075 κεκρατῆσθαι,
2654 4003 2746 4056 καὶ
2785 4001 2963 4073 τρίτον
2986 4002 3033 4054 εί
3054 3999 3412 4069 ἐκοινώνησαν
3440 3998 3550 4052 τῶν
3578 3998 3798 4071 ὀρθοδό-

2228 4097 2333 4162 ξων
2366 4096 2748 4167 ἁγιασμὰτωνο
2776 4095 3150 4166 συγχωρητέον
3177 4091 3417 4161 γίνεσθαι
3472 4091 3559 4144 ἐπ’
3615 4092 3802 4154 αὐτοῖς

2226 4188 2294 4242 τὰ
2340 4186 2725 4258 προειρημένα.

2311 4278 2624 4348 Ἐρώτησις
2655 4276 2729 4332 B'.
2766 4308 2837 4323 —
2864 4276 3000 4347 Περὶ
3024 4273 3270 4347 μοναχῶν
3300 4273 3395 4327 καὶ
3440 4269 3800 4343 μοναζουσῶν

2229 4371 2428 4442 ὁμοίως
2474 4373 2538 4441 τῇ
2566 4369 2817 4441 κοινωνίᾳ
2842 4367 2951 4421 τῶν
2990 4366 3279 4438 αἱρετικῶν
3336 4364 3792 4419 ἀποϐιωσάντων.

2312 4565 2672 4632 Ἀπόκρισις.
2703 4592 2775 4604 -—
2811 4561 2877 4615 Ἥ
2922 4558 3293 4631 προειρημένη
3342 4556 3636 4626 ἀπόκρισις
3694 4574 3802 4626 φυ-

2226 4656 2503 4711 λαττέσθω
2540 4656 2637 4709 καὶ
2669 4655 2761 4707 ἐπὶ
2803 4652 2994 4708 τοῖσδε.
3037 4651 3265 4723 Ὁμοίως
3296 4649 3390 4702 καὶ
3426 4646 3521 4700 ἐπὶ
3564 4646 3799 4714 λαῖκῶν,

2228 4748 2436 4819 ἀνδρῶν
2492 4764 2572 4812 τε,
2632 4746 2726 4800 καὶ
2782 4741 3080 4814 γυναικῶν,
3133 4742 3224 4795 καὶ
3292 4739 3519 4793 παίδων.
3563 4736 3799 4807 Εἴρηται

2228 4842 2283 4895 δὲ
2333 4840 2502 4893 ταῦτα
2552 4839 2679 4909 περὶ
2734 4837 2840 4892 τῶν
2898 4835 3227 4891 τεθνεώτων.
3288 4833 3350 4886 Ei
3397 4829 3505 4900 γὰρ
3557 4828 3640 4881 ἔτι
3685 4828 3803 4893 ζῶν

2237 4936 2381 4987 ἐστιν
2408 4934 2471 4985 ἐκ
2498 4932 2711 4985 πάντων
2740 4928 2847 4986 τῶν
2876 4928 3309 5001 προειρημένων,
3336 4924 3430 4979 καὶ
3466 4924 3799 4994 μεταμέλοι-

2235 5045 2315 5089 το,
2345 5025 2450 5091 ἔξω
2484 5025 2688 5096 ῥίπτων
2720 5024 2809 5077 τὸν
2837 5022 2998 5091 φόϐον
3020 5022 3125 5074 ἀπὸ
3153 5018 3246 5073 τοῦ
3276 5018 3457 5089 δεῦρο,
3489 5017 3585 5069 καλ¹
3608 5015 3807 5083 algori-

2240 5136 2398 5189 μενος
2429 5118 2566 5189 ὑπὲρ
2591 5116 2684 5171 τοῦ
2710 5113 2912 5185 ἀγαθοῦ
2937 5110 3267 5168 κακοπαθεῖν
3294 5126 3308 5139 θ
3341 5110 3390 5162 εί
3420 5108 3521 5180 μὲν
3551 5106 3808 5179 πρεσὸύο

2233 5229 2390 5282 τερος
2417 5211 2451 5282 ἢ
2470 5209 2730 5272 διάκονος,
2759 5206 3021 5278 εἰργέσθω
3044 5206 3140 5274 τῆς
3156 5201 3463 5276 ἱερουργίας
3479 5199 3585 5263 ἕως
3602 5196 3802 5269 καιροῦ

2238 5304 2454 5357 συνόδου
2478 5300 2784 5374 ὁρθοδοξίας
2814 5315 2829 5331 ·
2856 5298 2991 5368 μετά
3036 5296 3091 5350 δὲ
3145 5294 3423 5365 ἐπιτιμίαν
3474 5289 3572 5362 τὴν
3626 5306 3804 5361 προσ-

2240 5393 2500 5463 ήκουσαν,
2538 5389 2809 5463 μετεχέτω
2836 5387 2945 5443 τῶν
2985 5385 3278 5459 ὀρθοδόξων
3309 5381 3692 5454 ἀγιασμάτων.
3736 5378 3801 5433 Ἠ

2066 5677 2294 5737 NOTAE.

646 5767 692 5838 (i
708 5768 758 5837 3)
791 5768 842 5823 In
877 5772 993 5827 cod.
1040 5770 1166 5847 Reg.
1198 5773 1329 5827 37.0'.
