3966 6494
211 460 332 525 1661

1408 469 1941 531 EPISTOLARUM
1987 469 2135 530 LIB.
2167 470 2246 530 II.

3301 469 3438 534 1662

209 575 260 628 δὲ
287 573 509 645 δύναμις
532 575 630 644 τῆς
666 577 970 647 ἐπιτιμίας,
1007 576 1268 649 ἀμεθεξία
1315 580 1430 633 ἐστὶ
1462 578 1569 632 τῶν
1603 581 1764 649 ἁγια-

1887 588 2049 632 nttem
2109 592 2236 647 pars
2291 585 2414 639 est,
2472 577 2827 634 Eucharistiae
2892 577 3058 634 dilata
3115 582 3428 649 perceptio,

212 665 445 735 σμάτων,
470 666 593 721 καθ’
629 667 688 720 ὃν
717 668 957 740 καιρὸνῆ
998 670 1221 741 καιροὺς
1242 672 1269 723 ὁ
1303 670 1570 741 ἐπιτιμῶν
1615 672 1763 724 οἰκοο

208 759 410 827 νομοίη.
445 759 518 811 Οὑ
549 759 657 830 γὰρ
689 759 978 831 ὀριστικῶς
1004 760 1150 813 ἐστιν
1196 760 1577 832 ἀποφήνασθαι
1610 775 1627 792 ⁸
1678 763 1766 816 διὰ

206 850 264 901 τὸ
289 849 447 902 ἄλλον
480 850 638 904 ἄλλου
667 851 944 923 διαφέρειν
970 853 1064 904 καὶ
1092 853 1388 922 προσώπῳ,
1420 856 1512 908 καὶ
1542 855 1761 923 γνώσει,

207 941 294 993 καὶ
321 941 547 1011 σπουδῇ,
579 943 673 996 καὶ
704 943 907 1013 ἡλικίᾳ.
942 944 1004 996 Εἰ
1037 944 1093 997 δέ
1141 944 1383 1014 μονάξων
1433 945 1541 1015 εῐη,
1580 947 1766 1016 ἢὰνα-

205 1031 466 1101 γνὼστης,
495 1033 528 1103 ἢ
560 1032 863 1103 μονάζουσα
896 1049 910 1065 ·
943 1033 1037 1086 τοῦ
1071 1035 1345 1105 ἐπιτιμίου
1387 1037 1763 1107 πληρουμένου

205 1120 356 1185 εὐθὺς
396 1122 619 1175 διδόσθω
655 1123 687 1192 ἡ
728 1123 846 1175 θεία
896 1121 1112 1192 μέθεξις
1136 1141 1152 1157 ·
1223 1125 1484 1189 ὡσαύτως
1523 1127 1618 1179 καὶ
1662 1126 1760 1177 ἐπὶ

206 1212 427 1277 λαῖκῶν,
464 1213 671 1284 ἀνδρῶν
699 1230 760 1265 τε
808 1214 901 1266 καὶ
943 1216 1214 1282 γυναικῶν
1269 1219 1362 1269 καὶ
1403 1217 1626 1271 παίδων.
1665 1219 1769 1287 Δῆ-

205 1305 288 1357 λον
317 1305 372 1358 δὲ
408 1306 512 1358 κάν
537 1305 747 1370 τούτοις
775 1306 1116 1378 διαφορότης,
1163 1308 1306 1362 κατά
1361 1325 1419 1361 τε
1478 1308 1767 1378 πρόσωπον

207 1397 296 1449 καὶ
325 1398 386 1450 τὸ
407 1397 623 1468 ἀξίωμα
667 1400 761 1452 καὶ
805 1400 1018 1470 ἡλικίαν
1047 1417 1061 1432 ·
1107 1400 1182 1464 ὡς
1220 1399 1316 1454 καὶ
1365 1401 1463 1472 μιᾷ
1501 1417 1768 1471 τεσσαρα-

205 1491 365 1561 κοστῇ
420 1489 730 1544 ἱκανοῦσθαι
783 1491 883 1560 τὴν
949 1491 1230 1561 ἐπιτιμίαν
1291 1491 1366 1562 τῷ
1416 1491 1763 1561 λαμϐάνοντι.

204 1583 333 1634 Φανε
344 1581 437 1652 ρδν
462 1582 518 1636 δὲ
550 1582 631 1636 ὅτι
657 1582 718 1636 τὸ
735 1582 1007 1653 ἐπιτίμιον
1039 1586 1138 1654 τῆς
1164 1581 1455 1654 άμεθεξίας
1481 1583 1589 1636 τῶν
1613 1583 1770 1650 ἁγια-

206 1671 426 1740 σμάτων
456 1671 978 1741 συνεπιλαμϐάνεται
1012 1673 1106 1733 καὶ
1141 1671 1482 1742 προσευχῶν,
1527 1672 1622 1725 καλ⁵
1671 1689 1766 1741 γο-

204 1763 508 1827 νυκλισιῶν,
565 1765 660 1816 καὶ
719 1765 1048 1835 ἐκγρατείας
1115 1764 1436 1834 βρωμάτων,
1485 1764 1628 1818 κατὰ
1669 1765 1768 1835 τὴν

204 1855 565 1926 ὑποκειμένην
589 1856 750 1925 φὺσιν
775 1857 866 1909 τοῦ
891 1858 1312 1926 ἐπιτιμωμένου.

1867 677 2072 738 quanto
2119 670 2382 738 temporis
2436 671 2610 739 spatio
2658 670 2933 725 censuerit
2979 670 3024 725 is
3075 671 3168 740 qui
3215 686 3430 740 poenam

1869 763 2082 816 statuit.
2124 761 2309 832 Neque
2347 762 2487 817 enim
2529 763 2757 832 prazcise
2795 763 3022 817 delinire
3053 774 3147 816 aut
3192 773 3434 817 statuere

1869 855 2044 910 licet:
2078 855 2224 925 quod
2276 854 2416 908 alius
2461 853 2530 907 ab
2583 853 2690 907 alio
2740 852 2955 906 diﬁ‘erat
2997 853 3281 923 dignitate,
3331 853 3433 905 do-

1871 947 2071 1010 ctrina,
2121 946 2375 1014 negptiis,
2421 952 2476 997 et
2513 951 2692 997 aztate.
2726 942 2781 995 Si
2813 958 2942 996 vero
2980 945 3284 997 monachus
3338 943 3431 1006 sit,

1869 1046 1963 1092 aut
2002 1037 2191 1102 lector,
2225 1044 2320 1089 aut
2364 1034 2617 1089 monialis
2649 1052 2662 1088 ι
2699 1032 3019 1103 pmnitentia
3044 1041 3284 1103 peracta,
3319 1039 3435 1088 sta-

1871 1127 1964 1180 tim
1993 1126 2174 1180 divina
2208 1123 2549 1180 Eucharistia
2583 1125 2854 1179 donetur:
2883 1121 3339 1192 quemadmodum
3381 1130 3436 1176 et

1869 1220 1936 1272 de
1988 1217 2146 1272 laicis
2195 1216 2553 1278 censendum,
2605 1216 2761 1278 viris,
2821 1216 3059 1277 feminis,
3115 1214 3430 1285 puerisque.

1870 1308 2216 1364 Manifestum
2247 1317 2331 1363 est
2359 1319 2537 1362 autem
2564 1317 2618 1362 et
2645 1309 2696 1360 in
2732 1307 2815 1362 his
2843 1308 3135 1361 discrimen
3163 1321 3283 1361 esse
3307 1321 3434 1376 per-

1869 1415 2151 1463 sonarum,
2184 1399 2484 1469 dignitatis,
2517 1409 2570 1453 et
2598 1399 2772 1453 aetatis
2805 1416 2819 1453 :
2855 1408 2915 1454 ut
2944 1399 3030 1452 vel
3059 1413 3169 1453 una
3197 1398 3434 1467 quadra-

1869 1493 2075 1563 gesima
2124 1494 2257 1547 satis
2295 1493 2343 1546 ei
2397 1492 2468 1545 sit
2517 1492 2610 1561 qui
2657 1491 3034 1560 paenitentiam
3087 1491 3304 1559 accipit.
3340 1488 3432 1542 Li-

1869 1582 2032 1652 quido
2063 1587 2279 1637 constat
2308 1591 2487 1635 autem
2525 1581 2928 1651 paenitentiam,
2963 1595 3072 1635 una
3100 1595 3224 1635 cum
3264 1578 3432 1632 dilata

1869 1674 2219 1742 perceptione
2249 1673 2625 1736 Eueharistize,
2658 1671 2944 1741 complecti
2966 1678 3020 1726 et
3053 1670 3351 1732 orationes,
3381 1678 3436 1723 et

1870 1779 2108 1835 genuum
2135 1764 2418 1826 flexiones,
2465 1773 2519 1818 et
2564 1762 2955 1818 abstinentiam
3006 1777 3034 1814 a
3082 1761 3241 1824 cibis,
3274 1758 3433 1829 juxta

1871 1855 2016 1908 illius
2040 1855 2132 1924 qui
2174 1869 2389 1923 ptenam
2423 1854 2590 1918 subit,
2624 1853 2938 1908 facultatem
2979 1867 3042 1907 ac
3075 1851 3239 1906 vires.

280 1919 612 2015 Ἑρῶτησιξ
627 1947 699 2002 1".
729 1978 799 1988 -
821 1949 954 2018 Περὶ
984 1919 1077 2002 τοὺ
1109 1919 1310 2002 διδόναι
1332 1947 1483 2020 δῶρα
1509 1949 1568 2002 ἐν
1601 1966 1765 2020 μονα-

1939 1945 2292 2017 Interrogatio
2325 1945 2413 2000 111.
2455 1976 2525 1986 --
2580 1945 2656 2000 De
2705 1945 2904 2010 donis,
2955 1960 3024 1998 an
3081 1943 3432 1998 monasteriis

206 2040 448 2111 στηρίοις
469 2041 731 2110 ἀνδρείοις
756 2058 815 2094 τε
840 2041 935 2094 καὶ
957 2041 1310 2109 γυναικείοις.

269 2129 634 2198 Ἀπόκρισις.
666 2159 736 2170 -
765 2131 973 2198 Δοτέον,
995 2134 1043 2186 εί
1065 2131 1172 2185 εἰσὶ
1211 2130 1616 2202 πεφυλαγμένοι
1667 2133 1766 2203 τῆς

205 2218 485 2291 αἰρετικῆς
513 2220 815 2284 κοινωνίας.

270 2310 594 2379 Ἐρώτησις
623 2312 696 2366 A'.
719 2343 789 2352 —
816 2313 951 2382 Περὶ
969 2313 1060 2368 τοῦ
1112 2316 1203 2384 ἀφ’
1240 2316 1445 2370 ἐαυτῶν
1493 2317 1771 2371 κοινωνεῖν

207 2402 238 2472 ἢ
262 2398 592 2472 μονάζοντας
617 2401 650 2473 ἢ
687 2401 1019 2473 μωαζοὺσας
1044 2404 1152 2458 τῶν
1187 2407 1563 2478 ἁγιασμάτων.

287 2576 648 2645 Ἀπόκρισις.
667 2578 867 2645 -ρὺκ
894 2578 1012 2644 ἐξὸν
1042 2581 1308 2635 ἅπτεσθαι
1332 2582 1452 2636 οὑδὲ
1473 2582 1581 2636 τῶν
1612 2584 1772 2637 θείων

209 2669 568 2739 ἀναθημάτων
607 2672 733 2733 τοὺς
784 2671 888 2736 ἐξω
919 2673 1215 2745 ἱερωσύνης
1251 2691 1265 2706 ο
1325 2675 1464 2745 πλὴν
1520 2677 1566 2727 εί
1610 2676 1682 2744 μή
1718 2692 1769 2728 τι

212 2759 344 2812 κατᾶ
379 2760 557 2812 πᾶσαν
582 2760 846 2831 ἀνάγκην,
899 2763 972 2833 μὴ
1020 2763 1406 2834 εὑρισκομένου
1469 2763 1768 2834 πρεσϐυτέ-

214 2866 302 2917 ρου
357 2849 391 2919 ἢ
433 2849 699 2915 διακόνου,
748 2851 839 2921 ἀφ’
893 2853 1096 2906 ἑαυτῶν
1145 2855 1390 2924 μετέχειν
1426 2855 1519 2907 τοῦ
1571 2854 1762 2925 δώρου.

212 2937 378 2991 Τοῦτο
399 2938 454 2991 δέ
483 2938 632 3005 πῶς;
659 2940 944 3010 τιθεμένης
967 2942 1146 3012 βίϐλου
1184 2943 1352 3013 ἱερᾶς,
1381 2943 1474 2995 καλ⁵
1498 2944 1768 3012 ἐφαπλου·

217 3033 380 3100 μένης
434 3030 623 3099 ὀθόνης
667 3031 933 3103 καθαρᾶς,
973 3033 1005 3102 ἢ
1060 3035 1210 3103 ἱερᾶς
1248 3034 1765 3104 ἐπικαλυμματίδος,

213 3121 386 3173 ἐκεῖσε
413 3121 505 3173 τοὺ
528 3119 702 3190 δώρου
734 3122 840 3174 άπὸ
863 3122 1042 3192 χειρὸς
1078 3125 1173 3176 σὺν
1219 3123 1369 3192 φόϐῳ
1418 3124 1772 3194 προτεθέντος

219 3212 350 3283 μετὰ
385 3214 483 3284 τὴν
533 3213 827 3284 ὑμνῳδίαν,
874 3213 982 3266 ἀπὸ
1044 3214 1310 3284 στόματος
1359 3216 1629 3286 ληπτέον·
1675 3214 1774 3269 εἷθ’

216 3303 380 3367 οὕτως
397 3303 730 3367 διακλὺσεως
759 3304 905 3357 οἴνου
951 3305 1239 3374 γινομένης
1293 3306 1371 3377 τῷ
1423 3306 1774 3376 λαμϐάνοντι.

291 3398 613 3468 Ἐρώτησις
662 3399 737 3453 Ε’.
764 3427 834 3437 ——
885 3399 1022 3470 Περὶ
1050 3397 1272 3465 λαῖκῶν,
1323 3398 1530 3469 ἀνδρῶν
1581 3417 1642 3453 τε
1682 3400 1777 3455 καὶ

219 3491 487 3558 γυναικῶν
507 3489 799 3559 δρθοδόξων
822 3491 880 3555 ἐξ
912 3490 1189 3560 ὀρθοδὸξου
1219 3490 1635 3556 κοινωνούντων,
1687 3493 1778 3560 φό-

220 3583 293 3654 ϐῳ
313 3584 371 3638 δὲ
387 3583 717 3654 ἀνθρωπίνῳ
737 3584 904 3637 τᾶλλα
928 3583 1105 3636 πάντα
1154 3585 1266 3645 τοῖς
1309 3583 1600 3653 αἱρετικοῖς
1655 3601 1778 3636 συν-

221 3677 670 3746 αναμιγνυμένων
692 3693 708 3710 ο
740 3676 984 3748 πῶς.χρὴ
1014 3677 1138 3740 τοὺς
1163 3673 1622 3745 ἀκριϐευομὲνους
1649 3676 1778 3748 περὶ

222 3769 392 3822 αὑτῶν
427 3769 593 3838 ἔχειν.

297 3861 650 3928 Ἀπόκρισις.
686 3893 753 3907 ——
795 3863 926 3915 Ἀπὸ
981 3862 1078 3930 μὲν
1121 3863 1394 3933 ἱερατικοῦ
1453 3865 1620 3934 ἤγουν
1648 3879 1777 3932 πρε-

233 3950 489 4022 σϐυτέρου
525 3952 619 4005 καὶ
647 3953 914 4018 διακόνου,
944 3955 1266 4023 μονάζοντός
1289 3974 1347 4008 τε
1391 3956 1485 4010 καὶ
1522 3953 1780 4026 μοναζοὺ-

228 4062 336 4116 σης,
364 4046 630 4114 ἀφεκτέον
658 4046 955 4099 συνεσθίειν
987 4047 1076 4100 τὸν
1102 4048 1479 4118 ἠκριϐωμένον
1509 4065 1524 4080 ·
1557 4047 1655 4101 οὑκ
1702 4040 1781 4099 οῖ-

225 4139 283 4191 δα
304 4140 350 4191 εί
389 4139 463 4209 μή
495 4155 547 4191 τι
576 4139 884 4209 οἰκονομίας
915 4139 1120 4208 τρόπῳ,
1156 4139 1430 4192 καὶτοῦτο
1479 4137 1780 4192 σπανιώτε-

229 4248 330 4301 ρον.
371 4233 506 4285 Ἀπὺ
525 4231 580 4284 δὲ
598 4231 704 4284 τῶν
734 4232 954 4296 λαῐκῶν,
982 4233 1270 4302 ἀδιάφορον
1311 4232 1374 4285 τδ
1430 4230 1725 4285 συνεσθίειν
1763 4245 1777 4258 ⁸

227 4322 320 4376 κᾶν
347 4321 488 4394 τὺχῃ
519 4322 776 4385 πολλάκις
802 4323 895 4376 καὶ
911 4326 1187 4376 κοινωνεῖν
1220 4323 1380 4376 αὑτὸν
1403 4322 1553 4393 φόϐῳ
1592 4324 1657 4391 τῇ
1691 4322 1778 4373 αἱ-

229 4416 390 4482 ρέσει,
427 4413 620 4484 ἔχοντα
645 4413 701 4466 δέ
721 4415 869 4484 ὅμως
898 4413 1175 4485 ὁρθόδοξον
1204 4414 1263 4468 τὸ
1311 4415 1583 4484 φρόνημα.
1631 4411 1779 4482 Πλὴν

228 4505 398 4574 ἵναμὴ
435 4502 730 4556 ἀκόλαστον
756 4503 840 4573 εἴη
859 4503 920 4558 τὺ
959 4503 1260 4574 ἁμάρτημα
1286 4543 1301 4568 ,
1352 4503 1543 4574 μικρον
1602 4502 1778 4555 ἐπιτί-

1873 2044 1985 2091 tum
2009 2038 2247 2092 virorum
2277 2046 2392 2091 tum
2427 2035 2753 2090 feminarum
2790 2035 2908 2089 dari
2931 2035 3184 2088 debeant.

1946 2127 2248 2196 Responsio.
2279 2157 2350 2169 —-
2378 2126 2562 2180 Danda
2597 2136 2741 2190 sunt,
2779 2126 2827 2182 si
2859 2125 3078 2196 quidem
3110 2125 3147 2179 ii
3189 2125 3299 2178 sint
3324 2123 3437 2178 bte-

1870 2219 2053 2274 reticae
2085 2218 2490 2274 communionis
2522 2227 2797 2286 expertes.

1942 2306 2298 2378 Interrogatio
2329 2306 2419 2362 IV.
2451 2338 2522 2348 —
2563 2307 2634 2363 De
2680 2306 3070 2363 communione
3119 2321 3286 2361 sacra:
3326 2306 3438 2360 Eu—

1872 2399 2165 2466 charistize,
2205 2416 2369 2470 quam
2403 2416 2498 2471 per
2531 2416 2592 2457 se
2621 2400 2724 2471 ipsi
2762 2399 3016 2454 monachi
3054 2399 3135 2454 vel
3166 2397 3435 2452 moniales

1873 2492 2167 2561 accipiant.

1944 2582 2251 2653 Responsio.
2280 2613 2352 2623 —
2374 2583 2455 2637 Ne
2486 2597 2645 2638 sacra
2675 2582 2894 2652 quidem
2935 2579 3164 2637 donaria
3213 2587 3435 2648 tangere

1873 2674 2079 2728 licitum
2113 2683 2197 2729 est
2223 2674 2291 2728 iis
2326 2675 2419 2745 qui
2466 2673 2777 2728 sacerdotes
2808 2688 2917 2728 non
2958 2683 3085 2727 sunt
3116 2689 3128 2724 :
3160 2686 3282 2732 nec.
3327 2670 3440 2724 nisi

1877 2765 2014 2819 forte
2044 2766 2368 2821 necessitate
2394 2776 2636 2836 urgente,
2672 2766 2718 2821 si
2745 2765 2886 2819 desit
2917 2765 3194 2833 presbyter
3215 2763 3296 2817 vel
3319 2762 3438 2816 dia-

1879 2873 2087 2924 conus;
2120 2873 2214 2927 per
2267 2859 2503 2928 seipsum
2562 2873 2777 2912 sumere
2818 2856 3238 2912 Eucharistiant.
3286 2855 3437 2911 Istud

1880 2959 2058 3003 autem
2093 2964 2204 3020 quo
2241 2949 2440 3018 pacto?
2473 2947 2660 3003 Posito
2706 2964 2860 3004 sacro
2892 2949 3051 3014 libro,
3104 2956 3438 3016 extensoque

1879 3055 2013 3109 puro
2057 3040 2243 3102 linteo,
2299 3048 2394 3094 aut
2440 3054 2597 3093 sacro
2643 3039 2932 3104 velamine,
2987 3038 3232 3108 deposita
3285 3038 3438 3106 prius

1878 3133 1990 3188 illic
2042 3148 2074 3188 e
2125 3148 2289 3187 manu
2323 3148 2444 3187 cum
2497 3140 2643 3186 metu
2695 3148 2850 3187 sacra
2905 3131 3274 3195 Eucharistia,
3315 3140 3441 3199 post

1882 3223 2207 3292 hymnorum
2257 3223 2657 3287 recitationem,
2692 3237 2788 3276 ore
2838 3222 2981 3276 sumi
3015 3221 3193 3276 debet.
3222 3220 3437 3286 Postea,

1879 3314 1971 3384 qui
2003 3314 2237 3382 accepit,
2277 3314 2501 3366 abluere
2539 3327 2600 3367 os
2632 3313 2762 3367 vino
2795 3313 2971 3367 debet.

1947 3401 2303 3473 Interrogatio
2338 3401 2400 3456 V.
2420 3433 2485 3442 -—
2505 3401 2579 3457 De
2611 3403 2786 3466 laicis,
2809 3403 2944 3457 viris
2973 3417 3037 3457 ac
3093 3401 3437 3457 feminis.or-

1879 3495 2158 3561 thodoxis,
2190 3496 2283 3563 qui
2308 3495 2376 3549 ab
2402 3495 2712 3548 orthodoxe
2738 3497 3169 3559 communicant,
3202 3495 3442 3548 humano

1878 3596 2057 3641 autem
2103 3587 2296 3640 timore
2347 3586 2401 3639 in
2447 3587 2658 3640 caeteris
2693 3585 2951 3640 omnibus
2996 3601 3119 3640 cum
3172 3584 3442 3638 hmreticis

1878 3678 2217 3733 miscentur:
2250 3677 2522 3746 quomodo
2558 3676 2681 3730 illos
2709 3684 2980 3745 oporteat,
3009 3677 3102 3745 qui
3142 3677 3441 3731 exaetioris

1879 3772 2178 3841 disciplinae
2207 3770 2437 3826 studiosi
2469 3779 2615 3834 sunt,
2640 3785 2763 3824 cum
2796 3770 2880 3824 his
2911 3786 2969 3824 se
2999 3785 3208 3841 gerere.

1952 3861 2265 3930 Responsio.
2307 3890 2377 3901 -—
2406 3859 2576 3914 Sacro
2630 3860 2848 3925 quidem
2904 3860 3133 3924 homini,
3181 3860 3285 3914 hoc
3335 3867 3441 3923 est,

1879 3954 2191 4023 presbytero
2225 3961 2278 4005 et
2302 3951 2553 4015 diacono,
2585 3951 2783 4005 deinde
2815 3952 3087 4005 monacho
3116 3960 3169 4005 et
3195 3951 3444 4013 moniali,

1880 4046 2178 4100 cavendum
2222 4058 2288 4096 ex
2328 4044 2614 4112 disciplina
2648 4044 2921 4096 exactiore
2969 4058 3038 4097 ne
3077 4057 3197 4096 cum
3233 4043 3336 4109 his,
3366 4043 3446 4096 ci-

1879 4136 2010 4191 bum
2035 4141 2218 4189 sumat
2242 4152 2254 4187 :
2289 4133 2395 4188 nisi
2420 4132 2556 4187 forte
2585 4147 2679 4201 per
2709 4132 3130 4203 dispensationis
3153 4133 3443 4202 quemdam

1880 4229 2130 4290 modum,
2180 4234 2235 4280 et
2270 4225 2374 4279 hoc
2405 4226 2586 4294 ipsum
2621 4227 2819 4280 rarius.
2860 4224 3039 4280 Laicis
3075 4240 3207 4280 vero
3237 4227 3444 4280 licitum

1880 4329 1983 4385 est,
2025 4319 2209 4373 cibum
2239 4332 2363 4370 cum
2412 4316 2498 4371 his
2534 4332 2769 4386 capere:
2802 4318 3016 4372 etiamsi
3054 4332 3196 4387 saepe
3228 4318 3448 4372 contin-

1881 4419 1972 4481 gat
1994 4409 2094 4464 hos
2118 4424 2185 4464 ex
2211 4417 2356 4462 metu
2381 4409 2785 4462 communicare
2827 4408 3018 4463 haeresi
3047 4427 3062 4475 ;
3086 4411 3211 4462 dum
3246 4419 3448 4462 rectam

1883 4501 2098 4555 interim
2143 4499 2302 4553 fidem
2345 4499 2530 4553 animo
2559 4507 2804 4554 teneant.
2834 4497 3063 4565 Tamen,
3098 4515 3166 4553 ne
3209 4500 3450 4569 impuni-

232 4613 342 4661 μιον
368 4594 684 4649 ἐπιδιδόσθω
715 4597 824 4657 τοῖς
852 4595 1232 4665 άδιαφοροὺσιν
1262 4597 1326 4647 ἐκ
1354 4594 1519 4663 φόϐου
1546 4596 1658 4656 τοῖς
1692 4592 1775 4645 αἱ·

1887 4603 2001 4647 tum
2042 4592 2114 4646 sit
2142 4591 2419 4658 dilectum,
2457 4591 2650 4660 exigua
2689 4591 3004 4659 imponatur
3045 4607 3203 4661 poena
3252 4593 3318 4645 iis
3356 4591 3451 4660 qui

227 4686 477 4754 ρετικοῖς.
512 4685 586 4736 Τὸ
610 4683 666 4737 δὲ
695 4684 985 4752 ἐπιτίμιον,
1004 4682 1336 4751 γονυκλισίαι
1374 4682 1783 4744 πεντεκαίδεκα,

229 4772 378 4842 εὐχαὶ
405 4771 688 4836 ὡσαύτως*
719 4774 911 4840 Κύριε,
932 4771 1331 4842 συγχώρησόν
1344 4789 1441 4840 μοι
1466 4771 1581 4840 τὴν
1603 4772 1786 4840 ἀμαρ-

231 4866 356 4918 τίαν
381 4881 396 4895 °
443 4866 633 4932 Κύριε,
662 4862 940 4930 ἱλάσθητί
961 4881 1063 4932 μοι
1091 4861 1168 4927 τῷ
1196 4862 1518 4931 ἁμαρτωλῷ
1548 4880 1561 4893 ·
1585 4864 1780 4933 Κύριε,

229 4953 483 5023 ἐλέησόν
500 4970 578 5023 με
614 4969 630 4985 ⁶
659 4953 766 5007 ἀπὸ
794 4953 1148 5023 πεντήκοντα,
1189 4952 1305 5022 ἦτοι
1331 4953 1542 5005 ἑκατόν.

304 5129 627 5198 Ἐρώτησις
655 5126 910 5195 CIC—El
948 5130 1053 5201 χρὴ
1112 5130 1223 5192 τοῖς
1259 5130 1624 5199 συμψάλλουσι
1676 5132 1790 5195 τοῖς

230 5223 540 5294 αίρετικοῖς,
575 5221 932 5292 άπεχομένοις
953 5223 1009 5275 δέ
1034 5222 1131 5291 τῆς
1162 5222 1443 5285 κοινωνίας
1473 5223 1670 5286 αὑτῶν,
1724 5223 1790 5275 ἄν

230 5332 284 5368 τε
314 5314 692 5386 πρεσϐυτέρῳ,
720 5315 785 5368 ἄν
824 5331 882 5368 τε
922 5315 1171 5384 διακόνῳ,
1203 5315 1267 5367 άν
1315 5330 1372 5366 τε
1404 5313 1596 5384 λαῖκῷ,
1636 5315 1700 5368 ἄν
1731 5332 1790 5367 τε

231 5403 463 5468 γυναικὶ,
495 5401 829 5472 μεταδιδόναι
859 5401 965 5456 τῶν
995 5402 1347 5473 ἁγιασμάτων
1377 5402 1468 5456 τὸν
1516 5403 1791 5474 ὀρθὸδοξον

235 5494 399 5562 ἱερέα.

315 5590 662 5659 Ἀπόκρισις.
699 5621 770 5632 —
822 5591 896 5645 Τὸ
928 5585 1024 5663 μὲν
1059 5586 1152 5645 οὖν
1188 5590 1542 5660 μεταδιδόναι,
1573 5592 1792 5661 μεταδι-

233 5680 361 5735 om
391 5699 404 5710 '
423 5685 537 5744 τοῖς
573 5684 671 5750 μὲν
706 5683 1042 5754 ἱερωμένοις,
1065 5684 1420 5754 οἰκονομικῶς
1456 5684 1592 5754 μετὰ
1623 5685 1795 5736 ἐπιτι-

239 5774 378 5840 μίου,
419 5774 506 5827 διὰ
544 5775 642 5846 τὴν
691 5776 825 5844 πρὸς
875 5778 1001 5839 τοὺς
1049 5778 1359 5847 αίρετικοὺς
1401 5775 1702 5846 ἀπαγωγὴν
1737 5778 1796 5829 ἐν

236 5867 338 5926 τοῖς
365 5865 545 5928 ἄλλοις
571 5882 586 5897 ⁸
619 5869 730 5929 τοῖς
751 5867 808 5919 δέ
839 5867 1046 5930 λαῖκοῖς
1082 5869 1208 5920 ἄνευ
1243 5870 1542 5938 ἐπιτιμίου.
1582 5871 1713 5939 Περὶ
1739 5869 1795 5923 δὲ

242 5955 327 6008 τοῦ
355 5957 557 6010 διετίαν
587 5956 797 6025 ἔχοντος
840 5959 1185 6027 ἀναγνώστου
1234 5964 1291 6013 ἐν
1339 5965 1403 6032 τῇ
1462 5964 1635 6032 ἀποχῇ
1701 5963 1794 6033 τῆς

1880 4701 2005 4741 cum
2065 4685 2333 4739 heretici:
2383 4699 2449 4739 ex
2491 4694 2636 4739 metu
2676 4685 2991 4754 promiscue
3045 4695 3232 4754 agunt.
3284 4682 3450 4738 Perna

1886 4791 2050 4842 vero,
2108 4777 2419 4848 quindecim
2477 4775 2737 4831 ﬂexiones
2789 4791 3050 4845 genuum,
3109 4777 3450 4845 precationes

1889 4869 2105 4924 totidem
2137 4888 2150 4923 :
2183 4869 2422 4933 Domine,
2452 4870 2656 4939 ignosce
2697 4869 2827 4920 nti/ti
2857 4868 2954 4920 hoc
2991 4879 3300 4936 peccatum;
3343 4867 3450 4920 Do-

1887 4961 2045 5024 mine,
2076 4960 2333 5029 prOpitius
2367 4969 2476 5012 esto
2507 4959 2633 5011 mihi
2668 4962 2968 5027 peccatori;
3001 4958 3247 5024 Domine,
3297 4960 3452 5012 mise-

1888 5067 2000 5104 rere
2029 5054 2169 5114 mei;
2199 5052 2555 5122 quinquagies
2586 5054 2669 5106 vel
2696 5052 2926 5107 centies.

1963 5141 2319 5214 Interrogatio
2356 5143 2440 5196 Vl.
2484 5174 2552 5184 —
2574 5144 2654 5195 An
2686 5152 2938 5212 oporteat
2968 5143 3033 5196 iis
3067 5143 3162 5213 qui
3192 5158 3316 5198 cum
3343 5143 3448 5200 ha:-

1889 5235 2078 5289 reticis
2107 5235 2267 5289 simul
2300 5235 2555 5305 psallunt,
2597 5235 2664 5288 ab
2699 5237 2940 5306 ipsorum
2975 5245 3155 5289 autem
3201 5251 3447 5289 commu-

1891 5326 2056 5381 nione
2111 5327 2412 5393 abstinent,
2457 5329 2572 5382 sive
2618 5327 2955 5398 presbytero,
3021 5327 3138 5380 sive
3190 5327 3450 5389 diacono,

1892 5419 2008 5472 sive
2045 5420 2206 5484 laico,
2239 5420 2354 5474 sive
2388 5420 2626 5487 mulieri,
2663 5419 3062 5475 Eucharistiam
3092 5419 3357 5490 impertiri
3385 5421 3455 5474 ab

1892 5505 2198 5564 orth'odoxo
2227 5511 2532 5566 sacerdote.

1965 5600 2267 5672 Responsio.
2311 5633 2380 5645 --
2422 5604 2577 5671 Quod
2632 5605 2698 5661 ad
2742 5603 3167 5674 impertiendum
3220 5605 3454 5674 attinet,

1896 5695 2237 5765 impertiatur
2284 5695 2470 5766 utique
2501 5712 2514 5749 :
2545 5696 2926 5750 sacerdotibus
2971 5697 3191 5766 quidem
3251 5713 3319 5752 ex
3370 5699 3456 5753 di-

1897 5786 2243 5855 spensatione
2279 5802 2403 5841 cum
2433 5785 2771 5856 paenitentia,
2809 5785 2956 5857 quod
2987 5787 3055 5840 ab
3085 5786 3359 5843 haereticis
3399 5789 3453 5844 in

1898 5877 2019 5932 aliis
2057 5878 2221 5930 rebus
2246 5892 2303 5931 se
2341 5877 2661 5931 abstrahant
2689 5894 2704 5930 :
2734 5876 2892 5932 laicis
2921 5885 3101 5931 autem
3134 5878 3253 5931 sine
3279 5879 3451 5946 pteni-

1899 5967 2081 6024 tentia.
2117 5966 2312 6023 Lector
2357 5983 2484 6025 vero
2518 5968 2560 6023 si
2593 5968 2703 6037 jam
2741 5985 2834 6037 per
2867 5969 3146 6024 biennium
3199 5970 3447 6025 haeretica
