3966 6448
575 346 709 410 1663

1743 361 1804 424 S.
1835 361 2224 426 THEODORI
2275 367 2618 433 STUDITIE

3660 373 3784 437 1664

573 460 958 517 communione
982 462 1265 529 abstinuit,
1297 480 1512 536 requnm
1542 474 1624 523 est
1655 483 1779 523 eum
1810 471 2117 542 participem

2234 479 2518 550 αἱρετικῆς
2563 480 2866 547 κοινωνίας,
2932 479 3137 534 δίκαιον
3181 479 3426 551 μετέχειν
3467 480 3632 537 αὑτὸν
3685 483 3782 535 τῶν

573 553 690 606 fieri
724 569 891 608 sacrae
919 553 1296 621 Eucharistiaa,
1345 559 1446 612 etsi
1477 558 1529 611 in
1563 559 1686 614 aliis
1730 561 1987 631 abreptus
2017 563 2129 619 fue-

573 641 664 694 rit.
701 639 777 696 Ex
810 643 1212 712 dispensatione
1237 654 1416 701 autem
1447 647 1559 702 haec
1581 648 1722 704 dicta
1753 660 1880 705 sunt
1909 662 2129 722 propter

573 730 1361 803 hominum'imbecillitatem;
1429 753 1496 792 ne
1550 739 1678 793 dum
1727 756 1821 796 eos
1876 752 2128 812 optamus

572 821 776 877 allicere
812 825 960 878 omni
989 826 1239 880 haeretica
1267 830 1660 897 conspersione
1687 846 1878 901 puros,
1909 833 2127 890 incaute

573 913 718 981 ipsos
748 915 799 967 in
832 916 1017 970 eadem
1054 918 1295 985 pericula
1329 921 1702 989 conjiciamus.

641 1003 995 1074 Interrogatio
1042 1007 1153 1062 νη.
1185 1037 1254 1050 -
1303 1011 1387 1064 An
1437 1022 1683 1081 oporteat
1736 1029 1844 1069 una
1901 1016 2126 1085 psallere

571 1111 692 1150 cum
735 1099 802 1154 iis
834 1101 926 1168 qui
984 1102 1250 1157 haereticis
1307 1108 1855 1162 non-communicant
1881 1110 2123 1178 quidem,

568 1186 662 1240 sed
693 1202 815 1240 cum
854 1189 920 1243 iis
954 1189 1122 1246 libere
1155 1203 1322 1261 agunt
1355 1195 1407 1248 in
1443 1195 1562 1250 aliis
1603 1197 1764 1252 rebus
1795 1217 1808 1252 :
1844 1207 1939 1253 aut
1974 1202 2122 1256 acci-

567 1293 696 1346 pere
729 1279 1035 1336 oblationes
1066 1282 1133 1337 ab
1163 1283 1318 1353 ipsis,
1355 1301 1449 1341 seu
1478 1302 1684 1352 ceram,
1717 1306 1811 1344 seu
1850 1291 2049 1347 oleum.

583 1409 587 1413 .
631 1367 938 1437 Responsio.
979 1400 1035 1408 -
1068 1372 1121 1427 Si
1154 1376 1373 1444 quidem
1415 1382 1725 1436 sacerdotes
1752 1382 1975 1449 fuerint,
2019 1400 2120 1440 nec

565 1458 907 1518 heterodoxis
933 1464 1180 1530 otl'erant,
1213 1469 1526 1538 accipienda
1558 1475 1626 1528 ab
1653 1475 1720 1528 iis
1762 1475 1964 1539 oblata,
1995 1492 2119 1533 cum

563 1547 878 1614 paenitentia
926 1553 1131 1621 aliqua.
1179 1554 1234 1607 Si
1271 1571 1397 1611 vero
1441 1558 1585 1623 laici,
1636 1561 1754 1616 sine
1803 1564 2119 1632 paenitentia

561 1653 726 1706 porro
769 1643 1123 1710 pergendum.
1171 1647 1393 1715 Oportet
1439 1651 1581 1704 enim
1628 1651 1922 1709 discrimen
1975 1671 2115 1721 esse,

562 1736 783 1797 propter
816 1731 1116 1786 sacerdotis
1149 1735 1489 1806 dignitatem.

634 1819 996 1911 Interrogatio
1042 1825 1179 1880 Vlll.
1229 1857 1296 1868 —
1338 1828 1419 1883 An
1475 1831 1602 1886 licet
1652 1832 1807 1888 nobis
1850 1835 2111 1904 precatio-
2143 1856 2186 1911 Β

563 1925 685 1963 nem
719 1910 975 1968 adhibere
1018 1915 1084 1968 iis
1119 1917 1212 1985 qui
1248 1927 1501 1986 poscunt,
1541 1930 1635 1975 aut
1672 1922 1849 1978 oleum
1890 1923 2112 1980 benedi-

561 2015 706 2065 cere.
763 2011 857 2056 aut
908 2019 1090 2060 ceram
1148 2010 1490 2078 accendere,
1554 2022 1679 2069 aute
1737 2029 1895 2071 sacro
1945 2017 2115 2072 calice

558 2089 783 2146 bibere?

630 2181 936 2251 Responsio.
963 2219 1034 2232 --
1064 2188 1121 2244 Si
1152 2191 1467 2248 beterodoxi
1501 2204 1669 2270 sunt,
1703 2198 1931 2253 minime
1970 2215 1985 2254 :
2011 2199 2112 2255 etsi

559 2288 682 2328 cum
727 2275 831 2332 fide
865 2279 1147 2336 accedant.
1185 2282 1351 2339 Nulla
1380 2286 1518 2340 enim
1553 2289 1778 2344 societas
1802 2289 1910 2344 luci
1941 2292 2010 2344 ad
2038 2300 2114 2345 te-

557 2365 744 2418 nebras
766 2367 834 2418 ¹³.
1177 2395 1182 2399 ~

630 2455 989 2529 Interrogatio
1029 2459 1120 2516 IX.
1167 2493 1239 2503 -—
1275 2461 1332 2517 Si
1383 2467 1682 2522 monachus
1729 2481 1822 2523 aut
1860 2470 2114 2526 monialis

557 2549 626 2603 ad
661 2565 761 2605 nos
794 2553 1002 2606 venerit
1033 2553 1227 2608 divinae
1265 2553 1617 2611 Eucharistiaa
1648 2574 1833 2624 causa,
1866 2576 2114 2628 quamam

556 2639 822 2709 exigenda
871 2641 1146 2698 confessio
1185 2655 1288 2712 est,
1344 2646 1459 2711 ubi,
1501 2661 1611 2717 quo
1658 2650 1768 2704 sint
1817 2651 1892 2706 illi
1944 2661 2110 2721 statu,

556 2731 760 2786 lateat?

629 2822 937 2891 Responsio.
962 2854 1032 2866 —
1056 2823 1212 2880 Omni
1265 2828 1504 2882 venienti
1545 2829 1904 2898 impertienda
1962 2847 2113 2887 com-

557 2915 763 2972 munio.
791 2916 836 2970 si
871 2931 979 2987 quo
1025 2917 1078 2971 in
1114 2927 1255 2973 statu
1291 2919 1362 2974 sit
1400 2921 1706 2990 ignoratur,
1736 2925 2010 2992 rogandus
2045 2940 2111 2979 an

555 3009 920 3061 venerandam
949 3006 1150 3063 Christi
1184 3011 1474 3082 imaginem
1503 3021 1556 3066 et
1581 3024 1894 3070 sanctorum
1930 3017 2072 3071 colat
2097 3035 2110 3071 :

555 3112 624 3150 an
661 3095 834 3166 fugiat
865 3097 1244 3154 haereticorum
1295 3102 1754 3171 communionem,
1799 3122 1900 3162 nec
1946 3109 2109 3163 aliam

553 3187 721 3241 ullam
758 3189 1066 3243 haereticam
1114 3192 1298 3246 animo
1333 3194 1655 3249 sententiam
1688 3206 1885 3252 teneat.
1935 3201 2110 3268 Atque

554 3279 648 3333 ubi
686 3280 868 3334 omnia
899 3280 1182 3336 confessus
1218 3281 1405 3350 fuerit,
1436 3293 1492 3338 et
1527 3285 1800 3340 confessio
1841 3289 2111 3343 tenebitur

551 3385 771 3424 omnem
819 3372 1082 3425 detestata
1132 3373 1418 3440 haeresim;
1474 3383 1604 3430 tunc
1651 3369 2004 3446 imperiienda
2060 3379 2110 3434 ei

553 3479 725 3517 sacrae
755 3463 1115 3518 Eucharistiae
1138 3465 1452 3520 communio
1479 3474 1584 3521 est.

625 3553 979 3624 Interrogatio
1023 3554 1090 3608 X.
1117 3584 1186 3595 ——
1215 3555 1297 3610 An
1350 3557 1508 3612 liceat
1563 3559 1786 3613 moniali
1832 3575 2027 3630 aquam
2078 3576 2110 3616 e

553 3661 713 3700 sacro
747 3647 915 3701 calice
946 3647 1152 3701 bibere.
1191 3645 1284 3719 [Ut
1311 3658 1440 3716 puta
1467 3649 1716 3704 sanitatis
1745 3650 1959 3724 causa]

622 3736 928 3805 Responsio.
960 3768 1029 3777 —
1058 3739 1114 3792 ln
1150 3755 1360 3794 summa
1391 3741 1690 3796 sacerdotis
1725 3753 1818 3796 aut
1856 3742 2110 3798 monachi

552 3829 800 3897 penuria,
831 3829 900 3882 ob
941 3839 1219 3899 urgentem
1258 3832 1658 3898 necessitatem,
1686 3832 1855 3888 bibat.

628 4002 982 4074 Interrogatio
1027 4005 1114 4060 ΧΙ.
1146 4038 1204 4049 -
1243 4007 1297 4062 ln
1327 4008 1560 4062 transitu
1607 4024 1738 4062 num
1788 4009 1996 4076 ingredi
2025 4008 2110 4066 fas

557 4097 612 4150 itt
652 4096 952 4151 Ecclesiam
982 4113 1143 4165 quam
1187 4100 1474 4155 ltxreticus
1509 4099 1796 4153 obtineat?

623 4189 931 4258 Responsio.
964 4221 1029 4228 —
1055 4190 1112 4244 Si
1159 4207 1323 4260 penes
1371 4194 1678 4247 ltaereticum
1729 4192 1970 4247 Ecclesia
2001 4202 2107 4257 est,

551 4281 773 4335 omnino
802 4297 910 4336 non
957 4284 1081 4336 licet
1111 4283 1312 4351 ingredi
1362 4283 1623 4337 orationis
1665 4298 1828 4339 causa
1858 4302 1871 4338 :
1906 4284 2008 4339 nisi
2039 4285 2110 4339 ob

551 4371 713 4425 aliam
743 4370 1212 4426 circumstantiam
1243 4386 1361 4440 quae
1387 4381 1629 4425 excuset.

623 4569 979 4639 Interrogatio
1027 4571 1142 4625 ΧΠ.
1209 4601 1271 4612 -
1307 4572 1548 4642 Ignotum
1594 4574 1842 4628 abbatem
1884 4573 1951 4629 ad
2003 4589 2105 4632 nos

551 4663 881 4727 venientem,
919 4679 986 4716 an
1026 4663 1106 4717 fas
1136 4673 1261 4717 ante
1302 4680 1552 4727 examen,
1585 4674 1644 4720 ut
1673 4677 1923 4721 sanctum
1954 4683 2106 4722 com-

552 4752 776 4820 pellare,
813 4766 876 4804 ac
906 4753 1274 4820 precationem
1312 4753 1379 4807 ab
1409 4769 1473 4808 eo
1507 4771 1751 4824 poscere.

624 4841 935 4912 Responsio.
968 4874 1038 4882 —
1063 4844 1511 4915 Quandoquidem
1560 4857 1768 4917 tempus
1819 4858 1901 4903 est
1942 4849 2111 4903 haere-

554 4934 651 4996 sis,
695 4943 819 4987 ante
865 4949 1092 4988 examen
1139 4950 1245 4988 non
1299 4946 1510 5004 oportet
1539 4954 1751 5008 neque,
1783 4937 2100 5005 Benedicite,

553 5027 745 5090 sancti,
803 5026 1006 5090 dicere,
1063 5042 1162 5080 nec
1217 5029 1582 5096 precationem
1637 5031 1704 5085 ab
1752 5046 1818 5084 eo
1860 5047 2105 5101 poscere.

555 5116 872 5170 Communis
913 5133 1040 5170 vero
1086 5118 1395 5188 deneganda
1430 5135 1533 5173 non
1587 5131 1670 5176 est
1703 5123 1980 5188 salutatio,
2025 5139 2109 5179 se-

557 5205 795 5260 cundum
834 5207 1004 5261 sancti
1037 5207 1221 5260 Basilii
1257 5209 1720 5264 constitutionem.

626 5298 984 5369 Interrogatio
1047 5299 1180 5353 Xlll.
1211 5330 1281 5340 —-
1309 5300 1383 5355 De
1414 5313 1596 5371 puteo,
1646 5304 1691 5358 si
1729 5304 1970 5373 pollutus
2014 5307 2106 5371 sit,

560 5403 626 5439 an
676 5403 888 5456 precem
937 5404 1191 5458 peragere
1231 5399 1473 5457 oporteat
1514 5391 1875 5449 orthodoxum
1926 5409 2120 5451 sacer-

558 5478 755 5533 dotem.

632 5764 675 5800 "
723 5761 763 5818 ll
787 5762 912 5818 Cor.
942 5779 1013 5829 rt,
1050 5763 1134 5818 M.

2229 567 2600 637 ἀγιασμάτων,
2627 572 2726 624 κᾶν
2759 572 2817 623 ἐν
2840 571 2953 634 τοῖς
2981 569 3162 631 ἄλλοις
3189 569 3595 642 συναπάγηται.
3631 573 3772 624 Οἰκο-

2226 659 2465 727 νομικῶς
2489 661 2547 714 δὲ
2574 661 2747 714 ταῦτα
2771 661 2985 732 εῖρηται
3009 660 3097 713 διὰ
3121 662 3219 727 τὴν
3247 661 3531 714 ἀσθένειαν
3557 661 3671 714 τῶν
3701 662 3779 714 ἀν-

2227 744 2458 816 θρώπων
2487 765 2501 779 ο
2533 766 2608 812 ως
2635 748 2700 801 ἂν
2731 751 2803 819 μὴ
2832 751 3006 819 πάντη
3043 748 3329 819 ζητοῦντες
3385 749 3580 812 αὐτοὺς
3629 749 3766 803 καθα

2226 838 2354 907 ροὺς
2410 842 2581 891 ποιεῖν
2628 841 2726 909 τῆς
2761 840 3041 910 αἱρετικῆς
3091 840 3474 910 συμφύρσεως,
3533 840 3782 911 λάθωμεν

2226 929 2304 991 είς
2332 930 2469 983 αὑτά
2489 930 2558 983 τὰ
2578 933 2766 1002 καίρια
2796 933 3160 1002 παραλύοντες
3194 931 3410 995 αὐτούς.

2311 1020 2627 1088 Ἐρώτησις
2655 1025 2728 1076 Z’.
2755 1050 2824 1063 -—
2853 1024 2914 1076 Ei
2936 1023 3014 1076 δεῖ
3051 1022 3384 1092 συμψάλλειν
3419 1023 3532 1085 τοῖς
3566 1022 3642 1092 μὴ
3677 1039 3779 1074 κοι-

2224 1112 2452 1166 νωνοῦσι
2485 1116 2596 1177 τοῖς
2625 1114 2938 1184 αἱρετικοῖς,
2973 1115 3323 1184 ἀδιαφοροῦσι
3357 1114 3414 1167 δὲ
3445 1115 3502 1166 ἐν
3535 1117 3652 1176 τοῖς
3691 1115 3779 1168 ἆλ-

2223 1203 2362 1267 λοιςο
2393 1203 2426 1273 ἢ
2452 1204 2696 1274 δέχεσθαι
2725 1207 3036 1278 προσφορὰς
3065 1208 3196 1277 παρ’
3225 1207 3427 1274 αὐτῶν,
3475 1207 3510 1277 ἢ
3555 1225 3626 1277 κη
3638 1209 3775 1276 ροῦςο

2276 1295 2472 1348 ἔλαιον.

2223 1295 2254 1366 ἢ
2276 1295 2660 1448 εἐἓὲἔιιρισις.
2679 1407 2750 1420 -
2768 1375 2832 1430 Ei
2857 1376 2954 1446 μὲν
2986 1376 3270 1445 ἱερωμένοι
3299 1372 3429 1439 εἷεν,
3462 1379 3558 1427 καὶ
3580 1378 3639 1427 οὐ
3668 1379 3774 1441 τοῖς

2216 1472 2537 1545 ἐτεροδόξοις
2587 1470 2971 1544 προσφέρουσι,
3000 1467 3360 1539 προσδεκτέον
3406 1467 3477 1519 τὰ
3523 1468 3655 1536 παρ’
3685 1468 3777 1518 αὐ-

2218 1568 2322 1622 τῶν
2353 1566 2821 1637 προσενηνεγμένα
2857 1565 2971 1636 μετ’
2995 1561 3267 1632 ἐπιτιμίου
3295 1561 3458 1622 τινός.
3485 1558 3548 1610 Ei
3571 1559 3627 1609 δὲ
3661 1560 3772 1611 λαῖ-

2216 1661 2324 1725 κοὶ,
2348 1660 2476 1713 ἄνευ
2505 1659 2775 1728 ἐπιτιμίου
2798 1657 3098 1726 προσιτέον.
3143 1656 3234 1707 Δεῖ
3267 1652 3376 1724 γὰρ
3407 1652 3772 1722 διαφορότητα

2216 1746 2354 1802 εἶναι
2383 1748 2469 1800 διὰ
2498 1747 2557 1799 τὸ
2587 1748 2682 1816 τῆς
2706 1745 2997 1816 ἱερωσύνης
3022 1744 3257 1813 ἀξίωμα.

2296 1839 2608 1908 Ἐρώτησις
2633 1840 2714 1894 H'.
2741 1869 2808 1880 ——
2840 1841 2902 1892 Ei
2929 1838 3104 1902 ἔξεστι
3148 1837 3320 1890 ποιεῖν
3364 1835 3478 1897 τοῖς
3526 1832 3770 1886 αἰτοῦσιν

2212 1932 2344 2001 ἡμῖν
2370 1931 2555 2000 εὐχὴν.
2583 1932 2615 2001 ἢ
2646 1931 2886 1998 εὐλογεῖν
2919 1929 3116 1993 ἐλαιον,
3160 1928 3195 1998 ἢ
3252 1926 3456 1997 κηροὺς
3491 1924 3774 1987 ἀνάπτειν,

2211 2022 2245 2092 ἦ
2276 2022 2634 2093 ἀπομυρίζειν
2659 2021 2825 2090 ἆγια;

2295 2196 2654 2264 Ἀπόκρισις.
2681 2225 2753 2238 —-
2798 2193 2923 2248 Ἐὰν
2947 2192 3238 2264 ἐτερόδοξοί
3271 2191 3428 2257 εἰσιν,
3481 2189 3774 2260 οὐδαμῶς·

2212 2288 2316 2341 κᾶν
2371 2287 2549 2339 πίστει
2583 2286 3006 2357 προσέρχωνται.
3073 2285 3328 2354 Οὑθεμία
3355 2281 3466 2354 γὰρ
3498 2284 3782 2337 κοινωνία

2212 2378 2355 2449 φωτὶ
2381 2378 2528 2447 πρὸς
2556 2379 2795 2443 σκότος.

2294 2469 2611 2538 Ἐρώτησις
2649 2466 2722 2522 Θ’.
2745 2468 2953 2521 -Ἐὰν
2986 2469 3229 2538 μονάζων
3257 2468 3290 2540 ἢ
3327 2468 3636 2538 μονάζουσα
3656 2468 3778 2536 ἥκοι

2216 2559 2349 2627 πρὸς
2379 2560 2526 2628 ἡμᾶς
2551 2558 2643 2612 ἐπὶ
2679 2560 2745 2628 τῇ
2781 2557 2898 2628 θείᾳ
2947 2559 3199 2629 κοινωνίᾳ
3231 2577 3246 2591 ο
3287 2558 3538 2628 ποταπὴν
3590 2558 3782 2626 ὁμολο-

2211 2652 2335 2720 γίαν
2385 2650 2708 2721 ἀπαιτητέον
2763 2648 2851 2702 διὰ
2895 2649 2953 2702 τὺ
2997 2649 3337 2716 ἀδιάγνωστα
3369 2645 3511 2703 εἶναι
3555 2648 3626 2702 τὰ
3655 2649 3782 2703 κατ’

2212 2742 2439 2806 αὑτούς;

2296 2834 2656 2899 Ἀπόκρισις.
2686 2863 2757 2874 -
2811 2834 2995 2888 Πάντα
3034 2833 3126 2886 τὸν
3181 2833 3474 2904 ἐρχόμενον
3511 2836 3778 2906 κοινωνῆ-

2215 2939 2322 2976 σαι.
2357 2922 2418 2975 Εἰ
2452 2925 2724 2991 ἀγνοεῖται
2752 2923 2818 2976 τὰ
2844 2925 2959 2977 κατ’
2986 2924 3166 2990 αὑτὸν,
3192 2924 3492 2995 ἐρωτητέω
3531 2928 3581 2978 εί
3611 2944 3779 2995 προσ-

2214 3015 2365 3067 κυνεῖ
2393 3014 2491 3083 τὴν
2526 3014 2728 3085 σεπτὴν
2762 3016 2943 3068 εἰκόνα
2961 3015 3197 3084 Χριστοῦ
3237 3017 3329 3070 καὶ
3356 3015 3467 3070 τῶν
3493 3017 3690 3085 ἁγίωνο
3728 3020 3778 3071 εί

2217 3102 2290 3173 μὴ
2336 3104 2581 3154 κοινωνεῖ
2615 3105 2726 3165 τοῖς
2759 3105 3070 3174 αἱρετικοῖς,
3123 3106 3216 3158 καὶ
3268 3107 3346 3168 εἰς
3377 3107 3407 3159 ὅ
3434 3123 3486 3158 τι
3533 3106 3602 3160 ἂν
3648 3107 3780 3162 ἄλλο

2140 3179 2182 3238 C
2215 3189 2580 3260 ὑποπτεύηται
2631 3193 2882 3263 φρόνημα
2933 3192 3254 3261 ἐτερόδοξον.
3302 3194 3414 3246 Καὶ
3471 3193 3602 3246 ὅταν
3633 3196 3777 3249 κατά

2211 3283 2384 3335 πάντα
2410 3281 2737 3352 ὁμολογήσῃ,
2769 3284 2863 3336 καὶ
2890 3284 2922 3351 ἡ
2957 3282 3215 3351 ὁμολογία
3243 3282 3468 3346 σώζοιτο
3528 3285 3626 3337 ἐπὶ
3672 3284 3777 3338 πά-

2213 3387 2310 3440 σης
2351 3372 2610 3443 αἱρέσεως
2665 3371 3071 3441 ἀπαγορευτική
3117 3387 3128 3401 ·
3153 3372 3274 3424 τότε
3309 3373 3632 3440 μεταδοτέον
3682 3377 3779 3430 καὶ

2211 3463 2666 3531 συγκοινωνητέον
2704 3462 2849 3532 αὑτῷ
2893 3462 3002 3516 τῶν
3036 3461 3403 3532 ἀγιασμάτων.

2279 3555 2590 3624 Ἐρώτησις
2620 3555 2676 3612 I'.
2706 3587 2774 3598 —
2813 3558 2874 3610 Ei
2921 3556 3096 3623 ἔξεστι
3148 3556 3448 3628 μοναστρία
3501 3551 3779 3629 ἀπομυρί-

2208 3646 2264 3712 ξε
2275 3664 2341 3699 ιν.

2290 3736 2646 3805 Ἀπόκρισις.
2676 3768 2746 3779 -
2785 3737 2873 3801 Ἐξ
2903 3738 3133 3809 ἀπορίας
3181 3739 3363 3809 πάσης
3411 3738 3715 3810 ῐερωμένου
3741 3741 3777 3799 ἢ

2211 3828 2550 3895 μονάζοντος,
2593 3827 2994 3898 ἀπομυριζέτω,
3051 3829 3139 3882 διὰ
3196 3827 3292 3900 τὴν
3340 3830 3780 3899 κατεπείγουσαν

2207 3919 2470 3987 ἀνάγκην.

2291 4009 2603 4079 Ἐρώτησις
2640 4011 2743 4063 IA'.
2768 4040 2835 4051 —
2863 4010 2957 4071 Είς
3007 4009 3300 4078 ἐκκλησίαν
3337 4011 3479 4062 κατά
3540 4012 3780 4082 πάροδον

2186 4100 2314 4154 ’ὑπὸ
2339 4099 2613 4170 αἱρετικοῦ
2641 4100 3017 4169 κρατουμένην
3055 4101 3101 4152 εί
3141 4100 3223 4152 δεῖ
3258 4100 3524 4165 είσιέναι;

2291 4194 2647 4261 Ἀπόκρισις.
2674 4222 2745 4231 -
2778 4193 2976 4256 "Anci,
3011 4193 3059 4244 ει
3087 4191 3190 4245 ὑπὸ
3229 4190 3509 4264 αἱρετικοῠ
3541 4209 3780 4264 κρατου-

2211 4285 2345 4356 μένη
2391 4283 2651 4355 ἐκκλησία
2705 4283 2850 4336 ἐστὶν
2877 4324 2893 4350 ,
2955 4285 3014 4336 οὺ
3052 4283 3132 4335 δεῖ
3179 4283 3406 4335 εἰσιέναι
3462 4284 3779 4354 προσευχῆς

2210 4378 2406 4450 χάριν·
2464 4377 2513 4430 εί
2558 4378 2632 4448 μή
2687 4393 2739 4429 τι
2799 4375 2942 4430 κατά
2991 4375 3154 4447 ἀλλην
3197 4373 3592 4445 περιστατικὴν
3644 4376 3781 4445 πρό-

2139 4505 2184 4563 n
2213 4487 2393 4563 φασξγ·

2294 4561 2613 4630 Ἐρώτησις
2641 4558 2740 4612 lB'.
2770 4590 2840 4602 --
2875 4557 3072 4612 Ἀϐὀᾶν
3096 4559 3385 4628 ἐρχόμενον
3420 4556 3560 4628 πρὸς
3626 4557 3780 4626 ἡμᾶς

2208 4654 2565 4725 ἀγνώριστον,
2627 4652 2676 4703 εἰ
2722 4651 2827 4722 χρὴ
2878 4653 2983 4722 πρὸ
3045 4651 3382 4721 ἀνακρίσεως
3433 4650 3778 4717 ἀγιολεκτεῖν

2208 4745 2388 4811 αὑτὸν,
2412 4745 2506 4797 καὶ
2527 4743 2794 4796 αἰτεῖσθαι
2825 4741 2957 4811 πρὸς
2984 4740 3145 4796 αὑτοῦ
3170 4742 3351 4811 εὐχήν.

2291 4836 2648 4902 Ἀπόκρισις.
2669 4833 2916 4885 -Ἐπὰν
2934 4834 2963 4886 ὁ
2985 4832 3170 4907 καιρὸς
3195 4831 3458 4903 αἱρέσεώς
3489 4833 3630 4895 ἐστι,
3664 4832 3774 4902 πρὸ

2209 4927 2545 4998 ἀνακρίσεως
2581 4924 2643 4976 οὑ
2673 4923 2780 4975 δεῖο
2814 4922 2956 4987 οὔτε,
2989 4922 3323 4992 Εὐλοτεῖτε,
3353 4922 3529 4991 ἅγιοι,
3567 4922 3772 4989 λέγειν·

2209 5018 2331 5072 οὔτε
2366 5017 2530 5088 εὐχὴν
2549 5016 2720 5068 αἰτεῖν
2758 5016 2886 5085 παρ’
2913 5016 3095 5070 αὐτοῦ.
3131 5015 3234 5069 Τὸν
3272 5015 3327 5069 δὲ
3353 5015 3531 5068 κοινὸν
3583 5017 3773 5070 ἀσπα-

2210 5114 2344 5183 σμὸν
2380 5113 2479 5164 οὐκ
2504 5111 2920 5180 ἀπαγορευτέον,
2953 5109 3093 5164 κατά
3143 5109 3244 5181 τὴν
3293 5108 3616 5179 νομοθεσίαν
3673 5111 3774 5163 τοῦ

2212 5205 2362 5272 ἁγίου
2394 5202 2692 5256 Βασιλείου.

2278 5295 2590 5364 Ἐρώτησις
2618 5293 2801 5347 1Γ’.--
2821 5291 2957 5364 Περὶ
2989 5291 3239 5362 φρέατος,
3293 5290 3391 5345 ἐὰν
3433 5290 3662 5363 μιανθῇ,
3719 5307 3771 5346 ει

2209 5387 2288 5440 δεῖ
2315 5387 2530 5457 ποιῆσαι
2555 5383 2716 5455 εὐχὴν
2742 5385 2830 5439 τὸν
2854 5383 3322 5456 ὀρθόδοξονῖερέα.
