3966 6496
252 394 397 463 1665

1434 417 1963 482 EPISTOLARUM
1987 422 2131 482 LIB.
2173 423 2252 483 II.

3381 440 3515 506 1666

333 513 696 583 Ἀπόκρισις.
733 547 800 557 -
847 519 994 574 Ἐκεῖ
1043 523 1126 578 δεῖ
1165 531 1338 582 ποιεῖν
1381 534 1481 602 τὴν
1533 536 1718 607 εὐχὴν,
1773 535 1803 590 o

2011 535 2314 607 Responsio.
2344 569 2418 582 --
2449 540 2524 596 lbi
2555 545 2791 613 precatio
2829 550 3158 619 peragenda,
3203 553 3294 608 ubi
3321 557 3514 610 ortho-

246 604 403 658 ἐστιν
427 607 460 677 η
492 607 771 678 ὀρθόδοξος
804 615 1077 669 κοινωνία.
1105 617 1248 688 Πρὸς
1271 621 1327 674 δὲ
1354 625 1480 689 τοὺς
1509 604 1801 684 κοινωνοῦν

1941 627 2080 682 doxa
2118 634 2428 687 communio
2451 644 2550 689 est.
2591 636 2670 690 Ad
2700 651 2795 692 eos
2831 649 3012 695 autem
3044 644 3288 713 quicum
3331 646 3504 701 hatre-

243 713 350 760 τας
368 700 488 760 τοῖς
519 701 816 770 αἱρετικοῖς
849 704 948 758 οὐκ
980 707 1139 762 ίτέον.
1184 711 1272 764 Ἐν
1307 711 1389 779 οἷς
1437 717 1547 787 γὰρ
1597 722 1839 789 μιαίνον-

242 805 340 842 ται
382 793 532 845 κατά
558 792 735 865 ψυχὴν
763 795 852 852 διὰ
873 798 969 851 τοῦ
1002 799 1173 870 ἄρτου
1210 804 1411 873 αὐτῶν,
1441 811 1835 882 μιανθήσονται

241 882 342 934 καὶ
373 884 522 936 κατὰ
547 886 726 955 σῶμα.

228 990 238 999 ι
316 972 643 1042 Ἐρώτησις
665 975 835 1030 ΙΔ’.-
866 980 1002 1052 Περὶ
1032 981 1428 1054 βαπτίσματος,
1457 987 1532 1051 ὼς
1564 990 1664 1044 οὐκ
1689 992 1833 1046 ἔστιν

238 1063 520 1134 ἐκκλησία
572 1070 916 1142 κρατουμένη
969 1074 1073 1125 ὑπὸ
1103 1075 1413 1144 ὀρθοδόεου,
1466 1080 1560 1134 ἐὰν
1600 1084 1832 1156 αἰτήση-

236 1169 332 1205 ται
373 1155 527 1222 ἡμᾶς
561 1173 646 1218 τις
672 1157 776 1210 ποῦ
800 1162 903 1229 χρὴ
925 1166 1265 1231 σφραγίζειν,
1305 1172 1580 1237 κατηχεῖν,
1614 1172 1708 1224 καὶ
1741 1155 1832 1242 βα-

235 1241 463 1306 πτίζειν
495 1261 509 1275 ·
550 1248 785 1301 ποταποὶ
816 1250 872 1302 δὲ
906 1254 953 1303 οἱ
983 1257 1162 1319 γονεῖς
1191 1257 1283 1309 καὶ
1333 1260 1379 1311 οί
1416 1261 1683 1332 ἀνάδοχοι.

324 1335 688 1404 Ἀπόκρισις.
716 1369 784 1378 -
807 1342 919 1396 Οὐκ
940 1345 1186 1412 εἰσιέναι,
1212 1347 1354 1403 καθὰ
1375 1351 1719 1423 προείρηται,
1745 1357 1828 1421 είς

233 1422 544 1496 ἐκκλησίαν
608 1433 988 1502 κρατουμένην
1034 1436 1139 1488 ὑπὸ
1206 1439 1483 1509 αἱρετικοῦ
1509 1442 1633 1495 δεῖ·
1673 1446 1825 1518 πόσῳ

233 1531 299 1583 γε
330 1517 539 1585 μᾶλλον
563 1522 630 1574 τὰ
659 1521 958 1593 λελεγμένα
980 1527 1214 1597 πρᾶξαιε
1241 1530 1375 1586 ἀλλὰ
1415 1533 1504 1586 διὰ
1553 1537 1650 1607 τὴν
1690 1542 1825 1594 ἀπο-

233 1611 366 1679 ρίαν
394 1611 693 1680 ἀναγκαῖον
728 1617 809 1679 είς
848 1617 1012 1673 τόπον
1035 1620 1423 1693 καθαρώτατον
1455 1630 1634 1692 οἰκίας
1654 1645 1670 1660 ⁸
1737 1634 1824 1702 ἐφ’

231 1695 268 1773 ᾖ
307 1702 401 1757 διὰ
453 1702 841 1777 θυσιαστηρίου
889 1710 1354 1784 καθηγιισμένου,
1381 1719 1498 1790 ἦτοι
1521 1695 1819 1796 τραπέζης,

1939 719 2063 774 ticis
2115 724 2536 790 communicant,
2578 743 2686 780 non
2717 730 2981 785 eundum.
3015 733 3072 787 In
3105 736 3304 804 quibus
3358 740 3504 794 enim

1936 813 2119 867 animo
2150 814 2335 882 polluti
2374 829 2500 872 sunt
2531 818 2600 872 ob
2644 833 2836 888 panem
2876 821 3140 891 ipsorum,
3175 836 3231 882 et
3275 843 3505 900 corpore

1935 902 2261 972 polluentur.

2003 992 2356 1065 Interrogatio
2393 995 2533 1050 XIV.
2587 1027 2659 1036 —
2697 999 2771 1055 De
2835 1001 3124 1072 baptismo,
3161 1007 3247 1060 ubi
3281 1023 3384 1062 non
3417 1019 3503 1064 est

1934 1083 2166 1139 Ecclesia
2191 1102 2353 1155 quam
2384 1090 2722 1146 orthodoxus
2744 1093 3006 1160 obtineat,
3042 1097 3087 1151 si
3118 1099 3241 1166 quis
3281 1115 3310 1151 a
3344 1103 3501 1156 nobis

1929 1186 2138 1246 poscat,
2174 1179 2266 1231 ubi
2295 1179 2513 1249 signare
2555 1193 2823 1250 oporteat,
2853 1184 3072 1253 docere,
3105 1195 3159 1242 et
3186 1189 3496 1259 baptizare:

1928 1271 2115 1338 quales
2145 1279 2323 1326 autem
2347 1282 2597 1341 parentes
2628 1289 2693 1329 ac
2732 1277 2952 1345 patriai.

1998 1362 2302 1432 Responsio.
2324 1393 2395 1404 —
2426 1365 2609 1428 Nefas,
2642 1376 2698 1421 ut
2722 1368 2927 1424 dictum
2963 1379 3080 1437 est,
3106 1372 3160 1426 in
3203 1374 3494 1430 ecclesiam

1926 1454 2154 1524 ingredi.
2182 1472 2304 1524 qua:
2332 1457 2400 1509 ab
2424 1457 2678 1513 haeretico
2699 1459 3012 1515 detineatur
3054 1480 3066 1516 :
3103 1473 3323 1534 quanto
3363 1481 3494 1520 vero

1926 1547 2099 1617 magis
2136 1563 2255 1616 qua:
2304 1549 2465 1602 modo
2515 1561 2940 1607 commemorata
2973 1566 3105 1610 sunt
3160 1572 3322 1627 agere
3351 1558 3491 1613 ised

1923 1648 2141 1709 propter
2165 1641 2268 1694 loci
2323 1643 2626 1710 penuriam,
2659 1645 2711 1698 in
2743 1645 2923 1700 locum
2965 1648 3158 1702 aedium
3198 1651 3493 1706 mundissi-

1922 1744 2070 1781 mum
2095 1745 2320 1785 necesse
2343 1732 2595 1786 estabire
2627 1751 2638 1784 :
2671 1732 2760 1786 ubi
2786 1750 2949 1803 super
2978 1737 3134 1791 altari
3171 1750 3490 1795 consecrato

230 1794 335 1864 τὴν
375 1797 694 1867 ἱερουργίαν
725 1802 754 1854 ὁ
793 1803 1002 1872 μέλλων
1032 1807 1301 1861 ἐπιτελεῖν
1324 1810 1387 1863 τὸ
1427 1810 1681 1884 φώτισμα

1919 1821 2002 1874 vel
2040 1837 2246 1885 mensa,
2280 1823 2372 1891 qui
2408 1838 2564 1878 sacro
2597 1823 2751 1896 iungi
2787 1827 3100 1882 ministerio
3135 1831 3318 1894 debet,
3361 1834 3491 1902 bap-

229 1889 500 1952 πτιζέτω.
575 1893 895 1964 Ἀναδόχους
943 1896 999 1950 δὲ
1054 1899 1297 1964 ἐκείνους
1335 1906 1639 1972 προσιτέον,
1691 1889 1818 1974 τοὺς

228 1979 290 2030 οὐ
323 1983 440 2043 τοῖς
482 1983 783 2054 αἱρετικοῖς
834 1989 1250 2056 κοινωνοῦντας,
1296 1995 1390 2046 καὶ
1439 1996 1632 2064 γονέας
1690 2001 1817 2065 τοὺς

226 2068 499 2136 ὡσαύτως
536 2075 1000 2146 πεφυλαγμένους.

312 2162 643 2232 Ἐρώτησις
695 2168 794 2220 ΙΕ’.
828 2198 897 2210 -—
929 2170 1080 2223 Εἰσὶν
1119 2173 1408 2244 ἐκκλησίαι
1459 2177 1677 2248 ἔχουσαι
1720 2180 1816 2235 δύο

225 2253 487 2325 κόγχαςῆ
530 2257 624 2310 καὶ
654 2261 804 2328 τρεῖς
845 2277 857 2290 ⁸
893 2261 1008 2316 ἔστι
1039 2264 1096 2316 δὲ
1124 2263 1184 2329 ἐξ
1216 2267 1394 2322 αὐτῶν
1432 2272 1530 2339 μία
1565 2272 1815 2345 ἀνενθρο-

223 2341 451 2405 νίαστος
471 2357 486 2373 ·
521 2345 627 2416 χρὴ
650 2347 830 2401 ἐκεῖσε
860 2345 1263 2423 λειτουργῆσαι,
1295 2355 1328 2427 ἢ
1357 2356 1418 2410 οῦ
1444 2375 1460 2421 ς

309 2523 687 2594 Ἀπόκρισις.
715 2557 784 2568 —
824 2529 948 2584 Ἐὰν
983 2531 1088 2585 ὑπὸ
1133 2533 1228 2587 τὸν
1276 2536 1682 2611 ἀναφερόμενον
1725 2545 1812 2597 αε-

227 2616 445 2683 ρετικόν
483 2619 630 2672 ἐστιν
669 2621 702 2690 ή
735 2621 961 2694 τοιαύτη
1031 2624 1317 2694 ἐκκλησία,
1357 2627 1461 2682 κᾶν
1508 2631 1607 2701 μία
1638 2634 1806 2705 κόγχη

223 2707 287 2759 οὐ
313 2707 674 2778 καθιέρωται,
708 2711 769 2764 οὐ
797 2713 902 2784 χρὴ
935 2713 1271 2785 λειτουργεῖν
1305 2718 1422 2771 ἐκεῖ
1451 2736 1464 2750 ο
1492 2723 1541 2774 εί
1580 2722 1636 2775 δὲ
1669 2740 1809 2795 κρα-

221 2801 401 2852 τεῖται
427 2799 533 2854 ὑπὸ
554 2801 860 2872 ὀρθοδόξου,
902 2806 1129 2860 ποιείτω
1170 2808 1513 2881 λειτουργίαν
1574 2815 1653 2880 είς
1708 2814 1808 2888 τὴν

222 2890 433 2962 κόγχην
453 2891 574 2961 ἥτις
597 2893 658 2946 οὐ
683 2893 1036 2966 καθιέρωται.

304 2981 629 3050 Ἐρώτησις
653 2983 854 3051 ιστη-
886 2988 948 3041 Ei
978 2988 1202 3044 δύναταί
1258 3009 1344 3057 τις
1404 2996 1671 3067 κρατῆσαι
1710 2999 1808 3071 τὴν

221 3076 522 3144 ὲκκλησίαν
583 3079 770 3143 αὑτοῦ,
836 3080 922 3135 ῖνα
972 3082 1047 3153 μὴ
1083 3082 1463 3156 λειτουργῆται
1509 3089 1612 3143 ὑπὸ
1655 3093 1807 3163 αἱρε-

221 3167 380 3222 τικοῢ
422 3187 438 3201 ο
480 3170 646 3224 πόσον
675 3174 866 3242 χρόνον
919 3173 1096 3241 ἔξεστι
1155 3179 1513 3252 σφαλισθῆναι
1541 3199 1555 3212 ·
1618 3186 1709 3238 καὶ
1751 3186 1804 3239 τί

221 3260 429 3331 ὀφείλει
471 3265 602 3332 περὶ
639 3265 810 3336 αὐτῆς
831 3284 847 3332 ;

303 3353 670 3421 Ἀπόκρισις.
707 3388 777 3400 --
814 3356 986 3411 Τοῦτο
1036 3360 1129 3430 ὑφ’
1167 3361 1322 3431 ἡμῶν
1379 3365 1440 3416 οὐ
1494 3364 1708 3420 λέλυται
1743 3368 1802 3420 τὸ

221 3443 519 3510 κεφάλαιον
546 3461 560 3476 ·
593 3446 896 3500 ἐπισκόπου
924 3449 1032 3520 γάρ
1080 3451 1197 3504 ἐστι
1220 3452 1314 3505 τοῦ
1339 3453 1556 3520 λύοντος
1572 3457 1669 3521 τὰς
1704 3461 1797 3511 ὲκ-

221 3533 320 3603 κλη
328 3534 471 3596 σίας.

301 3626 625 3696 Ἐρώτησις
654 3627 750 3684 IZ'.
784 3658 856 3669 —
899 3630 1022 3684 Ἐὰν
1054 3632 1109 3685 δέ
1160 3636 1298 3688 είσιν
1362 3637 1554 3708 ἄνδρες
1583 3657 1642 3694 τε
1705 3641 1800 3694 καὶ

219 3721 501 3786 γυναῖκες,
520 3720 698 3773 λαῖκοὶ
741 3720 1007 3790 αῖρετικοὶ
1036 3725 1146 3777 εἴτε
1187 3720 1296 3779 ἀπὸ
1340 3730 1628 3797 χωρικίας,
1686 3733 1797 3784 εἴτε

225 3807 468 3878 ἔμφυτον
501 3809 716 3880 ἔχοντες
748 3809 846 3880 τὴν
866 3810 1076 3881 αἵρεσιν
1103 3828 1118 3842 ⁶
1140 3815 1187 3865 εί
1210 3814 1418 3878 ἔξεστιν
1447 3818 1648 3873 ἐσθίειν
1680 3821 1796 3890 μετ’

219 3899 423 3962 αὐτῶν,
446 3900 480 3971 ἢ
500 3900 800 3970 λαμὸάνειν
835 3901 894 3966 ἐξ
912 3901 1090 3956 αὐτῶν
1113 3903 1165 3956 τί
1192 3923 1338 3960 ποτε.

303 3992 666 4057 Ἀπόκρισις.
699 4021 770 4031 -
804 3991 940 4045 Οῠτε
981 3993 1030 4045 εί
1062 3995 1126 4049 ἐκ
1156 3995 1444 4060 κακονοίας
1483 4000 1619 4053 είσὶν
1647 4002 1790 4069 αἶρε-

221 4085 384 4145 τικοὶ,
403 4081 529 4136 οὒτε
549 4085 598 4137 εί
620 4084 682 4148 ἐξ
711 4085 968 4153 ἀμαθίας,
1006 4086 1212 4152 ἔξεστιν
1244 4087 1272 4158 ἢ
1297 4090 1497 4142 ἐσθίειν
1521 4092 1551 4160 ἢ
1585 4092 1798 4161 λαμϐά-

219 4191 330 4226 νειν
348 4174 418 4225 τὰ
445 4175 577 4244 παρ’
615 4174 795 4227 αὐτῶν
833 4179 1309 4248 προσενηνεγμένα
1335 4194 1350 4208 ·
1381 4182 1481 4234 οὐκ
1499 4180 1614 4236 οἶδα
1643 4187 1690 4236 εί
1721 4188 1793 4256 μή

216 4279 268 4317 τι
289 4265 337 4316 οί
373 4264 606 4334 ἀμαθεῖς
623 4263 998 4334 βελτιωθέντες
1029 4268 1327 4339 ὀρθοδοξεῖν
1345 4273 1784 4342 ἐπαγγέλλονται.

299 4354 624 4424 Ἐρώτησις
649 4355 755 4412 IH'.
781 4387 852 4399 -—-
882 4358 1016 4428 Περὶ
1047 4359 1141 4412 τοῦ
1165 4362 1368 4432 πατρός
1402 4381 1523 4433 μου,
1565 4369 1613 4418 εἰ
1647 4367 1795 4421 ἐστιν

219 4447 366 4512 ἄξιος
392 4449 476 4510 είς
503 4447 846 4519 λειτουργίαν
876 4451 1307 4520 μνημονεύεσθαι
1334 4470 1349 4518 ;

1850 1894 1890 1948 Β
1921 1912 2138 1966 tismum
2167 1912 2583 1970 illuminationis
2625 1894 2921 1986 impertiat.
2957 1918 3165 1974 Patrini
3197 1933 3379 1978 autem
3411 1924 3488 1980 illi

1915 2003 2260 2069 admittendi,
2299 2006 2538 2074 quicum
2575 2007 2847 2064 baareticis
2873 2025 2980 2064 non
3014 2017 3424 2071 communicent
3462 2035 3477 2071 :

1914 2106 2170 2165 parentes
2199 2097 2448 2152 similiter
2479 2101 2701 2170 integrae
2725 2101 2870 2158 Ildei.

1986 2185 2340 2258 Interrogatio
2382 2186 2497 2241 XV.
2537 2220 2606 2232 —-
2636 2188 2778 2244 Sunt
2840 2192 3112 2255 ecclesiae,
3171 2210 3294 2264 quae
3349 2197 3484 2253 duas

1914 2277 2116 2332 habent
2161 2289 2253 2332 aut
2301 2288 2412 2334 tres
2447 2279 2704 2336 aediculas
2734 2296 2747 2333 :
2781 2296 2848 2336 ex
2892 2282 2978 2336 his
3019 2294 3203 2339 autem
3252 2303 3355 2340 una
3401 2300 3483 2343 est

1911 2383 2073 2436 quam
2096 2382 2254 2421 nemo
2268 2369 2550 2436 occuparit
2578 2386 2592 2423 :
2620 2378 2805 2424 utrum
2832 2369 2915 2427 Ias
2935 2372 3006 2427 ibi
3039 2390 3258 2430 sacrum
3284 2376 3481 2445 facere,

1911 2470 2091 2511 annon
2125 2458 2149 2512 ?

1978 2542 2286 2613 Responsio.
2328 2575 2398 2589 -
2439 2547 2496 2601 Si
2555 2563 2722 2617 penes
2777 2550 3092 2608 baereticum
3145 2556 3479 2612 declaratum

1907 2635 2175 2702 ejusmodi
2221 2638 2451 2693 ecclesia
2492 2651 2598 2703 est,
2653 2643 2755 2698 etsi
2805 2660 2911 2700 una
2963 2647 3196 2704 aadicula
3255 2653 3327 2706 sit
3369 2669 3479 2708 non

1907 2724 2174 2790 dedicata,
2213 2726 2368 2781 nefas
2410 2728 2482 2782 ibi
2515 2745 2731 2785 sacrum
2785 2731 2968 2789 facere
3003 2755 3018 2789 :
3051 2738 3098 2792 si
3142 2754 3268 2792 vero
3312 2757 3479 2810 penes

1906 2816 2266 2870 orthodoxam
2323 2818 2507 2882 fuerit,
2537 2836 2756 2878 sacrum
2814 2839 3106 2897 peragatur
3148 2830 3205 2885 in
3247 2831 3475 2890 aedicula

1906 2921 2026 2975 qua:
2050 2923 2157 2962 non
2185 2919 2268 2962 est
2299 2911 2567 2967 dedicata.

1978 2996 2330 3068 interrogatio
2355 3000 2493 3059 XVI.
2525 3034 2590 3046 —
2632 3005 2690 3061 Si
2715 3016 2896 3076 potest
2949 3011 3073 3081 quis
3118 3014 3349 3070 ecclesia
3374 3033 3474 3072 sua

1906 3091 2086 3160 potiri,
2121 3102 2179 3144 ut
2200 3108 2264 3144 ne
2281 3108 2498 3150 sacrum
2527 3097 2582 3152 in
2603 3113 2665 3153 ea
2691 3101 2976 3158 haereticus
3016 3104 3183 3161 faciat
3213 3125 3228 3173 ;
3262 3121 3468 3177 quanto

1908 3193 2150 3252 tempore
2168 3184 2324 3238 debet
2344 3197 2658 3255 exspectare
2677 3207 2690 3243 :
2707 3200 2758 3245 et
2773 3193 2899 3261 quid
2918 3194 2984 3248 de
2998 3210 3059 3248 ea
3078 3197 3429 3252 statuendum
3447 3197 3469 3252 i

1976 3356 2285 3428 Responsio.
2325 3389 2396 3401 --
2433 3359 2548 3416 Non
2587 3376 2833 3418 nostrum
2883 3375 2966 3420 est
3014 3367 3142 3422 huic
3175 3370 3339 3440 capiti
3380 3387 3441 3425 sa

1901 3443 2294 3502 tisl‘accrezest
2331 3448 2477 3507 enim
2522 3451 2787 3522 episcopi,
2818 3469 2846 3507 a
2879 3471 2988 3524 quo
3039 3459 3327 3513 solvuntur
3378 3475 3472 3516 eeo

1900 3533 2100 3590 clesiae.

1970 3622 2322 3696 Interrogatio
2356 3626 2517 3683 XVII.
2558 3663 2626 3672 —
2666 3631 2722 3686 Si
2753 3635 2844 3703 qui
2884 3646 3063 3691 autem
3099 3647 3226 3691 sunt
3271 3640 3372 3692 viri
3403 3656 3470 3696 ac

1899 3715 2154 3771 mulieres
2171 3730 2201 3771 ο
2218 3717 2370 3773 laicis
2395 3720 2488 3789 qui
2507 3721 2587 3776 vel
2607 3723 2676 3776 ob
2708 3725 3084 3788 rusticitatem,
3107 3727 3186 3780 vel
3205 3727 3275 3781 ob
3306 3729 3465 3782 inha-

1899 3818 2006 3861 tam
2051 3807 2300 3864 haeresim
2347 3811 2457 3865 sint
2500 3813 2737 3869 haeretici
2778 3834 2791 3870 :
2827 3832 2893 3869 an
2946 3816 3102 3871 liceat
3148 3833 3274 3873 cum
3326 3820 3465 3890 ipsis

1898 3899 2077 3964 edere,
2122 3910 2217 3955 aut
2248 3902 2496 3972 accipere
2533 3906 2827 3974 quidquam
2860 3908 2926 3960 ab
2967 3908 3120 3977 ipsis.

1967 3991 2274 4053 Responsio.
2301 4023 2369 4033 —
2399 3993 2584 4063 Neque
2618 3997 2663 4049 si
2698 4012 2764 4050 ex
2806 3999 2972 4052 animi
3002 4000 3262 4068 pravitate
3289 4001 3462 4058 haere-

1896 4081 1990 4136 tici
2015 4091 2162 4148 sunt,
2201 4099 2375 4154 neque
2404 4085 2451 4141 si
2493 4101 2561 4141 ex
2614 4090 2940 4157 ignorantia,
2973 4091 3244 4147 autedere
3303 4095 3457 4159 licet,

1897 4183 1991 4227 aut
2014 4175 2260 4243 accipere
2289 4191 2410 4246 qua
2440 4186 2566 4231 sunt
2592 4179 2660 4232 ab
2695 4179 2761 4234 iis
2789 4179 2973 4233 oblata
3010 4199 3024 4234 :
3063 4182 3163 4236 nisi
3192 4182 3334 4238 forte
3365 4202 3460 4238 ru-

1898 4265 2080 4319 diores
2117 4268 2410 4331 emendati,
2443 4277 2588 4322 recte
2626 4270 2828 4324 sentire
2859 4287 2916 4326 se
2965 4273 3308 4341 protitentnr.

1965 4356 2318 4427 Interrogatio
2369 4357 2552 4413 XVIII.
2611 4391 2679 4402 --
2721 4360 2799 4416 De
2855 4374 3006 4431 patre
3061 4380 3211 4431 meo,
3275 4376 3456 4421 utrum

1898 4462 1997 4518 par
2030 4460 2111 4503 est
2140 4465 2266 4503 eum
2309 4451 2364 4504 in
2392 4466 2451 4504 re
2488 4451 2668 4504 divina
2713 4456 3180 4508 commemorari?

298 4540 665 4610 Ἀπόκρισις.
699 4541 823 4594 Εῐτε
862 4541 1062 4612 πατὴρ,
1090 4544 1202 4595 εἴτε
1240 4547 1440 4617 μήτηρ,
1489 4549 1597 4602 εῑτε
1639 4550 1791 4603 ἀδελ-

1966 4539 2274 4609 Responsio.
2305 4572 2377 4583 —-
2408 4541 2530 4597 Sive
2563 4554 2733 4613 pater,
2762 4546 2874 4599 sive
2901 4558 3090 4610 mater,
3126 4549 3238 4602 sive
3267 4548 3452 4614 frater,

219 4632 337 4699 φὺς,
385 4631 419 4702 ἢ
462 4632 710 4686 ὁστισοῦν
749 4633 908 4697 ἄλλος
961 4634 1288 4706 κατελείφθη
1345 4640 1506 4708 μέχρι
1557 4640 1787 4695 θανάτου

220 4722 496 4775 κοινωνῶν
547 4725 613 4794 τῇ
660 4725 902 4794 αἱρέσει,
953 4726 1279 4797 προείρηται
1322 4729 1378 4779 ὲν
1401 4730 1478 4800 τῷ
1530 4732 1787 4805 ἀνωτέρῳ

223 4815 525 4884 κεφαλαίῳ,
565 4816 639 4886 μὴ
687 4817 1119 4888 μνημονεύεσθαι
1159 4821 1216 4871 ὲν
1262 4823 1328 4890 τῇ
1359 4821 1669 4896 λειτουργίᾳ
1704 4842 1716 4856 ο
1741 4830 1788 4880 εἰ

223 4911 293 4978 μή
341 4927 395 4962 τι
429 4909 654 4973 ἕκαστος
692 4910 832 4965 κατά
866 4911 1102 4966 διάνοιαν
1144 4912 1317 4966 ἕλοιτο
1359 4915 1614 4985 εὔχεσθαι
1660 4922 1789 4990 περὶ

218 5000 324 5054 τῶν
353 5000 631 5064 τοιούτων,
659 5002 750 5054 καὶ
788 5002 928 5071 ὑπὲρ
967 5004 1146 5057 αὐτῶν
1176 5007 1350 5058 ποιεῖν
1394 5007 1783 5078 ἐλεημοσύνας.

221 5092 341 5155 Πῶς
364 5093 475 5162 γὰρ
505 5093 571 5146 ἂν
608 5096 636 5148 ὁ
671 5095 750 5147 ἔτι
798 5094 928 5158 ζῶν,
971 5097 1212 5165 μετέχων
1258 5115 1319 5150 τε
1355 5098 1455 5166 τῆς
1508 5101 1787 5171 αἱρετικῆς

223 5185 524 5249 κοινωνίας,
562 5187 654 5238 καὶ
700 5185 874 5249 οὕτως
919 5188 1281 5256 ἐκκομισθεὶς,
1342 5189 1675 5260 ληφθήσεται
1727 5194 1787 5247 ἐν

225 5273 586 5344 μνημοσύναις
614 5275 754 5329 κατὰ
782 5276 877 5347 τὴν
919 5278 1303 5347 μυσταγωγίαν
1328 5280 1434 5332 τῶν
1469 5281 1785 5351 ὸρθοδόξων;

220 5366 487 5436 οὐδαμῶς.

286 5458 474 5511 Ταῦτα
542 5459 602 5510 οὐ
657 5460 957 5522 κανονικῶς
1025 5462 1374 5533 ἐφθεγξάμην
1408 5482 1420 5493 ·
1470 5469 1784 5520 ἐπισκόπων

220 5548 324 5618 γὰρ
359 5548 553 5601 τοῦτο·
595 5549 729 5602 ἀλλὰ
765 5550 1234 5620 συμϐουλευτικῶς
1273 5556 1330 5621 ἐξ
1366 5557 1783 5626 ἀγάπης-οὐδὲν

221 5643 322 5709 γὰρ
348 5642 570 5710 ἀγάπης
606 5642 1063 5712 ἀναγκαιότερον,
1099 5645 1488 5718 φθεγξάμενος.
1530 5653 1592 5703 Εἰ
1629 5652 1683 5703 δέ
1731 5670 1782 5704 τι

306 5733 559 5803 εὐλαϐείᾳ
601 5752 692 5786 σου
725 5735 897 5798 ἄλλως
940 5738 1288 5807 δοκιμάζεται
1347 5745 1737 5812 οἰκονομεῖσθαι
1767 5762 1780 5776 °

224 5823 379 5888 ἡμεῖς
418 5827 548 5892 περὶ
583 5824 774 5878 τούτου
821 5827 977 5894 λόγον
1016 5832 1113 5883 οὐκ
1151 5833 1362 5902 ἔχομεν,
1399 5834 1432 5902 ἢ
1467 5835 1526 5886 τὸ
1564 5836 1782 5888 ἐξαιτεῖ-

1896 4648 1992 4687 seu
2019 4635 2198 4702 quivis
2224 4634 2384 4697 alius,
2418 4635 2788 4704 deprehensus
2819 4636 2985 4692 fuerit
3022 4639 3089 4692 ad
3125 4640 3330 4693 obitum
3363 4656 3456 4694 us-

1889 4739 1994 4794 que
2010 4726 2500 4781 communicavisse
2519 4727 2708 4782 hteresi
2731 4746 2744 4793 ;
2766 4737 2919 4782 antea
2937 4729 3137 4783 dictum
3152 4740 3235 4784 est
3255 4732 3308 4784 in
3327 4747 3387 4785 su
3397 4749 3455 4800 p-

1891 4817 2106 4886 periore
2129 4817 2325 4886 capite,
2353 4834 2460 4872 non
2501 4833 2620 4873 esse
2665 4821 2979 4873 memoriam
3005 4822 3149 4875 illius
3189 4821 3240 4875 in
3270 4838 3328 4877 re
3363 4839 3452 4876 Sa-

1889 4921 1981 4961 cra
2038 4906 2338 4962 faciendam
2375 4926 2389 4962 :
2426 4909 2518 4963 sed
2542 4922 2719 4963 tamen
2760 4911 2987 4980 quisque
3022 4927 3206 4966 secum
3247 4913 3301 4967 in
3333 4915 3455 4967 ani-

1890 5013 1981 5052 mo
2006 5001 2214 5068 precari
2250 5016 2348 5070 pro
2385 5001 2471 5055 his
2518 5001 2563 5054 si
2599 5003 2746 5056 lubet
2789 5012 2982 5072 potest,
3024 5020 3088 5059 ac
3118 5021 3215 5074 pro
3261 5006 3452 5060 iisdem

1889 5088 2259 5158 eleemosynas
2283 5104 2528 5160 erogare.
2567 5091 2850 5155 Quomodo
2883 5095 3049 5156 enim,
3080 5096 3172 5164 qui
3200 5096 3327 5149 dum
3369 5097 3445 5147 vi.

1890 5189 2057 5243 veret,
2090 5184 2360 5252 particeps
2398 5183 2500 5237 fuit
2537 5185 2800 5238 haeretica:
2833 5188 3256 5252 communionis,
3287 5197 3340 5242 et
3371 5190 3452 5242 sic

1888 5276 2061 5330 elatus
2085 5278 2458 5347 sepultusque,
2486 5280 2663 5333 locum
2691 5279 2908 5334 habebit
2938 5280 2991 5333 in
3011 5281 3300 5353 diptychis,
3320 5284 3447 5339 dum

1888 5384 2000 5425 rem
2059 5385 2269 5424 sacram
2328 5383 2590 5443 peragunt
2643 5374 2972 5429 orthodoxi?
3032 5375 3256 5430 minime
3294 5391 3447 5430 sane.

1957 5459 2081 5513 Haec
2113 5477 2212 5530 ego
2243 5477 2345 5515 non
2377 5475 2633 5533 tanquam
2662 5467 2914 5520 sanciens
2935 5466 3105 5535 legem
3143 5483 3155 5517 :
3191 5481 3312 5518 nam
3347 5466 3450 5520 hoc

1885 5566 2083 5604 munus
2135 5552 2513 5622 episcoporum
2557 5565 2636 5608 est
2676 5574 2688 5610 :
2729 5557 2823 5610 sed
2869 5572 2932 5610 ex
2995 5557 3261 5610 charitate
3314 5570 3448 5610 con-

1885 5644 2008 5699 silio
2059 5644 2253 5713 juvans
2291 5647 2415 5700 dico
2451 5666 2463 5701 :
2500 5648 2629 5701 nihil
2662 5650 2804 5702 enim
2850 5650 3110 5704 eharitate
3149 5649 3320 5719 magis
3348 5664 3444 5703 ne-

1884 5740 2180 5794 cessarium
2213 5751 2309 5796 est.
2347 5739 2402 5793 Si
2436 5757 2561 5796 vero
2587 5743 2739 5796 aliter
2777 5744 3199 5812 dispensandum
3235 5744 3446 5797 videtur

1885 5834 2072 5904 pietati
2113 5843 2215 5887 tuae
2245 5851 2258 5887 :
2288 5849 2383 5888 nos
2411 5834 2476 5888 de
2519 5849 2582 5890 ea
2627 5851 2683 5890 re
2734 5837 2868 5890 nihil
2916 5837 3174 5891 habemus
3242 5836 3443 5902 dicere,
