3966 6440
532 317 666 384 1667

1712 339 1770 401 S.
1800 341 2190 408 THEODORI
2225 349 2574 414 STUDITE

3631 361 3763 429 1668

527 437 635 491 nisi
667 440 811 507 quod
854 451 1074 500 sanctas
1108 453 1316 502 vestras
1353 464 1541 519 preces
1587 452 1916 524 ﬂagitamus,
1945 475 2074 529 quo-

2191 466 2316 520 σθαι
2345 470 2498 540 ὑμῶν
2534 469 2632 535 τάς
2661 472 2820 541 ἁγίας
2836 474 3160 546 προσευχὰς,
3188 477 3269 530 ὅτι
3308 476 3625 549 ἁμαρτωλοὶ
3676 481 3762 536 ἇν-

528 530 673 583 niam
702 530 949 587 homines
973 537 1212 603 peccatis
1237 539 1457 595 obnoxii
1484 558 1694 600 sumus.

528 639 1004 723 CCXX._—__Sancti
1024 647 1203 723 Patris
1219 654 1387 723 nostri
1407 662 1457 706 et
1482 656 1795 723 confessoris
1822 658 2081 716 Theodori

596 715 838 793 pi'wsidis
879 720 1251 796 monac/torum
1282 720 1468 796 Studii
1503 715 1727 795 epistola
1773 729 1842 781 ad
1871 715 2089 796 spat/2a;-

599 791 771 850 riam,
812 791 899 838 cui
928 804 1112 842 nomen
1145 791 1422 848 Maclzara.

2198 558 2406 630 θρωποι
2446 562 2809 634 τυγχάνομεν.

2192 674 2319 751 ΣΚξ.
2355 676 2568 751 τΔΤοῦ
2592 678 2765 751 ὁσίου
2801 680 3024 751 Πίιτρόξ
3055 678 3226 751 ᾐμῶν
3260 680 3355 751 καί
3388 683 3757 751 ὁμολογητοιῖ

2270 745 2957 819 Θεοδώρουχήγοιλμένου
3006 745 3120 801 ulti-
3173 745 3462 819 Στουδζοι)
3520 745 3760 806 ὲαὲιὰτο-

2268 815 2349 938 ἡὴ
2388 816 2460 885 (1)
2500 817 2649 901 πρὸς
2676 814 2805 885 τὴν
2841 820 3183 887 curat/opime
3234 822 3334 889 (2),
3364 814 3441 888 ἧς
3478 821 3546 875 τὸ
3577 822 3761 890 ὄνομα

2325 903 2537 953 alapa.

1535 999 1683 1065 (Aug.
1709 1002 2059 1064 Mu,BibliotIt.
2092 1015 2200 1053 nov.
2233 1004 2397 1063 Putr.,
2419 1008 2455 1051 t.
2481 1003 2563 1062 ιν,
2601 1003 2773 1065 p.99.)

602 1090 651 1146 1.
716 1093 855 1159 Quid
909 1097 1011 1152 sibi
1061 1102 1174 1156 vult
1223 1105 1448 1174 pulchra
1506 1110 1735 1179 epistola
1792 1113 2094 1169 nobilitatis

531 1187 673 1244 tute,
713 1184 1029 1251 provinciali
1063 1204 1316 1247 sermone
1360 1196 1558 1251 dictata
1583 1239 1596 1261 ,
1627 1209 1680 1253 et
1716 1203 1861 1272 quod
1896 1206 2093 1258 mirum

528 1281 651 1335 est,
702 1277 883 1329 statim
932 1294 1039 1348 przn
1082 1298 1139 1336 se
1188 1283 1372 1341 ferens
1423 1291 1615 1346 tuimet
1667 1296 2089 1363 revelatiouem,

533 1370 788 1434 tanquam
840 1366 949 1425 Deo
989 1383 1200 1442 gratum
1247 1381 1480 1435 munus?
1528 1381 1620 1436 Vel
1674 1399 1773 1439 cur
1817 1401 1943 1457 erga
1990 1405 2089 1443 nos

2269 1105 2424 1178 [ϐοά.
2468 1106 2586 1160 Vat.
2637 1107 2758 1171 655,
2790 1105 2827 1160 ί.
2876 1106 2952 1179 1.]
2984 1113 3051 1159 α’.
3084 1106 3148 1160 Τί
3190 1106 3328 1178 καλὴ
3369 1106 3629 1179 ἐπιστολὴ
3664 1109 3758 1179 τῆς

2195 1202 2470 1270 εὐγενείας
2510 1217 2625 1265 σου,
2680 1202 2745 1269 τῇ
2806 1198 3056 1269 ἐγχωρίῳ
3106 1198 3207 1269 μὲν
3263 1203 3413 1270 φωνῇ
3453 1200 3758 1270 ὑπηγορευ-

2194 1292 2348 1363 μένη,
2380 1292 2472 1345 καὶ
2519 1292 2577 1344 τὸ
2622 1291 2922 1363 παράδοξον
2980 1291 3208 1356 ἐξάπινα
3261 1293 3360 1364 τὴν
3407 1292 3755 1365 ὲξαγὸρευσιν

2190 1388 2445 1456 φέρουσα,
2483 1386 2669 1456 ὥσπερ
2692 1404 2743 1439 τι
2770 1385 2918 1439 ἕδνον
2953 1386 3300 1455 θεοχάριστον
3331 1387 3344 1438 l
3390 1383 3551 1441 Ἀ).λά
3596 1387 3758 1440 πόθεν

527 1466 843 1523 peccatores
880 1474 1025 1519 tanta
1050 1477 1138 1521 tua
1172 1469 1368 1524 ﬁducia
1393 1482 1449 1526 et
1478 1482 1585 1528 tam
1615 1476 1701 1544 pia
1725 1475 1953 1532 effusio?
1986 1481 2071 1535 nis

2195 1481 2351 1553 ἡμῶν
2384 1480 2551 1533 ὄντων
2596 1479 2954 1549 ἁμαρτωλῶν,
2985 1481 3018 1548 ὴ
3050 1478 3283 1549 τοσαύτη
3322 1497 3414 1532 σου
3449 1480 3634 1541 πίστις
3667 1480 3757 1531 καὶ

527 1548 735 1605 scilicet
787 1560 847 1606 ut
896 1557 1052 1611 nobis
1082 1560 1428 1627 innotescat,
1480 1566 1624 1634 quali
1674 1575 1729 1620 tu
1778 1579 2091 1639 quantaque

525 1640 723 1709 pietate
772 1646 883 1710 sis;
921 1664 1041 1718 quae
1080 1660 1135 1705 et
1165 1652 1447 1708 dominum
1478 1667 1744 1727 caputque
1796 1669 1946 1714 tuum
1987 1663 2090 1731 (vi-

524 1747 647 1786 rum
681 1736 908 1809 scilicet)
951 1751 1125 1795 tecum
1160 1744 1444 1814 perducis;
1501 1749 1827 1821 insuperque
1868 1753 1918 1806 in
1948 1754 2085 1808 idem

525 1826 714 1890 trahis,
761 1844 859 1885 ceu
902 1834 1058 1901 quasi
1109 1834 1203 1889 Dei
1246 1852 1436 1893 mensa
1482 1839 1705 1911 dignum
1754 1845 2040 1912 opsonium
2068 1887 2083 1914 ,

523 1916 772 1974 dominas
806 1937 1021 1993 quoque
1055 1941 1295 1983 sorores.
1334 1930 1481 1985 Adeo
1526 1933 1792 1989 mirabilis
1841 1946 1924 1991 est
1974 1939 2087 2007 epi-

525 2010 659 2065 stola
701 2023 790 2066 tua
814 2055 829 2077 ,
873 2025 927 2069 et
965 2016 1181 2085 pietatis
1221 2030 1416 2075 vestra:
1465 2023 1753 2095 imaginem
1790 2027 2086 2085 ostendens

522 2105 1013 2171 speciosissimam!
1045 2107 1163 2165 lam
1195 2128 1342 2179 vero,
1376 2116 1519 2184 quod
1561 2130 1770 2172 vosmet
1809 2120 1957 2188 ipsos
1989 2120 2085 2174 hu-

523 2194 739 2250 militati
775 2214 905 2252 mea:
956 2201 1320 2270 tradideritis,
1374 2206 1510 2259 mihi
1551 2207 1730 2262 dicere
1777 2224 1883 2262 non
1922 2211 2080 2265 licet:

524 2297 897 2344 verumtamen
943 2291 1082 2346 haud
1112 2294 1268 2360 mihi,
1306 2296 1401 2350 sed
1452 2295 1559 2351 Deo
1591 2307 1799 2353 vosmet
1832 2301 2082 2357 tradatis.

521 2377 885 2443 Quamobrem
918 2385 1065 2436 etde
1098 2394 1272 2439 vestra
1321 2387 1579 2455 prmelara
1621 2390 1729 2443 vita
1775 2390 1941 2443 laetari
1988 2392 2082 2445 de-

519 2468 732 2535 bemus,
761 2480 813 2524 ct
854 2472 1010 2527 vobis
1035 2483 1219 2528 saneta
1246 2477 1428 2530 omnia
1454 2479 1683 2544 precari,
1717 2478 1878 2547 idque
1907 2482 2081 2533 solum

519 2564 662 2631 quod
710 2564 761 2617 iu
806 2577 993 2619 nostra
1029 2575 1294 2634 potestate
1328 2579 1411 2622 est
1443 2569 1663 2639 largiri,
1708 2581 1956 2626 nostrum
2000 2573 2082 2624 vi-

517 2654 714 2709 delicet
759 2656 1060 2725 simplicem
1097 2671 1408 2713 sermonem
1438 2678 1450 2712 :
1487 2676 1645 2729 quem
1688 2677 1832 2716 nunc
1867 2676 2084 2731 Quoque

516 2746 843 2813 praebentes,
871 2748 1239 2802 sciscitamur.

586 2835 641 2888 2.
682 2834 793 2890 Cur
816 2852 896 2903 tu,
923 2854 955 2893 0
981 2840 1313 2904 veneranda,
1343 2855 1372 2893 a
1400 2856 1485 2894 me
1514 2840 1686 2911 exigis
1710 2851 1765 2895 ut
1789 2843 1855 2896 de
1891 2841 2071 2899 divina
2097 2846 2139 2902 (Ζ

517 2930 904 2983 communione
949 2930 1161 2999 IOquar,
1206 2941 1262 2985 et
1308 2946 1405 2984 cur
1459 2940 1512 2984 tu
1559 2932 1672 2999 jam
1730 2949 1758 2985 a
1801 2942 1880 2986 tot
1921 2937 2080 2989 annis

516 3034 642 3073 raro
676 3035 739 3074 ea
783 3022 953 3075 uteris
980 3040 993 3075 :
1019 3022 1218 3075 etenim
1258 3023 1358 3077 hoc
1390 3023 1509 3077 sine
1543 3022 1723 3092 aliqua
1756 3039 1926 3079 causa
1955 3023 2072 3081 ﬁeri

516 3126 624 3164 non
652 3111 830 3166 debet.
863 3110 1074 3182 Quippe
1109 3128 1283 3182 neque
1320 3129 1441 3167 raro
1476 3129 1650 3184 neque
1679 3116 1943 3185 quotidie,
1982 3119 2075 3173 sed

520 3218 643 3257 cum
680 3219 813 3272 pura
852 3206 1180 3258 conscientia
1209 3207 1639 3275 participandum
1673 3217 1774 3262 est.
1816 3207 1961 3261 Nam
1987 3212 2077 3278 qui

514 3295 745 3365 indigne,
776 3296 949 3366 inquit
986 3295 1286 3367 Scriptura.
1324 3299 1610 3351 manducat
1641 3312 1688 3354 et
1724 3299 1853 3355 bibit
1882 3341 1897 3366 ,
1924 3303 2077 3370 judi-

515 3393 657 3445 cium
683 3393 785 3446 sibi
821 3395 1102 3446 manducat
1132 3402 1181 3445 et
1217 3391 1378 3457 bibit,
1422 3409 1523 3445 non
1553 3393 1855 3462 dijudicans
1889 3410 2075 3463 corpus

516 3486 756 3541 Domini.
792 3484 961 3556 Igitur
991 3485 1035 3539 si
1067 3484 1168 3537 hac
1204 3484 1448 3548 ratione,
1498 3485 1886 3539 conscientiam
1929 3496 2074 3539 tuam

515 3590 906 3650 perscrutans,
940 3589 992 3633 et
1029 3589 1334 3632 reverenter
1364 3589 1413 3633 te
1445 3594 1638 3647 gerens
1660 3616 1674 3640 ,
1710 3578 2077 3645 procrastina-

513 3672 590 3726 ris
612 3712 626 3738 ,
668 3672 804 3726 bene
840 3680 961 3736 est;
996 3671 1108 3724 sive
1140 3671 1191 3723 id
1233 3670 1379 3724 brevi
1416 3672 1529 3724 sive
1559 3668 1800 3739 longiore
1834 3676 2077 3737 tempore

512 3762 961 3831 ﬁatznullusque
1001 3762 1141 3815 alius
1193 3763 1317 3815 huic
1362 3762 1438 3815 rei
1482 3761 1748 3816 terminus
1806 3759 2073 3828 assignari

512 3863 713 3923 poteSt,
744 3869 906 3921 quam
932 3870 1055 3907 cum
1088 3868 1243 3922 puro,
1283 3860 1552 3923 quatenus
1582 3852 1789 3906 homini
1814 3853 2075 3922 possibile

511 3952 616 4007 est,
652 3945 819 3999 corde
846 3960 1120 3999 accessus.
1157 3943 1309 4010 Quod
1363 3944 1408 3999 si
1446 3945 1569 4015 quis
1617 3945 1774 4014 culpa
1817 3956 2073 4016 gravatur

511 4050 633 4105 qua:
658 4051 688 4090 a
720 4037 1107 4090 communione
1136 4036 1420 4105 prohibet,
1470 4037 1514 4091 is
1554 4045 1668 4091 tum
1702 4037 1921 4091 demum
1953 4054 2074 4107 par-

510 4130 775 4198 ticipabit,
813 4145 935 4184 cum
971 4130 1278 4199 impositam
1317 4144 1529 4199 pinnam
1557 4130 1873 4199 expleverit.
1915 4128 2067 4195 Quod

508 4222 557 4275 si
592 4237 782 4275 rursus
814 4231 987 4276 semet
1030 4221 1265 4277 secernit
1294 4222 1362 4276 ob
1395 4223 1641 4277 haeresim
1669 4263 1682 4288 ,
1714 4222 1816 4277 hoc
1845 4223 2065 4293 quidem

509 4317 818 4369 necessario
870 4314 948 4369 ﬁt.
1024 4312 1235 4370 Etenim
1288 4324 1697 4370 sacrosanctum
1743 4315 2063 4386 mySterium

509 4405 756 4476 accipere
795 4406 863 4461 ab
898 4406 1151 4461 hmretico
1177 4445 1192 4472 ,
1237 4415 1329 4461 aut
1359 4408 1483 4462 vita:
1535 4407 1709 4476 palam
1749 4408 2067 4477 vituperata

580 4543 629 4575 ”
666 4542 837 4599 lCor.
867 4559 946 4610 xi,
978 4544 1067 4600 29.

2192 1573 2420 1643 εὐσεϐὴς
2450 1571 2725 1641 ὲπίχυσιςς
2764 1572 2833 1623 Ἦ
2873 1570 2959 1624 ἵνα
3011 1570 3103 1622 καὶ
3140 1573 3273 1640 ἡμῖν
3326 1570 3621 1639 γνωσθείη,
3674 1570 3757 1633 τίς

2190 1669 2281 1722 καὶ
2309 1667 2525 1736 ποταπὴ
2558 1665 2820 1735 ὑπάρχεις
2846 1664 2944 1735 τὴν
2972 1664 3271 1725 εὐσέϐειαν.
3304 1663 3755 1733 συλλαμϐάνουσα

2192 1760 2310 1830 μεθ’
2350 1759 2544 1827 ἑαυτῆς
2580 1756 2670 1811 τὸν
2696 1756 2895 1826 Κύριον
2924 1756 3019 1809 καὶ
3047 1756 3319 1826 κεφαλὴν,
3354 1755 3490 1809 ἀλλά
3526 1757 3631 1826 μὴν
3663 1756 3756 1808 καὶ

2191 1852 2643 1921 συνεφελκομὲνη,
2697 1849 2949 1917 καθάπερ
2993 1866 3045 1900 τι
3094 1847 3321 1916 ὀψώνιον
3367 1848 3754 1919 θεοτράπεζον,

2187 1948 2280 2000 καὶ
2303 1946 2401 2007 τὰς
2436 1943 2631 2014 κυρίας
2661 1942 2759 2003 σὰς
2796 1942 3048 2009 ἀδελφάς.
3086 1941 3239 1994 Οὕτω
3281 1941 3378 2009 μὲν
3402 1940 3494 1994 οὖν
3525 1941 3754 2010 θεοπρε-

2186 2035 2293 2105 πὴς
2335 2036 2366 2104 ἡ
2402 2031 2676 2102 ἐπιστολὴ,
2708 2032 2801 2084 καὶ
2843 2031 2933 2083 τὸν
2974 2031 3071 2099 τῆς
3099 2031 3376 2092 εὐσεϐείας
3408 2031 3564 2098 ὑμῶν
3586 2047 3757 2100 χαρα-

2185 2128 2363 2197 κτῆρα
2392 2124 2811 2179 ὑποδεικνύουσα
2850 2124 3215 2194 ὡραιότατονι
3263 2121 3401 2191 Ἐγὼ
3438 2124 3495 2175 δὲ
3521 2124 3660 2192 πρὸς
3696 2122 3756 2175 τὸ

2183 2217 2363 2286 λέγειν
2387 2216 2767 2269 ἐπιδεδωκέναι
2790 2216 2932 2284 ὑμᾶς
2973 2216 3067 2268 καὶ
3105 2214 3301 2277 αὐτοὺς
3328 2218 3394 2285 τῇ
3428 2216 3533 2285 ἐμῇ
3560 2232 3755 2267 ταπει-

2183 2308 2365 2375 νὼσει,
2394 2309 2490 2377 οὐχ
2535 2308 2716 2370 ἱκανός
2754 2309 2901 2374 είμι·
2934 2306 3074 2376 πλὴν
3117 2307 3214 2375 οὐχ
3247 2308 3397 2375 ἡμῖν,
3442 2305 3580 2358 ἀλλὰ
3635 2305 3755 2375 Θεῷ

2182 2402 2405 2461 ἑαυτοὺς
2448 2396 2751 2450 ὲπιδίδοιτε.
2799 2398 2896 2449 Διά
2926 2395 3083 2448 τοῦτο
3124 2395 3397 2463 ὀφειλέται
3430 2395 3625 2465 ἐσμὲν,
3662 2396 3757 2447 καὶ

2183 2492 2395 2561 χαίρειν
2430 2490 2520 2541 ἐπὶ
2556 2490 2622 2557 τῇ
2653 2487 2828 2555 ἀγαθῇ
2861 2486 2971 2555 ζωῇ
3009 2486 3184 2555 ὑμῶν,
3214 2488 3307 2539 καὶ
3336 2485 3597 2555 εὔχεσθαι
3625 2489 3756 2557 ὑμῖν

2182 2582 2251 2635 τὰ
2301 2582 2440 2644 ὅσια,
2479 2580 2573 2633 καὶ
2610 2579 2796 2648 νέμειν
2833 2578 2990 2648 μόνον
3037 2579 3064 2629 ὃ
3107 2577 3325 2647 ἔχομεν,
3361 2577 3624 2647 παρέχειν
3662 2578 3756 2629 τὸν

2181 2673 2378 2727 λεπτὸν
2451 2670 2608 2742 ἡμῶν
2652 2670 2827 2738 λόγον,
2876 2670 2903 2721 ὃ
2932 2670 3026 2721 καὶ
3068 2669 3162 2723 νῦν
3211 2667 3558 2732 ἐπιδιδόντες,
3610 2670 3754 2740 ὲρωο

2181 2767 2383 2837 τῶμεν.
2624 2832 2627 2833 ν

2251 2862 2319 2931 β’.
2358 2860 2475 2911 Τίνι
2513 2857 2654 2924 λόγῳ
2681 2852 2965 2923 ὲπιζητείη
3002 2869 3095 2904 σου
3124 2853 3157 2921 ἡ
3197 2850 3447 2920 τιμιότης
3478 2852 3646 2920 φάναι
3684 2869 3753 2920 με

2180 2952 2307 3021 περὶ
2338 2949 2437 3019 τῆς
2468 2948 2616 3009 θείας
2664 2945 2967 3003 κοινωνίας,
3004 2942 3097 2994 καὶ
3146 2942 3290 3003 τίνος
3320 2943 3481 3011 χάριν
3510 2941 3753 2995 τοσαῦτα

2179 3043 2271 3112 ἔτη
2304 3040 2542 3101 σπανίως
2571 3037 2817 3108 μετέχεις
2837 3052 2850 3064 ·
2888 3034 3044 3088 τοῦτο
3076 3033 3184 3104 γὰρ
3213 3033 3368 3096 λόγον
3390 3033 3597 3101 ὀφείλει
3628 3034 3753 3087 τινὰ

2177 3133 2340 3203 ἔχειν.
2369 3132 2442 3184 Ob
2470 3124 2575 3200 γὰρ
2613 3128 2674 3181 τὸ
2704 3128 2967 3193 σπανίως,
2997 3127 3029 3197 ἢ
3054 3128 3113 3179 τὸ
3145 3126 3491 3196 καθεκάστην
3539 3125 3747 3189 ἁπλῶς,

2176 3227 2311 3282 ἀλλά
2349 3226 2409 3278 τὸ
2444 3224 2579 3294 μετὰ
2612 3220 2857 3289 καθαρᾶς
2906 3218 3257 3288 συνειδήσεως
3310 3216 3749 3287 μεταλαμϐάνειν

2175 3319 2290 3372 δέον
2314 3333 2329 3348 ο
2369 3317 2421 3369 '0
2460 3316 2569 3384 γὰρ
2598 3310 2879 3375 ἀναξίως,
2913 3310 3097 3378 φησιν,
3126 3308 3346 3362 ἐσθίων
3392 3307 3492 3360 καὶ
3531 3308 3745 3373 πίνων,

2177 3408 2352 3477 κρῖμα
2380 3404 2569 3470 ἐαυτῷ
2606 3402 2789 3458 ἐσθίει
2827 3398 2925 3453 καὶ
2969 3400 3150 3463 πίνει,
3193 3398 3279 3466 μὴ
3327 3396 3651 3465 διακρίνων
3680 3398 3748 3452 τὸ

2176 3501 2345 3569 σῶμα
2373 3498 2477 3552 τοῦ
2517 3496 2755 3564 Κυρίου.
2788 3493 2849 3545 Εἰ
2875 3487 2969 3546 οὖν
3004 3490 3229 3559 τοιούτῳ
3250 3489 3437 3560 τρόπῳ
3468 3490 3748 3544 σκοποῦσα

2174 3588 2244 3640 τὰ
2291 3585 2488 3653 ἑαυτῆς
2528 3583 2621 3634 καὶ
2670 3579 3041 3650 εὐλαϐουμένη
3091 3576 3380 3646 ἀναμένεις
3406 3577 3498 3630 τὸν
3528 3580 3742 3649 καιρὸν,

2176 3674 2234 3731 εὖ
2262 3677 2327 3730 ἂν
2364 3675 2496 3745 ἔχοι,
2550 3674 2660 3726 εἴτε
2715 3671 3141 3743 συντομώτερον,
3183 3668 3291 3721 εἴτε
3321 3669 3741 3741 χρονικώτερον·

2175 3770 2270 3825 καὶ
2311 3770 2434 3838 ὅρος
2478 3769 2534 3818 ὲν
2563 3768 2735 3837 τούτῳ
2770 3764 2925 3825 ἄλλος
2947 3765 3044 3817 οὐκ
3085 3764 3251 3824 ἔστιν,
3292 3760 3325 3831 ἢ
3355 3762 3388 3830 ἡ
3421 3761 3479 3813 ὲν
3527 3762 3745 3831 καθαρᾷ

2175 3860 2372 3931 καρδίᾳ.
2404 3858 2632 3910 καθόσον
2669 3856 2893 3908 δυνατὸν
2925 3855 3003 3926 τῷ
3037 3850 3309 3923 ἀνθρώπῳ
3337 3852 3696 3921 προσέλευσις
3725 3868 3740 3883 ·

2174 3952 2239 4005 ἂν
2263 3950 2319 4003 δὲ
2354 3947 2692 4015 διὰπταισμά
2720 3962 2805 4008 τις
2836 3946 2932 4017 ἔχῃ
2976 3945 3037 3997 τὸ
3071 3942 3456 4013 ἀκοινώνητον,
3498 3942 3742 4013 δηλονότι

2172 4040 2291 4093 τότε
2331 4040 2535 4099 ἐκεῖνος
2560 4035 2885 4106 κοινωνήσῃ,
2913 4034 3062 4087 ὁπότ’
3091 4034 3156 4087 ἂν
3186 4030 3446 4101 πληρωθῇ
3500 4031 3651 4101 αὐτῷ
3683 4033 3744 4085 τὸ

2173 4128 2464 4197 ἐπιτίμιον.
2508 4127 2568 4178 Et
2607 4126 2662 4177 δὲ
2716 4124 3054 4195 διακρίνηται
3083 4122 3152 4177 αὖ
3203 4122 3362 4176 πάλιν
3408 4119 3477 4173 δι’
3506 4122 3740 4193 αἵρεσιν,

2173 4222 2331 4275 τοῦτο
2357 4220 2670 4286 ἀναγκαῖον.
2713 4216 2786 4269 Τὸ
2811 4215 2918 4284 γὰρ
2968 4216 3247 4269 κοινωνεῖν
3281 4212 3429 4282 παρά
3460 4214 3743 4282 αἱρετικοῦ

2174 4313 2207 4383 ἢ
2237 4309 2543 4381 προφανοῦς
2568 4305 2990 4376 διαϐεϐλημένου
3018 4305 3159 4358 κατὰ
3187 4304 3276 4357 τὸν
3310 4302 3442 4373 βίον,
3468 4303 3746 4375 ἀλλοτριοί

2175 4404 2330 4470 Θεοῦ,
2383 4403 2476 4456 καὶ
2517 4401 2848 4473 προσοικειοῖ
2903 4397 2980 4471 τῷ
3020 4397 3266 4469 διαϐόλῳ.
3299 4395 3504 4466 Σκέψαι
3548 4393 3667 4464 οὖν,
3697 4392 3743 4451 ὦ

2024 4697 2249 4755 ΝΟΤᾹΞ.

577 4838 654 4908 (1)
685 4837 1025 4908 Praecipuum
1056 4837 1171 4895 fere
1212 4840 1354 4896 inter
1394 4840 1619 4895 Studitae
1650 4843 1849 4909 scripta
1880 4842 2060 4897 locum

507 4917 690 4964 tenere
756 4910 1028 4977 Epistolas
1082 4911 1220 4977 ejus,
1286 4912 1619 4979 exploratum
1686 4923 1789 4967 est.
1856 4911 2062 4967 Harum

507 4979 757 5033 collectio
788 4979 1121 5047 plenissima,
1174 4980 1227 5033 in
1258 4982 1495 5051 quinque
1542 4983 1708 5036 libros
1750 4982 2057 5048 distributa,

505 5058 683 5102 exstat
716 5064 961 5117 magnam
996 5060 1201 5117 partem
1254 5050 1432 5106 adhuc
1489 5053 1687 5105 inedita
1741 5053 1793 5104 in
1846 5054 2060 5107 duobus

506 5119 785 5191 codicibus
810 5119 1119 5191 Parisiacis,
1151 5136 1383 5189 quorum
1430 5122 1738 5191 diligentem
1784 5138 1932 5177 more
1958 5137 2059 5178 suo

507 5190 756 5241 notitiam
796 5190 959 5242 tradit
1007 5188 1287 5245 Fabricius
1333 5190 1483 5246 B.G.
1533 5188 1622 5246 ed.
1675 5208 1800 5245 nov.
1856 5192 1920 5245 T.
1970 5192 2054 5257 Χ,

504 5272 558 5326 p.
594 5259 721 5320 459,
754 5275 903 5329 seqq.
938 5258 1188 5329 Quinque
1220 5262 1317 5316 hos
1346 5262 1511 5315 libros
1556 5271 1772 5317 exstare
1802 5264 1963 5316 etiam
2004 5264 2056 5317 in

506 5328 833 5402 bibliotheca
868 5328 1139 5402 Vaticana,
1170 5331 1301 5384 dixit
1345 5330 1533 5386 auctor
1580 5332 1775 5386 Indicis
1803 5334 2059 5402 alphabe-

508 5399 598 5471 tici
651 5396 866 5452 Patrum
928 5400 980 5451 in
1032 5398 1365 5455 Bibliotheca
1423 5418 1617 5471 magna
1668 5396 2056 5471 Lugdunensi;

505 5466 644 5542 falso
675 5480 875 5529 tamen,
908 5484 1040 5542 nam
1081 5480 1343 5539 quantum
1375 5488 1471 5540 ego
1496 5466 1706 5525 scici'el
1734 5466 2011 5542 e'xploravi
2038 5466 2053 5537 ,

505 5537 639 5611 nihil
661 5547 752 5611 est
780 5539 919 5611 apud
956 5554 1058 5611 nos
1086 5537 1301 5609 (praeter
1335 5537 1521 5610 sparsa
1549 5537 2053 5611 epistolia'aliquot)

505 5607 611 5659 nisi
634 5609 812 5663 Codex
844 5608 963 5680 Vat.
1003 5607 1163 5674 1452,
1200 5607 1427 5680 insignis
1469 5607 1644 5665 hercle
1673 5622 1726 5667 et
1754 5614 1887 5666 satis
1912 5607 2052 5666 antiL

503 5692 662 5743 quus,
702 5679 867 5731 lihros
897 5678 1030 5732 duos
1074 5678 1429 5747 Epistolarum
1468 5682 1693 5735 Studita:
1728 5684 2045 5737 continens:

503 5760 567 5799 ex
619 5763 726 5817 quo
768 5749 1092 5804 adamussim
1134 5752 1316 5805 codice
1370 5761 1580 5821 sumpta
1631 5752 1730 5808 fuit
1778 5752 2049 5807 Sirmondi

2166 4842 2334 4896 editio
2362 4882 2376 4905 ,
2426 4853 2485 4896 ut
2526 4856 2625 4912 ego
2658 4839 3125 4912 conferens‘certo
3158 4839 3397 4912 comperi
3455 4856 3471 4893 :
3518 4856 3646 4895 nam
3683 4853 3740 4898 et

2166 4913 2372 4967 lacunae
2414 4909 2668 4966 editidnis
2712 4912 2827 4965 sive
2873 4909 3106 4979 majores
3136 4911 3253 4964 sive
3283 4910 3447 4979 etiam
3490 4912 3739 4967 minimae

2166 4998 2286 5035 cum
2338 4982 2439 5036 hoc
2490 4982 2678 5035 codice
2726 4978 3332 5049 prorsus’eonspirant.
3380 4978 3518 5034 Cum
3568 4981 3737 5050 igitur

2163 5052 2469 5107 Parisiacus
2507 5053 2595 5106 ille
2622 5052 2915 5122 thesaurus
2936 5067 2962 5103 a
2988 5065 3072 5104 tne
3099 5050 3285 5119 procul
3310 5051 3473 5112 absit,
3498 5051 3589 5105 vix
3624 5068 3731 5122 ego

2164 5138 2325 5175 unam
2379 5133 2470 5176 aut
2512 5123 2732 5175 alteram
2767 5120 2999 5187 adjicere
3043 5136 3185 5173 nunc
3220 5135 3361 5189 queo
3398 5120 3687 5187 epiStolani
3713 5164 3729 5188 ,

2160 5207 2225 5245 cx
2259 5192 2372 5245 Vat.
2405 5192 2590 5247 codice
2620 5191 2741 5256 655,
2768 5207 2890 5245 cum
2916 5190 3253 5245 brevissimis
3282 5190 3602 5246 lacunarum
3633 5195 3736 5247 ali-

2166 5274 2298 5331 quot
2328 5262 2738 5331 supplementis.

2235 5328 2478 5401 (2)Apdd
2513 5328 2916 5401 Fabriciumﬂ.
2937 5329 3023 5391 6.,
3054 5341 3185 5385 tom.
3219 5331 3337 5393 cit.,
3363 5346 3417 5401 p.
3454 5332 3582 5394 444,
3612 5333 3734 5385 ine-

2161 5398 2431 5457 ditéeduze
2458 5406 2804 5456 nominantur
2832 5398 3098 5455 Theodori
3144 5402 3315 5455 nostri
3362 5398 3623 5470 Epistulae
3660 5405 3730 5457 ad

2160 5474 2517 5539 spatharium.
2582 5471 2751 5524 Porro
2808 5473 3011 5524 scimus
3086 5473 3415 5539 sputharium
3502 5474 3726 5527 titulum

2160 5541 2327 5596 fuisse
2365 5542 2523 5596 ollicii
2557 5541 2608 5594 in
2648 5542 2767 5595 aula
2800 5541 3092 5611 Byzantina
3123 5581 3137 5603 ,
3174 5541 3433 5595 uxoribus
3462 5557 3687 5610 quoque
3711 5586 3725 5604 ,

2160 5622 2218 5664 ut
2268 5612 2345 5674 fit,
2410 5609 2892 5667 communicatum.
2948 5609 3139 5665 Nostra
3200 5612 3366 5681 igitur
3434 5609 3729 5680 spatharia

2158 5682 2302 5749 (cod.
2362 5684 2683 5753 spatharca)
2748 5696 2885 5737 uxor
2945 5682 3176 5736 fortasse
3246 5681 3393 5737 illius
3448 5683 3730 5752 spatharii

2160 5760 2295 5805 erat.
