3966 6498
252 439 378 504 1669

1480 439 1856 501 ΕΡΙΞΤΟΙΛΞ
1897 440 2250 502 INEDITJE.

3331 448 3464 512 1670

250 555 509 627 μακαρία,
550 548 700 624 ᾧτινι
757 556 942 626 τρόπῳ
982 556 1089 609 τῶν
1135 556 1437 626 εἰρημένων
1489 556 1573 627 εἴη
1634 574 1726 608 σου
1778 557 1806 608 6

1919 555 2126 609 homine
2151 596 2165 620 ,
2209 573 2238 610 a
2289 556 2395 612 Deo
2423 568 2573 612 arcet
2619 567 2674 612 et
2706 557 2907 612 diaboli
2957 557 3085 613 facit
3115 556 3459 616 familiarem.

249 648 474 711 σκοπὸς,
531 648 623 700 καὶ
686 649 802 700 κατ’
845 649 976 700 αὐτὸ
1029 648 1245 716 πρόσιθι
1302 650 1413 710 τοῖς
1464 647 1799 717 μυστηρίοις.

249 738 486 792 Γνωστὸν
522 738 578 790 δὲ
621 740 786 791 πᾶσιν
837 742 918 792 ὅτι
958 739 1050 791 νῦν
1094 740 1300 810 αἵρεσις
1330 741 1386 790 ἐν
1417 741 1480 810 τῇ
1509 739 1628 793 καθ’
1657 741 1805 809 ἡμᾶς

261 831 553 900 Ἐκκλησία
606 832 1021 901 κατακρατοῦσα
1073 833 1177 884 τῶν
1224 834 1529 901 Μοιχιανῶν
1562 833 1635 902 (5)
1664 834 1800 884 ἐστι.

248 923 428 974 Φεῖσαι
459 922 638 974 τοίνυν
677 924 773 991 τῆς
803 923 985 991 τιμίας
1015 940 1107 974 σου
1139 924 1313 992 ψυχῆς
1356 926 1492 992 μετὰ
1513 925 1620 975 τῶν
1651 925 1806 977 ἀδελ-

250 1014 358 1080 φῶν
413 1015 505 1066 καὶ
536 1016 632 1083 τῆς
681 1014 940 1083 κεφαλῆς.
979 1016 1154 1083 Ἐφης
1198 1016 1252 1067 δέ
1289 1034 1397 1085 μοι,
1435 1017 1513 1068 ὅτι
1563 1017 1806 1080 δέδοικας

250 1106 419 1156 εἰπεῖν
450 1105 524 1172 τῷ
555 1105 909 1175 πρεσϐυτέρῳ
941 1123 1054 1170 σου,
1090 1107 1162 1176 μὴ
1209 1109 1496 1178 ἀναφέρειν
1537 1109 1628 1161 τὸν
1657 1111 1806 1179 αἱρε-

252 1198 477 1266 σιάρχην
505 1197 600 1266 (4).
626 1198 731 1248 Καὶ
753 1198 804 1247 τί
829 1200 955 1266 περὶ
989 1197 1174 1250 τούτου
1203 1201 1377 1252 εἰπεῖν
1410 1216 1490 1252 σοι
1523 1201 1583 1252 τὸ
1607 1202 1804 1270 παρὸν,

251 1289 307 1337 οὐ
338 1286 581 1356 καθορῶ.
623 1287 767 1356 Πλὴν
806 1290 886 1339 ὅτι
934 1289 1202 1358 μολυσμὸν
1230 1288 1342 1358 ἔχει
1375 1291 1406 1358 ἡ
1445 1291 1692 1345 κοινωνία
1743 1296 1808 1346 ἐκ

255 1378 412 1442 μόνου
448 1377 538 1430 τοῦ
579 1379 890 1446 ἀναφέρειν,
923 1381 1021 1431 οὐκ
1059 1379 1126 1432 ἂν
1173 1381 1449 1448 ὀρθὸδοξος
1500 1383 1582 1453 εἴη
1618 1386 1644 1436 6
1677 1385 1808 1436 ἁνα-

253 1470 449 1538 φέρων.
485 1471 542 1522 '0
567 1469 623 1521 δὲ
663 1469 864 1538 Κύριος
895 1473 921 1522 6
960 1473 1016 1523 ὲν
1049 1471 1284 1540 τοσούτῳ
1319 1475 1810 1543 μέτρῳ-εὐσεϐείας

253 1562 390 1628 ὑμᾶς
433 1559 676 1628 ἀγαγὼν,
710 1563 870 1623 αὐτὸς
912 1564 968 1613 ἐν
1003 1565 1167 1615 πᾶσιν
1192 1565 1478 1635 ἀπήμονας
1507 1567 1600 1618 καὶ
1631 1567 1808 1618 ὁλοτε-

250 1652 357 1714 λεῖς
392 1652 604 1720 σώματί
653 1669 710 1704 τε
764 1654 858 1704 καὶ
890 1654 1032 1724 ψυχῇ
1066 1655 1204 1724 πρὸς
1249 1658 1356 1708 πᾶν
1406 1656 1563 1725 ἔργον
1608 1658 1810 1724 ἀγαθὸν

254 1745 342 1796 καὶ
373 1745 508 1814 πρὸς
540 1746 720 1797 πᾶσαν
747 1746 1077 1814 αὐτάρκειαν
1102 1747 1214 1816 βίον
1252 1748 1532 1818 συντηρῶν
1556 1749 1812 1816 διαφυλά-

254 1837 377 1901 ξειε,
421 1839 519 1906 τήν
568 1855 626 1889 τε
666 1838 818 1906 ὑμῶν
865 1839 1122 1906 συζυγίαν
1149 1842 1291 1909 φημὶ
1325 1842 1418 1893 καὶ
1452 1841 1549 1901 τὰς
1592 1841 1809 1894 εὐλαϐε-

254 1929 451 1990 στάτας
481 1928 734 1995 ἀδελφὰς,
773 1929 1220 2000 ὑπερευχομένων
1243 1931 1456 1984 πάντων
1481 1931 1581 2001 τῆς
1614 1931 1812 2001 ἡμετὲ-

257 2038 349 2090 ρας
379 2020 752 2088 ἁναξιότητος.

254 2308 795 2373 ΣΚΑκ-Βασιλείῳ
818 2307 895 2372 τῷ
922 2307 1164 2378 ἀοιδίμῳ
1199 2308 1504 2378 ἡγουμένῳ
1526 2310 1646 2362 σὺν
1670 2308 1818 2365 πᾶσι

428 2378 535 2444 τῆς
564 2379 892 2444 σεϐασμίας
916 2377 1110 2445 μον-ἦς
1136 2381 1238 2432 τοῦ
1266 2380 1435 2447 ἁγίου
1461 2381 1639 2434 Σάϐα.

321 2483 477 2556 [Cm].
511 2485 631 2539 Vat.
665 2488 788 2551 655,
814 2488 852 2539 f.
883 2489 951 2540 45
995 2486 1073 2558 ιλ]
1107 2489 1225 2539 Τῶν
1276 2491 1374 2558 τῆς
1403 2491 1682 2551 εὐσεϐείας
1729 2492 1815 2545 δο-

253 2580 478 2645 γμάτων
540 2578 893 2632 καθεστώτων
923 2622 936 2646 ,
994 2581 1351 2650 φιλοτάραχον
1409 2583 1468 2634 τὸ
1530 2583 1815 2638 κινεῖσθαι.

256 2672 470 2722 Τούτων
504 2672 559 2722 δὲ
608 2672 1022 2735 στασιαζόντων,
1060 2673 1132 2735 ὡς
1179 2673 1272 2724 νῦν
1329 2674 1385 2724 ἐν
1426 2677 1488 2745 τῇ
1528 2675 1648 2727 καθ’
1673 2676 1821 2746 ἡμᾶς

259 2764 491 2830 μάλιστα
529 2764 844 2833 Ἐκκλησία,
876 2764 990 2826 πῶς
1020 2766 1118 2817 οὐκ
1150 2765 1460 2832 ἀναγκαίως
1490 2767 1818 2836 διεγερτέον,

259 2854 609 2924 φειδομένους
640 2856 871 2919 οὐδενὸς,
909 2858 983 2926 μὴ
1013 2858 1093 2910 ὅτι
1114 2875 1177 2925 γε
1217 2860 1428 2928 μακρᾶς
1451 2859 1593 2921 ὁδοῦ,
1624 2860 1730 2912 τῶν
1763 2878 1820 2912 τε

258 2947 430 2999 ἄλλων
477 2947 938 3018 τληπαθημὰτων,
972 2949 1105 3001 ἀλλὰ
1148 2951 1239 3002 καὶ
1268 2950 1429 3002 αὑτοῦ
1466 2952 1694 3005 θανάτου
1721 2970 1821 3005 7.1-

258 3043 580 3106 ταφρονεῖνς
615 3039 760 3108 Αὕτη
803 3043 834 3110 ἡ
862 3042 1008 3092 αἰτία
1034 3043 1130 3111 τῆς
1166 3042 1299 3112 πρὸς
1327 3044 1467 3112 ὑμᾶς
1500 3046 1624 3107 τοὺς
1666 3047 1825 3097 ὁσιω-

260 3132 453 3192 τάτους
487 3130 592 3182 τῶν
632 3133 1013 3199 πνευματικῶν
1039 3134 1192 3203 ἡμῶν
1223 3135 1424 3187 τέκνων
1456 3139 1682 3206 Λητοΐου
1730 3137 1824 3191 καὶ

1840 1885 1887 1943 Β

1907 646 2202 702 Considera
2232 648 2416 719 igitur,
2449 665 2480 701 ο
2512 649 2667 703 beata
2692 689 2706 714 ,
2764 665 3056 718 quamnam
3098 665 3162 704 ex
3196 652 3466 720 praedictis

1908 739 2101 807 agendi
2155 742 2418 794 rationem
2470 742 2562 794 tibi
2613 740 3000 809 proposueris,
3063 751 3117 795 et
3168 743 3464 796 secundum

1907 830 2058 885 illam
2093 831 2157 885 ad
2200 848 2352 885 sacra
2403 832 2659 902 mySteria
2711 831 2976 885 accedito.
3040 830 3250 900 Quippe
3281 833 3468 899 explo-

1908 933 2084 976 ratum
2115 933 2200 977 est
2225 924 2478 977 omnibus
2501 963 2515 985 ,
2550 937 2670 991 quae
2705 937 2846 976 nunc
2895 923 3116 977 haeresis
3168 923 3465 977 Ecclesiam

1909 1021 2150 1065 nostram
2184 1021 2432 1082 occupet,
2465 1012 2896 1066 Mmchianorum
2931 1013 3199 1066 videlicet.
3232 1013 3469 1067 Consule

1909 1100 2091 1168 itaque
2123 1101 2373 1169 pretiosae
2405 1102 2602 1154 animae
2629 1110 2752 1165 tuae,
2790 1110 2845 1154 et
2870 1101 3152 1156 sororibus
3185 1110 3346 1172 atque
3379 1118 3468 1157 ca-

1912 1191 2008 1259 piti
2043 1190 2226 1258 (viro).
2288 1191 2458 1243 Porro
2506 1191 2635 1244 mihi
2687 1191 2767 1244 ais
2823 1191 2997 1243 vereri
3056 1199 3108 1245 te
3161 1193 3341 1247 dicere
3381 1201 3471 1246 tuo

1911 1286 2264 1354 presbytero,
2337 1300 2440 1338 non
2502 1287 2660 1339 licere
2740 1287 3115 1340 haeresiarchas
3195 1287 3468 1358 liturgiam

1911 1374 2109 1428 facere.
2138 1376 2251 1440 Qua
2279 1392 2444 1444 super
2471 1393 2525 1429 re
2551 1377 2780 1446 quidem
2805 1377 2932 1446 quid
2968 1378 3060 1431 tibi
3089 1393 3234 1433 nunc
3264 1379 3474 1432 dicam?

1910 1486 2008 1537 ego
2056 1469 2161 1523 hoc
2212 1486 2405 1523 vacare
2451 1472 2611 1541 culpa
2657 1487 2764 1524 non
2795 1472 3004 1540 judico.
3037 1470 3171 1523 Nam
3211 1471 3338 1540 quia
3378 1472 3470 1525 illa

1911 1560 2224 1612 communio
2252 1559 2542 1627 inquinat,
2594 1574 2711 1629 quae
2751 1561 2806 1612 in
2841 1559 3055 1630 liturgia
3095 1561 3184 1625 tit;
3230 1560 3349 1615 ideo
3379 1562 3472 1630 qui

1912 1647 2040 1702 facit
2081 1650 2398 1718 litnrgiam,
2449 1649 2592 1702 haud
2645 1651 2987 1704 orthodoxus
3036 1652 3160 1704 erit.
3210 1649 3475 1705 Dominus

1913 1752 2127 1805 autem,
2177 1746 2269 1813 qui
2322 1760 2419 1798 vos
2470 1744 2523 1797 in
2575 1753 2785 1798 tantum
2823 1747 3043 1814 pictatis
3077 1761 3144 1800 cu
3172 1761 3296 1799 men
3343 1761 3474 1815 pro-

1913 1837 2084 1899 vexit,
2115 1835 2366 1890 innoxios
2404 1846 2458 1890 et
2494 1836 2856 1906 undequaquc
2905 1837 3210 1891 incolumes
3240 1853 3475 1906 corpore

1913 1928 2201 1997 animaque
2257 1929 2323 1982 ad
2354 1945 2513 1983 omne
2548 1945 2686 1999 opus
2728 1929 2951 1993 bonum,
2997 1944 3324 1998 omnemque
3352 1930 3476 1983 vita:

1913 2034 2068 2072 usum
2095 2028 2396 2086 conservet,
2449 2029 2715 2084 vestrum,
2749 2021 2990 2089 inquam,
3042 2022 3379 2089 conjugium,
3424 2029 3477 2074 et

1913 2124 2128 2164 sorores
2169 2111 2613 2181 religiosissimas
2645 2129 2658 2164 :
2688 2112 2980 2180 cunctique
3032 2126 3131 2180 pro
3175 2122 3362 2166 nostra
3391 2113 3477 2165 in-

1913 2201 2172 2270 dignitate
2196 2203 2354 2255 enixe
2386 2203 2708 2271 precemini.

1915 2310 2144 2366 CCXXI.
2177 2311 2474 2366 —Basilio
2542 2312 2734 2382 inclyta
2790 2314 3002 2380 prwsidi
3053 2330 3170 2365 cum
3224 2313 3477 2368 universis

2203 2385 2478 2436 venerandi
2506 2384 2802 2436 monasterii
2830 2384 2997 2436 sancti
3022 2382 3197 2437 Sabce.

1990 2498 2123 2552 Cum
2165 2497 2444 2566 religionis
2476 2497 2722 2566 dogmata
2761 2506 2924 2562 stant,
2957 2498 3042 2551 ille
3075 2497 3476 2565 pertubatorcm

1917 2606 1975 2645 se
2006 2590 2205 2658 prabet
2235 2589 2328 2657 qui
2377 2595 2556 2641 motus
2584 2588 2709 2641 ciet.
2767 2588 2862 2642 llis
2913 2599 3091 2642 tamen
3147 2589 3438 2642 commotis
3462 2628 3477 2651 ,

1919 2680 1998 2733 uti
2036 2695 2181 2733 nunc
2229 2679 2283 2731 in
2331 2686 2516 2732 nostra
2547 2678 2847 2746 praesertim
2894 2677 3138 2732 Ecclesia
3183 2677 3478 2738 usuvenit,

1920 2772 2048 2842 quid
2078 2771 2134 2824 ni
2175 2770 2484 2824 necessario
2508 2769 2948 2838 consurgendum
2976 2771 3047 2823 sit
3075 2807 3089 2832 ,
3134 2769 3379 2837 nullique
3406 2768 3486 2820 la.

1918 2864 2037 2918 buri
2070 2862 2395 2933 parcendum
2424 2903 2438 2926 ,
2481 2876 2655 2930 neque
2684 2860 2846 2928 longo
2884 2859 3103 2924 itineri,
3157 2873 3332 2927 neque
3360 2857 3480 2910 aliis

1921 2955 2201 3018 (erumnis,
2236 2955 2364 3023 quin
2403 2963 2453 3006 et
2492 2954 2605 3020 ipsa
2635 2966 2781 3004 mors
2810 2950 3248 3005 contemnenda?
3280 2950 3392 3004 Hac
3417 2951 3482 3001 de

1924 3061 2113 3111 causa,
2151 3046 2215 3098 ad
2254 3061 2347 3098 vos
2378 3044 2628 3098 misimus
2657 3046 2722 3095 de
2754 3043 3088 3109 spiritalibus
3122 3041 3249 3094 ﬁliis
3282 3041 3484 3094 nostris

1924 3140 2294 3196 sanctissimos
2327 3137 2567 3191 Letoium
2602 3148 2652 3191 et
2681 3138 3013 3190 Simeonem.
3049 3135 3171 3188 llzec
3195 3142 3279 3188 est
3315 3133 3480 3194 ratio,

263 3225 541 3308 Συμεῶνος
576 3225 650 3295 (5)
679 3226 1000 3294 ἀποστολῆς.
1048 3221 1212 3292 Οὗτος
1261 3230 1287 3280 6
1324 3231 1520 3299 τρόπος
1551 3231 1648 3299 τῆς
1687 3232 1818 3299 μετὰ

1925 3249 2020 3285 cur
2043 3233 2097 3285 hi
2130 3241 2249 3300 post
2285 3231 2537 3284 ﬁduciam
2571 3247 2699 3298 erga
2747 3228 2919 3284 Deum
2942 3271 2956 3292 ,
3005 3226 3369 3297 periculosam
3406 3223 3482 3278 is-

265 3317 392 3370 Θεδν
430 3318 805 3386 πεποιθήσεως
839 3319 1190 3384 κινδυνώδους
1212 3324 1268 3373 ὲν
1291 3325 1400 3384 τοῖς
1429 3323 1611 3374 αὑτὸοι
1659 3323 1821 3390 ἐκδη-

270 3409 412 3477 μίας.
473 3404 683 3461 amca;
724 3410 956 3480 πατέρες
1010 3411 1174 3478 ἅγιοι,
1233 3412 1348 3473 πῶς
1403 3414 1529 3481 ὑμῖν
1579 3412 1824 3481 ἐναργῶς

265 3499 588 3570 διηγήσαιμι
625 3501 691 3554 τὰ
725 3503 864 3555 κατὰ
919 3501 1012 3555 τοῦ
1057 3503 1385 3570 Εὑαγγελίου
1440 3503 1533 3556 τοῦ
1589 3503 1824 3575 Χριστοῦ

267 3592 367 3644 ὑπὸ
399 3592 506 3645 τῶν
537 3593 767 3646 ἐνταῦθα
791 3593 1124 3663 τολμηθέντα
1155 3596 1244 3647 καὶ
1289 3595 1626 3664 πραχθέντας
1665 3595 1827 3666 Ἱερε-

271 3683 396 3751 μίας
425 3686 451 3735 ὀ
481 3682 943 3752 πολυθρηνότατος
963 3677 1062 3734 ὧδέ
1087 3684 1185 3735 που
1211 3701 1370 3753 φησιν
1405 3687 1459 3736 ὲν
1495 3687 1610 3746 ταῖς
1637 3684 1826 3736 ἑαυτοῦ

269 3774 650 3844 προφητείαις·
678 3773 958 3842 Ποιμένες
981 3775 1418 3843 ἡρρονήσαντο,
1450 3777 1547 3831 καὶ
1583 3778 1688 3829 τὸν
1713 3778 1826 3830 Κύ-

261 3885 392 3934 ριον
423 3869 534 3920 οὐκ
563 3865 946 3933 ἐξεζήτησαν.
983 3866 1243 3919 Ἐνταῦθα
1288 3867 1341 3919 δὲ
1366 3867 1743 3937 χαλεπώτερόν
1781 3887 1829 3920 τι

269 3956 359 4008 καὶ
389 3955 510 4009 λίαν
538 3956 764 4008 ἔκτοπον
791 3973 803 3985 ·
833 3957 955 4016 τοὺς
1012 3955 1120 4026 γὰρ
1155 3957 1403 4027 ἐκζητεῖν
1441 3958 1601 4010 αὐτὸν
1637 3975 1831 4026 προαι-

273 4048 568 4116 ρουμένους
629 4049 723 4100 καὶ
793 4047 1184 4116 ἀντεχομένους
1275 4046 1366 4100 τοῦ
1423 4049 1584 4116 νόμου
1643 4049 1830 4112 αὑτοῦ,

269 4136 726 4206 ὴλλοτριωμένους
751 4137 912 4189 αὑτοῦ
947 4135 1244 4206 ἁναθέματι
1276 4139 1368 4189 ἁνε

1929 3323 2055 3376 thuc
2074 3323 2467 3391 expeditionem
2498 3319 3279 3389 susceperint.Verumtamen,
3298 3317 3486 3371 Patres

1929 3413 2140 3477 saneti,
2195 3413 2466 3480 quomodo
2511 3416 2792 3480 perspicue
2837 3411 2988 3464 vobis
3044 3424 3310 3478 exponam
3366 3424 3488 3477 qua:

1930 3506 2185 3558 adversus
2210 3504 2404 3556 Christi
2440 3502 2790 3573 Evangelium
2829 3518 2857 3555 a
2895 3511 3096 3556 nostra:
3125 3501 3366 3571 regionis
3389 3502 3488 3555 ho-

1931 3595 2165 3648 minibus
2217 3609 2346 3648 ausa
2405 3603 2530 3647 sunt
2584 3603 2637 3648 et
2687 3595 2946 3662 peracta?
3024 3593 3492 3647 Luctuosissimus

1930 3686 2146 3754 quidem
2179 3685 2475 3738 Hieremias
2516 3686 2594 3738 sic
2637 3685 2690 3736 in
2727 3701 2819 3737 sua
2874 3684 3154 3752 prophetia
3203 3685 3486 3751 loquitur:

1931 3774 2177 3828 Pastores
2209 3775 2369 3828 stulte
2400 3783 2635 3842 egerunt,
2667 3785 2714 3826 et
2745 3773 3028 3826 Dominum
3071 3789 3171 3825 non
3204 3773 3495 3837 exquisive-

1930 3865 2096 3917 runt?
2127 3864 2195 3915 At
2219 3863 2363 3917 enim
2392 3863 2533 3931 apud
2564 3878 2662 3916 nos
2693 3862 2941 3928 asperius
2983 3902 2997 3927 ,
3029 3862 3230 3930 aliquid
3264 3871 3316 3914 et
3339 3861 3492 3914 valde

1937 3971 2251 4027 perversum
2290 3965 2471 4008 aetum
2517 3963 2600 4007 est
2628 3971 2641 4006 :
2669 3953 2868 4008 etenim
2921 3968 3016 4007 eos
3068 3953 3159 4021 qui
3202 3952 3490 4005 Dominum

1937 4049 2220 4115 exquirere
2237 4047 2570 4109 maluerunt,
2592 4045 2820 4113 ejusque
2849 4046 3019 4113 legem
3049 4045 3207 4110 tueri,
3235 4052 3490 4113 tanquam

1939 4137 2262 4206 apostaticos
2287 4137 2632 4189 anathemate
2658 4134 3125 4204 perculerunt.....

344 4467 648 4539 Supersunt
682 4475 939 4537 praeterea
970 4467 1046 4537 (in
1071 4467 1254 4522 codice
1287 4482 1410 4522 xcrv
1445 4468 1791 4523 Bibliotheca:
1828 4467 2178 4522 Coislinianze
2210 4467 2350 4537 apud
2377 4466 2734 4522 Monmucox
2784 4467 3034 4522 Biblioth.
3082 4469 3300 4522 Coistin.
3355 4484 3482 4537 pag.

278 4565 421 4634 194.)
451 4563 702 4634 Epistolae
730 4563 975 4616 ducentae
1005 4571 1059 4615 et
1083 4564 1420 4633 septuaginta
1453 4571 1681 4631 septem,
1740 4578 2017 4632 nunquam
2045 4563 2306 4617 hactenus
2330 4563 2544 4617 emissa:
2575 4564 2627 4616 in
2663 4563 2856 4627 lucem,
2904 4577 3131 4632 quarum
3164 4562 3490 4617 lalerculum

277 4652 487 4706 damus.
523 4651 790 4719 Incipiunt
817 4665 844 4703 a
878 4648 970 4704 fol.
996 4651 1100 4704 E210
1137 4666 1317 4716 verso,
1345 4653 1434 4706 ubi

344 4739 580 4808 Epistola
607 4738 710 4790 272
740 4739 803 4790 ad
840 4737 1135 4806 Josephum
1164 4737 1383 4792 fratrem
1407 4748 1461 4793 et
1485 4739 1818 4810 archiepisco

1919 4753 1950 4791 n
1979 4735 2138 4792 tertio
2164 4734 2435 4790 exsulem.
2458 4734 2680 4789 Initium
2705 4753 2717 4788 :
2753 4734 3055 4806 Ἐδεξάμην
3089 4735 3157 4788 τὰ
3185 4718 3488 4807 γράμματα

278 4827 371 4896 τῆς
396 4827 492 4894 σῆς
535 4826 862 4894 ἁγιωσύνης,
916 4835 1022 4879 etc.

343 4914 468 4966 275.
493 4914 570 4966 Ad
596 4913 864 4966 eumdem.
900 4913 1112 4966 initium
1146 4913 1273 4975 εΔὶς
1310 4913 1432 4982 ἄρτι
1467 4914 1818 4983 ὲπιστελλόμε

1921 4913 2018 4982 τὴν
2049 4911 2155 4965 ἀπδ
2191 4911 2604 4976 τοῦΒυζαντίου
2642 4910 2848 4981 ἄφιξιν,
2888 4919 2994 4966 etc.

344 5001 469 5053 274.
501 4999 792 5068 Enthymio
820 4999 1096 5053 Sardensi.
1147 5001 1494 5071 Ἐμακρύνθη
1526 5019 1618 5053 σου
1655 5003 1686 5070 ἡ
1718 5001 1953 5083 ὁσιότης,
1981 5011 2086 5055 etc.

348 5087 469 5141 275.
495 5085 701 5155 lgnatio
728 5085 979 5154 episcopo
1009 5086 1193 5140 Mileti.
1227 5087 1446 5159 Εὖρεμα
1477 5088 1638 5139 καλὸν
1663 5088 1927 5156 ὲθήρασα,
1956 5099 2062 5142 etc.

1776 5241 2005 5298 ΝΟΤᾸΞ.

354 5357 428 5423 (3)
451 5356 745 5428 Notissima
761 5366 844 5411 est
872 5359 926 5411 in
961 5357 1184 5426 Stmlitge
1215 5359 1431 5428 scriptis
1446 5357 1666 5411 haeresis
1699 5357 1829 5411 lure.

285 5426 415 5481 Nam
448 5442 570 5480 eum
605 5426 994 5480 Constantinus
1027 5430 1201 5484 lrcnes
1231 5426 1392 5491 (ilius,
1424 5430 1542 5496 ejus
1573 5429 1832 5495 temporis

287 5499 599 5566 imperator,
637 5497 789 5565 pulsa
829 5498 1065 5566 legitima
1100 5515 1306 5563 uxore,
1347 5500 1505 5551 aliam
1545 5496 1828 5558 duxisset,

286 5576 395 5620 tum
433 5567 549 5635 ipse
576 5575 688 5620 tum
715 5567 832 5635 ejus
859 5569 1114 5622 favitores
1142 5570 1267 5623 dicti
1309 5577 1434 5621 sunt
1472 5568 1763 5630 maeclaiani,
1803 5582 1832 5619 a

291 5635 525 5706 μοιχείᾳ,
550 5635 829 5706 adulterio.

356 5705 1011 5775 (Ajlntelligitlosephum
1037 5723 1377 5761 oeconomum
1394 5708 1484 5776 qui
1517 5706 1834 5758 adulterinis

290 5775 636 5846 imperatoris
687 5777 888 5846 nuptiis
935 5779 1294 5831 benedixerat.
1378 5775 1450 5829 De
1506 5791 1569 5828 eo
1630 5776 1835 5829 Studita

292 5846 461 5916 Epist.
495 5845 588 5899 lib.
616 5844 674 5910 l,
703 5844 778 5898 ΞΤ
824 5855 877 5900 et
921 5847 1010 5901 Ἡ.
1068 5847 1194 5901 Sic:
1231 5847 1401 5899 Ἔστω
1438 5846 1732 5914 οἰκονόμος·
1789 5846 1839 5897 τί

1934 5359 2028 5411 καὶ⁸
2053 5355 2285 5421 ἀναξίως
2303 5356 2578 5426 ίερουργεῖ
2599 5370 2626 5426 ;A
2649 5352 2893 5426 Ἐξέλιπε
2921 5351 3287 5426 πρεσϐύτερος
3316 5371 3340 5426 :_
3365 5355 3495 5426 E_sto

1937 5442 2263 5489 azconomus;
2298 5423 2391 5476 cur
2418 5423 2574 5476 etiam
2610 5424 2818 5492 indigne
2858 5424 3024 5476 sacris
3053 5423 3343 5491 operatur?
3395 5423 3497 5475 De-

1935 5499 2024 5552 siit
2059 5512 2168 5548 esse
2193 5496 2482 5563 presbyter.

2013 5567 2091 5635 (5)
2114 5565 2190 5618 Ad
2224 5565 2370 5635 hunc
2394 5563 2699 5635 Simeonem
2726 5563 3368 5635 Sll'elllJUIIIHOFIIlOdQXiaB
3395 5564 3499 5635 dc-

1934 5632 2202 5690 fen'SOrem
2251 5634 2438 5686 scribit
2464 5633 2675 5685 Studita
2705 5633 2957 5701 epistolas
2998 5633 3088 5686 lib.
3139 5632 3198 5700 1,
3243 5633 3306 5685 2-1
3339 5673 3353 5700 ,
3384 5632 3455 5684 22
3482 5673 3496 5696 ,

1935 5707 2006 5760 25
2029 5745 2044 5766 ,
2089 5714 2142 5757 et
2175 5704 2267 5756 lib.
2297 5702 2360 5764 ll,
2387 5703 2471 5756 '50.

2018 5775 2092 5844 (5)
2130 5773 2533 5844 Innuitdeereta
2563 5770 2753 5844 synodi
2771 5769 3214 5844 leonomachicaa,
3240 5778 3305 5829 ad
3335 5786 3498 5841 quam

1947 5841 2365 5901 scribitStudita
2400 5843 2553 5911 epist.
2588 5842 2680 5894 lib.
2715 5841 2779 5906 ll,
2816 5843 2865 5895 l.
