3966 6456
546 347 674 413 1671
1720 356 1780 415 S.
1815 355 2204 416 THEODORI
2244 354 2590 415 STUDITIE
3640 347 3779 410 1672

606 459 731 515 276.
763 458 958 514 Joanni
989 461 1277 531 prmposito
1300 461 1627 517 Chalcedon.
1655 463 1709 517 in
1734 465 1985 520 exsilium
2017 465 2172 520 misse

1742 465 1985 520 exsilium
2017 465 2204 520 misso.
2233 464 2568 535 Ἐϐουλόμην
2590 463 2826 533 διακόνῳ
2857 461 3308 533 χρήσασθαι,θῑρ.

605 546 733 600 277.
765 547 930 602 lrenm
952 547 1217 603 Patriciae.
1256 551 1347 602 Xo".
1381 551 1584 618 πρέπει
1616 550 1805 621 ὕμνος,
1837 563 1944 607 etc.

604 635 728 689 278.
757 634 1031 690 Zachariae
1069 636 1280 707 ὑπάτῳ.
1308 637 1651 707 Ἀσπάζομαί
1679 655 1760 703 σε,
1789 639 2039 709 ἄνθρωπε
2067 640 2159 694 τοῦ

893 635 1031 690 uariae
1069 636 1280 707 ὑπάτῳ.
1308 637 1651 707 Ἀσπάζομαί
1679 655 1760 703 σε,
1789 639 2039 709 ἄνθρωπε
2067 640 2159 694 τοῦ
2181 641 2338 708 Θεοῦ,
2356 651 2459 698 etc.

601 721 728 781 279.
759 725 1057 778 Athanasio
1089 724 1215 778 filio.
1252 726 1434 793 Ἔγνω
1461 729 1488 778 ὀ
1521 725 1650 790 Θεὸς
1679 728 1803 791 τοὺς
1839 727 1998 791 ὄντας
2021 729 2205 783 αὑτοῦ.

604 811 730 867 280.
765 813 1050 868 Timotheo
1079 813 1210 876 lilio,
1241 809 1309 866 ’.Ω
1332 815 1465 867 καλὲ
1495 816 1748 885 Τιμόθεε.

601 900 728 954 281.
765 902 1016 955 Anatolio
1048 912 1100 956 et
1130 899 1390 955 Suhhatio
1416 902 1558 956 ﬁliis.
1592 903 1796 972 Τρίτην
1835 905 2041 974 ταύτην
2074 903 2167 957 ὲπι

1002 917 1016 955 1
1048 912 1100 956 et
1130 899 1390 955 Suhhatio
1416 902 1558 956 filiis.
1592 903 1796 972 Τρίτην
1835 905 2041 974 ταύτην
2074 903 2366 976 ἐπιστολὴν
2395 905 2568 975 ὑμῶν.

600 986 727 1040 282.
754 985 914 1042 Petro
942 986 1152 1042 Nicaeae.
1182 988 1447 1053 Πολλάκις
1480 990 1816 1061 προθέμενος
1842 990 2164 1049 ἐπιστεῖλαι.

599 1070 722 1126 285.
756 1076 995 1144 Josepho
1021 1078 1338 1145 przeposito.
1369 1078 1637 1144 Ἦνεγκεν
1660 1081 1686 1132 ό
1707 1081 1922 1151 καιρός.

598 1159 722 1214 284.
759 1161 1012 1231 Gregorae
1042 1163 1201 1217 laico.
1250 1164 1314 1216 'lI
1345 1164 1510 1235 πολλή
1543 1182 1636 1219 σου
1661 1169 1752 1220 καὶ
1779 1168 1956 1238 θερμὴ
1988 1167 2248 1221 διακονία.

595 1248 722 1302 285.
746 1249 915 1303 Anna:
947 1251 1249 1319 praepositae
1290 1251 1509 1306 inclusa:
1548 1254 1616 1306 oh
1640 1254 1934 1310 Christum.
1969 1255 2031 1307 Τί
2061 1253 2126 1307 ἂν
2156 1277 2161 1305 ι

1591 1255 1616 1306 h
1640 1254 1934 1310 Christum.
1969 1255 2031 1307 Τί
2061 1253 2126 1307 ἂν
2156 1253 2391 1318 ἀκούσας
2418 1253 2547 1325 περὶ
2573 1254 2673 1323 τῆς
2701 1252 3014 1326 τιμιότητός
3042 1274 3157 1316 σου.

597 1334 719 1389 286.
755 1337 919 1390 Leoni
955 1338 1210 1392 Patricio.
1237 1337 1299 1391 El
1338 1340 1502 1403 αὐτὸς
1537 1342 1636 1393 οὐκ
1665 1343 1880 1405 ἁτονεῖς
1913 1337 1971 1394 εὗ
2007 1346 2202 1396 ποιεῖν.

596 1425 720 1483 287.
749 1428 916 1484 lrenae
939 1429 1188 1485 Patricize
1216 1431 1378 1485 domo
1408 1433 1477 1486 ob
1503 1432 1659 1486 fidem
1691 1431 1896 1500 eiectae.
1936 1431 2075 1500 Ἐγὼ
2105 1434 2162 1488 κε

1349 1447 1378 1485 0
1408 1433 1477 1486 01)
1503 1432 1659 1486 fidem
1691 1431 1896 1500 ejecta.
1936 1431 2075 1500 Ἐγὼ
2105 1434 2207 1488 κᾶν
2229 1431 2288 1488 οὐ
2317 1435 2558 1505 δέχωμαι
2592 1433 2915 1504 γράμματα.

593 1519 720 1574 288.
749 1520 972 1576 Moscho
1009 1523 1168 1578 laico.
1207 1523 1386 1576 Πολλά
1426 1541 1518 1576 σου
1553 1524 1622 1577 τὰ
1646 1525 1845 1593 ἀγαθά.

592 1610 720 1667 289.
754 1614 1120 1670 Euschemoni
1149 1615 1543 1687 Lampsaceno.
1579 1620 1791 1688 Ἐγνων
1814 1620 1888 1683 ὡς
1918 1621 1949 1689 ἡ
1975 1621 2158 1693 όσιότη

1610 1620 1791 1688 Εγνων
1814 1620 1888 1683 ὡς
1918 1621 1949 1689 ἡ
1975 1621 2193 1693 ὁσιότης
2229 1640 2321 1674 σου
2354 1623 2609 1691 εἴληπται
2645 1620 2749 1675 ὑπὸ
2777 1623 2885 1676 τῶν
2913 1622 3176 1678 διωκτῶν.

590 1705 716 1763 290.
746 1708 1006 1767 Hilarioni
1036 1714 1507 1769 Archimandritre.
1543 1708 1716 1785 Εῦρον
1745 1714 1841 1784 ὀψὲ
1872 1715 1965 1768 τοῦ
1992 1734 2153 1787 καιρο

1036 1714 1507 1769 Archimandritre.
1543 1708 1716 1785 Εὗρον
1745 1714 1841 1784 ὀψὲ
1872 1715 1965 1768 τοῦ
1992 1716 2188 1787 καιροῦ
2213 1717 2586 1772 ἀσπάσασθαι.

588 1795 714 1853 291.
751 1800 1134 1859 Grammaticis
1164 1805 1372 1861 duobus
1407 1804 1683 1860 fratribus.
1718 1807 1882 1859 Οὐδὲν
1915 1807 2090 1876 ἰσχύει
2120 1810 2154 1861 τῖ

1164 1805 1372 1861 duobus
1407 1804 1683 1860 fratribus.
1718 1807 1882 1859 Οὐδὲν
1915 1807 2090 1876 ἰσχύει
2120 1809 2178 1861 τὸ
2209 1810 2441 1879 γράμμα
2474 1811 2536 1862 τὸ
2578 1811 2729 1880 ὲμόν.

587 1886 712 1941 292.
747 1887 1022 1962 Stephano
1053 1896 1402 1950 consobrino.
1439 1897 1680 1966 Ἐμαθον
1711 1897 1785 1958 ὡς
1813 1901 2096 1968 κρατεῖσαι
2129 1917 2153 1952 κ

1832 1901 2096 1968 ιρατεῖσαι
2129 1902 2218 1952 καὶ
2263 1900 2425 1964 αὐτὸς
2459 1900 2564 1955 ὑπὸ
2586 1901 2693 1954 τῶν
2725 1901 3055 1974 δυσωνύμων
3081 1903 3398 1977 αίρετικῶν.

586 1981 714 2038 295.
754 1985 1113 2058 Κηροπράτῃ,
1143 1990 1366 2042 σενανὶο.
1413 1989 1498 2040 Ἐν
1528 1992 1648 2054 ταῖς
1681 1991 1918 2062 ἡμέραις
1943 1993 2196 2056 ταύταις.¹

585 2073 710 2129 294.
744 2074 905 2131 Leoni
936 2080 1404 2152 ἀρωματοπρὰτῃ,
1430 2086 1771 2140 aromatario.
1821 2086 2148 2140 Ἑπιστέλλω

1503 2086 1771 2140 omatario.
1821 2086 2148 2140 Ἑπιστέλλω
2173 2106 2253 2141 σοι
2285 2090 2379 2142 καὶ
2398 2088 2472 2154 ὡς
2496 2089 2766 2160 ἀνθρώπῳ
2790 2089 2883 2142 τοῦ
2914 2089 3069 2146 Θεοῦ.

583 2167 709 2222 295.
744 2169 1007 2223 Politiano
1039 2172 1358 2228 domestico.
1393 2176 1597 2238 Ὄντως
1629 2175 1781 2246 ἔργῳ
1805 2178 1899 2230 καὶ
1930 2177 2072 2246 λόγῳ
2099 2179 2248 2246 φίλος
2296 2175 2363 2236 εἴ.

582 2260 706 2316 296.
742 2261 909 2317 Anna‘.
933 2265 1172 2338 moniali.
1210 2268 1318 2320 Kal
1349 2267 1423 2339 μὴ
1451 2268 1737 2340 δεχόμενος
1769 2269 2103 2341 ἀντίγραφα.

581 2352 706 2407 297.
734 2353 1010 2411 Zachariae
1033 2356 1257 2427 llypato.
1293 2360 1400 2412 Kal
1437 2362 1598 2414 πάλιν
1626 2361 1834 2432 γράψαι
1861 2365 1926 2433 τῇ
1951 2363 2147 2432 θεοφιλε

1033 2356 1257 2427 llypato.
1293 2360 1400 2412 Kal
1437 2362 1598 2414 πάλιν
1626 2361 1834 2432 γράψαι
1861 2365 1926 2433 τῇ
1951 2363 2191 2432 θεοφιλεῖ
2228 2363 2446 2435 εὐκλείᾳ.
2476 2382 2587 2420 σου.

580 2443 702 2501 298.
737 2446 901 2502 Leoni
927 2450 1122 2504 amico.
1156 2453 1270 2504 Οὐκ
1293 2452 1654 2522 ὲπιλέλησμαί
1684 2472 1798 2518 σου,
1827 2450 1872 2508 ὦ
1904 2455 2047 2524 φίλε.

579 2535 702 2592 299.
730 2537 959 2610 Hypato.
991 2543 1289 2615 Ἒδεξόιμην
1317 2562 1431 2611 σου,
1457 2547 1674 2616 ἀδελφέ.

578 2627 702 2684 500.
752 2631 1168 2705 Ἀνεπίγραφος.
1202 2639 1313 2690 Οὐκ
1343 2639 1446 2692 ἔδει
1478 2641 1566 2692 τὸν
1598 2643 1698 2711 τῆς
1726 2638 2028 2702 εὐσεϐείας.

577 2720 702 2776 501.
739 2722 948 2780 Isidoro
980 2728 1253 2799 Bysantio.
1277 2733 1658 2802 Μνημονεύεις
1687 2751 1788 2804 μου
1823 2735 1928 2798 ἀεὶ,
1953 2727 1997 2786 ὦ
2026 2732 2146 2804 φίλε
2176 2734 2333 2789 καλέ.

577 2814 702 2870 502.
727 2816 959 2890 Georgio
990 2824 1326 2879 xenodocho.
1355 2826 1715 2894 Καταγὼγιόν
1741 2845 1832 2880 σου
1859 2827 2117 2898 μανθάνω
2138 2824 2301 2883 εἶναι.

577 2908 702 2965 505.
736 2911 1029 2970 Naucratio
1061 2917 1191 2973 lilio.
1232 2921 1449 2991 Ἐπειδὴ
1476 2922 1767 2994 εὐδόκησεν
1799 2925 1826 2977 ὁ
1856 2924 2060 2990 ἀγαθὸς
2103 2925 2260 2989 Θεός.

576 3002 700 3056 504.
740 3003 945 3062 Eidem.
971 3008 1360 3082 Εὐχαρίστησα
1391 3014 1468 3082 τῷ
1497 3015 1686 3084 Κυρίῳ
1717 3017 1742 3067 ὁ
1771 3016 2028 3080 ταπεινὸς
2061 3017 2183 3070 ἰδὼν
2209 3016 2299 3069 τὸν
2327 3017 2552 3084 ἀδελφὸν
2575 3019 2891 3090 Προτέρων.

574 3093 700 3146 505.
741 3093 949 3150 Eidem.
997 3098 1083 3150 ’Ev
1113 3101 1227 3163 τοῖς
1251 3102 1385 3172 πρὸς
1415 3103 1504 3155 τὸν
1535 3103 1760 3174 ἀδελφὺν
1792 3105 2218 3175 ἁρχιεπίσκοπον
2246 3107 2591 3176 γράμμασιν.

575 3184 700 3240 506.
739 3185 944 3243 Eidem.
971 3189 1141 3243 Παντὶ
1165 3193 1588 3262 προλαμϐάνεις,
1623 3197 1810 3247 τέκνον
1845 3213 1967 3265 μου.

574 3279 698 3336 507.
732 3279 936 3338 Eidem.
972 3283 1062 3355 Τῷ
1092 3283 1228 3350 ὄντι,
1258 3286 1466 3354 τέκνον,
1504 3287 1767 3357 ἤσχαλλον
1792 3291 1849 3341 ὲν
1876 3293 1942 3360 τῇ
1977 3289 2292 3362 βραδύτητι.

570 3374 697 3432 508.
733 3377 934 3432 Eidem.
961 3378 1156 3443 Καλῶς
1183 3382 1469 3450 ἐποίησας,
1503 3383 1690 3435 τέκνον
1726 3401 1851 3453 μου.

573 3465 699 3518 509.
734 3466 940 3520 Eidem.
980 3467 1110 3520 Ἀπό
1141 3485 1200 3520 τε
1229 3471 1327 3539 τῆς
1360 3469 1582 3540 πρώτης
1609 3472 1984 3543 καὶδευτέρας
2019 3491 2111 3527 σου
2139 3476 2453 3548 ἐπιστολῆς.

571 3554 697 3611 510.
732 3558 941 3611 Eidem.
966 3561 1069 3615 Τὸν
1097 3561 1322 3626 ἀδελφὸν
1358 3563 1648 3618 Σιλουανὸν
1669 3564 1784 3635 ἅμα
1805 3566 1884 3632 τῷ
1922 3568 2204 3637 Δωροθέῳ.

570 3645 694 3699 511.
727 3645 962 3716 Josepho
989 3648 1140 3705 fratri
1179 3661 1232 3706 et
1259 3654 1688 3724 archiepiscopo.
1729 3656 1868 3725 Ἐγὼ
1897 3659 2136 3729 εὑχαρισπ

1021 3652 1140 3705 ratri
1179 3661 1232 3706 et
1259 3654 1688 3724 archiepiscopo.
1729 3656 1868 3725 Ἐγὼ
1897 3659 2291 3729 εὐχαριστῶτῷ
2319 3660 2436 3729 Θεῷ
2467 3677 2587 3730 μου.

573 3738 695 3791 512.
725 3738 1010 3810 Euthymio
1041 3742 1317 3798 Sardensi.
1358 3744 1450 3809 Al;
1479 3748 1604 3816 ἄρτι
1634 3748 1936 3802 ἐπιστέλλω
1963 3753 2028 3820 τῇ
2064 3767 2139 3820 μα

1041 3742 1317 3798 Sardensi.
1358 3744 1450 3809 Al;
1479 3748 1604 3816 ἄρτι
1634 3748 1936 3802 ἐπιστέλλω
1963 3753 2028 3820 τῇ
2064 3752 2427 3822 μακαριότητί
2463 3769 2578 3807 σου.

569 3832 693 3887 515.
725 3832 983 3889 Patricio.
1015 3836 1331 3906 Ὀφειλὲτην
1359 3840 1597 3908 ἐμαυτὸν
1647 3839 2017 3911 λογιζόμενος.

572 3924 698 3978 514.
730 3927 1030 3982 Athanasio
1060 3929 1192 3983 11110.
1230 3931 1431 4001 Γράφω
1464 3949 1545 3985 σοι
1564 3933 1632 3986 τὰ
1659 3933 1774 3999 νῦν,
1795 3936 1988 3989 τέκνον
2015 3954 2116 4004 μου

568 4016 690 4070 515.
722 4017 1013 4074 Naucratio
1038 4020 1166 4076 filio.
1198 4023 1304 4076 Kal
1327 4024 1402 4094 μὴ
1437 4025 1930 4097 παρεμπιπτούσης
1952 4030 2134 4099 ἀφορμ

1038 4020 1166 4076 11110.
1198 4023 1304 4076 Καὶ
1327 4024 1402 4094 μὴ
1437 4025 1930 4097 παρεμπιπτούσης
1952 4030 2204 4099 ἀφορμῆς
2235 4031 2601 4100 γραμμάτων.

567 4110 691 4164 516.
729 4112 935 4166 Eidem.
978 4115 1209 4168 Ὀπόταν
1242 4117 1398 4187 μάθω
1432 4119 1522 4171 τὸν
1547 4119 1895 4190 χελανδάριον
1921 4124 2210 4192 ἐπιστῆναι
2243 4124 2427 4193 μόνον.

565 4206 689 4260 517.
719 4208 924 4263 Eidem.
967 4208 1399 4280 Ἑγρηγόρησας,
1431 4214 1620 4268 τέκνον
1658 4232 1781 4283 μου,
1811 4215 1992 4269 δοῦναί
2021 4235 2109 4287 μοι
2135 4221 2337 4291 μικρὰν
2369 4220 2722 4292 ἀμεριμνίαν.

563 4295 686 4348 518.
722 4295 928 4351 Eidem.
974 4297 1059 4362 Ὠς
1091 4300 1231 4353 καλά
1259 4319 1351 4354 σου
1379 4302 1448 4354 τὰ
1480 4305 1808 4374 γράμματα..

564 4388 689 4443 519.
725 4388 932 4443 Eidem.
975 4389 1193 4453 Ἰκανῶς
1224 4393 1370 4462 ἡμᾶς
1427 4394 1753 4459 ἐξεδίδαξας,
1782 4391 1826 4449 ὦ
1857 4396 2068 4451 τέκνον.

562 4478 687 4534 520.
723 4477 909 4534 Eidem
948 4479 1237 4550 Ἐξὲπληξέ
1262 4499 1328 4552 με
1354 4483 1473 4536 λίαν
1506 4486 1540 4555 ἡ
1561 4486 1812 4553 ἀγγελία.

561 4573 684 4630 521.
718 4573 923 4629 Eidem.
954 4575 1137 4638 Κόπος
1166 4578 1303 4639 ἐστὶ,
1327 4577 1536 4642 τέκνον,
1567 4581 1624 4630 ὲν
1649 4579 1724 4648 τῷ
1748 4580 2048 4649 τηλικούτῳ
2069 4583 2318 4651 χειμῶνι.

560 4669 686 4724 522.
718 4669 980 4740 Gregorio
1009 4671 1140 4725 filio.
1169 4672 1282 4725 Νῦν
1317 4674 1504 4744 καιρὸς
1534 4676 1627 4727 καὶ
1663 4675 1981 4745 μονομερῶς
2012 4694 2094 4729 σοι
2123 4702 2126 4726 ι

877 4672 980 4725 )rio
1009 4671 1140 4725 lilio.
1169 4672 1282 4725 Νῦν
1317 4674 1504 4744 καιρὸς
1534 4676 1627 4727 καὶ
1663 4675 1981 4745 μονομερῶς
2012 4694 2094 4729 σοι
2123 4679 2443 4736 ἐπιστεῖλαι.

558 4763 682 4817 525.
720 4763 1033 4819 Theoctisto
1069 4765 1200 4818 ﬁlio.
1227 4764 1286 4817 Ei
1308 4768 1400 4818 καὶ
1437 4765 1514 4836 τῷ
1546 4765 1758 4837 σώματι
1785 4769 2092 4838 ὲχωρίσθην
2125 4787 2243 4824 σου.

559 4853 683 4907 524.
709 4853 977 4909 Dorothco
1007 4855 1136 4909 11110.
1167 4857 1370 4926 Καιρός
1404 4874 1493 4926 μοι
1527 4858 1964 4928 μονοπροσώπως
1989 4876 2070 4911 σοι
2103 4863 2125 4911 ὲ

867 4859 977 4909 .hco
1007 4855 1136 4909 11110.
1167 4857 1370 4926 Καιρός
1404 4874 1493 4926 μοι
1527 4858 1964 4928 μονοπροσώπως
1989 4876 2070 4911 σοι
2103 4863 2433 4915 ἐπιστεῖλαι.

559 4944 684 4999 525.
720 4945 950 5003 Basiano
979 4949 1110 5003 filio.
1143 4951 1346 5020 Καιρός
1371 4967 1459 5018 μοι
1489 4950 1803 5020 μονομερῶς
1834 4967 1916 5002 σοι
1942 4953 2264 5006 ἐπιστεῖλαι.

558 5040 679 5094 526.
716 5041 981 5098 Thaddaeo
1009 5044 1117 5098 lilio
1137 5056 1190 5099 et
1211 5045 1530 5099 confessori.
1558 5041 1632 5096 Ὠ
1652 5045 1875 5100 Θαδδαῖε
1910 5049 2124 5116 στρατιι]

1294 5045 1530 5099 ifessori.
1558 5041 1632 5096 Ὠ
1652 5045 1875 5100 Θαδδαῐε
1910 5049 2215 5116 στρατιῶτα
2244 5048 2498 5120 Χριστοῦ.
2541 5048 2727 5106 Mutila
2757 5060 2860 5108 est.

557 5133 680 5186 527.
711 5134 895 5187 Letoio
933 5136 1063 5189 filio.
1090 5139 1164 5189 Οὐ
1192 5138 1279 5190 διὰ
1317 5140 1533 5207 μακρᾶς
1559 5140 1807 5208 περιόδου
1835 5157 1922 5206 μοι
1954 5142 1981 5192 ὁ
2013 5141 2192 5209 λόγος.

559 5221 682 5274 528.
720 5221 1028 5277 Bessarioni
1058 5225 1188 5278 11110.
1229 5225 1385 5294 Χαρά
1407 5242 1497 5294 μοι
1532 5229 1622 5278 ἐπὶ
1654 5228 1754 5287 σοὶ,
1779 5227 1968 5280 τέκνον
1995 5245 2116 5298 μου.

556 5316 680 5371 529.
718 5315 840 5367 Tito
877 5323 930 5368 et
953 5315 1163 5368 Philoni
1196 5315 1341 5370 filiis.
1383 5316 1815 5388 Ἐπισκέπτομαι
1840 5320 2003 5388 ὑμᾶς.

556 5408 678 5463 550.
713 5406 920 5477 [gnatio
951 5409 1082 5461 lilio.
1117 5409 1228 5461 Kal
1251 5411 1350 5461 οὐκ
1388 5410 1674 5480 ἠδυνήθην.

555 5501 679 5554 551.
705 5500 912 5554 Eidem.
935 5495 1004 5552 Ὠ
1032 5501 1161 5552 καλὲ
1191 5517 1290 5568 μου
1319 5502 1567 5568 ’1γνὰτιε.

553 5594 677 5647 552.
716 5591 1003 5647 Naucratio
1029 5593 1157 5647 filio.
1194 5595 1574 5664 Πεπονημένος
1602 5598 1963 5651 ἀπεσκόπουν.

553 5687 676 5740 555.
709 5683 917 5740 Eidem.
947 5687 1014 5738 Αἱ
1047 5688 1394 5756 περιστάσεις
1421 5688 1518 5750 τὰς
1545 5689 1642 5758 τῆς
1671 5690 1848 5760 ψυχῆς
1883 5692 2208 5757 ὑποστάσεις
2240 5694 2487 5760 αὔξουσι.

554 5780 675 5834 534.
704 5779 903 5834 Eidem.
939 5781 1104 5834 Ὅσον
1128 5780 1408 5850 ἡθύμησεν
1442 5785 1606 5851 ἡμᾶς.
