3966 6484
190 414 320 480 1673
1411 423 1756 485 EPISTOLA

1840 423 2186 488 lNEDlT/E.
3276 379 3406 444 ¹θ⁷⁴

254 527 374 582 555.
411 525 618 583 Eidem.
645 528 757 582 Καὶ
784 529 997 600 ἀκήκοα
1024 533 1096 586 τά
1119 531 1385 600 γεγονότα.
1408 535 1503 586 καὶ
1523 534 1870 606 τεθαύμακα.

255 619 376 673 556.
406 620 614 677 Eidem.
647 625 764 695 Μιᾷ
787 627 981 696 καιροῦ
1016 629 1181 698 ῥοπῇ.

255 717 377 771 557.
408 717 615 775 Eidem.
648 723 760 792 Τὴν
791 723 1017 793 πρώτην
1044 722 1305 794 περιοχὴν
1336 722 1440 791 τῆς
1460 723 1756 796 ἐπιστολῆς
1785 743 1900 783 σου.

256 813 380 868 558.
407 811 603 870 Joanni
631 819 899 872 monacho
928 816 1184 874 Orientis.
1213 819 1431 888 Ἐπειδὴ
1461 819 1557 872 καὶ
1581 815 1739 883 αὖθις
1769 822 1822 873 ὲτ

549 817 603 870 ni
631 819 899 872 monacho
928 816 1184 874 Orientis.
1213 819 1431 888 Ἐπειδὴ
1461 819 1557 872 καὶ
1581 815 1739 883 αὖθις
1769 822 2115 887 ἐπέστειλας.

256 908 383 962 559.
417 908 619 965 Νἰοειαε
641 909 960 967 Maudatori.
986 915 1252 981 Διαγνοὺς
1272 912 1373 983 τὴν
1402 911 1544 983 μετά
1571 912 1683 967 τῶν
1705 914 1973 986 ἀδελφῶν.

255 1001 380 1056 540.
416 1003 822 1071 Logothetissaa.
867 1006 925 1059 '0
949 1005 1143 1077 καιρὸς
1173 1006 1431 1077 χαλεπός.

258 1093 382 1156 511.
415 1093 725 1152 Canonicis.
753 1097 870 1152 Ὀτι
890 1097 992 1152 οὐκ
1022 1099 1408 1170 ἐπιλέλησμαι.

258 1188 381 1242 542.
411 1189 1041 1264 Ρτωροεὶιαξ.Τνὼριμος
1066 1193 1195 1263 ἡμῖν
1223 1194 1426 1267 ἐστινή
1459 1199 1868 1270 σεμνοπρέπειά
1892 1181 2008 1260 σου.

257 1282 380 1336 545.
413 1282 732 1352 Hypatissaa.
761 1282 1065 1355 Χρεώστην
1094 1285 1335 1355 ἐμαυτὸν
1366 1286 1750 1359 λογισάμενος.

257 1376 381 1431 544.
424 1375 613 1447 Sergio
641 1376 849 1446 llypato
878 1385 934 1432 et
956 1375 1142 1432 fratris
1171 1378 1300 1434 lilio.
1332 1379 1689 1448 Ἐπέστειλάς
1725 1401 1841 1456 μοι.

257 1469 380 1524 545.
405 1467 692 1523 Naucratio
721 1469 854 1523 11110.
881 1470 954 1523 Τὸ
984 1469 1274 1524 σπουδαῖόν
1305 1487 1422 1537 σου,
1452 1473 1643 1528 τέκνον
1674 1493 1804 1547 μου.

258 1561 382 1614 546.
407 1558 616 1614 Eidem.
651 1560 788 1631 Ἤδη
821 1559 1214 1631 ἀπεσώθημεν,
1242 1561 1434 1616 τέκνον
1468 1581 1599 1635 μου.

261 1654 386 1708 547.
423 1653 755 1721 Ριδαξροείιω.
779 1653 1010 1708 Ἐπιδὼν
1037 1656 1137 1724 τὴν
1169 1654 1396 1724 δύναμιν
1418 1657 1525 1711 τῶν
1552 1657 1751 1728 τιμίων
1784 1675 1827 1711 σ‹

723 1668 755 1708 ξ.
779 1653 1010 1708 Ἐπιδὼν
1037 1656 1137 1724 τὴν
1169 1654 1396 1724 δύναμιν
1418 1657 1525 1711 τῶν
1552 1657 1751 1728 τιμίων
1784 1675 1881 1712 σου
1912 1658 2289 1731 γραμμάτων.

258 1750 382 1804 548.
415 1748 701 1804 Theodoro
734 1749 1041 1819 Spathario.
1063 1749 1176 1822 Τὴν
1197 1751 1487 1821 ἐπιστολὴν
1519 1753 1646 1824 ἄρτι
1669 1754 1789 1825 είμὶ

569 1751 701 1804 doro
734 1749 1041 1819 Spathario.
1063 1749 1176 1822 Τὴν
1197 1751 1487 1821 ἐπιστολὴν
1519 1753 1646 1824 ἄρτι
1669 1754 1789 1825 είμὶ
1825 1756 2132 1827 χαράττων.

261 1841 385 1895 549.
411 1839 698 1896 Naucratio
719 1841 848 1896 ﬁlio.
881 1841 1144 1902 Γίνωσκε.
1176 1842 1364 1895 τέκνον
1387 1860 1510 1912 μου.

261 1933 385 1986 550.
420 1932 626 1987 Eidem.
660 1933 802 1986 Ὅσα
835 1933 1177 1998 ἐπέστειλας,
1203 1934 1416 1986 τέκνον.

262 2026 386 2079 551.
416 2024 620 2079 Eidem.
645 2023 910 2092 Τετράκις
933 2024 1058 2093 ἄρτι
1084 2025 1313 2096 γράφων
1334 2022 1476 2094 είμί.

262 2117 387 2171 552.
416 2116 622 2172 Eidem.
645 2117 967 2186 Ἐτάχυνας,
995 2119 1205 2184 τέκνον,
1235 2119 1330 2172 τοῦ
1363 2116 1784 2186 ἐπισκέψασθαι.

262 2213 385 2268 555.
411 2214 596 2268 Lcloio
630 2212 762 2266 ﬁlio.
798 2214 897 2266 Διά
922 2215 1029 2267 τῶν
1057 2215 1384 2286 ἀμφοτέρων
1411 2232 1508 2267 σου
1539 2211 1860 2267 ἐπιστολῶν.

264 2302 388 2355 554.
416 2301 623 2354 Eidem.
657 2295 759 2353 Οἷα
786 2302 961 2372 χαίρω
1000 2304 1029 2356 ὁ
1051 2303 1305 2368 ταπεινὸς
1330 2303 1618 2374 δεχόμενὸς
1641 2320 1735 2356 σου
1774 2302 1954 2370 λόγον.

264 2393 388 2448 555.
418 2393 587 2447 lreua:
625 2392 885 2460 patriciae.
926 2395 1036 2447 Καὶ
1060 2396 1364 2464 γράφοντες
1393 2396 1484 2449 καὶ
1521 2394 1594 2466 μὴ
1622 2394 1946 2464 γράφοντες.

263 2488 388 2542 556.
418 2486 611 2542 Joanni
640 2488 900 2558 episcopo
928 2490 1206 2545 Sardensi.
1237 2487 1396 2544 Οὕτω
1424 2508 1514 2561 μοι
1544 2490 1706 2560 μέχρι
1727 2489 1822 2544 τοῦ

760 2503 900 2558 copo
928 2490 1206 2545 Sardensi.
1237 2487 1396 2544 Οὕτω
1424 2508 1514 2561 μοι
1544 2490 1706 2560 μέχρι
1727 2489 1822 2544 τοῦ
1853 2489 2015 2562 δεῦρο
2038 2490 2325 2560 ἡκουσται.

265 2579 390 2633 557.
419 2579 580 2632 Pelro
608 2578 819 2633 Nicena}.
851 2579 1078 2633 Κελεύει
1116 2598 1183 2650 με
1221 2581 1575 2635 ἐπιστέλλειν.

263 2672 389 2726 558.
423 2670 657 2726 Macario
698 2673 1009 2742 praeposito.
1044 2673 1196 2742 Ἐμοὶ
1228 2676 1371 2743 χαρὰ
1400 2673 1564 2726 παντὶ
1594 2671 1694 2743 μὲν
1733 2669 1829 2724 ἄλλ

575 2671 657 2725 rio
698 2673 1009 2742 prmposito.
1044 2673 1196 2742 Ἐμοὶ
1228 2676 1371 2743 χαρὰ
1400 2673 1564 2726 παντὶ
1594 2671 1694 2743 μὲν
1733 2669 1878 2742 ἄλλῳ
1904 2673 2135 2742 ὁμιλεῖν.

265 2767 389 2821 559.
417 2763 506 2834 Τῷ
532 2767 670 2836 φίλῳ
698 2769 726 2819 ὁ
756 2767 928 2835 φίλος.
959 2767 1165 2836 Καιρός
1198 2785 1288 2837 μοι
1317 2767 1412 2820 τοῦ
1439 2768 1694 2838 γράφειν.

263 2861 388 2915 560.
419 2861 585 2916 lreuze
609 2872 663 2917 et
683 2860 828 2915 Calas
862 2861 1163 2917 sororibus.
1203 2863 1324 2914 Ὅτι
1359 2862 1733 2933 παρεκλήθηή
1762 2879 1829 2930 et;

715 2861 828 2915 ialaa
862 2861 1163 2917 sororibus.
1203 2863 1324 2914 Ὅτι
1359 2862 1733 2933 παρεκλήθηή
1762 2861 1924 2932 τιμία
1954 2861 2107 2933 ὑμῶν
2129 2861 2281 2924 δυάς.

266 2952 389 3007 561.
421 2950 609 3020 Sergio
644 2950 854 3023 llypato
874 2964 927 3005 et
955 2950 1140 3007 iratris
1171 2953 1301 3008 lilio.
1333 2954 1445 3024 Οὐχ
1466 2955 1554 3007 ὅτε
1575 2955 1793 3023 γράφω,

900 2964 927 3002 ιι
955 2950 1140 3007 lratris
1171 2953 1301 3008 lilio.
1333 2954 1445 3024 Οὐχ
1466 2955 1554 3007 ὅτε
1575 2955 1793 3023 γράφω,
1834 2953 1956 3007 τότε
1991 2954 2322 3026 μνημονεύω
2355 2970 2466 3009 σοι).

265 3043 390 3096 562.
416 3042 673 3113 Gregorio
695 3043 926 3098 Clerico.
959 3045 1153 3114 Χαῖρε,
1176 3045 1487 3115 στρατιῶτα
1512 3044 1770 3114 Χριστοῦ.

264 3134 659 3189 565.Analoli0
699 3136 827 3188 lilio.
855 3135 1044 3206 Χαίρω
1089 3137 1279 3199 ὁσάκις
1324 3137 1570 3207 δέξομαι.

266 3226 392 3280 564.
426 3227 681 3295 Symeoui
717 3225 849 3280 ﬁlio.
870 3228 982 3298 Ούχ
1007 3229 1094 3281 ὅτε
1123 3228 1342 3298 γράφω,
1378 3225 1702 3298 μνημονεύω
1729 3241 1824 3278 σου
1858 3223 2044 3296 μόνον.

265 3316 388 3370 565.
425 3314 726 3385 Theophila
754 3316 884 3369 ﬁlio.
913 3317 1138 3387 Ἀδελφέ
1169 3317 1419 3384 Θεόφιλε.

266 3407 394 3462 566.
426 3405 708 3460 Pasarioni
740 3408 870 3462 ﬁlio.
896 3409 1100 3463 Μαθὼν
1132 3411 1214 3462 δτι
1248 3409 1519 3478 ἀπέστης.

269 3499 396 3553 567.
428 3497 723 3553 Laurentio
756 3500 886 3554 lilio.
917 3501 1012 3562 Τίς
1047 3502 1192 3554 ἐστιν
1221 3502 1253 3569 ή
1283 3486 1522 3570 τοσαύτη
1555 3501 1735 3570 χάρις.

265 3589 390 3644 568.
422 3590 722 3643 Athanasio
757 3591 1064 3659 praeposito.
1095 3593 1203 3646 Καὶ
1231 3591 1368 3661 αὕτη
1397 3609 1490 3645 σου
1528 3595 1560 3662 ἡ
1588 3589 1869 3659 ἐπιστολή.

271 3683 390 3735 569.
427 3681 722 3751 Prmposito
752 3683 1000 3752 Panagri.
1036 3685 1100 3738 'H
1129 3686 1316 3754 ἀγάπη
1341 3687 1441 3739 οὐκ
1467 3686 1692 3741 ἀνεκτὸν
1724 3687 1978 3757 πρᾶγμα.

271 3773 394 3827 570.
437 3771 734 3827 Parthenio
762 3774 889 3827 lilio.
922 3770 990 3826 Ὠ
1019 3777 1149 3828 καλὲ
1180 3777 1441 3848 Παρθένιε
1466 3777 1603 3830 Θεοῦ
1630 3779 1962 3849 στρατιῶτα.

268 3863 395 3916 271.
439 3861 725 3929 llegesimo
757 3865 885 3918 lilio.
919 3861 1083 3935 Εὖγε,
1111 3869 1297 3922 τέκνον
1333 3870 1626 3940 Ἡγήσιμε.

272 3961 399 4015 572.
435 3961 709 4030 Slepltano
743 3960 872 4015 lilio.
905 3961 1076 4030 Χάρις
1106 3978 1210 4026 σοι,
1233 3962 1428 4031 άδελφὲ
1460 3963 1718 4030 Στέφανε.

269 4051 396 4104 575.
423 4049 668 4120 Ephrem
694 4049 824 4104 ﬁlio.
862 4051 1057 4120 Χαῖρε,
1084 4050 1274 4103 τέκνον
1315 4052 1578 4121 Ἐφραίμ.

267 4142 394 4194 574.
427 4140 728 4210 Epiphanio
753 4143 1066 4211 praeposito.
1098 4142 1255 4212 Παρὰ
1279 4142 1339 4195 τὸ
1360 4142 1671 4212 διδαχθῆναί
1698 4158 1764 4212 με
1790 4159 1833 4212 μη

1098 4142 1255 4212 Παρὰ
1279 4142 1339 4195 τὸ
1360 4142 1671 4212 διδαχθῆναί
1698 4158 1764 4212 με
1790 4137 2180 4212 μεθορισθῆναί
2199 4155 2292 4191 σου
2309 4137 2635 4210 ἁγιωσύνην.

269 4237 399 4290 575.
436 4235 730 4289 Naucratio
758 4237 886 4292 ﬁlio.
921 4238 984 4290 Οἱ
1015 4238 1555 4307 προμεμελετηκότες
1590 4235 1812 4290 ἀκούειν

654 4237 730 4289 tio
758 4237 886 4292 ﬁlio.
921 4238 984 4290 Οἱ
1015 4238 1555 4307 προμεμελετηκότες
1590 4235 1812 4290 ἀκούειν
1834 4236 1902 4289 τὰ
1923 4234 2217 4289 Δθλιπτικά.

273 4328 399 4382 576.
443 4327 671 4381 Tilhoeo
700 4327 831 4381 ﬁlio.
861 4330 1048 4400 Μικρὰ
1067 4331 1100 4399 ἡ
1123 4328 1380 4397 ἐπιστολή
1410 4345 1529 4394 σου,
1552 4329 1765 4382 τέκνον.

273 4417 398 4470 577.
442 4417 648 4470 Eidem.
685 4417 759 4467 Οὐ
786 4417 981 4469 πολλοῦ
1013 4437 1101 4488 μοι
1126 4418 1285 4485 λόγου
1304 4418 1484 4487 χρεία.

272 4509 397 4566 578.
424 4512 729 4568 Domitiano
763 4511 894 4567 ﬁlio.
933 4511 1140 4574 Εῖωθας
1165 4512 1418 4574 πάντοτε,
1451 4509 1639 4567 τέκνον
1689 4524 1807 4576 μου.

271 4602 397 4656 579.
430 4604 718 4674 Euthytuio
744 4616 798 4659 et
832 4601 1053 4670 reliquis
1082 4601 1360 4657 fratribus.
1381 4602 1475 4664 Τίς
1504 4602 1536 4669 ἡ
1564 4597 1699 4668 ἀκοὴ
1728 4599 1760 4665 ἡ
1791 4595 1837 4647 τέ

1602 4597 1699 4668 mi;
1728 4599 1760 4665 ἡ
1791 4595 1860 4647 τὰ.
1888 4586 2000 4646 ὦτα
2025 4593 2124 4662 τῆς
2157 4592 2297 4663 ἐμῆς
2342 4591 2726 4654 ταπεινώσεως
2758 4591 3163 4662 περιηχήσαστι.

271 4693 398 4749 580.
427 4695 705 4750 Gennadio
739 4696 871 4750 lilio.
899 4692 1076 4764 Βραδὺ
1115 4693 1233 4761 μὲν,
1257 4693 1406 4762 ὅμως
1436 4691 1699 4759 ἐδεξάμην
1725 4705 1818 4740 σου

537 4696 705 4750 ιηαᾶὶο
739 4696 871 4750 11110.
899 4692 1076 4764 Βραδὺ
1115 4693 1233 4761 μὲν,
1257 4693 1406 4762 ὅμως
1436 4691 1699 4759 ἐδεξάμην
1725 4705 1818 4740 σου
1847 4686 2103 4756 γράμμα.

270 4787 396 4841 581.
430 4786 700 4843 Thaddzeo
730 4789 841 4843 ﬁlio
873 4798 928 4843 et
955 4785 1274 4843 confessori.
1309 4786 1374 4838 Τί
1410 4786 1547 4838 καλά
1569 4783 1636 4835 τὰ
1666 4784 1836 4851 γράμι

556 4789 700 4843 [10κο
730 4789 841 4843 ﬁlio
873 4798 928 4843 et
955 4785 1274 4843 confessori.
1309 4786 1374 4838 Τί
1410 4786 1547 4838 καλά
1569 4783 1636 4835 τὰ
1666 4780 1971 4851 γράμματά
2003 4795 2122 4832 σου.

283 4879 409 4933 582.
435 4880 640 4950 Ignalio
668 4880 797 4936 ﬁlio.
823 4881 1099 4949 Ἐπέγνων
1130 4896 1188 4932 σε
1211 4879 1305 4932 καί
1320 4877 1414 4930 νῦν
1447 4878 1534 4930 διά
1556 4877 1662 4928 τῶν
1686 4875 2054 4946 γραμμάτων.

274 4975 402 5030 585.
435 4974 624 5044 Sergio
653 4976 886 5031 nouario.
916 4975 1156 5029 Ἀκούων
1187 4975 1266 5027 ὅτι
1297 4973 1554 5042 φυλάττει
1599 4971 1821 5039 ἐαυτήν.

273 5066 399 5118 584.
433 5066 698 5136 Clydonio
728 5066 861 5120 lilio.
885 5064 1208 5133 Ἐναγώνιος
1237 5068 1301 5135 τῇ
1327 5062 1436 5116 τῶν
1469 5062 1712 5130 ἀδελφῶν
1747 5079 1839 5114 σου

839 5095 861 5120 ι.
885 5064 1208 5133 Ἐναγώνιος
1237 5068 1301 5135 τῇ
1327 5062 1436 5116 τῶν
1469 5062 1712 5130 ἀδελφῶν
1747 5079 1840 5114 σου
1870 5063 2094 5135 ἀθλήσει
2148 5064 2405 5132 γέγονας.

286 5156 414 5210 585.
449 5155 721 5211 Dorotlieo
754 5158 884 5210 ﬁlio.
917 5158 1106 5227 Χαίρω
1129 5160 1221 5210 καὶ
1248 5156 1532 5225 συγχαίρω
1564 5171 1664 5208 σοι.

272 5249 400 5303 586.
436 5247 640 5303 Jacobo
665 5250 775 5304 ﬁlio
810 5244 971 5318 Εὖγε,
1008 5250 1234 5303 Ἰάκωῦε
1256 5250 1445 5301 τέκνον
1471 5247 1626 5318 ἐμόν.

271 5345 398 5398 587.
435 5343 714 5398 Theodulo
747 5345 877 5398 ﬁlio.
906 5345 1003 5397 ’1δέ
1036 5343 1138 5396 ποῦ
1175 5343 1462 5413 περι-ἦλθες
1487 5342 1649 5394 τόπον
1673 5342 1736 5393 ἐκ
1769 5339 1830 5391 τό

813 5347 877 5398 io.
906 5345 1003 5397 ’1δέ
1036 5343 1138 5396 ποῦ
1175 5343 1462 5413 περι-ἦλθες
1487 5342 1649 5394 τόπον
1673 5342 1736 5393 ἐκ
1769 5339 1932 5406 τόπου
1965 5338 2379 5408 μετερχόμενος.

273 5441 397 5493 588.
427 5438 682 5510 Gregora:
706 5441 863 5494 laico.
901 5442 1187 5511 ’Ἄνθρωπε
1226 5438 1319 5491 τοῦ
1351 5438 1510 5501 Θεοῦ,
1540 5439 1775 5507 σήμερον
1807 5437 1835 5486 ὁ

523 5454 682 5510 egone
706 5441 863 5494 laico.
901 5442 1187 5511 ’Ἄνθρωπε
1226 5438 1319 5491 τοῦ
1351 5438 1510 5501 Θεοῦ,
1540 5439 1775 5507 σήμερον
1807 5437 1835 5486 ὁ
1866 5434 2089 5504 Κύριος.

275 5535 402 5589 589.
442 5537 609 5588 Anna:
635 5535 874 5601 patricia:
898 5543 950 5587 et
972 5535 1210 5587 mouiali.
1238 5535 1428 5603 Λύπης
1457 5534 1522 5585 τὰ
1553 5535 1841 5603 γράμματα

920 5543 950 5586 ει
972 5535 1210 5587 mouiali.
1238 5535 1428 5603 Λύπης
1457 5534 1522 5585 τὰ
1553 5535 1855 5603 γράμματα
1880 5532 1979 5601 τῆς
2029 5529 2338 5600 ἁγιωσύνης
2375 5546 2486 5584 σου.

272 5627 403 5680 590.
441 5626 768 5693 δραιῑιξιωιε.
801 5627 857 5679 Ὀ
890 5623 1036 5688 οἶκός
1069 5643 1184 5689 σου,
1217 5622 1365 5688 οἶκος
1391 5625 1691 5685 εὐσεϐείας.

273 5717 401 5773 591.
437 5719 735 5772 Athanasio
759 5718 887 5771 ﬁlio.
944 5718 1141 5779 Ἡδέως
1179 5718 1447 5787 ἐδεξάμην
1489 5735 1580 5770 σου
1613 5719 1707 5771 καὶ
1734 5717 1828 5769 νῦν

602 5719 735 5772 iasio
759 5718 887 5771 ﬁlio.
944 5718 1141 5779 Ἡδέως
1179 5718 1447 5787 ἐδεξάμην
1489 5735 1580 5770 σου
1613 5719 1707 5771 καὶ
1734 5717 1828 5769 νῦν
1855 5717 2161 5787 ἐπιστολήν.

285 5810 408 5866 592.
439 5811 672 5880 Joscpho
707 5810 858 5864 fratri
883 5821 935 5865 cl
967 5811 1399 5881 archiepiscopo.
1431 5811 1781 5883 Πκαραμύθιον
1812 5814 1851 5863 τί

898 5821 935 5865 ξι
967 5811 1399 5881 archiepiscopo.
1431 5811 1781 5883 Παραμύθιον
1812 5813 1875 5882 τῇ
1920 5814 2146 5883 unum
2177 5828 2277 5880 μου
2298 5811 2464 5883 ψυχῇ.

582 5905 847 5966 Parnm.
893 5907 1008 5966 (in.
1057 5907 1271 5966 XCIX.
3008 5895 3079 5959 53
