3966 6484
520 350 655 420 1675
1698 352 1758 410 S.
1794 349 2086 411 THEODC

2231 355 2573 417 STUDI’I’.E
3627 363 3765 428 1676

586 473 712 527 595.
752 470 1076 527 Encharisto
1112 469 1241 524 ﬁlio.
1270 467 1491 537 Ἐπειδὴ
1526 468 1892 537 ὲπεζήτησας.

587 563 713 618 594.
749 560 942 617 Joanni
968 562 1288 631 prmposilo:
1312 558 1421 612 Kal
1452 557 1614 611 πάλιν
1646 556 1949 609 ἐπιστέλλω
1970 560 2039 627 τῇ
2073 557 2153 625 ἀγι

936 562 942 614 i
968 562 1288 631 prmposito:
1312 558 1421 612 Kal
1452 557 1614 611 πάλιν
1646 556 1949 609 ἐπιστέλλω
1970 560 2039 627 τῇ
2073 555 2356 628 ἁγιωσύνῃ
2387 572 2502 608 σου.

585 654 713 709 595.
745 652 1035 708 Timotheo
1067 652 1201 707 ﬁlio.
1248 651 1335 713 Ὠς
1360 640 1502 717 καλὴ
1528 651 1560 720 ἡ
1593 646 1855 717 ἐπιστολή
1890 664 2007 702 σου.

586 744 711 801 596.
744 744 978 799 Basiano
1004 743 1138 798 ﬁlio.
1176 741 1417 813 Ἐμαθον
1446 734 1534 793 οἷα
1560 740 1755 809 συνέόη
1787 740 1880 793 ἐπὶ
1900 739 2008 793 τῶν
2032 740 2297 810 ἀδελφῶν,

587 837 712 892 597.
744 836 965 891 Duabus
985 835 1272 892 sororibus
1309 834 1477 888 lrenae
1494 842 1551 888 et
1571 832 1735 888 Calm.
1764 832 1950 886 Πονῶν
1973 834 2089 902 ειμι
2118 851 2153 886 π

1380 848 1477 887 inae
1494 842 1551 888 et
1571 832 1735 888 Calan.
1764 832 1950 886 Πονῶν
1973 834 2089 902 ειμι
2118 836 2246 905 περὶ
2272 837 2373 905 τῆς
2431 839 2739 909 τιμιότητος
2772 840 2946 912 ὑμῶν.

588 927 711 981 598.
749 927 987 981 Antonio
1022 928 1330 997 preposito.
1368 926 1478 977 Kal
1500 924 1664 978 πάλιν
1695 924 2011 978 ἐπιστέλλω.

587 1021 712 1075 599.
744 1018 981 1074 Arcadio
1014 1019 1305 1073 monacho.
1344 1016 1648 1071 Ἠκουσταί
1683 1034 1796 1088 μοι,
1823 1017 1939 1081 πῶς
1972 1020 2153 1089 ἄριστε

832 1020 981 1074 cadio
1014 1019 1305 1073 monacho.
1344 1016 1648 1071 Ἠκουσταί
1683 1034 1796 1088 μοι,
1823 1017 1939 1081 πῶς
1972 1020 2174 1089 ἄριστα
2200 1019 2398 1075 adeo».

587 1108 716 1163 400.
740 1106 966 1162 Comiti.
992 1104 1235 1159 Ἀκούων
1269 1103 1476 1172 ἀκούω,
1499 1104 1753 1175 ἄνθρωπε
1773 1103 1868 1158 τοῦ
1892 1105 2051 1159 Θεοῦ.

584 1199 711 1256 401.
742 1201 1036 1256 Naucratio
1067 1200 1197 1254 ﬁlio.
1243 1195 1557 1269 ’Δδολεσχίᾳ
1590 1178 1935 1269 ὴέολέσχουν.

584 1293 711 1348 402.
743 1293 907 1349 Petro
930 1293 1061 1348 ﬁlio.
1095 1292 1170 1345 Τὸ
1203 1290 1304 1361 μὲν
1329 1291 1635 1344 ἐπιστεῖλαι
1672 1290 1875 1354 καλῶς.

584 1390 714 1444 405.
756 1388 1025 1445 Patricia).
1068 1385 1235 1441 Οὔπω
1262 1384 1390 1439 οὔτε
1418 1388 1477 1441 ὲν
1507 1386 1648 1456 ὄψει,
1684 1387 1758 1451 ὠς
1783 1383 1960 1458 οἶμαι,
1998 1382 2188 1458 ἦλθον.

586 1482 713 1538 404.
742 1482 993 1539 Patricia:
1023 1482 1164 1536 aliae.
1201 1480 1283 1535 Τὰ
1302 1478 1399 1532 νῦν
1424 1477 1727 1532 ἐπιστεῖλαι
1753 1481 1820 1550 τῇ
1857 1482 1962 1551 ὲμῇ
2000 1481 2186 1552 κυρίᾳ.

584 1571 709 1629 405.
743 1570 1009 1626 Hilarioni
1034 1570 1168 1624 ﬁlio.
1199 1569 1393 1640 Χαῖρε,
1423 1565 1615 1619 τέκνον
1655 1563 1802 1620 άϐὁᾱ.
1843 1566 2103 1640 Ἰλαρίων.

585 1661 710 1717 406.
735 1661 860 1717 Nilo
894 1662 1027 1716 ﬁlio.
1054 1657 1453 1729 Προσαγορεύω
1475 1673 1556 1722 σε,
1589 1649 1635 1709 ὦ
1665 1656 1874 1713 τέκνον.

585 1754 712 1809 407.
749 1752 1152 1823 Anepigrapha.
1181 1749 1453 1805 Μανθάνω
1488 1766 1570 1811 σε,
1603 1743 1647 1802 ὦ
1678 1749 2065 1820 μακαριώτατέ
2098 1767 2151 1820 με

876 1752 1152 1823 pigrapha.
1181 1749 1453 1805 Μανθάνω
1488 1766 1570 1811 σε,
1603 1743 1647 1802 ὦ
1678 1749 2065 1820 μακαριώτατέ
2098 1767 2201 1820 μου
2241 1750 2442 1824 Πάτερ.

586 1844 709 1900 408.
738 1842 995 1901 [remeet
1024 1846 1166 1900 Galae
1198 1844 1504 1900 sororibus.
1532 1842 1598 1894 Ὠ
1623 1842 1719 1912 τῆς
1744 1844 2048 1914 συμφορᾶς.

583 1937 710 1993 409.
735 1935 980 1992 Eusebio
1010 1938 1139 1992 tilio.
1170 1937 1469 2007 Ἐδεξάμην
1493 1952 1590 1988 σου
1617 1934 1679 1987 τὸ
1699 1936 1958 2006 γράμμα.

585 2025 713 2080 410.
748 2023 1046 2097 Euthymio
1080 2025 1212 2080 ﬁlio.
1245 2024 1339 2077 Ἕν
1362 2026 1468 2077 τῶν
1498 2022 1843 2093 γραμμάτων
1877 2041 1970 2076 σου
1994 2024 2262 2091 ὲπέγνων.

584 2117 711 2171 411.
742 2113 1064 2185 Theophani
1105 2115 1400 2187 praeposito
1453 2115 1549 2167 τοῦ
1574 2116 1803 2183 Ἀγρου.
1838 2114 1966 2183 Ὀψὲ
1991 2116 2083 2169 τοῦ
2108 2135 2150 2169 κε

1662 2130 1803 2183 γρου.
1838 2114 1966 2183 Ὀψὲ
1991 2116 2083 2169 τοῦ
2108 2115 2323 2187 καιροῦ,
2345 2117 2493 2187 ὅμως
2526 2118 2730 2187 ἔμαθον
2752 2121 3117 2195 συλληφθῆναέ
3148 2143 3228 2179 σε.

583 2210 711 2265 412.
736 2206 962 2263 Callisto
996 2206 1127 2261 ﬁlio.
1153 2208 1267 2261 Οὐκ
1300 2206 1662 2277 ἐπιλέλησμαι
1687 2223 1804 2259 σου.

585 2302 712 2357 415.
746 2300 953 2356 Cassia:
976 2298 1394 2353 Candidalissm.
1429 2298 1611 2367 Ἀπερ
1640 2294 1969 2358 άπέστειλάς
1991 2311 2103 2365 μοι,
2127 2295 2151 2347 δ

1203 2299 1394 2353 llissm.
1429 2298 1611 2367 Ἀπερ
1640 2294 1969 2358 άπέστειλάς
1991 2311 2103 2365 μοι,
2127 2295 2215 2349 διὰ
2247 2294 2454 2366 Κύριον
2484 2297 2769 2371 ἐδεξάμην.

585 2392 714 2447 414.
744 2391 961 2447 Meletio
992 2390 1124 2445 ﬁlio.
1155 2390 1266 2442 Kal
1300 2389 1407 2442 άπὸ
1428 2390 1538 2443 τῶν
1567 2388 1912 2460 γραμμάτων
1937 2386 2032 2441 τοῦ
2061 2390 2151 2442 ἁδε

1013 2390 1124 2445 ilio.
1155 2390 1266 2442 Kal
1300 2389 1407 2442 άπὸ
1428 2390 1538 2443 τῶν
1567 2388 1912 2460 γραμμάτων
1937 2386 2032 2441 τοῦ
2061 2389 2291 2458 ἀδελφοῦ
2312 2392 2579 2445 Ἰωάννου.

588 2484 714 2539 415.
742 2480 939 2538 JOanni
974 2481 1102 2535 ﬁlio.
1130 2481 1238 2533 Kal
1263 2480 1358 2533 νῦν
1386 2479 1422 2533 ἃ
1447 2480 1749 2551 γέγραφας,
1785 2480 2049 2547 ἐπέγνων.

587 2575 716 2631 416.
754 2574 993 2645 Josepho
1010 2572 1174 2627 fratri
1202 2582 1256 2625 et
1282 2573 1711 2642 archiepiscopo.
1735 2571 1895 2639 Ἐμοὶ
1925 2573 1986 2623 τὸ
2015 2574 2153 2626 ὲπισε

1344 2573 1711 2642 chiepisropo.
1735 2571 1895 2639 Ἐμοὶ
1925 2573 1986 2623 τὸ
2015 2573 2353 2627 ἐπιστέλλειν
2382 2579 2448 2648 τῇ
2476 2577 2752 2649 ἁγιωσύνῃ
2790 2598 2905 2634 σου.

586 2669 713 2722 417.
747 2664 1042 2720 Nam-ratio
1067 2664 1195 2719 ﬁlio.
1226 2664 1322 2729 Τίς
1354 2665 1383 2718 ὁ
1414 2664 1546 2734 ἐμὸς
1578 2662 1691 2734 βίος
1714 2666 1807 2717 καὶ
1836 2664 2014 2733 λόγος.

592 2759 717 2814 418.
750 2759 962 2829 Ignatio
992 2758 1125 2813 ﬁlio.
1155 2758 1291 2810 Ἀπὸ
1308 2758 1417 2810 τῶν
1451 2758 1794 2827 γραμμάτων
1820 2775 1913 2811 σου
1942 2758 2161 2830 οεωρῶν
2194 2761 2327 2830 εἰμι.

588 2852 715 2907 419.
744 2851 927 2906 Maria:
956 2851 1236 2921 Angustam.
1268 2849 1378 2904 Νῦν
1407 2851 1651 2917 δοξάζειν
1681 2852 1797 2905 ἐστι
1818 2854 1908 2905 τὸν
1928 2853 2080 2906 Θεόν.

587 2938 715 3000 420.
746 2944 1080 3013 Spathareze.
1115 2944 1214 2996 Ἐκ
1242 2942 1454 2995 πολλῶν
1480 2942 1844 3013 προακηκοὼς
1864 2944 1963 3013 τῆς
1996 2944 2138 2996 κατὰ
2159 2944 2290 2997 Θεὸν
2323 2962 2418 2997 σου
2444 2944 2737 3010 πολιτείας.

592 3034 721 3090 421.
746 3034 1066 3105 Hypatissm.
1095 3033 1367 3100 Ἀνέγνων
1389 3033 1488 3102 τὴν
1521 3032 1810 3103 ἐπιστολὴν
1840 3034 1940 3101 τῆς
1965 3035 2158 3104 τιμιὸττ

857 3037 1066 3088 missae.
1095 3033 1367 3100 Ἀνέγνων
1389 3033 1488 3102 τὴν
1521 3032 1810 3103 ἐπιστολὴν
1840 3034 1940 3101 τῆς
1965 3035 2275 3106 τιμιότητος
2308 3052 2423 3089 σου.

589 3128 714 3183 422.
743 3128 983 3182 Macario
1010 3126 1320 3196 prmposito.
1350 3126 1461 3179 Kal.
1484 3125 1591 3196 πρὸ
1620 3125 2006 3194 ἀναγνώσεως.

590 3220 716 3275 425.
740 3219 1041 3273 Athanasio
1066 3217 1380 3286 prmposito.
1407 3218 1825 3287 ’Λδολεσχοῦντά
1853 3235 1920 3289 με
1953 3219 2053 3289 ἤδη
2100 3236 2156 3271 π(

973 3219 1041 3272 sio
1066 3217 1380 3286 prmposito.
1407 3218 1825 3287 ’Λδολεσχοῦντά
1853 3235 1920 3289 με
1953 3219 2053 3289 ἤδη
2100 3218 2294 3272 πολλοῦ
2327 3220 2539 3289 χρόνου.

590 3311 720 3366 424.
757 3309 1005 3378 Philippo
1039 3310 1327 3364 monacho.
1360 3309 1440 3361 Τὰ
1465 3309 1850 3380 συμϐεϐηκότα
1888 3326 1991 3363 σοι.

588 3403 715 3458 425.
748 3403 1109 3457 Constantino
1139 3402 1407 3457 curatori.
1436 3402 1601 3472 Ἀκοῆ
1623 3402 1804 3474 ἀγαθὴ
1827 3404 1926 3473 τῆς
1950 3402 2154 3471 τιμιὸτι

843 3403 1109 3456 18121111ηο
1139 3402 1407 3457 curatori.
1436 3402 1601 3472 Ἀκοῆ
1623 3402 1804 3474 ἀγαθὴ
1827 3404 1926 3473 τῆς
1950 3402 2267 3471 τιμιότητός
2295 3420 2409 3457 σου.

588 3493 715 3551 426.
746 3494 901 3549 Sisoé
924 3492 1209 3565 episc0po.
1238 3497 1448 3566 ’ῌνεσα
1476 3495 1570 3547 τὸν
1592 3496 1721 3548 Θεὸν
1749 3496 1904 3566 ἡμῶν
1933 3496 2023 3549 τὸν
2050 3496 2277 3563 ἀγαθόν.

589 3590 718 3645 427.
753 3584 1062 3645 Bessarioni
1096 3589 1227 3642 ﬁlio.
1276 3588 1475 3650 Ἡδέως
1496 3588 1735 3657 ἀνέγνων
1765 3606 1857 3641 σου
1884 3589 1983 3660 τὴν
2008 3592 2324 3661 ἐπιστολήν.

588 3682 722 3740 428..
749 3681 981 3753 Hypatio
1006 3681 1135 3735 ﬁlio.
1156 3679 1427 3751 Ἤρέσοην
1465 3681 1524 3733 ὲν
1548 3683 1661 3743 τοῖς
1696 3681 1990 3751 γράμμασί
2020 3698 2136 3736 σου.

589 3774 715 3831 429.
752 3774 1016 3839 Bassianp
1051 3776 1188 3829 ﬁlio.
1213 3774 1654 3845 Ἐπισκέπτομαε
1683 3792 1742 3828 σε
1775 3778 1872 3828 καὶ
1900 3776 2060 3839 αὖθις
2086 3777 2155 3831 διέ

1115 3777 1188 3829 io.
1213 3774 1654 3845 Ἐπισκέπτομαε
1683 3792 1742 3828 σε
1775 3778 1872 3828 καὶ
1900 3776 2060 3839 αὖθις
2086 3777 2173 3831 διὰ
2202 3778 2294 3830 τοῦ
2336 3780 2681 3851 γράμματος.

588 3867 714 3924 450.
744 3868 945 3922 Ετοιιίο
971 3879 1023 3921 et
1044 3867 1238 3921 Joanni
1274 3868 1418 3922 ﬁliis.
1451 3867 1562 3921 Kal
1586 3866 1679 3920 νῦν
1707 3867 1995 3937 δεξάμενος
2021 3870 2120 3940 τὴν

903 3871 945 3921 lo
971 3879 1023 3921 ct
1044 3867 1238 3921 Joanni
1274 3868 1418 3922 ﬁliis.
1451 3867 1562 3921 Kal
1586 3866 1679 3920 νῦν
1707 3867 1995 3937 δεξάμενος
2021 3870 2120 3940 τὴν
2163 3874 2469 3945 επιστολὴν.

588 3961 710 4015 451.
738 3958 1011 4014 DorOIheo
1035 3960 1167 4013 ﬁlio.
1201 3960 1312 4013 Kal
1334 3960 1495 4014 πάλιν
1525 3961 1783 4031 κατάρχω
1805 3962 1897 4015 τοῦ
1927 3965 2159 4033 γράφειν
2194 3984 2295 4020 σοι.

587 4049 711 4103 452.
746 4049 918 4103 Alteri
944 4048 1215 4102 Dorotheo
1246 4048 1377 4103 ﬁlio.
1401 4048 1549 4101 Καλὲ
1576 4050 1843 4118 Δωρόθεε,
1869 4054 2047 4120 χαῖρε.

588 4141 715 4195 455.
744 4139 869 4194 Tito
892 4152 945 4193 et
975 4138 1185 4193 Philoni
1220 4136 1456 4194 ﬁliis.'0
1485 4141 1614 4193 καλὲ
1638 4142 1784 4205 Τίτε,
1809 4142 1904 4195 καὶ
1931 4136 1976 4195 ὧ
2004 4142 2131 4196 καλέ

928 4152 945 4191 t
975 4138 1185 4193 Philoni
1220 4136 1456 4194 tiliis.'0
1485 4141 1614 4193 καλὲ
1638 4142 1784 4205 Τίτε,
1809 4142 1904 4195 καὶ
1931 4136 1976 4195 ὧ
2004 4142 2131 4196 καλέ
2168 4161 2267 4212 μου
2303 4143 2494 4198 Φίλων.

590 4230 717 4287 454.
748 4229 975 4285 Nicolao
1010 4231 1268 4300 mancipi.
1297 4231 1421 4294 Πῶς
1447 4230 1548 4283 οῐει
1576 4230 1827 4301 δέχεσθαί
1862 4250 1931 4303 με
1954 4234 2156 4296 agam

1010 4231 1268 4300 mancipi.
1297 4231 1421 4294 Πῶς
1447 4230 1548 4283 οῐει
1576 4230 1827 4301 δέχεσθαί
1862 4250 1931 4303 με
1954 4234 2394 4297 mammia;
2426 4251 2541 4288 σου.

589 4328 716 4382 455.
745 4326 955 4381 Isidoro
985 4326 1147 4380 laico.
1181 4328 1289 4379 Kal
1310 4326 1472 4379 πάλιν
1499 4327 1701 4388 κόπους
1737 4344 1821 4381 σοι
1854 4330 2151 4400 παρέσχον.

589 4420 713 4475 456.
744 4420 1075 4489 Ρηξροδίῑε.
1105 4420 1435 4488 Ἀπήγγειλέ
1468 4438 1556 4491 μοι
1585 4422 1614 4474 ὁ
1636 4420 1887 4488 ἀδελφός.

588 4513 714 4567 457.
747 4512 943 4567 Joanni
972 4512 1535 4567 Chatcedonensi."Uv
1568 4515 1632 4567 ἐκ
1662 4513 1877 4586 μακροῦ
1905 4512 2102 4584 χρόνου
2136 4510 2154 4563 ἱ

972 4512 1535 4567 Chatcedonensi."Uv
1568 4515 1632 4567 ἐκ
1662 4513 1877 4586 μακροῦ
1905 4512 2102 4584 χρόνου
2136 4510 2324 4564 ὣὸικυν
2357 4508 2515 4562 πόθου..

588 4608 715 4662 458.
756 4605 1043 4675 Euthymio
1071 4606 1203 4659 lilio.
1248 4605 1509 4673 Ὑγίαινε,
1557 4611 1744 4663 τέκνον
1776 4626 1899 4679 μου.

588 4697 713 4753 459.
745 4696 1083 4767 llyperechio
1117 4696 1249 4755 ﬁlio.
1289 4695 1453 4766 Εὖγε,
1477 4696 1627 4767 εὖγε,
1663 4701 1955 4771 ’Υπερέχιε
1975 4698 2164 4750 τέκνον
2204 4713 2325 4763 μου.

588 4790 714 4843 440.
754 4788 1083 4857 Aphrodisio
1115 4789 1247 4843 ﬁlio.
1275 4790 1522 4859 Χαέροις,
1549 4792 1860 4862 ’Λφροδίσιε
1890 4794 1953 4844 τὸ
1977 4788 2111 4859 ὲμδν
2136 4788 2347 4842 τέκνον.

588 4880 715 4934 441.
745 4881 967 4934 Antoniae
997 4880 1128 4933 ﬁlio.
1154 4878 1373 4948 Ἀδελφὲ
1402 4881 1640 4950 Ἀμωνᾶ,
1670 4885 1826 4952 χαῖρε
1860 4883 1915 4933 ἐν
1944 4880 2151 4950 Κυρίῳ.

590 4970 717 5025 442.
742 4970 995 5040 Symeoni
1020 4970 1151 5023 ﬁlio.
1187 4971 1379 5040 Χαῖρε,
1434 4970 1623 5024 τέκνον
1652 4989 1769 5040 μου.

591 5069 715 5123 445.
746 5066 1154 5137 Theophylacto
1179 5067 1518 5135 presbytero.
1548 5069 1639 5134 Ἐξ
1671 5062 1747 5121 ὧν
1780 5066 2139 5136 ὲπέστειλενή

978 5067 1154 5137 ylacto
1179 5067 1518 5135 presbytero.
1548 5069 1639 5134 Ἐξ
1671 5062 1747 5121 ὧν
1780 5066 2139 5136 ὲπέστειλενή
2161 5066 2407 5135 τιμιότης
2430 5084 2540 5123 σου.

591 5160 715 5213 444.
747 5159 1052 5213 Bessarioni
1083 5160 1218 5213 ﬁlio.
1253 5159 1313 5211 El
1339 5161 1432 5212 καὶ
1470 5160 1547 5230 μὴ
1568 5160 1837 5229 ἐδεξάμην
1867 5159 2198 5228 ἀντίγραφα.

589 5252 711 5305 445.
744 5250 940 5305 Joanni
971 5253 1100 5305 tilio.
1137 5251 1417 5319 Ἐπέγνων
1442 5252 1540 5323 τὴν
1562 5253 1789 5323 δύναμιν
1813 5253 1923 5308 τῶν
1942 5270 2155 5322 γραμμ‹

867 5250 940 5304 mi
971 5253 1100 5305 ﬁlio.
1137 5251 1417 5319 Ἐπέγνων
1442 5252 1540 5323 τὴν
1562 5253 1789 5323 δύναμιν
1813 5253 1923 5308 τῶν
1942 5254 2288 5322 γραμμάτων
2322 5271 2433 5305 σου.

591 5342 717 5396 446.
745 5342 947 5396 Evodio
977 5343 1103 5396 tilio.
1134 5342 1289 5396 Ἐπεὶ
1312 5343 1580 5414 ἐδεξάμην
1606 5362 1700 5396 σου
1719 5344 1816 5413 τὴν
1840 5344 1927 5397 διὰ
1958 5343 2053 5395 τοῦ
2089 5343 2412 5413 γράμματος
2431 5345 2741 5413 ἀπολογίαν.

590 5436 716 5490 447.
747 5436 946 5490 Νίςριξιε
978 5437 1281 5505 ντεροδίιο.
1313 5437 1421 5489 Kal
1448 5436 1556 5508 πρὸ
1581 5437 1687 5489 τῶν
1720 5438 2082 5505 γραμμάτων.

587 5529 711 5583 448.
741 5529 1011 5583 Antiocho
1043 5530 1380 5585 Silentiario.
1406 5532 1589 5597 Ἀξιον
1614 5533 1710 5601 τῆς
1738 5531 2021 5593 εὐσεϐείας
2057 5549 2169 5583 σου.

588 5621 715 5676 449.
744 5621 1027 5693 Gregorio.
1055 5623 1121 5675 Λὶ
1147 5624 1446 5677 ἀποστολαὶ
1474 5624 1583 5677 τῶν
1608 5623 1906 5677 ἐπιστολῶν
1934 5623 2178 5689 σύζυγοι.

589 5718 714 5771 450.
743 5716 985 5771 aniano
1018 5718 1127 5771 tilio
1148 5717 1321 5785 lapso.
1346 5718 1541 5783 Ἀδὰμ,
1575 5718 1677 5770 ποῦ
1706 5714 1787 5783 εἷς
1816 5718 1964 5786 φωνή
1994 5718 2110 5768 ἐστι
2132 5714 2306 5770 Θεοῦ.

589 5804 714 5858 451.
744 5804 973 5875 Myroni.
1001 5805 1259 5875 Ὠψίσθην
1282 5807 1586 5859 ἐπιστεῖλαι
1615 5808 1680 5874 τῇ
1715 5804 1994 5872 θεοσεϐείᾳ
2030 5821 2144 5854 σου.
