3966 6454
555 359 694 430 1679
1739 371 1800 432 S.
1827 369 2220 431 THEODORI
2259 371 2603 433 STUDITAZ
3664 371 3810 435 168.0

620 476 745 535 509.
777 478 1100 537 Eucharislo
1128 481 1262 537 ﬁlio.
1296 482 1407 537 Καὶ
1431 479 1577 535 πάνυ
1603 498 1686 534 σοι
1715 483 1876 552 χρεία
1903 483 2202 537 ἐπιστεῖλαί
2240 502 2334 556 με.

617 569 742 626 510.
775 572 962 628 Leoni.
994 569 1070 627 Εὖ
1098 574 1429 644 πεποίηκας,
1455 573 1648 626 τέκνον
1683 573 2079 643 πνευματικόν.

617 663 745 720 511.
776 665 1165 722 Constantino.
1195 667 1293 732 Τίς
1317 669 1352 738 ἡ
1386 666 1537 722 αίτία
1566 667 1874 721 ἐπιστεῖλαί
1911 685 2000 738 με.

614 758 740 814 512.
767 758 1111 832 Presbytero.
1137 762 1230 818 Ἐν
1253 762 1482 833 χειμῶνι
1502 762 1555 815 εῐ
1572 778 1655 825 τις
1686 761 1784 815 ἴδοι
1817 763 1987 834 ῥόδον.

618 857 744 912 515.
777 855 1062 914 Theodqu
1083 859 1219 915 ﬁlio.
1258 859 1460 923 Ἡδέως
1482 860 1612 930 ἔχω,
1636 859 1826 913 τέκνον
1852 878 1977 930 μου,
2002 860 2292 932 δεχόμενός
2319 878 2414 914 σου
2449 861 2773 930 γράμματα.

613 951 742 1005 514.
768 949 1024 1022 Symeoni
1053 950 1185 1006 ﬁlio.
1221 952 1386 1020 Ἀρτι
1415 950 1628 1021 ἔφθασα
1660 951 1962 1007 ἐπιστεῖλαί
2000 971 2105 1008 σοι.

612 1042 740 1097 515.
769 1042 1064 1113 Euthymio
1085 1042 1218 1097 ﬁlio.
1243 1043 1417 1114 Χαῖρε
1438 1045 1497 1098 ὲν
1525 1042 1735 1114 Κυρίῳ.

611 1131 739 1187 516.
769 1132 1021 1204 Ephrem
1053 1133 1187 1188 11110.
1211 1134 1388 1204 Χάρις
1423 1152 1508 1188 σοι
1529 1134 1683 1206 παρὰ
1711 1131 1937 1203 Κυρίου.

610 1225 737 1280 517.
761 1225 1090 1295 Aphrodisia
1119 1226 1251 1281 ﬁlio.
1275 1221 1644 1295 Εὗγε,τέκνον
1671 1240 1796 1294 μου.

610 1316 735 1371 518.
768 1315 1105 1386 Hyperechio
1135 1317 1267 1372 ﬁlio.
1300 1313 1462 1386 Εὖγε,
1489 1316 1641 1384 εὖγε,
1669 1311 1978 1385 ’Υπερέχιε.

609 1407 736 1463 519.
764 1409 988 1464 Amans
1012 1407 1146 1463 ﬁlio.
1173 1407 1323 1462 Καλὲ
1348 1406 1589 1479 ⁸Δμῶνα,
1615 1407 1809 1476 χαϊρε.Ι

610 1501 736 1558 520.
764 1501 1046 1573 Stephano
1074 1502 1206 1558 ﬁlio.
1237 1503 1433 1574 Χαῖρε,
1464 1501 1703 1570 Στέφανο
1722 1499 1914 1553 τέκνον
1939 1510 2063 1566 μου.

608 1597 737 1653 521.
771 1596 1028 1669 Symeoni
1059 1596 1194 1652 ﬁlio.
1217 1596 1468 1666 Χαίροις,
1495 1593 1723 1666 Συμεὼν
1759 1592 1948 1646 τέκνον
1972 1604 2097 1659 μου.

607 1685 734 1742 522.
765 1685 1067 1741 Parthenio
1096 1685 1229 1742 ﬁlio.
1254 1680 1328 1738 Ὦ
1350 1685 1484 1739 καλὲ
1502 1684 1788 1757 Παρθένιε,
1823 1686 2000 1753 χαῖρε.

609 1777 734 1834 525.
761 1775 1052 1846 Hegesimo
1078 1777 1214 1833 ﬁlio.
1264 1777 1328 1832 Ἡ
1345 1777 1503 1848 χάρις
1532 1793 1617 1830 σοι
1636 1775 1746 1831 ἀπὸ
1767 1775 1929 1840 Θεοῦ,
1967 1774 2260 1847 Ἦγήσιμε.

609 1871 736 1926 524.
770 1870 1048 1927 Ι)01·011100
1069 1873 1204 1928 ﬁlio.
1237 1872 1608 1944 Εὑλογηθείης
1633 1871 1738 1925 ὑπὸ
1774 1871 2005 1942 Κυρίου.

605 1964 733 2019 525.
771 1965 932 2020 Petro
956 1964 1091 2020 ﬁlio.
1121 1966 1292 2029 Αὐτὸς
1311 1966 1371 2019 οὐ
1393 1965 1793 2035 διαλιμπάνεις.

605 2059 736 2115 526.
768 2059 1089 2118 (Economo
1116 2062 1216 2133 τῆς
1240 2061 1534 2133 ωμόόλου.
1570 2060 1952 2130 Ἀπεδεξάμην
1979 2059 2077 2130 τὴν
2101 2061 2171 2112 ἐπ

845 2064 1089 2118 Lconomo
1116 2062 1216 2133 τῆς
1240 2061 1534 2133 ωμόόλου.
1570 2060 1952 2130 Ἀπεδεξάμην
1979 2059 2077 2130 τὴν
2101 2059 2411 2132 ἐπιστολήν.

604 2151 735 2206 527.
766 2150 1006 2224 Josepho
1032 2153 1188 2208 fratri
1219 2163 1272 2208 et
1301 2153 1740 2225 archiepiscopo.
1773 2153 1898 2206 ὐτι
1927 2153 2135 2223 ἥκουσα
2167 2174 2170 2186 ι

1050 2153 1188 2208 'ratri
1219 2163 1272 2208 et
1301 2153 1740 2225 archiepiscopo.
1773 2153 1898 2206 ὀτι
1927 2153 2135 2223 ἥκουσα
2167 2153 2266 2222 τῆς
2286 2153 2469 2222 φωνῆς
2502 2171 2616 2209 σου.

603 2248 728 2305 528.
753 2247 957 2305 Letoeo
981 2251 1112 2304 ﬁlio.
1145 2251 1301 2305 Μετὰ
1324 2249 1385 2304 τὸ
1411 2250 1714 2321 ἀπαρτίσαι
1755 2266 1823 2318 με
1849 2249 1946 2320 τὴν
1968 2251 2298 2320 ἀνατροπὴν.

602 2340 731 2398 529.
761 2341 1046 2399 Tlteodulo
1076 2342 1210 2397 ﬁlio.
1244 2341 1362 2412 Ἐφ’
1384 2343 1507 2396 ὅσον
1529 2341 1879 2413 ᾠκονόμησεν
1903 2343 1931 2395 ό
1961 2340 2094 2404 Θεὸς
2132 2343 2168 2394 ολ

1014 2359 1046 2397 0
1076 2342 1210 2397 11110.
1244 2341 1362 2412 Ἐφ’
1384 2343 1507 2396 ὅσον
1529 2341 1879 2413 ᾠκονόμησεν
1903 2343 1931 2395 ό
1961 2340 2094 2404 Θεὸς
2132 2340 2275 2394 οὕτω
2300 2340 2578 2408 γενέσθαι.

602 2432 727 2489 550.
758 2434 1058 2492 Naucratio
1088 2436 1219 2491 ﬁlio.
1249 2437 1373 2491 Ὀτι
1399 2435 1803 2507 ἀνέσφηλας,ει
1836 2436 1931 2490 καὶ
1955 2437 2028 2506 μὴ
2050 2437 2250 2500 τελέως
2275 2431 2353 2507 ἦρ

600 2526 728 2584 551.
755 2527 1050 2587 Timotheo
1082 2531 1217 2587 ﬁlio.
1258 2529 1580 2602 ’Υπομένων
1601 2530 1893 2600 ὑπόμεινον
1922 2530 2014 2584 τὸν
2041 2529 2264 2601 Κύριον.

599 2619 730 2675 552.
768 2620 973 2679 Basilio
1009 2625 1300 2679 monacho.
1340 2624 1435 2687 Τίς
1463 2618 1616 2686 οὗτος
1634 2625 1662 2676 ό
1687 2623 1797 2677 ἀπὸ
1821 2622 2029 2686 δύσεως
2055 2625 2165 2676 ἀναι

1017 2625 1300 2679 monacho.
1340 2624 1435 2687 Τίς
1463 2618 1616 2686 οὗτος
1634 2625 1662 2676 ό
1687 2623 1797 2677 ἀπὸ
1821 2622 2029 2686 δύσεως
2055 2622 2347 2686 ἀνατείλας
2376 2623 2583 2694 ἁστήρ;

598 2714 728 2771 555.
763 2713 1006 2771 Macario
1037 2717 1354 2787 praeposito.
1382 2716 1680 2788 Δύτάρκως
1705 2716 2009 2770 διιππεὺων
2039 2718 2164 2787 ὁτῆς

1082 2717 1354 2787 raaposito.
1382 2716 1680 2788 Δύτάρκως
1705 2716 2009 2770 διιππεὺων
2039 2718 2178 2787 ὁτῆς
2205 2717 2416 2786 σιωπῆς
2439 2716 2648 2787 χρόνος.

599 2810 727 2868 554.
757 2809 1127 2867 Constantino
1150 2812 1466 2883 pra-posito.
1492 2811 1846 2883 Προστίθημι
1866 2814 1933 2884 τῇ
1957 2829 2165 2885 προτερ

1009 2812 1127 2867 tino
1150 2812 1466 2883 pra-posito.
1492 2811 1846 2883 Προστίθημι
1866 2814 1933 2884 τῇ
1957 2813 2263 2885 προτεραίᾳ
2294 2813 2575 2883 ἐπιστολῇ.

601 2905 730 2961 555.
759 2903 990 2961 Michael
1020 2905 1340 2978 synadensi.
1375 2904 1556 2960 Πάλαι
1588 2904 1814 2977 ἔμαθον,
1839 2907 1922 2960 ὅτι
1957 2924 2014 2960 σε
2044 2907 2136 2960 τὸν
2163 2932 2167 2956 ι

2221 2907 2355 2961 ’ὑλον
2386 2910 2481 2961 καὶ
2507 2907 2788 2976 ἑδραίωμα
2827 2907 2926 2978 τῆς
2951 2905 3210 2978 ἀληθείας
3251 2905 3497 2975 μεθῆκαν
3523 2905 3618 2959 τοῦ
3647 2924 3787 2977 προ-

527 3001 689 3072 τέρου
719 2997 1106 3071 περωρισμοῦ.

602 3087 726 3143 556.
753 3087 949 3143 Tithoe
975 3088 1110 3143 ﬁlio.
1146 3087 1346 3152 Καλῶς
1371 3089 1466 3142 καὶ
1523 3089 1935 3160 προσηκόντως,
1967 3088 2161 3158 ὰδελφὲ

1146 3087 1346 3152 Καλῶς
1371 3089 1466 3142 καὶ
1523 3089 1935 3160 προσηκόντως,
1967 3088 2185 3158 ἀδελφὲ,
2217 3089 2280 3143 τὸ
2307 3088 2543 3160 γράμμα
2569 3107 2683 3143 σου.

598 3184 725 3239 557.
764 3182 988 3239 Silvano
1013 3183 1147 3238 ﬁlio.
1182 3183 1391 3255 ’ῌνεσα
1417 3182 1510 3236 τὸν
1530 3183 1664 3238 Θεόν
1702 3201 1826 3254 μου.

602 3278 728 3335 538.
765 3277 974 3334 Evodio
1005 3287 1059 3334 et
1088 3276 1287 3333 Joanni
1319 3278 1464 3333 ﬁliis.
1494 3280 1683 3351 Μικρᾷ
1719 3278 1979 3350 συλλαϐῇ.

601 3371 726 3427 559.
763 3369 1019 3440 Symeoni
1049 3370 1183 3424 ﬁlio.
1212 3369 1434 3441 Ἐπειδὴ
1467 3369 1709 3438 ἀνέγνων
1740 3387 1835 3423 σου
1859 3371 1959 3438 τὴν
1987 3371 2298 3443 ἐπιστολήν.

600 3463 727 3519 540.
752 3462 1115 3518 Constantino
1144 3461 1307 3518 laico.
1332 3460 1566 3530 Εὐλογία
1599 3462 1806 3533 Κυρίου
1839 3464 1929 3517 ἐπὶ
1961 3464 2042 3521 σέ.

593 3559 725 3616 541.
755 3559 951 3616 (Iasiae.
983 3553 1087 3613 Οἷα
1117 3559 1252 3631 ἡμῖν
1280 3558 1377 3612 καὶ
1410 3557 1565 3622 αὖθις
1589 3558 1890 3629 ἐφθέγξατο
1923 3561 1956 3631 ή
1993 3561 2292 3633 κοσμιότης
2327 3579 2439 3616 σου.

597 3655 725 3712 542.
763 3653 1006 3710 Macario
1030 3655 1344 3725 pmposito.
1375 3656 1526 3709 Πάνυ
1568 3655 1855 3725 ἐφιέμενος
1886 3656 2097 3725 μαθεῖν.

597 3751 726 3808 545.
758 3749 932 3807 [rene
951 3749 1212 3822 patricia.
1237 3749 1305 3803 Τί
1330 3766 1413 3803 σοι
1443 3749 1650 3813 κόπους
1680 3749 1928 3819 παρέχω.

596 3844 723 3901 544.
750 3844 921 3900 Paulo
957 3844 1094 3899 ﬁlio.
1128 3842 1398 3912 ’Δνέγνων
1427 3858 1519 3896 σου
1547 3841 1647 3912 τὴν
1673 3841 1985 3912 ἐπιστολήν.

598 3938 722 3993 545.
755 3935 961 3994 Letoeo
985 3935 1123 3994 ﬁlio.
1155 3933 1348 4005 Χαίρω
1379 3932 1592 3988 ἀκούων
1621 3950 1717 3986 σου
1744 3933 1845 4003 τῆς
1886 3933 2093 4003 φωνῆς.

597 4032 723 4089 546.
757 4032 1076 4100 Canonicis,
1103 4033 1447 4094 κανονικαίς.
1471 4029 1696 4100 Ἐπειδὴ
1723 4029 1880 4099 ὑμεῖς
1907 4031 2008 4083 οὐκ
2035 4028 2272 4083 ὲνδιδοῦν
2304 4029 2510 4100 φιλεῖτε
2535 4029 2615 4094 είς
2644 4029 2705 4083 τὸ
2732 4029 2996 4083 εὐποιεῖν.

597 4129 727 4186 547.
761 4127 1066 4200 Epiphanio
1093 4127 1226 4182 ﬁlio.
1255 4104 1370 4182 Καὶ
1399 4125 1556 4190 αὖθις
1580 4126 1792 4197 ἥκουσα
1818 4125 1917 4196 τῆς
1946 4125 2137 4200 φωνῆς
2162 4143 2277 4181 σου.

601 4219 728 4277 548.
771 4220 984 4279 Eidem.
1019 4220 1118 4277 Ἐκ
1145 4217 1452 4294 παραδόξου
1484 4236 1575 4293 μοι
1597 4219 1658 4274 τὸ
1680 4218 1913 4292 γράμμα
1941 4236 2054 4273 σου.
