3966 6488
235 447 352 515 1681

1432 446 1803 510 CAPITULA
1850 449 2234 523 QUATUOR.

3335 447 3467 514 1682

1100 779 1320 910 IV.
1426 771 2577 903 MISCELLANEA.

1381 1165 1523 1220 Tor
1552 1166 1756 1241 OZIOI‘
1795 1166 2069 1224 ΠΑΤΡΟΣ
2108 1127 2305 1220 HMoN

1055 1347 1656 1454 ΘΕΟΔΩΡΟΥ
1726 1351 1953 1438 ΤΟΥ
2005 1325 2635 1440 mor-Amor

1303 1541 2122 1724 ’KE<PAAAIA
2195 1532 2338 1661 A'.

895 1922 990 2013 S.
1067 1925 1176 2013 P.
1257 1926 1376 2015 N.
1468 1922 2101 2019 THEODORI
2177 1924 2734 2019 STUDITIE

1047 2122 1788 2254 CAPITULA
1849 2134 2578 2272 QUATUOB.

1139 2358 1332 2429 (Pera.
1364 2359 1578 2422 Possm,
1609 2349 2220 2424 ThesaurusAsceticus,
2241 2370 2360 2427 pag.
2391 2354 2541 2423 5H.)

277 2594 359 2647 A'.
402 2589 570 2646 Οὐδὲν
596 2589 725 2646 ἀλλο
775 2587 924 2641 ἐστὶν
956 2588 990 2651 ἡ
1017 2587 1288 2658 ἀσκητικὴ
1322 2585 1457 2658 ζωὴ,
1487 2584 1600 2639 ἀλλ’
1630 2586 1780 2658 ἢὲγῐο
1812 2596 1830 2649 Α

1952 2586 1997 2643 1.
2015 2587 2161 2643 Nihil
2190 2585 2341 2642 aliud
2368 2595 2454 2642 est
2483 2585 2592 2642 vita
2617 2587 2854 2642 ascetica
2894 2585 3001 2641 nisi
3026 2585 3290 2642 cohibitio
3322 2600 3450 2656 pas-

209 2683 436 2754 κράτεια
483 2679 672 2734 παθῶν
691 2718 709 2743 ,
743 2681 1034 2733 ἐπιστασία
1062 2697 1123 2733 τε
1155 2679 1454 2749 λογισμῶν,
1485 2679 1580 2733 καὶ
1604 2679 1783 2750 διηνε-

210 2773 307 2839 κὴς
338 2770 481 2840 πάλη
514 2769 648 2840 πρὸς
680 2769 806 2830 τοὺς
835 2769 1098 2839 ἀοράτους
1135 2769 1362 2840 ἐχθρούς
1388 2785 1402 2800 ·
1443 2770 1691 2842 καθαράν
1718 2786 1778 2822 τε

209 2861 302 2930 τὴν
348 2859 529 2930 ψυχὴν
557 2861 747 2929 τηρεῖν
777 2857 890 2910 ἀπὸ
925 2859 1190 2929 ῥυπαρῶν
1219 2859 1499 2929 λογισμῶν
1549 2859 1601 2911 οἳ
1663 2877 1779 2913 κοι-

209 2951 386 3005 νοῦσιν
413 2951 560 3021 ἡμᾶς
582 2965 596 2980 ’
637 2951 696 3002 ὲν
717 2950 825 3020 γὰρ
856 2948 936 3020 τῷ
964 2949 1296 3016 λογίζεσθαι,
1327 2950 1402 3012 ὼς
1436 2949 1547 3020 πῦρ
1579 2952 1613 3020 ἡ
1659 2951 1779 3007 ἑπι-

210 3042 376 3110 θυμία
435 3041 774 3094 ἀνάπτεται·
827 3038 961 3092 ἀλλὰ
993 3037 1276 3110 πόρρωθεν
1328 3037 1436 3091 τῶν
1457 3036 1646 3090 παθῶν
1698 3038 1778 3089 ἰσ-

206 3132 450 3200 τάμενοι,
469 3129 530 3195 ὲξ
555 3130 723 3200 αὐτῆς
737 3127 1045 3200 προσϐολῆς
1058 3127 1457 3200 ἀποκρούωμεν
1474 3127 1566 3181 τὸν
1585 3128 1779 3200 πειρά-

209 3242 388 3287 ςοντα.

279 3317 354 3369 B'.
386 3315 620 3385 Νήψεως
645 3313 843 3383 πολλῆς
871 3310 1029 3383 χρεία
1054 3311 1189 3381 ἡμῖν
1219 3308 1315 3363 καὶ
1341 3307 1618 3381 προσοχῆς
1637 3325 1652 3341 ·
1683 3309 1779 3363 καὶ

209 3407 525 3477 ὲτοιμασίας
551 3408 650 3478 τῆς
700 3404 933 3474 καρδίας
962 3405 1042 3468 είς
1072 3403 1135 3456 τὸ
1177 3402 1468 3473 χαλινῶσαι
1522 3403 1615 3456 τὸν
1654 3400 1778 3456 νοῦν

208 3500 387 3570 ἡμῶν,
418 3500 495 3570 μὴ
525 3498 855 3566 ἐκφέρεσθαι
890 3497 970 3558 είς
997 3493 1033 3548 ἃ.
1063 3495 1138 3565 μὴ
1167 3495 1265 3560 δεῖ,
1297 3493 1373 3564 μὴ
1422 3493 1778 3563 κενεμϐατεῖν

208 3595 286 3656 είς
313 3593 541 3654 ἑκτοπα,
579 3592 655 3661 μὴ
687 3591 1107 3661 ἀναζωγραφεῖν
1141 3587 1344 3647 τύπους
1365 3587 1653 3657 πονηροὺς,
1677 3603 1779 3656 μη-

207 3686 261 3738 δὲ
316 3683 717 3754 συλλαμϐάνειν
758 3681 1054 3752 ἐπιθυμίας
1084 3678 1486 3751 ἁμαρτητικάς,
1515 3676 1576 3743 ἐξ
1596 3671 1671 3732 ὧν
1685 3677 1778 3730 οὒ-

206 3776 293 3828 δὲν
334 3774 714 3846 ὠφελούμεθα.
745 3773 1052 3827 τούναντίον
1081 3772 1137 3825 δὲ
1186 3770 1408 3842 μᾶλλον,
1465 3769 1778 3840 ὣυνώμεθα

206 3869 301 3920 καὶ
341 3866 735 3938 συντριϐόμεθα
754 3905 770 3934 ,
797 3867 878 3929 είς
911 3865 1062 3918 οὐδὲν
1094 3865 1363 3935 χρήσιμον
1390 3861 1778 3932 τελεσφοροῦν·

1882 2679 2123 2744 sionum,
2166 2679 2350 2748 vigilia
2392 2693 2558 2748 super
2588 2677 2968 2746 cogitationes,
2999 2677 3260 2733 continua
3306 2677 3453 2732 lucta

1880 2780 2070 2826 contra
2104 2771 2291 2827 hostes
2322 2771 2654 2839 invisibiles;
2680 2778 2734 2825 et
2750 2785 2938 2840 puram
2962 2771 3198 2824 animam
3233 2784 3452 2823 servare

1880 2877 1909 2916 a
1959 2862 2200 2918 sordidis
2244 2862 2668 2931 cogitationibus
2693 2876 2814 2930 qua:
2843 2860 3134 2930 inquinant
3166 2874 3268 2914 nos
3309 2857 3448 2912 Dum

1879 2955 2026 3009 enim
2080 2956 2209 3010 talia
2258 2964 2439 3009 mente
2487 2969 2795 3020 versamus,
2824 2953 3268 3023 concupiscentia
3307 2951 3450 3008 sicut

1881 3047 2021 3117 ignis
2059 3047 2449 3101 inﬂammatur.
2505 3045 2575 3100 At
2619 3046 2702 3102 sic
2741 3059 2840 3101 nos
2880 3045 3248 3116 elongantesa
3274 3043 3445 3107 vitiis,

1880 3139 1933 3192 in
1961 3139 2080 3209 ipso
2113 3139 2292 3210 primo
2319 3138 2532 3195 assultu
2561 3138 2888 3210 repellamus
2914 3145 3262 3193 tentatorem.

1947 3304 2016 3362 ll.
2045 3307 2210 3364 Multa
2227 3308 2410 3381 vigilia
2443 3324 2582 3380 opus
2614 3310 2773 3372 nobis
2801 3319 2906 3377 est,
2949 3309 3118 3366 multa
3148 3309 3449 3366 attentione

1881 3407 1933 3452 et
1961 3399 2355 3468 preparations
2392 3401 2574 3456 cordis
2609 3400 2677 3455 ad
2706 3399 3025 3455 frenandam
3056 3406 3295 3454 mentem
3342 3414 3448 3453 no-

1877 3502 2070 3554 stram,
2108 3506 2176 3546 ne
2207 3491 2472 3547 efferatur
2506 3494 2559 3546 in
2588 3507 2653 3547 ea
2678 3507 2799 3563 quae
2836 3507 2947 3547 non
2974 3491 3304 3547 conveniunt
3331 3509 3345 3546 :
3380 3506 3451 3545 ne

1878 3582 2293 3654 imaginationes
2326 3598 2526 3652 pravas
2566 3583 2734 3654 lingat
2766 3601 2779 3638 :
2812 3593 2908 3638 aut
2941 3583 3224 3639 obversari
3261 3582 3449 3638 animo

1876 3675 2068 3729 sinat:
2107 3689 2241 3728 neve
2290 3674 2567 3744 concipiat
2616 3675 2944 3744 cupiditates
2993 3675 3061 3730 ad
3107 3677 3445 3745 peccandum

1877 3763 2198 3828 incitantes;
2224 3777 2290 3816 ex
2325 3762 2522 3832 quibus
2547 3762 2684 3817 nihil
2714 3764 3032 3834 proficimus
3054 3783 3068 3820 :
3092 3764 3227 3835 quin
3255 3780 3287 3820 e
3308 3780 3445 3820 con-

1878 3853 2050 3907 trario
2098 3853 2450 3908 vulneramur
2496 3862 2552 3909 et
2602 3853 2961 3921 conterimur,
3000 3855 3212 3910 nullum
3255 3855 3445 3911 utilem

205 3975 317 4020 τες.
364 3959 482 4012 Μία
507 3958 602 4011 οὖν
647 3958 978 4020 ἀνάπαυσις,
1028 3955 1123 4008 καὶ
1155 3954 1253 4025 μία
1281 3953 1444 4024 ἡδονὴ
1497 3954 1560 4006 τὸ
1599 3953 1771 4007 καθα·
1802 3946 1830 4002 ἒ

1879 3943 2111 3997 fructum
2150 3952 2513 4000 maturantes.
2552 3944 2672 4000 Una
2719 3946 2886 4015 igitur
2930 3945 3168 4016 requies,
3202 3961 3310 4002 una
3347 3961 3443 4000 vo-

207 4050 387 4119 ρεύειν
415 4051 513 4118 τὴν
533 4048 732 4119 ψυχὴν,
765 4048 862 4102 κα)⁸
890 4046 1027 4118 πρὸς
1055 4045 1322 4100 ἀπάθειαν
1358 4044 1597 4116 βλέπειν.

274 4308 351 4362 Γ’.
377 4304 601 4374 Στῶμεν
631 4300 724 4359 οὖν
749 4303 889 4375 πρὸς
912 4300 974 4356 «te.
1001 4303 1144 4356 κατά
1184 4301 1490 4372 συνείδησιν
1525 4299 1775 4369 διηνεκὲς

209 4399 510 4470 μαρτύριον
533 4411 549 4428 ·
605 4396 681 4466 μὴ
712 4395 1019 4467 κάμψωμεν
1052 4394 1183 4464 γόνυ
1210 4396 1281 4464 τῇ⁴
1310 4391 1478 4460 Βάαλ,
1524 4392 1769 4460 ἀδελφοὶ,

207 4491 345 4560 μηδὲ
406 4488 644 4559 ὲνδῶμεν
707 4488 1032 4558 τυπτόμενοι
1109 4486 1212 4539 ὑπὸ
1275 4486 1384 4538 τῶν
1459 4483 1770 4554 λογισμῶνο

206 4583 407 4652 μᾶλλον
456 4581 554 4653 μὲν
587 4574 681 4634 οὖν
739 4577 1235 4648 κατασϐεννύωμεν
1261 4579 1330 4629 τὰ
1359 4576 1487 4647 βέλη
1531 4574 1627 4629 τοῦ
1676 4592 1772 4627 πο-

203 4674 370 4744 νηροῦ
397 4674 467 4727 τὰ
500 4671 898 4742 πεπυρωμένα,
928 4674 1042 4734 τοῖς
1087 4671 1340 4742 δάκρυσι,
1387 4672 1454 4740 τῇ
1507 4669 1770 4739 προσοχῇ,

203 4769 268 4834 τῇ
299 4765 505 4834 δεήσει,
538 4766 606 4834 τῇ
638 4761 948 4827 κατανύξει,
979 4764 1092 4826 τοῖς
1149 4762 1326 4824 ἄλλοις
1391 4761 1774 4830 ὕπωπιασμοῖς

203 4855 298 4908 τοῦ
323 4855 592 4925 σώματος·
620 4857 648 4908 ὀ
677 4855 786 4925 γὰρ
803 4853 1070 4918 ἀντίδικος
1100 4852 1387 4922 ήμῶν,Ὠς
1410 4852 1566 4904 λέων
1589 4849 1774 4918 ὠρυό-

199 4962 378 5013 μενος
416 4944 756 5013 περιπατεῖ,
801 4942 988 5012 ζητῶν
1031 4943 1166 4997 τινα
1193 4942 1491 5005 καταπίοι,
1519 4940 1638 4993 τίνα
1679 4939 1774 4994 λάε

204 5035 290 5086 ϐοι
344 5035 668 5105 θηράσιμον,
709 5036 818 5088 εῐτε
853 5036 964 5089 ἀπὸ
1019 5034 1239 5105 μέρους,
1293 5033 1404 5085 εῐτε
1441 5029 1500 5096 ἐξ
1552 5030 1772 5099 ὁλοκλή-

208 5144 300 5196 ρου
334 5142 348 5156 ⁶
371 5125 494 5180 οὐδὲ
539 5127 646 5198 γὰρ
701 5128 788 5182 ἐπ’
813 5127 880 5182 ἂν
915 5126 1023 5181 ἀπὸ
1069 5126 1267 5196 μέρους
1299 5124 1474 5186 λάϐοι,
1499 5125 1770 5194 ἀρκεῖται,

205 5217 342 5270 ἀλλά
373 5216 622 5287 πρόεισιν
657 5215 743 5269 ἀεὶ
787 5219 868 5279 είς
899 5215 962 5269 τὸ
988 5219 1168 5285 χεῖρον
1189 5230 1205 5246 ⁶
1236 5214 1340 5277 ἕως
1378 5213 1445 5268 ἂν
1472 5211 1770 5282 ἀποτελέσῃ

1877 4035 2055 4105 luptas
2099 4043 2204 4099 est,
2234 4050 2468 4105 purgare
2504 4035 2766 4100 animam,
2791 4044 2844 4090 et
2872 4050 3098 4107 scopum
3132 4037 3238 4092 sibi
3266 4036 3443 4106 prefi-

1875 4143 2001 4196 gere
2031 4142 2141 4197 quo
2171 4136 2511 4198 spectemus,
2537 4127 2956 4184 exstinctionem
2984 4126 3280 4199 perfectam
3317 4142 3444 4197 pas-

1873 4232 2115 4274 snonum.

1945 4309 2034 4366 lll.
2074 4310 2292 4366 Stemus
2327 4309 2488 4380 igitur
2509 4318 2671 4380 prout
2712 4311 2968 4367 standum
3017 4322 3284 4369 monstrat
3318 4331 3440 4385 per-

1873 4409 2094 4469 petuum
2156 4398 2508 4453 conscientiae
2576 4399 2968 4455 testimonium.
3027 4399 3105 4456 Ne
3160 4401 3440 4459 ﬂectamus

1874 4506 2011 4560 genu
2049 4499 2176 4544 ante
2200 4489 2350 4554 Baal,
2377 4489 2576 4544 fratres
2613 4507 2626 4544 :
2663 4504 2837 4559 neque
2877 4489 3135 4546 cedamus
3167 4493 3296 4547 dum
3322 4496 3440 4563 pul-

1874 4595 2064 4633 samur
2111 4579 2549 4650 cogitationibus.
2581 4580 2770 4635 Potius
2801 4592 2983 4636 autem
3026 4583 3439 4655 exstinguamus

1869 4673 1983 4725 tela
2043 4673 2199 4743 ignea
2249 4671 2594 4739 nequissimi,
2642 4673 2920 4744 lacrymis,
2949 4675 3268 4742 attentione,
3313 4693 3439 4732 ora-

1875 4763 2042 4828 tione,
2095 4762 2552 4832 compunctione,
2603 4762 2835 4832 aliisque
2884 4764 3264 4821 vexationibus
3315 4781 3440 4821 cor-

1873 4853 2042 4923 poris.
2097 4851 2460 4908 Adversarius
2508 4852 2653 4908 enim
2722 4862 2908 4910 noster
2966 4871 2982 4909 :
3040 4853 3317 4926 Tanquam
3359 4857 3440 4911 leo

1873 4945 2080 5013 rugiens
2118 4944 2327 5009 circuit,
2362 4960 2600 5015 quaerens
2653 4961 2802 5015 quem
2847 4945 3108 5014 devoret',
3140 4961 3302 5017 quem
3343 4963 3437 5002 ve-

1871 5034 2055 5087 nando
2080 5034 2315 5104 prasdam
2343 5049 2502 5090 suam
2534 5033 2717 5100 faciat,
2739 5035 2822 5089 vel
2838 5051 2906 5090 ex
2935 5045 3110 5105 parte,
3135 5037 3218 5091 vel
3239 5046 3434 5092 totum.

1871 5119 2057 5190 Neque
2099 5121 2242 5174 enim
2282 5136 2409 5176 cum
2437 5135 2502 5175 ex
2531 5131 2684 5191 parte
2731 5122 2956 5192 ceperit,
2990 5123 3126 5178 satis
3155 5123 3206 5178 id
3236 5118 3432 5180 habet:

1872 5215 1965 5268 sed
1995 5214 2172 5283 pergit
2202 5228 2416 5283 semper
2446 5213 2799 5284 pregrediens
2823 5215 2879 5270 in
2922 5215 3078 5288 pejus
3106 5216 3279 5272 donec
3306 5232 3438 5278 con-

205 5284 434 5358 οάνατον
481 5303 781 5374 ἁμαρτίας.
827 5300 952 5358 Οἷον
991 5284 1246 5372 πειρᾶται
1277 5300 1490 5371 πρῶτον
1519 5299 1766 5364 δέξασθαι
1797 5284 1830 5342 C

1879 5315 2106 5358 summet
2134 5314 2412 5374 peccatum
2457 5306 2672 5359 mortis.
2712 5284 2954 5375 Exempli
2987 5284 3174 5373 causa,
3205 5316 3438 5361 conatur

204 5399 350 5465 ἡμᾶς
379 5397 477 5468 τὴν
507 5395 814 5467 προσϐολήν
839 5409 853 5424 ·
890 5390 1009 5447 εἶτα
1037 5391 1368 5462 φθέγξασθαί
1396 5409 1450 5444 τι
1477 5392 1618 5445 κατά
1630 5409 1769 5463 καρ-

203 5489 319 5554 δίας
349 5490 582 5558 πονηρόν
607 5505 622 5519 ο
651 5483 750 5541 εἷθ’
780 5485 952 5548 οὕτως
981 5485 1185 5559 χράνας
1217 5484 1308 5536 καὶ
1349 5483 1640 5554 φαρμάξας
1672 5487 1769 5556 τὴν

203 5581 400 5650 ψυχὴν,
461 5581 734 5647 ἐξίστησιν
795 5577 964 5648 αὐτὴν
1009 5578 1106 5645 τῆς
1149 5575 1289 5628 κατά
1341 5573 1502 5642 φύσιν
1562 5575 1767 5642 ἕξεωςο

207 5671 300 5724 καὶ
338 5673 510 5724 ποιεῖν
525 5670 693 5739 αὐτὴν
725 5670 882 5725 ἄνουν
911 5668 1005 5723 καὶ
1042 5667 1234 5738 ἄλογον
1266 5667 1360 5722 καὶ
1376 5667 1600 5739 τυφλὴν,
1619 5670 1768 5739 ἐφιε-

281 5847 294 5875 ¹
330 5846 469 5900 l’clt'.
500 5862 555 5909 ν,
607 5849 654 5900 8.

1867 5397 2104 5467 primum
2130 5396 2348 5452 efficere
2376 5406 2436 5451 ut
2463 5395 2803 5465 excipiamus
2832 5396 3060 5467 patienti
3089 5397 3436 5452 conniventia

1869 5489 2157 5557 quemdam
2204 5488 2321 5558 ejus
2367 5487 2665 5559 impuisum
2705 5487 2949 5543 :deinde
2979 5486 3226 5543 sinamus
3279 5487 3436 5543 insu-

1869 5581 2074 5634 surrari
2106 5580 2176 5634 ab
2204 5594 2271 5634 eo
2301 5580 2452 5634 cordi
2497 5589 2688 5635 nostro
2735 5594 2965 5650 pravum
2998 5578 3218 5649 aliquod
3251 5579 3437 5633 consi-

1869 5666 2023 5724 lium.
2061 5665 2168 5724 Hoc
2200 5682 2326 5723 cum
2357 5667 2614 5736 obtinuit,
2643 5667 2840 5724 deinde
2876 5665 3031 5724 miris
3059 5664 3236 5738 modis
3271 5680 3438 5736 agens
