3966 6446
525 376 660 443 1683

1706 375 1767 435 S.
1809 372 2196 433 THEODORI
2231 371 2373 431 STU
2383 369 2575 430 DITzE

3642 362 3779 427 1684

521 491 837 561 ferensque,
882 489 1144 552 miscens.
1176 505 1240 546 ac
1272 488 1548 547 fascinans
1575 489 1837 555 animam,
1868 487 2085 544 tandem

2196 486 2358 555 μένην
2391 483 2428 538 ἃ
2460 484 2534 554 μὴ
2560 482 2658 537 δεῖ.
2723 480 2896 548 [hicn
2944 474 3060 534 οὖν
3114 475 3355 549 φυλακῇ
3409 476 3771 548 τηρήσωμεν

519 600 640 639 eam
695 583 952 638 exturbat
999 583 1069 637 ab
1111 598 1179 638 eo
1233 583 1327 653 qui
1371 581 1667 637 secundum
1709 591 1956 636 naturam
2004 587 2091 635 est

521 671 731 733 habitu,
763 679 818 725 et
847 670 1024 725 reddit
1050 685 1170 724 eam
1199 670 1526 732 dementem,
1564 669 1958 734 irrationalem,
1984 682 2092 723 ca-

520 777 642 816 cam
670 804 686 826 ,
722 762 1029 832 cupientem
1069 776 1132 815 ea
1179 775 1301 830 quas
1344 758 1426 814 fas
1457 774 1562 813 non
1599 768 1704 814 est.
1749 758 1907 813 Omni
1959 775 2090 829 ergo

520 853 760 906 custodia
783 868 1042 906 seruemus
1071 868 1163 904 cor
1214 860 1454 905 nostrum
1481 852 1522 915 ',
1559 865 1665 904 non
1703 849 1887 905 dantes
1918 850 2091 905 locum

519 940 731 998 diabolo
759 944 799 1010 ',
836 944 930 1000 sed
958 943 1026 998 ad
1056 944 1292 1014 primum
1344 942 1518 997 hostis
1560 941 1744 997 statim
1794 941 2097 996 abnuentes

520 1051 802 1092 accessum
826 1076 842 1102 ,
892 1036 1082 1106 procul
1114 1050 1239 1089 eum
1280 1036 1627 1106 repellamus.
1656 1033 1812 1100 Quod
1841 1035 1888 1087 si
1920 1048 2096 1102 usque

519 1127 588 1182 ad
618 1139 906 1182 assensum
928 1127 1244 1180 vincamur:
1265 1134 1321 1177 at
1343 1140 1412 1178 ne
1441 1124 1750 1193 polluamur
1777 1123 2095 1192 prodeundo

521 1214 588 1268 ad
622 1229 782 1284 opus.
818 1211 974 1284 Quod
1008 1213 1054 1268 si
1077 1221 1131 1267 et
1152 1213 1257 1267 hoc
1285 1211 1567 1278 acciderit,
1595 1226 1664 1266 ne
1694 1212 1749 1266 in
1789 1210 1884 1266 tali
1920 1226 2096 1264 more-

522 1320 646 1358 mur
699 1313 870 1372 statu,
895 1303 1041 1357 trahi
1076 1317 1176 1358 nos
1224 1302 1467 1358 sinentes
1497 1302 1552 1356 in
1585 1301 1837 1354 ultimum
1877 1299 2089 1371 peccati

521 1395 818 1450 terminum
850 1394 1303 1466 impmnitentiam
1330 1393 1566 1448 finalem.
1599 1391 1881 1461 Contiugit
1910 1401 2090 1445 autem

522 1502 622 1542 nos
669 1489 773 1543 hoc
818 1489 931 1559 pati
959 1504 1026 1544 ex
1053 1487 1404 1558 praesumptis
1438 1502 1503 1542 ex
1534 1486 1695 1556 longo
1724 1484 2091 1555 opinionibus,

519 1588 576 1632 et
601 1593 665 1633 ex
695 1581 1164 1635 recordationibus
1208 1593 1398 1633 eorum
1436 1593 1560 1648 qua:
1596 1577 1754 1632 nobis
1783 1577 1914 1630 olim
1951 1576 2096 1630 acci-

2195 575 2312 642 τὴν
2360 574 2633 642 καρδίαν,
2679 574 2752 643 μὴ
2785 571 3053 635 διδόντες
3107 568 3293 622 τόπον
3351 566 3431 632 τῷ
3475 567 3772 634 διαϐόλῳ*

2196 666 2309 720 ἀλλ’
2342 666 2504 729 εὐθὺς
2531 665 2628 736 τὴν
2673 663 2976 733 προσϐολὴν
3026 662 3469 728 ἀπαναινόμενοι.
3495 661 3556 712 Et
3586 661 3645 713 δὲ
3677 663 3746 728 ήτ

2196 759 2450 830 τηθῶμεν
2505 757 2772 820 ἐντεῦθεν,
2827 755 2932 808 κᾶν
2983 755 3059 825 μὴ
3109 753 3405 823 χρανθῆναι
3435 767 3447 780 ·
3482 752 3530 804 sl
3576 752 3634 804 δὲ
3679 754 3776 805 καὶ

2195 851 2355 905 τοῦτο
2419 850 2724 920 πάθοιμεν
2780 849 2917 903 ἀλλὰ
2967 849 3042 920 μὴ
3082 849 3394 919 ἑγχρονίσαι
3450 852 3544 903 καὶ
3601 868 3776 904 κατα-

2199 943 2430 1013 συρῆναι
2492 943 2572 1006 είς
2627 941 2689 995 τὸ
2753 940 2903 1002 τέλος
2958 939 3058 1008 τῆς
3105 940 3400 1010 ἁμαρτίας.
3473 940 3774 1010 Συμδαένει

2195 1033 2254 1086 δὲ
2301 1033 2449 1104 ἡμᾶς
2473 1032 2630 1086 τοῦτο
2662 1033 2857 1086 παθεῖν
2885 1035 2949 1084 ὲκ
2997 1030 3104 1084 τῶν
3153 1032 3498 1102 προλήψεων,
3545 1035 3610 1085 ἐκ
3663 1034 3776 1086 τῶν

2193 1122 2358 1178 πάλαι
2389 1123 2748 1194 ἀναμνήσεων
2767 1138 2781 1152 ·
2812 1120 2947 1176 ἀλλὰ
3003 1119 3262 1190 φύγωμεν
3294 1121 3393 1184 τὰς
3428 1120 3732 1192 προλήψεις
3760 1139 3774 1151 ·

2192 1215 2452 1286 φύγωμεν
2484 1213 2586 1277 τὰς
2616 1214 2943 1284 νεωτερικὰς
2997 1213 3354 1283 ἀναμνήσεις.
3407 1212 3495 1264 Ἐν
3549 1212 3660 1281 γὰρ
3697 1211 3780 1281 τῷ

2199 1306 2378 1358 ἐκεῖσε
2428 1305 2514 1359 διὰ
2561 1305 2663 1374 τῆς
2694 1305 3121 1376 ἀναθεωρήσεως
3181 1303 3427 1372 γίνεσθαι
3476 1305 3668 1373 ἡμᾶς,
3723 1306 3777 1356 τί

2200 1394 2328 1448 ἄλλο
2358 1395 2505 1448 ἐστιν
2536 1397 2711 1448 εἰπεῖν
2733 1437 2748 1461 ,
2795 1395 2828 1466 ἦ
2861 1396 2942 1447 ὅτι
2969 1395 3322 1465 ὲστράφημεν
3343 1397 3410 1464 τῇ
3443 1393 3641 1463 καρδίᾳ
3696 1395 3778 1454 εἰς

2200 1485 2516 1554 Δίγυπτονς
2569 1487 2744 1559 Ὅπερ
2798 1488 3098 1558 φυλακτέον
3133 1491 3263 1560 ἡμῖν
3311 1489 3452 1543 κατὰ
3483 1488 3580 1542 τὸν
3629 1487 3780 1540 ἔνδον

2201 1577 2509 1650 ἄνθρωπον.

518 1674 737 1732 derunt.
789 1675 970 1743 Quare
1017 1675 1290 1748 fugiamus
1337 1675 1578 1730 delentes
1609 1689 1673 1729 ex
1715 1675 1901 1728 animo
1969 1681 2235 1741 quantum
2301 1689 2593 1744 possumus
2627 1675 2794 1732 falsas
2857 1678 2990 1733 istas
3032 1677 3464 1746 persuasiones:
3498 1677 3779 1746 fugiamus

519 1785 739 1840 quoque
783 1771 1193 1825 recordationes
1228 1769 1496 1826 malarum
1537 1782 1718 1822 rerum
1746 1781 1883 1834 quas
1927 1765 2204 1836 quondam
2247 1768 2299 1822 in
2337 1769 2628 1838 juventute
2686 1769 2946 1833 vidimus,
2987 1772 3131 1839 passi
3165 1787 3374 1836 sumus,
3417 1782 3513 1824 aut
3538 1771 3779 1840 egimus.

516 1867 655 1923 Nam
701 1867 1011 1924 voluntaria
1045 1876 1100 1922 et
1129 1881 1349 1921 morosa
1398 1865 1588 1920 talium
1631 1863 2092 1933 contemplatione
2129 1865 2302 1918 teneri
2347 1881 2412 1921 ac
2457 1866 2668 1921 titillari
2700 1882 2822 1929 nos,
2849 1867 2978 1937 quid
3011 1867 3156 1920 aliud
3189 1880 3293 1928 est,
3343 1881 3508 1935 quam
3575 1870 3778 1923 reverti

517 1967 682 2019 corde
708 1963 763 2016 in
803 1961 1131 2033 Egyptum?
1166 1960 1323 2027 Quod
1357 1959 1662 2014 cavendum
1702 1970 1788 2013 est
1832 1958 2014 2022 nobis,
2049 1960 2094 2012 si
2135 1958 2380 2013 interiori
2412 1972 2600 2014 nostro
2633 1961 2919 2015 consulere
2947 1959 3154 2012 homini
3187 1959 3460 2012 volumus.

587 2054 678 2111 IV.
711 2053 996 2110 Certemus
1029 2054 1212 2123 igitur,
1232 2052 1448 2116 fratres,
1476 2061 1532 2108 et
1557 2051 1704 2106 omni
1727 2051 1926 2106 virtute
1952 2065 2082 2104 con—

2253 2051 2329 2106 A'.
2383 2050 2802 2122 Ἀγωνισώμεθα
2829 2047 2943 2116 οὖν,
2965 2051 3199 2119 ἀδελφοὶ,
3232 2053 3322 2103 καὶ
3363 2052 3510 2122 πάσῃ
3543 2052 3776 2123 δυνάμει

518 2148 728 2212 fortati,
763 2162 976 2202 summa
1020 2147 1370 2200 contentione
1414 2159 1678 2200 conemur
1716 2142 1942 2213 spiritus
1968 2143 2089 2209 ejus

517 2239 612 2307 qui
658 2236 713 2291 in
768 2235 928 2290 nobis
977 2244 1062 2289 est
1099 2234 1453 2302 cogitationes
1487 2248 1740 2304 purgare.
1765 2233 1917 2295 juxta
1943 2231 2090 2301 quod

518 2324 781 2394 scriptum
827 2332 909 2378 est
938 2341 952 2378 :
982 2321 1052 2375 Et
1096 2337 1302 2376 omnem
1355 2322 1691 2375 altitudinem
1718 2336 1836 2390 qua:
1861 2319 2092 2373 elevatur

519 2426 706 2470 contra
736 2417 1012 2470 scientiam
1045 2415 1196 2468 Dei‘.
1229 2413 1295 2467 Et
1326 2415 1426 2468 hoc
1459 2416 1784 2484 perenniter.
1809 2411 1922 2466 Hoc
1946 2412 2091 2466 enim

516 2513 605 2560 cst
655 2505 857 2561 bellum
908 2504 1063 2568 illud,
1108 2506 1160 2558 in
1197 2519 1307 2572 quo
1351 2519 1631 2574 nunquam
1683 2503 2004 2566 debellatur,
2038 2502 2091 2555 in

519 2609 838 2671 perpetuum
869 2599 1096 2655 durans.
1121 2599 1184 2652 Et
1205 2600 1311 2653 hoc
1336 2598 1476 2653 idem
1510 2598 1831 2668 martyrium
1868 2603 1951 2650 est
1983 2609 2091 2648 non

521 2706 633 2746 uno
671 2695 784 2746 ictu
820 2699 1286 2751 consummatum,
1315 2689 1408 2744 sed
1443 2689 1496 2742 in
1527 2688 1646 2741 dies
1677 2688 1878 2740 multos
1912 2685 2092 2740 conti-

523 2791 714 2839 nenter
749 2783 977 2839 sariens
1025 2782 1185 2852 longa
1235 2781 1340 2836 sibi
1372 2779 1782 2835 succedentium
1811 2779 1951 2834 serie
1985 2787 2098 2831 tor-

521 2884 853 2934 mentorum.
903 2874 1197 2929 Enimvero
1253 2874 1346 2944 qui
1403 2872 1827 2942 cogitationibus
1874 2869 2096 2925 assidue

521 2969 768 3039 pulsatus
824 2968 1029 3038 pravis,
1091 2979 1370 3036 nunquam
1420 2964 1584 3028 cedit,
1631 2978 1733 3016 nec
1770 2963 1934 3017 ﬂectit
1957 2976 2097 3028 genu

521 3075 705 3115 coram
732 3059 857 3113 Baal
889 3077 905 3114 :
933 3059 1026 3113 sed
1057 3067 1278 3116 strenue
1326 3057 1607 3119 resistens,
1638 3056 1822 3110 vivido
1846 3055 2099 3126 superin-

523 3151 635 3207 silit
679 3156 883 3221 impetu
926 3151 980 3208 in
1021 3149 1304 3220 passiones
1363 3147 1807 3213 concupiscibilis
1833 3158 1885 3201 et
1915 3146 2102 3200 irasci-

523 3246 648 3300 hilis
674 3259 812 3316 quas
837 3244 1124 3298 concaleat
1155 3256 1347 3297 omnes
1375 3258 1389 3294 :
1422 3241 1514 3294 hic
1543 3239 1799 3294 videlicet
1824 3238 2101 3308 quotidia-

2190 2141 2605 2213 δυναμούμενοι,
2641 2143 2870 2196 κατὰτὸ
2903 2144 3101 2213 κράτος
3161 2144 3259 2212 τῆς
3321 2144 3501 2212 ἰσχύος
3565 2145 3659 2196 τοῦ
3715 2149 3776 2198 ἐν

2191 2237 2324 2305 ἡμῖν
2358 2235 2684 2305 πνεύμαῒος,
2703 2235 2994 2305 λογισμοὺς
3021 2235 3408 2305 καθαιροῦντες
3439 2238 3580 2290 κατὰ
3594 2239 3654 2290 τὸ
3679 2257 3776 2306 γε-

2193 2325 2509 2395 γραμμένον
2541 2343 2554 2357 ο
2587 2325 2840 2381 Καὶπᾶν
2897 2327 3111 2393 ὕψωμα
3164 2326 3558 2392 ἐπαιρόμενον
3620 2331 3776 2381 κατὰ

2192 2417 2305 2487 τῆς
2325 2418 2597 2488 γνώσεως
2633 2419 2740 2473 τοῦ
2772 2417 2918 2472 Θεοῦ
2941 2435 2957 2447 '
2988 2418 3258 2472 καὶτοῦτο
3290 2420 3553 2480 ἀεννάως.
3601 2421 3777 2473 Ταῦτα)

2194 2510 2303 2580 γάρ
2345 2510 2493 2562 ἐστιν
2543 2509 2831 2578 ὀπόλεμος
2860 2509 2886 2559 ὁ
2939 2508 3363 2577 ἀκαταμάχητος
3398 2524 3412 2539 ·
3462 2508 3558 2560 καὶ
3615 2507 3777 2560 τοῦτο

2194 2600 2256 2651 τὸ
2298 2598 2596 2670 μαρτύριον
2627 2599 2688 2652 τὸ
2719 2597 3088 2651 πολυϐἀσανον
3122 2598 3214 2650 καὶ
3270 2597 3635 2668 πολυήμερον.
3677 2600 3777 2660 ὐς

2197 2690 2305 2759 γὰρ
2354 2691 2453 2743 οὐκ
2493 2687 2738 2743 ἐνδίδωσι
2777 2692 2889 2752 τοῖς
2919 2688 3203 2758 λογισμοῖς
3266 2691 3354 2742 ἀεὶ
3403 2690 3773 2756 τυπτόμενος,

2196 2780 2317 2834 οὐδὲ
2358 2781 2627 2852 κάμπτων
2655 2781 2783 2849 γόνυ
2809 2785 2875 2852 τῇ
2909 2782 3054 2834 Βάαλ
3074 2821 3090 2843 ,
3121 2780 3236 2832 ἀλλ’
3271 2782 3776 2848 ἀνταγωνιζόμενος

2198 2873 2294 2925 καὶ
2318 2871 2759 2942 ὑπεραλλόμενος
2793 2873 2901 2924 τῶν
2929 2872 3140 2937 παθῶν,
3169 2872 3436 2941 ἐπιθυμίᾳ
3465 2875 3558 2923 καὶ
3590 2873 3774 2944 Θυμῷ,

2201 2959 2354 3026 οὗτος
2386 2965 2630 3033 δηλονότι
2662 2966 2931 3035 μαρτυρεῖ
2959 2964 3341 3033 ’καθεκὰστην,
3383 2966 3476 3017 καὶ
3503 2966 3650 3018 κατὰ
3679 2969 3775 3019 τοῦ

2203 3057 2415 3113 Παύλου
2439 3058 2661 3119 δυνατός
2689 3060 2803 3109 ἐστι
2833 3058 3010 3123 λέγειν
3055 3057 3115 3108 τὸ
3139 3096 3150 3117 ,
3183 3055 3578 3123 Καθεκὰστην
3633 3059 3777 3126 ἠμέ-

2195 3165 2314 3215 ραν
2341 3146 2726 3212 ἀποθνήσκω.
2774 3147 2880 3198 Καὶ
2920 3148 3012 3198 ἐπὶ
3060 3145 3137 3215 τῷ
3197 3143 3336 3198 τέλει
3382 3148 3490 3198 τῶν
3545 3149 3778 3214 ἀγώνων

2203 3237 2637 3311 παρρησιάζεται
2696 3237 2911 3291 εἰπεῖν’
2972 3239 3084 3291 Τὸν
3149 3239 3349 3308 ἁῃώνα
3417 3239 3525 3292 τὸν
3581 3246 3779 3293 «ait?

523 3347 655 3386 num
731 3331 1054 3402 martyrium
1121 3328 1311 3384 suffert
1358 3337 1413 3383 et
1467 3337 1590 3398 post
1646 3326 1874 3381 Paulum
1926 3332 2094 3394 potest

2204 3333 2472 3402 ὴγὼνισα
2495 3350 2509 3362 ·
2538 3332 2646 3385 τὸν
2671 3331 2895 3399 δρόμον
2922 3335 3201 3384 τετέλεκα
3220 3349 3234 3363 ο
3266 3336 3379 3398 τὴν
3425 3333 3638 3384 πίστιν
3682 3349 3779 3384 τε-

522 3423 708 3479 dicere
750 3440 766 3479 :

522 3516 753 3570 istorum
803 3514 1027 3570 audebit
1055 3513 1238 3568 dicere
1280 3509 1533 3566 :Bomtm
1577 3519 1842 3563 certamen
1869 3507 2097 3574 certavi,

524 3624 738 3662 cursum
763 3605 1146 3668 consummavi,
1178 3605 1336 3667 ﬁdem
1362 3603 1601 3669 servavi;
1643 3603 1699 3656 in
1723 3603 1922 3673 reliquo
1955 3617 2100 3670 repo-

525 3704 632 3756 sita
652 3712 729 3757 est
761 3703 889 3755 mihi
924 3716 1118 3755 corona
1140 3699 1376 3771 justitite
1401 3699 1442 3753 ⁸.

814 3393 1067 3489 Quotidie
1097 3421 1350 3473 morior'.
1381 3393 1536 3474 Et—in
1586 3421 1692 3472 fine
1735 3393 2094 3471 certaminum

2207 3393 2436 3492 έῆρηκα
2473 3437 2484 3450 '
2521 3393 2739 3475 .lomdar
2766 3393 3076 3475 ἀπόκειταί
3099 3437 3201 3486 μοι
3236 3421 3267 3472 ό
3303 3393 3412 3486 πῆς
3465 3417 3778 3471 δικαιοσύ-

2203 3531 2316 3581 νης
2347 3512 2666 3581 στέφανος.

597 3843 620 3874 '
646 3842 809 3898 Prov.
840 3855 916 3904 tv,
942 3838 1037 3894 23.
1111 3838 1133 3872 ⁸
1164 3837 1366 3906 Ephes.
1405 3850 1480 3896 tv,
1512 3834 1602 3886 27.
1678 3832 1700 3863 ⁸
1729 3831 1768 3884 ll
1795 3831 1922 3886 Cor.
1951 3845 2005 3894 ι,
2054 3829 2105 3883 5.
2182 3829 2203 3860 ⁸
2236 3825 2253 3879 l
2283 3825 2413 3880 Cor.
2439 3823 2647 3900 xv,,5l.
2723 3823 2744 3852 °
2773 3821 2814 3876 ll
2847 3822 2992 3875 Tim.
3031 3838 3102 3883 ιν,
3143 3819 3194 3872 7.

543 3950 3764 4004 Μ

1848 4061 2468 4182 MONITUM.

1556 4250 1721 4318 (Ang.
1764 4244 1908 4310 ΜΑι,
1952 4241 2208 4297 Bibliotlt.
2246 4256 2363 4296 nov.
2407 4250 2446 4294 t.
2496 4238 2594 4304 IV,
2636 4238 2752 4311 9|.)

601 4373 662 4428 in
709 4379 895 4427 vetere
940 4369 1133 4426 codice
1175 4367 1448 4423 Vaticano
1492 4365 1631 4428 451,
1676 4363 1716 4417 f.
1761 4361 1865 4415 168
1907 4359 2206 4423 b,exstaut
2240 4355 2300 4410 S.
2348 4354 2531 4410 Basilii
2579 4353 2990 4409 Constitutiones
3041 4352 3365 4416 mcnasticw,
3401 4351 3549 4404 haud
3593 4361 3774 4405 tamen

530 4458 840 4531 cuiusmodi
885 4465 1016 4513 sunt
1059 4457 1115 4510 in
1166 4467 1314 4510 torno
1354 4453 1596 4509 secundo
1664 4449 1920 4503 editionis
1967 4446 2258 4511 Garnerii,
2317 4448 2409 4500 sed
2456 4447 2764 4505 breviores.
2817 4442 3130 4513 qnanqua’m
3185 4443 3404 4497 initium
3454 4445 3598 4496 idem
3648 4453 3771 4497 est:

531 4548 644 4620 Τὴν
673 4546 816 4601 κατὰ
842 4545 1076 4615 Χριστὸν
1104 4541 1423 4612 φιλοσοφίαν
1454 4538 1848 4606 ἐπανελόμενος
1882 4553 1894 4588 :
1929 4534 2060 4587 etin
2089 4556 2094 4580 ι

2196 4534 2323 4588 itula
2353 4544 2560 4596 tantum
2594 4535 2815 4602 triginta
2845 4533 3268 4587 distribuuntur.
3297 4531 3536 4586 Prorsus
3565 4533 3775 4586 codicis

533 4618 781 4690 Vaticani
809 4633 1000 4688 eadem
1030 4631 1170 4685 ratio
1197 4639 1314 4693 est,
1349 4642 1473 4697 quae
1499 4624 1734 4680 Caesarei
1770 4621 2202 4675 Vindobouensis
2244 4619 2403 4684 LXV,
2451 4637 2480 4674 a
2529 4619 2820 4673 Lambecio
2855 4620 3112 4686 descripti
3171 4619 3463 4672 Comment.
3521 4618 3588 4672 Β.
3636 4620 3773 4674 Caes.

532 4724 629 4778 lib.
679 4737 772 4785 ιιι,
817 4721 906 4777 ed.
939 4719 1136 4776 Kollar.
1186 4733 1241 4788 p.
1278 4715 1404 4771 315.
1438 4713 1655 4768 Titulus
1695 4718 1876 4764 autem
1908 4709 2090 4776 operis
2125 4709 2320 4776 duplex
2383 4719 2466 4764 est
2506 4709 2559 4762 in
2610 4710 2797 4762 codice
2829 4706 2985 4772 Vat.,
3037 4723 3230 4775 nempe
3283 4707 3484 4759 initio:
3521 4709 3776 4772 Διάταξις

532 4808 828 4880 ἀσκητικὴ,
859 4807 995 4878 πρὸς
1020 4807 1147 4869 τοὺς
1179 4802 1510 4875 μονάζοντας
1536 4799 1629 4854 καὶ
1659 4799 1786 4860 τοὺς
1816 4799 1875 4849 ὲν
1904 4795 2094 4848 κοινοόἐ

2211 4795 2533 4856 ἀσκοῦντας.
2564 4807 2622 4854 ιιι
2649 4797 2701 4848 in
2731 4796 2969 4849 editione
2990 4794 3260 4847 Garucrii.
3287 4794 3344 4847 In
3372 4794 3523 4846 calce
3547 4805 3731 4849 autem
3762 4813 3774 4847 :

532 4897 696 4959 Τέλος
733 4896 837 4950 τῶν
866 4893 1175 4964 κεφαλαίων
1203 4892 1312 4944 τῶν
1345 4889 1560 4960 μικρῶν
1587 4889 1704 4960 ἦτοι
1734 4884 1843 4938 τῶν
1877 4884 2094 4952 μερικῶε

2198 4883 2469 4953 σκητικῶν
2501 4883 2594 4936 τοῦ
2635 4883 2790 4949 ἁγίου
2821 4882 3104 4936 Βασιλείου
3137 4900 3150 4934 :
3181 4882 3488 4947 Expliciunt
3521 4879 3776 4948 Capitula

533 4999 720 5051 parva.
768 4998 860 5036 seu
905 4980 1264 5050 particularia
1292 4978 1532 5032 Ascetica
1561 4975 1734 5028 sancti
1768 4972 1978 5025 Basilii.
2024 4969 2295 5024 Habemus
2323 4972 2484 5038 igitur
2511 5010 2524 5033 ,
2570 4979 2629 5023 ut
2675 4979 2856 5034 antea,
2911 4968 3241 5035 Regularum
3285 4967 3686 5036 Cumpendiutn
3724 4971 3775 5021 iu

537 5071 759 5142 Begulis
787 5070 1006 5124 brevius
1049 5066 1362 5136 explicatis;
1421 5065 1493 5116 ita
1543 5077 1691 5116 nunc
1736 5059 2184 5115 Constitutionum
2227 5058 2639 5110 ntonasticarum
2687 5060 2844 5126 quasi
2889 5058 3319 5126 Compendium,
3363 5072 3491 5109 vero
3545 5070 3778 5109 auctore

535 5159 726 5214 eodem
759 5156 1002 5220 Basilio,
1050 5163 1107 5208 ut
1155 5153 1273 5222 ipse
1295 5150 1622 5205 Lambecius
1673 5149 1816 5203 ultro
1851 5148 2100 5215 agnoscit
2144 5153 2308 5212 atque
2350 5144 2565 5199 fatetur.
2611 5143 2732 5197 Jam
2761 5160 2893 5197 vero
2937 5153 3063 5213 post
3099 5145 3151 5196 id
3204 5143 3394 5197 Basilii
3439 5145 3774 5211 cpusculuui

537 5251 736 5321 legitur
781 5249 835 5303 in
869 5247 1057 5302 codice
1087 5243 1212 5301 van.
1244 5244 1338 5314 (at
1373 5245 1428 5296 in
1461 5241 1700 5296 Vindob.
1739 5239 2023 5310 praecedit)
2057 5236 2327 5290 Theodori
2370 5237 2600 5290 Studitaa
2636 5235 2894 5289 Scholion
2923 5275 2936 5296 ,
2980 5251 3091 5295 quo
3133 5237 3585 5295 demonstratur,
3633 5235 3778 5285 hunc

542 5353 662 5395 esse
691 5338 992 5408 genuinum
1041 5333 1099 5388 S.
1139 5332 1320 5387 Patris
1361 5331 1554 5386 fetum.
1600 5328 1894 5382 Contendit
1923 5326 2185 5379 nimirum
2219 5324 2430 5378 Studita
2454 5365 2468 5387 ,
2503 5325 2554 5377 id
2585 5324 2763 5392 palam
2797 5323 2922 5377 inde
2968 5322 3081 5377 lieri
3106 5361 3122 5384 ,
3170 5322 3315 5390 quod
3349 5321 3520 5390 stylus
3563 5329 3622 5372 et
3665 5330 3777 5372 tom

540 5426 728 5495 scripti
756 5424 898 5479 ratio
921 5437 1222 5490 sensusque
1250 5420 1372 5473 aliis
1414 5419 1589 5472 sancti
1633 5415 1819 5470 Basilii
1847 5413 2112 5468 Asceticis
2151 5411 2449 5466 conformis
2481 5413 2569 5465 sit.
2616 5410 2787 5463 Porro
2837 5421 2895 5464 ut
2937 5421 3315 5481 argumentum
3353 5423 3512 5461 suum
3557 5408 3776 5460 Studita

541 5514 767 5569 firmiter
798 5518 1018 5574 teneat,
1054 5508 1294 5564 defendit
1316 5506 1478 5562 simul
1507 5545 1523 5569 ,
1555 5506 1646 5558 illa
1679 5519 1799 5572 quae
1833 5502 2096 5556 habemus
2131 5501 2182 5553 in
2213 5501 2542 5554 editionibus
2577 5499 2760 5552 Basilii
2798 5499 3036 5552 Ascetica
3062 5540 3077 5563 ,
3111 5512 3233 5551 esse
3275 5497 3509 5566 genuina
3536 5536 3552 5557 ,
3587 5506 3779 5547 contra

539 5600 920 5656 nonnullorum
949 5613 1119 5652 vanas
1141 5595 1512 5651 dubitationes
1546 5611 1559 5647 :
1589 5609 1696 5660 qua
1729 5607 1785 5646 re
1817 5589 2160 5651 conﬁrmata,
2201 5589 2445 5656 sequitur
2474 5596 2530 5640 ut
2563 5601 2716 5654 aeque
2751 5586 3065 5650 Διατὰξεις,
3104 5582 3519 5637 Constitutiones
3541 5621 3556 5642 ,
3588 5580 3780 5634 Basilii

540 5692 672 5745 sint.
698 5686 819 5741 Jam
852 5687 956 5741 hoc
990 5684 1255 5740 ineditum
1288 5681 1515 5737 Studitaa
1545 5678 1805 5736 Scholion
1847 5679 1924 5748 (a)
1958 5676 2311 5746 praecidendae
2341 5674 2632 5744 qurestioni
2672 5674 2932 5727 idoneum
2960 5683 3062 5735 est,
3089 5685 3208 5739 qua:
3230 5669 3441 5739 prolixe
3471 5670 3712 5738 agitatur
3749 5686 3779 5720 a

608 5805 928 5922 (a)llli‘la|litilir
947 5801 1376 5918 1viiiiﬁciakigiasimus.
1402 5801 1508 5851 Hoc
1531 5797 1768 5851 scboiium
1808 5799 1903 5860 jam
1928 5794 2151 5845 ediderat
2192 5792 2368 5844 Christ.
2409 5793 2542 5842 Frtd.
2588 5789 2805 5841 Matthai
2844 5794 2896 5839 et
2927 5801 3015 5837 nos
3062 5792 3172 5850 post
3208 5797 3322 5834 eum
3352 5783 3574 5845 Operum
3613 5784 3780 5834 Basilii

608 5885 670 5922 m.
773 5906 786 5922 ι
820 5882 877 5918 (ἶο
902 5905 912 5916 ι
1077 5903 1088 5915 .
1168 5880 1259 5914 Dll‘.

552 5878 670 5922 tum.
699 5878 786 5930 ιιι,
820 5878 912 5918 col.
947 5878 1088 5918 tow.
1124 5878 1259 5914 non.
