3966 6508
251 452 379 518 1685
1181 452 1555 514 SCHOLION
1597 453 1679 514 IN
1720 454 1780 511 s.
1808 431 2102 511 BASILII
2148 449 2523 509 ASCETICA.
3323 443 3458 508 1686

247 566 540 633 Garnerio,
572 578 613 622 t.
656 566 728 634 ll,
779 567 833 621 in
866 566 1046 622 ‘Praef.
1091 583 1145 636 p.
1180 585 1323 622 xxxv
1357 580 1412 624 et
1472 585 1625 639 seqq.
1674 569 1740 624 de
1801 567 2184 622 Asceticorum
2253 580 2384 620 vero
2415 571 2641 635 parente
2687 561 2927 621 Basilio:
2984 562 3225 631 itemque
3279 560 3458 623 alteri,

246 674 343 728 qua
368 658 512 712 idem
551 655 848 712 Garnerius
888 658 1039 728 praef.
1070 673 1123 727 p.
1152 673 1274 712 LXVI
1307 669 1358 713 et
1385 674 1562 728 seqq.,
1591 659 1863 714 immerito
1892 659 2171 713 contendit
2209 667 2400 713 contra
2447 655 2830 711 Combelisium
2851 695 2866 719 ,
2903 651 3315 706 Constitutiouu
3346 667 3460 703 mo-

245 751 468 804 nastt'cas
519 763 630 803 non
665 748 898 813 Basilio,
935 749 1030 805 sed
1061 748 1346 805 Eustathio
1379 750 1710 816 Sebasteno,
1756 765 1881 806 esse
1918 750 2313 806 inscribendas.
2354 748 2474 803 Jam
2521 756 2764 801 veterum
2798 747 3151 800 auctoritates
3185 738 3463 801 a‘Studita

246 838 488 892 laudatas
525 836 728 906 partim
758 841 1016 891 hauserat
1047 852 1114 891 ex
1148 837 1268 892 aliis
1307 836 1546 892 fontibus
1573 838 1731 892 etiam
1762 836 2082 903 Garnerius,
2114 846 2490 892 verumtamen
2519 835 2624 889 hoc
2661 835 2872 903 insigne
2910 832 3139 888 Studiue
3180 831 3462 894 Scholion,

246 939 333 979 seu
362 923 649 991 Prologum
673 963 690 989 ,
743 923 1051 992 ignoravit:
1093 940 1254 994 quam
1285 939 1387 980 nos
1423 925 1869 995 scriptiunculam
1912 926 1968 980 in
2002 925 2104 980 hac
2137 935 2324 979 nostra
2359 923 2590 978 Studitae
2630 923 2901 975 mantissa
2955 912 3315 972 omittendam
3356 931 3466 970 non

241 1009 634 1077 judicavimus,
670 1019 785 1065 tum
812 1011 941 1079 quia
970 1013 1230 1080 praeclara
1268 1028 1362 1082 per
1387 1028 1447 1067 se
1473 1024 1556 1068 est
1577 1055 1593 1078 ,
1614 1024 1727 1067 tum
1749 1012 1875 1081 quia
1904 1013 2033 1067 crisi
2071 1027 2294 1080 operum
2335 1010 2507 1066 sancti
2539 1008 2724 1063 Basilii
2747 1007 3017 1076 perutilis.
3055 1003 3189 1058 Nam
3221 1003 3368 1072 quod
3400 1003 3465 1056 ad

249 1098 342 1154 hoc
373 1099 594 1168 proprie
633 1097 933 1151 breviatum
974 1097 1154 1153 Basilii
1193 1099 1515 1168 opusculum
1547 1108 1752 1169 spectet
1783 1098 2010 1154 Studitai
2039 1101 2298 1155 Scholion
2328 1139 2344 1164 ,
2393 1097 2631 1152 dubitari
2668 1097 2900 1164 nequit:
2946 1110 3050 1147 non
3090 1093 3217 1163 quia
3250 1100 3463 1145 tantum

247 1184 320 1237 illi
357 1186 413 1238 in
441 1185 626 1239 codice
653 1183 992 1249 subtexitur,
1033 1185 1127 1238 sed
1162 1188 1286 1254 quia
1322 1187 1376 1239 in
1410 1201 1476 1240 eo
1505 1186 1709 1242 diserte
1758 1186 2074 1242 nominatur
2106 1187 2299 1244 titulus
2327 1184 2578 1256 Μερικά,
2609 1185 2700 1253 qui
2730 1182 3005 1254 proprius,
3038 1189 3100 1235 ut
3131 1194 3294 1249 supra
3323 1177 3468 1231 dixi.

248 1289 386 1336 mus,
422 1274 607 1343 scripti
643 1271 790 1326 illius
820 1271 1078 1326 Basiliani
1110 1283 1212 1327 est.

417 1431 768 1485 ΘΕΟΔΩΡΟΥ
791 1431 1232 1488 ΗΓΟΥΜΕΝΟΥ-
1267 1431 1623 1488 ΣΤΟΥΔΙΟΥ.

311 1544 379 1599 α’.
423 1546 544 1598 Ὅτι.
575 1545 802 1614 γνήσιον
838 1544 934 1599 τοῦ
960 1537 1198 1614 μεγάλου
1222 1546 1505 1600 Βασιλείου
1533 1547 1597 1600 τὺ
1627 1546 1803 1618 παρὸν

249 1634 554 1706 σύνταγμα,
583 1636 744 1706 δῆλον
769 1637 866 1706 μὲν
893 1639 988 1690 καὶ
1018 1636 1112 1690 ἀπ’
1135 1637 1302 1690 αὑτοῦ
1340 1637 1432 1690 τοῦ
1456 1638 1804 1708 χαρακτῆρος

247 1729 342 1798 τῆς
370 1729 694 1799 ὑψηγορίας,
724 1729 819 1781 τοῦ
845 1745 904 1781 τε
935 1729 1110 1792 εἴδους
1133 1731 1234 1799 τῆς
1252 1729 1508 1799 φράσεως
1525 1747 1538 1760 ·
1562 1729 1720 1800 δῆλον
1747 1730 1805 1784 δὲ

249 1822 336 1874 καὶ
360 1823 427 1873 ὲκ
462 1821 555 1874 τοῦ
584 1819 980 1891 συνεμπίπτειν
1002 1822 1122 1884 ταῖς
1146 1819 1255 1874 τῶν
1283 1819 1457 1874 ἄλλων
1489 1819 1805 1890 ἀαητικῶν

248 1913 476 1975 ὲννοίαις
491 1929 550 1964 τε
573 1912 667 1965 καὶ
691 1894 900 1977 λέξεσιν
919 1929 932 1942 ·
952 1911 1027 1974 ὡς
1059 1913 1135 1982 μὴ
1174 1911 1351 1965 δοκεῖν
1381 1929 1433 1965 τι
1460 1911 1588 1966 ἄλλο
1611 1911 1687 1981 τῷ
1713 1911 1806 1964 καὶ

252 2007 445 2074 μικρὸν
466 2003 594 2072 γοῦν
619 2005 1044 2072 ὲπεσκεμμενως
1065 2002 1554 2073 ἁναγινώσκοντι,ἢ
1579 2002 1806 2073 θάτερον

248 2099 302 2149 ἐν
321 2096 535 2166 θατέρῳ
559 2093 884 2166 διέρχεσθαι.
921 2093 1043 2145 Ὅτι
1063 2094 1118 2146 δὲ
1140 2095 1321 2147 ἐκεῖνα
1351 2093 1446 2147 τοῦ
1472 2093 1696 2160 πατρὸς,
1722 2093 1808 2157 τίς

248 2187 558 2256 ἀντερήσει,
586 2183 621 2254 ἢ
646 2183 709 2246 ὃς
746 2181 1049 2251 τυφλώττοι
1081 2182 1224 2235 κατὰ
1251 2180 1376 2234 νοῦν
1415 2180 1807 2252 ὲνεργούμενος

245 2275 340 2346 τὴν
377 2276 614 2341 κακίαν;
644 2269 810 2342 Οἶμαι
861 2272 969 2341 γάρ
1005 2290 1159 2336 τινας
1210 2273 1668 2344 δριμυττομένους
1729 2271 1807 2339 τῷ

246 2365 572 2437 ἀκριὸασμῷ
599 2367 696 2434 τῆς
727 2362 1097 2428 διδασκαλίας,
1122 2363 1526 2435 προσλαὸόντας
1575 2380 1635 2415 τε
1689 2363 1808 2415 ἐπί-

248 2473 446 2527 κουρον
478 2459 575 2526 τῆς
601 2453 888 2516 αὐθαδείας
918 2453 978 2506 τὸ
1003 2455 1176 2507 εἰπεῖν
1192 2471 1315 2507 τινα
1337 2454 1444 2506 τῶν
1472 2456 1809 2526 ἱστοριογρά-

249 2565 361 2616 φων
393 2546 470 2617 (1)
525 2545 677 2615 παρά
732 2561 876 2599 τισιν
935 2545 1376 2616 ἁμφιόάλλεσθαι
1422 2546 1809 2617 ῥιψοκινδύνως

245 2638 376 2691 νόθα
429 2635 569 2690 αὐτὰ
599 2636 762 2703 φάναι
797 2651 812 2668 ⁸
845 2637 895 2690 οἱ
924 2637 967 2688 δ’
992 2636 1144 2690 αὐτοί
1182 2654 1283 2707 μου
1304 2637 1518 2691 δοκοῦσι
1566 2639 1662 2691 καὶ
1710 2637 1807 2708 τὴν

248 2728 384 2800 πρὸς
431 2725 713 2797 Ἐϐραίους
755 2728 1067 2796 ἐπιστολὴν,
1093 2728 1194 2798 τήν
1214 2744 1273 2780 τε
1292 2728 1501 2798 Πέτρου
1528 2728 1802 2798 δευτέραν,

259 2820 509 2871 Ἰωάννου
538 2835 596 2869 τε
631 2820 730 2888 τὴν
773 2819 1157 2888 Ἀποκρίλυψιν,
1190 2819 1383 2890 ἑτέρας
1409 2837 1467 2872 τε
1514 2817 1810 2882 καθώικὰς

246 2911 385 2980 πρὸς
423 2911 821 2981 συγγράμμασι
846 2927 958 2963 τισι
991 2913 1303 2981 πατρικοῖς,
1371 2912 1558 2982 ἐπειδὴ
1608 2912 1811 2980 ὁμοίως

245 2998 703 3069 ἁμφιϐἀλλονται,
727 2999 1149 3055 ἀποϐάλλεσθαι.
1211 3000 1351 3054 Ἀλλ’
1374 3003 1422 3054 εί
1474 3003 1533 3054 τὸ
1561 3001 1813 3071 δεύτερον

248 3089 444 3153 ἀσεϐὲς
475 3131 490 3156 ,
521 3090 638 3153 πῶς
672 3090 793 3159 οὐχὶ
816 3090 911 3143 καὶ
961 3090 1013 3142 τὸ
1035 3092 1301 3164 πρότερον
1325 3133 1340 3158 ,
1382 3093 1484 3164 ἥδη
1523 3093 1813 3159 ἀποδεδεγ-

249 3180 430 3250 μένων
476 3183 626 3249 παρὰ
653 3183 719 3251 τῇ
761 3180 1057 3251 Ἐκκλησία
1116 3184 1465 3252 ἀμφοτέρων,
1526 3183 1622 3236 καὶ
1659 3184 1816 3236 οὐδα-

250 3269 369 3337 μῶς
388 3269 484 3322 τοῦ
509 3269 811 3339 ἀμφιϐόλου
840 3267 1022 3338 χώραν
1047 3269 1259 3340 ἔχοντός
1279 3273 1396 3323 ἐστι
1428 3271 1526 3341 (2).
1557 3273 1620 3324 Et
1645 3272 1702 3324 δὲ
1726 3272 1817 3325 τὸν

247 3360 510 3428 Θεολόγον
537 3363 612 3432 (5)
664 3361 738 3431 μὴ
773 3360 1223 3432 ὐπομνηματίσαι
1255 3371 1521 3434 φήσωσιν,
1559 3363 1592 3433 ἢ
1623 3364 1815 3415 ἐπιπο-

247 3448 418 3513 λαίως
451 3451 691 3518 ἀνέγνων
717 3490 730 3512 ,
762 3449 795 3520 ἢ
826 3450 1103 3515 συνιέντες
1156 3452 1546 3522 κακουργοῦσι.
1578 3451 1819 3524 Νομοθε-

252 3541 367 3594 σίαι
408 3542 518 3612 γὰρ
555 3542 834 3611 μοναστῶν
875 3543 1056 3611 ἡνίκα,
1110 3545 1305 3614 φησιν,
1337 3543 1601 3614 ἐγγραφοε
1627 3562 1687 3598 τε
1725 3546 1819 3599 καὶ

253 3633 494 3704 ἄγραφοι
533 3635 632 3704 (4).
663 3635 714 3686 τί
742 3633 922 3704 ἄλλοῆ
961 3635 1175 3699 πάντως
1201 3653 1265 3704 γε
1312 3637 1483 3690 ταῦτα
1522 3638 1819 3707 δηλοποιεί-

253 3744 345 3778 ται
366 3743 381 3792 ;
401 3726 694 3790 Ἀπόδειξις
727 3727 780 3778 δὲ
801 3727 893 3778 καὶ
919 3726 976 3792 ἐξ
1001 3730 1188 3798 ἑτέρας
1211 3728 1462 3799 θεωρίας·
1488 3729 1516 3781 ὃ
1548 3731 1653 3800 γὰρ
1677 3730 1821 3797 λέγει

254 3816 536 3878 Βασίλειος
557 3817 615 3869 ὲν
639 3819 749 3878 τοῖς
789 3818 1226 3885 Ἀσκητικοίς,τὰ
1253 3821 1372 3891 ἱερὰ
1397 3821 1695 3892 γράμματα
1717 3837 1823 3872 πα-

257 3905 331 3975 ρὰ
373 3905 483 3959 τῶν
536 3905 740 3973 γονέων
784 3906 1160 3975 μεμαθηκέναι
1190 3909 1290 3977 (ὅ),
1316 3910 1451 3978 φησὶ
1504 3910 1818 3979 Γρηγόριος,

253 3994 321 4045 τὰ
353 3993 452 4063 μὲν
490 3992 554 4062 δὴ
593 3995 806 4063 πρῶτα,
862 3998 1010 4064 παρὰ
1053 3994 1134 4066 τῷ
1181 4001 1346 4066 πατρὶ
1415 3999 1821 4068 σπαργανοῦταί

249 4101 314 4136 τε
363 4086 458 4138 καὶ
491 4085 876 4138 διαπλάττεται
909 4087 1005 4148 (6).
1036 4088 1204 4159 Εὖροι
1269 4089 1315 4141 δ’
1345 4089 1409 4143 ἄν
1463 4106 1548 4152 τις
1587 4093 1689 4152 ,καί
1731 4093 1822 4143 τὸν

252 4178 400 4229 ὅσιον
426 4178 704 4230 Θεοδόσιον
739 4179 813 4248 (7)
837 4181 970 4252 πρός
1002 4198 1142 4234 τισιν
1168 4183 1346 4244 ἄλλοις
1375 4184 1673 4254 κεχρῆσθαι
1721 4186 1820 4237 ao-

252 4270 387 4330 τοῖς,
425 4268 501 4330 ὼς
528 4268 679 4337 δηλοῖ
728 4272 757 4322 ὁ
791 4272 918 4341 περὶ
947 4271 1112 4324 αὑτοῦ
1144 4272 1274 4342 βίος.
1317 4275 1463 4345 Πρὸς
1484 4276 1603 4328 τίνα
1651 4277 1698 4329 δ’
1750 4273 1816 4329 αὖ

252 4359 365 4427 ἄρα
396 4359 621 4428 ἔμελλον
649 4359 837 4430 ἕτερον
865 4364 1148 4433 ἐπερωτᾷν
1177 4365 1244 4416 τὰ
1265 4365 1396 4418 καθ’
1436 4367 1582 4436 ἡμᾶς
1611 4367 1659 4419 οἱ
1713 4369 1819 4422 πά-

253 4449 344 4503 λαι
389 4452 802 4521 ἐπερωτηκότες
835 4453 1190 4521 μονάζοντες;
1221 4455 1253 4526 ἢ
1281 4457 1425 4518 τίνος
1447 4453 1514 4526 ἦν
1542 4459 1700 4512 ἄλλου
1759 4459 1818 4511 ὲν

254 4543 562 4615 τηλικαύτῃ
594 4543 812 4613 ἐξουσίᾳ
836 4545 1170 4612 νομοθετεῖν,
1233 4546 1330 4600 καὶ
1374 4548 1500 4616 ὅλην
1560 4548 1816 4603 ὑπόθεσιν

256 4635 532 4707 σωτηρίας
559 4635 656 4702 τὴν
677 4636 804 4704 περὶ
828 4635 964 4688 αὐτὰ
993 4636 1376 4706 πραγματείαν
1398 4639 1767 4708 συστήσασθαι
1801 4657 1816 4706 ;

255 4722 336 4785 ὡς
406 4721 533 4793 μηδ’
585 4718 723 4775 εἶναι
770 4722 944 4786 alito;
992 4724 1176 4792 σχεδὸν
1232 4724 1467 4795 βαδίζειν
1512 4729 1820 4792 ἀπταίστως

254 4814 356 4881 τὴν
384 4814 528 4866 κατὰ
577 4812 708 4865 Θεὸν
767 4814 1011 4885 πορείαν,
1043 4815 1106 4866 ἐκ
1139 4817 1239 4885 τῆς
1288 4817 1408 4869 κατ’
1462 4819 1627 4888 αὐτὴν
1678 4820 1820 4890 ὑφή-

255 4919 439 4973 γησιν.
467 4904 539 4956 Ἦ
580 4906 760 4956 τοίνυν
789 4905 953 4957 δῶσιν
1019 4906 1282 4978 ίσόρῤοπα
1315 4909 1480 4979 ἕτερα
1517 4910 1821 4980 ,Ἄσκητικὰ

255 4993 334 5058 ὡς
377 4994 602 5048 ἐκείνων
640 4995 808 5048 ὄντων
862 4996 955 5049 τοῦ
989 4997 1220 5065 μεγάλου
1251 4999 1536 5053 Βασιλέίου
1559 5014 1573 5028 ·
1615 5001 1818 5073 καίπερ

1827 1444 1878 1500 Α

2150 1429 2502 1487 THEODORI
2539 1427 2932 1485 PRIEPOSITI
2972 1426 3223 1484 STUDll.
3327 1433 3332 1438 '
3411 1443 3415 1446 ·

1974 1544 2028 1598 1.
2068 1542 2223 1610 Quod
2265 1558 2507 1613 praesens
2541 1558 2679 1612 opus
2720 1543 2900 1615 magni
2945 1540 3127 1595 Basilii
3171 1537 3468 1609 genuinum

1904 1633 2006 1701 sit,
2037 1643 2184 1704 patet
2210 1645 2323 1688 tum
2357 1649 2421 1689 ex
2453 1632 2766 1689 charactere
2801 1631 3058 1686 sublimis
3085 1627 3320 1698 eloquii,
3358 1637 3471 1681 tum

1903 1725 2067 1781 etiam
2104 1740 2172 1779 ex
2202 1739 2397 1794 genere
2438 1723 2702 1794 phraseos
2747 1743 2760 1777 :
2813 1731 3091 1792 postremo
3145 1720 3269 1773 inde
3311 1720 3477 1772 etiam

1905 1827 2147 1890 apparet,
2164 1819 2289 1886 quia
2311 1824 2580 1872 consonat
2600 1825 2918 1870 czeterorum
2949 1813 3324 1866 Asceticorum
3352 1824 3479 1864 sen-

1907 1910 2092 1964 tentiis
2119 1925 2184 1964 ac
2209 1908 2393 1965 verbis
2418 1929 2432 1965 :
2474 1910 2549 1964 ita
2583 1915 2644 1962 ut
2673 1909 2756 1964 vel
2781 1923 2970 1977 parum
3003 1916 3209 1960 attente
3239 1906 3434 1974 legenti
3459 1941 3475 1966 ,

1906 2000 2042 2054 nihil
2068 2002 2214 2056 aliud
2238 2002 2486 2057 videatur
2524 2017 2687 2071 quam
2720 2016 2886 2055 unum
2920 2000 2975 2054 in
3011 1999 3182 2053 altero
3214 1997 3476 2052 insertum

1907 2100 2223 2165 procedere.
2255 2093 2376 2149 Jam
2411 2110 2542 2149 vero
2563 2094 2710 2165 quod
2741 2094 2828 2147 illa
2862 2092 3153 2162 (Ascetica)
3196 2097 3476 2161 parentem

1907 2184 2165 2239 Basiliutn
2198 2184 2454 2246 habeant,
2477 2185 2603 2254 quis
2628 2180 2980 2248 contradicet,
3016 2181 3120 2234 nisi
3164 2180 3258 2249 qui
3291 2187 3343 2232 et
3375 2193 3478 2231 cze-

1907 2291 2006 2330 cus
2058 2275 2132 2329 sit
2177 2283 2230 2329 et
2281 2276 2548 2343 pravitate
2591 2272 2792 2327 mentis
2848 2268 3133 2326 laborans?
3166 2266 3306 2322 Puto
3329 2265 3480 2320 enim

1908 2364 2206 2419 nonnullos
2265 2364 2528 2419 doctrinae
2584 2363 2928 2419 severitatem
2991 2375 3130 2430 aegre
3194 2356 3477 2418 ferentes,

1908 2470 2128 2525 suaeque
2185 2456 2427 2511 audaciae
2477 2454 2740 2509 auxilium
2788 2454 2913 2508 inde
2965 2460 3286 2516 sumentes,
3328 2448 3481 2519 quod

1911 2547 2206 2601 historicus
2233 2546 2481 2615 quidam,
2517 2547 2585 2598 de
2615 2543 2819 2612 scripto
2850 2544 2954 2597 hoc
2981 2540 3222 2596 dubitari
3247 2539 3476 2602 dixerit,

1909 2638 2115 2693 idcirco
2163 2646 2367 2692 temere
2411 2638 2638 2690 nothum
2670 2635 3046 2705 pronuntiare.
3093 2631 3270 2686 Porro
3311 2630 3479 2685 iidem

1912 2733 1966 2786 hi
1998 2731 2252 2785 videntur
2284 2730 2448 2796 mihi,
2491 2728 2787 2799 Epistolam
2827 2743 3041 2797 quoque
3088 2728 3152 2782 ad
3186 2725 3476 2789 Hebraeos.

1912 2835 1965 2875 et
1987 2822 2136 2877 Petri
2166 2821 2480 2882 secundam,
2507 2827 2564 2874 et
2588 2817 2813 2873 Joannis
2843 2816 3237 2888 Apocalypsin,
3268 2825 3322 2871 et
3343 2815 3480 2869 alias

1912 2896 2212 2965 catholicas
2283 2924 2386 2964 nec
2467 2925 2575 2964 non
2635 2893 2857 2962 Patrum
2917 2909 3114 2976 scripta
3175 2907 3428 2962 nonnulla
3462 2946 3477 2970 ,

1914 2999 2354 3072 quandoquidem
2387 3015 2542 3070 aeque
2572 3000 2638 3054 de
2678 3000 2744 3053 iis
2774 3000 3085 3054 dubitatum
3117 2997 3220 3052 fuit
3242 3038 3256 3060 .
3285 2998 3476 3052 viden-

1916 3103 2024 3159 tur,
2044 3095 2288 3160 inquam,
2309 3092 2588 3160 rejecturi.
2612 3091 2767 3157 Quod
2792 3092 2835 3145 si
2867 3092 2973 3146 hoc
2997 3092 3228 3144 alterum
3251 3091 3477 3159 impium

1915 3193 2038 3250 est,
2091 3183 2235 3251 quod
2292 3184 2348 3236 ni
2402 3192 2454 3236 et
2493 3183 2668 3237 illud?
2718 3191 2905 3251 postea
2956 3197 3118 3251 quam
3170 3183 3284 3237 hac
3328 3196 3482 3250 mque

1917 3275 2102 3329 omnia
2139 3275 2204 3328 ab
2247 3273 2491 3329 Ecclesia
2525 3285 2742 3344 recepta
2792 3275 3046 3337 fuerunt,
3096 3274 3339 3342 nihilque
3367 3274 3480 3343 jam

1919 3365 2258 3437 amliiguitati
2315 3370 2469 3421 locus
2528 3378 2792 3435 superest.
2851 3366 3009 3433 Quod
3041 3367 3086 3420 si
3145 3365 3483 3436 Theologum

1922 3461 2110 3511 horum
2141 3459 2471 3511 mentionem
2509 3475 2615 3512 non
2661 3457 2853 3512 fecisse
2877 3459 3085 3521 dicent,
3117 3457 3151 3511 ii
3181 3459 3258 3509 vel
3292 3459 3484 3526 supine

1920 3552 2195 3620 legerunt,
2235 3561 2328 3602 aut
2369 3566 2478 3602 rem
2554 3551 2878 3618 intellectam
2934 3550 3074 3603 male
3111 3549 3481 3604 dissimulant.

1919 3641 2052 3695 Nam
2096 3657 2218 3694 cum
2259 3641 2389 3694 dicit
2433 3641 2741 3710 Theologus
2774 3641 3138 3711 legislationes
3187 3645 3485 3694 monacho-

1922 3749 2044 3788 rum
2073 3733 2303 3800 scriptas
2332 3742 2385 3786 et
2412 3747 2519 3786 non
2551 3734 2800 3802 scriptas,
2830 3735 2981 3802 quid,
3006 3747 3121 3796 oro,
3145 3733 3291 3786 aliud
3319 3748 3482 3800 quam

1924 3826 2021 3878 ltas
2047 3823 2451 3876 lucubrationes
2485 3838 2709 3891 prorsus
2741 3823 3028 3893 designat?
3067 3823 3173 3878 Sed
3207 3823 3312 3876 alia
3342 3838 3484 3892 quo-

1923 3933 2026 3984 que
2059 3918 2266 3972 ratione
2297 3917 2438 3971 idem
2467 3918 2897 3971 demonstratur.
2929 3913 3062 3970 Nam
3095 3917 3234 3985 quod
3267 3917 3343 3969 ait
3379 3915 3483 3968 Ba-

1923 4007 2076 4060 silius
2103 4008 2154 4060 in
2187 4006 2448 4061 Asccticis
2472 4046 2488 4072 ,
2529 4021 2717 4062 sacras
2757 4021 2814 4078 se
2853 4005 3059 4060 litteras
3101 4022 3129 4059 a
3172 4007 3486 4074 parentibus

1923 4099 2212 4165 didicisse;
2248 4099 2325 4153 ait
2360 4113 2487 4153 ecce
2520 4099 2813 4168 Gregorius
2859 4097 3012 4151 illum
3056 4100 3229 4167 primo
3267 4099 3484 4167 quidem

1923 4191 2065 4258 apud
2120 4201 2375 4260 parentes
2423 4190 2683 4244 infantiam
2745 4189 2917 4245 fuisse
2961 4202 3124 4259 atque
3171 4190 3484 4245 educatum.

1922 4281 2063 4347 Quin
2099 4283 2261 4335 etiam
2297 4293 2546 4336 sanctum
2586 4281 2954 4336 Theodosium
2991 4283 3361 4351 comperimus
3398 4284 3485 4336 his

1921 4373 2183 4427 Asceticis
2215 4388 2372 4427 usum
2398 4411 2412 4434 ,
2457 4381 2517 4426 ut
2560 4373 2680 4441 ejus
2724 4374 2833 4426 vita
2868 4375 3122 4428 ostendit.
3156 4372 3288 4426 Nam
3322 4387 3483 4443 quem

1922 4465 2088 4518 alium
2112 4465 2412 4518 consulturi
2439 4464 2668 4519 fuissent
2693 4463 2762 4519 de
2791 4465 2957 4519 rebus
2987 4466 3194 4519 nostris
3229 4468 3478 4519 monachi

1921 4563 2129 4607 veteres
2158 4555 2387 4609 consilia
2436 4555 2724 4623 petentes?
2779 4555 2863 4609 vel
2899 4557 3148 4624 quisnam
3188 4555 3326 4612 alius
3365 4560 3480 4626 pari

1922 4645 2266 4698 auctoritatis
2296 4646 2535 4714 pondere
2565 4646 2708 4716 leges
2739 4645 2879 4700 ferre
2917 4649 3179 4715 potuisset
3205 4688 3219 4711 ,
3271 4661 3324 4702 et
3355 4650 3483 4702 uni-

1925 4750 2136 4789 versam
2166 4736 2358 4791 salutis
2383 4752 2650 4790 summam
2685 4737 2738 4790 in
2774 4738 3084 4805 huiusmodi
3119 4747 3324 4793 statuto
3349 4755 3482 4794 con-

1928 4824 2186 4878 cludere?
2211 4835 2365 4878 extra
2398 4825 2543 4893 quod
2577 4826 2785 4879 nemini
2823 4826 2994 4880 ferme
3035 4828 3160 4881 licet
3203 4839 3373 4881 tutum
3415 4832 3480 4882 ad

1930 4915 2102 4969 Deum
2144 4917 2246 4971 iter
2271 4926 2486 4983 tenere,
2532 4918 2586 4971 id
2627 4928 2709 4973 est
2755 4919 2873 4973 sine
2918 4921 3090 4988 ipsius
3120 4922 3340 4974 ducatu.
3378 4923 3486 4974 Aut

1927 5006 2095 5076 igitur
2126 5009 2463 5072 concedant,
2511 5009 2657 5078 paris
2698 5024 2820 5064 esse
2870 5011 3126 5080 ponderis
3166 5011 3280 5067 haec
3317 5015 3485 5067 altera

1777 5123 2007 5181 NOTAE.

333 5224 410 5294 Η)
448 5222 544 5297 Est
567 5224 654 5279 hic
686 5224 1048 5293 Sozomr‘nus,
1080 5229 1218 5284 Hist.
1247 5230 1344 5285 lib.
1378 5247 1460 5297 ιιι,
1492 5231 1579 5287 14.

332 5297 407 5366 (1)
433 5294 609 5366 Vides
639 5297 864 5349 Studita?
886 5298 1151 5364 judicium
1185 5303 1251 5354 de
1301 5294 1552 5357 Ecclesia
1586 5303 1640 5357 in
1671 5303 1819 5360 desi-

261 5365 495 5434 gnandis
528 5365 984 5438 admittendisque
1010 5369 1304 5438 Scripturis
1330 5374 1611 5427 cauon‘icis
1643 5387 1827 5428 aucto-

262 5435 894 5511 ritate;_cui_sent_enti:e
917 5441 1077 5492 etiam
1108 5435 1174 5493 de
1214 5444 1516 5511 minoribus
1555 5445 1824 5511 partibus,

263 5505 407 5558 favet
438 5503 703 5584 Eusebius
733 5509 783 5558 in
813 5507 1201 5584 Qitrestionibus
1237 5511 1304 5563 ad
1335 5503 1603 5565 Marinum
1623 5553 1637 5578 ,
1680 5503 1819 5584 apud

264 5589 363 5627 nos
391 5585 428 5626 t.
455 5573 553 5644 ιν,
581 5585 719 5642 part.
759 5591 796 5639 I,
841 5595 892 5644 p.
920 5578 1045 5631 250.

336 5644 412 5722 (ξ)
449 5643 582 5722 Dicit
613 5643 1368 5722 Gregorium__Nazianzenum
1400 5667 1538 5706 orat.
1573 5653 1660 5713 45,
1699 5670 1816 5722 quae

265 5723 347 5765 est
372 5715 612 5766 funebris
640 5718 810 5768 sancti
837 5716 1014 5770 Basilii
1066 5721 1325 5784 laudatio,
1365 5723 1451 5776 ubi
1489 5741 1540 5775 ιι.
1574 5723 1642 5777 67
1675 5715 1813 5778 enu-

268 5784 924 5860 ιιιειῖιιηξβητιιιιιι-δυιιιᾞ
961 5788 1129 5843 Patris
1161 5792 1382 5860 scripta,
1427 5794 1493 5847 de
1520 5793 1810 5857 Asceticis,

271 5862 326 5903 ut
354 5855 418 5904 de
443 5853 564 5906 aliis
595 5855 797 5908 multis.
834 5858 972 5908 silet.

2004 5240 2082 5307 (4)
2113 5238 2292 5309 Verba
2323 5242 2434 5295 hac
2459 5244 2666 5296 suntin
2698 5245 2839 5299 dicta
2871 5246 3144 5309 oratione,
3173 5262 3226 5299 ιι.
3254 5248 3345 5302 54.

2002 5310 2079 5446 (ὅς
2111 5308 2166 5360 In
2200 5310 2328 5364 edit.
2368 5312 2610 5366 Garnet'ii
2649 5323 2686 5366 ι.
2712 5315 2778 5375 ll.
2809 5331 2859 5383 ι).
2885 5316 3009 5371 215.

2003 5380 2056 5441 (6
2109 5379 2268 5446 Greg.
2308 5379 2438 5437 Νη.
2480 5395 2620 5445 orat.
2647 5388 2742 5438 cit.
2775 5402 2828 5438 ιι.
2864 5387 2949 5439 12.

2003 5379 2079 5446 (6)
2109 5379 2268 5447 Greg.
2308 5379 2438 5437 Νη.
2480 5395 2620 5445 orat.
2647 5388 2742 5438 cit.
2775 5379 2828 5438 n.
2864 5387 2949 5439 12.

2002 5451 2079 5527 ρ)
2105 5451 2309 5527 Denhoc
2330 5451 2634 5527 Theodosio
2651 5454 2944 5527 Garucrius
2963 5454 3182 5527 inpranf.
3208 5470 3262 5527 p.
3297 5471 3482 5511 nxrv.

1933 5514 2135 5573 Ibidem
2164 5514 2461 5575 Garnerius
2496 5524 2634 5577 inter
2668 5534 2831 5578 testes
2853 5514 3225 5579 Aseeticoruui
3245 5529 3486 5580 nominat

1926 5592 2090 5663 etiam
2117 5589 2386 5663 studit-am
2416 5602 2683 5657 nostrum,
2720 5597 2810 5663 qui
2841 5597 2892 5647 in
2917 5595 3224 5649 laudatione
3245 5597 3487 5650 l'latoms

1925 5658 2168 5734 magistri
2202 5661 2284 5711 sui
2311 5665 2388 5731 (τι.
2415 5663 2526 5730 ‘23),
2559 5666 2629 5717 ait
2685 5658 2826 5719 hunc
2869 5671 3042 5728 sancti
3091 5664 3275 5720 Basilii
3324 5685 3484 5734 νομο-

1923 5729 2106 5803 θεσίας
2158 5728 2333 5803 legere
2357 5728 2608 5803 solitum.
2645 5736 2921 5796 Attamen,
2946 5745 3003 5789 ut
3033 5751 3193 5803 supra
3227 5728 3484 5797 diximus,

1923 5797 2152 5851 Studitze
2203 5798 2303 5857 hoc
2354 5802 2668 5860 Vaticanum
2714 5806 2988 5860 Scholium
3030 5797 3352 5861 Carnutum
3405 5812 3484 5860 la-
