3966 6438
518 344 651 410 1687
1682 337 1743 396 S.
1778 334 2167 396 THEODORI
2196 333 2535 397 STUDITA!
3600 325 3735 389 1688

512 460 797 522 Ascetica,
844 466 904 511 ut
944 455 1031 510 illa
1068 468 1189 525 quae
1214 460 1342 506 sunt
1370 451 1550 521 magni
1596 449 1779 505 Basilii
1831 466 1848 502 :
1897 455 2124 517 quan-1

2197 444 2277 500 ὧδ’
2334 445 2503 509 οὕτως
2566 444 2723 504 ἄλλος
2783 442 2870 511 εἴη
2927 440 3199 502 Basiliam;
3246 438 3336 492 διὰ
3379 437 3442 491 τὸ
3495 435 3737 489 ισοδύνα-

512 565 679 619 quam
713 562 908 617 reapse
950 524 1097 602 baud
1140 545 1286 599 aliud
1313 542 1541 614 cogitari
1578 548 1757 611 potest
1792 539 2025 594 Basilius
2052 578 2070 603 ,

2197 556 2275 592 ιον
2336 538 2432 591 τοῦ
2504 536 2813 604 πνεύματος
2868 535 2965 585 καὶ
3021 531 3115 584 τοῦ
3169 530 3519 599 φθέγματος·
3567 526 3602 595 ἢ
3660 524 3736 596 μὴ

513 618 738 712 propter
782 637 1046 709 aequalem
1081 636 1306 706 spiritus
1335 635 1740 701 verborumque
1765 631 1873 685 vim
1913 647 1928 685 :
1979 640 2075 684 aut

2197 631 2267 683 ιαὶ
2307 630 2370 683 οὐ
2411 628 2746 698 βουλόμενοι,
2794 625 3012 686 πάντως
3067 620 3452 684 καταδέξονται
3502 618 3599 671 τοῦ
3635 635 3735 685 με-

514 706 670 789 inviti
719 706 925 795 etiam,
980 731 1098 786 hac
1146 744 1271 785 esse
1314 727 1497 797 magni
1537 724 1721 779 Basilii
1760 721 2070 776 admittant.

2197 720 2337 772 ’ἀλου
2376 717 2654 770 Βασιλείου
2703 710 2863 769 εἶναι.
2923 713 3117 766 ’ἰστέον
3165 710 3225 763 δὲ
3251 710 3325 771 ὡς
3353 708 3422 761 τὰ
3454 708 3556 777 μὲν
3597 706 3736 761 ἄλλα

515 824 817 879 Sciendum
858 838 988 878 vero
1036 829 1121 878 est
1171 822 1352 891 priora
1394 819 1485 872 illa
1534 817 1641 871 dici
1692 814 2075 870 universaliter

2197 812 2240 863 τὰ
2273 808 2501 863 καθόλου
2529 808 2811 876 ἀσκητικὰ
2838 807 3051 876 εἴρηται
3073 820 3088 834 ’
3121 802 3294 856 ταῦτα
3315 801 3392 863 δὲ,
3422 799 3493 852 τὰ
3509 800 3732 869 μερικά-

513 918 791 977 Ascetica;
824 916 937 971 baic
962 924 1142 970 autem
1172 889 1545 984 particularia.
1572 908 1871 979 Oportebat
1890 914 2073 961 autem

2197 902 2279 954 65L
2300 901 2407 971 γὰρ
2432 900 2522 952 τὸν
2554 900 2845 967 λαμπτῆρα
2865 896 2958 947 τοῦ
2988 896 3195 962 κόσμου
3228 892 3363 962 πρὸς
3403 891 3525 951 ταῖς
3546 889 3734 950 ἄλλαις

514 1008 705 1061 mundi
732 1007 1059 1077 lampadem,
1075 980 1271 1076 praiter
1290 1004 1429 1059 alios
1452 1000 1823 1058 doctrinarum
1850 1010 2073 1053 suarum

2197 991 2343 1045 ιύτοῦ
2388 992 2571 1044 ἀκτῖσι
2621 990 2731 1041 τῶν
2779 985 3124 1055 διδαγμάτων
3170 982 3582 1050 καταυγάζοντα
3635 980 3734 1049 τὴν

514 1099 740 1163 radios,
784 1074 987 1171 quibus
1028 1074 1377 1154 subsolanam
1424 1094 1703 1165 regionem
1752 1090 2074 1154 collustrat,

2197 1088 2266 1156 itp’
2306 1086 2478 1156 ἥλιον,
2508 1083 2741 1152 φωτίσαι
2785 1082 2930 1151 ἡμᾶς
2957 1078 3051 1133 καὶ
3078 1078 3255 1132 τοῖσδε
3292 1078 3405 1138 τοῖς
3426 1074 3553 1129 δυσὶ
3599 1089 3733 1141 συγ-

515 1188 603 1244 ltis
640 1205 860 1262 quoque
901 1191 1166 1247 ambabus
1211 1185 1683 1244 lucubrationibus
1726 1198 1825 1238 nos
1871 1180 2074 1235 illumi-

2197 1178 2467 1249 γράμμασι
2494 1174 2592 1244 (8)-

512 1294 585 1338 na
592 1296 673 1338 re.

521 1432 3696 1478 ________________________________________________._____._

1586 1598 1727 1653 ΥΟΥ
1752 1596 1855 1651 ΕΝ
1873 1596 2125 1651 APION:
2149 1596 2244 1648 ΠΛ
2256 1594 2437 1647 ΤΡΟΣ
2459 1590 2670 1647 ΗΜΩΝ

1308 1758 1912 1849 ΘΕΟΔΩΡΟΥ
1989 1753 2215 1841 ΤΟΥ
2305 1749 2931 1839 ΣΤΟΥΔΙΤΟΥ

1049 1941 1407 1997 ΕΡΜΗΝΕΙΔ
1434 1940 1569 1993 ΤΗΣ
1590 1935 1791 1994 ΘΕΙΔΣ
1825 1931 2275 1991 ΛΕΙΤΟΥΡΓΙΔΣ
2310 1932 2447 1985 ΤΩΝ
2484 1928 3061 1987 ΠΡΟΗΓΙΑΣΜΕΝΩΝ
3094 1927 3191 2000 (9).

1226 2264 1318 2354 S.
1378 2262 1487 2349 P.
1568 2259 1683 2347 Ν.
1761 2255 2383 2350 THEODORI
2459 2258 3009 2348 STUDITJE

952 2454 1442 2519 EXPLICATIO
1512 2454 1815 2516 DIVINJE
1872 2452 2277 2514 LITURGIJE
2338 2450 3295 2532 PRESANCTIFICATOBUM.

594 2686 734 2746 Audi
780 2699 867 2740 me
886 2682 1190 2755 diligenter,
1231 2681 1328 2745 ﬁli,
1370 2680 1645 2752 quomodo
1682 2679 1881 2737 debeas
1937 2693 2124 2752 prie-1

2251 2684 2520 2737 ’Ἄκουσον
2549 2682 2613 2751 δή
2647 2698 2762 2751 μοι,
2787 2679 2996 2744 τέκνον,
3026 2682 3207 2745 καλῶς
3245 2683 3307 2736 τὸ
3359 2682 3476 2745 πῶς
3514 2684 3597 2737 δεῖ
3640 2687 3740 2756 τὴν

524 2778 986 2838 sanctiﬁcatorum
1027 2774 1191 2829 ritum
1225 2771 1450 2842 exsequi
1484 2789 1500 2827 :
1539 2786 1773 2842 namque
1808 2772 1861 2826 in
1915 2774 2087 2829 sacris

2197 2774 2290 2827 τῶν
2341 2776 2797 2844 προηγιασμένων
2820 2773 3088 2827 ἐπιτελεῖν
3115 2774 3358 2843 τελετήν.
3404 2776 3492 2828 Ἐν
3520 2779 3631 2847 γάρ
3657 2796 3740 2831 τοι

524 2865 1039 2931 aliis‘lunctionibus
1066 2872 1247 2934 aperte
1268 2872 1322 2918 et
1348 2870 1501 2917 extra
1540 2876 1757 2917 omnem
1814 2865 2087 2933 ambigui-

2197 2867 2307 2927 ταῖς,
2327 2864 2514 2926 ἄλλαις
2539 2865 2874 2935 ἱερουργίαις
2902 2866 3432 2935 ἁνακεκαλυμμένως
3461 2868 3557 2920 καὶ
3584 2872 3742 2922 ἀνεν-

528 2970 693 3016 tatem
734 2974 821 3015 res
864 2965 1052 3012 sancta
1092 2954 1366 3026 peragitur
1398 2972 1413 3010 :
1442 2954 1557 3009 haec
1604 2964 1783 3008 autem
1816 2955 1994 3009 velato
2022 2970 2087 3011 ac

2197 2954 2444 3017 Βοιάστως
2472 2956 2504 3024 ἡ
2539 2955 2815 3027 ἱερουργία
2861 2957 3181 3010 ἐπιτελεῖται
3205 2974 3222 2990 ο
3255 2958 3311 3009 ἐν
3337 2958 3394 3011 δέ
3448 2976 3511 3027 γε
3569 2963 3743 3035 ταύτῃ

527 3051 828 3123 lugubriter
867 3048 924 3103 tit
954 3065 971 3103 :
1007 3048 1242 3115 ideoque
1292 3046 1467 3115 magis
1518 3045 1747 3114 mystica
1770 3045 1825 3099 in
1875 3047 2087 3101 cunctis

527 3144 642 3201 inec
672 3138 880 3194 functio
933 3136 1135 3193 evadit.
1170 3135 1337 3205 Igitur
1374 3135 1629 3189 sacerdos
1662 3145 1855 3188 ornatu
1910 3150 2088 3189 sacer-

528 3230 692 3285 dotali
725 3231 965 3291 indutus,
1009 3228 1291 3298 trisagium
1326 3235 1497 3281 totum
1530 3227 1785 3288 recitans,
1837 3242 1937 3280 nec
1978 3242 2086 3280 non

526 3321 633 3379 diei
664 3319 983 3389 troparium,
1016 3317 1310 3387 dicensque
1341 3326 1420 3371 ter
1440 3318 1639 3372 verba:
1674 3315 1937 3383 Propitius
1957 3327 2088 3384 esto,

531 3412 691 3477 Deus,
723 3411 853 3465 mihi
887 3411 1173 3481 peccatori,
1203 3410 1503 3463 orationem
1535 3424 1750 3477 quoque
1770 3410 2093 3477 thymiama-

530 3503 599 3559 tis
627 3503 886 3567 recitatis,
932 3511 1058 3558 ante
1097 3515 1307 3558 sacram
1342 3514 1584 3555 mensam
1634 3499 1901 3563 consistit,
1956 3509 2010 3554 et
2036 3500 2090 3553 in

532 3596 754 3651 modqu
804 3594 989 3650 crucis
1041 3592 1359 3647 tburilicuns
1407 3593 1722 3657 exclamat;
1764 3606 1870 3644 non
1912 3601 2091 3644 tamen

530 3692 693 3746 verba
754 3689 1077 3744 benedictum
1124 3702 1340 3758 regnum
1399 3688 1729 3757 pronuntiat.
1775 3702 1897 3756 quae
1949 3694 2076 3742 sunt

531 3783 696 3838 veluti
759 3780 1102 3850 triumphalia
1145 3790 1198 3835 et
1258 3779 1519 3834 absoluta;
1574 3780 1917 3833 auctoritatis
1972 3795 2095 3849 pro-

534 3876 650 3945 pria
685 3890 701 3940 ;
740 3875 832 3929 sed
866 3874 1163 3927 benedictus
1221 3871 1358 3925 Deus
1398 3872 1565 3934 dicit,
1604 3882 1862 3941 tanquam
1916 3873 2093 3926 humi-

538 3969 702 4022 litatis
732 3967 988 4020 indicium
1020 3975 1074 4019 et
1104 3964 1275 4019 enixa:
1302 3963 1723 4031 deprecationis.
1756 3961 1892 4016 Tum
1931 3964 2091 4017 etiam
2120 3994 2164 4055 ε

538 4060 913 4129 propheticum
936 4058 1067 4111 illud
1092 4059 1416 4126 prooemium
1448 4072 1477 4110 a
1506 4056 1766 4113 fratribus
1810 4058 2091 4119 recitatur,

537 4160 591 4203 et
623 4153 877 4204 sacerdos
926 4164 1112 4217 preces
1145 4149 1352 4218 vesperi
1397 4148 1566 4202 dicit:
1604 4165 1710 4217 qua
1739 4158 1969 4217 utraque
2014 4149 2095 4203 di-

538 4242 719 4295 ctione
744 4240 975 4309 expleta,
1040 4239 1321 4294 collectam
1377 4240 1515 4293 elata
1547 4255 1680 4293 voce
1708 4243 1935 4311 peragit.
1973 4239 2095 4296 Sta-

539 4334 633 4386 tim
668 4346 797 4384 vero
824 4344 855 4384 a
888 4330 1089 4383 lectore
1118 4330 1384 4399 graduum
1415 4344 1625 4384 canone
1662 4330 1898 4399 incepto,
1942 4346 2096 4386 sacer

540 4431 883 4493 mystagogus
938 4419 1449 4489 quinquagesimum
1512 4419 1777 4488 psalmum
1842 4430 2095 4477 oretenus

539 4514 752 4572 recitat.
782 4520 837 4566 ct
867 4512 1370 4581 praesanctilicatum
1405 4526 1595 4580 panem
1627 4512 1679 4565 in
1720 4512 1959 4581 prothesi
2008 4522 2093 4567 to-

542 4617 653 4661 tum
713 4603 1010 4673 componit.
1063 4601 1363 4671 Statimque
1414 4603 1479 4655 ad
1535 4603 1781 4671 singulas
1832 4605 2093 4671 graduum

540 4695 883 4764 antiphonas,
944 4707 1165 4760 parvam
1204 4707 1418 4761 precem
1469 4692 1607 4746 elata
1668 4708 1801 4747 voce
1837 4694 1963 4749 dicit
2001 4706 2098 4749 :et

540 4787 668 4841 dum
720 4800 750 4837 a
789 4782 967 4851 l’salte
1012 4783 1227 4835 canitur
1262 4782 1525 4849 psalmus,
1566 4783 1678 4852 ipse
1705 4786 2095 4839 sanctuarium

545 4888 714 4930 totum
760 4891 883 4928 cum
915 4873 1114 4942 templo
1148 4873 1423 4927 thurilicat
1444 4892 1457 4928 :
1482 4874 1821 4944 cantatisque
1848 4876 2098 4945 tropariis

540 4975 665 5036 post
689 4965 879 5034 gloria,
918 4963 1173 5017 introitus
1207 4963 1323 5017 sine
1349 4966 1629 5033 evangelio
1669 4983 1791 5020 cum
1828 4968 2101 5021 thuriﬁca-

544 5060 687 5111 tione
703 5057 929 5111 dicitur:
946 5054 1201 5123 lectisque
1225 5054 1564 5115 lectionibus,
1582 5056 1773 5111 fratres
1793 5056 2101 5113 sedent.His

543 5149 789 5215 expletis,
811 5146 1066 5201 sacerdos
1086 5144 1233 5199 canit
1253 5146 1517 5213 dirigatur
1540 5185 1555 5207 ,
1584 5163 1707 5199 cum
1746 5149 1794 5199 ei
1831 5148 2100 5216 adjunctis

544 5240 851 5301 versiculis,
884 5238 1141 5293 fratribus
1185 5250 1323 5303 genu
1380 5235 1739 5301 ﬂectentibus,
1768 5241 1909 5309 quod
1936 5241 2097 5295 etiam

2188 3046 2665 3117 συνεσκιασμένως
2692 3049 2784 3099 καὶ
2809 3048 3095 3118 πενθηρῶς
3120 3065 3136 3081 ο
3175 3050 3256 3102 διὸ
3280 3052 3373 3103 καὶ
3402 3056 3744 3121 μυστικωτέ-

2187 3156 2257 3208 ρα
2284 3140 2361 3201 είς
2381 3140 2486 3191 πᾶν
2507 3140 2539 3209 ή
2566 3138 2753 3210 τελετὴ
2780 3139 3007 3207 γίνεται.
3025 3141 3213 3193 Τοίνυν
3229 3143 3257 3193 6
3275 3143 3449 3213 ἱερεὺς
3471 3144 3570 3213 τὴν
3595 3147 3745 3216 ἱερα-

2186 3231 2344 3301 τικὴν
2390 3230 2702 3299 ἐνδυόμενος
2750 3231 2959 3299 στολὴν,
2993 3233 3055 3283 τὸ
3105 3234 3385 3301 τρισάγιον
3432 3237 3747 3307 ὁλοκλήρως

2187 3319 2577 3389 φθεγγόμενος,
2608 3322 2703 3373 καὶ
2765 3321 2826 3373 τὸ
2869 3322 2968 3391 τῆς
3015 3323 3226 3391 ⁴ἡμέρας
3262 3326 3561 3395 τροπάριον
3586 3367 3601 3387 ,
3649 3331 3747 3381 σὺν

2187 3410 2266 3484 τῷ
2290 3410 2595 3475 Ἰλὰσθητί
2611 3429 2735 3479 μοι,
2764 3415 2795 3464 ό
2818 3412 2983 3478 Θεὸς,
3004 3410 3082 3477 τῷ
3098 3412 3439 3480 ἁμαρτωλῷ,
3470 3416 3747 3484 ἐπιλέγων

2188 3483 2389 3573 τ’ρίτον,
2414 3503 2507 3555 καὶ
2530 3504 2628 3573 τὴν
2651 3503 2815 3573 εὐχὴν
2834 3503 2927 3556 τοῦ
2950 3504 3293 3573 θυμιάματος
3320 3505 3491 3573 λέγων
3514 3483 3748 3561 ἐνώπιον

2188 3597 2287 3664 τῆς
2316 3594 2464 3657 θείας
2497 3594 2771 3665 τραπέζης
2801 3596 3105 3663 ἐφίσταται,
3138 3597 3232 3649 καὶ
3267 3600 3627 3669 σταυροειδῶς
3654 3602 3749 3654 Ου-

2194 3686 2333 3755 μιῶν
2380 3686 2652 3752 ἓκφωνείσ
2687 3686 2807 3755 οὐχὶ
2854 3686 2914 3738 τὸ
2951 3687 3345 3756 Εὐλογημένη
3374 3690 3412 3758 ἡ
3460 3691 3751 3756 βιισιλεΙα

2192 3778 2598 3848 ἀνακηρύττει,
2649 3778 2725 3840 ὼς
2780 3776 2937 3847 νίκης
2989 3780 3246 3843 τρόπαιον
3302 3786 3396 3835 καὶ⁵
3458 3785 3750 3850 αὖθεντίας

2194 3869 2713 3939 ἀπροσωπολήπτου,
2739 3869 2851 3921 ἀλλ’
2871 3871 3209 3938 Εὐλογητὸς
3230 3876 3264 3926 ό
3290 3874 3431 3940 Θεὸς
3463 3876 3659 3943 λέγων,
3674 3880 3751 3942 ὡς

2194 3963 2575 4029 ταπεινότητος
2627 3960 2893 4029 σύμϐολον
2922 3963 3015 4013 καὶ
3062 3964 3337 4033 ἱκετηρίας
3373 3967 3749 4038 ἀπαραθραύ-

2198 4070 2325 4106 στου
2359 4069 2373 4084 ·
2410 4053 2471 4106 τὸ
2496 4054 2552 4106 δὲ
2586 4053 2924 4122 προφητικὸν
2954 4055 3131 4105 ἐκεῖνο
3155 4056 3437 4125 προοίμιον
3464 4059 3615 4130 παρᾶ
3639 4061 3752 4114 τῶν

2192 4144 2435 4214 ἀδελφῶν
2467 4144 2818 4212 κηρύττεται,
2846 4146 2941 4197 καὶ
2968 4147 2996 4197 ὁ
3022 4147 3199 4214 ἱερεὺς
3227 4146 3325 4207 τὰς
3362 4148 3529 4217 εὐχὰς
3566 4152 3750 4205 ὲπιὶέ-

2192 4254 2281 4305 γει
2303 4236 2398 4289 τοῦ
2425 4237 2677 4305 λυχνικοῦ
2704 4253 2718 4266 '
2749 4237 2900 4300 τέλος
2928 4237 2984 4289 δὲ
3016 4238 3284 4291 κάκείνων
3313 4241 3633 4294 καὶτούτων
3654 4244 3753 4296 λα-

2194 4330 2416 4393 ϐόντων,
2444 4330 2540 4398 τὴν
2572 4327 2846 4397 συναπτὴν
2881 4329 2983 4381 σὺν
3008 4331 3072 4399 τῇ
3114 4331 3423 4399 ὲκφωνήσει
3465 4334 3749 4386 ἐπιτελεῖ·

2194 4422 2289 4474 καὶ
2314 4423 2342 4473 6
2372 4420 2601 4489 ἑτοίμως
2631 4421 2659 4473 6
2685 4418 3033 4488 ἁναγνώστης
3056 4421 3147 4472 τὸν
3168 4422 3275 4474 τῶν
3296 4422 3631 4492 ἀναϐαθμῶν
3655 4444 3754 4479 κα-

2193 4513 2321 4565 νόνα
2352 4511 2733 4579 ἐναρξάμενος,
2764 4513 2791 4563 6
2819 4512 2960 4573 θεῖος
3014 4504 3170 4575 οὗτος
3208 4516 3564 4582 μυσταγωγὸς
3590 4520 3681 4569 τὸν
3709 4524 3751 4569 ν’

2193 4602 2298 4655 ἀνὰ
2346 4602 2518 4681 στόμα
2544 4600 2776 4666 διεξιὼν,
2807 4600 2895 4651 τὸν
2925 4602 3361 4669 προηγιασθέντα
3402 4605 3568 4674 ἄρτον
3596 4610 3655 4661 ἐν
3682 4613 3749 4679 τῇ

2197 4691 2452 4763 προθέσει
2515 4691 2801 4759 διακοσμεῖ
2850 4690 3151 4753 ἀνελλιπῶς
3187 4708 3202 4723 ⁸
3266 4694 3427 4757 εὐθὺς
3472 4697 3530 4748 δὲ
3587 4702 3668 4762 εἰς
3694 4700 3754 4751 ἓν

2194 4785 2423 4837 ἕκαστον
2450 4783 2746 4849 ἀντίφωνον
2772 4781 2879 4834 τῶν
2904 4782 3110 4834 ἀναόαθ
3121 4780 3235 4851 μῶν
3256 4823 3271 4847 ,
3307 4790 3511 4856 μικρὰν
3534 4792 3756 4861 αἴτησιν

2196 4876 2431 4942 ὲκφωνεί
2450 4890 2462 4904 ·
2496 4874 2582 4925 τοῦ
2614 4874 2671 4925 δέ
2698 4889 2761 4940 γε
2792 4872 3009 4941 ψαλμοῦ
3036 4874 3185 4942 παρὰ
3217 4874 3310 4927 τοῦ
3330 4877 3550 4931 Ψάλτου
3585 4884 3754 4953 ἡχουτ

2200 4967 2387 5035 μένου,
2411 4966 2471 5017 τὸ
2494 4967 2756 5033 ἱερατεῖον
2784 4964 2902 5015 ὅλον
2933 4965 3029 5015 σὺν
3063 4965 3139 5033 τῷ
3176 4965 3288 5035 ναῷ
3313 4968 3579 5041 ἐπιθυμιᾷ
3604 4990 3620 5004 ·
3659 4977 3756 5028 καὶ

2197 5058 2305 5112 τῶν
2349 5057 2663 5126 τροπαρίων
2715 5053 3069 5123 ψαλλομένων
3104 5056 3243 5123 μετὰ
3292 5057 3407 5124 τὴν
3454 5060 3685 5130 δόξαν,
3722 5083 3757 5135 η

2198 5140 2399 5210 εἴσοδος
2432 5148 2598 5217 χωρὶς
2636 5145 2729 5199 τοῦ
2768 5147 3092 5213 Εὑαγγελίου
3136 5148 3271 5216 μετὰ
3305 5149 3570 5219 θυμιατοῦ
3600 5156 3759 5225 λέγε-

2200 5258 2291 5292 ται
2313 5279 2329 5302 ,
2362 5240 2457 5290 καὶ
2486 5238 2609 5289 τῶν
2654 5237 3092 5306 ἀναγνωσμάτων
3139 5240 3684 5311 ἀναγινωσκομένων,
3710 5251 3759 5301 οἱ

2050 5356 2278 5410 NOTAE.

624 5448 694 5517 (8)
726 5448 1061 5501 Theodorum
1095 5459 1337 5501 nostrum
1369 5448 1547 5502 Basilii
1581 5448 1795 5516 scriptis
1824 5448 1977 5500 valde
2006 5448 2101 5500 de.

550 5522 731 5574 leuari
789 5520 1006 5572 solitum
1044 5558 1058 5580 ,
1113 5521 1481 5588 puticipueque
1522 5519 1625 5571 illis
1672 5518 1804 5589 πρὸς
1849 5517 2102 5587 μονάζον-

547 5608 647 5650 «tu;
678 5627 692 5648 ,
739 5604 859 5657 qua:
911 5589 1102 5641 diurna
1156 5602 1529 5654 nocturnaque
1591 5604 1753 5641 manu
1814 5589 2097 5647 versabat,

554 5674 729 5715 moles
754 5693 763 5702 -
790 5674 918 5711 suos
968 5658 1154 5711 iisdem
1197 5658 1603 5722 conici-mando,
1658 5666 1835 5712 narrat
1871 5657 2092 5711 Michael

556 5729 851 5785 monachus
875 5730 924 5781 in
956 5728 1072 5795 ejus
1108 5727 1247 5791 Vita,
1274 5742 1388 5795 cap.
1414 5728 1494 5779 1'5.

2276 5445 2351 5512 (θ)
2383 5444 2454 5497 Dc
2508 5445 2669 5518 missa
2704 5446 3295 5518 _Praesanctiiicatorum
3349 5450 3487 5518 apud
3538 5451 3764 5509 Graecos

2207 5526 2381 5568 exstat
2442 5515 2657 5580 copiosa
2703 5513 2894 5568 Leonis
2955 5519 3130 5571 Allzttii
3183 5513 3494 5573 dissertatio
3526 5525 3577 5572 in
3611 5528 3767 5579 calce

2206 5587 2382 5647 Opetis
2419 5584 2536 5650 cjus
2584 5582 2655 5636 De
2696 5596 2943 5637 consensu
2978 5584 3116 5641 Eccl.
3156 5590 3336 5642 Occid.
3370 5607 3484 5641 cum
3528 5589 3763 5653 Οτὶεηι..

2205 5655 2290 5704 ltiti
2344 5654 2589 5718 plurimis
2641 5656 2819 5705 relatis
2869 5660 3322 5721 auctoritatibus,
3373 5660 3513 5713 hanc
3579 5671 3764 5717 tamen

2200 5724 2417 5777 Studita:
2442 5724 2880 5790 scriptiunculam
2920 5726 3192 5790 ignorasse
3224 5728 3453 5781 videtur.
