3966 6490
250 452 382 514 1689

1414 448 1511 508 DE
1547 445 2290 507 PRJESANCTIFICATIS.

3328 446 3465 512 1690

245 570 460 637 ἀδελφοὶ
491 566 824 635 ἐφιζάνουσι.
849 564 1001 617 Μετὰ
1027 564 1085 615 δὲ
1118 562 1214 633 τὴν
1234 562 1437 616 τούτων
1460 564 1791 632 συμπλήρω-

1900 562 2041 616 inter
2104 578 2297 631 preces
2348 561 2425 614 fit.
2481 560 2686 615 Etenim
2736 572 2859 630 post
2920 563 3228 617 divinorum
3288 546 3465 620 dono-

247 677 350 721 σιν,
380 659 441 711 τὸ
471 654 928 721 Κατευθυνθήτω
954 657 982 707 ὸ
1010 655 1184 725 ἱερεὺς
1212 654 1325 725 ᾄδει
1356 654 1492 721 μετὰ
1537 653 1644 705 τῶν
1671 670 1798 706 συν-

245 751 539 820 ηνωμένων
561 747 723 801 αὐτοῦ
749 747 992 816 στοίχων,
1026 746 1134 799 τῶν
1162 745 1403 813 ἀδελφῶν
1432 744 1493 797 τὸ
1524 746 1651 813 γόνυ
1682 744 1799 797 κλι-

243 844 479 909 νομένων
503 882 517 905 ,
538 842 568 894 δ
605 843 699 892 καὶ
736 842 791 891 ἐν
824 842 943 901 ταῖς
971 840 1156 909 εὐχαῖς
1184 838 1344 892 τοῦτο
1386 840 1611 907 γίνεται.
1644 838 1798 892 Μετὰ

242 936 347 1003 γὰρ
400 934 499 1004 τὴν
541 934 649 985 τῶν
682 936 840 987 θείων
871 932 1059 999 δώρων
1108 932 1428 993 είσὸδευσιν,
1455 932 1687 1001 ἑτοίμως
1737 930 1795 982 αι

242 1025 402 1094 θύραι
429 1024 838 1078 κεκλείσκονται
868 1041 882 1056 ·
919 1024 946 1075 ὁ
975 1024 1032 1077 δὲ
1082 1024 1257 1093 ἱερεὺς
1284 1022 1360 1091 τῷ
1399 1022 1661 1092 ἀνωτάτῳ
1698 1022 1797 1074 πέ-

238 1115 378 1184 πλῳ,
404 1115 432 1167 ὃ
458 1116 554 1168 καὶ
581 1115 721 1183 ἀέρα
744 1111 882 1167 οἶδεν
909 1115 937 1166 ὁ
959 1114 1111 1181 λόγος
1152 1115 1333 1165 καλεῖν
1354 1150 1369 1174 ,
1400 1114 1467 1164 τὰ
1498 1111 1645 1182 δῶρα
1672 1114 1795 1163 ἐπι-

238 1204 502 1258 καλύπτει
522 1224 536 1237 ο
572 1208 628 1258 ὲν
656 1204 714 1258 δέ
746 1221 808 1273 γε
838 1206 901 1273 τῇ
934 1204 1034 1272 τῆς
1058 1202 1314 1271 ὑψώσεως
1342 1201 1481 1272 ὥρᾳ,
1505 1202 1565 1254 οὐ
1591 1202 1689 1271 μέν
1714 1219 1794 1255 τοι

237 1298 383 1363 αῐρει
418 1296 479 1347 τὸ
513 1294 745 1359 πέπλον,
770 1295 884 1347 ἀλλ’
915 1295 1025 1348 ἀπὸ
1052 1292 1293 1346 κάτωθεν
1322 1292 1541 1354 τούτου,
1571 1293 1663 1345 τὸν
1696 1293 1794 1361 ἅρ-

235 1405 323 1440 τον
351 1386 523 1455 ὑψῶν,
562 1385 705 1451 λέγει
739 1403 753 1418 ο
786 1386 863 1440 Τὰ
902 1383 1346 1452 προηγιασμὲνα
1381 1382 1514 1451 ἄττα
1541 1399 1555 1414 ’
1583 1380 1680 1436 εἶθ’
1705 1381 1794 1434 οὖ-

232 1494 339 1539 τως
371 1478 399 1528 ὁ
434 1478 538 1546 ἀὴρ
569 1477 807 1546 αἴρεται.
848 1476 951 1528 Ἕκ
980 1492 1037 1526 τε
1055 1474 1160 1525 τῶν
1187 1472 1444 1527 τοιούτων
1474 1473 1569 1527 καὶ
1593 1474 1793 1542 ἐτέρων

235 1568 646 1637 ὑποδειγμάτων
703 1566 934 1637 μυστικὴ
989 1564 1149 1618 θυσία
1178 1564 1287 1634 (10)
1320 1566 1785 1634 ἅνακηρύττεται,

234 1659 325 1710 καὶ
354 1659 483 1729 ἄρτι
521 1658 912 1727 τετελειωμένη
948 1655 1206 1718 ὡσαύτως
1238 1656 1330 1708 καὶ
1373 1656 1790 1728 προηγιασμένη

231 1752 445 1819 τελετὴ,
466 1751 528 1803 ἔκ
548 1768 607 1803 τε
640 1752 738 1817 τῆς
765 1749 1165 1818 ἐπιφοιτήσεως
1189 1746 1282 1799 τοῦ
1314 1746 1549 1815 σταυροῦ
1570 1747 1674 1800 ’καὶ
1698 1746 1790 1799 τοῦ

230 1845 385 1910 ἁγίου
414 1844 641 1912 αἵματος
668 1842 940 1911 ἡνωμένη.
964 1837 1095 1894 Εἶτα
1116 1838 1208 1891 καὶ
1231 1839 1338 1892 τῶν
1362 1837 1604 1906 ἀδελφῶν
1634 1855 1792 1908 προσ-

231 1935 579 2001 καλουμένων
619 1932 959 2001 μεταλαϐεἰν,
991 1928 1151 1983 Μετὰ
1199 1930 1387 1997 φόϐου
1421 1930 1568 1984 Θεοῦ
1616 1931 1789 1983 λένων

230 2023 325 2075 καὶ
348 2025 609 2087 πίστεως
634 2023 729 2075 καὶ
758 2020 996 2091 ἀγάπης
1018 2038 1033 2053 ο
1056 2020 1221 2073 τύπον
1251 2022 1357 2090 ἄρα
1383 2021 1526 2074 θεῖον
1547 2024 1600 2074 ὲν
1620 2039 1791 2092 τουτῳ

229 2115 328 2183 τῆς
359 2114 513 2177 θείας
552 2114 645 2167 καὶ
672 2112 940 2175 ζωοποιοῦ
972 2112 1200 2179 Τριάδος
1243 2112 1611 2165 ὑποδεικνύων
1642 2115 1669 2163 ὁ
1706 2113 1792 2165 λόο

228 2222 321 2271 γος
347 2221 360 2234 σ
397 2205 560 2271 φόϐον
598 2205 772 2272 λέγων
797 2206 894 2273 τὴν
922 2202 1072 2255 θείαν
1101 2203 1195 2254 καὶ
1231 2203 1536 2271 ἀρχὶςξωτον
1559 2205 1651 2256 τοῦ
1681 2205 1789 2255 Πα-

226 2299 356 2366 τρὺς
412 2299 609 2359 δόξαν·
637 2296 841 2358 πίστιν.
877 2294 964 2345 τὸν
1014 2296 1276 2362 μονογενῆ
1323 2294 1415 2346 καὶ
1459 2295 1788 2364 συνάναρχθν

227 2390 402 2456 Λόγον
423 2406 437 2418 °
473 2390 690 2458 ἀγάπην
716 2388 792 2450 δὲ,
824 2386 883 2437 τὸ
914 2384 1117 2451 ἀγαθὸν
1137 2386 1233 2437 καὶ
1255 2385 1518 2451 πανάγιον
1544 2384 1785 2453 Πνεῦμα.

225 2480 375 2531 Μετὰ
411 2480 523 2549 γὰρ
547 2479 643 2548 τὴν
676 2476 780 2529 τῶν
816 2474 1060 2543 ἀδελφῶν
1093 2475 1414 2546 μετάληψιν,
1447 2476 1529 2539 τὸ,
1556 2474 1787 2541 Σῶσον,

228 2573 259 2621 o’
291 2571 463 2634 Θεὸς,
496 2568 601 2621 τὸν
620 2568 776 2620 λαόν
805 2581 947 2629 σου,
980 2566 1196 2635 λέγεται
1225 2581 1238 2594 '
1275 2566 1369 2618 καὶ
1412 2568 1788 2636 ὲπιχαράττων

223 2659 284 2711 τὸ
316 2659 464 2711 θεῖον
491 2661 714 2726 σημεῖον
746 2655 841 2708 τοῦ
868 2658 1049 2726 τιμίου
1089 2655 1347 2726 σταυροῦ,
1374 2656 1442 2708 τὰ
1484 2656 1603 2709 Οεία
1637 2656 1788 2725 δῶρα

223 2744 478 2813 οὐδαμῶς
536 2746 627 2795 ἐπὶ
682 2745 747 2813 τῇ
805 2743 925 2815 θεία
956 2746 1199 2814 τραπέζῃ
1233 2743 1787 2812 ὑποτεθειμένα,ὰλλ’

224 2837 465 2904 ἑτοίμως
519 2837 585 2904 τῇ
643 2834 897 2904 προθέσει
958 2835 1452 2905 πεπερατουμέναο
1498 2837 1597 2905 τῆς
1681 2836 1789 2905 γὰρ

226 2928 733 2995 ὑπογεγραμμένης
762 2927 947 2996 εὐχῆς,
965 2909 1114 2995 ’μετὰ
1146 2926 1247 2995 τὴν
1292 2926 1433 2979 ίδίαν
1488 2927 1788 2997 μετάληψιν

223 3018 433 3087 ταύτην
474 3017 713 3070 ἐπιτελεῖ
741 3018 769 3068 ὁ
798 3018 896 3088 τὴν
945 3017 1258 3087 ἱερουργίαν
1302 3017 1489 3069 ποιῶν.
1523 3017 1678 3069 υῦτω
1709 3034 1790 3069 σοι

225 3109 405 3173 κάγὼ,
446 3108 638 3161 τέκνον
662 3148 676 3171 ,
712 3109 1071 3178 ἐπιστάμενος
1129 3109 1442 3178 προσφέρω,
1473 3108 1656 3170 καθώς
1686 3124 1791 3177 περ

1896 668 2019 707 rum
2081 652 2581 713 introductionem,
2639 654 2821 706 statim
2868 653 3049 722 januai
3117 653 3458 709 clauduntur.

1897 743 2034 798 Tum
2097 745 2351 799 sacerdos
2397 747 2677 812 superiore
2730 759 2825 799 seu
2867 747 3071 800 extimo
3130 747 3267 812 velo,
3318 749 3460 811 quod

1894 837 2056 891 etiam
2092 852 2271 891 aerem
2312 836 2492 890 dicere
2540 837 2800 901 solemus,
2840 837 2982 890 dona
3039 839 3306 907 cooperit.
3335 836 3460 891 Ele-

1895 927 2129 981 vationis
2170 936 2349 980 autem
2407 938 2667 993 tempore,
2724 928 2865 981 haud
2901 926 3078 982 aufert
3122 931 3321 993 velum,
3360 928 3456 983 sed

1895 1017 1964 1069 ah
1996 1016 2178 1070 inﬁma
2219 1017 2379 1085 hujus
2409 1027 2585 1086 parte.
2620 1033 2813 1087 panem
2851 1020 3070 1073 elevans
3111 1020 3244 1073 dicit
3275 1038 3288 1073 :
3324 1036 3461 1089 pro:—

1893 1110 2222 1177 sanctiﬁcata
2249 1121 2453 1164 sancta.
2497 1111 2696 1165 Deinde
2726 1126 2821 1165 aer
2864 1111 3129 1166 aufertur.
3160 1114 3337 1182 Atque
3375 1114 3462 1167 his

1894 1201 2122 1270 aliisque
2155 1202 2370 1257 indiciis
2428 1205 2648 1273 mystica
2698 1204 3001 1258 immolatio
3061 1206 3456 1274 proclamatur,

1895 1298 2006 1345 tmn
2037 1291 2127 1345 illa
2157 1307 2325 1361 nuper
2359 1292 2572 1357 eﬂ‘ecta,
2626 1304 2738 1347 ttuu
2777 1303 2837 1348 et
2863 1295 2954 1348 illa
2985 1297 3462 1364 praesanctiiicata,

1892 1383 2072 1435 crucis
2102 1398 2319 1452 quoque
2358 1384 2672 1438 accessione
2710 1396 2763 1439 et
2803 1395 2994 1440 sancto
3030 1389 3301 1457 sanguine
3327 1404 3463 1443 con-

1885 1479 2093 1549 juncta.
2134 1471 2333 1527 Deinde
2361 1474 2619 1530 fratribus
2662 1477 2726 1529 ad
2768 1479 3285 1533 communicandum
3316 1480 3459 1535 invi-

1892 1564 2035 1626 tatis,
2063 1579 2181 1616 cum
2224 1566 2408 1618 timore
2445 1565 2558 1628 Dei,
2590 1567 2784 1636 inquit,
2829 1578 2881 1620 et
2918 1568 3044 1636 ﬁde,
3069 1579 3119 1623 et
3152 1570 3409 1624 charitute
3441 1586 3461 1625 :

1892 1657 2092 1725 quibus
2152 1658 2328 1712 verbis
2394 1657 2632 1712 divinam
2689 1675 2754 1715 ac
2808 1660 3075 1714 viviticam
3139 1660 3460 1717 Trinitatem

1892 1747 2433 1803 denotat:timorem
2492 1750 2769 1819 appellans
2828 1751 3069 1805 divinam
3128 1752 3461 1821 luminisqne

1894 1837 2095 1891 fontem
2126 1836 2302 1893 Patris
2334 1839 2561 1908 gloriam
2593 1855 2605 1891 :
2638 1840 2819 1903 fidem,
2850 1841 3189 1911 unigenitum
3231 1851 3285 1897 et
3319 1858 3460 1898 eoae-

1895 1939 2107 1983 ternum
2151 1929 2381 1984 Verbum
2426 1932 2787 1987 :charitatem
2857 1934 3113 2003 denique,
3176 1934 3375 1988 bonum
3408 1943 3463 1988 et

1890 2022 2295 2076 sanctissimum
2327 2021 2607 2091 Spiritum.
2646 2022 2764 2077 Jam
2798 2034 2920 2093 post
2942 2024 3171 2079 fratrum
3213 2040 3460 2079 commu-

1891 2114 2144 2177 nionem,
2201 2113 2380 2174 Salva,
2410 2114 2649 2180 Domine,
2679 2116 2930 2184 populum
2985 2127 3165 2179 tuum,
3194 2116 3395 2172 dicitur
3443 2135 3456 2170 :

1890 2204 2138 2273 factoque
2162 2205 2322 2258 simul
2354 2214 2542 2260 sancto
2581 2210 2904 2262 veneranda:
2927 2211 3107 2264 crucis
3147 2211 3303 2278 signo
3326 2249 3342 2274 ,
3371 2209 3459 2263 di-

1892 2296 2028 2348 vinis
2082 2296 2223 2349 haud
2297 2295 2404 2364 jam
2460 2295 2515 2349 in
2591 2312 2746 2351 sacra
2815 2314 3001 2353 mensa
3038 2300 3309 2368 repositis,
3360 2299 3459 2354 sed

1889 2383 2033 2437 illico
2141 2383 2197 2436 in
2260 2385 2498 2451 prothesi
2561 2397 2925 2455 consumptis,
2991 2388 3283 2441 absolvitur
3351 2400 3475 2444 tota~

1889 2474 2230 2541 subsequens
2268 2474 2445 2529 oratio
2476 2484 2598 2543 post
2628 2477 3064 2530 communionem
3100 2494 3275 2541 suam,
3300 2480 3368 2531 ab
3393 2494 3459 2531 eo

1888 2564 1979 2632 qui
2020 2565 2318 2617 sacerdotis
2375 2580 2596 2619 munere
2631 2565 2893 2635 fungitur.
2923 2566 3046 2620 llaec
3092 2582 3190 2635 ego
3216 2567 3331 2628 tibi,
3358 2566 3455 2631 fili,

1890 2656 2128 2710 SCit‘lllCl‘
2152 2670 2431 2724 pt-Opono,
2481 2658 2937 2725 quemadmodum
2990 2674 3202 2713 summe
3254 2659 3458 2728 peritos

1891 2748 2140 2802 homines
2167 2749 2276 2802 vidi
2312 2748 2593 2803 facientes.
2633 2747 2817 2817 Neque
2842 2750 2897 2804 in
2945 2750 3048 2806 hoc
3085 2752 3257 2805 solum
3289 2767 3459 2806 sacri-

1890 2841 1996 2894 ficii
2022 2856 2233 2909 genere,
2267 2857 2450 2894 verum
2472 2842 2635 2895 etiam
2662 2844 2714 2895 in
2743 2842 2865 2897 aliis
2911 2843 3130 2911 perinde
3151 2843 3229 2896 fit.
3261 2842 3459 2896 Deinde

1888 2932 2201 2986 connnunio
2234 2933 2624 3001 proclamatur,
2661 2936 3007 2988 etdonorum
3056 2936 3120 2989 ad
3163 2935 3458 3003 prothesim

1891 3024 2173 3078 translatio
2201 3065 2215 3089 ,
2266 3033 2321 3079 et
2371 3026 2761 3079 venerabilium
2794 3026 3087 3095 januarutn
3150 3027 3449 3080 clausura:

1889 3122 2111 3180 excepta
2166 3116 2321 3181 panis
2358 3113 2693 3177 elevatioue,
2727 3114 2819 3182 qui
2867 3114 3040 3182 palam
3085 3116 3342 3168 eleVatur.
3387 3112 3453 3167 Et

224 3199 320 3255 οὖν
353 3206 465 3271 ἄρα
493 3203 590 3254 καὶ
616 3203 742 3266 τοὺς
773 3203 851 3263 εἰς
897 3204 1061 3272 ἄκρον
1086 3204 1483 3273 ἐπισταμένους
1522 3202 1741 3272 ἑώρακα
1773 3216 1788 3231 '

1895 3206 2129 3274 perfecta
2178 3206 2378 3259 oblatio
2436 3206 2589 3258 initio
2638 3206 2735 3271 fit;
2767 3214 2820 3260 et
2867 3205 3205 3260 Benedictum
3244 3223 3458 3277 regnum

224 3296 283 3346 οὐ
317 3293 427 3364 μὴν
464 3292 717 3355 ἐνταῦθα,
752 3292 887 3346 ἀλλὰ
914 3291 1007 3343 καὶ
1056 3292 1113 3344 ὲν
1151 3296 1271 3356 ταῖς
1316 3294 1528 3363 ἑτέραις
1583 3294 1795 3363 ἱερουρο

223 3386 396 3451 γὶαις,
435 3384 609 3449 οὕτως
639 3387 867 3453 γίνεται.
904 3381 1035 3437 Εἶτα
1070 3386 1103 3455 ή
1143 3385 1451 3453 ὲκφὼνησις
1488 3384 1586 3453 τῆς
1636 3401 1798 3453 μετα-

1902 3304 2049 3346 tuum
2096 3303 2348 3348 cantatur
2391 3295 2497 3348 Deo
2523 3303 2751 3361 nostro;
2799 3295 2886 3349 cui
2920 3296 3091 3350 honor
3118 3312 3211 3365 per
3242 3296 3460 3352 sazcula.

1898 3386 2066 3436 Amen
2100 3384 2231 3454 (11).

225 3473 446 3545 λήψεως
473 3491 487 3510 ⁸
525 3478 619 3529 καὶ
646 3479 679 3544 ἡ
732 3474 1159 3537 ἁποκαθίστασις
1209 3475 1318 3527 τῶν
1375 3474 1562 3543 δώρων
1626 3475 1684 3525 ὲν
1734 3475 1802 3543 τῇ
1877 3473 2151 3544 προθέσει,
2184 3476 2277 3527 καὶ
2314 3475 2370 3527 αἱ
2420 3473 2655 3532 κλείσεις
2693 3474 2803 3527 τῶν
2837 3472 2994 3529 Θείων
3055 3476 3239 3530 πυλῶν
3269 3493 3283 3509 °
3306 3478 3463 3542 ἐκτὸς

231 3568 330 3637 μέν
365 3585 448 3620 τοι
473 3568 569 3635 τῆς
602 3565 861 3635 ὑψώσεως
886 3564 980 3617 τοῦ
1025 3564 1215 3634 ἄρτου,
1238 3566 1319 3617 δτι
1344 3563 1880 3632 ἀνακεκαλυμμένως
1950 3563 2203 3633 ὑψοῦται,
2271 3565 2368 3617 καὶ
2436 3567 2470 3635 ὴ
2517 3565 2699 3618 τελεία
2753 3566 3092 3638 προσκομιδὴ
3121 3570 3179 3621 ὲν
3210 3572 3277 3638 τῇ
3307 3572 3461 3641 ἀρχῇ

227 3663 444 3730 γίνεται
470 3679 496 3754 ο.
515 3664 609 3715 καὶ
634 3662 694 3715 τὸ
714 3660 1105 3731 Εὐλογημένη
1127 3662 1165 3728 ἡ
1183 3661 1490 3725 βασιλεία,
1547 3659 1980 3729 ἀνακηρύττεται
2040 3660 2117 3731 τῷ
2189 3662 2307 3731 Θεῷ
2348 3664 2379 3732 ἡ
2388 3662 2504 3733 μῶν

239 3758 438 3829 Ἀμήν.
1164 3792 1167 3793 ν

2612 3655 2657 3730 ᾧ
2707 3664 2742 3731 ἡ
2787 3662 2916 3726 δόξα
2962 3664 3043 3727 είς
3072 3665 3198 3731 τοὺς
3235 3668 3459 3734 αἰῶνας.

1730 3956 1958 4014 NOTAE.

301 4116 419 4186 (l0)
445 4112 586 4169 Cod.
626 4111 811 4186 easta.
835 4109 1103 4186 Quoniam
1145 4124 1273 4186 vero
1301 4110 1482 4186 cedes
1504 4107 1685 4163 Ottob.
1714 4124 1800 4162 re-

230 4180 595 4240 cetile'ttiattu
626 4183 872 4251 imperite
902 4181 1141 4250 scriptus
1174 4180 1295 4243 fuit,
1329 4180 1537 4251 menda
1573 4196 1794 4248 quoque

229 4258 335 4310 alia
371 4258 527 4323 plura
563 4250 749 4307 tollere
794 4253 979 4315 debui,
1037 4267 1105 4305 ne
1164 4250 1407 4320 syntaxis
1460 4250 1540 4303 vel
1601 4265 1795 4304 sensus

229 4326 478 4380 claudica
488 4332 625 4377 rent.

304 4396 419 4463 (11)
451 4393 718 4458 Quoniam
754 4391 807 4443 in
854 4390 1075 4463 Grteete
1107 4388 1285 4443 missa:
1323 4399 1643 4463 argumento
1674 4404 1795 4463 ver-

231 4460 335 4517 sati
370 4478 581 4524 sumus,
614 4465 787 4530 placet
814 4462 899 4513 hic
933 4460 1164 4513 breviter
1212 4474 1434 4511 narrare
1473 4460 1537 4530 de
1568 4460 1792 4525 picturis

1898 4110 2147 4165 monachi
2178 4111 2366 4179 grandi
2399 4112 2674 4168 schemate
2707 4113 2877 4168 induti
2896 4114 3018 4168 cu'm
3036 4115 3266 4170 cucullis
3289 4130 3455 4171 crure

1896 4182 2165 4253 signatis;
2192 4192 2244 4234 et
2281 4184 2498 4253 quidem
2535 4185 2809 4245 tnnnachi,
2866 4185 3062 4239 decere
3089 4195 3140 4239 et
3192 4187 3455 4253 gravitate

1895 4252 2193 4318 ctnispicui,
2218 4257 2269 4304 in
2301 4253 2383 4306 his
2414 4252 2657 4320 picturis.
2689 4254 2928 4321 ipsorum
2958 4255 3109 4322 jussu
3138 4252 3231 4309 aut
3264 4271 3451 4323 opt-ra,

1894 4328 1954 4371 ut
1986 4332 2132 4388 puto,
2168 4324 2479 4383 elaboratis,
2522 4339 2797 4388 nunquam
2833 4328 3042 4377 desunt.
3082 4324 3146 4377 ΙΙ.
3183 4325 3453 4381 Diarouus

1893 4405 2015 4442 eum
2047 4399 2265 4444 tonsura
2300 4392 2560 4454 clericali,
2616 4394 2876 4447 ssiehario
2926 4394 3166 4454 indutus.
3207 4396 3449 4448 orarium

1897 4464 2208 4531 seu_stoiam
2243 4462 2414 4513 tribus
2450 4463 2631 4530 digitis
2662 4471 2850 4515 tenens
2877 4463 2965 4531 (de
2994 4480 3097 4531 qua
3131 4481 3187 4517 re
3216 4465 3450 4518 Goarius

230 4508 908 4602 Eii};defiuiiiu'é'fodinis;
933 4508 1081 4581 Quia
1112 4508 1612 4602 tneposteaoblat'a
1636 4543 1791 4602 occa-
1825 4508 1866 4559 ί)
1897 4530 1948 4602 i_n
1987 4526 2268 4599 Euchalog.
2326 4508 2670 4602 p.735)Dante
2717 4508 3225 4602 bemaiisjanuam,
3279 4534 3450 4601 βημά-

232 4597 389 4656 sione
416 4602 715 4669 vnlgandis,
751 4608 1158 4652 sacrosanctum
1201 4599 1340 4669 hunc
1382 4598 1544 4669 ritum
1596 4597 1794 4666 (missae

233 4685 420 4725 tamen
448 4668 774 4727 communis.
800 4683 905 4721 non
944 4668 1560 4736 prtesauctiticatorum).
1595 4682 1792 4733 reptas--

234 4743 586 4795 sentanlilms
617 4757 631 4804 ;
663 4740 861 4807 quibus
894 4735 993 4805 ego
1030 4738 1161 4788 nihil
1192 4735 1303 4789 fere
1328 4736 1431 4788 vidi
1470 4737 1791 4807 elegantius,

232 4821 329 4865 aut
364 4810 642 4863 floridiore
671 4804 912 4862 colorum
935 4804 1103 4875 gratia
1132 4807 1447 4873 jucundius,
1479 4806 1616 4875 inter
1643 4804 1794 4875 Gras-

232 4899 313 4934 cze
376 4880 607 4946 liturgiaa
654 4874 1022 4931 monumenta.
1076 4876 1245 4942 Igitur
1303 4878 1509 4943 pictura
1563 4874 1606 4927 Ι.
1660 4874 1790 4928 Pars

231 4951 411 5003 Graeci
470 4950 651 5015 templi
685 4948 855 5000 sacris
912 4947 1155 4999 iconihus
1195 4947 1461 5008 exornati,
1491 4954 1616 4996 ante
1656 4960 1793 5012 quas

233 5019 519 5088 lampades
570 5017 823 5085 pendent.
863 5015 920 5088 In
962 5016 1138 5088 medio
1174 5015 1422 5088 thronus,
1461 5016 1510 5065 in
1552 5029 1659 5088 quo
1711 5030 1793 5088 re-

231 5084 379 5142 sidet
407 5084 632 5141 sanctus
680 5085 973 5153 Gregorius
999 5084 1278 5152 theologus
1310 5085 1684 5150 episeopaliter
1712 5084 1793 5135 in-

232 5161 429 5223 dutus,
466 5156 517 5209 id
542 5170 618 5209 est
639 5155 888 5223 phelonio
904 5154 1154 5207 crucibus
1185 5154 1541 5223 interstincto.
1569 5162 1621 5204 et
1642 5168 1793 5204 mno-

233 5221 435 5295 plnin'io
482 5242 581 5288 seu,
621 5221 802 5293 pallio,
846 5224 1040 5276 librum
1078 5231 1422 5295 tenens,_et.
1470 5222 1793 5295 benedicens

233 5291 270 5350 ὶι
289 5301 433 5349 ibus.
461 5291 648 5349 Graeco
670 5309 848 5357 more,
873 5294 1026 5347 elatis
1058 5292 1261 5361 digitis,
1282 5292 1330 5344 id
1359 5300 1441 5344 est
1464 5291 1655 5359 ψηφῖδι
1687 5291 1792 5343 τῶν

230 5367 541 5427 δακτύλων,
568 5374 631 5417 ut’
657 5365 895 5432 loquitur
927 5370 1144 5416 sant-tus
1188 5362 1521 5428 Sophronias
1546 5378 1595 5428 p.
1616 5361 1703 5432 (Π,
1736 5363 1789 5413 in

230 5437 454 5502 egregio
491 5450 591 5487 suo
616 5430 1017 5502 Commentario
1042 5433 1286 5499 liturgico
1322 5446 1359 5502 ιι
1386 5430 1712 5502 nobis_edito
1739 5432 1790 5482 in

232 5498 432 5573 Spicii.
470 5504 621 5557 Rom.
652 5514 799 5556 ιυιιιο
825 5500 910 5555 ιν.
946 5501 1111 5573 Datus
1133 5498 1309 5573 autem
1352 5501 1501 5573 locus
1535 5498 1793 5573 Gregorio

232 5570 285 5627 in
324 5578 426 5627 hac
460 5576 635 5642 prima
690 5574 893 5640 pictura
938 5572 1058 5633 fuit,
1106 5571 1231 5635 quia
1271 5571 1319 5622 is
1350 5571 1589 5642 unius_e
1621 5570 1792 5642 sacris

231 5636 473 5709 lit-trgiis
504 5636 813 5699 auctor'est,
842 5657 1002 5708 quam
1035 5642 1293 5691 habemus
1330 5640 1470 5705 apud
1507 5636 1791 5691 Renaudo-

228 5707 439 5767 tiunt‘t.
473 5716 514 5764 Ι.
543 5712 629 5781 (Et
656 5707 870 5781 quidem
904 5710 998 5781 ibi
1053 5712 1103 5761 in
1152 5711 1369 5781 Disscrt.
1409 5726 1459 5775 p.
1482 5722 1633 5781 sunt
1672 5724 1794 5781 pro-

230 5784 405 5837 fertur
441 5777 560 5851 ejus
582 5777 768 5833 titulus
795 5800 807 5832 :
854 5779 916 5831 Ἠ
940 5779 1056 5851 θεία
1082 5778 1386 5851 λειτουργία
1414 5777 1507 5851 τοῦ
1526 5780 1581 5828 ἐν
1614 5778 1787 5844 ἁγίοις

231 5851 446 5919 [ἰατρὸς
471 5845 485 5851 ⁷
513 5851 668 5917 ημῶν
730 5849 1024 5920 Γρηγορίου
1063 5848 1363 5914 mal/iraa.)
1425 5845 1787 5901 Circumstant.

1895 4598 2297 4671 Dupov,icauens
2330 4618 2342 4651 :
2376 4601 2463 4652 Ἐν
2493 4602 2685 4671 είρήνῃ
2714 4601 2829 4667 Θεῴ
2849 4601 3147 4671 δεηθῶμεν.
3169 4598 3451 4656 Cattecilos

1894 4668 2123 4720 bematis
2162 4678 2356 4721 ornant
2387 4668 2718 4735 pervenusiie
2776 4668 3039 4738 imagines
3068 4670 3215 4733 ιιι-εει,
3248 4672 3446 4732 Mat-he.

1893 4748 1946 4789 et
1971 4738 2325 4811 Prmcursoris
2353 4739 2442 4811 ςιιω
2470 4741 2626 4811 cujus
2656 4742 2887 4811 imagine
2932 4742 2983 4792 in
3029 4744 3203 4794 missae
3236 4741 3450 4811 ἐνάρξει

1894 4806 2135 4873 praeferri
2162 4809 2318 4861 solita
2347 4807 2683 4876 Sophronius
2717 4806 2868 4875 p.39
2892 4814 2929 4872 ),
2963 4814 3087 4862 item
3124 4806 3449 4864 Christi'se-

1896 4878 2205 4943 poltura,rt
2227 4894 2359 4931 crux
2390 4878 2634 4945 insignis.
2695 4877 2834 4931 Infra
2881 4878 3105 4932 Michael
3160 4880 3450 4948 areimuge-

1896 4948 1979 5017 lus
2022 4948 2278 4999 loricatus
2336 4961 2389 4999 et
2440 4948 2831 5017 chlamydatus,
2870 4965 3076 5000 necnon
3134 4949 3449 5002 monasterii

1895 5016 2061 5067 abbas
2110 5019 2291 5086 senior
2352 5018 2404 5068 in
2454 5018 2579 5069 sella
2625 5016 2751 5070 rum
2790 5033 2950 5071 cruce
2997 5019 3063 5071 de
3111 5020 3250 5071 collo
3312 5035 3446 5086 pen-

1893 5086 2070 5137 dente.
2114 5084 2201 5140 lll.
2238 5085 2445 5139 Rursus
2481 5087 2685 5140 nobiles
2713 5088 2931 5153 picturae
2961 5089 3012 5139 in
3051 5089 3275 5140 hetuatis
3314 5084 3451 5154 καγ-

1894 5155 2119 5225 κέ>.λοις.
2149 5154 2287 5207 lnfra
2321 5155 2572 5209 sacerdos
2590 5172 2710 5208 cum
2742 5157 2993 5225 phelonio
3026 5157 3191 5209 rubro
3226 5157 3313 5222 (de
3342 5172 3451 5224 quo

1896 5224 2165 5293 fophron.
2209 5242 2255 5292 p.
2289 5225 2392 5288 56)
2431 5227 2494 5277 ad
2544 5224 2764 5279 missam
2820 5228 3112 5293 procedens
3159 5243 3281 5277 cum
3315 5226 3452 5279 libro

1896 5291 2191 5361 Evangelii,
2212 5291 2609 5347 t-ornritatitilitts
2638 5291 2868 5347 diacono
2889 5307 2943 5347 et
2967 5298 3301 5349 subdiacono
3325 5311 3449 5347 cum

1893 5365 2102 5426 cereis;
2139 5380 2361 5429 prorsus
2392 5374 2449 5416 ut
2472 5370 2545 5416 ait
2576 5362 2910 5431 Sophronins
2947 5380 2997 5432 p.
3022 5366 3090 5417 42
3119 5383 3133 5419 :
3181 5366 3237 5415 ὐ
3274 5366 3451 5432 ἱερεὺς

1893 5433 2168 5499 ἐξέρχεται
2222 5434 2499 5500 βαστάζων
2541 5434 2600 5485 τὸ
2636 5435 2971 5501 εὐαγγέλιον,
3006 5435 3078 5495 ὼς
3119 5436 3147 5486 ὁ
3219 5434 3452 5501 Χριστὸς

1892 5503 1987 5573 τὸν
2007 5504 2253 5571 σταυρόν.
2286 5504 2364 5554 Τὰ
2396 5502 2561 5571 κηρία
2600 5504 2920 5570 ὀψικεύοντα
2952 5507 3008 5555 ἐν
3038 5508 3100 5573 τῇ
3128 5505 3315 5571 εἰσόδῳ
3342 5504 3451 5557 δειτ

1894 5570 2114 5623 κνύουςι
2144 5574 2201 5623 τὸ
2223 5574 2362 5623 θεῖον
2393 5570 2524 5638 φῶς.
2544 5573 2606 5625 Et
2638 5575 2849 5640 quidem
2881 5586 2991 5626 tttm
3030 5570 3217 5625 in'hac
3254 5570 3362 5626 tum
3397 5591 3453 5626 ιιι

1892 5652 2039 5693 sexta
2061 5643 2265 5707 pictura
2286 5652 2524 5709 gestator
2542 5646 2792 5696 sacerdos
2807 5649 2872 5694 ab
2888 5645 3113 5711 angelis,
3131 5646 3257 5695 dum
3280 5644 3456 5694 laertia-

1895 5712 1958 5790 ti_s
1993 5711 2214 5790 januatn
2243 5711 2536 5790 ingreditur
2578 5712 2661 5790 vel
2723 5713 2845 5790 inde
2880 5715 3171 5790 egreditur.
3210 5713 3453 5790 [Varoque

1896 5780 2032 5853 idem
2054 5779 2389 5853 Sophronias
2420 5782 2493 5835 ait
2528 5782 2692 5849 p.45:
2726 5782 2784 5853 Ὁ
2805 5779 2979 5850 ἱερεὺς
3005 5785 3063 5835 ἐν
3087 5781 3456 5853 τᾷιέυνθρέῖιῳ

1896 5848 2289 5918 βασταζόμενος
2318 5852 2421 5905 ὑπὸ
2454 5848 2712 5906 διακόνων
2748 5852 2822 5915 ὼς
2857 5848 3227 5920 ἅγγὲλων.Ἐι
3248 5848 3407 5922 p.32
3429 5848 3452 5906 ἰ
