3966 6476
283 419 416 481 1693

1443 441 1896 506 CATECHESIS
1921 445 2317 512 CHRONICA.

3349 458 3481 522 1694

279 548 3448 616 mw

1347 713 1480 769 ΤΟΥ
1508 720 1610 772 ΕΝ
1628 719 1890 778 ΑΓιοιΣ
1915 726 2011 777 ΠΛ
2025 726 2197 779 ΤΡΟΣ
2221 727 2434 782 ΗΜΩΝ

852 885 1644 1002 ΘΕΟΔΩΡΟΥ
1723 890 2020 1006 ΤΟΥ
2075 879 2897 1014 ΣΤΟΥΔΙΤΟΥ

481 1111 1136 1202 ΔΙΔΑΣΚΑΛΙΑ
1197 1111 1694 1201 ΧΡΟΝῚΚΗ
1730 1114 1944 1199 ΤΗΣ
1979 1118 2361 1204 ΜΟΝΗΣ
2409 1122 2633 1207 ΤΟΥ
2686 1123 3264 1211 ΣΤΟΥΔΙΟΥ.

512 1301 729 1370 (ηολλαὶ
753 1301 861 1372 γὰρ
892 1301 1225 1373 κατηχήσεις
1256 1299 1362 1352 είσὶ
1389 1296 1482 1351 τοῦ
1510 1297 1807 1365 Στουδίτου,
1841 1299 1952 1353 ἀλλ’
1988 1299 2124 1372 αῦτη
2155 1302 2369 1372 λέγεται
2401 1305 2749 1378 Κατήχησις
2776 1309 3025 1380 χρονική
3050 1310 3212 1383 [12].)

786 1548 907 1659 S.
992 1552 1119 1661 P.
1210 1550 1354 1659 N.
1449 1548 2180 1663 THEODORI
2283 1550 2949 1667 STUDITIE

562 1745 1160 1838 DOCTBINA
1231 1748 1836 1841 CHRONICA
1909 1750 2644 1842 MONASTERII
2720 1754 3166 1844 STUDII.

646 1939 727 1998 (Et
750 1940 934 1995 multa:
961 1941 1177 2012 quidem
1211 1950 1340 1997 sunt
1369 1941 1597 1997 Studitae
1627 1941 1958 2008 catecheses,
1984 1943 2078 1998 sed
2112 1944 2224 1998 haec
2252 1943 2448 1998 dicitur
2475 1941 2767 1999 Catechesis
2797 1943 3090 2014 chronica.)

332 2228 402 2263 α.
446 2209 687 2286 ’Δδελφοὶ
716 2210 811 2263 καὶ
853 2211 1128 2284 ῙΙατέρες,
1178 2213 1274 2268 νῦν
1330 2215 1586 2284 ἐπιχειρῶ
1646 2218 1809 2270 πᾶσιν

1982 2216 2033 2272 1.
2075 2215 2292 2273 Fratres
2321 2218 2426 2272 mei
2459 2234 2524 2272 ac
2569 2217 2772 2273 Patres.
2825 2219 2978 2274 Nunc
3001 2224 3282 2293 aggredior
3317 2224 3472 2278 vobis

271 2303 399 2370 ὑμῖν
424 2305 532 2365 τοῖς
562 2303 801 2356 ἐθέλουσι
835 2303 1021 2372 βιῶναι
1047 2305 1220 2376 ὀρθῶς
1248 2309 1339 2359 καὶ
1368 2307 1650 2375 Θεοφιλῶς,
1687 2310 1815 2379 ἀρι-

267 2393 532 2462 δηλότατα
575 2396 867 2463 ὑποδεῖξαι,
905 2399 979 2460 ὠς
1008 2400 1244 2466 ἐφικτὸν,
1277 2401 1335 2452 τὸ
1366 2401 1479 2464 πῶς
1507 2402 1585 2454 δεῖ
1630 2407 1814 2473 τηρεῖν

263 2487 363 2552 τὴν
395 2486 782 2557 κυκλοτερικὴν
811 2488 903 2541 τοῦ
942 2490 1130 2560 χρόνου
1158 2493 1400 2561 περίοδον
1419 2510 1431 2522 ⁸
1450 2493 1572 2546 ὅσον
1604 2494 1658 2546 δὲ
1681 2496 1815 2564 πρὸς

262 2576 540 2629 εὐσέϐειαν
568 2577 676 2630 τῶν
697 2579 1029 2641 mercimoni.
1056 2582 1177 2633 ὅσον
1211 2583 1345 2652 πρὸς
1374 2581 1685 2654 ἀνατροπὴν
1708 2586 1815 2640 τῶν

260 2667 568 2736 αἱρετικῶν.
589 2668 767 2720 Καλὸν
789 2669 846 2720 τὸ
888 2670 1039 2732 ἃλας,
1060 2670 1220 2724 καλὸν
1255 2673 1314 2724 τὺ
1342 2673 1488 2740 φῶς·
1525 2676 1572 2727 εἰ
1630 2675 1685 2726 δέ
1734 2693 1814 2738 τις

259 2755 414 2817 ἐκτὸς
450 2756 651 2807 τούτων
687 2758 884 2825 τυφλὸς
927 2757 1035 2822 ὢν,
1069 2760 1162 2812 καὶ
1189 2762 1287 2814 οὑκ
1321 2757 1427 2814 οἶδε
1456 2763 1554 2814 ποῦ
1586 2765 1811 2832 ὑπάγει,

260 2848 442 2909 καθὼς
458 2851 485 2900 ὁ
503 2849 767 2919 ἡμέτερος
792 2850 990 2919 Κύριος
1010 2848 1178 2906 εἶπεν.
1211 2854 1540 2923 ὈρΟοδοξίας
1559 2857 1656 2924 μὲν
1670 2855 1814 2910 οἷκον

257 2940 608 3010 οἰκοδομῆσαι
660 2942 950 3011 ἐπιχειρῶν
970 2983 984 3006 ,
1013 2943 1258 3013 Οεμέλιον
1291 2946 1534 2998 ἄσειστον
1573 2947 1813 3016 ὲμπῆξαι

256 3029 385 3094 δέει,
422 3033 484 3081 ὲκ
539 3030 643 3082 τῶν
670 3029 828 3082 Θείων
887 3033 1216 3097 ἀποστόλων,
1253 3035 1347 3086 καὶ
1385 3030 1494 3086 τῶν
1538 3035 1813 3105 Θεοφόρων

255 3121 515 3191 Πατέρων
581 3123 691 3183 τοῖς
749 3122 1096 3190 παραδοθεῐσι
1153 3126 1382 3176 κανόσι·
1445 3126 1538 3178 καὶ
1596 3129 1700 3196 πρό
1749 3145 1812 3195 γε

257 3213 474 3264 πάντων
509 3212 736 3280 εἴδωμεν
774 3213 872 3277 ἂν,
901 3214 952 3264 τί
996 3214 1052 3266 τὸ
1085 3215 1223 3283 ἱερὸν
1261 3214 1437 3281 λόγιον
1470 3217 1688 3287 ἔφησεν.
1713 3219 1813 3271 Λέ-

253 3319 339 3368 γει
375 3302 472 3370 μὲν
508 3304 675 3354 πάλαι
702 3305 730 3354 ὁ
771 3303 970 3374 Κύριος
1021 3307 1154 3374 πρὸς
1202 3307 1294 3358 τὸν
1327 3310 1643 3378 ἱεροφάντην
1683 3312 1812 3364 Μω-

256 3391 354 3442 ηὲα
382 3407 394 3420 ·
434 3409 453 3440 ι
493 3391 652 3461 Τρεῖς
683 3395 907 3462 καιροὺς
946 3393 1039 3445 τοῦ
1076 3394 1322 3452 ἐνιαυτοῦ
1374 3398 1644 3464 φυλάξατε-Ξ
1698 3416 1806 3466 μοι,

255 3482 724 3551 νηστείανάγίαν,
759 3485 864 3536 ἀπὸ
905 3485 1099 3554 μικροῦ
1152 3487 1254 3548 ἓως
1301 3488 1536 3561 μεγάλου
1593 3488 1744 3557 ὑμῶν
1787 3505 1800 3519 ⁸

253 3577 351 3644 τὴν
403 3575 593 3644 ἑορτὴν
656 3574 765 3628 τῶν
823 3575 1044 3644 ἀζύμων
1072 3575 1149 3645 τῷ
1178 3576 1377 3646 πρώτῳ
1408 3559 1559 3647 μηνὶ,
1593 3581 1802 3649 ἡμέρας
1839 3559 1877 3612 Β

254 3663 395 3716 ἑπτὰ
449 3665 817 3718 ταπεινώσατε
859 3667 957 3728 τὰς
1007 3666 1182 3736 ψυχὰς
1248 3668 1437 3736 ὑμῶν,
1496 3670 1589 3722 καὶ
1642 3671 1806 3739 ἄρτον

255 3755 549 3819 κακώσεως
575 3756 758 3809 ἕδεσθε
779 3773 794 3788 δ
836 3753 953 3809 εἶτα
982 3758 1376 3828 ἀριῧμὴσονται
1419 3760 1546 3830 ὑμῖν
1577 3762 1810 3831 ἑϐδομά-

251 3845 342 3908 δες
369 3847 527 3907 ἑπτὰ,
559 3846 847 3917 ὁλόκληραι
877 3848 1079 3916 ἡμέραι
1111 3852 1444 3919 πεντήκοντα
1470 3891 1485 3914 ,
1518 3852 1611 3904 καὶ
1646 3852 1806 3903 καλέ-

254 3953 382 3989 σατε
411 3937 578 4006 αὐτὴν
640 3934 856 4007 κλητὴν
874 3939 1035 4003 ἁγίαν
1082 3940 1291 4008 ἡμέραν
1317 3941 1567 4009 νηστείαν
1593 3942 1803 4010 δεκτήν.

251 4029 364 4081 Καὶ
390 4031 456 4099 τῇ
509 4029 710 4102 δεκάτῃ
753 4037 793 4082 ε’
837 4031 1127 4099 μεσοῦντος
1190 4032 1283 4083 τοῦ
1349 4035 1616 4097 ἐνιαυτοῦ,
1647 4035 1806 4103 ἑορτὴ

253 4120 382 4187 ἁγία
429 4121 769 4188 σκηνοπηγία
797 4121 948 4174 ἔσται
982 4123 1108 4191 ὑμῖν
1132 4131 1138 4136 ’
1162 4122 1256 4174 καὶ
1293 4123 1651 4174 ταπεινώσετε
1708 4123 1805 4184 τὰς

252 4211 429 4280 ψυχὰς
484 4210 714 4263 ἐνώπιον
762 4210 854 4263 τοῦ
910 4211 1043 4263 Θεοῦ
1101 4212 1255 4281 ὑμῶν
1285 4229 1300 4243 ο
1332 4215 1421 4264 καὶ
1462 4215 1609 4265 πᾶσα
1657 4214 1802 4284 ψυχὴ

250 4301 459 4372 ἦτιςόὐ
489 4300 991 4377 ταπεινωθήσεται,
1018 4302 1524 4373 ὲξολοθρευθήσεται
1559 4305 1620 4367 ὲξ
1654 4305 1681 4354 ὑ
1693 4305 1805 4372 μῶν

251 4393 449 4446 αὐτῶν.
493 4410 511 4442 ι
561 4392 857 4454 Ἐντεῦθεν,
887 4393 961 4455 ὡς
997 4393 1191 4457 ἔοικεν,
1225 4395 1316 4448 καὶ
1346 4396 1474 4464 παρ’
1506 4397 1637 4464 ἡμῖν
1656 4397 1805 4463 τρεῖς

253 4485 495 4551 νηστείαι
555 4483 930 4549 φυλάττονται,
961 4483 1026 4547 ἃς
1086 4485 1421 4553 προετύπουν
1451 4487 1633 4553 ἑορταὶ
1667 4488 1808 4537 ἐκεῖ·

252 4591 361 4628 ναι.
389 4573 460 4627 Τί
478 4572 524 4625 δ’
555 4575 618 4625 ἂν
645 4573 890 4642 βούλεται
913 4577 970 4626 ὲν
993 4576 1141 4644 ἡμῖν,
1171 4575 1407 4642 ἀδελφοὶ,
1429 4577 1489 4628 τὸ
1508 4577 1665 4644 Τρεῖς
1688 4593 1807 4627 και-

257 4667 384 4735 ροὺς
415 4665 508 4718 τοῦ
531 4665 778 4717 ἐνιαυτοῦ
801 4665 1071 4733 φυλάξατε
1092 4684 1192 4738 ,μοι
1231 4670 1482 4736 νηστείαν
1516 4667 1674 4734 ἁγίαν
1699 4667 1805 4719 ἀπὸ

256 4757 450 4827 μικροῦ
488 4757 591 4817 ἕως
644 4757 880 4825 μεγάλου
933 4757 1086 4825 ὑμῶν
1109 4774 1124 4822 ;
1151 4757 1317 4820 τύπος
1340 4759 1382 4808 δ’
1419 4758 1505 4821 ἂν,
1540 4760 1614 4818 ὡς
1649 4754 1805 4825 οἶμαι

255 4850 558 4919 ἀκραιφνὴς
593 4849 677 4918 εἴη
701 4848 861 4901 τοῦτο
891 4849 990 4917 τῆς
1011 4850 1147 4917 μιᾶς
1186 4852 1279 4902 καὶ
1313 4852 1475 4919 μόνης
1526 4849 1803 4918 θεότητος,

254 4942 350 4993 καὶ
377 4944 434 4995 ὲν
458 4942 606 5010 τρισὶ
639 4942 1013 5012 χαρακτῆρσιν
1037 4943 1316 5012 ὁρωμένης
1344 4959 1403 4993 τε
1435 4943 1529 4994 καὶ
1555 4942 1809 5010 λατρευο-

257 5033 423 5101 μένης
477 5036 604 5100 παρ’
629 5033 784 5102 ἡμῶν
815 5037 926 5086 τῶν
960 5037 1056 5103 τῆς
1090 5036 1343 5102 ἀληθείαις
1398 5032 1804 5102 προσκυνητῶν.

253 5119 346 5170 Διὸ
364 5122 509 5190 τρεῖς
532 5124 658 5188 παρ’
675 5124 805 5190 ἡμῖν
830 5126 1069 5190 νηστεῖαι
1083 5124 1522 5193 νενομοθέτηνται
1545 5124 1621 5184 είς
1640 5123 1805 5174 τύπον

253 5213 354 5282 τῆς
391 5214 852 5284 ζωαρμχικωτάτης
881 5217 1107 5284 Τριάδος
1139 5217 1202 5267 ἐκ
1232 5217 1338 5267 τῶν
1368 5217 1522 5268 Θείων
1548 5215 1802 5283 μαθητῶν

253 5301 348 5356 τοῦ
381 5303 702 5374 μονογενοῦς
736 5304 865 5357 Υίοῦ
890 5305 984 5356 τοῦ
1023 5305 1154 5357 Θεοῦ
1192 5305 1301 5376 (15)
1330 5320 1344 5335 ⁸
1380 5307 1470 5358 καὶ
1497 5301 1562 5358 αὖ
1599 5306 1801 5376 ἡμέραι

329 5457 350 5492 ⁸
385 5457 555 5513 Exod.
585 5475 755 5525 xxut;
789 5459 941 5515 Deut.
981 5476 1088 5515 xvu.

1917 2309 2170 2362 omnibus
2222 2319 2362 2362 recte
2399 2319 2452 2363 et
2494 2310 2742 2376 religiose
2775 2312 2954 2366 vivere
2975 2314 3304 2380 volentibus,
3338 2332 3469 2384 per—

1916 2399 2101 2466 spicue
2155 2407 2322 2466 prout
2373 2400 2486 2452 ﬁcri
2524 2403 2723 2468 poterit
2770 2402 3164 2467 demonstrare,
3195 2409 3471 2474 quomodo

1915 2489 2248 2540 observanda
2285 2485 2354 2541 sit
2383 2489 2664 2542 circularis
2689 2491 2813 2542 anni
2856 2493 3128 2560 periodus,
3169 2503 3280 2548 tum
3325 2496 3468 2563 quo‘d

1915 2579 2107 2632 attinet
2157 2579 2222 2632 ad
2272 2579 2506 2632 lidelium
2558 2579 2832 2648 pietatem,
2878 2591 2989 2636 tum
3045 2587 3374 2654 etiamquod
3403 2588 3473 2657 ad

1918 2670 2294 2724 haereticorum
2341 2670 2720 2725 refutationem
2753 2673 3004 2728 refertur.
3039 2674 3244 2728 Donum
3293 2678 3393 2740 sal,
3416 2689 3473 2729 et

1916 2763 2054 2815 bona
2103 2767 2194 2816 lux
2226 2781 2239 2818 :
2276 2780 2304 2815 a
2337 2763 2535 2831 quibus
2566 2764 2609 2816 si
2634 2764 2757 2833 quis
2792 2766 2964 2829 abest,
2992 2768 3205 2821 cazcutit
3230 2784 3328 2821 nec
3360 2784 3471 2836 quo

1915 2853 2057 2906 vadit
2102 2853 2222 2916 scit,
2255 2853 2395 2906 sicut
2439 2853 2698 2908 Dominus
2736 2865 2918 2909 noster
2946 2846 3100 2910 dixit.
3140 2857 3241 2923 Qui
3286 2859 3472 2913 ortbo-

1914 2944 2085 2996 doxize
2128 2943 2348 2995 domum
2382 2943 2648 2997 aediﬁcare
2691 2945 3039 3012 aggreditur;
3057 2945 3468 3002 fundamentum

1913 3031 2187 3086 immobile
2230 3046 2429 3099 ponere
2466 3031 2645 3094 debet,
2677 3047 2741 3085 ex
2779 3033 2994 3087 traditis
3023 3050 3052 3087 a
3082 3036 3221 3089 divis
3247 3045 3469 3104 aposto-

1913 3124 1977 3177 lis
2028 3132 2082 3176 et
2132 3124 2405 3192 inspiratis
2439 3121 2688 3177 Patribus
2723 3125 2944 3189 regulis.
2977 3130 3154 3193 Atque
3200 3128 3250 3178 in
3282 3129 3469 3194 primis

1912 3215 2212 3278 videamus,
2265 3214 2390 3275 quid
2450 3228 2602 3266 sacra
2661 3215 2881 3267 oracula
2935 3215 3140 3270 dicant.
3190 3215 3280 3269 Ait
3337 3217 3467 3269 olim

1911 3304 2172 3357 Dominus
2201 3303 2544 3370 bieropliauti
2571 3301 2774 3373 Moysi:
2820 3324 2838 3355 ι
2873 3304 3069 3359 Tribus
3099 3307 3224 3359 anni
3263 3315 3470 3374 tempo-

1909 3396 2062 3448 ribus
2096 3403 2342 3448 sanctum
2369 3394 2633 3462 jejunium
2667 3395 2798 3447 mibi
2833 3397 3211 3458 observabitis,
3243 3413 3270 3448 a
3304 3411 3469 3464 parvo

1911 3485 2050 3538 inter
2084 3501 2178 3537 vos
2225 3485 2289 3536 ad
2333 3498 2608 3554 magnum.
2646 3483 2867 3539 Festum
2919 3501 3232 3556 azymorum
3291 3487 3469 3555 primo

1907 3591 2092 3630 menso
2124 3594 2137 3628 :
2167 3577 2357 3629 diebus
2392 3585 2595 3643 septem
2618 3577 2981 3633 bumiliabitis
3004 3580 3214 3632 animas
3236 3588 3466 3640 Vestras,

1906 3677 1960 3721 et
2013 3684 2204 3736 panem
2257 3668 2564 3720 atllictionis
2596 3670 3014 3722 manducabitis.
3042 3668 3244 3723 Deinde
3276 3683 3469 3722 nume-

1907 3758 2172 3810 rabuntur
2218 3757 2373 3809 vobis
2422 3757 2771 3813 hebdomadas
2804 3773 3031 3827 septem,
3079 3760 3304 3813 omnino
3348 3761 3467 3814 dies

1905 3845 2319 3915 quinquaginta;
2351 3855 2406 3900 et
2431 3848 2765 3915 appellabitis
2817 3850 2961 3902 hunc
2985 3849 3202 3917 proprio
3252 3849 3469 3901 nomine

1903 3937 2044 3989 dietn
2102 3947 2374 4001 sanctum,
2432 3936 2692 4006 iejuuium
2734 3940 3087 4008 acceptabile.
3143 3938 3209 3992 Et
3254 3939 3464 3991 decima

1904 4027 2090 4095 quinta
2147 4029 2349 4081 mensis
2401 4027 2636 4095 septimi,
2670 4030 2846 4081 medio
2890 4044 3054 4092 anno,
3089 4029 3284 4083 festum
3339 4043 3460 4083 san-

1904 4130 2049 4169 etum
2108 4116 2444 4183 scenopegiae
2509 4118 2658 4170 vobis
2712 4117 2849 4179 erit,
2901 4127 2956 4170 et
3001 4120 3209 4172 animas
3256 4129 3468 4172 vestras

1905 4208 2263 4262 humiliabitis
2301 4224 2481 4261 coram
2532 4208 2639 4261 Deo
2679 4219 2877 4263 vestro.
2929 4211 2993 4262 Et
3032 4212 3211 4263 omnis
3261 4211 3464 4272 anima,

1905 4315 2025 4368 qua:
2072 4315 2132 4352 se
2178 4314 2283 4351 non
2330 4299 2719 4360 humiliaverit,
2752 4299 3016 4353 delebitur
3058 4299 3123 4351 de
3170 4301 3348 4352 medio
3379 4316 3469 4351 Vo.-

1904 4403 2074 4446 strum
2096 4392 2134 4443 ί.
2178 4410 2196 4442 ι
2242 4391 2396 4451 Hinc,
2425 4401 2484 4445 ut
2535 4392 2766 4455 videtur,
2797 4390 2936 4458 apud
2968 4406 3070 4444 nos
3101 4405 3318 4459 quoque
3362 4392 3467 4444 tria

1898 4483 2104 4550 jejunia
2130 4485 2512 4546 observantur,
2538 4499 2658 4550 quae
2682 4497 2711 4534 a
2739 4482 3174 4535 solemnitatibus
3219 4483 3326 4535 illis
3374 4485 3470 4534 de-

1904 4574 2251 4626 uotabantur.
2279 4573 2418 4638 Quid
2450 4588 2592 4624 enim
2621 4572 2930 4641 signiﬁcant
2956 4573 3102 4640 apud
3133 4587 3251 4630 nos,
3286 4589 3319 4624 υ
3352 4570 3467 4623 fra-

1907 4675 2035 4729 tres,
2098 4666 2258 4718 verba
2312 4683 2325 4718 :
2387 4665 2558 4717 tribus
2623 4665 2750 4716 anni
2807 4665 3138 4732 temporibus
3184 4664 3466 4717 observate

1909 4765 2154 4808 sanctum
2173 4755 2450 4822 jejunium
2481 4770 2509 4806 a
2536 4755 2761 4821 parvulo
2785 4755 2852 4806 ad
2881 4755 3122 4808 adultum
3164 4754 3305 4806 inter
3337 4753 3464 4806 vos?

1906 4845 2104 4912 Figura
2165 4846 2280 4897 bazc
2344 4855 2444 4905 est,
2496 4855 2553 4899 ut
2607 4845 2858 4908 arbitror,
2921 4855 3172 4897 accurata
3201 4844 3371 4896 unicae
3399 4857 3463 4895 ac

1908 4926 2331 4992 solius'deilatis
2357 4938 2409 4988 in
2440 4937 2613 4990 tribus
2646 4938 2889 5003 personis
2917 4945 3170 5004 spectataa
3195 4936 3463 5002 culta-que

1908 5045 1937 5082 a
1979 5027 2137 5082 nobis
2169 5030 2411 5082 veritatis
2446 5029 2844 5081 adoratoribus.
2890 5028 3012 5081 Ideo
3054 5028 3156 5079 tria
3192 5025 3329 5094 apud
3359 5041 3461 5077 nos

1906 5121 2112 5189 jejunia
2154 5121 2362 5173 sancita
2396 5119 2615 5172 filerunt
2648 5135 2678 5171 ιι
2711 5119 2850 5172 divis
2880 5116 3162 5184 discipulis
3199 5116 3459 5185 unigeniti

1911 5211 2027 5264 Filii
2064 5211 2149 5265 Dei
2204 5212 2273 5263 ob
2301 5195 2631 5279 tigurandam
2688 5210 2951 5262 viviticam
3008 5209 3344 5262 Trinitatem.
3393 5206 3462 5259 Et

1906 5305 2122 5374 quidem
2139 5304 2260 5357 dum
2280 5311 2479 5357 sancta:
2503 5311 2659 5355 erunt
2682 5301 2838 5356 vobis
2855 5302 2909 5354 in
2935 5301 3271 5356 hebdomada
3291 5300 3457 5362 feriae,

1697 5593 1923 5651 NOTxE.

329 5686 437 5756 (l2)
469 5686 742 5755 Incognita
775 5694 859 5740 est
884 5685 998 5739 lucc
1025 5685 1341 5748 catechesis,
1380 5700 1500 5755 quae
1529 5686 1583 5739 in
1609 5697 1794 5742 neutra

260 5757 618 5812 catechesium
661 5757 885 5810 Studita:
922 5756 1236 5810 collectione
1265 5757 1594 5810 nominatur.

329 5827 438 5896 (l5)
471 5830 542 5882 De
577 5826 748 5882 tribus
782 5826 1209 5896 quadragesimis
1246 5825 1435 5881 scribit
1475 5824 1794 5882 Anastasius

1905 5687 2112 5814 ΞῘἨΞἎ
2175 5687 2316 5758 apud
2372 5688 2602 5745 Coteler.
2657 5690 2894 5743 Monum.
2951 5687 3096 5742 Eccl.
3160 5685 3254 5742 Gr.
3301 5685 3459 5752 LIII,

1905 5776 1954 5814 υ.
2055 5779 2106 5813 o.

1901 5776 1954 5828 μ.
1983 5776 2106 5814 420.
