3966 6448
544 357 563 420 1
575 360 679 421 695

1715 363 1774 423 S.
1815 363 2203 424 THEODORI
2242 361 2586 423 STUDIT/E

3639 355 3768 420 1696

537 477 732 540 quarta
758 476 810 524 et
837 479 1007 525 sexta.
1036 469 1174 538 Quid
1213 485 1379 541 porro
1430 471 1534 527 hoc
1572 487 1789 543 quoque
1815 474 2077 546 signiﬁcat

2205 473 2299 530 δύο
2348 475 2510 541 ἁγναὶ
2567 471 2811 523 ἔστωσαν
2839 469 2967 535 ὑμῖν
2996 468 3054 521 ὲν
3101 465 3241 521 ἑπτὰ
3266 466 3533 538 ἡμέραις,
3555 472 3770 534 τετράδι

534 579 599 617 ex
633 572 836 632 septem
864 563 1057 617 diebus
1103 563 1214 617 duo
1264 563 2101 621 observabuntur.sanetilicati?

536 652 607 708 Ut
636 655 890 717 arbitror,
925 654 978 707 in
1014 654 1287 723 periodieo
1332 663 1574 724 tempore
1613 666 1746 711 rotae
1779 657 2101 728 beptacycli-

534 760 632 810 eae,
654 745 774 798 dua:
792 760 876 798 res
894 753 1096 799 sanctae
1136 745 1591 812 observabuntur,
1624 746 1879 801 divinitas
1915 758 1968 802 et
1994 748 2099 802 bu-

537 837 765 890 manitas
799 837 963 889 unius
987 847 1040 890 et
1078 836 1300 890 sublimi
1333 837 1545 890 ratione
1574 838 1708 891 uniti
1733 837 1854 892 Filii
1891 837 2006 901 Dei,
2046 847 2100 893 et

532 937 735 982 sancta
757 927 962 983 Matris.
993 929 1226 984 Aliunde
1269 929 1431 983 etiam
1472 930 1704 993 videtur,
1737 931 2099 986 hebdomada-

535 1018 614 1070 rio
648 1018 799 1087 cyclo
830 1018 1008 1074 trinus
1063 1019 1311 1073 denotari
1365 1029 1523 1090 typus
1575 1036 1669 1089 per
1701 1021 1840 1086 dies,
1872 1024 2014 1076 sicut
2042 1021 2094 1075 in

529 1122 676 1159 anno
731 1121 764 1161 a
819 1107 1068 1162 ﬁdelibus
1129 1109 1420 1165 manifeste
1475 1111 1778 1167 honoratur
1822 1114 2095 1183 genuinus

531 1195 815 1251 Trinitatis
845 1209 1020 1268 typus.

595 1365 651 1422 2.
687 1368 909 1425 Primus
953 1369 1387 1441 quadragesimae
1441 1373 1728 1430 terminus.
1784 1374 1964 1428 Prima
2010 1383 2093 1431 est

527 1458 643 1525 ipsa
669 1457 873 1515 Christi
929 1462 1230 1517 nativitatis
1289 1463 1642 1530 solemnitas,
1682 1481 1804 1534 qute
1834 1467 1884 1519 in
1916 1465 2092 1522 Patris

527 1559 712 1620 typum
748 1554 1079 1620 assumitur,
1117 1561 1388 1624 quatenus
1423 1555 1538 1625 ipse
1554 1557 1734 1613 sciens
1768 1559 2093 1627 complacuit

525 1644 629 1697 sibi
658 1643 725 1698 de
755 1644 875 1698 Filii
909 1648 994 1701 sui
1028 1648 1382 1717 conceptione
1401 1663 1465 1703 ac
1489 1650 1789 1708 nativitate.
1815 1651 2089 1718 Quamob-

526 1749 639 1787 rem
694 1742 749 1788 et
802 1737 1158 1806 quadraginta
1216 1738 1426 1792 dierum
1455 1753 1713 1796 numerus
1739 1744 2087 1814 prtescriptus

523 1836 625 1889 est,
659 1833 718 1879 ut
742 1826 952 1895 jejunio
987 1827 1186 1897 Moysis
1213 1838 1265 1883 et
1302 1827 1453 1884 Elize.

591 1916 645 1968 5.
674 1913 958 1970 Secundus
993 1920 1278 1973 terminus.
1318 1919 1448 1974 Post
1478 1920 1622 1974 illam
1658 1922 1918 1990 secunda,
1969 1936 2090 1994 quae

522 2023 714 2077 magna
749 2009 1159 2079 quadragesima
1193 2011 1415 2075 dicitur,
1442 2021 1626 2083 typum
1654 2015 2090 2087 refertUnigeni-

522 2100 558 2152 ti
591 2118 605 2154 :
637 2116 797 2169 quam
845 2103 1061 2169 quniem
1110 2103 1226 2171 ipse
1283 2105 1445 2158 etiam
1486 2105 1776 2162 manifeste
1829 2111 2083 2177 ostendit,

520 2192 648 2242 dum
686 2191 863 2244 tribus
897 2192 1057 2246 annis
1084 2207 1203 2246 eam
1234 2195 1567 2262 observavit,
1599 2209 1882 2269 postquam
1917 2217 1946 2254 a
1994 2206 2088 2256 ba-

522 2281 721 2349 ptismo
753 2283 1092 2337 ascenderat.
1122 2282 1277 2339 Unde
1307 2297 1487 2341 autem
1526 2289 1579 2344 id
1623 2290 1946 2358 innotescat,
1999 2295 2086 2347 in-

519 2373 724 2442 telligat
753 2388 962 2426 mecum
1013 2384 1068 2428 et
1114 2386 1263 2429 certo
1292 2390 1553 2447 agnoscat
1605 2382 1860 2435 auditor:
1891 2399 2084 2454 nempe

518 2462 794 2532 trigesimo
812 2464 985 2517 :etatis
1005 2479 1148 2519 anno
1180 2467 1508 2536 baptismum
1540 2475 1781 2542 suscepit
1801 2473 2079 2540 Dominus,

514 2564 569 2610 et
600 2556 839 2609 triennio
870 2558 1123 2626 posthinc
1163 2567 1388 2614 mortem
1445 2563 1629 2617 subiit.
1680 2563 1880 2630 Quare,
1940 2580 1998 2622 ut
2052 2586 2084 2624 e

520 2646 686 2715 probe
716 2647 901 2715 gnaris
931 2649 1273 2719 rescivimus,
1296 2663 1377 2709 ter
1409 2653 1514 2711 hoc
1546 2671 1787 2711 annuum
1814 2659 2081 2728 jejunium

513 2737 843 2793 observavit.

582 2831 636 2885 4.
685 2829 904 2887 Tertius
935 2835 1220 2891 terminus.
1263 2834 1445 2892 Tertia
1476 2854 1605 2895 vero
1631 2849 1754 2907 post
1782 2843 1922 2898 hanc
1943 2861 2080 2914 qua-

513 2925 842 2992 dragesima,
883 2942 1006 2996 quae
1031 2929 1194 2982 etiam
1223 2931 1593 2998 apostolorum
1631 2948 1658 2986 a
1683 2936 1959 2991 nonnullis
1985 2953 2080 3005 ap-

511 3016 777 3084 pellatur,
812 3029 971 3090 typus
1005 3023 1264 3078 habeatur
1303 3025 1624 3083 vivilicantis
1671 3025 1938 3097 Spiritus,
1988 3034 2080 3102 qui

510 3107 672 3162 etiam
707 3113 982 3178 apostolos
1000 3113 1187 3166 docuit
1216 3117 1397 3169 omnia
1424 3133 1544 3185 qua:
1567 3120 1666 3188 ipsi
1689 3134 1717 3172 ιι
1736 3119 1894 3175 Patre
1913 3121 2077 3177 Filio-

507 3211 615 3263 que
637 3198 936 3267 signiﬁcata
965 3201 1203 3257 luerunt.
1229 3203 1325 3258 Est
1347 3221 1478 3259 vero
1495 3210 1650 3262 trium
1678 3226 1846 3264 unum
1874 3227 2069 3267 nomen

508 3289 703 3352 deitas,
737 3290 788 3343 in
823 3293 995 3348 tribus
1029 3301 1208 3350 tamen
1241 3298 1492 3366 personis
1517 3301 1697 3369 agnita
1740 3310 1794 3356 et
1827 3304 2070 3358 adorata.

579 3460 633 3516 5.
706 3460 813 3517 Sed
855 3479 955 3534 age
1009 3466 1124 3535 jam
1183 3481 1362 3521 sermo
1399 3467 1466 3524 ad
1513 3471 1854 3540 propositum
1913 3487 2076 3528 suum

503 3549 760 3616 accedat,
828 3564 883 3607 et
950 3555 1161 3625 singula
1241 3560 1461 3626 proprio
1537 3564 1765 3630 tempori
1852 3564 2076 3632 depute-

505 3657 650 3709 mus,
699 3653 807 3698 tam
848 3645 1045 3700 diebus
1096 3664 1261 3716 quam
1294 3650 1692 3719 hebdomadis,
1743 3662 1799 3708 et
1855 3671 1960 3723 qua
2011 3658 2076 3711 de

502 3747 668 3787 causa
705 3733 778 3786 ita
805 3736 1162 3791 constitutum
1197 3740 1287 3795 sit.
1324 3737 1528 3807 Quarta
1557 3757 1688 3796 sane
1715 3751 1769 3796 et
1812 3756 1962 3798 sexta
1995 3743 2075 3799 fe—

505 3824 582 3876 ria
608 3824 818 3895 jejunio
844 3842 1060 3897 semper
1077 3831 1491 3886 sanctiﬁceutur
1514 3832 1814 3902 jejunando
1839 3850 1869 3888 a
1890 3851 2069 3902 caseo,

500 3915 740 3981 piscibus
794 3927 848 3972 et
883 3920 1025 3983 oleo,
1058 3923 1517 3989 quemadmodum
1549 3923 1660 3978 divi
1695 3925 1940 3994 Aposwli
1968 3969 1981 3991 ,
2019 3938 2073 3983 et

499 4016 623 4074 post
654 4009 776 4064 illos
816 4011 1081 4066 divinitus
1139 4013 1389 4083 inspirati
1421 4014 1613 4071 Patres
1651 4018 2070 4073 constituerunt.

499 4095 604 4150 Sed
634 4111 816 4155 tamen
844 4100 895 4153 in
919 4103 1227 4170 purissima:
1255 4103 1497 4174 Deiparaa
1521 4104 1830 4170 Nativitate,
1845 4107 2074 4177 ejusque

495 4187 549 4243 in
589 4189 846 4259 templum
876 4192 1163 4262 lngressu,
1214 4205 1268 4250 et
1319 4196 1376 4250 in
1418 4197 1528 4250 alio
1552 4197 1695 4252 festo
1723 4199 1866 4267 quod
1895 4197 2074 4269 Hypa-

495 4288 656 4348 pante
687 4282 904 4349 dicitur,
934 4285 1157 4354 insuper
1192 4285 1246 4339 in
1269 4287 1718 4354 Annuntiatione,
1751 4296 1806 4342 et
1832 4289 2074 4344 inuiira-

495 4373 586 4426 bili
611 4375 1021 4445 Assumptione,
1040 4379 1246 4432 utimur
1272 4380 1393 4434 oleo
1409 4389 1462 4436 et
1480 4381 1741 4451 piscibus,
1764 4382 1808 4437 si
1843 4381 1984 4437 forte
2018 4383 2074 4438 in

2209 565 2350 636 φημὶ
2398 564 2491 617 καλ⁴
2521 565 2588 634 τῇ
2617 562 2775 634 ἕκτῃ.
2812 562 2878 614 Τί
2906 560 2963 614 δὲ
2997 560 3091 613 καὶ
3117 558 3275 613 τοῦτό
3303 559 3420 612 ἐστι
3446 558 3664 629 δηλοῦν,
3689 562 3765 626 τὸ,

2206 656 2296 708 Ἐν
2317 653 2457 708 ἑπτὰ
2492 653 2731 724 ἡμέραις
2770 651 2866 705 δύο
2902 647 3210 721 τηρηθῶσιν
3256 649 3447 717 dmi;
3487 650 3563 711 ὡς
3621 645 3770 718 οἶμαι

2204 745 2376 813 τουτὶ,
2401 747 2480 818 τῷ
2525 744 2818 816 περιοδικῷ
2840 744 3016 814 χρόνῳ
3042 741 3144 811 τῆς
3173 741 3519 795 ἐπτακύκλου
3549 741 3765 812 τροχοῦ,

2204 833 2298 887 δύο
2311 834 2625 906 τηρηθῶσιν
2643 834 2825 903 ἁγναὶ,
2846 831 3035 901 θεότης
3062 832 3156 884 καὶ
3175 831 3530 902 ἀνθρωπότης
3540 830 3635 884 τοῦ
3655 831 3767 894 ἑνὸς

2203 925 2298 978 καὶ
2322 925 2423 978 ὐπε
2434 926 2744 996 ρηνωμένου
2780 923 2904 977 Υίοῦ
2930 921 3064 976 Θεοῦ
3087 939 3171 988 τε,
3207 922 3302 976 καὶ
3330 923 3553 992 Μητρὸς
3585 923 3764 990 ἁγίας.

2206 1016 2418 1078 Ἀλλως
2450 1015 2495 1069 δ’
2533 1011 2601 1069 αὖ
2639 1017 2806 1080 δοκεῖ,
2835 1015 2918 1068 ὅτι
2944 1014 3038 1068 καὶ
3068 1012 3146 1083 τῷ
3171 1012 3512 1082 έδδομαδικῴ
3535 1013 3769 1082 κύκλῳὸ

2199 1099 2476 1170 τριαδικὺς
2508 1100 2970 1172 χαρακτηρίζεται
2997 1100 3162 1165 τύπος
3203 1101 3290 1155 διὰ
3317 1102 3486 1172 τριῶν
3518 1102 3766 1172 ἡμερῶν,

2201 1192 2276 1255 ὡς
2304 1192 2380 1262 τῷ
2404 1192 2637 1262 ἐνιαυτῷ
2663 1193 2814 1263 παρὰ
2843 1191 2952 1245 τῶν
2983 1193 3198 1246 πιστῶν
3224 1193 3496 1264 ἀριδήλως
3533 1195 3766 1263 τιμᾶται

2199 1285 2228 1335 ό
2251 1283 2560 1354 ἀκραιφνὴς
2596 1285 2696 1353 τῆς
2713 1284 2943 1355 Τριάδος
2964 1284 3028 1336 τύ
3039 1301 3160 1346 πος.

2269 1373 2336 1443 β’.
2372 1374 2540 1442 Ὅρος
2571 1373 3025 1441 τεσσαρακοστῆς
3080 1372 3317 1443 πρῶτος.
3355 1373 3513 1425 Ἐστι
3539 1373 3643 1443 μὲν
3670 1369 3765 1427 οῦν

2196 1465 2338 1542 αὺτή
2370 1483 2430 1519 τε
2460 1466 2493 1536 ἡ
2519 1465 2707 1536 πρώτη
2740 1464 2902 1535 ἑορτὴ
2944 1464 3041 1534 τῆς
3069 1464 3307 1533 Χριστοῦ
3349 1465 3692 1535 γεννήσεως,
3728 1468 3765 1537 ἡ

2196 1558 2276 1619 εἰς
2303 1557 2472 1611 τύπον
2500 1556 2565 1609 ἂν
2603 1556 2858 1627 εἴληπται
2883 1555 2976 1608 τοῦ
3006 1555 3238 1626 Πατρὺς,
3271 1554 3347 1619 ὡς
3373 1551 3515 1609 οἶδεν
3542 1557 3571 1608 ὁ
3611 1557 3765 1611 εὐδο-

2196 1649 2373 1718 κήσας
2392 1648 2550 1711 αὐτὸς
2571 1645 2671 1718 τὴν
2704 1645 2799 1700 τοῦ
2822 1646 2952 1700 Υἰοῦ
2975 1647 3242 1716 σύλληψιν
3271 1664 3332 1700 τε
3355 1650 3450 1700 καὶ
3477 1649 3757 1718 γέννησιν.

2195 1741 2337 1791 Διότι
2370 1740 2464 1792 καὶ
2494 1740 2900 1809 τεσσαράκοντα
2925 1739 3140 1808 ἡμέρας
3172 1738 3646 1809 νενομοθέτηνται,
3684 1740 3764 1804 ὡς

2130 1837 2169 1891 Β
2195 1831 2470 1894 Μωῦσέως
2491 1834 2524 1901 ἡ
2555 1831 2778 1901 νηστεία
2799 1831 2892 1883 καὶ
2927 1829 3130 1886 Ἠλίου.

2261 1925 2329 1986 γ’.
2355 1920 2614 1989 Δεύτερος
2634 1921 2777 1992 ὅρος.
2816 1920 2888 1973 Ἦ
2935 1920 2991 1973 δὲ
3022 1920 3140 1990 μετ’
3170 1919 3339 1991 αὐτὴν
3367 1921 3494 1992 β’,ἡ
3529 1923 3626 1976 καὶ
3663 1939 3764 1993 με-

2190 2010 2327 2081 γάλη
2377 2012 2788 2082 τεσσαρακοστὴ
2839 2012 3079 2080 λέγεται,
3116 2015 3196 2076 εἰς
3251 2013 3419 2067 τύπον
3451 2013 3535 2084 εἴη
3567 2031 3629 2067 τε
3663 2013 3764 2066 τοῦ

2186 2101 2522 2170 Μονογενοῦς
2542 2119 2556 2133 ·
2593 2104 2658 2173 ἡν
2688 2103 2782 2156 καὶ
2801 2103 2963 2165 αὐτὸς
2983 2104 3249 2176 άριδὴλως
3273 2103 3578 2170 ὑπέδειξεν,
3613 2107 3763 2175 τρεῖς

2189 2195 2468 2255 ἐνιαυτοὺς
2496 2195 2654 2248 τοῦτο
2704 2195 2897 2257 ποιῶν,
2943 2197 3082 2266 μετὰ
3109 2198 3208 2266 τὴν
3249 2196 3342 2249 τοῦ
3377 2197 3762 2267 βαπτίσματος

2187 2287 2393 2340 ἄνοδον.
2451 2287 2560 2339 Καὶ
2614 2286 2777 2339 πόθεν
2819 2287 2979 2357 δῆλον
3028 2287 3186 2341 τοῦτό
3234 2289 3367 2354 ἐστι,
3403 2292 3560 2359 συνίῃ
3613 2306 3702 2358 μοι
3733 2292 3764 2342 ὁ

2186 2378 2478 2448 ἀκροατὴς,
2515 2378 2607 2430 καὶ
2644 2378 2796 2431 ἰδέτω
2830 2379 3009 2441 καλῶς
3028 2395 3042 2409 ’
3069 2380 3490 2450 τριακονταετὴς
3513 2379 3761 2449 δηλονότι

2184 2468 2213 2520 ὁ
2237 2467 2435 2538 Κύριος
2499 2468 2780 2539 βάπτισμα
2819 2469 3130 2534 ὑπεδέξατο,
3166 2470 3258 2524 καὶ
3290 2472 3345 2523 ὲν
3395 2471 3576 2535 ἄλλοις
3605 2473 3760 2542 τρισὶ

2183 2559 2262 2629 τῷ
2292 2559 2505 2628 θανάτῳ
2527 2561 2733 2631 ὑπέστη
2760 2578 2773 2592 ·
2800 2561 2880 2614 διὸ
2933 2562 3008 2625 ὡς
3038 2561 3285 2629 ἔγνωμεν
3315 2564 3373 2615 ὲν
3406 2566 3522 2623 τοῖς
3566 2565 3758 2634 ἄκρως

2184 2647 2588 2717 ἐπισταμένοις,
2624 2650 2744 2720 τρὶς
2794 2650 2887 2702 τοῦ
2918 2649 3165 2704 ἐνιαυτοῦ
3216 2649 3315 2723 τὴν
3344 2652 3628 2725 παροῦσαν
3658 2670 3757 2723 νη-

2185 2740 2368 2792 στείαν
2400 2739 2698 2804 ὑπέδειξεν.

2253 2829 2312 2884 δ’.
2340 2832 2533 2903 Τρίτος
2560 2834 2705 2903 ὅρος.
2767 2833 2832 2887 Ἦ
2867 2833 2924 2887 δὲ
2984 2835 3102 2904 μετ’
3148 2835 3316 2906 αὐτὴν
3349 2835 3529 2906 τρίτη,
3563 2835 3598 2905 ἡ
3657 2836 3758 2890 καὶ

2182 2925 2332 2994 παρά
2358 2941 2468 2976 τισι
2485 2923 2594 2978 τῶν
2611 2927 2921 2978 ἀποστόλων
2946 2944 3014 2996 κη
3025 2928 3348 2997 ρυττομένη,
3375 2927 3542 2989 τύπος
3571 2926 3638 2979 ἂν
3665 2927 3753 2998 εἰη

2181 3016 2275 3067 καὶ
2307 3015 2441 3086 αὐτὴ
2470 3015 2562 3069 τοῦ
2586 3017 2851 3077 ζωοποιοῦ
2876 3017 3217 3088 Πνεύματος,
3249 3019 3311 3070 τὸ
3343 3019 3588 3082 καὶτοὺς
3616 3020 3754 3072 ἀπο-

2182 3105 2400 3167 στόλους
2433 3107 2648 3172 διδὰξαν
2679 3109 2858 3160 πάντα
2886 3108 2922 3161 ἃ
2957 3110 3107 3179 παρά
3139 3108 3234 3161 τοῦ
3271 3110 3482 3180 [ἰατρὸς
3516 3112 3611 3163 καὶ
3653 3109 3750 3164 τοῦ

2101 3176 2142 3233 C
2177 3195 2304 3248 Υίοῦ
2343 3198 2863 3267 μεμυσταγώγηται.
2900 3176 3110 3268 Ὄνομα
3135 3199 3193 3252 δὲ
3238 3199 3344 3253 τῶν
3370 3176 3536 3272 τριῶν
3582 3201 3665 3266 ἓν,
3714 3203 3750 3270 ἡ

2175 3286 2388 3355 θεότης,
2435 3287 2548 3340 ἀλλ’
2580 3290 2638 3340 ἐν
2669 3289 2848 3360 τρισὶν
2880 3289 3209 3344 ὑποστάσεσι
3257 3291 3636 3363 γνωριζομένη
3688 3309 3753 3346 τε

2175 3378 2269 3430 καὶ
2301 3394 2608 3447 προσκυνου
2619 3379 2776 3450 μένη.

2244 3475 2307 3523 ε’.
2345 3469 2487 3522 Ἀλλ’
2523 3471 2694 3523 ἰτέον·
2727 3473 2755 3524 ό
2782 3471 2939 3540 λόγος
2982 3471 3077 3525 καὶ
3109 3471 3187 3543 τῷ
3227 3473 3468 3545 κειμένῳ
3496 3475 3747 3544 πελάσει,

2175 3562 2269 3614 καὶ
2295 3562 2500 3614 ἕκαστα
2522 3562 2600 3631 τῷ
2635 3561 2749 3632 ἰδίῳ
2771 3563 2948 3634 καιρῷ
2971 3564 3385 3635 παραθήσομεν,
3425 3567 3484 3620 ἓν
3514 3586 3574 3621 τε
3601 3571 3751 3640 ἡμέ-

2175 3668 2300 3720 ραις
2328 3653 2424 3704 καὶ
2449 3651 2734 3722 ἑϐδομάσι,
2795 3655 2889 3707 καὶ
2919 3654 3008 3708 διὰ
3031 3655 3193 3708 ποίαν
3240 3657 3418 3710 αἰτίαν
3457 3660 3750 3729 νενομοθέο

2172 3759 2396 3814 τηνται’
2431 3743 2630 3814 τετράς
2663 3762 2724 3798 τε
2776 3745 2870 3798 καὶ
2901 3747 3225 3818 παρασκευὴ
3256 3749 3537 3814 παντελῶς
3583 3753 3749 3820 ἁγναὶ

2173 3837 2253 3897 εἰς
2283 3835 2535 3905 νηστείαν
2576 3836 2664 3890 ἀεὶ
2693 3838 2995 3909 τηρηθῶσι,
3053 3841 3246 3911 τυροῦ,
3283 3840 3501 3910 ἰχθύων,
3534 3844 3744 3910 ἐλαίου,

2172 3926 2355 3990 καθὼς
2381 3928 2429 3981 οἱ
2459 3927 2592 3980 θεῖοι
2618 3929 2927 3995 ἀπόστολοι,
2956 3931 3052 3986 καὶ
3088 3933 3138 3985 οἰ
3177 3932 3298 4002 μετ’
3325 3934 3525 3998 αὐτοὺς
3555 3935 3749 4004 θεοφόι-

2177 4037 2258 4091 ροι
2296 4020 2536 4091 Πατέρες
2593 4022 3013 4092 ἐνομοθέτησαν.
3068 4024 3180 4095 Τὴν
3212 4025 3320 4096 γὰρ
3359 4027 3616 4097 γέννησιν
3643 4031 3747 4099 τῆς

2175 4112 2554 4181 παναχράντου
2578 4110 2864 4178 Θεοτόκου,
2895 4116 2987 4170 καὶ
3013 4116 3113 4187 τὴν
3141 4118 3310 4190 αὐτῆς
3331 4121 3411 4183 εἰς
3442 4121 3569 4174 ναὸν
3598 4123 3745 4175 etco-

2172 4201 2282 4268 δον,
2316 4203 2410 4256 καὶ
2437 4204 2536 4275 τὴν
2561 4205 2756 4276 ἑτέραν
2787 4209 2821 4277 ἡ
2853 4209 2952 4261 καὶ
3006 4209 3295 4280 ύπαπαντὴ
3323 4211 3615 4282 λεγομένη,
3647 4216 3747 4268 καὶ

2173 4289 2240 4347 αὖ
2273 4295 2370 4365 τὴν
2396 4295 2490 4348 τοῦ
2511 4297 2930 4368 εὐαγγελισμοῦ,
2954 4301 3049 4354 καὶ
3071 4303 3170 4370 τὴν
3197 4301 3348 4355 θείαν
3384 4304 3742 4372 μετάστασιν,

2173 4385 2460 4454 διαλύομεν
2488 4389 2567 4451 εἰς
2589 4388 2765 4442 ἔλαιον
2797 4393 2890 4443 καὶ
2920 4391 3127 4459 ἰχθύας,
3181 4393 3230 4445 εἰ
3259 4393 3463 4464 τύχωσι
3493 4400 3614 4461 ταῖς
3645 4415 3742 4466 γε-

495 4463 780 4528 praedictos
796 4465 910 4520 dies
926 4467 1184 4533 incidant,
1204 4484 1396 4538 nempe
1413 4470 1465 4523 in
1483 4482 1728 4540 quartam
1751 4483 1843 4526 aut
1863 4483 2068 4527 sextam

496 4551 521 4571 ρ
721 4552 804 4571 συ
1029 4557 1060 4571 ,.
1175 4559 1186 4569 .
1248 4558 1283 4571 η
1561 4561 1569 4570 .
1660 4570 1663 4571 ν

2188 4478 2517 4546 γραμμέναις
2545 4480 2800 4549 ἡμέραις,
2831 4483 2897 4552 τῇ
2927 4498 2984 4534 τε
3013 4484 3234 4552 τετράδι
3388 4463 3738 4561 παρασκεῦῇ.

493 4551 704 4605 feriam.
721 4552 981 4610 Similiter
993 4557 1154 4612 etiam
1175 4559 1229 4610 in
1247 4558 1603 4614 Praccursoris
1619 4570 2064 4629 etsupremorum

505 4645 870 4713 apu’stolorum
891 4645 1037 4700 Petri
1057 4656 1109 4702 et
1123 4646 1274 4702 Pauli
1294 4649 1862 4707 Nativitatihus.ﬂaud
1881 4665 2062 4710 tamen

491 4735 546 4787 in
566 4733 714 4791 testis
727 4748 1044 4792 sanctorum
1060 4749 1360 4810 martyrum
1375 4733 1796 4811 autpdntilicum
1819 4745 2060 4815 piscibus

494 4824 718 4890 utimur,
743 4827 788 4880 si
814 4826 954 4882 forte
976 4838 1265 4884 occurrant
1289 4831 1346 4886 in
1379 4842 1574 4901 quarta
1604 4834 1686 4889 vel
1721 4846 1872 4890 sexta
1901 4836 2056 4892 feria.

559 4916 612 4969 6.
645 4916 713 4970 Et
753 4920 1005 4974 monachi
1048 4921 1268 4990 quidem
1306 4922 1360 4977 in
1410 4925 1670 4981 honorem
1725 4941 1791 4983 ac
1839 4929 2056 4984 laudem

490 5009 696 5070 crucis,
718 5013 1132 5078 quatuordecim
1157 5012 1275 5068 dies
1301 5015 1614 5081 observant,
1632 5017 1723 5072 alii
1745 5019 2054 5088 duodecim,

489 5098 580 5151 alii
612 5111 868 5169 quatuor.
907 5103 1011 5157 Sed
1045 5106 1336 5160 universus
1364 5107 1562 5162 Christi
1591 5111 1822 5180 populus
1853 5116 2058 5169 sancti-

487 5190 633 5244 tlcati
661 5207 854 5248 omnes
883 5195 1173 5250 observant
1221 5197 1363 5250 diem
1391 5198 1762 5264 Exaltationis,
1793 5202 1844 5256 id
1866 5213 1947 5258 est
1967 5220 2059 5257 xw

490 5279 842 5350 Septembris.
866 5284 1242 5342 Verumtamen
1266 5287 1571 5345 Nativitatis
1587 5290 1782 5348 Christi
1800 5295 2060 5363 jejunium

490 5372 665 5427 tribus
695 5375 889 5430 diebus
922 5378 1243 5433 observetur
1274 5381 1328 5433 in
1353 5379 1713 5445 hebdomada,
1747 5383 1801 5436 id
1842 5393 1926 5438 est
1971 5401 2059 5438 se-

490 5467 685 5530 cunda,
716 5479 928 5536 quarta,
968 5481 1228 5541 sextaque
1264 5473 1419 5539 feria,
1458 5482 1510 5527 et
1540 5477 1784 5528 cavendo
1825 5491 1852 5528 a
1885 5478 2053 5545 pisci-

487 5556 590 5612 bus
620 5560 868 5629 oleoque,
897 5561 1166 5631 jejunium
1193 5574 1413 5620 strenue
1435 5569 1762 5637 transigatur
1789 5586 1800 5620 :
1827 5570 2051 5638 parique

2184 4568 2454 4631 Ὡσαύτως
2483 4572 2578 4622 καὶ
2608 4571 2668 4623 τὸ
2701 4571 2796 4624 τοῦ
2827 4573 3148 4644 Προδρόμου
3189 4578 3454 4644 γενέσιον,
3486 4581 3584 4632 καὶ
3630 4583 3743 4635 τῶν

2168 4664 2481 4732 κορυφαίων
2506 4665 2710 4736 Πέτρου
2747 4667 2841 4720 καὶ
2874 4669 3089 4721 Παύλου
3111 4685 3124 4699 ’
3165 4671 3273 4722 τῶν
3303 4673 3359 4724 δὲ
3394 4674 3567 4740 ἁγίων
3593 4692 3741 4746 μαρ-

2162 4749 2341 4821 τύρων
2373 4753 2468 4806 καὶ
2501 4754 2665 4808 ὁσίων
2690 4755 2958 4827 ίεραρχῶν
2985 4758 3051 4811 οὐ
3080 4758 3375 4830 διαλύομεν
3405 4764 3485 4825 εἰς
3521 4763 3742 4834 ἰχθύας,

2165 4843 2213 4894 εἰ
2241 4843 2443 4911 τύχωσι
2469 4844 2510 4896 δ’
2536 4845 2568 4915 ἡ
2598 4845 2672 4909 ς’.

2236 4930 2310 4996 ς’.
2348 4934 2409 4986 Ol
2443 4933 2543 5004 μὲν
2584 4933 2678 4988 οὖν
2717 4936 3042 5006 μονάζοντες
3085 4941 3164 5002 εἰς
3190 4939 3347 5005 δόξαν
3377 4942 3472 4995 καὶ
3513 4943 3740 4999 ἔπαινον

2161 5022 2255 5075 τοῦ
2280 5025 2571 5095 σταυρικοῦ
2597 5027 2778 5095 ξύλου,
2806 5028 2939 5083 δέκα
2967 5031 3062 5083 καὶ
3079 5031 3346 5101 τέσσαρας
3369 5035 3590 5104 ἡμέρας
3620 5035 3740 5090 δια-

2161 5113 2539 5181 φυλάττουσιν,
2591 5117 2741 5170 άλλοι
2782 5117 2869 5188 ιβ’,
2901 5119 3050 5174 ἄλλοι
3091 5121 3161 5174 δ”
3183 5123 3211 5174 6
3244 5122 3301 5175 δὲ
3334 5123 3558 5194 σύμπας
3605 5125 3737 5191 λαὸς

2158 5205 2252 5258 τοῦ
2304 5208 2565 5275 Χριστοῦ,
2622 5211 2775 5279 ἁγνοὶ
2817 5213 3018 5275 πάντες
3047 5214 3373 5284 διατηρῶσιν
3409 5217 3582 5288 αὐτὴν
3633 5219 3733 5289 τὴν

2160 5295 2370 5364 ἡμέραν
2402 5300 2498 5366 τῆς
2525 5297 2803 5366 ὑψώσεως,
2835 5301 2954 5370 ἡτοι
2990 5303 3091 5372 τὴν
3118 5303 3179 5354 ιδ’
3221 5305 3314 5357 τοῦ
3348 5306 3730 5378 Σεπτεμϐρίου

2161 5389 2328 5455 μηνός
2352 5389 2483 5458 (14).
2505 5390 2614 5459 Τὴν
2641 5391 2698 5444 δὲ
2723 5388 2790 5445 αὖ
2813 5393 3066 5463 νηστείαν
3088 5393 3187 5462 τῆς
3213 5395 3306 5448 τοῦ
3330 5396 3568 5466 Χριστοῦ
3601 5417 3728 5467 γεν-

2157 5480 2386 5546 νὴσεως,
2419 5482 2518 5544 τὰς
2549 5485 2696 5551 τρεῖς
2732 5485 2945 5555 ἡμέρας
2971 5485 3416 5555 διαφυλαττέσθω
3447 5490 3547 5557 τῆς
3576 5492 3729 5545 ἐϐδο-

2157 5571 2344 5638 μάδος,
2393 5573 2507 5641 ἡτοι
2541 5573 2606 5643 β’,
2632 5573 2695 5640 δ’,
2722 5576 2815 5629 καὶ
2841 5582 2915 5642 ς’,
2944 5577 3132 5648 ἰχθύας
3157 5579 3249 5632 καὶ
3281 5577 3479 5646 ἔλαιον,
3511 5582 3609 5636 καὶ
3630 5601 3725 5654 νη-

1975 5679 2200 5738 NOTAE.

564 5762 675 5832 (ll)
707 5762 912 5817 V'idesis
948 5765 1204 5822 Mconcm
1233 5769 1371 5839 apud
1393 5770 1716 5826 Cotclerium
1743 5771 1838 5840 0p.
1878 5773 1968 5828 cit.
2002 5783 2036 5828 t.
2082 5776 2168 5835 111,
2207 5792 2256 5844 p.
2296 5777 2395 5831 438
2432 5788 2480 5830 et
2513 5793 2665 5846 seqq.
