  <div class='ocr_page' id='page_1' title='image "/cluster/home/n/w/nwhite01/storage/ocr_20150623/99/ien.35556001661347/858.png"; bbox 0 0 3966 6476; ppageno 0'>
   <div class='ocr_carea' id='block_1_1' title="bbox 275 409 410 471">
    <p class='ocr_par' dir='ltr' id='par_1_1' title="bbox 275 409 410 471">
     <span class='ocr_line' id='line_1_1' title="bbox 275 409 410 471; baseline 0.007 -1"><span class='ocrx_word' id='word_1_1' title='bbox 275 409 410 471; x_wconf 76' lang='grc'><strong>1697</strong></span> 
     </span>
    </p>
   </div>
   <div class='ocr_carea' id='block_1_2' title="bbox 1458 430 2356 501">
    <p class='ocr_par' dir='ltr' id='par_1_2' title="bbox 1458 430 2356 501">
     <span class='ocr_line' id='line_1_2' title="bbox 1458 430 2356 501; baseline 0.012 -13"><span class='ocrx_word' id='word_1_2' title='bbox 1458 430 1916 493; x_wconf 84' lang='lat' dir='ltr'><strong>CATECHESIS</strong></span> <span class='ocrx_word' id='word_1_3' title='bbox 1951 435 2356 501; x_wconf 83' lang='lat' dir='ltr'><strong>CHRONICA.</strong></span> 
     </span>
    </p>
   </div>
   <div class='ocr_carea' id='block_1_3' title="bbox 3370 448 3503 515">
    <p class='ocr_par' dir='ltr' id='par_1_3' title="bbox 3370 448 3503 515">
     <span class='ocr_line' id='line_1_3' title="bbox 3370 448 3503 515; baseline 0.038 -5"><span class='ocrx_word' id='word_1_4' title='bbox 3370 448 3503 515; x_wconf 76' lang='lat'><strong>1698</strong></span> 
     </span>
    </p>
   </div>
   <div class='ocr_carea' id='block_1_4' title="bbox 269 524 1814 632">
    <p class='ocr_par' dir='ltr' id='par_1_4' title="bbox 269 524 1814 610">
     <span class='ocr_line' id='line_1_4' title="bbox 269 524 1814 610; baseline 0.014 -36"><span class='ocrx_word' id='word_1_5' title='bbox 269 526 459 577; x_wconf 88' lang='grc' dir='ltr'>στείαν</span> <span class='ocrx_word' id='word_1_6' title='bbox 501 524 699 589; x_wconf 78' lang='grc' dir='ltr'>ἐνθέως</span> <span class='ocrx_word' id='word_1_7' title='bbox 752 529 1011 582; x_wconf 84' lang='grc' dir='ltr'>ποιείτω’</span> <span class='ocrx_word' id='word_1_8' title='bbox 1052 533 1313 601; x_wconf 77' lang='grc' dir='ltr'><strong>ὡσαύτως</strong></span> <span class='ocrx_word' id='word_1_9' title='bbox 1365 539 1460 592; x_wconf 83' lang='grc' dir='ltr'>καὶ</span> <span class='ocrx_word' id='word_1_10' title='bbox 1507 543 1616 593; x_wconf 85' lang='grc' dir='ltr'><strong>τῶν</strong></span> <span class='ocrx_word' id='word_1_11' title='bbox 1665 543 1814 610; x_wconf 69' lang='grc' dir='ltr'>ἀγίεωε</span> 
     </span>
    </p>
   </div>
   <div class='ocr_carea' id='block_1_5' title="bbox 1919 524 3501 632">
    <p class='ocr_par' dir='ltr' id='par_1_5' title="bbox 1941 547 3501 632">
     <span class='ocr_line' id='line_1_5' title="bbox 1941 547 3501 632; baseline 0.012 -33"><span class='ocrx_word' id='word_1_12' title='bbox 1941 547 2153 602; x_wconf 80' lang='lat' dir='ltr'><strong>ratione</strong></span> <span class='ocrx_word' id='word_1_13' title='bbox 2191 558 2505 604; x_wconf 87' lang='lat' dir='ltr'><strong>sanctorum</strong></span> <span class='ocrx_word' id='word_1_14' title='bbox 2529 567 2744 621; x_wconf 86' lang='lat' dir='ltr'><strong>quoque</strong></span> <span class='ocrx_word' id='word_1_15' title='bbox 2760 556 3131 624; x_wconf 88' lang='lat' dir='ltr'><strong>apostolorum</strong></span> <span class='ocrx_word' id='word_1_16' title='bbox 3165 575 3227 612; x_wconf 87' lang='lat' dir='ltr'><strong>ac</strong></span> <span class='ocrx_word' id='word_1_17' title='bbox 3262 561 3501 632; x_wconf 68' lang='lat' dir='ltr'><strong>Deipatve</strong></span> 
     </span>
    </p>
   </div>
   <div class='ocr_carea' id='block_1_6' title="bbox 265 615 1834 700">
    <p class='ocr_par' dir='ltr' id='par_1_6' title="bbox 265 615 1834 700">
     <span class='ocr_line' id='line_1_6' title="bbox 265 615 1834 700; baseline 0.013 -35"><span class='ocrx_word' id='word_1_18' title='bbox 265 615 587 668; x_wconf 79' lang='grc' dir='ltr'><strong>ἀποστόλων</strong></span> <span class='ocrx_word' id='word_1_19' title='bbox 617 618 861 682; x_wconf 84' lang='grc' dir='ltr'>ποιείτω,</span> <span class='ocrx_word' id='word_1_20' title='bbox 898 621 992 673; x_wconf 77' lang='grc' dir='ltr'><strong>καὶ</strong></span> <span class='ocrx_word' id='word_1_21' title='bbox 1024 622 1123 692; x_wconf 83' lang='grc' dir='ltr'><strong>τὴν</strong></span> <span class='ocrx_word' id='word_1_22' title='bbox 1179 625 1280 695; x_wconf 81' lang='grc' dir='ltr'>τῆς</span> <span class='ocrx_word' id='word_1_23' title='bbox 1313 626 1654 700; x_wconf 85' lang='grc' dir='ltr'>Θεομὴτορος</span> <span class='ocrx_word' id='word_1_24' title='bbox 1672 633 1834 700; x_wconf 90' lang='grc' dir='ltr'>ἁγίαν</span> 
     </span>
    </p>
   </div>
   <div class='ocr_carea' id='block_1_7' title="bbox 262 707 1852 793">
    <p class='ocr_par' dir='ltr' id='par_1_7' title="bbox 262 707 1852 793">
     <span class='ocr_line' id='line_1_7' title="bbox 262 707 1852 793; baseline 0.013 -37"><span class='ocrx_word' id='word_1_25' title='bbox 262 707 526 777; x_wconf 80' lang='grc' dir='ltr'><strong>νηστείαν</strong></span> <span class='ocrx_word' id='word_1_26' title='bbox 552 708 687 780; x_wconf 82' lang='grc'><strong>(15).</strong></span> <span class='ocrx_word' id='word_1_27' title='bbox 749 711 836 763; x_wconf 85' lang='grc' dir='ltr'><strong>Ἐν</strong></span> <span class='ocrx_word' id='word_1_28' title='bbox 873 712 970 780; x_wconf 84' lang='grc' dir='ltr'>μὲν</span> <span class='ocrx_word' id='word_1_29' title='bbox 1016 712 1111 768; x_wconf 84' lang='grc' dir='ltr'><strong>οῦν</strong></span> <span class='ocrx_word' id='word_1_30' title='bbox 1161 719 1227 787; x_wconf 83' lang='grc' dir='ltr'>τῇ</span> <span class='ocrx_word' id='word_1_31' title='bbox 1270 724 1562 793; x_wconf 83' lang='grc' dir='ltr'>παραμονῇ</span> <span class='ocrx_word' id='word_1_32' title='bbox 1613 722 1712 791; x_wconf 84' lang='grc' dir='ltr'><strong>τῆς</strong></span> <span class='ocrx_word' id='word_1_33' title='bbox 1739 722 1852 776; x_wconf 89' lang='grc' dir='ltr'>τοῦ·</span> 
     </span>
    </p>
   </div>
   <div class='ocr_carea' id='block_1_8' title="bbox 261 797 1833 886">
    <p class='ocr_par' dir='ltr' id='par_1_8' title="bbox 261 797 1833 886">
     <span class='ocr_line' id='line_1_8' title="bbox 261 797 1833 886; baseline 0.014 -39"><span class='ocrx_word' id='word_1_34' title='bbox 261 797 506 866; x_wconf 83' lang='grc' dir='ltr'><strong>Χριστοῦ</strong></span> <span class='ocrx_word' id='word_1_35' title='bbox 547 802 872 872; x_wconf 88' lang='grc' dir='ltr'>γεννήσεως,</span> <span class='ocrx_word' id='word_1_36' title='bbox 920 805 1133 873; x_wconf 83' lang='grc' dir='ltr'>νήστεις</span> <span class='ocrx_word' id='word_1_37' title='bbox 1194 807 1564 881; x_wconf 81' lang='grc' dir='ltr'>διατελοῦμεν,</span> <span class='ocrx_word' id='word_1_38' title='bbox 1599 815 1693 867; x_wconf 71' lang='grc' dir='ltr'><strong>καὶ</strong></span> <span class='ocrx_word' id='word_1_39' title='bbox 1735 815 1833 886; x_wconf 84' lang='grc' dir='ltr'>τὴν</span> 
     </span>
    </p>
   </div>
   <div class='ocr_carea' id='block_1_9' title="bbox 259 888 1832 975">
    <p class='ocr_par' dir='ltr' id='par_1_9' title="bbox 259 888 1832 975">
     <span class='ocr_line' id='line_1_9' title="bbox 259 888 1832 975; baseline 0.015 -38"><span class='ocrx_word' id='word_1_40' title='bbox 259 888 481 956; x_wconf 84' lang='grc' dir='ltr'>ἡμέραν</span> <span class='ocrx_word' id='word_1_41' title='bbox 513 889 834 958; x_wconf 78' lang='grc' dir='ltr'>ἁγνεύοντες</span> <span class='ocrx_word' id='word_1_42' title='bbox 861 895 971 963; x_wconf 82' lang='grc'><strong>(16)</strong></span> <span class='ocrx_word' id='word_1_43' title='bbox 998 897 1078 959; x_wconf 87' lang='grc' dir='ltr'><strong>είς</strong></span> <span class='ocrx_word' id='word_1_44' title='bbox 1110 897 1296 967; x_wconf 86' lang='grc' dir='ltr'>ίχθύας</span> <span class='ocrx_word' id='word_1_45' title='bbox 1329 903 1422 954; x_wconf 79' lang='grc' dir='ltr'><strong>καὶ</strong></span> <span class='ocrx_word' id='word_1_46' title='bbox 1444 903 1641 970; x_wconf 77' lang='grc' dir='ltr'>ἔλαιον,</span> <span class='ocrx_word' id='word_1_47' title='bbox 1659 906 1832 975; x_wconf 80' lang='grc' dir='ltr'>πάρεξ</span> 
     </span>
    </p>
   </div>
   <div class='ocr_carea' id='block_1_10' title="bbox 261 977 1832 1061">
    <p class='ocr_par' dir='ltr' id='par_1_10' title="bbox 261 977 1832 1061">
     <span class='ocr_line' id='line_1_10' title="bbox 261 977 1832 1061; baseline 0.012 -32"><span class='ocrx_word' id='word_1_48' title='bbox 261 977 554 1033; x_wconf 75' lang='grc' dir='ltr'>Σαϐϐάτου</span> <span class='ocrx_word' id='word_1_49' title='bbox 586 980 943 1053; x_wconf 80' lang='grc' dir='ltr'>ήΚυριακῆς·</span> <span class='ocrx_word' id='word_1_50' title='bbox 971 984 1094 1039; x_wconf 88' lang='grc' dir='ltr'>τότε</span> <span class='ocrx_word' id='word_1_51' title='bbox 1131 987 1302 1041; x_wconf 88' lang='grc' dir='ltr'>ταῦτα</span> <span class='ocrx_word' id='word_1_52' title='bbox 1335 990 1604 1061; x_wconf 78' lang='grc' dir='ltr'>ἐσθίομεν.</span> <span class='ocrx_word' id='word_1_53' title='bbox 1639 993 1832 1047; x_wconf 82' lang='grc' dir='ltr'>Ὡσαύ-</span> 
     </span>
    </p>
   </div>
   <div class='ocr_carea' id='block_1_11' title="bbox 255 1072 1827 1154">
    <p class='ocr_par' dir='ltr' id='par_1_11' title="bbox 255 1072 1827 1154">
     <span class='ocr_line' id='line_1_11' title="bbox 255 1072 1827 1154; baseline 0.012 -32"><span class='ocrx_word' id='word_1_54' title='bbox 255 1087 372 1133; x_wconf 88' lang='grc' dir='ltr'><strong>τως</strong></span> <span class='ocrx_word' id='word_1_55' title='bbox 411 1072 671 1143; x_wconf 82' lang='grc' dir='ltr'>ποιοῦμεν</span> <span class='ocrx_word' id='word_1_56' title='bbox 718 1075 815 1129; x_wconf 83' lang='grc' dir='ltr'><strong>καὶ</strong></span> <span class='ocrx_word' id='word_1_57' title='bbox 860 1077 960 1140; x_wconf 78' lang='grc' dir='ltr'>τὰς</span> <span class='ocrx_word' id='word_1_58' title='bbox 989 1078 1154 1143; x_wconf 78' lang='grc' dir='ltr'>ἄλλας</span> <span class='ocrx_word' id='word_1_59' title='bbox 1207 1087 1534 1154; x_wconf 86' lang='grc' dir='ltr'>παραμονάς</span> <span class='ocrx_word' id='word_1_60' title='bbox 1569 1086 1680 1141; x_wconf 85' lang='grc' dir='ltr'><strong>τῶν</strong></span> <span class='ocrx_word' id='word_1_61' title='bbox 1731 1089 1827 1140; x_wconf 85' lang='grc' dir='ltr'><strong>τοῦ</strong></span> 
     </span>
    </p>
   </div>
   <div class='ocr_carea' id='block_1_12' title="bbox 255 1163 1828 1246">
    <p class='ocr_par' dir='ltr' id='par_1_12' title="bbox 255 1163 1828 1246">
     <span class='ocr_line' id='line_1_12' title="bbox 255 1163 1828 1246; baseline 0.01 -32"><span class='ocrx_word' id='word_1_62' title='bbox 255 1163 501 1232; x_wconf 79' lang='grc' dir='ltr'>Χριστοῦ</span> <span class='ocrx_word' id='word_1_63' title='bbox 541 1167 901 1238; x_wconf 87' lang='grc' dir='ltr'>πανηγύρεων</span> <span class='ocrx_word' id='word_1_64' title='bbox 922 1183 937 1198; x_wconf 77' lang='grc' dir='ltr'><strong><em>ο</em></strong></span> <span class='ocrx_word' id='word_1_65' title='bbox 973 1171 1037 1240; x_wconf 76' lang='grc' dir='ltr'>τῇ</span> <span class='ocrx_word' id='word_1_66' title='bbox 1067 1170 1124 1224; x_wconf 82' lang='grc' dir='ltr'><strong>δὲ</strong></span> <span class='ocrx_word' id='word_1_67' title='bbox 1156 1171 1416 1243; x_wconf 78' lang='grc' dir='ltr'>ἐπαύριον</span> <span class='ocrx_word' id='word_1_68' title='bbox 1445 1173 1733 1246; x_wconf 87' lang='grc' dir='ltr'>διαλύομεν</span> <span class='ocrx_word' id='word_1_69' title='bbox 1769 1179 1828 1230; x_wconf 89' lang='grc' dir='ltr'>ὲν</span> 
     </span>
    </p>
   </div>
   <div class='ocr_carea' id='block_1_13' title="bbox 254 1254 1825 1338">
    <p class='ocr_par' dir='ltr' id='par_1_13' title="bbox 254 1254 1825 1338">
     <span class='ocr_line' id='line_1_13' title="bbox 254 1254 1825 1338; baseline 0.011 -33"><span class='ocrx_word' id='word_1_70' title='bbox 254 1254 615 1324; x_wconf 75' lang='grc' dir='ltr'>οιᾳδηποτοῦν</span> <span class='ocrx_word' id='word_1_71' title='bbox 639 1258 823 1329; x_wconf 81' lang='grc' dir='ltr'><strong>ἡμέρᾳ</strong></span> <span class='ocrx_word' id='word_1_72' title='bbox 857 1260 998 1332; x_wconf 86' lang='grc' dir='ltr'>τύχῃ</span> <span class='ocrx_word' id='word_1_73' title='bbox 1020 1275 1035 1291; x_wconf 88' lang='grc'><strong>·</strong></span> <span class='ocrx_word' id='word_1_74' title='bbox 1068 1260 1252 1326; x_wconf 85' lang='grc' dir='ltr'>καθὼς</span> <span class='ocrx_word' id='word_1_75' title='bbox 1274 1264 1480 1318; x_wconf 80' lang='grc' dir='ltr'>ἀνωθεν</span> <span class='ocrx_word' id='word_1_76' title='bbox 1501 1267 1825 1338; x_wconf 85' lang='grc' dir='ltr'>είρήκαμεν,</span> 
     </span>
    </p>
   </div>
   <div class='ocr_carea' id='block_1_14' title="bbox 254 1345 1826 1428">
    <p class='ocr_par' dir='ltr' id='par_1_14' title="bbox 254 1345 1826 1428">
     <span class='ocr_line' id='line_1_14' title="bbox 254 1345 1826 1428; baseline 0.011 -33"><span class='ocrx_word' id='word_1_77' title='bbox 254 1346 337 1406; x_wconf 85' lang='grc' dir='ltr'>εἰς</span> <span class='ocrx_word' id='word_1_78' title='bbox 376 1345 535 1411; x_wconf 81' lang='grc' dir='ltr'>δόξαν</span> <span class='ocrx_word' id='word_1_79' title='bbox 560 1347 653 1399; x_wconf 91' lang='grc' dir='ltr'><strong>τοῦ</strong></span> <span class='ocrx_word' id='word_1_80' title='bbox 678 1349 1073 1421; x_wconf 84' lang='grc' dir='ltr'>εὐδοκήσαντος</span> <span class='ocrx_word' id='word_1_81' title='bbox 1109 1354 1348 1424; x_wconf 78' lang='grc' dir='ltr'>Πατρδς,</span> <span class='ocrx_word' id='word_1_82' title='bbox 1381 1356 1477 1409; x_wconf 83' lang='grc' dir='ltr'>καὶ</span> <span class='ocrx_word' id='word_1_83' title='bbox 1498 1357 1591 1410; x_wconf 89' lang='grc' dir='ltr'><strong>τοῦ</strong></span> <span class='ocrx_word' id='word_1_84' title='bbox 1631 1365 1826 1428; x_wconf 79' lang='grc' dir='ltr'>γεννη-</span> 
     </span>
    </p>
   </div>
   <div class='ocr_carea' id='block_1_15' title="bbox 254 1435 1827 1516">
    <p class='ocr_par' dir='ltr' id='par_1_15' title="bbox 254 1435 1827 1516">
     <span class='ocr_line' id='line_1_15' title="bbox 254 1435 1827 1516; baseline 0.011 -30"><span class='ocrx_word' id='word_1_85' title='bbox 254 1435 443 1496; x_wconf 81' lang='grc' dir='ltr'>θέντος</span> <span class='ocrx_word' id='word_1_86' title='bbox 473 1436 632 1489; x_wconf 78' lang='grc' dir='ltr'>Υίοῦ’</span> <span class='ocrx_word' id='word_1_87' title='bbox 662 1439 756 1492; x_wconf 80' lang='grc' dir='ltr'><strong>καὶ</strong></span> <span class='ocrx_word' id='word_1_88' title='bbox 785 1441 894 1511; x_wconf 80' lang='grc' dir='ltr'>γὰρ</span> <span class='ocrx_word' id='word_1_89' title='bbox 915 1442 990 1506; x_wconf 86' lang='grc' dir='ltr'>ὼς</span> <span class='ocrx_word' id='word_1_90' title='bbox 1015 1444 1186 1515; x_wconf 82' lang='grc' dir='ltr'>αὐτὴν</span> <span class='ocrx_word' id='word_1_91' title='bbox 1213 1444 1312 1516; x_wconf 83' lang='grc' dir='ltr'><strong>τὴν</strong></span> <span class='ocrx_word' id='word_1_92' title='bbox 1347 1447 1559 1516; x_wconf 84' lang='grc' dir='ltr'>ἡμέραν</span> <span class='ocrx_word' id='word_1_93' title='bbox 1593 1450 1686 1502; x_wconf 82' lang='grc' dir='ltr'><strong>καὶ</strong></span> <span class='ocrx_word' id='word_1_94' title='bbox 1709 1450 1827 1503; x_wconf 79' lang='grc' dir='ltr'>ἑτέ-</span> 
     </span>
    </p>
   </div>
   <div class='ocr_carea' id='block_1_16' title="bbox 255 1517 1823 1611">
    <p class='ocr_par' dir='ltr' id='par_1_16' title="bbox 255 1517 1823 1611">
     <span class='ocr_line' id='line_1_16' title="bbox 255 1517 1823 1611; baseline 0.01 -28"><span class='ocrx_word' id='word_1_95' title='bbox 255 1547 359 1600; x_wconf 86' lang='grc' dir='ltr'>ρας</span> <span class='ocrx_word' id='word_1_96' title='bbox 383 1517 454 1596; x_wconf 65' lang='lat' dir='ltr'><strong>EE</strong></span> <span class='ocrx_word' id='word_1_97' title='bbox 465 1531 774 1603; x_wconf 88' lang='grc' dir='ltr'>διαλύομεν,</span> <span class='ocrx_word' id='word_1_98' title='bbox 807 1535 890 1589; x_wconf 83' lang='grc' dir='ltr'><strong>ἵνα</strong></span> <span class='ocrx_word' id='word_1_99' title='bbox 924 1536 998 1608; x_wconf 81' lang='grc' dir='ltr'>μὴ</span> <span class='ocrx_word' id='word_1_100' title='bbox 1019 1538 1333 1607; x_wconf 71' lang='grc' dir='ltr'>σκυθρωποὶ</span> <span class='ocrx_word' id='word_1_101' title='bbox 1356 1542 1636 1611; x_wconf 85' lang='grc' dir='ltr'>φανῶμεν,</span> <span class='ocrx_word' id='word_1_102' title='bbox 1670 1543 1747 1608; x_wconf 87' lang='grc' dir='ltr'>ὡς</span> <span class='ocrx_word' id='word_1_103' title='bbox 1774 1548 1823 1599; x_wconf 79' lang='lat' dir='ltr'><strong>ot</strong></span> 
     </span>
    </p>
   </div>
   <div class='ocr_carea' id='block_1_17' title="bbox 251 1620 1820 1704">
    <p class='ocr_par' dir='ltr' id='par_1_17' title="bbox 251 1620 1820 1704">
     <span class='ocr_line' id='line_1_17' title="bbox 251 1620 1820 1704; baseline 0.011 -32"><span class='ocrx_word' id='word_1_104' title='bbox 251 1620 573 1692; x_wconf 79' lang='grc' dir='ltr'>ἀγνώμονες</span> <span class='ocrx_word' id='word_1_105' title='bbox 604 1623 869 1690; x_wconf 80' lang='grc' dir='ltr'>Ἰουδαῖοι,</span> <span class='ocrx_word' id='word_1_106' title='bbox 903 1627 961 1678; x_wconf 83' lang='grc' dir='ltr'>ὲν</span> <span class='ocrx_word' id='word_1_107' title='bbox 994 1629 1062 1697; x_wconf 75' lang='grc' dir='ltr'>τῇ</span> <span class='ocrx_word' id='word_1_108' title='bbox 1102 1630 1353 1701; x_wconf 81' lang='grc' dir='ltr'>γεννήσει</span> <span class='ocrx_word' id='word_1_109' title='bbox 1381 1631 1476 1684; x_wconf 91' lang='grc' dir='ltr'><strong>τοῦ</strong></span> <span class='ocrx_word' id='word_1_110' title='bbox 1501 1634 1650 1704; x_wconf 80' lang='grc' dir='ltr'>ἡμᾶς</span> <span class='ocrx_word' id='word_1_111' title='bbox 1688 1635 1820 1690; x_wconf 87' lang='grc' dir='ltr'>ἀνα-</span> 
     </span>
    </p>
   </div>
   <div class='ocr_carea' id='block_1_18' title="bbox 254 1714 588 1778">
    <p class='ocr_par' dir='ltr' id='par_1_18' title="bbox 254 1714 588 1778">
     <span class='ocr_line' id='line_1_18' title="bbox 254 1714 588 1778; baseline 0.009 -13"><span class='ocrx_word' id='word_1_112' title='bbox 254 1714 588 1778; x_wconf 80' lang='grc' dir='ltr'>πλάσαντος.</span> 
     </span>
    </p>
   </div>
   <div class='ocr_carea' id='block_1_19' title="bbox 322 1801 1823 1885">
    <p class='ocr_par' dir='ltr' id='par_1_19' title="bbox 322 1801 1823 1885">
     <span class='ocr_line' id='line_1_19' title="bbox 322 1801 1823 1885; baseline 0.007 -26"><span class='ocrx_word' id='word_1_113' title='bbox 322 1805 390 1869; x_wconf 84' lang='grc' dir='ltr'><strong>ζ’.</strong></span> <span class='ocrx_word' id='word_1_114' title='bbox 421 1807 532 1876; x_wconf 80' lang='grc' dir='ltr'><strong>Τὴν</strong></span> <span class='ocrx_word' id='word_1_115' title='bbox 563 1806 620 1859; x_wconf 87' lang='grc' dir='ltr'><strong>δὲ</strong></span> <span class='ocrx_word' id='word_1_116' title='bbox 649 1801 718 1861; x_wconf 80' lang='grc' dir='ltr'>αὖ</span> <span class='ocrx_word' id='word_1_117' title='bbox 748 1809 1070 1880; x_wconf 84' lang='grc' dir='ltr'>παραμονὴν</span> <span class='ocrx_word' id='word_1_118' title='bbox 1104 1809 1212 1864; x_wconf 91' lang='grc' dir='ltr'><strong>τῶν</strong></span> <span class='ocrx_word' id='word_1_119' title='bbox 1241 1810 1475 1879; x_wconf 88' lang='grc' dir='ltr'>φώτων,</span> <span class='ocrx_word' id='word_1_120' title='bbox 1533 1811 1629 1867; x_wconf 75' lang='grc' dir='ltr'>καὶ</span> <span class='ocrx_word' id='word_1_121' title='bbox 1653 1813 1823 1885; x_wconf 78' lang='grc' dir='ltr'>αὐτὴν</span> 
     </span>
    </p>
   </div>
   <div class='ocr_carea' id='block_1_20' title="bbox 1935 643 3500 722">
    <p class='ocr_par' dir='ltr' id='par_1_20' title="bbox 1935 643 3500 722">
     <span class='ocr_line' id='line_1_20' title="bbox 1935 643 3500 722; baseline 0.011 -30"><span class='ocrx_word' id='word_1_122' title='bbox 1935 648 2183 693; x_wconf 91' lang='lat' dir='ltr'><strong>sanctum</strong></span> <span class='ocrx_word' id='word_1_123' title='bbox 2215 650 2461 695; x_wconf 75' lang='lat' dir='ltr'><strong>servetur</strong></span> <span class='ocrx_word' id='word_1_124' title='bbox 2489 643 2778 711; x_wconf 80' lang='lat' dir='ltr'><strong>jejunium.</strong></span> <span class='ocrx_word' id='word_1_125' title='bbox 2811 644 3117 702; x_wconf 85' lang='lat' dir='ltr'><strong>Nativitatis</strong></span> <span class='ocrx_word' id='word_1_126' title='bbox 3146 649 3344 707; x_wconf 91' lang='lat' dir='ltr'><strong>Christi</strong></span> <span class='ocrx_word' id='word_1_127' title='bbox 3376 670 3500 722; x_wconf 79' lang='lat' dir='ltr'><strong>per-</strong></span> 
     </span>
    </p>
   </div>
   <div class='ocr_carea' id='block_1_21' title="bbox 1933 728 3502 802">
    <p class='ocr_par' dir='ltr' id='par_1_21' title="bbox 1933 728 3502 802">
     <span class='ocr_line' id='line_1_21' title="bbox 1933 728 3502 802; baseline 0.011 -22"><span class='ocrx_word' id='word_1_128' title='bbox 1933 728 2177 798; x_wconf 87' lang='lat' dir='ltr'><strong>vigilium</strong></span> <span class='ocrx_word' id='word_1_129' title='bbox 2212 730 2386 799; x_wconf 87' lang='lat' dir='ltr'><strong>jejuni</strong></span> <span class='ocrx_word' id='word_1_130' title='bbox 2425 734 2753 802; x_wconf 88' lang='lat' dir='ltr'><strong>peragimus,</strong></span> <span class='ocrx_word' id='word_1_131' title='bbox 2795 743 2847 788; x_wconf 92' lang='lat' dir='ltr'><strong>et</strong></span> <span class='ocrx_word' id='word_1_132' title='bbox 2894 736 3036 790; x_wconf 90' lang='lat' dir='ltr'><strong>hunc</strong></span> <span class='ocrx_word' id='word_1_133' title='bbox 3083 738 3226 792; x_wconf 90' lang='lat' dir='ltr'><strong>diem</strong></span> <span class='ocrx_word' id='word_1_134' title='bbox 3261 744 3502 796; x_wconf 79' lang='lat' dir='ltr'><strong>sanctiﬁ-</strong></span> 
     </span>
    </p>
   </div>
   <div class='ocr_carea' id='block_1_22' title="bbox 1931 819 3500 896">
    <p class='ocr_par' dir='ltr' id='par_1_22' title="bbox 1931 819 3500 896">
     <span class='ocr_line' id='line_1_22' title="bbox 1931 819 3500 896; baseline 0.011 -24"><span class='ocrx_word' id='word_1_135' title='bbox 1931 832 2121 872; x_wconf 90' lang='lat' dir='ltr'><strong>camus</strong></span> <span class='ocrx_word' id='word_1_136' title='bbox 2159 819 2366 888; x_wconf 85' lang='lat' dir='ltr'><strong>absque</strong></span> <span class='ocrx_word' id='word_1_137' title='bbox 2390 821 2628 889; x_wconf 87' lang='lat' dir='ltr'><strong>piscibus</strong></span> <span class='ocrx_word' id='word_1_138' title='bbox 2657 832 2710 876; x_wconf 87' lang='lat' dir='ltr'><strong>et</strong></span> <span class='ocrx_word' id='word_1_139' title='bbox 2741 823 2881 888; x_wconf 91' lang='lat' dir='ltr'><strong>oleo,</strong></span> <span class='ocrx_word' id='word_1_140' title='bbox 2905 837 3131 896; x_wconf 85' lang='lat' dir='ltr'><strong>excepto</strong></span> <span class='ocrx_word' id='word_1_141' title='bbox 3167 828 3406 885; x_wconf 87' lang='lat' dir='ltr'><strong>Sabbato</strong></span> <span class='ocrx_word' id='word_1_142' title='bbox 3435 848 3500 889; x_wconf 91' lang='lat' dir='ltr'><strong>ac</strong></span> 
     </span>
    </p>
   </div>
   <div class='ocr_carea' id='block_1_23' title="bbox 1931 906 3501 980">
    <p class='ocr_par' dir='ltr' id='par_1_23' title="bbox 1931 906 3501 980">
     <span class='ocr_line' id='line_1_23' title="bbox 1931 906 3501 980; baseline 0.011 -19"><span class='ocrx_word' id='word_1_143' title='bbox 1931 907 2019 961; x_wconf 91' lang='lat' dir='ltr'><strong>die</strong></span> <span class='ocrx_word' id='word_1_144' title='bbox 2048 906 2353 975; x_wconf 91' lang='lat' dir='ltr'><strong>Dominico,</strong></span> <span class='ocrx_word' id='word_1_145' title='bbox 2385 911 2588 980; x_wconf 90' lang='lat' dir='ltr'><strong>quibus</strong></span> <span class='ocrx_word' id='word_1_146' title='bbox 2623 912 2709 967; x_wconf 90' lang='lat' dir='ltr'><strong>his</strong></span> <span class='ocrx_word' id='word_1_147' title='bbox 2755 915 3046 970; x_wconf 79' lang='lat' dir='ltr'><strong>vescimur.</strong></span> <span class='ocrx_word' id='word_1_148' title='bbox 3089 918 3262 974; x_wconf 82' lang='lat' dir='ltr'><strong>Simili</strong></span> <span class='ocrx_word' id='word_1_149' title='bbox 3289 923 3501 978; x_wconf 80' lang='lat' dir='ltr'><strong>ratione</strong></span> 
     </span>
    </p>
   </div>
   <div class='ocr_carea' id='block_1_24' title="bbox 1931 999 3498 1076">
    <p class='ocr_par' dir='ltr' id='par_1_24' title="bbox 1931 999 3498 1076">
     <span class='ocr_line' id='line_1_24' title="bbox 1931 999 3498 1076; baseline 0.011 -27"><span class='ocrx_word' id='word_1_150' title='bbox 1931 999 2284 1068; x_wconf 78' lang='lat' dir='ltr'><strong>transigimus</strong></span> <span class='ocrx_word' id='word_1_151' title='bbox 2313 1011 2511 1055; x_wconf 64' lang='lat' dir='ltr'><strong>caetera</strong></span> <span class='ocrx_word' id='word_1_152' title='bbox 2559 1019 2775 1073; x_wconf 92' lang='lat' dir='ltr'><strong>quoque</strong></span> <span class='ocrx_word' id='word_1_153' title='bbox 2825 1006 3108 1076; x_wconf 90' lang='lat' dir='ltr'><strong>pervigilia</strong></span> <span class='ocrx_word' id='word_1_154' title='bbox 3155 1008 3357 1066; x_wconf 89' lang='lat' dir='ltr'><strong>Christi</strong></span> <span class='ocrx_word' id='word_1_155' title='bbox 3408 1028 3498 1067; x_wconf 90' lang='lat' dir='ltr'><strong>so-</strong></span> 
     </span>
    </p>
   </div>
   <div class='ocr_carea' id='block_1_25' title="bbox 1930 1089 3496 1169">
    <p class='ocr_par' dir='ltr' id='par_1_25' title="bbox 1930 1089 3496 1169">
     <span class='ocr_line' id='line_1_25' title="bbox 1930 1089 3496 1169; baseline 0.011 -27"><span class='ocrx_word' id='word_1_156' title='bbox 1930 1089 2267 1144; x_wconf 88' lang='lat' dir='ltr'><strong>lemnitatum</strong></span> <span class='ocrx_word' id='word_1_157' title='bbox 2304 1106 2319 1145; x_wconf 91' lang='lat'>:</span> <span class='ocrx_word' id='word_1_158' title='bbox 2351 1091 2488 1148; x_wconf 87' lang='lat' dir='ltr'><strong>festo</strong></span> <span class='ocrx_word' id='word_1_159' title='bbox 2521 1103 2701 1149; x_wconf 88' lang='lat' dir='ltr'><strong>tamen</strong></span> <span class='ocrx_word' id='word_1_160' title='bbox 2742 1107 3002 1165; x_wconf 75' lang='lat' dir='ltr'><strong>sequente</strong></span> <span class='ocrx_word' id='word_1_161' title='bbox 3027 1097 3298 1169; x_wconf 88' lang='lat' dir='ltr'><strong>jejunium</strong></span> <span class='ocrx_word' id='word_1_162' title='bbox 3327 1104 3496 1159; x_wconf 87' lang='lat' dir='ltr'><strong>solvi-</strong></span> 
     </span>
    </p>
   </div>
   <div class='ocr_carea' id='block_1_26' title="bbox 1928 1183 3494 1264">
    <p class='ocr_par' dir='ltr' id='par_1_26' title="bbox 1928 1183 3494 1264">
     <span class='ocr_line' id='line_1_26' title="bbox 1928 1183 3494 1264; baseline 0.01 -31"><span class='ocrx_word' id='word_1_163' title='bbox 1928 1195 2072 1247; x_wconf 90' lang='lat' dir='ltr'><strong>mus,</strong></span> <span class='ocrx_word' id='word_1_164' title='bbox 2108 1196 2432 1252; x_wconf 89' lang='lat' dir='ltr'><strong>quacunque</strong></span> <span class='ocrx_word' id='word_1_165' title='bbox 2460 1183 2678 1239; x_wconf 88' lang='lat' dir='ltr'><strong>demum</strong></span> <span class='ocrx_word' id='word_1_166' title='bbox 2731 1187 2818 1241; x_wconf 90' lang='lat' dir='ltr'><strong>die</strong></span> <span class='ocrx_word' id='word_1_167' title='bbox 2845 1189 3168 1256; x_wconf 89' lang='lat' dir='ltr'><strong>obvenerit,</strong></span> <span class='ocrx_word' id='word_1_168' title='bbox 3237 1201 3297 1248; x_wconf 89' lang='lat' dir='ltr'><strong>ut</strong></span> <span class='ocrx_word' id='word_1_169' title='bbox 3328 1208 3494 1264; x_wconf 82' lang='lat' dir='ltr'><strong>supra</strong></span> 
     </span>
    </p>
   </div>
   <div class='ocr_carea' id='block_1_27' title="bbox 1927 1271 3496 1350">
    <p class='ocr_par' dir='ltr' id='par_1_27' title="bbox 1927 1271 3496 1350">
     <span class='ocr_line' id='line_1_27' title="bbox 1927 1271 3496 1350; baseline 0.008 -25"><span class='ocrx_word' id='word_1_170' title='bbox 1927 1271 2164 1326; x_wconf 81' lang='lat' dir='ltr'><strong>diximus</strong></span> <span class='ocrx_word' id='word_1_171' title='bbox 2204 1315 2220 1340; x_wconf 90' lang='lat'><strong>,</strong></span> <span class='ocrx_word' id='word_1_172' title='bbox 2273 1273 2328 1328; x_wconf 92' lang='lat' dir='ltr'><strong>in</strong></span> <span class='ocrx_word' id='word_1_173' title='bbox 2363 1273 2623 1329; x_wconf 86' lang='lat' dir='ltr'><strong>honorem</strong></span> <span class='ocrx_word' id='word_1_174' title='bbox 2679 1275 2854 1332; x_wconf 85' lang='lat' dir='ltr'><strong>Patris</strong></span> <span class='ocrx_word' id='word_1_175' title='bbox 2909 1279 2999 1332; x_wconf 86' lang='lat' dir='ltr'><strong>cui</strong></span> <span class='ocrx_word' id='word_1_176' title='bbox 3041 1281 3408 1350; x_wconf 90' lang='lat' dir='ltr'><strong>complacuit,</strong></span> <span class='ocrx_word' id='word_1_177' title='bbox 3443 1295 3496 1339; x_wconf 88' lang='lat' dir='ltr'><strong>et</strong></span> 
     </span>
    </p>
   </div>
   <div class='ocr_carea' id='block_1_28' title="bbox 1925 1361 3494 1437">
    <p class='ocr_par' dir='ltr' id='par_1_28' title="bbox 1925 1361 3494 1437">
     <span class='ocr_line' id='line_1_28' title="bbox 1925 1361 3494 1437; baseline 0.009 -22"><span class='ocrx_word' id='word_1_178' title='bbox 1925 1362 2037 1415; x_wconf 90' lang='lat' dir='ltr'><strong>nati</strong></span> <span class='ocrx_word' id='word_1_179' title='bbox 2064 1361 2207 1416; x_wconf 86' lang='lat' dir='ltr'><strong>Filii.</strong></span> <span class='ocrx_word' id='word_1_180' title='bbox 2241 1362 2362 1418; x_wconf 85' lang='lat' dir='ltr'><strong>Jam</strong></span> <span class='ocrx_word' id='word_1_181' title='bbox 2401 1365 2542 1419; x_wconf 86' lang='lat' dir='ltr'><strong>sicut</strong></span> <span class='ocrx_word' id='word_1_182' title='bbox 2574 1366 2752 1435; x_wconf 89' lang='lat' dir='ltr'><strong>ipsum</strong></span> <span class='ocrx_word' id='word_1_183' title='bbox 2790 1368 2940 1422; x_wconf 89' lang='lat' dir='ltr'><strong>illum</strong></span> <span class='ocrx_word' id='word_1_184' title='bbox 2974 1369 3140 1437; x_wconf 92' lang='lat' dir='ltr'><strong>diem,</strong></span> <span class='ocrx_word' id='word_1_185' title='bbox 3176 1373 3248 1426; x_wconf 91' lang='lat' dir='ltr'><strong>ita</strong></span> <span class='ocrx_word' id='word_1_186' title='bbox 3273 1381 3327 1428; x_wconf 89' lang='lat' dir='ltr'><strong>et</strong></span> <span class='ocrx_word' id='word_1_187' title='bbox 3356 1375 3494 1429; x_wconf 89' lang='lat' dir='ltr'><strong>alios</strong></span> 
     </span>
    </p>
   </div>
   <div class='ocr_carea' id='block_1_29' title="bbox 1925 1455 3534 1537">
    <p class='ocr_par' dir='ltr' id='par_1_29' title="bbox 1925 1455 3534 1537">
     <span class='ocr_line' id='line_1_29' title="bbox 1925 1455 3534 1537; baseline 0.007 -32"><span class='ocrx_word' id='word_1_188' title='bbox 1925 1467 2017 1506; x_wconf 85' lang='lat' dir='ltr'><strong>sex</strong></span> <span class='ocrx_word' id='word_1_189' title='bbox 2051 1455 2385 1524; x_wconf 89' lang='lat' dir='ltr'><strong>peragimus,</strong></span> <span class='ocrx_word' id='word_1_190' title='bbox 2420 1471 2485 1510; x_wconf 94' lang='lat' dir='ltr'><strong>ne</strong></span> <span class='ocrx_word' id='word_1_191' title='bbox 2509 1457 2690 1512; x_wconf 78' lang='lat' dir='ltr'><strong>tristes</strong></span> <span class='ocrx_word' id='word_1_192' title='bbox 2714 1474 3099 1527; x_wconf 88' lang='lat' dir='ltr'><strong>appareamus,</strong></span> <span class='ocrx_word' id='word_1_193' title='bbox 3126 1463 3267 1518; x_wconf 86' lang='lat' dir='ltr'><strong>sicut</strong></span> <span class='ocrx_word' id='word_1_194' title='bbox 3293 1465 3491 1537; x_wconf 81' lang='lat' dir='ltr'><strong>ingrati</strong></span> <span class='ocrx_word' id='word_1_195' title='bbox 3529 1511 3534 1517; x_wconf 94' lang='lat'><strong>.</strong></span> 
     </span>
    </p>
   </div>
   <div class='ocr_carea' id='block_1_30' title="bbox 1923 1541 3346 1619">
    <p class='ocr_par' dir='ltr' id='par_1_30' title="bbox 1923 1541 3346 1619">
     <span class='ocr_line' id='line_1_30' title="bbox 1923 1541 3346 1619; baseline 0.011 -22"><span class='ocrx_word' id='word_1_196' title='bbox 1923 1541 2116 1609; x_wconf 66' lang='lat' dir='ltr'><strong>Judaei,</strong></span> <span class='ocrx_word' id='word_1_197' title='bbox 2153 1544 2207 1599; x_wconf 89' lang='lat' dir='ltr'><strong>in</strong></span> <span class='ocrx_word' id='word_1_198' title='bbox 2237 1546 2376 1614; x_wconf 86' lang='lat' dir='ltr'><strong>ejus,</strong></span> <span class='ocrx_word' id='word_1_199' title='bbox 2403 1547 2497 1614; x_wconf 90' lang='lat' dir='ltr'><strong>qui</strong></span> <span class='ocrx_word' id='word_1_200' title='bbox 2530 1563 2631 1603; x_wconf 92' lang='lat' dir='ltr'><strong>nos</strong></span> <span class='ocrx_word' id='word_1_201' title='bbox 2671 1549 3007 1619; x_wconf 82' lang='lat' dir='ltr'><strong>reformavit,</strong></span> <span class='ocrx_word' id='word_1_202' title='bbox 3039 1555 3346 1612; x_wconf 86' lang='lat' dir='ltr'><strong>nativitate.</strong></span> 
     </span>
    </p>
   </div>
   <div class='ocr_carea' id='block_1_31' title="bbox 1993 1806 3488 1892">
    <p class='ocr_par' dir='ltr' id='par_1_31' title="bbox 1993 1806 3488 1892">
     <span class='ocr_line' id='line_1_31' title="bbox 1993 1806 3488 1892; baseline 0.013 -33"><span class='ocrx_word' id='word_1_203' title='bbox 1993 1808 2046 1862; x_wconf 92' lang='lat'><strong>7.</strong></span> <span class='ocrx_word' id='word_1_204' title='bbox 2077 1806 2245 1862; x_wconf 84' lang='lat' dir='ltr'><strong>Porro</strong></span> <span class='ocrx_word' id='word_1_205' title='bbox 2296 1809 2348 1863; x_wconf 91' lang='lat' dir='ltr'><strong>in</strong></span> <span class='ocrx_word' id='word_1_206' title='bbox 2409 1810 2688 1880; x_wconf 89' lang='lat' dir='ltr'><strong>pervigilio</strong></span> <span class='ocrx_word' id='word_1_207' title='bbox 2717 1829 2937 1884; x_wconf 88' lang='lat' dir='ltr'><strong>quoque</strong></span> <span class='ocrx_word' id='word_1_208' title='bbox 2967 1816 3236 1875; x_wconf 89' lang='lat' dir='ltr'><strong>luminum</strong></span> <span class='ocrx_word' id='word_1_209' title='bbox 3271 1821 3488 1892; x_wconf 82' lang='lat' dir='ltr'><strong>jejuna-</strong></span> 
     </span>
    </p>
   </div>
   <div class='ocr_carea' id='block_1_32' title="bbox 249 1884 1814 1981">
    <p class='ocr_par' dir='ltr' id='par_1_32' title="bbox 249 1884 1814 1970">
     <span class='ocr_line' id='line_1_32' title="bbox 249 1884 1814 1970; baseline 0.007 -23"><span class='ocrx_word' id='word_1_210' title='bbox 249 1896 454 1965; x_wconf 82' lang='grc' dir='ltr'>ὁμοίως</span> <span class='ocrx_word' id='word_1_211' title='bbox 507 1897 723 1967; x_wconf 82' lang='grc' dir='ltr'>νήστεις</span> <span class='ocrx_word' id='word_1_212' title='bbox 777 1899 1206 1970; x_wconf 82' lang='grc' dir='ltr'>διαπεραιοῦμεν</span> <span class='ocrx_word' id='word_1_213' title='bbox 1263 1902 1328 1955; x_wconf 78' lang='grc' dir='ltr'><strong>ἐκ</strong></span> <span class='ocrx_word' id='word_1_214' title='bbox 1379 1920 1438 1955; x_wconf 87' lang='grc' dir='ltr'><strong>τε</strong></span> <span class='ocrx_word' id='word_1_215' title='bbox 1493 1904 1673 1958; x_wconf 76' lang='grc' dir='ltr'>ἐλαίου</span> <span class='ocrx_word' id='word_1_216' title='bbox 1725 1884 1814 1958; x_wconf 74' lang='grc' dir='ltr'>καὶ</span> 
     </span>
    </p>
   </div>
   <div class='ocr_carea' id='block_1_33' title="bbox 1919 1884 3486 1981">
    <p class='ocr_par' dir='ltr' id='par_1_33' title="bbox 1924 1901 3486 1981">
     <span class='ocr_line' id='line_1_33' title="bbox 1924 1901 3486 1981; baseline 0.011 -29"><span class='ocrx_word' id='word_1_217' title='bbox 1924 1915 2046 1954; x_wconf 91' lang='lat' dir='ltr'><strong>mus</strong></span> <span class='ocrx_word' id='word_1_218' title='bbox 2071 1901 2320 1956; x_wconf 90' lang='lat' dir='ltr'><strong>similiter</strong></span> <span class='ocrx_word' id='word_1_219' title='bbox 2349 1903 2417 1957; x_wconf 93' lang='lat' dir='ltr'><strong>ab</strong></span> <span class='ocrx_word' id='word_1_220' title='bbox 2446 1905 2588 1970; x_wconf 92' lang='lat' dir='ltr'><strong>oleo,</strong></span> <span class='ocrx_word' id='word_1_221' title='bbox 2612 1907 2874 1976; x_wconf 89' lang='lat' dir='ltr'><strong>piscibus,</strong></span> <span class='ocrx_word' id='word_1_222' title='bbox 2910 1909 3139 1981; x_wconf 89' lang='lat' dir='ltr'><strong>aliisque</strong></span> <span class='ocrx_word' id='word_1_223' title='bbox 3162 1915 3486 1979; x_wconf 92' lang='lat' dir='ltr'><strong>condituris,</strong></span> 
     </span>
    </p>
   </div>
   <div class='ocr_carea' id='block_1_34' title="bbox 253 1987 1814 2074">
    <p class='ocr_par' dir='ltr' id='par_1_34' title="bbox 253 1987 1814 2067">
     <span class='ocr_line' id='line_1_34' title="bbox 253 1987 1814 2067; baseline 0.007 -29"><span class='ocrx_word' id='word_1_224' title='bbox 253 1987 452 2056; x_wconf 82' lang='grc' dir='ltr'>ίχθύων</span> <span class='ocrx_word' id='word_1_225' title='bbox 482 1989 574 2040; x_wconf 74' lang='grc' dir='ltr'><strong>καὶ</strong></span> <span class='ocrx_word' id='word_1_226' title='bbox 589 1989 788 2060; x_wconf 83' lang='grc' dir='ltr'>ἐτέρων</span> <span class='ocrx_word' id='word_1_227' title='bbox 817 1992 970 2044; x_wconf 88' lang='grc' dir='ltr'>είδῶν</span> <span class='ocrx_word' id='word_1_228' title='bbox 996 1993 1093 2060; x_wconf 84' lang='grc' dir='ltr'>τὴν</span> <span class='ocrx_word' id='word_1_229' title='bbox 1122 1995 1300 2046; x_wconf 79' lang='grc' dir='ltr'>πᾶσαν</span> <span class='ocrx_word' id='word_1_230' title='bbox 1329 1995 1544 2065; x_wconf 84' lang='grc' dir='ltr'>ἡμέραν</span> <span class='ocrx_word' id='word_1_231' title='bbox 1567 2012 1580 2026; x_wconf 88' lang='grc'><strong>·</strong></span> <span class='ocrx_word' id='word_1_232' title='bbox 1613 1997 1814 2067; x_wconf 87' lang='grc' dir='ltr'>ταύτην</span> 
     </span>
    </p>
   </div>
   <div class='ocr_carea' id='block_1_35' title="bbox 1919 1987 3489 2074">
    <p class='ocr_par' dir='ltr' id='par_1_35' title="bbox 1924 1991 3489 2074">
     <span class='ocr_line' id='line_1_35' title="bbox 1924 1991 3489 2074; baseline 0.013 -33"><span class='ocrx_word' id='word_1_233' title='bbox 1924 1998 2036 2043; x_wconf 91' lang='lat' dir='ltr'><strong>toto</strong></span> <span class='ocrx_word' id='word_1_234' title='bbox 2061 1991 2168 2044; x_wconf 89' lang='lat' dir='ltr'><strong>die.</strong></span> <span class='ocrx_word' id='word_1_235' title='bbox 2201 1991 2268 2044; x_wconf 88' lang='lat' dir='ltr'><strong>At</strong></span> <span class='ocrx_word' id='word_1_236' title='bbox 2296 2007 2426 2048; x_wconf 89' lang='lat' dir='ltr'><strong>vero</strong></span> <span class='ocrx_word' id='word_1_237' title='bbox 2455 1995 2634 2063; x_wconf 91' lang='lat' dir='ltr'><strong>ipsum</strong></span> <span class='ocrx_word' id='word_1_238' title='bbox 2678 1997 2820 2052; x_wconf 89' lang='lat' dir='ltr'><strong>diem</strong></span> <span class='ocrx_word' id='word_1_239' title='bbox 2849 1998 3166 2069; x_wconf 64' lang='lat' dir='ltr'><strong>Epiphaniae</strong></span> <span class='ocrx_word' id='word_1_240' title='bbox 3191 2043 3205 2068; x_wconf 95' lang='lat'><strong>,</strong></span> <span class='ocrx_word' id='word_1_241' title='bbox 3263 2006 3489 2074; x_wconf 86' lang='lat' dir='ltr'><strong>quilibet</strong></span> 
     </span>
    </p>
   </div>
   <div class='ocr_carea' id='block_1_36' title="bbox 249 2078 1814 2166">
    <p class='ocr_par' dir='ltr' id='par_1_36' title="bbox 249 2078 1814 2162">
     <span class='ocr_line' id='line_1_36' title="bbox 249 2078 1814 2162; baseline 0.01 -33"><span class='ocrx_word' id='word_1_242' title='bbox 249 2078 307 2130; x_wconf 86' lang='grc' dir='ltr'>δέ</span> <span class='ocrx_word' id='word_1_243' title='bbox 341 2096 406 2145; x_wconf 91' lang='grc' dir='ltr'><strong>γε</strong></span> <span class='ocrx_word' id='word_1_244' title='bbox 437 2079 535 2150; x_wconf 84' lang='grc' dir='ltr'><strong>τὴν</strong></span> <span class='ocrx_word' id='word_1_245' title='bbox 565 2084 780 2152; x_wconf 81' lang='grc' dir='ltr'>ἡμέραν</span> <span class='ocrx_word' id='word_1_246' title='bbox 814 2085 921 2140; x_wconf 84' lang='grc' dir='ltr'><strong>τῶν</strong></span> <span class='ocrx_word' id='word_1_247' title='bbox 949 2087 1310 2155; x_wconf 87' lang='grc' dir='ltr'>Θεοφανείων,</span> <span class='ocrx_word' id='word_1_248' title='bbox 1367 2089 1582 2143; x_wconf 81' lang='grc' dir='ltr'>οἱανοῦν</span> <span class='ocrx_word' id='word_1_249' title='bbox 1634 2093 1814 2162; x_wconf 85' lang='grc' dir='ltr'>ἡμέρα</span> 
     </span>
    </p>
   </div>
   <div class='ocr_carea' id='block_1_37' title="bbox 1919 2078 3485 2166">
    <p class='ocr_par' dir='ltr' id='par_1_37' title="bbox 1922 2081 3485 2166">
     <span class='ocr_line' id='line_1_37' title="bbox 1922 2081 3485 2166; baseline 0.013 -33"><span class='ocrx_word' id='word_1_250' title='bbox 1922 2081 2036 2135; x_wconf 89' lang='lat' dir='ltr'><strong>dies</strong></span> <span class='ocrx_word' id='word_1_251' title='bbox 2059 2083 2149 2145; x_wconf 90' lang='lat' dir='ltr'><strong>sit,</strong></span> <span class='ocrx_word' id='word_1_252' title='bbox 2180 2084 2384 2154; x_wconf 82' lang='lat' dir='ltr'><strong>absque</strong></span> <span class='ocrx_word' id='word_1_253' title='bbox 2404 2087 2513 2140; x_wconf 91' lang='lat' dir='ltr'><strong>ulla</strong></span> <span class='ocrx_word' id='word_1_254' title='bbox 2546 2089 2873 2145; x_wconf 91' lang='lat' dir='ltr'><strong>abstinentia</strong></span> <span class='ocrx_word' id='word_1_255' title='bbox 2896 2094 3132 2163; x_wconf 79' lang='lat' dir='ltr'><strong>agimus,</strong></span> <span class='ocrx_word' id='word_1_256' title='bbox 3158 2097 3224 2150; x_wconf 90' lang='lat' dir='ltr'><strong>ad</strong></span> <span class='ocrx_word' id='word_1_257' title='bbox 3258 2099 3485 2166; x_wconf 83' lang='lat' dir='ltr'><strong>gratiam</strong></span> 
     </span>
    </p>
   </div>
   <div class='ocr_carea' id='block_1_38' title="bbox 248 2170 1815 2250">
    <p class='ocr_par' dir='ltr' id='par_1_38' title="bbox 248 2170 1815 2250">
     <span class='ocr_line' id='line_1_38' title="bbox 248 2170 1815 2250; baseline 0.01 -28"><span class='ocrx_word' id='word_1_258' title='bbox 248 2170 411 2244; x_wconf 80' lang='grc' dir='ltr'>τύχῃ,</span> <span class='ocrx_word' id='word_1_259' title='bbox 445 2173 734 2244; x_wconf 81' lang='grc' dir='ltr'>διαλύομεν</span> <span class='ocrx_word' id='word_1_260' title='bbox 766 2178 845 2238; x_wconf 85' lang='grc' dir='ltr'><strong>είς</strong></span> <span class='ocrx_word' id='word_1_261' title='bbox 871 2178 1002 2243; x_wconf 79' lang='grc' dir='ltr'>πᾶν,</span> <span class='ocrx_word' id='word_1_262' title='bbox 1063 2180 1142 2241; x_wconf 87' lang='grc' dir='ltr'><strong>είς</strong></span> <span class='ocrx_word' id='word_1_263' title='bbox 1193 2172 1354 2250; x_wconf 87' lang='grc' dir='ltr'>χάριν</span> <span class='ocrx_word' id='word_1_264' title='bbox 1396 2182 1492 2234; x_wconf 79' lang='grc' dir='ltr'>καὶ</span> <span class='ocrx_word' id='word_1_265' title='bbox 1537 2183 1692 2246; x_wconf 80' lang='grc' dir='ltr'>δόξαν</span> <span class='ocrx_word' id='word_1_266' title='bbox 1721 2183 1815 2237; x_wconf 89' lang='grc' dir='ltr'><strong>τοῦ</strong></span> 
     </span>
    </p>
   </div>
   <div class='ocr_carea' id='block_1_39' title="bbox 251 2260 1816 2340">
    <p class='ocr_par' dir='ltr' id='par_1_39' title="bbox 251 2260 1816 2340">
     <span class='ocr_line' id='line_1_39' title="bbox 251 2260 1816 2340; baseline 0.007 -29"><span class='ocrx_word' id='word_1_267' title='bbox 251 2260 665 2328; x_wconf 80' lang='grc' dir='ltr'>βαπτισθέντος,</span> <span class='ocrx_word' id='word_1_268' title='bbox 696 2266 791 2316; x_wconf 57' lang='grc' dir='ltr'><strong>καλ⁹</strong></span> <span class='ocrx_word' id='word_1_269' title='bbox 835 2265 1009 2336; x_wconf 85' lang='grc' dir='ltr'>ἀρχὴν</span> <span class='ocrx_word' id='word_1_270' title='bbox 1045 2267 1203 2334; x_wconf 82' lang='grc' dir='ltr'>ἁγίαν</span> <span class='ocrx_word' id='word_1_271' title='bbox 1235 2268 1332 2337; x_wconf 81' lang='grc' dir='ltr'><strong>τῆς</strong></span> <span class='ocrx_word' id='word_1_272' title='bbox 1364 2268 1620 2338; x_wconf 84' lang='grc' dir='ltr'>τοιαύτης</span> <span class='ocrx_word' id='word_1_273' title='bbox 1664 2270 1816 2340; x_wconf 85' lang='grc' dir='ltr'>χάρι-</span> 
     </span>
    </p>
   </div>
   <div class='ocr_carea' id='block_1_40' title="bbox 248 2352 1812 2431">
    <p class='ocr_par' dir='ltr' id='par_1_40' title="bbox 248 2352 1812 2431">
     <span class='ocr_line' id='line_1_40' title="bbox 248 2352 1812 2431; baseline 0.007 -28"><span class='ocrx_word' id='word_1_274' title='bbox 248 2368 377 2414; x_wconf 88' lang='grc' dir='ltr'>τος,</span> <span class='ocrx_word' id='word_1_275' title='bbox 427 2352 521 2405; x_wconf 79' lang='grc' dir='ltr'><strong>καὶ</strong></span> <span class='ocrx_word' id='word_1_276' title='bbox 561 2354 653 2406; x_wconf 87' lang='grc' dir='ltr'><strong>τὸν</strong></span> <span class='ocrx_word' id='word_1_277' title='bbox 701 2355 963 2424; x_wconf 83' lang='grc' dir='ltr'>βυθισμὺν</span> <span class='ocrx_word' id='word_1_278' title='bbox 1009 2357 1404 2428; x_wconf 83' lang='grc' dir='ltr'>θεατρίζοντες.</span> <span class='ocrx_word' id='word_1_279' title='bbox 1466 2360 1622 2413; x_wconf 80' lang='grc' dir='ltr'>Ἔστι</span> <span class='ocrx_word' id='word_1_280' title='bbox 1682 2362 1737 2413; x_wconf 87' lang='grc' dir='ltr'><strong>δὲ</strong></span> <span class='ocrx_word' id='word_1_281' title='bbox 1779 2364 1812 2431; x_wconf 88' lang='grc' dir='ltr'><strong>ἡ</strong></span> 
     </span>
    </p>
   </div>
   <div class='ocr_carea' id='block_1_41' title="bbox 247 2443 1814 2522">
    <p class='ocr_par' dir='ltr' id='par_1_41' title="bbox 247 2443 1814 2522">
     <span class='ocr_line' id='line_1_41' title="bbox 247 2443 1814 2522; baseline 0.005 -27"><span class='ocrx_word' id='word_1_282' title='bbox 247 2443 470 2514; x_wconf 85' lang='grc' dir='ltr'>τοιαύτη</span> <span class='ocrx_word' id='word_1_283' title='bbox 501 2447 748 2517; x_wconf 79' lang='grc' dir='ltr'>χαρμονὴ</span> <span class='ocrx_word' id='word_1_284' title='bbox 772 2449 902 2516; x_wconf 85' lang='grc' dir='ltr'>ἡμῖν</span> <span class='ocrx_word' id='word_1_285' title='bbox 930 2448 1024 2500; x_wconf 90' lang='grc' dir='ltr'><strong>τοῦ</strong></span> <span class='ocrx_word' id='word_1_286' title='bbox 1060 2448 1408 2520; x_wconf 80' lang='grc' dir='ltr'>βροτογτόνου</span> <span class='ocrx_word' id='word_1_287' title='bbox 1439 2451 1665 2522; x_wconf 81' lang='grc' dir='ltr'>τοιούτῳ</span> <span class='ocrx_word' id='word_1_288' title='bbox 1693 2452 1814 2521; x_wconf 82' lang='grc' dir='ltr'>τρό-</span> 
     </span>
    </p>
   </div>
   <div class='ocr_carea' id='block_1_42' title="bbox 247 2531 1814 2609">
    <p class='ocr_par' dir='ltr' id='par_1_42' title="bbox 247 2531 1814 2609">
     <span class='ocr_line' id='line_1_42' title="bbox 247 2531 1814 2609; baseline 0.005 -23"><span class='ocrx_word' id='word_1_289' title='bbox 247 2551 357 2604; x_wconf 80' lang='grc' dir='ltr'>πῳ,</span> <span class='ocrx_word' id='word_1_290' title='bbox 399 2536 474 2598; x_wconf 89' lang='grc' dir='ltr'>ὼς</span> <span class='ocrx_word' id='word_1_291' title='bbox 525 2531 613 2590; x_wconf 76' lang='grc' dir='ltr'>οἷά</span> <span class='ocrx_word' id='word_1_292' title='bbox 643 2554 730 2602; x_wconf 87' lang='grc' dir='ltr'><strong>τις</strong></span> <span class='ocrx_word' id='word_1_293' title='bbox 783 2537 1021 2608; x_wconf 82' lang='grc' dir='ltr'>εἰληφὼς</span> <span class='ocrx_word' id='word_1_294' title='bbox 1076 2540 1235 2609; x_wconf 86' lang='grc' dir='ltr'>χάριν</span> <span class='ocrx_word' id='word_1_295' title='bbox 1279 2541 1398 2593; x_wconf 71' lang='grc' dir='ltr'>τινὰ</span> <span class='ocrx_word' id='word_1_296' title='bbox 1436 2540 1666 2594; x_wconf 87' lang='grc' dir='ltr'>πλούτου</span> <span class='ocrx_word' id='word_1_297' title='bbox 1710 2543 1814 2595; x_wconf 85' lang='grc' dir='ltr'><strong>ὑπό</strong></span> 
     </span>
    </p>
   </div>
   <div class='ocr_carea' id='block_1_43' title="bbox 245 2627 1812 2703">
    <p class='ocr_par' dir='ltr' id='par_1_43' title="bbox 245 2627 1812 2703">
     <span class='ocr_line' id='line_1_43' title="bbox 245 2627 1812 2703; baseline 0.005 -25"><span class='ocrx_word' id='word_1_298' title='bbox 245 2644 393 2689; x_wconf 91' lang='grc' dir='ltr'>τινος</span> <span class='ocrx_word' id='word_1_299' title='bbox 422 2627 705 2697; x_wconf 79' lang='grc' dir='ltr'>βασιλέως,</span> <span class='ocrx_word' id='word_1_300' title='bbox 737 2630 832 2683; x_wconf 79' lang='grc' dir='ltr'>καὶ</span> <span class='ocrx_word' id='word_1_301' title='bbox 881 2631 1019 2701; x_wconf 77' lang='grc' dir='ltr'>ἔχων</span> <span class='ocrx_word' id='word_1_302' title='bbox 1053 2635 1110 2684; x_wconf 86' lang='grc' dir='ltr'>ὲν</span> <span class='ocrx_word' id='word_1_303' title='bbox 1152 2632 1326 2703; x_wconf 81' lang='grc' dir='ltr'>ἐαυτῷ</span> <span class='ocrx_word' id='word_1_304' title='bbox 1359 2633 1451 2685; x_wconf 77' lang='grc' dir='ltr'><strong>καὶ</strong></span> <span class='ocrx_word' id='word_1_305' title='bbox 1497 2633 1704 2703; x_wconf 88' lang='grc' dir='ltr'>χαίρων</span> <span class='ocrx_word' id='word_1_306' title='bbox 1754 2636 1812 2686; x_wconf 80' lang='grc' dir='ltr'>ὲν</span> 
     </span>
    </p>
   </div>
   <div class='ocr_carea' id='block_1_44' title="bbox 244 2714 1813 2796">
    <p class='ocr_par' dir='ltr' id='par_1_44' title="bbox 244 2714 1813 2796">
     <span class='ocr_line' id='line_1_44' title="bbox 244 2714 1813 2796; baseline 0.006 -28"><span class='ocrx_word' id='word_1_307' title='bbox 244 2722 359 2780; x_wconf 83' lang='grc' dir='ltr'>τοῖς</span> <span class='ocrx_word' id='word_1_308' title='bbox 385 2719 569 2782; x_wconf 86' lang='grc' dir='ltr'>καλοῖς</span> <span class='ocrx_word' id='word_1_309' title='bbox 598 2714 679 2784; x_wconf 76' lang='grc' dir='ltr'>οἷς</span> <span class='ocrx_word' id='word_1_310' title='bbox 718 2721 907 2792; x_wconf 86' lang='grc' dir='ltr'>είληφε</span> <span class='ocrx_word' id='word_1_311' title='bbox 928 2739 941 2753; x_wconf 75' lang='grc' dir='ltr'><strong><em>ο</em></strong></span> <span class='ocrx_word' id='word_1_312' title='bbox 983 2723 1119 2792; x_wconf 84' lang='grc' dir='ltr'>μετὰ</span> <span class='ocrx_word' id='word_1_313' title='bbox 1149 2723 1206 2775; x_wconf 84' lang='grc' dir='ltr'><strong>δέ</strong></span> <span class='ocrx_word' id='word_1_314' title='bbox 1238 2741 1356 2776; x_wconf 81' lang='grc' dir='ltr'>τινα</span> <span class='ocrx_word' id='word_1_315' title='bbox 1384 2724 1594 2793; x_wconf 83' lang='grc' dir='ltr'>χρόνον,</span> <span class='ocrx_word' id='word_1_316' title='bbox 1626 2725 1813 2796; x_wconf 86' lang='grc' dir='ltr'>’ἐτερός</span> 
     </span>
    </p>
   </div>
   <div class='ocr_carea' id='block_1_45' title="bbox 243 2813 1810 2888">
    <p class='ocr_par' dir='ltr' id='par_1_45' title="bbox 243 2813 1810 2888">
     <span class='ocr_line' id='line_1_45' title="bbox 243 2813 1810 2888; baseline -0.003 -15"><span class='ocrx_word' id='word_1_317' title='bbox 243 2829 328 2873; x_wconf 84' lang='grc' dir='ltr'><strong>τις</strong></span> <span class='ocrx_word' id='word_1_318' title='bbox 348 2813 540 2882; x_wconf 75' lang='grc' dir='ltr'>ἐχθρὸς</span> <span class='ocrx_word' id='word_1_319' title='bbox 564 2815 836 2887; x_wconf 85' lang='grc' dir='ltr'>ἀντάρτης</span> <span class='ocrx_word' id='word_1_320' title='bbox 864 2817 958 2870; x_wconf 57' lang='grc' dir='ltr'><strong>καὶ¹</strong></span> <span class='ocrx_word' id='word_1_321' title='bbox 989 2817 1202 2881; x_wconf 80' lang='grc' dir='ltr'>ἀλαζὼν</span> <span class='ocrx_word' id='word_1_322' title='bbox 1225 2819 1466 2888; x_wconf 77' lang='grc' dir='ltr'>πηδήσας</span> <span class='ocrx_word' id='word_1_323' title='bbox 1498 2818 1681 2879; x_wconf 85' lang='grc' dir='ltr'>ποθὲν,</span> <span class='ocrx_word' id='word_1_324' title='bbox 1717 2818 1810 2869; x_wconf 74' lang='grc' dir='ltr'>καὶ</span> 
     </span>
    </p>
   </div>
   <div class='ocr_carea' id='block_1_46' title="bbox 242 2905 1812 2980">
    <p class='ocr_par' dir='ltr' id='par_1_46' title="bbox 242 2905 1812 2980">
     <span class='ocr_line' id='line_1_46' title="bbox 242 2905 1812 2980; baseline 0.005 -26"><span class='ocrx_word' id='word_1_325' title='bbox 242 2905 337 2955; x_wconf 85' lang='grc' dir='ltr'><strong>τοῦ</strong></span> <span class='ocrx_word' id='word_1_326' title='bbox 362 2905 575 2973; x_wconf 78' lang='grc' dir='ltr'>ἔχοντος</span> <span class='ocrx_word' id='word_1_327' title='bbox 604 2906 832 2960; x_wconf 85' lang='grc' dir='ltr'>πλούτου</span> <span class='ocrx_word' id='word_1_328' title='bbox 855 2908 1010 2960; x_wconf 88' lang='grc' dir='ltr'>τοῦδε</span> <span class='ocrx_word' id='word_1_329' title='bbox 1040 2910 1426 2980; x_wconf 83' lang='grc' dir='ltr'>ἀποστερήσει,</span> <span class='ocrx_word' id='word_1_330' title='bbox 1467 2909 1693 2977; x_wconf 73' lang='grc' dir='ltr'>προσέτι</span> <span class='ocrx_word' id='word_1_331' title='bbox 1715 2911 1812 2962; x_wconf 71' lang='grc' dir='ltr'>καὶ</span> 
     </span>
    </p>
   </div>
   <div class='ocr_carea' id='block_1_47' title="bbox 243 2994 1810 3072">
    <p class='ocr_par' dir='ltr' id='par_1_47' title="bbox 243 2994 1810 3072">
     <span class='ocr_line' id='line_1_47' title="bbox 243 2994 1810 3072; baseline 0.004 -26"><span class='ocrx_word' id='word_1_332' title='bbox 243 2999 549 3064; x_wconf 82' lang='grc' dir='ltr'>τιμωρήσει</span> <span class='ocrx_word' id='word_1_333' title='bbox 612 2996 837 3065; x_wconf 76' lang='grc' dir='ltr'>βιαίως·</span> <span class='ocrx_word' id='word_1_334' title='bbox 882 2994 991 3052; x_wconf 69' lang='grc' dir='ltr'>εἴτε</span> <span class='ocrx_word' id='word_1_335' title='bbox 1042 2996 1134 3053; x_wconf 80' lang='grc' dir='ltr'>οὖν</span> <span class='ocrx_word' id='word_1_336' title='bbox 1178 3001 1336 3052; x_wconf 90' lang='grc' dir='ltr'>τοῦτο</span> <span class='ocrx_word' id='word_1_337' title='bbox 1376 3001 1678 3070; x_wconf 79' lang='grc' dir='ltr'>κατάδηλον</span> <span class='ocrx_word' id='word_1_338' title='bbox 1733 3003 1810 3072; x_wconf 80' lang='grc' dir='ltr'>τῷ</span> 
     </span>
    </p>
   </div>
   <div class='ocr_carea' id='block_1_48' title="bbox 245 3087 1811 3162">
    <p class='ocr_par' dir='ltr' id='par_1_48' title="bbox 245 3087 1811 3162">
     <span class='ocr_line' id='line_1_48' title="bbox 245 3087 1811 3162; baseline 0.004 -24"><span class='ocrx_word' id='word_1_339' title='bbox 245 3087 459 3155; x_wconf 85' lang='grc' dir='ltr'>βασιλεῖ</span> <span class='ocrx_word' id='word_1_340' title='bbox 494 3089 716 3154; x_wconf 86' lang='grc' dir='ltr'>γεγονός</span> <span class='ocrx_word' id='word_1_341' title='bbox 738 3105 751 3119; x_wconf 77' lang='grc'><strong>⁸</strong></span> <span class='ocrx_word' id='word_1_342' title='bbox 784 3093 812 3143; x_wconf 90' lang='grc' dir='ltr'>ὁ</span> <span class='ocrx_word' id='word_1_343' title='bbox 835 3090 889 3142; x_wconf 83' lang='grc' dir='ltr'><strong>δὲ</strong></span> <span class='ocrx_word' id='word_1_344' title='bbox 913 3092 1060 3162; x_wconf 75' lang='grc' dir='ltr'>ἥκει,</span> <span class='ocrx_word' id='word_1_345' title='bbox 1102 3092 1196 3144; x_wconf 78' lang='grc' dir='ltr'>καὶ</span> <span class='ocrx_word' id='word_1_346' title='bbox 1225 3092 1314 3144; x_wconf 81' lang='grc' dir='ltr'><strong>τὸν</strong></span> <span class='ocrx_word' id='word_1_347' title='bbox 1337 3092 1648 3162; x_wconf 84' lang='grc' dir='ltr'>ἀποστάτην</span> <span class='ocrx_word' id='word_1_348' title='bbox 1673 3095 1811 3144; x_wconf 77' lang='grc' dir='ltr'>ἐκεῖ·</span> 
     </span>
    </p>
   </div>
   <div class='ocr_carea' id='block_1_49' title="bbox 243 3180 1807 3252">
    <p class='ocr_par' dir='ltr' id='par_1_49' title="bbox 243 3180 1807 3252">
     <span class='ocr_line' id='line_1_49' title="bbox 243 3180 1807 3252; baseline 0.003 -23"><span class='ocrx_word' id='word_1_349' title='bbox 243 3195 333 3230; x_wconf 87' lang='grc' dir='ltr'><strong>νον</strong></span> <span class='ocrx_word' id='word_1_350' title='bbox 366 3180 690 3250; x_wconf 79' lang='grc' dir='ltr'>τιμωρήσας</span> <span class='ocrx_word' id='word_1_351' title='bbox 722 3180 984 3251; x_wconf 81' lang='grc' dir='ltr'>ἀνηλεῶς,</span> <span class='ocrx_word' id='word_1_352' title='bbox 1017 3183 1109 3234; x_wconf 71' lang='grc' dir='ltr'>καὶ</span> <span class='ocrx_word' id='word_1_353' title='bbox 1147 3182 1237 3235; x_wconf 82' lang='grc' dir='ltr'><strong>τὸν</strong></span> <span class='ocrx_word' id='word_1_354' title='bbox 1263 3183 1599 3252; x_wconf 83' lang='grc' dir='ltr'>ἀφελόμενον</span> <span class='ocrx_word' id='word_1_355' title='bbox 1640 3182 1807 3234; x_wconf 88' lang='grc' dir='ltr'>πλοῦ-</span> 
     </span>
    </p>
   </div>
   <div class='ocr_carea' id='block_1_50' title="bbox 241 3270 1811 3344">
    <p class='ocr_par' dir='ltr' id='par_1_50' title="bbox 241 3270 1811 3344">
     <span class='ocr_line' id='line_1_50' title="bbox 241 3270 1811 3344; baseline 0.002 -21"><span class='ocrx_word' id='word_1_356' title='bbox 241 3288 333 3323; x_wconf 88' lang='grc' dir='ltr'><strong>τον</strong></span> <span class='ocrx_word' id='word_1_357' title='bbox 361 3271 439 3340; x_wconf 85' lang='grc' dir='ltr'><strong>τῷ</strong></span> <span class='ocrx_word' id='word_1_358' title='bbox 460 3270 634 3340; x_wconf 76' lang='grc' dir='ltr'>ἔχοντι</span> <span class='ocrx_word' id='word_1_359' title='bbox 652 3273 953 3325; x_wconf 84' lang='grc' dir='ltr'>ἀποδώσει·</span> <span class='ocrx_word' id='word_1_360' title='bbox 981 3274 1159 3326; x_wconf 85' lang='grc' dir='ltr'>καίτοι</span> <span class='ocrx_word' id='word_1_361' title='bbox 1191 3274 1285 3328; x_wconf 74' lang='grc' dir='ltr'>καὶ</span> <span class='ocrx_word' id='word_1_362' title='bbox 1317 3275 1500 3326; x_wconf 85' lang='grc' dir='ltr'>πλεῖον</span> <span class='ocrx_word' id='word_1_363' title='bbox 1527 3274 1620 3327; x_wconf 91' lang='grc' dir='ltr'><strong>τοῦ</strong></span> <span class='ocrx_word' id='word_1_364' title='bbox 1676 3292 1811 3344; x_wconf 87' lang='grc' dir='ltr'>προ·</span> 
     </span>
    </p>
   </div>
   <div class='ocr_carea' id='block_1_51' title="bbox 242 3361 1811 3437">
    <p class='ocr_par' dir='ltr' id='par_1_51' title="bbox 242 3361 1811 3437">
     <span class='ocr_line' id='line_1_51' title="bbox 242 3361 1811 3437; baseline 0.004 -24"><span class='ocrx_word' id='word_1_365' title='bbox 242 3361 401 3432; x_wconf 87' lang='grc' dir='ltr'>τέρου</span> <span class='ocrx_word' id='word_1_366' title='bbox 427 3364 751 3434; x_wconf 81' lang='grc' dir='ltr'>ὲπιχαρήσει</span> <span class='ocrx_word' id='word_1_367' title='bbox 778 3367 1004 3434; x_wconf 85' lang='grc' dir='ltr'>σημεῖον</span> <span class='ocrx_word' id='word_1_368' title='bbox 1057 3365 1356 3435; x_wconf 81' lang='grc' dir='ltr'>βασιλικὸν,</span> <span class='ocrx_word' id='word_1_369' title='bbox 1406 3367 1433 3418; x_wconf 87' lang='grc' dir='ltr'><strong>ὃ</strong></span> <span class='ocrx_word' id='word_1_370' title='bbox 1460 3368 1552 3420; x_wconf 71' lang='grc' dir='ltr'>καὶ</span> <span class='ocrx_word' id='word_1_371' title='bbox 1583 3367 1811 3437; x_wconf 65' lang='grc' dir='ltr'>φοϐερὸν</span> 
     </span>
    </p>
   </div>
   <div class='ocr_carea' id='block_1_52' title="bbox 241 3455 1810 3529">
    <p class='ocr_par' dir='ltr' id='par_1_52' title="bbox 241 3455 1810 3529">
     <span class='ocr_line' id='line_1_52' title="bbox 241 3455 1810 3529; baseline 0.005 -26"><span class='ocrx_word' id='word_1_372' title='bbox 241 3455 452 3525; x_wconf 67' lang='grc' dir='ltr'>γίνεται</span> <span class='ocrx_word' id='word_1_373' title='bbox 494 3456 606 3517; x_wconf 79' lang='grc' dir='ltr'>τοῖς</span> <span class='ocrx_word' id='word_1_374' title='bbox 642 3456 987 3520; x_wconf 86' lang='grc' dir='ltr'>ὑπεναντίοις</span> <span class='ocrx_word' id='word_1_375' title='bbox 1008 3476 1023 3490; x_wconf 75' lang='grc' dir='ltr'><strong>ο</strong></span> <span class='ocrx_word' id='word_1_376' title='bbox 1045 3458 1274 3528; x_wconf 83' lang='grc' dir='ltr'>τοιούτῳ</span> <span class='ocrx_word' id='word_1_377' title='bbox 1304 3459 1593 3528; x_wconf 89' lang='grc' dir='ltr'>τοιγαροῦν</span> <span class='ocrx_word' id='word_1_378' title='bbox 1628 3477 1810 3529; x_wconf 86' lang='grc' dir='ltr'>παρα-</span> 
     </span>
    </p>
   </div>
   <div class='ocr_carea' id='block_1_53' title="bbox 241 3544 1809 3620">
    <p class='ocr_par' dir='ltr' id='par_1_53' title="bbox 241 3544 1809 3620">
     <span class='ocr_line' id='line_1_53' title="bbox 241 3544 1809 3620; baseline 0.003 -23"><span class='ocrx_word' id='word_1_379' title='bbox 241 3544 494 3615; x_wconf 83' lang='grc' dir='ltr'>δείγματι</span> <span class='ocrx_word' id='word_1_380' title='bbox 540 3547 635 3598; x_wconf 78' lang='grc' dir='ltr'><strong>καὶ</strong></span> <span class='ocrx_word' id='word_1_381' title='bbox 675 3549 704 3601; x_wconf 83' lang='grc' dir='ltr'>ὁ</span> <span class='ocrx_word' id='word_1_382' title='bbox 731 3548 999 3617; x_wconf 83' lang='grc' dir='ltr'>ἡμέτερος</span> <span class='ocrx_word' id='word_1_383' title='bbox 1030 3549 1232 3618; x_wconf 88' lang='grc' dir='ltr'>Κύριος</span> <span class='ocrx_word' id='word_1_384' title='bbox 1271 3551 1507 3620; x_wconf 78' lang='grc' dir='ltr'>ποιήσας</span> <span class='ocrx_word' id='word_1_385' title='bbox 1556 3549 1633 3619; x_wconf 82' lang='grc' dir='ltr'>τῷ</span> <span class='ocrx_word' id='word_1_386' title='bbox 1673 3552 1809 3603; x_wconf 88' lang='grc' dir='ltr'>ἀπο-</span> 
     </span>
    </p>
   </div>
   <div class='ocr_carea' id='block_1_54' title="bbox 244 3636 1811 3712">
    <p class='ocr_par' dir='ltr' id='par_1_54' title="bbox 244 3636 1811 3712">
     <span class='ocr_line' id='line_1_54' title="bbox 244 3636 1811 3712; baseline 0.004 -24"><span class='ocrx_word' id='word_1_387' title='bbox 244 3636 414 3708; x_wconf 84' lang='grc' dir='ltr'>στάτῃ</span> <span class='ocrx_word' id='word_1_388' title='bbox 446 3636 657 3708; x_wconf 79' lang='grc' dir='ltr'>ἐχθρῷ,</span> <span class='ocrx_word' id='word_1_389' title='bbox 692 3637 1072 3708; x_wconf 82' lang='grc' dir='ltr'>δέδωκενὴμίν</span> <span class='ocrx_word' id='word_1_390' title='bbox 1103 3640 1270 3692; x_wconf 85' lang='grc' dir='ltr'>πλείω</span> <span class='ocrx_word' id='word_1_391' title='bbox 1307 3640 1398 3692; x_wconf 87' lang='grc' dir='ltr'><strong>τοῦ</strong></span> <span class='ocrx_word' id='word_1_392' title='bbox 1445 3641 1709 3712; x_wconf 83' lang='grc' dir='ltr'>προτέρου</span> <span class='ocrx_word' id='word_1_393' title='bbox 1757 3645 1811 3694; x_wconf 84' lang='grc' dir='ltr'><strong>ὲ-</strong></span> 
     </span>
    </p>
   </div>
   <div class='ocr_carea' id='block_1_55' title="bbox 241 3726 1811 3801">
    <p class='ocr_par' dir='ltr' id='par_1_55' title="bbox 241 3726 1811 3801">
     <span class='ocr_line' id='line_1_55' title="bbox 241 3726 1811 3801; baseline 0.004 -22"><span class='ocrx_word' id='word_1_394' title='bbox 241 3726 422 3779; x_wconf 84' lang='grc' dir='ltr'>κείνου</span> <span class='ocrx_word' id='word_1_395' title='bbox 448 3728 547 3799; x_wconf 85' lang='grc' dir='ltr'><strong>τὴν</strong></span> <span class='ocrx_word' id='word_1_396' title='bbox 588 3728 747 3799; x_wconf 89' lang='grc' dir='ltr'>χάριν</span> <span class='ocrx_word' id='word_1_397' title='bbox 792 3730 890 3798; x_wconf 79' lang='grc' dir='ltr'><strong>τῆς</strong></span> <span class='ocrx_word' id='word_1_398' title='bbox 920 3729 1357 3798; x_wconf 80' lang='grc' dir='ltr'>παλιγγενεσίας.</span> <span class='ocrx_word' id='word_1_399' title='bbox 1421 3732 1515 3794; x_wconf 87' lang='grc' dir='ltr'>Είς</span> <span class='ocrx_word' id='word_1_400' title='bbox 1545 3731 1673 3798; x_wconf 89' lang='grc' dir='ltr'>γοῦν</span> <span class='ocrx_word' id='word_1_401' title='bbox 1712 3733 1811 3801; x_wconf 78' lang='grc' dir='ltr'>τὴν</span> 
     </span>
    </p>
   </div>
   <div class='ocr_carea' id='block_1_56' title="bbox 241 3819 1808 3891">
    <p class='ocr_par' dir='ltr' id='par_1_56' title="bbox 241 3819 1808 3891">
     <span class='ocr_line' id='line_1_56' title="bbox 241 3819 1808 3891; baseline 0 -19"><span class='ocrx_word' id='word_1_402' title='bbox 241 3819 598 3886; x_wconf 84' lang='grc' dir='ltr'>ἁναγέννησιν</span> <span class='ocrx_word' id='word_1_403' title='bbox 618 3819 684 3873; x_wconf 87' lang='grc' dir='ltr'><strong>δι’</strong></span> <span class='ocrx_word' id='word_1_404' title='bbox 712 3819 901 3880; x_wconf 79' lang='grc' dir='ltr'>ὕδατός</span> <span class='ocrx_word' id='word_1_405' title='bbox 929 3838 988 3873; x_wconf 90' lang='grc' dir='ltr'><strong>τε</strong></span> <span class='ocrx_word' id='word_1_406' title='bbox 1019 3823 1113 3873; x_wconf 78' lang='grc' dir='ltr'><strong>καὶ</strong></span> <span class='ocrx_word' id='word_1_407' title='bbox 1131 3821 1468 3890; x_wconf 88' lang='grc' dir='ltr'>Πνεύματος,</span> <span class='ocrx_word' id='word_1_408' title='bbox 1497 3821 1646 3891; x_wconf 83' lang='grc' dir='ltr'>διττὴ</span> <span class='ocrx_word' id='word_1_409' title='bbox 1677 3823 1808 3890; x_wconf 85' lang='grc' dir='ltr'>ἡμῖν</span> 
     </span>
    </p>
   </div>
   <div class='ocr_carea' id='block_1_57' title="bbox 241 3909 1810 3982">
    <p class='ocr_par' dir='ltr' id='par_1_57' title="bbox 241 3909 1810 3982">
     <span class='ocr_line' id='line_1_57' title="bbox 241 3909 1810 3982; baseline 0.003 -22"><span class='ocrx_word' id='word_1_410' title='bbox 241 3909 448 3976; x_wconf 87' lang='grc' dir='ltr'>γίνεται</span> <span class='ocrx_word' id='word_1_411' title='bbox 478 3913 512 3980; x_wconf 87' lang='grc' dir='ltr'><strong>ἡ</strong></span> <span class='ocrx_word' id='word_1_412' title='bbox 541 3910 793 3981; x_wconf 86' lang='grc' dir='ltr'>παροῦσα</span> <span class='ocrx_word' id='word_1_413' title='bbox 825 3910 1117 3982; x_wconf 85' lang='grc' dir='ltr'>κάθαρσις·</span> <span class='ocrx_word' id='word_1_414' title='bbox 1168 3911 1253 3964; x_wconf 82' lang='grc' dir='ltr'><strong>διὰ</strong></span> <span class='ocrx_word' id='word_1_415' title='bbox 1283 3911 1381 3981; x_wconf 85' lang='grc' dir='ltr'><strong>μὲν</strong></span> <span class='ocrx_word' id='word_1_416' title='bbox 1414 3910 1508 3963; x_wconf 90' lang='grc' dir='ltr'><strong>τοῦ</strong></span> <span class='ocrx_word' id='word_1_417' title='bbox 1541 3910 1730 3973; x_wconf 79' lang='grc' dir='ltr'>ὓδατος</span> <span class='ocrx_word' id='word_1_418' title='bbox 1751 3911 1810 3964; x_wconf 84' lang='grc' dir='ltr'><strong>τὸ</strong></span> 
     </span>
    </p>
   </div>
   <div class='ocr_carea' id='block_1_58' title="bbox 243 4001 1807 4072">
    <p class='ocr_par' dir='ltr' id='par_1_58' title="bbox 243 4001 1807 4072">
     <span class='ocr_line' id='line_1_58' title="bbox 243 4001 1807 4072; baseline 0.001 -19"><span class='ocrx_word' id='word_1_419' title='bbox 243 4003 399 4070; x_wconf 87' lang='grc' dir='ltr'>σῶμα</span> <span class='ocrx_word' id='word_1_420' title='bbox 426 4003 730 4072; x_wconf 88' lang='grc' dir='ltr'>σμήχεται,</span> <span class='ocrx_word' id='word_1_421' title='bbox 772 4005 867 4056; x_wconf 71' lang='grc' dir='ltr'><strong>καὶ</strong></span> <span class='ocrx_word' id='word_1_422' title='bbox 913 4003 1002 4056; x_wconf 79' lang='grc' dir='ltr'><strong>διὰ</strong></span> <span class='ocrx_word' id='word_1_423' title='bbox 1037 4002 1132 4056; x_wconf 92' lang='grc' dir='ltr'><strong>τοῦ</strong></span> <span class='ocrx_word' id='word_1_424' title='bbox 1163 4003 1476 4072; x_wconf 88' lang='grc' dir='ltr'>Πνεύματος</span> <span class='ocrx_word' id='word_1_425' title='bbox 1504 4003 1565 4054; x_wconf 87' lang='grc' dir='ltr'><strong>τὸ</strong></span> <span class='ocrx_word' id='word_1_426' title='bbox 1590 4001 1807 4071; x_wconf 85' lang='grc' dir='ltr'>πνεῦμα</span> 
     </span>
    </p>
   </div>
   <div class='ocr_carea' id='block_1_59' title="bbox 241 4084 1802 4164">
    <p class='ocr_par' dir='ltr' id='par_1_59' title="bbox 241 4084 1802 4164">
     <span class='ocr_line' id='line_1_59' title="bbox 241 4084 1802 4164; baseline -0.001 -17"><span class='ocrx_word' id='word_1_427' title='bbox 241 4092 669 4156; x_wconf 79' lang='grc' dir='ltr'>ἀνακαινίξεται.</span> <span class='ocrx_word' id='word_1_428' title='bbox 709 4094 832 4156; x_wconf 86' lang='grc' dir='ltr'>Πῶς</span> <span class='ocrx_word' id='word_1_429' title='bbox 859 4095 968 4164; x_wconf 85' lang='grc' dir='ltr'>γὰρ</span> <span class='ocrx_word' id='word_1_430' title='bbox 1002 4095 1063 4148; x_wconf 83' lang='grc' dir='ltr'>οὺ</span> <span class='ocrx_word' id='word_1_431' title='bbox 1093 4084 1316 4147; x_wconf 73' lang='grc' dir='ltr'>δυνατόν</span> <span class='ocrx_word' id='word_1_432' title='bbox 1346 4093 1714 4163; x_wconf 84' lang='grc' dir='ltr'>εὐφρανθῆναί</span> <span class='ocrx_word' id='word_1_433' title='bbox 1744 4112 1802 4146; x_wconf 89' lang='grc' dir='ltr'><strong>τε</strong></span> 
     </span>
    </p>
   </div>
   <div class='ocr_carea' id='block_1_60' title="bbox 241 4183 1807 4255">
    <p class='ocr_par' dir='ltr' id='par_1_60' title="bbox 241 4183 1807 4255">
     <span class='ocr_line' id='line_1_60' title="bbox 241 4183 1807 4255; baseline -0.002 -18"><span class='ocrx_word' id='word_1_434' title='bbox 241 4185 333 4237; x_wconf 83' lang='grc' dir='ltr'>καὶ</span> <span class='ocrx_word' id='word_1_435' title='bbox 363 4184 624 4255; x_wconf 88' lang='grc' dir='ltr'>χορεῦσαι</span> <span class='ocrx_word' id='word_1_436' title='bbox 653 4183 750 4255; x_wconf 83' lang='grc' dir='ltr'>τὴν</span> <span class='ocrx_word' id='word_1_437' title='bbox 779 4185 934 4254; x_wconf 89' lang='grc' dir='ltr'>ἡμῶν</span> <span class='ocrx_word' id='word_1_438' title='bbox 961 4183 1396 4254; x_wconf 78' lang='grc' dir='ltr'>σωτηρίαν;’καὶ</span> <span class='ocrx_word' id='word_1_439' title='bbox 1420 4184 1549 4253; x_wconf 85' lang='grc' dir='ltr'>γὰρ,</span> <span class='ocrx_word' id='word_1_440' title='bbox 1579 4183 1652 4246; x_wconf 81' lang='grc' dir='ltr'>ὡς</span> <span class='ocrx_word' id='word_1_441' title='bbox 1678 4183 1807 4250; x_wconf 78' lang='grc' dir='ltr'>ἔγω-</span> 
     </span>
    </p>
   </div>
   <div class='ocr_carea' id='block_1_61' title="bbox 241 4271 1805 4344">
    <p class='ocr_par' dir='ltr' id='par_1_61' title="bbox 241 4271 1805 4344">
     <span class='ocr_line' id='line_1_61' title="bbox 241 4271 1805 4344; baseline 0 -19"><span class='ocrx_word' id='word_1_442' title='bbox 241 4289 303 4340; x_wconf 87' lang='grc' dir='ltr'><strong>γε</strong></span> <span class='ocrx_word' id='word_1_443' title='bbox 331 4271 507 4342; x_wconf 76' lang='grc' dir='ltr'>οἶμαι,</span> <span class='ocrx_word' id='word_1_444' title='bbox 541 4275 569 4326; x_wconf 84' lang='grc' dir='ltr'><strong>ό</strong></span> <span class='ocrx_word' id='word_1_445' title='bbox 598 4273 672 4343; x_wconf 84' lang='grc' dir='ltr'>μὴ</span> <span class='ocrx_word' id='word_1_446' title='bbox 695 4274 1118 4344; x_wconf 83' lang='grc' dir='ltr'>εὐφραινόμενος</span> <span class='ocrx_word' id='word_1_447' title='bbox 1150 4276 1249 4344; x_wconf 84' lang='grc' dir='ltr'>τὴν</span> <span class='ocrx_word' id='word_1_448' title='bbox 1284 4273 1566 4344; x_wconf 89' lang='grc' dir='ltr'>παροῦσαν</span> <span class='ocrx_word' id='word_1_449' title='bbox 1594 4274 1805 4343; x_wconf 81' lang='grc' dir='ltr'>ἡμέραν</span> 
     </span>
    </p>
   </div>
   <div class='ocr_carea' id='block_1_62' title="bbox 241 4363 1804 4434">
    <p class='ocr_par' dir='ltr' id='par_1_62' title="bbox 241 4363 1804 4434">
     <span class='ocr_line' id='line_1_62' title="bbox 241 4363 1804 4434; baseline 0 -18"><span class='ocrx_word' id='word_1_450' title='bbox 241 4363 331 4416; x_wconf 90' lang='grc' dir='ltr'><strong>τοῦ</strong></span> <span class='ocrx_word' id='word_1_451' title='bbox 376 4365 534 4431; x_wconf 84' lang='grc' dir='ltr'>ἁγίου</span> <span class='ocrx_word' id='word_1_452' title='bbox 561 4363 958 4434; x_wconf 85' lang='grc' dir='ltr'>βαπτίσματος,</span> <span class='ocrx_word' id='word_1_453' title='bbox 986 4366 1048 4418; x_wconf 83' lang='grc' dir='ltr'><strong>οὐ</strong></span> <span class='ocrx_word' id='word_1_454' title='bbox 1081 4366 1346 4434; x_wconf 89' lang='grc' dir='ltr'>σωτήριος</span> <span class='ocrx_word' id='word_1_455' title='bbox 1375 4365 1523 4434; x_wconf 83' lang='grc' dir='ltr'>αὐτῷ</span> <span class='ocrx_word' id='word_1_456' title='bbox 1555 4366 1804 4432; x_wconf 90' lang='grc' dir='ltr'>φαίνεται</span> 
     </span>
    </p>
   </div>
   <div class='ocr_carea' id='block_1_63' title="bbox 1921 2174 3485 2257">
    <p class='ocr_par' dir='ltr' id='par_1_63' title="bbox 1921 2174 3485 2257">
     <span class='ocr_line' id='line_1_63' title="bbox 1921 2174 3485 2257; baseline 0.012 -31"><span class='ocrx_word' id='word_1_457' title='bbox 1921 2181 1975 2227; x_wconf 88' lang='lat' dir='ltr'><strong>et</strong></span> <span class='ocrx_word' id='word_1_458' title='bbox 2002 2174 2224 2244; x_wconf 83' lang='lat' dir='ltr'><strong>gloriam</strong></span> <span class='ocrx_word' id='word_1_459' title='bbox 2257 2177 2548 2246; x_wconf 85' lang='lat' dir='ltr'><strong>baptizati;</strong></span> <span class='ocrx_word' id='word_1_460' title='bbox 2584 2190 2746 2251; x_wconf 91' lang='lat' dir='ltr'><strong>atque</strong></span> <span class='ocrx_word' id='word_1_461' title='bbox 2788 2185 2858 2238; x_wconf 91' lang='lat' dir='ltr'><strong>ob</strong></span> <span class='ocrx_word' id='word_1_462' title='bbox 2897 2194 3060 2240; x_wconf 62' lang='lat' dir='ltr'><strong>tantae</strong></span> <span class='ocrx_word' id='word_1_463' title='bbox 3094 2188 3278 2257; x_wconf 77' lang='lat' dir='ltr'><strong>gratiae</strong></span> <span class='ocrx_word' id='word_1_464' title='bbox 3323 2205 3485 2244; x_wconf 84' lang='lat' dir='ltr'><strong>exor-</strong></span> 
     </span>
    </p>
   </div>
   <div class='ocr_carea' id='block_1_64' title="bbox 1919 2264 3490 2343">
    <p class='ocr_par' dir='ltr' id='par_1_64' title="bbox 1919 2264 3490 2343">
     <span class='ocr_line' id='line_1_64' title="bbox 1919 2264 3490 2343; baseline 0.013 -27"><span class='ocrx_word' id='word_1_465' title='bbox 1919 2264 2068 2318; x_wconf 91' lang='lat' dir='ltr'><strong>dium</strong></span> <span class='ocrx_word' id='word_1_466' title='bbox 2091 2306 2105 2330; x_wconf 90' lang='lat'><strong>,</strong></span> <span class='ocrx_word' id='word_1_467' title='bbox 2144 2267 2466 2323; x_wconf 82' lang='lat' dir='ltr'><strong>mei-sionem</strong></span> <span class='ocrx_word' id='word_1_468' title='bbox 2496 2285 2716 2340; x_wconf 88' lang='lat' dir='ltr'><strong>quoque</strong></span> <span class='ocrx_word' id='word_1_469' title='bbox 2753 2274 3028 2343; x_wconf 90' lang='lat' dir='ltr'><strong>publicam</strong></span> <span class='ocrx_word' id='word_1_470' title='bbox 3070 2279 3322 2335; x_wconf 81' lang='lat' dir='ltr'><strong>facimus.</strong></span> <span class='ocrx_word' id='word_1_471' title='bbox 3373 2280 3490 2338; x_wconf 86' lang='lat' dir='ltr'><strong>Hoc</strong></span> 
     </span>
    </p>
   </div>
   <div class='ocr_carea' id='block_1_65' title="bbox 1919 2360 3487 2439">
    <p class='ocr_par' dir='ltr' id='par_1_65' title="bbox 1919 2360 3487 2439">
     <span class='ocr_line' id='line_1_65' title="bbox 1919 2360 3487 2439; baseline 0.011 -31"><span class='ocrx_word' id='word_1_472' title='bbox 1919 2365 2101 2408; x_wconf 83' lang='lat' dir='ltr'><strong>autem</strong></span> <span class='ocrx_word' id='word_1_473' title='bbox 2127 2367 2368 2412; x_wconf 89' lang='lat' dir='ltr'><strong>nostrum</strong></span> <span class='ocrx_word' id='word_1_474' title='bbox 2399 2360 2463 2413; x_wconf 91' lang='lat' dir='ltr'><strong>de</strong></span> <span class='ocrx_word' id='word_1_475' title='bbox 2496 2361 2765 2418; x_wconf 89' lang='lat' dir='ltr'><strong>homicida</strong></span> <span class='ocrx_word' id='word_1_476' title='bbox 2789 2365 3010 2422; x_wconf 89' lang='lat' dir='ltr'><strong>diabolo</strong></span> <span class='ocrx_word' id='word_1_477' title='bbox 3045 2369 3306 2437; x_wconf 80' lang='lat' dir='ltr'><strong>gaudium</strong></span> <span class='ocrx_word' id='word_1_478' title='bbox 3334 2371 3487 2439; x_wconf 88' lang='lat' dir='ltr'><strong>ejus-</strong></span> 
     </span>
    </p>
   </div>
   <div class='ocr_carea' id='block_1_66' title="bbox 1917 2446 3484 2531">
    <p class='ocr_par' dir='ltr' id='par_1_66' title="bbox 1917 2446 3484 2531">
     <span class='ocr_line' id='line_1_66' title="bbox 1917 2446 3484 2531; baseline 0.012 -33"><span class='ocrx_word' id='word_1_479' title='bbox 1917 2446 2064 2500; x_wconf 91' lang='lat' dir='ltr'><strong>modi</strong></span> <span class='ocrx_word' id='word_1_480' title='bbox 2098 2457 2215 2512; x_wconf 90' lang='lat' dir='ltr'><strong>est;</strong></span> <span class='ocrx_word' id='word_1_481' title='bbox 2254 2464 2347 2502; x_wconf 90' lang='lat' dir='ltr'><strong>ccu</strong></span> <span class='ocrx_word' id='word_1_482' title='bbox 2375 2449 2419 2503; x_wconf 91' lang='lat' dir='ltr'><strong>si</strong></span> <span class='ocrx_word' id='word_1_483' title='bbox 2447 2451 2571 2519; x_wconf 93' lang='lat' dir='ltr'><strong>quis</strong></span> <span class='ocrx_word' id='word_1_484' title='bbox 2606 2469 2768 2522; x_wconf 90' lang='lat' dir='ltr'><strong>opum</strong></span> <span class='ocrx_word' id='word_1_485' title='bbox 2792 2458 2965 2526; x_wconf 87' lang='lat' dir='ltr'><strong>gratia</strong></span> <span class='ocrx_word' id='word_1_486' title='bbox 3000 2473 3029 2512; x_wconf 90' lang='lat' dir='ltr'><strong>a</strong></span> <span class='ocrx_word' id='word_1_487' title='bbox 3064 2475 3188 2530; x_wconf 89' lang='lat' dir='ltr'><strong>rege</strong></span> <span class='ocrx_word' id='word_1_488' title='bbox 3239 2461 3484 2531; x_wconf 86' lang='lat' dir='ltr'><strong>accepta,</strong></span> 
     </span>
    </p>
   </div>
   <div class='ocr_carea' id='block_1_67' title="bbox 1915 2538 3481 2608">
    <p class='ocr_par' dir='ltr' id='par_1_67' title="bbox 1915 2538 3481 2608">
     <span class='ocr_line' id='line_1_67' title="bbox 1915 2538 3481 2608; baseline 0.013 -21"><span class='ocrx_word' id='word_1_489' title='bbox 1915 2548 1976 2588; x_wconf 89' lang='lat' dir='ltr'><strong>ea</strong></span> <span class='ocrx_word' id='word_1_490' title='bbox 2012 2538 2214 2603; x_wconf 90' lang='lat' dir='ltr'><strong>potitus</strong></span> <span class='ocrx_word' id='word_1_491' title='bbox 2253 2539 2393 2605; x_wconf 91' lang='lat' dir='ltr'><strong>apud</strong></span> <span class='ocrx_word' id='word_1_492' title='bbox 2437 2556 2493 2596; x_wconf 91' lang='lat' dir='ltr'><strong>se</strong></span> <span class='ocrx_word' id='word_1_493' title='bbox 2529 2542 2868 2603; x_wconf 72' lang='lat' dir='ltr'><strong>laetabundus</strong></span> <span class='ocrx_word' id='word_1_494' title='bbox 2920 2547 3213 2606; x_wconf 84' lang='lat' dir='ltr'><strong>fueretur:</strong></span> <span class='ocrx_word' id='word_1_495' title='bbox 3256 2564 3311 2606; x_wconf 86' lang='lat' dir='ltr'><strong>at</strong></span> <span class='ocrx_word' id='word_1_496' title='bbox 3333 2556 3481 2608; x_wconf 92' lang='lat' dir='ltr'><strong>enim</strong></span> 
     </span>
    </p>
   </div>
   <div class='ocr_carea' id='block_1_68' title="bbox 1915 2631 3483 2706">
    <p class='ocr_par' dir='ltr' id='par_1_68' title="bbox 1915 2631 3483 2706">
     <span class='ocr_line' id='line_1_68' title="bbox 1915 2631 3483 2706; baseline 0.012 -27"><span class='ocrx_word' id='word_1_497' title='bbox 1915 2637 2039 2697; x_wconf 85' lang='lat' dir='ltr'><strong>post</strong></span> <span class='ocrx_word' id='word_1_498' title='bbox 2064 2637 2276 2697; x_wconf 85' lang='lat' dir='ltr'><strong>tempus</strong></span> <span class='ocrx_word' id='word_1_499' title='bbox 2306 2631 2545 2700; x_wconf 83' lang='lat' dir='ltr'><strong>aliquod,</strong></span> <span class='ocrx_word' id='word_1_500' title='bbox 2593 2637 2776 2690; x_wconf 90' lang='lat' dir='ltr'><strong>nescio</strong></span> <span class='ocrx_word' id='word_1_501' title='bbox 2811 2639 2933 2706; x_wconf 89' lang='lat' dir='ltr'><strong>quis</strong></span> <span class='ocrx_word' id='word_1_502' title='bbox 2960 2641 3102 2695; x_wconf 89' lang='lat' dir='ltr'><strong>alius</strong></span> <span class='ocrx_word' id='word_1_503' title='bbox 3133 2642 3346 2697; x_wconf 87' lang='lat' dir='ltr'><strong>hostilis</strong></span> <span class='ocrx_word' id='word_1_504' title='bbox 3380 2646 3483 2698; x_wconf 83' lang='lat' dir='ltr'><strong>ad-</strong></span> 
     </span>
    </p>
   </div>
   <div class='ocr_carea' id='block_1_69' title="bbox 1916 2720 3480 2803">
    <p class='ocr_par' dir='ltr' id='par_1_69' title="bbox 1916 2720 3480 2803">
     <span class='ocr_line' id='line_1_69' title="bbox 1916 2720 3480 2803; baseline 0.012 -32"><span class='ocrx_word' id='word_1_505' title='bbox 1916 2720 2192 2776; x_wconf 85' lang='lat' dir='ltr'><strong>versarius</strong></span> <span class='ocrx_word' id='word_1_506' title='bbox 2225 2732 2386 2792; x_wconf 89' lang='lat' dir='ltr'><strong>atque</strong></span> <span class='ocrx_word' id='word_1_507' title='bbox 2415 2725 2682 2791; x_wconf 78' lang='lat' dir='ltr'><strong>superbus</strong></span> <span class='ocrx_word' id='word_1_508' title='bbox 2709 2742 2833 2782; x_wconf 89' lang='lat' dir='ltr'><strong>eum</strong></span> <span class='ocrx_word' id='word_1_509' title='bbox 2865 2730 3120 2785; x_wconf 89' lang='lat' dir='ltr'><strong>alicunde</strong></span> <span class='ocrx_word' id='word_1_510' title='bbox 3140 2736 3480 2803; x_wconf 87' lang='lat' dir='ltr'><strong>aggrediens,</strong></span> 
     </span>
    </p>
   </div>
   <div class='ocr_carea' id='block_1_70' title="bbox 1913 2814 3484 2892">
    <p class='ocr_par' dir='ltr' id='par_1_70' title="bbox 1913 2814 3484 2892">
     <span class='ocr_line' id='line_1_70' title="bbox 1913 2814 3484 2892; baseline 0.012 -27"><span class='ocrx_word' id='word_1_511' title='bbox 1913 2814 2183 2881; x_wconf 90' lang='lat' dir='ltr'><strong>possessis</strong></span> <span class='ocrx_word' id='word_1_512' title='bbox 2243 2817 2440 2883; x_wconf 91' lang='lat' dir='ltr'><strong>opibus</strong></span> <span class='ocrx_word' id='word_1_513' title='bbox 2496 2818 2778 2886; x_wconf 90' lang='lat' dir='ltr'><strong>spoliaret,</strong></span> <span class='ocrx_word' id='word_1_514' title='bbox 2861 2823 3196 2892; x_wconf 89' lang='lat' dir='ltr'><strong>insuperque</strong></span> <span class='ocrx_word' id='word_1_515' title='bbox 3247 2827 3484 2884; x_wconf 88' lang='lat' dir='ltr'><strong>violenta</strong></span> 
     </span>
    </p>
   </div>
   <div class='ocr_carea' id='block_1_71' title="bbox 1914 2903 3480 2986">
    <p class='ocr_par' dir='ltr' id='par_1_71' title="bbox 1914 2903 3480 2986">
     <span class='ocr_line' id='line_1_71' title="bbox 1914 2903 3480 2986; baseline 0.012 -32"><span class='ocrx_word' id='word_1_516' title='bbox 1914 2918 2072 2972; x_wconf 68' lang='lat' dir='ltr'><strong>pinna</strong></span> <span class='ocrx_word' id='word_1_517' title='bbox 2131 2903 2389 2974; x_wconf 79' lang='lat' dir='ltr'><strong>affligeret</strong></span> <span class='ocrx_word' id='word_1_518' title='bbox 2423 2925 2435 2960; x_wconf 88' lang='lat'><strong>:</strong></span> <span class='ocrx_word' id='word_1_519' title='bbox 2469 2923 2576 2976; x_wconf 90' lang='lat' dir='ltr'><strong>quo</strong></span> <span class='ocrx_word' id='word_1_520' title='bbox 2613 2924 2738 2963; x_wconf 80' lang='lat' dir='ltr'><strong>mox</strong></span> <span class='ocrx_word' id='word_1_521' title='bbox 2770 2910 3018 2968; x_wconf 90' lang='lat' dir='ltr'><strong>facinore</strong></span> <span class='ocrx_word' id='word_1_522' title='bbox 3056 2917 3168 2986; x_wconf 87' lang='lat' dir='ltr'><strong>regi</strong></span> <span class='ocrx_word' id='word_1_523' title='bbox 3203 2919 3480 2985; x_wconf 88' lang='lat' dir='ltr'><strong>nuntiato,</strong></span> 
     </span>
    </p>
   </div>
   <div class='ocr_carea' id='block_1_72' title="bbox 1915 2995 3482 3064">
    <p class='ocr_par' dir='ltr' id='par_1_72' title="bbox 1915 2995 3482 3064">
     <span class='ocr_line' id='line_1_72' title="bbox 1915 2995 3482 3064; baseline 0.011 -17"><span class='ocrx_word' id='word_1_524' title='bbox 1915 2995 1961 3048; x_wconf 90' lang='lat' dir='ltr'><strong>is</strong></span> <span class='ocrx_word' id='word_1_525' title='bbox 1993 2998 2386 3064; x_wconf 83' lang='lat' dir='ltr'><strong>superveniret,</strong></span> <span class='ocrx_word' id='word_1_526' title='bbox 2422 3013 2487 3052; x_wconf 88' lang='lat' dir='ltr'><strong>ac</strong></span> <span class='ocrx_word' id='word_1_527' title='bbox 2529 3001 2781 3056; x_wconf 88' lang='lat' dir='ltr'><strong>rebellem</strong></span> <span class='ocrx_word' id='word_1_528' title='bbox 2815 3003 2966 3058; x_wconf 91' lang='lat' dir='ltr'><strong>illum</strong></span> <span class='ocrx_word' id='word_1_529' title='bbox 3003 3007 3122 3060; x_wconf 92' lang='lat' dir='ltr'><strong>sine</strong></span> <span class='ocrx_word' id='word_1_530' title='bbox 3159 3010 3482 3063; x_wconf 83' lang='lat' dir='ltr'><strong>misericor-</strong></span> 
     </span>
    </p>
   </div>
   <div class='ocr_carea' id='block_1_73' title="bbox 1912 3088 3483 3167">
    <p class='ocr_par' dir='ltr' id='par_1_73' title="bbox 1912 3088 3483 3167">
     <span class='ocr_line' id='line_1_73' title="bbox 1912 3088 3483 3167; baseline 0.01 -28"><span class='ocrx_word' id='word_1_531' title='bbox 1912 3088 2000 3141; x_wconf 92' lang='lat' dir='ltr'><strong>dia</strong></span> <span class='ocrx_word' id='word_1_532' title='bbox 2063 3089 2299 3156; x_wconf 90' lang='lat' dir='ltr'><strong>puniret,</strong></span> <span class='ocrx_word' id='word_1_533' title='bbox 2365 3101 2418 3144; x_wconf 93' lang='lat' dir='ltr'><strong>et</strong></span> <span class='ocrx_word' id='word_1_534' title='bbox 2474 3102 2714 3161; x_wconf 87' lang='lat' dir='ltr'><strong>ereptam</strong></span> <span class='ocrx_word' id='word_1_535' title='bbox 2771 3096 3008 3163; x_wconf 69' lang='lat' dir='ltr'><strong>praedam</strong></span> <span class='ocrx_word' id='word_1_536' title='bbox 3042 3100 3210 3167; x_wconf 90' lang='lat' dir='ltr'><strong>priori</strong></span> <span class='ocrx_word' id='word_1_537' title='bbox 3254 3102 3483 3156; x_wconf 91' lang='lat' dir='ltr'><strong>domino</strong></span> 
     </span>
    </p>
   </div>
   <div class='ocr_carea' id='block_1_74' title="bbox 1914 3180 3482 3259">
    <p class='ocr_par' dir='ltr' id='par_1_74' title="bbox 1914 3180 3482 3259">
     <span class='ocr_line' id='line_1_74' title="bbox 1914 3180 3482 3259; baseline 0.01 -28"><span class='ocrx_word' id='word_1_538' title='bbox 1914 3180 2244 3236; x_wconf 87' lang='lat' dir='ltr'><strong>restitueret.</strong></span> <span class='ocrx_word' id='word_1_539' title='bbox 2295 3180 2361 3235; x_wconf 91' lang='lat' dir='ltr'><strong>Et</strong></span> <span class='ocrx_word' id='word_1_540' title='bbox 2407 3183 2624 3251; x_wconf 90' lang='lat' dir='ltr'><strong>quidem</strong></span> <span class='ocrx_word' id='word_1_541' title='bbox 2671 3188 2844 3256; x_wconf 87' lang='lat' dir='ltr'><strong>magis</strong></span> <span class='ocrx_word' id='word_1_542' title='bbox 2897 3188 3061 3242; x_wconf 92' lang='lat' dir='ltr'><strong>etiam</strong></span> <span class='ocrx_word' id='word_1_543' title='bbox 3111 3205 3274 3259; x_wconf 89' lang='lat' dir='ltr'><strong>quam</strong></span> <span class='ocrx_word' id='word_1_544' title='bbox 3319 3202 3482 3247; x_wconf 86' lang='lat' dir='ltr'><strong>antea</strong></span> 
     </span>
    </p>
   </div>
   <div class='ocr_carea' id='block_1_75' title="bbox 1914 3270 3482 3348">
    <p class='ocr_par' dir='ltr' id='par_1_75' title="bbox 1914 3270 3482 3348">
     <span class='ocr_line' id='line_1_75' title="bbox 1914 3270 3482 3348; baseline 0.01 -26"><span class='ocrx_word' id='word_1_545' title='bbox 1914 3270 2182 3323; x_wconf 63' lang='lat' dir='ltr'><strong>laetabitur</strong></span> <span class='ocrx_word' id='word_1_546' title='bbox 2226 3272 2296 3325; x_wconf 91' lang='lat' dir='ltr'><strong>ob</strong></span> <span class='ocrx_word' id='word_1_547' title='bbox 2353 3273 2458 3327; x_wconf 89' lang='lat' dir='ltr'><strong>hoc</strong></span> <span class='ocrx_word' id='word_1_548' title='bbox 2497 3276 2706 3342; x_wconf 88' lang='lat' dir='ltr'><strong>regium</strong></span> <span class='ocrx_word' id='word_1_549' title='bbox 2753 3277 2989 3346; x_wconf 79' lang='lat' dir='ltr'><strong>facinus,</strong></span> <span class='ocrx_word' id='word_1_550' title='bbox 3030 3283 3176 3348; x_wconf 86' lang='lat' dir='ltr'><strong>quod</strong></span> <span class='ocrx_word' id='word_1_551' title='bbox 3217 3283 3482 3338; x_wconf 85' lang='lat' dir='ltr'><strong>formida-</strong></span> 
     </span>
    </p>
   </div>
   <div class='ocr_carea' id='block_1_76' title="bbox 1916 3361 3482 3443">
    <p class='ocr_par' dir='ltr' id='par_1_76' title="bbox 1916 3361 3482 3443">
     <span class='ocr_line' id='line_1_76' title="bbox 1916 3361 3482 3443; baseline 0.008 -28"><span class='ocrx_word' id='word_1_552' title='bbox 1916 3361 2022 3416; x_wconf 92' lang='lat' dir='ltr'><strong>bile</strong></span> <span class='ocrx_word' id='word_1_553' title='bbox 2047 3363 2376 3420; x_wconf 89' lang='lat' dir='ltr'><strong>adversariis</strong></span> <span class='ocrx_word' id='word_1_554' title='bbox 2422 3366 2501 3420; x_wconf 83' lang='lat' dir='ltr'><strong>fit.</strong></span> <span class='ocrx_word' id='word_1_555' title='bbox 2530 3367 2654 3421; x_wconf 89' lang='lat' dir='ltr'><strong>Pari</strong></span> <span class='ocrx_word' id='word_1_556' title='bbox 2686 3384 2814 3439; x_wconf 88' lang='lat' dir='ltr'><strong>ergo</strong></span> <span class='ocrx_word' id='word_1_557' title='bbox 2854 3371 3018 3424; x_wconf 88' lang='lat' dir='ltr'><strong>modo</strong></span> <span class='ocrx_word' id='word_1_558' title='bbox 3050 3372 3313 3428; x_wconf 88' lang='lat' dir='ltr'><strong>Dominus</strong></span> <span class='ocrx_word' id='word_1_559' title='bbox 3340 3390 3482 3443; x_wconf 83' lang='lat' dir='ltr'><strong>quo-</strong></span> 
     </span>
    </p>
   </div>
   <div class='ocr_carea' id='block_1_77' title="bbox 1914 3459 3483 3536">
    <p class='ocr_par' dir='ltr' id='par_1_77' title="bbox 1914 3459 3483 3536">
     <span class='ocr_line' id='line_1_77' title="bbox 1914 3459 3483 3536; baseline 0.01 -30"><span class='ocrx_word' id='word_1_560' title='bbox 1914 3470 2021 3523; x_wconf 91' lang='lat' dir='ltr'><strong>que</strong></span> <span class='ocrx_word' id='word_1_561' title='bbox 2054 3465 2238 3510; x_wconf 84' lang='lat' dir='ltr'><strong>noster</strong></span> <span class='ocrx_word' id='word_1_562' title='bbox 2279 3467 2469 3513; x_wconf 89' lang='lat' dir='ltr'><strong>contra</strong></span> <span class='ocrx_word' id='word_1_563' title='bbox 2503 3459 2757 3515; x_wconf 89' lang='lat' dir='ltr'><strong>rebellem</strong></span> <span class='ocrx_word' id='word_1_564' title='bbox 2803 3463 3014 3518; x_wconf 89' lang='lat' dir='ltr'><strong>hostem</strong></span> <span class='ocrx_word' id='word_1_565' title='bbox 3042 3480 3101 3520; x_wconf 89' lang='lat' dir='ltr'><strong>se</strong></span> <span class='ocrx_word' id='word_1_566' title='bbox 3134 3481 3353 3536; x_wconf 88' lang='lat' dir='ltr'><strong>gerens,</strong></span> <span class='ocrx_word' id='word_1_567' title='bbox 3385 3466 3483 3521; x_wconf 86' lang='lat' dir='ltr'><strong>de-</strong></span> 
     </span>
    </p>
   </div>
   <div class='ocr_carea' id='block_1_78' title="bbox 1915 3547 3477 3628">
    <p class='ocr_par' dir='ltr' id='par_1_78' title="bbox 1915 3547 3477 3628">
     <span class='ocr_line' id='line_1_78' title="bbox 1915 3547 3477 3628; baseline 0.009 -28"><span class='ocrx_word' id='word_1_568' title='bbox 1915 3547 1993 3600; x_wconf 91' lang='lat' dir='ltr'><strong>dit</strong></span> <span class='ocrx_word' id='word_1_569' title='bbox 2020 3549 2180 3602; x_wconf 90' lang='lat' dir='ltr'><strong>nobis</strong></span> <span class='ocrx_word' id='word_1_570' title='bbox 2211 3550 2469 3615; x_wconf 88' lang='lat' dir='ltr'><strong>majorem</strong></span> <span class='ocrx_word' id='word_1_571' title='bbox 2495 3567 2658 3620; x_wconf 87' lang='lat' dir='ltr'><strong>quam</strong></span> <span class='ocrx_word' id='word_1_572' title='bbox 2690 3553 2765 3606; x_wconf 90' lang='lat' dir='ltr'><strong>illi</strong></span> <span class='ocrx_word' id='word_1_573' title='bbox 2796 3555 2967 3622; x_wconf 91' lang='lat' dir='ltr'><strong>priori</strong></span> <span class='ocrx_word' id='word_1_574' title='bbox 3002 3556 3213 3611; x_wconf 89' lang='lat' dir='ltr'><strong>homini</strong></span> <span class='ocrx_word' id='word_1_575' title='bbox 3243 3560 3477 3628; x_wconf 81' lang='lat' dir='ltr'><strong>gratiam</strong></span> 
     </span>
    </p>
   </div>
   <div class='ocr_carea' id='block_1_79' title="bbox 1913 3640 3475 3718">
    <p class='ocr_par' dir='ltr' id='par_1_79' title="bbox 1913 3640 3475 3718">
     <span class='ocr_line' id='line_1_79' title="bbox 1913 3640 3475 3718; baseline 0.008 -26"><span class='ocrx_word' id='word_1_576' title='bbox 1913 3640 2357 3709; x_wconf 83' lang='lat' dir='ltr'><strong>regenerationis.</strong></span> <span class='ocrx_word' id='word_1_577' title='bbox 2383 3640 2522 3710; x_wconf 87' lang='lat' dir='ltr'><strong>Ergo</strong></span> <span class='ocrx_word' id='word_1_578' title='bbox 2553 3643 2608 3696; x_wconf 90' lang='lat' dir='ltr'><strong>in</strong></span> <span class='ocrx_word' id='word_1_579' title='bbox 2641 3645 2741 3698; x_wconf 82' lang='lat' dir='ltr'><strong>hac</strong></span> <span class='ocrx_word' id='word_1_580' title='bbox 2771 3661 2866 3713; x_wconf 89' lang='lat' dir='ltr'><strong>per</strong></span> <span class='ocrx_word' id='word_1_581' title='bbox 2895 3662 3089 3714; x_wconf 91' lang='lat' dir='ltr'><strong>aquam</strong></span> <span class='ocrx_word' id='word_1_582' title='bbox 3119 3657 3174 3702; x_wconf 91' lang='lat' dir='ltr'><strong>et</strong></span> <span class='ocrx_word' id='word_1_583' title='bbox 3210 3648 3475 3718; x_wconf 88' lang='lat' dir='ltr'><strong>Spiritum</strong></span> 
     </span>
    </p>
   </div>
   <div class='ocr_carea' id='block_1_80' title="bbox 1907 3727 3478 3803">
    <p class='ocr_par' dir='ltr' id='par_1_80' title="bbox 1907 3727 3478 3803">
     <span class='ocr_line' id='line_1_80' title="bbox 1907 3727 3478 3803; baseline 0.01 -25"><span class='ocrx_word' id='word_1_584' title='bbox 1907 3727 2312 3796; x_wconf 86' lang='lat' dir='ltr'><strong>regeneratione</strong></span> <span class='ocrx_word' id='word_1_585' title='bbox 2358 3729 2558 3799; x_wconf 81' lang='lat' dir='ltr'><strong>duplex</strong></span> <span class='ocrx_word' id='word_1_586' title='bbox 2597 3733 2758 3787; x_wconf 91' lang='lat' dir='ltr'><strong>nobis</strong></span> <span class='ocrx_word' id='word_1_587' title='bbox 2791 3734 2849 3787; x_wconf 79' lang='lat' dir='ltr'><strong>fit</strong></span> <span class='ocrx_word' id='word_1_588' title='bbox 2875 3735 3225 3803; x_wconf 85' lang='lat' dir='ltr'><strong>purificatio:</strong></span> <span class='ocrx_word' id='word_1_589' title='bbox 3275 3742 3478 3794; x_wconf 88' lang='lat' dir='ltr'><strong>etenim</strong></span> 
     </span>
    </p>
   </div>
   <div class='ocr_carea' id='block_1_81' title="bbox 1906 3821 3482 3900">
    <p class='ocr_par' dir='ltr' id='par_1_81' title="bbox 1906 3821 3482 3900">
     <span class='ocr_line' id='line_1_81' title="bbox 1906 3821 3482 3900; baseline 0.01 -30"><span class='ocrx_word' id='word_1_590' title='bbox 1906 3832 2002 3886; x_wconf 90' lang='lat' dir='ltr'><strong>per</strong></span> <span class='ocrx_word' id='word_1_591' title='bbox 2031 3835 2227 3887; x_wconf 90' lang='lat' dir='ltr'><strong>aquam</strong></span> <span class='ocrx_word' id='word_1_592' title='bbox 2262 3835 2459 3889; x_wconf 90' lang='lat' dir='ltr'><strong>corpus</strong></span> <span class='ocrx_word' id='word_1_593' title='bbox 2502 3821 2753 3889; x_wconf 90' lang='lat' dir='ltr'><strong>lavatur,</strong></span> <span class='ocrx_word' id='word_1_594' title='bbox 2805 3842 2901 3894; x_wconf 88' lang='lat' dir='ltr'><strong>per</strong></span> <span class='ocrx_word' id='word_1_595' title='bbox 2957 3827 3219 3896; x_wconf 89' lang='lat' dir='ltr'><strong>Spiritum</strong></span> <span class='ocrx_word' id='word_1_596' title='bbox 3257 3831 3482 3900; x_wconf 88' lang='lat' dir='ltr'><strong>spiritus</strong></span> 
     </span>
    </p>
   </div>
   <div class='ocr_carea' id='block_1_82' title="bbox 1904 3910 3477 3988">
    <p class='ocr_par' dir='ltr' id='par_1_82' title="bbox 1904 3910 3477 3988">
     <span class='ocr_line' id='line_1_82' title="bbox 1904 3910 3477 3988; baseline 0.01 -27"><span class='ocrx_word' id='word_1_597' title='bbox 1904 3919 2217 3963; x_wconf 76' lang='lat' dir='ltr'><strong>renovatur.</strong></span> <span class='ocrx_word' id='word_1_598' title='bbox 2243 3910 2440 3974; x_wconf 86' lang='lat' dir='ltr'><strong>Quidni</strong></span> <span class='ocrx_word' id='word_1_599' title='bbox 2500 3913 2666 3982; x_wconf 88' lang='lat' dir='ltr'><strong>igitur</strong></span> <span class='ocrx_word' id='word_1_600' title='bbox 2708 3915 2998 3970; x_wconf 83' lang='lat' dir='ltr'><strong>laetandum</strong></span> <span class='ocrx_word' id='word_1_601' title='bbox 3030 3935 3094 3973; x_wconf 90' lang='lat' dir='ltr'><strong>ac</strong></span> <span class='ocrx_word' id='word_1_602' title='bbox 3138 3923 3477 3988; x_wconf 86' lang='lat' dir='ltr'><strong>gestiendum</strong></span> 
     </span>
    </p>
   </div>
   <div class='ocr_carea' id='block_1_83' title="bbox 1903 4001 3477 4081">
    <p class='ocr_par' dir='ltr' id='par_1_83' title="bbox 1903 4001 3477 4081">
     <span class='ocr_line' id='line_1_83' title="bbox 1903 4001 3477 4081; baseline 0.008 -27"><span class='ocrx_word' id='word_1_603' title='bbox 1903 4001 2092 4054; x_wconf 87' lang='lat' dir='ltr'><strong>salutis</strong></span> <span class='ocrx_word' id='word_1_604' title='bbox 2121 4010 2318 4055; x_wconf 77' lang='lat' dir='ltr'><strong>nostrae</strong></span> <span class='ocrx_word' id='word_1_605' title='bbox 2343 4017 2505 4056; x_wconf 82' lang='lat' dir='ltr'><strong>causa</strong></span> <span class='ocrx_word' id='word_1_606' title='bbox 2541 4004 2647 4058; x_wconf 88' lang='lat' dir='ltr'><strong>sit?</strong></span> <span class='ocrx_word' id='word_1_607' title='bbox 2679 4004 2945 4074; x_wconf 88' lang='lat' dir='ltr'><strong>Namque,</strong></span> <span class='ocrx_word' id='word_1_608' title='bbox 2979 4018 3036 4063; x_wconf 93' lang='lat' dir='ltr'><strong>ut</strong></span> <span class='ocrx_word' id='word_1_609' title='bbox 3065 4026 3166 4081; x_wconf 86' lang='lat' dir='ltr'><strong>ego</strong></span> <span class='ocrx_word' id='word_1_610' title='bbox 3195 4014 3477 4077; x_wconf 74' lang='lat' dir='ltr'><strong>existimo,</strong></span> 
     </span>
    </p>
   </div>
   <div class='ocr_carea' id='block_1_84' title="bbox 1910 4093 3481 4169">
    <p class='ocr_par' dir='ltr' id='par_1_84' title="bbox 1910 4093 3481 4169">
     <span class='ocr_line' id='line_1_84' title="bbox 1910 4093 3481 4169; baseline 0.01 -25"><span class='ocrx_word' id='word_1_611' title='bbox 1910 4094 1954 4144; x_wconf 90' lang='lat' dir='ltr'><strong>si</strong></span> <span class='ocrx_word' id='word_1_612' title='bbox 1986 4094 2109 4161; x_wconf 91' lang='lat' dir='ltr'><strong>quis</strong></span> <span class='ocrx_word' id='word_1_613' title='bbox 2137 4094 2239 4148; x_wconf 92' lang='lat' dir='ltr'><strong>hoc</strong></span> <span class='ocrx_word' id='word_1_614' title='bbox 2269 4093 2357 4149; x_wconf 90' lang='lat' dir='ltr'><strong>die</strong></span> <span class='ocrx_word' id='word_1_615' title='bbox 2410 4097 2587 4152; x_wconf 91' lang='lat' dir='ltr'><strong>sancti</strong></span> <span class='ocrx_word' id='word_1_616' title='bbox 2641 4097 2894 4169; x_wconf 85' lang='lat' dir='ltr'><strong>baptismi</strong></span> <span class='ocrx_word' id='word_1_617' title='bbox 2937 4117 3043 4156; x_wconf 91' lang='lat' dir='ltr'><strong>non</strong></span> <span class='ocrx_word' id='word_1_618' title='bbox 3081 4105 3312 4166; x_wconf 59' lang='lat' dir='ltr'><strong>laetatur,</strong></span> <span class='ocrx_word' id='word_1_619' title='bbox 3352 4107 3481 4160; x_wconf 89' lang='lat' dir='ltr'><strong>huic</strong></span> 
     </span>
    </p>
   </div>
   <div class='ocr_carea' id='block_1_85' title="bbox 1912 4185 3480 4262">
    <p class='ocr_par' dir='ltr' id='par_1_85' title="bbox 1912 4185 3480 4262">
     <span class='ocr_line' id='line_1_85' title="bbox 1912 4185 3480 4262; baseline 0.012 -28"><span class='ocrx_word' id='word_1_620' title='bbox 1912 4198 2252 4252; x_wconf 88' lang='lat' dir='ltr'><strong>nequaquam</strong></span> <span class='ocrx_word' id='word_1_621' title='bbox 2306 4185 2525 4256; x_wconf 78' lang='lat' dir='ltr'><strong>affulget</strong></span> <span class='ocrx_word' id='word_1_622' title='bbox 2569 4205 2807 4258; x_wconf 72' lang='lat' dir='ltr'><strong>praesens</strong></span> <span class='ocrx_word' id='word_1_623' title='bbox 2865 4193 3054 4262; x_wconf 90' lang='lat' dir='ltr'><strong>gratia,</strong></span> <span class='ocrx_word' id='word_1_624' title='bbox 3106 4196 3200 4250; x_wconf 89' lang='lat' dir='ltr'><strong>sed</strong></span> <span class='ocrx_word' id='word_1_625' title='bbox 3253 4204 3480 4253; x_wconf 67' lang='lat' dir='ltr'><strong>moestus</strong></span> 
     </span>
    </p>
   </div>
   <div class='ocr_carea' id='block_1_86' title="bbox 1912 4277 3477 4355">
    <p class='ocr_par' dir='ltr' id='par_1_86' title="bbox 1912 4277 3477 4355">
     <span class='ocr_line' id='line_1_86' title="bbox 1912 4277 3477 4355; baseline 0.012 -29"><span class='ocrx_word' id='word_1_626' title='bbox 1912 4285 2153 4343; x_wconf 88' lang='lat' dir='ltr'><strong>apparet,</strong></span> <span class='ocrx_word' id='word_1_627' title='bbox 2186 4285 2237 4330; x_wconf 90' lang='lat' dir='ltr'><strong>et</strong></span> <span class='ocrx_word' id='word_1_628' title='bbox 2273 4277 2572 4347; x_wconf 90' lang='lat' dir='ltr'><strong>irreligiose</strong></span> <span class='ocrx_word' id='word_1_629' title='bbox 2616 4281 2972 4354; x_wconf 87' lang='lat' dir='ltr'><strong>improbeque</strong></span> <span class='ocrx_word' id='word_1_630' title='bbox 3011 4301 3071 4341; x_wconf 83' lang='lat' dir='ltr'><strong>se</strong></span> <span class='ocrx_word' id='word_1_631' title='bbox 3119 4288 3303 4355; x_wconf 87' lang='lat' dir='ltr'><strong>habet,</strong></span> <span class='ocrx_word' id='word_1_632' title='bbox 3348 4291 3477 4344; x_wconf 89' lang='lat' dir='ltr'><strong>dum</strong></span> 
     </span>
    </p>
   </div>
   <div class='ocr_carea' id='block_1_87' title="bbox 1913 4368 2686 4426">
    <p class='ocr_par' dir='ltr' id='par_1_87' title="bbox 1913 4368 2686 4426">
     <span class='ocr_line' id='line_1_87' title="bbox 1913 4368 2686 4426; baseline 0.016 -11"><span class='ocrx_word' id='word_1_633' title='bbox 1913 4368 2150 4420; x_wconf 88' lang='lat' dir='ltr'><strong>salutare</strong></span> <span class='ocrx_word' id='word_1_634' title='bbox 2180 4368 2381 4422; x_wconf 89' lang='lat' dir='ltr'><strong>donum</strong></span> <span class='ocrx_word' id='word_1_635' title='bbox 2411 4373 2686 4426; x_wconf 89' lang='lat' dir='ltr'><strong>tribuitur.</strong></span> 
     </span>
    </p>
   </div>
   <div class='ocr_carea' id='block_1_88' title="bbox 243 4454 3478 4549">
    <p class='ocr_par' dir='ltr' id='par_1_88' title="bbox 243 4454 3478 4549">
     <span class='ocr_line' id='line_1_88' title="bbox 243 4454 3478 4549; baseline 0.006 -42"><span class='ocrx_word' id='word_1_636' title='bbox 243 4457 277 4526; x_wconf 87' lang='grc' dir='ltr'><strong>ἡ</strong></span> <span class='ocrx_word' id='word_1_637' title='bbox 306 4454 556 4527; x_wconf 88' lang='grc' dir='ltr'>παροῦσα</span> <span class='ocrx_word' id='word_1_638' title='bbox 609 4456 798 4526; x_wconf 89' lang='grc' dir='ltr'>χάρις,</span> <span class='ocrx_word' id='word_1_639' title='bbox 847 4456 982 4511; x_wconf 83' lang='grc' dir='ltr'><strong>ἀλλὰ</strong></span> <span class='ocrx_word' id='word_1_640' title='bbox 1033 4456 1372 4527; x_wconf 83' lang='grc' dir='ltr'>σκυθρωπῶς</span> <span class='ocrx_word' id='word_1_641' title='bbox 1418 4458 1793 4525; x_wconf 72' lang='grc' dir='ltr'>ὑποφαίνεται,</span> <span class='ocrx_word' id='word_1_642' title='bbox 1831 4455 1925 4508; x_wconf 77' lang='grc' dir='ltr'>καὶ</span> <span class='ocrx_word' id='word_1_643' title='bbox 1989 4458 2164 4522; x_wconf 85' lang='grc' dir='ltr'>ἀθέως</span> <span class='ocrx_word' id='word_1_644' title='bbox 2227 4461 2498 4515; x_wconf 84' lang='grc' dir='ltr'>διάκειται</span> <span class='ocrx_word' id='word_1_645' title='bbox 2548 4465 2642 4516; x_wconf 75' lang='grc' dir='ltr'><strong>καὶ</strong></span> <span class='ocrx_word' id='word_1_646' title='bbox 2675 4466 2930 4535; x_wconf 86' lang='grc' dir='ltr'>πονηρῶς</span> <span class='ocrx_word' id='word_1_647' title='bbox 2969 4471 3064 4524; x_wconf 71' lang='grc' dir='ltr'><strong>ἐπὶ</strong></span> <span class='ocrx_word' id='word_1_648' title='bbox 3114 4471 3180 4539; x_wconf 74' lang='grc' dir='ltr'>τῇ</span> <span class='ocrx_word' id='word_1_649' title='bbox 3225 4475 3478 4549; x_wconf 84' lang='grc' dir='ltr'>σωτηρίῳ</span> 
     </span>
    </p>
   </div>
   <div class='ocr_carea' id='block_1_89' title="bbox 242 4550 407 4607">
    <p class='ocr_par' dir='ltr' id='par_1_89' title="bbox 242 4550 407 4607">
     <span class='ocr_line' id='line_1_89' title="bbox 242 4550 407 4607; baseline 0.03 -5"><span class='ocrx_word' id='word_1_650' title='bbox 242 4550 407 4607; x_wconf 78' lang='grc' dir='ltr'>δόσει.</span> 
     </span>
    </p>
   </div>
   <div class='ocr_carea' id='block_1_90' title="bbox 311 4666 1731 4738">
    <p class='ocr_par' dir='ltr' id='par_1_90' title="bbox 311 4666 1731 4738">
     <span class='ocr_line' id='line_1_90' title="bbox 311 4666 1731 4738; baseline -0.001 -16"><span class='ocrx_word' id='word_1_651' title='bbox 311 4667 451 4737; x_wconf 80' lang='grc' dir='ltr'>Περὶ</span> <span class='ocrx_word' id='word_1_652' title='bbox 478 4666 585 4736; x_wconf 82' lang='grc' dir='ltr'>τῆς</span> <span class='ocrx_word' id='word_1_653' title='bbox 619 4666 944 4737; x_wconf 66' lang='grc' dir='ltr'>ἑϐδομάδος</span> <span class='ocrx_word' id='word_1_654' title='bbox 963 4666 1072 4736; x_wconf 79' lang='grc' dir='ltr'>τῆς</span> <span class='ocrx_word' id='word_1_655' title='bbox 1094 4669 1568 4738; x_wconf 75' lang='grc' dir='ltr'>προφωνησίμου</span> <span class='ocrx_word' id='word_1_656' title='bbox 1596 4667 1643 4738; x_wconf 85' lang='lat' dir='ltr'><strong>(l</strong></span> <span class='ocrx_word' id='word_1_657' title='bbox 1659 4667 1731 4734; x_wconf 84' lang='lat'><strong>7).</strong></span> 
     </span>
    </p>
   </div>
   <div class='ocr_carea' id='block_1_91' title="bbox 1986 4659 3406 4807">
    <p class='ocr_par' dir='ltr' id='par_1_91' title="bbox 1986 4659 3406 4807">
     <span class='ocr_line' id='line_1_91' title="bbox 1986 4659 3406 4807; baseline 0.012 -95"><span class='ocrx_word' id='word_1_658' title='bbox 1986 4659 2061 4715; x_wconf 87' lang='lat' dir='ltr'><strong>De</strong></span> <span class='ocrx_word' id='word_1_659' title='bbox 2091 4662 2417 4719; x_wconf 85' lang='lat' dir='ltr'><strong>hebdomada</strong></span> <span class='ocrx_word' id='word_1_660' title='bbox 2449 4667 2882 4807; x_wconf 48' lang='lat' dir='ltr'><strong>proclamatiguis</strong></span> <span class='ocrx_word' id='word_1_661' title='bbox 2920 4668 3149 4740; x_wconf 79' lang='lat' dir='ltr'><strong>(Latinis</strong></span> <span class='ocrx_word' id='word_1_662' title='bbox 3190 4683 3406 4742; x_wconf 80' lang='lat' dir='ltr'><strong>septua-</strong></span> 
     </span>
     <span class='ocr_line' id='line_1_92' title="bbox 2572 4754 2811 4806; baseline 0.025 -17"><span class='ocrx_word' id='word_1_663' title='bbox 2572 4754 2765 4806; x_wconf 71' lang='lat' dir='ltr'><strong>gesima</strong></span> <span class='ocrx_word' id='word_1_664' title='bbox 2799 4781 2811 4795; x_wconf 94' lang='lat'><strong>.</strong></span> 
     </span>
    </p>
   </div>
   <div class='ocr_carea' id='block_1_92' title="bbox 2572 4754 2811 4806">
    <p class='ocr_par' dir='ltr' id='par_1_92' title="bbox 2572 4754 2811 4806">
     <span class='ocr_line' id='line_1_93' title="bbox 2572 4754 2811 4806; baseline 0.025 -17"><span class='ocrx_word' id='word_1_665' title='bbox 2572 4754 2811 4806; x_wconf 84' lang='lat' dir='ltr'><strong>gestnta).</strong></span> 
     </span>
    </p>
   </div>
   <div class='ocr_carea' id='block_1_93' title="bbox 311 4842 1814 4916">
    <p class='ocr_par' dir='ltr' id='par_1_93' title="bbox 311 4842 1801 4915">
     <span class='ocr_line' id='line_1_94' title="bbox 311 4842 1801 4915; baseline -0.002 -19"><span class='ocrx_word' id='word_1_666' title='bbox 311 4849 382 4912; x_wconf 85' lang='grc' dir='ltr'><strong>η’.</strong></span> <span class='ocrx_word' id='word_1_667' title='bbox 432 4842 706 4903; x_wconf 83' lang='grc' dir='ltr'>Ὡσαύτως</span> <span class='ocrx_word' id='word_1_668' title='bbox 741 4842 842 4912; x_wconf 82' lang='grc' dir='ltr'>τὴν</span> <span class='ocrx_word' id='word_1_669' title='bbox 877 4845 976 4912; x_wconf 84' lang='grc' dir='ltr'>τῆς</span> <span class='ocrx_word' id='word_1_670' title='bbox 1017 4846 1313 4913; x_wconf 83' lang='grc' dir='ltr'>προφωνῆς</span> <span class='ocrx_word' id='word_1_671' title='bbox 1365 4842 1654 4911; x_wconf 79' lang='grc' dir='ltr'>ὲὸδομάδα,</span> <span class='ocrx_word' id='word_1_672' title='bbox 1686 4844 1743 4894; x_wconf 82' lang='grc' dir='ltr'>ὲν</span> <span class='ocrx_word' id='word_1_673' title='bbox 1767 4860 1801 4915; x_wconf 84' lang='grc' dir='ltr'>ῃ</span> 
     </span>
    </p>
   </div>
   <div class='ocr_carea' id='block_1_94' title="bbox 1919 4842 3440 4916">
    <p class='ocr_par' dir='ltr' id='par_1_94' title="bbox 1977 4843 3440 4916">
     <span class='ocr_line' id='line_1_95' title="bbox 1977 4843 3440 4916; baseline 0.007 -19"><span class='ocrx_word' id='word_1_674' title='bbox 1977 4843 2033 4898; x_wconf 91' lang='grc'><strong>8.</strong></span> <span class='ocrx_word' id='word_1_675' title='bbox 2076 4844 2338 4900; x_wconf 86' lang='lat' dir='ltr'><strong>Similiter</strong></span> <span class='ocrx_word' id='word_1_676' title='bbox 2364 4843 2526 4901; x_wconf 88' lang='lat' dir='ltr'><strong>etiam</strong></span> <span class='ocrx_word' id='word_1_677' title='bbox 2579 4849 3020 4916; x_wconf 89' lang='lat' dir='ltr'><strong>proclamationis</strong></span> <span class='ocrx_word' id='word_1_678' title='bbox 3051 4853 3440 4909; x_wconf 85' lang='lat' dir='ltr'><strong>hebdomadam</strong></span> 
     </span>
    </p>
   </div>
   <div class='ocr_carea' id='block_1_95' title="bbox 244 4931 1804 5003">
    <p class='ocr_par' dir='ltr' id='par_1_95' title="bbox 244 4931 1804 5003">
     <span class='ocr_line' id='line_1_96' title="bbox 244 4931 1804 5003; baseline -0.001 -18"><span class='ocrx_word' id='word_1_679' title='bbox 244 4931 672 5000; x_wconf 82' lang='grc' dir='ltr'>ἀναγινώσκεται</span> <span class='ocrx_word' id='word_1_680' title='bbox 701 4933 761 4986; x_wconf 80' lang='grc' dir='ltr'><strong>τὸ</strong></span> <span class='ocrx_word' id='word_1_681' title='bbox 802 4933 947 5003; x_wconf 75' lang='grc' dir='ltr'>ἱερὸν</span> <span class='ocrx_word' id='word_1_682' title='bbox 966 4934 1293 5003; x_wconf 85' lang='grc' dir='ltr'>Εὑαγγέλιον</span> <span class='ocrx_word' id='word_1_683' title='bbox 1327 4934 1421 4986; x_wconf 89' lang='grc' dir='ltr'><strong>τοῦ</strong></span> <span class='ocrx_word' id='word_1_684' title='bbox 1454 4933 1685 4986; x_wconf 86' lang='grc' dir='ltr'>τελώνου</span> <span class='ocrx_word' id='word_1_685' title='bbox 1710 4935 1804 4986; x_wconf 76' lang='grc' dir='ltr'><strong>καὶ</strong></span> 
     </span>
    </p>
   </div>
   <div class='ocr_carea' id='block_1_96' title="bbox 245 5016 1802 5092">
    <p class='ocr_par' dir='ltr' id='par_1_96' title="bbox 245 5016 1802 5092">
     <span class='ocr_line' id='line_1_97' title="bbox 245 5016 1802 5092; baseline 0.001 -19"><span class='ocrx_word' id='word_1_686' title='bbox 245 5021 334 5074; x_wconf 88' lang='grc' dir='ltr'><strong>τοῦ</strong></span> <span class='ocrx_word' id='word_1_687' title='bbox 363 5016 678 5091; x_wconf 82' lang='grc' dir='ltr'>Φαρισαίου,</span> <span class='ocrx_word' id='word_1_688' title='bbox 725 5023 1014 5092; x_wconf 85' lang='grc' dir='ltr'>διαλύομεν</span> <span class='ocrx_word' id='word_1_689' title='bbox 1052 5025 1146 5076; x_wconf 71' lang='grc' dir='ltr'><strong>καὶ</strong></span> <span class='ocrx_word' id='word_1_690' title='bbox 1177 5025 1347 5091; x_wconf 81' lang='grc' dir='ltr'>αὐτὴν</span> <span class='ocrx_word' id='word_1_691' title='bbox 1395 5026 1474 5086; x_wconf 87' lang='grc' dir='ltr'><strong>είς</strong></span> <span class='ocrx_word' id='word_1_692' title='bbox 1505 5026 1614 5076; x_wconf 79' lang='grc' dir='ltr'>πᾶν</span> <span class='ocrx_word' id='word_1_693' title='bbox 1645 5021 1802 5088; x_wconf 80' lang='grc' dir='ltr'>εἶδος,</span> 
     </span>
    </p>
   </div>
   <div class='ocr_carea' id='block_1_97' title="bbox 247 5110 1806 5186">
    <p class='ocr_par' dir='ltr' id='par_1_97' title="bbox 247 5110 1806 5186">
     <span class='ocr_line' id='line_1_98' title="bbox 247 5110 1806 5186; baseline 0.004 -23"><span class='ocrx_word' id='word_1_694' title='bbox 247 5110 425 5174; x_wconf 84' lang='grc' dir='ltr'>καθὼς</span> <span class='ocrx_word' id='word_1_695' title='bbox 462 5112 571 5182; x_wconf 78' lang='grc' dir='ltr'>ἄρα</span> <span class='ocrx_word' id='word_1_696' title='bbox 610 5114 986 5183; x_wconf 76' lang='grc' dir='ltr'>παρελάϐομεν</span> <span class='ocrx_word' id='word_1_697' title='bbox 1036 5115 1140 5167; x_wconf 82' lang='grc' dir='ltr'><strong>ὑπὸ</strong></span> <span class='ocrx_word' id='word_1_698' title='bbox 1167 5116 1275 5170; x_wconf 83' lang='grc' dir='ltr'><strong>τῶν</strong></span> <span class='ocrx_word' id='word_1_699' title='bbox 1306 5117 1413 5186; x_wconf 76' lang='grc' dir='ltr'><strong>πρὸ</strong></span> <span class='ocrx_word' id='word_1_700' title='bbox 1447 5116 1604 5184; x_wconf 84' lang='grc' dir='ltr'>ἡμῶν</span> <span class='ocrx_word' id='word_1_701' title='bbox 1637 5117 1806 5181; x_wconf 86' lang='grc' dir='ltr'>ἁγίων</span> 
     </span>
    </p>
   </div>
   <div class='ocr_carea' id='block_1_98' title="bbox 248 5205 1808 5280">
    <p class='ocr_par' dir='ltr' id='par_1_98' title="bbox 248 5205 1808 5280">
     <span class='ocr_line' id='line_1_99' title="bbox 248 5205 1808 5280; baseline 0.004 -22"><span class='ocrx_word' id='word_1_702' title='bbox 248 5207 532 5278; x_wconf 82' lang='grc' dir='ltr'>Πατέρων·</span> <span class='ocrx_word' id='word_1_703' title='bbox 567 5208 686 5278; x_wconf 73' lang='grc' dir='ltr'>οὐχὶ</span> <span class='ocrx_word' id='word_1_704' title='bbox 724 5209 810 5263; x_wconf 88' lang='grc' dir='ltr'>διά</span> <span class='ocrx_word' id='word_1_705' title='bbox 836 5226 958 5263; x_wconf 85' lang='grc' dir='ltr'>τινα</span> <span class='ocrx_word' id='word_1_706' title='bbox 1005 5209 1312 5279; x_wconf 76' lang='grc' dir='ltr'>ὀρθοδοξίαν</span> <span class='ocrx_word' id='word_1_707' title='bbox 1362 5214 1395 5280; x_wconf 89' lang='grc' dir='ltr'><strong>ή</strong></span> <span class='ocrx_word' id='word_1_708' title='bbox 1431 5211 1524 5265; x_wconf 92' lang='grc' dir='ltr'><strong>νῦν</strong></span> <span class='ocrx_word' id='word_1_709' title='bbox 1576 5205 1808 5279; x_wconf 74' lang='grc' dir='ltr'>ἑϐδομὰς</span> 
     </span>
    </p>
   </div>
   <div class='ocr_carea' id='block_1_99' title="bbox 1911 4932 3482 5011">
    <p class='ocr_par' dir='ltr' id='par_1_99' title="bbox 1911 4932 3482 5011">
     <span class='ocr_line' id='line_1_100' title="bbox 1911 4932 3482 5011; baseline 0.011 -26"><span class='ocrx_word' id='word_1_710' title='bbox 1911 4932 1966 4985; x_wconf 92' lang='lat' dir='ltr'><strong>in</strong></span> <span class='ocrx_word' id='word_1_711' title='bbox 2003 4949 2109 5004; x_wconf 90' lang='lat' dir='ltr'><strong>qua</strong></span> <span class='ocrx_word' id='word_1_712' title='bbox 2165 4936 2360 5004; x_wconf 82' lang='lat' dir='ltr'><strong>legitur</strong></span> <span class='ocrx_word' id='word_1_713' title='bbox 2420 4953 2636 4992; x_wconf 86' lang='lat' dir='ltr'><strong>sacrum</strong></span> <span class='ocrx_word' id='word_1_714' title='bbox 2695 4942 3033 5011; x_wconf 85' lang='lat' dir='ltr'><strong>evangelium</strong></span> <span class='ocrx_word' id='word_1_715' title='bbox 3091 4944 3363 5011; x_wconf 87' lang='lat' dir='ltr'><strong>publicani</strong></span> <span class='ocrx_word' id='word_1_716' title='bbox 3425 4957 3482 5002; x_wconf 86' lang='lat' dir='ltr'><strong>et</strong></span> 
     </span>
    </p>
   </div>
   <div class='ocr_carea' id='block_1_100' title="bbox 1909 5029 3476 5102">
    <p class='ocr_par' dir='ltr' id='par_1_100' title="bbox 1909 5029 3476 5102">
     <span class='ocr_line' id='line_1_101' title="bbox 1909 5029 3476 5102; baseline 0.008 -20"><span class='ocrx_word' id='word_1_717' title='bbox 1909 5029 2187 5092; x_wconf 64' lang='lat' dir='ltr'><strong>Pharisaei,</strong></span> <span class='ocrx_word' id='word_1_718' title='bbox 2220 5032 2525 5101; x_wconf 87' lang='lat' dir='ltr'><strong>peragimus</strong></span> <span class='ocrx_word' id='word_1_719' title='bbox 2549 5036 2695 5087; x_wconf 89' lang='lat' dir='ltr'><strong>omni</strong></span> <span class='ocrx_word' id='word_1_720' title='bbox 2743 5037 3076 5091; x_wconf 86' lang='lat' dir='ltr'><strong>abstinentia</strong></span> <span class='ocrx_word' id='word_1_721' title='bbox 3107 5039 3357 5102; x_wconf 88' lang='lat' dir='ltr'><strong>liberam,</strong></span> <span class='ocrx_word' id='word_1_722' title='bbox 3396 5041 3476 5094; x_wconf 85' lang='lat' dir='ltr'><strong>si-</strong></span> 
     </span>
    </p>
   </div>
   <div class='ocr_carea' id='block_1_101' title="bbox 1913 5123 3473 5200">
    <p class='ocr_par' dir='ltr' id='par_1_101' title="bbox 1913 5123 3473 5200">
     <span class='ocr_line' id='line_1_102' title="bbox 1913 5123 3473 5200; baseline 0.011 -29"><span class='ocrx_word' id='word_1_723' title='bbox 1913 5131 2004 5173; x_wconf 90' lang='lat' dir='ltr'><strong>cut</strong></span> <span class='ocrx_word' id='word_1_724' title='bbox 2039 5138 2067 5173; x_wconf 93' lang='lat' dir='ltr'><strong>a</strong></span> <span class='ocrx_word' id='word_1_725' title='bbox 2100 5123 2301 5176; x_wconf 86' lang='lat' dir='ltr'><strong>sanctis</strong></span> <span class='ocrx_word' id='word_1_726' title='bbox 2326 5123 2527 5177; x_wconf 90' lang='lat' dir='ltr'><strong>nostris</strong></span> <span class='ocrx_word' id='word_1_727' title='bbox 2562 5126 2818 5179; x_wconf 89' lang='lat' dir='ltr'><strong>traditum</strong></span> <span class='ocrx_word' id='word_1_728' title='bbox 2845 5128 3098 5184; x_wconf 90' lang='lat' dir='ltr'><strong>Patribus</strong></span> <span class='ocrx_word' id='word_1_729' title='bbox 3136 5132 3473 5200; x_wconf 87' lang='lat' dir='ltr'><strong>accepimus.</strong></span> 
     </span>
    </p>
   </div>
   <div class='ocr_carea' id='block_1_102' title="bbox 1914 5211 3477 5282">
    <p class='ocr_par' dir='ltr' id='par_1_102' title="bbox 1914 5211 3477 5282">
     <span class='ocr_line' id='line_1_103' title="bbox 1914 5211 3477 5282; baseline 0.008 -17"><span class='ocrx_word' id='word_1_730' title='bbox 1914 5211 2097 5282; x_wconf 81' lang='lat' dir='ltr'><strong>Neque</strong></span> <span class='ocrx_word' id='word_1_731' title='bbox 2151 5215 2218 5267; x_wconf 93' lang='lat' dir='ltr'><strong>ob</strong></span> <span class='ocrx_word' id='word_1_732' title='bbox 2287 5213 2526 5282; x_wconf 90' lang='lat' dir='ltr'><strong>aliquam</strong></span> <span class='ocrx_word' id='word_1_733' title='bbox 2584 5217 2965 5273; x_wconf 77' lang='lat' dir='ltr'><strong>orthodoxi-am</strong></span> <span class='ocrx_word' id='word_1_734' title='bbox 3005 5221 3142 5276; x_wconf 90' lang='lat' dir='ltr'><strong>hanc</strong></span> <span class='ocrx_word' id='word_1_735' title='bbox 3176 5221 3477 5278; x_wconf 87' lang='lat' dir='ltr'><strong>hebdoma-</strong></span> 
     </span>
    </p>
   </div>
   <div class='ocr_carea' id='block_1_103' title="bbox 1716 5388 1937 5444">
    <p class='ocr_par' dir='ltr' id='par_1_103' title="bbox 1716 5388 1937 5444">
     <span class='ocr_line' id='line_1_104' title="bbox 1716 5388 1937 5444; baseline 0.018 -4"><span class='ocrx_word' id='word_1_736' title='bbox 1716 5388 1937 5444; x_wconf 71' lang='grc' dir='ltr'><strong>ΝΟΤᾹΞ.</strong></span> 
     </span>
    </p>
   </div>
   <div class='ocr_carea' id='block_1_104' title="bbox 326 5496 1797 5573">
    <p class='ocr_par' dir='ltr' id='par_1_104' title="bbox 326 5496 1797 5573">
     <span class='ocr_line' id='line_1_105' title="bbox 326 5496 1797 5573; baseline 0.005 -24"><span class='ocrx_word' id='word_1_737' title='bbox 326 5497 428 5560; x_wconf 76' lang='lat'><strong>(15)</strong></span> <span class='ocrx_word' id='word_1_738' title='bbox 466 5496 535 5573; x_wconf 71' lang='lat' dir='ltr'><strong>De</strong></span> <span class='ocrx_word' id='word_1_739' title='bbox 562 5496 1041 5573; x_wconf 63' lang='lat' dir='ltr'><strong>jejuniolieipara:</strong></span> <span class='ocrx_word' id='word_1_740' title='bbox 1101 5501 1369 5568; x_wconf 77' lang='lat' dir='ltr'><strong>appellato</strong></span> <span class='ocrx_word' id='word_1_741' title='bbox 1405 5505 1514 5573; x_wconf 89' lang='lat' dir='ltr'><strong>agit</strong></span> <span class='ocrx_word' id='word_1_742' title='bbox 1565 5505 1797 5559; x_wconf 84' lang='lat' dir='ltr'><strong>Anasta-</strong></span> 
     </span>
    </p>
   </div>
   <div class='ocr_carea' id='block_1_105' title="bbox 254 5566 1384 5638">
    <p class='ocr_par' dir='ltr' id='par_1_105' title="bbox 254 5566 1384 5638">
     <span class='ocr_line' id='line_1_106' title="bbox 254 5566 1384 5638; baseline 0.003 -19"><span class='ocrx_word' id='word_1_743' title='bbox 254 5567 364 5620; x_wconf 88' lang='lat' dir='ltr'><strong>sius</strong></span> <span class='ocrx_word' id='word_1_744' title='bbox 383 5566 536 5638; x_wconf 25' lang='lat' dir='ltr'><strong>‘apud</strong></span> <span class='ocrx_word' id='word_1_745' title='bbox 556 5566 1021 5638; x_wconf 62' lang='lat' dir='ltr'><strong>lioteleriumOp.</strong></span> <span class='ocrx_word' id='word_1_746' title='bbox 1048 5580 1099 5622; x_wconf 77' lang='lat' dir='ltr'><strong>et</strong></span> <span class='ocrx_word' id='word_1_747' title='bbox 1131 5566 1260 5623; x_wconf 74' lang='lat' dir='ltr'><strong>toni.</strong></span> <span class='ocrx_word' id='word_1_748' title='bbox 1293 5573 1384 5625; x_wconf 89' lang='lat' dir='ltr'><strong>cit.</strong></span> 
     </span>
    </p>
   </div>
   <div class='ocr_carea' id='block_1_106' title="bbox 317 5634 1797 5707">
    <p class='ocr_par' dir='ltr' id='par_1_106' title="bbox 317 5634 1797 5707">
     <span class='ocr_line' id='line_1_107' title="bbox 317 5634 1797 5707; baseline 0.005 -18"><span class='ocrx_word' id='word_1_749' title='bbox 317 5635 425 5695; x_wconf 82' lang='grc'><strong>(16)</strong></span> <span class='ocrx_word' id='word_1_750' title='bbox 467 5634 604 5707; x_wconf 87' lang='lat' dir='ltr'><strong>Quia</strong></span> <span class='ocrx_word' id='word_1_751' title='bbox 638 5634 872 5691; x_wconf 87' lang='lat' dir='ltr'><strong>fortasse</strong></span> <span class='ocrx_word' id='word_1_752' title='bbox 916 5634 1203 5707; x_wconf 81' lang='lat' dir='ltr'><strong>ambiguus</strong></span> <span class='ocrx_word' id='word_1_753' title='bbox 1238 5651 1318 5694; x_wconf 77' lang='lat' dir='ltr'><strong>est</strong></span> <span class='ocrx_word' id='word_1_754' title='bbox 1365 5643 1451 5697; x_wconf 89' lang='lat' dir='ltr'><strong>hic</strong></span> <span class='ocrx_word' id='word_1_755' title='bbox 1484 5644 1634 5697; x_wconf 85' lang='lat' dir='ltr'><strong>locus</strong></span> <span class='ocrx_word' id='word_1_756' title='bbox 1660 5684 1674 5706; x_wconf 92' lang='lat'><strong>,</strong></span> <span class='ocrx_word' id='word_1_757' title='bbox 1732 5659 1797 5697; x_wconf 89' lang='lat' dir='ltr'><strong>en</strong></span> 
     </span>
    </p>
   </div>
   <div class='ocr_carea' id='block_1_107' title="bbox 251 5705 1798 5780">
    <p class='ocr_par' dir='ltr' id='par_1_107' title="bbox 251 5705 1798 5780">
     <span class='ocr_line' id='line_1_108' title="bbox 251 5705 1798 5780; baseline 0.005 -25"><span class='ocrx_word' id='word_1_758' title='bbox 251 5705 364 5770; x_wconf 67' lang='lat' dir='ltr'><strong>ejus</strong></span> <span class='ocrx_word' id='word_1_759' title='bbox 389 5706 819 5780; x_wconf 75' lang='lat' dir='ltr'><strong>declarationem</strong></span> <span class='ocrx_word' id='word_1_760' title='bbox 840 5725 906 5780; x_wconf 58' lang='lat' dir='ltr'><strong>ei;</strong></span> <span class='ocrx_word' id='word_1_761' title='bbox 931 5710 1037 5780; x_wconf 73' lang='lat' dir='ltr'><strong>alio</strong></span> <span class='ocrx_word' id='word_1_762' title='bbox 1057 5705 1260 5776; x_wconf 79' lang='lat' dir='ltr'><strong>scripto</strong></span> <span class='ocrx_word' id='word_1_763' title='bbox 1284 5711 1348 5763; x_wconf 90' lang='lat' dir='ltr'><strong>dc</strong></span> <span class='ocrx_word' id='word_1_764' title='bbox 1378 5713 1600 5780; x_wconf 75' lang='lat' dir='ltr'><strong>jejuniis</strong></span> <span class='ocrx_word' id='word_1_765' title='bbox 1629 5705 1679 5765; x_wconf 86' lang='lat' dir='ltr'><strong>in</strong></span> <span class='ocrx_word' id='word_1_766' title='bbox 1705 5729 1798 5766; x_wconf 85' lang='lat' dir='ltr'><strong>eo-</strong></span> 
     </span>
    </p>
   </div>
   <div class='ocr_carea' id='block_1_108' title="bbox 253 5773 1796 5852">
    <p class='ocr_par' dir='ltr' id='par_1_108' title="bbox 253 5773 1796 5852">
     <span class='ocr_line' id='line_1_109' title="bbox 253 5773 1796 5852; baseline 0.006 -27"><span class='ocrx_word' id='word_1_767' title='bbox 253 5773 591 5852; x_wconf 60' lang='lat' dir='ltr'><strong>demrodice</strong></span> <span class='ocrx_word' id='word_1_768' title='bbox 616 5814 655 5852; x_wconf 27' lang='grc' dir='ltr'>,ι</span> <span class='ocrx_word' id='word_1_769' title='bbox 685 5792 766 5852; x_wconf 86' lang='lat' dir='ltr'><strong>p._</strong></span> <span class='ocrx_word' id='word_1_770' title='bbox 805 5777 949 5852; x_wconf 50' lang='lat' dir='ltr'><strong>itif);</strong></span> <span class='ocrx_word' id='word_1_771' title='bbox 987 5778 1062 5852; x_wconf 73' lang='grc' dir='ltr'><strong>Τῇ</strong></span> <span class='ocrx_word' id='word_1_772' title='bbox 1097 5773 1395 5852; x_wconf 63' lang='grc' dir='ltr'>παραμονῇ</span> <span class='ocrx_word' id='word_1_773' title='bbox 1431 5773 1526 5836; x_wconf 69' lang='grc' dir='ltr'><strong>τοῦ</strong></span> <span class='ocrx_word' id='word_1_774' title='bbox 1562 5782 1796 5852; x_wconf 75' lang='grc' dir='ltr'>Χριστοῦ</span> 
     </span>
    </p>
   </div>
   <div class='ocr_carea' id='block_1_109' title="bbox 253 5844 1800 5922">
    <p class='ocr_par' dir='ltr' id='par_1_109' title="bbox 253 5844 1800 5922">
     <span class='ocr_line' id='line_1_110' title="bbox 253 5844 1800 5922; baseline 0.008 -27"><span class='ocrx_word' id='word_1_775' title='bbox 253 5845 548 5910; x_wconf 81' lang='grc' dir='ltr'>γεννήσεως</span> <span class='ocrx_word' id='word_1_776' title='bbox 575 5844 665 5896; x_wconf 81' lang='grc' dir='ltr'>καὶ</span> <span class='ocrx_word' id='word_1_777' title='bbox 701 5846 806 5902; x_wconf 86' lang='grc' dir='ltr'><strong>τῶν</strong></span> <span class='ocrx_word' id='word_1_778' title='bbox 837 5848 1002 5917; x_wconf 82' lang='grc' dir='ltr'>ἁγίων</span> <span class='ocrx_word' id='word_1_779' title='bbox 1036 5844 1800 5922; x_wconf 55' lang='grc' dir='ltr'>θεοφανείωκῖνήστεις’διατηο</span> 
     </span>
    </p>
   </div>
   <div class='ocr_carea' id='block_1_110' title="bbox 1908 5503 3475 5582">
    <p class='ocr_par' dir='ltr' id='par_1_110' title="bbox 1908 5503 3475 5582">
     <span class='ocr_line' id='line_1_111' title="bbox 1908 5503 3475 5582; baseline 0.023 -34"><span class='ocrx_word' id='word_1_780' title='bbox 1908 5503 2249 5582; x_wconf 46' lang='grc' dir='ltr'>ροῦμεν,-ξαί</span> <span class='ocrx_word' id='word_1_781' title='bbox 2264 5507 2341 5582; x_wconf 67' lang='grc' dir='ltr'><strong>ὀύ</strong></span> <span class='ocrx_word' id='word_1_782' title='bbox 2368 5508 2711 5582; x_wconf 75' lang='grc' dir='ltr'>καταλύομεν</span> <span class='ocrx_word' id='word_1_783' title='bbox 2737 5509 2913 5563; x_wconf 73' lang='grc' dir='ltr'>ἔλαιον</span> <span class='ocrx_word' id='word_1_784' title='bbox 2943 5512 2973 5580; x_wconf 82' lang='grc' dir='ltr'>ἦ</span> <span class='ocrx_word' id='word_1_785' title='bbox 3010 5511 3215 5582; x_wconf 69' lang='grc' dir='ltr'>ἰχθύας.</span> <span class='ocrx_word' id='word_1_786' title='bbox 3235 5515 3391 5579; x_wconf 69' lang='grc' dir='ltr'>ἐκτὸς</span> <span class='ocrx_word' id='word_1_787' title='bbox 3422 5521 3475 5573; x_wconf 75' lang='grc' dir='ltr'><strong>εί</strong></span> 
     </span>
    </p>
   </div>
   <div class='ocr_carea' id='block_1_111' title="bbox 1905 5575 2775 5650">
    <p class='ocr_par' dir='ltr' id='par_1_111' title="bbox 1905 5575 2775 5650">
     <span class='ocr_line' id='line_1_112' title="bbox 1905 5575 2775 5650; baseline 0.009 -24"><span class='ocrx_word' id='word_1_788' title='bbox 1905 5575 2110 5643; x_wconf 80' lang='grc' dir='ltr'>τύχωσι</span> <span class='ocrx_word' id='word_1_789' title='bbox 2143 5577 2402 5646; x_wconf 75' lang='grc' dir='ltr'>Σαϐϐάτῳ</span> <span class='ocrx_word' id='word_1_790' title='bbox 2437 5579 2466 5646; x_wconf 78' lang='grc' dir='ltr'><strong>ἦ</strong></span> <span class='ocrx_word' id='word_1_791' title='bbox 2501 5575 2775 5650; x_wconf 84' lang='grc' dir='ltr'>Κυριακῇ.</span> 
     </span>
    </p>
   </div>
   <div class='ocr_carea' id='block_1_112' title="bbox 1978 5646 3468 5720">
    <p class='ocr_par' dir='ltr' id='par_1_112' title="bbox 1978 5646 3468 5720">
     <span class='ocr_line' id='line_1_113' title="bbox 1978 5646 3468 5720; baseline 0.01 -24"><span class='ocrx_word' id='word_1_792' title='bbox 1978 5646 2088 5720; x_wconf 77' lang='lat' dir='ltr'><strong>(l7)</strong></span> <span class='ocrx_word' id='word_1_793' title='bbox 2124 5646 2386 5720; x_wconf 84' lang='lat' dir='ltr'><strong>Scribitur</strong></span> <span class='ocrx_word' id='word_1_794' title='bbox 2427 5646 2904 5716; x_wconf 41' lang='lat' dir='ltr'><strong>aliquamlo&#39;ctiam</strong></span> <span class='ocrx_word' id='word_1_795' title='bbox 2937 5669 3136 5720; x_wconf 85' lang='grc' dir='ltr'>προσφ.</span> <span class='ocrx_word' id='word_1_796' title='bbox 3167 5653 3258 5708; x_wconf 89' lang='lat' dir='ltr'><strong>Sic</strong></span> <span class='ocrx_word' id='word_1_797' title='bbox 3291 5666 3468 5711; x_wconf 82' lang='lat' dir='ltr'><strong>autem</strong></span> 
     </span>
    </p>
   </div>
   <div class='ocr_carea' id='block_1_113' title="bbox 1904 5715 3471 5781">
    <p class='ocr_par' dir='ltr' id='par_1_113' title="bbox 1904 5715 3471 5781">
     <span class='ocr_line' id='line_1_114' title="bbox 1904 5715 3471 5781; baseline 0.009 -16"><span class='ocrx_word' id='word_1_798' title='bbox 1904 5715 2125 5774; x_wconf 80' lang='lat' dir='ltr'><strong>dicitur,</strong></span> <span class='ocrx_word' id='word_1_799' title='bbox 2161 5718 2284 5781; x_wconf 87' lang='lat' dir='ltr'><strong>quia</strong></span> <span class='ocrx_word' id='word_1_800' title='bbox 2319 5730 2447 5771; x_wconf 87' lang='lat' dir='ltr'><strong>tunc</strong></span> <span class='ocrx_word' id='word_1_801' title='bbox 2495 5715 2854 5771; x_wconf 83' lang='lat' dir='ltr'><strong>admonentur</strong></span> <span class='ocrx_word' id='word_1_802' title='bbox 2886 5715 3102 5774; x_wconf 27' lang='lat' dir='ltr'><strong>ﬁdeles.</strong></span> <span class='ocrx_word' id='word_1_803' title='bbox 3134 5725 3199 5775; x_wconf 81' lang='lat' dir='ltr'><strong>de</strong></span> <span class='ocrx_word' id='word_1_804' title='bbox 3242 5735 3471 5779; x_wconf 79' lang='lat' dir='ltr'><strong>venturo</strong></span> 
     </span>
    </p>
   </div>
   <div class='ocr_carea' id='block_1_114' title="bbox 1900 5783 3469 5854">
    <p class='ocr_par' dir='ltr' id='par_1_114' title="bbox 1900 5783 3469 5854">
     <span class='ocr_line' id='line_1_115' title="bbox 1900 5783 3469 5854; baseline 0.01 -19"><span class='ocrx_word' id='word_1_805' title='bbox 1900 5783 2106 5852; x_wconf 74' lang='lat' dir='ltr'><strong>jejunio</strong></span> <span class='ocrx_word' id='word_1_806' title='bbox 2138 5787 2309 5854; x_wconf 83' lang='lat' dir='ltr'><strong>Super</strong></span> <span class='ocrx_word' id='word_1_807' title='bbox 2342 5789 2440 5841; x_wconf 85' lang='lat' dir='ltr'><strong>hac</strong></span> <span class='ocrx_word' id='word_1_808' title='bbox 2481 5790 2754 5842; x_wconf 76' lang='lat' dir='ltr'><strong>lloniiuica</strong></span> <span class='ocrx_word' id='word_1_809' title='bbox 2780 5798 2833 5840; x_wconf 78' lang='lat' dir='ltr'><strong>et</strong></span> <span class='ocrx_word' id='word_1_810' title='bbox 2870 5791 3207 5848; x_wconf 79' lang='lat' dir='ltr'><strong>hebdomada</strong></span> <span class='ocrx_word' id='word_1_811' title='bbox 3237 5796 3469 5853; x_wconf 77' lang='lat' dir='ltr'><strong>Allatius</strong></span> 
     </span>
    </p>
   </div>
   <div class='ocr_carea' id='block_1_115' title="bbox 1903 5855 2974 5930">
    <p class='ocr_par' dir='ltr' id='par_1_115' title="bbox 1903 5855 2974 5930">
     <span class='ocr_line' id='line_1_116' title="bbox 1903 5855 2974 5930; baseline 0.005 -21"><span class='ocrx_word' id='word_1_812' title='bbox 1903 5855 2121 5910; x_wconf 79' lang='lat' dir='ltr'><strong>dissert.</strong></span> <span class='ocrx_word' id='word_1_813' title='bbox 2148 5872 2268 5910; x_wconf 74' lang='lat' dir='ltr'><strong>mox</strong></span> <span class='ocrx_word' id='word_1_814' title='bbox 2302 5857 2538 5926; x_wconf 86' lang='lat' dir='ltr'><strong>citanda,</strong></span> <span class='ocrx_word' id='word_1_815' title='bbox 2569 5860 2670 5914; x_wconf 87' lang='lat' dir='ltr'><strong>col.</strong></span> <span class='ocrx_word' id='word_1_816' title='bbox 2703 5858 2834 5913; x_wconf 71' lang='lat' dir='ltr'><strong>HM</strong></span> <span class='ocrx_word' id='word_1_817' title='bbox 2861 5874 2974 5930; x_wconf 80' lang='lat' dir='ltr'><strong>scq.</strong></span> 
     </span>
    </p>
   </div>
  </div>
