3966 6462
470 349 605 414 1699
1710 358 1770 417 s.
1809 353 2202 417 THEODORI
2235 356 2581 418 s'rumm
3577 339 3713 415 1700

464 468 591 519 dam
653 467 722 519 ita
775 465 1149 534 transigimus,
1205 467 1300 522 sed
1366 477 1428 522 ut
1483 468 1844 538 irreligiosum
1905 468 2038 522 illud

2156 469 2250 522 ςια)
2263 468 2434 532 ύεται,
2473 468 2588 521 ἀλλ’
2613 465 2700 519 ἵνα
2725 465 2870 526 ὅπως
2893 462 2953 514 τὸ
2985 461 3142 515 ἄθεον
3176 459 3353 512 ἐκεῖνο
3383 456 3562 526 δόγμα
3598 455 3714 508 διαο

468 561 661 626 dogma
714 559 1039 628 explodatur
1069 560 1430 630 impurissimi
1469 559 1612 615 Petri
1657 561 2036 614 Armeniorum

2156 563 2272 632 ίυθῇ
2324 561 2418 614 τοῦ
2462 558 2816 630 παμϐεϐήλου
2873 555 3076 625 Πέτρου
3143 551 3445 603 ἐπισκόπου
3504 548 3709 616 Ἀρμε-

468 650 730 718 episcopi,
776 665 938 718 quem
981 649 1340 720 Lycopetrum
1378 652 1534 721 vulgo
1579 651 1790 708 dicunt.
1829 651 2040 722 Quippe

471 741 561 794 ille
617 743 778 810 plane
831 742 1154 796 maledictus
1202 742 1397 813 dogma
1450 745 1643 800 statuit
1675 745 2039 799 sectatoribus

471 833 608 893 suis,
643 842 702 884 ut
735 834 877 886 hanc
932 833 1328 887 hebdomadam
1370 849 1468 887 ceu
1500 843 1744 889 sanctam
1783 836 2042 890 observa-

474 932 594 972 rent
623 931 812 984 totam,
841 932 1062 992 propter
1095 924 1281 992 lupum
1335 925 1521 978 nescio
1547 940 1708 994 quem
1742 929 2039 995 pessimum

473 1023 527 1066 et
551 1014 988 1069 abominabilem.
1018 1013 1131 1071 Nos
1153 1031 1284 1070 vero
1314 1016 1404 1071 Dei
1435 1018 1589 1088 plebs
1619 1019 1845 1072 liberam
1867 1030 2040 1074 t0Iam

473 1106 850 1175 transigimus,
880 1108 949 1162 ob
983 1108 1199 1161 illorum
1250 1125 1372 1163 cum
1411 1127 1510 1164 suo
1558 1111 1866 1181 irreligioso
1905 1114 2044 1168 stul-

477 1206 638 1265 teque
681 1200 932 1266 dogmate
973 1199 1375 1256 refutationem.
1431 1203 1686 1258 Testatur
1725 1212 1907 1258 autem
1942 1205 2044 1258 ali—

476 1289 601 1342 rubi
633 1291 873 1356 ipsorum
907 1291 1299 1347 absurditatcm
1347 1310 1574 1364 magnus
1606 1296 1766 1350 etiam
1800 1297 1855 1350 in
1886 1297 2043 1350 theo-

485 1382 627 1450 logia
658 1382 1044 1454 Gregoriussic
1065 1385 1082 1414 ¹
1113 1402 1126 1440 :
1160 1384 1313 1438 Haud
1347 1387 1572 1454 simplex
1601 1387 1732 1440 mihi
1765 1397 2044 1455 comperta

475 1483 558 1528 est
601 1475 986 1528 Armeniorum
1040 1492 1194 1545 gens,
1237 1477 1330 1532 sed
1372 1477 1639 1532 latebrosa
1683 1489 1737 1533 et
1775 1479 2040 1547 subdola;

475 1566 678 1634 quibus
712 1568 889 1621 verbis
922 1570 1113 1621 horum
1145 1570 1302 1623 ﬁdem
1338 1585 1435 1624 ceu
1462 1570 1771 1624 obvolutam
1799 1572 2039 1641 sugillat.

480 1657 741 1712 Similiter
773 1670 826 1712 et
865 1659 918 1713 in
954 1659 1291 1714 bebdomada
1325 1663 1669 1732 caseoprivii.
1706 1672 1828 1732 post
1855 1665 2044 1718 horam

478 1766 678 1804 nonam
739 1766 900 1806 caseo
945 1761 998 1806 et
1043 1753 1162 1808 ovis
1217 1756 1512 1818 vescimur,
1550 1764 1610 1808 ut
1635 1756 1701 1809 ab
1735 1756 1904 1826 impio
1935 1757 2040 1811 ritu

479 1840 794 1895 recedamus
831 1839 1203 1897 Jacobitarum
1251 1853 1305 1898 et
1359 1843 1787 1902 Tetraditarum.
1827 1846 1958 1902 Nam
1989 1849 2042 1903 in

481 1933 809 2002 terphagia:
861 1933 1220 1998 bebdomada,
1287 1937 1491 1992 idcirco
1546 1939 1697 1992 vetiti
1747 1954 2046 2001 snmus.nt

476 2038 580 2090 ego
603 2023 860 2087 arbitror,
893 2039 921 2078 a
961 2027 1164 2084 sanctis
1196 2025 1450 2083 Patribus
1471 2042 1635 2082 carne
1663 2031 1827 2094 vesci,
1865 2031 1947 2083 vel
1976 2031 2047 2086 ob

479 2114 769 2169 monastici
821 2114 1027 2168 Ordinis
1069 2120 1413 2184 memoriam,
1461 2119 1545 2174 vel
1576 2120 1646 2175 ob
1679 2129 1864 2192 typum
1892 2138 2046 2178 novae

477 2218 737 2274 puraeque
768 2206 889 2261 vitae
912 2209 1304 2264 exhibendum.

547 2384 602 2437 9.
631 2381 750 2437 Jam
770 2385 826 2437 in
841 2394 1030 2440 sancta
1054 2403 1360 2458 magnaque
1375 2389 1788 2461 quadragesima
1812 2394 1975 2449 semel
1991 2395 2046 2449 in

478 2474 569 2528 die
604 2477 898 2541 vescimur,
948 2479 1078 2533 hora
1129 2496 1293 2545 nona,
1359 2491 1414 2537 et
1449 2484 1668 2552 quidem
1705 2485 1896 2547 aridis,
1953 2496 2048 2542 aut

479 2568 643 2622 etiam
695 2569 1060 2639 leguminibus
1115 2573 1325 2643 absque
1361 2575 1522 2641 oleo;
1574 2593 1752 2647 neque
1783 2579 1912 2633 vino
1943 2581 2050 2633 uti-

482 2675 627 2724 mur,
659 2673 886 2731 excepto
915 2660 1151 2718 Sabbato
1177 2674 1231 2719 et
1257 2665 1344 2720 die
1374 2665 1679 2723 Dominico.
1699 2669 2048 2726 Comcdimus

480 2761 538 2806 et
575 2768 736 2807 omne
766 2770 938 2824 genus
965 2765 1348 2822 testaceorum,
1381 2764 1435 2811 et
1465 2760 1684 2814 ossilms
1721 2762 2045 2828 carentium,

481 2855 536 2899 et
560 2845 908 2912 salsamenta,
944 2848 1314 2904 indubitanter
1341 2867 1355 2902 :
1387 2851 1565 2918 pisces
1589 2868 1927 2923 nequaquam
1956 2872 2051 2925 per

483 2934 588 2988 hoc
640 2946 890 2992 sanctum
937 2937 1228 3008 jejunium,
1285 2950 1512 3011 excepto
1571 2941 1830 3010 Sabbato,
1883 2958 1936 3001 et
1965 2949 2051 3002 die

483 3028 786 3096 palmarum
822 3030 1122 3096 Dominico.
1164 3034 1231 3088 ad
1270 3035 1535 3090 honorem
1571 3037 1690 3106 ejus
1721 3039 1815 3108 qui
1856 3055 1886 3092 a
1906 3041 2050 3110 jeju-

2138 654 2265 707 νίων
2291 653 2425 724 (18),
2454 653 2514 706 ὃν
2539 651 2634 705 καὶ
2667 649 3012 718 Λυκόπετρον
3038 640 3178 699 οἶδεν
3209 646 3238 697 ὁ
3270 643 3432 710 λόγος
3493 639 3711 693 καλεῖν.

2141 743 2380 806 Ἐκεῖνος
2411 751 2590 795 τοίνυν
2616 740 2646 792 ό
2676 737 3112 810 τρισκατάρατος
3137 732 3500 804 ἐνομοθέτησε
3538 729 3716 800 δόγμα

2137 836 2253 897 τοῖς
2279 833 2427 903 αὐτῷ
2455 831 2862 899 συνεπομένοις,
2894 829 2982 881 ἵνα
3003 829 3100 897 τὴν
3121 825 3215 878 νῦν
3243 823 3515 892 ἑϐδομάδα
3535 820 3707 891 ἁγνὴν

2140 925 2319 977 πᾶσαν
2349 922 2699 993 διατηρῶσιν,
2719 921 2811 973 διά
2847 936 2988 981 τινος
3017 916 3182 970 λύκου
3221 915 3332 985 (19)
3371 912 3567 967 σκαιοῦ
3623 913 3717 966 καὶ

2145 1015 2557 1087 μυσαρωτάτου.
2584 1014 2774 1082 Ἡμεῖς
2794 1013 2852 1065 δέ
2877 1014 2906 1064 ὁ
2929 1009 3024 1065 τοῦ
3046 1009 3254 1087 Κυρίου
3277 1007 3404 1069 λαὺς
3425 1007 3717 1076 διαλύομεν

2143 1109 2344 1167 πᾶσαν,
2367 1106 2502 1175 πρὸς
2539 1105 2849 1175 ἀνατροπὴν
2874 1104 3096 1156 ἐκείνων
3149 1101 3246 1153 καὶ
3279 1098 3376 1151 τοῦ
3413 1098 3580 1152 ἀθέου
3619 1097 3717 1151 καὶ

2139 1199 2368 1267 ἀνοήτου
2431 1197 2721 1266 δόγματος.
2773 1194 3172 1265 Συμμαρτυρεῐ
3222 1208 3324 1245 που
3367 1191 3574 1242 τούτων
3617 1190 3717 1258 τὴν

2119 1290 2612 1366 ,ἀλιτανθρωπότητα
2640 1288 2732 1340 καὶ
2760 1286 2788 1338 ὁ
2815 1289 2872 1339 ἐν
2905 1285 3155 1356 θεολογίᾳ
3193 1285 3368 1354 μέγας
3405 1282 3716 1353 Γρηγόριος

2141 1382 2313 1449 λέγων
2347 1397 2364 1414 ⁸
2391 1381 2506 1452 Οὐχ
2537 1379 2740 1434 ἁπλοῦν
2768 1379 2925 1448 γένος
2953 1378 3192 1446 εὑρίσκω
3222 1375 3333 1428 τῶν
3373 1374 3713 1444 Ἀρμενίων,

2141 1477 2280 1546 ἀλλὰ
2306 1477 2504 1546 μᾶλλον
2531 1481 2771 1546 κρυπτὸν
2810 1491 2868 1527 τε
2888 1475 2982 1526 καὶ
3007 1472 3210 1542 ὕφαλον
3241 1471 3385 1538 (‘20)°
3417 1470 3717 1540 διακωμῳ-

2142 1543 2249 1622 διῖλν
2275 1543 2477 1622 τούτων
2514 1543 2614 1636 τήν
2644 1568 2742 1638 τῆς
2781 1567 3019 1628 πίστεως
3053 1564 3389 1632 ύφαλότητα.
3434 1562 3715 1625 Ὡσαύτως

2145 1659 2241 1714 καὶ
2264 1659 2360 1730 τὴν
2383 1659 2482 1729 τῆς
2513 1657 2963 1732 τυροαποθέσεως
2989 1652 3264 1723 ἑϐδομάδα
3290 1650 3582 1716 διαλύομεν
3619 1653 3716 1704 καὶ

2146 1755 2313 1823 αὐτὴν
2335 1754 2474 1825 μετὰ
2501 1755 2597 1825 τὴν
2628 1753 2856 1818 ἐννάτην
2907 1751 2988 1812 είς
3012 1747 3176 1818 τυρὸν
3207 1747 3302 1800 καὶ
3341 1745 3444 1809 ὠά,
3489 1744 3557 1796 ἵν’
3587 1747 3720 1798 ἁνα-

2145 1850 2432 1919 τρέψωμεν
2467 1847 2565 1919 τὴν
2599 1844 2834 1914 δυσσεϐῆ
2870 1841 3169 1913 θρησκείαν
3198 1839 3308 1892 τῶν
3382 1836 3747 1897 Ἰακωϐιτῶν,

2147 1943 2241 1995 καὶ
2263 1937 2602 2011 Τετραδιτῶν
2625 1937 2768 2008 (21)·
2801 1934 2939 2004 αὕτη
2965 1933 3145 1986 τοίνυν
3173 1933 3206 2000 ἡ
3229 1947 3292 1982 τυ
3303 1928 3538 2000 ροφάγος
3564 1925 3718 1979 ἑϐδο-

2149 2034 2290 2104 μὰς,
2331 2032 2406 2096 ὡς
2451 2031 2626 2100 ἑγωγε
2655 2025 2830 2099 οἶμαι,
2863 2024 3110 2094 ἐκωλύθη
3129 2024 3222 2078 τοῦ
3265 2021 3339 2093 μὴ
3377 2018 3579 2074 ἐσθίειν
3620 2017 3720 2072 αὖ·

2146 2127 2242 2198 τὴν
2273 2125 2408 2197 κρέα
2437 2123 2540 2178 ὑπὸ
2562 2122 2668 2176 τῶν
2703 2120 2871 2188 ἁγίων
2907 2116 3266 2190 Πατέρων,δι’
3291 2114 3600 2184 ἀνάμνησιν
3616 2110 3720 2181 τῆς

2149 2215 2446 2286 μοναχικῆς
2467 2211 2738 2282 τάξεως,ἢ
2767 2210 2854 2264 διὰ
2877 2209 3051 2263 τύπου
3079 2207 3179 2278 τῆς
3207 2207 3334 2268 νέας
3354 2204 3449 2257 καὶ
3470 2201 3719 2266 καθαρᾶς

2146 2306 2422 2369 πολιτείας
2458 2304 2610 2376 (29.)-

2217 2397 2282 2453 θ’.
2308 2397 2420 2468 Τὴν
2446 2397 2502 2451 δέ
2518 2397 2678 2465 ἁγίαν
2705 2395 2801 2449 καὶ
2831 2391 3072 2463 μεγάλην
3098 2387 3545 2461 τεσσαρακοστὴν
3571 2383 3722 2447 ἅπαξ

2147 2489 2397 2558 ἐσθίομεν
2440 2491 2540 2558 τῆς
2566 2487 2780 2555 ἡμέρας
2835 2486 2893 2536 ἐν
2921 2485 2986 2552 τῇ
3043 2482 3088 2534 0'
3127 2477 3486 2550 ξηροφαγίαν,
3543 2475 3578 2546 ἢ
3625 2475 3722 2528 καὶ

2146 2582 2347 2652 ὄσπρια
2373 2578 2500 2633 ἄνευ
2527 2577 2706 2630 ἐλαίου
2727 2593 2740 2606 ·
2776 2574 2900 2628 οὔτε
2932 2570 3099 2635 οἶνον,
3122 2571 3298 2644 πάρεξ
3316 2569 3599 2623 Σαϐϐάτου
3621 2566 3722 2620 καὶ

2149 2671 2463 2741 Κυριακῆς·
2496 2669 2746 2740 ὲσΟίομέν
2786 2684 2844 2720 τε
2895 2666 2991 2720 καὶ
3022 2662 3510 2735 ὀστρακοδέρματα
3537 2659 3721 2712 πάντα

2147 2763 2376 2816 ἁνὸστεὰ
2421 2778 2480 2813 τε
2532 2759 2626 2814 καὶ
2665 2757 2900 2828 ταρύχια
2950 2755 3374 2816 ἁνενδοιάστως·
3424 2749 3615 2820 ἰχθύας
3661 2746 3722 2800 δὲ

2147 2860 2398 2929 οὐδαμῶς
2419 2857 2672 2927 ἐσθίομεν
2695 2855 2792 2925 τὴν
2840 2853 3004 2923 ἁγίαν
3048 2851 3217 2921 αὐτὴν
3269 2847 3546 2920 νηστείαν,
3575 2845 3718 2915 πλὴν

2149 2957 2215 3025 τῇ
2242 2952 2424 3023 ἡμέρα
2450 2950 2544 3003 τοῦ
2578 2948 2882 3013 Σαϐϐάτου,
2899 2947 2992 2998 καὶ¹
3011 2947 3077 3014 τῇ
3097 2942 3348 3012 Κυριακῇ
3383 2938 3492 2991 τῶν
3529 2935 3721 3007 βαῖων,

2151 3047 2230 3107 είς
2262 3041 2525 3107 δόξαντοῦ
2543 3040 2892 3102 κατελθόντος
2916 3040 2980 3090 ὲκ
3010 3036 3111 3106 τῆς
3162 3032 3435 3103 νηστείας,
3467 3031 3565 3084 καὶ
3590 3047 3722 3083 συν-

481 3121 577 3174 ιιίο
601 3122 846 3183 veniens,
870 3124 1119 3178 convivio
1151 3125 1398 3182 interfuit
1425 3137 1549 3196 post
1583 3128 1776 3183 Lazari
1815 3134 2048 3187 suscita-

2156 3136 2524 3197 εσθιασθέντος
2577 3133 2669 3187 ἐπὶ
2734 3132 2799 3199 τῇ
2842 3128 2935 3182 τοῦ
2983 3129 3234 3199 Λαζάρου
3263 3125 3516 3194 ἐγέρσειο
3547 3124 3582 3194 ἢ
3626 3122 3724 3176 καὶ

481 3211 684 3267 tionem
711 3231 724 3266 :
755 3215 841 3268 vel
881 3216 1102 3270 omnino
1133 3218 1320 3283 etiam,
1361 3220 1485 3288 quia
1510 3229 1563 3274 et
1593 3221 1708 3276 haec
1735 3237 1840 3276 una
1867 3232 1951 3278 est
1989 3225 2056 3280 de

485 3305 659 3358 sacris
690 3304 896 3360 Christi
941 3308 1402 3366 solemnitatibus.
1433 3313 1504 3366 At
1538 3313 1683 3366 enim
1723 3324 1912 3370 sancta
1941 3333 2056 3372 ma-

484 3410 588 3465 gna
636 3396 968 3452 hebdomada
1013 3399 1186 3468 jejuni
1212 3405 1436 3456 omnino
1469 3413 1800 3472 perstamus,
1845 3408 1889 3463 si
1929 3409 2052 3464 ﬁeri

485 3495 682 3557 potest,
708 3491 914 3558 absque
934 3490 1098 3544 etiam
1125 3492 1248 3547 olco
1276 3502 1332 3547 et
1357 3493 1522 3560 vino;
1551 3497 1656 3551 nisi
1699 3499 1843 3567 quod
1874 3500 1924 3552 in
1961 3517 2058 3556 no-

486 3588 678 3633 cturna
704 3581 885 3650 vigilia
919 3592 1121 3638 sanctas
1151 3584 1445 3654 passionis,
1482 3588 1718 3644 bibimus
1745 3591 1948 3660 aliquid
1983 3593 2055 3647 ob

487 3673 860 3727 necessitatem
911 3691 974 3730 ac
1019 3678 1285 3734 laborem.
1319 3681 1596 3751 Jejunium
1649 3687 1848 3754 pariter
1885 3703 2056 3757 usque

489 3764 556 3817 ad
605 3780 884 3835 vesperam
946 3784 1142 3839 magno
1194 3773 1432 3827 Sahhato
1490 3776 1894 3836 continuamns.
1931 3780 2053 3843 hoc,

488 3855 735 3925 inquam,
767 3860 886 3912 solo
939 3863 1105 3916 totius
1136 3863 1263 3916 anni
1299 3862 1556 3919 Sabbato.
1607 3867 1676 3920 At
1717 3883 1846 3922 vero
1885 3878 2053 3924 totam

489 3947 856 4003 diacaenesimi
918 3951 1036 4020 (lat.
1093 3953 1146 4006 in
1189 3954 1350 4022 albis)
1410 3955 1802 4012 hebdomadam
1848 3959 2056 4026 jejunio

489 4037 715 4092 liberam
750 4039 983 4106 agimus,
1021 4043 1086 4095 ad
1118 4043 1379 4098 honorem
1418 4045 1533 4112 eius
1562 4047 1655 4115 qui
1688 4063 1787 4102 nos
1811 4050 2053 4104 viviﬁca-

487 4129 569 4184 vit
585 4129 708 4184 Filii
742 4131 857 4186 Dei.
889 4131 1042 4199 Quod
1070 4134 1117 4189 si
1153 4135 1276 4204 quis
1305 4135 1356 4189 in
1385 4136 1486 4191 hac
1508 4138 1648 4192 baud
1687 4140 2058 4196 indubitanter

489 4224 759 4286 comedat,
791 4225 884 4279 sed
911 4225 1133 4293 jndaice
1184 4227 1389 4283 tristem
1424 4245 1484 4283 se
1515 4239 1690 4298 gerat,
1737 4243 2055 4289 sanctorum

487 4315 707 4370 Patrum
738 4318 1067 4371 anathemati
1095 4320 1436 4387 subjiciatur.

561 4405 647 4459 10.
677 4406 747 4460 At
783 4406 927 4460 enim
977 4423 1008 4460 a
1047 4413 1287 4465 secunda
1342 4410 1568 4465 Thema:
1615 4411 1782 4484 (dom.
1817 4413 1870 4467 in
1894 4413 2056 4483 albis)

2153 3228 2423 3300 άριδήλως
2449 3227 2525 3290 ὼς
2586 3225 2683 3297 μία
2717 3223 2853 3278 οὖσα
2886 3221 2979 3277 καὶ
3011 3221 3148 3292 αὐτὴ
3200 3220 3308 3273 τῶν
3347 3217 3444 3272 τοῦ
3477 3214 3722 3287 Χριστοῦ

2155 3321 2316 3374 θείων
2351 3317 2576 3390 ἑορτῶν.
2623 3317 2737 3386 Τὴν
2769 3315 2824 3368 δέ
2851 3315 3012 3382 ἁγίαν
3045 3311 3288 3383 μεγάλην
3315 3309 3590 3378 ἑϐδομάδα
3621 3307 3724 3378 νή-

2157 3429 2301 3475 στεις
2333 3411 2550 3472 πάντως
2573 3407 2954 3477 διατηροῦμεν,
2996 3407 3044 3458 εἰ
3069 3403 3293 3457 δυνατὸν
3314 3443 3330 3466 ,
3359 3399 3484 3454 οὕτε
3514 3399 3722 3465 ἔλαιον,

2155 3504 2276 3558 οὔτε
2307 3500 2469 3566 οἶνον,
2515 3499 2688 3570 πάρεξ
2709 3501 2776 3570 τῇ
2830 3495 3109 3566 ἀγρυπνίᾳ
3158 3493 3268 3545 τῶν
3301 3492 3473 3561 ἁγίων
3504 3490 3723 3554 παθῶν,

2159 3597 2304 3652 πίειν
2340 3612 2392 3647 τι
2414 3593 2550 3663 πρὸς
2575 3595 2673 3661 τὴν
2696 3589 2886 3661 χρείαν
2913 3588 3003 3641 διὰ
3025 3588 3117 3639 τὸν
3157 3586 3327 3638 κόπον
3347 3601 3361 3615 ·
3393 3583 3599 3653 ὁμοίως
3622 3584 3724 3651 νή-

2158 3703 2303 3749 στεις
2349 3685 2456 3746 ἕως
2487 3682 2585 3745 ὀψὲ
2634 3681 2711 3752 τῷ
2764 3679 2985 3751 μεγάλῳ
3031 3677 3297 3747 Σαϐϐάτῳ
3326 3676 3722 3746 διατηροσμεν,

2156 3775 2303 3846 αὖτῷ
2335 3775 2431 3829 καὶ
2468 3773 2633 3844 μόνῳ,
2673 3769 2934 3824 οὺποτοῦν
2971 3767 3116 3839 ἄλλῳ
3168 3766 3246 3836 τῷ
3299 3766 3405 3835 ὅλῳ
3439 3763 3680 3834 ἐνιαυτῷ
3704 3778 3720 3794 ’

2155 3869 2253 3938 τὴν
2280 3867 2338 3922 δέ
2357 3883 2420 3936 γε
2447 3865 2665 3920 ἃπασαν
2691 3863 2960 3934 ἑϐδομάδα
2987 3862 3085 3931 τῆς
3128 3857 3551 3928 διακαινησίμου
3578 3857 3724 3928 (23),

2157 3961 2445 4030 διαλύομεν
2501 3958 2594 4011 καὶ
2625 3957 2795 4028 αὐτὴν
2827 3957 2908 4018 είς
2939 3955 3097 4019 δόξαν
3125 3952 3220 4006 τοῦ
3276 3951 3725 4019 ζωοποιήσαντος

2159 4051 2443 4123 ἡμᾶςΥἱοῦ
2468 4051 2560 4104 τοῦ
2581 4049 2745 4104 Θεοῦ⁶
2775 4049 2822 4101 εί
2853 4047 2912 4101 δέ
2939 4065 3024 4110 τις
3050 4047 3151 4099 οὐκ
3171 4044 3341 4099 ἐσθίει
3364 4042 3533 4114 αὐτὴν
3561 4042 3724 4096 ἀνεν-

2157 4146 2438 4211 δοιάστως,
2487 4143 2622 4197 ἁλλὰ
2653 4140 2936 4205 ίουδαῐκῶς
2990 4134 3422 4208 σκυθρωπάζων,
3470 4132 3550 4204 τῷ
3585 4135 3726 4187 ἁνα-

2159 4237 2354 4308 οἐματι
2389 4235 2631 4289 πιπτέτω
2658 4232 2763 4287 τῶν
2795 4232 2966 4301 ἁγίων
2997 4229 3280 4299 Πατὲρων.

2233 4419 2284 4466 ι’.
2324 4412 2456 4465 Ἀπὸ
2508 4411 2564 4462 δὲ
2596 4412 2695 4481 τῆς
2727 4409 2770 4479 β’
2799 4407 2894 4461 τοῦ
2949 4406 3124 4478 Θωμᾶ
3169 4405 3452 4478 ἀρχόμεθα
3504 4420 3725 4474 μνημο-

487 4497 780 4566 incipimus
811 4498 1096 4553 defunctos
1151 4498 1348 4555 fratres
1396 4518 1852 4568 commemorare,
1888 4515 1941 4558 et
1969 4505 2048 4559 fe-

2156 4505 2327 4559 νεύειν
2353 4505 2460 4557 τῶν
2497 4503 2922 4572 κεκοιμημένων
2976 4500 3245 4569 ἀδελφῶν,
3283 4498 3381 4553 καὶ
3423 4495 3722 4567 διατηροῦ-

489 4588 588 4641 riis
643 4597 834 4656 quarta
877 4599 931 4643 et
986 4601 1133 4643 sexta
1194 4590 1580 4644 abstinentiam
1631 4591 2049 4650 observamusa

489 4694 653 4732 carne
681 4690 736 4734 et
769 4695 952 4736 caseo.
990 4679 1376 4737 Verumtamen
1408 4693 1657 4750 quartam
1699 4680 1889 4738 feriam
1936 4685 2049 4740 Me-

489 4781 897 4840 sopentecostes
919 4774 1095 4828 visum
1127 4784 1209 4828 est
1255 4775 1532 4830 nonnullis
1555 4784 1680 4829 ante
1722 4791 1820 4830 nos
1848 4777 2050 4832 sanctis

489 4859 771 4927 Pati-ibus,
804 4870 1093 4932 prepterea
1129 4865 1276 4934 quod
1314 4874 1397 4920 est
1438 4865 1756 4921 solemnitas
1811 4865 2047 4931 Domini,

563 4979 581 5009 ⁸
608 4977 761 5034 Orat.
787 4995 938 5046 xun,
969 4980 1056 5036 l7.

2158 4611 2256 4666 μεν
2279 4596 2338 4648 ἐν
2364 4597 2429 4664 τῇ
2456 4594 2499 4647 δ’
2532 4595 2625 4646 καὶ
2652 4599 2704 4658 ς’
2739 4594 2819 4654 εἰς
2847 4592 2988 4661 κρέα
3033 4591 3130 4644 καὶ
3183 4593 3264 4653 εἰς
3288 4589 3474 4658 τυρόν.
3522 4589 3637 4659 Τὴν
3664 4588 3726 4642 δέ

2153 4707 2217 4759 γε
2269 4686 2503 4755 τετράδα
2539 4684 2639 4751 τῆς
2671 4682 3198 4753 Μεσοπεντηκοστῆς
3256 4678 3367 4750 (Ἡ)
3415 4678 3564 4743 ἐδοξέ
3612 4696 3725 4732 τισι

2152 4779 2260 4831 τῶν
2285 4776 2390 4848 πρὸ
2412 4772 2568 4845 ἡμῶν
2598 4774 2768 4841 ἁγίων
2803 4771 3060 4842 Πατάρων
3086 4809 3103 4833 ,
3149 4769 3239 4823 διὰ
3265 4770 3327 4822 τδ
3352 4764 3496 4824 εἶναι
3525 4769 3723 4821 δεσπο-

2153 4869 2334 4941 τικὴν,
2395 4868 2490 4921 καὶ
2531 4866 2619 4919 διὰ
2659 4864 2817 4918 τοῦτο
2845 4864 2905 4917 τὸ
2958 4863 3311 4934 παράδειγμα
3338 4861 3594 4917 διαλῦααι
3622 4861 3724 4914 αὓ-

1985 5074 2218 5133 NOTAE.

559 5163 670 5234 (l8)
711 5165 784 5237 De
837 5165 949 5237 hoc
991 5165 1374 5220 Armeniorum
1426 5167 1655 5237 jejunio,
1708 5169 1796 5224 cui
1847 5183 2044 5223 nomen

2214 5166 2327 5236 (22)
2358 5165 2558 5220 Confer
2596 5164 2802 5219 (Iallisri
2829 5162 3212 5236 Synaxarium,
3243 5173 3344 5236 nec
3380 5173 3491 5236 non
3511 5158 3724 5236 _Balsa-

491 5229 868 5297 artzibnrium,
922 5236 1078 5289 docte
1126 5237 1265 5291 inter
1297 5229 1442 5293 alios
1477 5229 1690 5294 7multos
1721 5240 1947 5293 Allatius
1976 5239 2048 5292 Dc
2145 5229 2359 5292 mortem
2406 5237 2547 5304 apud
2575 5237 2830 5289 Allnlium
2859 5229 3077 5288 dissert.
3107 5229 3349 5304 citlcol.
3391 5229 3551 5284 1424.

497 5307 779 5379 Dominicis
801 5315 850 5358 et
886 5305 1043 5379 hebri.
1061 5304 1383 5379 Grecorum,
1413 5319 1534 5378 post
1561 5325 1698 5379 opus
1725 5310 1797 5364 De
1818 5325 2049 5364 consen-

491 5393 554 5431 su
594 5376 810 5446 dissert.
845 5377 948 5434 col.
979 5376 1122 5446 15l3_
1149 5393 1301 5445 seqq.

563 5445 671 5518 (l9)
710 5445 916 5518 Lupum
978 5445 1128 5510 dicit,
1167 5449 1258 5518 qui
1307 5462 1494 5501 canem
1553 5447 1725 5518 Sergii
1777 5449 2052 5504 haeresiar-

491 5516 608 5571 chae
638 5517 935 5569 devoravit.
986 5518 1146 5569 Allat.
1190 5516 1410 5572 dissert.
1443 5522 1535 5570 cit.
1569 5516 1676 5572 col.
1703 5518 1855 5572 HIS.

585 5583 762 5659 20th
781 5587 986 5659 codicis
1033 5588 1274 5657 margine
1299 5588 1473 5655 glossa
1502 5598 1585 5644 cst
1613 5608 1623 5642 :
1663 5589 1862 5659 ὕφαλον
1901 5589 2050 5655 λέγει

489 5656 550 5708 τὸ
574 5653 975 5724 λανθανόμενον.

561 5723 811 5796 (indta
836 5726 1000 5778 etiam
1065 5725 1398 5796 Nicephorius
1441 5730 1744 5796 patriarcha
1808 5747 1926 5784 can.
1980 5730 2048 5786 3.5

492 5795 636 5863 apud
660 5794 888 5852 Coteler.
917 5812 1006 5866 op.
1039 5797 1129 5852 cit.
1164 5794 1212 5850 ιζ
1240 5797 1325 5850 Ill.
1357 5799 1410 5850 ιι.
1445 5794 1566 5854 1.69.

2215 5307 2328 5373 (~25)
2392 5299 2760 5371 "ebdomada,
2799 5319 2919 5372 quae
2970 5306 3164 5357 t‘estnm
3200 5299 3420 5373 Pasclue
3464 5300 3722 5370 proxime

2147 5371 2412 5444 sequitur,
2463 5377 2662 5429 dicitur
2699 5371 3132 5450 διακαινήσιμος,
3185 5371 3328 5438 quod
3359 5387 3585 5450 .nonten
3621 5373 3722 5426 ha-

2147 5450 2263 5500 buit
2290 5463 2356 5500 ex
2387 5447 2585 5501 Christi
2619 5447 3040 5507 resurrectione,
3090 5458 3194 5509 qua
3226 5447 3406 5494 omnia
3454 5454 3722 5499 renovata

2158 5517 2394 5570 fuerlant.
2430 5516 2501 5569 lla
2537 5525 2760 5569 sanctus
2816 5512 3153 5580 I‘inphanins
3199 5524 3364 5580 scrin.
3425 5510 3501 5564 De
3519 5511 3717 5566 Pasch.

2170 5587 2257 5638 Ἐν
2305 5587 2474 5656 ταύτῃ
2525 5585 2742 5647 καινοὺς
2784 5577 3022 5652 ἑπῆξατο
3073 5585 3138 5652 τῇ
3193 5577 3366 5634 κτίσει
3409 5583 3571 5652 ὄρους
3623 5585 3722 5637 καὶ

2155 5673 2370 5723 νόμους.

2228 5726 2340 5792 (it)
2388 5727 2460 5780 De
2480 5725 2943 5795 Mesopentecoste
2968 5722 3199 5778 Allatius
3232 5723 3450 5780 dissert.
3482 5723 3578 5780 cit.
3603 5723 3720 5779 col.
