3966 6444
530 343 668 406 1703

1706 356 1765 415 S.
1799 355 2188 420 THEODORI
2226 360 2569 422 STUDIT/E

3608 365 3746 431 1704

526 458 703 513 diuite
749 460 986 530 regulam
1012 464 1444 534 conscripsisse;
1469 467 1556 521 cui
1587 470 1763 524 omnis
1792 470 1964 540 gloria
1986 474 2084 528 de-

2201 476 2289 529 τᾶν
2326 477 2766 548 συνεγράψαμενο
2805 470 2850 545 ᾧ
2896 481 3091 548 πρέπει
3139 481 3285 534 πᾶσα
3316 480 3460 547 δόξα,
3482 485 3618 554 τιμὴ
3657 490 3749 540 καὶ

525 551 706 617 betur,
749 554 945 621 honor,
990 566 1153 627 atque
1188 558 1458 626 adoratio,
1495 561 1548 616 in
1586 563 1794 623 saecula
1853 565 2085 622 seculo-

531 659 687 698 rutn-
709 646 881 701 Anien

2189 569 2554 641 προσκύνησις
2583 572 2661 635 είς
2693 571 2821 635 τοὺς
2850 572 3046 635 αἰῶνας
3073 572 3183 626 τῶν
3206 571 3436 628 αίὼνων.
3481 576 3676 646 ’Λμήν.

554 848 3721 904 Ἥ

1667 1034 2615 1153 ΥΠΟΤΥΠΩΣΙΣ

902 1246 1671 1373 ΚΑΤΑΣΤΑΣΕΩΣ
1706 1254 1921 1340 ΤΗΣ
1961 1255 2200 1341 ΜΟΝ
2205 1257 2346 1343 ΗΣ
2372 1259 2596 1347 ΤΩΝ
2623 1254 3173 1346 ΣΤΟΥΔΙΟΥ
3202 1248 3342 1341 θθ).

1680 1612 2611 1744 DESCRIPTIO

945 1857 1959 1954 CONSTITUTIONIS
2015 1865 2747 1959 MONASTERII
2820 1869 3173 1959 STUDI
3197 1873 3270 1959 l.

602 2229 822 2286 l.>Cum
896 2230 1079 2286 multa:
1143 2230 1478 2302 diversaeque
1524 2234 1636 2289 sint
1680 2234 1734 2288 in
1769 2237 1940 2293 sacris
1971 2253 2088 2293 mo-
2116 2246 2160 2305 Β

531 2321 788 2377 uasteriis
804 2329 1217 2390 perseverantes
1244 2321 1544 2390 antiquitus
1571 2322 1910 2389 traditiones,
1933 2334 2095 2396 atque

532 2414 622 2467 alii
647 2414 769 2468 aliis
786 2423 1063 2483 regantur,
1085 2412 1212 2466 dum
1233 2412 1300 2467 ad
1325 2428 1548 2483 regnum
1567 2415 1829 2470 cmlorum
1849 2418 2094 2484 tendunt,

532 2504 1053 2569 constitutionibus;
1076 2518 1181 2557 una
1210 2511 1376 2558 estex
1398 2506 1656 2561 omnibus
1679 2516 1862 2562 nostra
1884 2524 2099 2579 quoque

534 2594 766 2648 stabilita
793 2593 1035 2654 traditio,
1066 2608 1228 2662 quam
1255 2595 1567 2664 accepimus
1620 2614 1650 2650 a
1687 2613 1886 2667 magno
1934 2600 2095 2656 Patre

533 2694 719 2739 nostro
745 2694 798 2740 et
818 2684 1132 2741 confessore
1160 2685 1483 2753 Theodoro;
1513 2703 1688 2757 neque
1736 2705 1834 2745 nos
1855 2698 2096 2746 tantum-

532 2779 714 2842 modo,
738 2794 921 2833 verum
935 2779 1098 2833 etiam
1124 2795 1250 2850 pars
1275 2796 1468 2849 magna
1493 2782 1778 2835 meliorum
1800 2788 2097 2839 monacho-

534 2885 657 2923 rum
690 2868 833 2923 hanc
861 2869 1091 2939 eligunt,
1116 2885 1217 2925 ceu
1241 2872 1500 2941 optimam
1530 2878 1586 2925 et
1611 2872 2023 2941 regalissimam,
2044 2880 2099 2929 et

530 2978 791 3018 excessus
818 2962 1171 3031 defectusque
1203 2964 1483 3020 vitantem.
1520 2963 1720 3033 Utique
1776 2973 1830 3019 et
1869 2980 1967 3020 nos
2000 2966 2098 3022 ho-

532 3054 621 3109 die
651 3054 826 3109 Patris
879 3054 1099 3123 impulsi
1131 3056 1438 3124 praeceptis,
1494 3066 1554 3111 ut
1605 3058 1746 3111 hanc
1790 3058 1843 3111 in
1894 3059 2096 3113 chartis

530 3146 799 3214 regulam,
832 3160 944 3214 quo
967 3145 1085 3214 ejus
1120 3146 1425 3201 indelebilis
1448 3148 1519 3202 sit
1549 3149 1832 3213 memoria,
1864 3150 2094 3217 posteris

533 3236 806 3301 aetatibus,
843 3252 943 3305 pro
987 3237 1217 3299 viribus,
1260 3237 1655 3305 relinquamus,
1691 3238 1919 3292 docilem
1975 3241 2095 3293 ani-

533 3341 681 3379 mum
730 3325 1007 3391 ﬂeximus;
1068 3324 1180 3379 Deo
1233 3326 1461 3390 scilicet,
1521 3328 1759 3396 pastoris
1791 3328 1963 3382 nostri
1994 3343 2095 3397 pro

534 3414 693 3468 nobis
718 3414 988 3483 precibus,
1012 3415 1171 3470 nobis
1193 3416 1523 3470 concedente
1551 3432 1846 3487 congruam
1881 3418 2089 3471 oratio-

532 3509 619 3561 nis
648 3521 982 3577 compagem,
1018 3508 1091 3561 ita
1116 3517 1175 3562 ut
1204 3509 1413 3577 integre
1442 3515 1495 3560 ct
1529 3508 1734 3561 utiliter
1767 3523 1835 3563 ac
1861 3509 2094 3562 salubri-

2260 2237 2419 2313 [Cod.
2449 2245 2560 2292 vat.
2603 2235 2762 2304 2029,
2802 2236 2843 2291 τ.
2877 2234 3024 2306 179.]
3070 2241 3138 2289 α’.
3191 2235 3404 2289 Πολλῶν
3446 2235 3620 2290 δντων
3650 2233 3751 2295 καὶ

2194 2333 2463 2404 διαφόρων
2482 2331 2592 2384 τῶν
2620 2329 2678 2382 ὲν
2698 2331 2809 2390 τοῖς
2848 2331 3013 2399 ἱεροῖς
3053 2328 3437 2399 μοναστηρίοις
3466 2347 3745 2403 κεκρατη-

2196 2422 2363 2475 κυιῶν
2394 2420 2600 2476 ἄνωθεν
2647 2418 3026 2487 παραδόσεων,
3061 2420 3154 2471 καὶ
3192 2418 3364 2471 ἄλλων
3399 2418 3589 2484 ἄλλαις
3618 2422 3749 2476 διοι-

2195 2512 2471 2583 κουμένων
2506 2528 2565 2564 τε
2596 2510 2690 2563 καὶ
2724 2509 3047 2579 ἰθυνομένων
3088 2509 3222 2579 πρὸς
3242 2511 3341 2581 τὴν
3372 2511 3477 2565 τῶν
3500 2514 3750 2583 οὐρανῶν

2198 2604 2469 2675 βασιλείαν
2506 2602 2904 2663 ὑποτυπώσεσι,
2930 2599 3026 2667 μία
3055 2600 3135 2662 τίς
3162 2602 3274 2653 ἐστι
3303 2602 3412 2655 τῶν
3436 2605 3628 2656 πασῶν
3653 2607 3750 2659 καὶ

2193 2698 2228 2767 ή
2262 2695 2386 2749 καθ’
2421 2694 2571 2765 ἡμᾶς
2601 2692 2876 2764 κρατοῦσα
2903 2690 3214 2762 παράδοσις,
3248 2693 3313 2761 ἢν
3333 2695 3751 2766 παρειλήφαμεν

2195 2787 2331 2856 πρὸς
2366 2784 2460 2839 τοῦ
2494 2784 2727 2855 μεγάλου
2751 2782 2960 2853 Πατρδς
2994 2781 3147 2852 ἡμῶν
3170 2782 3263 2834 καὶ
3293 2783 3625 2855 ὁμολογητοῦ
3654 2785 3750 2839 τοῦ

2193 2870 2486 2941 Θεοδώρου’
2546 2870 2639 2921 καὶ
2679 2870 2776 2939 οὐχ
2831 2870 2989 2939 ἡμεῖς
3042 2870 3229 2939 μόνοι,
3286 2870 3421 2923 ἀλλὰ
3452 2872 3516 2940 δὴ
3571 2875 3667 2926 καῖ⁸
3700 2877 3751 2928 οι

2195 2961 2413 3024 πλείους
2448 2962 2555 3013 τῶν
2603 2961 2869 3030 ὲγκρίτων
2906 2960 3183 3030 μοναστῶν
3211 2961 3413 3029 ταύτην
3442 2963 3749 3033 αἱροῦνται,

2192 3050 2264 3115 ὡς
2288 3052 2514 3121 ἀρίστην
2556 3068 2616 3104 τε
2657 3053 2749 3104 καὶ⁵
2778 3050 3228 3120 βασιλικωτάτην,
3266 3051 3362 3105 καὶ
3384 3052 3483 3116 τὰς
3513 3053 3750 3125 ὑπερϐο-

2192 3142 2289 3205 λάς
2324 3144 2418 3196 καὶ
2452 3142 2716 3211 ἐλλείψεις
2769 3142 3141 3196 ὲκκλίνουσαν.
3170 3142 3387 3212 Ἀμέλει
3440 3144 3535 3195 καὶ
3591 3145 3753 3213 ἡμεῖς

2196 3238 2431 3304 σήμερον
2481 3235 2776 3303 πατρικαῖς
2807 3234 3203 3303 προσαχθέντες
3255 3234 3516 3297 ἐντολαῖς,
3548 3235 3753 3303 ταύτην

2192 3327 2251 3380 ἔν
2272 3326 2498 3396 χάρταις
2536 3326 2613 3387 είς
2642 3324 2872 3391 ἄληπτον
2920 3325 3139 3394 μνήμην
3172 3328 3287 3388 ταῖς
3332 3327 3629 3394 μετέπειτα
3661 3344 3753 3392 γε·

2192 3419 2340 3479 νεαῖς
2375 3416 2712 3481 καταλιπεῖν,
2747 3416 2821 3480 ὡς
2854 3418 2886 3487 ἡ
2920 3415 3170 3483 δύναμις,
3198 3417 3333 3484 πρὸς
3373 3415 3471 3485 τὴν
3504 3417 3755 3487 ὑπακοὴν

2192 3508 2415 3570 ἑαυτοὺς
2464 3508 2780 3577 καθήκαμεν
2805 3520 2818 3535 ⁵
2852 3507 2987 3559 Θεοῦ
3017 3506 3215 3576 δηλαδὴ
3255 3506 3587 3575 παρέχοντος
3620 3510 3755 3577 ἡμῖν

533 3606 615 3648 tcr
645 3596 926 3665 theophori
966 3595 1144 3650 Patris
1206 3597 1376 3650 nostri
1413 3596 1707 3651 constituta
1748 3611 2096 3665 exponamus.

2202 3602 2321 3658 ταῖς
2354 3597 2447 3651 τοῦ
2496 3600 2750 3667 ποιμένος
2797 3599 2934 3663 ὑπὲρ
2966 3598 3121 3668 ἡμῶν
3154 3599 3481 3668 προσευχαῖς
3521 3600 3622 3665 τὴν
3651 3616 3754 3651 κα-

538 3687 605 3741 ad
636 3686 862 3756 gloriam
888 3686 1065 3743 Patris
1088 3698 1139 3742 ct
1174 3686 1295 3740 Filii
1325 3695 1379 3741 et
1416 3686 1652 3754 Spiritus
1678 3688 1872 3752 sancti,
1903 3698 2088 3741 custo-

534 3778 787 3847 diamque
810 3789 863 3834 et
886 3780 1115 3833 salutem
1148 3780 1358 3833 illorum
1384 3778 1475 3847 qui
1509 3794 1632 3831 cum
1668 3777 1769 3831 fide
1800 3778 1940 3833 hanc
1989 3780 2088 3833 ob-

534 3869 859 3922 servantiam
909 3870 1160 3938 amplecti
1192 3869 1478 3922 voluerint.
1507 3868 1674 3938 lgitur
1720 3868 1832 3922 Deo
1882 3867 2091 3925 favente

531 3958 746 4012 initium
774 3960 1165 4016 lucubrationis
1189 3960 1479 4016 faciamus.

2190 3688 2449 3757 τάλληλον
2480 3689 2727 3759 ἁρμογὴν
2768 3689 2867 3756 τῆς
2904 3688 2999 3742 τοῦ
3030 3690 3188 3756 λόγου
3222 3689 3541 3751 συνθέσεως,
3580 3692 3663 3753 εἰς
3696 3691 3759 3743 τὰ

2192 3780 2444 3833 ἐκθέσθαι
2492 3781 2658 3847 ὑγιῶς
2708 3782 2775 3832 τὰ
2818 3780 3114 3850 ὀνησιφόρα
3153 3797 3213 3832 τε
3246 3782 3339 3832 καὶ
3386 3782 3627 3851 σωτήρια
3660 3782 3754 3833 τοῦ

2195 3871 2452 3941 θεοφόρου
2474 3872 2685 3942 Πατρὸς
2707 3871 2860 3941 ήμῶν
2881 3871 3207 3940 ἐντάλματα,
3250 3873 3327 3933 είς
3357 3872 3515 3937 δόξαν
3541 3874 3754 3942 Πατρὸς

2194 3964 2289 4017 καὶ
2322 3962 2452 4016 Υἱοῦ
2483 3964 2576 4016 καὶ
2605 3964 2761 4031 ἁγίου
2794 3962 3125 4031 Πνεύματος,
3157 3961 3252 4014 καὶ
3292 3962 3540 4031 φυλακήν
3566 3980 3623 4015 τε
3660 3966 3755 4016 καὶ

535 4050 807 4119 σωτηρίαν
853 4052 958 4105 τῶν
991 4050 1160 4104 ταῦτα
1197 4051 1335 4122 μετὰ
1379 4052 1615 4114 πίστεως
1643 4052 2088 4122 προαιρουμένων
2126 4053 2435 4123 φυλάττειν.
2470 4056 2651 4107 Ἔστω
2683 4054 2863 4107 τοίνυν
2915 4055 3061 4125 ἀρχὴ
3108 4053 3209 4123 τῆς
3261 4051 3565 4117 συντάξεως
3610 4054 3753 4124 αὕτη

535 4143 632 4195 σὺν
661 4140 797 4211 Θεῷ.

535 4232 809 4296 Quomodo
837 4248 931 4285 nos
960 4248 1197 4301 geramus
1241 4232 1293 4285 in
1322 4232 1609 4302 synaxibus
1655 4243 1853 4287 sancta:
1890 4242 1940 4287 et
1979 4234 2091 4303 glo-

607 4307 763 4425 Z‘osla;
823 4303 1085 4357 triduum?
1126 4304 1525 4356 resurrectionis
1573 4303 1871 4358 Servatoris
1899 4306 2087 4357 nostri.

657 4388 683 4425 e
736 4388 875 4425 iano.

657 4388 683 4425 e
712 4388 875 4441 tigno.

605 4484 660 4539 2.
696 4484 987 4540 Sciendum
1028 4496 1113 4542 est
1145 4486 1290 4557 quod
1340 4495 1615 4541 transacta
1648 4485 1825 4542 noctis
1853 4487 2091 4543 secunda

536 4576 803 4640 custodia,
839 4592 933 4631 seu
980 4586 1105 4645 post
1153 4578 1340 4631 horam
1372 4587 1600 4643 sextam,
1634 4577 1921 4647 incipiente
1966 4593 2090 4646 sep-

538 4668 691 4729 tima,
717 4675 834 4718 rato
864 4666 1164 4735 hydrologii
1200 4674 1419 4734 puncto,
1443 4668 1741 4735 crepitante
1773 4668 1947 4737 signo,
1974 4683 2095 4721 sur-

2194 4234 2395 4300 ’Ὂπως
2426 4234 2803 4301 διοικούμεθα
2841 4232 2911 4285 ἐν
2943 4230 3071 4297 ταῖς
3104 4229 3400 4301 τζυκάξεσι
3441 4228 3553 4301 τῆς
3578 4229 3755 4301 ἁγίας

2263 4298 2977 4370 καίήὲνδόξουτριημέρου
2998 4298 3388 4363 ἀναστάσεως
3417 4298 3523 4352 τοῦ
3554 4298 3752 4366 Σωτῆ-

2256 4391 2367 4441 ρος
2393 4368 2579 4441 ὴὶιῶν.
2610 4368 2747 4441 Περὶ
2774 4368 2879 4426 τοῦ
2916 4370 3104 4435 ξύλου
3138 4369 3271 4440 (50).

2266 4487 2331 4551 β’.
2381 4485 2574 4540 ’ἰστέον
2614 4486 2697 4539 ὅτε¹
2724 4485 2861 4555 μετὰ
2887 4484 2949 4537 τὸ
2980 4477 3266 4551 παρελθεῖν
3293 4479 3552 4550 δευτέραν
3583 4480 3753 4549 φυλα-

2195 4577 2297 4649 κὴν
2326 4577 2426 4646 τῆς
2476 4574 2689 4639 νυκτὸς,
2724 4575 2842 4645 ἤτοι
2878 4573 2977 4643 τὴν
3028 4570 3080 4638 ς’
3115 4572 3283 4639 ὥραν,
3313 4570 3621 4640 ἀρχομένης
3651 4569 3753 4637 τῆς

2197 4665 2262 4730 ζ’,
2301 4664 2486 4718 πίπτει
2513 4663 2608 4716 τοῦ
2641 4661 2951 4733 ὑδρολογίου
2978 4662 3038 4715 τὸ
3082 4661 3382 4729 σύσσημον,
3411 4660 3505 4712 καὶ
3528 4663 3595 4729 τῇ
3625 4659 3750 4711 τού-

540 4756 617 4820 git
648 4755 694 4809 is
723 4756 815 4822 qui
835 4755 1269 4822 exspergiscendi
1300 4753 1535 4809 ofﬁcium
1563 4754 1744 4819 habet,
1776 4765 1828 4810 ct
1847 4756 2093 4811 cubicula

2201 4772 2289 4809 του
2333 4756 2577 4824 σημασῐᾳ
2607 4753 2876 4824 ἐγείρεται
2920 4754 2948 4805 ὁ
2984 4750 3344 4821 άφυπνιστὴς,
3394 4750 3491 4802 καὶ
3527 4749 3752 4819 περιέρ-

540 4844 795 4897 circumit
821 4858 945 4897 cum
974 4844 1213 4910 lucerna,
1254 4842 1451 4899 fratres
1480 4846 1725 4900 excitans
1755 4846 1822 4900 ad
1873 4850 2092 4900 matuti-

2201 4864 2345 4917 χεται
2390 4845 2517 4908 τοὺς
2562 4844 2822 4907 κοιτῶνας
2863 4842 2999 4912 μετὰ
3050 4840 3255 4911 φανοῦ,
3308 4841 3751 4911 προτρεπόμενος

543 4950 664 4990 nam
692 4934 1053 5004 doxologiam.
1092 4935 1397 5007 Statimque
1418 4936 1562 5006 ligna
1592 4938 1723 4992 dant
1750 4940 1964 5009 signum
1998 4955 2092 4995 sus

2201 4941 2319 5002 τοὺς
2346 4937 2606 5005 ἀδελφοὺς
2631 4939 2712 5000 εἰς
2738 4935 3089 5001 ἐξανάστασιν
3133 4934 3231 5002 τῆς
3268 4932 3497 5001 ἑωθινῆς
3533 4932 3745 4996 δοξολο-

542 5026 739 5094 deque,
794 5033 1031 5095 tuncque
1086 5028 1348 5083 fratribus
1386 5029 1597 5083 cunctis
1630 5029 1681 5082 in
1706 5031 1943 5084 ecclesia:
1980 5046 2094 5084 nar-

2201 5031 2340 5097 γίας·
2364 5028 2680 5096 σημαίνουσι
2708 5026 2765 5082 δὲ
2786 5025 3094 5095 παραυτίκα
3135 5024 3227 5076 καὶ
3258 5024 3324 5075 τὰ
3354 5021 3486 5086 ξύλα
3530 5023 3647 5075 ἅνω
3693 5039 3751 5074 τε

544 5120 699 5171 thece
721 5121 1079 5188 congregatis,
1112 5128 1166 5173 et
1188 5136 1311 5174 cum
1346 5121 1559 5175 silentio
1588 5123 1886 5187 orantibus,
1914 5137 2095 5177 sacer-

2201 5122 2293 5174 καὶ
2317 5121 2483 5173 κάτω·
2525 5120 2619 5172 καὶ⁵
2651 5118 2758 5170 τῶν
2808 5116 3048 5183 ἀδελφῶν
3098 5114 3311 5168 πάντων
3348 5113 3753 5180 ἀθροιζομένων

546 5212 645 5265 dos
682 5212 1014 5266 thuribulum
1049 5228 1211 5267 manu
1245 5224 1433 5269 tenens
1459 5214 1733 5269 thurificat
1780 5216 1951 5284 primo
2005 5229 2093 5270 sa-

546 5320 698 5357 crum
724 5305 901 5369 betna,
934 5304 1127 5359 deinde
1152 5320 1217 5359 ex
1241 5305 1512 5361 anteriore
1549 5306 1791 5361 cancello
1821 5322 2094 5371 egressus.

2200 5214 2259 5265 ὲν
2300 5210 2379 5281 τῷ
2421 5210 2651 5280 νάρθηκι
2696 5208 2789 5261 τοῦ
2817 5205 3113 5275 Κυριακοῦ,
3166 5204 3259 5257 καὶ
3303 5204 3754 5272 προσευχομένων

2200 5306 2396 5375 ἡσυχῇ,
2427 5306 2455 5356 ὁ
2486 5301 2663 5372 ἱερεὺς
2696 5300 2758 5354 τὸ
2789 5299 2981 5371 πύριον
3024 5298 3162 5369 μετὰ
3195 5298 3378 5367 χεῖρας
3415 5294 3754 5366 ἐπιλαϐόμε-

2036 5479 2267 5535 ΝΟΤᾸΕ.

617 5603 729 5672 (9.9)
760 5601 1147 5675 Hypotyposini
1167 5601 1503 5657 Studitanam
1532 5605 1745 5675 appelat
1774 5604 2003 5659 Allatius
2034 5603 2086 5656 in
2190 5598 2329 5675 apud
2357 5597 2570 5675 amcos
2596 5597 2891 5675 prmsertim
2915 5596 3234 5675 monachos,
3254 5592 3749 5675 legaturcardina:

546 5669 763 5727 dissert.
792 5669 883 5728 cit.
913 5669 1017 5727 col.
1054 5674 1211 5728 1460.

620 5744 727 5814 (:50)
761 5744 835 5799 De
874 5745 975 5799 hoc
1002 5744 1147 5814 ligno
1178 5745 1526 5811 semanterio,
1558 5747 1663 5801 iten
1683 5760 1787 5815 que
1817 5745 1882 5797 dc
1940 5742 2089 5805 tuba,

2192 5660 2259 5722 li's
2297 5668 2437 5721 Bona
2470 5660 2803 5734 Rerflitnrg.
2839 5666 2929 5718 lib.
2958 5681 2993 5728 I,
3024 5666 3114 5728 9.2,
3148 5667 3235 5733 qui
3265 5660 3528 5719 etAllatii
3552 5664 3747 5717 recitat

2195 5738 2615 5805 descriptionem
2647 5736 2882 5805 praedicti
2917 5734 3251 5789 semanterii.
