3966 6516
188 485 310 548 1705

1285 486 1934 547 CONS’l‘l'l‘U'l‘lONES
1973 485 2445 548 STUDITANAS.

3292 479 3424 542 1706

185 621 282 667 νος,
337 601 511 671 Θυμιᾷ
572 614 786 671 πρωτον
830 599 892 652 τὸ
937 600 1080 669 ἱερον
1131 599 1316 668 βῆμα·
1373 600 1620 653 κάκεῖθεν
1678 599 1766 651 διὰ

1875 598 2063 652 transit
2091 611 2186 664 per
2211 593 2428 649 boreale
2454 592 2597 644 latus
2653 586 2862 659 templi,
2889 599 2943 644 et
2968 602 3091 644 cum
3126 589 3192 642 ad
3219 593 3424 660 regiam

183 696 270 761 τῆς
299 688 618 760 ἔμπροσθεν
663 689 940 758 κιγκλίδος
981 688 1235 754 ἐξελθὼν,
1270 689 1540 760 διέρχεται
1573 690 1637 742 τὸ
1668 690 1752 759 βό-

187 800 320 853 ρειον
352 782 501 834 κλιὸν
542 782 605 834 τὸ
639 781 733 835 τοῦ
763 780 914 846 ναοῦ,
955 781 1049 834 καὶ
1094 782 1309 849 φθάσας
1339 782 1438 851 τὴν
1472 781 1755 852 βασιλικὴν

185 873 377 943 πύλην,
411 873 584 944 Ουμιᾷ
628 874 755 935 τοὺς
796 873 1082 942 ἀδελφοὺς,
1113 875 1207 927 καὶ
1233 872 1436 937 εὐθέως
1466 874 1754 943 ἀνατρέχει

185 964 268 1016 διὰ
299 963 398 1016 τοῦ
431 965 608 1017 νοτίου
648 968 845 1034 μέρους
874 963 996 1017 ὅθεν
1034 964 1275 1034 ἐξῆλθεν·
1324 966 1377 1018 οἵ
1427 981 1487 1018 τε
1535 966 1755 1034 ἀδελφοὶ

184 1055 408 1108 κατόπιν
446 1053 612 1107 αὐτοῦ
636 1054 970 1123 εἰσέρχονται
990 1055 1068 1117 εἰς
1092 1055 1180 1106 τὸν
1219 1053 1366 1108 ναόν.
1397 1054 1569 1116 Αὐτὸς
1602 1047 1658 1106 δὲ
1695 1055 1756 1107 τὸ

184 1137 377 1218 ιίύριον
413 1145 747 1216 ἀποθέμενος
768 1149 850 1208 εἰς
877 1146 939 1198 τὸ
963 1146 1115 1213 ἆγιον
1138 1145 1307 1215 βῆμα,
1346 1145 1578 1212 ἐξελθὼν
1601 1147 1753 1198 ἵστα-

184 1226 268 1291 ται
323 1241 468 1292 κατὰ.
519 1239 810 1307 πρόσωπον
849 1236 943 1290 τοῦ
1000 1237 1335 1307 ἱλαστηρίου,
1395 1239 1490 1289 καὶ
1526 1238 1756 1306 ἄρχεται

183 1329 496 1400 τροπὰριον,
537 1332 564 1382 ὁ
607 1324 738 1398 ἦχος
770 1327 862 1382 πλ.
894 1335 962 1393 α’,
993 1329 1248 1396 Χριστὸς
1281 1327 1507 1394 ἀνέστη
1543 1328 1612 1380 ἐκ
1655 1345 1756 1381 νε-

185 1419 358 1490 κρῶν.
390 1423 564 1492 Ὅπερ
607 1421 747 1492 μετὰ
773 1422 834 1473 τὸ
859 1420 1129 1488 ψαλθῆναι
1157 1421 1339 1490 τρίτον
1357 1419 1507 1490 παρὰ
1537 1420 1584 1473 τ’
1604 1421 1752 1473 ἐκεί-

188 1532 275 1566 νου
306 1515 403 1566 καὶ
431 1513 539 1565 τῶν
573 1512 839 1580 ἀδελφῶν,
870 1511 1021 1578 λὲγει
1065 1513 1092 1562 ὁ
1135 1511 1510 1581 πρεσϐύτερος
1549 1513 1753 1581 στίχον,

185 1608 344 1672 {tum
379 1606 568 1674 ἡμέρα
611 1604 692 1672 ἢν
713 1603 1002 1670 ἐποίησεν
1039 1606 1072 1656 ό
1100 1604 1332 1669 Κύριος·
1366 1604 1416 1654 οἱ
1451 1603 1670 1670 ἀδελφοὶ
1699 1601 1756 1655 δὲ

184 1700 241 1752 τὸ
283 1698 582 1769 τροπάριον
626 1715 765 1766 στιχ.
811 1696 876 1765 β’,
910 1694 1316 1761 Συστήσασθε
1368 1695 1615 1761 ἑορτὴν,
1650 1695 1754 1757 ἕως

184 1791 354 1852 τέλος·
386 1792 479 1844 καὶ
510 1789 674 1843 πάλιν
724 1791 753 1842 ὁ
799 1788 924 1850 λαὸς
971 1787 1033 1840 τὸ
1059 1787 1355 1858 τροπὰριον
1385 1787 1617 1850 δοξάζει.
1647 1786 1756 1839 Καὶ

189 1883 324 1951 μετὰ
368 1883 466 1951 τὴν
500 1879 892 1950 συμπλήρωσιν
915 1877 1132 1942 τούτου,
1156 1878 1380 1948 ἄρχεται
1409 1878 1573 1937 εὐθὺς
1601 1880 1630 1930 ὁ
1651 1894 1751 1928 κα-

1858 702 2066 759 portam
2117 686 2344 748 venerit,
2388 682 2664 737 thurificat
2713 681 2932 748 fratres,
2996 683 3289 752 statimque
3328 699 3426 753 per

1856 780 2216 832 meridianum
2232 775 2391 828 [latus
2424 773 2714 827 revertitur
2748 775 2890 825 umle
2922 773 3288 839 discesserat;
3348 779 3426 828 si-

1855 868 2075 935 mulque
2097 864 2296 917 fratres
2320 871 2438 930 post
2467 861 2619 912 illum
2644 859 3023 926 ingrediuntur
3058 861 3109 913 in
3141 862 3422 930 templum.

1859 957 1981 1026 Ipso
2013 969 2194 1010 autem
2233 953 2508 1008 thuribolo
2562 951 2812 1020 deposito
2848 951 2902 1004 in
2951 959 3143 1005 sancto
3185 953 3421 1017 betnate,

1854 1061 2107 1116 egressus
2146 1046 2292 1100 sistit
2340 1058 2524 1098 coram
2554 1043 2957 1114 propitiatorio,
3001 1042 3166 1112 tithle
3200 1042 3419 1097 initium

1857 1137 2104 1207 troparii,
2141 1146 2270 1189 tono
2301 1135 2522 1202 obliquo
2553 1136 2728 1203 primo
2769 1151 2784 1187 :
2825 1134 3066 1188 Christus
3109 1135 3340 1188 surrexit
3392 1154 3425 1187 η

1855 1232 2100 1283 mortuis.
2150 1227 2306 1294 Quod
2346 1237 2634 1297 postquam
2676 1238 2758 1281 ter
2796 1226 2864 1280 ab
2915 1228 3007 1280 illo
3047 1227 3427 1297 fratribusqne

1854 1332 2128 1376 catitatum
2157 1320 2338 1381 fuerit,
2365 1320 2497 1374 dicit
2537 1319 2814 1388 presbyter
2853 1318 3088 1372 stichutn
3132 1336 3145 1372 :
3183 1318 3310 1372 llaec
3347 1328 3429 1373 est

1853 1410 1963 1464 dies
1994 1427 2153 1479 quam
2203 1409 2322 1477 fecit
2356 1408 2637 1461 Dominus.
2669 1404 2890 1462 Fratres
2915 1419 3095 1462 autem
3121 1409 3427 1477 troparium

1854 1502 2015 1555 stich.
2039 1498 2102 1554 ει
2125 1500 2439 1552 Constituite
2463 1498 2600 1551 diem
2630 1497 2929 1556 solemnem.
2950 1513 3121 1566 usque
3144 1499 3209 1551 ad
3243 1501 3425 1552 linem.’

1856 1591 2177 1659 Rursusque
2209 1589 2439 1659 populus
2472 1590 2776 1658 troparium
2807 1589 2977 1642 canit.
3021 1587 3087 1641 Et
3112 1597 3232 1657 post
3264 1589 3430 1657 hujus

1855 1687 2041 1747 tinem,
2093 1665 2275 1737 statim
2334 1681 2526 1750 incipit
2576 1695 2788 1746 canon;
2827 1677 3086 1749 quoniam
3139 1681 3429 1750 hexapsal—

1857 1792 2006 1830 mum
2061 1772 2175 1829 tota
2239 1774 2342 1827 bac
2392 1772 2730 1827 hebdomade
2788 1785 2899 1826 non
2956 1783 3260 1827 cantamus.
3325 1771 3432 1826 Sed

1857 1864 2136 1919 ﬁuntdme
2163 1864 2446 1928 lectiones,
2486 1872 2540 1917 et
2564 1861 2767 1917 dicitur
2816 1855 3059 1932 psalmus
3090 1862 3433 1932 quinquage-

188 1945 288 2025 iu‘uv
330 1945 466 2039 (51).
508 1945 1047 2038 καθότι-ἰὲξάψαλμον
1098 1945 1278 2021 nisui;
1338 1985 1435 2038 την
1479 1968 1754 2036 ἑϐδομάδα

1875 1957 2031 2012 simus
2079 1966 2204 2026 post
2236 1955 2532 2010 secundam
2586 1953 2901 2010 lectionem.
2931 1953 3217 2026 Completo
3251 1945 3430 2011 auteni

185 2065 386 2134 ταύτην
435 2062 497 2115 οὐ
529 2062 826 2132 ψάλλομεν.
879 2061 1122 2114 Γίνονται
1173 2061 1230 2114 δὲ
1267 2061 1360 2115 δύο
1398 2058 1754 2128 ἀναγνώσεις,

186 2142 278 2209 καὶ
301 2157 330 2208 ὁ
366 2161 408 2208 ν’
437 2154 548 2208 ἀπὸ
591 2153 689 2223 τῆς
721 2152 764 2222 β’
786 2151 1166 2221 ἀναγνώσεως·
1202 2151 1297 2205 καὶ
1329 2151 1466 2219 μετὰ
1496 2149 1594 2220 τὴν
1620 2163 1758 2218 συμ-

185 2233 467 2320 ἇτλήρωσιν
502 2245 596 2299 τοῦ
624 2243 848 2315 ὄρθρου,
907 2243 1118 2313 γίνεται
1171 2243 1200 2295 6
1255 2242 1543 2312 ἀσπασμὸς
1595 2240 1690 2293 καὶ
1722 2241 1756 2308 ἠ

186 2339 470 2398 ἀπόλυσις·
513 2334 592 2398 εὶς
633 2333 691 2386 δὲ
734 2335 804 2386 τὰ
854 2333 1085 2402 λυχνικὰ
1109 2334 1310 2401 ταύτης
1341 2333 1439 2401 τῆς
1465 2329 1759 2400 ἑϐδομάδος

186 2433 415 2502 λέγομεν
437 2432 520 2496 τὸ,
552 2430 807 2498 Χριστὸς
829 2428 1077 2496 ἀνέστη·
1105 2427 1200 2480 καὶ
1224 2426 1425 2488 εὐθέως
1449 2424 1529 2486 τὸ.
1563 2425 1756 2490 Κύριε,

185 2522 501 2591 ἐκέκραξα,
562 2520 657 2572 καὶ
706 2516 1032 2571 ἁπολυτικὸν
1081 2515 1160 2580 τὸ,
1211 2514 1463 2583 Χριστὸς
1506 2512 1756 2579 ἀνέστη·

184 2606 387 2679 ὁμοίως
434 2613 492 2662 ἑν
538 2611 651 2671 τοϊς
695 2605 1064 2668 ἁποδειπνίοις
1105 2605 1197 2657 τὸν
1251 2603 1535 2674 τρισάγιον
1569 2602 1760 2672 ὕμνον,

185 2704 278 2756 καὶ
303 2704 387 2766 τὸ,
416 2702 611 2769 Κύριε,
626 2695 908 2767 ἐλέησον,
938 2698 1025 2768 ιβ’·
1054 2696 1129 2767 τῷ
1153 2696 1209 2748 δὲ
1241 2695 1502 2766 Σαϐϐάτῳ
1517 2695 1615 2764 τῆς
1645 2693 1758 2747 δια-

184 2795 538 2866 καινησίμου,
580 2794 674 2846 καὶ
711 2795 776 2862 τῇ
809 2792 1060 2861 κυριακῇ
1091 2789 1188 2858 ὀψὲ
1208 2788 1305 2856 τῆς
1335 2785 1753 2857 λαμπροφόρου,

186 2891 264 2950 εἰς
291 2890 360 2939 τὰ
382 2883 708 2938 ἁποδείπνια
741 2881 850 2935 ἀπὸ
878 2880 996 2941 τοῦ,
1036 2878 1160 2946 μεθ’
1192 2876 1364 2947 ήιιῶν
1406 2881 1436 2930 ό
1468 2876 1634 2941 Θεὸς,
1671 2876 1765 2928 καὶ

189 2981 476 3032 ἐπέκεινα.

258 3067 334 3137 γ’.
369 3069 450 3139 Τῇ
488 3067 547 3121 δὲ
587 3067 841 3135 Κυριακῇ
864 3065 961 3134 τῆς
991 3058 1385 3132 λαμπροφὸρου
1418 3058 1646 3144 ἄρχεται,
1674 3059 1769 3110 καὶ

185 3164 247 3216 τὸ
277 3161 590 3231 ἑξάψαλμον
645 3159 782 3229 (5‘2),
822 3158 917 3210 καὶ
963 3156 1193 3224 λέγομεν
1223 3153 1303 3219 τὸ,
1360 3153 1505 3218 Θεὸς
1553 3151 1768 3219 Κύριος

187 3259 270 3319 εἰς
297 3255 383 3308 πλ¹
419 3253 482 3306 δ’·
513 3253 608 3306 καὶ
664 3250 826 3311 εὐθὺς
857 3249 983 3311 τοὺς
1019 3247 1364 3312 ἁναϐαϐμοὺς
1391 3246 1469 3307 εἰς
1496 3244 1586 3296 τὸν
1607 3243 1769 3296 αὐτὸν

187 3337 349 3419 ἦχον·
388 3345 450 3399 ’τό
499 3362 558 3398 τε
593 3343 956 3414 προκείμενον
997 3339 1130 3410 (55)·
1169 3337 1266 3390 καὶ¹
1296 3336 1357 3388 τὸ
1390 3333 1558 3389 πᾶσα
1585 3332 1766 3400 πνοή·

188 3436 313 3492 εἶτα
339 3438 401 3491 τὸ
426 3434 772 3504 Εὑαγγέλιον,
806 3435 898 3485 καὶ
925 3429 1006 3496 τὸ,
1042 3431 1114 3483 ἐν
1148 3428 1280 3493 ταῖς
1304 3427 1463 3490 νυξί.
1498 3426 1609 3479 Καὶ
1633 3423 1771 3495 μετὰ

188 3531 284 3582 τὸν
321 3535 386 3591 ν’,
419 3527 644 3596 ἄρχεται
680 3525 708 3577 ὁ
742 3520 943 3576 κανών·
974 3520 1216 3589 γίνονται
1245 3518 1301 3572 δὲ
1333 3517 1668 3585 ἀναγνώσεις
1706 3515 1767 3584 β’.

188 3622 306 3674 Καὶ
334 3622 397 3690 τῇ
426 3619 679 3687 Κυριακῇ
703 3614 912 3685 ἑσπέρᾳ
935 3614 1162 3684 ἄρχεται
1183 3610 1264 3675 τὸ,
1284 3609 1578 3679 μακάριος
1593 3606 1766 3673 ἀνήρ.

189 3713 288 3765 καὶ
325 3715 389 3781 τῇ
435 3708 476 3781 β’
506 3712 584 3772 είς
615 3710 704 3760 τὸν
743 3706 936 3777 ὄρθρον
978 3704 1253 3774 ψάλλομεν
1291 3701 1453 3754 πάλιν
1496 3699 1577 3764 τὸ,
1627 3697 1771 3762 Θεὸς

192 3797 561 3865 Κύριος-,εἰς
611 3785 826 3866 πρῶτον
878 3790 1051 3863 ἦχον,
1113 3793 1206 3846 καὶ
1253 3791 1310 3844 ἓν
1364 3790 1610 3860 κάθισμα
1659 3787 1769 3859 (54)

189 3891 438 3960 ψαλμοῦ,
484 3885 602 3942 εἶτα
647 3888 740 3940 τὸν
793 3888 994 3940 κανόνα
1037 3885 1411 3945 ἀναστάσεως·
1445 3883 1687 3950 γίνονται
1716 3880 1772 3932 δὲ

190 3983 536 4051 ἀναγνώσεις
582 3980 670 4051 γ’·
727 3982 790 4032 ἑκ
842 3981 964 4033 τότε
1017 3978 1089 4030 τὰ
1138 3975 1462 4030 ἁποδείπνια
1506 3971 1773 4042 ὁλόκληρα

193 4063 464 4145 ποιοῦμεν
486 4115 500 4139 ,
539 4073 675 4144 πλὴν
708 4071 985 4126 Σα66ἀτου
1036 4070 1296 4140 ἑσπέρας,
1330 4069 1427 4121 καὶ
1458 4067 1652 4136 ἑορτῆς
1692 4066 1776 4118 δε-

195 4159 494 4237 σποτικῆς,
531 4167 626 4218 καὶ
667 4167 886 4236 μνήμης
923 4163 1099 4231 ἁγίου,
1149 4161 1348 4230 ἀργίαν
1377 4161 1510 4229 ἡμῖν
1539 4158 1646 4209 τῶν
1689 4157 1777 4225 ἔρ-

191 4274 316 4326 γων
358 4259 392 4329 ἢ
442 4259 538 4310 καὶ
565 4257 672 4310 τῶν
698 4255 854 4326 ὡρῶν
886 4253 984 4307 καὶ
1027 4254 1135 4305 τῶν
1169 4250 1465 4322 μετανοιῶν
1491 4250 1578 4301 ὅτε
1602 4247 1778 4316 γίνον-

192 4341 296 4402 ται
357 4348 757 4420 προξενούσης·
800 4349 858 4400 ἐν
885 4344 1112 4407 ταύταις
1163 4343 1275 4412 γὰρ
1329 4342 1436 4394 ἀπὸ
1488 4339 1608 4405 τοῦ,
1653 4339 1778 4424 μεθῖ

192 4439 375 4511 ἡμῶν
406 4444 440 4494 ὁ
473 4439 640 4506 Θεὸς,
689 4439 788 4491 καὶ
825 4437 1101 4489 ἐπέκεινα.
1167 4435 1449 4503 Κάμνουσι
1492 4431 1549 4484 δὲ
1591 4431 1686 4482 καὶ
1724 4429 1781 4481 αἱ

192 4533 473 4588 διακονίαι
501 4531 608 4586 ἁπδ
636 4531 804 4602 πρωῒ,
832 4533 899 4601 τῇ
938 4527 987 4597 γ’
1017 4529 1118 4597 τῆς
1148 4525 1190 4596 β’
1223 4524 1516 4595 ἑϐδομάδος
1539 4523 1781 4593 ἀρχομέ-

1855 2048 2146 2109 matutino,
2180 2047 2238 2100 ﬁt
2264 2046 2521 2101 salutatio
2549 2054 2603 2100 et
2629 2046 2923 2101 absolutio.
2950 2045 3069 2101 Jam
3096 2048 3150 2102 in
3182 2047 3436 2118 lychuico

1858 2137 2022 2206 hujus
2078 2135 2432 2191 hebdomadae
2475 2135 2711 2190 dicimus
2749 2135 2883 2190 illud
2925 2134 3216 2192 :Cliristus
3251 2154 3436 2192 resur-

1857 2231 2012 2283 rexit.
2045 2228 2111 2283 Et
2142 2243 2265 2282 mox
2293 2242 2309 2280 :
2358 2227 2599 2292 Domine,
2626 2229 2850 2281 clamavi
2871 2244 2886 2294 ;
2911 2237 2966 2283 et
3024 2229 3438 2285 conclusionem

1856 2333 2155 2376 estremam
2185 2336 2200 2372 :
2231 2318 2471 2374 Christus
2534 2318 2844 2372 resurrezit.
2882 2318 3143 2374 Similiter
3175 2321 3232 2375 in
3287 2337 3439 2376 cont-

1861 2413 2106 2481 plctoriis
2152 2412 2413 2484 hymnum
2475 2413 2794 2483 trisagium;
2823 2423 2879 2468 et
2901 2415 3138 2479 Domine,
3170 2416 3435 2470 miserere-

1862 2505 2173 2567 duodecies.
2223 2505 2465 2560 Sabbato
2515 2514 2696 2560 autem
2759 2504 3114 2560 hebdomade
3166 2507 3435 2561 diacaane-

1863 2599 2010 2663 simi,
2066 2608 2119 2652 et
2152 2597 2431 2652 Dominica
2482 2598 2861 2667 lamprophora
2895 2599 2970 2667 (iu
3007 2598 3167 2664 albis)
3213 2614 3438 2668 vespere

1863 2688 2275 2758 complctoriutn
2309 2689 2376 2742 ab
2425 2686 2536 2743 illis
2581 2689 2762 2745 verbis
2805 2689 3077 2742 nobiscum
3117 2688 3280 2756 Deus,
3311 2706 3437 2746 cum

1866 2778 2252 2850 sequentibUs.

1936 3067 1968 3121 ’5
2015 3067 2182 3121 Porro
2215 3068 2268 3121 in
2309 3063 2594 3122 Dominica
2629 3068 3014 3138 lamprophora
3060 3070 3442 3140 incipitetism

1871 3159 2305 3228 hexapsalmum,
2336 3168 2391 3210 et
2427 3158 2660 3214 dicimus
2689 3158 2831 3213 Deus
2865 3159 3119 3215 Dominus
3149 3173 3276 3217 tono
3304 3163 3450 3217 obli-

1871 3267 1981 3320 quo
2002 3260 2216 3319 quarto.
2254 3249 2318 3302 Et
2348 3266 2472 3303 mox
2492 3250 2780 3319 graduales
2804 3251 3043 3320 psalmos
3065 3252 3255 3308 eodem
3279 3262 3445 3320 tono;

1874 3356 1974 3395 nec
2039 3357 2144 3394 non
2187 3341 2580 3409 procitnenon;
2638 3350 2691 3394 et
2727 3342 2862 3396 illud
2913 3360 2928 3396 :
3014 3345 3184 3398 omnis
3204 3347 3449 3414 spiritus;

1873 3431 2079 3486 Deinde
2108 3433 2473 3500 evangelium,
2507 3439 2563 3485 et
2621 3431 2750 3485 iilud
2785 3451 2800 3487 :
2836 3449 2892 3486 in
2923 3436 3184 3489 noctibus.
3214 3434 3280 3488 Et
3329 3447 3453 3505 post

1875 3523 2390 3593 quinquagesimum
2433 3524 2703 3593 psalmum
2730 3523 3140 3593 incipitcanon.
3169 3525 3331 3581 Fiunt
3357 3545 3452 3581 au-

1874 3618 1978 3670 tem
2003 3616 2122 3669 duae
2148 3615 2428 3670 lectiones.
2460 3615 2524 3667 Et
2555 3614 2640 3668 die
2671 3613 2956 3668 Dominico
2992 3616 3057 3670 ad
3083 3632 3336 3685 vesperas
3370 3619 3454 3669 in-

1875 3707 2048 3774 cipit:
2082 3705 2262 3757 beatus
2296 3706 2394 3756 vir.
2432 3701 2498 3757 Et
2560 3701 2694 3756 feria
2751 3704 2989 3757 secunda
3024 3704 3092 3759 ad
3126 3707 3451 3760 matutinum

1875 3796 2161 3868 psallimus
2217 3810 2454 3849 rursus:
2497 3793 2633 3848 Deus
2685 3794 2960 3861 Dominus,
2991 3797 3168 3865 primo
3218 3806 3370 3860 tono,
3402 3808 3456 3849 et

1877 3904 2048 3943 unmn
2079 3887 2345 3942 catbisma
2390 3887 2619 3956 psalmi;
2657 3884 2854 3940 deinde
2882 3902 3150 3941 canouem
3193 3901 3442 3940 resurre-

1877 3980 2094 4035 ctionis.
2134 3977 2201 4033 Et
2249 3969 2388 4032 ﬁunt
2433 3978 2695 4033 lectiones
2745 3988 2877 4033 tres.
2921 3966 3056 4032 Eiin
3106 3980 3454 4048 completoria

1879 4075 2086 4142 integra
2121 4071 2436 4136 recitamus,
2471 4081 2697 4140 excepto
2729 4069 2967 4127 Sabbato
2989 4088 3232 4142 vespere,
3269 4083 3322 4126 et
3354 4075 3457 4126 Do-

1879 4166 2014 4220 mini
2049 4165 2416 4229 solemnitate,
2475 4175 2528 4219 et
2576 4163 2808 4233 alicujus
2857 4165 3032 4219 sancti
3072 4180 3456 4220 commemora.

1881 4258 2028 4312 tione
2059 4272 2178 4324 quae
2199 4256 2386 4310 feriari
2414 4271 2515 4310 nos
2547 4255 2756 4310 faciunt
2785 4257 2853 4310 ab
2884 4256 3032 4311 horis
3057 4267 3110 4311 et
3141 4259 3454 4319 metanceis;

1882 4361 2006 4421 post
2047 4352 2133 4404 illa
2172 4351 2380 4404 scilicet
2411 4352 2575 4403 verba
2610 4344 2919 4403 :uobiscum
2947 4351 3110 4413 Deus,
3141 4362 3192 4405 ct
3225 4368 3453 4419 sequen-

1883 4446 1978 4500 tia.
2021 4444 2292 4498 Laborant
2342 4453 2520 4498 autem
2567 4443 2728 4496 etiam
2777 4440 3002 4498 ofﬁcina:
3043 4460 3074 4497 a
3109 4461 3287 4508 mane,
3321 4444 3456 4498 feria

1888 4537 2044 4590 tertia
2072 4538 2326 4590 secundm
2362 4534 2715 4589 hcbdomada:
2740 4535 3071 4603 incipientis.
3097 4537 3267 4589 Porro
3288 4553 3461 4606 usque

192 4641 329 4694 νηςο
361 4625 466 4687 ἕως
496 4623 554 4676 δὲ
592 4625 691 4691 τῆς
724 4629 765 4674 ν’
796 4623 856 4673 ἐν
896 4622 974 4692 τῷ
1014 4618 1254 4691 λυχνικῷ
1278 4617 1616 4687 προκείμενα
1641 4615 1766 4684 ψάλ·

1885 4631 1952 4684 ad
1985 4629 2348 4684 l’eutecosten
2378 4630 2694 4697 procimcna
2739 4629 3026 4696 psallimus
3053 4630 3316 4697 quotidie.

194 4717 375 4785 λομεν
409 4715 650 4784 ἑκάστης
677 4714 906 4783 ἡμέρας.

273 4807 343 4870 δ’.
374 4806 495 4876 Χρὴ
533 4806 821 4874 γινώσκειν
855 4806 938 4856 ὅτι
971 4806 1027 4856 ἑν
1059 4805 1170 4866 τοῖς
1196 4802 1468 4872 λυχνικοῖς
1503 4799 1615 4869 (55)
1645 4799 1779 4850 πέει

1955 4807 2009 4860 4.
2043 4804 2100 4858 In
2158 4805 2410 4858 omnibus
2444 4804 2707 4876 lychnicis
2749 4805 3156 4859 solemnitatum
3209 4805 3450 4872 Domini,

191 4899 314 4950 τῶν
348 4896 689 4951 Δεσποτικῶν
714 4894 915 4964 ἑορτῶν
943 4895 1023 4956 τὸ,
1053 4893 1350 4961 Μακάριος
1378 4893 1531 4959 ἀνὴρ
1560 4891 1762 4960 ἄρχετα

1884 4898 2131 4968 psalmus
2170 4895 2366 4948 Beatus
2405 4897 2483 4949 vir
2537 4895 2723 4963 incipit
2773 4907 2900 4950 tono
2941 4899 3164 4967 obliquo
3220 4891 3441 4967 quarto.

192 4992 285 5052 et;
322 4991 413 5044 πλ.
433 4989 496 5041 δ’·
517 4985 633 5042 εἶτα
656 4992 689 5061 ἡ
716 4989 947 5059 δευτέρα-
974 4986 1186 5057 ἑναρξις
1210 4988 1304 5040 καὶ
1337 4987 1545 5056 ἠτρίτη
1588 4987 1666 5047 εἰς
1696 4986 1788 5034 τὸν

193 5078 348 5151 ἦχον
383 5081 481 5148 τῆς
523 5081 753 5150 ἡμέρας·
781 5074 899 5130 εἶτα
927 5077 986 5130 τὸ
1020 5079 1213 5143 Κύριε,
1248 5075 1541 5142 ἐκέκραξα
1581 5077 1659 5136 εἰς
1693 5073 1783 5124 τὸν

194 5169 347 5243 ἦχον
382 5172 494 5223 τῶν
535 5170 731 5238 στίχων
761 5171 857 5238 τῆς
885 5168 1097 5238 ἑορτής.

1897 4990 2099 5043 Deinde
2154 4987 2389 5041 secunda
2447 4987 2744 5051 inchoatio.
2803 4999 2858 5042 et
2909 4990 3065 5044 tertia
3131 5003 3259 5045 tono
3323 4993 3454 5047 diei.

1899 5076 2099 5132 Deinde
2130 5078 2260 5131 illud
2299 5096 2310 5131 :
2350 5077 2587 5140 Domine,
2629 5079 2852 5130 clamavi
2878 5088 3005 5132 tono
3040 5081 3339 5135 stichorum
3371 5098 3461 5135 so-

1899 5173 2209 5224 letnnitalis.

1655 5328 1882 5382 NOTAE.

281 5510 398 5578 (51)
441 5511 629 5563 Canon
690 5521 783 5584 est;
818 5513 1175 5566 determinata
1223 5513 1468 5580 quzedatn
1528 5527 1786 5565 mensura
1881 5514 2079 5584 jusque
2107 5515 2215 5569 diei
2253 5515 2556 5570 versicuios
2586 5531 2649 5569 ex
2683 5516 2945 5584 psalterio
2983 5515 3290 5584 decerptos.
3328 5510 3463 5566 Vide

202 5580 964 5651 hymnonuncanendorum.
1000 5584 1160 5651 Guar.
1199 5600 1251 5651 ι).
1290 5585 1410 5635 "alii.

247 5641 264 5652 ’
293 5650 408 5718 (52)
453 5653 528 5704 Ita
557 5649 769 5703 Studita
798 5650 1111 5704 constanter
1141 5641 1332 5718 genere
1357 5663 1550 5705 neutro
1578 5671 1591 5716 ;
1623 5669 1788 5721 quam

203 5725 506 5774 lectionem
563 5721 792 5788 praefero
849 5723 971 5775 aliis
1019 5724 1387 5775 scribentibus
1456 5739 1577 5786 gen.
1623 5740 1788 5776 masc.

203 5793 362 5844 Sunt
388 5803 567 5844 autem
604 5791 798 5860 psalmi
847 5807 928 5855 ιιι,
959 5808 1146 5855 sunt,
1192 5809 1333 5856 an,
1363 5810 1522 5857 Lxxx,
1567 5810 1659 5857 vn,
1697 5809 1792 5857 cn,

201 5875 385 5916 CXLII;

285 5930 404 5998 {55)
457 5931 819 5984 Procitnenon
865 5932 1117 6000 intelligit
1148 5931 1382 5989 Gonrius
1425 5934 1673 6003 prOprios
1703 5949 1796 5987 cu-

649 6024 912 6084 PnttOL.
952 6025 1067 6084 (in.
1110 6025 1328 6088 XClX.

1886 5583 2171 5653 Cangium.

1960 5649 2070 5723 (ὄλ)
2095 5656 2434 5723 Cantioquze
2471 5672 2500 5708 a
2539 5657 2853 5711 sedentibus
2909 5656 3238 5723 cuncinitur.
3273 5649 3348 5723 De
3381 5661 3463 5704 to-

1891 5721 1976 5777 nis
2001 5734 2180 5777 autem
2232 5721 2543 5780 Graécorum
2578 5728 2806 5782 Allatius
2864 5727 2940 5780 De
2994 5727 3087 5781 tib.
3116 5722 3244 5777 εστι.
3280 5721 3370 5774 Gr.
3407 5724 3460 5773 ιη

1893 5793 2191 5847 Octoccho.

1966 5865 2075 5931 (35)
2115 5866 2445 5938 l_._ychnicu_m
2482 5869 2697 5938 proprie
2727 5883 2852 5938 pars
2877 5869 3024 5938 prior
3055 5865 3222 5920 ofﬁcii
3271 5875 3462 5931 vesPe-

1896 5949 2097 5988 rarum.
2123 5935 2284 5990 Guar.
2321 5936 2450 5990 edit.
2484 5935 2611 5990 Ven.
2638 5951 2688 6005 p.
2715 5937 2802 5992 24.

3003 6029 3075 6089 ὃίι
