3966 6452
495 355 624 422 1707

1673 353 1730 410 S.
1760 352 2148 411 THEODORI
2197 349 2541 412 ST‘UDlT/E

3595 348 3732 415 I708

561 467 616 521 5.
641 464 825 534 Usque
877 462 944 518 ad
984 462 1336 520 Ascensio’nis
1373 462 1778 517 solemnitatem
1836 466 2058 518 sticliira

2232 472 2295 518 ε’.
2330 469 2421 518 Δεῖ
2454 466 2654 517 εἰδέναι
2692 464 2775 517 ὅτι
2811 462 2938 532 ἄχρι
2983 464 3081 531 τῆς
3153 464 3504 536 Λναληψίμου
3542 469 3734 537 ἑορτῆς

506 558 844 613 anastasima
893 566 1138 625 praeeunt
1171 554 1588 610 cathistnatibus
1619 556 1972 625 catanycticis
2004 567 2058 612 et

2203 555 2524 624 ροηγοῦνται
2595 553 2664 605 ea:
2742 554 3084 622 ἀναστάσιμα
3189 557 3422 625 στιχηρά
3474 557 3584 626 (50)
3638 575 3738 609 κει-

499 648 831 721 apostolicis.

569 822 624 877 6.
651 821 697 876 Α
726 821 992 876 Paschate
1045 836 1218 889 usque
1249 820 1315 874 ad
1350 821 1736 875 Ascensionem
1772 822 2006 877 dicimus
2042 841 2056 877 :

502 915 934 968 resurrectionem
965 911 1184 966 Christi.
1223 911 1425 966 Deinde
1456 913 1570 981 pari
1607 913 1767 965 modo
1795 915 2062 981 pSaImum

501 1007 1014 1076 quinquagesimum
1042 1022 1056 1069 ;
1084 1014 1139 1057 et
1193 1004 1488 1071 martyriea
1525 1005 1579 1056 in
1609 1005 1934 1071 psalnlodia.
1962 1005 2066 1060 Ne-

503 1111 776 1167 quaquam
818 1095 1067 1149 ulterius.

575 1187 627 1240 7.
658 1187 844 1256 Usque
884 1189 950 1240 ad
979 1188 1332 1240 Pentecosten
1373 1201 1685 1255 quanquam
1724 1188 1892 1242 horas
1955 1203 2065 1241 non

503 1279 812 1350 psallimus,
846 1294 1021 1345 neque
1053 1293 1192 1348 genu
1221 1276 1510 1341 ﬂectimus,
1555 1279 1852 1333 mortuales
1887 1289 2070 1334 tamen

507 1387 745 1426 canones
786 1373 839 1424 in
875 1368 1128 1424 Sabbatis
1173 1371 1480 1440 psallimus.
1516 1369 1580 1423 Et
1625 1372 1733 1425 alio
1767 1373 1929 1426 etiam
1964 1374 2070 1437 die,

507 1465 552 1518 si
581 1463 1032 1518 commemoratio
1067 1461 1160 1515 ﬁat
1190 1462 1372 1517 fratris
1401 1462 1657 1531 alicujus,
1691 1463 1999 1532 psallimus,

579 1556 632 1610 8.
667 1554 908 1608 Sabbato
935 1553 1280 1607 Pentecostes
1312 1554 1375 1607 ad
1403 1553 1844 1622 exapostilarium
1885 1554 2075 1619 psalli-

507 1661 631 1699 mus
662 1663 675 1700 :
710 1645 961 1697 memoria
988 1653 1338 1708 mortuorum,
1368 1643 1588 1696 Domine
1617 1655 1820 1713 :atque
1850 1644 1904 1698 id
1945 1660 2077 1698 can-

507 1745 682 1792 tantes
711 1737 777 1791 ad
803 1735 1024 1790 fratrum
1055 1737 1300 1804 sepulcra
1333 1735 1602 1798 venimus,
1641 1735 1825 1804 ibique
1869 1745 2076 1790 srantes

506 1827 791 1899 psallimus
815 1827 921 1882 diei
957 1827 1106 1881 illius
1155 1827 1404 1882 stichira.
1436 1826 1616 1896 Atque
1669 1827 1744 1880 ita
1774 1827 2076 1881 absolvitur
2105 1805 2149 1865 Β

507 1919 856 1974 matutinum.
909 1918 967 1974 Id
1023 1927 1204 1973 autem
1259 1918 1492 1975 facimus
1529 1919 1693 1974 etiam
1729 1920 1782 1973 in
1835 1917 2074 1974 Sabbato

506 2011 881 2082 Carnisprivii.

579 2108 634 2162 9.
664 2105 904 2176 Vespere
934 2104 1206 2159 Dominici
1259 2104 1364 2159 diei
1392 2115 1593 2159 sancta:
1630 2105 1980 2159 Pentecostes
2010 2103 2077 2157 ad

510 2197 844 2269 lychnicum,
885 2197 1066 2266 inquo
1099 2196 1265 2250 etiam
1308 2205 1388 2249 ter
1420 2212 1594 2266 genua
1643 2195 1932 2259 ﬂectimus,
1958 2205 2080 2263 post

511 2292 833 2361 prooemium
854 2291 1034 2344 statim
1057 2289 1254 2342 dicitur
1275 2307 1288 2340 :
1309 2287 1550 2347 Domine,
1571 2289 1812 2342 clamavi.
1840 2288 1905 2340 Et
1924 2302 2082 2340 mane

511 2381 579 2436 ad
610 2382 931 2436 matutinum
953 2390 1072 2449 post
1099 2379 1504 2445 hexapsalmum
1523 2380 1783 2433 dicimus:
1804 2378 1938 2431 Deus
1977 2377 2082 2430 Do-

509 2475 684 2526 minus
708 2491 723 2538 ;
743 2472 1036 2540 statimque
1061 2485 1351 2532 canonem,
1376 2481 1430 2523 et
1459 2471 1595 2524 duas
1625 2471 1902 2523 lectiones.
1934 2469 2084 2526 Hanc

509 2579 642 2618 vero
671 2564 834 2618 etiam
859 2563 1251 2616 hebdomadam
1275 2562 1394 2616 sine
1415 2570 1577 2615 cantu
1606 2563 1863 2614 horarum
1891 2562 2086 2614 transi-

513 2657 715 2723 ginlus.

585 2745 674 2802 10.
708 2743 964 2814 Sequitur
989 2754 1175 2799 sancta
1204 2744 1571 2812 apostolorum
1610 2754 1921 2797 sanctorum
1946 2760 2086 2812 qua-

515 2836 1038 2907 dragesima,etjam
1077 2835 1364 2903 incipimus
1415 2835 1580 2888 horas
1625 2851 1841 2904 quoque
1862 2837 2091 2904 psallere

518 2943 734 2997 semper
754 2944 878 2981 cum
899 2928 1240 2982 catliismate.
1269 2923 1406 2980 Tum
1429 2927 1485 2980 in
1510 2931 1618 2980 line
1640 2927 2096 2995 psalmodiaedici-

518 3035 638 3074 Inus
660 3038 673 3073 :
697 3018 932 3081 Domine,
953 3020 1226 3084 miserere;
1245 3019 1469 3083 Christe,
1487 3021 1747 3073 miserere.
1763 3018 1827 3074 Et
1843 3021 1894 3073 in
1910 3021 2095 3089 primis

519 3110 748 3164 facimus
790 3121 899 3163 tres
926 3120 1220 3162 metanmas
1249 3109 1365 3177 pari
1398 3111 1577 3162 cuncti
1612 3111 1881 3163 celeritate
1915 3112 2098 3178 praesi-

519 3201 641 3254 dem
674 3201 1098 3268 subsequentes:
1127 3215 1263 3268 quas
1287 3201 1424 3252 inter
1444 3201 1785 3254 extendimus
1804 3200 1966 3253 etiam
1993 3202 2097 3254 ali-

519 3301 780 3360 quantum
817 3305 1011 3345 manus
1030 3290 1097 3344 ad
1129 3289 1318 3344 Deum.
1346 3291 1542 3345 Deinde
1585 3292 1664 3345 sic
1707 3292 1841 3346 alias
1890 3293 2096 3361 viginti,

520 3393 724 3455 quanta
755 3387 985 3454 quisque
1006 3385 1278 3439 celeritate
1309 3392 1502 3451 potest.
1525 3383 1602 3437 Ita
1639 3386 1852 3453 agimus
1878 3385 1931 3438 in
1965 3403 2099 3439 una-

521 3490 738 3544 quaque
767 3477 979 3544 synaxi.
1003 3474 1080 3526 Ad
1111 3490 1229 3528 com
1262 3475 1553 3543 pletorium
1594 3485 1773 3530 autem
1803 3492 1979 3547 genua
2010 3478 2101 3532 ﬂe-

521 3570 721 3624 ctimus
759 3567 1134 3636 quinquagies,
1168 3575 1220 3620 et
1244 3566 1310 3620 ad
1360 3568 1686 3622 matutinum
1721 3569 2065 3639 quadragies.

598 3660 685 3713 11.
722 3658 778 3711 In
839 3658 1094 3712 omnibus
1143 3659 1424 3714 matutinis
1465 3671 1588 3728 post
1637 3660 1800 3714 linem
1836 3662 2085 3716 lectionis

529 3761 835 3822 surgentes,
865 3749 1154 3804 duodecies
1207 3750 1441 3804 dicimus
1473 3768 1487 3803 :
1523 3750 1761 3816 Domine,
1830 3753 2091 3805 miserere.

531 3846 709 3911 Atque
737 3844 809 3896 ita
847 3848 1023 3895 denuo
1055 3842 1241 3911 incipit
1262 3840 1564 3911 psalmodia

595 4019 682 4074 12.
714 4017 874 4074 Omni
934 4019 1171 4074 Sabbato
1225 4034 1288 4075 ac
1348 4021 1436 4075 die
1503 4021 2096 4091 Dominico.quoties-

528 4126 744 4181 qunque
795 4111 849 4164 in
887 4111 973 4165 bis
1000 4126 1108 4165 non
1153 4112 1391 4166 occurrit
1422 4112 1502 4166 vel
1553 4112 1873 4168 solenmitas
1914 4114 2097 4166 Domi-

527 4200 603 4265 ni,
643 4202 727 4254 vel
767 4199 1000 4269 alicujus
1029 4201 1200 4255 sancti
1231 4201 1513 4265 memoria,
1547 4216 1614 4255 ex
1645 4199 1904 4270 Epistolis
1936 4202 2092 4256 Pauli

528 4291 776 4360 legimus.
837 4289 1086 4346 Sabbatis
1134 4302 1312 4346 autem
1339 4292 1404 4346 ad
1444 4293 1764 4345 matutinum
1811 4294 2096 4362 psallimus

526 4383 788 4436 catliisma
837 4390 962 4436 ante
1029 4383 1299 4451 psalmum
1353 4384 1700 4439 immaculati.
1734 4383 1936 4438 Deinde
1995 4384 2096 4436 im-

2159 645 2434 715 θισμάτων
2490 645 2599 697 τῶν
2678 663 2737 697 τε
2820 646 3232 699 κατανυκτικῶν
3307 648 3401 700 καὶ
3454 648 3741 700 ἀποστολι-

2162 737 2273 790 κῶν
2303 738 2434 806 (57).

2236 831 2311 886 ς’.
2356 822 2476 894 Χρὴ
2512 821 2805 892 γινώσκειν
2846 824 2927 877 ὅτι
2975 824 3084 877 ἀπὸ
3132 824 3227 877 τοῦ
3274 826 3463 895 Πάσχα
3497 826 3605 888 ’ἐως
3641 827 3742 895 τῆς

2176 911 2566 982 Ἀναληψιμου,
2618 912 2678 964 τὸ
2719 912 3058 968 ἀνάστασιν
3081 914 3336 980 Χριστοῦ
3366 914 3614 982 λέγομεν,
3643 911 3741 966 εἷθ’

2163 1003 2337 1065 οὕτως
2379 1003 2468 1056 τὸν
2509 1011 2574 1055 ν’·
2612 1005 2707 1057 καὶ
2754 1005 3066 1076 μαρτυρικά
3098 1005 3209 1075 (58)
3238 1006 3294 1058 ἐν
3327 1007 3392 1075 τῇ
3424 1005 3738 1076 ψαλμῳδὶα·

2168 1094 2226 1160 ἐξ
2265 1093 2475 1148 ἐκείνου
2509 1095 2565 1148 δὲ
2595 1096 2798 1151 οὐκέτι.

2239 1185 2306 1250 ζ’.
2351 1186 2545 1239 ’ἰστέον
2573 1187 2627 1240 δὲ
2656 1188 2738 1241 ὅτι
2770 1187 2873 1251 ἕως
2901 1189 2996 1259 τῆς
3029 1194 3093 1254 ν’,
3128 1189 3176 1240 εἰ
3212 1188 3304 1241 καὶ
3329 1187 3477 1257 ὥρας
3508 1189 3571 1240 οὐ
3604 1188 3744 1256 ψάλ-

2170 1277 2358 1347 λομεν,
2388 1277 2510 1330 οὐδὲ
2535 1279 2664 1347 γόνυ
2697 1279 2970 1348 κλίνομεν,
3004 1279 3119 1331 ἀλλ’
3149 1276 3242 1331 οὖν
3276 1280 3505 1341 κανόνας
3533 1296 3745 1352 νεκρωδ

2174 1370 2365 1438 σίμους
2401 1371 2458 1421 ὲν
2506 1373 2618 1432 τοῖς
2665 1370 2903 1422 Σάϐϐασι
2931 1370 3224 1439 ψάλλομεν⁸
3259 1372 3351 1424 καὶ
3406 1374 3463 1421 ἐν
3509 1371 3644 1441 ἄλλῃ
3689 1371 3746 1423 δὲ

2173 1461 2376 1531 ἡμέρᾳ,
2414 1463 2461 1514 εἰ
2515 1463 2665 1531 τύχοι
2701 1464 3046 1531 μνημόσυνον
3075 1463 3327 1531 ἀδελφοῦ,
3364 1463 3663 1532 ψάλλομεν.

2245 1559 2314 1623 η’.
2338 1555 2430 1605 Δεῖ
2457 1553 2653 1605 ειδέναι
2674 1552 2747 1616 ώς
2767 1551 2845 1622 τῷ
2867 1553 3128 1624 Σαϐϐάτῳ
3153 1554 3252 1624 τῆς
3277 1559 3318 1605 ν’
3341 1555 3419 1616 εἰς
3445 1554 3507 1604 τὸ
3540 1552 3746 1616 ἐξαπο-

2163 1643 2480 1714 ⁵στειλάριον
2512 1643 2623 1712 (59)
2653 1642 2947 1713 ψάλλομεν,
2994 1643 3034 1710 ἠ
3063 1642 3274 1712 μνήμη
3310 1642 3429 1697 τῶν
3464 1659 3750 1711 κεκοιμη-

2172 1735 2394 1805 μένων,
2420 1736 2616 1802 Κύριε·
2667 1735 2760 1787 καὶ
2813 1735 2969 1788 τοῦτο
3021 1734 3316 1804 ψάλλοντες
3368 1733 3752 1805 κατερχόμεθα.

2182 1831 2262 1890 εἰς
2294 1829 2422 1890 τοὺς
2447 1828 2652 1897 τάφους
2676 1827 2783 1880 τῶν
2810 1826 3072 1897 ἀδελφῶν,
3107 1827 3268 1879 κάκεῖ
3301 1827 3577 1895 ἱστάμενοι
3605 1823 3750 1892 ψάλ-

2180 1921 2345 1991 λομεν
2368 1920 2436 1973 τὰ
2458 1920 2557 1988 τῆς
2582 1920 2798 1990 ἡμέρας
2827 1920 3077 1990 στιχηρά·
3105 1919 3199 1972 καὶ
3230 1917 3454 1971 ἀπολύει
3481 1920 3509 1970 ὁ
3529 1916 3751 1988 ὄρθρος⁶

2180 2012 2340 2066 τοῦτο
2361 2012 2418 2065 δὲ
2446 2011 2703 2082 ποιοῦμεν
2737 2013 2832 2065 καὶ
2859 2011 2936 2082 τῷ
2965 2010 3225 2078 Σαϐϐάτῳ
3249 2009 3348 2081 τῆς
3390 2010 3716 2080 ’Δποκρέου.

2255 2105 2322 2160 θ’.
2358 2106 2477 2176 Χρὴ
2509 2105 2797 2173 γινώσκειν
2827 2105 2908 2157 ὅτι
2943 2103 3042 2172 ὀψὲ
3073 2105 3139 2173 τῇ
3174 2103 3428 2175 Κυριακῇ
3452 2101 3553 2172 τῆς
3589 2101 3757 2168 ἁγίας

2186 2197 2563 2267 Πεντηκοστῆς
2605 2198 2682 2259 εις
2727 2196 2786 2249 τὸ
2828 2194 3100 2264 λυχνικὸν,
3136 2196 3195 2247 ὲν
3231 2188 3275 2261 ᾦ
3318 2194 3533 2256 καὶτὰς
3564 2199 3614 2260 γ’
3653 2210 3756 2260 γο-

2187 2288 2469 2350 νυκλισίας
2497 2285 2778 2356 ποιοῦμεν,
2815 2287 2954 2355 μετά
2996 2285 3058 2339 τὸ
3089 2287 3376 2357 προοίμιον
3411 2283 3523 2354 (40)
3555 2283 3759 2346 εὐθέως

2188 2380 2270 2445 τὸ,
2299 2381 2495 2448 Κύριε,
2534 2377 2848 2446 ἐκέκραξα·
2884 2377 2979 2430 καὶ
3005 2379 3073 2448 τῇ
3101 2377 3268 2430 ἕωθεν
3316 2377 3395 2438 εις
3431 2375 3523 2427 τὸν
3560 2375 3760 2444 ὄρθρον

2194 2473 2332 2543 μετά
2358 2473 2416 2524 τὸ
2451 2469 2759 2540 ὲξάψαλμον
2809 2471 2900 2534 τὸ,
2935 2472 3077 2535 Θεὸς
3125 2470 3338 2536 Κύριος
3381 2467 3632 2536 λέγομενο
3662 2467 3763 2518 καὶ

2193 2564 2354 2625 εὐθὺς
2385 2563 2475 2617 τὸν
2508 2561 2729 2624 κανόνα,
2761 2562 2854 2614 καὶ
2890 2559 3224 2627 ἀναγνώσεις
3258 2558 3321 2628 β’·
3351 2557 3555 2628 ἄγομεν
3576 2557 3763 2618 δὲκαὶ

2193 2656 2291 2725 τὴν
2329 2653 2602 2722 ἑϐδομάδα
2626 2653 2830 2722 ταύτην
2860 2651 2934 2721 μὴ
2960 2650 3250 2720 ψάλλοντες
3284 2648 3452 2719 ὥρας.

2267 2755 2320 2804 ι’.
2368 2743 2503 2800 Εἶτα
2531 2746 2828 2815 ἐπέρχεται
2866 2744 2961 2798 καὶ
2989 2746 3021 2814 ὴ
3059 2743 3188 2811 ἁγία
3216 2739 3628 2812 τεσσαρακοστὴ
3653 2739 3766 2792 τῶν

2196 2840 2368 2907 ἁγίων
2397 2839 2739 2902 ἀποστόλων,
2786 2837 2877 2890 καὶ
2921 2835 3199 2908 ἀρχόμεθα
3246 2833 3466 2902 ψάλλειν
3515 2832 3612 2885 καὶ
3666 2834 3764 2893 τὰς

2199 2931 2346 3000 ὥρας
2379 2931 2518 3000 μετά
2543 2929 2877 2998 καθίσματος
2906 2928 3160 2980 πάντοτε.
3192 2926 3344 2977 Μετὰ
3370 2922 3500 2990 γοῦν
3529 2921 3590 2973 τὸ
3612 2921 3766 2982 τέλος

2199 3020 2298 3084 τῆς
2326 3017 2663 3087 ψαλμῳδίας,
2689 3016 2918 3082 λέγομεν
2956 3015 3037 3076 τὸ,
3077 3014 3272 3080 Κύριε,
3300 3011 3583 3076 ἐλέησον,
3631 3012 3770 3076 Χριέ

2202 3109 2331 3174 στὲ,
2359 3110 2640 3174 ἐλέησον.
2673 3108 2783 3160 Καὶ
2819 3106 3085 3176 βάλλομεν
3137 3100 3193 3158 ἐν
3232 3104 3469 3172 πρώτοις
3519 3108 3570 3170 γ’
3597 3119 3772 3172 μεταλ

2200 3201 2345 3262 νοίας
2391 3199 2652 3268 ἰσοταχῶς
2695 3199 2929 3261 ἅπαντες
2958 3198 3036 3268 τῷ
3065 3196 3365 3267 προεστῶτι
3394 3195 3676 3264 ἑπόμενοιο
3711 3196 3771 3244 ἐν

2198 3287 2284 3352 αἷς
2313 3290 2406 3343 καὶ
2432 3290 2627 3360 μικρὸν
2651 3290 2748 3351 τὰς
2768 3293 2955 3360 χεῖρας
2989 3289 3302 3356 ὲκτείνομεν
3328 3284 3464 3354 πρὸς
3492 3284 3582 3337 τὸν
3611 3283 3767 3336 Θεόν.

2197 3377 2312 3434 Εἶθ’
2349 3379 2519 3442 οὓτως
2552 3379 2717 3441 ἄλλας
2746 3385 2794 3433 κ’
2827 3379 2902 3440 ώς
2939 3377 3052 3447 ἔχει
3075 3379 3272 3446 τάχους
3300 3376 3549 3434 ἕκαστος.
3580 3371 3772 3434 Οὕτως

2197 3468 2290 3526 οὖν
2333 3472 2454 3525 καθ’
2487 3473 2719 3539 ἑκάστην
2766 3469 3004 3533 σύναξιν.
3040 3469 3132 3530 Εἰς
3163 3467 3220 3519 δὲ
3268 3466 3327 3518 τὸ
3373 3461 3770 3528 ’Δποδείπνιον,

2197 3565 2536 3634 γονυκλισίαι
2572 3569 2634 3626 ν’,
2672 3564 2763 3613 καὶ
2796 3563 2876 3622 εἰς
2920 3560 3010 3612 τὸν
3039 3559 3232 3628 ὄρθρον
3271 3557 3348 3627 μ’.

2271 3663 2360 3708 ια’.
2393 3655 2513 3725 Χρὴ
2535 3653 2822 3722 γινώσκειν
2851 3653 2935 3704 ὅτι
2963 3653 3041 3712 εἰς
3062 3652 3290 3704 ἕκαστον
3315 3650 3509 3720 ὄρθρον
3545 3651 3688 3719 μετὰ
3713 3651 3774 3704 τὸ

2195 3749 2350 3809 τέλος
2377 3748 2478 3815 τῆς
2507 3743 2865 3812 ἀναγνώσεως
2897 3743 3232 3813 ἐγειρόμενοι
3272 3742 3570 3805 δωδεκάκις
3619 3743 3774 3810 λέγοα

2199 3855 2298 3908 μεν
2325 3836 2404 3899 τὸ,
2438 3837 2635 3903 Κύριε,
2664 3832 3066 3900 ἐλέησον.Καὶ
3086 3831 3254 3895 οὕτως
3282 3832 3509 3903 ἄρχεται
3543 3831 3708 3887 πάλιν
3738 3834 3772 3902 ἡ

2194 3927 2504 3998 ψαλμῳδία.

2270 4019 2355 4090 ιβ’.
2393 4021 2486 4071 Δεῖ
2511 4019 2708 4071 εἰδέναι
2735 4018 2811 4081 ὡς
2835 4016 2958 4072 καθ’
2992 4016 3222 4071 ἕκαστον
3237 4016 3509 4071 Σάϐϐατον
3542 4019 3640 4072 καὶ
3661 4021 3774 4072 Κυ-

2198 4111 2413 4183 ριακὴν,
2438 4110 2526 4163 ὅτε
2546 4110 2648 4162 οὐκ
2675 4109 2822 4162 ἐστιν
2854 4111 2913 4164 ὲν
2951 4110 3140 4172 αὑταῖς
3170 4110 3288 4180 ἦτοι
3318 4109 3478 4178 ἑορτὴ
3505 4113 3770 4162 Δεσποτι-

2195 4203 2344 4274 κὴ,ἢ
2379 4203 2566 4272 μνήμη
2598 4201 2777 4268 άγίου,
2807 4202 2898 4254 τὸν
2931 4199 3252 4253 ’Δπὸστολον
3299 4197 3767 4270 ἀναγινώσκομεν.

2206 4296 2296 4347 Ἐν
2328 4295 2384 4347 δὲ
2416 4296 2529 4355 τοῖς
2555 4293 2830 4346 Σάϐϐασιν
2875 4294 2958 4355 εἰς
2997 4293 3088 4344 τὸν
3141 4290 3338 4362 ὄρθρον
3379 4290 3652 4361 ψάλλομεν
3683 4292 3766 4355 τὸ,

2196 4384 2301 4454 πρὸ
2336 4383 2429 4436 τοῦ
2476 4382 2720 4452 ἀμώμου
2755 4381 3019 4450 κάθισμα.
3053 4377 3184 4432 Εἶτα
3232 4381 3324 4434 τὸν
3352 4379 3615 4449 ἄμωμονο
3648 4381 3770 4434 εἶτα

528 4471 814 4536 maculati,
874 4471 1189 4526 et.subinde
1237 4471 1502 4540 psalmum
1562 4472 2085 4540 quinquagesimum,

2202 4476 2289 4527 τὸν
2324 4481 2386 4526 ν”
2424 4469 2541 4526 εἶτα
2583 4474 2674 4526 τὸν
2722 4473 2942 4525 κανόνα*
2975 4472 3214 4539 γίνονται
3244 4471 3299 4524 δὲ
3332 4470 3669 4540 ἀναγνώσεις
3695 4479 3764 4541 γ’.

527 4572 715 4633 postea
756 4577 1020 4617 canonem
1055 4578 1071 4628 ;
1103 4570 1156 4616 et
1204 4563 1340 4616 liunt
1376 4562 1633 4616 lectiones
1673 4572 1803 4616 tres.
1857 4563 2098 4632 Namque

530 4654 599 4706 ad
626 4653 893 4722 psalmum
927 4651 1275 4716 immaculati,
1309 4666 1416 4705 non
1444 4651 1698 4720 legimus.
1733 4649 1879 4705 Loco
1912 4662 2091 4705 autem

529 4745 904 4814 exapostilarii
927 4744 1180 4811 dicimus,
1203 4743 1265 4798 In
1291 4742 1541 4796 memoria
1565 4753 1758 4796 reterna
1781 4743 1876 4796 erit
1891 4743 2093 4811 justus,

530 4837 597 4889 ab
621 4836 892 4889 auditione
921 4835 1062 4888 mala
1101 4851 1202 4888 non
1229 4834 1446 4888 timebit.
1479 4832 1605 4888 Haec
1648 4837 1923 4903 quantitas
1960 4851 2097 4902 qua-

530 4929 764 4997 litasque
803 4927 1115 4996 psalmodiat
1173 4925 1516 4995 protenditur
1573 4941 1744 4996 usque
1775 4926 1843 4981 ad
1900 4928 2097 4982 rivitici

533 5017 659 5085 ligni
685 5018 1090 5070 exaltationem.

611 5108 691 5161 15.
734 5108 998 5161 Postridie
1049 5107 1393 5161 dormitionis
1449 5107 1809 5163 sanctissimae
1856 5109 2100 5179 Deiparre

532 5203 587 5252 in
615 5197 862 5269 lycllnico
895 5207 1012 5265 post
1045 5196 1365 5266 prommium
1391 5196 1569 5249 statim
1592 5199 1827 5251 dicitur:
1862 5199 2102 5265 Domine,

533 5291 779 5343 clamavi.
812 5287 876 5341 Et
908 5304 1061 5342 mane
1093 5290 1157 5341 ad
1183 5289 1508 5341 matutinum
1547 5301 1668 5357 post
1692 5290 2100 5357 bexapsalmum

2192 4567 2286 4628 Εἰς
2315 4565 2423 4635 γάρ
2473 4565 2565 4616 τὸν
2606 4565 2847 4632 ἄμωμον
2883 4563 2984 4616 οὐκ
3029 4566 3498 4633 ἀναγινώσκομεν.
3537 4565 3684 4617 Ἀντὶ
3712 4566 3767 4617 δὲ

2190 4658 2285 4709 τοῦ
2329 4656 2806 4725 ὲξαποστειλαρίου
2853 4655 3083 4726 λέγομεν
3117 4657 3198 4720 τὸ,
3236 4657 3340 4720 Εἷς
3371 4659 3770 4725 μνημόσυνον

2191 4745 2428 4799 αἰώνιον
2476 4745 2648 4798 ἔσται
2691 4744 2955 4810 δίκαιος,
2992 4746 3109 4799 ἀπὸ
3153 4744 3341 4813 ἀκοῆς
3379 4745 3649 4813 πονηρᾶς
3695 4750 3770 4802 οὺ

2192 4834 2617 4904 φοϐηθήσεται.
2669 4832 2879 4904 Αὖτηή
2925 4834 3159 4903 ποσότης
3199 4851 3254 4886 τε
3289 4836 3381 4887 καὶ
3405 4837 3627 4906 ποιότης
3667 4838 3771 4907 τῆς

2193 4926 2509 4998 ψαλμῳδίας
2529 4925 2784 4978 διατείνει
2804 4926 2966 4995 μέχρι
2982 4926 3079 4992 τῆς
3103 4924 3363 4992 ὑψώσεως
3381 4925 3473 4979 τοῦ
3499 4927 3770 4990 ζωοποιοῦ

2199 5017 2373 5082 ξύλου.

2273 5117 2359 5176 ιγ’.
2405 5107 2600 5161 Ἱστέον
2635 5108 2716 5160 ὅτι
2772 5110 2851 5171 εἰς
2887 5109 2983 5179 τὴν
3033 5110 3290 5179 κοίμησιν
3344 5110 3442 5179 τῆς
3492 5111 3769 5176 παναγίας

2199 5202 2457 5255 Θεοτόκου
2489 5203 2654 5272 ἤγουν
2694 5203 2782 5267 εἰς⁷
2802 5203 2860 5253 τὸ
2890 5202 3140 5271 λυχνικὸν
3182 5204 3246 5254 τὸ
3299 5203 3588 5272 μεθέορτον
3635 5206 3773 5273 μετά

2201 5291 2260 5341 τὸ
2285 5291 2566 5360 προοίμιον
2598 5290 2819 5356 εὐθέως,
2855 5291 3048 5359 Κύριε,
3082 5291 3396 5360 ἐκέκραξα.
3427 5293 3538 5345 Καὶ
3570 5295 3638 5362 τῇ
3665 5295 3774 5344 ἓω-

2047 5403 2280 5459 NOT/E.

606 5542 716 5621 (.36)
755 5539 978 5593 Cantica
1007 5538 1399 5608 pmnitentialia
1449 5540 1534 5593 vel
1583 5540 1638 5592 in
1681 5537 1938 5592 honorem
1968 5553 2081 5609 9P0'

531 5615 680 5665 Slnli.

605 5683 714 5747 (57)
736 5678 992 5742 Stichira,
1029 5679 1287 5747 troparia,
1312 5694 1404 5732 seu
1428 5694 1616 5749 versus
1647 5679 1937 5749 longiores.

605 5751 715 5819 (38)
755 5752 827 5805 Ita
851 5750 1089 5817 intelligo
1128 5749 1267 5815 sigla
1301 5749 1524 5805 codicis.
1561 5747 1701 5806 Sunt
1736 5747 1912 5805 autem
1951 5766 2089 5804 mar-

2203 5539 2388 5608 tyrica,
2423 5540 2603 5612 liymni
2633 5540 2682 5593 in
2720 5541 2975 5594 honorem
3003 5551 3318 5612 martyrum.

2270 5611 2378 5678 (59)
2424 5608 2758 5682 llyuinorum
2802 5627 2993 5681 genus.
3026 5617 3090 5664 de
3143 5608 3372 5681 quorum
3405 5614 3776 5682 appellatione

2198 5679 2440 5749 disputat
2465 5681 2723 5749 Cangius.

2267 5748 2376 5819 lto)
2407 5748 2499 5804 Est
2530 5748 2770 5820 psalmus
2801 5766 2917 5806 cm.
2961 5749 3174 5807 Videsis
3222 5752 3506 5817 Goarium,
3534 5770 3590 5825 p.
3637 5755 3732 5810 23.
