3966 6496
219 460 358 523 1709

218 665 365 726 Θεὸς
394 663 629 729 Κύριος,
681 661 776 714 καὶ
810 661 973 723 εὐθὺς
1024 663 1052 714 6
1107 660 1309 725 κανὼν,
1354 658 1690 727 ἀναγνώσεις
1718 655 1783 726 β’.

229 754 463 823 Ὁμοίως
495 755 575 816 εἰς
615 753 677 806 τὸ
704 751 975 821 γενέθλιον
1002 751 1101 821 τῆς
1127 753 1317 821 αὐτῆςο
1344 750 1544 820 ὁμοίως
1580 751 1660 812 είς
1687 752 1788 818 τὴν

215 845 464 915 Χριστοῦ
505 845 545 896 Γ
549 844 731 896 έννανο
772 842 1033 906 ὡσαύτως
1079 844 1158 906 είς
1194 842 1265 895 τά
1301 842 1490 895 Φῶτα⁶
1525 841 1788 903 ὡσαύτως

215 937 296 997 εἰς
325 936 426 1005 τὴν
470 934 828 1004 ’Υπαπαντὴν
876 933 971 986 τοῦ
1008 933 1236 1003 Κυρίου.
1254 933 1342 986 Ἐν
1364 932 1551 995 ἄλλαις
1576 931 1633 985 δὲ
1663 932 1787 1001 ἑορ-

211 1029 359 1091 ταῖς,
389 1026 528 1095 πλὴν
558 1025 666 1079 τῶν
701 1024 1232 1095 προγεγραμμένων,
1263 1024 1467 1087 διπλῶς
1511 1021 1787 1092 ἑορτάζειν

214 1118 317 1170 οὐκ
344 1117 444 1171 ἔνι.
489 1116 620 1169 Ἀπὸ
660 1115 717 1168 δὲ
753 1117 852 1185 τῆς
875 1115 1137 1184 ὑψώσεως
1166 1114 1273 1178 ἓως
1304 1115 1405 1184 τῆς
1437 1115 1678 1184 μεγάλης
1710 1114 1784 1183 μ’.

212 1210 529 1280 προτίθεται
555 1210 649 1263 καὶ
678 1209 866 1280 ἕτερον
897 1207 1142 1278 κάθισμα
1173 1208 1231 1261 ὲν
1261 1209 1376 1270 τοῖς
1419 1207 1658 1278 δρθροις,
1693 1207 1788 1259 καὶ

211 1302 283 1355 τά
311 1302 584 1372 τροπάρια
632 1301 688 1354 δὲ
716 1301 825 1354 τῶν
871 1299 1226 1371 καθισμάτων
1261 1299 1596 1360 διπλοῦνται,
1630 1299 1786 1366 λεγο-

215 1393 382 1463 μένου
411 1392 755 1462 μεσοστίχου·
781 1391 1024 1459 γίνονται
1057 1390 1115 1443 δὲ
1138 1390 1478 1458 ἀναγνώσεις
1506 1388 1570 1443 δ’.
1610 1388 1699 1442 Ἐν
1727 1388 1787 1442 δὲ

210 1488 328 1548 τοῖς
360 1484 601 1538 Σάὸὁασι
631 1484 844 1546 τούτοις
873 1484 1150 1554 ψάλλομεν
1181 1483 1249 1537 τά
1279 1483 1386 1553 πρὸ
1411 1481 1505 1535 τοῦ
1539 1482 1786 1551 ἀμώμου

218 1577 264 1646 β’
296 1576 632 1647 καθίσματα·
678 1572 799 1628 εἶτα
830 1575 922 1629 τὸν
952 1575 1214 1645 ἄμωμον,
1240 1571 1339 1628 εἷθ’
1366 1574 1538 1639 οὕτως
1571 1576 1661 1628 τὸν
1690 1592 1788 1627 κα-

214 1665 367 1732 νόνα,
395 1666 693 1735 γινομένων
718 1665 758 1716 δ’
785 1665 1164 1732 ἀναγνώσεων,
1194 1664 1383 1718 καθότι
1409 1665 1488 1728 εἰς
1521 1665 1612 1717 τὸν
1635 1665 1787 1734 ἄμω-

208 1776 330 1829 μον
355 1759 455 1812 οὐκ
483 1757 950 1828 ἀναγινώσκομεν.

485 1870 622 1940 Περὶ
655 1869 765 1936 τῆς
796 1869 969 1938 ἁγίας
998 1869 1519 1938 Τεσσαρακοοντῆς.

286 1983 369 2036 ιδ’.
425 1983 544 2052 Χρὴ
580 1981 872 2050 γινώσκειν
928 1981 1010 2034 ὅτι
1057 1983 1122 2051 τῇ
1173 1981 1305 2053 ἁγίᾳ
1351 1983 1445 2035 καὶ
1494 1981 1707 2052 μεγάλῃ
1740 1992 1790 2051 μ’

212 2076 489 2144 ψάλλομεν
529 2075 846 2144 καθίσματα
868 2073 933 2137 δ’,
970 2073 1065 2126 καὶ
1108 2073 1171 2125 τὸ
1219 2073 1501 2144 τριῴδιον·
1548 2073 1793 2140 γίνονται

211 2168 308 2220 καὶ
336 2165 677 2234 ἀναγνώσεις
703 2166 766 2220 δ’.
792 2167 900 2218 Καὶ
923 2165 1033 2218 τῶν
1057 2166 1303 2236 ἀδελφῶν
1329 2165 1524 2236 μικρὸν
1545 2167 1792 2218 ἀναπαυ-

213 2259 486 2329 σαμένων,
515 2257 643 2329 περὶ
671 2257 730 2311 τὸ
759 2257 1075 2328 διάφαυσμα
1111 2256 1360 2328 σημαίνει
1393 2260 1421 2310 6
1458 2257 1789 2329 ἐκκλησιάρ-

212 2364 334 2422 xm.
371 2351 466 2403 καὶ
515 2351 734 2405 πάντων
768 2349 1263 2419 συναθροισθέντων
1293 2352 1350 2402 ὲν
1393 2349 1470 2420 τῷ
1517 2351 1787 2422 κυριακῷ.

212 2419 491 2512 ἐβάλλομεν
521 2443 620 2512 τὴν
649 2448 720 2508 α’,
755 2442 895 2512 μετὰ
918 2441 1275 2512 καθίσματος·
1306 2443 1367 2495 οὺ
1408 2419 1514 2512 μὴν
1541 2419 1636 2496 καὶ
1658 2419 1789 2497 ἀνα-

213 2533 558 2605 γινώσκομεν
583 2535 640 2585 ὲν
669 2533 828 2603 αὐτῇ.
869 2533 956 2586 Ἐν
994 2535 1050 2587 δὲ
1088 2537 1154 2604 τῇ
1191 2540 1238 2602 γ’
1262 2535 1356 2587 καὶ
1395 2540 1447 2599 ς’
1475 2536 1566 2586 καὶ
1591 2535 1633 2587 θ’
1662 2535 1790 2587 ἀνα-

210 2628 579 2699 γινώσκομεν.
602 2623 742 2678 Καθ’
774 2624 1004 2680 ἕκαστον
1039 2626 1358 2694 ἀντίφωνον,
1386 2627 1554 2694 ἤγουν
1573 2626 1783 2692 δόξαν,

209 2721 349 2791 εὐχὴ
380 2719 589 2788 γίνεται
618 2719 770 2789 παρά
789 2736 847 2772 τε
874 2719 966 2773 τοῦ
1004 2718 1371 2789 πρεσόυτέρου
1402 2719 1496 2770 καὶ
1513 2717 1783 2773 διακόνου.

212 2809 485 2880 Ποιοῦμεν
510 2809 566 2863 δὲ
596 2809 886 2879 μετανοίας
918 2809 997 2872 είς
1029 2808 1127 2878 μὲν
1160 2806 1256 2869 τάς
1283 2806 1432 2877 ὥρας
1467 2807 1561 2860 καὶ
1601 2807 1663 2860 τὺ
1691 2807 1787 2860 λυ-

211 2905 402 2976 χνικὺν
430 2902 534 2958 ἀνά
575 2902 640 2955 λ’·
673 2903 753 2966 είς
791 2904 848 2957 δὲ
874 2903 935 2956 τὸ
963 2901 1307 2956 ἀποδείπνιον
1343 2898 1409 2972 ρ’,
1455 2901 1548 2954 καὶ
1579 2901 1660 2964 είς
1698 2900 1788 2954 τὸν

210 2995 414 3066 ὄρθρον
445 2996 522 3050 π’.

289 3093 376 3141 ιε’.
422 3089 515 3139 Δεῖ
537 3087 739 3140 εἰδέναι
772 3087 853 3139 ὅτι
886 3087 953 3156 τῇ
998 3086 1210 3156 μεγάλῃ
1239 3085 1492 3156 ὲϐδομάδι
1518 3085 1618 3158 ὅλῃ
1647 3084 1786 3155 ψάλ-

1265 443 1917 517 CONSTITUTIONES
1944 456 2413 517 STUDITAN/E.

215 577 307 626 θεν
348 577 429 635 είς
475 573 567 626 τὸν
604 570 799 643 ὖρθρον
842 571 979 641 μετά
1035 571 1095 623 τὸ
1144 570 1456 641 ἑξάψαλμον
1497 569 1664 623 πάλιν
1703 568 1785 632 τὸ,

1896 583 2084 624 rursus
2117 570 2356 624 dicitur:
2395 569 2529 623 Deus
2577 568 2826 622 Dominus
2866 585 2880 633 ;

3329 456 3462 518 1710

2937 570 3234 640 statimque
3261 585 3461 630 canun.

1888 668 1942 716 et
1966 660 2230 716 lectiones
2258 664 2398 717 dum.
2424 661 2684 716 Similiter
2709 672 2763 716 et
2791 662 2842 715 in
2869 663 3150 716 nativitate
3177 662 3420 729 ejusdem
3445 681 3461 728 ;

1889 768 2100 808 necnon
2158 754 2212 808 in
2273 754 2474 808 Christi
2513 751 2832 818 Natalibus,
2883 758 2938 808 et
2993 756 3044 807 in
3107 754 3247 809 festo
3281 754 3465 808 Lumi-

1889 858 2042 907 num,
2087 852 2141 897 et
2174 844 2228 896 in
2263 843 2576 914 llypapante
2610 842 2844 897 Domini.
2878 843 2936 898 In
2970 844 3094 899 aliis
3125 854 3305 898 autem
3373 860 3466 899 so-

1889 933 2263 991 lemnitatibus
2307 977 2322 1000 ,
2355 936 2596 1005 exceptis
2663 935 2932 1005 praedictis
2962 976 2978 1003 ,
3043 935 3321 1005 duplicare
3373 951 3464 991 so-

1890 1025 2119 1079 lemnem
2185 1026 2349 1080 ritum
2432 1041 2539 1081 non
2602 1027 2748 1083 licet.
2783 1026 2829 1080 A
2892 1028 3070 1082 crucis
3121 1042 3249 1081 vero
3314 1029 3464 1082 exal-

1891 1115 2094 1170 tatione
2146 1128 2321 1186 usque
2359 1117 2425 1171 ad
2472 1133 2721 1188 magnam
2780 1117 3274 1188 quadragesimam,
3326 1135 3464 1189 prato

1889 1206 2108 1275 ponitur
2139 1208 2303 1262 etiam
2353 1209 2500 1262 aliud
2549 1210 2814 1265 cathisma
2851 1211 2905 1265 in
2951 1211 3251 1277 matutinis,
3283 1225 3340 1266 et
3367 1228 3462 1266 ca-

1887 1299 2205 1354 thismatum
2245 1302 2483 1371 troparia
2516 1304 2883 1374 duplicantur,
2914 1304 3059 1358 dicto
3085 1305 3460 1371 mesosticho;

1887 1398 1941 1443 et
1998 1387 2135 1444 ﬁunt
2188 1389 2447 1446 lectiones
2493 1402 2748 1461 quatuor.
2786 1391 2844 1445 ln
2879 1391 2964 1445 his
2998 1401 3174 1445 autem
3204 1390 3462 1445 Sabbatis

1888 1481 2176 1552 psallimus
2219 1480 2330 1539 duo
2375 1484 2697 1540 cathismata
2732 1495 2858 1539 ante
2895 1485 3162 1554 psalmum
3202 1485 3464 1538 immacu-

1885 1573 1985 1628 lati
2015 1575 2250 1630 :deinde
2282 1577 2550 1646 psalmum
2590 1577 2954 1631 immaculati:
2981 1579 3162 1647 postea
3194 1584 3464 1632 canonein

1885 1664 2043 1722 factis
2068 1675 2301 1736 qnatuor
2347 1668 2694 1730 lectionibus,
2748 1669 3187 1740 quandoquidem
3223 1670 3289 1725 ad
3319 1670 3467 1741 psal-

1885 1774 2035 1815 mum
2061 1759 2395 1814 immaculati
2419 1776 2526 1815 non
2557 1760 2803 1831 legimus.

2287 1876 2364 1931 De
2396 1888 2585 1932 sancta
2617 1877 3059 1949 Quadragesima.

1967 1986 2054 2041 M.
2090 1987 2144 2042 In
2203 1997 2392 2042 sancta
2444 2004 2643 2059 magna
2694 1989 3123 2058 Quadragesima
3180 1989 3462 2060 psallimus

1890 2078 2210 2133 catbismata
2235 2090 2490 2149 quatuor,
2512 2089 2568 2135 et
2612 2081 2886 2142 triodium.
2920 2082 3166 2150 ﬁuntque
3199 2082 3462 2138 lectiones

1889 2179 2145 2240 quatuor.
2209 2171 2275 2225 Et
2323 2171 2583 2227 fratribus
2632 2173 2912 2242 paululum
2969 2175 3460 2242 requiescentibus,

1888 2262 2032 2316 circa
2066 2262 2364 2317 diluculum
2398 2263 2613 2334 signum
2653 2264 2745 2318 dat
2775 2263 3136 2318 ecclesiarcha
3176 2282 3188 2317 :
3223 2265 3465 2319 cunctis-

1887 2366 1993 2420 que
2040 2352 2096 2405 in
2141 2353 2371 2408 ecclesia
2422 2354 2788 2423 congregatis,
2839 2353 3065 2422 primam
3113 2353 3305 2408 horam
3337 2368 3463 2409 can-

1889 2450 2068 2496 tamus
2105 2457 2228 2496 cum
2257 2443 2601 2509 catbismate,
2633 2458 2808 2513 neque
2859 2453 3038 2498 tamen
3076 2443 3128 2498 in
3176 2445 3366 2500 eadem
3403 2445 3464 2499 ﬁt

1887 2534 2068 2590 lectio.
2099 2535 2260 2591 Horis
2293 2545 2472 2590 autem
2501 2537 2681 2598 tertia,
2714 2547 2888 2599 sexta,
2920 2543 2973 2591 et
2998 2551 3137 2590 nona
3177 2537 3235 2591 lit
3278 2539 3458 2592 lectio.

1885 2627 1966 2682 Ad
1991 2628 2233 2697 singulas
2261 2627 2613 2699 antiphonas,
2633 2628 2687 2683 id
2709 2638 2793 2684 est
2814 2631 3033 2698 glorias,
3065 2631 3241 2685 oratio
3268 2631 3461 2684 recita-

1887 2728 1978 2772 tur
2004 2733 2032 2772 a
2063 2717 2383 2786 presbytero
2427 2727 2481 2771 et
2507 2717 2760 2770 diacono.
2790 2715 3046 2771 Facimus
3077 2729 3257 2771 autem
3287 2727 3461 2771 meta-

1886 2822 2038 2864 noeas
2093 2807 2147 2861 in
2178 2807 2334 2864 horis
2367 2816 2421 2863 et
2469 2806 2740 2878 lychnico,
2774 2809 3035 2877 triginta;
3067 2807 3122 2863 in
3166 2807 3463 2879 completo-

1888 2899 1990 2965 rio,
2027 2908 2244 2954 centum
2281 2916 2295 2966 ;
2325 2907 2378 2954 et
2407 2899 2459 2954 in
2492 2899 2757 2953 matutino
2785 2897 3082 2971 octoginta.

1958 3073 2047 3129 15.
2096 3073 2232 3129 Tota
2278 3090 2472 3144 magna
2544 3074 2882 3130 hebdomada
2941 3072 3225 3144 psallimus
3273 3072 3463 3142 horas,

211 3179 382 3249 λομεν
411 3179 509 3241 τὰς
553 3177 702 3248 ὧρας
731 3177 930 3247 ὁμοίως
954 3179 1076 3238 ταῖς
1115 3176 1220 3246 πρὸ
1269 3177 1470 3242 αὐτῶν,
1506 3177 1645 3249 πλὴν
1691 3177 1784 3230 τοῦ

1896 3168 2028 3224 sicut
2051 3181 2230 3235 antea,
2262 3169 2498 3222 Sabbato
2535 3175 2726 3222 sancto
2751 3175 2978 3236 excepto
3013 3184 3026 3220 :
3058 3175 3112 3221 et
3165 3175 3462 3222 metanaeas

211 3272 375 3339 ἁγίου
421 3271 736 3324 Σαϐϐάτουυ
777 3270 869 3323 καὶ
920 3270 1205 3338 μετανοίας
1256 3269 1314 3321 δὲ
1371 3268 1634 3340 πόιοῦμεν
1683 3271 1786 3334 ἕως

1896 3260 2122 3316 iacimus
2161 3262 2336 3316 donec
2364 3259 2587 3331 incipiat
2615 3260 2943 3315 matutinum
2977 3258 3284 3329 trisagium,
3312 3259 3458 3328 quod

211 3367 341 3418 ὅτου
374 3363 602 3434 ἄρξηται
622 3362 682 3415 τὸ
710 3361 929 3414 ἑωθινὸν
953 3361 1256 3430 τρισάγιον,
1289 3361 1426 3432 ὅπερ
1447 3362 1663 3430 λέγεται
1696 3380 1789 3432 με-

208 3459 281 3510 τὰ
303 3457 364 3509 τὸ
391 3455 650 3526 στιχηρὸν
681 3455 776 3507 τοῦ
804 3454 1008 3523 στίχου⁸
1044 3454 1163 3523 μεθ’
1192 3445 1253 3506 οὗ
1283 3455 1660 3525 προκείμενον,
1697 3457 1789 3508 καὶ

223 3548 549 3602 Ἀπόστολον
581 3547 675 3600 καὶ
705 3547 1045 3617 προφητείαν
1074 3545 1168 3598 καὶ
1203 3546 1553 3614 Εὐαγγέλιον.

286 3647 385 3706 ις’.
420 3638 543 3711 Χρὴ
580 3637 868 3707 γινώσκειν
892 3639 975 3693 ὅτι
1004 3637 1045 3690 δ’
1078 3637 1171 3691 καὶ
1188 3640 1514 3711 Παρασκευῇ
1547 3641 1640 3693 καὶ
1673 3641 1785 3692 Κυ-

211 3739 406 3808 ριακῇ,
448 3735 558 3788 τῶν
602 3732 846 3803 ἀδελφῶν
895 3733 1198 3804 ἱσταμένων
1247 3735 1385 3805 μετά
1417 3736 1594 3800 πάσης
1633 3735 1790 3787 εὐλα-

207 3830 390 3893 ϐείας,
434 3827 574 3898 μετὰ
602 3826 698 3898 τὴν
719 3827 980 3880 ἀπόλυσιν
1013 3825 1105 3880 τοῦ
1131 3825 1327 3897 ὄρθρου
1353 3824 1787 3892 ἀναγινώσκεται

207 3922 246 3992 ἠ
291 3921 604 3989 κατήχησις
653 3917 750 3971 τοῦ
802 3917 1065 3987 θεοφόρου
1115 3916 1328 3987 Πατρὸς
1379 3917 1539 3986 ἡμῶν
1584 3915 1790 3968 Θεοδώ-

208 4031 310 4084 ρου
343 4012 480 4082 (41).
513 4007 646 4064 Εἶτα
667 4010 817 4078 λέγει
845 4009 1025 4062 καὶτὰ
1061 4010 1188 4079 παρ’
1213 4008 1409 4062 ἑαυτοῦ
1438 4011 1466 4060 6
1484 4009 1790 4078 ἡγούμενος

206 4100 481 4157 νουθετῶν
503 4101 628 4163 τοὺς
655 4098 936 4167 ἀδελφούς.
960 4099 1071 4150 Καὶ
1103 4097 1241 4167 μετά
1271 4097 1369 4167 τὴν
1394 4097 1788 4168 συμπλήρωσιν

202 4198 308 4266 τῆς
341 4195 720 4265 κατηχήσεως,
744 4191 1121 4257 δοξάζουσιν,
1149 4193 1242 4245 καὶ
1274 4191 1489 4258 λέγεται
1514 4192 1572 4243 τὸ
1600 4191 1789 4260 Πάτερ

202 4288 405 4359 ἡμῶν,
427 4288 523 4341 καὶ
552 4285 872 4354 εὐλογεῖτε,
895 4284 1069 4354 ἅγιοι,
1089 4285 1447 4353 εὐλόγησον,
1466 4284 1676 4353 Πάτερ,
1700 4286 1791 4338 καὶ

202 4381 464 4434 ἀπολύει.
491 4377 678 4439 Οὕτως
716 4375 948 4430 καθόλου
972 4376 1066 4428 τοῦ
1097 4373 1365 4427 ἐνιαυτοῦ.

277 4473 372 4537 ιζ’.
399 4471 521 4543 Χρὴ
549 4468 835 4537 γινώσκειν
875 4468 955 4520 ὅτι
993 4465 1069 4535 τῷ
1104 4465 1363 4535 Σαϐϐάτῳ
1388 4466 1468 4527 είς
1495 4465 1557 4516 τὸ
1586 4466 1785 4533 Κύριε,

201 4562 532 4629 ἐκέκραξα,
558 4560 627 4613 τὰ
655 4557 1002 4625 ἀναστάσιμα
1032 4553 1677 4624 στιχηράτρισσεύονταιο
1702 4559 1781 4620 εἰς

201 4651 263 4706 δὲ
317 4655 448 4716 τοὺς
499 4651 679 4713 αἴνους
728 4648 1086 4702 δισσεύονται.
1136 4645 1372 4715 Ὁμοίως
1426 4645 1516 4696 καὶ
1563 4647 1622 4698 ὲν
1667 4649 1785 4710 ταῖς

201 4745 573 4806 Δεσποτικαῖς
600 4742 834 4812 ἑορταῖς.

285 4834 378 4908 ιη’.
425 4836 622 4888 Ἰστέον
665 4836 746 4889 ὃτι
781 4833 871 4886 καὶ
905 4829 1375 4901 ὲπιστημονάρχαι
1412 4831 1550 4884 εἰσὶν
1590 4833 1668 4892 είς
1696 4830 1790 4895 οὒς

202 4932 276 4987 τά
313 4929 604 5000 σφάλματα
632 4928 740 4980 τῶν
775 4926 1114 4998 μικροτέρων
1138 4923 1380 4992 ἀδελφῶν
1410 4923 1790 4994 ἀναφερόμενα

199 5028 310 5094 τὴν
337 5022 622 5092 διόρθωσιν
652 5020 887 5088 δέχεται.
928 5018 1039 5071 Καὶ
1067 5016 1358 5088 ταξιάρχαι
1392 5015 1486 5068 δύο
1516 5015 1658 5068 κατά
1690 5031 1784 5084 xo-

203 5115 344 5186 ρῶν,
373 5113 464 5179 ὑφ’
487 5105 561 5165 ὧν
601 5110 652 5162 οἱ
680 5108 900 5178 ἀδελφοὶ
931 5107 1173 5177 κοσμίως
1199 5106 1444 5159 ἵστασθαι
1469 5107 1527 5158 ἐν
1557 5107 1670 5168 τοῖς
1689 5123 1782 5175 χο-

206 5210 330 5279 ροῖς
351 5204 884 5274 ὑπομιμνήσκονται.
923 5200 1034 5253 Καὶ
1062 5201 1402 5270 ἀφυπνιστής
1429 5199 1636 5270 ἔτερος,
1668 5200 1696 5251 ὁ
1724 5201 1782 5249 ὲν

200 5301 332 5361 ταῖς
363 5295 702 5364 ἀναγνώσεσι
746 5293 839 5348 τοῦ
887 5292 1106 5363 ὄρθρου,
1139 5291 1322 5363 ἡρέμα
1356 5290 1784 5362 περιερχόμενος

201 5393 338 5454 τοὺς
385 5389 679 5457 ἀδελφοὺς,
719 5387 812 5440 καὶ
859 5387 985 5450 τοὺς
1034 5386 1410 5456 κοιμωμένους
1458 5380 1780 5448 ὲξυπνίζων.

217 5483 388 5539 Ἀλλά
419 5483 515 5535 καὶ
544 5476 874 5552 ὲπιτηρηταὶ
915 5478 1036 5531 καθ’
1084 5478 1324 5547 ἑσπέραν
1373 5473 1468 5528 δύο
1497 5475 1784 5528 τάσσονται

199 5574 525 5647 ἀμοιϐαδὸν,
565 5573 621 5626 οἵ
648 5589 790 5634 τινες
820 5571 957 5642 μετά
990 5569 1089 5641 τὴν
1127 5569 1312 5638 φωνὴν
1342 5566 1436 5622 τοῦ
1461 5567 1619 5632 ξύλου
1651 5582 1784 5635 προ-

199 5670 501 5741 τρέπονται
543 5667 668 5727 τοὺς
691 5665 930 5734 νωθροὺς
966 5663 1289 5732 συνδραμεῖν
1310 5663 1390 5725 είς
1428 5662 1496 5713 τὰ
1523 5657 1783 5729 ἑσπερινά

1888 3351 2090 3406 dicitur
2118 3358 2242 3422 post
2271 3350 2556 3404 sticliirum
2589 3349 2752 3405 stichi
2787 3368 2799 3402 :
2852 3349 3128 3419 simulque
3189 3348 3462 3419 procime-

1889 3460 2021 3504 non,
2060 3452 2113 3497 et
2152 3443 2312 3497 lectio
2366 3442 2522 3496 Pauli
2565 3443 2646 3506 lit,
2691 3457 2793 3496 nec
2862 3457 2970 3495 non
3019 3441 3352 3511 prophetiae,
3411 3453 3466 3496 et

1888 3534 2183 3606 Evangelii.

1963 3630 2047 3683 16.
2107 3628 2266 3684 Feria
2316 3631 2509 3699 quarta
2566 3639 2620 3684 et
2669 3639 2821 3684 sexta
2884 3640 2938 3685 et
2998 3632 3086 3688 die
3135 3634 3461 3699 Dominico,

1888 3721 2192 3776 astantibus
2256 3737 2382 3777 cum
2446 3722 2758 3777 omnimoda
2815 3723 3102 3779 devotione
3179 3726 3463 3795 fratribus,

1890 3821 2010 3880 post
2029 3812 2335 3867 absolutum
2359 3814 2684 3867 matutinum
2761 3814 2956 3884 legitur
2985 3817 3285 3873 catechesis
3308 3819 3465 3875 theo-

1889 3904 2048 3974 phori
2109 3904 2290 3961 Patris
2348 3907 2518 3980 nostri
2574 3905 2868 3962 Theodori.
2917 3907 3113 3964 Postea
3154 3909 3283 3965 facit
3340 3927 3464 3981 pro-

1887 3999 2066 4068 priam
2117 3999 2288 4054 abbas
2342 4000 2409 4054 ad
2451 3999 2647 4053 fratres
2704 4001 3164 4056 adhortationem.
3215 4003 3285 4058 Et
3312 4003 3464 4059 ﬁnita

1888 4093 2196 4156 catechcsi,
2226 4092 2416 4146 dicunt
2465 4092 2631 4161 gloria
2670 4130 2685 4155 ,
2730 4108 2854 4147 cum
2907 4092 3073 4148 Pater
3123 4104 3301 4150 noster
3345 4137 3361 4162 ,
3411 4108 3465 4149 et

1889 4185 2193 4248 benedicite,
2214 4184 2405 4251 sancti,
2426 4185 2659 4250 benedic,
2685 4184 2864 4253 Pater,
2894 4196 2949 4241 et
2979 4185 3103 4242 ﬁnis
3129 4187 3206 4240 ﬁt.
3229 4185 3320 4241 Sic
3351 4197 3463 4243 toto

1889 4291 2035 4330 anno
2074 4274 2348 4329 usuvenit.

1959 4455 2049 4510 17.
2077 4452 2314 4509 Sabbato
2357 4450 2424 4506 ad
2448 4451 2716 4521 psalmum
2740 4448 2981 4513 Domine,
3010 4447 3256 4514 clamavi,
3286 4447 3464 4519 tripli~

1889 4555 2084 4603 cantur
2125 4542 2457 4599 anastasima
2512 4541 2770 4596 stichira:
2804 4540 2871 4593 ad
2906 4539 3094 4594 laudes
3141 4550 3324 4594 autem
3353 4540 3460 4594 du-

1888 4640 2180 4711 plicantur.
2213 4635 2305 4693 Sic
2351 4636 2513 4690 etiam
2551 4635 2605 4690 in
2631 4632 3068 4689 solemnitatibus
3101 4631 3342 4689 Domini.

1957 4823 2044 4878 18.
2077 4821 2217 4877 Sunt
2238 4822 2401 4876 etiam
2439 4818 2743 4888 disciplinae
2776 4817 3036 4888 prwl'ecti,
3068 4817 3136 4872 ad
3179 4833 3318 4888 quos
3343 4816 3461 4873 cul-

1887 4932 1967 4987 pas
1996 4916 2270 4970 minorum
2303 4914 2537 4969 fratrum
2571 4911 2924 4967 emendanda:
2964 4910 3298 4966 deferuntur.
3323 4907 3456 4965 ltem

1891 5015 2030 5063 sunt
2087 5006 2339 5061 chorales
2372 5005 2742 5060 moderatores
2777 5001 2909 5066 duo.
2939 5018 2969 5057 a
3000 5003 3202 5073 quibus
3262 5001 3459 5057 fratres

1890 5103 2251 5156 admonentur
2310 5106 2371 5153 ut
2406 5099 2606 5153 decore
2633 5097 2685 5150 in
2715 5096 2900 5151 choris
2936 5110 2994 5150 se
3056 5104 3269 5162 gerant.
3312 5095 3459 5150 Prte—

1888 5205 2036 5248 terea
2062 5193 2331 5248 excitator
2364 5191 2534 5256 alter,
2581 5189 2673 5260 qui
2704 5188 2829 5243 dum
2885 5190 3021 5242 ﬁunt
3062 5188 3343 5243 matutina:
3380 5189 3458 5243 le-

1889 5286 2105 5341 ctiones
2136 5323 2152 5351 ,
2197 5285 2362 5340 tacite
2415 5283 2616 5337 fratres
2662 5279 3014 5346 circumiens,
3053 5279 3457 5334 obdormientes

1883 5379 2108 5448 vigilare
2130 5378 2276 5431 facit.
2318 5376 2460 5443 Quin
2488 5376 2655 5429 etiam
2700 5374 3068 5444 speculatores
3093 5372 3203 5427 duo
3252 5373 3461 5428 consti-

1884 5477 2112 5524 tuuntur
2145 5469 2474 5531 alternatim,
2502 5468 2595 5536 qui
2650 5474 2772 5535 past
2826 5465 2958 5535 ligni
2995 5463 3234 5519 sonitum
3262 5470 3461 5531 urgent

1885 5562 2154 5633 pigriores
2184 5570 2244 5616 ut
2277 5560 2342 5617 ad
2390 5574 2644 5630 vesperas
2691 5567 2745 5615 et
2776 5557 3192 5626 completorium
3217 5569 3453 5612 concur-

1887 5664 2034 5709 rant.
2077 5655 2396 5725 Rursusque
2432 5653 2687 5709 absoluto
2730 5649 3106 5720 completorio,
3143 5648 3302 5703 iidem
3362 5663 3454 5701 se-

1723 5770 1955 5828 ΝΟΤᾸΕ.

279 5896 395 5961 (all)
435 5893 619 5947 Lectio
663 5891 1034 5948 catechesinm
1097 5890 1330 5947 Studilae
1388 5892 1677 5960 incipiebat
1737 5892 1788 5944 in
1832 5889 2112 5946 Dominica
2145 5888 2587 5961 Septuagesimze.
2622 5887 2784 5942 Allat.
2835 5900 2923 5954 op.
2951 5883 3041 5939 cit.
3073 5923 3087 5949 ,
3114 5882 3212 5937 col.
3253 5876 3414 5933 “90.
