3966 6518
245 462 378 529 1713

1313 461 1966 526 CONSTITUTIONES
1999 462 2466 524 STUDITANE.

3352 461 3486 527 17H

237 581 427 647 αὑτοῦ,
466 582 606 652 μετὰ
635 581 698 636 τὸ
728 580 1204 654 διαμαρτύρασθαι
1229 583 1378 652 αὐτῷ
1400 581 1490 634 τὸν
1512 581 1813 650 ἡγούμενον

1931 579 2026 631 situ
2063 595 2164 632 suo
2192 577 2586 648 permanserit,
2622 588 2755 636 tunc
2777 587 3064 650 postquam
3105 579 3153 635 ci
3183 579 3352 635 abbas
3404 581 3484 634 fu-

237 681 302 732 τὰ
333 677 752 748 συμϐησόμενα,
771 677 1071 746 τηνικαῦτα
1099 677 1191 729 ἐπὶ
1214 677 1570 747 κατηχήσεως
1597 674 1808 740 εἰσάγει

239 770 402 823 αὑτὸν
436 770 533 822 καὶ
561 768 892 838 συναριθμεῖ
915 771 980 837 τῇ
1016 767 1214 821 ἑαυτοῦ
1245 769 1450 840 ποίμνῃ
1477 809 1489 828 ,
1525 766 1810 836 βάλλοντος

238 862 330 914 τοῦ
381 861 825 932 προσερχομένου
878 861 1169 929 μετάνοιαν
1220 863 1334 923 τοῖς
1386 858 1638 926 ἀδελφοῖς
1689 860 1810 910 κατ’

239 953 546 1025 ἐπιτροπὴν
598 952 694 1005 τοῦ
746 953 1080 1021 ἡγουμένου,
1111 951 1383 1004 κάκείνων
1432 949 1813 1020 ἐπευχομένων

239 1044 407 1115 αὐτῷ.

308 1144 411 1191 κε’.
451 1136 572 1208 Χρὴ
603 1134 895 1203 γινώσκειν
929 1134 1006 1198 ὡς
1035 1133 1130 1186 καὶ
1171 1131 1519 1213 ἀφορίστριαι
1547 1128 1655 1182 εἰσὶ
1683 1129 1815 1198 παρ’

239 1232 392 1301 ἡμῖν,
425 1231 482 1281 ἐν
504 1225 592 1291 αἷς
625 1230 671 1280 oi
706 1226 956 1288 ἀπειθεῖς
981 1226 1076 1278 καὶ
1102 1225 1344 1292 δυσήνιοι
1380 1221 1811 1286 κατακλείονται,

241 1321 683 1392 ξηροφαγοῦντες
712 1320 809 1373 καὶ
839 1319 1215 1388 παιδευόμενοι
1239 1317 1338 1385 τὴν
1370 1318 1572 1385 ἀρετήν
1592 1331 1606 1344 ο
1643 1318 1676 1384 ἡ
1705 1314 1814 1384 γὰρ

238 1414 325 1467 διὰ
361 1413 642 1484 μαστίγων
687 1412 1004 1478 παίδευσις,
1048 1411 1124 1473 ὼς
1166 1412 1280 1472 τοῖς
1325 1410 1611 1478 κοσμικοῖς
1639 1409 1815 1478 ἁρμό-

239 1506 443 1570 ζουσα,
497 1507 611 1566 τοῖς
665 1502 944 1574 Πατράσιν
1021 1501 1179 1572 ἡμῶν
1234 1499 1538 1570 ἀπόϐλητος
1593 1500 1816 1562 εἰκότως

242 1596 458 1670 ἐκρίθη.

311 1695 428 1753 σις’.
453 1689 546 1739 Δεῖ
569 1686 766 1747 εἰδέναι
794 1681 875 1739 ὅτι
910 1686 968 1738 ἐν
998 1680 1087 1748 αἷς
1122 1685 1359 1755 ἡμέραις
1388 1683 1586 1754 ἀργίαν
1611 1684 1817 1752 ἄγομεν

239 1782 348 1834 τῶν
383 1779 713 1848 σωματικῶν
748 1777 946 1847 ἔργων,
980 1777 1165 1849 κρούει
1194 1779 1222 1830 ὁ
1250 1774 1599 1846 βιϐλιόφύλαξ
1630 1776 1689 1828 τὸ
1720 1775 1812 1841 ξύ-

241 1874 333 1925 λον
361 1870 530 1934 ἆπαξ,
565 1869 660 1922 καὶ
693 1870 1017 1937 συνάγονται
1059 1871 1108 1921 οἱ
1138 1869 1359 1937 ἀδελφοὶ
1403 1869 1484 1928 είς
1515 1869 1607 1920 τὸν
1650 1867 1816 1920 τόπον

243 1965 350 2018 τῶν
406 1963 648 2034 βιϐλίων,
711 1961 805 2014 κα)⁸
857 1960 1127 2030 λαμϐάνει
1184 1961 1412 2022 ἕκαστος
1453 1959 1674 2029 βιϐλίον,
1725 1960 1820 2012 καὶ
1851 1937 1890 1989 Β

242 2055 610 2125 ἀναγινώσκει
640 2055 745 2117 ἕως
780 2053 880 2122 ὀψέ
900 2070 914 2087 ο
969 2053 1074 2123 πρὸ
1103 2052 1160 2105 δὲ
1190 2053 1298 2104 τῶν
1329 2053 1693 2122 σημαντήριον
1721 2050 1816 2104 τοῦ

242 2150 521 2221 λυχιθικοῦ,
557 2149 744 2220 κρούει
781 2148 942 2201 πάλιν
971 2148 1116 2213 ἅπαξ
1141 2149 1169 2200 6
1203 2146 1296 2199 ἐπὶ
1329 2147 1437 2199 τῶν
1472 2146 1819 2215 βιϐλίων,καὶ

242 2249 532 2321 ἐρχόμενοι
557 2247 759 2309 πάντες
794 2245 936 2298 κατά
965 2245 1064 2315 τὴν
1095 2241 1419 2313 ἀναγραφὴν
1447 2241 1820 2310 ἀποστρέφου-

244 2358 331 2394 σιν
358 2339 537 2400 αὑτά·
566 2340 615 2391 εἰ
661 2337 718 2390 δέ
747 2353 833 2398 τις
862 2336 1138 2404 ύστερίσει
1175 2335 1257 2398 είς
1301 2335 1400 2404 τὴν
1429 2333 1685 2386 ἀπόδοσιν
1720 2335 1819 2404 τῆς

243 2431 453 2501 βίϐλου,
486 2429 746 2498 ἐπιτιμίῳ
783 2427 1168 2481 ὑποϐάλλεται.

312 2521 420 2586 κζ’.
462 2519 584 2591 Χρὴ
611 2520 810 2572 εἰδέναι
841 2519 917 2582 ὡς
943 2519 1106 2589 ἡνίκα
1135 2518 1364 2589 ὲννάτην
1391 2516 1671 2586 ποιοῦμεν,
1711 2515 1819 2570 ἀπὸ

240 2615 343 2684 τῆς
371 2612 427 2678 ς’
457 2613 766 2684 λειτουργεῖ
795 2613 824 2665 6
853 2611 1260 2683 πρεσϐύτερος
1279 2613 1326 2663 εἰ
1353 2611 1409 2665 66
1429 2612 1524 2665 καὶ
1555 2610 1820 2681 μέλλομεν

241 2702 469 2769 ἐσθίειν,
491 2704 598 2757 ἀπὸ
630 2705 729 2774 τῆς
759 2710 808 2775 γ’
828 2721 841 2735 ·
867 2703 962 2758 ἐὰν
986 2704 1042 2761 δὲ
1077 2704 1276 2773 ἀργίαν
1314 2702 1518 2772 ἄγομεν
1543 2701 1653 2754 τῶν
1677 2700 1821 2773 ὁρῶν

241 2798 342 2856 καὶ
387 2796 696 2868 κάμνομεν,
741 2798 774 2867 ἡ
808 2796 907 2865 μὲν
934 2796 1054 2849 θεία
1110 2795 1421 2865 λειτουργία
1466 2794 1614 2860 ὥραν
1644 2800 1692 2858 γ’
1725 2810 1822 2866 ση-

245 2891 469 2960 μαίνει*
503 2889 641 2958 μετὰ
667 2889 724 2942 δὲ
755 2889 857 2959 τὴν
895 2889 1293 2960 συμπλήρωσιν
1325 2889 1515 2957 αὐτῆς,
1547 2889 1735 2958 κρούει
1761 2887 1822 2945 τὸ

246 2983 409 3047 ξύλον
441 2984 586 3053 τρὶς,
637 2983 734 3036 καὶ
793 2981 1120 3050 συνάγονται
1166 2982 1366 3044 πάντες
1395 2983 1442 3034 οἱ
1475 2981 1692 3034 ἀδελιοοὶ
1729 2981 1819 3033 ἐπὶ

241 3076 308 3130 τὸ
341 3073 498 3142 αύτδ,
529 3074 626 3131 καὶ
662 3075 799 3145 μετὰ
830 3075 891 3128 τὸ
918 3075 1089 3144 ψᾶλαι
1122 3074 1192 3127 τὰ
1243 3075 1466 3139 τυπικὰ,
1502 3073 1597 3127 καὶ
1635 3071 1820 3127 λαϐεῖν

243 3165 519 3235 εὐλογίαν,
553 3166 907 3238 ἀπερχόμεθα
939 3169 1019 3231 είς
1047 3167 1146 3237 τὴν
1177 3166 1476 3237 τράπεζαν.

1911 683 2096 725 turum
2131 672 2260 726 vitae
2290 688 2462 742 genus
2493 672 2848 738 iutimaverit,
2913 674 3210 728 introducit
3245 675 3310 728 ad
3344 683 3490 728 cate-

1911 765 2156 829 ehesim,
2219 771 2273 818 et
2327 764 2474 833 gregi
2531 781 2631 817 suo
2683 766 3039 829 adnumerat;
3095 767 3223 820 dum
3273 767 3486 820 interim

1912 856 2208 918 admissus,
2250 857 2372 911 data
2407 857 2476 910 ab
2505 858 2698 911 abbate
2728 858 2966 922 licentia,
3003 858 3130 912 facit
3159 868 3487 914 metanmam

1911 965 2098 1004 coram
2131 949 2418 1016 fratribus,
2457 958 2622 1020 atque
2655 951 2709 1004 bi
2743 951 2987 1006 vicissim
3019 968 3118 1022 pro
3158 953 3247 1007 illo
3273 955 3450 1007 ordnt.

1983 1127 2073 1184 2'5.
2110 1128 2252 1185 Sunt
2299 1129 2463 1186 etiam
2495 1131 2637 1200 apud
2691 1145 2793 1186 nos
2838 1131 2942 1185 loci
2975 1127 3199 1201 quidam
3233 1132 3488 1201 separati,

1914 1224 1967 1278 in
2000 1224 2204 1294 quibus
2232 1224 2603 1280 inobedientes
2641 1235 2695 1279 et
2729 1234 3082 1280 contumaces
3119 1225 3488 1286 includuntur,

1915 1317 2071 1371 arido
2101 1318 2247 1373 victu
2273 1318 2486 1383 nutriti,
2521 1327 2683 1387 atque
2712 1317 2786 1372 ita
2815 1318 3069 1372 virtutem
3101 1318 3300 1373 edocti.
3323 1317 3489 1372 Nam—

1914 1425 2021 1480 que
2054 1410 2488 1465 emendationem
2547 1423 2646 1479 per
2707 1409 2960 1472 verbera,
3019 1425 3142 1480 qua:
3198 1409 3490 1462 mundanis

1917 1502 2234 1558 hominibus
2263 1501 2543 1567 convehit,
2567 1501 2766 1556 merito
2788 1500 2974 1556 Patres
3005 1500 3178 1556 nostri
3203 1501 3491 1570 repudian-

1915 1593 2040 1646 dam
2078 1601 2434 1647 censuerunt.

1987 1683 2076 1737 9.6.
2120 1683 2322 1738 Diebus
2352 1684 2552 1753 quibus
2599 1699 2630 1738 a
2688 1683 2961 1753 corporali
2993 1698 3157 1754 opere
3206 1683 3491 1746 feriamur,

1918 1777 2135 1847 signum
2197 1777 2343 1845 ligno
2388 1776 2554 1830 semel
2609 1776 2722 1830 edit
2772 1776 3262 1840 hibliotbccarius,
3294 1790 3496 1830 conve-

1920 1870 2183 1937 niuntque
2241 1868 2438 1923 fratres
2503 1868 2567 1922 ad
2629 1868 2891 1923 librorum
2933 1869 3157 1933 aulam,
3218 1868 3496 1936 sumitque

1921 1962 2304 2031 unusquisque
2335 1962 2556 2025 librum,
2608 1970 2662 2017 et
2692 1979 2866 2030 usque
2906 1962 2972 2015 ad
3011 1977 3291 2030 vesperam
3342 1962 3489 2031 legit.

1921 2052 2023 2105 Sed
2056 2052 2374 2120 priusquam
2409 2052 2645 2122 lychnici
2669 2051 2823 2121 signa
2856 2051 3076 2115 dentur,
3101 2052 3280 2121 pulsat
3304 2067 3496 2107 rursus

1920 2145 2089 2198 semel
2129 2144 2612 2205 bibliothecarius;
2671 2143 2966 2212 cunctique
2994 2143 3274 2198 venientes
3297 2158 3495 2197 secun-

1921 2233 2048 2287 dum
2101 2233 2363 2302 scriptam
2403 2233 2665 2288 scbedam
2698 2233 2870 2288 libros
2925 2233 3180 2287 reddunt.
3247 2233 3400 2298 Quod
3449 2235 3495 2288 si

1920 2326 2046 2395 quis
2080 2325 2307 2380 reddere
2338 2326 2535 2380 librum
2566 2335 2877 2391 cunctatur,
2910 2341 3086 2394 paena:
3110 2326 3420 2396 subjicitur.

1988 2505 2083 2560 2'7.
2117 2505 2237 2576 Quo
2267 2515 2510 2576 tempore
2554 2506 2744 2560 horam
2799 2521 3001 2560 nonam
3041 2505 3377 2569 recitamus,
3427 2506 3496 2561 ab

1922 2599 2056 2654 hora
2095 2609 2249 2656 sexta
2279 2615 2495 2656 sacrum
2525 2600 2653 2654 facit
2684 2601 3010 2670 presbyter:
3038 2601 3183 2669 quod
3235 2600 3281 2655 si
3328 2600 3494 2655 etiam

1921 2694 2180 2761 pransuri
2211 2707 2423 2754 sumus,
2452 2706 2514 2745 ac
2547 2692 2680 2746 hora
2707 2691 2886 2744 tertia.
2925 2690 3043 2748 Jam
3068 2692 3114 2745 si
3143 2691 3211 2745 ab
3238 2681 3389 2747 hor'is
3420 2691 3500 2747 fc-

1923 2783 2151 2847 riamur,
2181 2792 2234 2836 et
2289 2782 2623 2843 laboramus,
2657 2781 2842 2836 divina
2879 2782 3096 2852 liturgia
3146 2783 3298 2836 horae
3326 2785 3498 2837 terti-.3

1922 2876 2219 2946 deputatur
2258 2895 2271 2930 :
2309 2891 2416 2945 qua
2452 2876 2685 2944 expleta,
2718 2875 2922 2945 lignum
2954 2885 3037 2930 ter
3060 2875 3331 2946 pulsatur,
3363 2890 3498 2931 cen-

1922 2969 2262 3038 veniuntque
2292 2984 2484 3023 omnes
2515 2968 2736 3031 fratres,
2783 2977 2837 3023 et
2867 2970 3104 3024 cantatis
3133 2969 3352 3040 typicis,
3404 2985 3500 3024 ae-

1922 3072 2185 3132 ceptaque
2224 3062 2623 3126 benedlctione,
2656 3061 2724 3115 ad
2756 3077 3001 3117 mensam
3052 3063 3356 3132 pergimus.

243 3280 386 3349 Περὶ
410 3279 526 3362 τῆς
547 3281 617 3334 ἐν
648 3281 932 3362 βρῴμᾳσι.
962 3281 1688 3362 καὶίτόμασιιξοσότιητος.
1719 3280 1817 3334 καὶ

1931 3281 2000 3336 De
2032 3282 2268 3337 ciborum
2321 3290 2370 3362 et
2426 3290 2645 3362 potuum
2703 3278 2999 3362 quantitate
3030 3291 3079 3335 et
3131 3282 3413 3356 qualitate,
3451 3293 3500 3336 et

279 3354 624 3418 ποιότητος,
652 3351 751 3404 καὶ
774 3351 883 3418 τῆς
909 3352 979 3404 ἐν
998 3351 1126 3417 ταῖς
1157 3351 1466 3420 τραπέζαις
1483 3351 1783 3416 εὐταξίας.

319 3462 430 3533 κη’.
456 3462 590 3515 ’Υπε
602 3462 879 3533 ρχομένων
905 3462 1012 3513 τῶν
1042 3461 1286 3531 ἀδελφῶν
1321 3463 1400 3525 είς
1423 3461 1482 3516 τὺ
1508 3463 1822 3534 ἀριστῆσαι,

240 3557 272 3609 6
310 3553 496 3624 στίχος
525 3553 701 3606 αὐτῶν
733 3553 826 3605 ἐπὶ
857 3552 1124 3622 στόματος
1168 3554 1429 3624 φέρεται·
1462 3553 1738 3623 κάθηνται
1766 3551 1825 3605 66

243 3647 392 3700 κατά
460 3647 742 3715 τράπεζαν
849 3644 1147 3712 ἀκόὸῆτον
1198 3645 1308 3716 (45)
1386 3648 1453 3699 θιο
1503 3645 1554 3696 οἱ
1611 3644 1827 3714 ταξιάρ-

241 3757 343 3810 χαι
383 3737 441 3790 δὲ
480 3737 578 3800 τὰς
614 3735 1041 3809 ἀναπληρώσεις
1069 3736 1178 3788 τῶν
1200 3735 1490 3806 τραπεζῶν
1523 3735 1823 3801 ποιοῦνται,

242 3833 344 3882 καὶ
373 3830 650 3892 εὐτάκτως
681 3829 837 3894 ἐκτὸς
865 3829 1126 3898 θορύϐου·
1159 3829 1368 3898 γίνεται
1403 3828 1461 3882 δὲ
1513 3835 1546 3898 ἡ
1576 3828 1823 3897 ἀνάγνων

243 3940 358 3988 σις,
390 3922 500 3975 τῶν
529 3922 773 3991 ἀδελφῶν
811 3923 879 3975 τὰ
919 3922 1246 3980 κουκούλλια
1279 3923 1373 3975 ἐπὶ
1401 3922 1643 3992 κεφαλῆς
1675 3921 1828 3992 ἐχόνς-

242 4031 381 4070 των.
416 4015 490 4084 Ση
501 4017 651 4084 μεῖον
680 4015 737 4068 δὲ
769 4015 865 4072 τοῦ
894 4015 1081 4078 τέλους
1106 4016 1207 4086 τῆς
1239 4013 1600 4083 ἀναγνώσεως
1626 4013 1826 4083 ταύτης

243 4105 404 4160 ἐστὶν
438 4106 467 4158 6
496 4100 632 4175 ἦχος
672 4108 783 4159 τῶν
818 4105 1080 4181 κλιερίων
1112 4107 1171 4160 ἐν
1197 4109 1264 4177 τῇ
1299 4107 1506 4177 ὑστάτῃ
1542 4104 1826 4176 μαγειρία,

242 4200 474 4252 πάντων
511 4197 649 4270 ὁμοῦ
709 4199 803 4254 ἐπὶ
859 4199 969 4252 τῶν
1011 4198 1334 4269 παροψίδων
1389 4196 1823 4269 ἐρῤιπτομένων·

241 4290 455 4360 ὁμοίως
476 4288 532 4342 66
555 4288 651 4342 καὶ
667 4288 729 4341 τὸ
753 4289 995 4359 κεράσαι
1015 4289 1110 4341 καὶ
1133 4287 1192 4340 τὸ
1214 4286 1528 4358 παραθῆσαι
1548 4286 1635 4339 διὰ
1664 4284 1826 4357 κρού-

253 4397 479 4452 aptato;
515 4380 746 4449 γίνεται.

323 4473 432 4528 κθ⁹.
485 4474 686 4526 ’ἰστέον
719 4474 774 4527 δὲ
805 4474 886 4528 ὅτι
921 4473 1029 4527 ἀπὸ
1057 4472 1158 4542 τῆς
1191 4473 1495 4544 πασχαλίας
1525 4471 1634 4542 (44)
1665 4471 1828 4543 μέχρι

240 4566 359 4618 ⁴τῶν
393 4564 566 4633 ἁγίων
598 4566 816 4618 πάντων
849 4566 986 4637 (45),
1016 4566 1114 4629 τὰς
1149 4566 1198 4635 β’
1230 4564 1520 4637 μαγειρίας
1548 4564 1609 4617 τό
1636 4582 1696 4616 τε
1729 4565 1826 4617 λά-

243 4675 418 4731 χανον
444 4658 540 4710 καὶ
574 4657 634 4710 τὸ
658 4659 881 4727 ὄσπριον
934 4659 1070 4729 μετά
1121 4659 1300 4712 ἐλαίου
1344 4658 1632 4729 ἐσθίομενο
1678 4658 1826 4729 χρώ-

247 4750 400 4824 μεθα.
427 4751 485 4802 δέ
509 4751 606 4804 καὶ
639 4751 858 4820 ἰχθύων,
885 4752 980 4805 καὶ
1004 4753 1191 4821 τυροῦ,
1215 4753 1310 4805 καὶ
1340 4752 1450 4806 ὠοῦ
1467 4770 1480 4783 ·
1514 4739 1739 4822 πίνομεν
1770 4753 1827 4805 66

240 4843 318 4896 τὰ
351 4841 556 4913 ἄριστα
584 4838 667 4908 γ’⁶
718 4844 1007 4912 κρούοντος
1048 4843 1142 4896 τοῦ
1177 4843 1358 4908 ξύλου,
1407 4845 1735 4914 ἀπέρχονται
1774 4846 1824 4897 οῖ

241 4937 476 5004 ἀδελφοὶ
517 4937 613 4989 καὶ
644 4937 915 4992 ἐσθίουσιν
945 4939 1109 5009 ἄρτον
1133 4953 1148 4967 ⁶
1180 4940 1272 4991 καὶ
1313 4939 1409 4991 ἐὰν
1437 4939 1824 5006 ἐπερίσσευσεν

247 5029 520 5101 μαγειρία
573 5028 716 5100 πρωῒ
764 5029 1042 5098 (ἐπίτηδες
1104 5029 1214 5098 γὰρ
1259 5028 1460 5100 ἔδεσμα
1502 5031 1562 5082 τὺ
1608 5030 1705 5099 ὀψὲ
1748 5028 1827 5100 τῷ

243 5120 420 5191 κοινῷ
447 5121 510 5173 οὐ
538 5122 820 5192 γίνεται),
854 5122 1018 5192 κιρνά
1054 5121 1108 5174 66
1140 5122 1252 5177 δύο.
1286 5122 1378 5186 Εἰς
1411 5123 1468 5176 66
1498 5123 1594 5193 τὴν
1629 5129 1680 5192 μ’
1717 5123 1828 5175 τῶν

241 5214 426 5283 ᾁγίων
473 5212 790 5276 ἀποστόλων
843 5212 1030 5282 ἰχθύας
1071 5214 1169 5266 καὶ
1214 5213 1374 5288 τυῴν
1417 5213 1513 5267 καὶ
1558 5214 1663 5266 ὠὸν
1724 5213 1826 5266 οὐκ

242 5308 532 5379 ἐσθίομεν,
564 5305 703 5378 πλὴν
735 5305 844 5364 τῶν
877 5305 1099 5378 ἡμερῶν
1129 5309 1188 5360 ἐν
1217 5301 1307 5370 αἷς
1349 5307 1497 5378 ῶραν
1529 5307 1590 5359 οὑ
1621 5305 1824 5374 ψάλλο-

2303 3351 2515 3406 decente
2540 3353 2595 3405 in
2630 3355 2823 3406 mensis
2857 3351 3043 3406 ordine

1994 3464 2084 3520 28.
2128 3463 2486 3520 Venientibus
2518 3465 2583 3519 ad
2617 3465 2905 3535 prandium
2929 3463 3218 3530 fratribus,
3251 3466 3502 3520 versicu-

1926 3558 2008 3613 lus
2037 3558 2090 3612 in
2116 3573 2210 3612 ore
2230 3557 2497 3626 cujusque
2519 3565 2624 3617 est,
2655 3556 2956 3625 sedentque
2983 3556 3056 3610 ad
3093 3570 3338 3610 mensam
3371 3556 3504 3609 ἀκό-

1926 3651 2088 3720 6ητον
2119 3650 2184 3704 0'.
2222 3651 2324 3716 Qui
2353 3659 2535 3704 autem
2581 3659 2734 3703 recto
2784 3647 2965 3702 ordini
3019 3657 3150 3703 sunt
3198 3650 3501 3719 praepositi,

1927 3758 2146 3797 mensas
2182 3740 2405 3796 ferculis
2428 3742 2640 3810 replent
2663 3740 2968 3810 composite
2995 3749 3053 3796 et
3087 3740 3208 3794 sine
3238 3742 3497 3796 tumultu.

1927 3835 1994 3890 Et
2018 3837 2232 3890 interim
2264 3835 2446 3903 lectio,
2483 3836 2749 3890 fratribus
2783 3836 3056 3893 cucullata
3085 3835 3265 3904 capita
3296 3835 3501 3890 haben-

1926 3929 2092 3983 tibus.
2147 3929 2375 3997 Signum
2427 3943 2559 3983 vero
2612 3928 2862 3982 finienda:
2898 3928 3064 3999 hujus
3113 3929 3361 3983 lectionis
3393 3938 3499 3994 est,

1927 4019 2142 4074 sonitus
2193 4018 2565 4074 cochlearium
2623 4019 2676 4073 in
2735 4028 3014 4089 postremo
3065 4019 3318 4085 ferculo,
3377 4034 3500 4073 cum

1926 4111 2108 4166 omnia
2140 4110 2302 4166 simul
2349 4111 2403 4164 in
2447 4111 2768 4181 par0psides
2819 4112 3205 4181 projiciuntur.
3238 4110 3503 4166 Miscendi

1925 4203 2131 4274 pariter
2157 4211 2212 4259 et
2241 4202 2546 4273 apponendi
2573 4205 2788 4275 signum
2821 4205 3132 4274 pulsatione
3165 4203 3244 4261 tit.

1995 4472 2086 4527 9.9.
2121 4471 2166 4525 Α
2195 4468 2434 4541 paschali
2467 4477 2712 4538 tempore
2743 4483 2916 4539 usque
2941 4467 3010 4524 ad
3054 4468 3251 4524 festum
3282 4477 3502 4524 sancto-

1930 4579 2052 4617 rum
2087 4562 2356 4624 omnium,
2393 4560 2503 4615 duo
2546 4561 2774 4626 fercula,
2795 4561 2918 4615 olus
2951 4575 3145 4630 nempe
3173 4571 3226 4615 et
3250 4561 3502 4632 legumen

1933 4655 2172 4710 oleatum
2195 4654 2557 4709 comedimus.
2590 4651 2879 4708 Vescimur
2918 4653 3079 4707 etiam
3111 4653 3376 4722 piscibus,
3411 4669 3504 4706 ca-

1932 4761 2047 4812 seo,
2080 4754 2134 4801 et
2168 4746 2307 4801 ovis.
2342 4745 2588 4800 Bibimus
2627 4753 2808 4800 autem
2847 4745 2902 4799 in
2947 4745 3178 4815 prandio
3233 4753 3335 4799 ter.
3405 4744 3502 4799 Ubi

1929 4841 2135 4910 lignum
2163 4838 2512 4907 increpuerit,
2545 4836 2748 4891 abeunt
2768 4835 2987 4900 fratres,
3019 4843 3073 4891 et
3099 4850 3293 4905 panem
3325 4851 3505 4889 come-

1928 4935 2087 4998 dunt,
2120 4940 2173 4986 et
2203 4931 2250 4985 si
2279 4930 2408 5000 quid
2429 4946 2490 4985 ex
2525 4929 2734 4986 ferculo
2757 4929 3028 4983 matutino
3051 4926 3326 4996 superfuit
3354 4930 3501 4997 (nam

1927 5041 2154 5096 vespere
2185 5025 2466 5095 pr0prium
2502 5023 2743 5078 edulium
2772 5021 3161 5076 eommunitati
3195 5037 3309 5092 non
3344 5036 3505 5089 para-

1926 5120 2034 5190 tur)
2071 5128 2127 5174 et
2159 5118 2401 5172 bibimus
2429 5116 2626 5186 pocilla
2659 5115 2790 5169 duo.
2839 5113 2898 5167 ln
2926 5113 3341 5183 quadragesima
3374 5129 3505 5168 vero

1926 5218 2243 5266 sanctorum
2275 5207 2650 5277 apostolorum
2683 5206 2886 5276 pisces,
2907 5219 3154 5270 caseum,
3181 5213 3236 5259 et
3260 5217 3362 5259 ova
3395 5221 3501 5258 non

1926 5302 2520 5370 comedimus,praater
2575 5315 2741 5372 quam
2810 5298 3001 5355 diebus
3049 5298 3250 5368 quibus
3310 5297 3500 5352 horam

1746 5505 1974 5562 ΝΟΤᾹΞ.

327 5690 441 5761 (ιὸ)
468 5689 548 5745 lta
577 5687 700 5743 eod.
721 5686 848 5743 Mihi
881 5702 1014 5743 vero
1042 5689 1307 5761 obscurus
1339 5697 1393 5742 et
1421 5685 1708 5755 ambiguus
1733 5685 1820 5742 hic

243 5759 408 5820 locus
441 5771 546 5822 est.
583 5769 801 5829 propter
828 5760 1080 5815 vocabuli
1117 5759 1436 5829 novitatem.

328 5832 440 5902 (Η)
469 5826 660 5902 Pollux
684 5826 887 5902 Chron.
913 5830 1054 5902 apud
1078 5829 1332 5902 Allatium
1354 5827 1572 5902 dissert.
1597 5827 1688 5902 cit.
1712 5826 1816 5902 col.

249 5903 388 5960 1151
423 5897 440 5953 ξ
474 5901 576 5953 Δύο
612 5900 910 5967 πασχαλίας
943 5899 1234 5966 ἐϐδομάδες
1258 5939 1272 5960 ,
1320 5897 1418 5965 μία
1440 5898 1580 5965 ιπρὺ,
1622 5898 1720 5963 μία
1764 5897 1820 5947 66

252 5973 397 6062 μετά
420 5973 569 6029 'dua’
599 5971 926 6041 paschalium
961 5967 1312 6032 hebdomadis,
1343 5967 1508 6021 altera
1542 5984 1654 6030 quae
1688 5983 1821 6035 pre-

1928 5686 2084 5744 cedit.
2125 5686 2295 5757 aitera
2331 5701 2448 5756 qua:
2477 5688 2826 5757 subsequitur.

2000 5758 2112 5825 (45)
2144 5755 2357 5811 Festum
2391 5755 2649 5810 omnium
2670 5771 2986 5810 sanctorum
3025 5773 3054 5810 a
3088 5757 3292 5811 Graecis
3323 5756 3502 5824 agitur

1928 5828 1983 5881 in
2037 5827 2319 5880 Duminiea
2348 5829 2519 5892 prima
2561 5827 2831 5892 Matthzci;
2868 5841 2988 5894 quae
3035 5837 3118 5884 est
3163 5827 3333 5896 prima
3377 5839 3501 5896 post

1930 5897 2311 5955 Pcutecosten.
2350 5898 2504 5952 Allat.
2539 5899 2670 5954 diss.
2701 5899 2792 5953 cit.
2832 5898 2934 5953 col.
2973 5896 3128 5951 1435.
