3966 6440
551 358 683 425 1715

1554 361 2198 423 CONSTITUTIONES
2236 365 2696 428 STUDITANE.

3653 376 3789 440 1716

545 492 657 531 non
690 473 964 529 cauimus.
1002 461 1397 526 Manducamus
1445 478 1630 525 autem
1671 472 1804 525 hora
1835 488 1975 526 nona
2012 473 2110 527 ler-

2223 493 2323 544 μεν
2345 493 2359 508 ·
2395 478 2676 549 τρώγομεν
2721 479 2776 532 δὲ
2810 479 2854 532 0'
2887 480 3176 552 μαγειρίας
3219 481 3283 550 β’,
3311 481 3372 534 τὸ
3412 483 3511 552 μὲν
3551 485 3788 554 λάχανον

543 567 669 620 cula
693 565 843 619 duo:
871 564 996 617 olus
1021 563 1260 616 oleatum
1286 602 1302 627 ,
1337 561 1585 632 legumen
1622 562 1831 632 absque
1869 564 1991 618 oleo
2023 577 2116 618 co-

543 657 840 713 medimus.
875 653 1120 708 Bihimus
1143 654 1273 709 hora
1296 667 1437 709 nona
1465 652 1690 722 cyathos
1711 653 1867 717 duos,
1895 668 2116 722 vespere

544 751 675 804 item
705 749 863 803 duos.
912 745 1112 807 Diebus
1142 755 1325 801 autem
1359 743 1570 799 feriatis
1593 783 1610 808 ,
1641 744 1842 815 quibus
1877 745 2116 800 diximus

545 857 648 896 nos
672 854 835 894 caseo
859 847 916 893 et
948 837 1176 906 reliquis
1201 836 1372 902 vesci,
1397 835 1532 892 hora
1563 845 1714 891 sexta
1745 836 2114 901 comedentes,

546 941 630 985 ter
661 930 938 996 bibimus;
975 942 1202 998 vespere
1235 927 1342 982 bis.
1378 925 1535 982 Hunc
1564 943 1772 982 morem
1796 928 1849 984 in
1883 928 2117 998 quadra-

543 1024 752 1093 gesima
781 1021 948 1078 etiam
983 1019 1160 1076 sancti
1204 1019 1440 1090 apostoli
1492 1018 1725 1090 Philippi
1781 1035 2065 1076 servamus
2097 1036 2110 1073 :

544 1113 638 1168 sed
674 1121 894 1182 propter
941 1112 1262 1168 brevitatem
1289 1110 1499 1164 dierum
1529 1109 1960 1180 quadragesimae
1990 1124 2118 1164 sau-

543 1206 617 1259 cti
652 1206 910 1275 Philippi,
943 1203 1110 1259 semel
1137 1203 1190 1256 in
1217 1202 1306 1259 die
1345 1202 1707 1267 comedimus,
1743 1201 1836 1257 sed
1862 1209 1946 1257 ter
1973 1201 2113 1256 bibi-

546 1311 688 1350 mus.
717 1299 837 1350 .lam
878 1296 948 1349 ab
983 1294 1356 1364 apostolorum
1397 1294 1911 1349 commemoratione
1943 1309 2115 1364 usque

545 1387 615 1441 ad
647 1395 897 1442 sanetum
929 1386 1263 1456 Philippum,
1302 1401 1501 1440 nonam
1537 1384 1852 1439 recitamus.
1885 1383 2037 1450 Quod
2065 1385 2111 1438 si

545 1478 602 1532 in
638 1477 737 1532 hos
766 1477 884 1532 dies
915 1477 1160 1532 incurrat
1190 1476 1638 1533 commemoratio
1663 1476 1895 1546 alicujus
1916 1477 2110 1545 sancti,

545 1585 671 1638 qua:
702 1584 802 1624 nos
828 1568 1053 1627 feriatos
1081 1570 1276 1625 reddat
1297 1569 1365 1624 ab
1393 1566 1543 1622 horis
1564 1577 1618 1622 et
1649 1568 1957 1632 metanmis,
1982 1578 2112 1623 tunc

546 1675 767 1715 caseum
802 1669 857 1714 et
884 1675 984 1714 ova
1019 1669 1071 1714 et
1105 1659 1304 1730 pisces,
1339 1659 1606 1730 siquidem
1630 1657 1770 1713 Deus
1800 1659 2113 1728 suppedita-

545 1753 705 1816 verit,
739 1751 1115 1816 comedimus;
1148 1767 1272 1808 cum
1302 1752 1512 1823 cyathis
1542 1749 1719 1806 tribus
1749 1751 1805 1804 in
1835 1750 2064 1820 prandio
2089 1789 2105 1816 ,

543 1859 770 1914 vespere
797 1844 1031 1899 duobus.

838 1955 917 2009 De
945 1963 1130 2008 sancta
1158 1970 1350 2024 magna
1391 1952 1832 2023 Quadragesima.

613 2045 704 2100 30.
738 2043 795 2098 In
826 2054 1017 2099 sancta
1042 2060 1238 2113 magna
1269 2043 1694 2114 Quadragesima
1733 2041 1899 2096 semel
1937 2042 1992 2096 ln
2023 2041 2112 2097 die

540 2131 832 2196 vescimur,
864 2140 1089 2201 excepto
1127 2131 1384 2194 Sabhato.
1437 2142 1492 2186 et
1539 2133 1626 2186 die
1664 2131 1962 2186 Dominico.
2010 2130 2111 2185 Co-

542 2222 808 2277 medimus
829 2231 1008 2277 autem
1035 2224 1207 2293 prima
1234 2234 1288 2279 et
1309 2224 1554 2279 mediana
1572 2223 1903 2278 hebdomada
1922 2223 2111 2278 eodem

542 2312 725 2377 modo,
755 2314 806 2368 id
836 2324 919 2368 est
949 2313 1100 2368 fabas
1133 2326 1317 2371 coctas
1346 2356 1360 2379 ,
1389 2325 1441 2370 et
1467 2316 1852 2371 salsamentum
1907 2316 2112 2385 absque

543 2405 682 2468 oleo,
718 2415 772 2460 et
801 2409 1009 2462 caricas
1040 2409 1315 2477 quinque,
1365 2417 1419 2462 et
1446 2409 1491 2462 si
1525 2407 1708 2464 adsint
1735 2417 2020 2472 castaneae,
2059 2417 2113 2463 et

543 2495 658 2565 pira
681 2503 855 2560 cocta,
879 2505 932 2549 et
962 2495 1370 2552 Damascenica.
1405 2495 1650 2552 Secunda
1693 2505 1872 2551 autem
1906 2497 2111 2551 hebdo-

543 2588 727 2652 mada,
758 2596 812 2642 et
839 2589 1020 2654 tertia,
1053 2597 1108 2643 et
1135 2591 1346 2661 quinta,
1380 2597 1433 2644 et
1463 2599 1612 2644 sexta
1634 2589 1713 2644 sic
1741 2590 2109 2644 comedimus:

542 2696 718 2750 pruna
751 2681 1009 2734 nimirum
1043 2692 1196 2735 cocta
1241 2689 1294 2734 et
1324 2683 1712 2736 salsamentum
1753 2683 1806 2736 in
1840 2682 2110 2747 scutellis;

540 2782 596 2827 et
625 2772 823 2828 ferculi
852 2773 972 2826 loco
1005 2773 1251 2843 legumen
1277 2788 1400 2828 cum
1435 2790 1572 2829 nuce
1595 2773 1800 2841 fracta;
1834 2789 1992 2844 poma
2033 2782 2112 2827 la-

541 2878 665 2921 men
693 2873 747 2918 et
771 2863 909 2918 licus
931 2865 1017 2919 bis
1045 2863 1406 2919 hebdomadis
1438 2880 1544 2919 non
1573 2865 1936 2920 comedimus.
1978 2863 2114 2920 Tota

541 2965 724 3009 autem
757 2966 943 3010 sancta
989 2955 1412 3026 Quadragesima
1468 2955 1698 3011 mixtum
1737 2956 1995 3024 bibimus,
2027 2974 2114 3012 ex-

541 3049 713 3114 ceptis
747 3047 982 3102 infirmis
1012 3057 1108 3102 aut
1154 3047 1396 3103 senibus.
1426 3047 1596 3104 Porro
1644 3049 1869 3105 mistum
1900 3059 2115 3105 constat

2221 571 2359 639 μετά
2389 571 2594 637 ἐλαίου,
2631 572 2690 624 τὸ
2733 570 2794 624 δέ
2831 571 3058 642 ὅσπριον
3097 573 3228 627 ἄνευ
3270 575 3453 628 ἐλαίου
3497 577 3787 649 ἐσθίομενο

2218 661 2380 731 κιρνά
2409 662 2466 715 δέ
2494 662 2589 716 δύο
2613 666 2678 735 τῇ
2706 664 2772 729 θ’,
2803 664 2897 717 καὶ
2936 664 3029 718 δύο
3062 665 3160 734 ὀψέ
3181 681 3197 696 ⁸
3230 667 3288 719 ἐν
3311 666 3370 720 δὲ
3401 671 3523 732 ταῖς
3557 671 3790 741 ἀργησί-

2220 768 2341 820 μοις
2369 753 2427 806 ἐν
2465 748 2553 817 αἷς
2593 755 2898 825 ᾑνιξάμεθα
2927 757 3089 827 τυρὸν
3128 756 3329 810 ἐσθίειν
3356 759 3452 814 καὶ
3485 760 3555 814 τά
3599 762 3785 827 λοιπὰ,

2215 843 2279 910 τῇ
2329 847 2382 908 ς’
2429 841 2754 913 τρώγοντες,
2803 851 2852 913 γ’
2896 847 3146 916 πίνομεν,
3195 849 3292 901 καὶ
3346 849 3444 918 ὀψὲ
3493 850 3574 920 ﬂ"
3632 848 3787 917 οὗτος

2215 931 2384 997 τύπος
2413 934 2508 986 καὶ⁵
2539 937 2605 1006 τῇ
2637 941 2688 1005 μ’
2715 935 2808 989 τοῦ
2837 937 2993 1005 ἁγίου
3023 939 3324 992 ἀποστόλου
3347 939 3619 994 Φιλίππου
3635 943 3750 1014 (46)
3768 961 3783 976 ο

2215 1021 2302 1074 διὰ
2330 1021 2387 1075 δὲ
2413 1023 2512 1095 τὴν
2536 1026 2876 1096 σμικρότητα
2903 1027 3009 1081 τῶν
3043 1028 3265 1099 ἡμερῶν
3289 1029 3391 1098 τῆς
3423 1035 3474 1100 μ’
3496 1031 3594 1083 τοῦ
3628 1033 3785 1099 ἁγίου

2215 1108 2481 1164 Φιλίππου
2517 1113 2925 1184 μονοσιτοῦμεν,
2966 1117 3196 1186 πίνομεν
3223 1116 3280 1170 δέ
3319 1123 3390 1184 γ’.
3429 1118 3565 1171 Ἀπὸ
3589 1119 3647 1172 δὲ
3674 1123 3785 1175 τῶν

2214 1200 2526 1255 ἀποστόλων
2551 1205 2769 1275 μνήμης
2803 1205 2909 1269 ἓως
2935 1205 3028 1259 τοῦ
3059 1206 3217 1273 ἁγίου
3241 1207 3785 1279 Φιλίππου,τετράδα

2214 1294 2310 1345 καὶ
2339 1295 2692 1367 παρασκευὴν
2720 1297 2764 1350 θ’
2792 1297 3075 1368 ποιοῦμεν⁸
3094 1297 3190 1352 ἐὰν
3211 1299 3477 1355 δὲέπεσεν
3505 1302 3562 1354 ἐν
3592 1303 3784 1367 αὐταῖς

2217 1382 2409 1452 μνήμη
2465 1383 2646 1449 ἁγίου,
2683 1385 2880 1456 σχολὴν
2913 1388 3042 1457 ἡμῖν
3075 1388 3377 1457 ἐμποιοῦσα
3408 1390 3517 1444 τῶν
3537 1408 3598 1443 τε
3625 1391 3783 1461 ώρῶν

2215 1472 2310 1525 καὶ
2343 1476 2671 1543 μετανοιῶν,
2714 1477 2808 1529 καὶ
2839 1478 3004 1550 τυρὸν
3029 1480 3123 1533 καὶ
3147 1481 3254 1534 ὠὸν
3283 1481 3378 1536 καὶ
3409 1482 3588 1551 ἰχθὺν,
3623 1483 3782 1554 εῐπερ

2213 1564 2474 1634 χορηγοίη
2527 1568 2658 1637 ἡμῖν
2699 1569 2727 1621 ό
2771 1568 2934 1637 Θεὸς,
2981 1570 3268 1642 ἐσθίομενο
3308 1573 3470 1645 κιρνά
3509 1573 3569 1627 δέ
3627 1572 3676 1644 γ’
3721 1576 3783 1630 τὸ

2212 1656 2458 1728 ἄριστον,
2492 1659 2586 1713 καὶ
2617 1659 2715 1731 (ιψέ
2743 1660 2809 1731 β’.

2548 1948 2686 2016 Περὶ
2727 1947 2837 2017 τῆς
2865 1948 3037 2017 ἁγίας
3063 1949 3332 2018 μεγάλης
3355 1951 3449 2004 Μ’.

2282 2039 2346 2094 λ¹;
2397 2041 2486 2092 Ἐν
2535 2039 2592 2093 δέ
2640 2043 2706 2113 τῇ
2761 2041 2894 2108 ἁγίᾳ
2942 2041 3035 2094 καὶ
3083 2041 3293 2112 μεγάλῃ
3352 2041 3779 2114 Τεσσαρακοστῇ

2215 2132 2621 2204 μονοσιτοῦμεν,
2653 2133 2790 2203 πλὴν
2823 2133 3099 2187 Σαόὸάτου
3129 2134 3223 2187 καὶ
3251 2133 3536 2203 Κυριακῆς
3555 2151 3570 2165 ·
3606 2135 3783 2188 ἐσθίο-

2215 2243 2312 2296 μεν
2340 2226 2396 2297 δέ
2425 2229 2490 2296 τῇ
2515 2227 2711 2297 πρώτῃ
2733 2226 2827 2280 καὶ
2853 2229 2919 2298 τῇ
2952 2227 3092 2299 μέσῃ
3117 2228 3371 2298 ὲὸδομάδι
3402 2227 3780 2297 μονοτρόπως,

2211 2319 2379 2388 ἧγουν
2411 2317 2558 2386 φάϐα
2589 2316 2825 2382 ἐξεστὺν,
2853 2320 2948 2372 καὶ
2973 2319 3207 2390 ἀλμαίαν
3240 2321 3410 2389 χωρὶς
3447 2319 3651 2383 ἐλαίου,
3685 2321 3782 2372 καὶ

2215 2410 2434 2480 ίσχάδας
2490 2396 2597 2466 ἀνά
2633 2417 2694 2476 ε’,
2747 2412 2842 2464 καὶ
2873 2412 2922 2463 εί
2966 2411 3120 2482 τύχοι
3153 2411 3430 2474 κάστανα,
3483 2410 3581 2463 καὶ
3624 2411 3784 2464 ἀπίε-

2213 2501 2343 2570 φθα,
2375 2503 2469 2554 καὶ
2497 2501 2821 2572 δαμασκηνά
2843 2519 2854 2532 ·
2885 2506 2951 2572 τῇ
2986 2503 3042 2556 δέ
3075 2502 3118 2572 β’
3145 2502 3419 2572 ἑϐδομαδι,
3451 2503 3549 2556 καὶ
3582 2502 3652 2571 γ’,
3686 2506 3784 2559 καὶ

2241 2588 2253 2606 υ
2859 2589 2882 2606 ,ο
3379 2595 3398 2619 ι
3569 2595 3581 2609 .

2212 2605 2274 2653 ε,
2316 2591 2409 2642 καὶ
2437 2596 2490 2656 ς’
2538 2590 2789 2660 ἐσθίομεν
2827 2608 3032 2654 ουτως·
3091 2591 3326 2655 κόκκους
3375 2593 3650 2658 εξεστους,
3687 2596 3784 2648 καὶ

2212 2680 2448 2751 ἁλμαίαν
2477 2683 2558 2744 είς
2591 2683 2659 2737 τά
2709 2682 3026 2736 σκουτέλλια
3049 2722 3064 2747 ,
3095 2683 3190 2736 καὶ
3237 2683 3526 2753 μαγειρίαν
3557 2685 3784 2756 ὄσπριον

2216 2773 2355 2841 με.τά
2400 2772 2595 2845 καρίου
2625 2774 2880 2845 τραποῦ*
2911 2773 3132 2844 ὀπώρας
3161 2775 3216 2828 δὲ
3247 2774 3279 2844 ἢ
3311 2774 3532 2844 ἰσχάδας
3559 2779 3617 2828 ἐν
3653 2775 3787 2829 ratio

2213 2881 2335 2928 ταις
2364 2865 2426 2918 οὐ
2457 2867 2741 2937 τρώγομεν
2761 2881 2776 2896 ⁸
2805 2867 2986 2920 πᾶσαν
3010 2865 3185 2936 δὲτὴν
3212 2865 3375 2933 ἁγίαν
3409 2864 3461 2934 μ’
3511 2865 3782 2936 εὔκρατον

2219 2956 2470 3024 πίνομεν,
2496 2957 2663 3025 χωρὶς
2701 2954 2809 3008 τῶν
2838 2955 3210 3008 ἀσθενούντων
3239 2954 3271 3025 ἢ
3304 2954 3598 3025 γερόντωνο
3628 2955 3688 3006 τὸ
3725 2954 3785 3007 δὲ

2216 3043 2482 3114 εὔκρατον
2533 3044 2849 3097 συνίσταται
2883 3043 2947 3097 ἐκ
2988 3061 3048 3107 τε
3102 3044 3379 3115 πιπέρεως
3424 3045 3519 3098 καὶ
3553 3046 3784 3112 κυμίνου

539 3154 604 3191 cz
629 3138 835 3207 pipere,
864 3138 1084 3192 cumino
1108 3175 1124 3201 ,
1172 3145 1228 3190 et
1278 3138 1434 3192 auiso
1462 3139 1660 3193 calido.
1693 3138 1870 3194 Feriis
1902 3141 2109 3194 sanctis

2220 3136 2310 3186 καὶ
2342 3134 2525 3186 ἀνίσου
2557 3135 2760 3205 θερμοῦ
2793 3135 2926 3206 (47).
2953 3135 3032 3205 Τῇ
3064 3135 3122 3188 δέ
3173 3136 3306 3206 ἁγίᾳ
3343 3136 3408 3205 β’,
3455 3137 3550 3188 καὶ
3599 3136 3785 3210 τρίτῃ,

539 3229 803 3294 secunda,
833 3228 1014 3293 tertia,
1048 3237 1264 3298 quarta,
1292 3238 1345 3282 et
1367 3228 1576 3298 quinta,
1603 3238 1657 3284 et
1689 3239 1840 3284 sexta
1865 3231 1971 3285 cibl
1999 3230 2110 3300 pri-

538 3333 646 3374 ma
685 3319 849 3388 hujus
884 3317 1238 3374 hebdomade
1274 3317 1618 3372 adhibentur.
1646 3317 1896 3373 Attamen
1923 3326 2111 3372 sancta

542 3410 684 3465 feria
724 3411 912 3481 quinta
944 3425 1114 3464 unum
1148 3409 1416 3466 ferculum
1449 3409 1790 3465 comedimus
1813 3450 1827 3475 ,
1861 3409 2110 3477 legumen

540 3498 754 3556 scilicet
775 3514 901 3554 cum
927 3513 1068 3553 nuce
1101 3497 1294 3565 fracta,
1319 3508 1374 3554 et
1396 3506 1580 3555 coctas
1610 3497 1786 3562 fabas,
1802 3507 1855 3554 et
1891 3499 2111 3554 mistum

537 3589 797 3644 bibimus.
833 3588 1072 3643 Sabbato
1109 3597 1288 3644 autem
1321 3598 1510 3644 sancto
1541 3591 1674 3645 hora
1705 3589 1993 3645 undecima
2027 3591 2113 3645 in-

538 3680 668 3747 cipit
714 3678 1047 3749 lychnieum,
1078 3695 1188 3749 quo
1226 3679 1493 3744 absoluto,
1527 3696 1743 3737 caseum
1773 3681 2112 3737 comedimus

538 3781 592 3826 et
622 3771 800 3841 pisces
821 3779 876 3826 et
900 3786 1024 3838 ova,
1052 3787 1116 3827 ac
1157 3772 1395 3828 bibimus
1435 3782 1538 3828 ter.

970 3886 1043 3940 De
1075 3887 1209 3954 festo
1233 3886 1691 3941 Annuntiationis.

610 3980 702 4034 3i.
726 3979 869 4034 llora
897 3987 1048 4033 sexta
1067 3978 1132 4033 ad
1172 3979 1300 4048 ligni
1330 3979 1545 4048 pulsum
1559 3977 1912 4035 convenimus
1933 3980 1999 4034 ad
2021 3996 2110 4036 sa-

539 4074 733 4127 cellum
768 4073 1074 4143 purissimae
1105 4071 1197 4125 Dei
1245 4070 1472 4136 Matris,
1516 4081 1574 4125 et
1630 4081 1807 4140 coepto
1835 4071 2106 4142 chhnico,

541 4175 789 4236 perstant
811 4164 921 4220 illic
959 4163 1115 4234 pauci
1160 4164 1356 4217 fratres
1389 4162 1460 4217 ob
1491 4161 1621 4217 illud
1646 4162 2055 4232 persolvendum
2090 4183 2104 4220 :

541 4254 739 4324 reliqui
775 4255 984 4309 faciunt
1022 4252 1450 4322 processionem,
1488 4259 1544 4306 et
1579 4253 1965 4307 monasterium
1997 4255 2109 4308 eir-

543 4348 981 4402 cumambientes
1013 4347 1264 4412 veniunt,
1302 4346 1349 4400 si
1381 4355 1467 4400 est
1509 4347 1765 4401 introitus
1791 4356 1844 4401 et
1889 4347 2109 4416 liturgia

540 4442 800 4508 perfecta.
845 4439 1001 4496 Tunc
1038 4440 1310 4494 vescimur
1337 4440 1582 4512 piscibus
1609 4451 1663 4496 et
1696 4441 1839 4508 oleo,
1871 4451 1924 4497 et
1967 4443 2109 4497 bibi-

542 4550 664 4587 mus
695 4544 797 4589 ιον.

613 4625 704 4680 32.
743 4623 799 4679 In
832 4625 1008 4680 media
1044 4623 1383 4680 hebdomada
1419 4635 1736 4680 sanctorum
1777 4624 2108 4694 jejuniorum

541 4728 666 4788 post
695 4733 894 4771 nonam
912 4724 1205 4784 cantatam,
1233 4716 1560 4788 proponitur
1583 4716 1858 4772 viviﬁcum
1880 4716 2108 4786 lignum,

544 4818 600 4860 et
629 4821 822 4860 omnes
850 4805 1166 4860 adoramus.

2216 3227 2310 3278 καὶ
2350 3226 2415 3290 δ’,
2447 3225 2540 3280 καὶ
2567 3233 2630 3293 ε’,
2683 3228 2778 3280 καὶ
2805 3226 2882 3294 ς’,
2909 3227 2980 3280 τά
3023 3225 3291 3299 βρώματα
3316 3228 3517 3296 ταύτης
3559 3227 3787 3299 πρώτης

2216 3317 2506 3388 ἑϐδομάδος
2534 3319 2856 3374 πίπτουσιν·
2893 3323 2962 3391 τῇ
2992 3319 3048 3373 δὲ
3093 3320 3225 3391 ἁγία
3269 3327 3309 3372 ε’
3356 3319 3611 3386 ἐσθίομεν
3656 3321 3788 3388 μίαν

2219 3410 2515 3480 μαγειρίαν
2549 3411 2775 3482 ὄσπριον
2809 3411 2948 3480 μετὰ
2974 3411 3180 3482 καρύου
3206 3410 3458 3481 τριπτοῦ,
3491 3411 3590 3462 καὶ
3621 3412 3790 3474 ζεστά

2217 3503 2412 3556 κουκίὰ.
2431 3520 2446 3534 ·
2481 3503 2706 3573 πίνομεν
2747 3504 2804 3556 δέ
2829 3503 2922 3555 καὶ
2949 3503 3085 3572 πρὸς
3117 3501 3372 3574 ἐνκρασιν
3391 3517 3405 3531 ³
3441 3501 3519 3572 τῷ
3549 3502 3607 3554 δὲ
3648 3505 3788 3576 ἁγίῳ

2216 3595 2481 3649 Σαόϐάτω
2523 3595 2644 3666 ὥρᾳ.
2691 3595 2949 3666 ἑνδεκάτῃ
3001 3595 3225 3664 ἄρχεται
3255 3594 3315 3647 τὸ
3360 3594 3613 3664 λυχνικόν
3638 3612 3651 3625 ’
3693 3593 3789 3650 καὶ

2214 3689 2347 3739 ὅπου
2381 3686 2544 3739 σώσει
2571 3688 2605 3756 ἡ
2635 3687 2916 3751 ἀπόλυσις,
2949 3686 3201 3756 ἐσθίομεν
3230 3686 3286 3739 δέ
3322 3687 3484 3757 τυρὸν
3510 3691 3606 3741 καὶ
3631 3688 3785 3758 ἰχθῦς

2216 3777 2311 3829 καὶ
2340 3776 2424 3829 ὠά
2444 3790 2458 3805 ⁸
2480 3777 2576 3830 κα)⁸
2601 3775 2830 3844 πίνομεν
2859 3773 2962 3827 ἀνά
2989 3774 3061 3842 γ’.

2619 3888 2761 3957 Περὶ
2787 3888 2894 3942 τοῦ
2916 3887 3373 3958 εὐαγγελισμοῦ.

2281 3977 2381 4033 λα’.
2426 3980 2630 4032 ’Ῑστεον
2661 3979 2737 4042 ὡς
2770 3977 2887 4048 ὥρᾳ
2918 3983 2970 4043 ς’
3009 3977 3104 4030 τοῦ
3142 3963 3300 4044 ξύλου
3332 3976 3622 4049 κρούοντος
3658 3995 3784 4032 συν-

2213 4071 2461 4141 αγόμεθα
2506 4071 2586 4134 εἰς
2634 4071 2726 4124 τὸν
2759 4066 2904 4124 οἷκον
2957 4072 3055 4141 τῆς
3087 4069 3466 4140 παναχράντου
3515 4070 3783 4124 Θεοτόκου

2212 4163 2306 4217 καὶ
2339 4162 2645 4234 ἀρξαμένου
2700 4161 2795 4215 τοῦ
2839 4161 3128 4231 λυχνικοῦ,
3178 4160 3423 4213 ἵστανται
3460 4160 3580 4212 ἐκεῖ
3609 4160 3782 4228 ὀλίγοι

2213 4256 2432 4325 ἀδελφοὶ
2455 4253 2799 4318 ἐκτελοῦντες
2825 4253 2959 4317 αὑτό
2978 4270 2991 4283 ο
3017 4255 3064 4306 ol.
3093 4253 3150 4306 δὲ
3180 4251 3356 4304 λοιποὶ
3384 4252 3672 4321 ἐπαίρουσι
3699 4252 3781 4305 λι-

2214 4349 2332 4419 τὴν,
2355 4349 2449 4401 καὶ
2470 4347 2998 4419 περικυκλεύααντες
3029 4350 3087 4398 τὸ
3117 4346 3479 4416 μοναστήριον
3504 4345 3780 4416 ἔρχονται,

2215 4445 2262 4494 εί
2298 4441 2518 4503 εἴσοδος,
2550 4441 2643 4493 καὶ
2672 4439 2982 4505 λειτουργία
3012 4438 3194 4489 τελεία
3214 4452 3229 4466 ο
3269 4436 3523 4506 ἐσθίομεν
3558 4439 3618 4490 δὲ
3655 4439 3780 4491 τότε

2138 4517 2183 4572 Ῑ)
2217 4533 2403 4605 ἰχθύας
2437 4533 2528 4585 καὶ
2556 4531 2752 4596 ἔλαιον,
2778 4531 2874 4583 καὶ
2903 4529 3130 4599 πίνομεν
3154 4528 3258 4583 ἀνά
3281 4527 3352 4597 γ’.

2280 4625 2379 4695 λβ¹.
2420 4623 2542 4696 Χρὴ
2588 4621 2880 4690 γινώσκειν
2932 4622 3015 4675 ὅτι
3063 4624 3130 4692 τῇ
3168 4621 3308 4692 μέσῃ
3359 4620 3613 4690 ἑϐδομάδι
3666 4623 3779 4674 τῶν

2211 4723 2382 4788 ἁγίων
2399 4718 2683 4789 νηστειῶν,
2699 4717 3045 4791 καθεκὰστην
3067 4717 3204 4787 μετὰ
3220 4715 3280 4768 τὸ
3303 4715 3574 4785 ψαλθῆναι
3591 4716 3692 4786 τὴν
3709 4715 3776 4780 θ’,

2213 4814 2526 4886 προτίθεται
2568 4811 2631 4864 τὸ
2683 4810 2944 4874 ζωοποιδν
2996 4809 3172 4874 ξύλον,
3217 4811 3313 4862 καί⁵
3362 4808 3781 4880 προσκυνοῦμεν

2212 4906 2414 4967 πάντες
2441 4904 2576 4973 (48).

2037 5015 2266 5072 NOTAE.

614 5105 725 5173 (Mi)
758 5105 1554 5177 Deqnadragesimalijejunio,
1581 5107 1639 5160 δ.
1666 5107 1894 5176 Philippi
1919 5108 2106 5177 appel-

547 5180 664 5238 lati,
702 5175 844 5244 quod
899 5177 1036 5229 idem
1072 5175 1171 5229 est
1220 5192 1282 5229 ac
1322 5178 1593 5244 jejunium
1636 5175 2106 5239 natalis’Douiini,

545 5252 750 5318 legatur
791 5246 1114 5318 Anastasius
1156 5245 1469 5318 Siiiaitaiu
1515 5247 1777 5314 Opusculo
1821 5247 1897 5300 De
1940 5247 2106 5318 tribus

546 5316 995 5385 Quadragesimis,
1051 5317 1191 5384 apud
1246 5316 1571 5386 Cotelerium
1613 5333 1774 5386 opere
1809 5319 1901 5371 cit.
1936 5328 1973 5371 t.
2017 5316 2105 5379 Ill,

543 5405 597 5458 ν.
636 5384 1121 5440 £5U.Credehatur
1148 5387 1292 5438 enim
1321 5384 1555 5458 Philippi
1582 5384 1814 5457 apostoli
1850 5389 2106 5441 mandato

543 5460 872 5513 iustituttuu.

616 5529 728 5590 (47)
751 5527 914 5578 Aliter
945 5525 1190 5592 loquitur
1219 5527 1283 5579 de
1304 5530 1465 5582 misto
1491 5527 1792 5581 monastico
1815 5527 2108 5580 Martenius

547 5603 598 5654 in
619 5597 832 5650 Comm.
863 5597 927 5648 ad
960 5594 1087 5663 Reg.
1111 5596 1165 5647 S.
1196 5595 1349 5662 Ben.,
1381 5616 1430 5661 ν.
1462 5600 1585 5652 493.
1618 5600 1720 5650 Sed
1747 5599 1883 5650 idem
1914 5597 2108 5650 Marle-

548 5684 670 5724 mus
702 5668 870 5737 magis
910 5669 1161 5733 congruit
1194 5683 1314 5719 cuni
1343 5670 1564 5732 (inm-is,
1591 5685 1642 5737 p.
1669 5668 1790 5720 657.

621 5739 730 5803 (t8)
770 5736 841 5788 lle
886 5737 988 5789 hoc
1039 5739 1141 5787 ritu
1189 5738 1508 5807 Eutliymius
1542 5736 1926 5806 Neopatrensis
1966 5737 2107 5803 apud

551 5815 706 5868 Allat.
761 5822 847 5874 op.
909 5808 998 5860 cit.
1068 5808 1219 5860 H38.
1252 5808 1436 5865 Exstat
1467 5810 1624 5863 etiam
1657 5807 1881 5862 Studita:
1933 5810 2105 5862 nostri

2216 5124 2398 5163 sermo
2423 5108 2488 5161 de
2528 5107 2628 5160 hac
2665 5103 2845 5161 crucis
2874 5101 3190 5160 adoratione
3217 5102 3270 5155 in
3307 5103 3479 5156 media
3525 5103 3780 5168 Quadra-

2216 5180 2443 5246 gesima.
2478 5177 2531 5229 In
2557 5178 2774 5230 basilica
2803 5175 2967 5246 etiam
2995 5172 3290 5246 Vaticana,
3344 5174 3445 5246 hoc
3477 5173 3598 5246 ipso
3643 5185 3783 5226 tem-

2213 5242 2366 5318 pore,
2397 5263 2543 5318 cruat,
2576 5247 2673 5315 piol
2704 5243 3080 5318 frequentique
3113 5243 3312 5318 ponqu
3340 5242 3619 5318 adoranda
3650 5259 3778 5309 pro-

2253 5322 2452 5371 ouitur.
2509 5313 2589 5370 Et
2622 5317 2839 5384 quidem
2893 5315 2958 5367 de
3007 5313 3564 5384 crucisradoratioue,
3607 5329 3774 5381 quam

2239 5388 2556 5442 conomaehi
2587 5383 2749 5440 etiam
2787 5384 3163 5452 retinuerunt,
3202 5383 3410 5452 legatur
3438 5383 3489 5434 in
3512 5383 3639 5452 ihoe
3675 5399 3776 5434 no-

2216 5467 2331 5512 stro
2358 5458 2626 5510 volumine
2658 5471 2884 5521 magnus
2933 5450 3274 5521 Nicephorius
3318 5452 3436 5522 adv.
3497 5451 3778 5522 Coprony-

2215 5544 2362 5582 mum
2398 5527 2629 5580 antirrh.
2660 5525 2744 5588 Ill,
2779 5525 2847 5577 55
2871 5529 2923 5574 et
2949 5539 3098 5590 seqq.
3135 5522 3372 5574 Plurima
3403 5521 3470 5573 de
3495 5523 3599 5575 hoc
3622 5521 3770 5576 cultu

2215 5598 2552 5651 coacervavit
2582 5599 2826 5649 eruditus
2885 5596 3182 5646 monachus
3213 5590 3454 5643 Leander
3484 5590 3774 5646 Correrius

2218 5663 2286 5722 de
2327 5664 2966 5733 Sessorianispraecipuis
3001 5663 3273 5728 passionis
3298 5661 3358 5712 ι).
3387 5659 3611 5733 Νίκα.
3642 5665 3772 5714 reli-

2217 5740 2359 5808 quiis
2409 5748 2545 5804 part.
2585 5738 2646 5799 ll,
2680 5730 2733 5808 8,
2766 5736 2859 5808 qui
2897 5734 3119 5808 _uti|itct'_
3165 5733 3386 5808 legetur.
3443 5730 3556 5808 Sed
3597 5732 3776 5808 instar

2220 5802 2460 5864 omnium
2512 5820 2637 5862 sunt
2681 5802 3122 5861 JacobiC-retseri
3176 5803 3242 5855 de
3268 5816 3429 5855 cruce
3476 5802 3776 5857 volumina.
