3966 6518
253 461 385 523 1717

464 570 601 636 Περὶ
631 566 734 636 τῆς
761 567 830 620 ἐν
857 565 1183 631 διακονίαις
1208 565 1610 634 συμμετρίαις.

323 661 427 730 λγ’.
468 662 588 731 Χρὴ
617 659 910 728 γινώσκειν
938 659 1020 712 ὅτι
1045 660 1111 727 τῇ
1140 657 1274 726 ἁγίᾳ
1304 656 1515 726 μεγάλῃ
1544 671 1817 723 τεσσαρα-

255 757 448 824 κοστῇ,
478 753 614 822 μετὰ
645 753 704 806 τὸ
728 752 926 820 ψάλλαι
949 751 1096 820 ἡμᾶς
1124 751 1224 818 τὴν
1255 756 1302 802 α’
1326 748 1492 818 ὥραν,
1531 748 1683 817 ἡλίου
1719 747 1819 817 ἤδη

258 846 590 915 ἀνίσχοντος,
620 844 916 913 ἀπέρχεται
946 842 1174 902 ἕκαστος
1202 842 1282 902 εἰς
1309 840 1407 908 τὴν
1439 837 1602 892 αὐτοῦ
1641 838 1821 890 διακο-

255 940 404 990 νίαν⁸
460 937 770 1008 στιχολογία
813 935 870 987 δὲ
917 934 1125 1000 γίνεται
1155 932 1247 984 τοῦ
1276 931 1548 1002 ψαλτῆρος
1598 931 1720 983 ὅλου
1764 930 1823 983 ὲν

255 1026 470 1089 αὐταῖς,
521 1025 661 1093 πλὴν
696 1023 800 1075 τῶν
851 1020 1265 1090 καλλιγραφῶν’
1311 1020 1580 1089 κάμνουσί
1622 1036 1682 1071 τε
1720 1018 1824 1080 ἕως

256 1118 357 1185 τῆς
385 1117 450 1169 θ’.
497 1114 651 1170 Μετά
679 1114 734 1166 δὲ
777 1113 838 1165 τὸ
864 1112 1116 1182 λυχνικὸν
1151 1111 1351 1180 ψάλλαι
1376 1112 1544 1181 ἡμᾶς,
1575 1111 1670 1163 καὶ
1715 1109 1824 1169 85:..-

255 1207 470 1270 πνίσαι,
504 1205 692 1269 ίδιάξει
715 1205 944 1266 ἕκαστος
967 1204 1042 1266 ὡς
1069 1203 1338 1273 βούλεται.
1381 1203 1467 1254 Ἐν
1493 1201 1549 1254 δὲ
1580 1204 1699 1264 ταῖς
1722 1201 1825 1252 λοι·

257 1304 390 1363 παῖς
417 1299 511 1354 τοῦ
550 1296 798 1353 ἐνιαυτοῦ
842 1297 1076 1368 ἡμέραις
1103 1335 1118 1360 ,
1159 1296 1248 1348 ὅτε
1301 1295 1398 1365 μὲν
1446 1295 1505 1347 οὐ
1554 1294 1826 1363 ψάλλομεν

257 1392 428 1461 ὧρας,
456 1389 642 1459 κρούει
671 1388 748 1458 τῷ
775 1387 919 1458 πρωϊ
948 1393 1019 1456 γ’,
1053 1388 1148 1440 καὶ
1171 1387 1468 1455 ἀπέρχεται
1493 1385 1720 1447 ἕκαστος
1746 1384 1826 1446 είς

253 1483 356 1550 τὴν
397 1479 592 1536 ἑαυτοῦ
638 1478 937 1537 διακονίαν,
973 1477 1068 1530 καὶ
1101 1477 1310 1545 ὲνεργεί
1343 1475 1534 1544 μέχρις
1578 1474 1823 1543 ἀρίστου.

257 1573 418 1628 Μετὰ
443 1572 499 1624 δὲ
534 1569 736 1640 βρῶσιν
770 1567 960 1630 ἰδιάζει
1007 1567 1234 1628 ἕκαστος
1275 1567 1348 1628 ὡς
1397 1565 1676 1635 βούλεται,
1717 1564 1826 1617 εἴτε

262 1665 507 1735 μελετῶν
532 1663 666 1731 (49),
693 1662 803 1713 εἴτε
835 1657 1174 1729 κοιμώμενος
1202 1657 1308 1719 ἕως
1335 1656 1480 1728 ὥρας
1507 1661 1556 1725 η’
1575 1672 1589 1687 ⁹
1615 1658 1680 1726 τῇ
1707 1654 1762 1706 δὲ
1779 1661 1826 1724 η’

261 1754 451 1826 κρούει
496 1754 555 1806 τὸ
599 1752 756 1818 ξύλον
802 1751 872 1818 γ’,
918 1752 1009 1802 καὶ
1056 1749 1218 1802 πάλιν
1268 1748 1572 1818 ἀπέρχεται
1617 1747 1696 1809 εἰς
1728 1746 1828 1815 τὴν

260 1844 460 1897 ἑαυτοῦ
489 1842 761 1896 διακονίαν
786 1841 1018 1900 ἕκαστος
1053 1839 1157 1900 ἕως
1185 1837 1280 1890 τοῦ
1309 1837 1583 1907 λυχνικοῦ.
1606 1838 1734 1889 Ὅτε
1771 1835 1827 1886 δὲ

1429 456 1488 514 5ο
1522 454 1910 517 THEODORI
1959 455 2301 516 STUDlTrE

3353 455 3486 523 1718

2292 565 2369 620 De
2399 576 2534 620 recto
2565 568 2619 620 in
2645 566 2874 635 ofﬁcinis
2913 567 3115 621 ordine.

1997 658 2084 711 ’53.
2136 656 2190 710 ln
2224 669 2410 712 sancta
2456 673 2649 727 magna
2680 657 3103 727 Quadragcsima
3127 698 3142 722 ,
3202 671 3487 727 postquam

1927 745 2117 800 boram
2150 748 2379 816 primam
2410 748 2771 812 cantavimus,
2809 748 2923 801 sole
2962 747 3076 816 jam
3117 748 3344 812 oriente,
3369 764 3492 818 per-

1929 840 2004 904 git
2052 839 2425 909 unusquisque
2480 840 2547 893 ad
2593 840 2863 908 propriam
2920 839 3214 902 olliciham,
3296 841 3493 894 recita—

1930 939 2128 1000 turque
2152 931 2206 984 in
2241 931 2320 985 eis
2345 930 2660 1000 psalterium
2687 939 2881 995 totum,
2909 940 3104 999 printer
3131 945 3296 997 quam
3332 947 3361 984 a
3383 932 3495 984 cal-

1931 1022 2209 1091 ligrapbis.
2264 1021 2539 1076 Laborant
2593 1037 2721 1076 vero
2761 1037 2934 1089 usque
2983 1022 3050 1076 ad
3105 1036 3326 1075 nonam.
3371 1020 3492 1076 Jam

1929 1123 2215 1183 postquam
2267 1111 2573 1181 lychnicnm
2621 1113 2982 1173 eantavimus,
3029 1123 3083 1167 ct
3134 1113 3494 1176 ccenavimus,

1933 1205 2313 1273 unusquisque
2344 1203 2448 1258 sibi
2480 1214 2638 1257 vacat
2687 1218 2786 1272 pro
2826 1203 3000 1258 libito.
3045 1203 3266 1258 Caeteris
3313 1215 3496 1258 tamen

1934 1297 2062 1348 anni
2089 1295 2303 1354 diebus,
2335 1308 2461 1346 cum
2495 1293 2659 1346 horas
2694 1307 2800 1345 non
2833 1291 3101 1356 canimus,
3133 1290 3267 1344 fiunt
3306 1290 3498 1359 pulsus

1933 1398 2094 1438 mane
2119 1392 2248 1446 tres,
2272 1389 2325 1436 et
2343 1382 2720 1450 unusquisque
2737 1381 2909 1451 pergit
2927 1381 2992 1435 ad
3020 1396 3176 1435 suam
3202 1380 3497 1442 oﬂicinam,

1933 1483 1988 1527 et
2013 1487 2185 1542 usque
2207 1472 2274 1526 ad
2301 1473 2587 1542 prandium
2612 1481 2889 1542 operatur.
2928 1471 3063 1527 Cibo
3091 1486 3330 1541 sumpto,
3387 1472 3502 1527 sin-

1933 1565 2044 1637 guli
2075 1564 2179 1619 sibi
2223 1575 2438 1628 vacant,
2465 1575 2626 1634 prout
2654 1564 2944 1628 voluerint,
2981 1564 3094 1618 sive
3115 1563 3319 1632 aliquid
3345 1578 3500 1617 com-

1933 1666 2279 1718 mentantes,
2327 1657 2443 1712 sive
2498 1656 2872 1712 dormientens
2917 1672 3091 1726 usque
3135 1657 3200 1711 ad
3250 1665 3497 1710 octavam

1934 1749 2123 1803 horam
2155 1770 2167 1804 :
2193 1765 2426 1819 namque
2448 1749 2577 1805 liora
2600 1759 2795 1804 octava
2833 1749 3046 1819 lignum
3112 1750 3363 1816 pulsatur
3394 1757 3498 1811 ter,

1934 1839 2224 1910 denuoque
2277 1841 2452 1910 pergit
2508 1841 2888 1912 unusquisque
2926 1842 2994 1895 ad
3040 1838 3307 1895 ofﬁcinam
3342 1855 3498 1893 suam

259 1935 540 2004 ψάλλομεν
585 1933 755 2004 ὥρας,
807 1929 1122 1991 τελέσαντες
1167 1931 1266 1999 τὴν
1327 1927 1476 1999 ὥραν
1530 1925 1697 1996 πρωῒ,
1728 1928 1831 1978 ἀπ-

1944 1948 2107 2002 usque
2135 1933 2201 1987 ad
2235 1933 2566 2003 lyclinicum.
2595 1931 2701 1988 Sed
2731 1948 2840 2002 quo
2882 1942 3119 2001 tempore
3160 1931 3323 1986 horas
3357 1931 3502 2000 psal-

263 2031 518 2096 έρχονται
543 2025 593 2078 οἱ
621 2022 839 2088 ἀδελφοὶ
881 2022 960 2082 εἰς
996 2019 1095 2083 τὰς
1137 2019 1345 2073 ἑαυτῶν
1373 2018 1648 2080 διακονίας
1670 2057 1684 2079 ,
1724 2017 1830 2075 ἕως

264 2117 420 2185 ὥρας
455 2120 507 2178 ς’
537 2113 856 2184 κάμνοντες,
884 2112 985 2166 κάν
1013 2128 1073 2164 τε
1104 2111 1251 2164 ἐστὶν
1273 2111 1338 2174 θ’,
1371 2111 1473 2164 κάν
1509 2125 1570 2161 τε
1603 2109 1706 2178 μή·
1737 2106 1830 2159 καὶ

267 2207 413 2276 μετά
434 2204 533 2275 τὴν
565 2212 619 2270 ς’
647 2200 929 2275 ἡσυχάζει,
954 2201 1028 2266 ὡς
1053 2203 1272 2274 εἴρηται
1295 2203 1399 2267 ’έως
1432 2203 1531 2272 τῆς
1558 2207 1632 2271 η’.

341 2383 435 2436 λδ’.
465 2381 585 2453 Χρὴ
607 2378 892 2448 γινώσκειν
920 2380 1002 2433 ὅτι
1028 2381 1170 2434 κατὰ
1213 2382 1402 2452 καιρὸν
1424 2383 1526 2453 τῆς
1576 2401 1828 2454 παραμο-

267 2476 368 2544 νῆς
389 2472 490 2539 τῆς
518 2471 804 2540 βαῖοφόρου
829 2471 910 2533 εἰς
946 2470 1006 2523 τὸ
1043 2472 1221 2538 Κύριε
1269 2470 1564 2539 ἐκέκραξα
1583 2512 1598 2535 ,
1630 2473 1827 2527 ἀλλάσ-

269 2578 456 2613 σονται
489 2560 538 2610 οί
569 2557 717 2628 χοροί
742 2573 757 2588 ·
784 2559 879 2611 καὶ
906 2561 952 2610 ol
991 2560 1090 2628 μὲν
1118 2559 1281 2622 δεξιοὶ
1306 2561 1631 2630 ἀπέρχονται
1657 2563 1736 2624 εἰς
1762 2561 1829 2614 τὰ

266 2649 554 2721 ἀριστερὰ,
586 2650 635 2701 οἱ
667 2649 723 2701 δὲ
750 2650 1027 2720 ἀριστεροὶ
1059 2652 1136 2712 εἰς
1169 2653 1234 2702 τὰ
1263 2650 1428 2714 δεξιά.

341 2742 434 2792 λε’.
467 2742 558 2791 Δεῖ
588 2740 876 2807 γινώσκειν
897 2740 975 2791 ὅτι
997 2740 1158 2807 ἡνίκα
1176 2741 1363 2793 κλάσει
1386 2740 1609 2809 ἀδελφὸς
1637 2739 1829 2804 σκεῦος

268 2831 383 2884 εἶτε
410 2829 731 2900 ὀπράκινον
773 2829 885 2882 εἴτε
926 2829 1195 2900 σιδήρεον,
1244 2830 1322 2901 τῷ
1351 2832 1527 2901 καιρῴ
1568 2831 1661 2885 τοῦ
1710 2831 1832 2901 ἀρί-

269 2937 402 2973 στου
432 2919 720 2971 ἐσθιόντων
752 2917 860 2969 τῶν
914 2918 1154 2987 ἀδελφῶν
1205 2921 1535 2990 παρίσταται
1605 2920 1831 2990 πλησίον

265 3012 370 3078 τῆς
400 3010 697 3082 τραπέζης,
747 3009 1048 3079 ἡγουμένου
1090 3011 1188 3081 τὴν
1231 3010 1471 3080 κεφαλὴν
1514 3010 1590 3082 τῷ
1637 3009 1831 3064 ἑαυτοῦ

264 3102 768 3172 ⁶περικαλύπτοντος
797 3101 1149 3172 κουκουλλίῳ,
1173 3102 1268 3155 καὶ
1295 3103 1355 3154 τὸ
1385 3104 1475 3155 ὑπ’
1498 3100 1665 3158 αὐτοῦ
1712 3119 1832 3156 συν-

265 3196 460 3265 τριϐὲν
491 3197 626 3266 μετά
654 3197 863 3266 χεῖρας,
900 3195 1080 3264 φέρων
1111 3196 1190 3258 εἰς
1224 3193 1482 3262 ἐπίδειξιν
1511 3194 1606 3248 τοῦ
1631 3193 1831 3247 οἰκείου

269 3289 612 3359 σφάλματος.

340 3380 450 3444 λς’.
483 3379 602 3448 Χρὴ
661 3376 951 3447 γινώσκειν
1015 3377 1099 3431 ὅτι
1155 3379 1292 3446 μετὰ
1346 3377 1404 3430 τὸ
1456 3379 1834 3451 στιχολογῆσαι

265 3472 418 3540 ἡμᾶς
440 3470 500 3522 τὸ
526 3469 846 3539 ψαλτήριον,
877 3470 958 3532 είς
985 3468 1083 3538 τὴν
1107 3475 1149 3537 γ’
1166 3468 1322 3532 δόξαν
1354 3469 1447 3521 τοῦ
1477 3471 1830 3540 καθίσματος,

267 3559 458 3631 κρούει
491 3561 560 3613 τά
587 3567 635 3627 γ’
671 3563 698 3612 ὀ
724 3561 818 3612 ἐπὶ
842 3559 938 3612 τοῦ
964 3561 1206 3625 κανόνος,
1235 3561 1300 3612 ἵν’
1327 3560 1758 3630 ἐπισυναχθῶσιν
1784 3563 1833 3613 ol

265 3655 329 3706 τὸ
367 3653 666 3721 ψαλτήριον
726 3650 805 3703 ἔτι
863 3649 1243 3718 μανθάνοντες,
1297 3650 1390 3702 τοῦ
1445 3650 1639 3720 ψάλλαι
1690 3653 1835 3721 ἡμᾶς

265 3743 407 3812 ὁμοῦ
431 3741 522 3794 τὸν
548 3743 749 3794 κανόνα
771 3757 785 3772 ⁸
817 3741 925 3793 ἀπὸ
973 3741 1081 3811 γὰρ
1125 3740 1218 3792 τοῦ
1251 3739 1561 3810 ἐξαψάλμου
1587 3742 1835 3812 ἐξέρχον-

266 3852 384 3896 ται,
417 3834 510 3885 καὶ
543 3831 836 3902 μελετῶσιν
868 3831 972 3893 ἕως
1017 3831 1139 3884 τότε
1159 3847 1173 3862 ο
1201 3832 1328 3901 τρία
1351 3832 1407 3884 δὲ
1439 3832 1622 3901 κρούει
1650 3833 1832 3896 πάλιν,

267 3924 367 3976 καὶ
392 3923 473 3985 είς
496 3922 623 3985 τοὺς
639 3922 818 3984 αίνους
835 3959 851 3983 ,
890 3922 980 3973 ὅτε
1003 3921 1186 3990 μέλλει
1212 3922 1514 3993 κατήχησις
1564 3921 1836 3991 ἀναγινώ-

270 4014 502 4070 σκεσθαι
517 4014 611 4066 τοῦ
631 4014 863 4082 μεγάλου
881 4013 1091 4083 Πατρὸς
1107 4013 1199 4066 καὶ
1216 4014 1525 4084 καθηγητοῦ
1539 4015 1833 4086 Θεοδώρου.

341 4105 443 4170 λζ’.
474 4103 594 4174 Χρὴ
625 4103 916 4170 γινώσκειν
947 4105 1027 4156 ὅτι
1055 4105 1112 4156 ὲν
1158 4107 1224 4175 τῇ
1264 4108 1553 4176 παραμονῇ
1587 4107 1695 4158 τῶν
1721 4107 1834 4176 φώ-

269 4216 403 4260 των,
435 4195 573 4269 μετὰ
596 4197 656 4248 τὸ
677 4195 943 4249 ἀπολῦσαι
989 4195 1087 4266 τὴν
1118 4196 1265 4250 Θείαν
1303 4196 1664 4268 λειτουργίαν,
1709 4198 1837 4270 λαμ-

271 4290 511 4357 ϐάνομεν
536 4287 634 4358 τὴν
662 4287 909 4355 εὐλογίαν
930 4305 944 4319 ο
976 4286 1094 4341 εἶτα
1128 4289 1490 4358 διακλυόμεθα
1517 4291 1612 4359 μὲν
1640 4291 1689 4342 οἱ
1718 4309 1834 4344 κοι-

269 4380 639 4447 νωνήσαντες,
669 4379 767 4447 τὴν
796 4378 851 4430 δὲ
881 4378 1130 4446 εὐλογίαν
1159 4379 1258 4431 οὐκ
1282 4379 1530 4450 ἐσθίομεν
1561 4381 1671 4449 (50)
1697 4397 1711 4410 ’
1746 4398 1836 4434 συ-

273 4469 496 4532 στείλας
521 4469 578 4521 δὲ
601 4470 630 4519 ὁ
675 4469 851 4538 ἱερεὺς
884 4469 952 4521 τὰ
983 4470 1171 4538 σκεύη,
1202 4470 1417 4541 ἔρχεται
1467 4474 1547 4535 είς
1590 4473 1658 4526 τὰ
1705 4474 1837 4541 ἅγια

270 4560 459 4628 Θυρία,
496 4559 591 4611 καὶ
616 4561 844 4628 ποιήσας
874 4560 1058 4628 εὐχὴν,
1093 4561 1371 4631 ἐξέρχεται
1391 4563 1529 4631 μετά
1547 4564 1655 4616 τῶν
1677 4565 1832 4618 ἀδελ-

269 4652 390 4719 φῶν
420 4654 498 4715 είς
540 4651 632 4704 τὸν
659 4651 924 4722 λουτῆρα,
963 4652 1177 4719 ψάλλων
1202 4653 1262 4704 τὸ
1292 4654 1390 4706 Ἐν
1429 4654 1693 4724 Ἰορδάνῃ
1726 4659 1840 4722 βα-

269 4745 623 4814 πτιζομένου
649 4761 787 4810 σου,
819 4747 1025 4812 Κυρίεο
1055 4745 1147 4797 καὶ
1182 4746 1370 4799 τούτου
1387 4746 1676 4817 λεγομένου
1689 4751 1836 4816 γίνε-

266 4855 362 4889 ται
380 4836 519 4907 πρὸς
544 4835 636 4888 τοῦ
656 4836 899 4888 διακόνου
925 4836 1057 4905 εὐχὴ
1082 4838 1323 4906 συναπτή
1345 4852 1358 4865 ⁸
1384 4832 1450 4908 ἧς
1475 4840 1833 4910 τελεσθείσης,

267 4929 506 4998 ἄρχεται
549 4929 578 4978 ό
612 4929 788 4997 ἱερεὺς
824 4928 924 4996 τῆς
954 4929 1117 4996 εὐχῆς
1150 4930 1242 4979 τοῦ
1275 4930 1546 4998 ἀγιασμοῦ
1567 4948 1579 4960 °
1614 4934 1748 5001 μετὰ
1779 4934 1835 4987 δὲ

267 5021 336 5071 τὸ
366 5018 694 5088 ἁγιασθῆναι
733 5017 802 5070 τά
848 5017 1036 5080 ὕδατα,
1073 5017 1166 5069 καὶ
1208 5018 1336 5079 τοὺς
1377 5020 1634 5088 ἀδελφοὺς
1664 5023 1842 5089 ῥαντι-

272 5112 498 5179 σθῆναι,
550 5108 810 5177 ψάλλεται
854 5111 1168 5178 τροπάριον⁸
1200 5111 1228 5162 ὁ
1275 5105 1407 5180 ἦχος
1455 5111 1545 5165 πλ.
1569 5112 1631 5176 δ’,
1667 5113 1838 5180 Φωνὴ

267 5204 498 5270 Κυρίου
521 5203 620 5254 ἐπὶ
653 5201 770 5255 τῶν
809 5202 1044 5256 ὑδάτων
1077 5199 1199 5268 βοᾷ
1238 5201 1533 5270 λέγουσα’
1594 5222 1731 5274 στιχ.
1768 5204 1836 5269 α’,

282 5291 349 5342 Ἡ
369 5288 655 5343 θάλασσα
675 5289 803 5342 ἴδεν
824 5290 924 5344 καὶ
951 5291 1195 5359 ἔφυγεν·
1225 5307 1366 5360 στιχ.
1393 5291 1457 5361 β’,
1479 5291 1539 5345 Τί
1554 5307 1651 5347 σοι
1667 5294 1839 5348 ἐστιν

1930 2025 2114 2088 limus,
2141 2025 2392 2079 absoluta
2421 2040 2526 2079 una
2564 2025 2720 2086 liora,
2749 2032 2979 2095 pergunt
3018 2023 3212 2077 fratres
3244 2023 3309 2077 ad
3335 2022 3504 2077 ollici-

1929 2131 2028 2171 nas
2067 2132 2218 2181 suas,
2248 2130 2424 2184 usque
2473 2116 2540 2170 ad
2582 2125 2791 2170 sextam
2845 2115 3179 2180 laborantes,
3205 2114 3319 2169 sive
3359 2116 3502 2169 reci-

1927 2208 2094 2262 tanda
2121 2207 2193 2261 sit
2221 2223 2363 2260 nona
2398 2208 2513 2262 sive
2534 2222 2710 2264 secus.
2742 2206 2807 2262 Et
2830 2218 2952 2277 post
2981 2217 3188 2262 sextam
3220 2206 3377 2277 quies
3396 2214 3501 2271 est,

1927 2312 1985 2354 ut
2013 2301 2274 2362 diximus.
2311 2315 2490 2370 usque
2531 2300 2598 2355 ad
2634 2309 2905 2355 octavam.

1995 2393 2080 2446 54.
2138 2391 2195 2445 In
2223 2390 2529 2446 Palmarum
2565 2392 2864 2462 pervigilio,
2889 2392 2956 2445 ad
2985 2390 3148 2446 verba
3179 2391 3262 2444 Ad
3288 2400 3355 2456 te,
3392 2389 3508 2444 Do—

1927 2485 2088 2549 mine,
2119 2484 2360 2546 clamavi,
2409 2493 2786 2553 permutantur
2834 2484 3009 2548 chori,
3033 2485 3104 2538 ita
3128 2491 3187 2537 ut
3211 2483 3417 2539 dexteri
3448 2481 3502 2536 in

1928 2578 2206 2632 sinistram
2245 2584 2450 2644 partem
2505 2585 2804 2640 transeant,
2833 2575 3042 2631 sinistri
3087 2586 3268 2630 autem
3297 2581 3350 2629 in
3375 2575 3505 2629 dex-

1930 2680 2098 2724 teram
2109 2708 2123 2722 .

1997 2764 2087 2817 55.
2120 2763 2402 2833 Siquando
2447 2763 2660 2834 frangat
2698 2778 2795 2817 vas
2824 2762 2994 2817 frater
3042 2762 3162 2817 sive
3210 2761 3500 2832 figulinum

1931 2855 2048 2909 sive
2101 2854 2362 2922 ferreum,
2415 2857 2628 2926 prandii
2679 2867 2923 2924 tempore
2980 2856 3112 2909 dum
3171 2854 3371 2910 fratres
3410 2871 3503 2906 vc.

1931 2955 2179 3013 scuntur,
2213 2957 2320 3003 stat
2373 2948 2464 3003 ille
2499 2963 2670 3018 prope
2728 2962 2996 3012 mensam,
3026 2947 3224 3002 abbate
3276 2948 3499 3002 interim

1932 3041 2149 3110 caputio
2179 3048 2341 3109 caput
2363 3054 2521 3095 suum
2555 3037 2866 3092 obnubente
2892 3055 2907 3104 ;
2939 3047 2992 3092 et
3008 3053 3104 3092 vas
3133 3053 3163 3094 a
3189 3052 3248 3091 se
3271 3035 3503 3092 fractum

1933 3135 2188 3190 manibus
2209 3132 2450 3204 praefert,
2493 3138 2558 3189 ad
2593 3133 2767 3202 culpze
2789 3148 2902 3188 sua:
2926 3132 3322 3188 ostensionem.

2009 3393 2099 3446 56.
2128 3392 2423 3461 Postquam
2454 3392 2767 3462 psalterium
2797 3392 3172 3459 recitavimus,
3193 3392 3259 3446 ad
3294 3392 3506 3447 tertiam

1941 3484 2284 3539 cathismatis
2304 3484 2551 3554 gloriam,
2583 3493 2666 3539 ter
2687 3486 2866 3553 pulsat
2895 3485 2941 3540 is
2961 3486 3261 3555 quicanoni
3290 3497 3505 3556 praeest,

1943 3584 2003 3627 ut
2036 3576 2365 3630 conveniant
2412 3576 2448 3629 ii
2499 3576 2589 3643 qui
2621 3577 2801 3630 adhuc
2857 3580 3179 3648 psalterium
3232 3583 3505 3648 ediscunt,

1945 3675 2003 3720 ut
2054 3668 2397 3736 conjunctim
2453 3683 2715 3723 canonem
2768 3680 3073 3727 cantemus.
3137 3671 3384 3743 Namque
3435 3675 3507 3728 ab

1945 3760 2294 3828 bexapsalmo
2319 3761 2576 3830 deinceps
2609 3772 2830 3826 exeunt,
2881 3772 2937 3816 et
2967 3779 3142 3834 usque
3181 3766 3248 3819 ad
3294 3767 3344 3819 id
3373 3775 3507 3821 tem-

1943 3869 2044 3920 pus
2072 3853 2332 3920 praedicto
2363 3853 2545 3907 studio
2581 3869 2802 3923 operam
2834 3853 2987 3909 dant.
3017 3854 3140 3909 Mox
3173 3871 3366 3912 rursus
3392 3867 3506 3911 tres

1945 3940 2299 4007 pulsationes,
2330 3951 2386 3996 et
2411 3942 2475 3996 ad
2506 3941 2694 3996 laudes
2729 3943 2974 4012 pergitur
3013 3945 3234 4013 quando
3281 3945 3505 4015 legenda

1942 4039 2025 4084 est
2050 4029 2351 4084 catechesis
2380 4032 2561 4099 magni
2599 4031 2781 4088 Patris
2805 4041 2860 4087 et
2887 4033 3098 4088 abbatis
3126 4033 3420 4091 Theodori.

2012 4117 2104 4172 37.
2136 4117 2196 4171 In
2233 4118 2499 4173 luminum
2532 4121 2836 4188 pervigilio,
2877 4131 2996 4189 post
3031 4124 3302 4191 expletam
3363 4123 3505 4177 divi-

1944 4226 2071 4266 nam
2101 4211 2404 4281 liturgiam,
2441 4213 2879 4268 benedictionem
2924 4214 3225 4283 accipimus
3261 4232 3274 4266 :
3307 4215 3507 4271 deinde

1945 4317 2008 4354 os
2036 4301 2253 4370 quidem
2290 4303 2583 4357 colluimus
2621 4305 2712 4374 qui
2762 4304 3312 4372 communicavimus,
3354 4308 3509 4362 eulo-

1944 4391 2085 4460 giam
2119 4404 2300 4447 tamen
2330 4409 2436 4447 non
2483 4397 2842 4452 comedimus.
2877 4395 3014 4450 Tum
3066 4398 3324 4456 sacerdos
3352 4415 3506 4455 com-

1944 4483 2136 4551 positis
2167 4486 2337 4550 vasis,
2384 4485 2451 4539 ad
2482 4498 2701 4542 sanctas
2749 4489 2967 4556 januas,
3015 4490 3271 4561 dictaque
3319 4511 3506 4564 prece,

1943 4575 2222 4643 egreditur
2283 4591 2407 4631 cum
2462 4577 2723 4635 fratribus
2756 4581 2824 4635 ad
2867 4582 3244 4652 baptisterium
3278 4598 3509 4642 cantans

1947 4667 2114 4721 illud:
2158 4667 2288 4721 Cum
2327 4671 2381 4722 in
2412 4669 2649 4726 Iordane
2672 4673 3044 4743 baptizareris,
3089 4677 3349 4746 Domine;
3399 4696 3508 4750 quo

1945 4760 2111 4818 dicto.
2138 4763 2524 4828 pronuntiatur
2549 4779 2577 4817 a
2610 4764 2842 4819 diacono
2871 4767 3048 4822 oratio
3086 4770 3311 4825 collecta
3345 4789 3359 4824 ι
3398 4789 3508 4841 qua

1947 4847 2117 4913 finita,
2147 4849 2335 4920 incipit
2359 4853 2615 4907 sacerdos
2635 4869 2847 4924 precem
2873 4857 3342 4916 sanctificationis.
3379 4860 3511 4918 Post

1942 4955 2113 5010 aquas
2151 4946 2541 5008 sanctilicatas,
2574 4957 2629 5000 et
2676 4959 2802 5016 post
2843 4963 3096 5016 aspersos
3148 4953 3350 5014 eisdem
3396 4955 3509 5010 fra-

1949 5039 2075 5096 tres,
2108 5035 2322 5088 canitur
2359 5038 2655 5106 troparinm
2687 5047 2815 5094 tono
2857 5041 3081 5111 obliquo
3116 5055 3354 5112 quarto:
3403 5045 3512 5101 Vox

1949 5124 2044 5177 Dei
2076 5143 2234 5195 super
2283 5144 2450 5197 aquas
2489 5130 2686 5182 clamat
2736 5132 2933 5187 dicens.
2990 5132 3214 5189 Stichus
3263 5138 3508 5206 primus:

1946 5215 2095 5270 Mare
2123 5220 2337 5280 vidit,et
2368 5221 2520 5290 fugit.
2553 5220 2774 5278 Stichus
2794 5226 3105 5282 secundus:
3136 5226 3276 5292 Quid
3299 5230 3506 5296 esttibi,

1950 5324 2117 5373 mare,
2150 5314 2290 5379 quod
2324 5312 2509 5382 fugisti
2538 5317 2562 5369 ?
2594 5314 2658 5369 Et
2688 5326 2812 5385 post
2843 5327 2926 5373 ter
2955 5331 3233 5376 cantatum
3270 5323 3374 5379 hoc
3400 5335 3513 5379 tro-

1767 5391 1995 5455 ΝΟΤᾹΞ.

265 5477 677 5534 Celeberrimos
711 5477 836 5532 item
872 5487 956 5533 est
997 5479 1176 5533 crucis
1207 5479 1386 5534 cultus
1441 5481 1493 5535 in
1527 5482 1835 5540 Graecorum

266 5563 329 5602 et
362 5547 752 5615 Orientalium,
797 5550 1172 5619 praecipueque
1224 5550 1607 5620 Armenorum,
1664 5556 1838 5610 cccle-

266 5634 393 5673 SIIS.

350 5688 463 5753 (49)
482 5688 746 5756 Μελετᾷν,
769 5687 1034 5752 meditari,
1061 5706 1156 5759 pro
1173 5691 1402 5759 simplici
1427 5693 1585 5746 etiam
1608 5693 1840 5750 lectione

265 5762 361 5809 vel
395 5761 574 5810 studio
606 5759 807 5812 dictum
843 5760 910 5811 ab
944 5762 1206 5827 antiquis,
1240 5765 1495 5817 observat
1544 5763 1840 5820 Martenius

266 5832 330 5881 in
374 5827 585 5896 Comm.
621 5830 741 5890 cit.,
777 5845 828 5896 p.
863 5829 986 5892 9.59,
1019 5830 1145 5885 251.

351 5896 464 5965 (50)
498 5895 716 5952 Scilicet
744 5895 960 5965 propter
991 5900 1278 5967 jejunium.
1316 5905 1530 5974 Alioqui
1575 5923 1689 5961 mos
1727 5918 1844 5962 erat

1945 5508 2068 5576 post
2121 5501 2588 5576 communionem“
2616 5504 2864 5574 gustandi
2911 5507 3113 5576 aliquid
3157 5524 3220 5562 ex
3262 5508 3507 5565 oblatis;

1945 5573 2182 5651 itemque
2235 5586 2296 5651 os
2340 5573 2884 5651 abluendi,’anctore
2925 5573 3087 5651 etiam
3150 5579 3274 5633 divo
3330 5581 3509 5651 Cliry-

1945 5649 2208 5717 sostomo.
2242 5639 2479 5717 Legatur
2503 5645 2719 5717 isagoge
2770 5647 3016 5715 liturgica
3047 5649 3100 5700 in
3138 5664 3262 5717 opp.
3298 5665 3342 5703 s.
3375 5639 3509 5704 Gr}-

1946 5710 2080 5787 gorii
2112 5709 2214 5764 PP.
2238 5709 2497 5787 ed.'_Ven.
2548 5709 2970 5787 t.‘lX,_cap.iit,
3003 5720 3088 5780 {8,
3129 5709 3188 5787 pf
3212 5709 3346 5774 'l6l.
3407 5721 3512 5773 Eu-

1950 5781 2440 5856 logiiironnvajios
2467 5800 2600 5838 usus
2627 5785 2790 5856 tradit
2825 5781 3379 5856 'MarteniusComtn,
3415 5793 3509 5848 cit.

1948 5850 2011 5902 ad
2050 5847 2180 5918 Reg.
2221 5852 2276 5906 S.
2313 5853 2438 5908 Ben.
2468 5870 2590 5925 cap.
2631 5855 2718 5912 54.
