3966 6482
239 428 369 495 1721

240 701 390 789 DE
467 697 1287 790 CONFESSIONE
1343 699 1490 788 ΕΤ
1571 699 1803 790 PRO

1413 432 1472 490 S.
1511 428 1899 491 THEODORI
1939 428 2284 491 STUDITJE

3332 431 3467 496 1722

1901 700 2455 790 PECCATIS
2523 701 3457 791 SATISFACTIONE

1680 890 2068 956 CANONES.

240 1201 352 1256 Τοῦ
391 1201 565 1254 ὁσίου
603 1200 824 1267 Πατρός
861 1199 1030 1270 ἡμῶν
1055 1201 1155 1268 καὶ
1183 1204 1217 1255 ό
1240 1201 1553 1271 talentm?
1581 1202 1794 1257 Θεοδώ-

303 1289 413 1325 οου
449 1271 854 1325 πρεσϐυτέρου
879 1274 976 1325 καὶ
1002 1220 1337 1325 ήγιουιιίνου
1367 1272 1485 1325 τῶν
1507 1274 1794 1325 Στουδίου

1903 1203 2079 1259 Sancti
2148 1201 2325 1257 Patris
2361 1201 2528 1257 nostri
2563 1209 2610 1255 ct
2632 1201 2944 1270 confessoris
2983 1200 3237 1256 Theodori
3259 1205 3466 1275 presby-

1973 1277 2068 1325 teri
2101 1285 2148 1325 et
2171 1274 2434 1325 nrwnositi
2476 1272 2846 1324 monachorum
2886 1272 3065 1325 Studii
3095 1291 3314 1325 canones
3332 1293 3465 1325 nsu-

297 1289 413 1338 ρου
449 1271 854 1337 πρεσϐυτέρου
879 1274 976 1325 καὶ
1002 1271 1337 1340 ἡγουμένου
1367 1272 1485 1326 τῶν
1507 1274 1795 1327 Στουδίου

305 1341 438 1406 περὶ
478 1341 916 1408 ἑξαγορεύσεως
937 1344 1032 1397 καὶ
1058 1341 1176 1394 τῶν
1207 1344 1428 1408 ταύτης

306 1411 562 1475 κανόνες
590 1411 930 1476 ἐκτεθέντες
963 1412 1096 1479 παρ’
1115 1412 1300 1466 αὑτοῦ
1333 1413 1432 1485 (1).

1463 1342 1800 1400 διαλύσεων

656 1529 725 1576 α’.
743 1523 881 1590 Περὶ
913 1523 1373 1593 ἐξαγορεύσεως.

305 1633 465 1706 [Cor].
501 1643 614 1688 vat.
663 1635 787 1700 840,
829 1635 869 1688 f.
917 1636 1041 1698 195,
1096 1634 1178 1706 1).]
1232 1635 1612 1705 Ἐξαγόρευσίς
1681 1638 1797 1692 ἐστι

230 1726 410 1793 λόγων
439 1727 533 1778 καὶ
560 1725 905 1796 ἐνθυμήσεων
927 1721 1167 1797 αἰσχρῶν
1185 1727 1441 1797 ἁνήδονος
1469 1728 1794 1799 ὑπόμνησις·

231 1815 477 1880 διάλυσις
511 1817 567 1870 δὲ
597 1819 630 1887 ἡ
668 1817 874 1871 τούτων
935 1819 1229 1888 διάκρισις,
1281 1819 1376 1872 ἐπὶ
1425 1819 1634 1890 ἀγαθὴν
1680 1820 1800 1874 ὁδὸν

232 1907 502 1976 ὁδηγοῦσα
530 1911 659 1972 τοὺς
690 1909 1161 1980 προσερχομένους
1181 1927 1194 1940 ⁸
1232 1910 1380 1979 Λέγε
1405 1912 1515 1982 γὰρ
1543 1913 1624 1969 σὺ
1646 1911 1800 1981 πρῶ-

233 2017 338 2062 τος
361 1999 468 2064 τὰς
496 1999 785 2068 ἁμαρτίας
800 2013 916 2053 σου
939 2001 1060 2064 ,ἵνα
1093 1999 1442 2070 δικαιωθῇς’
1475 2004 1584 2072 καὶ
1613 2003 1796 2056 πάλιν·

231 2085 412 2151 Elim,
455 2089 863 2156 Ἐεατορεύσω
898 2089 1014 2156 τὴν
1058 2091 1184 2144 κατ’
1228 2092 1374 2161 ἐμοῦ
1413 2095 1801 2164 ἐγγινομένην

234 2199 358 2250 μου
387 2183 682 2250 ἀμαιτίαν
702 2179 782 2246 τῷ
817 2183 1010 2251 Rupta)
1033 2199 1048 2217 ο
1089 2183 1186 2237 καὶ
1213 2183 1346 2240 ιδοὺ
1377 2185 1656 2253 ἀφείλετο
1689 2185 1799 2236 πάι

229 2289 349 2339 σας
383 2273 488 2338 τὰς
515 2273 800 2342 ἁμαρτίας
825 2291 965 2343 μου.
985 2274 1216 2329 Δύναται
1236 2276 1345 2353 γὰρ
1373 2276 1756 2347 ἐξομολόγησις
1780 2316 1797 2342 ,

229 2368 326 2419 καὶ
361 2365 473 2436 πῦρ
501 2365 718 2419 αἰώνιον
749 2365 1049 2420 ἀποσὸέσαι
1073 2383 1088 2396 ⁸
1120 2368 1216 2421 καὶ
1249 2369 1356 2439 γὰρ
1382 2367 1633 2436 λογισμοὶ
1662 2385 1796 2439 κρυ-

228 2458 514 2527 πτόμενοι,
550 2458 796 2511 τίκτουσι
827 2458 974 2530 πάθη
999 2475 1013 2489 ·
1039 2460 1487 2533 ὲξαγορευόμενοι
1523 2461 1602 2526 δὲ,
1633 2461 1801 2515 θεοει-

1973 1277 2068 1327 teri
2101 1285 2148 1325 ct
2171 1274 2434 1342 prwpositi
2476 1272 2846 1324 monachorum
2886 1272 3065 1328 Studii
3095 1291 3314 1328 canones
3332 1272 3465 1327 usit-

1969 1346 2208 1412 pradicto
2233 1345 2380 1400 editi.

2383 1525 2436 1579 1.
2469 1524 2546 1579 De
2575 1523 2920 1593 confessione.

1964 1637 2249 1693 Confessio
2278 1647 2364 1693 est
2381 1639 2674 1693 verborum
2695 1647 2751 1693 et
2780 1637 3174 1708 cogitationum
3207 1638 3451 1707 turpium

1899 1730 2087 1784 dolens
2151 1730 2461 1800 expositio:
2517 1729 2816 1785 satisfactio
2864 1737 3041 1786 autem
3112 1740 3195 1782 est
3251 1729 3461 1783 illorum

1899 1831 2247 1895 peccatorum
2282 1821 2575 1882 discussio.
2607 1836 2728 1890 quae
2767 1821 2819 1876 in
2865 1821 3064 1874 bonam
3121 1820 3264 1874 viam
3313 1836 3467 1877 acce-

1898 1914 2086 1967 dentes
2117 1913 2345 1968 reducit.
2384 1912 2479 1967 Dic
2511 1924 2566 1966 tn
2589 1915 2736 1982 prior
2766 1923 2980 1982 peccata
3006 1922 3097 1964 tua
3120 1953 3134 1976 ,
3168 1922 3224 1964 ut
3255 1913 3467 1981 justi/i-

1899 2005 2074 2067 ceris‘.
2099 2004 2415 2074 Rursusque
2449 2023 2461 2060 :
2497 2004 2799 2073 Conﬁtebor
2824 2005 3070 2058 adversus
3098 2021 3176 2056 me
3197 2014 3467 2072 peccatum

1899 2113 2069 2150 meum
2126 2097 2371 2151 Domino.
2429 2096 2496 2150 Et
2562 2113 2675 2150 ecce
2733 2097 2950 2150 abstulit
3006 2098 3185 2150 omnia
3255 2107 3467 2164 peccata

1900 2206 2014 2244 mea
2036 2191 2080 2244 ὀ
2109 2190 2295 2244 Potest
2314 2189 2458 2243 enim
2477 2188 2752 2242 confessio
2776 2189 2950 2259 ignem
2971 2203 3186 2256 quoque
3204 2196 3466 2241 mternum

1899 2281 2260 2351 exstinguere.
2290 2278 2356 2332 Et
2377 2280 2593 2334 silentio
2620 2279 2836 2350 quidem
2862 2294 3061 2348 pressae
3108 2279 3467 2348 cogitationes

1899 2372 2093 2442 culpas
2121 2372 2344 2441 pariunt
2371 2389 2385 2426 :
2417 2387 2554 2442 quas
2573 2373 2617 2426 si
2649 2371 2886 2427 confessi
2924 2371 3193 2426 fuerimus
3225 2372 3465 2425 divinam

1900 2466 2360 2536 pulchritudinem
2403 2465 2760 2531 acquirimus.
2823 2465 3047 2520 Denuda
3123 2465 3280 2520 ulcus
3311 2476 3463 2518 tuum

227 2551 341 2614 δεῖς
382 2551 825 2620 ἀπεργάζονταιο
867 2553 1076 2624 γύμνου
1138 2553 1230 2606 σὺν
1284 2553 1526 2624 μώλωπα
1584 2553 1662 2625 τῷ
1718 2554 1794 2625 σῷ

1903 2556 2103 2610 medico
2132 2572 2146 2608 :
2184 2554 2316 2616 fare,
2349 2568 2524 2622 neque
2545 2552 2836 2608 erubescas
2863 2570 2877 2606 :
2904 2553 3098 2608 accede
3173 2568 3297 2608 cum
3361 2553 3467 2610 ﬁde

231 2639 407 2712 ἱατρῷ
432 2657 445 2670 °
481 2642 621 2703 εἰπὲ,
669 2641 764 2694 καὶ
799 2643 874 2713 μὴ
921 2643 1253 2715 αἰσχυνθῇς·
1298 2643 1562 2717 πρόσελθε
1595 2646 1690 2697 σὺν
1726 2647 1792 2714 τῇ

228 2733 416 2786 πίστει
443 2733 520 2804 τῷ
553 2732 633 2802 σῷ
672 2733 984 2805 ἡγουμένῳ,
1011 2735 1267 2806 ἀπονήρῳ
1297 2735 1578 2806 ἁπλότητι,
1604 2737 1696 2788 καὶ
1719 2736 1795 2799 ὡς

227 2825 294 2877 ὲκ
325 2823 463 2878 Θεοῦ
499 2825 766 2893 στόματος
807 2826 877 2880 τὰ
923 2827 1052 2898 παρ’
1106 2827 1270 2881 αὑτοῦ
1320 2827 1796 2898 συμϐουλευόμενά

228 2935 313 2972 σοι
345 2917 522 2986 δέχου,
559 2920 608 2969 εἰ
639 2919 730 2970 καὶ
760 2919 975 2973 ἐναντία
1009 2920 1086 2992 τῷ
1118 2920 1196 2992 σῷ
1225 2921 1415 2994 σκοπῷ
1441 2922 1512 2974 τὰ
1536 2922 1795 2992 εἰρημένα

224 3010 587 3076 τυγχάνουσιν
609 3024 623 3038 ο
656 3009 704 3060 εἰ
743 3009 837 3061 καὶ
885 3009 960 3080 μὴ
1005 3012 1144 3063 πάνυ
1179 3013 1536 3082 πνευματικοὶ
1561 3014 1608 3065 οἱ
1632 3012 1796 3082 ἡγού-

229 3115 383 3172 μενοι
412 3097 808 3170 καθεστήκασι,
847 3101 922 3171 μὴ
959 3101 1340 3165 σκανδαλίζου·
1375 3103 1436 3155 οὐ
1467 3103 1576 3174 γὰρ
1613 3105 1795 3166 ἄδικος

225 3185 254 3242 ὁ
286 3188 442 3254 Θεὸς,
473 3191 653 3243 πίστει
683 3191 777 3251 καὶ
798 3192 1005 3262 ἀκακία
1029 3193 1207 3262 ψυχὰς
1231 3195 1431 3258 ἑαυτὰς
1455 3196 1798 3248 ταπεινωσά-

229 3295 352 3344 σας,
383 3283 449 3350 τῇ
472 3281 566 3333 τοῦ
601 3281 907 3351 ἡγουμένου
944 3283 1223 3356 συμϐουλῇ
1254 3286 1347 3338 καὶ
1368 3286 1548 3355 κρίσει
1579 3288 1797 3358 ἀπατη-

226 3373 412 3444 θῆναι,
447 3374 554 3428 κᾶν
578 3375 762 3444 ἄλογοι
785 3377 832 3428 oi
857 3377 1229 3446 ἁπατηθέντες
1254 3379 1614 3449 τυγχάνωσιν.

548 3490 614 3558 β’.
656 3491 792 3559 Περὶ
811 3491 1205 3560 μνησικάκων
1235 3475 1477 3559 ita-20.21;.

315 3581 374 3635 '0
413 3582 749 3652 μνησίκακος
774 3585 840 3653 τῇ
864 3581 956 3635 τοῦ
990 3582 1186 3634 Ἰακὼὸ
1212 3583 1434 3652 κλίματι
1458 3584 1536 3654 (2)
1561 3585 1792 3654 προσελ-

225 3670 358 3736 θὼν,
388 3676 456 3745 τῇ
507 3671 602 3725 τοῦ
661 3672 957 3746 κορυφαίου
1009 3673 1216 3744 Πέτρου
1262 3671 1569 3745 ὲκπεσούσῃ
1607 3673 1795 3728 ἁλύσει

223 3765 495 3820 ἐνδέδεται
519 3771 532 3784 ’
559 3765 655 3818 καὶ
684 3765 794 3837 γὰρ
825 3767 1179 3837 μνησικακία,
1209 3765 1381 3836 θυμοῦ
1411 3767 1527 3818 ἐστι
1555 3767 1794 3835 κατάλη-

224 3855 330 3921 ξις,
360 3855 712 3926 δικαιοσύνης
739 3859 914 3928 μῖσος.
955 3857 1116 3909 Κατὰ
1133 3857 1231 3926 μὲν
1253 3857 1379 3920 τοὺς
1406 3857 1516 3910 τῶν
1543 3849 1793 3928 μεγάλὼν
1819 3877 1862 3935 c

223 3945 492 4016 Πατέρων
528 3946 782 4010 κανόνας,
829 3947 887 3999 ὲν
929 3946 1106 4015 τρισὶν
1131 3946 1279 4000 ἔτεσι
1305 3946 1412 4000 τῶν
1437 3948 1793 4018 ἀγιασμάτων

223 4037 516 4108 ᾁπεχέσθω
537 4055 548 4068 ’
585 4041 730 4092 κατὰ
755 4038 812 4091 δὲ
840 4038 967 4101 τοὺς
992 4040 1257 4109 μοναχοὺς
1282 4040 1527 4092 ἐνιαυτὸν
1558 4039 1795 4110 ξηροφα-

223 4129 393 4194 γεξτω
434 4130 494 4182 ἐν
545 4131 612 4199 τῇ
665 4127 785 4200 ὦρᾳ
817 4128 917 4196 τῆς
962 4127 1071 4180 τῶν
1124 4127 1367 4198 ἀδελφῶν
1417 4129 1790 4206 καταλύσεως,

222 4219 396 4278 ⁴ποιῶν
427 4220 712 4290 μετανοίας
753 4220 872 4278 καθ’
904 4218 1117 4289 ἡμέραν
1145 4224 1217 4288 μ’.

667 4339 738 4400 γ’.
778 4331 919 4400 Περὶ
956 4329 1340 4395 stata/iuliae.

294 4416 466 4491 Οἶμαι
489 4421 554 4473 ἐκ
609 4420 796 4489 μίσους
831 4421 921 4472 καὶ
954 4419 1317 4490 μνησικακίας
1335 4419 1435 4488 τὴν
1461 4417 1790 4474 καταλαλιὰν

219 4512 505 4568 τίκτεσθαι
535 4531 549 4544 ·
573 4516 666 4566 καὶ
692 4513 798 4584 γὰρ
846 4512 1146 4565 καταλαλιὰ
1198 4514 1344 4564 ἐστιν
1373 4511 1670 4581 ἁποκῠημα
1701 4511 1792 4580 μί-

222 4622 373 4668 σους,
423 4606 612 4677 βδέλλα
659 4607 899 4676 ἀγάπης,
954 4603 1350 4671 ὲξαφανίζουσα
1401 4605 1495 4658 καὶ
1557 4605 1792 4658 ἐκδαπα-

220 4696 370 4750 νῶσα
406 4693 546 4769 αἷμα
579 4698 790 4770 ψυχῆς·
817 4697 1049 4766 λέγομεν
1076 4695 1133 4748 δὲ
1167 4695 1446 4761 ὡσαύτως,
1496 4696 1642 4749 κατὰ
1691 4699 1790 4765 μὲν

299 4890 316 4923 ¹
347 4889 444 4946 Gr.
476 4886 598 4944 lsai.
625 4905 776 4953 thu,
804 4886 894 4941 9.6.
956 4889 976 4918 ¹
1017 4887 1162 4964 Psal.
1192 4902 1343 4954 xxxi,
1388 4888 1441 4943 5.

1897 2645 1965 2701 ad
1985 2645 2178 2700 ducem
2205 2655 2380 2710 tuum,
2410 2655 2607 2698 etcum
2641 2644 2990 2712 simplicitate
3036 2645 3151 2698 sine
3201 2645 3409 2698 malitia
3445 2690 3460 2714 ,

1895 2747 1950 2790 et
1981 2743 2236 2804 tanquam
2268 2749 2334 2788 ex
2361 2749 2457 2789 ore
2487 2732 2581 2788 Dei
2637 2733 2865 2788 consilia
2900 2733 3018 2801 ejus
3043 2733 3249 2801 excipe,
3270 2744 3468 2801 quam-

1893 2827 1976 2891 vis
2009 2828 2122 2881 haec
2152 2836 2245 2880 tuo
2287 2826 2565 2881 contraria
2615 2825 2896 2896 preposito
2946 2824 3076 2878 sint.
3130 2823 3196 2878 Et
3247 2823 3291 2878 si
3327 2821 3466 2876 forte

1894 2919 2039 2973 haud
2070 2919 2202 2974 satis
2230 2918 2502 2989 spiritales
2551 2919 2839 2972 videantur
2895 2918 3062 2971 duces
3081 2917 3186 2979 tui,
3221 2928 3288 2968 ne
3310 2929 3467 2969 scan-

1894 3011 2147 3065 dalizeris
2184 3028 2196 3063 :
2246 3024 2352 3063 non
2390 3011 2535 3064 enim
2563 3008 2802 3076 injustus
2857 3017 2940 3061 est
2964 3005 3126 3070 Deus,
3159 3015 3220 3059 ut
3251 3006 3466 3072 animas

1895 3117 2016 3170 quae
2044 3115 2103 3156 se
2124 3115 2246 3154 cum
2266 3099 2368 3155 fide
2393 3109 2446 3154 et
2463 3099 2774 3154 sinceritate
2807 3098 3111 3162 humiliant,
3135 3097 3275 3150 sinat
3302 3113 3331 3149 a
3360 3097 3465 3150 du-

1895 3193 1974 3246 cis
2003 3192 2233 3245 consilio
2265 3199 2320 3245 et
2383 3190 2588 3260 judicio
2625 3191 2799 3258 decipi
2832 3207 2847 3254 ;
2899 3197 3177 3257 utcunque
3227 3187 3455 3242 hebetes

1894 3283 2058 3340 sintii
2091 3283 2291 3352 quibus
2329 3281 2478 3337 fraus
2507 3281 2827 3336 intenditur.

1964 3483 2021 3538 2.
2079 3483 2341 3538 Adversus
2373 3484 2695 3552 injuriarum
2728 3497 2980 3537 memores
3013 3482 3299 3537 decretum.

1963 3574 2290 3645 lnjuriarum
2327 3591 2534 3628 memor
2567 3576 2632 3628 ad
2680 3573 2867 3629 Jacobi
2907 3575 3107 3629 scalam
3163 3574 3451 3640 accedens,

1894 3667 2164 3738 coryphazi
2204 3666 2348 3720 Petri
2407 3668 2632 3721 cadente
2692 3674 2878 3721 catena
2948 3667 3203 3736 illigatur.
3248 3649 3464 3736 Quippe

1896 3759 2216 3828 injuriarum
2254 3759 2538 3821 memoria,
2573 3767 2657 3814 est
2686 3759 2778 3813 ira:
2797 3757 3189 3820 habitaculum,
3218 3757 3458 3826 etjusti-

1895 3850 1984 3903 tiae
2015 3847 2404 3903 odium.Juxta
2457 3849 2673 3918 quidem
2727 3864 3045 3918 magnorum
3099 3851 3321 3902 Patrum
3363 3863 3459 3902 ca-

1896 3955 2089 4004 nones,
2136 3939 2301 3994 homo
2335 3939 2610 4008 ejusmodi
2661 3941 2899 3994 triennio
2943 3955 2974 3994 a
3027 3939 3232 3995 sanctis
3298 3938 3463 3994 rebus

1896 4042 2166 4095 arceatur,
2190 4032 2391 4088 Verum
2446 4034 2589 4090 inter
2635 4034 2933 4089 monachos
3002 4047 3145 4087 anno
3215 4048 3324 4086 uno
3369 4047 3464 4086 ve-

1895 4134 2083 4178 scatur
2117 4125 2280 4180 aridis
2308 4125 2438 4179 hora
2470 4140 2577 4196 qua
2624 4125 2817 4180 fratres
2838 4124 3104 4194 jejunium
3128 4123 3369 4186 solvunt,
3405 4131 3463 4179 et

1895 4224 2191 4270 tnetanmas
2220 4217 2462 4284 quotidie
2508 4216 2672 4271 faciat
2697 4215 3075 4287 quadraginta.

2379 4330 2433 4385 5.
2467 4330 2542 4385 De
2587 4332 2975 4385 obtrectatione.

1965 4419 2215 4475 Arbitror
2243 4436 2308 4476 ex
2343 4421 2470 4475 odio
2493 4432 2548 4476 et
2574 4422 2896 4491 injuriarum
2946 4419 3206 4474 memoria
3241 4419 3458 4474 obtrec-

1897 4513 2152 4568 tationem
2216 4516 2380 4583 gigni.
2436 4513 2646 4569 Etenim
2694 4515 3014 4569 obtrectatio
3057 4523 3142 4568 est
3162 4513 3268 4566 odii
3303 4513 3406 4566 lilia
3439 4551 3455 4576 ,

1897 4606 2182 4661 charitatis
2233 4606 2426 4660 hirudo
2457 4623 2578 4677 quae
2607 4607 2803 4661 anima:
2855 4607 3175 4675 sanguinem
3233 4621 3456 4674 prorsus

1894 4700 2190 4755 consumit.
2224 4699 2485 4754 Similiter
2535 4709 2714 4754 autem
2781 4699 3035 4762 dicimus,
3082 4713 3149 4751 ex
3223 4696 3456 4751 aliorum

1703 5064 1950 5122 NOTAE.

287 5245 366 5314 (Ι)
383 5242 461 5296 Ne
481 5242 602 5310 quis
632 5242 767 5296 forte
782 5241 994 5314 dubitet
1013 5241 1080 5295 de
1101 5241 1203 5299 hoc
1220 5239 1390 5314 nostri
1411 5238 1637 5314 Studitze
1658 5252 1796 5314 opn-

219 5310 396 5373 sculo.
424 5329 490 5365 en
520 5314 670 5366 testis
690 5313 897 5366 accedit
927 5312 1088 5364 etiam
1140 5310 1309 5372 codex
1352 5311 1617 5363 Arabicus
1670 5310 1789 5362 Vat.

218 5383 498 5444 CLXXIV,
548 5383 601 5435 in
627 5384 867 5450 catalogo
908 5396 935 5432 a
991 5395 1076 5433 me
1125 5380 1484 5450 imprcssoip.
1522 5379 1665 5450 διδ,
1707 5380 1790 5450 his
1887 5380 2041 5447 plura
2071 5383 2235 5450 verba
2298 5380 2448 5444 facit.

227 5457 434 5509 verbis:
465 5471 482 5502 ι
507 5448 940 5506 Constitutitmes
971 5451 1143 5504 sancti
1183 5450 1360 5503 Patris
1401 5448 1669 5502 Theodori
1692 5449 1788 5500 ah-

219 5521 362 5575 batis
384 5523 693 5575 monasterii
719 5520 916 5581 Studii,
949 5534 1044 5573 seu
1098 5520 1491 5572 monachorum
1545 5518 1786 5571 Studita-

217 5607 365 5647 rum.
392 5595 458 5645 de
485 5593 871 5659 paenitentibus
900 5591 990 5657 qui
1012 5589 1356 5659 deﬂpecratis
1387 5589 1501 5642 suis
1555 5590 1783 5659 occultis

219 5658 568 5722 comitentur,
593 5662 764 5730 deque
793 5658 1171 5730 confessor-iis.
1198 5659 1289 5726 qui
1323 5673 1417 5710 eos
1463 5659 1528 5710 de
1559 5658 1665 5730 illis
1701 5659 1773 5730 in-

221 5740 546 5796 terrogant.»
600 5726 692 5783 Est
721 5740 898 5783 autem
927 5728 1246 5781 hiclihellus
1281 5731 1448 5780 instar
1501 5736 1578 5780 tot
1631 5726 1775 5778 Lati-

222 5815 412 5869 ttprum
438 5804 527 5870 qui
574 5810 786 5856 exstant
845 5809 957 5853 tum
992 5799 1118 5854 editi
1143 5807 1253 5852 tum
1312 5799 1663 5868 manuscripti
1713 5800 1774 5850 de

1893 5241 2032 5294 vitiis
2075 5250 2128 5296 et
2165 5243 2228 5294 de
2249 5242 2550 5296 virtutium.

1961 5311 2140 5379 (9.)De
2164 5312 2601 5392 scalajaeobi
2637 5315 2965 5392 benedictus
3022 5319 3149 5392 Reg.
3207 5337 3327 5391 cap.
3383 5325 3447 5387 7.

2511 5386 2740 5452 plurima
2805 5400 2988 5457 postea
3045 5386 3336 5447 Nartenins
3395 5386 3448 5448 in

1885 5452 2097 5507 Comm.
2139 5449 2283 5504 Nihil
2337 5449 2525 5508 tamen
2574 5457 2640 5509 ad
2689 5449 2832 5512 hunc
2882 5459 3150 5514 Theodori
3209 5464 3383 5516 locum
3428 5482 3440 5518 :

1883 5533 2196 5599 guanquam
2225 5521 2550 5599 Benedictus
2609 5542 2798 5594 reapse
2846 5528 2911 5584 de
2962 5531 3264 5586 humilitate
3296 5536 3444 5599 agit,

1885 5588 2005 5643 hcic
2035 5588 2214 5644 autem
2239 5593 2394 5668 haud
2419 5595 2532 5648 scio
2556 5609 2645 5668 an
2677 5588 2928 5668 superbia
2966 5601 3240 5653 itmnatnr.
3289 5588 3447 5655 Vide;

1882 5668 2112 5783 littrertgo
2141 5661 2323 5729 potius
2358 5665 2703 5732 proverbium
2738 5661 3034 5736 quoddam.
3076 5671 3178 5726 Sed
3213 5671 3304 5727 alii
3358 5672 3453 5743 ju-

1882 5745 2032 5783 ttccn
2064 5769 2077 5783 .

1881 5745 2077 5783 ιιιροιιι.
