3966 6446
550 347 689 412 1723

1386 360 1483 421 DE
1513 360 2020 423 CONFESSIONE
2061 364 2157 424 ET
2190 366 2787 431 SATISFACTIONE.

3623 374 3758 437 17%

540 457 756 526 quidem
792 462 1274 533 praascriptohunc
1325 483 1433 522 uno
1491 485 1634 525 anno
1687 471 1855 527 ﬂere:
1915 489 2101 527 mona-

2205 478 2327 540 τοὺς
2356 480 2589 550 ἐτέρους,
2619 484 2861 537 ἐνιαυτὸν
2890 484 3313 553 προσκλαυσάτω
3338 500 3350 516 ·
3388 486 3525 541 κατά
3547 488 3603 540 δὲ
3631 491 3759 552 τοὺς

540 550 701 603 chum
725 561 902 606 autem
938 566 1173 623 quatuor
1212 559 1488 614 mensibus
1518 561 1670 615 arido
1707 563 1831 617 cibo
1876 565 1954 618 uti
2003 564 2101 618 de-

548 640 679 695 bere
705 642 835 696 dum
887 645 1081 717 reliqui
1109 649 1440 715 comedunt;
1469 660 1523 704 et
1564 660 1859 709 metameas
1919 654 2103 710 facere

540 730 784 798 quotidie
811 743 1047 790 centum.
1080 737 1215 803 Quia
1242 739 1599 796 detrahentem
1627 754 1822 798 secreto
1851 747 2091 813 proximo

538 837 657 888 suo,
685 822 822 877 hunc
847 828 1187 897 persequebar
1216 830 1258 883 ³.

1094 919 1149 972 4.
1178 919 1253 973 De
1277 922 1611 990 garrulitate.

609 1002 869 1060 Garrulus
898 1006 1095 1077 lingua:
1134 1011 1265 1063 vitio
1295 1011 1549 1077 infectus,
1606 1029 1700 1069 sex
1720 1030 1933 1071 menses
1976 1031 2101 1086 pm-

539 1097 759 1150 nitendo
782 1097 1030 1166 expleat:
1066 1099 1145 1153 sic
1194 1102 1338 1154 enim
1392 1118 1628 1159 canones
1656 1104 1724 1159 de
1775 1106 2089 1175 hujusmodi

540 1184 851 1242 hominibus
917 1190 1231 1247 decernunt.
1288 1192 1494 1263 Quippe
1524 1197 1815 1262 garrulitas
1885 1209 1973 1253 est
2017 1200 2101 1252 in-

541 1276 714 1330 scitia:
776 1278 1059 1345 indicium,
1114 1283 1525 1339 obtrectationis
1583 1285 1775 1354 janua,
1825 1289 2095 1343 mendacii

546 1367 819 1423 ministra.
864 1369 975 1425 Nos
1001 1380 1111 1427 tres
1144 1373 1423 1430 mensibus
1464 1374 1610 1431 hunc
1639 1392 1669 1431 a
1717 1381 2101 1437 communione

535 1469 904 1524 removemus,
935 1462 1100 1516 aridis
1138 1464 1367 1519 omnino
1401 1476 1704 1521 vescentem
1745 1469 1879 1523 hora
1912 1479 2061 1525 sexta
2083 1511 2098 1535 ,

536 1556 591 1599 et
617 1557 913 1607 metanteas
937 1554 1178 1621 quotidie
1206 1565 1424 1610 centum
1469 1559 1862 1630 quinquaginta
1891 1560 2100 1617 facien-

541 1645 673 1690 tem.
704 1639 915 1694 Etenim
946 1643 1100 1699 valde
1156 1644 1426 1701 lubricum
1476 1651 1916 1718 perieulosumve
1970 1653 2101 1723 ipsis

534 1740 755 1797 quoque
803 1732 1162 1790 aestimatione
1187 1735 1366 1807 dignis
1427 1740 1740 1797 hominibus
1790 1742 2098 1800 hocvitium

535 1824 641 1872 est.

1036 1916 1090 1973 5.
1123 1918 1201 1973 De
1223 1921 1523 1979 mendacio.

606 1999 835 2058 Mendax
858 2007 1016 2075 quasi
1062 2008 1274 2079 lepidus
1306 2012 1471 2068 homo
1508 2015 1875 2075 existimatur.
1932 2019 2100 2091 Atqui

536 2094 879 2151 mendacium
932 2099 1212 2158 eharitatis
1266 2104 1564 2162 destructio
1610 2119 1728 2177 est;
1806 2110 2104 2181 periurium

536 2196 741 2249 autem,
774 2188 864 2242 Dei
896 2192 1129 2261 negatio.
1158 2192 1330 2249 Nemo
1361 2197 1563 2268 itaque,
1592 2202 1636 2256 si
1672 2202 1834 2256 modo
1879 2204 2097 2274 sapiat,

539 2276 657 2331 leve
683 2278 870 2332 credat
900 2296 1023 2336 esse
1077 2294 1358 2351 peccatum
1406 2290 1770 2347 mendacium.
1801 2291 1936 2347 Nam
1988 2295 2104 2362 ipse

537 2365 774 2436 Spiritus
806 2380 1027 2425 sanctus
1070 2372 1182 2441 jam
1212 2374 1384 2430 dixit:
1427 2376 1623 2433 Perdes
1658 2397 1833 2437 omnes
1900 2385 1989 2453 qui
2027 2388 2105 2438 lo-

537 2468 774 2527 quuntur
806 2463 1135 2517 mendacium
1188 2466 1212 2496 δ
1235 2505 1251 2521 .
1276 2468 1469 2525 Cuncti
1494 2479 1675 2525 autem
1706 2474 1955 2529 mendaci
2005 2474 2107 2530 ho-

538 2551 670 2603 mini
708 2551 1030 2607 trimestrem
1060 2558 1433 2624 paanitentiam
1513 2562 1833 2618 decernunt.
1863 2562 1975 2621 Nos
2020 2577 2103 2621 ta-

543 2654 666 2692 men
696 2642 1054 2711 quadraginta
1103 2646 1313 2701 dierum
1369 2651 1581 2705 aridum
1625 2654 1849 2709 omnino
1904 2656 2106 2710 vietum

539 2731 672 2785 hora
699 2743 849 2787 sexta
886 2735 1014 2788 huic
1053 2736 1404 2806 imperamus.
1434 2751 1487 2797 et
1505 2752 1801 2800 metanaaas
1826 2748 2103 2815 quotidia-

537 2837 637 2875 nas
660 2834 877 2879 centum
922 2828 1346 2901 quinquaginta.
1399 2831 1613 2888 Etenim
1673 2836 1968 2892 timendum
2022 2848 2107 2895 est

538 2928 650 2981 pra:
683 2917 892 2971 caeteris
919 2917 1023 2972 hoe
1044 2930 1341 2989 peccatum.

959 3011 1014 3062 6.
1045 3010 1121 3064 De
1157 3014 1418 3068 acedioso.

609 3097 907 3155 Acodiosus
933 3102 1090 3170 quasi
1121 3103 1188 3157 de
1217 3119 1315 3158 sua
1353 3104 1530 3162 salute
1556 3104 1847 3178 desperans
1885 3121 2104 3181 reputa-
2130 3135 2173 3195 ο

540 3197 649 3243 tur.
703 3188 912 3245 Etenim
967 3194 1152 3247 acedia
1205 3205 1289 3250 est
1344 3198 1658 3254 monasticae
1696 3203 1891 3271 regulae
1918 3203 2106 3258 obser-

540 3281 729 3333 vanda:
800 3283 1023 3348 odium,
1080 3285 1477 3342 mundanarum
1535 3305 1715 3345 rerum
1799 3296 2104 3349 admiratio.

539 3370 838 3426 Acediosus
869 3371 1034 3427 Deum
1074 3386 1313 3442 accuSat,
1351 3380 1506 3447 quasi
1544 3381 2025 3439 immisericordem
2045 3396 2099 3440 et

543 3457 823 3513 hominum
854 3474 1066 3516 osorem
1095 3479 1109 3528 ;
1138 3465 1203 3517 ad
1233 3467 1587 3534 psalmodiam
1644 3487 1939 3545 precesque
1995 3486 2106 3530 tor-

540 3557 649 3617 pet.
682 3547 828 3607 Vitio
880 3550 1006 3606 huic
1085 3554 1430 3612 decernimus
1483 3573 1588 3627 qua
1607 3560 1853 3630 draginta
1895 3566 2102 3625 dierum

541 3640 914 3708 penitentiam
950 3662 967 3712 ;
998 3653 1052 3698 et
1092 3656 1151 3701 ut
1180 3662 1275 3715 per
1313 3656 1426 3703 tres
1464 3649 1834 3711 hebdomadas
1878 3656 2002 3709 vino
2049 3667 2103 3714 et

541 3733 663 3787 oleo
686 3735 971 3791 acediosus
999 3753 1105 3791 non
1135 3748 1341 3807 utatur,
1385 3742 1637 3810 quotidie.
1673 3742 1872 3800 faciens
1910 3759 2082 3803 meta-

544 3836 696 3876 nazas
734 3825 995 3879 ducentas
1022 3829 1435 3900 quinquaginta.
1492 3831 1739 3903 Namque
1766 3836 1821 3890 in
1869 3838 2099 3907 profun—

541 3915 670 3967 dum
711 3915 907 3971 inferni
948 3927 1123 3987 potest
1156 3921 1422 3977 deducere
1448 3925 1647 3981 acedia:
1666 3928 1876 3984 vitium.

1031 4009 1083 4062 7.
1118 4011 1191 4065 De
1222 4012 1423 4081 guloso.

612 4091 848 4149 Gulosus
886 4096 1081 4153 similis
1098 4110 1180 4154 est
1197 4100 1445 4169 sepulcro
1492 4108 1930 4172 putrescentibus
1972 4126 2095 4168 car-

2130 1809 2177 1869 Ρ

2205 570 2490 637 μοναχοὺς,
2541 572 2875 643 τετράμηνον
2928 572 3321 645 ξηροφαγείτω,
3361 576 3452 629 ὅτε
3498 579 3549 630 oi
3580 577 3759 631 λοιποὶ

2202 657 2459 725 ἐσθίουσι,
2505 663 2789 731 μετανοίας
2842 665 3008 717 ποιῶν
3078 665 3203 718 καθ’
3258 667 3471 737 ἡμέραν
3531 669 3757 721 ἑκατόνο

2202 749 2329 802 Ὀτι
2364 750 2471 804 τὸν
2502 756 2955 809 καταλαὰοῦντα
2983 757 3174 825 λάθρα
3221 758 3327 812 τοῦ
3351 761 3621 827 πλησίον
3651 762 3759 815 αὺ-

2198 841 2326 906 τοῦ,
2357 842 2575 897 τοῦτον
2597 845 2934 909 ἐξεδίωκον.

2640 938 2705 992 δ’.
2744 939 2883 1007 Περὶ
2915 941 3305 1010 πολυλογίας.

2279 1025 2340 1081 '0
2365 1028 2677 1097 πολυλογῶν
2714 1030 2818 1084 ὑπὸ
2841 1031 3083 1103 γλώττης
3126 1034 3522 1105 σκοτιζόμενος,
3552 1035 3764 1108 ἐξαμη-

2200 1119 2372 1171 νιαῖον
2398 1118 2587 1189 χρόνον
2625 1123 2682 1172 ὲν
2715 1121 2975 1193 μετανοίᾳ
3013 1122 3333 1192 πληρούτω·
3365 1125 3537 1189 οὕτως
3569 1127 3680 1195 γάρ
3710 1129 3761 1185 οἱ

2201 1209 2426 1272 κανόνες
2455 1211 2584 1280 περὶ
2612 1211 2723 1264 τῶν
2752 1212 3007 1267 τοιούτων
3036 1214 3340 1285 ὁρίζονται·
3377 1217 3565 1289 ἐπειδὴ
3597 1218 3764 1271 πολυ-

2199 1298 2354 1367 λογία
2389 1301 2535 1355 ἐστὶν
2574 1302 2849 1370 ἀγνωσίας
2884 1307 3198 1376 τεκμήριον,
3229 1307 3559 1373 καταλαλιᾶς
3598 1309 3761 1379 θύρα,

2198 1389 2427 1457 ψεύδους
2458 1393 2728 1463 ὐπουργός
2749 1408 2763 1423 °
2790 1397 2951 1466 ἡμεῖς
2969 1397 3026 1449 δὲ
3057 1398 3318 1469 τρίμηνον
3358 1399 3591 1470 λέγομεν
3616 1402 3766 1455 ἀκοιη

2198 1476 2431 1550 νώνητον
2462 1475 2621 1545 εἶναι,
2655 1484 3066 1553 ξηροφαγοῠντα
3097 1487 3281 1558 ἀκρως
3308 1487 3423 1559 ὥρᾳ
3472 1488 3628 1561 ἕκτῃ,
3660 1508 3761 1560 με-

2198 1570 2417 1633 τανοίας
2442 1569 2696 1624 ποιοῦντα
2740 1573 2862 1626 καθ’
2893 1575 3103 1647 ἡμέραν
3151 1583 3269 1646 ρκ”
3312 1580 3611 1648 ἐπισφαλὲς
3651 1582 3764 1653 γὰρ

2198 1656 2316 1711 λίαν
2340 1659 2435 1713 καὶ
2453 1657 2647 1723 ἀὐτοῖς
2673 1662 2786 1726 τοῖς
2811 1661 3025 1717 δοκοῦσι
3049 1664 3111 1718 τὸ
3141 1665 3313 1730 πάθος
3339 1666 3507 1722 ἐστίν.

2709 1929 2773 1987 ε’.
2813 1930 2951 1998 Περὶ
2976 1930 3259 1998 ψεύδους.

2285 2019 2344 2073 '0
2372 2019 2608 2091 ψεύστης
2654 2021 2731 2083 ὡς
2784 2021 3111 2091 εὐτράπελος
3160 2021 3473 2088 λογίζεται*
3515 2022 3612 2077 καὶ
3646 2023 3765 2095 γὰρ

2201 2108 2393 2179 ψεῦδός
2425 2111 2571 2163 ἐστιν
2612 2111 2828 2182 ἀγάπης
2854 2113 3158 2181 ἀφανισμός
3178 2127 3194 2142 ⁸
3227 2114 3483 2182 ἐπιορκία
3511 2113 3590 2178 δὲ,
3615 2115 3758 2167 Θεοῦ

2202 2202 2427 2269 ἄρνησις
2448 2217 2462 2230 ο
2496 2200 2683 2269 μηδεὶς
2702 2198 2795 2255 οὖν
2813 2203 2921 2255 τῶν
2950 2200 3373 2273 εὐφρονούντων,
3408 2206 3610 2274 μικράν
3640 2222 3767 2258 τινα

2202 2290 2301 2360 τὴν
2340 2288 2433 2343 τοῦ
2477 2288 2705 2359 ψεύδους
2755 2292 3030 2360 ἁμαρτίαν
3080 2288 3219 2346 εἶναι
3245 2293 3488 2363 νομίσοι·
3526 2295 3768 2364 καὶγὰρ

2203 2380 2335 2435 αὐτὸ
2357 2381 2418 2432 τὸ
2446 2379 2599 2448 ἆγιον
2645 2379 2869 2449 Πνεῦμα
2899 2382 3260 2452 προείρηκεν·
3304 2383 3569 2450 Ἀπολεῒς
3610 2383 3769 2437 πάν-

2201 2488 2306 2536 τας
2328 2471 2468 2537 τοὺς
2485 2472 2829 2538 λαλοῦντας
2854 2473 2920 2525 τὸ
2949 2473 3194 2540 ⁴Ψεῦδος.
3214 2474 3512 2543 Ὀρίζονται
3539 2476 3595 2528 δὲ
3624 2478 3768 2529 πάν-υ

2202 2578 2291 2625 τες
2318 2564 2400 2616 ὅτι
2434 2564 2697 2634 τρίμηνον
2740 2566 2798 2617 ὲν
2847 2563 3104 2634 μετανοίᾳ
3143 2564 3450 2619 διατελείτω
3470 2583 3485 2598 ο
3515 2568 3675 2637 ἡμεῖς
3704 2569 3769 2622 δὲ

2206 2659 2258 2724 μ’
2286 2654 2504 2724 ἡμερῶν
2540 2653 2874 2725 ξηροφαγίαν
2899 2656 3083 2724 ἀκρως
3120 2655 3241 2725 ὥρᾳ
3276 2655 3430 2726 ἕκτῃ,
3458 2658 3555 2710 καὶ
3596 2675 3771 2726 μετα..

2203 2746 2349 2807 νοίας
2371 2745 2491 2797 καθ’
2521 2746 2730 2815 ἡμέραν
2765 2745 2840 2816 ρν¹
2865 2761 2879 2776 ο
2913 2747 3007 2800 καὶ
3040 2746 3149 2816 γὰρ
3172 2745 3379 2816 φοϐερὰ
3404 2748 3544 2817 ὑπὲρ
3580 2749 3769 2814 πάσας

2204 2836 2238 2904 ἡ
2273 2836 2513 2905 ἁμαρτία
2540 2834 2701 2906 αὕτη.

2654 3021 2728 3081 ς’.
2763 3018 2899 3084 Περὶ
2922 3017 3308 3085 ἀκηδιαστοῦ.

2288 3106 2346 3161 '0
2373 3108 2708 3179 ἀκηδιαστὴς
2739 3110 2814 3169 ὡς
2836 3110 3223 3178 ἀπογινώσκων
3242 3112 3341 3181 τῆς
3371 3112 3565 3167 ἑαυτοῦ
3598 3132 3772 3185 σωτη.

2209 3200 2331 3271 ρίας
2364 3200 2667 3269 λογίζεται·
2695 3201 2790 3255 καὶ
2819 3203 2929 3274 γὰρ
2954 3203 3149 3274 ἁκηδία
3176 3204 3323 3259 ἐστὶν
3350 3206 3638 3276 ἀσκήσεως
3677 3211 3771 3279 p.2-

2208 3309 2298 3354 σος
2324 3292 2416 3343 τοῦ
2472 3290 2762 3362 μοξιαχικοῦ
2814 3293 3242 3362 ἐπαγγέλματος,
3278 3295 3559 3363 κοσμικῶν
3590 3314 3772 3366 μακα-

2207 3383 2442 3453 ρίοτρια,
2489 3382 2624 3436 Θεοῦ
2670 3382 2989 3455 διαϐλήτωρ,
3021 3382 3097 3446 ὡς
3140 3384 3483 3453 ἀσπλάγχνου
3511 3388 3608 3439 καὶ
3639 3390 3773 3455 ἀφι-

2205 3474 2544 3547 λανθρώπου,
2590 3476 2775 3531 ἀτονία
2819 3475 3132 3546 ψαλμῳδίας
3158 3477 3215 3530 ἐν
3256 3480 3585 3547 προσευχαῖς
3617 3479 3772 3534 ἀσθε-

2204 3564 2399 3619 νσῦσα·
2452 3566 2706 3637 ὁρίζομεν
2758 3565 2815 3619 δὲ
2875 3567 2969 3620 καὶ
3020 3566 3220 3636 ταύτην
3254 3571 3304 3637 μ’
3337 3567 3552 3637 ἡμέρας
3602 3585 3773 3637 μετα-

2202 3658 2374 3714 νοεῖν’
2412 3656 2708 3725 ἑϐδομάδας
2736 3657 2882 3726 τρεῖς
2911 3656 3055 3709 οίνου
3096 3656 3170 3727 μὴ
3198 3658 3646 3735 μεταλαμϐάνειν
3673 3661 3773 3713 καὶ

2202 3746 2415 3803 ἐλαίουο
2468 3746 2754 3816 μετανοίας
2798 3747 2973 3798 ποιεῖν
3021 3746 3144 3799 καθ’
3170 3747 3381 3817 ἡμέραν
3411 3754 3523 3800 σν”
3570 3749 3657 3802 ὅτι
3690 3751 3775 3814 εἰς

2205 3838 2365 3909 βυθὸν
2396 3836 2522 3909 ᾅδου
2548 3836 2772 3893 δύναται
2797 3836 3056 3906 κατάγειν
3086 3836 3146 3889 τὸ
3174 3837 3345 3901 πάθος
3373 3838 3472 3909 τῆς
3512 3840 3771 3912 ἀκηδίας.

2618 4013 2683 4077 ζ’,
2724 4013 2863 4082 Περὶ
2894 4011 3363 4081 γαστριμάργου.

2248 4107 2305 4158 Ὀ
2321 4105 2725 4175 γαστρίμαργος
2745 4104 2886 4156 ἔοικε
2900 4105 3055 4173 τάφῳ
3072 4104 3290 4173 γέμοντι
3311 4103 3623 4172 σεσηπυιῶν
3644 4122 3776 4174 σαρ‹

547 4184 706 4240 nibus
731 4187 910 4255 pleno.
960 4188 1234 4247 Gulositas
1274 4200 1360 4247 est
1392 4196 1596 4250 ventris
1642 4198 1966 4270 hypocrisis,
2002 4207 2094 4276 qui

2203 4198 2329 4252 κῶν*
2368 4195 2809 4268 γαρστριμαργία
2838 4195 2951 4247 ἐστὶ
2988 4195 3193 4257 κοιλίας
3220 4195 3524 4265 ὑπόκρισις·
3546 4214 3775 4267 κεκορεο

542 4293 668 4332 cum
729 4280 801 4334 sit
838 4290 1010 4343 satur,
1056 4283 1405 4341 nihilominus
1454 4302 1513 4341 se
1552 4304 1709 4359 egere
1760 4293 1995 4364 clamat;
2042 4308 2096 4352 et

2203 4291 2366 4361 σμένη
2384 4285 2860 4361 γάροῦσα,ὲνδείας
2878 4287 3097 4356 ἀναϐοῷ
3117 4287 3209 4339 καὶ
3218 4287 3775 4357 πεφορτισμένη,πει,

542 4381 815 4439 gravatus,
844 4374 1051 4427 esurire
1077 4376 1238 4445 cogit.
1280 4376 1553 4434 Gulositas
1578 4390 1660 4435 est
1688 4384 1962 4441 oculorum
1994 4389 2090 4443 de-

2193 4385 2290 4434 νᾶν
2316 4380 2611 4449 ἀναγκάζει
2630 4397 2644 4412 ο
2675 4380 3082 4450 γαστριμαργία
3111 4380 3276 4444 ἐστὶν,
3304 4380 3603 4450 ὀφθαλμῶν
3629 4384 3773 4435 ἀπά-

542 4462 738 4531 ceptio.
784 4461 1135 4521 Deeernimus
1158 4467 1284 4520 huic
1313 4484 1529 4538 quoque
1554 4472 1688 4526 vitio
1716 4475 1939 4545 triginta
1979 4480 2094 4535 die—

2204 4489 2271 4543 τη
2295 4488 2309 4503 ο
2344 4473 2596 4542 ὁρίζομεν
2643 4470 2699 4523 δὲ
2734 4471 2828 4523 καὶ
2874 4470 3076 4540 ταύτην
3114 4472 3172 4523 ὲν
3210 4472 3502 4542 τριάκοντα
3532 4474 3771 4545 ἡμέραις

541 4569 663 4607 rum
708 4553 911 4608 luctum
937 4572 952 4621 ;
984 4568 1036 4611 et
1067 4559 1228 4613 unius
1259 4559 1612 4619 hebdomadm
1635 4566 1845 4621 aridum
1894 4570 2096 4628 victum

541 4644 672 4697 hora
716 4660 858 4698 nona
896 4660 1030 4711 ,nec
1056 4662 1159 4701 non
1207 4650 1550 4717 quotidianas
1601 4666 1902 4713 metanmas
1946 4671 2095 4716 octo-

2205 4565 2552 4639 προσκλαίειν
2574 4581 2589 4596 ο
2626 4562 2892 4633 ἑϐδομάδα
2933 4563 3061 4633 μίαν
3099 4562 3426 4634 ξηροφαγεῖν
3465 4562 3589 4636 ὥρᾳ
3616 4568 3773 4619 ἐννά-

2203 4673 2269 4726 τῃ
2296 4673 2310 4687 ·
2343 4656 2515 4709 ποιεῖν
2548 4654 2829 4724 μετανοίας
2871 4654 2991 4707 καθ’
3023 4654 3236 4725 ἡμέραν
3269 4662 3356 4708 π’·
3389 4655 3473 4708 ὅτι
3516 4657 3600 4729 τῷ
3631 4660 3767 4711 αἰω-

539 4735 711 4803 ginta.
771 4736 981 4809 Quippe
1003 4740 1267 4809 gulositas
1313 4742 1416 4796 sibi
1467 4743 1679 4801 deditus
1716 4758 1919 4805 aterno
1987 4754 2097 4823 igni

2203 4748 2300 4818 νίῳ
2328 4748 2460 4817 πυρὶ
2486 4747 2843 4819 παραπέμπει
2866 4749 2991 4810 τοὺς
3020 4747 3371 4817 πειθομένους
3399 4748 3563 4819 αὐτῇ.

538 4827 875 4882 transmittit.

1131 4920 1184 4977 8.
1226 4922 1304 4977 De
1332 4942 1512 4981 avaro.

616 5002 829 5061 Avarus
858 5008 1143 5063 insanabili
1170 5013 1358 5067 morbo
1391 5015 1619 5081 laborat,
1651 5018 1743 5086 qui
1780 5018 2093 5077 interiorem

538 5095 811 5149 hominem
844 5098 1047 5152 exedit.
1094 5099 1334 5156 Avaritia
1367 5116 1448 5158 est
1498 5106 1767 5162 idolorum
1818 5113 2052 5167 servitus
2077 5152 2094 5179 ,

2650 4930 2723 4996 η’.
2758 4910 2891 4993 Περὶ
2914 4926 3305 4994 φιλαργύρου.

2282 5017 2338 5071 '0
2375 5017 2710 5091 φιλάργυρος
2762 5018 2908 5069 νοσεῖ
2948 5017 3100 5069 νόσον
3146 5017 3383 5079 ἀνίατον,
3428 5016 3767 5072 δαπανῶσαν

2195 5110 2287 5163 τὸν
2348 5110 2495 5172 ἐντὸς
2540 5108 2856 5179 ἀνθρωπονο
2905 5108 3239 5178 φιλαργυρία
3295 5109 3466 5171 ἐστὶν,
3520 5108 3761 5164 εἰδώλων

543 5186 876 5240 inﬁdelitatis
915 5190 1043 5253 ﬁlia,
1078 5190 1455 5249 inﬁrmitatum
1490 5209 1804 5266 praetextus,
1839 5203 2094 5258 volunta-

2203 5197 2848 5269 προσκύνησις,ἀπιστίας
2877 5197 3141 5270 θυγάτηρ,
3175 5198 3470 5252 ἀσθενειῶν
3488 5201 3768 5269 προφασί-

535 5277 617 5329 ria
661 5278 953 5345 apostasia.
1007 5277 1149 5335 Huic
1196 5281 1321 5336 item
1374 5282 1716 5342 decernimus
1772 5292 2088 5358 quadrime-

2205 5306 2363 5360 στρια
2390 5331 2406 5354 ,
2438 5281 2682 5353 ὲκόυσίος
2723 5289 3041 5361 παραϐάτης
3064 5306 3076 5318 '
3124 5289 3377 5361 ὁρίζομεν
3408 5290 3465 5342 δὲ
3498 5290 3595 5345 καὶ
3626 5291 3769 5342 ταύ-

535 5378 700 5419 strem
730 5368 1099 5435 ptenitentiam
1127 5410 1142 5435 ,
1189 5374 1545 5444 quadraginta
1615 5378 1823 5433 dierum
1882 5383 2092 5438 aridum

2203 5400 2322 5452 την,
2353 5383 2689 5453 τετράμηνον
2714 5384 2772 5456 έν
2797 5383 3050 5453 μετανοίᾳ
3079 5378 3239 5447 εἶναι,
3264 5384 3480 5454 ἡμέρας
3513 5389 3565 5453 μ’
3596 5383 3768 5455 ξηρο-

535 5459 739 5512 victum
775 5460 906 5513 hora
941 5476 1083 5516 nona
1105 5502 1120 5526 ,
1152 5473 1205 5517 et
1227 5467 1577 5534 quotidianas
1602 5480 1903 5527 melanmas
1934 5476 2097 5543 quin-

536 5553 827 5621 quaginta;
868 5568 990 5607 cum
1024 5555 1096 5610 sit
1120 5556 1310 5613 vitium
1338 5561 1572 5615 animam
1603 5576 1949 5622 consumens.

609 5735 627 5765 ⁸
659 5736 809 5791 Psal.
851 5754 901 5801 (ς,
925 5738 975 5793 5.
1036 5738 1208 5794 ‘Psal.
1247 5754 1297 5801 ν,
1333 5740 1382 5793 7.

2204 5479 2399 5544 φαγεῖν
2425 5476 2543 5547 ὥρα
2576 5475 2641 5539 θ’,
2677 5476 2962 5546 μετανοίας
2986 5478 3158 5528 ποιεῖν
3187 5475 3309 5530 καθ’
3338 5476 3553 5549 ἡμέραν
3576 5483 3620 5530 νθ
3640 5494 3655 5509 °
3690 5477 3767 5541 ὣς

2205 5568 2297 5623 τοῦ
2322 5566 2523 5630 πάθους
2547 5566 2856 5631 ἐκκαίοντος
2894 5564 2990 5635 τὴν
3014 5566 3213 5637 ψυχήν.
