3966 6472
283 391 420 460 1725

738 509 802 566 θ’.
835 513 973 582 Περὶ
997 515 1389 586 ἀναισθήτου.

361 600 422 653 Ὀ
451 599 778 671 ἀναίσθητος
814 604 957 660 ἔοικε
1004 609 1137 678 λίθῳ
1168 611 1443 684 όξυγώνῳ,
1471 618 1722 688 κρούοντι
1755 623 1846 676 καὶ

281 691 356 763 μὴ
381 693 737 764 διαλυομένῳ.
784 697 1134 778 Ἀναισθησία
1156 704 1275 756 ἐστὶ
1316 707 1586 776 νέκρωσις
1639 713 1841 782 μελῶν,

276 785 688 876 δαιμονιώντων
705 787 933 861 ἀδελφὴ,
967 792 1271 862 μεθυόντων
1307 799 1527 869 ὁμόνοια
1546 819 1561 833 ·
1591 804 1844 876 ὁρίζομεν

277 875 335 929 δὲ
369 876 716 967 καὶᾲταύτην,
746 879 1031 952 διμηναῖον
1062 886 1414 954 προσκλαίειν
1455 893 1666 963 χρόνον,
1699 875 1840 967 ἠμέ-

277 983 379 1034 ρας
408 965 484 1018 κε’
513 967 692 1023 ἐλαίου
720 971 814 1024 καὶ
843 973 1003 1042 μόνου
1028 979 1488 1052 μεταλαμϐάνειν,
1514 986 1621 1038 τῶν
1645 987 1701 1040 δὲ
1723 965 1838 1041 λοι-

275 1055 396 1115 πῶν
433 1060 757 1129 ἀπέχεσθαι,
791 1066 966 1116 ποιεῖν
1016 1072 1304 1137 μετανοίας
1356 1075 1474 1129 καθ’
1512 1077 1724 1149 ἡμέραν
1755 1086 1836 1151 ρο.

275 1152 370 1240 καὶ
393 1152 502 1223 γὰρ
527 1155 557 1207 ό
584 1154 909 1226 ἀναίσθητος
934 1159 1158 1217 δύναται
1189 1164 1371 1235 βαλεῖν
1393 1167 1486 1221 τὸν
1507 1169 1732 1240 ἀδελφὸν
1757 1171 1840 1236 είς

273 1239 568 1315 βάραθρον.

748 1338 798 1394 ι’.
834 1343 975 1410 Περὶ
1005 1347 1352 1413 κενοδόξου.

355 1425 414 1479 ’0
448 1428 724 1495 κενόδοξος
751 1432 826 1497 ώς
853 1434 1201 1505 ὑπερήφανος
1237 1441 1651 1510 καταλογίζεται
1674 1459 1690 1474 °
1739 1448 1835 1501 καὶ

267 1515 434 1585 γὰρὴ
469 1519 742 1584 κενοδοξία
771 1523 907 1589 ἐστὶ,
940 1526 1080 1580 κατὰ
1106 1529 1204 1597 μὲν
1235 1530 1295 1584 τὸ
1324 1525 1462 1596 εἶδος
1493 1534 1705 1602 φύσεως
1741 1538 1830 1592 ὲν-

267 1607 504 1679 αλλαγὴ,
564 1611 657 1663 καὶ⁵
700 1613 848 1683 ἠθῶν
907 1615 1240 1690 διαστροφὴ,
1295 1622 1393 1684 καὶ
1450 1628 1832 1698 παρατήρησις

270 1699 553 1791 μέμψεων,
583 1703 960 1776 ὑπερηφανίας
989 1710 1234 1781 τρίϐολος
1260 1714 1508 1784 ἐργασία.
1549 1717 1831 1791 Ὀρίζομεν

1439 411 1500 471 S.
1539 411 1925 477 THEODORI
1971 419 2310 481 STUDszE

1875 537 1919 592 Α
2515 537 2570 591 9.
2614 539 2688 593 De
2720 540 2944 607 torpida.

3374 425 3508 490 1726

2019 624 2649 696 Torpidus‘assimilatur
2693 632 2854 700 lapidi
2898 631 3071 687 acutis
3120 633 3332 703 angulis
3372 651 3510 704 prae-

1945 718 2078 784 dito,
2106 721 2198 790 qui
2225 722 2474 788 percutit,
2498 736 2673 792 neque
2703 735 2880 779 tamen
2913 724 3028 794 ipse
3066 725 3352 796 frangitur.
3369 729 3507 782 Tor-

1942 811 2081 881 pcdo
2135 811 2481 867 mortificatio
2552 815 2934 870 membrorum
2992 826 3115 880 est,
3172 817 3502 876 furiosorum

1941 902 2296 971 germanitas,
2323 901 2599 956 ebriorum
2633 905 2950 960 concordia.
2993 906 3342 962 Decerntnius
3376 909 3505 964 huic

1940 994 2102 1047 etiam
2150 993 2283 1047 vitio
2312 993 2625 1048 bimestrem
2666 994 2885 1057 fletum,
2932 1007 2986 1049 et
3025 1013 3120 1066 per
3162 999 3281 1053 dies
3313 1000 3502 1070 viginti

1942 1084 2107 1137 unius
2130 1082 2233 1137 olei
2265 1098 2463 1148 usum,
2495 1083 2879 1139 abstinentiam
2910 1100 2939 1140 a
2967 1088 3200 1152 caeteris,
3237 1098 3290 1143 et
3320 1091 3502 1158 quoti-

1939 1175 2130 1230 dianas
2203 1183 2502 1229 metanmas
2548 1185 2784 1230 centum.
2841 1174 3039 1247 Utique
3097 1179 3343 1249 torpidus
3390 1180 3501 1238 fra-

1937 1276 2073 1321 trem
2100 1281 2260 1322 suum
2289 1265 2341 1319 in
2375 1264 2690 1320 barathrum
2722 1267 2992 1337 conjicere
3022 1278 3210 1339 potest.

2283 1356 2368 1412 £0.
2402 1355 2480 1412 De
2508 1359 2684 1411 inanis
2717 1359 2902 1428 gloria:
2930 1361 3141 1430 cupido.

2001 1449 2184 1505 Inanis
2237 1450 2421 1520 gloriae
2471 1449 2700 1519 cupidus
2752 1452 2974 1521 superbi
3020 1452 3193 1508 instar
3241 1453 3491 1510 habetur.

1931 1540 2179 1614 Namque
2207 1542 2391 1599 inanis
2439 1543 2622 1614 gloriae
2670 1542 2977 1612 cupiditas,
3030 1546 3209 1615 specie
3248 1547 3489 1616 quidem,

1931 1643 2136 1689 natura;
2162 1641 2247 1689 est
2274 1634 2601 1700 immutatio,
2633 1651 2850 1690 morum
2880 1637 3181 1706 perversio,
3209 1636 3488 1707 vitupera-

1931 1727 2137 1780 tionum
2170 1727 2428 1795 captatio,
2462 1727 2730 1797 superbiae
2760 1728 3034 1786 senticosa
3059 1729 3320 1798 operatio.
3350 1729 3492 1786 Huic

350 1793 445 1887 ita}
477 1793 682 1887 ταύτην
708 1796 766 1848 ἐν
787 1796 830 1848 λ’
857 1799 1091 1870 ἡμέραις
1129 1805 1498 1872 προσκλαίειν,
1530 1789 1812 1880 ἑϐδομάδας

1929 1829 2143 1887 quoque
2196 1789 2546 1872 decernimus
2585 1818 2806 1887 triginta
2847 1817 3059 1873 dierum
3097 1789 3314 1884 iletum,
3349 1820 3490 1873 dua-

263 1877 359 1930 δύο
413 1882 597 1951 ἄκρως
651 1884 980 1955 ξηροφαγεῖν
1032 1890 1152 1962 ὥρᾳ
1196 1892 1261 1958 θ’,

265 1972 390 2116 καὲἶ
417 1974 631 2045 ἡμέραν
671 1985 781 2049 ρμν,
818 1979 894 2044 ὡς
939 1981 1192 2053 δαίμονος
1228 1986 1402 2041 αῖτιον
1426 1987 1488 2043 τὸ
1519 1990 1690 2056 πάθος
1729 1993 1826 2048 καὶ

265 2078 342 2116 πο
377 2062 548 2116 Ξενον.

261 2062 548 2132 πρόξενον.

665 2268 749 2323 ια’.
785 2274 920 2341 Περὶ
944 2273 1145 2331 δειλοῦ
1176 2278 1418 2351 (λείπει).

693 2362 781 2433 ιβ’.
807 2366 943 2433 Περὶ
979 2370 1385 2439 ὑπερηφάνου.

359 2453 400 2503 Ο
445 2452 793 2523 ὑπερήφανος
841 2457 1025 2526 ὅμοιός
1055 2463 1170 2513 ἐστι
1200 2463 1276 2532 τῷ
1313 2464 1545 2538 διαϐόλῳ
1573 2466 1650 2538 τῷ
1679 2467 1821 2523 κατὰ

253 2539 392 2593 Θεοῦ
429 2545 821 2613 τραχηλίσαντι
845 2564 858 2576 ·
896 2550 1122 2622 καὶγὰρ
1155 2553 1495 2625 ὑπερηφανία
1537 2557 1652 2612 ὲστῖ
1684 2558 1817 2613 Θεοῦ

254 2632 505 2703 ἄρνησις,
545 2637 814 2707 δαιμόνων
843 2641 1082 2714 εὕρημα,
1119 2647 1466 2712 ἐξουδένωσις
1493 2651 1813 2722 ἀνθρώπων,

251 2724 634 2792 κατακρίσεως
666 2728 870 2798 μήτηρ,
896 2731 1068 2800 θυμοῦ
1100 2736 1270 2806 πηγὴ,
1301 2739 1638 2808 ὑποκρίσεως
1668 2742 1813 2812 ῥίζα⁹

249 2812 509 2906 όρίζομεν
539 2818 633 2870 καὶ
660 2819 863 2890 ταύτην
889 2821 946 2875 ἐν
974 2822 1033 2887 ἒξ
1065 2830 1195 2894 μησὶ
1224 2831 1574 2899 προσκλαίειν
1595 2836 1660 2902 τῇ
1684 2834 1815 2906 ἁγίᾳ

249 2905 546 2978 ἐκκλησίᾳ·
587 2910 886 2980 ἑϐδομάδας
916 2913 957 2968 δ’
1001 2916 1328 2986 ξηροφαγεῖν
1356 2922 1540 2993 ἄκρως
1575 2923 1694 2997 ὥρᾳ
1726 2905 1813 2980 ὲνέ-

249 2998 384 3068 vim
411 3016 424 3029 '
453 3000 576 3054 καθ’
609 3004 821 3078 ἡμέραν
851 3010 1136 3076 μετανοίας
1169 3017 1264 3080 po‘.

697 3118 785 3186 ιγ’.
817 3121 952 3187 Περὶ
974 3122 1369 3192 βλασφήμου.

1318 1897 1608 1964 μετανοίας
1653 1902 1812 1953 ποιεῖν

1928 1905 2030 1961 bus
2095 1907 2454 1962 hebdomadis
2523 1906 2736 1962 aridum
2797 1923 3025 1977 prorsus
3081 1909 3287 1963 victum
3353 1908 3488 1963 hora

1926 2011 2090 2062 nona,
2137 2007 2190 2051 et
2246 2008 2543 2052 metanmas
2588 1997 2935 2067 quotidianas
2980 2009 3198 2054 centum
3260 2000 3488 2070 quadra-

1924 2086 2095 2155 ginta.
2132 2084 2376 2156 Namque
2409 2088 2513 2142 hoc
2541 2087 2731 2142 vitium
2771 2103 2993 2144 causam
3033 2090 3263 2145 daemonii
3292 2106 3487 2161 suppe-

1923 2178 2059 2232 ditat
2083 2187 2137 2231 et
2170 2179 2485 2249 hospitium.

2275 2292 2359 2345 Η.
2401 2292 2477 2347 De
2505 2294 2688 2348 timido
2720 2292 2881 2361 (deest
2915 2294 2968 2347 in
2999 2291 3162 2356 cod.).

2449 2384 2534 2438 12.
2599 2384 2676 2440 De
2710 2385 2952 2454 superbo.

1992 2470 2271 2541 Superbus
2303 2474 2494 2529 similis
2544 2475 2759 2530 diabolo
2787 2485 2907 2540 est,
2963 2475 3055 2545 qui
3099 2475 3210 2530 Deo
3261 2473 3478 2530 restitit.

1917 2561 2051 2615 Nam
2086 2563 2338 2631 superbia
2369 2564 2583 2633 negatio
2616 2563 2711 2619 Dei
2742 2573 2844 2626 est,
2878 2565 3182 2618 daemonum
3219 2563 3474 2629 inventio,

1919 2655 2202 2710 hominum
2245 2655 2425 2721 ruina,
2454 2655 2817 2712 damnationis
2849 2664 3044 2718 mater,
3079 2656 3172 2709 ira:
3200 2655 3345 2717 fons,
3380 2655 3479 2724 hy-

1917 2747 2193 2816 pocriseos
2224 2746 2399 2800 radix.
2435 2745 2571 2800 lluic
2613 2747 2741 2801 item
2772 2746 3120 2800 decernimus
3159 2753 3476 2800 semestrem

1915 2837 2099 2892 ﬂetum
2132 2836 2186 2890 iu
2214 2845 2402 2892 sancta
2431 2838 2682 2899 ecclesia,
2716 2847 2949 2905 quatuor
2985 2834 3337 2891 hebdomadis
3367 2834 3477 2888 ari-

1915 2930 2108 2984 dorum
2140 2930 2386 2984 strictum
2421 2944 2586 2983 usum
2634 2930 2765 2984 hora
2811 2944 2978 2994 nona,
3028 2937 3086 2984 et
3129 2930 3477 2999 quotidianas

1916 3031 2212 3076 mctanmas
2245 3020 2586 3091 septuaginta
2614 3036 2777 3089 supra
2811 3031 3059 3076 centum.

2415 3136 2502 3191 13.
2549 3134 2622 3188 De
2650 3135 2969 3204 blasphemo.

328 3206 387 3259 Ὀ
416 3206 733 3280 βλάσφημος
757 3213 822 3280 τῇ
852 3211 948 3264 τοῦ
983 3213 1117 3266 Κάῖν
1152 3190 1338 3285 ’μερίδι
1365 3215 1805 3286 καταλογίζεταιο

1985 3223 2341 3294 Blasphemus
2399 3227 2451 3279 in
2502 3226 2654 3281 Caini
2706 3228 2953 3297 partibus
2991 3235 3293 3296 reputatur.
3346 3224 3472 3283 Dira

244 3299 458 3369 χαλεπὴ
499 3299 608 3370 γὰρ
660 3303 693 3369 ἡ
741 3302 866 3372 ῥίζα
916 3304 1014 3379 τῇς
1067 3308 1362 3377 σατανικῆς
1407 3309 1805 3380 ὑπερηφανίας,

244 3391 465 3460 ἀδελφοί
488 3408 503 3421 ο
527 3391 607 3444 διὸ
630 3392 925 3460 ἀναγκαῖον
954 3394 1123 3465 αὐτὴν
1149 3398 1228 3460 εἰς
1260 3397 1422 3466 μέσον
1450 3399 1717 3469 ἀχθῆναι·
1746 3403 1807 3456 οὗ

243 3483 354 3554 γὰρ
389 3483 498 3535 τῶν
535 3485 828 3554 τυχόντων,
852 3485 988 3539 ἀλλά
1024 3504 1088 3556 γε
1119 3488 1296 3559 πολλῷ
1332 3491 1530 3560 μᾶλλον
1557 3493 1806 3563 χαλεπώ-

241 3589 401 3643 τερος
453 3574 481 3625 ό
533 3573 729 3644 ἐχθρὸς
785 3579 1000 3630 πάντων
1049 3577 1404 3632 καθίσταται·
1456 3582 1707 3655 ὁρίζομεν
1750 3584 1807 3637 δὲ

244 3662 597 3729 προσκλαίειν
621 3665 780 3734 μέχρι
804 3665 1194 3736 κατορθώσεως
1218 3670 1311 3722 τοῦ
1333 3671 1558 3739 πάθους,
1583 3673 1808 3727 ἀκοινώ-

243 3771 403 3824 νητον
446 3750 608 3817 εἶναι,
657 3758 986 3827 ξηροφαγεῖν
1031 3759 1183 3829 ἡλίου
1215 3761 1467 3832 δυσμαῖς,
1517 3767 1808 3833 μετανοίας

244 3849 419 3898 ποιεῖν
441 3847 559 3900 καθ’
583 3847 794 3920 ἡμέραν
813 3847 878 3912 τ’,
907 3849 1098 3922 μέχρις
1118 3851 1182 3905 ἂν
1204 3853 1412 3925 ἀποστῇ
1434 3857 1529 3925 τῆς
1548 3855 1803 3927 ἀθεμίτου

243 3936 590 4006 βλασφημίας
599 3978 611 3990 .

721 4051 799 4107 ιδ’.
827 4055 964 4122 Περὶ
993 4055 1320 4125 θυμώὸους.

323 4142 382 4195 Ὀ
413 4141 668 4212 θυμώδης
701 4143 846 4196 ἔοικε
888 4145 1264 4212 δαιμονιῶντι’
1297 4149 1466 4219 Θυμὸς
1514 4153 1620 4222 γάρ
1657 4154 1803 4208 ἐστιν

240 4232 456 4302 ἑταιρία
501 4233 789 4302 δαιμόνων.
859 4235 1039 4304 Ἀνὴρ
1075 4239 1367 4308 θυμώδης,
1413 4245 1524 4296 οὐκ
1579 4247 1803 4316 εὐσχή-

234 4340 365 4391 μων
391 4324 442 4354 ⁵ο
470 4324 499 4375 ό
520 4323 686 4392 θυμὸς
719 4325 860 4379 ἔστω
895 4344 976 4379 σοι
1009 4331 1151 4382 κατά
1187 4331 1350 4399 μόνου
1379 4333 1474 4386 τοῦ
1507 4335 1701 4404 ὄφεως,
1734 4339 1801 4393 δι’

239 4415 297 4471 ὃν
343 4415 643 4480 ἐξέπεσαςο
683 4418 936 4489 ὁρίζομεν
975 4420 1030 4472 δὲ
1079 4419 1132 4491 μ’
1166 4423 1379 4494 ἡμέρας
1428 4428 1797 4498 προσκλαίειν,

239 4506 508 4577 ἑϐδομάδα
535 4508 698 4578 τυροῦ
732 4512 826 4564 καὶ
850 4511 957 4563 ώοῦ
990 4515 1081 4566 καὶ
1101 4515 1244 4569 οἴνου
1272 4518 1365 4569 καὶ
1391 4518 1568 4572 ἐλαίου
1601 4522 1800 4592 ἀπέχε-

1913 3326 1997 3372 est
2017 3319 2190 3384 enim,
2215 3318 2428 3385 fratres,
2449 3319 2717 3374 Satanira:
2743 3320 3010 3388 superbiae
3050 3319 3201 3373 radix
3231 3338 3243 3373 :
3279 3334 3474 3388 quam-

1913 3412 2100 3465 obrem
2171 3427 2290 3467 eam
2344 3412 2399 3466 in
2435 3423 2683 3482 apertum
2733 3413 3039 3481 producere
3081 3427 3305 3467 necesse
3345 3420 3468 3466 est:

1913 3500 2354 3571 quandoquidem
2390 3503 2531 3557 haud
2568 3503 2805 3572 vulgaris
2837 3512 2922 3557 est
2961 3503 3136 3559 hostis
3164 3543 3180 3567 ,
3226 3502 3319 3557 sed
3352 3517 3470 3556 om-

1913 3592 2062 3646 nium
2095 3595 2448 3662 asperrimus.
2489 3595 2845 3650 Decernimus
2892 3594 3165 3648 hominem
3201 3592 3470 3663 ejusmodi

1912 3681 1966 3735 in
2014 3681 2141 3736 fletu
2174 3683 2379 3738 versari
2417 3684 2594 3752 quoad
2648 3684 2737 3737 hic
2782 3685 3006 3739 morbus
3046 3694 3285 3748 sanetur,
3314 3693 3468 3742 extra

1910 3773 2352 3827 communionem
2393 3789 2536 3836 esse,
2563 3773 2732 3829 aridis
2764 3774 2906 3828 vesci
2938 3774 3039 3828 sub
3083 3774 3216 3829 solis
3246 3789 3465 3837 occasu,

1909 3875 1961 3918 et
1985 3863 2330 3932 quotidianas
2357 3863 2534 3918 facere
2564 3873 2860 3920 metanmas
2887 3873 3177 3931 trecentas,
3199 3864 3372 3918 donec
3397 3864 3467 3918 ab

1911 3955 2075 4024 impia
2108 3954 2443 4023 blasphemia
2471 3957 2711 4011 recedat.

2437 4068 2525 4121 M.
2570 4066 2644 4121 De
2677 4067 2954 4124 iracundo.

1978 4158 2277 4214 Iracundus
2306 4159 2504 4214 similis
2543 4169 2626 4214 est
2667 4161 2998 4219 daemonium
3030 4160 3278 4227 habenti;
3311 4175 3467 4215 nam-

1908 4266 2015 4320 que
2059 4251 2136 4304 ira
2175 4252 2566 4305 daetuouiorum
2598 4253 2863 4307 sodalitas
2893 4260 2993 4306 est.
3047 4251 3142 4306 Vir
3173 4251 3462 4304 iracundus

1909 4355 2011 4394 non
2047 4351 2123 4393 est
2150 4341 2367 4395 decorus
2393 4344 2435 4396 ⁵.
2485 4343 2566 4396 lra
2616 4342 2710 4396 tibi
2757 4343 2828 4398 sit
2856 4343 3112 4399 adversus
3155 4351 3461 4412 serpentem

1910 4433 2286 4485 tantummodo
2348 4433 2506 4500 cujus
2565 4448 2730 4489 causa
2789 4433 3053 4493 cecidisti.
3114 4431 3463 4486 Decernimus

1909 4520 2266 4591 quadraginta
2309 4522 2517 4576 dierum
2562 4521 2747 4577 fletum
2773 4561 2788 4585 ,
2835 4531 2889 4576 et
2926 4537 3032 4576 una
3063 4520 3396 4579 hebdomada
3428 4536 3460 4575 a

241 4599 393 4659 σθαι,
425 4600 712 4667 μετανοίας
763 4604 936 4654 ποιεῖν
993 4604 1108 4657 καθ’
1158 4607 1367 4677 ἡμέραν
1425 4617 1508 4680 ρ’⁶
1539 4614 1647 4666 Καὶ
1690 4617 1799 4683 γὰρ

1925 4626 2094 4675 :aseo,
2125 4612 2262 4676 ovis,
2293 4613 2442 4678 vino,
2471 4612 2699 4682 oleoque
2727 4613 3002 4667 abstinere
3022 4653 3036 4676 ,
3081 4622 3134 4666 et
3163 4622 3461 4667 metanoeas

229 4687 392 4755 ῥοπὴ
434 4687 539 4741 τοῦ
567 4690 756 4757 θυμοῦ
789 4692 996 4755 αὐτοῦ,
1021 4693 1248 4763 πτῶσις
1276 4700 1435 4765 αὐτῷ
1452 4702 1580 4755 ἐστι
1605 4705 1626 4735 ⁸
1651 4721 1664 4734 ·
1700 4707 1798 4760 καὶ

238 4777 383 4847 ὀργὴ
414 4779 725 4833 ἀπόλλυσι
749 4780 848 4834 καὶ
870 4785 1215 4852 φρονίμους.

742 4893 823 4951 ιε’.
854 4896 990 4965 Περὶ
1017 4898 1283 4968 ὀργίλου.

322 4998 381 5053 '0
401 5000 749 5073 ὀργιζόμενος
790 5006 972 5074 ὅμοιος
1018 5005 1130 5071 τοῖς
1166 5010 1258 5063 τοῦ
1310 5013 1505 5084 Ἰωσὴφ
1548 5016 1793 5087 ἀδελφοῖς

233 5093 570 5163 καθέστηκεν
587 5095 742 5165 ’ὀργὴ
763 5098 868 5166 γάρ
892 5101 1009 5151 ἐστι
1033 5102 1343 5171 φρονήσεως
1372 5105 1672 5180 διαρπαγὴ,
1701 5114 1794 5165 καὶ

235 5184 621 5248 καταστάσεως
648 5187 894 5256 ἀδελφῶν
925 5191 1320 5265 ὲκτρεποσύνη,
1350 5198 1446 5250 καὶ
1477 5200 1795 5272 ὴγριωμένη

237 5276 421 5347 μορφὴ
469 5278 738 5346 κράσεως.
799 5281 1082 5353 Ὀρίςομεν
1125 5284 1183 5338 δὲ
1226 5286 1316 5339 τὸν
1359 5289 1574 5358 ὀργίλον
1625 5294 1796 5362 μῆνας

232 5368 327 5420 δύο
355 5368 730 5438 προσκλαίειν,
761 5377 812 5438 μ’
833 5373 1046 5443 ἡμέρας
1076 5375 1401 5446 ξηροφαγεῖν
1427 5380 1544 5452 ὥρᾳ
1573 5382 1788 5453 ὲννάτῃ,

237 5459 520 5528 μετανοίας
543 5461 716 5513 ποιεῖν
739 5459 781 5514 σ¹
805 5479 819 5492 ·
849 5464 941 5516 τὸν
968 5465 1076 5535 γάρ
1096 5468 1446 5538 ὀργιζόμενον
1474 5473 1549 5540 τῷ
1579 5472 1790 5542 ἀδελφῴ

234 5549 398 5601 αὐτοῦ
429 5552 455 5602 ό
481 5549 686 5621 Κύριος
718 5552 916 5622 ἔφησεν
937 5556 1118 5626 ἔνοχον
1143 5554 1281 5612 εἶναι
1319 5562 1414 5631 τῆς
1441 5563 1711 5629 κολάσεως
1731 5565 1749 5596 ⁷
1772 5584 1784 5596 ·

233 5637 355 5692 ὅθεν
381 5641 474 5691 καὶ
505 5642 566 5696 τὸ
602 5644 803 5715 πτῶμα
839 5646 1064 5719 φοϐερόν
1096 5651 1258 5704 ἐστιν.

292 5842 307 5874 ³
344 5841 501 5899 Prov.
536 5859 617 5907 ιι..
649 5845 737 5901 25.
769 5867 844 5920 5r.

925 5854 943 5882 ⁸
975 5849 1141 5907 Eccli.
1172 5870 1206 5919 ι,
1234 5856 1294 5911 19
1318 5873 1396 5926 gr.
1471 5859 1691 5913 ’Matth.
1722 5861 1878 5924 v,2‘2.

1902 4713 2116 4759 centum
2149 4705 2390 4776 quotidie
2420 4704 2617 4758 facere.
2652 4703 2859 4758 Etenim
2902 4705 3122 4769 impetus
3165 4705 3260 4758 ἔγω
3301 4704 3416 4772 ejus
3442 4741 3459 4767 ,

1897 4797 2056 4850 ruina
2082 4796 2244 4864 ipsius
2271 4804 2369 4848 est.
2404 4794 2467 4849 Et
2489 4796 2570 4848 ira
2594 4796 2763 4864 perdit
2783 4796 2943 4849 etiam
2970 4797 3249 4864 prudentes
3272 4797 3314 4850 ‘.

2213 4907 2297 4961 15.
2339 4906 2416 4960 De
2442 4922 2502 4960 eo
2542 4907 2631 4977 qui
2679 4907 2836 4976 facile
2868 4909 3139 4961 irascitur.

1970 5015 2070 5082 Qui
2117 5017 2370 5073 irascitur
2416 5019 2610 5075 similis
2662 5029 2746 5075 est
2782 5018 3001 5090 Joscphi
3038 5021 3320 5078 fratribus.
3364 5022 3458 5077 Est

1901 5108 2046 5163 enim
2098 5109 2178 5165 ira
2222 5109 2528 5164 intellectus
2578 5110 2841 5179 direptio,
2894 5113 3172 5181 tranquilli
3223 5113 3452 5169 fratrum

1895 5209 2070 5255 status
2101 5201 2331 5265 erersio,
2354 5211 2406 5255 et
2438 5217 2592 5257 saeva:
2621 5205 2864 5273 quaedam
2891 5206 3222 5275 compaginis
3251 5205 3450 5262 forma.

1895 5291 2249 5346 Decernimus
2293 5307 2469 5361 prono
2519 5293 2585 5348 ad
2628 5294 2764 5348 iram
2800 5296 3110 5350 bitnestrcm
3152 5297 3359 5364 ﬂetum,
3399 5309 3453 5354 et

1899 5382 2256 5451 quadraginta
2299 5384 2490 5439 diebus
2536 5385 2691 5440 arido
2730 5386 2852 5440 cibo
2887 5389 2962 5440 uti
3008 5390 3133 5442 hora
3179 5404 3343 5453 nona,
3397 5399 3451 5443 et

1900 5483 2196 5528 mctanmas
2223 5474 2397 5529 facere
2424 5476 2703 5530 ducentas.
2736 5475 2974 5547 Namque
3005 5480 3315 5532 irascentem
3335 5479 3450 5547 fra-

1898 5567 1964 5617 tri
2012 5582 2106 5618 suo
2152 5565 2408 5621 Dominus
2460 5583 2604 5622 reum
2648 5584 2810 5637 paene
2855 5570 3020 5639 ogit'.
3068 5569 3246 5635 Quare
3289 5569 3444 5638 culpa

1894 5657 2248 5713 formidabilis
2276 5667 2378 5713 est.
