3968 6472
479 342 610 410 i727

1015 452 1101 508 16.
1149 451 1219 506 De
1254 453 1499 508 tristitia.

552 543 797 598 Tristitia
820 545 1100 599 demersus
1131 545 1325 601 similis
1356 555 1441 598 est
1463 545 1670 600 homini
1702 546 1795 615 qui
1821 546 1873 598 in
1902 547 2038 600 mari

481 644 856 703 tempestatem
899 636 1125 704 patitur.
1160 635 1405 689 Tristitia
1439 646 1524 692 est
1548 638 1743 691 animae
1769 638 1992 690 ariditas
2027 653 2039 687 :

500 723 608 777 Viri
654 726 788 778 enim
815 725 986 778 tristis
1034 727 1367 778 exsictrantur
1427 742 1544 778 ossa
1567 726 1610 780 ".
1663 726 1729 780 Et
1772 726 2043 779 tristitiam

482 814 636 884 longe
666 815 852 884 repelle
899 833 931 868 a
981 819 1092 869 te”.
1126 815 1477 870 Decernimus
1530 816 1807 870 hominem
1853 818 2043 884 hujus-

487 907 628 959 modi
654 907 1047 961 incessanlibus
1078 908 1326 975 precibus
1357 908 1495 975 apud
1521 909 1691 962 altare
1718 907 1867 972 ﬂere,
1903 924 2042 977 quo-

487 998 619 1051 tidie
666 1006 965 1052 metanmas
1012 1008 1234 1051 centum
1281 999 1676 1067 quinquaginta
1727 999 1942 1063 facere,
1995 1009 2048 1055 et

488 1088 829 1157 quingenties
854 1089 1032 1142 dicere
1061 1106 1074 1141 :
1106 1088 1343 1153 Domine,
1369 1090 1633 1144 miserere.
1658 1090 1795 1145 Nam
1827 1091 2048 1148 tristitia

487 1190 664 1249 potest
694 1179 758 1233 ad
789 1179 1181 1249 blasphemiam
1214 1180 1510 1248 impellere.

829 1339 832 1344 Ι
1010 1268 1096 1321 17.
1131 1267 1207 1321 De
1229 1269 1518 1324 homicida.

562 1357 840 1412 Homicida
907 1358 1040 1428 legis
1101 1360 1320 1429 quidem
1380 1360 1693 1430 praescripto
1763 1362 2048 1416 moriatur.

495 1447 599 1502 Sed
635 1458 855 1502 sanctus
882 1447 1122 1503 Basilius
1158 1450 1285 1504 huic
1317 1465 1586 1510 annorum
1619 1453 1928 1521 quindecim
1958 1453 2050 1508 ﬂe—

493 1547 605 1595 tum
644 1539 944 1603 constituit,
979 1549 1032 1594 et
1069 1542 1236 1596 aridis
1269 1543 1514 1597 districte
1545 1544 1692 1598 vesci
1723 1544 1850 1598 hora
1884 1559 2048 1608 nona,

494 1641 546 1684 et
572 1640 726 1688 extra
759 1634 1196 1686 communionem
1242 1650 1484 1689 manete.
1525 1633 1635 1689 Nos
1662 1637 1727 1689 ad
1760 1636 2051 1690 triennium

496 1735 763 1774 canonem
799 1723 944 1774 hunc
989 1721 1309 1792 redigimus,
1343 1725 1610 1793 siquidem
1640 1725 1969 1794 paenituerit,
1999 1733 2054 1779 et

497 1811 716 1865 alllictio
760 1812 880 1879 ejus
926 1825 1202 1882 appareat.
1237 1813 1390 1880 Quod
1430 1817 1476 1869 si
1509 1831 1722 1884 puznam
1775 1816 1915 1870 hanc
1959 1831 2051 1870 ne-

497 1901 745 1973 glexerit,
789 1902 1097 1971 quindecim
1139 1904 1298 1958 annis
1327 1904 1461 1968 luat,
1489 1916 1648 1973 prout
1677 1920 1908 1975 magnus
1944 1905 2058 1959 vult

497 1991 756 2047 Basilius.

1035 2083 1123 2136 18.
1169 2082 1239 2136 De
1276 2087 1539 2142 adultero.

570 2175 794 2230 Adulter
825 2176 1108 2230 homicidae
1145 2179 1340 2232 similis
1378 2187 1481 2233 est.
1525 2178 1658 2233 Nam
1692 2180 1783 2248 qui
1825 2179 2058 2248 proximi

501 2268 584 2319 sui
611 2268 764 2321 uxori
800 2267 1110 2328 insidiatur.
1143 2271 1385 2339 gladium
1415 2273 1708 2340 ancipitem
1752 2280 1951 2338 movet,
2001 2281 2057 2326 et

500 2358 784 2412 dissidiuut
826 2358 1050 2414 inducit.
1081 2359 1312 2416 Sanctus
1336 2363 1552 2431 quidem
1576 2363 1808 2418 Basilius
1849 2364 2058 2418 consti-

503 2452 624 2511 tuit.
653 2451 797 2507 hunc
822 2455 980 2508 annis
1009 2455 1316 2523 quindecim
1341 2457 1495 2511 arido
1525 2458 1768 2512 districte
1799 2458 1922 2512 cibo
1957 2459 2058 2521 uti,

502 2544 637 2597 hora
676 2559 840 2598 nona.
872 2542 982 2600 Nos
1022 2561 1174 2610 vero,
1223 2549 1267 2602 si
1313 2547 1509 2601 vitium
1551 2548 1839 2619 abruptum
1876 2547 2058 2612 fuerit,

503 2632 708 2688 biennii
728 2637 1354 2692 excommunicationem
1377 2639 1745 2703 decernimus,
1767 2655 1888 2693 cum
1912 2640 2063 2693 arido

505 2725 725 2778 omnino
751 2724 894 2791 cibo,
937 2735 990 2780 et
1028 2729 1314 2782 metaumis
1353 2729 1688 2797 quotidianis
1720 2730 1988 2784 ducentis.

995 2817 1079 2871 I9.
1123 2816 1200 2872 De
1225 2818 1568 2886 fornicatore.

574 2908 891 2966 Fornicator
929 2926 1025 2966 sex
1073 2914 1232 2967 annis
1277 2928 1428 2967 extra
1477 2914 1916 2968 communionem
1973 2913 2062 2979 sit,

506 2997 628 3053 cibo
657 3000 809 3054 arido
841 3016 1062 3056 vescens
1098 3003 1228 3057 hora
1257 3017 1422 3066 noua,
1457 3018 1582 3057 cum
1622 3004 1906 3057 metanoeis
1936 3019 2065 3063 cen-

1353 345 1450 406 DE
1489 345 1994 407 CONFESSIONE
2025 347 2116 407 ET
2157 349 2752 411 SATISFACTIONE.

3574 356 3712 419 1798

2660 467 2754 523 ις’.
2785 458 2922 527 Περὶ
2945 460 3167 525 λύπης.

2231 553 2287 608 Ὀ
2309 555 2372 622 τῇ
2403 551 2547 622 λύπῃ
2577 552 2963 621 βεϐυθισμένος
2997 551 3171 603 ἔοικεν
3200 549 3351 618 ἀνδρὶ
3383 549 3712 615 κλυδωνιζο-

2151 645 2292 716 μένῳ
2315 647 2372 697 ἐν
2398 644 2475 712 τῷ
2501 643 2726 710 πελάγει
2745 659 2759 672 ’
2789 642 2932 712 λύπη
2960 644 3068 711 γάρ
3099 644 3214 694 ὲστι
3241 640 3421 709 ψυχῆς
3453 642 3709 712 ξηρότης·

2157 739 2389 806 Ἀνδρος
2415 736 2524 806 γὰρ
2543 737 2818 804 ,λυπηροῦ
2842 737 3183 804 ξηραίνεται
3207 736 3356 790 ὀστᾶ
3375 753 3390 767 ·
3429 738 3558 800 Καὶ,
3588 743 3715 792 Μα-

2145 829 2296 896 κρὰν
2337 829 2596 895 ποίησον
2641 828 2760 882 ἀπὸ
2793 827 2908 881 σοῦ
2950 829 3182 895 idem)“
3219 828 3474 899 ὁρίζομεν
3523 829 3578 881 δὲ
3621 831 3714 884 τον

2144 919 2384 972 τοιοῦτον
2430 918 2782 989 προσκλαίειν
2807 919 2885 986 τῷ
2913 919 3281 988 θυσιαστηρίῳ
3325 919 3511 988 εὐχαῖς
3557 920 3713 974 ἀδιά-

2146 1009 2395 1063 λειπτον·
2453 1013 2626 1063 ποιεῖν
2691 1009 2813 1062 καθ’
2861 1010 3072 1080 ἡμέραν
3141 1011 3429 1081 μετανοίας
3492 1009 3592 1075 σν’,
3651 1013 3715 1064 τὸ

2145 1104 2320 1172 Κύριε
2333 1103 2594 1171 ἐλέησον
2611 1108 2682 1172 φ’·
2703 1102 2924 1156 δύναται
2951 1102 3059 1174 γὰρ
3085 1103 3228 1174 λύπη
3259 1103 3336 1165 είς
3359 1101 3716 1172 βλασφημίαν

2149 1193 2326 1266 ῥίψαι.

2668 1283 2752 1349 ιζ’.
2781 1284 2919 1353 Περὶ
2942 1285 3194 1354 φονέως.

2227 1377 2287 1432 '0
2311 1378 2505 1447 φονεὺς
2529 1376 2672 1430 κατά
2710 1375 2807 1443 μὲν
2837 1376 2929 1428 τὸν
2959 1378 3122 1445 νόμον
3152 1375 3576 1445 ἀποθνησκέτω·
3608 1378 3636 1429 ὁ
3659 1377 3717 1428 δὲ

2151 1471 2304 1536 ἅγιος
2351 1470 2628 1532 Βασίλειος
2674 1475 2736 1521 ιε’
2764 1468 2860 1537 ἔτη
2904 1467 3102 1538 ὥρισεν
3147 1467 3308 1521 αὑτὸν
3342 1467 3716 1536 προσκλαίειν,

2153 1563 2481 1634 ξηροφαγεῖν
2541 1563 2726 1631 ἄκρως
2779 1561 2898 1631 ὥρᾳ
2955 1560 3168 1630 ἐννάτῃ.
3209 1559 3304 1611 καὶ
3352 1557 3719 1626 ἀκοινώνητον

2153 1649 2292 1706 εἶναι
2311 1672 2324 1684 ·
2350 1655 2512 1723 ἡμεῖς
2531 1652 2588 1706 δὲ
2609 1652 2796 1722 τριετῆ
2825 1651 3013 1720 χρόνον
3034 1650 3124 1702 τὸν
3157 1649 3358 1701 κανόνα
3386 1646 3576 1700 τοῦτον
3602 1649 3720 1718 apt.

2158 1744 2342 1812 ζομεν,
2382 1744 2477 1796 tau
2516 1747 2768 1813 μετανοῇ,
2803 1744 2896 1796 καὶ
2925 1746 2952 1795 ὁ
2981 1743 3178 1812 μόχθος
3215 1740 3382 1794 αὐτοῦ
3420 1741 3714 1810 φαίνηται·

2159 1836 2253 1888 ἐὰν
2286 1836 2342 1888 δὲ
2369 1836 2565 1906 ἀμελῇ,
2605 1836 2673 1889 τὰ
2699 1841 2759 1888 ιε’
2788 1835 3073 1888 ἐκτελείτω
3104 1833 3221 1903 ἐτη,
3250 1833 3388 1886 κατά
3414 1832 3505 1885 τὸν
3541 1833 3718 1902 μέγαν

2156 1928 2457 1982 Βασίλειον.

2684 2102 2772 2174 ιη’.
2806 2103 2944 2171 Περὶ
2968 2121 3068 2172 μοι
3076 2101 3208 2169 χοῦ.

2239 2199 2298 2250 '0
2332 2196 2515 2266 μοιχὸς
2543 2197 2725 2266 ὅμοιος
2760 2194 2839 2265 τῷ
2869 2198 3020 2263 φονεῖ
3042 2213 3056 2226 ·
3087 2196 3114 2247 ὁ
3142 2193 3251 2262 γὰρ
3278 2193 3342 2262 τῇ
3375 2190 3470 2244 τοῦ
3496 2191 3725 2259 πλησίον

2159 2289 2378 2356 γυναικὶ
2420 2286 2807 2351 ἐπιϐουλεύων,
2843 2288 3115 2356 μάχαιραν
3148 2283 3398 2352 δίστομον
3429 2285 3596 2346 κινεῖ,
3629 2283 3727 2333 καὶ

2159 2375 2436 2448 χωρισμὸν
2463 2377 2733 2430 ἀποτελεῖ.
2756 2378 2864 2429 Καὶ
2891 2377 2919 2429 ὁ
2948 2377 3044 2446 μὲν
3077 2373 3232 2441 ἅγιος
3267 2374 3545 2435 Βασίλειος
3571 2371 3729 2441 (ὥρι’

2162 2471 2274 2536 σεν)
2297 2467 2389 2537 ἔτη
2420 2475 2479 2520 ιε’
2513 2468 2919 2538 ξηροφαγοῦντα
2947 2467 3130 2536 ἄκρως
3161 2465 3279 2536 ὥρᾳ
3307 2467 3532 2534 ὲννάτῃο
3559 2465 3728 2532 ἡμεῖς

2159 2561 2217 2614 δὲ
2241 2559 2337 2613 τοῦ
2378 2560 2581 2622 πάθους
2610 2557 3030 2626 ἐκκοπτομένου,
3061 2556 3209 2626 διετῆ
3259 2556 3446 2627 χρόνον
3488 2553 3726 2607 ἀκοινώ-

2161 2669 2322 2722 νητον
2365 2647 2528 2715 εἶναι,
2573 2649 2980 2720 ξηροφαγοωτα
3018 2649 3221 2719 ἄκρως,
3259 2645 3549 2716 μετανοίας
3598 2646 3726 2700 καθ’

2161 2745 2372 2816 ἡμέραν
2396 2743 2693 2805 διακοσίας.

2676 2834 2762 2887 ιϐ’.
2791 2834 2930 2902 Περὶ
2959 2836 3205 2900 πόρνου.

2263 2931 2304 2981 Ο
2350 2927 2546 2997 πόρνος
2588 2926 2648 2990 ἓξ
2694 2925 2787 2994 ἔτη
2821 2923 3203 2993 ἀκοινώνητος,
3236 2920 3560 2998 ξηροφαγῶν
3605 2921 3730 2990 ὥρᾳ

2166 3019 2379 3092 ἐννάτῃ,
2409 3020 2695 3088 μετανοίας
2724 3015 2831 3087 ρν¹³
2857 3019 2906 3072 εἰ
2940 3016 2994 3069 δὲ
3021 3015 3219 3086 ἀμελῇ,
3248 3016 3322 3086 τῷ
3353 3017 3572 3085 μεγάλῳ
3601 3017 3726 3066 sm:

507 3100 619 3142 tum
667 3091 1083 3161 quinquaginta.
1125 3091 1280 3156 Quod
1328 3093 1374 3146 si
1427 3092 1742 3161 neglexerit,
1788 3091 2061 3160 grandiori

2166 3111 2330 3180 τιμίῳ
2359 3109 2453 3166 τοῦ
2481 3109 2637 3177 ἁγίου
2671 3107 2949 3162 Βασιλείω
2976 3107 3440 3168 καταδικαζέσθω.

504 3194 677 3250 paena:
710 3182 886 3236 sancti
913 3181 1096 3236 Basilii
1133 3183 1205 3236 sit
1235 3183 1527 3236 obnoxius.

783 3273 872 3327 ‘20.
915 3273 990 3326 De
1013 3274 1366 3327 masculorum
1397 3274 1748 3338 concubitore,

578 3364 682 3431 Qui
737 3365 1124 3434 turpitudinem
1179 3381 1304 3420 cum
1370 3367 1628 3422 masculis
1686 3369 2063 3434 commiserit,

507 3454 655 3509 hunc
683 3464 906 3510 sanctus
931 3455 1164 3511 Basilius
1191 3457 1503 3527 quindecim
1541 3458 1702 3513 annis
1735 3468 1888 3519 extra
1916 3475 2069 3516 com-

507 3547 820 3601 munionem
868 3562 991 3603 esse
1043 3548 1283 3605 decrevit
1321 3549 1657 3618 jejuuantem
1713 3567 1779 3605 ac
1829 3551 2065 3607 ﬂentem.

507 3637 619 3693 Nos
662 3647 866 3704 tamen,
900 3641 1166 3708 siquidem
1205 3657 1233 3695 a
1263 3653 1487 3710 peccato
1525 3658 1585 3698 se
1623 3645 1917 3698 recessisse
1952 3660 2070 3696 cre-

509 3731 750 3788 dibiliter
773 3733 1128 3800 demonstret,
1163 3735 1382 3789 biennio
1409 3744 1613 3789 tantum
1649 3745 1796 3789 extra
1826 3750 2070 3789 commu-

511 3824 727 3878 nionem
761 3838 883 3877 eum
916 3840 1058 3886 esse,
1094 3826 1250 3879 arido
1290 3827 1410 3880 cibo
1438 3835 1679 3879 utentem
1717 3827 1852 3879 hora
1905 3841 2068 3889 nona,

506 3912 786 3980 iubemus.
815 3911 971 3978 Quod
1000 3914 1044 3967 si
1077 3929 1290 3982 poenam
1316 3915 1456 3969 hanc
1486 3916 1804 3985 neglexerit,
1837 3916 2069 3986 quinde-

511 4005 618 4059 cim
647 4018 915 4063 annorum
947 4021 1161 4075 ptenam
1198 4008 1485 4062 sustineat.

860 4095 950 4150 21.
997 4095 1073 4149 De
1121 4105 1335 4152 coeunte
1382 4113 1500 4150 cum
1543 4096 1727 4151 bestia.

585 4191 688 4259 Qui
745 4206 869 4246 cum
922 4189 1112 4245 bestiis
1154 4206 1266 4243 rem
1317 4197 1526 4259 turpem
1581 4191 1868 4253 habuerit,
1920 4191 2076 4259 juxta

516 4291 766 4342 sanctum
801 4281 1060 4334 Basilinm
1094 4279 1405 4348 quindecim
1441 4281 1600 4334 annis
1642 4293 1793 4335 extra
1833 4298 2078 4337 comnm-

517 4375 734 4426 nioncm
782 4372 906 4424 erit.
954 4368 1064 4425 Nos
1110 4379 1288 4424 tamen
1341 4370 1387 4421 si
1441 4384 1470 4421 a
1508 4369 1715 4438 ﬂagitio
1761 4371 2075 4432 cessaverit,

2583 3278 2651 3335 κ’.
2680 3278 2820 3347 Περὶ
2857 3279 3176 3348 ἀρσενοκοί
3179 3296 3306 3334 του.

2246 3373 2307 3426 '0
2338 3371 2436 3443 τὴν
2465 3371 2854 3442 ἀσχημοσύνην
2876 3374 2933 3424 ἐν
2958 3375 3069 3433 τοῖς
3092 3372 3314 3440 ἄρῤεσιν
3340 3367 3731 3439 ἐπιδεικνύμε-

2169 3482 2277 3530 νος,
2301 3465 2328 3516 ὁ
2365 3466 2461 3534 μὲν
2488 3463 2642 3531 ἅγιος
2669 3463 2946 3526 Βασίλειος
2982 3469 3041 3515 ιε’
3071 3462 3165 3532 ἐτη
3194 3460 3392 3531 ὥρισεν
3427 3461 3732 3529 ἀκοινώνη-

2168 3573 2261 3610 τον
2321 3555 2647 3624 νηστεύοντα
2688 3553 2783 3605 καὶ
2835 3551 3262 3623 προσκλαίοντα·
3314 3553 3476 3622 ἡμεῖς
3526 3552 3583 3605 δὲ
3637 3554 3734 3604 ἐὰν

2169 3649 2378 3717 ἀποστῇ
2428 3644 2519 3698 τοῦ
2557 3647 2725 3698 κακοῦ
2765 3644 2900 3715 μετὰ
2933 3643 3323 3714 πληροφορίας,
3361 3644 3508 3714 διετῆ
3540 3646 3733 3715 χρόνον

2171 3736 2552 3805 ἀκοινώνητον,
2585 3734 2995 3808 ξηροφαγοῦντα
3033 3733 3152 3805 ὦρᾳ
3189 3735 3406 3805 ὲννάτῃ,
3441 3735 3733 3804 μετανοίας

2175 3838 2218 3883 σ¹
2242 3847 2257 3862 ο
2286 3832 2333 3883 εί
2358 3831 2415 3883 δὲ
2441 3829 2637 3900 ἀμελῇ,
2663 3831 2733 3882 τὰ
2759 3827 3053 3882 δεκαπέντε
3079 3828 3174 3899 ἔτη
3211 3828 3498 3881 ἐκτελείτω
3525 3828 3586 3881 τὸ
3611 3830 3732 3881 ἐπι-

2171 3919 2370 3992 τίμιον.

2600 4095 2705 4151 κα’.
2742 4095 2882 4165 Περὶ
2923 4095 3310 4162 actm-066mm

2257 4191 2314 4244 '0
2349 4191 2406 4240 ἐν
2438 4187 2652 4257 ἀλόγοις
2680 4189 2777 4254 τὴν
2806 4186 3190 4257 ἀσχημοσύνην
3219 4185 3561 4255 ποιούμενος.
3596 4185 3734 4237 κατὰ

2175 4283 2266 4335 τὸν
2328 4283 2479 4349 ἅγιον
2537 4279 2812 4333 Βασίλειον
2867 4283 2927 4330 ιε’
2974 4276 3065 4345 ἔτη
3125 4273 3485 4344 ἀκοινώνητος
3543 4275 3734 4325 ἔσται’

2176 4374 2335 4440 ἡμεῖς
2396 4371 2452 4422 δὲ
2510 4370 2603 4423 ὲάν
2668 4368 2758 4421 τοῦ
2808 4366 2978 4420 κακοῦ
3032 4367 3267 4434 ἀποστῇ,
3328 4366 3475 4434 διετῆ
3542 4365 3742 4435 χρόνον,

518 4463 722 4517 biennii
778 4460 1403 4516 excommunicationem
1467 4461 1513 4513 ei
1574 4461 1887 4523 inferimus,
1950 4478 2061 4515 cnir

2178 4437 2537 4532 ἀκοινώνητον
2601 4456 2738 4513 εἶναι
2797 4458 3071 4529 ὁρίζομεν,
3136 4457 3550 4528 ξηροφαγοῦντα
3615 4459 3738 4527 ὥρα

517 4553 672 4607 arido
697 4552 820 4607 cibo
859 4552 991 4606 hora
1025 4565 1188 4611 nona,
1225 4559 1276 4602 et
1306 4565 1429 4602 cum
1478 4551 1766 4603 metantnis
1807 4551 2076 4604 ducentis.

519 4645 672 4712 Quod
722 4645 766 4699 si
818 4642 1137 4714 neglexerit,
1181 4640 1492 4711 quindecim
1546 4656 1814 4694 annorum
1860 4654 2077 4710 poenam

519 4737 750 4806 expleat.

1058 4827 1148 4880 22.
1193 4825 1269 4879 De
1299 4827 1518 4879 incestu.

590 4923 693 4988 Qui
730 4923 782 4974 in
821 4935 1062 4975 sororem
1095 4920 1371 4988 propriam
1417 4919 1602 4987 lapsus
1640 4916 1821 4982 fuerit,
1849 4917 2078 4986 quinde-

521 5015 625 5070 cim
661 5015 820 5067 annis
851 5011 1236 5066 communione
1277 5019 1478 5071 careat,
1511 5019 1672 5078 prout
1701 5011 1811 5062 vult
1844 5026 2074 5078 magnus

525 5103 779 5156 Basilius.
827 5101 939 5155 Nos
983 5111 1188 5163 tamen,
1220 5103 1265 5154 si
1297 5100 1545 5167 posthinc
1571 5099 1773 5167 ﬂagitio
1803 5100 2079 5153 abstinue-

521 5196 614 5258 rit,
651 5193 971 5246 triennalem
1006 5207 1220 5261 poenam
1259 5190 1602 5244 decernimus
1639 5192 1776 5245 aridi
1809 5192 1914 5246 cibi
1947 5192 2078 5245 hora

524 5300 689 5351 nona,
719 5300 845 5339 cum
882 5284 1129 5338 ducentis
1164 5283 1467 5338 metancnis.

915 5377 1006 5430 23.
1049 5375 1122 5428 De
1146 5376 1345 5428 incestu
1374 5392 1492 5427 cum
1529 5391 1689 5427 nuru.

598 5467 699 5534 Qui
744 5468 796 5521 in
841 5482 1037 5519 nurum
1066 5467 1248 5534 lapsus
1280 5466 1463 5529 fuerit,
1513 5466 1765 5520 undecim
1816 5467 1972 5521 annis
2011 5483 2076 5520 ex

526 5560 701 5615 sancti
747 5558 930 5612 Basilii
977 5559 1244 5613 sententia
1298 5567 1451 5612 extra
1496 5560 1930 5613 communionem
1982 5560 2070 5614 sit.

601 5737 797 5793 'Prov.
834 5754 962 5800 xm,
994 5737 1062 5789 ‘35
1096 5753 1174 5804 gr.
1253 5738 1270 5768 ⁵
1299 5734 1458 5790 Eccli.
1498 5752 1622 5796 xxx,
1653 5735 1740 5789 Ἡ,

2173 4552 2385 4627 ὲννὰτῃ,
2415 4552 2700 4622 μετανοίας
2729 4555 2773 4601 σ¹
2796 4564 2809 4578 ·
2843 4551 2890 4601 εἰ
2920 4549 2977 4602 δὲ
3007 4547 3203 4619 ἀμελῇ,
3226 4550 3295 4601 τά
3324 4549 3383 4600 ιε’
3411 4548 3506 4617 ἐτη
3533 4547 3736 4616 φυλατ-

2171 4644 2331 4697 τέτω.

2315 4824 2418 4893 κβ’.
2451 4822 2591 4889 Περὶ
2617 4821 3046 4890 ἀδελφομιείας
3075 4820 3206 4888 ἤτοι
3230 4819 3590 4888 αἱμομιξίας.

2264 4916 2322 4969 Ὀ
2346 4918 2421 4977 είς
2451 4914 2681 4984 ἀδελφὴν
2713 4913 2845 4965 ἰδίαν
2872 4913 3182 4980 ἐμπίπτων,
3224 4911 3283 4963 ιε’
3314 4911 3407 4978 ἐτη
3437 4908 3744 4977 ἀκοινώνη-.

2181 5025 2270 5070 τος
2292 5006 2430 5059 κατὰ
2448 5006 2538 5058 τὸν
2565 5007 2734 5074 μέγαν
2760 5002 3035 5055 Βασίλειον
3059 5018 3073 5032 ·
3102 5001 3219 5054 καθ’
3243 5002 3385 5071 ἡμᾶς
3410 5001 3464 5052 δὲ
3489 5000 3586 5051 ἐάν
3608 5001 3740 5050 ἁπο-

2186 5101 2282 5167 στῇ
2325 5095 2418 5149 τοῦ
2444 5095 2634 5158 κακοῦ,
2673 5095 2856 5166 τριετῆ
2884 5094 3073 5164 χρόνον
3103 5091 3464 5162 ὲπιτιμάσθω,
3501 5092 3739 5160 ξηροφα-

2181 5188 2294 5255 γῶν
2326 5188 2443 5257 ὥρᾳ
2475 5187 2688 5256 ἑννάτῃ,
2719 5185 3006 5254 μετανοίας
3037 5181 3082 5235 α’
3102 5200 3115 5213 ο
3150 5183 3244 5237 ὲάν
3277 5183 3332 5234 δὲ
3356 5181 3552 5251 ἀμελῇ,
3583 5180 3651 5231 τὰ
3682 5176 3741 5230 ιε’

2183 5282 2274 5352 ἔτη
2298 5281 2601 5333 ἑκτελείτω.

2374 5371 2480 5440 κγ’.
2512 5371 2648 5439 Περὶ
2674 5371 2912 5439 νύμφης
2939 5369 3156 5434 οίκείας
3180 5365 3534 5437 αἱμομιξίας.

2264 5465 2324 5516 ’0
2354 5466 2430 5528 εἰς
2464 5464 2677 5533 νύμφην
2707 5465 3012 5532 ἐμπίπτων,
3057 5468 3124 5515 ια’
3165 5460 3259 5531 ἐτη
3295 5459 3432 5512 κατά
3461 5459 3553 5510 τὸν
3584 5457 3740 5524 ἅγιον

2185 5561 2459 5622 Βασίλειον
2502 5556 2860 5629 ἀκοινώνητος
2902 5558 3046 5611 ἐστιν
3070 5571 3082 5586 ⁸
3114 5556 3273 5626 ἡμεῖς
3302 5554 3357 5607 δὲ
3389 5554 3482 5606 ὲάν
3526 5552 3744 5620 ἀπο-,ῖτῇ
