3968 6472
263 424 407 489 1729

1450 431 1508 490 S.
1545 429 1934 490 THEODORI
1976 429 2318 490 STUDIT/E

3366 427 3500 492 1730

261 535 360 588 τοῦ
419 532 617 598 κακοῦ,
667 532 814 603 διετῆ
865 533 1057 604 χρόνον
1091 535 1457 608 ἀκοινώνητον
1485 533 1626 590 εἶναι
1667 555 1836 608 προσ-

1954 537 2050 590 Nos
2088 548 2295 602 autem,
2343 535 2386 589 si
2423 534 2686 604 ﬂagitium
2732 533 3125 596 emendaverit,
3159 533 3379 588 biennio
3405 552 3498 589 ca-

259 624 560 691 τάσσομεν,
630 622 1043 694 ξηροφαγοῦντα
1095 624 1214 695 ὥρᾳ
1280 626 1500 697 ὲννάτῃ,
1553 627 1838 696 μετανοίας

264 715 527 767 ποιοῦντα
589 715 674 766 τ’·
737 717 787 768 εἰ
841 715 898 768 δὲ
953 717 1129 788 άμελῇ
1189 719 1383 771 τούτου
1437 717 1534 772 τοῦ
1588 720 1835 785 κανόνος,

265 807 367 858 καὶ
397 807 636 878 ἐπιμένῃ
661 809 726 876 τῇ
752 808 940 878 κακία,
972 808 1040 862 τά
1081 816 1147 862 ια’
1178 808 1272 880 ἔτη
1299 810 1590 864 ὲκτελείτω
1629 812 1692 864 τὸ
1721 813 1841 865 ἐπι-

263 914 315 948 τι
326 915 472 967 μιον.

763 985 863 1042 κδ’.
889 989 1027 1054 Περὶ
1060 991 1344 1048 κλέπτου.

353 1079 413 1131 '0
471 1079 734 1149 κλέπτης,
792 1082 842 1132 εἰ
905 1081 978 1152 μὴ
1027 1082 1338 1155 ἐξαγγείλῃ,
1387 1086 1552 1156 φησὶν
1610 1088 1640 1139 ὁ
1688 1086 1842 1154 ἆγιος

270 1169 577 1232 Βασίλειος,
642 1169 732 1221 δύο
786 1169 950 1238 μόνας
1002 1171 1300 1239 ἑϐδομάδας
1347 1175 1731 1243 ὲπιτιμάσθω·
1792 1175 1840 1226 εί

268 1262 329 1312 δὲ
396 1261 527 1327 παρ’
583 1260 744 1314 ἄλλον
797 1261 1048 1330 ἐλεγχθῇ,
1096 1261 1246 1332 διετῆ
1300 1264 1526 1334 χρόνονο
1573 1267 1734 1334 ἡμεῖς
1784 1265 1842 1317 δὲ

273 1358 326 1418 μ’
372 1351 587 1420 ἡμέρας
627 1351 902 1422 ὁρίζομεν,
942 1353 1272 1422 ξηροφαγεῖν
1305 1355 1423 1427 ὥρᾳ
1451 1355 1516 1419 θ’,
1547 1358 1647 1410 καὶ
1678 1374 1843 1420 μετα-

269 1442 424 1504 νοίας
482 1446 659 1495 ποιεῖν
718 1441 784 1514 ρ’,
837 1445 1238 1515 ἐκκοπτομένου
1291 1447 1534 1518 δηλονότι
1587 1449 1683 1502 τοῦ
1734 1449 1843 1503 πά-

271 1532 424 1596 θους.

712 1624 808 1679 κε’.
837 1627 980 1695 Περὶ
1006 1630 1417 1697 τυμϐωρύχου.

356 1714 414 1767 ’0
444 1716 815 1787 τυμϐώρυχος,
844 1719 985 1771 κατὰ
1022 1719 1114 1772 τὸν
1155 1721 1310 1787 ἅγιον
1345 1721 1621 1773 Βασίλειον
1658 1721 1718 1774 ιε’
1749 1723 1841 1794 ἐτη

270 1805 637 1877 ἀκοινώνητος
652 1809 824 1862 ἔσται·
847 1812 1007 1880 ἡμεῖς
1021 1811 1077 1864 δὲ
1089 1812 1183 1864 τοῦ
1202 1812 1404 1875 πάθους
1422 1813 1842 1883 ἐκκοπτομένου,

269 1893 518 1949 ἐνιαυτὸν
559 1900 920 1970 ἀκοινώνητον
950 1897 1097 1954 εἶναι
1127 1903 1404 1974 ὁρίζομεν,
1435 1903 1845 1976 ξηροφαγοῶιτα

270 1986 395 2058 ὥρα
423 1986 493 2054 Θ¹,
516 1990 774 2044 ποιοῦντα
804 1993 1090 2060 μετανοίας
1118 1999 1183 2049 σθ,

504 2170 617 2236 κς·’.
649 2173 786 2242 Περὶ
809 2176 1086 2244 γοητείας
1109 2176 1206 2231 καί
1231 2180 1619 2248 φαρμακείας.

345 2260 414 2313 '0
439 2260 697 2332 γοητείαν
724 2267 816 2317 καὶ
845 2267 1192 2336 φαρμακείαν
1215 2269 1571 2340 ἐξαγορεύων,
1593 2271 1733 2324 κατὰ
1754 2272 1844 2325 τὸν

270 2349 430 2420 ἅγιον
481 2355 762 2410 Βασίλειον
808 2365 868 2410 ιε’
907 2359 1002 2426 ἐτη
1047 2360 1372 2430 ξηροφαγῶν
1415 2362 1570 2416 ἔσται
1615 2363 1733 2434 ὦρα
1759 2362 1842 2416 θ’·

267 2444 436 2510 ἡμεῖς
483 2445 541 2498 δὲ
580 2447 769 2516 τριετῆ
813 2448 1004 2519 χρόνον
1033 2451 1289 2522 ὁρίζομεν
1325 2454 1416 2506 τὸν
1451 2454 1615 2506 αὑτὸν
1643 2454 1846 2506 κανόνα

274 2537 418 2604 μετὰ
473 2537 534 2589 τὸ
584 2540 887 2609 ἀποστῆναι
936 2542 1036 2610 τῆς
1078 2543 1372 2615 ἁμαρτιας,
1412 2547 1506 2599 καὶ
1556 2545 1844 2617 μετανοίας

269 2629 448 2679 ποιεῖν
480 2627 604 2680 καθ’
639 2629 853 2699 ἡμέραν
885 2631 1186 2696 διακοσίας.

543 2804 650 2868 κζ’.
683 2807 824 2875 Περὶ
860 2809 1134 2876 γοητείας
1159 2810 1256 2864 καὶ
1277 2812 1580 2881 μαντείας.

343 2897 448 2948 Τὸν
484 2897 710 2965 μάντεσι
744 2901 1202 2970 προσερχόμενον,
1251 2905 1279 2956 ὁ
1329 2904 1427 2972 μὲν
1478 2905 1650 2973 μέγας
1680 2905 1843 2959 Βασί-

269 2988 414 3052 >.ειος
446 2998 505 3043 ιε’
538 2990 631 3059 ἔτη
663 2990 865 3059 ὥρισεν
895 2993 1255 3064 ἀκοινώνητον
1282 2991 1454 3048 εἶναι’
1486 2997 1644 3068 ἡμεῖς
1671 2997 1727 3049 δὲ
1753 2999 1848 3052 τὸν

273 3080 621 3148 προλαϐόντα
644 3083 844 3136 κανὸνα
865 3082 956 3137 τὸν
978 3085 1106 3152 περὶ
1130 3086 1504 3156 φαρμακειῶν,
1532 3090 1842 3144 ἀποστάντα

271 3168 372 3238 τῆς
401 3169 660 3240 τοιαύτης
692 3171 979 3242 ἐργασίας.

626 3349 733 3412 κη’.
760 3343 896 3412 Περὶ
926 3343 1152 3414 ἀγαθοῦ
1180 3345 1324 3410 βίου
1358 3347 1476 3419 (2‘).

349 3434 417 3486 Εἰ
437 3451 522 3496 τις
558 3434 803 3504 βούλοιτο
845 3436 959 3506 βίον
991 3438 1262 3507 ἀτάραχον
1302 3441 1392 3493 καὶ
1417 3439 1666 3509 ἀκύμονα
1694 3442 1846 3496 ὁδεῦ-

275 3542 391 3588 σαι,
441 3525 746 3593 λογιζέσθω
806 3526 999 3580 ἑαυτὸν
1060 3530 1164 3599 γῆν
1222 3530 1316 3582 καὶ
1374 3531 1584 3595 σποδὸν,
1624 3533 1720 3587 καὶ
1756 3537 1846 3587 εὑ-

276 3619 606 3689 χαριστείτω
653 3620 729 3683 ὡς
782 3621 1011 3689 ἄγγελος
1057 3623 1226 3678 Θεοῦ·
1272 3627 1318 3678 εί
1367 3625 1426 3679 δὲ
1463 3628 1640 3698 συμϐῇ
1676 3645 1847 3681 κατα-

274 3711 509 3780 λαλῆσαι
552 3711 735 3776 αὑτὸν,
762 3712 1032 3781 ἑϐδομάδα
1074 3715 1204 3784 μίαν
1248 3716 1641 3787 ξηροφαγείτω,
1679 3737 1844 3789 μετα-

277 3803 425 3865 νοίας
481 3803 650 3857 ποιῶν
709 3806 1068 3876 πεντήκοντα,
1113 3805 1188 3870 ὡς
1220 3809 1314 3862 τοῦ
1355 3809 1489 3863 Θεοῦ
1535 3811 1841 3883 καταλαλή-

280 3910 396 3956 σας.

1938 643 2058 681 rere
2090 627 2479 681 communione
2507 628 2781 690 jubemus,
2832 625 3000 678 aridis
3031 633 3338 678 vescentem
3370 626 3501 679 hora

1940 730 2102 778 nona,
2138 731 2262 770 cum
2309 714 2598 769 metanoeis
2626 715 2904 768 trecentis.
2942 713 3098 778 Quod
3134 714 3180 768 si
3215 716 3360 768 hunc
3408 731 3506 768 no-

1941 813 2114 856 strum
2149 819 2414 857 canonem
2443 804 2763 872 neglexerit,
2799 813 2851 856 et
2882 804 2933 855 in
2965 805 3095 857 vitio
3122 819 3506 872 perseverave-

1940 894 2031 959 rit,
2065 893 2314 948 undecim
2357 893 2514 947 annis
2549 908 2762 961 paanam
2795 892 2950 945 ferat.

2529 985 2621 1038 24.
2662 985 2743 1038 De
2781 986 2918 1054 fure.

2008 1074 2138 1140 Fur,
2161 1075 2208 1130 si
2233 1075 2461 1147 ipsemet
2496 1076 2781 1131 confessus
2810 1075 2997 1139 tuerit,
3030 1076 3265 1130 duarum
3296 1086 3504 1130 tantum

1941 1167 2403 1223 hebdomadarum
2434 1184 2648 1238 ptenam
2689 1168 2845 1232 (erat,
2884 1169 3062 1237 inquit
3094 1177 3316 1223 sanctus
3352 1167 3504 1220 Basi-

1942 1261 2045 1316 lius
2076 1279 2088 1316 :
2115 1261 2261 1330 quod
2304 1261 2350 1317 si
2379 1263 2447 1315 ab
2487 1261 2610 1316 aliis
2655 1260 2785 1314 furti
2833 1271 3130 1330 coargutus
3158 1261 3343 1321 iucrit,
3373 1261 3510 1314 dno-

1943 1371 2062 1408 rum
2095 1370 2389 1409 annorum.
2440 1354 2555 1410 Nos
2586 1365 2766 1408 tamen
2795 1355 3156 1422 quadraginta
3185 1353 3376 1407 diebus
3410 1369 3505 1404 vo-

1942 1448 2125 1501 lumus
2171 1463 2297 1500 eum
2353 1448 2522 1501 aridis
2580 1446 2724 1500 vesci
2765 1446 2897 1498 hora
2945 1461 3107 1509 nona,
3159 1459 3284 1498 cum
3334 1453 3506 1497 meta—

1944 1534 2084 1589 nceis
2123 1545 2342 1588 centum
2369 1552 2384 1600 ;
2417 1535 2462 1589 si
2500 1544 2644 1589 certe
2671 1551 2700 1587 a
2730 1532 2860 1587 vitio
2890 1534 3203 1588 cessaverit.

2247 1627 2336 1681 25.
2379 1626 2452 1680 De
2485 1627 2841 1696 sepulcrorum
2876 1624 3192 1692 prazdatore.

2018 1714 2410 1785 Sepulcrorum
2459 1717 2750 1784 praedator,
2796 1717 2952 1785 juxta
2996 1717 3179 1768 divum
3230 1715 3508 1774 Basiliam,

1947 1806 2262 1875 quindecim
2293 1806 2454 1862 annis
2494 1815 2645 1860 extra
2679 1807 3121 1860 communionem
3156 1804 3375 1858 futurus
3405 1812 3507 1857 est.

1877 1879 1917 1935 Β
1945 1897 2059 1952 Nos
2101 1907 2306 1962 tamen,
2347 1897 2481 1952 vitio
2513 1898 2825 1962 emendato,
2861 1912 3005 1952 anno
3037 1912 3148 1950 uno
3174 1907 3325 1950 extra
3356 1911 3510 1949 com-

1944 1991 2261 2044 munionem
2295 2003 2417 2043 esse
2443 1989 2812 2050 decernimus,
2843 2004 2969 2043 cum
3016 1989 3170 2043 arido
3213 1988 3338 2043 cibo
3377 1987 3512 2041 hora

1945 2097 2108 2146 nona,
2137 2090 2192 2136 et
2231 2082 2514 2136 metanoeis
2552 2081 2847 2135 trecentis.

1941 2172 2033 2226 26.
2085 2172 2160 2226 De
2195 2174 2602 2225 incantamentis
2659 2181 2706 2225 et
2758 2172 3019 2240 veneﬁciis
3068 2187 3159 2224 seu
3200 2172 3509 2240 prazstigiis.

2014 2261 2118 2328 Qui
2166 2263 2568 2316 incantamenta
2612 2270 2667 2316 et
2726 2264 2985 2318 veneﬁcia
3030 2278 3126 2318 seu
3183 2265 3510 2333 praestigias,

1944 2357 2259 2417 conﬁtetur,
2301 2354 2350 2409 is
2398 2353 2554 2421 juxta
2600 2367 2849 2410 sanctum
2889 2355 3149 2410 Basilium
3202 2356 3510 2425 quindecim

1943 2444 2104 2499 annis
2153 2455 2405 2500 vescetur
2452 2446 2577 2501 cibo
2628 2447 2781 2501 arido
2826 2448 2958 2501 hora
3002 2463 3166 2500 nona.
3219 2446 3330 2500 Nos
3385 2462 3514 2500 vero

1943 2537 2196 2591 eumdem
2229 2552 2497 2592 canonem
2533 2539 2600 2592 ad
2643 2539 2937 2592 triennium
2974 2550 3340 2602 coarctainus,
3363 2547 3512 2606 post-

1944 2644 2110 2697 quam
2155 2629 2316 2683 homo
2357 2645 2386 2683 a
2431 2638 2654 2699 peccato
2703 2631 3011 2696 recesserit,
3060 2646 3184 2684 eum
3226 2630 3511 2684 metanoeis

1944 2722 2189 2790 quotidie
2223 2722 2495 2776 ducentis.

2166 2813 2256 2866 27.
2301 2811 2373 2866 De
2401 2813 2809 2870 incantamentis
2852 2824 2901 2868 et
2943 2815 3286 2868 divinatione.

2014 2900 2076 2954 Ei
2127 2903 2223 2972 qui
2282 2903 2351 2957 ad
2408 2915 2562 2958 vates
2619 2907 2931 2968 accesserit,
2984 2921 3213 2975 magnus
3277 2903 3512 2959 Basilius

1943 2993 2251 3061 quindecim
2287 3011 2557 3050 annorum
2589 2997 3214 3052 excommunicationem
3247 2998 3508 3052 decrevit.

1945 3082 2057 3140 Nos
2105 3095 2289 3141 tamen
2338 3087 2386 3141 ei
2437 3103 2651 3157 prunam
2705 3099 2914 3142 tantum
2950 3087 3308 3158 praecedentis
3342 3089 3513 3142 nostri

1872 3153 1915 3212 ο
1947 3178 2176 3232 canonis
2206 3178 2273 3231 de
2315 3179 2591 3234 veneliciis
2629 3191 2722 3234 aut
2753 3181 3045 3250 prestigiis
3077 3180 3429 3248 imponimus,
3467 3179 3515 3234 si

1947 3269 2015 3322 ab
2045 3267 2363 3338 hujusmodi
2403 3285 2564 3339 opere
2593 3286 2651 3326 se
2680 3273 2990 3327 retraxerit.

2467 3361 2560 3417 28.
2605 3363 2679 3416 De
2703 3365 2837 3417 bona
2867 3365 2997 3418 vita.

2021 3451 2077 3507 Si
2121 3453 2246 3523 quis
2295 3455 2410 3508 vult
2444 3455 2898 3523 imperturbatum
2941 3457 3104 3509 vitam
3137 3464 3192 3510 et
3241 3454 3511 3523 tranquil-

1946 3543 2052 3597 lam
2090 3546 2412 3614 transigere,
2455 3546 2736 3599 existimet
2775 3563 2832 3600 se
2862 3562 2984 3600 esse
3023 3556 3224 3599 terram
3262 3562 3326 3600 ac
3367 3546 3517 3601 cine-

1955 3649 2088 3696 rem,
2118 3635 2433 3704 gratiasque
2468 3645 2594 3704 agat
2645 3635 2800 3705 quasi
2850 3637 3078 3705 angelus
3129 3636 3241 3688 Dei.
3281 3635 3431 3701 Quod
3470 3635 3514 3689 si

1951 3726 2245 3794 aliquando
2296 3728 2519 3795 obloqui
2564 3727 2612 3782 ei
2661 3729 2971 3797 contigerit,
3019 3728 3355 3781 hebdomada
3409 3744 3512 3780 una

1951 3828 2202 3872 vescatur
2243 3819 2432 3883 aridis,
2475 3830 2774 3875 metanams
2807 3820 2970 3875 simul
3005 3821 3213 3875 faciens
3240 3823 3516 3889 quinqua-

1955 3907 2124 3975 ginta,
2152 3923 2251 3961 ceu
2279 3907 2326 3960 si
2355 3918 2556 3962 contra
2582 3908 2745 3963 Deum
2775 3910 3061 3964 oblocutns
3096 3908 3308 3963 fuisset.

1479 4281 2305 4386 QUESTIONES.

1842 4501 1913 4514 ρ.

289 4614 404 4669 Τοῦ
431 4617 607 4670 ὁσίου
637 4616 865 4700 ΙΖατρὸς
887 4616 1073 4700 mulir.
1094 4617 1191 4670 καὶ
1237 4621 1602 4700 ὁμολογίητῴ
1633 4617 1842 4700 Θεοδώ-

1959 4623 2143 4680 Sancti
2169 4627 2348 4681 Patris
2393 4628 2560 4700 nostri
2596 4637 2640 4680 rt
2668 4629 2977 4694 confessoris
3011 4628 3267 4700 Theodori
3297 4632 3510 4700 presby-

337 4703 451 4753 pov
491 4687 894 4753 πρεσϐυτέρου
921 4687 1017 4739 καὶ
1043 4688 1377 4754 ἡγουμένου
1406 4687 1521 4742 τῶν
1555 4696 1598 4744 Σ
1605 4694 1840 4746 τουδίου

343 4755 478 4820 περὶ
506 4756 849 4822 ἐρωτήσεως
878 4757 974 4809 καί
1002 4755 1119 4809 τῶν
1140 4759 1358 4823 ταύτης
1381 4759 1716 4815 διαλύσεων
1736 4776 1843 4816 κα-

344 4826 521 4890 νόνες
550 4826 954 4894 συλλεγέντες
995 4827 1129 4894 παρ’
1157 4829 1362 4882 αὑτοῦ.

345 4908 502 4991 [Cod.
537 4917 655 4972 Vat.
680 4919 784 4972 840
812 4918 846 4972 f.
882 4919 986 4972 202
1017 4919 1097 4990 b.]
1129 4919 1198 4974 α’.
1241 4919 1579 4989 Ἐρώτησις.
1624 4923 1711 4975 Ἐν
1730 4925 1843 4987 τοῖς

274 5015 574 5076 συνοδικοῖς
598 5014 786 5066 κανόσι
813 5017 923 5078 τοῖς
948 5015 1111 5078 θείοις
1137 5017 1441 5088 γέγραπται
1471 5019 1597 5088 περὶ
1623 5019 1720 5086 τῆς
1750 5037 1841 5090 με-

273 5106 446 5175 γάλης
480 5107 759 5176 πέμπτης,
805 5107 886 5159 ὅτι
929 5107 988 5159 οὑ
1020 5107 1100 5160 δεῖ
1133 5109 1189 5160 ὲν
1219 5111 1283 5178 τῇ
1321 5114 1725 5180 τεσσαρακοστῇ
1773 5114 1841 5181 τῇ

275 5199 544 5269 ὑστεραία
574 5200 825 5269 ἑϐδομάδι
846 5201 942 5269 τὴν
971 5203 1412 5272 τεσσαρακοστὴν
1448 5203 1763 5271 ἀτιμάζειν·
1797 5206 1846 5256 ει

271 5282 364 5337 οὖν
385 5286 558 5348 οὕτως
584 5289 699 5340 ἐστὶ
722 5292 832 5355 τοῖς
861 5290 1026 5352 θείοις
1051 5291 1268 5343 κανόσιν
1292 5292 1843 5362 ὲμπεριειλημμένον,

273 5376 392 5440 πῶς
443 5379 602 5447 ἡμεῖς
653 5381 994 5450 καταλύομεν
1031 5385 1129 5452 τὴν
1184 5382 1424 5452 μεγάλην
1470 5383 1726 5454 πέμπτην
1767 5387 1846 5446 είς

277 5470 453 5524 ἔλαιον
479 5473 574 5525 καὶ
603 5469 743 5526 οἶνον
763 5491 778 5539 ;

2026 4700 2126 4750 teri
2165 4709 2212 4749 et
2253 4699 2523 4771 pra'post'ti
2572 4703 2943 4771 monac/tantm
2991 4698 3170 4771 Slntlii
3208 4701 3269 4753 de
3297 4698 3509 4771 quibus-

2020 4772 2142 4820 dam
2167 4769 2544 4836 qawstionibus
2573 4785 2797 4820 canones
2827 4768 2889 4820 ab
2915 4785 2974 4821 co
3003 4769 3229 4822 collecti.

2020 4927 2073 4979 ’l.
2113 4927 2492 4998 Interrogatio.
2536 4928 2593 4982 In
2631 4930 2808 4983 sacris
2840 4929 3172 5000 synodorum
3205 4929 3511 4982 canonibus

1947 5019 2211 5087 scriptum
2240 5028 2324 5074 est
2350 5020 2415 5073 de
2461 5034 2652 5087 magna
2695 5021 2826 5074 feria
2856 5019 3068 5086 quinta,
3104 5035 3211 5072 non
3260 5028 3512 5085 Oportere

1953 5111 2006 5163 in
2049 5111 2490 5182 quadragesima,
2555 5114 2748 5166 ultima
2797 5111 3155 5169 hebdomada.
3198 5111 3398 5178 quintae
3431 5110 3511 5164 fe-

1952 5202 2047 5255 riae
2077 5203 2286 5258 solvere
2306 5204 2599 5274 jejunium,
2637 5214 2801 5272 atque
2843 5204 2914 5256 ita
2969 5212 3132 5256 totam
3161 5200 3513 5270 quadragesi-

1952 5311 2095 5348 mam
2131 5297 2477 5350 inhonorare.
2528 5295 2584 5349 Si
2631 5310 2759 5364 ergo
2808 5296 2860 5349 in
2899 5293 3072 5347 sacris
3103 5292 3404 5345 canonibus
3439 5291 3509 5342 ita

1952 5399 2040 5438 res
2072 5401 2129 5438 se
2170 5386 2350 5450 habet,
2385 5402 2482 5438 cur
2518 5401 2618 5439 nos
2654 5386 2706 5438 in
2755 5398 2949 5454 magna
2993 5382 3126 5437 feria
3159 5381 3347 5450 quinta
3388 5380 3508 5433 oleo

1936 5476 2143 5530 utimur
2169 5487 2331 5546 atque
2369 5478 2544 5531 vino?

1755 5654 1983 5710 NOT.-1'I.

345 5764 455 5833 (2")
495 5765 611 5822 Huc
666 5769 807 5823 refer
858 5779 1019 5840 caput
1063 5770 1572 5839 prmstantissimum
1632 5766 1991 5823 Benedictime
2034 5768 2252 5838 Regulae
2277 5780 2486 5825 sextum
2529 5769 2592 5824 de
2631 5767 2787 5824 bonis
2854 5764 3101 5836 operibus
3159 5777 3251 5817 seu
3280 5760 3503 5816 debona

277 5837 406 5885 vita.
