3968 6448
501 339 630 404 1731

1281 340 1849 403 RESPONSIONES
1886 341 1984 402 AD
2023 338 2556 403 INTERROGATA
2593 344 2943 415 QUAEDAM.

3583 341 3718 406 1732

567 451 870 521 Responsio.
927 450 1070 506 Olim
1109 449 1326 521 quidem
1378 466 1445 505 ex
1504 451 1737 519 quadam
1789 449 2054 520 peculiari

2241 451 2591 518 Ἀπόκρισις.
2619 451 2790 503 Πάλαι
2824 451 2923 520 μὲν
2947 449 3010 502 ἐκ
3041 467 3184 512 τινος
3208 451 3490 522 συνηθείας
3514 453 3716 505 ἰδιωτι-

493 545 892 600 consuetudine
931 544 986 599 in
1034 559 1228 614 magna
1270 543 1406 598 feria
1444 544 1636 613 quinta
1670 543 1920 597 homines
1964 556 2059 596 co-

496 639 782 692 medehant
818 637 1037 692 caseum
1065 646 1118 692 et
1150 652 1274 691 ova.
1316 636 1514 691 Verum
1540 637 1633 706 qui
1671 644 1856 705 postea
1889 635 2060 689 exsti-

496 735 682 782 terunt
709 729 916 791 Patres,
949 726 1262 797 praedictam
1299 743 1412 782 rem
1463 726 1754 782 absurdam
1801 736 2061 795 reputan-

498 828 601 880 tes,
649 833 915 873 canonem
970 819 1117 873 hunc
1161 818 1489 885 ediderunt;
1548 833 1725 888 neque
1777 827 1956 872 tamen
1993 818 2062 873 de

497 909 618 963 oleo
646 908 880 978 vinoque
920 908 972 963 id
1005 909 1402 978 intelligebant.
1446 907 1661 962 Etenim
1702 917 1787 961 est
1812 909 1927 962 haec
1968 922 2062 961 su-

499 1001 754 1058 stentatio
796 1008 851 1054 et
893 1000 1137 1054 solamen
1186 1016 1252 1055 ex
1285 1015 1494 1056 summa
1557 999 1846 1054 aﬂlictione
1870 997 2060 1068 jejunii

497 1108 687 1149 eorum
720 1092 812 1161 qui
842 1092 1025 1146 divina
1053 1095 1313 1163 mysteria
1347 1101 1591 1147 sumunt.

569 1182 624 1237 2.
667 1181 779 1236 Int.
825 1182 1091 1238 Similiter
1122 1182 1190 1238 de
1222 1192 1410 1237 sancta
1438 1182 1755 1236 Pentecoste
1797 1180 2059 1250 scriptum

499 1284 605 1335 est,
641 1290 710 1330 ne
752 1292 893 1346 genu
941 1275 1224 1331 ﬂectamus
1280 1291 1414 1329 neve
1466 1274 1690 1328 omnino
1731 1273 2060 1342 jejunemus.

499 1366 612 1421 Cur
654 1382 784 1436 ergo
815 1369 905 1436 qui
942 1369 995 1422 in
1044 1368 1159 1422 suis
1198 1367 1350 1421 cellis
1397 1367 1660 1429 resident,
1712 1365 1764 1419 id
1801 1380 1908 1418 non
1945 1379 2061 1418 ser-

498 1465 650 1520 vant,
682 1459 776 1512 sed
819 1467 872 1512 ct
893 1459 1164 1529 jejunant,
1203 1468 1256 1513 et
1291 1473 1430 1529 genu
1462 1458 1686 1512 ﬂectunt
1717 1463 1827 1511 tota
1857 1455 2063 1511 hebdo—

500 1551 680 1617 mada,
708 1556 933 1622 excepto
962 1552 1220 1606 nimirum
1269 1551 1507 1606 Sabbato
1531 1565 1593 1605 ac
1621 1550 1708 1604 die
1740 1547 2063 1604 Dominico?

568 1727 723 1797 Resp.
764 1728 1043 1800 Evangelii
1069 1728 1407 1800 praedicatio,
1438 1727 1745 1784 communis
1765 1742 1887 1783 cum
1917 1733 2062 1780 esset

2158 542 2262 610 κῆς
2285 545 2349 613 τῇ
2377 543 2584 614 μεγάλῃ
2611 543 2837 614 πέμπτῃ
2859 543 3035 594 ἔσθων
3056 545 3105 595 οἱ
3130 542 3404 612 ἄνθρωποι
3431 543 3596 614 τυρὸν
3627 547 3719 596 καὶ

2157 634 2241 704 ᾠά
2261 651 2275 665 ·
2311 634 2552 698 ἐλθόντες
2577 634 2634 687 δὲ
2663 633 2884 706 ὕστερον
2911 634 2961 687 οἱ
2999 635 3252 703 πατέρες,
3283 635 3376 688 καὶ
3407 635 3564 688 τοῦτο
3591 638 3718 691 ἄτο-

2156 743 2258 779 πον
2285 725 2611 794 διαγνόντες,
2642 725 2732 779 τὸν
2761 725 2963 780 κανόνα
2994 726 3180 778 τοῦτον
3214 725 3482 790 ἐξέθεντο,
3519 726 3580 778 οὐ
3613 729 3720 795 μὴν

2157 816 2214 869 δὲ
2243 817 2371 888 περὶ
2399 815 2580 869 ἐλαίου
2607 815 2704 869 καὶ
2725 815 2870 869 οἴνου
2901 814 3064 868 τοῦτο
3091 814 3405 880 ὲξελὰὀοντο
3426 829 3442 843 ·
3477 816 3718 885 συγκρά-

2158 928 2312 982 τησις
2349 910 2457 981 γὰρ
2483 911 2640 964 τοῦτο
2670 912 2763 965 καὶ
2789 909 3110 981 παραμυθία
3141 909 3240 978 τῆς
3270 909 3446 980 ἄκρας
3470 926 3718 962 κακοπα-

2159 1001 2309 1065 θείας
2339 1005 2402 1055 ὲκ
2441 1002 2693 1073 νηστείας
2724 1001 2833 1056 τῶν
2869 1001 3393 1072 μεταλαμϐανόντων
3421 1001 3531 1054 τῶν
3562 1000 3719 1053 θείων

2162 1093 2495 1166 μυστηρίων.

2232 1181 2298 1254 β’.
2333 1183 2526 1252 Ἐρώτ.
2575 1182 2842 1245 Ὡσαύτως
2873 1182 2966 1235 καὶ
3007 1181 3264 1249 περὶτῆς
3307 1179 3470 1246 ἁγίας
3511 1180 3719 1246 Πεντη-

2159 1275 2360 1345 κοστῆς
2390 1276 2696 1346 γέγραπται
2726 1276 2800 1346 μὴ
2836 1275 3035 1328 κλίνειν
3073 1272 3276 1341 γόνυ,ἣ
3308 1273 3442 1334 ὅλως
3467 1273 3721 1340 νηστείαν

2160 1364 2533 1436 ἐργάσασθαι·
2575 1365 2690 1427 πῶς
2728 1362 2820 1419 οῦν
2861 1367 2910 1417 oi
2963 1364 3260 1434 καθήμενοι
3300 1366 3358 1416 ὲν
3390 1366 3503 1426 τοῖς
3542 1363 3722 1416 αὐτῶν

2161 1455 2393 1518 κελλίοις
2423 1457 2483 1508 οὐ
2516 1455 2672 1508 τοῦτο
2701 1456 3088 1524 φυλάσσουσιν,
3114 1456 3248 1509 ἀλλά
3272 1456 3366 1508 καὶ¹
3398 1457 3722 1525 νηστεύουσι

2159 1551 2255 1604 καὶ
2273 1550 2401 1618 γόνυ
2432 1547 2704 1602 κλίνουσιν
2737 1549 2864 1617 ὅλην
2888 1548 2985 1620 τὴν
3011 1548 3305 1619 ἑϐδομάδα,
3342 1549 3469 1602 ἄνευ
3503 1549 3722 1602 Σαϐϐά-

2157 1649 2251 1693 του
2276 1639 2516 1710 δηλονότι
2545 1638 2640 1692 καὶ
2667 1639 2951 1710 Κυριακῆς
2974 1656 2991 1704 ;

2243 1728 2443 1781 Ἀπόκ.
2483 1727 2556 1780 Τὸ
2589 1729 2848 1798 κήρυγμα
2880 1728 2972 1781 τοῦ
2999 1728 3332 1797 Εὑαγγελίου
3384 1727 3564 1780 κοινὸν
3621 1728 3726 1780 πά-

500 1818 602 1872 ῑοιί
656 1821 882 1887 mundo,
945 1836 1232 1891 nuperque
1281 1821 1443 1880 facta.
1494 1820 1760 1890 generalia
1814 1817 2057 1872 tradebat

2165 1834 2233 1891 σῃ
2279 1821 2346 1889 τῇ
2402 1819 2691 1889 οἰκουμένῃ
2728 1858 2743 1881 ,
2792 1818 2887 1871 καὶ
2936 1821 3130 1871 νεωστῖ¹
3192 1818 3493 1887 διδόμενον,
3556 1816 3724 1870 καθο-

500 1911 660 1965 etiam
696 1921 984 1982 praecepta.
1013 1911 1078 1966 Et
1111 1912 1238 1982 quia
1281 1911 1482 1967 Christi
1529 1911 1856 1967 resurrectio
1880 1925 1910 1963 a
1941 1909 2057 1979 ple-

499 2003 685 2072 risque
731 2019 838 2058 non
895 2003 1240 2068 credebatur,
1286 2004 1354 2057 ob
1399 2019 1517 2058 eam
1569 2002 1901 2058 suadendam
1955 2001 2060 2054 hoc

498 2090 663 2144 etiam
716 2091 996 2146 decretum
1043 2092 1247 2147 editum
1284 2091 1405 2158 fuit,
1437 2101 1624 2146 vetans
1663 2090 2060 2160 quodammodo

502 2196 570 2237 ac
609 2183 832 2249 docens,
866 2184 1010 2253 quod
1055 2184 1217 2239 sicuti
1251 2184 1458 2254 peccati
1497 2198 1664 2238 causa
1696 2182 1894 2237 mortui
1941 2197 2061 2236 era-

499 2288 648 2339 mus,
691 2281 746 2328 et
776 2274 928 2328 humi
958 2276 1141 2339 strati,
1177 2290 1279 2330 nec
1331 2289 1617 2346 resurgere
1648 2275 1912 2337 valentes,
1951 2271 2057 2327 nisi

497 2372 784 2432 appareret
826 2364 875 2418 is
915 2364 1009 2434 qui
1059 2378 1160 2418 nos
1197 2374 1552 2418 revocaturus
1585 2359 1654 2414 ad
1692 2360 1858 2414 vitam
1906 2371 2056 2423 erat;

498 2455 582 2511 sic
627 2455 950 2510 adveniente
979 2456 1274 2525 postremis
1316 2454 1674 2524 temporibus,
1718 2451 1813 2506 illo
1842 2451 1930 2505 cui
1976 2466 2060 2504 re-

496 2547 735 2617 positum
783 2555 901 2600 erat
922 2548 1062 2612 ¹⁰οι¹,
1095 2546 1312 2601 Christo
1339 2545 1449 2599 Deo
1474 2555 1679 2609 nostro,
1709 2552 1765 2598 et
1789 2542 2059 2611 impecca-

497 2638 591 2694 bili
615 2653 712 2709 pro
727 2639 962 2708 peccatis
979 2639 1178 2693 nostris
1206 2639 1460 2708 patiente,
1493 2652 1592 2690 nos
1631 2637 2056 2700 resurreximus,

502 2745 568 2785 ac
622 2739 908 2799 propterea
955 2731 1196 2800 mysterii
1246 2729 1412 2799 hujus
1462 2728 1812 2784 conﬁrmandi
1867 2742 2055 2795 causa,

499 2835 676 2874 canon
725 2821 825 2873 iste
869 2820 1121 2874 conditus
1163 2819 1284 2883 fuit,
1340 2819 1433 2888 qui
1472 2828 1526 2872 et
1568 2819 1676 2870 vim
1710 2817 1965 2882 obtinuit,
2006 2825 2060 2871 et

501 2911 690 2978 utique
719 2909 978 2963 obtineat.
1018 2907 1204 2978 Neque
1232 2909 1438 2962 idcirco
1464 2918 1644 2960 tamen
1675 2915 1901 2976 peccant
1939 2919 2058 2958 mo-

499 3004 680 3068 nachi,
733 3001 985 3072 privatim
1043 3002 1129 3055 his
1160 3001 1351 3055 diebus
1390 3015 1531 3070 genu
1586 2999 1877 3054 ﬂectentes.
1922 2995 2055 3051 Nam

2163 1910 2326 1974 λικῶς
2387 1912 2639 1963 ὲποιείτω
2699 1913 2796 1965 καὶ
2849 1911 2920 1963 τά
2977 1911 3356 1980 ὲπιτάγματω
3398 1911 3496 1963 καὶ
3540 1911 3662 1962 ἐπεὶ
3690 1911 3726 1979 ἡ

2163 2001 2256 2055 τοῦ
2319 2001 2552 2070 Χριστοῦ
2607 2003 2908 2064 ἀνάστασις
2965 2005 3078 2064 τοῖς
3116 2001 3327 2064 πολλοῖς
3391 2003 3672 2070 ὴπιστείτο
3708 2041 3725 2062 ,

2163 2094 2306 2165 πρὸς
2357 2094 2729 2164 πληροφορίαν
2786 2094 2991 2165 ταύτης
3031 2093 3394 2164 ἐδογματίσθη
3459 2095 3611 2146 τουτὶ
3666 2095 3725 2146 τὺ

2161 2185 2356 2257 δόγμα,
2383 2185 2694 2257 διαγορεῦον
2733 2185 2932 2239 ὡσανεὶ
2972 2187 3067 2240 καὶ
3112 2187 3384 2250 διδάσκον,
3417 2189 3501 2240 ὅτι
3533 2186 3727 2256 ῶσπερ

2159 2280 2226 2348 τῇ
2277 2275 2518 2348 ἁμαρτίᾳ
2567 2276 2950 2347 ὲνεκρώθημεν
2987 2277 3240 2340 πεσόντες
3289 2277 3458 2342 κάτω,
3508 2279 3603 2331 καὶ
3647 2278 3726 2349 μὴ

2161 2369 2446 2439 δυνάμενοι
2475 2369 2768 2440 ἀναστῆναι
2799 2369 2874 2439 μὴ
2903 2371 3226 2439 φαινομένου
3259 2369 3353 2422 τοῦ
3387 2372 3726 2440 ἀναστήσον-

2158 2476 2270 2527 τος,
2300 2460 2472 2525 οὕτως
2500 2462 2743 2525 ἐλθόντος
2774 2464 2831 2516 ὲν
2861 2462 3108 2524 ὑστάτοις
3155 2464 3364 2534 καιροῖς
3395 2463 3506 2516 τοῦ⁴
3615 2467 3728 2516 ἀπ-

2160 2554 2335 2608 έκειτο
2390 2555 2627 2626 Χριστοῦ
2677 2554 2772 2609 τοῦ
2818 2554 2952 2609 Θεοῦ
2993 2554 3166 2625 ἡμῶν,
3205 2545 3301 2608 καλ
3331 2555 3592 2619 παθόντος
3625 2558 3727 2609 ἀν-

2160 2648 2488 2719 αμαρτήτως
2528 2647 2616 2701 διὰ
2647 2649 2746 2710 τὰς
2776 2646 3049 2718 ἁμαρτίας
3075 2646 3252 2716 ἡμῶν,
3292 2648 3452 2716 ἡμεῖς
3494 2646 3726 2713 ἀνέστη-

2161 2757 2260 2811 μεν
2279 2756 2294 2772 ο
2321 2739 2411 2794 διά
2437 2741 2594 2793 τοῦτο
2624 2739 2760 2806 πρὸς
2794 2741 3054 2793 πίστωσιν
3087 2737 3180 2791 τοῦ
3223 2739 3521 2808 μυστηρίου
3561 2738 3725 2810 ἐτέθη

2158 2832 2336 2884 οὑτοσὶ
2387 2833 2414 2883 ὁ
2466 2829 2665 2893 κανὼν,
2700 2831 2793 2883 καὶ
2820 2832 3108 2902 ἐκράτησε,
3142 2829 3236 2884 καὶ
3283 2829 3588 2899 κρατείτω·
3623 2830 3728 2883 ούκ

2158 2923 2264 2993 ἄρα
2321 2922 2378 2975 δὲ
2431 2922 2830 2994 ἁμαρτάνουσιν
2886 2926 2934 2976 oi
3005 2922 3229 2994 μοναχοὶ
3292 2921 3536 2993 κρυφίως
3595 2924 3727 2989 γόνυ

2157 3015 2428 3078 κλίνοντες
2483 3017 2541 3069 ὲν
2594 3015 2818 3078 ταύταις
2855 3017 2976 3079 ταῖς
3035 3016 3305 3085 ἡμέραις·
3355 3016 3728 3084 κατακρίτους

496 3111 620 3151 cum
649 3111 707 3150 se
738 3095 990 3163 reosjam
1022 3093 1429 3157 constituerint,
1465 3102 1518 3146 et
1542 3093 1698 3162 quasi
1730 3095 1933 3148 carceri
1960 3108 2056 3147 vo-

2162 3109 2265 3178 γὰρ
2311 3107 2532 3171 ἑαυτοὺς
2575 3108 2919 3178 ποιήσαντες,
2960 3107 3054 3160 καὶ
3105 3107 3265 3159 οἱονεὶ
3320 3106 3583 3169 ἑκουσίως
3627 3107 3730 3173 ἐμ-

495 3191 731 3245 luntario
778 3189 1228 3259 mancipaverint,
1272 3202 1486 3256 semper
1529 3187 1725 3241 debent
1760 3187 1828 3240 ad
1881 3188 2056 3240 Domi-

495 3298 625 3336 num
673 3283 928 3345 clamare,
997 3289 1053 3335 et
1097 3280 1406 3334 humilitate
1467 3294 1565 3333 sua
1614 3278 2054 3332 misericordiam

496 3375 810 3445 implorare.
839 3373 1026 3442 Neque
1047 3373 1191 3428 enim
1220 3369 1490 3425 monacho
1541 3369 1860 3424 solemnitas
1881 3383 1964 3425 est
2001 3370 2054 3423 in

494 3474 661 3531 terra,
694 3475 751 3519 ut
779 3465 998 3534 quidam
1035 3465 1190 3518 dixit.

561 3558 614 3612 '5.
659 3556 768 3612 Int.
799 3560 854 3612 Si
906 3558 1029 3627 quis
1087 3568 1200 3610 tum
1249 3569 1476 3608 numero
1504 3561 1616 3607 tum
1653 3553 1914 3622 qualitate
1946 3568 2055 3608 non

494 3665 683 3720 parum
718 3652 950 3720 peccatis
975 3648 1286 3702 carnalibus
1320 3654 1490 3702 semet
1539 3645 1818 3715 impiavit;
1864 3645 2059 3700 deinde

492 3757 621 3796 vero
679 3741 746 3796 de
795 3741 880 3795 his
926 3740 1231 3803 confessus,
1280 3752 1521 3807 congrua
1568 3737 1743 3806 culpis
1787 3737 2056 3805 ejusmodi

494 3836 732 3890 remedia
765 3837 970 3904 accepit
997 3834 1210 3902 sibique
1234 3833 1482 3886 adhibuit
1510 3850 1523 3899 ;
1550 3833 1825 3902 quomodo
1854 3848 2060 3903 cogno-

493 3938 607 3983 scet
639 3929 890 3998 pradicta
924 3938 1142 3996 peccata
1192 3925 1294 3979 sibi
1347 3925 1518 3979 fuisse
1549 3927 1799 3992 remissa,
1838 3935 1897 3979 ut
1933 3940 2057 3985 per-

493 4035 714 4074 suasum
783 4019 974 4073 habeat
1036 4020 1141 4072 tale
1215 4033 1275 4071 se
1349 4017 1550 4072 bonum
1629 4033 1754 4073 esse
1834 4033 2059 4073 assecu-

492 4121 604 4165 tum
628 4111 651 4163 ἲ

562 4203 715 4272 Resp.
750 4201 926 4257 Nemo
969 4216 1206 4270 unquam
1252 4201 1652 4270 comperiretur
1701 4202 1962 4270 pmnitcre
2007 4210 2061 4256 et

491 4293 756 4357 conliteri,
793 4292 898 4347 nisi
935 4292 1147 4346 ﬁrmam
1187 4301 1342 4346 antea
1373 4308 1522 4361 spem
1565 4291 1808 4356 haberet,
1837 4293 1982 4362 quod
2012 4295 2059 4348 si

491 4391 725 4452 sincere,
775 4387 1020 4454 inquam,
1070 4383 1333 4440 conﬁtear
1379 4395 1433 4437 et
1485 4384 1789 4453 impositam
1843 4399 2057 4453 pmnam

2157 3199 2684 3270 πεφυλακισμένονς,
2739 3198 3042 3267 ὀφείλουσιν
3096 3197 3183 3249 ἀεὶ
3239 3197 3364 3268 βοᾷν
3430 3195 3564 3264 πρὸς
3613 3195 3731 3248 Κύ-

2161 3311 2293 3364 ριον,
2323 3292 2416 3345 καὶ
2445 3290 2692 3360 ἐκζητεῖν
2717 3288 2806 3341 διά
2834 3286 3212 3351 ταπεινώσεως
3236 3289 3335 3358 τὴν
3359 3290 3726 3358 συμπάθειαν·

2157 3385 2218 3437 οὐ
2272 3382 2382 3453 γάρ
2428 3384 2542 3435 ἐστι
2581 3381 2797 3452 μοναχῷ
2841 3381 2932 3434 ἐπὶ
2959 3379 3059 3450 τῆς
3090 3380 3190 3450 γῆς
3220 3380 3401 3452 ἑορτὴ,
3452 3382 3594 3434 κατα
3635 3382 3730 3436 τὸν

2159 3475 2400 3528 εἰπόντα.

2227 3563 2297 3633 γ’.
2335 3564 2677 3633 Ἐρώτ.⁹Εάν
2705 3581 2790 3626 τις
2819 3564 3032 3636 ἥμαρτε
3076 3563 3332 3634 ποσότητι
3363 3581 3422 3615 τε
3453 3565 3550 3617 καὶ
3573 3568 3727 3617 miri-1

2158 3669 2279 3722 τητι
2309 3653 2408 3705 οὐκ
2451 3652 2605 3722 ὀλίγα
2637 3651 2746 3706 τῶν
2776 3653 3103 3721 σωματικῶν
3136 3654 3572 3724 ἁμαρτημάτων,
3609 3652 3730 3708 εἶτα

2159 3745 2609 3815 ὲξωμολογήσατο
2653 3745 2746 3796 καὶ
2797 3742 3013 3807 ἐδέξατο
3066 3746 3408 3814 προσήκοντα
3456 3748 3728 3816 φάρμακα

2158 3841 2270 3901 τοῖς
2313 3838 2577 3899 τοιούτοις
2623 3837 3020 3906 ἁμαρτήμασι,
3067 3837 3162 3890 καὶ
3209 3838 3500 3907 εἰργάσατο
3561 3840 3724 3903 αὐτα,

2159 3931 2326 3985 πόθεν
2367 3931 2480 4001 ἔχει
2524 3929 2726 3998 γνῶναι
2755 3929 2804 3982 εἰ
2832 3929 3007 3983 ταῦτα
3036 3930 3102 3983 τὰ
3131 3931 3508 4003 προρρηθέντα
3541 3933 3653 4000 ἅμα
3667 3951 3728 4002 ρ-

2158 4021 2378 4091 τήματα
2427 4019 2577 4090 αὐτῷ
2623 4019 2924 4090 ἀφέθησαν,
2977 4019 3118 4073 ὥστε
3166 4021 3538 4092 πληροφορίαν
3576 4029 3726 4094 σχεῖν

2157 4113 2236 4183 τῷ
2261 4110 2511 4182 λογισμῷ
2537 4110 2664 4180 περὶ
2691 4109 2800 4164 τῶν
2829 4110 3091 4163 τοιούτων
3119 4111 3370 4178 ἀγαθῶνς

2241 4202 2444 4256 Ἀπόκ.
2493 4200 2759 4256 Οὑδέποτέ
2809 4215 2894 4262 τις
2937 4200 3248 4270 εὑρίσκεται
3299 4204 3580 4272 μετανοῶν
3630 4207 3726 4260 καὶ

2159 4293 2479 4364 ὲξομολογοῠ
2490 4311 2671 4363 μενος,
2702 4294 2750 4346 εί
2785 4293 2858 4363 μὴ
2882 4292 3097 4363 πρῶτον
3123 4293 3346 4364 βεὸαίαν
3372 4298 3469 4365 σχῇ
3501 4297 3724 4362 ἐλπίδα,

2159 4386 2240 4438 ὃτι
2266 4385 2391 4438 Ἐἀν
2429 4385 2907 4454 ὲξομολογήσωμαι
2939 4383 3210 4454 καθαρῶς,
3234 4385 3327 4437 καὶ
3348 4385 3624 4451 καταδὲξω
3659 4389 3726 4441 τὰ

491 4480 791 4542 admittam,
837 4492 1062 4547 prorsus
1096 4474 1228 4529 mihi
1280 4475 1534 4530 remissio
1563 4475 1671 4530 (iet.
1715 4475 1853 4541 Quia
1886 4477 2051 4549 igitur

2162 4476 2426 4547 ἐπιτίμια,
2456 4479 2520 4529 ὲκ
2549 4477 2749 4539 παντὸς
2776 4477 3065 4548 γενήσεταί
3114 4493 3204 4546 μοι
3246 4476 3437 4544 ἄφεσις
3458 4491 3471 4505 ·
3503 4479 3627 4531 ἐπεὶ
3667 4480 3725 4532 δὲ

492 4573 742 4629 homines
771 4571 1169 4625 multitudinem
1218 4567 1502 4636 culparum
1534 4579 1844 4623 nostrarum
1872 4570 2051 4625 consi-

491 4667 767 4729 deramus,
821 4663 1048 4732 ideoque
1080 4660 1148 4715 de
1193 4660 1360 4714 multa
1391 4674 1518 4730 erga
1558 4675 1660 4715 nos
1705 4659 1798 4714 Dei
1836 4662 2053 4716 miseri.

492 4757 674 4813 cordia
735 4755 890 4825 quasi
927 4754 1260 4817 dubitamus,
1313 4751 1516 4805 idcirco
1564 4752 1630 4805 ad
1689 4752 2052 4808 confessarios

491 4859 708 4903 nostros
743 4846 1107 4916 confugimus,
1157 4843 1488 4914 postulantes
1516 4842 1727 4912 plenam
1765 4861 1860 4914 per
1904 4847 2054 4916 ipso-

489 4957 612 4995 rum
662 4953 856 4993 manus
901 4937 1302 5005 impositionem
1361 4937 1763 5004 remissionem,
1808 4939 1900 5008 qui
1937 4955 2056 5009 per-

492 5048 680 5087 sonam
733 5029 967 5084 tollentis
1018 5035 1238 5098 peccata
1285 5038 1467 5084 nostra
1520 5041 1907 5098 repraesentare
1937 5046 2056 5086 cre-

491 5127 714 5179 duntur.

563 5302 614 5355 4.
655 5300 764 5354 Int.
800 5300 856 5353 Si
888 5300 1009 5369 quis
1062 5298 1365 5368 peccaverit
1415 5297 1497 5350 vel
1553 5311 1806 5351 sermone
1859 5298 2056 5363 otioso,

492 5397 574 5449 vel
607 5393 981 5462 improbando,
1035 5393 1118 5447 vel
1149 5390 1554 5459 interrogando,
1583 5389 1665 5442 vel
1698 5389 2055 5459 stultiloquio,

565 5509 680 5540 ¹⁰ο¹¹
714 5507 847 5562 Gen.
877 5522 1023 5573 χιιι,
1061 5506 1147 5561 10.

2157 4568 2454 4640 ἀφορῶμεν
2483 4568 2530 4621 οί
2565 4567 2840 4638 ἄνθρωποι
2885 4568 3021 4637 πρδς
3047 4567 3108 4620 τὸ
3154 4566 3356 4638 πλῆθος
3383 4565 3489 4618 τῶν
3515 4569 3724 4639 ἢμετέ-

2160 4678 2268 4733 ρων
2303 4659 2681 4729 πταισμάτων,
2712 4661 2807 4712 καὶ
2837 4660 3002 4712 οἱονεὶ
3026 4660 3084 4711 ἐν
3119 4656 3402 4728 δισταγμῷ
3429 4672 3536 4713 τινι
3566 4663 3723 4730 εὑρι-

2159 4751 2402 4822 σκόμεθα
2429 4752 2528 4822 τῆς
2559 4750 2760 4819 πολλῆς
2799 4751 2925 4821 περὶ
2958 4751 3103 4821 ἡμᾶς
3125 4747 3219 4802 τοῦ
3252 4748 3387 4802 Θεοῦ
3418 4749 3728 4821 φιλανθρω-

2159 4845 2330 4906 πίας,
2375 4841 2466 4895 διά
2509 4841 2665 4894 τοῦτο
2698 4842 3117 4911 καταφεύγομεν
3167 4840 3303 4912 πρὸς
3348 4841 3474 4903 τοὺς
3522 4841 3720 4896 ἀναδό-

2159 4951 2285 5005 χους
2315 4935 2390 5006 (ὅ)
2418 4933 2597 5004 ἡμῶν,
2631 4933 2998 5001 ἐξαιτούμενοι
3033 4934 3133 5004 τὴν
3165 4933 3378 4986 τελείαν
3407 4933 3607 5000 ἄφεσιν
3634 4934 3727 4990 διὰ

2156 5026 2257 5097 τῆς
2307 5025 2606 5089 ἐπιθέσεως
2646 5025 2754 5078 τῶν
2800 5025 2998 5096 χειρῶν
3043 5025 3242 5091 αὐτῶν,
3289 5025 3726 5092 ἀντιπροσώπων

2157 5114 2297 5172 εἶναι
2359 5121 2786 5189 πεπιστωμένων
2844 5116 2939 5169 τοῦ
2996 5118 3241 5188 αἴροντος
3295 5118 3391 5181 τὰς
3446 5118 3726 5190 ἁμαρτίας

2160 5209 2335 5280 ἡμῶν.

2227 5301 2288 5354 δ’.
2329 5300 2520 5367 Ὲρὼτ.
2559 5301 2681 5354 Ἐάν
2707 5317 2789 5362 τις
2818 5299 3103 5370 προσπέσῃ
3131 5297 3220 5350 διά
3241 5314 3298 5349 τε
3323 5297 3485 5366 λόγου
3518 5297 3716 5368 ἀργοῦ,

2159 5394 2193 5461 ἢ
2225 5394 2311 5445 διὰ
2345 5392 2743 5461 κατακρίσεως,
2776 5393 2809 5463 ἢ
2843 5390 3201 5461 ἀνακρίσεως,
3234 5388 3268 5458 ἢ
3301 5390 3716 5462 μωρολογίας,η

1975 5597 2206 5655 NOTAE.

562 5757 637 5828 (3)
681 5758 946 5826 Ἀνάδοχοι
981 5758 1139 5828 vulgo
1169 5757 1425 5814 dicuntur
1470 5768 1783 5826 susceptare:
1835 5759 1887 5812 in
1920 5758 2198 5824 baptismo.
2242 5755 2338 5814 Hic
2374 5767 2550 5816 tamen
2583 5759 2915 5827 intelligendi
2963 5759 3212 5815 videntur
3239 5758 3592 5814 confcssarii.
