3968 6524
181 461 317 529 1733

1368 462 1428 521 S.
1453 461 1838 524 TIIEODORI
1887 463 2228 526 STUDIT/E

3269 462 3402 526 1734

180 572 544 647 εὐτραπελίας
568 611 581 636 ,
615 571 648 643 ἢ
679 570 851 634 ἄλλως
897 569 984 624 διὰ
1018 568 1265 640 γλώττης
1295 570 1597 642 ἁμαρτίας,
1640 574 1734 626 καὶ
1764 587 1780 636 ε

1872 576 1916 629 el
1945 574 2152 642 jocosis
2195 572 2394 637 verbis,
2439 571 2519 626 vel
2562 571 2847 640 jactantia,
2899 581 2994 626 aut
3047 572 3154 627 alio
3206 573 3405 644 linguae

181 667 388 737 ὲπιγνῷ
428 666 525 717 καὶ
579 663 834 733 καταγνῷ
883 661 1100 725 ἑαυτοῦ,
1150 660 1203 714 τί
1263 662 1466 730 ὀφείλει
1515 665 1740 734 ποιῆσαι

179 758 505 828 ἀντισηκοῦν
536 760 616 820 εἰς
649 757 939 827 μετάνοιαν
962 754 1119 821 ἀξίαν
1144 755 1240 810 καὶ
1267 756 1345 819 είς
1366 755 1740 827 πληροφορίαν

180 852 272 906 τοῦ
310 850 443 903 ίδίου
469 848 730 918 λογισμοῦ
752 865 766 913 ;

263 945 458 998 Ἀπόκ.
495 942 666 996 Τοῦτο
713 943 812 994 οὐκ
863 941 979 994 ἔστι
1025 941 1421 1010 νομοκανόνου,
1470 939 1605 994 ἀλλὰ
1647 941 1744 1012 τῆς

183 1035 482 1104 μοναχικῆς
507 1071 522 1094 ,
569 1034 664 1085 καὶ⁸
707 1033 781 1095 ὼς
824 1031 889 1084 ἂν
915 1032 1057 1084 εῐποι
1088 1049 1172 1094 τις
1199 1032 1546 1102 κοινοὸιακῆς
1571 1050 1742 1088 κατα-

183 1127 425 1188 στάσεως
466 1124 722 1195 άκρίὸεια
747 1163 764 1190 ,
803 1124 1177 1195 καθημερινὰς
1207 1124 1398 1194 ἔχοντα
1440 1126 1538 1189 τὰς
1564 1127 1743 1180 ἐπιτι-

185 1219 400 1288 μήσεις,
430 1218 463 1286 ἢ
492 1217 582 1269 καὶ
607 1215 990 1284 ὲϐδομαδιαίας
1010 1256 1025 1278 ,
1057 1215 1238 1279 καθὼς
1268 1217 1516 1288 περιέχει
1545 1218 1616 1271 τὰ
1646 1216 1742 1270 τοῦ

185 1309 341 1376 ἁγίου
358 1306 640 1360 Βασιλείου
675 1308 942 1378 ὲνκρυφῆ,
962 1313 1057 1359 καὶ
1073 1307 1183 1359 τῶν
1212 1307 1350 1376 μετὰ
1373 1306 1548 1360 ταῦτα
1569 1307 1744 1375 ἁγίων

181 1400 465 1471 Πατέρων.
497 1396 620 1452 Οίόν
653 1397 704 1450 τί
733 1413 908 1468 φημι’
943 1397 1295 1468 Ῥᾳθυμήσας
1316 1415 1397 1459 τις
1431 1397 1526 1452 καὶ
1545 1399 1744 1450 ἀπονυ-

185 1477 388 1554 στάξας
435 1489 694 1551 ἑκουσίως
737 1489 796 1541 ὲν
824 1488 904 1554 τῷ
948 1487 1128 1560 ὄρθρῳ
1171 1489 1269 1558 οὐχ
1315 1488 1548 1559 εὑρέθη·
1584 1487 1744 1541 τοῦτο

182 1581 721 1652 ἐξομολογησάμενος
741 1577 818 1649 τῷ
847 1580 1022 1649 Πατρδ⁹
1050 1579 1440 1644 αὐτοῦ,έλα6εν
1467 1580 1745 1652 ἐπιτίμιον

185 1669 522 1741 ξηροφαγίαν
554 1670 718 1740 ἄρτου
753 1670 848 1723 καὶ
877 1669 1087 1735 ὕδατος,
1122 1671 1218 1723 καὶ
1254 1671 1550 1741 μετανοιῶν
1580 1674 1744 1726 ποσό-

181 1777 349 1828 τητος
398 1764 570 1816 τόσων
618 1763 713 1816 καί⁵
741 1763 916 1816 τόσων
948 1763 1090 1817 κατά
1121 1761 1219 1833 τὴν
1250 1764 1465 1834 ἡμέραν
1504 1765 1742 1834 ἐκείνην.

185 1853 373 1916 Οὕτως
397 1854 678 1924 νοήσωμεν
707 1855 802 1908 καὶ
838 1853 906 1907 τὰ
933 1853 1097 1907 λοιπὰ
1127 1853 1268 1908 κατὰ
1292 1856 1493 1925 τρόπον
1525 1857 1746 1911 παιδεύ-

185 1965 324 2010 σεως
355 1946 720 2018 εὑρισκόμενα
749 1946 885 2017 πρὸς
910 1948 1036 2002 τοὺς
1059 1945 1545 2017 καταδεχομένους.

1771 1914 1819 1972 Β

1841 677 2060 739 peccato
2084 707 2100 732 ,
2132 676 2186 722 et
2214 675 2392 720 tamen
2444 667 2724 734 resipiscat
2751 676 2805 718 et
2838 675 3010 720 semet
3039 667 3402 734 condemnet;

1841 759 1968 828 quid
1991 758 2039 812 ei
2062 759 2326 827 agendum
2354 766 2456 818 est,
2481 756 2624 823 quod
2668 755 2826 823 justas
2877 757 3205 824 paenitentiae
3233 761 3406 826 aequi-

1841 851 2060 921 polleat,
2090 860 2143 902 et
2169 849 2334 902 animi
2364 849 2448 902 sui
2485 848 2643 901 Iidem
2675 845 2884 901 faciat?

1915 940 2070 1009 Resp.
2106 939 2218 994 Hoc
2245 955 2352 993 non
2406 941 2641 1009 pertinet
2683 938 2749 991 ad
2800 953 3269 1004 nomocanonem;
3311 940 3407 994 sed

1842 1040 1925 1089 est
1954 1033 2292 1087 monachalis
2321 1047 2385 1085 ac
2406 1031 2571 1085 veluti
2597 1030 2939 1086 caenobiticae
2966 1032 3091 1085 vitae
3157 1047 3406 1086 severum

1844 1124 2123 1190 ofﬁcium,
2171 1124 2543 1194 quotidianam
2621 1138 2782 1192 agere
2837 1123 3249 1191 pmnitentiam,
3313 1130 3409 1175 aut

1845 1217 2346 1282 hebdomadariam,
2391 1217 2535 1270 sicut
2571 1225 2657 1271 est
2695 1215 2748 1269 in
2795 1215 2968 1270 sancti
3020 1213 3204 1268 Basilii
3229 1230 3407 1268 secre-

1844 1305 2096 1369 tioribus,
2149 1315 2203 1360 et
2256 1316 2570 1361 sanctorum
2639 1306 2894 1375 deinceps
2946 1305 3184 1359 Patrum.
3247 1303 3408 1359 Verbi

1846 1396 2041 1466 gratia,
2073 1396 2226 1451 deses
2252 1396 2448 1466 aliquis
2477 1406 2530 1451 et
2565 1395 2863 1450 dormitans
2891 1407 3104 1462 sponte,
3141 1395 3408 1449 matutino

1845 1487 2021 1542 oﬂicio
2074 1502 2182 1541 non
2243 1486 2628 1557 aﬂ‘uitzquam
2684 1503 2797 1542 rem
2852 1487 3000 1540 Patri
3042 1502 3143 1540 suo
3175 1488 3407 1555 spiritali

1846 1579 2148 1646 confessus,
2192 1579 2522 1648 paenitentia:
2541 1581 2662 1634 loco
2684 1579 2898 1649 accepit
2924 1580 3204 1634 aridorum
3230 1594 3405 1644 esum,

1847 1672 1900 1726 id
1925 1681 2008 1726 est
2032 1671 2186 1740 panis
2223 1681 2276 1724 et
2310 1686 2483 1738 aqua,
2528 1680 2580 1725 et
2613 1679 2819 1725 certum
2870 1679 3265 1724 metanoearum
3304 1687 3408 1722 nu-

1849 1777 2058 1816 merum
2092 1761 2184 1815 illo
2212 1760 2300 1815 die
2330 1760 2721 1816 faciendarum.
2775 1759 2866 1815 Sic
2893 1762 3056 1815 etiam
3085 1762 3290 1830 reliqua
3321 1762 3408 1814 in-

1849 1854 2172 1924 telligemus,
2201 1869 2322 1916 quae
2360 1854 2683 1909 emendandi
2728 1869 2892 1909 causa
2934 1863 3064 1910 sunt
3108 1856 3410 1924 excogitata

1845 1961 1972 2016 erga
1999 1946 2120 2000 illos
2147 1946 2241 2015 qui
2269 1960 2333 1999 ea
2371 1945 2668 2016 excipiunt.

1053 2346 1435 2438 PCENfE
1517 2341 2073 2436 MONASTE
2096 2344 2544 2440 BIALES.

1759 2564 1830 2580 ﬂ

189 2697 274 2755 A’.
326 2700 441 2754 Τοῦ
495 2703 670 2756 όσίου
732 2701 963 2769 Πατρός
1015 2699 1185 2766 ἡμῶν
1233 2693 1753 2769 καὶνὸμολογῃτοῦ

266 2771 567 2844 Θεόδωροι)
607 2765 1102 2844 ἡγουμέῷρύῗτῷν
1145 2768 1431 2844 Στουδίου
1456 2765 1752 2844 ἐπιτίμια.

261 2841 447 2894 Κοινὰ
485 2841 597 2907 τῆς
636 2838 786 2907 ὅλης
818 2841 1227 2906 ἀδελφότητος
1273 2838 1370 2889 ἐπὶ
1408 2838 1530 2889 τῶν
1567 2850 1755 2901 παρα-

260 2914 596 2966 λειπόντων
613 2910 681 2964 ἐν
713 2909 787 2978 τῇ
816 2911 1143 2975 Ἐκκλησίᾳ
1161 2911 1246 2973 είς
1269 2909 1376 2960 τὸν
1407 2908 1652 2958 κανόνα.

266 3045 426 3119 [Cod.
461 3047 585 3102 Vat.
631 3044 756 3108 450,
811 3044 850 3098 f.
896 3043 970 3098 20
1023 3042 1078 3096 b.
1135 3040 1321 3097 Ottob.
1368 3039 1494 3105 550,
1542 3039 1580 3092 f.
1615 3035 1748 3109 μη]

190 3147 260 3194 α’.
301 3141 359 3192 Ὀ
394 3139 467 3209 μὴ
493 3138 878 3208 εὑρισκόμενος
904 3138 983 3198 είς
1012 3136 1111 3204 τὴν
1157 3133 1360 3186 εἴσοδον
1388 3132 1480 3185 τοῦ
1505 3131 1660 3196 Δόξα
1683 3132 1753 3184 ὲν

191 3227 502 3295 ὑψίστοις,
526 3227 652 3279 ἄνευ
685 3221 1218 3294 άσθενείαςῆὲτέρας
1246 3221 1470 3290 εὐλόγου
1495 3222 1749 3291 κατοχῆς,

192 3320 252 3370 ὲν
289 3321 352 3388 τῇ
400 3315 619 3387 εὐλογίᾳ
661 3316 870 3386 μενέτω
901 3313 1152 3383 κεκυφὼς
1190 3314 1350 3384 μέχρι
1378 3313 1754 3384 παρελεύσεως

193 3409 304 3462 τῶν
349 3408 620 3476 ἀδελφῶν,
670 3405 1053 3476 ἐξαιτούμενος
1102 3404 1479 3475 συγχώρησιν⁶
1531 3405 1624 3457 καὶ
1657 3399 1753 3457 εἶθ’

194 3501 369 3562 οὕτως
397 3498 721 3568 λαμϐανέτω
754 3498 851 3566 τὴν
880 3495 1149 3562 εὐλογίαν.

272 3593 337 3660 β’.
376 3589 435 3644 '0
486 3588 880 3658 ὐστεροὺμενος
921 3584 1013 3641 τοῦ
1059 3585 1371 3654 ὲξαψάλμου
1390 3598 1439 3648 α,
1484 3601 1760 3656 παρεστη-

195 3683 343 3735 κέτω
383 3683 441 3733 ὲν
483 3682 548 3748 τῇ
594 3674 875 3748 τραπέζῃ·
916 3678 964 3729 εί
997 3675 1053 3728 δὲ
1083 3675 1482 3744 καθξσματοςδ,
1518 3675 1759 3744 βαλλέτω

196 3776 304 3827 ἀνὰ
339 3771 627 3844 μετανοίας
664 3769 745 3823 ιε’.
771 3769 926 3823 Μετὰ
954 3768 1046 3821 τὸν
1074 3767 1381 3838 ἐξάψαλμον
1406 3766 1760 3836 ἐξερχόμενος

195 3866 229 3933 ἢ
263 3863 687 3933 περιερχόμενος
719 3860 845 3915 ἄνευ
877 3859 1256 3930 ὑπομνήσεως,
1282 3856 1680 3928 παραστηκέτω
1703 3859 1760 3908 ὲν

197 3959 265 4026 τῇ
303 3955 571 4026 τραπέζῃ.

270 4053 344 4115 γ’.
385 4047 450 4100 Ὀ
488 4045 565 4116 μὴ
612 4044 970 4115 ἀνιστάμενος
993 4043 1097 4106 ἕως
1120 4040 1213 4095 τοῦ
1245 4037 1636 4110 πεντηκοστοῦ,
1667 4037 1761 4108 ξη-

201 4137 535 4214 ροφαγείτω.

270 4232 334 4284 ἃ.
371 4231 429 4284 '0
459 4230 551 4284 τὸν
587 4229 709 4284 ὃλον
747 4229 987 4282 κανόναο
1022 4225 1570 4296 ἀπολιμπανόμενος,
1600 4224 1763 4297 ξηροο

203 4321 408 4392 φαγίαν
437 4321 732 4375 ἀκάθιστον
764 4318 1126 4389 ὲπιτιμάσθω.

274 4422 340 4469 ε’.
381 4415 438 4467 '0
482 4414 556 4484 μὴ
587 4411 804 4482 φθάνων
830 4412 910 4473 είς
938 4409 998 4462 τὸ
1025 4409 1304 4480 προοίμιον
1334 4409 1568 4477 ἑκάστης
1593 4405 1758 4478 ὥρας,

201 4506 282 4574 τῷ
321 4504 580 4573 ἐπιτιμίῳ
613 4500 994 4555 ὑποδαλλέσθω
1018 4499 1112 4553 τοῦ
1148 4499 1224 4570 μὴ
1262 4498 1651 4569 εὑρισκομένου
1682 4500 1762 4560 είς

206 4599 267 4650 τὸ
294 4595 454 4659 Δόξα
482 4595 552 4646 ἐν
579 4594 882 4661 ὑψίστοις.

1849 2691 1890 2749 1.
1952 2692 2136 2767 Sancti
2165 2691 2343 2748 Patris
2382 2694 2624 2767 nostriuet
2665 2691 2973 2767 confeswris
2997 2693 3260 2767 Theodori
3279 2717 3415 2767 pra?-

1917 2765 2047 2817 8idis
2090 2764 2266 2818 Sludii
2317 2781 2498 2833 paenm.
2533 2763 2602 2814 Et
2659 2763 2826 2832 primo
2880 2765 3086 2830 quidem
3119 2763 3415 2822 communes

1920 2835 2374 2910 lculi-alternanti
2404 2835 2650 2886 adversus
2689 2850 2774 2886 eos
2822 2835 2911 2902 qui
2959 2846 3142 2890 contra
3182 2842 3416 2910 regulam

1918 2906 1976 2958 in
2007 2903 2243 2958 Ecclesia
2273 2913 2507 2971 peccant.

1928 3038 1979 3092 l.
2028 3035 2132 3103 Qui
2159 3052 2264 3090 non
2289 3035 2590 3091 interfuerit
2630 3037 2784 3092 initio
2813 3047 3006 3095 cantus
3033 3040 3218 3096 Gloria
3247 3044 3301 3096 in
3323 3059 3416 3098 ea:-

1858 3130 2029 3195 celsis,
2071 3131 2275 3200 absque
2304 3131 2617 3184 inlirmitate
2644 3132 2727 3184 vel
2759 3132 2866 3185 alio
2895 3133 3160 3202 probabili
3187 3134 3418 3202 impedi-

1859 3231 2061 3287 mento,
2104 3224 2227 3276 dum
2279 3224 2438 3277 datur
2468 3223 2786 3288 benedictio,
2849 3234 3065 3279 maneat
3106 3226 3419 3282 incurvatus

1860 3314 1913 3367 in
1940 3315 2170 3369 transitu
2193 3314 2440 3379 fratrum,
2466 3317 2678 3368 veniam
2701 3324 2916 3384 petens;
2941 3326 3104 3388 atque
3129 3320 3199 3373 ita
3221 3320 3416 3376 deinde

1858 3406 2086 3475 accipiat
2123 3405 2570 3463 benedictionem.

1932 3585 1988 3640 9..
2021 3585 2122 3652 Qui
2155 3602 2260 3640 non
2304 3587 2518 3641 aufl'erit
2539 3588 2909 3658 hexapsalmo,
2928 3598 3033 3644 stet
3059 3589 3124 3643 ad
3151 3604 3418 3644 mensam.

1859 3675 2011 3741 Quod
2051 3677 2096 3731 si
2152 3679 2461 3731 cathismati
2516 3679 2771 3744 defuerit,
2821 3682 3086 3750 puniatur
3130 3681 3418 3735 Inetanmis

1859 3769 2187 3838 quindecim.
2259 3769 2315 3821 Si
2379 3778 2501 3838 post
2558 3772 2966 3840 hexapsalmum
3030 3773 3259 3826 exiverit
3327 3781 3421 3827 aut

1859 3861 2306 3924 ubambulaverit,
2339 3863 2455 3915 sine
2486 3862 2874 3929 admonitione,
2913 3872 3020 3918 stet
3059 3880 3259 3920 mensa:
3287 3875 3422 3920 tem-

1860 3967 1991 4021 pore

1929 4045 1983 4098 5.
2030 4045 2132 4111 Qui
2179 4058 2359 4101 rectus
2409 4063 2515 4102 non
2564 4047 2778 4103 steterit
2831 4064 3005 4119 usque
3039 4048 3107 4104 ad
3145 4049 3423 4119 psalmum

1861 4136 2393 4206 quinquagesimum,
2425 4139 2590 4194 aridis
2611 4148 2892 4194 vescatur.

1930 4228 1988 4283 4.
2027 4229 2129 4295 Qui
2169 4239 2342 4284 totum
2387 4247 2654 4287 canonem
2689 4232 3015 4299 deseruerit,
3069 4233 3242 4289 aridis
3273 4244 3425 4289 stans

1862 4315 2006 4369 vesci
2029 4315 2304 4380 jubeatur.

1935 4407 1988 4460 5.
2027 4406 2129 4473 Qui
2173 4424 2279 4462 non
2309 4408 2544 4465 adfuerit
2571 4411 2725 4466 initio
2761 4411 3026 4482 cujusque
3054 4411 3222 4478 horai,
3251 4414 3423 4469 eidem

1865 4510 2038 4563 paena:
2085 4497 2404 4565 subjiciatur
2465 4510 2631 4571 atque
2677 4501 2764 4558 ille
2793 4504 2884 4570 qui
2925 4504 3108 4558 cantui
3151 4503 3339 4560 Gloria
3371 4507 3429 4559 in

1864 4588 2081 4641 excelsis
2105 4589 2358 4645 defuerit.

281 4695 356 4753 ς’.
386 4687 446 4740 '0
475 4685 985 4755 ἁπολιμπανόμενος
1017 4684 1109 4738 τοῦ
1139 4685 1500 4755 προκειμένου
1523 4683 1762 4755 ἑκάστης

1936 4681 1989 4733 6.
2027 4680 2129 4746 Qui
2182 4683 2468 4738 recesserit
2523 4694 2648 4739 ante
2716 4686 3122 4755 responsorium
3167 4687 3431 4756 cujusque

208 4781 379 4854 ὥρας,
404 4780 439 4851 ἦ
474 4779 566 4831 καὶ
587 4778 692 4840 ἕως
724 4778 931 4840 τέλους,
963 4776 1359 4846 ξηροφαγείτω.

280 4868 347 4935 ζ’.
387 4871 446 4923 '0
495 4869 570 4940 μὴ
613 4867 998 4937 εὑρισκόμενος
1045 4867 1152 4920 ἀπὸ
1199 4867 1298 4936 τῆς
1340 4865 1644 4938 ὲνάρξεως,
1689 4866 1767 4936 τῷ

212 4960 475 5029 ἐπιτιμίῳ
504 4955 889 5010 ὑποϐαλλέσθω
933 4953 1026 5008 τοῦ
1060 4954 1134 5025 μὴ
1166 4954 1555 5025 εὑρισκομένου
1588 4955 1668 5017 εἰς
1707 4949 1770 5006 τὸ

213 5052 370 5113 Δόξα
401 5051 472 5104 ἐν
497 5051 799 5117 ὑψίστοις.

281 5149 356 5213 η’.
395 5142 453 5194 '0
476 5141 570 5192 τοῦ
594 5141 914 5210 μεγαλείου
944 5141 1018 5211 μὴ
1045 5139 1354 5206 ὑπακούων,
1373 5137 1771 5211 παραστηκέτω

215 5237 273 5288 ὲν
300 5236 368 5305 τῇ
393 5233 658 5304 τραπέζῃ.

290 5323 356 5375 θ’.
399 5321 458 5373 '0
492 5322 839 5392 ὲναπομένων
868 5322 972 5387 ἔξω
1007 5323 1115 5376 τῶν
1147 5323 1345 5394 θυρῶν,
1375 5322 1771 5395 ξηροφαγείτω.

294 5420 351 5470 t';
385 5414 444 5466 Ὀ
488 5414 562 5483 μὴ
597 5413 868 5466 κοινωνῶν
903 5415 1021 5467 κατ’
1058 5415 1192 5467 ἰδίαν
1239 5415 1484 5485 γνώμην,
1520 5416 1778 5485 ἀφοριζέ-

225 5504 335 5558 σθω
363 5506 573 5574 ἡμέραν
608 5504 756 5574 μίαν.

1870 4769 2036 4836 horae,
2072 4773 2155 4827 vel
2204 4774 2365 4828 etiam
2407 4784 2532 4830 ante
2555 4776 2675 4844 ejus
2729 4780 2918 4840 linem,
2946 4777 3113 4832 aridis
3157 4788 3431 4832 vescatur.

1942 4861 1994 4915 7.
2043 4862 2145 4927 Qui
2179 4863 2332 4916 initio
2370 4878 2476 4918 non
2505 4862 2832 4928 interfuerit,
2873 4865 3047 4919 eidem
3087 4878 3262 4933 poena:
3297 4865 3432 4919 sub-

1868 4951 2089 5022 jiciatur
2132 4963 2293 5024 atque
2322 4954 2413 5009 ille
2442 4955 2535 5025 qui
2577 4954 2806 5010 defuerit
2832 4955 3015 5010 cantui
3048 4955 3231 5010 Gloria
3257 4957 3310 5009 in
3340 4971 3434 5009 ex-

1874 5043 2046 5100 celsis.

1944 5136 1997 5191 8.
2028 5137 2128 5202 Qui
2156 5138 2426 5207 psalmum
2454 5138 2760 5210 magniﬁcat
2793 5155 2902 5194 non
2935 5140 3191 5202 audierit,
3235 5148 3340 5195 stet
3365 5140 3431 5194 ad

1873 5245 2138 5285 mensam.

1945 5318 1998 5371 9.
2030 5317 2133 5383 Qui
2162 5319 2423 5372 manserit
2451 5328 2605 5373 extra
2635 5318 2804 5384 fores,
2838 5320 3002 5375 aridis
3026 5331 3293 5375 vescatur.

1950 5409 2034 5463 l0.
2073 5409 2176 5475 Qui
2233 5425 2333 5464 sua
2388 5411 2669 5464 voluntate
2723 5426 2934 5464 sacram
2996 5411 3436 5465 communionem

1882 5503 2146 5567 omiserit,
2180 5511 2332 5556 extra
2359 5504 2695 5557 consortium
2733 5503 2824 5556 ﬁat
2852 5519 2958 5558 uno
2992 5505 3099 5557 die.

299 5600 386 5646 ια’.
415 5594 472 5644 '0
504 5595 560 5645 ἐν
584 5594 835 5664 ἐπιτιμία
867 5593 961 5660 ὢν,
997 5595 1090 5649 καὶ
1122 5595 1194 5666 μὴ
1218 5594 1619 5664 παριστάμενος
1645 5597 1781 5663 μετὰ

225 5682 334 5735 τῶν
366 5685 789 5751 κατηχουμένων
830 5686 887 5736 ἐν
920 5683 998 5754 τῷ
1028 5686 1258 5754 νάρθηκι
1305 5686 1403 5754 τῆς
1445 5684 1780 5752 λειτουργίας

1887 5704 2009 5741 cum
2080 5687 2480 5742 catechumenis
2543 5687 2596 5739 in
2649 5687 2903 5740 narthece
2971 5686 3100 5739 dum
3163 5686 3440 5756 peragitur

230 5775 672 5844 ἐπιτελουμένης,
708 5777 993 5845 μετανοίας
1024 5776 1262 5845 βαλλέτω
1295 5776 1652 5845 πεντήκοντα.

1887 5777 2127 5846 liturgia,
2161 5777 2443 5830 metanteis
2471 5775 2788 5844 subjiciatur
2819 5777 3238 5846 quinquaginta.

305 5882 330 5910 ι
367 5870 582 5927 Confer.
607 5870 766 5929 Goar.
801 5889 852 5943 p.
884 5873 973 5938 27,
999 5874 1062 5930 de
1078 5875 1309 5944 Hexaps.
1384 5873 1413 5912 ιι
1448 5872 1608 5930 Goar.
1633 5874 1760 5931 ibid.
1795 5874 1859 5932 de
1883 5872 2220 5931 cathismate.
2298 5883 2319 5911 ε
2354 5870 2582 5942 Goar.p.
2612 5873 2697 5938 9.6,
2736 5873 2798 5928 de
2820 5886 3041 5930 canone.

1958 5595 2044 5649 11.
2085 5593 2187 5658 Qui
2261 5609 2434 5663 panes
2508 5595 2858 5661 suppositus,
2951 5610 3056 5648 non
3127 5592 3441 5649 interfuerit
