3968 6452
543 366 686 431 1735

1990 361 2476 424 MONASTERIA
2487 363 2639 423 LES.

3663 352 3787 415 I736

594 479 701 563 .12.
741 475 1002 545 Quicum
1050 473 1335 541 fratribus,
1378 476 1588 548 absque
1631 474 1901 546 probabili
1930 489 2109 535 causa,

2296 468 2382 539 ιβ’.
2422 469 2481 522 ὐ
2512 468 2654 539 μετὰ
2678 464 2788 519 τῶν
2833 463 3078 532 ἀδελφων
3109 463 3209 533 (4),
3242 464 3369 517 ἄνευ
3398 461 3627 532 εὐλόγου
3668 479 3790 533 προ-

540 574 608 628 ad
661 570 1014 626 refectionem
1067 586 1176 625 non
1226 569 1459 633 venerit,
1507 578 1656 623 stare
1708 566 1987 636 jnbeatur,
2037 563 2124 618 vel

542 658 711 713 aridis
741 658 923 713 vesci:
962 657 1047 713 vel
1101 657 1261 729 juxta
1311 669 1572 726 magnum
1607 652 1869 708 Basilium
1909 657 2124 706 maneat

541 751 857 820 impransus
908 764 1085 820 usque
1146 749 1214 805 ad
1270 756 1530 805 statutam
1585 747 1777 801 horam
1840 742 2123 815 sequentis

542 847 672 899 diei.

618 937 704 992 15.
736 935 842 1003 Qui
903 934 1022 989 sine
1069 932 1448 989 admonitione
1502 928 1739 987 ecclesia
1796 924 2121 991 excesserit,

540 1030 665 1100 plus
697 1044 860 1097 quam
891 1026 1079 1093 semel,
1133 1025 1220 1079 vel
1277 1023 1479 1080 sederit
1506 1024 1636 1078 dum
1686 1020 1913 1093 singulae
1964 1018 2125 1073 litur-

541 1121 643 1190 εἰπε
686 1127 1042 1191 peraguntur,
1082 1126 1235 1173 extra
1270 1117 1416 1173 fores
1468 1116 1660 1171 altaris
1687 1112 1808 1171 sine
1859 1110 2115 1168 admoni-

540 1216 711 1279 tione,
737 1213 924 1269 decem
958 1211 1249 1267 metanmis
1277 1210 1557 1281 puniatur.

612 1393 697 1447 l4.
736 1390 997 1461 Quisquis
1067 1389 1245 1444 tribus
1304 1386 1665 1444 hebdomada:
1734 1384 2120 1442 catecbesibus

542 1500 651 1540 non
684 1483 1012 1551 interfuerit,
1054 1482 1265 1551 absque
1305 1483 1534 1536 honesta
1572 1492 1762 1544 causa,
1812 1477 1984 1533 aridis
2028 1482 2122 1531 ve-'

541 1588 749 1635 scatur.

615 1669 703 1727 15.
747 1669 851 1737 Qui
895 1685 1002 1724 non
1062 1667 1282 1725 aﬂ‘uerit
1336 1665 1597 1722 serotinaa
1639 1662 1935 1729 eatecbesi,
1973 1672 2122 1720 stare

546 1760 811 1817 iubeatur.

546 1761 560 1774 '
707 1771 761 1816 tu
796 1802 811 1817 .

536 1761 701 1909 Julii:
733 1779 993 1924 Qruisquis
1039 1851 1223 1907 audita
1250 1850 1393 1905 trina
1437 1848 1747 1921 pulsatione
1782 1862 1893 1903 non
1928 1847 2117 1909 statim

540 1946 877 2011 convenerit,
910 1944 1107 2016 viginti
1140 1942 1433 1998 mctanmia
1456 1942 1737 2013 puniatur.

612 2126 700 2181 Π.
756 2116 1018 2194 Quisquis
1040 2121 1183 2177 ultra
1215 2129 1474 2177 statutam
1502 2118 1895 2175 relaxationem
1923 2116 2117 2172 obam-

539 2217 690 2273 bt-Iel.
731 2224 787 2272 et
824 2224 1052 2287 vagetur
1100 2213 1157 2268 in
1207 2209 1562 2278 monasterio,
1613 2224 1725 2266 uno
1765 2209 1858 2266 die
1894 2224 2115 2280 separe-

536 2316 645 2362 tur.

607 2398 695 2453 18.
752 2396 858 2464 Qui
896 2412 959 2451 ex
984 2411 1089 2449 una
1120 2395 1173 2449 in
1207 2394 1435 2449 alteram
1459 2392 1731 2448 ollicinam
1755 2406 1815 2448 se
1846 2392 2113 2460 conferet,

533 2490 654 2547 sine
681 2491 873 2545 idonea
912 2503 1102 2554 causa,
1146 2501 1256 2541 uno
1286 2487 1374 2541 die
1407 2492 1714 2556 separetur.

604 2670 695 2725 19.
730 2667 836 2737 Qui
872 2677 998 2739 post
1050 2680 1240 2738 preces
1273 2680 1398 2736 qua:
1443 2678 1474 2717 a
1529 2676 1720 2717 mensa
1754 2660 2114 2732 surgentibus

532 2761 814 2827 dicuntur,
848 2776 955 2815 non
982 2757 1209 2814 decedet
1233 2765 1398 2829 prout
1422 2755 1738 2810 ordinatum
1783 2763 1889 2819 est,
1922 2754 2110 2825 viginti

533 2852 825 2909 metanceis
854 2851 1138 2922 puniatur.

600 2945 694 2999 20.
723 2943 827 3011 Qui
856 2943 1155 3014 colloquiis
1181 2949 1307 3013 post
1341 2939 1766 3010 completorium
1795 2937 2109 3003 indulserit,

531 3039 793 3109 puniatur
813 3036 1104 3091 metanwis
1133 3033 1554 3104 quinquaginta.

2224 561 2465 630 φάσεως,
2496 561 2573 630 μὴ
2602 560 2899 631 ἐρχόμενος
2925 558 3004 618 είς
3026 556 3128 626 τὴν
3152 556 3421 618 ἑστίασιν,
3450 556 3791 627 παρεστηκέ-

2222 669 2322 718 τω,
2346 653 2379 723 ἢ
2414 653 2811 724 ξηροφαγείτω,
2832 650 2866 721 ἢ
2886 649 3026 703 κατὰ
3049 648 3142 702 τὸν
3174 648 3348 718 μέγαν
3377 645 3662 702 Βασίλειον
3687 665 3793 717 μει-

2222 746 2369 802 νάτω
2394 746 2579 808 ἄσιτος
2593 743 2697 807 ἓως
2712 743 2810 814 τῆς
2828 741 3139 812 ὡρισμένης
3168 740 3318 813 ὧρας
3346 742 3415 811 τῇ
3434 739 3565 811 ἑξῆς
3592 741 3789 812 ἡμέρᾳ.

2295 930 2386 995 ιγ’.
2428 924 2489 977 '0
2522 923 2650 978 ἄνευ
2680 921 3046 992 ὑπομνήσεως
3076 918 3437 990 ἐξερχόμενος
3468 915 3569 985 τῆς
3598 915 3789 985 ἐκκλη-

2225 1015 2346 1079 σίας
2380 1015 2522 1085 πλὴν
2546 1014 2642 1069 τοῦ
2682 1014 2856 1080 ἅπαξ,
2885 1012 2919 1084 ἢ
2951 1010 3317 1081 καθεζόμενος
3346 1009 3589 1079 ἑκάστης
3617 1011 3792 1062 ὲπιτε-

2223 1107 2494 1179 λουμένης
2544 1106 2893 1178 λειτουργίας
2945 1104 3075 1160 ἄνευ
3128 1103 3490 1173 ὑπομνήσεως
3543 1101 3653 1171 πρὸ
3693 1100 3793 1151 τῶν

2224 1198 2410 1271 θυρῶν
2448 1199 2546 1254 τοῦ
2577 1196 2994 1270 θυσιαστηρίου,
3024 1195 3131 1250 ἀνὰ
3154 1195 3286 1249 δέκα
3330 1190 3627 1265 μετανοίας
3668 1190 3793 1262 βαλέ

2221 1291 2381 1347 λέτω.

2295 1382 2377 1438 ιδ’.
2426 1384 2546 1447 Πᾶς
2591 1382 2622 1436 δ
2675 1382 2750 1454 μὴ
2802 1378 3192 1452 εὑρισκόμενος
3232 1376 3291 1431 ὲν
3334 1377 3457 1438 ταῖς
3502 1374 3658 1445 τρισὶ
3700 1373 3795 1442 τῆς

2221 1460 2515 1548 ἑϐδομάδος
2558 1477 2960 1548 κατηχήσεσιν,
2996 1472 3125 1528 ἄνευ
3155 1468 3382 1539 εὐλόγου
3427 1467 3793 1539 προφάσεως,

2223 1560 2286 1643 ξη
2296 1568 2622 1641 ροςραγείτω.

2292 1666 2377 1715 ιε’.
2417 1659 2478 1713 '0
2517 1656 3032 1729 ἀπολιμπανόμενος
3071 1655 3172 1726 τῆς
3212 1652 3509 1723 ὲσπερινῆς
3550 1664 3795 1719 κατηχη-

2222 1764 2381 1812 σεως,
2421 1746 2693 1815 στηκέτω.

2291 1846 2392 1907 ις’.
2430 1840 2546 1903 Πᾶς
2568 1842 2597 1895 ὁ
2622 1836 2840 1894 ἁκούων
2861 1834 2956 1890 τοῦ
2979 1831 3539 1906 τρικροὺσματοςρπὶ
3567 1827 3793 1891 παντὸς,

2218 1937 2315 1991 καὶ
2349 1936 2424 2006 μὴ
2459 1932 2855 2004 συνερχόμενος
2898 1926 3040 1998 μετὰ
3070 1924 3311 1996 σπουδῆς
3333 1963 3351 1991 ,
3393 1921 3498 1977 ἀνὰ
3544 1927 3594 1975 κ’
3627 1936 3797 1991 μετα-

2217 2024 2365 2089 νοίας
2392 2021 2657 2095 βαλλέτω.

2290 2118 2381 2182 ιζ’.
2415 2116 2477 2170 Ὀ
2504 2114 2657 2186 παρὰ
2683 2112 2784 2184 τὴν
2808 2107 3122 2180 ὡρισμένην
3150 2105 3337 2186 ἄνεσιν
3358 2101 3679 2165 ἁναπατῶν,
3700 2098 3795 2155 καὶ

2217 2185 2649 2280 περιερχόμενος
2679 2207 2739 2261 ἐν
2770 2200 2847 2274 τῷ
2878 2185 3251 2273 μοναστηριὶρ,
3276 2194 3629 2267 ἀφοριζέσθω
3651 2193 3794 2264 mu-

2218 2308 2318 2374 ραν
2350 2299 2501 2371 μίαν.

2292 2391 2383 2464 ιη’.
2427 2392 2487 2445 '0
2534 2389 2629 2460 ἀφ’
2680 2386 2869 2458 ἑτέρου
2906 2382 3276 2456 ἐργαστηρίου
3322 2381 3402 2445 είς
3434 2379 3625 2450 ἕτερον
3656 2394 3794 2446 μετ-

2214 2483 2516 2556 ερχόμενος
2569 2482 2700 2535 ἄνευ
2758 2474 3111 2549 καθηκούσης
3161 2470 3339 2535 αἰτίας
3367 2508 3384 2536 ,
3440 2466 3795 2539 ἀφοριζέσθω

2213 2572 2431 2646 ἡμέραν
2461 2570 2613 2642 μίαν.

2284 2666 2371 2719 ιθ’.
2397 2663 2458 2717 '0
2483 2660 2624 2734 μετὰ
2650 2658 2751 2731 τὴν
2777 2656 2945 2727 εὐχὴν
2971 2655 3075 2724 τῆς
3107 2654 3173 2707 ὲκ
3194 2651 3295 2722 τῆς
3318 2648 3604 2721 τραπέζης
3635 2647 3798 2718 ὲγέρ-

2212 2775 2353 2821 σεως
2396 2755 2473 2828 μὴ
2522 2754 2701 2808 ἀπιὼν
2738 2748 2927 2814 καθὼς
2971 2746 3347 2808 διατέτακται,
3390 2740 3638 2813 βαλλέτω
3688 2738 3798 2793 ἀνὰ

2216 2847 2507 2924 μετανοίας
2533 2845 2607 2901 κ’.

2283 2949 2354 2998 κ’.
2385 2942 2444 2995 '0
2472 2936 2856 3009 συντυγχάνων
2883 2932 2993 2991 ἀπὸ
3015 2931 3125 2987 τῶν
3147 2927 3517 2990 ἀποδείπνων,
3547 2922 3797 2995 βαλλέτω

2217 3033 2319 3091 ἆνὰ
2346 3030 2636 3104 μετανοίας
2665 3035 2729 3082 ν’.

600 3129 692 3184 21.
725 3128 989 3197 Quisquis
1024 3126 1310 3196 operarius
1336 3139 1460 3177 curn
1504 3120 1724 3177 silentio
1760 3137 1867 3177 non
1909 3137 2107 3193 opere-

2287 3124 2392 3182 xct'.
2429 3125 2545 3186 Πᾶς
2584 3122 2614 3174 ὁ
2654 3116 3109 3189 ὲργοχειριάστης
3137 3113 3213 3185 μὴ
3243 3113 3301 3166 ὲν
3329 3107 3535 3183 ἠσυχίᾳ
3560 3104 3799 3210 £934.36—

530 3230 644 3288 tur,
671 3222 765 3278 sed
792 3236 921 3276 eum
954 3219 1200 3277 externis
1244 3215 1409 3273 verba
1440 3224 1763 3280 commutet,
1808 3215 1979 3272 biduo
2009 3232 2103 3273 se-

2244 3234 2400 3283 ιενος,
2448 3215 2587 3269 ἀλλὰ.
2632 3208 2909 3267 ἀνακινῶν
2952 3207 3125 3275 ξένοις
3160 3203 3400 3277 ὁμιλίας,
3441 3199 3799 3272 ἁφοριζέσθω

534 3324 775 3386 paretur.

602 3406 695 3461 22.
734 3404 840 3472 Qui
872 3406 927 3459 in
948 3405 1193 3475 quolibet
1246 3403 1394 3461 furto
1428 3412 1748 3475 compertus
1778 3401 1969 3470 fuerit,
1996 3416 2109 3457 una

529 3496 871 3553 bebdomada
908 3507 1215 3566 separetur.

600 3589 690 3645 23.
728 3587 833 3656 Qui
862 3598 1057 3659 praeter
1082 3588 1303 3645 modum
1324 3589 1545 3655 clamet,
1565 3587 1789 3661 triginta
1820 3582 2109 3645 metanteis

528 3682 810 3750 puniatur.

600 3768 691 3828 24.
723 3774 779 3829 Si
814 3775 1109 3848 quidquam
1136 3776 1335 3832 alicubi
1365 3776 1508 3847 apud
1536 3776 1780 3847 aliquem
1808 3774 2109 3845 deprehen-

531 3864 714 3929 detur,
743 3867 885 3921 ultra
913 3884 975 3922 ea
1008 3883 1131 3936 quae
1158 3883 1284 3922 cum
1319 3867 1695 3922 benedictione
1711 3866 1837 3922 data
1860 3865 2103 3932 fuerunt;

530 3957 662 4012 illud
692 3958 912 4028 quidem
936 3959 1238 4025 auferatur,
1273 3960 1389 4030 ipse
1415 3969 1596 4016 autem
1628 3960 1797 4015 aridis
1830 3971 2103 4015 vescatur.

598 4046 691 4102 25.
735 4048 793 4103 Si
854 4050 979 4118 quis
1028 4048 1236 4119 aliquid
1286 4048 1663 4105 inconfessum
1716 4049 1971 4115 retineat,
2021 4050 2107 4105 vel

526 4137 690 4193 etiam
725 4139 979 4210 cuiquam
1017 4148 1211 4210 prater
1237 4139 1538 4196 destinatos
1563 4138 1909 4210 conﬁteatur,
1946 4157 2108 4212 sepa-

527 4237 681 4283 retur
709 4246 820 4284 uno
855 4232 961 4286 die.

596 4321 687 4375 26.
720 4323 774 4376 Si
803 4323 928 4391 quis
955 4323 1157 4393 elapsis
1181 4323 1397 4381 duabus
1422 4325 1783 4386 hebdomadis
1823 4343 1933 4385 non
1967 4343 2101 4384 con-

526 4412 743 4469 ﬁteatur
767 4414 1007 4485 praesidi,
1040 4427 1327 4485 separetur
1353 4434 1461 4473 uno
1491 4419 1601 4477 die.

593 4595 685 4649 27.
728 4593 783 4650 Si
838 4594 962 4665 quis
1009 4603 1202 4665 sponte
1243 4596 1434 4651 audiat
1482 4596 1882 4662 detrectarent,
1928 4617 2105 4673 neque

2207 3308 2424 3382 ἡμέρας
2446 3305 2562 3361 δύο.

2280 3400 2389 3471 κβ’.
2429 3400 2491 3454 '0
2515 3395 2907 3469 εὑρισκόμενος
2936 3391 3031 3447 ἐπὶ
3055 3389 3222 3447 παντὶ
3249 3386 3555 3458 κλέμματι,
3592 3384 3795 3455 ἀφορι-

2208 3490 2384 3558 ζέσθω
2411 3487 2687 3558 ἑϐδομάδα
2712 3485 2865 3556 μίαν.

2274 3582 2385 3653 κγ’.
2437 3582 2497 3637 '0
2544 3576 2878 3650 κραυγάζων
2923 3569 3076 3645 παρὰ
3108 3571 3171 3627 τὸ
3202 3570 3373 3635 εἰκὸς,
3404 3567 3652 3641 βαλλέτω
3691 3567 3797 3622 ἀνὰ

2210 3673 2499 3749 μετανσίας
2528 3665 2595 3725 λ’.

2276 3766 2376 3822 κδ’.
2423 3763 2555 3820 Ἐὰν
2578 3761 2777 3834 εὑρεθῇ
2832 3759 2942 3813 τινὶ
2987 3756 3130 3813 κατὰ
3176 3756 3352 3811 πάντα
3388 3754 3577 3817 τόπον,
3617 3750 3795 3820 πάρεξ

2204 3859 2315 3916 τῶν
2346 3856 2650 3928 δεδομένων
2702 3853 2819 3925 μετ’
2855 3852 3129 3921 εὐλογίας,
3176 3849 3354 3903 ταῦτα
3403 3848 3504 3919 μὲν
3532 3844 3797 3916 ἀφαιρεί-

2207 3952 2340 4016 σθω,
2370 3952 2582 4013 ἐκεῖνος
2611 3948 2667 4001 δὲ
2700 3945 3107 4018 ξηροφαγείτω.

2273 4043 2373 4099 κε’.
2413 4042 2537 4097 Ἐάν
2559 4058 2645 4103 τις
2670 4040 2769 4111 ἔχῃ
2804 4034 3199 4105 ἀνεξάγγελτόν
3224 4052 3297 4100 τι,
3323 4033 3356 4104 ἢ
3385 4032 3480 4086 καὶ
3512 4032 3645 4086 ἄνευ
3672 4032 3783 4087 τῶν

2204 4136 2528 4217 ὡρισμένων
2585 4132 2891 4205 ὲξαγγέλλῃ
2944 4128 3086 4196 τινὶ,
3148 4126 3497 4199 ἁφοριζέσθω
3570 4127 3790 4195 ἡμέραν

2255 4233 2364 4288 ίαν.

2255 4251 2272 4285 ι
2348 4271 2364 4288 .

2207 4251 2248 4305 μ
2274 4251 2388 4391 2:4.
2434 4323 2559 4379 Ἐάν
2602 4338 2687 4386 τις
2716 4317 3081 4391 διερχομένων
3134 4287 3180 4386 β’
3226 4311 3542 4383 ἑϐδομάδων
3580 4311 3659 4381 μὴ
3699 4308 3789 4373 ἐξ·

2133 4415 2433 4549 ¹,αγγείλῃ
2487 4415 2568 4478 είς
2611 4411 2704 4466 τὸν
2758 4408 3104 4482 ἡγούμενον,
3166 4401 3514 4475 ἀφοριζέσθω
3565 4401 3788 4471 ἡμέραν

2211 4509 2361 4549 ut“-

2209 4509 2362 4581 μίαν.

2270 4596 2373 4662 κζ’.
2401 4594 2584 4664 ξεῐτις
2624 4592 2770 4656 τινος
2801 4590 3055 4660 ἀνέχεται
3088 4584 3549 4651 καταλαλοῦντος,
3576 4585 3672 4638 καὶ
3713 4599 3790 4652 μη

526 4684 673 4739 hunc
717 4686 975 4756 corrigat,
1024 4686 1108 4740 vel
1159 4686 1432 4742 nolentem
1482 4690 1681 4760 corrigi
1714 4692 1778 4746 ad
1810 4693 2102 4762 praesidem

2244 4690 2363 4753 ῠτδς
2391 4686 2839 4757 ὲπιδιορθώσεται
2880 4683 2974 4736 τὸν
3020 4678 3451 4742 καταλαλοῦντα,
3507 4676 3543 4747 ἢ
3578 4678 3656 4749 μὴ
3696 4679 3783 4731 ἀν·-

524 4791 635 4830 non
664 4777 891 4845 deferat,
926 4788 1146 4832 centum
1176 4780 1465 4834 metanceis
1490 4780 1768 4849 puniatur.

590 4955 682 5010 28.
711 4954 815 5022 Qui
846 4958 915 5012 ab
942 4956 1124 5028 aliquo
1155 4970 1384 5015 vocatus
1416 4962 1597 5016 statim
1641 4979 1751 5017 non
1790 4965 2091 5034 responde-

2199 4783 2458 4855 εχόμενον
2485 4777 2757 4849 ἀνενέγκῃ
2788 4772 2867 4846 τῷ
2891 4771 3217 4844 προεστῶτι,
3245 4769 3488 4840 βαλλέτω
3530 4770 3639 4823 ἀνὰ
3686 4785 3789 4840 με-

2201 4875 2418 4937 τανοίας
2446 4870 2666 4926 ἑκατόν.

2264 4964 2373 5037 κη’.
2415 4965 2473 5019 ἿΟ
2501 4963 2833 5033 καλούμενος
2861 4958 2967 5013 ὑπό
2997 4974 3164 5021 τινος,
3202 4954 3297 5008 καὶ
3326 4954 3402 5025 μὴ
3447 4953 3617 5017 εὑοὺς
3646 4956 3786 5008 ἁπο-

525 5050 619 5107 rn.
668 5053 709 5101 si
753 5056 899 5102 certe
946 5049 1091 5105 haud
1127 5050 1195 5106 de
1244 5051 1548 5124 longinquo
1578 5066 1828 5122 vocetur,
1863 5057 2089 5127 triginta

2244 5055 2534 5126 ρινόμενος,
2562 5052 2663 5122 τῆς
2688 5051 2933 5123 κλήσεως
2958 5047 3019 5101 υὺ
3057 5046 3277 5117 μακρὰν
3300 5043 3473 5115 οὔσης
3495 5083 3511 5109 ,
3536 5043 3787 5114 βαλλέτω

526 5140 813 5194 ιιιειαιιαξίε
834 5141 1110 5208 puniatur.

590 5229 681 5283 ‘29.
716 5231 974 5300 Quisquis
1005 5230 1248 5288 Sabbato
1290 5234 1672 5292 vestimentum
1705 5254 1867 5294 suum
1897 5251 2091 5311 sponte

524 5335 630 5373 non
667 5324 977 5388 mutaverit,
997 5324 1080 5378 vel
1104 5326 1265 5379 etiam
1304 5328 1487 5381 statim
1518 5330 1872 5384 mutatorium
1895 5332 2085 5387 eodem

523 5413 610 5467 die
644 5414 722 5467 vel
764 5424 984 5483 postero
1028 5430 1134 5469 non
1166 5417 1469 5483 tradiderit,
1507 5419 1678 5475 aridis
1706 5430 1981 5477 vescatur.

2197 5147 2302 5203 ἀνὰ
2331 5145 2622 5216 μετανοίας
2650 5146 2719 5197 λ’.

2272 5238 2376 5294 κθ’.
2407 5237 2521 5300 Πᾶς
2550 5236 2581 5289 6
2616 5234 2691 5305 μὴ
2723 5232 2864 5286 κατὰ
2887 5229 3173 5284 Σάϐϐατον
3207 5225 3573 5281 ὑπαλλάσσων
3609 5226 3673 5278 τὸ
3697 5226 3786 5277 ἕν-

2204 5332 2351 5401 δυμα
2380 5324 2549 5383 αὑτοῦ
2582 5326 2688 5397 ἰδίᾳ
2719 5324 2936 5394 γνώμῃ,
2978 5324 3012 5394 ἦ
3046 5323 3143 5376 καὶ
3174 5322 3335 5375 πάλιν
3388 5323 3463 5390 μὴ
3497 5318 3784 5389 παραδοὺς

2203 5417 2264 5470 τὺ
2293 5414 2650 5483 ἀντάλλαγμα
2680 5415 2747 5484 τῇ
2784 5412 2922 5483 αὑτῇ
2957 5413 3162 5483 ἡμέρᾳ,
3196 5427 3229 5481 η
3262 5409 3358 5463 καὶ
3387 5410 3453 5479 τῇ
3498 5406 3649 5478 ἑξῆς,
3689 5406 3785 5478 ξη-

2207 5506 2537 5579 ροφαγείτω.

2028 5606 2256 5663 NOTAE.

600 5689 698 5764 (4)_
721 5688 1076 5764 Perturbatus
1128 5693 1209 5764 vel
1256 5708 1546 5764 corruptus
1574 5695 1665 5749 hic
1696 5706 1778 5749 est
1807 5697 1858 5749 in
1889 5698 2089 5753 codici-

2197 5696 2479 5769 λιμπάνων
2532 5693 2643 5746 τῶν
2678 5691 2987 5769 τραπεζῶν,
3044 5692 3137 5769 μὴ,
3166 5692 3407 5769 εἰρηκὼς
3436 5694 3536 5763 τὴν
3568 5694 3776 5753 αἰτίαν,

524 5759 627 5813 bus
687 5759 858 5837 locus.
913 5759 1015 5837 Sed
1074 5759 1541 5837 adestintgrpres
1600 5776 1823 5821 sanctus
1854 5767 2090 5825 Basilius

2244 5759 2406 5821 ἐνέτω
2429 5766 2614 5837 ἄσιτος
2634 5782 2646 5817 :
2670 5759 2773 5837 Qui
2806 5782 2839 5815 ιι
2871 5759 3052 5816 meum
3084 5759 3339 5831 abfuerit,
3382 5759 3576 5829 abstine
3610 5773 3793 5820 εαιιθσ

524 5842 650 5888 mox
663 5830 855 5887 citatus
872 5830 1027 5903 cujus
1049 5833 1331 5905 epitimion
1350 5830 1705 5907 55'ejusumdi
1728 5848 1838 5895 est:
1874 5838 1929 5892 '0
1956 5840 2090 5893 ἀπο-

2196 5835 2456 5908 probabili
2464 5875 2479 5903 ,
2507 5844 2715 5892 ntaneat
2739 5835 3059 5903 impransus.
