3968 6450
584 312 718 375 1739
1767 327 2000 385 ΡίΕΝιΕ
2035 326 2108 384 Μ(

2252 325 2684 386 STERIALES.
3688 335 3814 396 1³740

653 429 742 483 46.
765 427 821 482 Si
844 430 1222 504 confringatur
1237 443 1398 501 testa,
1417 447 1473 491 ut
1495 437 1622 504 olla,
1653 450 1744 494 aut
1773 440 2036 502 cacabus,
2056 453 2108 492 at

2322 455 2405 508 μς
2426 476 2441 492 .
2486 439 2611 492 Ἐὰν
2647 440 2906 512 συντριϐῇ
2939 441 3114 513 χύτρα
3141 443 3174 513 ἢ
3202 446 3602 519 πυροστάτηςῆ
3649 455 3812 503 κακά-

580 521 862 584 craticula,
897 532 990 577 aut
1023 524 1166 579 aliud
1197 527 1430 596 quodvis
1457 530 1700 584 culinare
1723 545 1817 584 vas
1846 547 1908 584 ex
1965 531 2108 600 negle

2252 530 2364 584 ϐιον
2397 533 2431 602 ἢ
2463 533 2726 605 ἐσχάραῆ
2756 534 2883 589 ἄλλό
2910 553 2964 587 τι
2999 537 3191 600 σκεῦος
3220 540 3540 609 μαγειρικὸν
3565 543 3632 595 ἐκ
3657 560 3814 596 κατα-

581 625 690 679 ειυ,
715 627 930 671 centum
958 618 1037 672 vel
1065 618 1325 674 ducentas
1351 621 1434 676 vel
1460 630 1730 678 trecentas
1765 623 1930 679 faciat
1965 633 2107 678 meta

2252 625 2582 693 φρονήσεως,
2604 625 2707 679 ἀνὰ
2741 632 2787 698 ρ’
2814 627 2908 680 καὶ
2943 633 2988 680 σθ
3026 629 3120 681 καὶ
3147 635 3193 684 τ’
3235 633 3549 700 μετανοίας.

577 723 750 764 uaeas.

1051 822 1131 877 De
1162 823 1415 879 librorum
1443 828 1674 882 custode.

2617 818 2757 888 Περὶ
2784 819 2890 873 τοῦ
2923 819 3421 889 βιϐλιοφύλακος.

645 931 734 986 47.
777 931 830 986 Si
865 935 988 1003 quis
1014 935 1211 991 librum
1244 939 1531 1008 acceperit,
1567 940 1993 1019 nequenitidum
2023 958 2108 998 ser

645 1023 776 1047 ηψπ,
829 1024 907 1047 Μ,
949 1025 1106 1047 ,ηηω
1557 1044 1571 1047 _
1792 1031 1802 1041 .
1848 1031 1883 1047 ,.
2053 1032 2064 1043 .

2316 938 2427 1008 μς.
2475 939 2598 992 Ἐάν
2620 957 2704 1003 τις
2753 938 2894 1012 λάϐῃ
2952 940 3178 1011 βιϐλίον,
3219 944 3314 996 καὶ
3369 943 3444 1014 μὴ
3499 943 3805 1011 φιλοκάλως

576 1023 800 1087 vaverit,
829 1024 908 1077 vel
946 1025 1110 1078 alium
1173 1028 1414 1097 attigerit
1460 1031 1578 1085 sine
1633 1012 1992 1100 perinissione
2017 1032 2102 1101 eju

2252 1030 2415 1098 κρατῇ
2455 1028 2605 1090 αὐτὸ,
2638 1029 2671 1099 ἢ
2703 1029 2906 1100 ἅψηται
2963 1031 3126 1086 ἄλλον
3167 1032 3296 1086 ἄνευ
3343 1012 3442 1103 τῆς
3499 1035 3804 1104 ἐπιτροπῆς

573 1113 664 1180 qui
711 1123 874 1174 tenet.
901 1117 980 1169 vel
1009 1117 1174 1170 alium
1216 1120 1526 1188 quaesiverit
1556 1137 1907 1176 murmurans
1941 1134 2103 1192 praete

2252 1117 2330 1172 τοῦ
2357 1119 2706 1186 κρατοῦντος,
2753 1122 2786 1192 ἢ
2826 1123 3111 1195 ἐπιζητοίη
3163 1125 3352 1196 ἕτερον
3398 1129 3532 1197 παρ’
3568 1127 3595 1179 ὃ
3647 1128 3805 1182 ἔλαϐε

573 1203 722 1256 illum
772 1222 928 1273 quem
976 1206 1088 1277 jam
1127 1199 1435 1279 acceperat,
1476 1227 1702 1281 prorsus
1751 1214 1842 1268 illo
1893 1215 1979 1269 die
2022 1229 2108 1268 nor

2252 1210 2540 1280 γογγύξων,
2571 1211 2645 1284 μὴ
2673 1213 2878 1286 ἅψηται
2906 1215 3042 1280 ὅλως
3070 1220 3136 1288 τῇ
3173 1218 3354 1290 ἡμέρᾳ
3382 1219 3589 1290 ἐκείνῃ.

571 1301 642 1349 im
686 1301 899 1352 etrabit.

639 1313 726 1442 £8.
763 1389 1099 1447 Silibrorum
1132 1405 1316 1451 custos
1347 1396 1579 1452 debitam
1614 1399 1952 1454 sedulitatem
1988 1401 2108 1454 ham

2308 1380 2420 1453 μη’.
2458 1380 2582 1436 Ἐὰν
2617 1384 2646 1436 ὁ
2673 1381 3021 1453 βιϐλιοφωαξ
3061 1385 3165 1456 τὴν
3213 1385 3440 1440 δέουσαν
3485 1386 3805 1457 ἐπιμέλειαν

565 1497 676 1550 prec
704 1500 764 1538 se
802 1486 1004 1552 tulerit,
1038 1487 1206 1543 libros
1238 1489 1485 1558 singulos
1539 1493 1843 1557 excutiens,
1875 1504 2108 1565 transpo-

2252 1475 2312 1546 ιὴ
2341 1474 2728 1542 ἐπιδείκνυται,
2754 1477 3024 1531 τινάσσων
3079 1478 3174 1533 καὶ
3216 1478 3662 1549 μεταστοιϐάζων
3713 1483 3804 1534 καὶ

564 1589 720 1636 nens,
751 1576 968 1640 pulvere
997 1594 1258 1649 purgans,
1301 1580 1472 1636 aridis
1499 1594 1769 1638 vescatur.

2252 1567 2525 1638 ιονιορτῶν
2552 1567 2805 1633 ἕκαστον,
2836 1570 3235 1641 ξηροφαγείτω.

2308 1677 2335 1680 __
2348 1659 2390 1680 In
2446 1661 2512 1680 οη
2526 1678 2546 1680 _
2558 1679 2573 1680 κ
2668 1679 2673 1680 ,
2695 1662 2708 1680 Ι
2788 1663 2848 1680 Λευ
2885 1664 2896 1680 9
3073 1663 3085 1678 ο
3308 1664 3322 1680 9
3511 1666 3524 1680 ι
3782 1665 3793 1680 ι

631 1665 719 1718 49.
748 1666 801 1720 Si
830 1670 951 1737 quis
978 1670 1171 1724 librum
1203 1672 1407 1727 abdens
1437 1674 1491 1761 in
1526 1674 1801 1738 cubiculo,
1841 1675 1984 1731 hunc
2007 1678 2108 1746 pul-

2303 1659 2411 1730 μΘ’.
2446 1661 2634 1725 Ὅστις
2657 1662 2714 1715 εὐ
2724 1663 2851 1735 ρεθῇ
2873 1663 3245 1735 ἀποκρύπτων
3273 1664 3355 1730 εἰς
3376 1666 3675 1737 κοιτάριον,
3713 1665 3804 1718 καὶ

563 1756 791 1812 sationis
826 1767 1066 1828 tempore
1115 1763 1325 1817 custodi
1359 1749 1466 1818 non
1513 1765 1826 1830 reddiderit,
1875 1767 1994 1824 sine
2029 1770 2108 1823 hui

2252 1749 2307 1821 ιὴ
2340 1750 2482 1804 κατὰ
2502 1752 2593 1806 τὸν
2629 1755 2816 1825 καιρὸν
2853 1754 2948 1808 τοῦ
2993 1754 3340 1827 κρούσματος
3373 1756 3600 1828 ἀποδοίη
3642 1756 3804 1810 τοῦτο

2252 1838 2304 1863 .Ρ.
2361 1839 2737 1863 D-£\,---.'\_.__
2811 1842 2929 1863 ξυμ.
2989 1845 3139 1863 _l\1,a
3421 1847 3433 1863 ο

560 1860 712 1902 ιιεεια
733 1864 919 1916 causa,
951 1861 1060 1907 ειει
1091 1869 1299 1909 mensas
1328 1865 1592 1924 tempore.

2252 1839 2306 1910 ςῷ
2360 1839 2763 1912 βιϐλιοφύλακι,
2805 1842 2933 1897 ἄνευ
2980 1845 3224 1914 εὐλόγου-
3253 1847 3606 1918 προφάσεως,
3652 1864 3800 1916 παρ-

2229 1930 2507 2002 εστηκέτω
2532 1935 2590 1986 ἐν
2611 1936 2677 2004 τῇ
2703 1934 2974 2008 τραπέζῃ.

1186 2053 1262 2108 De
1289 2065 1490 2111 sutore.

2713 2049 2854 2118 Περὶ
2876 2048 2983 2104 τοῦ
3015 2049 3306 2118 σκυτέως.

625 2163 713 2219 50.
771 2161 826 2217 Si
884 2165 1007 2234 quis
1041 2181 1106 2221 ex
1158 2170 1486 2240 negligentia
1539 2175 1789 2230 subulam
1842 2186 1936 2232 aut
1973 2189 2108 2234 suto-

2295 2166 2358 2212 ν’.
2400 2158 2529 2213 Ἐὰν
2553 2160 2618 2214 ἐκ
2637 2164 3094 2233 καταφρονήσεως
3112 2165 3287 2237 κλάσῃ
3309 2164 3578 2232 σονϐλίον,
3612 2167 3644 2238 ἢ
3675 2169 3800 2223 ἐτε-

553 2254 694 2308 rium
738 2255 885 2309 aliud
936 2257 1352 2313 instrumentum
1387 2262 1624 2333 fregerit,
1659 2278 1956 2324 metanteas
1997 2285 2108 2326 cent

2252 2267 2318 2304 ιον
2345 2251 2626 2320 ἐργαλεῖον
2665 2254 3079 2325 σκυτοτομικὸν,
3117 2257 3222 2311 ἀνὰ
3263 2258 3554 2328 μετανοίας
3591 2267 3660 2332 ρ’,
3705 2264 3816 2316 καὶ.

554 2331 690 2408 tum,
723 2348 1209 2416 etquinquaginta,
1245 2361 1296 2404 et
1325 2331 1543 2424 triginta
1571 2354 1761 2410 faciat.

629 2436 683 2461 EI
762 2436 814 2461 2:
870 2440 1027 2461 ---_::-
1065 2441 1262 2461 ,μη-η-
1316 2442 1339 2461 ι·
1389 2460 1397 2461 ,
1443 2446 1476 2461 ι.
1605 2456 1613 2461 .
1764 2449 1794 2461 ιι
1835 2450 1847 2461 υ
2056 2450 2108 2461 ι.

2260 2349 2289 2408 ',
2320 2343 2416 2396 καὶ
2445 2344 2508 2397 λ’.

2290 2441 2369 2461 ..-ο
2430 2435 2556 2461 θυι...
2596 2439 2845 2461 ---..---.ι
2861 2455 3010 2461 -.._..-
3045 2442 3153 2461 --9-
3177 2439 3380 2461 μίμημα
3407 2458 3434 2461 _.
3461 2442 3486 2461 ι
3592 2446 3614 2461 ο
3747 2445 3761 2461 ο

625 2436 710 2489 51.
762 2436 816 2489 Si
865 2440 1030 2493 coriis
1063 2441 1266 2496 abusus
1315 2442 1482 2496 fuerit
1527 2456 1614 2498 aut
1672 2449 1900 2510 malleis,
1938 2465 1992 2504 et
2017 2450 2108 2506 nisi

2290 2441 2389 2488 va'.
2430 2435 2556 2489 Ἐὰν
2594 2439 3016 2510 παραχρήσηται
3042 2442 3154 2520 τοῖς
3172 2439 3489 2515 δέρμασινῆ
3518 2446 3641 2508 ταῖς
3653 2445 3798 2514 σφύ-

552 2528 697 2580 coria
731 2537 886 2582 caute
924 2529 1195 2596 inciderit,
1229 2534 1532 2606 calceisque
1597 2542 1966 2608 supposuerit,
2021 2543 2108 2598 iis-

2252 2543 2365 2590 ιαις,
2397 2529 2491 2582 καὶ
2524 2527 2600 2598 μὴ
2642 2529 2781 2598 μετὰ
2809 2530 3108 2600 ἀσφαλείας
3130 2532 3398 2605 διακόπτῃ
3421 2536 3516 2589 καὶ
3542 2536 3799 2610 ὑποϐάλῃ

550 2618 670 2670 dem
705 2620 876 2686 poenis
922 2623 1192 2677 obnoxius
1222 2635 1361 2681 esto.

2252 2635 2278 2671 ν
2305 2619 2418 2682 τοῖς
2447 2618 2808 2690 ὑποδήμασιν,
2837 2622 3010 2692 ἐχέτω
3030 2623 3100 2676 τὰ
3128 2625 3269 2678 αὐτὰ
3303 2627 3574 2698 ἐπιτίμια.

621 2709 707 2763 52.
743 2709 798 2764 Si
830 2727 892 2766 ex
917 2715 1174 2781 peculiari
1195 2717 1388 2774 affectu
1407 2720 1498 2776 det
1513 2722 1697 2788 alicui,
1725 2734 1820 2782 aut
1845 2727 1962 2783 sine
1987 2744 2108 2786 usus

2289 2709 2394 2779 νβ’.
2432 2710 2558 2765 Ἐὰν
2597 2713 2930 2784 προσπαθῶς
2957 2715 3035 2787 δῷ
3068 2717 3198 2784 τινὶ,
3226 2718 3260 2790 ἢ
3296 2718 3391 2773 καὶ
3420 2721 3792 2791 ἀχρειάστως,

550 2807 896 2871 necessitate,
923 2807 1092 2862 aridis
1127 2821 1407 2867 Vescatur.

2253 2799 2623 2870 ηροφαγείτω.

1094 2922 1170 2977 De
1199 2925 1551 2997 calligrapho.

2635 2918 2774 2986 Περί
2798 2918 2904 2972 τοῦ
2923 2919 3357 2991 καλλι-γράφου.

616 3031 706 3086 55.
732 3033 785 3087 Si
811 3045 1010 3102 praeter
1034 3053 1192 3091 usum
1218 3039 1401 3108 gluten
1427 3041 1614 3098 fecerit
1643 3046 1803 3116 idque
1821 3049 1926 3105 situ
1960 3066 2108 3106 mar-

2284 3017 2386 3086 νγ’.
2430 3019 2557 3074 Ἐὰν
2583 3021 2722 3095 ὑπὲρ
2749 3023 2847 3094 τὴν
2869 3027 3060 3096 χρείαν
3078 3029 3249 3083 ποιῶν
3269 3030 3486 3096 κόλλαν,
3519 3035 3667 3108 σήπῃ
3693 3038 3794 3092 αὖ*

2139 3152 2182 3209 c
2219 3107 2317 3179 τὴν
2321 3109 2426 3209 fiat
2452 3112 2554 3179 τῆς
2580 3113 2883 3185 ἁπομονῆς,
2914 3117 3193 3187 μετάνοιαι
3226 3129 3290 3176 ν’.

2286 3197 2380 3253 νδ’.
2403 3199 2475 3252 “Et
2510 3202 2584 3272 μὴ
2617 3202 2919 3270 φιλοκάλως
2942 3210 3134 3278 κρατεῖ
3157 3209 3216 3263 τὸ
3241 3212 3542 3283 τετράδιον,
3571 3218 3668 3270 καὶ
3701 3219 3792 3272 τί-

2216 3287 2344 3360 θησι
2376 3290 2436 3344 τὸ
2457 3292 2550 3361 ἀφ’
2579 3288 2639 3348 οὗ
2673 3297 2869 3365 γράφει
2897 3298 3122 3368 βιϐλίον,
3163 3304 3258 3356 καὶ
3289 3307 3481 3359 σκέπει
3515 3310 3575 3360 ἐν
3604 3312 3791 3382 καιρῷ

2214 3382 2470 3454 ἑκάτερα,
2538 3387 2632 3438 καὶ
2690 3393 3089 3460 παρατηρεῖται
3145 3394 3214 3447 τά
3256 3412 3316 3447 τε
3361 3397 3652 3469 ἀντίστιχα
3693 3405 3791 3456 καὶ

2210 3475 2336 3538 τοὺς
2396 3476 2582 3540 τόνους
2646 3479 2739 3532 καὶ
2792 3479 2895 3542 τὰς
2949 3482 3204 3552 στιγμὰς,
3239 3485 3344 3539 ἀνὰ
3400 3491 3696 3557 μετανοίας
3720 3492 3788 3558 λ’,

2211 3567 2304 3619 καὶ
2335 3573 2402 3636 ρ’.

2277 3663 2371 3709 vs’.
2419 3658 2543 3710 Ἐάν
2567 3676 2650 3720 τις
2679 3661 3003 3734 ἐκστηθήσει
3028 3665 3093 3718 ἐκ
3122 3667 3230 3721 τῶν
3253 3675 3662 3743 γεγραμμένων
3685 3677 3783 3730 τοῦ

2206 3747 2266 3812 ἐξ
2296 3742 2355 3803 οὗ
2387 3750 2588 3819 γράφει
2619 3751 2849 3821 βιϐλίου,
2885 3757 3230 3826 ἀφοριζέσθω
3260 3742 3472 3833 ἡμέρας
3501 3773 3571 3834 γ’.

2275 3851 2384 3908 νς⁹.
2419 3846 2486 3898 Et
2510 3864 2592 3907 τις
2622 3846 2785 3911 πλέον
2811 3848 2924 3901 τῶν
2953 3853 3351 3922 γεγραμμένων
3383 3855 3693 3924 ἀναγνώσει
3721 3858 3781 3925 ἐξ

2202 3928 2261 3986 οὗ
2292 3934 2494 4002 γράφει
2537 3935 2767 4005 βιϐλίου,
2800 3937 3203 4010 ξηροφαγείτω.

2272 4020 2366 4085 νζν.
2430 4023 2491 4076 Et
2554 4027 2619 4078 ἐκ
2677 4025 2853 4097 Θυμοῢ
2924 4029 3204 4100 συντρίψει
3257 4029 3544 4101 κάλαμον,
3601 4037 3772 4104 μετα-

2200 4132 2340 4168 νοιαι
2371 4121 2434 4168 λ’.

2269 4213 2369 4276 νη’.
2399 4207 2462 4260 Et
2485 4208 2663 4280 ἐπάρῃ
2693 4210 2880 4282 ἕτερος
2921 4212 3107 4283 ἐτέρου
3149 4213 3425 4284 τετράδιον
3469 4215 3600 4270 ἄνευ
3633 4219 3774 4287 γνώο

548 3137 746 3187 cescat,
779 3139 1076 3184 mctanaaas
1106 3131 1269 3185 faciat
1294 3136 1713 3206 quinquaginta.

617 3215 704 3268 54.
740 3215 793 3269 Si
822 3219 960 3271 haud
995 3221 1255 3274 mundum
1288 3235 1468 3280 sex-vet
1491 3231 1930 3297 quaternionem,
1964 3237 2112 3304 pari~

547 3317 736 3376 terque
768 3309 964 3363 librum
1001 3315 1144 3366 unde
1196 3318 1478 3382 exscribit,
1513 3336 1686 3389 neque
1726 3340 1824 3378 suo
1873 3336 2114 3396 tempore

547 3409 836 3469 utrumque
866 3405 1097 3470 operiat,
1131 3422 1306 3475 neque
1359 3425 1545 3465 curam
1593 3424 1745 3482 gerat
1787 3418 2114 3476 antisticho-

548 3507 685 3552 rum,
741 3504 1087 3559 accentuum,
1138 3510 1192 3550 et
1231 3499 1756 3573 interpunctionum,
1813 3523 2112 3572 metanaaas

545 3582 706 3637 faciat
738 3587 953 3658 triginta
1001 3604 1164 3654 supra
1197 3602 1437 3649 centum.

612 3674 700 3726 55.
725 3675 780 3728 Si
811 3678 932 3742 quis
967 3682 1280 3736 memoriter
1309 3686 1620 3743 recitaverit
1657 3694 1860 3762 scripta
1885 3697 1937 3748 in
1968 3696 2108 3751 libro

546 3770 684 3819 unde
711 3771 820 3834 ipse
861 3772 1141 3837 exscribit,
1169 3789 1452 3843 separetur
1477 3780 1680 3836 triduo.

611 3859 696 3911 56.
734 3859 786 3913 Si
831 3863 956 3930 quis
1003 3866 1124 3932 plus
1151 3882 1312 3934 quam
1345 3879 1428 3923 est
1469 3871 1522 3923 in
1556 3874 1762 3941 scripto
1807 3877 1994 3948 legerit
2038 3897 2102 3936 ex

540 3964 602 4002 eo
635 3965 792 4017 quem
821 3955 1081 4007 exscribit
1105 3956 1265 4021 libro,
1293 3959 1461 4015 aridis
1480 3974 1747 4027 vescatur,

608 4041 694 4095 57.
728 4041 783 4096 Si
808 4060 870 4097 ex
901 4045 978 4099 ira
1008 4048 1275 4103 calamum
1304 4050 1547 4123 fregerit,
1587 4067 1883 4114 metanoeas
1934 4060 2099 4117 faciat

538 4133 779 4200 triginta.

607 4222 692 4276 58.
736 4223 790 4277 Si
827 4227 962 4280 alter
1001 4230 1224 4285 alterius
1267 4236 1701 4303 quaternionem,
1730 4240 1935 4310 absque
1965 4245 2102 4298 scri-
2203 4222 3107 4322 ,ων-ηξξιξῗῨῘῙΔ-ἒῗρέῗἐτέρου
3149 4231 3169 4322 ἶ

534 4311 710 4364 bentis
741 4329 1031 4380 consensu,
1055 4320 1156 4373 sibi
1186 4322 1535 4379 vindicaverit
1561 4368 1575 4390 ,
1610 4338 1906 4387 metanmas
1938 4331 2100 4389 faciat

2252 4315 2309 4367 ης
2340 4300 2434 4350 τοῦ
2465 4300 2788 4371 γράφοντος,
2819 4303 3096 4372 μετάνοιαι
3125 4303 3188 4359 ν’.

534 4407 947 4476 quinquaginta.

601 4498 688 4551 59.
725 4497 778 4551 Si
810 4501 1029 4553 minime
1067 4501 1521 4573 obtemperaverit
1549 4509 1830 4580 imperatis
1857 4531 1888 4568 a
1913 4517 2092 4586 primo

2266 4520 2364 4573 νϐ’.
2394 4521 2454 4573 Ei
2493 4522 2568 4591 μὴ
2602 4524 2839 4596 στοιχείῃ
2883 4528 2997 4591 τοῖς
3039 4530 3445 4600 τετυπωμένοις
3481 4535 3636 4606 παρὰ
3669 4539 3765 4591 τοῦ

529 4587 746 4656 calligra
758 4590 883 4657 pho,
917 4603 1202 4661 separetur
1233 4595 1422 4650 biduo.

2252 4608 2415 4663 οώτου
2469 4587 2863 4685 καλλιγραφοῦ,
2894 4587 3238 4689 ἀφοριζέσθω
3261 4587 3482 4692 ἱἡμέρας
3501 4587 3616 4678 δύο,

599 4680 684 4732 60.
722 4680 778 4732 Si
829 4681 1035 4750 primus
1071 4685 1443 4756 calligraphus
1477 4691 1739 4758 peculiari
1777 4695 1958 4765 aliquo
2003 4697 2087 4753 af-

2264 4701 2330 4766 ξ’.
2370 4701 2496 4755 Ἐὰν
2543 4703 2572 4756 ὁ
2612 4680 3169 4780 πρωτοκαλλιγράφος
3208 4680 3476 4780 ἐμπαθῶς
3527 4713 3763 4796 διανέμῃ

528 4767 667 4821 fectu
727 4786 889 4837 pensa
942 4773 1300 4838 distribuerit,
1351 4793 1526 4847 neque
1565 4780 1701 4836 bene
1747 4785 2086 4842 membranas

2252 4810 2257 4844 :
2285 4793 2595 4864 ἐργόχειρα,
2628 4767 2723 4850 καὶ
2751 4800 2800 4851 εί
2837 4799 2911 4869 μὴ
2935 4767 3261 4875 περιστέλλῇ
3285 4767 3466 4866 καλῶς
3492 4805 3591 4870 τὰς
3614 4767 3760 4879 psit:

524 4864 818 4929 paraverit,
855 4873 908 4917 et
937 4869 1122 4921 omnia
1155 4869 1362 4938 reliqua
1393 4872 1457 4924 ad
1496 4874 1756 4940 tegendos
1796 4876 1965 4932 libros
1997 4878 2083 4932 in-

2252 4884 2393 4948 ιάνας
2420 4887 2512 4939 καὶ
2568 4889 2743 4943 πάντα
2784 4864 2855 4944 τὰ
2899 4864 3261 4961 αμφιαστικέἶ
3290 4864 3585 4966 ἐργαλεῖα,
3613 4864 3756 4958 ἐδεῖτε

524 4964 824 5008 strumenta
853 4996 867 5021 ,
902 4959 974 5010 ita
1020 4968 1077 5012 ut
1126 4961 1258 5014 nihil
1302 4966 1392 5016 ttat
1428 4963 1617 5017 inutile
1658 4979 1843 5020 eorum
1873 4984 1992 5037 quae
2021 4969 2088 5024 ad

2252 4975 2264 5044 ᾖ
2294 4993 2345 5028 τι
2372 4977 2737 5050 ἀχρειωθῆναι
2759 4981 2868 5034 τῶν
2887 5000 2919 5052 χ
2928 4959 3336 5054 ρηήσιμευόντων
3351 4959 3431 5051 εἰς
3448 4989 3544 5060 τὴν
3567 4995 3755 5047 τοιαύ-

523 5047 574 5097 id
631 5046 991 5101 ministerium
1059 5050 1399 5116 conferunt,
1461 5056 1751 5110 metanoais
1816 5059 2088 5129 quinqua-

2255 5085 2282 5119 ν
2305 5067 2600 5132 διακονίαν,
2635 5046 2753 5127 *ἀνὰ
2796 5046 3078 5144 μετανοίας
3109 5084 3173 5144 ν’,
3208 5080 3302 5133 καὶ
3331 5046 3531 5152 ρ’,νκοίὶ
3560 5087 3750 5157 ἀφορι-

521 5148 666 5202 gmta
697 5144 751 5188 et
778 5145 994 5191 centum
1031 5147 1084 5192 et
1116 5142 1461 5209 separatione
1495 5143 1772 5211 puniatur.

2252 5156 2324 5209 ιὸν
2357 5159 2706 5232 ἐπιτίμησον.

1133 5250 1208 5305 De
1251 5263 1474 5307 sai-tore.

2709 5276 2848 5343 Περὶ
2881 5277 3140 5334 ἄκεα-τοῦ
3165 5293 3209 5336 ⁸.

588 5359 674 5414 61.
706 5360 762 5415 Si
799 5379 864 5416 ex
899 5364 1221 5434 negligentia
1249 5365 1466 5436 fregerit
1490 5384 1645 5422 acum
1673 5381 1766 5425 aut
1799 5372 2038 5428 forficem
2059 5415 2072 5438 ,

2257 5381 2354 5444 Ez'.
2403 5385 2526 5437 Ἐὰν
2553 5386 2616 5439 ἐκ
2645 5393 3099 5462 καταφρονήσεως
3147 5397 3404 5469 συντρίψῃ
3465 5399 3760 5472 βελόνηνῆ

516 5463 609 5504 aut
666 5455 945 5507 subtemen
991 5457 1324 5522 conciderit,
1364 5469 1566 5514 vestem
1624 5463 1866 5527 sciderit,
1906 5476 2077 5520 meta-

516 5560 663 5567 μ--.-
691 5545 841 5567 f--2,.
878 5549 1088 5567 ι-ξμεαι,
1147 5559 1227 5567 ,αι
1298 5551 1344 5567 η·
1540 5555 1549 5563 ο
1601 5565 1607 5567 .

2252 5474 2369 5537 ιλία,
2411 5477 2441 5544 ἢ
2477 5479 2720 5550 σνγκὸψη
2767 5455 3036 5556 τροιὰν,ἠ
3078 5455 3617 5563 διασχίσῃιίμέτιον,

516 5560 667 5598 naeus
691 5545 849 5600 faciat
878 5549 1118 5617 triginta,
1142 5559 1234 5602 aut
1257 5551 1670 5623 quinquaginta,
1700 5567 1793 5610 aut
1832 5567 2070 5614 centum.

2252 5581 2386 5618 νοιαι
2425 5565 2487 5631 λ’,
2518 5568 2549 5637 ἧ
2582 5576 2644 5634 ν’,
2678 5571 2709 5640 ἢ
2745 5581 2809 5642 ρ’.

587 5761 612 5786 ο
645 5750 795 5801 Deest
837 5749 923 5804 hic
951 5751 1136 5806 titulus
1161 5754 1212 5805 in
1242 5754 1360 5808 Cud.
