3968 6520
228 454 355 523 1741

1432 449 1489 507 S.
1518 443 1907 507 THEODORI
1938 442 2282 504 STUDITE

3323 439 3456 504 1742

293 570 393 639 ξβν.
427 569 490 621 Ei.
515 564 838 637 παραϐλέψῃ
883 564 981 620 καὶ
1025 563 1088 619 τδ
1136 562 1299 635 τυχὸν
1365 563 1573 632 ῥάκιον.
1626 560 1660 630 ἢ
1718 558 1787 611 τὰ

1955 557 2045 612 62.
2072 555 2129 611 Si
2154 556 2236 610 vel
2267 555 2508 609 lacerum
2540 551 2788 623 quamvis
2821 549 3172 624 panniculum
3205 553 3453 622 neglexe-

227 661 576 733 ὴχρειωμένα
607 660 682 730 μὴ
725 657 1077 726 άνακαινίσῃ,
1125 656 1221 710 καὶ
1276 653 1654 725 προσεμπαλοῖ
1697 651 1792 705 καὶ

229 751 653 823 ἁποφθειργοῖῐ,
717 753 808 804 καὶ
845 749 1068 812 ἀπαθῶς
1113 747 1387 802 καταδιδοῖ
1426 746 1639 816 ἑκάστῳ
1682 743 1794 796 τῶν

228 846 470 914 ἀδελφῶν
520 843 618 907 τάς
660 843 784 898 καθ’
809 841 1109 912 ἑϐδομάδας
1164 837 1503 905 ὑπαλλαγάς,
1558 836 1795 906 ξηροφα-

229 939 432 1006 γείτω,
486 935 520 1007 ἢ
594 933 1020 1006 παραπηκέτω,
1075 931 1110 1000 ἢ
1177 928 1520 1000 ἀφοριζέσθω
1578 927 1793 998 ⁴ι’]μιίραν

233 1047 380 1101 μιαν.

684 1155 826 1224 Περὶ
868 1155 978 1209 τοῦ
1037 1151 1344 1218 ὀστιαροῦ.

296 1273 376 1343 ἔτ’
411 1272 537 1327 Ἐάν
562 1274 591 1326 ό
619 1271 895 1342 δστιάριος
925 1269 983 1335 ἐξ
1027 1267 1289 1337 ἀμελείας
1333 1265 1468 1336 ἐάσῃ
1513 1264 1575 1317 τὸ
1620 1262 1798 1335 θυρώ-

230 1379 364 1434 ριον,
400 1363 492 1412 καὶ
522 1359 747 1428 γένηται
779 1356 954 1421 ἔξοδος
980 1354 1209 1423 ἀδελφοῦ
1249 1354 1505 1424 λαθραία,
1543 1351 1799 1421 ἀφοριζὲ-

229 1453 343 1506 σθω
378 1450 651 1518 ἑϐδομάδα
685 1449 834 1517 μίαν.

300 1544 396 1609 ξδ’.
461 1543 585 1595 Ἐὰν
633 1542 697 1594 ἐκ
752 1537 1213 1610 καταφρονήσεως
1265 1535 1400 1607 ἐάσῃ
1457 1535 1797 1606 είσέρχεσθαι

228 1635 505 1706 κοσμικὰς
553 1631 879 1702 ἀποκρίσεις
914 1632 1065 1703 παρὰ
1092 1629 1201 1684 τῶν
1230 1626 1680 1701 προσφοιτώντων
1712 1626 1799 1692 ξέ-

227 1747 338 1783 νων
365 1731 422 1780 ὲν
452 1730 519 1796 τῇ
551 1727 710 1795 μονῇ,
739 1723 1027 1794 μετανοίας
1059 1726 1126 1792 ρ’.

305 1821 398 1885 Es'.
442 1819 566 1872 Ἐάν
597 1819 671 1889 μὴ
700 1818 815 1887 μετ’
848 1815 1136 1876 εὐλαϐείας
1158 1811 1290 1866 διδοῖ
1315 1811 1412 1864 καὶ
1438 1809 1688 1884 λαμϐάνῃ
1707 1809 1797 1863 λό-

1895 648 1985 714 rit,
2026 657 2119 701 aut
2161 645 2356 701 detrita
2410 660 2516 699 non
2565 644 2811 709 sarserit,
2863 659 3038 714 neque
3086 644 3368 700 invenerit
3402 655 3458 700 et

1891 740 2154 810 pediculis
2184 737 2577 800 emundaverit,
2607 746 2663 791 et
2694 736 2800 791 nisi
2821 735 3193 791 indifferenter
3225 737 3460 807 singulis

1891 830 2154 886 fratribus
2198 830 2409 884 dederit.
2451 828 2745 882 mutatoria
2792 827 3220 883 hebdomadaria
3246 845 3262 894 ;
3291 829 3461 883 aridis

1892 929 2164 984 vescatur,
2196 929 2291 974 aut
2319 927 2425 974 stet
2463 919 2515 973 in
2551 919 2672 974 loco
2705 918 2962 982 convivii,
2998 928 3093 974 aut
3118 934 3226 974 una
3259 920 3348 976 die
3374 935 3462 974 se-

1893 1020 2135 1082 paretur.

2505 1139 2584 1194 De
2604 1141 2843 1196 ostiaria.

1970 1257 2060 1313 63.
2093 1254 2150 1312 Si
2195 1256 2457 1312 ostiarius
2506 1255 2733 1325 ianuam
2769 1256 3002 1320 deserat,
3039 1265 3094 1312 et
3126 1257 3461 1314 clandestina

1898 1347 2086 1403 fratris
2135 1346 2380 1417 egressio
2432 1347 2729 1415 contingat,
2781 1356 3063 1416 separetur
3118 1363 3224 1403 una
3255 1348 3462 1405 hebdo-

1898 1440 2079 1495 mada.

1970 1532 2064 1587 64.
2111 1531 2169 1586 Si
2229 1533 2566 1604 negligenter
2637 1530 2783 1585 sinat
2843 1531 3117 1586 introduci
3187 1532 3463 1587 mundana

1897 1635 2162 1691 responsa
2194 1635 2225 1675 a
2249 1621 2763 1691 supervenientibus
2820 1619 3128 1690 hospitibus
3181 1619 3238 1674 in
3278 1635 3468 1674 mona-

1899 1713 2158 1780 sterium,
2205 1726 2508 1768 metanmas
2547 1722 2764 1768 centum
2791 1711 2975 1766 faciat.

1969 1805 2059 1859 65.
2088 1805 2145 1860 Si
2180 1805 2359 1860 minus
2397 1804 2484 1873 pie
2511 1804 2594 1860 vel
2625 1805 2740 1875 ipse
2770 1804 3034 1874 loquatur
3069 1804 3153 1859 vel
3185 1804 3469 1874 loquentes

229 1929 327 1980 γον
360 1909 510 1978 παρὰ
536 1908 645 1960 τῶν
672 1903 1095 1975 ὲπιξενομένων,
1125 1900 1160 1972 ἢ
1201 1901 1300 1963 τὰς
1321 1899 1514 1968 φάσεις
1543 1897 1617 1968 μὴ
1646 1895 1802 1966 ποιῆ-

1936 1906 2158 1952 xternos
2185 1905 2281 1951 aut
2312 1897 2556 1967 hospites
2577 1897 2782 1962 audiat,
2802 1895 2887 1951 vel
2905 1911 3029 1952 cum
3063 1896 3294 1967 praeside
3307 1902 3469 1966 prout

230 2019 322 2053 ται
357 1999 492 2070 πρὸς
532 1997 625 2050 τόν
665 1996 965 2066 ἡγούμενον
1020 1990 1291 2064 ἁρμοδίως
1332 1989 1428 2043 καὶ
1466 1987 1798 2062 πρεπόντως,

231 2091 338 2143 ἀνά
373 2087 664 2159 μετανοίας
701 2084 766 2156 ρ’.

307 2180 415 2244 Eg’.
453 2177 579 2231 Ἐὰν
611 2177 670 2244 ἐξ
700 2174 1027 2248 άπροσεξίας
1067 2175 1309 2246 ἀπολέσῃ
1347 2172 1604 2234 κλειδίον,
1643 2173 1805 2244 ξηρο-

234 2272 504 2343 φαγείτω.

689 2403 827 2472 Περὶ
854 2403 962 2458 τοῦ
997 2404 1360 2473 νοσοκόμου.

311 2518 408 2587 ξζὀ
456 2515 581 2571 Ἐὰν
608 2516 683 2587 μὴ
717 2516 1046 2587 ἐπιμελῆται
1082 2516 1201 2571 καθ’
1230 2517 1355 2570 ὅσον
1396 2515 1620 2569 δυνατὸν
1675 2516 1806 2568 ἐκά-

238 2629 367 2664 στου
401 2610 508 2663 τῶν
545 2609 868 2681 ἀρρώστων,
895 2610 991 2662 καὶ
1024 2607 1276 2679 προσάγῃ
1329 2606 1402 2660 τὰ
1430 2607 1574 2661 κατὰ
1621 2605 1810 2677 χρείαν

235 2701 534 2772 ἁρμοδίως,
562 2699 704 2753 κατὰ
736 2700 804 2753 τά
833 2699 1283 2769 διατετυπωμένα
1311 2697 1600 2769 ἐμμέτρως
1622 2713 1636 2727 ⁸
1659 2697 1750 2750 καὶ
1773 2697 1807 2768 ἢ

237 2791 662 2863 ὑπερϐάλλοι,ἢ
692 2794 787 2845 καὶ
839 2791 1104 2859 ἐλλεὶψοι,
1138 2790 1417 2859 μετάνοιαι
1476 2795 1543 2856 ν’,
1595 2788 1688 2841 καὶ
1743 2785 1809 2858 ρ’,

239 2884 275 2954 ἢ
304 2885 684 2956 ξηροφαγείτω
709 2884 806 2937 καὶ
844 2880 1190 2954 ἁφοριζέσθω
1237 2882 1449 2954 ἡμέραν
1480 2882 1634 2953 μίαν,

313 3059 416 3129 Eff-
464 3058 593 3113 Ἐὰν
624 3060 698 3129 μὴ
732 3061 761 3112 ό
785 3059 1236 3130 παρανοσοκόμος
1265 3057 1547 3130 στρωννύῃ
1570 3059 1665 3121 τὰς
1697 3057 1813 3111 κλί-

240 3170 341 3216 νας
365 3151 474 3206 τῶν
495 3152 752 3224 νοσερῶν,
773 3153 862 3205 καὶ
887 3152 1116 3222 διατηρῇ
1154 3152 1335 3216 καλῶς
1357 3153 1428 3205 τὰ
1446 3153 1618 3214 ἔλαια,
1644 3153 1737 3205 καὶ
1766 3154 1814 3204 εί

1901 2007 2001 2064 par
2020 1999 2104 2046 est
2129 1990 2393 2060 decetque
2414 1989 2579 2046 verba
2621 2005 2728 2045 non
2781 1987 2965 2054 faciat,
2996 1987 3284 2044 metanteis
3340 2001 3469 2042 cen-

1909 2092 2019 2139 tum
2047 2083 2324 2154 puniatur.

1973 2171 2064 2226 66.
2110 2170 2165 2225 Si
2203 2185 2300 2241 per
2331 2168 2600 2224 incuriam
2645 2166 2968 2222 claviculam
2999 2165 3272 2231 amiserit,
3299 2165 3470 2221 aridis

1903 2268 2178 2314 vescatur.

2322 2397 2400 2453 De
2427 2397 2713 2450 nosocomii
2755 2398 3019 2448 curatore.

1976 2512 2066 2566 6‘7.
2094 2511 2150 2565 Si
2179 2511 2516 2583 singulorum
2543 2517 2873 2580 aegrotorum
2908 2523 3095 2565 curam
3125 2521 3226 2577 pro
3262 2504 3472 2562 viribus

1910 2617 2018 2656 non
2068 2611 2253 2673 gerat,
2320 2617 2442 2672 quae
2493 2615 2632 2670 opus
2680 2599 2843 2654 fuerit
2895 2597 3280 2654 convenienter
3333 2610 3476 2666 prae-

1910 2694 2086 2750 bendo
2137 2703 2193 2748 et
2242 2708 2342 2762 pro
2387 2708 2643 2748 mensura
2691 2693 3028 2762 praescripta,
3067 2705 3231 2760 quam
3259 2690 3346 2744 vel
3377 2705 3476 2744 er—

1911 2787 2067 2842 cedat
2089 2787 2173 2841 vel
2211 2778 2442 2848 minuat,
2475 2794 2780 2842 metanteas
2804 2785 2968 2840 faciat
3001 2784 3394 2855 quinquaginta
3421 2793 3476 2837 et

1912 2889 2166 2945 centum,
2221 2879 2308 2933 vel
2359 2880 2526 2934 aridis
2583 2888 2853 2944 vescatur,
2906 2887 2964 2933 et
3025 2885 3308 2947 separetur
3362 2889 3474 2932 uno

1913 2973 2018 3027 die.

1983 3063 2072 3118 68.
2111 3061 2168 3118 Si
2207 3063 2507 3120 nosocomii
2539 3062 2947 3118 mansionarius
2977 3077 3085 3118 non
3124 3060 3379 3117 straverit
3402 3075 3476 3114 ae-

1916 3165 2191 3224 grotorum
2226 3155 2416 3219 lectos,
2451 3169 2553 3208 nec
2580 3162 2826 3208 sanctum
2881 3154 3058 3207 oleum
3117 3153 3252 3207 bene
3286 3166 3475 3206 serva—

242 3246 324 3313 μὴ
351 3245 456 3318 ἔχῃ
487 3245 777 3316 ἀκρίϐειαν
826 3244 986 3315 μέχρι
1018 3248 1112 3299 καὶ
1138 3246 1254 3308 ἑνὸς
1282 3245 1526 3310 κοκκίου,
1579 3245 1811 3317 ξηροφα-

1936 3246 2074 3310 rerit,
2125 3261 2228 3302 nec
2272 3247 2605 3316 diligentiam
2662 3261 2836 3316 usque
2908 3247 2974 3300 ad
3034 3263 3197 3301 unam
3259 3261 3478 3316 quoque

238 3339 432 3406 γείτω,
505 3339 598 3392 καί
653 3336 996 3409 άφοριζέσθω
1030 3338 1244 3409 ἡμέραν
1277 3338 1427 3407 μίαν.

320 3515 421 3583 ξθ’.
467 3517 594 3570 Ἐάν
622 3533 703 3579 τις
729 3515 825 3568 τοῦ
865 3516 1166 3585 νοσοκόμου
1215 3515 1388 3586 χωρὶς
1422 3516 1684 3569 άναπέσοι
1739 3518 1817 3578 εἰς

241 3607 466 3678 κλίνην,
497 3607 530 3676 ἢ
560 3609 648 3659 καί
684 3606 903 3671 ἀλλάξοι
934 3608 1100 3679 ἄλλην
1127 3607 1282 3679 παρὰ
1308 3607 1407 3678 τὴν
1438 3607 1685 3660 δοθεῖσαν
1718 3608 1817 3660 αὒ-

244 3698 349 3768 τῷ,
385 3697 666 3766 μετάνοιαι
697 3706 759 3749 ν’.

320 3796 383 3842 o’.
433 3789 559 3841 Ἐὰν
587 3789 978 3860 παραχρῆσθαι
1007 3792 1121 3853 τοῖς
1153 3790 1502 3862 καρϐωνίοις,
1537 3789 1570 3861 ἢ
1605 3789 1819 3860 συντρί-

245 3883 326 3954 ψῃ
359 3884 424 3934 ὲκ
457 3882 732 3954 ῥᾳθυμίας
768 3900 822 3935 τι
850 3882 956 3935 τῶν
1010 3884 1381 3952 χαλκευτικῶν
1435 3882 1752 3954 ἐργαλείων,
1784 3883 1818 3954 ἢ

254 3975 583 4045 ἀπολέσῃ.ῆ
637 3976 764 4029 ἄνευ
797 3975 1145 4044 προστάξεως
1181 3975 1323 4045 λάϐῃ
1375 3974 1601 4046 τίπαρά
1653 3991 1818 4039 τινος,

251 4069 347 4118 καὶ
378 4065 677 4137 ἐργάσηται
709 4066 1008 4134 ἐργαλεῖον,
1044 4065 1110 4130 λ’,
1141 4065 1175 4134 ἢ
1205 4063 1268 4130 ν’,
1311 4065 1404 4118 καὶ
1434 4071 1478 4137 ρ’
1518 4065 1818 4135 μετάνοιαι,

252 4157 286 4227 ἢ
327 4157 422 4208 καὶ
453 4155 852 4226 ξηροφαγείτω.

743 4374 882 4440 Περὶ
920 4375 1346 4445 κανδηλαρίου.

325 4490 426 4538 02'.
471 4484 599 4538 Ἐάν
634 4483 709 4557 μὴ
740 4486 959 4556 ποιῆται
994 4488 1092 4558 τὴν
1123 4490 1264 4561 ἁφὴν
1281 4490 1380 4559 τῆς
1410 4491 1700 4560 κανδήλας,
1728 4492 1823 4544 καὶ

1915 3337 2146 3407 pilulam
2204 3338 2544 3404 adhibuerit,
2567 3339 2738 3394 aridis
2790 3352 3061 3403 vescatur,
3109 3349 3163 3395 et
3194 3349 3478 3410 separetur

1918 3442 2029 3480 uno
2059 3427 2166 3481 die.

1994 3517 2083 3572 69.
2126 3516 2308 3588 Siquis
2330 3519 2447 3574 sine
2473 3520 2774 3574 nosocomii
2809 3530 3062 3576 curatore
3086 3521 3137 3575 iu
3180 3521 3379 3576 lectum
3423 3538 3482 3576 se

1919 3610 2163 3677 recipiat,
2212 3608 2294 3664 vel
2346 3611 2491 3665 hunc
2541 3625 2664 3666 cum
2698 3611 2800 3665 sibi
2833 3611 2944 3680 jam
2973 3613 3102 3667 dato
3156 3623 3477 3676 commutet,

1920 3707 2217 3753 metanaaas
2244 3700 2633 3771 quinquaginta
2654 3700 2838 3756 faciat.

1989 3789 2078 3844 70.
2108 3789 2164 3844 Si
2204 3791 2530 3846 carbonibus
2557 3791 2837 3856 abutatur,
2871 3803 2965 3848 aut
2993 3809 3089 3864 per
3114 3793 3380 3849 incuriam
3410 3811 3483 3849 te-

1921 3895 2084 3934 neum
2112 3880 2329 3950 aliquod
2350 3880 2773 3937 instrumentum
2789 3882 3116 3956 confringat,
3150 3895 3243 3940 aut
3272 3888 3481 3955 perdat,

1921 3977 2015 4022 aut
2047 3984 2152 4024 non
2177 3970 2368 4038 jussus
2423 3971 2719 4042 quidquam
2760 3973 2830 4027 ab
2867 3975 3052 4044 aliquo
3092 3977 3346 4046 accipiat,
3404 3978 3484 4031 fa-

1921 4061 2138 4130 ciatque
2163 4059 2583 4116 instrumentum
2631 4063 2870 4133 aliquod,
2929 4067 3146 4135 triginta
3197 4077 3292 4122 aut
3320 4071 3486 4139 quin-

1921 4151 2178 4222 quaginta
2219 4160 2273 4204 et
2303 4162 2518 4205 centum
2554 4157 2838 4210 tnetaumis
2868 4160 3149 4226 puniatur,
3193 4159 3277 4214 vel
3318 4163 3483 4215 etiam

1923 4244 2092 4297 aridis
2123 4253 2392 4297 vescatur.

2494 4374 2567 4429 De
2585 4375 2909 4436 lucernaria.

1997 4488 2082 4541 7i.
2122 4486 2175 4541 Si
2222 4488 2524 4559 lampadem
2568 4507 2675 4545 non
2734 4493 3064 4555 accenderit.
3111 4513 3214 4552 nec
3244 4499 3490 4556 ecclesia;

262 4576 355 4646 τῆς
388 4575 686 4648 δκκλησίας
712 4578 1008 4648 ἀξιολόγως
1047 4583 1140 4635 καὶ
1181 4583 1473 4654 ἐμμέτρως
1504 4585 1604 4648 τὰς
1655 4585 1811 4655 ἀρτύ-

1936 4579 2306 4632 3onveuienter
2331 4579 2766 4651 suﬂicienterque
2799 4585 3113 4640 condituras
3152 4586 3358 4655 fecerit,
3396 4607 3491 4645 nc-

256 4683 392 4731 σεις,
427 4669 566 4739 μήτε
602 4670 1046 4742 ὑπερϐαλλούσας
1084 4677 1223 4744 μήτε
1265 4675 1638 4740 ἐλλειπούσας,
1693 4693 1826 4746 προ-

258 4757 483 4826 μὺσσων
511 4761 604 4812 καὶ
635 4761 1025 4833 άποκαθαίρων
1073 4767 1140 4816 τὰ
1173 4767 1319 4836 ρύπη
1380 4767 1490 4818 τῶν
1547 4769 1824 4839 κανδήλων

257 4848 403 4900 κατὰ
455 4847 517 4901 τὸ
549 4849 741 4914 εἰωθὸς
802 4855 901 4923 τῆς
942 4853 1254 4923 ἑϐδομάδος,
1297 4859 1576 4925 μετάνοιαι
1600 4864 1668 4927 ρ’,
1729 4859 1824 4910 καὶ

255 4940 321 5006 ξη
330 4956 536 5009 ροφαγε
548 4940 663 4995 ίτω.

326 5030 424 5100 οβ’.
469 5030 598 5083 Ἐὰν
627 5033 894 5106 συντρίψῃ
924 5032 1206 5105 κανδήλαν,
1237 5037 1377 5090 κατὰ
1403 5035 1500 5108 τὴν
1526 5034 1685 5106 τιμὴν
1726 5034 1825 5104 τῆς

255 5121 527 5190 κανδήλας
548 5121 718 5190 ἐχέτω
744 5123 805 5175 τὸ
826 5125 1120 5193 ἐπιτίμιον.

328 5209 429 5278 στ’.
461 5213 586 5265 Ἐάν
616 5213 923 5285 ἀδιαφόρως
939 5216 1156 5283 καίηται
1175 5214 1240 5268 τά
1260 5215 1529 5284 παπύρια,
1560 5217 1591 5288 ἢ
1609 5217 1830 5288 ποιῆται

253 5303 419 5373 χύσιν
447 5305 1017 5376 άποκανδηλίσματος,
1047 5306 1078 5377 ἦ
1115 5309 1288 5379 ἐξάψῃ
1333 5302 1566 5380 λάϐρως,
1622 5311 1654 5381 ἦ
1693 5313 1818 5364 ὑπο.

253 5397 538 5468 στυγνάσῃ
567 5397 721 5468 παρὰ
751 5398 810 5449 τὸ
842 5399 1140 5467 προσῆκον,
1171 5400 1273 5452 ἀνά
1309 5402 1600 5469 μετανοίας
1655 5401 1719 5454 λ’.

329 5484 425 5539 οδ⁴.
459 5487 587 5539 Ἐάν
621 5488 694 5556 μὴ
731 5486 969 5558 καθαίρῃ
999 5490 1066 5540 τὰ
1092 5489 1468 5554 πολυκάνδηλα
1514 5491 1544 5560 ἢ
1575 5491 1641 5543 τὰ
1701 5507 1827 5562 κρε-

251 5577 544 5649 μαστάρια
575 5577 612 5647 ἢ
636 5578 701 5630 τὰ
729 5577 936 5642 τούϐια,
961 5580 1100 5632 ὥστε
1132 5581 1206 5650 μὴ
1243 5582 1299 5647 ἐξ
1346 5582 1546 5644 ituram;
1597 5585 1826 5655 άχρειωο

249 5669 404 5739 adq,
445 5670 547 5723 άνά
571 5671 857 5742 μετανοίας
892 5670 958 5744 ρ’.

383 5847 405 5888 ί
450 5845 606 5914 Puto,
635 5847 1031 5920 ἀποφθειρίζοι.

1929 4687 2034 4741 que
2065 4672 2386 4727 immodicas
2429 4689 2604 4744 neque
2652 4676 2968 4741 del‘ectivas,
2999 4681 3267 4736 emunctis
3294 4698 3493 4752 purga-

1929 4763 2106 4831 tisque
2137 4763 2446 4832 lampadum
2481 4764 2754 4830 sordibus,
2785 4778 2948 4836 prout
2986 4785 3104 4824 mus
3132 4780 3216 4826 est
3252 4770 3306 4825 in
3360 4772 3494 4826 lteb-

1925 4853 2179 4917 domada,
2213 4863 2509 4910 metanueas
2557 4867 2774 4912 centum
2829 4858 2993 4916 faciat
3019 4871 3072 4917 et
3099 4873 3358 4933 praeterea
3390 4867 3494 4919 ari-

1926 4943 2008 4999 dis
2036 4955 2304 5000 vescatur.
3473 5017 3477 5019 Α

1995 5037 2086 5090 72.
2127 5036 2182 5091 Si
2216 5038 2516 5108 lampadem
2550 5039 2793 5110 fregerit,
2848 5051 3009 5112 prout
3037 5041 3202 5100 fuerit
3225 5045 3493 5117 lampadts

1925 5133 2181 5203 pretium,
2222 5148 2437 5204 poenam
2471 5136 2688 5192 referat.

2000 5226 2090 5280 75.
2130 5224 2186 5278 Si
2217 5227 2512 5281 oscitanter
2567 5228 2862 5284 inflammet
2899 5231 3145 5302 papyria,
3185 5241 3280 5287 aut
3327 5232 3494 5291 faciat

1926 5315 2251 5386 lampadarii
2296 5318 2398 5372 olei
2433 5319 2774 5385 effusionem,
2830 5331 2924 5376 aut
2973 5323 3180 5393 largius
3217 5325 3491 5394 incendat,

1932 5419 2025 5462 aut
2056 5410 2268 5463 exiliter
2295 5419 2488 5480 praeter
2522 5416 2763 5479 modum,
2802 5424 3102 5472 metanmas
3145 5420 3384 5489 triginta.

2002 5501 2091 5555 Ἠ.
2121 5501 2176 5556 Si
2206 5503 2482 5574 lampades
2544 5522 2650 5560 non
2688 5510 3084 5572 emundaverit,
3115 5511 3198 5566 vel
3229 5513 3495 5581 pendulas

1931 5605 2186 5657 coronas,
2211 5594 2295 5647 vel
2335 5605 2677 5664 ornamenta,
2729 5600 3025 5667 quominus
3066 5601 3314 5675 rubigine
3367 5619 3494 5660 cor-

1937 5694 2279 5754 rumpantur,
2315 5696 2613 5745 metantnas
2645 5700 2861 5746 centum
2893 5691 3076 5750 faciat.
