  <div class='ocr_page' id='page_1' title='image "/cluster/home/n/w/nwhite01/storage/ocr_20150623/99/ien.35556001661347/881.png"; bbox 0 0 3968 6442; ppageno 0'>
   <div class='ocr_carea' id='block_1_1' title="bbox 535 342 673 405">
    <p class='ocr_par' dir='ltr' id='par_1_1' title="bbox 535 342 673 405">
     <span class='ocr_line' id='line_1_1' title="bbox 535 342 673 405; baseline 0 -1"><span class='ocrx_word' id='word_1_1' title='bbox 535 342 673 405; x_wconf 78' lang='grc'><strong>1743</strong></span> 
     </span>
    </p>
   </div>
   <div class='ocr_carea' id='block_1_2' title="bbox 530 539 2095 614">
    <p class='ocr_par' dir='ltr' id='par_1_2' title="bbox 530 539 2095 614">
     <span class='ocr_line' id='line_1_2' title="bbox 530 539 2095 614; baseline -0.003 -16"><span class='ocrx_word' id='word_1_2' title='bbox 530 543 809 614; x_wconf 79' lang='lat' dir='ltr'><strong>lampades</strong></span> <span class='ocrx_word' id='word_1_3' title='bbox 845 539 1118 602; x_wconf 87' lang='lat' dir='ltr'><strong>incendat,</strong></span> <span class='ocrx_word' id='word_1_4' title='bbox 1153 539 1224 592; x_wconf 87' lang='lat' dir='ltr'><strong>ita</strong></span> <span class='ocrx_word' id='word_1_5' title='bbox 1266 547 1326 592; x_wconf 90' lang='lat' dir='ltr'><strong>ut</strong></span> <span class='ocrx_word' id='word_1_6' title='bbox 1362 539 1538 606; x_wconf 89' lang='lat' dir='ltr'><strong>ipsum</strong></span> <span class='ocrx_word' id='word_1_7' title='bbox 1585 539 1854 607; x_wconf 77' lang='lat' dir='ltr'><strong>signiﬁcet</strong></span> <span class='ocrx_word' id='word_1_8' title='bbox 1886 547 2095 608; x_wconf 81' lang='lat' dir='ltr'><strong>tempus</strong></span> 
     </span>
    </p>
   </div>
   <div class='ocr_carea' id='block_1_3' title="bbox 530 629 2095 697">
    <p class='ocr_par' dir='ltr' id='par_1_3' title="bbox 530 629 2095 697">
     <span class='ocr_line' id='line_1_3' title="bbox 530 629 2095 697; baseline -0.004 -5"><span class='ocrx_word' id='word_1_9' title='bbox 530 636 892 692; x_wconf 83' lang='lat' dir='ltr'><strong>sulemnitatis</strong></span> <span class='ocrx_word' id='word_1_10' title='bbox 924 632 1177 696; x_wconf 89' lang='lat' dir='ltr'><strong>Domini,</strong></span> <span class='ocrx_word' id='word_1_11' title='bbox 1209 640 1264 685; x_wconf 91' lang='lat' dir='ltr'><strong>et</strong></span> <span class='ocrx_word' id='word_1_12' title='bbox 1296 629 1647 687; x_wconf 86' lang='lat' dir='ltr'><strong>Dominicalis</strong></span> <span class='ocrx_word' id='word_1_13' title='bbox 1688 632 1816 697; x_wconf 91' lang='lat' dir='ltr'><strong>diei,</strong></span> <span class='ocrx_word' id='word_1_14' title='bbox 1850 640 1906 687; x_wconf 88' lang='lat' dir='ltr'><strong>et</strong></span> <span class='ocrx_word' id='word_1_15' title='bbox 1941 646 2095 686; x_wconf 83' lang='lat' dir='ltr'><strong>com-</strong></span> 
     </span>
    </p>
   </div>
   <div class='ocr_carea' id='block_1_4' title="bbox 530 720 2097 787">
    <p class='ocr_par' dir='ltr' id='par_1_4' title="bbox 530 720 2097 787">
     <span class='ocr_line' id='line_1_4' title="bbox 530 720 2097 787; baseline -0.005 -4"><span class='ocrx_word' id='word_1_16' title='bbox 530 727 941 783; x_wconf 85' lang='lat' dir='ltr'><strong>memorationis</strong></span> <span class='ocrx_word' id='word_1_17' title='bbox 986 731 1330 787; x_wconf 84' lang='lat' dir='ltr'><strong>sanctorum;</strong></span> <span class='ocrx_word' id='word_1_18' title='bbox 1367 732 1421 777; x_wconf 89' lang='lat' dir='ltr'><strong>et</strong></span> <span class='ocrx_word' id='word_1_19' title='bbox 1452 723 1557 778; x_wconf 83' lang='lat' dir='ltr'><strong>nisi</strong></span> <span class='ocrx_word' id='word_1_20' title='bbox 1588 722 1672 778; x_wconf 89' lang='lat' dir='ltr'><strong>bis</strong></span> <span class='ocrx_word' id='word_1_21' title='bbox 1705 730 1855 777; x_wconf 91' lang='lat' dir='ltr'><strong>terve</strong></span> <span class='ocrx_word' id='word_1_22' title='bbox 1886 722 1938 776; x_wconf 91' lang='lat' dir='ltr'><strong>in</strong></span> <span class='ocrx_word' id='word_1_23' title='bbox 1965 720 2097 776; x_wconf 86' lang='lat' dir='ltr'><strong>beb-</strong></span> 
     </span>
    </p>
   </div>
   <div class='ocr_carea' id='block_1_5' title="bbox 530 813 1988 890">
    <p class='ocr_par' dir='ltr' id='par_1_5' title="bbox 530 813 1988 890">
     <span class='ocr_line' id='line_1_5' title="bbox 530 813 1988 890; baseline -0.006 -14"><span class='ocrx_word' id='word_1_24' title='bbox 530 821 762 876; x_wconf 86' lang='lat' dir='ltr'><strong>domada</strong></span> <span class='ocrx_word' id='word_1_25' title='bbox 798 818 1060 890; x_wconf 76' lang='lat' dir='ltr'><strong>templum</strong></span> <span class='ocrx_word' id='word_1_26' title='bbox 1076 815 1174 872; x_wconf 92' lang='lat' dir='ltr'><strong>Dei</strong></span> <span class='ocrx_word' id='word_1_27' title='bbox 1196 827 1401 882; x_wconf 88' lang='lat' dir='ltr'><strong>verrat,</strong></span> <span class='ocrx_word' id='word_1_28' title='bbox 1427 822 1728 870; x_wconf 71' lang='lat' dir='ltr'><strong>metanmas</strong></span> <span class='ocrx_word' id='word_1_29' title='bbox 1749 813 1988 882; x_wconf 76' lang='lat' dir='ltr'><strong>triginta.</strong></span> 
     </span>
    </p>
   </div>
   <div class='ocr_carea' id='block_1_6' title="bbox 1101 1016 1515 1074">
    <p class='ocr_par' dir='ltr' id='par_1_6' title="bbox 1101 1016 1515 1074">
     <span class='ocr_line' id='line_1_6' title="bbox 1101 1016 1515 1074; baseline -0.007 0"><span class='ocrx_word' id='word_1_30' title='bbox 1101 1018 1178 1074; x_wconf 78' lang='lat' dir='ltr'><strong>De</strong></span> <span class='ocrx_word' id='word_1_31' title='bbox 1209 1016 1515 1071; x_wconf 77' lang='lat' dir='ltr'><strong>hortulano.</strong></span> 
     </span>
    </p>
   </div>
   <div class='ocr_carea' id='block_1_7' title="bbox 601 1127 2097 1202">
    <p class='ocr_par' dir='ltr' id='par_1_7' title="bbox 601 1127 2097 1202">
     <span class='ocr_line' id='line_1_7' title="bbox 601 1127 2097 1202; baseline -0.003 -13"><span class='ocrx_word' id='word_1_32' title='bbox 601 1132 693 1189; x_wconf 86' lang='lat'><strong>76.</strong></span> <span class='ocrx_word' id='word_1_33' title='bbox 726 1132 782 1188; x_wconf 90' lang='lat' dir='ltr'><strong>Si</strong></span> <span class='ocrx_word' id='word_1_34' title='bbox 813 1140 1059 1202; x_wconf 89' lang='lat' dir='ltr'><strong>tempore</strong></span> <span class='ocrx_word' id='word_1_35' title='bbox 1103 1131 1301 1186; x_wconf 89' lang='lat' dir='ltr'><strong>idoneo</strong></span> <span class='ocrx_word' id='word_1_36' title='bbox 1331 1145 1442 1186; x_wconf 90' lang='lat' dir='ltr'><strong>non</strong></span> <span class='ocrx_word' id='word_1_37' title='bbox 1485 1127 1686 1184; x_wconf 90' lang='lat' dir='ltr'><strong>severit</strong></span> <span class='ocrx_word' id='word_1_38' title='bbox 1709 1128 1878 1197; x_wconf 81' lang='lat' dir='ltr'><strong>olera,</strong></span> <span class='ocrx_word' id='word_1_39' title='bbox 1922 1137 2097 1185; x_wconf 85' lang='lat' dir='ltr'><strong>meta-</strong></span> 
     </span>
    </p>
   </div>
   <div class='ocr_carea' id='block_1_8' title="bbox 533 1223 1131 1295">
    <p class='ocr_par' dir='ltr' id='par_1_8' title="bbox 533 1223 1131 1295">
     <span class='ocr_line' id='line_1_8' title="bbox 533 1223 1131 1295; baseline -0.01 -14"><span class='ocrx_word' id='word_1_40' title='bbox 533 1240 684 1281; x_wconf 71' lang='lat' dir='ltr'><strong>utnas</strong></span> <span class='ocrx_word' id='word_1_41' title='bbox 712 1223 1131 1295; x_wconf 73' lang='lat' dir='ltr'><strong>quinquaginta.</strong></span> 
     </span>
    </p>
   </div>
   <div class='ocr_carea' id='block_1_9' title="bbox 601 1311 2097 1386">
    <p class='ocr_par' dir='ltr' id='par_1_9' title="bbox 601 1311 2097 1386">
     <span class='ocr_line' id='line_1_9' title="bbox 601 1311 2097 1386; baseline -0.001 -16"><span class='ocrx_word' id='word_1_42' title='bbox 601 1318 690 1372; x_wconf 91' lang='lat'><strong>77.</strong></span> <span class='ocrx_word' id='word_1_43' title='bbox 714 1315 834 1372; x_wconf 85' lang='lat' dir='ltr'><strong>Nisi</strong></span> <span class='ocrx_word' id='word_1_44' title='bbox 898 1315 1125 1386; x_wconf 85' lang='lat' dir='ltr'><strong>pulchre</strong></span> <span class='ocrx_word' id='word_1_45' title='bbox 1179 1312 1502 1378; x_wconf 82' lang='lat' dir='ltr'><strong>excoluerit,</strong></span> <span class='ocrx_word' id='word_1_46' title='bbox 1564 1322 1821 1383; x_wconf 81' lang='lat' dir='ltr'><strong>tanquam</strong></span> <span class='ocrx_word' id='word_1_47' title='bbox 1879 1311 2097 1368; x_wconf 89' lang='lat' dir='ltr'><strong>Domini</strong></span> 
     </span>
    </p>
   </div>
   <div class='ocr_carea' id='block_1_10' title="bbox 532 1403 2089 1479">
    <p class='ocr_par' dir='ltr' id='par_1_10' title="bbox 532 1403 2089 1479">
     <span class='ocr_line' id='line_1_10' title="bbox 532 1403 2089 1479; baseline -0.004 -15"><span class='ocrx_word' id='word_1_48' title='bbox 532 1409 866 1479; x_wconf 86' lang='lat' dir='ltr'><strong>paradisum,</strong></span> <span class='ocrx_word' id='word_1_49' title='bbox 921 1405 1272 1465; x_wconf 89' lang='lat' dir='ltr'><strong>commissum</strong></span> <span class='ocrx_word' id='word_1_50' title='bbox 1312 1403 1418 1457; x_wconf 86' lang='lat' dir='ltr'><strong>sibi</strong></span> <span class='ocrx_word' id='word_1_51' title='bbox 1475 1403 1713 1466; x_wconf 87' lang='lat' dir='ltr'><strong>hortum,</strong></span> <span class='ocrx_word' id='word_1_52' title='bbox 1755 1404 1830 1457; x_wconf 87' lang='lat' dir='ltr'><strong>ita</strong></span> <span class='ocrx_word' id='word_1_53' title='bbox 1878 1413 1938 1461; x_wconf 94' lang='lat' dir='ltr'><strong>ut</strong></span> <span class='ocrx_word' id='word_1_54' title='bbox 1977 1419 2089 1459; x_wconf 85' lang='lat' dir='ltr'><strong>om-</strong></span> 
     </span>
    </p>
   </div>
   <div class='ocr_carea' id='block_1_11' title="bbox 534 1495 2096 1570">
    <p class='ocr_par' dir='ltr' id='par_1_11' title="bbox 534 1495 2096 1570">
     <span class='ocr_line' id='line_1_11' title="bbox 534 1495 2096 1570; baseline -0.003 -15"><span class='ocrx_word' id='word_1_55' title='bbox 534 1517 603 1556; x_wconf 92' lang='lat' dir='ltr'><strong>ne</strong></span> <span class='ocrx_word' id='word_1_56' title='bbox 642 1517 814 1570; x_wconf 80' lang='lat' dir='ltr'><strong>genus</strong></span> <span class='ocrx_word' id='word_1_57' title='bbox 881 1500 1086 1555; x_wconf 85' lang='lat' dir='ltr'><strong>olerum</strong></span> <span class='ocrx_word' id='word_1_58' title='bbox 1139 1495 1466 1552; x_wconf 78' lang='lat' dir='ltr'><strong>fraternitati</strong></span> <span class='ocrx_word' id='word_1_59' title='bbox 1503 1495 1710 1551; x_wconf 69' lang='lat' dir='ltr'><strong>affatim</strong></span> <span class='ocrx_word' id='word_1_60' title='bbox 1765 1497 2096 1566; x_wconf 82' lang='lat' dir='ltr'><strong>suppeditet,</strong></span> 
     </span>
    </p>
   </div>
   <div class='ocr_carea' id='block_1_12' title="bbox 534 1599 1099 1647">
    <p class='ocr_par' dir='ltr' id='par_1_12' title="bbox 534 1599 1099 1647">
     <span class='ocr_line' id='line_1_12' title="bbox 534 1599 1099 1647; baseline 0 -2"><span class='ocrx_word' id='word_1_61' title='bbox 534 1602 835 1647; x_wconf 70' lang='lat' dir='ltr'><strong>metanmas</strong></span> <span class='ocrx_word' id='word_1_62' title='bbox 863 1599 1099 1645; x_wconf 89' lang='lat' dir='ltr'><strong>centum.</strong></span> 
     </span>
    </p>
   </div>
   <div class='ocr_carea' id='block_1_13' title="bbox 606 1677 2095 1754">
    <p class='ocr_par' dir='ltr' id='par_1_13' title="bbox 606 1677 2095 1754">
     <span class='ocr_line' id='line_1_13' title="bbox 606 1677 2095 1754; baseline -0.003 -18"><span class='ocrx_word' id='word_1_63' title='bbox 606 1683 692 1737; x_wconf 94' lang='lat'><strong>78.</strong></span> <span class='ocrx_word' id='word_1_64' title='bbox 725 1683 783 1738; x_wconf 89' lang='lat' dir='ltr'><strong>Si</strong></span> <span class='ocrx_word' id='word_1_65' title='bbox 813 1683 1106 1738; x_wconf 80' lang='lat' dir='ltr'><strong>oscitanter</strong></span> <span class='ocrx_word' id='word_1_66' title='bbox 1155 1684 1390 1754; x_wconf 74' lang='lat' dir='ltr'><strong>negligat</strong></span> <span class='ocrx_word' id='word_1_67' title='bbox 1426 1681 1773 1751; x_wconf 88' lang='lat' dir='ltr'><strong>rigationem,</strong></span> <span class='ocrx_word' id='word_1_68' title='bbox 1811 1692 1910 1734; x_wconf 90' lang='lat' dir='ltr'><strong>nec</strong></span> <span class='ocrx_word' id='word_1_69' title='bbox 1947 1677 2095 1749; x_wconf 84' lang='lat' dir='ltr'><strong>justa</strong></span> 
     </span>
    </p>
   </div>
   <div class='ocr_carea' id='block_1_14' title="bbox 534 1777 1683 1845">
    <p class='ocr_par' dir='ltr' id='par_1_14' title="bbox 534 1777 1683 1845">
     <span class='ocr_line' id='line_1_14' title="bbox 534 1777 1683 1845; baseline -0.003 -16"><span class='ocrx_word' id='word_1_70' title='bbox 534 1790 789 1830; x_wconf 81' lang='lat' dir='ltr'><strong>mensura</strong></span> <span class='ocrx_word' id='word_1_71' title='bbox 820 1777 1076 1845; x_wconf 83' lang='lat' dir='ltr'><strong>adaquet,</strong></span> <span class='ocrx_word' id='word_1_72' title='bbox 1109 1785 1408 1830; x_wconf 80' lang='lat' dir='ltr'><strong>nietanceas</strong></span> <span class='ocrx_word' id='word_1_73' title='bbox 1442 1780 1683 1828; x_wconf 88' lang='lat' dir='ltr'><strong>centum.</strong></span> 
     </span>
    </p>
   </div>
   <div class='ocr_carea' id='block_1_15' title="bbox 1138 1889 1489 1943">
    <p class='ocr_par' dir='ltr' id='par_1_15' title="bbox 1138 1889 1489 1943">
     <span class='ocr_line' id='line_1_15' title="bbox 1138 1889 1489 1943; baseline 0 -1"><span class='ocrx_word' id='word_1_74' title='bbox 1138 1889 1215 1943; x_wconf 80' lang='lat' dir='ltr'><strong>De</strong></span> <span class='ocrx_word' id='word_1_75' title='bbox 1246 1891 1489 1943; x_wconf 79' lang='lat' dir='ltr'><strong>vinitore.</strong></span> 
     </span>
    </p>
   </div>
   <div class='ocr_carea' id='block_1_16' title="bbox 610 1974 2096 2046">
    <p class='ocr_par' dir='ltr' id='par_1_16' title="bbox 610 1974 2096 2046">
     <span class='ocr_line' id='line_1_16' title="bbox 610 1974 2096 2046; baseline 0 -18"><span class='ocrx_word' id='word_1_76' title='bbox 610 1975 696 2031; x_wconf 84' lang='lat'><strong>79.</strong></span> <span class='ocrx_word' id='word_1_77' title='bbox 722 1974 836 2030; x_wconf 82' lang='lat' dir='ltr'><strong>Nisi</strong></span> <span class='ocrx_word' id='word_1_78' title='bbox 865 1976 1000 2031; x_wconf 87' lang='lat' dir='ltr'><strong>bene</strong></span> <span class='ocrx_word' id='word_1_79' title='bbox 1029 1977 1261 2032; x_wconf 87' lang='lat' dir='ltr'><strong>coluerit</strong></span> <span class='ocrx_word' id='word_1_80' title='bbox 1305 1977 1470 2032; x_wconf 83' lang='lat' dir='ltr'><strong>vitem</strong></span> <span class='ocrx_word' id='word_1_81' title='bbox 1516 1975 1754 2042; x_wconf 89' lang='lat' dir='ltr'><strong>Domini,</strong></span> <span class='ocrx_word' id='word_1_82' title='bbox 1785 1985 2096 2046; x_wconf 80' lang='lat' dir='ltr'><strong>amputans,</strong></span> 
     </span>
    </p>
   </div>
   <div class='ocr_carea' id='block_1_17' title="bbox 532 2067 2096 2140">
    <p class='ocr_par' dir='ltr' id='par_1_17' title="bbox 532 2067 2096 2140">
     <span class='ocr_line' id='line_1_17' title="bbox 532 2067 2096 2140; baseline 0.001 -21"><span class='ocrx_word' id='word_1_83' title='bbox 532 2083 797 2140; x_wconf 87' lang='lat' dir='ltr'><strong>purgans,</strong></span> <span class='ocrx_word' id='word_1_84' title='bbox 831 2068 1068 2134; x_wconf 77' lang='lat' dir='ltr'><strong>fodiens,</strong></span> <span class='ocrx_word' id='word_1_85' title='bbox 1112 2067 1296 2124; x_wconf 80' lang='lat' dir='ltr'><strong>foveas</strong></span> <span class='ocrx_word' id='word_1_86' title='bbox 1338 2084 1631 2133; x_wconf 80' lang='lat' dir='ltr'><strong>excavans,</strong></span> <span class='ocrx_word' id='word_1_87' title='bbox 1660 2078 1714 2124; x_wconf 90' lang='lat' dir='ltr'><strong>et</strong></span> <span class='ocrx_word' id='word_1_88' title='bbox 1742 2068 1891 2123; x_wconf 89' lang='lat' dir='ltr'><strong>omni</strong></span> <span class='ocrx_word' id='word_1_89' title='bbox 1937 2068 2096 2122; x_wconf 91' lang='lat' dir='ltr'><strong>modo</strong></span> 
     </span>
    </p>
   </div>
   <div class='ocr_carea' id='block_1_18' title="bbox 533 2162 1815 2231">
    <p class='ocr_par' dir='ltr' id='par_1_18' title="bbox 533 2162 1815 2231">
     <span class='ocr_line' id='line_1_18' title="bbox 533 2162 1815 2231; baseline 0.001 -15"><span class='ocrx_word' id='word_1_90' title='bbox 533 2177 652 2217; x_wconf 89' lang='lat' dir='ltr'><strong>eam</strong></span> <span class='ocrx_word' id='word_1_91' title='bbox 675 2162 901 2231; x_wconf 88' lang='lat' dir='ltr'><strong>pulchre</strong></span> <span class='ocrx_word' id='word_1_92' title='bbox 927 2162 1206 2227; x_wconf 79' lang='lat' dir='ltr'><strong>excoleris,</strong></span> <span class='ocrx_word' id='word_1_93' title='bbox 1235 2170 1535 2217; x_wconf 71' lang='lat' dir='ltr'><strong>metaiimas</strong></span> <span class='ocrx_word' id='word_1_94' title='bbox 1572 2173 1815 2219; x_wconf 89' lang='lat' dir='ltr'><strong>centum.</strong></span> 
     </span>
    </p>
   </div>
   <div class='ocr_carea' id='block_1_19' title="bbox 1151 2275 1488 2332">
    <p class='ocr_par' dir='ltr' id='par_1_19' title="bbox 1151 2275 1488 2332">
     <span class='ocr_line' id='line_1_19' title="bbox 1151 2275 1488 2332; baseline -0.003 -1"><span class='ocrx_word' id='word_1_95' title='bbox 1151 2275 1229 2331; x_wconf 80' lang='lat' dir='ltr'><strong>De</strong></span> <span class='ocrx_word' id='word_1_96' title='bbox 1258 2287 1488 2332; x_wconf 77' lang='lat' dir='ltr'><strong>oratore.</strong></span> 
     </span>
    </p>
   </div>
   <div class='ocr_carea' id='block_1_20' title="bbox 604 2391 2099 2465">
    <p class='ocr_par' dir='ltr' id='par_1_20' title="bbox 604 2391 2099 2465">
     <span class='ocr_line' id='line_1_20' title="bbox 604 2391 2099 2465; baseline -0.001 -19"><span class='ocrx_word' id='word_1_97' title='bbox 604 2391 694 2450; x_wconf 88' lang='lat'><strong>80.</strong></span> <span class='ocrx_word' id='word_1_98' title='bbox 743 2391 803 2448; x_wconf 91' lang='lat' dir='ltr'><strong>Si</strong></span> <span class='ocrx_word' id='word_1_99' title='bbox 863 2392 945 2448; x_wconf 88' lang='lat' dir='ltr'><strong>ira</strong></span> <span class='ocrx_word' id='word_1_100' title='bbox 995 2392 1306 2463; x_wconf 87' lang='lat' dir='ltr'><strong>impellente</strong></span> <span class='ocrx_word' id='word_1_101' title='bbox 1377 2393 1571 2450; x_wconf 82' lang='lat' dir='ltr'><strong>bovem</strong></span> <span class='ocrx_word' id='word_1_102' title='bbox 1618 2393 1969 2465; x_wconf 86' lang='lat' dir='ltr'><strong>percusserit,</strong></span> <span class='ocrx_word' id='word_1_103' title='bbox 2004 2400 2099 2446; x_wconf 88' lang='lat' dir='ltr'><strong>aut</strong></span> 
     </span>
    </p>
   </div>
   <div class='ocr_carea' id='block_1_21' title="bbox 533 2483 2099 2551">
    <p class='ocr_par' dir='ltr' id='par_1_21' title="bbox 533 2483 2099 2551">
     <span class='ocr_line' id='line_1_21' title="bbox 533 2483 2099 2551; baseline 0.001 -14"><span class='ocrx_word' id='word_1_104' title='bbox 533 2483 878 2538; x_wconf 91' lang='lat' dir='ltr'><strong>inconditum</strong></span> <span class='ocrx_word' id='word_1_105' title='bbox 907 2483 1135 2539; x_wconf 82' lang='lat' dir='ltr'><strong>verbum</strong></span> <span class='ocrx_word' id='word_1_106' title='bbox 1184 2484 1238 2538; x_wconf 89' lang='lat' dir='ltr'><strong>in</strong></span> <span class='ocrx_word' id='word_1_107' title='bbox 1261 2499 1385 2540; x_wconf 93' lang='lat' dir='ltr'><strong>eum</strong></span> <span class='ocrx_word' id='word_1_108' title='bbox 1448 2484 1767 2551; x_wconf 89' lang='lat' dir='ltr'><strong>intenderit,</strong></span> <span class='ocrx_word' id='word_1_109' title='bbox 1804 2493 2099 2538; x_wconf 75' lang='lat' dir='ltr'><strong>metanteas</strong></span> 
     </span>
    </p>
   </div>
   <div class='ocr_carea' id='block_1_22' title="bbox 533 2575 742 2631">
    <p class='ocr_par' dir='ltr' id='par_1_22' title="bbox 533 2575 742 2631">
     <span class='ocr_line' id='line_1_22' title="bbox 533 2575 742 2631; baseline 0.005 -1"><span class='ocrx_word' id='word_1_110' title='bbox 533 2575 742 2631; x_wconf 89' lang='lat' dir='ltr'><strong>decem.</strong></span> 
     </span>
    </p>
   </div>
   <div class='ocr_carea' id='block_1_23' title="bbox 606 2663 2100 2734">
    <p class='ocr_par' dir='ltr' id='par_1_23' title="bbox 606 2663 2100 2734">
     <span class='ocr_line' id='line_1_23' title="bbox 606 2663 2100 2734; baseline -0.002 -14"><span class='ocrx_word' id='word_1_111' title='bbox 606 2663 694 2720; x_wconf 70' lang='lat'><strong>84.</strong></span> <span class='ocrx_word' id='word_1_112' title='bbox 725 2663 784 2719; x_wconf 90' lang='lat' dir='ltr'><strong>Si</strong></span> <span class='ocrx_word' id='word_1_113' title='bbox 815 2664 970 2720; x_wconf 84' lang='lat' dir='ltr'><strong>utilia</strong></span> <span class='ocrx_word' id='word_1_114' title='bbox 1004 2664 1109 2721; x_wconf 85' lang='lat' dir='ltr'><strong>sibi</strong></span> <span class='ocrx_word' id='word_1_115' title='bbox 1157 2679 1280 2719; x_wconf 87' lang='lat' dir='ltr'><strong>vasa</strong></span> <span class='ocrx_word' id='word_1_116' title='bbox 1319 2673 1374 2721; x_wconf 92' lang='lat' dir='ltr'><strong>et</strong></span> <span class='ocrx_word' id='word_1_117' title='bbox 1409 2664 1773 2721; x_wconf 85' lang='lat' dir='ltr'><strong>instrumenta</strong></span> <span class='ocrx_word' id='word_1_118' title='bbox 1806 2663 2100 2734; x_wconf 86' lang='lat' dir='ltr'><strong>prudenter</strong></span> 
     </span>
    </p>
   </div>
   <div class='ocr_carea' id='block_1_24' title="bbox 533 2755 1866 2821">
    <p class='ocr_par' dir='ltr' id='par_1_24' title="bbox 533 2755 1866 2821">
     <span class='ocr_line' id='line_1_24' title="bbox 533 2755 1866 2821; baseline -0.002 -9"><span class='ocrx_word' id='word_1_119' title='bbox 533 2762 590 2812; x_wconf 82' lang='lat' dir='ltr'><strong>et</strong></span> <span class='ocrx_word' id='word_1_120' title='bbox 615 2763 871 2811; x_wconf 88' lang='lat' dir='ltr'><strong>accurate</strong></span> <span class='ocrx_word' id='word_1_121' title='bbox 901 2770 1011 2810; x_wconf 92' lang='lat' dir='ltr'><strong>non</strong></span> <span class='ocrx_word' id='word_1_122' title='bbox 1043 2755 1368 2821; x_wconf 85' lang='lat' dir='ltr'><strong>servaverit,</strong></span> <span class='ocrx_word' id='word_1_123' title='bbox 1402 2755 1569 2811; x_wconf 86' lang='lat' dir='ltr'><strong>aridis</strong></span> <span class='ocrx_word' id='word_1_124' title='bbox 1596 2765 1866 2811; x_wconf 87' lang='lat' dir='ltr'><strong>vescatur.</strong></span> 
     </span>
    </p>
   </div>
   <div class='ocr_carea' id='block_1_25' title="bbox 970 2944 1659 3014">
    <p class='ocr_par' dir='ltr' id='par_1_25' title="bbox 970 2944 1659 3014">
     <span class='ocr_line' id='line_1_25' title="bbox 970 2944 1659 3014; baseline -0.003 -14"><span class='ocrx_word' id='word_1_125' title='bbox 970 2944 1047 3000; x_wconf 80' lang='lat' dir='ltr'><strong>De</strong></span> <span class='ocrx_word' id='word_1_126' title='bbox 1071 2946 1336 3014; x_wconf 75' lang='lat' dir='ltr'><strong>hospitum</strong></span> <span class='ocrx_word' id='word_1_127' title='bbox 1363 2955 1659 3013; x_wconf 68' lang='lat' dir='ltr'><strong>exceptare.</strong></span> 
     </span>
    </p>
   </div>
   <div class='ocr_carea' id='block_1_26' title="bbox 609 3034 2097 3104">
    <p class='ocr_par' dir='ltr' id='par_1_26' title="bbox 609 3034 2097 3104">
     <span class='ocr_line' id='line_1_26' title="bbox 609 3034 2097 3104; baseline 0.001 -14"><span class='ocrx_word' id='word_1_128' title='bbox 609 3035 698 3090; x_wconf 76' lang='grc'><strong>82.</strong></span> <span class='ocrx_word' id='word_1_129' title='bbox 719 3034 831 3090; x_wconf 89' lang='lat' dir='ltr'><strong>Nisi</strong></span> <span class='ocrx_word' id='word_1_130' title='bbox 867 3035 1002 3091; x_wconf 88' lang='lat' dir='ltr'><strong>bene</strong></span> <span class='ocrx_word' id='word_1_131' title='bbox 1031 3045 1230 3091; x_wconf 90' lang='lat' dir='ltr'><strong>etcum</strong></span> <span class='ocrx_word' id='word_1_132' title='bbox 1265 3034 1578 3092; x_wconf 89' lang='lat' dir='ltr'><strong>omnimoda</strong></span> <span class='ocrx_word' id='word_1_133' title='bbox 1607 3035 1803 3104; x_wconf 87' lang='lat' dir='ltr'><strong>pietate</strong></span> <span class='ocrx_word' id='word_1_134' title='bbox 1858 3034 2097 3104; x_wconf 85' lang='lat' dir='ltr'><strong>hospites</strong></span> 
     </span>
    </p>
   </div>
   <div class='ocr_carea' id='block_1_27' title="bbox 1695 336 2618 399">
    <p class='ocr_par' dir='ltr' id='par_1_27' title="bbox 1695 336 2618 399">
     <span class='ocr_line' id='line_1_27' title="bbox 1695 336 2618 399; baseline 0.002 -2"><span class='ocrx_word' id='word_1_135' title='bbox 1695 338 1932 398; x_wconf 61' lang='lat' dir='ltr'><strong>PCBN!!!</strong></span> <span class='ocrx_word' id='word_1_136' title='bbox 1971 336 2618 399; x_wconf 77' lang='lat' dir='ltr'><strong>MONASTERIALES.</strong></span> 
     </span>
    </p>
   </div>
   <div class='ocr_carea' id='block_1_28' title="bbox 602 445 2170 516">
    <p class='ocr_par' dir='ltr' id='par_1_28' title="bbox 602 445 2170 516">
     <span class='ocr_line' id='line_1_28' title="bbox 602 445 2170 516; baseline -0.003 -11"><span class='ocrx_word' id='word_1_137' title='bbox 602 452 690 505; x_wconf 84' lang='lat'><strong>75.</strong></span> <span class='ocrx_word' id='word_1_138' title='bbox 710 449 768 504; x_wconf 87' lang='lat' dir='ltr'><strong>Si</strong></span> <span class='ocrx_word' id='word_1_139' title='bbox 792 448 975 503; x_wconf 87' lang='lat' dir='ltr'><strong>minus</strong></span> <span class='ocrx_word' id='word_1_140' title='bbox 996 454 1092 501; x_wconf 85' lang='lat' dir='ltr'><strong>aut</strong></span> <span class='ocrx_word' id='word_1_141' title='bbox 1119 445 1242 516; x_wconf 80' lang='lat' dir='ltr'><strong>plus</strong></span> <span class='ocrx_word' id='word_1_142' title='bbox 1260 445 1422 514; x_wconf 81' lang='lat' dir='ltr'><strong>quam</strong></span> <span class='ocrx_word' id='word_1_143' title='bbox 1452 446 1500 499; x_wconf 85' lang='lat' dir='ltr'><strong>ei</strong></span> <span class='ocrx_word' id='word_1_144' title='bbox 1523 448 1894 515; x_wconf 71' lang='lat' dir='ltr'><strong>przescliptum</strong></span> <span class='ocrx_word' id='word_1_145' title='bbox 1928 445 2093 501; x_wconf 74' lang='lat' dir='ltr'><strong>fuerit</strong></span> <span class='ocrx_word' id='word_1_146' title='bbox 2117 449 2170 510; x_wconf 81' lang='grc' dir='ltr'>Α</span> 
     </span>
    </p>
   </div>
   <div class='ocr_carea' id='block_1_29' title="bbox 3621 338 3752 402">
    <p class='ocr_par' dir='ltr' id='par_1_29' title="bbox 3621 338 3752 402">
     <span class='ocr_line' id='line_1_29' title="bbox 3621 338 3752 402; baseline 0 -1"><span class='ocrx_word' id='word_1_147' title='bbox 3621 338 3752 402; x_wconf 66' lang='grc'><strong>1744</strong></span> 
     </span>
    </p>
   </div>
   <div class='ocr_carea' id='block_1_30' title="bbox 2263 449 3750 524">
    <p class='ocr_par' dir='ltr' id='par_1_30' title="bbox 2263 449 3750 524">
     <span class='ocr_line' id='line_1_30' title="bbox 2263 449 3750 524; baseline 0.005 -25"><span class='ocrx_word' id='word_1_148' title='bbox 2263 454 2353 504; x_wconf 82' lang='grc' dir='ltr'>σε’.</span> <span class='ocrx_word' id='word_1_149' title='bbox 2397 449 2520 502; x_wconf 81' lang='grc' dir='ltr'><strong>Ἐὰν</strong></span> <span class='ocrx_word' id='word_1_150' title='bbox 2542 449 2825 524; x_wconf 76' lang='grc' dir='ltr'>ὲκλείψῃῆ</span> <span class='ocrx_word' id='word_1_151' title='bbox 2879 449 3166 522; x_wconf 78' lang='grc' dir='ltr'>προσθήσῃ</span> <span class='ocrx_word' id='word_1_152' title='bbox 3196 449 3347 521; x_wconf 77' lang='grc' dir='ltr'>παρὰ</span> <span class='ocrx_word' id='word_1_153' title='bbox 3395 451 3457 504; x_wconf 72' lang='grc' dir='ltr'><strong>τὸ</strong></span> <span class='ocrx_word' id='word_1_154' title='bbox 3516 468 3750 524; x_wconf 80' lang='grc' dir='ltr'>προστα-</span> 
     </span>
    </p>
   </div>
   <div class='ocr_carea' id='block_1_31' title="bbox 2196 538 3756 615">
    <p class='ocr_par' dir='ltr' id='par_1_31' title="bbox 2196 538 3756 615">
     <span class='ocr_line' id='line_1_31' title="bbox 2196 538 3756 615; baseline 0.005 -23"><span class='ocrx_word' id='word_1_155' title='bbox 2196 538 2325 610; x_wconf 83' lang='grc' dir='ltr'><strong>χθὲν</strong></span> <span class='ocrx_word' id='word_1_156' title='bbox 2359 539 2506 611; x_wconf 78' lang='grc' dir='ltr'>αὑτῷ</span> <span class='ocrx_word' id='word_1_157' title='bbox 2537 542 2731 612; x_wconf 84' lang='grc' dir='ltr'><strong>μέτρον</strong></span> <span class='ocrx_word' id='word_1_158' title='bbox 2760 542 2860 610; x_wconf 82' lang='grc' dir='ltr'>τῆς</span> <span class='ocrx_word' id='word_1_159' title='bbox 2888 542 3034 613; x_wconf 81' lang='grc' dir='ltr'>ἁφῆς</span> <span class='ocrx_word' id='word_1_160' title='bbox 3089 542 3198 595; x_wconf 84' lang='grc' dir='ltr'><strong>τῶν</strong></span> <span class='ocrx_word' id='word_1_161' title='bbox 3255 543 3556 615; x_wconf 82' lang='grc' dir='ltr'>κανδήλων,</span> <span class='ocrx_word' id='word_1_162' title='bbox 3618 547 3756 600; x_wconf 73' lang='grc' dir='ltr'>ὥστε</span> 
     </span>
    </p>
   </div>
   <div class='ocr_carea' id='block_1_32' title="bbox 2195 631 3754 707">
    <p class='ocr_par' dir='ltr' id='par_1_32' title="bbox 2195 631 3754 707">
     <span class='ocr_line' id='line_1_32' title="bbox 2195 631 3754 707; baseline 0.006 -25"><span class='ocrx_word' id='word_1_163' title='bbox 2195 631 2484 701; x_wconf 79' lang='grc' dir='ltr'><strong>γνωρίζειν</strong></span> <span class='ocrx_word' id='word_1_164' title='bbox 2516 634 2676 686; x_wconf 83' lang='grc' dir='ltr'>αὐτὸν</span> <span class='ocrx_word' id='word_1_165' title='bbox 2696 632 2785 684; x_wconf 80' lang='grc' dir='ltr'><strong>τὸν</strong></span> <span class='ocrx_word' id='word_1_166' title='bbox 2805 633 2994 704; x_wconf 82' lang='grc' dir='ltr'>καιρὸν</span> <span class='ocrx_word' id='word_1_167' title='bbox 3011 633 3110 702; x_wconf 82' lang='grc' dir='ltr'><strong>τῆς</strong></span> <span class='ocrx_word' id='word_1_168' title='bbox 3137 634 3470 704; x_wconf 82' lang='grc' dir='ltr'>Δεσποτικῆς</span> <span class='ocrx_word' id='word_1_169' title='bbox 3498 638 3689 707; x_wconf 80' lang='grc' dir='ltr'><strong>ἑορτῆς</strong></span> <span class='ocrx_word' id='word_1_170' title='bbox 3709 640 3754 702; x_wconf 78' lang='grc'>⁸,</span> 
     </span>
    </p>
   </div>
   <div class='ocr_carea' id='block_1_33' title="bbox 2194 723 3757 794">
    <p class='ocr_par' dir='ltr' id='par_1_33' title="bbox 2194 723 3757 794">
     <span class='ocr_line' id='line_1_33' title="bbox 2194 723 3757 794; baseline 0.003 -20"><span class='ocrx_word' id='word_1_171' title='bbox 2194 723 2291 774; x_wconf 61' lang='lat' dir='ltr'><strong>sui.</strong></span> <span class='ocrx_word' id='word_1_172' title='bbox 2323 723 2421 788; x_wconf 83' lang='grc' dir='ltr'>τῆς</span> <span class='ocrx_word' id='word_1_173' title='bbox 2450 723 2756 792; x_wconf 85' lang='grc' dir='ltr'>Κυριακῆς,</span> <span class='ocrx_word' id='word_1_174' title='bbox 2793 723 2897 793; x_wconf 84' lang='grc' dir='ltr'>τῆς</span> <span class='ocrx_word' id='word_1_175' title='bbox 2927 725 3145 794; x_wconf 83' lang='grc' dir='ltr'><strong>μνήμης</strong></span> <span class='ocrx_word' id='word_1_176' title='bbox 3169 724 3278 778; x_wconf 83' lang='grc' dir='ltr'><strong>τῶν</strong></span> <span class='ocrx_word' id='word_1_177' title='bbox 3304 725 3498 792; x_wconf 84' lang='grc' dir='ltr'>ἀγίων,</span> <span class='ocrx_word' id='word_1_178' title='bbox 3545 728 3641 779; x_wconf 58' lang='grc' dir='ltr'><strong>καὶ⁵</strong></span> <span class='ocrx_word' id='word_1_179' title='bbox 3667 729 3757 780; x_wconf 68' lang='grc' dir='ltr'><strong>ἐὰν</strong></span> 
     </span>
    </p>
   </div>
   <div class='ocr_carea' id='block_1_34' title="bbox 2198 811 3752 886">
    <p class='ocr_par' dir='ltr' id='par_1_34' title="bbox 2198 811 3752 886">
     <span class='ocr_line' id='line_1_34' title="bbox 2198 811 3752 886; baseline 0.003 -20"><span class='ocrx_word' id='word_1_180' title='bbox 2198 811 2274 882; x_wconf 80' lang='grc' dir='ltr'>μὴ</span> <span class='ocrx_word' id='word_1_181' title='bbox 2301 813 2382 876; x_wconf 80' lang='grc' dir='ltr'>δὶς</span> <span class='ocrx_word' id='word_1_182' title='bbox 2419 813 2512 867; x_wconf 74' lang='grc' dir='ltr'>καὶ</span> <span class='ocrx_word' id='word_1_183' title='bbox 2528 815 2647 884; x_wconf 76' lang='grc' dir='ltr'>τρὶς</span> <span class='ocrx_word' id='word_1_184' title='bbox 2676 814 2774 882; x_wconf 85' lang='grc' dir='ltr'>τῆς</span> <span class='ocrx_word' id='word_1_185' title='bbox 2800 813 3095 884; x_wconf 76' lang='grc' dir='ltr'>ἑϐδομάδος</span> <span class='ocrx_word' id='word_1_186' title='bbox 3123 815 3386 886; x_wconf 78' lang='grc' dir='ltr'>φιλοκαλῇ</span> <span class='ocrx_word' id='word_1_187' title='bbox 3412 817 3504 869; x_wconf 82' lang='grc' dir='ltr'>τὸν</span> <span class='ocrx_word' id='word_1_188' title='bbox 3522 818 3649 870; x_wconf 71' lang='grc' dir='ltr'>ναὸν</span> <span class='ocrx_word' id='word_1_189' title='bbox 3665 817 3752 870; x_wconf 87' lang='grc' dir='ltr'><strong>τοῦ</strong></span> 
     </span>
    </p>
   </div>
   <div class='ocr_carea' id='block_1_35' title="bbox 2195 903 2879 975">
    <p class='ocr_par' dir='ltr' id='par_1_35' title="bbox 2195 903 2879 975">
     <span class='ocr_line' id='line_1_35' title="bbox 2195 903 2879 975; baseline 0.004 -18"><span class='ocrx_word' id='word_1_190' title='bbox 2195 904 2350 972; x_wconf 89' lang='grc' dir='ltr'>Θεοῦ,</span> <span class='ocrx_word' id='word_1_191' title='bbox 2367 905 2472 959; x_wconf 88' lang='grc' dir='ltr'><strong>ἀνά</strong></span> <span class='ocrx_word' id='word_1_192' title='bbox 2502 905 2789 975; x_wconf 81' lang='grc' dir='ltr'><strong>μετανοίας</strong></span> <span class='ocrx_word' id='word_1_193' title='bbox 2816 903 2879 960; x_wconf 88' lang='grc' dir='ltr'><strong>λ’.</strong></span> 
     </span>
    </p>
   </div>
   <div class='ocr_carea' id='block_1_36' title="bbox 2664 1016 3286 1086">
    <p class='ocr_par' dir='ltr' id='par_1_36' title="bbox 2664 1016 3286 1086">
     <span class='ocr_line' id='line_1_36' title="bbox 2664 1016 3286 1086; baseline 0.005 -15"><span class='ocrx_word' id='word_1_194' title='bbox 2664 1016 2807 1086; x_wconf 70' lang='grc' dir='ltr'>Περὶ</span> <span class='ocrx_word' id='word_1_195' title='bbox 2832 1018 2940 1073; x_wconf 81' lang='grc' dir='ltr'><strong>τοῦ</strong></span> <span class='ocrx_word' id='word_1_196' title='bbox 2983 1019 3286 1086; x_wconf 80' lang='grc' dir='ltr'>κηπωροῦ.</span> 
     </span>
    </p>
   </div>
   <div class='ocr_carea' id='block_1_37' title="bbox 2265 1126 3754 1202">
    <p class='ocr_par' dir='ltr' id='par_1_37' title="bbox 2265 1126 3754 1202">
     <span class='ocr_line' id='line_1_37' title="bbox 2265 1126 3754 1202; baseline 0.003 -23"><span class='ocrx_word' id='word_1_197' title='bbox 2265 1130 2374 1190; x_wconf 86' lang='grc' dir='ltr'>ος⁹.</span> <span class='ocrx_word' id='word_1_198' title='bbox 2421 1126 2546 1180; x_wconf 84' lang='grc' dir='ltr'>Ἐάν</span> <span class='ocrx_word' id='word_1_199' title='bbox 2586 1126 2661 1197; x_wconf 80' lang='grc' dir='ltr'><strong>μὴ</strong></span> <span class='ocrx_word' id='word_1_200' title='bbox 2691 1129 2748 1180; x_wconf 82' lang='grc' dir='ltr'>ὲν</span> <span class='ocrx_word' id='word_1_201' title='bbox 2801 1127 2976 1200; x_wconf 79' lang='grc' dir='ltr'>καιρῷ</span> <span class='ocrx_word' id='word_1_202' title='bbox 3003 1127 3227 1200; x_wconf 83' lang='grc' dir='ltr'>ποιῆται</span> <span class='ocrx_word' id='word_1_203' title='bbox 3259 1130 3356 1193; x_wconf 85' lang='grc' dir='ltr'>τὰς</span> <span class='ocrx_word' id='word_1_204' title='bbox 3390 1132 3598 1202; x_wconf 83' lang='grc' dir='ltr'>σποράς</span> <span class='ocrx_word' id='word_1_205' title='bbox 3650 1132 3754 1186; x_wconf 86' lang='grc' dir='ltr'><strong>τῶν</strong></span> 
     </span>
    </p>
   </div>
   <div class='ocr_carea' id='block_1_38' title="bbox 2195 1219 2877 1289">
    <p class='ocr_par' dir='ltr' id='par_1_38' title="bbox 2195 1219 2877 1289">
     <span class='ocr_line' id='line_1_38' title="bbox 2195 1219 2877 1289; baseline 0.003 -17"><span class='ocrx_word' id='word_1_206' title='bbox 2195 1219 2464 1289; x_wconf 82' lang='grc' dir='ltr'>λαχάνων,</span> <span class='ocrx_word' id='word_1_207' title='bbox 2498 1220 2782 1288; x_wconf 87' lang='grc' dir='ltr'>μετάνοιαι</span> <span class='ocrx_word' id='word_1_208' title='bbox 2811 1225 2877 1274; x_wconf 89' lang='grc' dir='ltr'><strong>ν’.</strong></span> 
     </span>
    </p>
   </div>
   <div class='ocr_carea' id='block_1_39' title="bbox 2266 1305 3758 1385">
    <p class='ocr_par' dir='ltr' id='par_1_39' title="bbox 2266 1305 3758 1385">
     <span class='ocr_line' id='line_1_39' title="bbox 2266 1305 3758 1385; baseline 0.003 -23"><span class='ocrx_word' id='word_1_209' title='bbox 2266 1305 2361 1373; x_wconf 74' lang='lat' dir='ltr'><strong>oC&#39;.</strong></span> <span class='ocrx_word' id='word_1_210' title='bbox 2402 1309 2526 1362; x_wconf 84' lang='grc' dir='ltr'>Ἐὰν</span> <span class='ocrx_word' id='word_1_211' title='bbox 2555 1309 2628 1380; x_wconf 78' lang='grc' dir='ltr'>μὴ</span> <span class='ocrx_word' id='word_1_212' title='bbox 2653 1310 2949 1381; x_wconf 78' lang='grc' dir='ltr'>καλλιεργῇ</span> <span class='ocrx_word' id='word_1_213' title='bbox 2981 1311 3055 1374; x_wconf 84' lang='grc' dir='ltr'><strong>ὡς</strong></span> <span class='ocrx_word' id='word_1_214' title='bbox 3083 1310 3411 1382; x_wconf 74' lang='grc' dir='ltr'><strong>παράδεισον</strong></span> <span class='ocrx_word' id='word_1_215' title='bbox 3433 1313 3642 1385; x_wconf 79' lang='grc' dir='ltr'>Κυρίου</span> <span class='ocrx_word' id='word_1_216' title='bbox 3673 1316 3758 1368; x_wconf 72' lang='grc' dir='ltr'><strong>τὸν</strong></span> 
     </span>
    </p>
   </div>
   <div class='ocr_carea' id='block_1_40' title="bbox 2198 1399 3759 1473">
    <p class='ocr_par' dir='ltr' id='par_1_40' title="bbox 2198 1399 3759 1473">
     <span class='ocr_line' id='line_1_40' title="bbox 2198 1399 3759 1473; baseline 0.002 -20"><span class='ocrx_word' id='word_1_217' title='bbox 2198 1399 2627 1470; x_wconf 74' lang='grc' dir='ltr'>πεπιστευμένον</span> <span class='ocrx_word' id='word_1_218' title='bbox 2658 1400 2807 1468; x_wconf 83' lang='grc' dir='ltr'><strong>αὐτῷ</strong></span> <span class='ocrx_word' id='word_1_219' title='bbox 2836 1401 3039 1471; x_wconf 75' lang='grc' dir='ltr'>κῆπον,</span> <span class='ocrx_word' id='word_1_220' title='bbox 3073 1401 3214 1455; x_wconf 84' lang='grc' dir='ltr'>ὥστε</span> <span class='ocrx_word' id='word_1_221' title='bbox 3279 1405 3538 1473; x_wconf 72' lang='grc' dir='ltr'>ἐπαρκεῖν</span> <span class='ocrx_word' id='word_1_222' title='bbox 3601 1406 3759 1458; x_wconf 72' lang='grc' dir='ltr'>αὑτὸν</span> 
     </span>
    </p>
   </div>
   <div class='ocr_carea' id='block_1_41' title="bbox 2197 1487 3761 1566">
    <p class='ocr_par' dir='ltr' id='par_1_41' title="bbox 2197 1487 3761 1566">
     <span class='ocr_line' id='line_1_41' title="bbox 2197 1487 3761 1566; baseline 0.005 -25"><span class='ocrx_word' id='word_1_223' title='bbox 2197 1491 2263 1560; x_wconf 78' lang='grc' dir='ltr'>τῇ</span> <span class='ocrx_word' id='word_1_224' title='bbox 2318 1489 2635 1560; x_wconf 78' lang='grc' dir='ltr'><strong>ἀδελφότητι</strong></span> <span class='ocrx_word' id='word_1_225' title='bbox 2683 1491 2822 1546; x_wconf 86' lang='grc' dir='ltr'><strong>κατά</strong></span> <span class='ocrx_word' id='word_1_226' title='bbox 2891 1493 3000 1544; x_wconf 79' lang='grc' dir='ltr'>πᾶν</span> <span class='ocrx_word' id='word_1_227' title='bbox 3055 1487 3197 1555; x_wconf 79' lang='grc' dir='ltr'>εἶδος</span> <span class='ocrx_word' id='word_1_228' title='bbox 3253 1492 3486 1564; x_wconf 83' lang='grc' dir='ltr'>λαχάνου</span> <span class='ocrx_word' id='word_1_229' title='bbox 3515 1533 3532 1557; x_wconf 87' lang='grc'><strong>.</strong></span> <span class='ocrx_word' id='word_1_230' title='bbox 3591 1513 3761 1566; x_wconf 79' lang='grc' dir='ltr'>μετα-</span> 
     </span>
    </p>
   </div>
   <div class='ocr_carea' id='block_1_42' title="bbox 2197 1578 2444 1649">
    <p class='ocr_par' dir='ltr' id='par_1_42' title="bbox 2197 1578 2444 1649">
     <span class='ocr_line' id='line_1_42' title="bbox 2197 1578 2444 1649; baseline 0.008 -17"><span class='ocrx_word' id='word_1_231' title='bbox 2197 1578 2342 1642; x_wconf 80' lang='grc' dir='ltr'>νοίας</span> <span class='ocrx_word' id='word_1_232' title='bbox 2380 1585 2444 1649; x_wconf 88' lang='grc' dir='ltr'><strong>ρ’.</strong></span> 
     </span>
    </p>
   </div>
   <div class='ocr_carea' id='block_1_43' title="bbox 2266 1672 3761 1748">
    <p class='ocr_par' dir='ltr' id='par_1_43' title="bbox 2266 1672 3761 1748">
     <span class='ocr_line' id='line_1_43' title="bbox 2266 1672 3761 1748; baseline 0.003 -22"><span class='ocrx_word' id='word_1_233' title='bbox 2266 1679 2364 1742; x_wconf 88' lang='grc' dir='ltr'>οη’.</span> <span class='ocrx_word' id='word_1_234' title='bbox 2405 1673 2530 1726; x_wconf 87' lang='grc' dir='ltr'>Ἐὰν</span> <span class='ocrx_word' id='word_1_235' title='bbox 2559 1672 2864 1743; x_wconf 76' lang='grc' dir='ltr'>ἀδιαφόρως</span> <span class='ocrx_word' id='word_1_236' title='bbox 2904 1676 3199 1746; x_wconf 78' lang='grc' dir='ltr'>παραμελῇ</span> <span class='ocrx_word' id='word_1_237' title='bbox 3231 1675 3330 1740; x_wconf 83' lang='grc' dir='ltr'><strong>τὰς</strong></span> <span class='ocrx_word' id='word_1_238' title='bbox 3373 1676 3618 1748; x_wconf 82' lang='grc' dir='ltr'>ἀρδείας,</span> <span class='ocrx_word' id='word_1_239' title='bbox 3669 1680 3761 1731; x_wconf 78' lang='grc' dir='ltr'><strong>καὶ</strong></span> 
     </span>
    </p>
   </div>
   <div class='ocr_carea' id='block_1_44' title="bbox 2126 1764 3254 1847">
    <p class='ocr_par' dir='ltr' id='par_1_44' title="bbox 2126 1764 3254 1847">
     <span class='ocr_line' id='line_1_44' title="bbox 2126 1764 3254 1847; baseline -0.004 -21"><span class='ocrx_word' id='word_1_240' title='bbox 2126 1791 2170 1847; x_wconf 76' lang='grc' dir='ltr'><strong><em>Β</em></strong></span> <span class='ocrx_word' id='word_1_241' title='bbox 2201 1764 2278 1836; x_wconf 80' lang='grc' dir='ltr'>μὴ</span> <span class='ocrx_word' id='word_1_242' title='bbox 2307 1766 2600 1838; x_wconf 70' lang='grc' dir='ltr'>ἐμμέτρως</span> <span class='ocrx_word' id='word_1_243' title='bbox 2627 1767 2842 1838; x_wconf 77' lang='grc' dir='ltr'>ποτίζῃ,</span> <span class='ocrx_word' id='word_1_244' title='bbox 2881 1768 3163 1838; x_wconf 87' lang='grc' dir='ltr'>μετάνοιαι</span> <span class='ocrx_word' id='word_1_245' title='bbox 3189 1775 3254 1840; x_wconf 84' lang='grc' dir='ltr'>ρ’.</span> 
     </span>
    </p>
   </div>
   <div class='ocr_carea' id='block_1_45' title="bbox 2606 1878 3358 1950">
    <p class='ocr_par' dir='ltr' id='par_1_45' title="bbox 2606 1878 3358 1950">
     <span class='ocr_line' id='line_1_45' title="bbox 2606 1878 3358 1950; baseline 0.004 -16"><span class='ocrx_word' id='word_1_246' title='bbox 2606 1879 2748 1948; x_wconf 77' lang='grc' dir='ltr'>Περὶ</span> <span class='ocrx_word' id='word_1_247' title='bbox 2775 1878 2882 1933; x_wconf 84' lang='grc' dir='ltr'><strong>τοῦ</strong></span> <span class='ocrx_word' id='word_1_248' title='bbox 2918 1881 3358 1950; x_wconf 73' lang='grc' dir='ltr'>ἀμπελουρτοῦ.</span> 
     </span>
    </p>
   </div>
   <div class='ocr_carea' id='block_1_46' title="bbox 2265 1968 3762 2042">
    <p class='ocr_par' dir='ltr' id='par_1_46' title="bbox 2265 1968 3762 2042">
     <span class='ocr_line' id='line_1_46' title="bbox 2265 1968 3762 2042; baseline 0.003 -20"><span class='ocrx_word' id='word_1_249' title='bbox 2265 1969 2364 2022; x_wconf 69' lang='grc' dir='ltr'>οθν.</span> <span class='ocrx_word' id='word_1_250' title='bbox 2405 1968 2531 2023; x_wconf 86' lang='grc' dir='ltr'><strong>Ἐἀν</strong></span> <span class='ocrx_word' id='word_1_251' title='bbox 2565 1971 2638 2040; x_wconf 81' lang='grc' dir='ltr'>μὴ</span> <span class='ocrx_word' id='word_1_252' title='bbox 2666 1970 2928 2040; x_wconf 82' lang='grc' dir='ltr'>φιλοκαλῇ</span> <span class='ocrx_word' id='word_1_253' title='bbox 2952 1972 3049 2040; x_wconf 83' lang='grc' dir='ltr'>τὴν</span> <span class='ocrx_word' id='word_1_254' title='bbox 3071 1971 3312 2041; x_wconf 76' lang='grc' dir='ltr'>ἄμπελον</span> <span class='ocrx_word' id='word_1_255' title='bbox 3361 1973 3594 2042; x_wconf 81' lang='grc' dir='ltr'>Κυρίου,</span> <span class='ocrx_word' id='word_1_256' title='bbox 3643 1973 3762 2026; x_wconf 88' lang='grc' dir='ltr'>δια-</span> 
     </span>
    </p>
   </div>
   <div class='ocr_carea' id='block_1_47' title="bbox 2197 2059 3763 2133">
    <p class='ocr_par' dir='ltr' id='par_1_47' title="bbox 2197 2059 3763 2133">
     <span class='ocr_line' id='line_1_47' title="bbox 2197 2059 3763 2133; baseline 0.004 -22"><span class='ocrx_word' id='word_1_257' title='bbox 2197 2059 2435 2129; x_wconf 80' lang='grc' dir='ltr'>τέμνων,</span> <span class='ocrx_word' id='word_1_258' title='bbox 2467 2059 2764 2130; x_wconf 78' lang='grc' dir='ltr'>καθαίρων,</span> <span class='ocrx_word' id='word_1_259' title='bbox 2801 2062 3075 2123; x_wconf 86' lang='grc' dir='ltr'>σκάπτων,</span> <span class='ocrx_word' id='word_1_260' title='bbox 3128 2061 3420 2133; x_wconf 83' lang='grc' dir='ltr'>βοθρεύων,</span> <span class='ocrx_word' id='word_1_261' title='bbox 3473 2067 3570 2118; x_wconf 72' lang='grc' dir='ltr'>καὶ</span> <span class='ocrx_word' id='word_1_262' title='bbox 3623 2083 3763 2119; x_wconf 83' lang='grc' dir='ltr'>παν-</span> 
     </span>
    </p>
   </div>
   <div class='ocr_carea' id='block_1_48' title="bbox 2196 2150 3375 2223">
    <p class='ocr_par' dir='ltr' id='par_1_48' title="bbox 2196 2150 3375 2223">
     <span class='ocr_line' id='line_1_48' title="bbox 2196 2150 3375 2223; baseline 0.003 -19"><span class='ocrx_word' id='word_1_263' title='bbox 2196 2151 2360 2215; x_wconf 82' lang='grc' dir='ltr'>τοίως</span> <span class='ocrx_word' id='word_1_264' title='bbox 2388 2150 2559 2222; x_wconf 83' lang='grc' dir='ltr'>αὑτὴν</span> <span class='ocrx_word' id='word_1_265' title='bbox 2591 2151 2953 2222; x_wconf 86' lang='grc' dir='ltr'>καλλιεργῶν,</span> <span class='ocrx_word' id='word_1_266' title='bbox 2987 2154 3278 2222; x_wconf 78' lang='grc' dir='ltr'>μετανοίας</span> <span class='ocrx_word' id='word_1_267' title='bbox 3309 2153 3375 2223; x_wconf 86' lang='grc' dir='ltr'>ρ’.</span> 
     </span>
    </p>
   </div>
   <div class='ocr_carea' id='block_1_49' title="bbox 2611 2263 3351 2334">
    <p class='ocr_par' dir='ltr' id='par_1_49' title="bbox 2611 2263 3351 2334">
     <span class='ocr_line' id='line_1_49' title="bbox 2611 2263 3351 2334; baseline 0.004 -15"><span class='ocrx_word' id='word_1_268' title='bbox 2611 2263 2752 2334; x_wconf 72' lang='grc' dir='ltr'>Περὶ</span> <span class='ocrx_word' id='word_1_269' title='bbox 2790 2263 2899 2318; x_wconf 85' lang='grc' dir='ltr'><strong>τοῦ</strong></span> <span class='ocrx_word' id='word_1_270' title='bbox 2937 2265 3351 2333; x_wconf 78' lang='grc' dir='ltr'>ἀροτριῶντος.</span> 
     </span>
    </p>
   </div>
   <div class='ocr_carea' id='block_1_50' title="bbox 2267 2377 3764 2455">
    <p class='ocr_par' dir='ltr' id='par_1_50' title="bbox 2267 2377 3764 2455">
     <span class='ocr_line' id='line_1_50' title="bbox 2267 2377 3764 2455; baseline 0.003 -23"><span class='ocrx_word' id='word_1_271' title='bbox 2267 2384 2342 2432; x_wconf 81' lang='grc' dir='ltr'>π’.</span> <span class='ocrx_word' id='word_1_272' title='bbox 2373 2377 2498 2432; x_wconf 82' lang='grc' dir='ltr'>Ἐὰν</span> <span class='ocrx_word' id='word_1_273' title='bbox 2525 2379 2634 2434; x_wconf 74' lang='grc' dir='ltr'><strong>ἀπὸ</strong></span> <span class='ocrx_word' id='word_1_274' title='bbox 2665 2378 2838 2449; x_wconf 84' lang='grc' dir='ltr'>θυμοῦ</span> <span class='ocrx_word' id='word_1_275' title='bbox 2875 2379 3052 2451; x_wconf 78' lang='grc' dir='ltr'>πλήξῃ</span> <span class='ocrx_word' id='word_1_276' title='bbox 3088 2380 3178 2435; x_wconf 79' lang='grc' dir='ltr'><strong>τὸν</strong></span> <span class='ocrx_word' id='word_1_277' title='bbox 3208 2380 3356 2453; x_wconf 83' lang='grc' dir='ltr'>βοῦν,</span> <span class='ocrx_word' id='word_1_278' title='bbox 3413 2382 3448 2454; x_wconf 74' lang='grc' dir='ltr'>ἦ</span> <span class='ocrx_word' id='word_1_279' title='bbox 3501 2385 3764 2455; x_wconf 76' lang='grc' dir='ltr'>προσενέ-</span> 
     </span>
    </p>
   </div>
   <div class='ocr_carea' id='block_1_51' title="bbox 2196 2468 3181 2539">
    <p class='ocr_par' dir='ltr' id='par_1_51' title="bbox 2196 2468 3181 2539">
     <span class='ocr_line' id='line_1_51' title="bbox 2196 2468 3181 2539; baseline 0.005 -19"><span class='ocrx_word' id='word_1_280' title='bbox 2196 2483 2317 2536; x_wconf 91' lang='grc' dir='ltr'>γκοι</span> <span class='ocrx_word' id='word_1_281' title='bbox 2344 2468 2495 2538; x_wconf 77' lang='grc' dir='ltr'>ῥῆμα</span> <span class='ocrx_word' id='word_1_282' title='bbox 2529 2468 2782 2534; x_wconf 76' lang='grc' dir='ltr'>ἄτακτον,</span> <span class='ocrx_word' id='word_1_283' title='bbox 2816 2471 3105 2539; x_wconf 85' lang='grc' dir='ltr'>μετανοίας</span> <span class='ocrx_word' id='word_1_284' title='bbox 3128 2475 3181 2525; x_wconf 85' lang='grc' dir='ltr'>ι’.</span> 
     </span>
    </p>
   </div>
   <div class='ocr_carea' id='block_1_52' title="bbox 2266 2648 3765 2724">
    <p class='ocr_par' dir='ltr' id='par_1_52' title="bbox 2266 2648 3765 2724">
     <span class='ocr_line' id='line_1_52' title="bbox 2266 2648 3765 2724; baseline 0.006 -23"><span class='ocrx_word' id='word_1_285' title='bbox 2266 2653 2376 2701; x_wconf 84' lang='grc' dir='ltr'>πα’.</span> <span class='ocrx_word' id='word_1_286' title='bbox 2424 2648 2548 2701; x_wconf 81' lang='grc' dir='ltr'>Ἐὰν</span> <span class='ocrx_word' id='word_1_287' title='bbox 2588 2648 2661 2718; x_wconf 77' lang='grc' dir='ltr'>μὴ</span> <span class='ocrx_word' id='word_1_288' title='bbox 2689 2649 2756 2706; x_wconf 81' lang='grc' dir='ltr'><strong>τά</strong></span> <span class='ocrx_word' id='word_1_289' title='bbox 2806 2649 3211 2721; x_wconf 83' lang='grc' dir='ltr'>χρησιμεύοντα</span> <span class='ocrx_word' id='word_1_290' title='bbox 3253 2651 3404 2722; x_wconf 83' lang='grc' dir='ltr'><strong>αὐτῷ</strong></span> <span class='ocrx_word' id='word_1_291' title='bbox 3444 2654 3617 2724; x_wconf 83' lang='grc' dir='ltr'>σκεύη</span> <span class='ocrx_word' id='word_1_292' title='bbox 3666 2657 3765 2710; x_wconf 75' lang='grc' dir='ltr'>καὶ</span> 
     </span>
    </p>
   </div>
   <div class='ocr_carea' id='block_1_53' title="bbox 2196 2740 3764 2816">
    <p class='ocr_par' dir='ltr' id='par_1_53' title="bbox 2196 2740 3764 2816">
     <span class='ocr_line' id='line_1_53' title="bbox 2196 2740 3764 2816; baseline 0.002 -24"><span class='ocrx_word' id='word_1_293' title='bbox 2196 2740 2452 2810; x_wconf 76' lang='grc' dir='ltr'>ἐργαλεῖα</span> <span class='ocrx_word' id='word_1_294' title='bbox 2486 2740 2603 2809; x_wconf 86' lang='grc' dir='ltr'>μετ’</span> <span class='ocrx_word' id='word_1_295' title='bbox 2629 2741 2942 2812; x_wconf 73' lang='grc' dir='ltr'>ἐπιστήμης</span> <span class='ocrx_word' id='word_1_296' title='bbox 2968 2742 3063 2795; x_wconf 56' lang='grc' dir='ltr'><strong>καὶ⁵</strong></span> <span class='ocrx_word' id='word_1_297' title='bbox 3092 2742 3412 2812; x_wconf 77' lang='grc' dir='ltr'>ἐπιμελείας</span> <span class='ocrx_word' id='word_1_298' title='bbox 3431 2748 3632 2816; x_wconf 77' lang='grc' dir='ltr'>κρατῇ,</span> <span class='ocrx_word' id='word_1_299' title='bbox 3661 2747 3764 2815; x_wconf 81' lang='grc' dir='ltr'>ξη-</span> 
     </span>
    </p>
   </div>
   <div class='ocr_carea' id='block_1_54' title="bbox 2199 2831 2526 2904">
    <p class='ocr_par' dir='ltr' id='par_1_54' title="bbox 2199 2831 2526 2904">
     <span class='ocr_line' id='line_1_54' title="bbox 2199 2831 2526 2904; baseline 0.009 -21"><span class='ocrx_word' id='word_1_300' title='bbox 2199 2831 2526 2904; x_wconf 84' lang='grc' dir='ltr'>ροφαγείτω.</span> 
     </span>
    </p>
   </div>
   <div class='ocr_carea' id='block_1_55' title="bbox 2711 2944 3240 3014">
    <p class='ocr_par' dir='ltr' id='par_1_55' title="bbox 2711 2944 3240 3014">
     <span class='ocr_line' id='line_1_55' title="bbox 2711 2944 3240 3014; baseline 0.002 -14"><span class='ocrx_word' id='word_1_301' title='bbox 2711 2946 2848 3014; x_wconf 76' lang='grc' dir='ltr'>Περὶ</span> <span class='ocrx_word' id='word_1_302' title='bbox 2896 2944 3240 3014; x_wconf 77' lang='grc' dir='ltr'>ξενοδόχου.</span> 
     </span>
    </p>
   </div>
   <div class='ocr_carea' id='block_1_56' title="bbox 2267 3035 3766 3112">
    <p class='ocr_par' dir='ltr' id='par_1_56' title="bbox 2267 3035 3766 3112">
     <span class='ocr_line' id='line_1_56' title="bbox 2267 3035 3766 3112; baseline 0.005 -25"><span class='ocrx_word' id='word_1_303' title='bbox 2267 3035 2376 3105; x_wconf 53' lang='lat' dir='ltr'><strong>stt-8&#39;.</strong></span> <span class='ocrx_word' id='word_1_304' title='bbox 2420 3035 2545 3089; x_wconf 84' lang='grc' dir='ltr'><strong>Ἐὰν</strong></span> <span class='ocrx_word' id='word_1_305' title='bbox 2577 3036 2650 3107; x_wconf 83' lang='grc' dir='ltr'>μὴ</span> <span class='ocrx_word' id='word_1_306' title='bbox 2679 3036 3012 3108; x_wconf 79' lang='grc' dir='ltr'>ὑποδέχηται</span> <span class='ocrx_word' id='word_1_307' title='bbox 3041 3038 3224 3102; x_wconf 85' lang='grc' dir='ltr'>καλῶς</span> <span class='ocrx_word' id='word_1_308' title='bbox 3249 3041 3377 3103; x_wconf 83' lang='grc' dir='ltr'>τοὺς</span> <span class='ocrx_word' id='word_1_309' title='bbox 3409 3039 3594 3105; x_wconf 81' lang='grc' dir='ltr'>ξένους</span> <span class='ocrx_word' id='word_1_310' title='bbox 3626 3043 3766 3112; x_wconf 82' lang='grc' dir='ltr'><strong>μετά</strong></span> 
     </span>
    </p>
   </div>
   <div class='ocr_carea' id='block_1_57' title="bbox 539 3120 2104 3198">
    <p class='ocr_par' dir='ltr' id='par_1_57' title="bbox 539 3124 2097 3195">
     <span class='ocr_line' id='line_1_57' title="bbox 539 3124 2097 3195; baseline -0.001 -14"><span class='ocrx_word' id='word_1_311' title='bbox 539 3127 833 3195; x_wconf 78' lang='lat' dir='ltr'><strong>exceperit,</strong></span> <span class='ocrx_word' id='word_1_312' title='bbox 857 3127 1047 3181; x_wconf 88' lang='lat' dir='ltr'><strong>lavans</strong></span> <span class='ocrx_word' id='word_1_313' title='bbox 1087 3124 1251 3195; x_wconf 86' lang='lat' dir='ltr'><strong>pedes</strong></span> <span class='ocrx_word' id='word_1_314' title='bbox 1307 3124 1544 3190; x_wconf 88' lang='lat' dir='ltr'><strong>illorum,</strong></span> <span class='ocrx_word' id='word_1_315' title='bbox 1585 3125 1639 3179; x_wconf 92' lang='lat' dir='ltr'><strong>in</strong></span> <span class='ocrx_word' id='word_1_316' title='bbox 1673 3125 1938 3180; x_wconf 90' lang='lat' dir='ltr'><strong>cubiculis</strong></span> <span class='ocrx_word' id='word_1_317' title='bbox 1965 3141 2097 3179; x_wconf 89' lang='lat' dir='ltr'><strong>con-</strong></span> 
     </span>
    </p>
   </div>
   <div class='ocr_carea' id='block_1_58' title="bbox 2239 3120 3769 3198">
    <p class='ocr_par' dir='ltr' id='par_1_58' title="bbox 2241 3125 3769 3198">
     <span class='ocr_line' id='line_1_58' title="bbox 2241 3125 3769 3198; baseline 0.005 -19"><span class='ocrx_word' id='word_1_318' title='bbox 2241 3126 2377 3196; x_wconf 86' lang='grc' dir='ltr'>άσης</span> <span class='ocrx_word' id='word_1_319' title='bbox 2415 3125 2722 3189; x_wconf 78' lang='grc' dir='ltr'>εὐλαϐείας,</span> <span class='ocrx_word' id='word_1_320' title='bbox 2771 3127 2978 3180; x_wconf 85' lang='grc' dir='ltr'>νίπτων</span> <span class='ocrx_word' id='word_1_321' title='bbox 3031 3129 3158 3192; x_wconf 83' lang='grc' dir='ltr'>τοὺς</span> <span class='ocrx_word' id='word_1_322' title='bbox 3202 3130 3367 3192; x_wconf 83' lang='grc' dir='ltr'>πόδας</span> <span class='ocrx_word' id='word_1_323' title='bbox 3419 3131 3620 3198; x_wconf 80' lang='grc' dir='ltr'>αὐτῶν,</span> <span class='ocrx_word' id='word_1_324' title='bbox 3669 3135 3769 3187; x_wconf 80' lang='grc' dir='ltr'>καὶ</span> 
     </span>
    </p>
   </div>
   <div class='ocr_carea' id='block_1_59' title="bbox 544 3218 1751 3281">
    <p class='ocr_par' dir='ltr' id='par_1_59' title="bbox 544 3218 1751 3281">
     <span class='ocr_line' id='line_1_59' title="bbox 544 3218 1751 3281; baseline 0.002 -12"><span class='ocrx_word' id='word_1_325' title='bbox 544 3218 820 3271; x_wconf 86' lang='lat' dir='ltr'><strong>vcnienter</strong></span> <span class='ocrx_word' id='word_1_326' title='bbox 851 3219 1149 3281; x_wconf 89' lang='lat' dir='ltr'><strong>collocans,</strong></span> <span class='ocrx_word' id='word_1_327' title='bbox 1182 3227 1484 3272; x_wconf 73' lang='lat' dir='ltr'><strong>metanmas</strong></span> <span class='ocrx_word' id='word_1_328' title='bbox 1512 3228 1751 3272; x_wconf 91' lang='lat' dir='ltr'><strong>centum.</strong></span> 
     </span>
    </p>
   </div>
   <div class='ocr_carea' id='block_1_60' title="bbox 613 3307 2100 3378">
    <p class='ocr_par' dir='ltr' id='par_1_60' title="bbox 613 3307 2100 3378">
     <span class='ocr_line' id='line_1_60' title="bbox 613 3307 2100 3378; baseline -0.001 -16"><span class='ocrx_word' id='word_1_329' title='bbox 613 3309 701 3362; x_wconf 78' lang='grc'>85.</span> <span class='ocrx_word' id='word_1_330' title='bbox 734 3307 790 3360; x_wconf 90' lang='lat' dir='ltr'><strong>Si</strong></span> <span class='ocrx_word' id='word_1_331' title='bbox 839 3307 1038 3360; x_wconf 90' lang='lat' dir='ltr'><strong>lectum</strong></span> <span class='ocrx_word' id='word_1_332' title='bbox 1094 3323 1201 3361; x_wconf 91' lang='lat' dir='ltr'><strong>non</strong></span> <span class='ocrx_word' id='word_1_333' title='bbox 1255 3309 1527 3372; x_wconf 87' lang='lat' dir='ltr'><strong>straverit,</strong></span> <span class='ocrx_word' id='word_1_334' title='bbox 1583 3323 1683 3362; x_wconf 89' lang='lat' dir='ltr'><strong>nec</strong></span> <span class='ocrx_word' id='word_1_335' title='bbox 1709 3325 1828 3378; x_wconf 68' lang='lat' dir='ltr'><strong>quae</strong></span> <span class='ocrx_word' id='word_1_336' title='bbox 1872 3316 1998 3362; x_wconf 89' lang='lat' dir='ltr'><strong>sunt</strong></span> <span class='ocrx_word' id='word_1_337' title='bbox 2047 3307 2100 3361; x_wconf 89' lang='lat' dir='ltr'><strong>in</strong></span> 
     </span>
    </p>
   </div>
   <div class='ocr_carea' id='block_1_61' title="bbox 549 3399 2104 3469">
    <p class='ocr_par' dir='ltr' id='par_1_61' title="bbox 549 3399 2104 3469">
     <span class='ocr_line' id='line_1_61' title="bbox 549 3399 2104 3469; baseline 0.001 -17"><span class='ocrx_word' id='word_1_338' title='bbox 549 3401 686 3453; x_wconf 80' lang='lat' dir='ltr'><strong>cella</strong></span> <span class='ocrx_word' id='word_1_339' title='bbox 716 3399 954 3469; x_wconf 87' lang='lat' dir='ltr'><strong>stragula</strong></span> <span class='ocrx_word' id='word_1_340' title='bbox 991 3399 1299 3454; x_wconf 80' lang='lat' dir='ltr'><strong>excusserit</strong></span> <span class='ocrx_word' id='word_1_341' title='bbox 1335 3409 1387 3454; x_wconf 91' lang='lat' dir='ltr'><strong>et</strong></span> <span class='ocrx_word' id='word_1_342' title='bbox 1439 3400 1730 3464; x_wconf 84' lang='lat' dir='ltr'><strong>curaverit,</strong></span> <span class='ocrx_word' id='word_1_343' title='bbox 1792 3400 1959 3454; x_wconf 86' lang='lat' dir='ltr'><strong>aridis</strong></span> <span class='ocrx_word' id='word_1_344' title='bbox 2010 3415 2104 3453; x_wconf 90' lang='lat' dir='ltr'><strong>ve-</strong></span> 
     </span>
    </p>
   </div>
   <div class='ocr_carea' id='block_1_62' title="bbox 545 3500 749 3545">
    <p class='ocr_par' dir='ltr' id='par_1_62' title="bbox 545 3500 749 3545">
     <span class='ocr_line' id='line_1_62' title="bbox 545 3500 749 3545; baseline -0.005 0"><span class='ocrx_word' id='word_1_345' title='bbox 545 3500 749 3545; x_wconf 83' lang='lat' dir='ltr'><strong>scatur.</strong></span> 
     </span>
    </p>
   </div>
   <div class='ocr_carea' id='block_1_63' title="bbox 616 3577 2107 3636">
    <p class='ocr_par' dir='ltr' id='par_1_63' title="bbox 616 3577 2107 3636">
     <span class='ocr_line' id='line_1_63' title="bbox 616 3577 2107 3636; baseline 0.004 -6"><span class='ocrx_word' id='word_1_346' title='bbox 616 3578 706 3630; x_wconf 63' lang='lat'><strong>84.</strong></span> <span class='ocrx_word' id='word_1_347' title='bbox 734 3577 996 3632; x_wconf 88' lang='lat' dir='ltr'><strong>Similiter</strong></span> <span class='ocrx_word' id='word_1_348' title='bbox 1028 3577 1072 3632; x_wconf 90' lang='lat' dir='ltr'><strong>si</strong></span> <span class='ocrx_word' id='word_1_349' title='bbox 1106 3577 1416 3632; x_wconf 89' lang='lat' dir='ltr'><strong>cubiculum</strong></span> <span class='ocrx_word' id='word_1_350' title='bbox 1461 3577 1598 3634; x_wconf 90' lang='lat' dir='ltr'><strong>bene</strong></span> <span class='ocrx_word' id='word_1_351' title='bbox 1632 3593 1738 3634; x_wconf 92' lang='lat' dir='ltr'><strong>non</strong></span> <span class='ocrx_word' id='word_1_352' title='bbox 1769 3581 2107 3636; x_wconf 89' lang='lat' dir='ltr'><strong>mundaverit</strong></span> 
     </span>
    </p>
   </div>
   <div class='ocr_carea' id='block_1_64' title="bbox 547 3669 1138 3724">
    <p class='ocr_par' dir='ltr' id='par_1_64' title="bbox 547 3669 1138 3724">
     <span class='ocr_line' id='line_1_64' title="bbox 547 3669 1138 3724; baseline 0.002 -1"><span class='ocrx_word' id='word_1_353' title='bbox 547 3670 690 3723; x_wconf 89' lang='lat' dir='ltr'><strong>intra</strong></span> <span class='ocrx_word' id='word_1_354' title='bbox 722 3669 1138 3724; x_wconf 82' lang='lat' dir='ltr'><strong>hebdomadam.</strong></span> 
     </span>
    </p>
   </div>
   <div class='ocr_carea' id='block_1_65' title="bbox 1174 3782 1492 3851">
    <p class='ocr_par' dir='ltr' id='par_1_65' title="bbox 1174 3782 1492 3851">
     <span class='ocr_line' id='line_1_65' title="bbox 1174 3782 1492 3851; baseline 0.009 -15"><span class='ocrx_word' id='word_1_355' title='bbox 1174 3782 1251 3836; x_wconf 85' lang='lat' dir='ltr'><strong>De</strong></span> <span class='ocrx_word' id='word_1_356' title='bbox 1274 3785 1492 3851; x_wconf 78' lang='lat' dir='ltr'><strong>pistore.</strong></span> 
     </span>
    </p>
   </div>
   <div class='ocr_carea' id='block_1_66' title="bbox 622 3893 2106 3966">
    <p class='ocr_par' dir='ltr' id='par_1_66' title="bbox 622 3893 2106 3966">
     <span class='ocr_line' id='line_1_66' title="bbox 622 3893 2106 3966; baseline 0.004 -17"><span class='ocrx_word' id='word_1_357' title='bbox 622 3893 711 3950; x_wconf 87' lang='lat'><strong>85.</strong></span> <span class='ocrx_word' id='word_1_358' title='bbox 751 3894 810 3948; x_wconf 88' lang='lat' dir='ltr'><strong>Si</strong></span> <span class='ocrx_word' id='word_1_359' title='bbox 869 3895 993 3964; x_wconf 89' lang='lat' dir='ltr'><strong>quis</strong></span> <span class='ocrx_word' id='word_1_360' title='bbox 1045 3896 1099 3949; x_wconf 92' lang='lat' dir='ltr'><strong>in</strong></span> <span class='ocrx_word' id='word_1_361' title='bbox 1142 3896 1356 3950; x_wconf 82' lang='lat' dir='ltr'><strong>oﬁicina</strong></span> <span class='ocrx_word' id='word_1_362' title='bbox 1399 3895 1635 3965; x_wconf 77' lang='lat' dir='ltr'><strong>paniﬁcii</strong></span> <span class='ocrx_word' id='word_1_363' title='bbox 1685 3898 1847 3953; x_wconf 86' lang='lat' dir='ltr'><strong>verba</strong></span> <span class='ocrx_word' id='word_1_364' title='bbox 1897 3899 2106 3966; x_wconf 79' lang='lat' dir='ltr'><strong>fecerit,</strong></span> 
     </span>
    </p>
   </div>
   <div class='ocr_carea' id='block_1_67' title="bbox 1673 3988 2109 4042">
    <p class='ocr_par' dir='ltr' id='par_1_67' title="bbox 1673 3988 2109 4042">
     <span class='ocr_line' id='line_1_67' title="bbox 1673 3988 2109 4042; baseline 0.009 -4"><span class='ocrx_word' id='word_1_365' title='bbox 1673 3995 1970 4042; x_wconf 72' lang='lat' dir='ltr'><strong>metanteas</strong></span> <span class='ocrx_word' id='word_1_366' title='bbox 2010 3988 2109 4041; x_wconf 90' lang='lat' dir='ltr'><strong>tri-</strong></span> 
     </span>
    </p>
   </div>
   <div class='ocr_carea' id='block_1_68' title="bbox 553 3980 1590 4052">
    <p class='ocr_par' dir='ltr' id='par_1_68' title="bbox 553 3980 1590 4052">
     <span class='ocr_line' id='line_1_68' title="bbox 553 3980 1590 4052; baseline 0.005 -19"><span class='ocrx_word' id='word_1_367' title='bbox 553 3980 816 4037; x_wconf 79' lang='lat' dir='ltr'><strong>fratribus</strong></span> <span class='ocrx_word' id='word_1_368' title='bbox 869 3998 1063 4052; x_wconf 90' lang='lat' dir='ltr'><strong>panem</strong></span> <span class='ocrx_word' id='word_1_369' title='bbox 1147 3984 1590 4050; x_wconf 86' lang='lat' dir='ltr'><strong>elaborantibus,</strong></span> 
     </span>
    </p>
   </div>
   <div class='ocr_carea' id='block_1_69' title="bbox 551 4078 720 4145">
    <p class='ocr_par' dir='ltr' id='par_1_69' title="bbox 551 4078 720 4145">
     <span class='ocr_line' id='line_1_69' title="bbox 551 4078 720 4145; baseline -0.012 -17"><span class='ocrx_word' id='word_1_370' title='bbox 551 4078 720 4145; x_wconf 88' lang='lat' dir='ltr'><strong>ginta.</strong></span> 
     </span>
    </p>
   </div>
   <div class='ocr_carea' id='block_1_70' title="bbox 621 4162 2111 4231">
    <p class='ocr_par' dir='ltr' id='par_1_70' title="bbox 621 4162 2111 4231">
     <span class='ocr_line' id='line_1_70' title="bbox 621 4162 2111 4231; baseline 0.001 -14"><span class='ocrx_word' id='word_1_371' title='bbox 621 4163 710 4218; x_wconf 90' lang='lat'><strong>86.</strong></span> <span class='ocrx_word' id='word_1_372' title='bbox 747 4162 803 4217; x_wconf 90' lang='lat' dir='ltr'><strong>Si</strong></span> <span class='ocrx_word' id='word_1_373' title='bbox 858 4163 1032 4231; x_wconf 85' lang='lat' dir='ltr'><strong>pistor</strong></span> <span class='ocrx_word' id='word_1_374' title='bbox 1107 4163 1454 4217; x_wconf 82' lang='lat' dir='ltr'><strong>immodicam</strong></span> <span class='ocrx_word' id='word_1_375' title='bbox 1507 4172 1904 4219; x_wconf 88' lang='lat' dir='ltr'><strong>sarmentorum</strong></span> <span class='ocrx_word' id='word_1_376' title='bbox 1957 4165 2111 4220; x_wconf 83' lang='lat' dir='ltr'><strong>ﬂam-</strong></span> 
     </span>
    </p>
   </div>
   <div class='ocr_carea' id='block_1_71' title="bbox 554 4254 2110 4325">
    <p class='ocr_par' dir='ltr' id='par_1_71' title="bbox 554 4254 2110 4325">
     <span class='ocr_line' id='line_1_71' title="bbox 554 4254 2110 4325; baseline 0.001 -18"><span class='ocrx_word' id='word_1_377' title='bbox 554 4270 697 4308; x_wconf 89' lang='lat' dir='ltr'><strong>mam</strong></span> <span class='ocrx_word' id='word_1_378' title='bbox 741 4254 1000 4323; x_wconf 89' lang='lat' dir='ltr'><strong>subjiciat</strong></span> <span class='ocrx_word' id='word_1_379' title='bbox 1057 4265 1150 4307; x_wconf 86' lang='lat' dir='ltr'><strong>aut</strong></span> <span class='ocrx_word' id='word_1_380' title='bbox 1193 4255 1484 4324; x_wconf 85' lang='lat' dir='ltr'><strong>lignorum,</strong></span> <span class='ocrx_word' id='word_1_381' title='bbox 1512 4255 1596 4309; x_wconf 88' lang='lat' dir='ltr'><strong>vel</strong></span> <span class='ocrx_word' id='word_1_382' title='bbox 1636 4257 1773 4310; x_wconf 88' lang='lat' dir='ltr'><strong>male</strong></span> <span class='ocrx_word' id='word_1_383' title='bbox 1793 4272 1982 4325; x_wconf 90' lang='lat' dir='ltr'><strong>panem</strong></span> <span class='ocrx_word' id='word_1_384' title='bbox 2017 4273 2110 4310; x_wconf 88' lang='lat' dir='ltr'><strong>co—</strong></span> 
     </span>
    </p>
   </div>
   <div class='ocr_carea' id='block_1_72' title="bbox 551 4353 1186 4414">
    <p class='ocr_par' dir='ltr' id='par_1_72' title="bbox 551 4353 1186 4414">
     <span class='ocr_line' id='line_1_72' title="bbox 551 4353 1186 4414; baseline 0 -16"><span class='ocrx_word' id='word_1_385' title='bbox 551 4355 705 4414; x_wconf 84' lang='lat' dir='ltr'><strong>quat,</strong></span> <span class='ocrx_word' id='word_1_386' title='bbox 728 4353 1024 4398; x_wconf 65' lang='lat' dir='ltr'><strong>metanaaas</strong></span> <span class='ocrx_word' id='word_1_387' title='bbox 1058 4355 1186 4398; x_wconf 92' lang='lat' dir='ltr'><strong>tres.</strong></span> 
     </span>
    </p>
   </div>
   <div class='ocr_carea' id='block_1_73' title="bbox 1062 4455 1607 4526">
    <p class='ocr_par' dir='ltr' id='par_1_73' title="bbox 1062 4455 1607 4526">
     <span class='ocr_line' id='line_1_73' title="bbox 1062 4455 1607 4526; baseline 0.006 -17"><span class='ocrx_word' id='word_1_388' title='bbox 1062 4455 1140 4509; x_wconf 82' lang='lat' dir='ltr'><strong>De</strong></span> <span class='ocrx_word' id='word_1_389' title='bbox 1169 4456 1319 4524; x_wconf 82' lang='lat' dir='ltr'><strong>fabra</strong></span> <span class='ocrx_word' id='word_1_390' title='bbox 1360 4456 1607 4526; x_wconf 82' lang='lat' dir='ltr'><strong>lignario.</strong></span> 
     </span>
    </p>
   </div>
   <div class='ocr_carea' id='block_1_74' title="bbox 623 4545 2110 4618">
    <p class='ocr_par' dir='ltr' id='par_1_74' title="bbox 623 4545 2110 4618">
     <span class='ocr_line' id='line_1_74' title="bbox 623 4545 2110 4618; baseline 0.003 -18"><span class='ocrx_word' id='word_1_391' title='bbox 623 4545 713 4602; x_wconf 88' lang='lat'><strong>87.</strong></span> <span class='ocrx_word' id='word_1_392' title='bbox 749 4545 806 4601; x_wconf 92' lang='lat' dir='ltr'><strong>Si</strong></span> <span class='ocrx_word' id='word_1_393' title='bbox 860 4547 1060 4618; x_wconf 83' lang='lat' dir='ltr'><strong>lignum</strong></span> <span class='ocrx_word' id='word_1_394' title='bbox 1102 4549 1281 4601; x_wconf 85' lang='lat' dir='ltr'><strong>securi</strong></span> <span class='ocrx_word' id='word_1_395' title='bbox 1337 4550 1666 4617; x_wconf 87' lang='lat' dir='ltr'><strong>pessumdet,</strong></span> <span class='ocrx_word' id='word_1_396' title='bbox 1712 4549 1794 4602; x_wconf 89' lang='lat' dir='ltr'><strong>vel</strong></span> <span class='ocrx_word' id='word_1_397' title='bbox 1829 4548 2110 4604; x_wconf 89' lang='lat' dir='ltr'><strong>abundan-</strong></span> 
     </span>
    </p>
   </div>
   <div class='ocr_carea' id='block_1_75' title="bbox 554 4638 2109 4706">
    <p class='ocr_par' dir='ltr' id='par_1_75' title="bbox 554 4638 2109 4706">
     <span class='ocr_line' id='line_1_75' title="bbox 554 4638 2109 4706; baseline 0.003 -15"><span class='ocrx_word' id='word_1_398' title='bbox 554 4639 662 4693; x_wconf 91' lang='lat' dir='ltr'><strong>tius</strong></span> <span class='ocrx_word' id='word_1_399' title='bbox 700 4639 888 4703; x_wconf 72' lang='lat' dir='ltr'><strong>cacdat,</strong></span> <span class='ocrx_word' id='word_1_400' title='bbox 917 4638 1001 4692; x_wconf 88' lang='lat' dir='ltr'><strong>vel</strong></span> <span class='ocrx_word' id='word_1_401' title='bbox 1046 4647 1240 4706; x_wconf 69' lang='lat' dir='ltr'><strong>praeter</strong></span> <span class='ocrx_word' id='word_1_402' title='bbox 1285 4640 1465 4693; x_wconf 88' lang='lat' dir='ltr'><strong>datam</strong></span> <span class='ocrx_word' id='word_1_403' title='bbox 1499 4656 1810 4695; x_wconf 90' lang='lat' dir='ltr'><strong>mensuram</strong></span> <span class='ocrx_word' id='word_1_404' title='bbox 1843 4641 2109 4706; x_wconf 87' lang='lat' dir='ltr'><strong>concidat,</strong></span> 
     </span>
    </p>
   </div>
   <div class='ocr_carea' id='block_1_76' title="bbox 555 4729 2021 4793">
    <p class='ocr_par' dir='ltr' id='par_1_76' title="bbox 555 4729 2021 4793">
     <span class='ocr_line' id='line_1_76' title="bbox 555 4729 2021 4793; baseline 0.003 -10"><span class='ocrx_word' id='word_1_405' title='bbox 555 4731 640 4783; x_wconf 86' lang='lat' dir='ltr'><strong>vel</strong></span> <span class='ocrx_word' id='word_1_406' title='bbox 673 4731 837 4782; x_wconf 89' lang='lat' dir='ltr'><strong>etiam</strong></span> <span class='ocrx_word' id='word_1_407' title='bbox 869 4730 1027 4783; x_wconf 90' lang='lat' dir='ltr'><strong>aliter</strong></span> <span class='ocrx_word' id='word_1_408' title='bbox 1055 4729 1251 4784; x_wconf 78' lang='lat' dir='ltr'><strong>efﬁciat</strong></span> <span class='ocrx_word' id='word_1_409' title='bbox 1295 4730 1508 4793; x_wconf 88' lang='lat' dir='ltr'><strong>inutile,</strong></span> <span class='ocrx_word' id='word_1_410' title='bbox 1558 4732 1723 4787; x_wconf 87' lang='lat' dir='ltr'><strong>aridis</strong></span> <span class='ocrx_word' id='word_1_411' title='bbox 1752 4742 2021 4788; x_wconf 84' lang='lat' dir='ltr'><strong>vescatur.</strong></span> 
     </span>
    </p>
   </div>
   <div class='ocr_carea' id='block_1_77' title="bbox 626 4819 2113 4889">
    <p class='ocr_par' dir='ltr' id='par_1_77' title="bbox 626 4819 2113 4889">
     <span class='ocr_line' id='line_1_77' title="bbox 626 4819 2113 4889; baseline 0.002 -16"><span class='ocrx_word' id='word_1_412' title='bbox 626 4819 714 4873; x_wconf 85' lang='lat'><strong>88.</strong></span> <span class='ocrx_word' id='word_1_413' title='bbox 745 4820 802 4873; x_wconf 84' lang='lat' dir='ltr'><strong>Si</strong></span> <span class='ocrx_word' id='word_1_414' title='bbox 856 4823 981 4889; x_wconf 85' lang='lat' dir='ltr'><strong>quis</strong></span> <span class='ocrx_word' id='word_1_415' title='bbox 1029 4821 1318 4874; x_wconf 80' lang='lat' dir='ltr'><strong>abstulerit</strong></span> <span class='ocrx_word' id='word_1_416' title='bbox 1360 4821 1803 4887; x_wconf 87' lang='lat' dir='ltr'><strong>instrumentum,</strong></span> <span class='ocrx_word' id='word_1_417' title='bbox 1853 4823 2010 4877; x_wconf 77' lang='lat' dir='ltr'><strong>labro</strong></span> <span class='ocrx_word' id='word_1_418' title='bbox 2047 4824 2113 4876; x_wconf 87' lang='lat' dir='ltr'><strong>li-</strong></span> 
     </span>
    </p>
   </div>
   <div class='ocr_carea' id='block_1_78' title="bbox 557 4909 2107 4984">
    <p class='ocr_par' dir='ltr' id='par_1_78' title="bbox 557 4909 2107 4984">
     <span class='ocr_line' id='line_1_78' title="bbox 557 4909 2107 4984; baseline 0.007 -23"><span class='ocrx_word' id='word_1_419' title='bbox 557 4911 750 4980; x_wconf 78' lang='lat' dir='ltr'><strong>gnario</strong></span> <span class='ocrx_word' id='word_1_420' title='bbox 785 4909 1112 4974; x_wconf 91' lang='lat' dir='ltr'><strong>inconsulto,</strong></span> <span class='ocrx_word' id='word_1_421' title='bbox 1159 4909 1241 4963; x_wconf 91' lang='lat' dir='ltr'><strong>vel</strong></span> <span class='ocrx_word' id='word_1_422' title='bbox 1300 4925 1365 4964; x_wconf 78' lang='lat' dir='ltr'><strong>ex</strong></span> <span class='ocrx_word' id='word_1_423' title='bbox 1415 4911 1522 4965; x_wconf 88' lang='lat' dir='ltr'><strong>alia</strong></span> <span class='ocrx_word' id='word_1_424' title='bbox 1554 4911 1764 4970; x_wconf 81' lang='lat' dir='ltr'><strong>oﬂicina</strong></span> <span class='ocrx_word' id='word_1_425' title='bbox 1797 4915 2107 4984; x_wconf 87' lang='lat' dir='ltr'><strong>sumpserit,</strong></span> 
     </span>
    </p>
   </div>
   <div class='ocr_carea' id='block_1_79' title="bbox 559 5001 1301 5071">
    <p class='ocr_par' dir='ltr' id='par_1_79' title="bbox 559 5001 1301 5071">
     <span class='ocr_line' id='line_1_79' title="bbox 559 5001 1301 5071; baseline -0.001 -16"><span class='ocrx_word' id='word_1_426' title='bbox 559 5011 858 5055; x_wconf 71' lang='lat' dir='ltr'><strong>metaumas</strong></span> <span class='ocrx_word' id='word_1_427' title='bbox 888 5001 1301 5071; x_wconf 87' lang='lat' dir='ltr'><strong>quinquaginta.</strong></span> 
     </span>
    </p>
   </div>
   <div class='ocr_carea' id='block_1_80' title="bbox 629 5090 2109 5166">
    <p class='ocr_par' dir='ltr' id='par_1_80' title="bbox 629 5090 2109 5166">
     <span class='ocr_line' id='line_1_80' title="bbox 629 5090 2109 5166; baseline 0.005 -24"><span class='ocrx_word' id='word_1_428' title='bbox 629 5090 719 5143; x_wconf 82' lang='lat'><strong>89.</strong></span> <span class='ocrx_word' id='word_1_429' title='bbox 752 5091 808 5143; x_wconf 92' lang='lat' dir='ltr'><strong>Si</strong></span> <span class='ocrx_word' id='word_1_430' title='bbox 853 5091 1275 5146; x_wconf 88' lang='lat' dir='ltr'><strong>instrumentum</strong></span> <span class='ocrx_word' id='word_1_431' title='bbox 1330 5093 1760 5163; x_wconf 86' lang='lat' dir='ltr'><strong>pessumdederit</strong></span> <span class='ocrx_word' id='word_1_432' title='bbox 1815 5096 1869 5150; x_wconf 92' lang='lat' dir='ltr'><strong>in</strong></span> <span class='ocrx_word' id='word_1_433' title='bbox 1919 5095 2109 5166; x_wconf 84' lang='lat' dir='ltr'><strong>quavis</strong></span> 
     </span>
    </p>
   </div>
   <div class='ocr_carea' id='block_1_81' title="bbox 2201 3216 3434 3291">
    <p class='ocr_par' dir='ltr' id='par_1_81' title="bbox 2201 3216 3434 3291">
     <span class='ocr_line' id='line_1_81' title="bbox 2201 3216 3434 3291; baseline 0.003 -21"><span class='ocrx_word' id='word_1_434' title='bbox 2201 3216 2467 3278; x_wconf 72' lang='grc' dir='ltr'>κοιτάζων</span> <span class='ocrx_word' id='word_1_435' title='bbox 2494 3218 2691 3280; x_wconf 81' lang='grc' dir='ltr'>αὐτοὺς</span> <span class='ocrx_word' id='word_1_436' title='bbox 2721 3219 3014 3290; x_wconf 82' lang='grc' dir='ltr'>ἁρμοδίως,</span> <span class='ocrx_word' id='word_1_437' title='bbox 3052 3220 3333 3288; x_wconf 82' lang='grc' dir='ltr'>μετάνοιαι</span> <span class='ocrx_word' id='word_1_438' title='bbox 3367 3228 3434 3291; x_wconf 85' lang='grc' dir='ltr'>ρ’.</span> 
     </span>
    </p>
   </div>
   <div class='ocr_carea' id='block_1_82' title="bbox 2272 3310 3770 3386">
    <p class='ocr_par' dir='ltr' id='par_1_82' title="bbox 2272 3310 3770 3386">
     <span class='ocr_line' id='line_1_82' title="bbox 2272 3310 3770 3386; baseline 0.007 -25"><span class='ocrx_word' id='word_1_439' title='bbox 2272 3315 2383 3376; x_wconf 86' lang='grc' dir='ltr'>πγ’.</span> <span class='ocrx_word' id='word_1_440' title='bbox 2425 3311 2548 3364; x_wconf 84' lang='grc' dir='ltr'>Ἐὰν</span> <span class='ocrx_word' id='word_1_441' title='bbox 2609 3312 2744 3381; x_wconf 77' lang='grc' dir='ltr'>ἐάσῃ</span> <span class='ocrx_word' id='word_1_442' title='bbox 2807 3311 3083 3381; x_wconf 85' lang='grc' dir='ltr'>ἄστρωτον</span> <span class='ocrx_word' id='word_1_443' title='bbox 3109 3310 3210 3382; x_wconf 76' lang='grc' dir='ltr'>τὴν</span> <span class='ocrx_word' id='word_1_444' title='bbox 3236 3311 3446 3382; x_wconf 84' lang='grc' dir='ltr'>κλίνην,</span> <span class='ocrx_word' id='word_1_445' title='bbox 3486 3314 3584 3367; x_wconf 77' lang='grc' dir='ltr'>καὶ</span> <span class='ocrx_word' id='word_1_446' title='bbox 3606 3317 3679 3386; x_wconf 78' lang='grc' dir='ltr'>μὴ</span> <span class='ocrx_word' id='word_1_447' title='bbox 3700 3320 3770 3372; x_wconf 82' lang='grc' dir='ltr'>τὰ</span> 
     </span>
    </p>
   </div>
   <div class='ocr_carea' id='block_1_83' title="bbox 2200 3402 3770 3476">
    <p class='ocr_par' dir='ltr' id='par_1_83' title="bbox 2200 3402 3770 3476">
     <span class='ocr_line' id='line_1_83' title="bbox 2200 3402 3770 3476; baseline 0.005 -20"><span class='ocrx_word' id='word_1_448' title='bbox 2200 3403 2258 3456; x_wconf 81' lang='grc' dir='ltr'>ὲν</span> <span class='ocrx_word' id='word_1_449' title='bbox 2307 3405 2370 3472; x_wconf 82' lang='grc' dir='ltr'>τῇ</span> <span class='ocrx_word' id='word_1_450' title='bbox 2402 3402 2647 3474; x_wconf 73' lang='grc' dir='ltr'>διακονίᾳ</span> <span class='ocrx_word' id='word_1_451' title='bbox 2699 3406 3060 3475; x_wconf 80' lang='grc' dir='ltr'>σκεπάσματα</span> <span class='ocrx_word' id='word_1_452' title='bbox 3110 3406 3468 3476; x_wconf 84' lang='grc' dir='ltr'>ἀνατινάσσῃ,</span> <span class='ocrx_word' id='word_1_453' title='bbox 3522 3409 3617 3462; x_wconf 75' lang='grc' dir='ltr'>καὶ</span> <span class='ocrx_word' id='word_1_454' title='bbox 3667 3428 3770 3464; x_wconf 81' lang='grc' dir='ltr'>πε-</span> 
     </span>
    </p>
   </div>
   <div class='ocr_carea' id='block_1_84' title="bbox 2207 3494 2920 3567">
    <p class='ocr_par' dir='ltr' id='par_1_84' title="bbox 2207 3494 2920 3567">
     <span class='ocr_line' id='line_1_84' title="bbox 2207 3494 2920 3567; baseline 0.003 -19"><span class='ocrx_word' id='word_1_455' title='bbox 2207 3498 2496 3567; x_wconf 86' lang='grc' dir='ltr'>ριποιῆται.</span> <span class='ocrx_word' id='word_1_456' title='bbox 2524 3494 2920 3565; x_wconf 80' lang='grc' dir='ltr'>ξηροφαγείτω.</span> 
     </span>
    </p>
   </div>
   <div class='ocr_carea' id='block_1_85' title="bbox 2273 3587 3774 3663">
    <p class='ocr_par' dir='ltr' id='par_1_85' title="bbox 2273 3587 3774 3663">
     <span class='ocr_line' id='line_1_85' title="bbox 2273 3587 3774 3663; baseline 0.007 -25"><span class='ocrx_word' id='word_1_457' title='bbox 2273 3588 2379 3640; x_wconf 74' lang='grc' dir='ltr'>πδί.</span> <span class='ocrx_word' id='word_1_458' title='bbox 2422 3587 2692 3650; x_wconf 81' lang='grc' dir='ltr'>Ὡσαύτως</span> <span class='ocrx_word' id='word_1_459' title='bbox 2724 3589 2818 3641; x_wconf 82' lang='grc' dir='ltr'>καὶ</span> <span class='ocrx_word' id='word_1_460' title='bbox 2864 3589 2961 3643; x_wconf 84' lang='grc' dir='ltr'><strong>ὲάν</strong></span> <span class='ocrx_word' id='word_1_461' title='bbox 2993 3588 3068 3661; x_wconf 80' lang='grc' dir='ltr'>μὴ</span> <span class='ocrx_word' id='word_1_462' title='bbox 3088 3589 3350 3663; x_wconf 76' lang='grc' dir='ltr'>φιλοκαλῇ</span> <span class='ocrx_word' id='word_1_463' title='bbox 3396 3590 3488 3646; x_wconf 78' lang='grc' dir='ltr'><strong>τὸν</strong></span> <span class='ocrx_word' id='word_1_464' title='bbox 3531 3593 3774 3649; x_wconf 82' lang='grc' dir='ltr'>κοιτῶνα</span> 
     </span>
    </p>
   </div>
   <div class='ocr_carea' id='block_1_86' title="bbox 2201 3678 2768 3750">
    <p class='ocr_par' dir='ltr' id='par_1_86' title="bbox 2201 3678 2768 3750">
     <span class='ocr_line' id='line_1_86' title="bbox 2201 3678 2768 3750; baseline 0.004 -18"><span class='ocrx_word' id='word_1_465' title='bbox 2201 3678 2292 3733; x_wconf 81' lang='grc' dir='ltr'><strong>διὰ</strong></span> <span class='ocrx_word' id='word_1_466' title='bbox 2317 3680 2415 3749; x_wconf 78' lang='grc' dir='ltr'>τῆς</span> <span class='ocrx_word' id='word_1_467' title='bbox 2452 3679 2768 3750; x_wconf 75' lang='grc' dir='ltr'>ισδομάδος.</span> 
     </span>
    </p>
   </div>
   <div class='ocr_carea' id='block_1_87' title="bbox 2727 3791 3209 3863">
    <p class='ocr_par' dir='ltr' id='par_1_87' title="bbox 2727 3791 3209 3863">
     <span class='ocr_line' id='line_1_87' title="bbox 2727 3791 3209 3863; baseline 0.008 -19"><span class='ocrx_word' id='word_1_468' title='bbox 2727 3791 2864 3860; x_wconf 80' lang='grc' dir='ltr'>Περί</span> <span class='ocrx_word' id='word_1_469' title='bbox 2883 3792 3209 3863; x_wconf 77' lang='grc' dir='ltr'>μὰγκιπος.</span> 
     </span>
    </p>
   </div>
   <div class='ocr_carea' id='block_1_88' title="bbox 2276 3905 3777 3980">
    <p class='ocr_par' dir='ltr' id='par_1_88' title="bbox 2276 3905 3777 3980">
     <span class='ocr_line' id='line_1_88' title="bbox 2276 3905 3777 3980; baseline 0.006 -22"><span class='ocrx_word' id='word_1_470' title='bbox 2276 3905 2382 3961; x_wconf 85' lang='grc' dir='ltr'>πε’.</span> <span class='ocrx_word' id='word_1_471' title='bbox 2410 3906 2478 3959; x_wconf 81' lang='grc' dir='ltr'>Εἴ</span> <span class='ocrx_word' id='word_1_472' title='bbox 2498 3923 2579 3970; x_wconf 92' lang='grc' dir='ltr'><strong>τις</strong></span> <span class='ocrx_word' id='word_1_473' title='bbox 2607 3905 2834 3977; x_wconf 82' lang='grc' dir='ltr'>λαλήσει</span> <span class='ocrx_word' id='word_1_474' title='bbox 2860 3909 2918 3960; x_wconf 82' lang='grc' dir='ltr'>ὲν</span> <span class='ocrx_word' id='word_1_475' title='bbox 2943 3907 3019 3978; x_wconf 84' lang='grc' dir='ltr'>τῷ</span> <span class='ocrx_word' id='word_1_476' title='bbox 3070 3909 3429 3980; x_wconf 86' lang='grc' dir='ltr'>ἀρτοκοπείῳ,</span> <span class='ocrx_word' id='word_1_477' title='bbox 3459 3912 3572 3964; x_wconf 84' lang='grc' dir='ltr'><strong>τῶν</strong></span> <span class='ocrx_word' id='word_1_478' title='bbox 3626 3914 3777 3967; x_wconf 83' lang='grc' dir='ltr'>ἀδελ-</span> 
     </span>
    </p>
   </div>
   <div class='ocr_carea' id='block_1_89' title="bbox 2207 3995 3631 4071">
    <p class='ocr_par' dir='ltr' id='par_1_89' title="bbox 2207 3995 3631 4071">
     <span class='ocr_line' id='line_1_89' title="bbox 2207 3995 3631 4071; baseline 0.003 -21"><span class='ocrx_word' id='word_1_479' title='bbox 2207 3995 2323 4067; x_wconf 83' lang='grc' dir='ltr'><strong>φῶν</strong></span> <span class='ocrx_word' id='word_1_480' title='bbox 2350 3997 2475 4060; x_wconf 80' lang='grc' dir='ltr'>τοὺς</span> <span class='ocrx_word' id='word_1_481' title='bbox 2505 3997 2703 4067; x_wconf 80' lang='grc' dir='ltr'>ἄρτους</span> <span class='ocrx_word' id='word_1_482' title='bbox 2723 3998 3538 4071; x_wconf 83' lang='grc' dir='ltr'>ἁρτοκοποιούντων,μετάνοιαι</span> <span class='ocrx_word' id='word_1_483' title='bbox 3567 4002 3631 4054; x_wconf 85' lang='grc' dir='ltr'>λ’.</span> 
     </span>
    </p>
   </div>
   <div class='ocr_carea' id='block_1_90' title="bbox 2277 4178 3775 4254">
    <p class='ocr_par' dir='ltr' id='par_1_90' title="bbox 2277 4178 3775 4254">
     <span class='ocr_line' id='line_1_90' title="bbox 2277 4178 3775 4254; baseline 0.003 -24"><span class='ocrx_word' id='word_1_484' title='bbox 2277 4185 2395 4245; x_wconf 74' lang='grc' dir='ltr'>σις’.</span> <span class='ocrx_word' id='word_1_485' title='bbox 2446 4178 2572 4231; x_wconf 85' lang='grc' dir='ltr'><strong>Ἐάν</strong></span> <span class='ocrx_word' id='word_1_486' title='bbox 2610 4178 2683 4247; x_wconf 84' lang='grc' dir='ltr'>μὴ</span> <span class='ocrx_word' id='word_1_487' title='bbox 2717 4179 2745 4231; x_wconf 87' lang='grc' dir='ltr'>ὁ</span> <span class='ocrx_word' id='word_1_488' title='bbox 2769 4178 2980 4248; x_wconf 83' lang='grc' dir='ltr'>μάγκιψ</span> <span class='ocrx_word' id='word_1_489' title='bbox 3005 4178 3334 4250; x_wconf 84' lang='grc' dir='ltr'>συμμέτρως</span> <span class='ocrx_word' id='word_1_490' title='bbox 3362 4180 3658 4235; x_wconf 79' lang='grc' dir='ltr'>ὑποϐάλλοι</span> <span class='ocrx_word' id='word_1_491' title='bbox 3678 4184 3775 4254; x_wconf 80' lang='grc' dir='ltr'>τὴν</span> 
     </span>
    </p>
   </div>
   <div class='ocr_carea' id='block_1_91' title="bbox 2208 4269 3776 4344">
    <p class='ocr_par' dir='ltr' id='par_1_91' title="bbox 2208 4269 3776 4344">
     <span class='ocr_line' id='line_1_91' title="bbox 2208 4269 3776 4344; baseline 0.003 -21"><span class='ocrx_word' id='word_1_492' title='bbox 2208 4271 2402 4323; x_wconf 79' lang='grc' dir='ltr'>καῦσιν</span> <span class='ocrx_word' id='word_1_493' title='bbox 2431 4270 2539 4323; x_wconf 83' lang='grc' dir='ltr'><strong>τῶν</strong></span> <span class='ocrx_word' id='word_1_494' title='bbox 2567 4270 2855 4338; x_wconf 79' lang='grc' dir='ltr'>φρυγάνων</span> <span class='ocrx_word' id='word_1_495' title='bbox 2887 4271 2920 4342; x_wconf 81' lang='grc' dir='ltr'>ἢ</span> <span class='ocrx_word' id='word_1_496' title='bbox 2954 4270 3061 4323; x_wconf 84' lang='grc' dir='ltr'><strong>τῶν</strong></span> <span class='ocrx_word' id='word_1_497' title='bbox 3088 4269 3280 4337; x_wconf 82' lang='grc' dir='ltr'>ξύλων,</span> <span class='ocrx_word' id='word_1_498' title='bbox 3342 4271 3376 4343; x_wconf 84' lang='grc' dir='ltr'>ἦ</span> <span class='ocrx_word' id='word_1_499' title='bbox 3428 4272 3534 4344; x_wconf 77' lang='grc' dir='ltr'><strong>ἑψῇ</strong></span> <span class='ocrx_word' id='word_1_500' title='bbox 3587 4277 3776 4338; x_wconf 81' lang='grc' dir='ltr'>κακῶς</span> 
     </span>
    </p>
   </div>
   <div class='ocr_carea' id='block_1_92' title="bbox 2209 4361 2928 4432">
    <p class='ocr_par' dir='ltr' id='par_1_92' title="bbox 2209 4361 2928 4432">
     <span class='ocr_line' id='line_1_92' title="bbox 2209 4361 2928 4432; baseline 0.003 -19"><span class='ocrx_word' id='word_1_501' title='bbox 2209 4361 2300 4414; x_wconf 86' lang='grc' dir='ltr'>τὸν</span> <span class='ocrx_word' id='word_1_502' title='bbox 2337 4361 2518 4432; x_wconf 82' lang='grc' dir='ltr'>ἄρτον,</span> <span class='ocrx_word' id='word_1_503' title='bbox 2548 4363 2826 4432; x_wconf 87' lang='grc' dir='ltr'>μετάνοιαι</span> <span class='ocrx_word' id='word_1_504' title='bbox 2860 4368 2928 4429; x_wconf 87' lang='grc' dir='ltr'>γ’.</span> 
     </span>
    </p>
   </div>
   <div class='ocr_carea' id='block_1_93' title="bbox 2685 4474 3286 4541">
    <p class='ocr_par' dir='ltr' id='par_1_93' title="bbox 2685 4474 3286 4541">
     <span class='ocr_line' id='line_1_93' title="bbox 2685 4474 3286 4541; baseline 0.007 -14"><span class='ocrx_word' id='word_1_505' title='bbox 2685 4476 2822 4541; x_wconf 75' lang='grc' dir='ltr'>Περὶ</span> <span class='ocrx_word' id='word_1_506' title='bbox 2850 4475 2957 4528; x_wconf 67' lang='grc' dir='ltr'><strong>τοῦ</strong></span> <span class='ocrx_word' id='word_1_507' title='bbox 2988 4474 3286 4541; x_wconf 80' lang='grc' dir='ltr'>τέκτονος.</span> 
     </span>
    </p>
   </div>
   <div class='ocr_carea' id='block_1_94' title="bbox 2277 4563 3779 4638">
    <p class='ocr_par' dir='ltr' id='par_1_94' title="bbox 2277 4563 3779 4638">
     <span class='ocr_line' id='line_1_94' title="bbox 2277 4563 3779 4638; baseline 0.003 -21"><span class='ocrx_word' id='word_1_508' title='bbox 2277 4563 2385 4627; x_wconf 66' lang='grc' dir='ltr'>σις’.</span> <span class='ocrx_word' id='word_1_509' title='bbox 2431 4565 2554 4618; x_wconf 75' lang='grc' dir='ltr'>Ἐὰν</span> <span class='ocrx_word' id='word_1_510' title='bbox 2579 4566 2817 4638; x_wconf 77' lang='grc' dir='ltr'>ἀφανίσῃ</span> <span class='ocrx_word' id='word_1_511' title='bbox 2845 4568 2904 4618; x_wconf 80' lang='grc' dir='ltr'>τὸ</span> <span class='ocrx_word' id='word_1_512' title='bbox 2925 4566 3302 4637; x_wconf 85' lang='grc' dir='ltr'>πελεκώμενον</span> <span class='ocrx_word' id='word_1_513' title='bbox 3341 4567 3515 4635; x_wconf 87' lang='grc' dir='ltr'>ξύλον,</span> <span class='ocrx_word' id='word_1_514' title='bbox 3546 4568 3579 4637; x_wconf 73' lang='grc' dir='ltr'>ἢ</span> <span class='ocrx_word' id='word_1_515' title='bbox 3607 4570 3779 4638; x_wconf 71' lang='grc' dir='ltr'>ὑπερε-</span> 
     </span>
    </p>
   </div>
   <div class='ocr_carea' id='block_1_95' title="bbox 2207 4653 3778 4729">
    <p class='ocr_par' dir='ltr' id='par_1_95' title="bbox 2207 4653 3778 4729">
     <span class='ocr_line' id='line_1_95' title="bbox 2207 4653 3778 4729; baseline 0.004 -24"><span class='ocrx_word' id='word_1_516' title='bbox 2207 4653 2368 4726; x_wconf 77' lang='grc' dir='ltr'>κόψῃ,</span> <span class='ocrx_word' id='word_1_517' title='bbox 2415 4655 2510 4707; x_wconf 79' lang='grc' dir='ltr'>καὶ</span> <span class='ocrx_word' id='word_1_518' title='bbox 2537 4657 2689 4724; x_wconf 83' lang='grc' dir='ltr'>παρὰ</span> <span class='ocrx_word' id='word_1_519' title='bbox 2719 4657 2778 4708; x_wconf 77' lang='grc' dir='ltr'>τὸ</span> <span class='ocrx_word' id='word_1_520' title='bbox 2807 4655 3003 4726; x_wconf 83' lang='grc' dir='ltr'>μέτρον</span> <span class='ocrx_word' id='word_1_521' title='bbox 3029 4657 3348 4729; x_wconf 72' lang='grc' dir='ltr'>παρακύψῃ,</span> <span class='ocrx_word' id='word_1_522' title='bbox 3376 4659 3408 4727; x_wconf 70' lang='grc' dir='ltr'>ἢ</span> <span class='ocrx_word' id='word_1_523' title='bbox 3450 4659 3545 4712; x_wconf 84' lang='grc' dir='ltr'>καὶ</span> <span class='ocrx_word' id='word_1_524' title='bbox 3597 4659 3778 4724; x_wconf 82' lang='grc' dir='ltr'>ἄλλως</span> 
     </span>
    </p>
   </div>
   <div class='ocr_carea' id='block_1_96' title="bbox 2207 4743 3119 4815">
    <p class='ocr_par' dir='ltr' id='par_1_96' title="bbox 2207 4743 3119 4815">
     <span class='ocr_line' id='line_1_96' title="bbox 2207 4743 3119 4815; baseline 0.004 -19"><span class='ocrx_word' id='word_1_525' title='bbox 2207 4761 2324 4807; x_wconf 87' lang='grc' dir='ltr'><strong>πως</strong></span> <span class='ocrx_word' id='word_1_526' title='bbox 2376 4743 2684 4813; x_wconf 86' lang='grc' dir='ltr'>ἀχρειώσει,</span> <span class='ocrx_word' id='word_1_527' title='bbox 2717 4745 2778 4814; x_wconf 81' lang='grc' dir='ltr'><strong>ξη</strong></span> <span class='ocrx_word' id='word_1_528' title='bbox 2789 4747 3119 4815; x_wconf 84' lang='grc' dir='ltr'>ροφαγείτω.</span> 
     </span>
    </p>
   </div>
   <div class='ocr_carea' id='block_1_97' title="bbox 2277 4837 3781 4908">
    <p class='ocr_par' dir='ltr' id='par_1_97' title="bbox 2277 4837 3781 4908">
     <span class='ocr_line' id='line_1_97' title="bbox 2277 4837 3781 4908; baseline 0.004 -21"><span class='ocrx_word' id='word_1_529' title='bbox 2277 4842 2389 4904; x_wconf 88' lang='grc' dir='ltr'>πη’.</span> <span class='ocrx_word' id='word_1_530' title='bbox 2436 4837 2557 4888; x_wconf 81' lang='grc' dir='ltr'><strong>Ἐὰν</strong></span> <span class='ocrx_word' id='word_1_531' title='bbox 2589 4838 2767 4908; x_wconf 81' lang='grc' dir='ltr'>ὲπάρῃ</span> <span class='ocrx_word' id='word_1_532' title='bbox 2794 4853 2877 4899; x_wconf 85' lang='grc' dir='ltr'><strong>τις</strong></span> <span class='ocrx_word' id='word_1_533' title='bbox 2912 4837 3192 4908; x_wconf 75' lang='grc' dir='ltr'>ἐργαλεῖον</span> <span class='ocrx_word' id='word_1_534' title='bbox 3226 4837 3353 4891; x_wconf 80' lang='grc' dir='ltr'>ἄνευ</span> <span class='ocrx_word' id='word_1_535' title='bbox 3394 4838 3488 4892; x_wconf 85' lang='grc' dir='ltr'><strong>τοῦ</strong></span> <span class='ocrx_word' id='word_1_536' title='bbox 3521 4839 3781 4902; x_wconf 79' lang='grc' dir='ltr'>τέκτονος</span> 
     </span>
    </p>
   </div>
   <div class='ocr_carea' id='block_1_98' title="bbox 2213 4927 3273 4999">
    <p class='ocr_par' dir='ltr' id='par_1_98' title="bbox 2213 4927 3273 4999">
     <span class='ocr_line' id='line_1_98' title="bbox 2213 4927 3273 4999; baseline 0.007 -21"><span class='ocrx_word' id='word_1_537' title='bbox 2213 4927 2250 4996; x_wconf 69' lang='grc' dir='ltr'>ἢ</span> <span class='ocrx_word' id='word_1_538' title='bbox 2277 4927 2336 4991; x_wconf 70' lang='grc' dir='ltr'>ἐξ</span> <span class='ocrx_word' id='word_1_539' title='bbox 2367 4927 2532 4999; x_wconf 89' lang='grc' dir='ltr'>ἄλλης</span> <span class='ocrx_word' id='word_1_540' title='bbox 2574 4928 2867 4994; x_wconf 85' lang='grc' dir='ltr'>διακονίας,</span> <span class='ocrx_word' id='word_1_541' title='bbox 2905 4930 3183 4999; x_wconf 86' lang='grc' dir='ltr'>μετάνοιαι</span> <span class='ocrx_word' id='word_1_542' title='bbox 3208 4936 3273 4985; x_wconf 83' lang='grc' dir='ltr'>ν’.</span> 
     </span>
    </p>
   </div>
   <div class='ocr_carea' id='block_1_99' title="bbox 2287 5105 3779 5181">
    <p class='ocr_par' dir='ltr' id='par_1_99' title="bbox 2287 5105 3779 5181">
     <span class='ocr_line' id='line_1_99' title="bbox 2287 5105 3779 5181; baseline 0.004 -21"><span class='ocrx_word' id='word_1_543' title='bbox 2287 5105 2394 5160; x_wconf 71' lang='grc' dir='ltr'>τπδ’.</span> <span class='ocrx_word' id='word_1_544' title='bbox 2436 5106 2560 5160; x_wconf 85' lang='grc' dir='ltr'>Ἐὰν</span> <span class='ocrx_word' id='word_1_545' title='bbox 2588 5105 2825 5178; x_wconf 81' lang='grc' dir='ltr'>ἀπολέσῃ</span> <span class='ocrx_word' id='word_1_546' title='bbox 2854 5109 3133 5178; x_wconf 74' lang='grc' dir='ltr'>ἐργαλεῖον</span> <span class='ocrx_word' id='word_1_547' title='bbox 3158 5111 3250 5162; x_wconf 70' lang='grc' dir='ltr'><strong>ἐπὶ</strong></span> <span class='ocrx_word' id='word_1_548' title='bbox 3275 5111 3454 5181; x_wconf 79' lang='grc' dir='ltr'>πάσης</span> <span class='ocrx_word' id='word_1_549' title='bbox 3476 5111 3779 5177; x_wconf 79' lang='grc' dir='ltr'>διακονίας,</span> 
     </span>
    </p>
   </div>
   <div class='ocr_carea' id='block_1_100' title="bbox 557 5182 2104 5272">
    <p class='ocr_par' dir='ltr' id='par_1_100' title="bbox 557 5182 2104 5258">
     <span class='ocr_line' id='line_1_100' title="bbox 557 5182 2104 5258; baseline 0.005 -23"><span class='ocrx_word' id='word_1_550' title='bbox 557 5182 789 5249; x_wconf 79' lang='lat' dir='ltr'><strong>oﬂicina,</strong></span> <span class='ocrx_word' id='word_1_551' title='bbox 852 5184 1018 5240; x_wconf 91' lang='lat' dir='ltr'><strong>aridis</strong></span> <span class='ocrx_word' id='word_1_552' title='bbox 1069 5194 1320 5241; x_wconf 90' lang='lat' dir='ltr'><strong>vescatur</strong></span> <span class='ocrx_word' id='word_1_553' title='bbox 1375 5196 1430 5241; x_wconf 88' lang='lat' dir='ltr'><strong>et</strong></span> <span class='ocrx_word' id='word_1_554' title='bbox 1476 5187 1835 5253; x_wconf 86' lang='lat' dir='ltr'><strong>separatiouis</strong></span> <span class='ocrx_word' id='word_1_555' title='bbox 1893 5202 2104 5258; x_wconf 67' lang='lat' dir='ltr'><strong>poenam</strong></span> 
     </span>
    </p>
   </div>
   <div class='ocr_carea' id='block_1_101' title="bbox 2239 5182 3673 5272">
    <p class='ocr_par' dir='ltr' id='par_1_101' title="bbox 2239 5197 3673 5272">
     <span class='ocr_line' id='line_1_101' title="bbox 2239 5197 3673 5272; baseline 0.004 -21"><span class='ocrx_word' id='word_1_556' title='bbox 2239 5197 2610 5269; x_wconf 74' lang='grc' dir='ltr'>ξηροφαγείτω,</span> <span class='ocrx_word' id='word_1_557' title='bbox 2669 5199 2760 5250; x_wconf 79' lang='grc' dir='ltr'>καὶ</span> <span class='ocrx_word' id='word_1_558' title='bbox 2800 5199 3104 5269; x_wconf 84' lang='grc' dir='ltr'>ἀφορισμοῦ</span> <span class='ocrx_word' id='word_1_559' title='bbox 3163 5201 3435 5270; x_wconf 78' lang='grc' dir='ltr'>ἐπιτίμιον</span> <span class='ocrx_word' id='word_1_560' title='bbox 3477 5205 3673 5272; x_wconf 77' lang='grc' dir='ltr'>ἐχέτω.</span> 
     </span>
    </p>
   </div>
   <div class='ocr_carea' id='block_1_102' title="bbox 561 5273 695 5326">
    <p class='ocr_par' dir='ltr' id='par_1_102' title="bbox 561 5273 695 5326">
     <span class='ocr_line' id='line_1_102' title="bbox 561 5273 695 5326; baseline 0 0"><span class='ocrx_word' id='word_1_561' title='bbox 561 5273 695 5326; x_wconf 78' lang='lat' dir='ltr'><strong>luat.</strong></span> 
     </span>
    </p>
   </div>
   <div class='ocr_carea' id='block_1_103' title="bbox 631 5364 2112 5435">
    <p class='ocr_par' dir='ltr' id='par_1_103' title="bbox 631 5364 2112 5435">
     <span class='ocr_line' id='line_1_103' title="bbox 631 5364 2112 5435; baseline 0.003 -16"><span class='ocrx_word' id='word_1_562' title='bbox 631 5365 723 5424; x_wconf 89' lang='lat'><strong>90.</strong></span> <span class='ocrx_word' id='word_1_563' title='bbox 759 5364 1004 5434; x_wconf 81' lang='lat' dir='ltr'><strong>Ruptura</strong></span> <span class='ocrx_word' id='word_1_564' title='bbox 1036 5365 1081 5421; x_wconf 87' lang='lat' dir='ltr'><strong>si</strong></span> <span class='ocrx_word' id='word_1_565' title='bbox 1121 5369 1362 5422; x_wconf 85' lang='lat' dir='ltr'><strong>evenerit</strong></span> <span class='ocrx_word' id='word_1_566' title='bbox 1421 5369 1603 5435; x_wconf 65' lang='lat' dir='ltr'><strong>ascia,</strong></span> <span class='ocrx_word' id='word_1_567' title='bbox 1638 5368 1896 5434; x_wconf 87' lang='lat' dir='ltr'><strong>terebelli,</strong></span> <span class='ocrx_word' id='word_1_568' title='bbox 1929 5384 2112 5432; x_wconf 82' lang='lat' dir='ltr'><strong>serrae,</strong></span> 
     </span>
    </p>
   </div>
   <div class='ocr_carea' id='block_1_104' title="bbox 559 5455 2115 5523">
    <p class='ocr_par' dir='ltr' id='par_1_104' title="bbox 559 5455 2115 5523">
     <span class='ocr_line' id='line_1_104' title="bbox 559 5455 2115 5523; baseline 0.004 -15"><span class='ocrx_word' id='word_1_569' title='bbox 559 5455 788 5521; x_wconf 83' lang='lat' dir='ltr'><strong>securis,</strong></span> <span class='ocrx_word' id='word_1_570' title='bbox 829 5455 915 5510; x_wconf 91' lang='lat' dir='ltr'><strong>vel</strong></span> <span class='ocrx_word' id='word_1_571' title='bbox 981 5455 1225 5523; x_wconf 86' lang='lat' dir='ltr'><strong>cujusvis</strong></span> <span class='ocrx_word' id='word_1_572' title='bbox 1259 5457 1601 5523; x_wconf 81' lang='lat' dir='ltr'><strong>ferramenti,</strong></span> <span class='ocrx_word' id='word_1_573' title='bbox 1650 5468 1948 5514; x_wconf 73' lang='lat' dir='ltr'><strong>metanmas</strong></span> <span class='ocrx_word' id='word_1_574' title='bbox 1986 5474 2115 5515; x_wconf 82' lang='lat' dir='ltr'><strong>cen-</strong></span> 
     </span>
    </p>
   </div>
   <div class='ocr_carea' id='block_1_105' title="bbox 565 5548 696 5600">
    <p class='ocr_par' dir='ltr' id='par_1_105' title="bbox 565 5548 696 5600">
     <span class='ocr_line' id='line_1_105' title="bbox 565 5548 696 5600; baseline 0.023 -3"><span class='ocrx_word' id='word_1_575' title='bbox 565 5548 696 5600; x_wconf 84' lang='lat' dir='ltr'><strong>tum.</strong></span> 
     </span>
    </p>
   </div>
   <div class='ocr_carea' id='block_1_106' title="bbox 633 5742 1804 5815">
    <p class='ocr_par' dir='ltr' id='par_1_106' title="bbox 633 5742 1804 5815">
     <span class='ocr_line' id='line_1_106' title="bbox 633 5742 1804 5815; baseline 0.002 -21"><span class='ocrx_word' id='word_1_576' title='bbox 633 5745 658 5782; x_wconf 72' lang='grc'>⁸</span> <span class='ocrx_word' id='word_1_577' title='bbox 683 5742 814 5797; x_wconf 81' lang='lat' dir='ltr'><strong>Vide</strong></span> <span class='ocrx_word' id='word_1_578' title='bbox 860 5744 1122 5815; x_wconf 82' lang='lat' dir='ltr'><strong>Cangium</strong></span> <span class='ocrx_word' id='word_1_579' title='bbox 1177 5745 1228 5800; x_wconf 85' lang='lat' dir='ltr'><strong>in</strong></span> <span class='ocrx_word' id='word_1_580' title='bbox 1260 5742 1804 5811; x_wconf 68' lang='grc' dir='ltr'>Δεσποτικαὶέορταί.</span> 
     </span>
    </p>
   </div>
   <div class='ocr_carea' id='block_1_107' title="bbox 2279 5370 3780 5446">
    <p class='ocr_par' dir='ltr' id='par_1_107' title="bbox 2279 5370 3780 5446">
     <span class='ocr_line' id='line_1_107' title="bbox 2279 5370 3780 5446; baseline 0.004 -23"><span class='ocrx_word' id='word_1_581' title='bbox 2279 5376 2348 5436; x_wconf 65' lang='lat' dir='ltr'><strong>Lf.</strong></span> <span class='ocrx_word' id='word_1_582' title='bbox 2399 5370 2632 5439; x_wconf 85' lang='grc' dir='ltr'>Κλάσμα</span> <span class='ocrx_word' id='word_1_583' title='bbox 2681 5372 2778 5425; x_wconf 70' lang='grc' dir='ltr'><strong>ἰὰν</strong></span> <span class='ocrx_word' id='word_1_584' title='bbox 2821 5372 3046 5444; x_wconf 80' lang='grc' dir='ltr'>γένηται</span> <span class='ocrx_word' id='word_1_585' title='bbox 3107 5374 3437 5446; x_wconf 85' lang='grc' dir='ltr'>σκεπάρνου,</span> <span class='ocrx_word' id='word_1_586' title='bbox 3495 5377 3780 5445; x_wconf 76' lang='grc' dir='ltr'>τερέτρου,</span> 
     </span>
    </p>
   </div>
   <div class='ocr_carea' id='block_1_108' title="bbox 2213 5464 3780 5540">
    <p class='ocr_par' dir='ltr' id='par_1_108' title="bbox 2213 5464 3780 5540">
     <span class='ocr_line' id='line_1_108' title="bbox 2213 5464 3780 5540; baseline 0.005 -25"><span class='ocrx_word' id='word_1_587' title='bbox 2213 5464 2449 5533; x_wconf 86' lang='grc' dir='ltr'>πρίονος,</span> <span class='ocrx_word' id='word_1_588' title='bbox 2484 5465 2776 5532; x_wconf 82' lang='grc' dir='ltr'>πελέκεως,</span> <span class='ocrx_word' id='word_1_589' title='bbox 2808 5465 2842 5534; x_wconf 84' lang='grc' dir='ltr'>ἢ</span> <span class='ocrx_word' id='word_1_590' title='bbox 2874 5468 2966 5521; x_wconf 79' lang='grc' dir='ltr'>καὶ</span> <span class='ocrx_word' id='word_1_591' title='bbox 2993 5466 3154 5522; x_wconf 74' lang='grc' dir='ltr'>ἄλλου</span> <span class='ocrx_word' id='word_1_592' title='bbox 3183 5468 3350 5531; x_wconf 82' lang='grc' dir='ltr'>τινος,</span> <span class='ocrx_word' id='word_1_593' title='bbox 3393 5470 3677 5538; x_wconf 82' lang='grc' dir='ltr'>μετάνοιαι</span> <span class='ocrx_word' id='word_1_594' title='bbox 3708 5477 3780 5540; x_wconf 86' lang='grc' dir='ltr'>ρ’.</span> 
     </span>
    </p>
   </div>
  </div>
