3968 6510
275 475 382 537 745
1433 482 1493 540 S.
1530 480 1842 542 THEODO]

1906 483 1916 540 [
1960 483 2302 542 ΒΤΙΠΠΤΕ
3344 487 3473 551 1746

735 587 876 654 Περὶ
923 588 1030 642 τοῦ
1060 589 1362 656 κτηνίτου.
1845 598 1891 652 Α

1358 632 1362 643 .
1845 598 1891 652 Α
2481 595 2554 649 De
2579 598 2925 665 jumentario,

314 675 420 746 ιμ’.
477 676 603 730 Ἐὰν
640 677 717 748 μὴ
749 677 845 747 τὴν
880 681 1268 749 προσήκουσαν
1303 681 1619 752 ἐπιμέλειαν
1649 684 1813 753 ποιῆ-

1985 684 2075 740 91.
2105 682 2162 738 Si
2190 685 2425 740 debitam
2470 687 2846 753 jumentorum
2878 703 3064 743 Curam
3095 703 3199 740 non
3226 692 3475 758 gesserit,

239 783 332 820 ται
374 769 433 820 ἐν
480 768 597 828 τοῖς
647 767 919 836 κτήνεσιν,
951 767 1128 822 είτουν
1160 770 1220 822 τὸ
1246 771 1304 821 ἐν
1331 770 1505 841 καιρῷ
1553 771 1692 842 ὕδωρ
1735 772 1806 824 δι-

1914 774 2028 829 sive
2057 783 2298 844 tempore
2345 775 2538 830 idoneo
2573 786 2760 846 potum
2814 787 3140 846 pastumque
3168 780 3475 847 prmbendo,

237 857 393 911 δόναι
420 857 513 910 καὶ
553 858 652 927 τὴν
675 857 903 928 τροφὴν,
936 859 1031 910 καὶ
1056 859 1405 929 στρωννύειν,
1439 861 1531 914 καὶ
1560 860 1804 925 ἀναξύειν

1917 867 2032 920 sive
2065 868 2327 921 stramine
2349 867 2708 937 subjiciendo,
2737 878 2789 922 et
2821 868 3085 935 fricando,
3114 878 3167 923 et
3195 871 3465 939 poliendo,

241 948 338 1000 καὶ
371 946 701 1016 φιλοκαλεῖν,
734 949 828 1001 καὶ
863 949 1280 1022 ἀποκαθαίρειν,
1335 955 1427 1007 καὶ
1472 954 1808 1026 ψηκτρίζειν,

1916 968 1980 1006 ac
2033 955 2342 1008 mundando
2403 963 2567 1026 atque
2604 956 3012 1026 destringendo,
3042 968 3342 1014 metanmas
3383 961 3477 1013 tri.

243 1044 529 1113 μετάνοιαι
553 1043 620 1098 λ’.

517 1061 529 1096 ι
553 1043 620 1098 λ’.
1915 1043 2084 1114 ginta.

315 1133 424 1203 ιιβ’.
463 1135 588 1189 Ἐὰν
614 1135 748 1189 πολὺ
801 1136 1103 1207 κατελαύνῃ
1129 1137 1186 1190 ἐν
1212 1136 1288 1208 τῷ
1339 1138 1598 1211 μύλωνιῆ
1645 1143 1815 1198 ἐνάλ-

1987 1137 2075 1193 99..
2101 1137 2156 1191 Si
2189 1137 2282 1192 diu
2321 1138 2607 1208 agitaverit
2639 1138 2694 1191 in
2739 1138 2973 1207 pistrino
3009 1138 3091 1193 vel
3135 1141 3187 1192 in
3233 1141 3345 1199 via,
3384 1155 3479 1196 aut

239 1227 310 1300 λῃ
339 1227 465 1297 ὀδῷ,
498 1227 531 1298 ἦ
568 1227 998 1302 καταῤῥαϐδίξῃ,
1057 1229 1090 1300 ἢ
1144 1229 1469 1302 ἐπιφορτίζῃ
1518 1234 1680 1288 πλέον
1718 1235 1806 1288 τοῦ

1915 1226 2064 1295 virga
2098 1226 2261 1280 nimis
2301 1225 2625 1288 contuderit,
2667 1225 2750 1278 vel
2801 1225 2921 1294 plus
2957 1241 3113 1294 aequo
3140 1241 3278 1282 onus
3309 1229 3481 1298 impo-

239 1316 478 1381 δέοντος,
539 1315 938 1388 ξηροφαγείτω,
985 1316 1019 1389 ἢ
1073 1320 1168 1374 καὶ
1220 1323 1560 1393 ἁφοριζέσθω
1605 1327 1806 1396 ἡμέραν

1916 1316 2118 1380 suerit,
2175 1314 2341 1368 aridis
2393 1323 2598 1380 utatur,
2668 1313 2749 1366 vel
2805 1315 2965 1368 etiam
3026 1322 3308 1382 separetur
3371 1331 3478 1367 uno

243 1408 398 1477 μίαν.
1915 1406 2022 1462 die.

729 1499 873 1568 Περὶ
899 1501 1005 1555 τοῦ
1031 1500 1338 1558 διακόνου.
2502 1492 2578 1545 De
2605 1491 2940 1545 αάηιὶηἱδενοο

313 1592 426 1654 ιιγο.
468 1589 596 1642 Ἐὰν
625 1590 852 1662 εἰσφέρῃ
885 1592 1096 1660 λόγους,
1132 1593 1166 1663 ἢ
1195 1593 1312 1665 εἴδη
1345 1595 1498 1667 παρά
1534 1595 1644 1650 τῶν
1711 1596 1816 1662 ἔξω

1988 1585 2079 1639 93.
2107 1584 2161 1638 Si
2193 1584 2400 1638 deferat
2424 1598 2723 1647 sermones,
2773 1594 2868 1637 aut
2923 1599 3204 1654 responsa,
3255 1596 3346 1638 aut
3392 1601 3478 1639 res

239 1679 274 1750 ἢ
308 1682 462 1752 παρά
507 1682 616 1736 τῶν
675 1683 951 1753 συγγενῶν
997 1689 1114 1749 τοῖς
1149 1686 1423 1756 ἀδελφοῖς,
1473 1689 1806 1760 ἀφοριζέσθω

1916 1674 2244 1728 aromaticas
2268 1675 2336 1726 ab
2351 1673 2625 1726 extraneis
2649 1683 2742 1728 aut
2780 1672 2848 1726 ab
2877 1673 3126 1726 atlinibus
3151 1674 3216 1727 ad
3263 1673 3476 1735 fratres.

239 1777 273 1844 ή
283 1774 349 1844 μέ
361 1790 459 1842 ραν
495 1775 643 1844 μίαν.

1915 1761 2200 1832 separetur
2221 1779 2328 1817 uno
2355 1763 2462 1818 die.

318 1868 415 1932 ιβ’.
462 1864 585 1916 Ἐὰν
614 1867 672 1918 ἐν
704 1868 824 1928 ταῖς
852 1867 1171 1938 ἀγορασίαις
1216 1870 1249 1939 ἢ
1304 1871 1363 1922 ἐν
1398 1870 1516 1931 ταῖς
1544 1869 1814 1941 πράσεσι,
1849 1936 1881 1941 Δ

1987 1853 2075 1908 94.
2106 1853 2162 1906 Si
2195 1854 2246 1907 in
2291 1851 2657 1920 emptionibus
2685 1860 2779 1906 aut
2807 1851 3210 1907 venditionibus
3253 1862 3479 1907 conten-

238 1955 600 2026 διαμάχηται,
646 1959 679 2027 ἦ
738 1936 1141 2028 παροξύνηται,
1200 1936 1247 2029 ἢ*
1286 1936 1663 2031 ὀρκοποιῆται,
1714 1963 1805 2016 καὶ

1924 1946 2085 2011 derit,
2127 1954 2220 1998 aut
2279 1942 2670 2004 excanduerit,
2704 1950 2798 1996 aut
2840 1943 3123 2013 iuraverit,
3159 1952 3210 1997 et
3236 1959 3343 1997 non
3385 1959 3475 2014 po-

243 2044 322 2113 μὴ
355 2043 518 2116 μέχρι
569 2045 633 2115 β’,
664 2048 756 2099 καὶ
784 2052 831 2114 γ’
893 2049 1074 2116 φωνῆς
1111 2047 1329 2116 ποιῆται
1362 2050 1462 2119 τήν
1506 2066 1567 2102 τε
1609 2049 1809 2121 πράσιν

1916 2042 2022 2095 tius
2049 2044 2174 2106 post
2227 2050 2394 2089 unum
2433 2043 2525 2086 aut
2566 2034 2793 2086 alterum
2837 2034 3061 2087 verbum
3111 2034 3473 2087 venditionem

241 2134 341 2187 καὶ
369 2135 466 2207 τὴν
493 2136 816 2207 ἀγορασίαν,
842 2135 948 2190 ἀνά
972 2137 1259 2207 μετανοίας
1293 2139 1357 2204 ν’,
1387 2141 1482 2194 καὶ
1500 2146 1566 2211 ρ’.

1916 2131 2351 2199 emptionemqne
2400 2124 2610 2191 fecerit,
2654 2131 2955 2181 metanteas
2997 2127 3394 2197 quinquaginta
3429 2134 3483 2181 et

1913 2231 2068 2278 centu
2080 2236 2130 2274 m

313 2313 418 2382 he’.
465 2313 593 2368 Ἐὰν
625 2314 698 2386 μὴ
729 2313 868 2385 μετὰ
893 2316 1281 2388 προσηκούσης
1310 2317 1595 2382 εὐλαϐείας
1650 2319 1814 2390 ποιῆ-

1984 2316 2074 2370 95.
2099 2315 2155 2369 Si
2186 2314 2391 2384 absque
2427 2330 2665 2386 congrua
2685 2313 3034 2383 religiositate
3063 2311 3128 2364 de
3151 2308 3482 2364 monasterio

237 2405 453 2467 ταιτάς
470 2405 577 2458 ἀπδ
599 2404 694 2458 τοῦ
730 2406 1092 2477 μοναστηρίου
1126 2408 1363 2473 ἐξόδους,
1407 2408 1548 2462 ὥστε
1581 2409 1698 2478 μετ’
1728 2409 1804 2462 εὑ·

1915 2404 2256 2473 egressiones
2295 2403 2502 2469 faciat,
2546 2404 2799 2458 videlicet
2863 2403 3135 2471 precative
3195 2399 3482 2454 ambulan-

241 2497 345 2566 χῆς
374 2497 697 2566 περιπατεῖν
727 2497 822 2547 καὶ
867 2497 1227 2567 στιχολογίας,
1283 2500 1357 2571 μὴ
1412 2500 1808 2570 περιϐλεπόμε.

1918 2491 2005 2557 do,
2051 2491 2294 2560 psalmos
2344 2492 2644 2554 recitando,
2681 2491 2970 2544 muliebres
2991 2497 3241 2559 aspectus
3269 2488 3485 2555 aliaque

241 2604 336 2649 νος
388 2588 466 2649 εἰς
494 2586 809 2652 γυναικείας
846 2586 1020 2657 ὄψεις,
1051 2591 1084 2662 ἢ
1141 2590 1272 2643 ἄλλα
1298 2591 1572 2662 ἀνωφελῆ,
1613 2591 1700 2645 ἵνα
1757 2591 1808 2644 τὲ

1918 2598 2054 2637 vana
2087 2585 2326 2647 vitando,
2360 2593 2703 2654 utquantum
2743 2583 2794 2635 in
2828 2581 2947 2650 ipso
2968 2591 3050 2634 est
3075 2579 3216 2634 Deus
3250 2583 3485 2633 honore-

244 2682 375 2733 ὅσον
403 2679 491 2733 ἐπ’
519 2679 683 2732 αὑτὸν
704 2679 994 2750 δοξάζηται
1032 2683 1059 2734 ὁ
1087 2682 1218 2744 Θεὸς
1251 2681 1340 2734 διὰ
1367 2681 1469 2752 τῆς
1520 2682 1626 2736 τῶν
1650 2681 1811 2753 δρών-

1919 2682 2028 2734 tur,
2055 2688 2178 2726 cum
2215 2675 2577 2744 spectantium
2614 2671 2866 2736 utilitate,
2899 2669 3065 2725 aridis
3095 2677 3347 2724 vescatur
3373 2683 3482 2722 uno

240 2788 353 2825 των
387 2769 677 2839 ὠφελείας,
701 2769 1080 2842 ξηροφαγείτω
1107 2773 1318 2845 ἡμέραν
1353 2775 1501 2843 μίαν.
1918 2763 2026 2817 die.

488 2863 626 2931 "api
653 2862 760 2917 τοῦ
793 2863 1164 2918 διδασκάλου
1199 2862 1317 2917 τῶν
1339 2866 1590 2921 παίδων.

1478 2871 1590 2921 μων,
2355 2854 2434 2909 De
2464 2871 2742 2926 puerorum
2773 2854 3045 2924 magistro.

317 2957 432 3022 ιις¹.
483 2953 609 3007 Ἐὰν
647 2954 724 3024 μὴ
768 2955 1052 3025 σπλάγχνα
1083 2955 1383 3027 οἰκτιρμῶν
1413 2961 1510 3012 καὶ
1541 2960 1820 3030 πατρικὴν

1991 2942 2080 2998 96.
2107 2943 2162 2995 Si
2194 2943 2407 2997 viscera
2438 2944 2827 2998 misericordiae
2844 2955 2896 2997 et
2919 2952 3201 3012 paternum
3232 2940 3481 2995 aﬂ'ectum

242 3047 485 3100 διάθεσιν
517 3047 636 3120 ἔχῃ,
662 3047 802 3101 ὥστε
856 3049 1142 3118 ἐκτρέφειν
1193 3050 1261 3102 τά
1299 3052 1468 3120 νήπια
1515 3053 1572 3104 ἐν
1603 3051 1809 3122 παιδείᾳ

1930 3050 2038 3088 non
2083 3036 2299 3098 habeat,
2325 3046 2382 3088 ut
2414 3052 2611 3104 pueros
2631 3036 2920 3105 disciplina
2954 3043 3006 3088 et
3033 3033 3253 3087 monitis
3273 3032 3484 3087 Domini

243 3138 341 3191 καὶ
370 3138 618 3210 νουθεσίᾳ
651 3139 879 3208 Κυρίου,
903 3139 1248 3208 ίμειρόμενος
1304 3141 1482 3194 αὐτῶν
1529 3141 1672 3206 κατά
1715 3141 1810 3210 ψυ-

1923 3127 2139 3192 cducct,
2175 3126 2407 3196 diligens
2459 3141 2648 3179 eorum
2679 3126 2892 3179 animas
2923 3124 3086 3178 simul
3141 3132 3196 3178 et
3232 3138 3482 3192 corpora,

243 3229 350 3300 χὴν
396 3230 490 3282 καὶ
532 3228 673 3282 κατά
703 3229 888 3298 σῶμα,
932 3229 1175 3295 θάλπων,
1211 3232 1305 3284 καὶ
1331 3234 1611 3300 περιέπων
1640 3236 1810 3290 πᾶσαι

1924 3214 2136 3281 fovens,
2185 3232 2510 3284 omnemque
2552 3216 2886 3284 corporalem
2921 3231 3108 3269 curam
3145 3215 3482 3284 impendens,

243 3322 345 3390 τὴν
392 3318 712 3390 σωματικὴν
742 3317 920 3373 αὐτῶν
975 3320 1312 3390 ἐπιμέλειαν,
1363 3325 1468 3378 ἀνὰ
1529 3324 1810 3394 μετανοίας

1922 3317 2226 3363 metanoeas
2256 3319 2470 3362 centum
2516 3307 2699 3374 faciat,
2751 3318 2806 3362 et
2848 3309 3125 3363 aridorum
3178 3324 3274 3364 esu
3321 3322 3485 3378 atque

246 3418 294 3482 ρ’
329 3453 345 3478 ,
393 3412 489 3465 καὶ
541 3410 918 3483 ξηροφαγείτω
951 3453 966 3480 ,
1029 3413 1063 3485 ἢ
1132 3413 1476 3484 ἀφοριζέσθω
1549 3415 1813 3488 ἑϐδομάδα

1592 3415 1818 3488 δδομάδα
1919 3398 2081 3453 unius
2130 3399 2478 3454 hebdomadas
2511 3400 2852 3469 separatione
2886 3400 3159 3470 puniatur.

250 3522 261 3546 ί
298 3503 402 3556 ίαν.

249 3522 288 3574 ἐ
319 3595 426 3660 ιιςν.
455 3593 638 3648 Πάντα
662 3593 885 3663 αίσχρὺν
907 3593 1064 3660 λόγον
1117 3593 1150 3664 ἢ
1201 3593 1577 3659 ὀνειδιστικὸν,
1641 3595 1816 3666 πάρεξ

1986 3575 2076 3631 97.
2120 3574 2432 3642 Quemlibet
2479 3584 2691 3645 turpem
2740 3587 2832 3630 aut
2865 3577 3314 3631 contumeliosum
3367 3592 3481 3631 ser-

242 3683 356 3735 τῶν
388 3682 665 3756 ἀρχόντων
690 3685 784 3736 καὶ
815 3683 1180 3747 παιδευτικῶς
1214 3684 1385 3738 ταῦτα
1427 3685 1756 3755 λαλούντων,
1787 3690 1809 3741 ὁ

1917 3682 2156 3733 nionem,
2201 3666 2443 3736 exceptis
2491 3667 2817 3736 praesulibus
2859 3676 2914 3720 et
2965 3667 3032 3721 iis
3060 3668 3478 3738 quicorrigendi

244 3775 498 3846 ἐκφέρων
537 3775 596 3828 ἐν
627 3776 695 3844 τῇ
719 3774 1063 3847 ἀδελφότητι,
1109 3775 1213 3829 ἀνὰ
1245 3776 1532 3844 μετανοίας
1558 3784 1622 3833 ν’.

1917 3774 2084 3813 causa
2123 3761 2204 3814 sic
2233 3757 2527 3824 aliquando
2549 3757 2868 3828 loquuntur,
2895 3759 2940 3813 si
2982 3761 3106 3830 quis
3136 3775 3318 3814 coram
3370 3761 3481 3815 fra-

1920 3854 2175 3908 ternitate
2194 3852 2504 3922 protulerit,
2538 3864 2836 3909 metanceas
2874 3855 3263 3928 quinquaginta
3294 3856 3477 3913 faciat.

703 3948 845 4017 Περὶ
891 3950 1000 4004 τοῦ
1047 3951 1375 4022 κοσμήτου.
2528 3942 2603 3997 De
2632 3945 2870 3998 atriensi.

320 4046 431 4111 κη’.
476 4041 602 4094 Ἐἀν
653 4041 727 4112 μὴ
752 4043 833 4103 δὶς
869 4041 967 4109 τῆς
996 4043 1291 4113 ἑϐδομάδος
1315 4047 1494 4099 πᾶσαν
1525 4047 1625 4118 τὴν
1651 4047 1816 4120 μονὴν

1986 4036 2076 4090 98.
2109 4035 2334 4090 Nisibis
2388 4035 2807 4089 inhebdomada
2857 4046 3026 4090 totum
3083 4039 3476 4093 monasterium

247 4133 535 4204 φιλοκαλῇ,
572 4133 853 4201 μετάνοιαι
881 4133 946 4197 ν’,
977 4133 1010 4204 ἢ
1045 4134 1444 4205 ξηροφαγείτω.

1916 4127 2283 4192 mundaverit,
2319 4130 2604 4183 metanmis
2636 4126 3048 4198 quinquaginta,
3087 4129 3168 4183 vel
3199 4129 3478 4186 aridorum

1915 4234 2012 4274 esu
2034 4218 2312 4289 puniatur.

629 4307 770 4376 Περὶ
817 4306 924 4361 τοῦ
978 4306 1355 4378 κανονάρχου
1378 4311 1428 4365 ιι.

1378 4311 1428 4365 ιι.
2462 4309 2538 4363 De
2580 4311 2929 4367 canonarcha.

318 4400 424 4468 1,8’.
479 4399 606 4453 Ἐὰν
638 4399 790 4470 παρά
822 4400 921 4470 τὴν
950 4400 1265 4472 ὡρισμένην
1296 4401 1465 4474 ὥραν,
1491 4405 1658 4474 ήγουν
1719 4405 1813 4458 τοῦ

1987 4402 2074 4457 99.
2105 4401 2162 4456 Si
2197 4411 2391 4471 praeter
2427 4400 2704 4456 definitam
2764 4402 2976 4467 horam,
3030 4402 3081 4457 id
3127 4411 3210 4458 est
3261 4415 3476 4461 noctem

248 4490 607 4563 μεσονυκτίου
637 4491 697 4543 τὸ
730 4491 1073 4562 καθημέραν,
1105 4494 1199 4545 καὶ
1225 4493 1320 4546 τοῦ
1347 4498 1812 4566 προμεσονυκτίου

1919 4491 2202 4545 dimidiam
2235 4491 2498 4559 quotidie,
2529 4500 2582 4543 et
2600 4500 2726 4544 ante
2753 4492 3034 4546 dimidium
3057 4495 3232 4550 noctis
3251 4495 3338 4550 die
3366 4497 3477 4550 Do-

242 4585 307 4638 τδ
333 4583 474 4638 κατὰ
500 4584 781 4653 Κυριακὴν
805 4583 1198 4654 ύπερϐἀλλωνῆ
1231 4586 1509 4651 ἐλλείπων,
1538 4590 1635 4658 τὴν
1661 4607 1809 4643 πνευι

1927 4585 2151 4645 minico.
2199 4583 2468 4637 excedens
2499 4593 2594 4637 aut
2633 4583 2905 4646 minuens,
2954 4586 3253 4654 spiritalem
3291 4589 3474 4643 tubam

247 4676 488 4745 ματικὴν
516 4676 903 4745 καταφρονήσῃ
932 4673 1224 4742 σάλπιγγα,
1258 4678 1360 4730 ἀνὰ
1410 4681 1696 4748 μετανοίας
1743 4683 1808 4749 λ’,

1911 4674 2230 4744 neglexerit,
2261 4682 2560 4730 metanmas
2616 4675 2835 4745 triginta
2876 4684 2930 4730 et
2975 4677 3373 4748 quinquaginta
3422 4689 3475 4735 et

245 4770 342 4823 καὶ
373 4775 439 4834 ν’,
466 4768 559 4821 καὶ
597 4775 662 4834 ρ’.

597 4775 662 4834 ρ’.
1911 4776 2151 4822 centum.

324 4785 342 4820 ι
373 4785 439 4834 ν’,
466 4785 559 4821 και
629 4785 662 4823 '.

319 4864 388 4928 ρ’.
427 4859 552 4910 Ἐὰν
582 4785 656 4928 ἰὴ
691 4859 871 4913 πᾶσαν
899 4857 1049 4929 ὥραν
1099 4857 1478 4931 λειτουργικὴν
1536 4862 1807 4933 ἐγκαίρως

1911 4785 2152 4822 ceruum.

1985 4856 2107 4912 l00.
2137 4856 2252 4911 Nisi
2288 4872 2505 4912 omnem
2535 4858 2724 4911 horam
2757 4858 3065 4927 liturgicam
3097 4869 3337 4931 tempore
3371 4879 3471 4919 suo

245 4950 514 5021 σημαίνῃ,
545 4950 643 5021 τὴν
681 4950 1017 5021 ἀδελφότητα
1043 4949 1242 5012 καλῶν,
1274 4951 1552 5019 μετάνοιαι
1584 4950 1652 5021 ρ’.

1917 4947 2304 5015 designaverit,
2387 4945 2784 5002 fraternitatem
2863 4950 3131 5015 vocando,
3174 4962 3475 5009 metanmas

1913 5047 2069 5094 centu
2078 5054 2126 5091 m
2136 5077 2150 5091 .

319 5131 423 5195 ρα’.
469 5123 593 5177 Ἐἀν
621 5121 942 5192 καταληφθῇ
971 5121 1110 5176 κατὰ
1130 5122 1461 5193 πρόσκλησιν
1491 5125 1524 5195 ἢ
1568 5124 1814 5194 προσπά-

1989 5130 2111 5184 101.
2155 5130 2211 5184 Si
2260 5129 2306 5184 is
2356 5131 2793 5199 deprehendatur
2842 5133 3026 5189 favore
3057 5144 3153 5189 aut
3213 5137 3471 5206 peculiari

243 5217 398 5271 θειαν
428 5215 721 5269 εἰσϐάλλων
760 5215 1010 5284 ἀδελφὺν,
1045 5217 1098 5268 εἰ
1151 5232 1210 5268 τε
1274 5216 1409 5286 πρὸς
1471 5216 1810 5285 κατάγνωσιν

1916 5221 2113 5276 affectu
2147 5221 2368 5276 fratrem
2403 5224 2694 5290 prosequi,
2734 5225 2813 5278 vel
2839 5227 3000 5278 etiam
3032 5227 3345 5296 improbare
3371 5230 3472 5282 mi-

240 5310 279 5378 ἢ
340 5309 436 5360 καὶ
463 5307 804 5378 ἀποστερῶν,
837 5308 870 5377 ἢ
901 5307 995 5359 καὶ⁸
1046 5305 1515 5378 ύπερπλεονάζων,
1571 5306 1807 5378 ξηροφα-

1434 5324 1515 5372 av,
1571 5306 1810 5378 ξηροφα-
1913 5328 2017 5368 nus
2046 5321 2141 5367 aut
2173 5313 2296 5382 plus
2319 5328 2496 5383 aequo,
2527 5314 2697 5369 aridis
2735 5325 3001 5371 vescatur.

286 5398 434 5452 είτω.

286 5415 434 5452 ειτω.

242 5415 282 5466 γ
321 5489 425 5561 ρβ’.
467 5487 591 5542 Ἐἀν
624 5488 697 5561 μὴ
731 5487 830 5554 τὴν
851 5488 1078 5542 δέουσαν
1123 5489 1439 5558 ἐπιμέλειαν
1491 5491 1583 5543 καὶ
1643 5489 1808 5542 καθα-

1987 5486 2110 5540 102.
2148 5485 2204 5539 Si
2228 5485 2459 5540 debitam
2492 5500 2682 5538 curam
2710 5495 2763 5539 et
2802 5485 3120 5540 munditiem
3158 5501 3266 5542 non
3316 5487 3471 5541 adhi-

245 5583 505 5654 ρειότητα
537 5581 871 5635 ἐνδείκνυται
901 5581 958 5632 ἐν
979 5583 1092 5642 τοῖς
1124 5580 1524 5650 πρωτολογίοις,
1559 5580 1642 5643 εἴς
1661 5599 1719 5632 τε
1741 5580 1810 5633 τὰ

1906 5579 2096 5655 ’btterit
2130 5578 2181 5631 in
2232 5577 2572 5648 protologiis,
2619 5588 2672 5632 et
2719 5594 2842 5648 erga
2895 5579 3164 5646 contacia,
3221 5590 3277 5634 et
3323 5581 3469 5635 circa

243 5674 514 5727 κοντάκια
547 5674 625 5736 εἰς
657 5673 886 5725 ἕκαστον
922 5671 1124 5744 βιϐλίον
1151 5671 1180 5722 δ
1225 5674 1532 5742 ἐπικρατεῖ,
1563 5673 1710 5732 ὅπως
1735 5671 1808 5740 μὴ

1917 5671 2164 5740 quemvis
2195 5671 2390 5724 librum
2425 5671 2718 5740 possideat,
2765 5673 3056 5742 quominus
3101 5673 3349 5743 depereat
3387 5673 3466 5728 vel

319 5870 348 5912 λ
384 5868 581 5925 Confer
615 5869 840 5925 Studium
857 5885 1071 5925 carmen
1107 5867 1183 5933 X;
1223 5867 1295 5924 De
1320 5868 1660 5925 canonarclia
1692 5868 1853 5931 Goar,
1897 5883 1951 5937 p.
1983 5867 2073 5933 23,
2103 5877 2154 5923 et
2173 5868 2457 5938 Cangium.
