3968 6450
540 376 673 441 1717

1717 385 1775 443 S.
1813 382 2206 444 THEODORI
2235 387 2580 449 δΤυῡιΤιΕ

3628 391 3752 455 Πίὸ

533 491 829 561 iactatione
877 501 1296 565 praecentorum,
1337 495 1420 548 vel
1469 509 1534 550 ex
1594 495 1938 566 impendente
1966 497 2098 551 lam-

2230 500 2470 572 ιχρειωθῇ
2483 501 2517 571 ἦ
2531 502 2594 554 ἐκ
2608 499 2767 555 σάλου
2781 500 2888 555 τῶν
2902 502 3396 576 κανοναρχούντων,
3412 503 3446 575 ἢ
3469 503 3529 570 ἐξ
3543 505 3762 558 ἐπιστα-

536 580 691 650 pade,
721 581 805 638 vel
844 584 1138 640 ceromatis
1175 584 1459 652 eil'usione,
1495 586 1583 640 vel
1627 587 1882 642 sordibus
1913 595 1969 642 et
2005 601 2098 642 su-

531 674 664 727 dore
691 689 913 740 manus,
938 684 1118 731 rectus
1148 685 1254 732 stet
1275 688 1426 732 extra
1453 679 1676 747 januam
1710 679 1955 733 triclinii.

619 765 743 820 105.
771 765 829 819 Si
871 766 1136 820 lecturum
1167 767 1251 820 vel
1302 769 1541 837 psalmos
1592 776 1935 823 cantaturum
1986 784 2094 824 non

535 861 946 930 praemonuerit,
995 869 1056 916 ut
1079 869 1302 930 paratus
1352 862 1753 930 meditatusque
1785 862 1853 916 ad
1892 862 2098 917 alteru-

533 964 667 1006 tram
699 967 813 1007 rem
843 952 1082 1017 accedat,
1115 964 1415 1008 metanwas
1443 953 1653 1024 viginti,

604 1043 728 1100 104.
766 1042 822 1097 Si
849 1043 973 1112 quis
1006 1058 1182 1097 canon
1208 1060 1316 1100 non
1361 1044 1528 1100 fuerit
1577 1052 1832 1100 cantatus
1877 1045 2100 1116 proprio

532 1135 638 1200 die,
666 1142 968 1191 inetanteas
997 1144 1238 1189 centum.

1116 1225 1195 1279 De
1224 1226 1520 1280 taxiarcha.

603 1319 728 1375 105.
750 1315 865 1373 Nisi
894 1325 1099 1374 rectum
1127 1316 1376 1371 ordinem
1416 1319 1530 1386 ipse
1564 1319 1776 1386 primus
1804 1319 2099 1383 custodiat,

533 1412 731 1467 deinde
784 1423 886 1479 pro
940 1409 1026 1464 s’ui
1064 1407 1225 1463 oﬂicii
1290 1417 1554 1479 potestate
1589 1411 1843 1465 eumdem
1891 1411 1946 1466 in
1979 1412 2101 1466 uni-

535 1519 692 1561 versa
727 1501 1071 1556 fraternitate
1117 1501 1370 1565 retineat,
1397 1508 1452 1556 et
1507 1502 1613 1556 nisi
1661 1517 1853 1559 omnes
1897 1519 2098 1559 conve-

536 1595 756 1649 nienter
795 1592 849 1645 in
876 1590 1044 1645 choro
1067 1591 1347 1662 disponat,
1374 1601 1428 1645 et
1456 1590 1510 1645 in
1545 1592 1738 1661 primis
1768 1605 2097 1663 Opportune,

535 1700 631 1754 pro
648 1691 825 1747 aetate,
864 1681 1078 1750 peritia,
1119 1689 1174 1736 et
1221 1681 1371 1735 vocis
1406 1681 1736 1746 harmonia;
1802 1693 2099 1741 metanceas

535 1774 698 1831 faciat
728 1771 973 1843 triginta,
1006 1781 1060 1828 et
1096 1772 1516 1843 quinquaginta,
1553 1781 1862 1827 etcentum.

2205 589 2322 652 σίας
2334 590 2620 660 κανδήλας,
2632 591 2666 661 ἢ
2685 591 2743 657 ἐξ
2757 593 3031 662 ὲκχύσεως
3041 610 3110 663 κη
3119 593 3334 665 ραψίας,
3353 593 3463 664 ἢὲκ
3485 594 3659 666 ῥύπου
3673 597 3761 649 καὶ

2205 680 2521 751 ίδρωμάτων
2533 701 2615 752 χει
2620 683 2734 754 ρὸς,
2748 685 3160 755 παραστάσιμον
3173 687 3231 738 ὲν
3243 689 3344 756 τῇτ
3370 688 3585 758 ραπέζῃ
3599 688 3720 750 ἔξω.

2275 777 2380 841 ργ’.
2435 772 2559 824 Ἐὰν
2589 770 2968 845 [μὴ1προλέγῃ
2989 775 3066 844 τῷ
3098 775 3344 844 μέλλοντι
3372 776 3762 844 ἀναγινώσκειν

2205 859 2239 932 ἢ
2272 861 2517 930 ψάλλειν,
2546 863 2620 926 ὡς
2648 865 3190 934 προκατηρτισμένον
3215 861 3355 918 εῖναι
3382 867 3477 920 καὶ
3515 866 3757 936 διεσκεμ·

2209 953 2368 1023 μένον
2401 955 2479 1016 εἰς
2505 955 2763 1026 ἑκάτερα,
2797 955 2899 1009 ἀνὰ
2931 957 3218 1024 μετανοίας
3239 956 3306 1012 κ’.

2280 1038 2373 1110 ρδ’.
2415 1041 2541 1095 Ἐὰν
2566 1042 2839 1114 ἁπομείνῃ
2885 1041 3067 1096 κανὼν
3109 1043 3184 1116 μὴ
3214 1043 3442 1114 ψαλθεὶς
3494 1047 3640 1101 κατὰ
3673 1047 3765 1117 τὴν

2204 1132 2427 1186 δέουσαν
2450 1132 2688 1204 ἡμέραν,
2723 1133 3002 1204 μετάνοιαι
3032 1140 3096 1205 ρ’.

2629 1223 2771 1293 Περὶ
2812 1224 2918 1279 τοῦ
2940 1225 3263 1295 ταξιάρχου
3299 1228 3346 1281 ί.

2276 1312 2375 1384 ρε’.
2410 1315 2596 1368 Πᾶσαν
2619 1315 2872 1382 εὐταξίαν
2898 1318 2947 1369 εί
2993 1316 3069 1388 μὴ
3100 1319 3379 1386 φυλάττοι,
3418 1321 3636 1391 πρῶτον
3669 1325 3767 1376 aii-

2204 1407 2316 1471 τὸς,
2341 1405 2533 1460 ἔπειτα
2557 1406 2624 1461 δι’
2648 1406 2894 1472 ἐξουσίας
2917 1409 3016 1477 τῆς
3040 1409 3250 1474 οίκείας
3280 1411 3554 1476 διακονίας
3587 1432 3768 1486 παρα-

2204 1499 2342 1569 τηρῇ
2375 1499 2471 1551 καὶ
2502 1499 2560 1553 ὲν
2593 1497 2742 1573 πάσῃ
2777 1502 2843 1570 τῇ
2873 1499 3215 1571 ἀδελφότητι,
3241 1500 3382 1555 ὥστε
3421 1509 3770 1575 χοροπατείν

2203 1591 2404 1653 αὐτοὺς
2425 1591 2698 1661 ἁρμοδίως
2714 1631 2730 1657 ,
2765 1592 2861 1645 καὶ
2889 1592 3120 1663 μάλιστα
3141 1593 3199 1646 ὲν
3223 1594 3401 1665 καιρῷ
3419 1597 3770 1665 καταλλὴλως

2207 1681 2342 1751 πρὸς
2377 1682 2591 1753 ἡλικίαν
2618 1683 2716 1737 καὶ
2741 1684 2839 1747 τὰς
2861 1683 3094 1753 εἰδήσεις
3131 1684 3348 1749 καὶτὰς
3405 1687 3770 1760 εὐφωνήσεις,

2206 1772 2312 1828 ἀνὰ
2341 1774 2408 1839 λ’,
2436 1774 2530 1828 καὶ
2560 1779 2626 1840 ν’,
2660 1774 2755 1829 καὶ
2783 1780 2829 1847 ρ’
2859 1775 3166 1845 μετανοίας.

604 1866 731 1922 106.
768 1864 885 1920 Nisi
934 1863 1282 1920 matriculam
1337 1864 1527 1918 sedulo
1582 1871 1788 1925 teneat,
1848 1874 1909 1918 ut
1969 1865 2108 1921 sciat

2243 1896 2257 1913 .
2280 1871 2390 1938 ρςν.
2432 1866 2557 1918 Ἐὰν
2590 1865 2746 1936 μὴτὸ
2771 1865 3057 1936 ματρίκιον
3117 1871 3293 1939 κρατῇ
3345 1870 3640 1936 ἐπιπόνως,
3695 1873 3774 1934 είς

537 1958 986 2027 uniuscujusque
1013 1956 1265 2028 gradum,
1311 1963 1367 2009 et
1413 1955 1580 2009 totius
1617 1954 1973 2010 fraternitatis
2005 1973 2107 2010 nu-

537 2065 770 2115 merum,
793 2048 1028 2119 ideoque
1049 2047 1283 2118 negligat
1300 2044 1585 2100 defunctos
1603 2045 1908 2116 significare
1924 2055 2109 2117 proto-

533 2143 767 2196 diacono
799 2142 891 2210 qui
926 2145 1094 2210 ponat
1137 2138 1193 2193 in
1241 2137 1513 2209 diptycliis
1573 2152 1588 2189 :
1637 2146 1691 2191 et
1741 2137 1786 2192 si
1836 2138 1929 2207 qui
1972 2138 2108 2192 insi-

537 2235 750 2304 pienter
784 2230 1125 2304 diffugerint,
1146 2245 1244 2287 eos
1291 2227 1586 2299 quaerendo
1629 2244 1736 2284 non
1765 2239 1945 2285 teneat
1975 2247 1991 2298 ;
2025 2231 2108 2286 vel

536 2329 582 2383 si
613 2325 745 2397 quid
779 2324 929 2380 aliud
976 2321 1300 2395 hujusmodi
1327 2321 1598 2386 inciderit,
1635 2329 1938 2378 metanmas
1976 2339 2106 2378 cen-

536 2431 650 2474 tum
679 2417 861 2473 faciat.

607 2509 734 2565 107.
754 2507 810 2564 Si
839 2523 996 2564 sacra
1015 2506 1186 2562 divini
1203 2505 1836 2563 sacrificiiinstrumenta
1857 2521 1962 2559 non
1981 2521 2105 2560 cum

539 2605 738 2658 timore
765 2609 821 2656 et
849 2610 1087 2655 tremore
1141 2607 1468 2664 contrectat,
1503 2599 1575 2653 ita
1621 2612 1682 2653 ut
1719 2612 1819 2653 suo
1868 2606 2110 2668 tempore

539 2692 911 2746 venerabilem
943 2706 1188 2746 mensam
1238 2693 1457 2756 vestiat,
1488 2705 1590 2746 nec
1628 2704 1733 2744 non
1763 2699 1956 2745 caetera
1999 2690 2109 2758 Spi-

535 2783 722 2838 ritalia
776 2783 1011 2852 liturgite
1067 2782 1305 2846 cimelia,
1356 2792 1411 2836 et
1455 2783 1560 2837 nisi
1619 2782 1783 2852 plicet
1832 2798 2109 2852 superque

541 2874 790 2944 imponat
846 2883 1180 2945 tegumenta,
1219 2882 1523 2930 metanteas
1577 2875 1823 2947 triginta,
1858 2886 1910 2928 et
1948 2875 2109 2945 quin-

537 2969 820 3038 quaginta.

1153 3057 1232 3112 De
1276 3067 1493 3113 textore.

2207 1954 2270 2009 τὸ
2297 1956 2493 2010 ειδέναι
2520 1955 2639 2019 ἑνὸς
2671 1957 2902 2012 ἑκάστου
2931 1957 3023 2011 τὸν
3051 1956 3280 2029 βαθμὸν,
3301 1960 3395 2013 καὶ
3417 1960 3509 2013 τὸν
3539 1961 3776 2032 ἀριθμόν

2205 2047 2306 2117 τῆς
2355 2047 2481 2116 ὅλης
2518 2047 2896 2119 ἀδελφότητος,
2933 2048 3020 2101 ἵνα
3042 2050 3167 2112 τοὺς
3188 2051 3627 2120 κεκοιμημένους
3666 2070 3776 2104 πα-

2213 2139 2498 2209 ραπέμψαι
2520 2140 2893 2211 ἐγγράφεσθαι
2912 2141 2988 2209 τῷ
3018 2141 3437 2212 πρωτοδιακόνῳ
3463 2145 3521 2196 ἐν
3557 2147 3674 2208 τοῖς
3704 2146 3779 2198 δι-

2209 2228 2434 2299 πτύχοις
2459 2246 2474 2260 υ
2501 2230 2626 2294 τοὺς
2658 2232 2702 2284 δ’
2733 2231 2793 2295 ἐξ
2823 2231 3078 2295 ἀϐουλίας
3107 2233 3519 2305 ὑπώράσαντας
3561 2235 3656 2289 διὰ
3685 2235 3779 2308 ζη-

2207 2322 2417 2392 τήσεως
2447 2321 2687 2392 κατέχοι,
2711 2322 2808 2376 καὶ
2835 2324 2889 2376 ei
2910 2339 2964 2376 τι
2990 2323 3116 2378 ἄλλο
3174 2326 3472 2393 ἔπισάλλοι,
3517 2329 3621 2382 ἀνὰ
3681 2347 3780 2399 μει-

2206 2412 2426 2477 τανοίας
2463 2419 2529 2483 ρ’.

2282 2503 2384 2574 ρξ’.
2425 2505 2551 2558 Ἐὰν
2579 2504 2655 2577 μὴ
2679 2504 2748 2559 τὰ
2779 2505 2899 2577 ίερὰ
2932 2505 3029 2558 καὶ
3053 2505 3171 2559 θεῖα
3202 2509 3526 2580 ἀναθύματα
3562 2511 3577 2562 i
3639 2513 3780 2582 μετὰ

2211 2595 2376 2663 φόδου
2406 2597 2498 2650 καὶ
2530 2597 2732 2668 τρόμου
2764 2597 3181 2668 διαχειρίζηται,
3204 2598 3344 2653 ὥστε
3379 2602 3480 2664 τὰς
3501 2606 3639 2654 κατὰ
3663 2621 3782 2656 και-

2214 2688 2305 2759 ρὸν
2337 2688 2653 2754 ὺπενδὺσεις
2681 2690 2948 2743 ποιεῖσθαι
2993 2689 3094 2760 τῆς
3151 2690 3301 2753 θείας
3346 2692 3626 2763 τραπέζης
3687 2696 3783 2747 καὶ

2210 2776 2319 2830 τῶν
2377 2777 2551 2832 ἄλλων
2588 2779 2971 2850 πνευματικῶν
3027 2779 3381 2850 ίερουργικῶν
3437 2784 3780 2852 κειμηλίων·

2212 2870 2308 2920 καὶ
2346 2869 2394 2920 εί
2441 2869 2516 2938 μὴ
2547 2869 2725 2922 διπλοῖ
2752 2870 2846 2922 καὶ
2877 2869 3092 2941 τίθησιν
3146 2870 3552 2940 ὲπισπάστρας,
3607 2876 3781 2942 μετὰ·

2211 2976 2349 3013 νοιαι
2384 2962 2450 3026 λ’,
2483 2960 2578 3014 καὶ
2601 2959 2666 3015 ν’.

2663 3051 2804 3120 Περὶ
2861 3053 2972 3109 τοῦ
3025 3053 3318 3124 ὑφάντου.

614 3149 738 3206 108.
771 3148 891 3204 Nisi
920 3151 1037 3220 ipse
1071 3151 1281 3220 primus
1310 3166 1467 3205 mane
1491 3149 1784 3206 distribuat
1819 3150 2108 3221 unicuique

2287 3148 2390 3213 p'q'.
2437 3142 2561 3197 Ἐὰν
2592 3143 2665 3215 μὴ
2695 3147 2724 3196 ό
2755 3145 2971 3216 πρῶτος
3019 3147 3237 3219 ἐπιδιδῷ
3291 3149 3532 3219 πρωῖθεν
3565 3151 3785 3222 ἑκάστῳ

542 3257 796 3311 pensum,
831 3243 1034 3312 detque
1054 3257 1275 3312 operam
1306 3258 1375 3296 ne
1397 3243 1520 3312 quis
1549 3243 1642 3297 flat
1680 3243 1887 3297 abusus
1922 3242 1976 3296 in
2001 3243 2115 3296 vel-

544 3333 752 3388 leribus
782 3343 838 3388 et
883 3333 1057 3389 laneis
1103 3333 1458 3400 staminibus,
1511 3343 1814 3390 mctanmas
1845 3335 2115 3404 quinqua-

542 3423 711 3492 ginta.

614 3513 735 3568 109.
770 3512 825 3568 Si
850 3529 945 3583 per
965 3513 1230 3568 incuriam
1257 3515 1561 3584 praeciderit
1601 3517 1904 3582 subtemen,
1932 3519 2013 3572 vel
2037 3519 2116 3575 ira

543 3615 848 3660 commotus
867 3606 1131 3676 pectinem
1147 3605 1690 3677 fregerit,metanoeas
1704 3611 2113 3681 quinquaginta.

616 3697 740 3751 110.
795 3696 913 3752 Nisi
956 3698 1210 3752 decenter
1263 3707 1522 3752 texantur
1563 3701 1781 3767 tunicae,
1810 3711 2022 3756 servata
2061 3703 2114 3757 in

543 3789 778 3846 texendo
834 3799 890 3843 et
939 3789 1164 3843 fimbriae
1192 3790 1487 3854 densitate,
1538 3800 1592 3846 et
1663 3791 1733 3845 ﬁli
1779 3794 2113 3862 aequalitate,

543 3894 597 3936 et
627 3897 823 3936 manus
853 3881 1108 3951 puritate,
1147 3891 1449 3939 metanteas
1501 3884 1896 3955 quinquaginta
1929 3886 2113 3941 faciat.

544 4057 615 4114 ιι.
670 4057 1012 4130 Quotidiano:
1065 4059 1437 4130 monachorum
1487 4077 1651 4130 ρωηω
1708 4081 1739 4116 a
1785 4065 2115 4119 sanctissimo

773 4127 938 4183 Patre
975 4141 1151 4183 nostra
1185 4129 1453 4186 Theodoro
1487 4127 1827 4203 prescriptte.

655 4287 706 4341 1.
741 4286 820 4342 De
847 4288 1102 4343 monacho
1131 4306 1340 4343 carnem
1369 4291 1508 4344 clam
1540 4294 1834 4349 comedente
1861 4308 2014 4351 castra

1145 4361 1532 4429 inﬁrmitatem.

616 4448 718 4516 Qui
756 4466 975 4506 carnem
998 4451 1137 4506 clam
1167 4452 1464 4508 comederit
1486 4456 1692 4524 absque
1722 4459 2043 4515 necessitate
2060 4472 2114 4515 et

2217 3231 2278 3286 τδ
2300 3233 2479 3304 ἔργον,
2497 3235 2591 3288 καὶ
2615 3234 2868 3303 φυλάττοι
2883 3235 3040 3289 τοῦτο
3060 3237 3134 3306 μὴ
3155 3238 3409 3306 γενέσθαι
3435 3243 3786 3313 παράχρησίν

2215 3342 2339 3380 τινα
2385 3326 2441 3378 ἕν
2466 3343 2526 3378 τε
2557 3328 2666 3389 τοῖς
2700 3326 2866 3395 ἐρίοις
2897 3326 2992 3378 καὶ
3011 3329 3120 3390 τοῖς
3141 3327 3544 3399 ὲριουργηθείσι
3576 3338 3784 3405 στήμο-

2219 3432 2324 3479 σιν,
2371 3415 2473 3469 ἀνὰ
2534 3415 2820 3484 μετανοίας
2872 3420 2939 3469 ν’.

2289 3506 2389 3576 ρθν.
2408 3506 2530 3560 Ἐὰν
2552 3507 2610 3572 ἐξ
2626 3506 2884 3576 ἀμελείας
2897 3507 3128 3580 διακόψῃ
3145 3508 3389 3581 τροιὰν,ῆ
3406 3512 3469 3563 ὲκ
3488 3511 3665 3583 θυμοῦ
3683 3532 3788 3569 κα-

2215 3597 2284 3651 τὰ
2306 3598 2405 3667 τῆς
2417 3598 2664 3668 κερκίδος
2680 3598 2921 3666 κινηθεὶς
2939 3615 3062 3652 συντ
3073 3599 3201 3670 ρίψῃ
3218 3600 3706 3672 αὐτὴν,μετάνοιαι
3723 3613 3786 3661 ν’.

2290 3695 2376 3760 ρι’.
2423 3690 2547 3742 Ἐὰν
2580 3689 2656 3760 μὴ
2690 3689 3008 3759 πρεπόντως
3037 3691 3343 3759 ὑφαίνοιντο
3358 3695 3406 3746 oi
3437 3695 3664 3762 χιτῶνες
3686 3715 3790 3751 πα-

2220 3779 2639 3850 ρατηρουμὲνης
2682 3781 2739 3832 ὲν
2773 3781 2840 3850 τῇ
2871 3780 3109 3853 ὑφανσίᾳ
3149 3783 3245 3835 καὶ
3304 3782 3553 3854 λώματος
3610 3789 3791 3843 στιϐαο

2219 3871 2440 3941 ρότητος
2487 3871 2580 3923 καὶ
2634 3871 2922 3941 ίσονημίας
2969 3874 3064 3925 καὶ
3116 3872 3560 3946 καθαροχειρίας,
3619 3882 3789 3949 μετά-

2218 3980 2358 4017 νοιαι
2378 3952 2390 3964 ’Δ
2412 3963 2490 4034 (5)
2543 3964 2901 4034 πεντήκοντα.

2219 4077 2294 4130 Β’.
2329 4075 2413 4154 Τξι.
2439 4077 2800 4154 καθημερινὰ
2831 4077 3090 4154 digitium
3114 4078 3187 4154 (6)
3218 4078 3337 4132 τῶν
3367 4084 3660 4152 μοναχῶν
3695 4087 3791 4139 ἐκ·

2286 4145 2528 4224 τνεθέγῖα
2586 4147 2744 4214 παρὰ
2801 4145 2907 4198 τοῦ
2961 4145 3288 4203 ὁσιωτάτου
3337 4145 3569 4220 Πατρὸξ·
3621 4155 3790 4224 ἡμῶν

2288 4214 2608 4284 Θεοδώρου.

2217 4316 2286 4362 α’.
2333 4308 2472 4376 Περὶ
2490 4306 2762 4375 μοναχοῦ
2801 4307 3114 4381 ἐσθίοντος
3170 4307 3313 4376 κρέα
3340 4310 3556 4380 λάθρα,
3610 4315 3790 4381 ἐκτὸς

2823 4377 3160 4445 ἀσθενείας.

2299 4471 2358 4523 '0
2389 4471 2528 4540 κρέα
2566 4468 2987 4542 λαθροφαγήσας
3031 4472 3187 4535 ἐκτὸς
3218 4472 3466 4543 ἀνάγκης
3515 4478 3610 4530 καὶ
3639 4479 3791 4532 εὐλο-

547 4542 764 4598 abbatis
802 4543 1194 4604 benedictione,
1230 4546 1276 4600 is
1307 4548 1599 4602 obsonium
1634 4559 1729 4604 aut
1779 4566 1879 4604 ova
1905 4563 1997 4607 aut
2025 4570 2108 4608 ca-

2230 4561 2341 4630 γίας
2365 4535 2459 4613 toi)
2490 4535 2722 4630 Πατρὸς,
2748 4535 2994 4630 dii/aptos],
3028 4559 3201 4628 ἢὼδν,
3220 4560 3253 4632 ἢ
3274 4535 3540 4634 τυρὸν-μὴ
3564 4568 3790 4620 ἐσθιέτω

547 4651 700 4687 seum
761 4650 859 4704 per
882 4633 997 4689 dies
1028 4635 1388 4705 quadraginta
1410 4652 1516 4690 non
1545 4641 1808 4694 comedat.
1839 4641 2111 4711 Scriptum

545 4737 629 4781 est
655 4727 835 4782 enim:
873 4725 941 4779 Et
997 4727 1178 4780 carnis
1204 4743 1389 4780 curam
1432 4746 1492 4783 ne
1517 4730 1747 4798 feceritis
1772 4731 1840 4784 ad
1871 4731 2115 4803 concupi-

544 4815 798 4867 scentiam
821 4815 865 4846 ¹⁰
896 4813 996 4883 (8).

612 4907 655 4938 ¹⁶
703 4904 860 4960 Rom.
891 4922 1013 4968 xm,
1049 4907 1140 4967 H.

554 5024 567 5062 ί
607 4997 810 5051 Confer
851 4996 1080 5052 Studitat
1101 5012 1270 5052 carm.
1304 5012 1376 5050 χι.
1455 4996 1470 5045 i
1505 4995 1578 5049 lla
1603 4997 1783 5062 codd.,
1815 4998 1878 5050 θυ
1913 5016 2017 5055 non
2047 5003 2119 5060 θε.

2218 4652 2431 4723 ὴμέρας
2461 4657 2531 4721 μη
2551 4651 2650 4718 γέγ
2659 4668 2857 4720 ραπται
2875 4652 3003 4720 γάρ’
3017 4653 3125 4706 Καὶ
3137 4651 3484 4724 τῆς-σαρκὸς
3500 4661 3792 4727 πρόνοιαν

2215 4743 2301 4812 μὴ
2324 4742 2543 4796 ποιεῖτε
2569 4744 2657 4806 εις
2676 4743 2994 4812 ἐπιθυμίαν
3009 4742 3109 4815 (7).

2044 5098 2275 5156 ΝΟΤΑΞ.

619 5185 697 5253 (5)
736 5184 876 5250 Quid
930 5189 1003 5240 sit
1056 5193 1351 5247 metanma,
1407 5183 1539 5238 satis
1585 5183 1743 5238 docet
1788 5186 2021 5244 Goarius
2052 5192 2106 5245 in

549 5254 898 5327 Euchologio
934 5271 992 5324 p.
1023 5256 1113 5327 10,
1149 5270 1342 5327 nempe
1383 5253 1529 5327 illam
1563 5270 1602 5327 a_
1628 5253 1850 5322 Gmcis,
1880 5274 2109 5327 praeser-

549 5325 648 5380 tim
689 5323 998 5386 monachis.
1040 5325 1241 5394 duplici
1275 5323 1463 5394 modo,
1492 5324 1605 5377 fieri
1636 5341 1650 5376 :
1687 5327 1768 5379 vel
1827 5323 1994 5390 enim.
2027 5333 2110 5383 in-

549 5396 690 5462 quit,
715 5411 812 5448 ore
836 5393 1196 5465 manibusque
1222 5393 1590 5465 terraerallixis,
1618 5411 1739 5448 cum
1764 5412 1996 5465 genuum
2029 5403 2112 5453 iii-

551 5465 784 5520 ﬂexione
809 5464 1237 5536 profundissime
1269 5464 1604 5536 inclinantur
1630 5476 1684 5518 et
1719 5464 2109 5536 procumbunt,

549 5546 607 5610 et
649 5545 783 5590 tunc
812 5534 895 5610 est
939 5534 1476 5610 μετάνοια-μεγάλη.
1511 5534 1825 5610 (tumeliam
1875 5534 2110 5610 στρωτή.

553 5605 610 5658 Si
628 5620 757 5680 vero
781 5608 959 5662 minus
988 5622 1187 5680 corpus
1216 5607 1513 5680 inflectant,
1537 5605 1734 5659 dicitur
1762 5605 1954 5680 μικρά.
1978 5605 2113 5664 Cum

550 5677 923 5753 vcro_plures_
946 5674 1311 5753 per50lvunt,_
1340 5674 1591 5753 ultimas_
1622 5674 1835 5753 semper
1864 5674 2116 5734 'minores

550 5757 598 5797 et
627 5746 864 5870 nginores
900 5747 1128 5814 faciunt,
1154 5747 1425 5815 simulque
1454 5746 1852 5805 oratiunculam
1880 5753 2113 5821 aliquam

551 5830 647 5870 nro
673 5827 844 5870 erunt.

551 5827 844 5883 proferunt.

2288 5194 2321 5247 6
2356 5194 2432 5247 De
2462 5195 2774 5275 Grecorum
2805 5199 3078 5275 cpitimiis
3113 5213 3291 5259 exstat
3327 5204 3396 5261 L.
3442 5207 3624 5262 Allatii
3684 5227 3792 5265 non

2215 5265 2380 5332 longa
2429 5266 2662 5334 epistola
2699 5269 2764 5322 ad
2794 5265 2919 5324 Joh.
2950 5269 3218 5328 Morinum
3245 5280 3389 5330 inter
3432 5281 3792 5335 miscellanea

2217 5334 2543 5410 Balt_1_zii_ed.
2581 5352 2707 5391 nov.
2740 5347 2779 5391 t.
2812 5337 2901 5400 Ill,
2925 5357 2978 5410 p.
3013 5342 3134 5396 115.

2291 5405 2367 5472 (7)
2405 5404 2565 5478 Vides
2601 5423 2823 5473 novum,
2853 5404 3020 5465 inuno
3047 5415 3306 5478 alienum,
3351 5415 3563 5471 Paulini
3615 5431 3799 5478 textus

2221 5477 2560 5561 propositum
2590 5493 2619 5529 a
2643 5478 2851 5561 Studita
2873 5496 3113 5561 sensum.
3144 5477 3323 5561 ςϐοιιΐ.
3351 5491 3415 5541 ad
3439 5488 3559 5542 Gal.
3594 5489 3654 5542 ν.
3685 5477 3797 5561 10.)

2221 5542 2394 5598 Graeci
2420 5547 2937 5626 qtiiiletii_objiciutil
2959 5556 3116 5608 nobis
3144 5542 3375 5626 Latinis,
3408 5561 3554 5626 quod
3613 5542 3793 5614 DOSili

2223 5617 2477 5698 niiinac'lii
2498 5618 2755 5698 cnarnibus
2781 5633 3091 5698 vescantur:
3112 5625 3333 5680 Marlclt.
3357 5617 3569 5683 Comm.
3591 5647 3643 5698 p.
3669 5633 3795 5685 551.

2296 5686 2373 5754 (8)
2397 5686 2594 5740 Confer
2621 5691 3037 5747 constitutiones
3065 5696 3379 5753 Studitanas
3410 5716 3466 5753 n.
3500 5686 3796 5757 22.'Etiam

2223 5757 2587 5834 cogitationes
2616 5761 2942 5834 monachum
2973 5767 3155 5821 abbati
3176 5783 3277 5825 suo
3303 5771 3548 5827 revelare
3568 5776 3800 5828 mandat

2225 5824 2281 5879 S.
2316 5825 2586 5883 Benedicti
2615 5827 2817 5900 Regula
2843 5847 2962 5904 cap.
2993 5838 3045 5891 4.
3078 5844 3131 5893 et
3158 5838 3209 5892 '7.
