3968 6496
245 460 385 524 1749

1168 468 1706 530 MONACHORUM
1743 473 1982 532 ΡίΕΝιΕ
2045 474 2559 543 ΟΗΟΤΙΒΙΑΝίΕ.

3342 484 3478 548 1¹ἷ50

249 575 319 645 β’.
361 573 499 643 Περὶ
522 572 628 628 τοῦ
644 574 730 644 μὴ
760 573 1234 666 ἐξαγηέέλοτςξος
1253 580 1526 648 μοναχά]
1568 579 1642 634 δι’
1669 580 1803 649 ὅλης

1947 583 2003 638 2.
2036 583 2115 639 De
2138 587 2392 640 monacho
2427 588 2517 656 qui
2559 598 2669 666 tota
2697 582 3022 666 hebdomade
3049 609 3148 648 non
3180 596 3452 666 confessus

772 644 883 714 τῆς
917 644 1260 716 ἑϐδομάδος.

329 737 389 789 '0
422 737 495 806 μὴ
526 735 866 804 ἐξαγγέλλων
910 737 1008 802 τὰς
1040 738 1162 791 καθ’
1193 740 1385 793 ἑαυτὸν
1437 742 1663 812 πράξεις
1721 745 1815 798 καὶ

243 830 538 898 λογισμοὺς
564 827 642 898 τῷ
689 830 863 900 Πατρὶ
899 829 984 882 διὰ
1013 830 1122 889 τῶν
1154 831 1294 885 ἔπτά
1330 834 1553 903 ἡμερῶν
1584 838 1683 904 τῆς
1721 835 1816 888 ἔϐ-

243 918 493 986 δομάδος,
526 919 590 970 ἐκ
619 917 738 971 τότε
772 918 845 988 μὴ
874 919 1099 972 ἐσθιέτω
1131 919 1236 982 ἔως
1268 913 1328 974 οὗ
1358 922 1668 994 ἐξαγγείλῃ.

243 1029 314 1096 γ’.
358 1029 496 1096 Περὶ
529 1029 636 1084 τοῦ
655 1029 845 1103 λάρρα
871 1030 1196 1100 γευομένου
1220 1033 1453 1100 ὀπώρας
1477 1034 1618 1103 πρὶν
1635 1038 1810 1091 εὐλο-

614 1100 870 1167 τηθῆναι
903 1104 1062 1168 παρὰ
1082 1103 1188 1156 τοῦ
1206 1105 1422 1171 ἱερέως.

326 1192 384 1246 '0
416 1192 706 1262 γευόμενος
736 1191 794 1258 ἔξ
854 1192 1174 1261 οἱασδήποτε
1220 1192 1441 1264 ὀπώρας
1477 1196 1605 1266 πρὶν
1657 1195 1812 1261 δέξας

241 1284 369 1336 σθαι
417 1283 665 1352 εὐλογίαν
696 1283 845 1352 παρὰ
876 1283 970 1337 τοῦ
1007 1285 1238 1356 Πατρὸς,
1272 1287 1349 1358 μὴ
1384 1289 1610 1343 ἐσθιέτω
1637 1289 1696 1357 ἐξ
1724 1290 1813 1344 αὖ·

238 1375 340 1445 τῆς
364 1375 455 1427 τὸν
484 1376 675 1444 χρόνον
700 1376 932 1432 ἐκεῖνον.

239 1492 303 1543 δ’.
339 1493 479 1560 Περὶ
504 1490 612 1545 τοῦ
647 1491 738 1546 ὅτι
797 1494 869 1547 οὐ
903 1492 1019 1562 χρὴ
1052 1491 1230 1559 ἐκτὸς
1257 1492 1535 1565 pararim)
1581 1493 1811 1565 ἐργάζε-

769 1567 908 1617 σθαι
954 1567 1247 1632 μοναχόν.

325 1654 385 1710 '0
410 1655 535 1709 ἄνευ
551 1656 646 1710 τοῦ
678 1657 910 1726 μανδιὶου
942 1657 1108 1712 αὑτοῦ
1143 1658 1175 1730 ἢ
1209 1658 1305 1712 τοῦ
1338 1659 1689 1713 κουκουλλίου
1715 1661 1808 1730 ἔρ-

237 1746 544 1818 γαζόμενος
585 1748 684 1819 τὴν
736 1748 950 1802 οῑανοῦν
980 1750 1264 1821 ἐργασίαν,
1295 1749 1370 1814 ὡς
1393 1751 1810 1823 καταφρονητὴς

237 1836 604 1906 ἐπιτιμάσθω.

2604 661 2781 726 fuerit.

1984 744 2088 810 Qui
2119 745 2408 802 confessus
2437 762 2544 802 non
2601 748 2768 804 fuerit
2818 760 3139 806 actussuos
3173 763 3228 808 et
3275 756 3480 825 cogita-

1914 833 2088 888 tiones
2117 835 2297 889 abbati
2334 851 2428 904 per
2462 845 2667 905 septem
2720 839 3070 896 hebdomadas
3101 842 3235 908 dies,
3287 845 3479 898 deinde

1913 939 1983 979 ne
2020 928 2269 982 comedat
2296 931 2449 998 prius
2481 945 2643 999 quam
2673 933 3014 990 confiteatur.

2033 1044 2087 1098 5.
2123 1043 2199 1099 De
2224 1062 2283 1098 eo
2315 1047 2403 1115 qui
2432 1048 2570 1100 clam
2602 1065 2758 1115 poma
2789 1059 2955 1117 gustet
2981 1063 3101 1105 ante
3134 1067 3292 1120 quam
3320 1071 3351 1105 a

2353 1120 2620 1171 sacerdote
2641 1119 3030 1174 benedicuntur.

1982 1207 2086 1274 Qui
2113 1211 2392 1278 quodlibet
2426 1227 2644 1280 pomum
2671 1216 2966 1281 gustaverit
2990 1224 3114 1268 ante
3153 1215 3362 1270 abbatis
3393 1221 3455 1271 be

1913 1300 2298 1366 nedictionem,
2334 1318 2400 1356 ex
2437 1304 2542 1358 illis
2566 1319 2674 1357 non
2710 1306 2961 1358 comedat
2986 1321 3132 1359 anno
3159 1307 3266 1360 illo.

1913 1470 1966 1525 4.
2001 1468 2154 1536 Quod
2185 1489 2286 1526 non
2315 1483 2552 1544 oporteat
2586 1477 2696 1528 sine
2725 1477 2891 1546 pallio
2908 1479 3221 1532 monachum
3249 1483 3484 1549 operari.

1983 1623 2086 1716 Qui
2119 1649 2237 1704 sine
2265 1665 2431 1718 parvo
2465 1665 2563 1703 suo
2594 1651 2760 1719 pallio
2796 1650 2891 1706 aut
2937 1654 3153 1708 cucullo
3179 1656 3484 1726 quamlibet

1910 1753 2132 1810 operam
2157 1741 2374 1807 fecerit,
2403 1758 2506 1797 ceu
2531 1753 2876 1814 contemptor
2899 1747 3177 1815 puniatur.

235 1958 300 2004 ε’.
360 1950 503 2019 Περὶ
567 1949 675 2003 τοῦ
735 1949 820 2020 μὴ
871 1950 1073 2004 πίνειν
1120 1951 1277 2021 ὕδωρ
1349 1953 1498 2021 μετὰ
1557 1952 1629 2008 τὰ
1663 1953 1803 2008 ἀπό-

1962 1938 2014 1992 5.
2057 1937 2175 1992 Non
2197 1955 2307 1994 esse
2332 1956 2527 2011 aquam
2563 1942 2840 1998 bibendam
2866 1955 2983 2014 post
3017 1946 3434 2016 completorium.

907 2021 1139 2076 δειπνα.

325 2113 388 2166 '0
421 2112 559 2184 μετά
595 2114 894 2168 ἀπόδειπνα
928 2116 1096 2168 πίνων
1151 2113 1316 2186 ὕδωρ,
1368 2113 1403 2186 ἢ
1438 2117 1813 2188 συντυγχάνων

233 2205 366 2272 τινὶ,
402 2206 624 2258 ποιείτω
659 2204 948 2275 μετανοίας
973 2210 1039 2277 ρ’.

236 2327 314 2386 ς’.
370 2320 510 2389 Περὶ
580 2319 688 2375 τοῦ
740 2319 827 2390 μὴ
880 2319 1448 2445 μελτειῖἐαμὸἀνοντος
1512 2321 1584 2386 ἐξ
1661 2321 1814 2391 ἀμε-

1073 2413 1125 2445 C.

977 2408 1125 2446 ειας.

934 2413 1068 2445 Λεία
1111 2433 1125 2446 υ

318 2482 378 2535 '0
421 2483 576 2547 ἐκτὸς
614 2489 665 2553 μ’
696 2482 942 2554 ἡμερῶν,
969 2413 1105 2538 ﬁve:
1120 2483 1421 2554 ἐπιτιμίου,
1462 2485 1639 2552 μένων
1664 2487 1813 2539 ἀκοι-

234 2572 495 2644 νώνητος,
546 2575 751 2644 λεγέτω
780 2576 880 2647 τὴν
908 2574 1086 2630 αἰτίαν
1117 2591 1131 2606 ⁸
1179 2576 1274 2629 καὶ
1323 2576 1372 2628 εί
1425 2576 1484 2640 ἐξ
1553 2576 1812 2647 ἀμελείας

235 2666 554 2737 εὑρίσκεται
598 2665 755 2720 τοῦτο
782 2666 974 2734 ποιῶν,
1007 2667 1353 2738 ἔπιτιμάσθω
1384 2669 1596 2740 ἡμέρας
1629 2666 1703 2739 μ’.

233 2956 303 3022 ζ’.
329 2955 471 3024 Περὶ
505 2954 917 3023 προσενέξεως
942 2954 1290 3024 προσφορᾶς
1334 2956 1406 3024 ἐν
1428 2959 1810 3023 μοναστηρίῳ

454 3024 543 3079 ὅτι
566 3029 637 3079 οὐ
667 3025 783 3093 χρὴ
807 3025 994 3078 πάλιν
1036 3023 1258 3091 αὐτοὺς
1286 3023 1598 3092 ἐπιζητεῖν.

309 3117 380 3171 El
400 3133 484 3180 τις
523 3116 755 3187 μοναχὸς
787 3116 930 3169 ἔλθοι
959 3117 1040 3180 εἰς
1093 3118 1476 3188 μοναστήριον,
1525 3118 1620 3170 καὶ
1654 3115 1808 3186 φέρει

234 3206 343 3271 ἔως
387 3207 742 3278 κεντηναρίου
769 3208 1088 3275 ὑπόστασιν,
1117 3206 1228 3260 εἴτε
1254 3206 1358 3270 ’ἐως
1396 3206 1629 3276 φόλλεως
1655 3208 1806 3278 μιᾶς,

1986 2093 2090 2161 Qui
2127 2106 2247 2165 post
2275 2099 2692 2169 completorium
2721 2116 2918 2172 aquam
2967 2101 3184 2165 biberit,
3219 2115 3314 2158 aut
3356 2118 3479 2158 cum

1913 2190 2099 2259 aliquo
2130 2191 2431 2245 collocutus
2462 2192 2649 2257 fuerit,
2681 2205 2902 2249 centum
2960 2194 3126 2249 faciat
3160 2205 3480 2253 metanceas.

2043 2301 2097 2356 6.
2128 2300 2202 2356 De
2234 2319 2292 2357 eo
2339 2305 2430 2375 qui
2462 2320 2526 2358 ex
2560 2305 2794 2376 neglectu
2827 2306 3220 2361 Eucharistiam
3253 2323 3356 2362 non

2483 2378 2902 2446 participaverit.

1981 2461 2084 2527 Qui
2131 2462 2275 2516 ultra
2323 2465 2683 2535 quadraginta
2731 2467 2848 2523 dies
2902 2469 3286 2538 (praeterquam
3339 2470 3384 2524 si
3427 2471 3483 2524 in

1913 2567 2088 2621 poma:
2118 2554 2491 2622 persolutione
2529 2557 2601 2610 sit
2629 2558 2862 2629 positus)
2898 2559 2964 2613 ad
2988 2574 3196 2614 sacram
3228 2575 3481 2614 commn-

1913 2643 2129 2698 uionem
2162 2647 2423 2700 accedere
2456 2647 2720 2711 onnserit,
2765 2664 2986 2703 causam
3030 2651 3108 2704 rei
3139 2650 3286 2704 dicat
3314 2669 3327 2704 :
3352 2660 3405 2704 et
3436 2651 3482 2703 si

1909 2755 1974 2792 ex
2013 2740 2338 2809 negligentia
2363 2743 2435 2793 ita
2479 2756 2538 2795 se
2569 2741 2803 2811 gessisse
2840 2743 3228 2811 comperiatur,
3263 2757 3479 2811 pugnam

1912 2828 2270 2898 quadraginta
2301 2829 2510 2882 dierum
2540 2830 2753 2884 subeat.

1973 2942 2026 2997 7.
2060 2943 2214 3009 Quod
2248 2946 2563 2999 oblationem
2586 2947 2904 3000 monasterio
2929 2945 3163 3012 illatam,
3196 2956 3454 3017 nequeant

2438 3017 2682 3068 monachi
2718 3025 2963 3083 repetere.

1984 3104 2040 3158 Si
2072 3107 2200 3176 quis
2231 3108 2535 3161 monachus
2565 3107 2634 3160 ad
2669 3109 3050 3162 monasterium
3088 3110 3256 3173 venit,
3286 3119 3341 3163 et
3366 3110 3482 3163 sive

1915 3207 2266 3253 centenarum
2301 3199 2568 3253 librarum
2603 3200 2985 3266 subsmntiam,
3028 3202 3144 3256 sive
3192 3218 3360 3256 unum
3389 3219 3480 3258 so-

232 3301 333 3353 οὐκ
364 3298 479 3368 ἔχει
511 3273 759 3362 ἐξουσίαν
811 3298 870 3365 ἔξ
909 3273 1081 3370 αὐτῆέ
1130 3299 1234 3364 ἔως
1266 3273 1448 3371 τριχδς
1509 3273 1803 3369 μιᾶς-ἑπι-

1933 3287 2079 3342 idum
2106 3289 2258 3353 ferat,
2303 3305 2408 3344 non
2439 3291 2488 3345 ei
2530 3299 2771 3360 potestas
2799 3303 2882 3347 est
2903 3292 3026 3347 inde
3055 3294 3258 3364 aliquid
3285 3299 3482 3366 exqui—

232 3394 432 3458 ζητεῖν,

266 3410 690 3552 ηἷιῗῘνΚοσμικδς
723 3480 965 3535 ἀσθενῶν
1020 3480 1425 3544 ἀποτάξασθαι,
1463 3482 1556 3533 καὶ
1597 3481 1686 3534 τὸν
1715 3497 1808 3550 μο-

232 3575 456 3646 ναχικὸν
506 3573 618 3643 βίον
642 3573 917 3638 εἰσελθὼν,
949 3571 1009 3625 τδ
1029 3571 1233 3643 ἔνδυμα
1271 3575 1364 3626 καὶ
1395 3572 1506 3644 (τά)
1542 3572 1642 3643 τῆς
1694 3573 1808 3626 κλί-

232 3687 332 3738 νης
361 3667 528 3722 αὑτοῦ
556 3669 621 3737 τῇ
657 3664 920 3736 ἐκκλησία
947 3663 1176 3734 μενέτω.

305 3762 371 3814 θ’.
413 3761 470 3813 Ὀ
518 3759 691 3822 λέγων
748 3759 978 3829 μοναχὸς
1034 3757 1227 3826 λόγους
1267 3759 1584 3828 κοσμικοὺς,
1636 3759 1670 3829 ἢ
1725 3761 1805 3812 ὅτι

235 3853 389 3922 Ἐχω
415 3853 608 3921 γενεάν
631 3849 734 3904 πού
759 3867 910 3916 ποτε,
937 3848 1283 3920 ἀφοριζέσθω
1305 3849 1380 3917 (9)
1408 3848 1619 3918 ἡμέρας
1636 3851 1802 3919 τρεῖς,

234 3942 560 4014 ξηροφαγιῖη
586 3982 602 4007 ,
637 3942 730 3995 καὶ
769 3940 938 3993 ποιῶν
967 3940 1252 4010 μετανοίας
1278 3938 1321 3992 ν’
1347 3954 1362 3970 ⁶
1404 3938 1514 3992 ἀπὸ
1541 3938 1649 4010 γάρ
1705 3939 1806 4008 τῆς

232 4037 448 4104 ἡμέρας
476 4026 544 4102 ἧς
568 4032 634 4085 τὸ
664 4032 846 4102 σχῆμα
871 4029 1084 4091 ἔλαϐεν,
1116 4026 1526 4098 ἀποταξάμενος
1574 4029 1684 4090 τοῖς
1705 4045 1805 4080 κα-

231 4128 298 4179 τὰ
348 4124 530 4196 σάρκα
561 4126 845 4193 συγγενέσι
885 4122 963 4194 τῷ
996 4119 1219 4192 Χριστῷ
1250 4119 1660 4191 προσηρμόσθη.

305 4313 355 4361 ι’.
388 4305 457 4359 El
476 4323 559 4368 τις
580 4305 672 4358 τὸν
702 4305 1096 4376 ἐπιστρέφοντα
1123 4303 1232 4357 ἀπὸ
1259 4303 1530 4374 ἁμαρτίας
1551 4303 1611 4355 οὐ
1639 4319 1804 4372 προσ-

231 4401 469 4470 δέχεται,
496 4398 635 4451 ἀλλά
661 4397 824 4450 λυπεῖ
853 4399 1033 4463 αὑτὸν,
1065 4397 1306 4466 ἐλύπησε
1336 4396 1428 4448 τὸν
1458 4395 1691 4466 Χριστὸν
1723 4395 1802 4446 εἰ·

233 4492 406 4546 πάντα
442 4507 456 4521 ·
484 4490 644 4560 Χαρά
676 4488 883 4558 γίνεται
905 4491 962 4543 ὲν
1002 4488 1217 4559 οὐρανῷ
1257 4488 1349 4540 ἐπὶ
1375 4488 1456 4540 ἔν).
1495 4485 1803 4558 ἁμαρτωλῷ

236 4582 604 4654 μετανοοῦντι.

305 4681 397 4730 ια’.
458 4675 584 4727 Ἐὰν
634 4673 837 4746 φιλήσῃ
901 4673 1128 4744 μοναχὸς
1181 4671 1499 4740 οἱανδήποτε
1551 4669 1799 4737 γυναῖκα,

233 4767 372 4820 ἔστω
405 4765 768 4837 ἀκοινώνητος
807 4767 1016 4838 ἡμέρας
1049 4765 1102 4836 μ’
1133 4781 1148 4797 ο
1193 4763 1306 4818 ἀλλ’
1331 4764 1448 4816 οὐδὲ
1482 4764 1603 4816 κατ’
1632 4762 1802 4831 αὐτὴν

229 4858 327 4928 τὴν
363 4857 576 4928 ἡμέραν
604 4856 707 4924 τῆς
741 4857 1119 4918 Ἀναστάσεως
1156 4853 1250 4908 τοῦ
1282 4853 1488 4925 Κυρίου
1508 4852 1606 4923 τὴν
1637 4849 1801 4906 αὑτοῦ

234 4949 445 5017 μητέρα
475 4949 784 5018 ἀσπάσηται
812 4948 946 5017 (10).

302 5037 391 5109 ιβ’.
432 5041 492 5091 ’0
525 5040 586 5093 τὸ
621 5039 776 5108 ἀγιον
806 5041 991 5111 σχῆμα
1026 5038 1253 5105 ἀθετῶν,
1278 5037 1416 5092 ἔστω
1443 5033 1803 5101 ἀκοινώνητος

229 5130 323 5200 ἔτη
348 5129 498 5201 τρία.

1909 3380 2086 3444 rendi,
2120 3396 2186 3435 ne
2206 3382 2462 3452 capillum
2489 3383 2732 3452 quidem.

1978 3475 2032 3530 8.
2070 3475 2129 3529 Si
2160 3475 2323 3529 homo
2353 3477 2634 3531 saecularis
2673 3476 2726 3529 in
2766 3476 3084 3531 infirmitate
3109 3480 3477 3546 abrenuntiet,

1907 3577 1962 3622 et
2007 3567 2384 3622 monachalem
2419 3569 2587 3621 vitam
2617 3569 2902 3638 suscipiat,
2934 3574 3099 3626 vestis
3131 3571 3252 3640 ejus
3278 3582 3332 3626 et
3360 3574 3479 3626 lecti

1907 3660 2148 3730 stragula
2186 3672 2442 3714 maneant
2463 3661 2730 3715 ecclesiae.

1977 3751 2029 3803 9.
2063 3750 2366 3806 Monachus
2407 3752 2709 3807 mundanos
2755 3769 3038 3810 sermones
3066 3755 3350 3825 eloquens,
3385 3769 3480 3812 aut

1905 3843 2050 3912 quod
2107 3843 2417 3912 prosapiam
2447 3859 2603 3898 suam
2665 3845 2862 3899 alicubi
2917 3847 3136 3912 habeat,
3195 3861 3479 3917 separetur

1906 3935 1973 3988 ad
2028 3943 2137 3989 tres
2166 3935 2304 4000 dies,
2361 3951 2488 3990 cum
2542 3937 2664 3991 cibo
2695 3938 2869 4001 arido,
2911 3947 2966 3992 et
3009 3955 3133 3993 cum
3189 3945 3476 3998 metanazis

1905 4027 2324 4098 quinquaginta.
2387 4028 2519 4082 Nam
2578 4045 2645 4083 ex
2702 4045 2812 4099 quo
2841 4031 2928 4085 die
2979 4047 3195 4087 sacrum
3254 4035 3475 4090 schema

1906 4121 2161 4188 sumpsit,
2195 4120 2504 4176 valedicens
2559 4124 2806 4191 cognatis
2859 4125 3194 4191 carnalibus,
3251 4126 3473 4182 Christo

1904 4210 2149 4265 cohaesit.

1978 4303 2063 4357 10.
2092 4302 2146 4356 Si
2186 4304 2308 4371 quis
2362 4305 2775 4375 resipiscentem
2818 4323 2881 4362 ex
2918 4319 3140 4379 peccato
3183 4328 3290 4366 non
3322 4314 3475 4369 exci—

1903 4396 2038 4463 piat,
2078 4395 2173 4450 sed
2195 4412 2319 4449 eum
2351 4398 2654 4463 contristet,
2679 4399 2726 4453 is
2754 4399 3035 4455 Christum
3062 4405 3351 4460 contristat
3375 4408 3470 4477 qui

1903 4487 2074 4542 dixit:
2109 4487 2378 4542 Gaudium
2403 4489 2461 4542 ﬁt
2481 4489 2535 4543 in
2558 4490 2696 4544 ccelo
2718 4505 2882 4561 super
2901 4509 3007 4549 uno
3041 4505 3326 4563 peccatore
3352 4514 3471 4568 pce-

1825 4615 1879 4675 D
1907 4579 2190 4632 nitentiam
2222 4590 2434 4649 agente,

1978 4666 2065 4720 11.
2109 4666 2165 4720 Si
2197 4669 2501 4723 monachus
2533 4670 2834 4738 quamlibet
2870 4673 3151 4728 mulierem
3187 4676 3469 4734 osculatus

1905 4759 2091 4822 fuerit,
2127 4761 2199 4814 sit
2227 4773 2377 4815 extra
2409 4763 2847 4818 communionem
2873 4765 3065 4822 diebus
3086 4769 3466 4839 quadraginta,

1905 4848 2045 4915 Quin
2072 4849 2209 4904 adeo
2253 4867 2320 4904 ne
2354 4851 2473 4919 ipso
2513 4853 2730 4919 quidem
2781 4858 3203 4913 resurrectionis
3249 4859 3465 4914 Domini

1902 4943 1990 4996 die
2015 4955 2241 4995 matrem
2277 4945 2547 5012 propriam
2575 4944 2622 4997 ei
2646 4946 2879 4998 osculari
2913 4947 3118 5002 licebit.

1978 5035 2062 5089 12.
2099 5034 2202 5100 Qui
2246 5047 2488 5090 sanctam
2533 5038 2785 5091 maliachi
2817 5049 3018 5091 vestem
3071 5041 3351 5109 abjecerit,
3394 5044 3466 5096 sit

1899 5135 2050 5180 extra
2082 5128 2521 5179 communionem
2562 5129 2720 5180 annis
2743 5127 2936 5182 tribus.

1745 5259 1974 5317 NOT/E.

299 5373 378 5444 (9)
412 5374 671 5441 Quaenam
697 5377 813 5432 hac
833 5385 981 5434 esset
1001 5377 1071 5432 ob
1104 5377 1335 5432 leviores
1360 5378 1547 5446 culpas
1566 5389 1786 5446 excomg

230 5446 550 5529 muniicatio.
581 5448 876 5529 intelliget?
899 5448 1120 5529 licet-ex.
1139 5464 1257 5528 cap.
1280 5447 1351 5529 24
1384 5445 1600 5529 Regulae
1621 5445 1793 5525 sancti

231 5513 560 5587 Benedicti.¢
588 5517 643 5572 Si
671 5513 795 5587 quis
827 5517 990 5571 frater
1024 5517 1074 5570 in
1108 5513 1403 5572 levioribus
1442 5513 1614 5584 culpis
1646 5517 1794 5568 inve-

232 5586 397 5649 nitur,
421 5602 620 5641 mensae
651 5586 1063 5665 participatione
1086 5589 1346 5665 privetur.
1388 5587 1590 5665 Privati
1612 5597 1790 5665 autem

234 5670 434 5709 mensae
479 5659 755 5712 consortio
814 5659 914 5712 ista
965 5659 1069 5711 erit
1125 5660 1282 5721 ratio,
1343 5668 1402 5712 ut
1451 5659 1502 5710 in
1550 5659 1792 5708 oratorio

232 5727 496 5797 psalmum
557 5739 648 5782 aut
691 5729 1038 5795 antiphonam
1071 5743 1177 5782 non
1230 5730 1492 5797 imponat,
1531 5736 1649 5797 etc.
1680 5723 1788 5778 lle-

235 5796 515 5865 fectinnem
546 5799 673 5861 cibi,
693 5808 816 5865 post
834 5799 1061 5850 fratrum
1093 5796 1439 5852 refectionem
1465 5796 1614 5851 solus
1639 5796 1781 5850 acci-

235 5869 363 5930 piat.
384 5862 454 5921 Ut
481 5868 545 5931 si,
568 5862 712 5923 verbi
744 5865 1147 5938 gratia,fratres
1174 5868 1425 5925 reficiunt
1460 5876 1611 5923 sexta
1634 5866 1786 5932 hora,

1896 5366 1986 5439 ille
2014 5364 2184 5439 frater
2215 5380 2393 5439 nona;
2427 5365 2470 5418 si
2506 5364 2700 5420 fratres
2735 5381 2910 5439 nona,
2935 5368 3026 5421 ille
3057 5385 3297 5439 vespera.
3328 5391 3346 5423 ι
3386 5372 3457 5424 Ite

1898 5436 2166 5504 intelliges
2218 5437 2414 5489 multas
2462 5437 3053 5492 excommunicationes
3109 5436 3165 5493 in
3233 5441 3461 5495 Studita:

1895 5505 2157 5574 epiiimiis
2184 5506 2437 5571 scriptas.

1969 5575 2078 5646 (10)
2105 5575 2344 5646 Respicit
2361 5589 2564 5646 morem
2582 5573 2892 5630 Graecorum
2911 5578 3192 5631 osculandi
3225 5579 3454 5633 invicem

1895 5644 1948 5697 in
1980 5644 2252 5712 paschalis
2284 5645 2386 5698 diei
2417 5644 2546 5698 lauit
2569 5661 2622 5705 a,
2641 5646 2708 5698 de
2734 5661 2842 5712 quo
2868 5662 3015 5700 more
3042 5646 3275 5702 Allati‘us
3295 5659 3452 5703 tract.

1893 5713 1968 5768 De
1998 5714 2289 5771 Dominicis
2309 5712 2617 5772 Graecorum
2647 5727 2767 5783 post
2790 5732 2925 5782 opus
2955 5717 3029 5771 De
3052 5733 3317 5773 consensu
3345 5720 3451 5774 col.

1890 5783 2028 5839 1450
2048 5798 2163 5854 seq.
