3968 6456
551 370 678 433 1751

621 483 708 537 15.
738 479 841 548 Qui
876 489 1164 550 postquam
1199 480 1250 534 in
1279 490 1466 536 sancta
1519 482 1932 552 quadragesima
1963 481 2106 550 jeju-
2136 489 2184 546 Α

548 576 777 638 uaverit,
817 573 947 627 feria
996 589 1192 643 magna
1242 575 1455 643 quinta,
1504 574 1872 630 distinctionis
1915 589 2100 639 causa,

546 667 816 737 jejunium
871 666 1114 733 solverit,
1167 666 1213 722 is
1258 675 1423 721 totam
1483 665 1805 722 dehonestat
1862 673 2110 722 sanctam

545 757 1035 828 quadragesimam.

619 850 704 906 H.
739 849 795 902 Si
846 850 1163 919 iguoranler
1191 850 1574 905 antimensium
1600 849 1768 905 lotum
1798 850 2108 915 fuerit,non

545 942 849 1012 polluitur;
885 942 1012 1011 quia
1044 943 1096 995 in
1137 943 1258 1012 ipso
1289 943 1652 998 sanctificatio
1687 955 1903 1011 manet;
1935 960 2110 1014 neque

546 1049 632 1086 res
655 1048 834 1096 sacra,
865 1033 923 1086 Iit
951 1031 1197 1102 profana.

613 1123 702 1179 15.
740 1123 796 1177 Si
824 1125 948 1193 quis
1002 1124 1265 1178 sacerdos
1317 1133 1439 1194 post
1475 1127 1697 1180 missam
1739 1128 2021 1188 vomuerit.
2061 1126 2106 1181 si

545 1217 644 1270 hoc
687 1215 759 1269 ob
783 1215 1059 1283 crapulam
1086 1216 1134 1270 ei
1162 1217 1408 1286 contigit,
1452 1219 1644 1272 diebus
1676 1217 1904 1287 integris
1945 1234 2104 1273 sexa-

543 1308 688 1375 ginta
721 1306 792 1360 sit
844 1314 998 1360 extra
1027 1310 1491 1369 communionem,
1541 1308 1821 1376 jejunans.
1873 1317 1926 1362 et
1960 1308 2106 1363 mille

542 1395 787 1465 quotidie
833 1407 1132 1452 metanmas
1173 1398 1401 1454 faciens:
1452 1400 1536 1453 sin
1579 1409 1766 1455 contra
1815 1416 1878 1454 ex
1921 1401 2104 1470 aliqua

541 1486 854 1541 valetudine
900 1486 950 1540 id
1009 1501 1204 1556 passus
1249 1486 1340 1550 sit,
1399 1487 1593 1542 diebus
1657 1500 1862 1557 septem
1929 1504 2104 1559 poenae

540 1575 767 1636 suberit,
808 1573 1080 1644 facietque
1104 1585 1401 1631 metanceas
1424 1576 1613 1647 viginti
1643 1579 1905 1647 quinque.

613 1667 700 1721 16.
731 1665 786 1720 Si
809 1668 934 1736 quis
965 1669 1160 1722 canoni
1196 1668 1449 1732 defuerit,
1495 1669 1664 1725 aridis
1711 1679 1965 1724 vescatur
1994 1685 2104 1724 uno

539 1757 647 1820 die,
677 1766 732 1809 et
759 1756 922 1811 faciat
961 1768 1263 1812 metanwas
1297 1769 1538 1812 centum.

1725 371 1785 428 S.
1826 369 2213 428 THEODORI
2241 368 2583 427 STUDIT/E

3636 372 3764 434 1752

2284 487 2371 546 ιγ’.
2411 479 2468 532 '0
2496 484 2561 550 τῇ
2603 480 2732 550 ἁγίᾳ
2755 481 3174 552 Τεσσαρακοστῇ
3217 481 3512 549 νηστεύων,
3557 485 3656 536 καὶ
3705 490 3765 554 τῇ

2220 572 2430 640 μεγάλῃ
2462 571 2689 641 πέμπτῃ
2740 571 2880 624 λύων
2939 571 3081 642 λόγῳ
3135 571 3477 642 διακρίσεως,
3518 573 3768 644 ἀτιμάζει

2207 664 2337 736 ὅλην
2366 663 2462 735 τὴν
2501 664 2661 732 ἁγίαν
2687 665 3160 736 Τεσσαρακοστὴν.

2285 841 2364 894 ιδ’.
2407 840 2532 895 Ἐὰν
2561 840 2701 894 κατὰ
2728 842 2951 909 ἄγνοιαν
2979 842 3152 913 πλυθῇ
3184 843 3540 912 ἀντιμίνσιον,
3579 846 3640 898 οὐ
3676 863 3771 916 μο-

2206 933 2423 986 λύνεται
2447 947 2459 962 ⁸
2489 934 2517 985 ὁ
2537 932 2644 1004 γὰρ
2676 933 2944 1004 ἁγιασμὸς
2969 937 3024 988 ἐν
3053 935 3201 1006 αὑτῷ
3227 937 3371 990 ἐστι’
3392 937 3454 990 τὸ
3478 936 3584 1007 γὰρ
3611 939 3769 1008 ἱερὸν,

2210 1025 2405 1094 μιαρὸν
2431 1024 2491 1077 οὐ
2531 1024 2763 1092 γίνεται.

2282 1123 2365 1169 ιε’.
2411 1116 2468 1169 '0
2495 1117 2604 1170 ἀπὸ
2624 1116 2966 1186 λειτουργίας
2996 1119 3170 1190 ἱερεὺς
3203 1119 3427 1188 ὲμέσας,
3462 1122 3510 1175 εί
3541 1121 3642 1191 μιν
3667 1122 3771 1175 ἀπὸ

2215 1214 2652 1282 γαστριμαργίας
2684 1229 2843 1267 τουτο
2872 1211 3153 1273 πέπονθεν,
3181 1213 3394 1283 ἡμέρας
3433 1212 3475 1277 ξ’
3492 1213 3770 1283 πληρώσει

2212 1301 2386 1372 μένων
2403 1303 2786 1372 ἀκοινώνητος,
2806 1302 3081 1375 νηστεύων
3100 1305 3192 1357 καὶ
3215 1304 3438 1374 πληρῶν
3496 1306 3618 1359 καθ’
3644 1307 3772 1360 ἑκά-

2206 1408 2339 1462 στην
2368 1392 2580 1463 ἡμέραν
2603 1395 2890 1463 μετανοίας
2919 1395 3117 1464 χιλίας·
3139 1397 3189 1448 εί
3213 1396 3268 1449 δὲ
3293 1397 3402 1449 ἀπὸ
3415 1396 3622 1468 βλάὄης
3654 1399 3771 1466 ἐγέ-

2204 1498 2344 1546 νετο,
2364 1483 2578 1553 ἡμέρας
2627 1483 2670 1548 ζ’
2696 1485 2807 1551 ’ἐξει
2835 1484 2895 1538 τὸ
2919 1485 3214 1555 ἐπιτίμιον,
3247 1486 3414 1540 ποιῶν
3459 1490 3556 1541 καὶ
3606 1507 3772 1559 μετα-

2204 1574 2352 1634 νοίας
2386 1581 2487 1628 κε’.

2277 1673 2370 1732 ις’.
2399 1667 2465 1720 Et
2484 1685 2567 1730 τις
2587 1668 2898 1739 καταλείψει
2921 1669 3011 1722 τίεν
3036 1670 3232 1725 κανόνα
3245 1672 3412 1743 (10*),
3438 1673 3775 1744 ξηροφαγίαν

2206 1758 2422 1828 ἡμέραν
2458 1759 2584 1828 μίαν
2607 1760 2848 1823 ποιείτω,
2883 1762 2981 1814 καὶ
3009 1764 3294 1832 μετανοίας
3324 1771 3387 1835 ρ’.

612 1850 698 1903 17.
734 1848 790 1902 Si
818 1848 942 1917 quis
972 1849 1222 1921 lycltnico
1253 1865 1362 1903 non
1395 1850 1704 1906 interfuerit
1743 1861 1836 1905 attt
1859 1851 2098 1922 comple-

2272 1848 2356 1912 ις’.
2409 1849 2474 1901 Εἴ
2513 1866 2596 1911 τις
2643 1850 2927 1921 ἀπολείψει
2970 1852 3064 1906 τοῦ
3100 1853 3375 1924 λυχνικοῦ,
3411 1858 3443 1928 ἡ
3489 1857 3598 1910 τῶν
3643 1859 3777 1912 ἀπο-

543 1940 701 2005 torio,
732 1940 916 1995 vinum
949 1956 1057 1995 una
1081 1939 1169 1996 die
1200 1955 1308 1996 non
1333 1941 1503 2006 bibat,
1525 1951 1579 1997 et
1618 1942 1778 1997 faciat
1810 1953 2104 1998 metanceas

540 2032 955 2102 quinquaginta.

609 2125 695 2178 18.
733 2123 789 2178 Si
823 2125 951 2194 quis
979 2125 1138 2192 hora,
1181 2141 1290 2196 qua
1325 2124 1540 2196 eulogia
1570 2125 1751 2190 datur,
1774 2127 2107 2197 negligenter

539 2217 792 2282 abfuerit,
808 2217 1018 2287 jejuuet
1041 2233 1215 2288 usque
1247 2217 1315 2273 ad
1345 2233 1649 2290 vesperam,
1673 2233 1797 2273 cum
1821 2221 2105 2275 metanteis

540 2309 954 2378 quinquaginta.

616 2398 699 2452 l9.
749 2397 806 2452 Si
847 2399 972 2468 quis
998 2399 1330 2454 monasterio
1363 2399 1697 2470 egrediatur,
1732 2399 1936 2470 absque
1967 2415 2107 2470 pra:-

543 2491 702 2556 positi
749 2490 1027 2553 facultate,
1079 2502 1300 2546 maneat
1350 2503 1502 2546 extra
1527 2492 1963 2547 communionem
1998 2505 2106 2546 una

542 2579 899 2643 hcbdomada,
937 2593 1060 2632 cum
1094 2581 1382 2635 metanteis
1415 2581 1796 2650 quadraginta.

607 2669 698 2725 20.
734 2669 788 2723 Si
818 2670 944 2740 quis
972 2671 1175 2740 aliquid
1219 2671 1527 2740 possederit
1569 2673 1744 2727 inscio
1792 2673 2106 2743 praeposito,

540 2761 612 2815 sit
664 2771 818 2814 extra
856 2762 1301 2817 communionem
1335 2763 1527 2817 diebus
1571 2765 1902 2833 quindecim,
1939 2766 2108 2821 aridis

573 2868 766 2907 escens
787 2853 920 2907 hora
942 2869 1111 2919 nona,
1139 2870 1264 2908 cum
1289 2842 1582 2912 'metanceis
1605 2859 2021 2929 quinquaginta.

607 2944 699 2999 21.
744 2943 801 2997 Si
861 2945 986 3013 quis
1012 2960 1135 2999 cum
1168 2947 1353 3016 aliquo
1379 2950 1794 3018 conspiraverit,
1843 2961 1934 3004 aut
1971 2951 2108 3005 clam

539 3036 606 3089 de
643 3037 978 3090 monasterio
1020 3039 1329 3104 recesserit,
1358 3039 1431 3095 sit
1459 3051 1609 3095 extra
1671 3043 2106 3097 communionem

541 3130 735 3185 diebus
769 3131 1018 3200 triginta,
1050 3132 1286 3203 ciboque
1315 3134 1468 3189 arido
1491 3145 1668 3202 utens,
1699 3147 1995 3192 metanteas
2027 3139 2108 3191 fa-

539 3223 648 3278 ciat
669 3232 909 3280 centum.

613 3316 705 3370 22.
735 3317 792 3372 Si
820 3319 945 3388 quis
972 3319 1284 3389 impositam
1327 3334 1357 3375 a
1404 3323 1694 3391 praeposito
1738 3336 1952 3391 poenam
1997 3338 2107 3376 non

542 3409 937 3475 observaverit,
957 3422 1240 3480 separetur
1265 3413 1602 3468 ltebdomada
1621 3429 1729 3466 una
1763 3428 1792 3466 a
1822 3412 2106 3480 fratribus,

541 3515 666 3554 cum
705 3501 830 3556 cibo
884 3503 1074 3567 arido,
1115 3513 1170 3557 et
1229 3503 1565 3574 quotidianis
1631 3506 1918 3560 metauaais
1984 3521 2111 3560 cen-

541 3598 676 3644 tum.

609 3682 702 3736 25.
739 3681 795 3736 Si
831 3682 958 3751 quis
1013 3681 1197 3738 fratris
1246 3683 1472 3741 alterius
1501 3696 1728 3752 vestem,
1772 3698 1867 3741 aut
1897 3687 2109 3756 quidvis

547 3774 692 3827 aliud
723 3783 924 3843 praeter
959 3774 1106 3829 illius
1132 3776 1467 3831 voluntatem
1490 3779 1697 3845 tulerit,
1739 3779 1922 3833 triduo
1943 3779 2109 3833 aridis

544 3877 794 3921 vescatur
826 3883 949 3921 cum
977 3877 1194 3921 centum
1227 3870 1531 3923 metanoeis.

611 3957 704 4010 21.
760 3957 818 4011 Si
857 3960 982 4027 quis
1013 3959 1454 4036 deprehendatur
1504 3969 1667 4016 noctu
1717 3960 1854 4015 clam
1901 3963 2106 4017 versari

540 4064 664 4104 cum
695 4050 897 4120 aliquo,
955 4058 1051 4105 aut
1083 4051 1280 4106 cubilis
1309 4052 1484 4106 locum
1549 4062 1782 4117 mutare,
1830 4063 1925 4107 aut
1975 4053 2108 4108 foris

547 4152 788 4204 manere,
821 4138 942 4193 sine
973 4139 1250 4208 praepositi
1282 4148 1440 4205 nutu,
1472 4149 1752 4209 separetur
1776 4156 1880 4194 una
1907 4141 2109 4196 hebdo-

546 4229 726 4292 mada,
764 4229 937 4285 aridis
962 4239 1146 4294 utens,
1186 4247 1308 4285 cum
1338 4232 1679 4301 septuaginta
1709 4233 2018 4287 metanteis.

614 4319 705 4372 25.
735 4316 1034 4388 Praeposito
1081 4336 1190 4375 non
1220 4329 1515 4385 annuente,
1547 4323 1590 4376 si
1614 4322 1736 4390 quis
1772 4320 1942 4376 frater
1972 4336 2109 4391 opus

542 4424 703 4462 suum
730 4409 982 4463 manuale
999 4411 1313 4475 mutaverit,
1329 4412 1518 4467 diebus
1539 4413 1898 4482 quadraginta
1924 4427 2109 4466 vesca-

546 4513 632 4553 tur
653 4499 846 4563 aridis,
879 4515 1003 4554 cum
1045 4501 1332 4555 metanmis
1355 4502 1649 4570 Octoginta.

2204 1939 2456 2002 δείπνων,
2502 1940 2713 2013 ἡμέραν
2764 1945 2894 2013 μίαν
2941 1939 3081 2000 οἶνον
3124 1947 3199 2020 μὴ
3253 1949 3446 2014 πιέτω,
3480 1953 3775 2020 μετανοίας

2206 2032 2380 2085 ποιῶν
2411 2039 2472 2086 ν’.

2279 2120 2366 2194 ιη’.
2399 2124 2585 2188 Ὅστις
2608 2126 2664 2177 ὲν
2689 2129 2755 2198 τῇ
2778 2127 2896 2199 ὥρᾳ
2922 2127 3018 2198 τῆς
3041 2129 3239 2193 δόσεως
3267 2130 3367 2198 τῆς
3391 2131 3644 2199 εὐλογίας
3669 2133 3778 2186 λεί-

2203 2210 2295 2280 ψει
2346 2214 2488 2267 κατὰ
2529 2215 2808 2283 ἀμέλειαν,
2840 2219 3145 2288 νηστευέτω
3186 2220 3288 2283 ἕως
3328 2221 3448 2292 ὀψὲ,
3485 2224 3578 2276 καὶ
3611 2240 3779 2293 μετα-

2205 2303 2350 2366 νοίας
2376 2305 2594 2358 ποιείτω
2617 2304 2678 2361 ν’.

2278 2394 2363 2448 ιθ’.
2387 2395 2462 2458 Εἰ
2486 2413 2568 2460 τις
2591 2396 2792 2461 ἐξέλθοι
2818 2397 2912 2451 τοῦ
2951 2401 3310 2471 μοναστηρίου
3352 2402 3521 2472 χωρὶς
3551 2402 3653 2468 τῆς
3679 2403 3774 2456 τοῦ

2204 2487 2508 2556 ἡγουμένου
2533 2490 2904 2558 παραθέσεως,
2932 2493 3138 2562 μενέτω
3160 2493 3521 2566 ἀκοινώνητος
3542 2495 3777 2567 ἑϐδομά-

2205 2577 2271 2630 δα
2299 2579 2447 2646 μίαν,
2480 2581 2764 2647 μετανοίας
2792 2582 2962 2634 ποιῶν
2987 2581 3060 2652 μ’.

2277 2672 2346 2720 κ’.
2381 2667 2446 2720 Εἴ
2471 2685 2553 2730 τις
2579 2671 2836 2738 κτήσεται
2864 2673 3094 2743 πρᾶγμα
3121 2672 3291 2744 χωρὶς
3316 2673 3408 2727 τοῦ
3440 2677 3776 2746 ἡγουμένου,

2210 2759 2420 2828 μενέτω
2451 2761 2812 2832 ἀκοινώνητος
2853 2765 3064 2836 ἡμέρας
3094 2772 3174 2833 ιε’,
3203 2766 3528 2837 ξηροφαγῶν
3552 2770 3672 2840 ὥρᾳ
3708 2770 3777 2837 θ’,

2207 2853 2299 2905 καὶ
2329 2852 2615 2921 μετανοίας
2640 2855 2805 2907 ποιῶν
2829 2855 2892 2910 ν’.

2276 2948 2381 2995 κα’.
2412 2940 2481 2995 Et
2507 2959 2590 3006 τις
2623 2946 2904 3000 συνδυάσει
2960 2948 3100 3017 μετά
3137 2965 3300 3014 τινος,
3354 2951 3386 3022 ἢ
3427 2953 3777 3024 ἀναχωρήσει

2208 3033 2299 3086 τοῦ
2330 3038 2691 3107 μοναστηρίου
2717 3040 2918 3110 κρύφα,
2950 3042 3158 3108 μενέτω
3179 3043 3538 3114 ἀκοινώνητος
3561 3047 3779 3118 ἡμέρας

2207 3123 2273 3191 λ’,
2300 3124 2640 3196 ξηροφαγῶν,
2669 3133 2762 3181 καὶ
2792 3129 3080 3198 μετανοίας
3107 3131 3275 3184 ποιῶν
3301 3137 3364 3203 ρ’.

2279 3306 2380 3376 κβ’.
2431 3306 2501 3360 Εἴ
2532 3327 2613 3372 τις
2645 3309 2823 3364 λαϐὼν
2859 3313 3131 3382 ἐπιτίμιον
3161 3316 3312 3386 παρὰ
3343 3316 3436 3370 τοῦ
3465 3320 3778 3388 ἡγουμένου

2212 3395 2285 3466 μὴ
2320 3397 2566 3466 φυλάξει.
2596 3401 2936 3470 ἀφοριζέσθω
2963 3405 3229 3474 ἑϐδομάδα
3267 3408 3395 3475 μίαν
3417 3409 3517 3475 τῆς
3545 3410 3778 3479 dense.

2208 3505 2388 3558 τητος,
2429 3489 2772 3562 ξηροφαγῶν,
2803 3495 2896 3547 καὶ
2928 3497 3215 3565 μετανοίας
3250 3497 3418 3552 ποιῶν
3447 3501 3780 3573 καθημέραν

2211 3581 2424 3634 ἑκατόν.

2280 3678 2385 3739 κγ’.
2424 3672 2491 3724 Εἴ
2514 3690 2596 3734 τις
2623 3673 2849 3742 ἀδελφοῦ
2877 3675 3107 3744 ἱμάτιον.
3135 3675 3167 3746 ἦ
3203 3676 3330 3730 ἄλλο
3357 3695 3408 3732 τι
3444 3682 3597 3752 παρὰ
3636 3685 3781 3753 γνώ-

2213 3778 2320 3830 μην
2347 3762 2510 3815 αὑτοῦ
2540 3765 2778 3832 φορέσει,
2816 3767 3026 3838 ἡμέρας
3057 3772 3205 3840 τρεῖς
3237 3769 3640 3843 ξηροφαγείτω,
3673 3796 3774 3850 με-

2209 3854 2424 3915 τανοίας
2462 3853 2631 3905 ποιῶν
2663 3856 2880 3910 ἑκατόν.

2278 3942 2375 3995 κδ’.
2419 3944 2484 3996 Εἴ
2515 3961 2595 4007 τις
2637 3945 2830 4015 εὐρεθῇ
2864 3949 2929 4018 τῇ
2958 3950 3111 4003 νυκτὶ
3151 3951 3365 4017 ίδιάζων
3410 3956 3596 4025 κρύφα
3633 3959 3778 4028 μετά

2206 4048 2369 4096 τινος,
2400 4033 2432 4103 ἡ
2462 4034 2743 4094 ἀλλάσσων
2777 4037 2866 4090 τὸν
2890 4039 3054 4093 τόπον
3078 4041 3172 4094 τοῦ
3201 4045 3496 4113 κοιταρίου.
3528 4047 3560 4116 ἡ
3595 4051 3778 4117 μένων

2207 4121 2311 4186 ἔξω
2350 4124 2517 4193 χωρὶς
2554 4125 2654 4194 τῆς
2685 4126 2777 4179 τοῦ
2807 4129 3109 4201 ἡγουμένου
3143 4134 3384 4206 γνώμης,
3430 4139 3778 4209 ἁφορεςέσθω

2208 4215 2500 4285 ἑϐδομάδα.
2533 4217 2880 4289 ξηροφαγῶν,
2911 4225 3199 4292 μετανόίας
3227 4227 3398 4281 ποιῶν
3422 4234 3484 4282 o’.

2277 4315 2375 4362 κε’.
2404 4309 2508 4362 Τοῦ
2539 4312 2842 4381 ἡγουμένου
2880 4314 2954 4385 μὴ
2980 4317 3387 4386 ἐπιτρέψαντος,
3413 4321 3510 4374 ἐὰν
3545 4322 3779 4394 ἀδελφὸς

2208 4401 2411 4472 ἀλλάξῃ
2440 4403 2501 4454 τὸ
2527 4403 2858 4474 ὲργόχειρον,
2884 4407 3095 4477 ἡμέρας
3137 4408 3191 4478 μ’
3225 4407 3625 4481 ξηροφαγείτω,
3675 4433 3776 4486 με-

2207 4493 2422 4556 τανοίας
2452 4493 2620 4545 ποιῶν
2657 4500 2731 4548 π’.

615 4591 708 4646 26.
760 4592 815 4646 Si
850 4592 976 4662 quis
1012 4608 1124 4646 rem
1163 4609 1316 4646 suam
1363 4593 1600 4662 aliquam
1651 4608 1774 4646 cum
1805 4592 1914 4646 alio
1945 4592 2108 4647 fratre

2281 4587 2391 4645 κς’.
2427 4582 2494 4632 Εἴ
2525 4599 2606 4643 τις
2639 4583 2871 4652 πρᾶγμα
2914 4583 3109 4638 ἑαυτοῦ
3157 4585 3374 4653 ἀλλάξει
3427 4594 3567 4660 μετά
3604 4610 3775 4662 τινος,

547 4684 994 4749 commutaverit,
1028 4685 1343 4738 inconsulto
1373 4684 1686 4754 pra'posito,
1713 4684 1798 4738 vel
1848 4685 1962 4753 ipse
2015 4699 2112 4753 per

544 4794 603 4832 se
633 4776 1006 4846 acquisiverit,
1061 4787 1156 4829 aut
1193 4777 1260 4828 ab
1292 4777 1476 4844 aliquo
1501 4776 1788 4845 acceperit,
1828 4787 2112 4844 separetur

545 4871 741 4924 diebus
772 4870 1083 4932 duodecim,
1112 4879 1166 4922 et
1197 4878 1500 4923 mctanoeas
1532 4869 1803 4936 octoginta
1839 4868 2021 4922 faciat.

613 4961 704 5015 27.
739 4960 795 5014 Si
854 4961 979 5030 quis
1025 4971 1181 5017 extra
1230 4974 1474 5014 mensam
1522 4959 1853 5021 comederit,
1905 4958 2112 5026 absque

547 5050 822 5122 praepositi
858 5050 1257 5114 benediCtione,
1290 5051 1373 5103 vel
1392 5060 1545 5104 extra
1579 5049 1970 5114 infirmitatem,
2001 5047 2110 5102 ari-

545 5147 630 5202 dis
656 5146 837 5201 triduo
865 5153 1141 5209 vescatur,
1166 5159 1289 5197 cuttt
1320 5143 1607 5197 tnetanceis
1623 5143 1891 5196 ducentis.

613 5319 704 5374 28.
729 5317 785 5372 Si
810 5318 932 5388 quis
951 5326 1072 5386 post
1087 5316 1494 5386 completorium
1514 5315 1793 5369 comedere
1809 5312 2108 5383 deprehen-

544 5411 723 5474 datur,
755 5409 924 5463 aridis
964 5409 1238 5462 nutriatur
1283 5423 1389 5460 una
1446 5405 1805 5460 ltebdomada.
1836 5404 1891 5460 Si
1926 5414 2104 5459 autem

548 5502 731 5557 ridens
771 5500 1163 5569 comperiatur,
1203 5506 1502 5552 metanmas
1535 5496 1699 5551 faciat
1732 5494 2012 5550 ducentas.

2206 4673 2376 4742 χωρὶς
2419 4673 2512 4725 τοῦ
2564 4675 2888 4745 ἡγουμένου,
2942 4676 2974 4746 ἦ
3029 4678 3121 4746 ἀφ’
3168 4680 3360 4735 ἑαυτοῦ
3407 4685 3693 4752 κτήσεται.
3738 4689 3772 4758 ἡ

2206 4763 2346 4836 λάὸῃ
2376 4765 2526 4835 παρά
2556 4782 2719 4832 τινος,
2753 4767 3093 4838 ἀφοριζέσθω
3124 4770 3339 4842 ἡμέρας
3366 4772 3452 4844 ιβ’,
3483 4779 3778 4845 μετανοίας

2206 4856 2374 4908 ποιῶν
2397 4862 2469 4910 π’.

2278 4949 2380 5012 κζ’.
2430 4949 2499 5002 Εἴ
2545 4967 2626 5015 τις
2683 4951 2785 5017 ἔξω
2835 4952 2937 5023 τῆς
2969 4954 3247 5025 τραπέζης
3293 4957 3483 5022 ἐσθίει,
3529 4959 3626 5027 τῆς
3681 4960 3777 5013 τοῦ

2215 5041 2519 5110 ἡγουμένου
2560 5045 2727 5112 χωρὶς
2771 5045 3102 5118 εὐλογίας,ἡ
3150 5047 3458 5118 ἀρρωστίας
3502 5049 3647 5120 δίχα,
3687 5052 3781 5123 ξη-

2215 5134 2519 5203 ροφαγείτω
2574 5136 2792 5207 ἡμέρας
2830 5141 2998 5208 τρεῖς,
3046 5139 3216 5191 ποιῶν
3263 5141 3550 5210 μετανοίας
3597 5142 3780 5196 διακο·

2213 5224 2352 5287 σίας.

2281 5315 2389 5387 κη’.
2429 5317 2498 5372 El
2543 5335 2628 5382 τις
2684 5319 2821 5388 μετὰ
2865 5320 2933 5374 τὰ
2973 5321 3272 5376 ἁπόδειπνα
3314 5321 3508 5396 εὑρεθῇ
3557 5323 3781 5390 ἐσθίων,

2215 5403 2595 5476 ξηροφαγείτω
2617 5408 2882 5480 ἑϐδομάδα
2906 5426 2920 5442 ’
2949 5413 2999 5464 εἰ
3021 5412 3078 5465 δὲ
3103 5411 3299 5485 εὑρεθῇ
3329 5411 3522 5482 γελῶν,
3555 5417 3785 5470 ποιείτω

2216 5499 2498 5569 μετανοίας
2529 5499 2594 5555 ἐπ’.

1997 5678 2228 5737 NOTAE.

615 5776 749 5844 (10')
779 5775 960 5830 Canon
989 5785 1071 5829 est
1121 5790 1246 5844 pars
1294 5774 1448 5830 ofl'tcii
1490 5773 1821 5829 Grecorum.
