3968 6482
261 452 400 516 1753

1164 458 1694 519 MONACHORUM
1755 459 1993 518 ΡΕΕΝΕ
2055 459 2544 530 ΟΗΟΤΙΒΙΑΝᾸΞ

3321 456 3464 519 1754

323 565 426 618 κθ’.
455 564 524 616 Εἴ
557 579 642 625 τις
673 563 732 616 ἑν
768 562 1014 636 τραπέζῃ
1046 566 1415 634 συντυγχάνει,
1448 565 1483 637 ἡ
1515 565 1804 634 γελοιάζιι,

1974 566 2066 621 29.
2112 567 2170 622 Si
2203 568 2327 636 quis
2369 568 2422 622 in
2453 581 2641 622 mensa
2669 566 2884 623 locutus
2923 565 3085 622 fuerit
3137 574 3231 621 aut
3254 565 3460 626 riserit.

246 650 548 722 ἑγειρέσθω
569 651 750 713 εὐθὺς,
779 651 947 705 ποιῶν
971 655 1256 722 μετανοίας
1286 660 1353 726 ρ’.

321 742 383 797 λ’.
417 742 480 795 EE
504 759 586 804 τις
626 741 855 812 λυπήσει
893 743 983 795 τὸν
1019 742 1244 810 ἀδελφὸν
1283 742 1468 807 αὑτοῦ,
1501 743 1596 797 καὶ
1637 760 1805 797 κατα-

245 837 525 904 φρονήσας
580 833 653 902 μὴ
689 833 969 901 διαλλαγῇ,
1015 834 1130 888 ἀλλ’
1176 835 1268 888 ἐπὶ
1320 833 1397 904 τῷ
1444 833 1805 906 παροργισμῷ

248 925 432 996 μείνῃ.
479 925 820 994 άφοριζέσθω
855 926 1153 995 ἐσδομάδας
1195 924 1310 994 δύο,
1359 925 1677 997 ξηροφαγιῖΝ
1712 925 1806 978 καὶ

245 1015 420 1068 ποιῶν
458 1015 746 1084 μετανοίας
778 1022 841 1071 ν’.

315 1102 418 1157 λα’.
459 1106 525 1158 Εἰ
549 1122 629 1167 τις
660 1108 718 1156 ἐν
745 1105 926 1176 ἡμέρῃ
949 1122 1046 1175 της
1069 1105 1410 1175 λειτουργίας
1438 1106 1499 1160 οὐ
1526 1107 1819 1188 μεταλαμπ

243 1197 419 1259 ϐάνει,
444 1198 651 1251 εἰπάτω
673 1197 733 1250 τὸ
762 1198 932 1250 αἴτιον
952 1213 966 1228 ·
1013 1198 1061 1249 εί
1104 1198 1161 1251 δὲ
1198 1199 1272 1270 μὴ
1309 1199 1474 1266 εῐποι,
1500 1200 1805 1271 νηστευέτω

240 1289 349 1351 ἓως
370 1289 488 1358 ὀψὲ.
515 1288 683 1341 ποιῶν
718 1287 1004 1357 μετανοίας
1029 1287 1092 1343 il.

315 1381 417 1452 λβ’.
451 1382 640 1444 Ὅστις
671 1381 752 1433 ἑνὶ
775 1379 883 1432 τῶν
916 1381 1159 1450 ἀδελφῶν
1187 1381 1520 1450 προσπαθῶς
1564 1385 1683 1453 μετ’
1707 1383 1804 1436 αὖ·

237 1474 336 1527 τοῦ
381 1471 677 1544 ψιθυρίζει,
723 1472 1167 1543 ἀφοριζέσθωσαν
1209 1474 1259 1525 οἱ
1296 1473 1409 1538 δύο,
1439 1474 1543 1536 ἕως
1570 1475 1636 1528 ἂν
1665 1476 1801 1528 ἀπο·

241 1566 443 1619 στῶσιν
471 1564 734 1635 ἀλλήλων,
768 1562 1045 1626 ποιοῦντες
1081 1562 1186 1617 ἀνὰ
1227 1565 1511 1634 μετανοίας
1549 1572 1613 1637 ρ’.

311 1744 414 1814 λγ’.
442 1744 632 1807 Ὅστις
656 1742 936 1811 ἀπολείψει
960 1744 1038 1805 είς
1059 1740 1155 1812 τὴν
1177 1738 1350 1812 ἀρχὴν
1374 1741 1606 1811 ἑκάστης
1624 1742 1801 1814 ψαλμ-

236 1838 427 1907 ῳδίας,
479 1837 645 1906 χωρὶς
698 1835 974 1897 διακονίας
1025 1833 1059 1904 ἢ
1108 1831 1431 1904 προφάσεως
1475 1835 1799 1903 ἀναγκαίας,

237 1930 468 1984 ποιείτω
495 1929 784 1998 μετανοίας
809 1935 876 1998 ρ’.

307 2024 402 2077 λδ¹.
437 2023 624 2086 Ὅστις
653 2024 716 2074 ὲκ
747 2021 1019 2094 ῥᾳθυμίας
1039 2022 1211 2094 λείψοι
1238 2021 1332 2077 τοῦ
1359 2021 1599 2085 κανόνος,
1636 2019 1668 2090 ἡ
1694 2019 1801 2072 ἀπὸ

235 2114 514 2187 ).υχνικοῦ,
555 2114 588 2186 ἡ
618 2113 785 2184 ἀλλης
812 2113 1150 2185 ψαλμῳδίας,
1181 2113 1556 2186 ξηροφαγείτω
1586 2110 1800 2181 ἡμέραν

239 2212 394 2285 μίαν,
422 2208 592 2263 ποιῶν
622 2208 907 2279 μετανοίας
935 2213 1002 2279 ρ’.

306 2303 404 2358 λε’.
451 2301 640 2363 Ὅστις
685 2299 827 2353 κατὰ
867 2299 1125 2368 ἀμέλειαν
1161 2298 1222 2352 οὐ
1264 2296 1475 2352 καθίσει
1519 2293 1657 2364 μετά
1691 2292 1801 2346 τῶν

235 2391 486 2464 ἀδελφῶν
537 2392 616 2454 είς
659 2391 760 2462 τὴν
800 2390 1104 2462 τράπεζαν,
1141 2389 1447 2460 νηστευέτω
1487 2384 1800 2450 λοιπὸνέως

307 2485 355 2540 ἑ.

443 2573 632 2635 Ὅστις
663 2569 792 2624 ἀνευ
833 2568 1080 2640 ἀνάγκης
1121 2568 1429 2640 προεγερθῇ
1464 2565 1563 2636 τῆς
1593 2563 1800 2636 τραπέ-

235 2665 357 2738 ζης,
405 2667 556 2736 τρεῖς
600 2661 811 2736 ἡμέρας
855 2657 995 2715 οἶνον
1031 2662 1106 2733 μὴ
1140 2660 1397 2727 πινεσθω,
1428 2657 1595 2713 ποιῶν
1631 2673 1800 2728 μετα-

234 2761 388 2818 νοίας
415 2753 482 2824 ρ’.

304 2849 404 2913 λζ’.
427 2849 614 2908 Ὅστις
641 2844 949 2917 ἀργολογεϊ,
975 2843 1008 2914 ἡ
1031 2843 1335 2914 εὐτράπελα
1359 2843 1648 2912 φθέγγεται
1664 2839 1799 2910 (Η),

235 2938 382 2995 οἶνον
427 2938 504 3011 μὴ
537 2939 740 2992 πινέτω
772 2935 869 3008 τὴν
903 2936 1117 3007 ἡμέραν
1153 2936 1389 3007 εκείνην,
1429 2933 1596 2986 ποιῶν
1635 2947 1800 3001 μετα-

233 3034 383 3095 νοίας
413 3029 486 3101 μ’.

304 3125 411 3194 λη’.
438 3121 506 3176 Ei
532 3138 618 3185 τις
639 3120 748 3176 τῶν
777 3119 1179 3188 παιδευομένων
1206 3116 1330 3172 τινὰ
1355 3118 1444 3173 διὰ
1469 3121 1689 3194 σφάλμα
1711 3125 1802 3178 ἐκ.

233 3219 470 3286 δικήσει,
520 3213 896 3286 ξηροφαγείτω
951 3211 1224 3284 ἑϐδομάδα
1265 3213 1420 3284 μίαν,
1468 3216 1637 3270 ποιῶν
1678 3218 1798 3272 καθ’
1827 3257 1872 3324 C

235 3310 452 3380 ἡμέραν
486 3307 774 3377 μετανοίας
803 3313 869 3378 ρ’.

307 3398 407 3454 λθ’.
444 3401 509 3452 Et
541 3415 623 3462 τις
662 3398 976 3467 πολεμεῖται
1005 3398 1086 3461 είς
1113 3398 1392 3469 πορνείαν,
1423 3397 1803 3470 ξηροφαγείτω

236 3492 452 3562 ἡμέρας
485 3494 536 3560 μ’
563 3506 577 3520 ο
612 3490 659 3540 εἰ
693 3487 749 3540 δὲ
783 3486 857 3557 μὴ
881 3487 1146 3542 παύσεται
1194 3491 1222 3540 ὁ
1253 3488 1508 3557 πόλεμος,
1540 3488 1643 3552 ἕως
1675 3489 1804 3542 ἀνα-

238 3581 510 3634 παύσεται
560 3578 960 3649 ξηροφαγείτω,
1000 3577 1167 3631 ποιῶν
1200 3578 1486 3649 μετανοίας
1527 3579 1616 3633 τὸν
1644 3579 1804 3650 νυχθ-

237 3674 444 3743 ήμερον
475 3679 543 3726 τ’.

315 3771 388 3832 μ’.
415 3764 480 3816 Et
503 3779 587 3826 τις
622 3759 906 3832 χαρίζεταί
943 3777 1049 3814 τινι
1097 3759 1159 3814 τὸ
1199 3760 1428 3815 παλαιὸν
1471 3761 1634 3815 αὐτοῦ
1675 3761 1803 3832 ἰμά-

237 3874 374 3920 τιον,
401 3857 567 3925 χωρὶς
598 3854 898 3924 ἐπιτροπῆς
922 3853 1015 3906 τοῦ
1047 3853 1372 3923 ἡγουμένου,
1424 3853 1805 3925 ξηροφαγείτω

239 3945 508 4013 ἑϐδομάδα
535 3943 684 4014 μίαν,
709 3941 878 3996 ποιῶν
908 3943 1192 4012 μετανοίας
1221 3942 1282 4008 ξ’.

312 4044 422 4107 μα’.
479 4038 543 4090 Et
575 4053 659 4099 τις
703 4035 1028 4104 ὲνυπνιασθῇ
1064 4036 1143 4098 είς
1191 4035 1467 4106 πορνείαν,
1509 4034 1802 4106 ἀκοινώνη-

235 4147 328 4191 τος
370 4128 524 4181 ἔσται
563 4126 660 4197 τὴν
693 4127 910 4197 ἡμέραν
944 4127 1180 4196 ἐκείνην,
1211 4126 1378 4179 ποιῶν
1413 4128 1695 4197 μετανοίας
1727 4127 1801 4198 μ’.

235 4218 414 4284 λέγων
440 4215 532 4268 τὸν
558 4213 602 4266 ν’
626 4213 862 4284 ψαλμὸν,
893 4212 986 4268 καὶ
1013 4215 1095 4280 τὸ,
1118 4217 1316 4285 Κύριε,
1347 4216 1631 4285 ἐλέησον,
1669 4219 1800 4272 έκα-

233 4309 345 4362 τόν.

311 4398 421 4470 μβ⁹.
462 4396 522 4451 Ὀ
547 4396 790 4468 μαλακὸς
819 4399 1030 4469 ἡμέρας
1061 4397 1116 4470 μ’
1147 4397 1508 4471 ἀκοινώνητος
1537 4399 1697 4456 ἔστω.

312 4581 424 4644 μγ’.
461 4572 520 4627 Ὀ
549 4571 786 4642 ψεύστης
817 4572 956 4626 ἔστω
988 4573 1348 4642 ἀκοινώνητος
1374 4576 1583 4646 ἡμέρας
1622 4582 1696 4643 μ’.

314 4665 420 4736 μδθ.
466 4664 526 4715 ’0
556 4662 856 4727 κατάλαλος
880 4664 1080 4734 ὁμοίως
1110 4667 1319 4735 ἡμέρας
1344 4672 1418 4734 μ’.

315 4759 419 4824 με’.
458 4752 517 4804 Ὀ
546 4749 861 4821 βλάσφημος
893 4753 1033 4806 κατά
1055 4754 1230 4807 πάντα
1259 4757 1458 4827 τρόπον
1490 4756 1583 4810 καὶ
1619 4759 1800 4812 ὁπωσ-

238 4843 462 4911 δήποτε,
519 4841 710 4904 ἀλαλος
757 4841 897 4895 έστω
938 4843 1150 4912 ἡμέρας
1192 4849 1265 4914 μ’,
1313 4847 1481 4909 ποιῶν
1517 4849 1802 4918 μετανοίας

239 4934 362 4986 καθ’
389 4932 604 5004 ἡμέραν
627 4929 691 4985 ν’.

1904 657 2086 713 statim
2121 671 2350 726 surgens
2376 655 2544 710 faciat
2577 665 2876 711 metanteas
2901 665 3142 712 centum.

1973 748 2062 803 50.
2097 746 2154 800 Si
2195 747 2321 817 quis
2389 747 2543 801 fratri
2598 763 2700 803 suo
2731 747 3031 803 molestiam
3090 747 3374 810 creaverit,
3408 756 3462 800 et

1903 836 2098 891 deinde
2127 837 2469 891 reconciliari
2496 838 2815 907 neglexerit,
2847 837 2939 892 sed
2974 838 3026 891 in
3046 837 3320 892 simultate
3344 853 3465 905 prr-

1909 927 2193 988 manserit,
2234 937 2524 996 separetur
2549 928 2762 982 duabus
2791 927 3346 991 hebdontadis,aridis
3375 944 3465 980 \e-

1903 1033 2081 1083 scens,
2117 1033 2239 1072 cum
2275 1020 2557 1073 metanmis
2587 1020 2999 1088 quinquaginta.

1971 1108 2060 1163 51.
2091 1107 2150 1162 Si
2170 1109 2293 1177 quis
2319 1108 2407 1162 die
2434 1108 2686 1178 liturgico
2710 1107 3103 1162 Eucharistiam
3131 1123 3238 1162 non
3258 1117 3460 1175 sumat,

1903 1200 1980 1254 rei
2009 1215 2232 1255 causam
2278 1200 2442 1254 dicat.
2480 1201 2537 1253 Si
2573 1215 2678 1254 nou
2704 1200 2922 1265 dixerit,
2952 1200 3164 1270 jejunet
3192 1216 3364 1270 usque
3393 1202 3461 1254 ad

1901 1307 2202 1362 vesperam,
2226 1307 2351 1347 cum
2384 1292 2667 1346 metanmis
2695 1293 3113 1362 quinquaginta.
3151 1317 3155 1320 -

1973 1381 2064 1437 52.
2115 1379 2174 1435 Si
2226 1381 2351 1451 quis
2403 1395 2468 1437 ex
2513 1383 2773 1452 peculiari
2794 1397 2921 1452 erga
2962 1381 3184 1436 fratrem
3227 1383 3460 1451 aliquem

1902 1473 2117 1537 affectu,
2149 1489 2275 1529 cum
2303 1488 2369 1529 eo
2397 1476 2667 1536 mussitet,
2697 1485 3017 1544 separentur
3073 1475 3256 1540 ambo,
3288 1476 3464 1529 donec

1901 1564 2245 1619 sodalitatem
2278 1564 2559 1633 dirimant,
2621 1565 2931 1636 faciantque
2983 1573 3282 1621 metanoeas
3333 1580 3465 1621 cen-

1899 1664 2037 1710 tum.

1966 1746 2056 1803 55.
2098 1744 2156 1801 Si
2182 1746 2303 1817 quis
2325 1746 2761 1817 uniuscujusque
2805 1748 3122 1818 psalmodia:
3177 1749 3334 1804 initio
3368 1749 3465 1804 de-

1901 1839 2080 1904 fuerit,
2121 1856 2298 1912 neque
2349 1843 2680 1907 ministerio,
2715 1859 2892 1913 neque
2939 1859 3104 1900 causa
3157 1847 3463 1901 neCessaria

1906 1932 2221 2001 impeditus,
2251 1945 2469 1989 centum
2509 1935 2674 1990 faciat
2699 1944 3022 1992 metanmas.

1973 2025 2065 2080 δι.
2087 2025 2143 2080 Si
2166 2028 2290 2096 quis
2322 2026 2393 2081 ob
2420 2027 2694 2097 pigritiam
2757 2029 2949 2083 canoui
2983 2044 3090 2083 non
3134 2028 3461 2094 interfuerit,

1903 2124 1996 2169 aut
2025 2115 2308 2186 lychnico,
2359 2128 2454 2172 aut
2481 2119 2573 2172 alii
2623 2118 2939 2188 psnlmodiae
2977 2121 3138 2188 parti,
3171 2119 3340 2175 aridis
3373 2136 3464 2175 ve-

1905 2214 2090 2261 scatur
2120 2221 2228 2260 uno
2267 2206 2373 2271 die,
2411 2223 2534 2261 cum
2567 2209 2855 2264 metanmis
2887 2221 3127 2263 centum.

1975 2295 2062 2350 55.
2089 2295 2146 2351 Si
2173 2296 2298 2366 quis
2331 2297 2400 2351 ob
2425 2298 2729 2352 socordiam
2753 2313 2861 2353 non
2891 2299 3094 2354 sederit
3117 2315 3240 2353 cum
3279 2298 3467 2354 fratri-

1902 2385 2005 2442 bus
2064 2387 2132 2442 ad
2186 2403 2453 2453 mensam,
2500 2388 2712 2460 jejunet
2748 2389 2946 2444 deinde
2977 2404 3150 2460 usque
3171 2390 3239 2443 ad
3269 2405 3463 2460 vespe-

1903 2495 2044 2536 ram.

1974 2568 2062 2623 '56.
2089 2567 2145 2623 Si
2176 2569 2302 2639 quis
2350 2569 2469 2624 sine
2500 2570 2826 2625 necessitate
2876 2580 3002 2626 ante
3032 2570 3170 2625 alios
3199 2585 3229 2624 a
3271 2585 3462 2625 mensa

1904 2661 2224 2724 surrexerit,
2258 2660 2442 2716 triduo
2461 2661 2646 2714 vinum
2681 2674 2792 2716 non
2832 2660 3002 2726 bibat,
3039 2660 3246 2716 faciens
3297 2661 3463 2716 simul

1905 2757 2206 2805 metanmas
2242 2761 2484 2806 centum.

1970 2843 2058 2896 37.
2083 2841 2188 2908 Qui
2209 2842 2384 2897 otiosa
2401 2844 2564 2897 verba
2596 2843 2890 2912 autjoeosa
2926 2839 3242 2904 eﬂ‘utiverit,
3275 2841 3461 2896 vinum

1904 2948 1970 2987 ne
2006 2935 2158 2989 bibat
2188 2934 2278 2989 die
2315 2934 2430 3000 illo,
2480 2934 2575 2989 sed
2625 2932 2988 3004 quadraginta
3039 2943 3337 2988 tnetanmas
3375 2933 3463 2988 fa-

1903 3026 2028 3081 ciat.

1972 3117 2062 3172 58.
2114 3117 2174 3173 Si
2233 3116 2356 3188 quis
2385 3119 2642 3188 aliquem,
2677 3121 2769 3190 qui
2821 3123 2891 3176 ob
2941 3121 3155 3191 culpam
3181 3129 3464 3176 correctus

1907 3208 2089 3274 fuerit,
2119 3208 2396 3279 defendat,
2452 3211 2620 3269 aridis
2667 3225 2922 3268 vescatur
2953 3228 3059 3268 una
3099 3211 3460 3278 bebdomada,

1906 3317 2029 3357 cum
2071 3303 2354 3359 metanmis
2385 3304 2716 3374 quotidianis
2738 3315 2983 3360 centum.

1977 3394 2067 3450 59.
2101 3394 2158 3449 Si
2196 3396 2319 3465 quis
2359 3403 2600 3451 tentatur
2632 3398 2697 3451 ad
2731 3397 3133 3463 fornicandum,
3183 3398 3332 3452 arida
3368 3411 3467 3453 cn-

1908 3489 2086 3541 medat
2129 3487 2321 3542 diebus
2366 3488 2748 3560 quadraginta.
2786 3489 2944 3557 Quod
2997 3490 3043 3546 si
3078 3491 3303 3546 tentatio
3353 3506 3462 3544 non

1907 3579 2138 3645 desinat,
2184 3580 2369 3636 tandiu
2409 3582 2579 3638 aridis
2621 3593 2872 3637 vescatur
2899 3583 3075 3638 donec
3096 3600 3158 3638 ea
3193 3583 3461 3653 quiescat,

1909 3669 2179 3741 faciatque
2207 3674 2298 3727 diu
2336 3684 2610 3743 noctuque
2640 3684 2942 3730 metancnas
2964 3684 3254 3731 trecentas.

1978 3759 2066 3814 40.
2103 3760 2159 3816 Si
2185 3762 2310 3832 quis
2333 3762 2496 3816 alicui
2519 3774 2751 3817 veterem
2776 3777 2930 3816 suam
2958 3773 3160 3818 vestem
3183 3760 3463 3835 largiatur,

1908 3854 2026 3909 sine
2048 3854 2318 3924 praepositi
2348 3855 2587 3920 licentia,
2627 3854 2794 3910 aridis
2820 3863 3074 3911 vescatur
3103 3871 3210 3912 una
3255 3857 3465 3913 hebdo-

1913 3946 2092 4012 mada,
2127 3961 2250 4000 cum
2280 3949 2572 4002 metanteis
2605 3950 2908 4017 sexaginta.

1979 4034 2068 4086 41.
2120 4032 2176 4087 Si
2226 4036 2349 4104 quis
2407 4036 2642 4090 somniet
2705 4035 3142 4102 fornicationem,
3195 4037 3467 4093 abstineat

1907 4125 2290 4178 communione
2318 4124 2405 4178 die
2429 4123 2542 4186 illo,
2576 4123 2738 4179 faciat
2766 4135 3060 4181 iuetanaaas
3083 4128 3462 4198 quadraginta,

1910 4216 2208 4285 recitetque
2238 4217 2506 4285 psalmum
2527 4216 3062 4288 quinquagesimum,
3095 4235 3217 4273 cum
3243 4218 3466 4275 Domine

1907 4319 2147 4355 miserere
2175 4317 2397 4358 centies.

1978 4391 2067 4444 42.
2112 4390 2289 4447 Mollis
2324 4393 2531 4463 absque
2578 4394 2963 4450 communione
2990 4395 3062 4450 sit
3109 4394 3303 4452 diebus
3332 4411 3442 4468 qua

1907 4480 2174 4550 draginta.

1976 4571 2066 4624 43.
2098 4569 2324 4625 Mendax
2355 4571 2482 4627 item
2513 4572 2706 4630 diebus
2744 4573 3126 4643 quadraginta.

1980 4661 2064 4717 64.
2101 4663 2450 4718 Obtrectator
2471 4665 2725 4720 similiter
2756 4665 2948 4722 diebus
2978 4670 3359 4740 quadraginta.

1972 4749 2063 4802 45.
2113 4750 2474 4821 Blaspliemus
2523 4756 2932 4823 quomodolibet
2977 4767 3033 4812 et
3087 4761 3463 4829 quamlolibet,

1904 4851 2087 4897 mutus
2124 4845 2196 4896 sit
2225 4843 2416 4899 diebus
2449 4846 2830 4918 quadraginta,
2862 4864 2986 4903 cum
3017 4851 3304 4905 metanwis
3327 4866 3465 4919 quo-

1902 4931 2033 4984 tidie
2063 4932 2476 5006 quinquaginta.

311 5025 431 5096 μς’.
475 5025 600 5078 Ἐὰν
628 5024 797 5078 θέλων
838 5043 922 5088 τις
961 5030 1370 5102 μιαροφαγήσῃ,
1400 5030 1537 5085 ἔστω
1568 5032 1796 5086 ἀκοινώ-

1976 5021 2068 5077 46.
2104 5024 2160 5077 Si
2192 5026 2315 5094 quis
2347 5027 2483 5081 cibis
2516 5030 2696 5084 vetitis
2727 5043 2998 5099 vescatur,
3025 5034 3096 5089 sit
3129 5043 3281 5089 extra
3313 5051 3458 5089 com-

236 5133 396 5187 νητος
426 5115 519 5188 ἔτη
551 5122 590 5169 ε’
618 5131 632 5147 ο
665 5117 715 5169 εί
739 5116 795 5169 δὲ
823 5118 888 5171 ἐκ
911 5117 1030 5188 βίας
1060 5120 1218 5174 τοῦτο
1242 5122 1408 5193 πάθη,
1440 5123 1648 5194 ἡμέρας
1670 5142 1795 5178 τεσ-

240 5209 569 5279 σαράκοντα.

311 5300 419 5369 μς.
467 5299 593 5352 Ἐὰν
639 5299 869 5370 μοναχδς
900 5300 1312 5373 μεγαλοσχημος
1340 5303 1481 5374 πέσῃ
1503 5305 1581 5366 εἰς
1606 5305 1794 5370 πάθος,

238 5391 376 5445 ἔστω
406 5391 769 5462 ἀκοινώνητος
803 5392 897 5464 ἐτη
939 5399 979 5446 ε’
1007 5408 1022 5424 ο
1063 5396 1112 5447 εί
1157 5394 1216 5447 δὲ
1265 5395 1654 5466 μικρόσχημος,
1702 5398 1796 5469 ἐτη

1902 5115 2212 5169 munionem
2241 5120 2397 5173 annis
2425 5121 2685 5191 quinque.
2710 5122 2863 5190 Quod
2895 5126 2941 5181 si
2973 5136 3196 5183 coactus
3232 5129 3334 5183 hoc
3379 5127 3461 5182 fe-

1900 5208 2057 5270 cerit,
2091 5208 2284 5264 diebus
2308 5212 2686 5282 quadraginta,

1976 5300 2065 5355 47.
2106 5302 2161 5354 Si
2189 5305 2494 5359 monachus
2525 5306 2706 5376 magni
2736 5308 3030 5364 schematis
3059 5310 3271 5364 labatur
3305 5311 3354 5362 in
3381 5311 3453 5363 lu-

1904 5394 2144 5459 xuriam,
2180 5395 2252 5450 sit
2278 5405 2432 5451 extra
2479 5398 2924 5455 communionem
2967 5403 3380 5474 quinquennio:
3414 5403 3460 5457 si

1739 5573 1969 5633 ΝΟΤᾸΞ.

310 5722 419 5788 (ll)
450 5722 685 5796 Sanctus
717 5723 1041 5782 Benedictus
1069 5727 1202 5795 Reg.
1233 5741 1351 5796 cap.
1384 5726 1419 5781 6
1449 5744 1463 5780 :
1497 5745 1516 5778 c
1547 5726 1803 5781 δίκη-ῆι.

243 5801 374 5847 tates
399 5793 476 5846 vel
500 5798 652 5848 verba
681 5797 851 5848 otiosa
880 5807 929 5849 et
952 5799 1116 5850 risum
1140 5793 1417 5859 moventia,
1439 5807 1632 5851 (eterna
1655 5799 1802 5850 clau-

239 5879 365 5916 sura
394 5866 446 5918 in
469 5865 706 5920 omnibus
734 5867 862 5921 locis
895 5867 1207 5922 damnamus
1229 5881 1248 5931 ,'
1269 5877 1317 5922 et
1345 5868 1413 5921 ad
1436 5870 1568 5922 talia
1596 5869 1804 5935 eloquia

1907 5731 2469 5807 discipulum__ap§rire
2507 5751 2563 5788 os
2605 5751 2706 5807 non
2745 5738 3114 5807 permittimus.
3168 5755 3188 5789 ι
3229 5735 3463 5807 Legatur

2028 5802 2273 5880 Μαι-ξοπιίί
2305 5801 2772 5880 Commentariun
2806 5805 3006 5880 Eadem
3043 5822 3208 5880 porro
3237 5801 3458 5864 senten-

1912 5872 1984 5925 tia
2015 5882 2100 5927 est
2134 5873 2189 5928 ὃ.
2223 5871 2405 5929 Basilii
2437 5872 2624 5931 Const.
2659 5892 2777 5942 cap.
2817 5879 2899 5932 ιε’..
