3968 6462
508 393 644 458 1755

1681 390 1744 450 S.
1779 389 2166 450 THEODORI
2207 391 2548 451 STUDIT/E

3595 380 3737 441 1756

507 525 635 563 vero
675 505 824 578 parvi
853 503 1168 570 schematis,
1215 502 1453 559 biennio.
1481 500 1683 559 Eadem
1716 503 1801 558 lex
1847 503 1915 558 de
1944 517 2063 556 mo-

2218 502 2296 555 ἱο·
2354 506 2383 559 ὁ
2429 504 2588 568 αὐτὸς
2633 502 2691 557 δὲ
2742 501 2867 575 δρος
2917 497 3188 570 κρατείτω
3272 495 3369 548 καὶ
3407 492 3502 546 ἐπὶ
3565 510 3738 562 μονα-

504 600 742 653 nialibus
771 611 990 668 quoque
1017 596 1215 650 valeat.

579 692 668 746 48.
713 690 768 744 Si
799 689 1099 744 monachus
1124 688 1312 743 ebrius
1338 687 1450 751 fiat,
1488 685 1754 740 habeatur
1785 695 1846 739 ut
1893 682 2066 739 forni-

508 782 709 840 carius.
737 791 792 835 et
815 781 881 835 sit
907 790 1056 832 extra
1083 777 1517 832 communionem
1558 777 1795 831 biennio.

583 875 670 928 49.
697 872 755 925 Si
789 873 840 925 in
875 871 1091 941 publico
1120 871 1320 935 riserit,
1364 869 1435 923 sit
1461 880 1610 924 extra
1627 867 2064 923 communionem

508 962 702 1015 diebus
734 958 1090 1028 quadraginta
1105 1001 1118 1013 .

578 1049 667 1102 50.
706 1045 762 1100 Si
807 1047 877 1101 ob
907 1045 1182 1114 crapulam
1223 1045 1516 1107 vomuerit,
1551 1043 1621 1096 sit
1667 1043 1875 1113 pariter
1913 1049 2068 1096 extra

511 1140 950 1196 communionem
981 1139 1173 1192 diebus
1200 1137 1579 1206 quadraginta.

580 1233 670 1286 51.
706 1231 762 1285 Si
791 1229 971 1300 magni
1023 1228 1318 1283 schematis
1348 1227 1649 1281 monachus
1681 1228 1798 1281 sine
1854 1226 2071 1281 cucullo

512 1340 612 1380 suo
650 1322 1030 1386 ambulaverit,
1089 1320 1160 1375 sit
1191 1329 1344 1374 extra
1397 1318 1830 1373 communionem
1881 1317 2071 1371 diebus

512 1416 890 1486 quadraginta.
935 1411 1120 1482 Neque
1156 1412 1301 1466 enim
1339 1410 1391 1463 in
1428 1411 1547 1478 ejus
1589 1418 1857 1479 potestate
1880 1417 1982 1472 est,
2014 1417 2075 1462 ut

513 1509 632 1564 sine
665 1506 956 1562 schematis
973 1506 1056 1560 sui
1075 1503 1380 1573 insignibus
1409 1511 1680 1572 Operetnr,
1710 1510 1800 1556 aut
1815 1501 2071 1566 dormiat,

513 1610 605 1654 aut
635 1599 1071 1670 quandocunque
1105 1599 1187 1651 vel
1210 1598 1450 1667 quolibet
1482 1595 1745 1650 ambulet.

585 1692 673 1746 52.
707 1691 762 1745 Si
794 1694 918 1761 quis
947 1689 1346 1744 contradixerit
1382 1685 1600 1758 praesidi
1636 1699 1760 1750 suo,
1795 1682 1880 1737 vel
1909 1680 2074 1736 alicui

515 1783 694 1852 fratri,
717 1784 784 1838 sit
809 1791 964 1837 extra
996 1781 1436 1837 communionem
1469 1778 1660 1833 diebus
1690 1773 2071 1845 quadraginta.

589 1961 676 2015 53.
705 1960 1002 2016 Monachus
1029 1961 1124 2028 qui
1163 1975 1286 2014 cum
1351 1955 1703 2013 saecularibus
1734 1955 1788 2008 in
1828 1953 2079 2008 convivio

520 2055 741 2121 sederit,
782 2057 855 2111 sit
914 2067 1065 2110 extra
1098 2052 1540 2109 communionem
1605 2048 1796 2104 diebus
1844 2046 2080 2118 quadra-

520 2147 690 2218 ginta.

593 2240 680 2295 54.
735 2239 791 2294 Si
832 2239 1133 2294 monachus
1163 2247 1257 2292 aut
1300 2235 1554 2291 monialis
1620 2231 1950 2289 monasterio
1983 2245 2082 2285 suo

521 2332 828 2401 diffugiant,
866 2346 1080 2399 pinnam
1109 2328 1690 2383 excomm-nnicatimtis
1714 2326 2081 2380 duodecennis

523 2420 829 2473 incurrunt.
857 2415 910 2470 Si
945 2431 1074 2470 vero
1123 2417 1307 2470 vitiata
1342 2416 1523 2469 anima
1560 2415 1696 2468 clam
1751 2411 2083 2467 monasterio

523 2523 583 2562 se
608 2507 988 2572 subduxerint,
1030 2521 1167 2575 opus
1196 2515 1281 2559 est
1325 2514 1384 2556 ut
1431 2503 1484 2556 bi
1523 2504 1757 2572 aliquem
1796 2502 2079 2569 probatum

525 2597 851 2651 monachum
879 2597 1176 2659 inveniant,
1208 2595 1368 2664 eique
1397 2609 1570 2664 pauca
1599 2610 1661 2648 ex
1702 2594 1884 2647 multis
1913 2594 2081 2664 signi-

525 2689 707 2753 ficent,
760 2705 882 2757 qua:
944 2690 1009 2742 ad
1062 2691 1138 2742 rei
1192 2687 1626 2740 emendationem
1661 2687 1980 2752 conferant;
2027 2694 2086 2740 ut

525 2795 621 2847 per
648 2779 945 2834 sacerdotis
979 2779 1318 2848 prudentiam
1378 2777 1719 2832 reconciliari
1763 2778 2086 2846 prtesidibus

526 2872 642 2926 suis
709 2873 936 2940 possint,
997 2882 1049 2926 et
1100 2873 1154 2925 in
1217 2873 1435 2942 propria
1462 2871 1814 2936 monasteria,
1881 2870 2086 2926 sanatis

527 2963 724 3017 anima:
752 2963 947 3032 culpis,
985 2965 1201 3017 reverti.

2103 1838 2150 1897 B

2170 611 2387 666 στριων.

2243 695 2352 758 μηθ.
2405 688 2530 740 Ἐὰν
2558 685 2788 756 μοναχδς
2819 683 3045 755 μεθύσῃ¹
3080 681 3427 751 ὲπὸρνευσεν,
3464 677 3561 730 καὶ
3595 676 3742 730 ἐστι.»

2169 780 2532 847 ἀκοινώνητος
2562 778 2655 848 ἔτη
2680 779 2792 830 δύο.

2243 869 2348 939 μθ’.
2395 870 2518 923 Ἐὰν
2565 871 2657 922 ἐπὶ
2699 869 2869 938 δήμου
2914 864 3141 936 γελάσῃ,
3184 863 3323 918 ἔστω
3368 861 3740 930 ἀκοινώνητος

2170 962 2382 1032 ἡμέρας
2417 969 2487 1033 μ’·

2239 1057 2303 1105 ν’.
2341 1052 2466 1105 Ἐὰν
2495 1051 2602 1104 ἀπὸ
2632 1047 3076 1121 γαστριμαργίας
3117 1046 3310 1119 ἐμέσῃ,
3343 1045 3544 1116 ὁμοίως
3581 1045 3738 1096 ἀκοι-

2172 1142 2404 1215 νώνητος
2426 1143 2562 1196 ἔστω
2583 1143 2793 1213 ἡμέρας
2815 1140 2888 1212 μ’.

2242 1243 2341 1290 να¹.
2381 1236 2504 1289 Ἐὰν
2531 1236 2876 1306 περιπατήσῃ
2904 1231 3315 1303 μεγαλὸσχημος
3340 1230 3468 1284 ἄνευ
3491 1228 3587 1281 τοῦ
3616 1247 3744 1281 κου-

2172 1328 2419 1382 κουλλίου
2451 1327 2634 1391 αὐτοῦ,
2671 1327 2809 1379 ἔστω
2856 1323 3216 1394 ἀκοινώνητος
3257 1323 3468 1393 ἡμέρας
3503 1328 3584 1391 μ’·
3643 1323 3748 1373 οὐκ

2173 1417 2288 1487 ἔχει
2321 1417 2428 1488 γὰρ
2457 1416 2705 1480 ἐξουσίαν
2737 1413 2976 1476 τοιοῦτος
3013 1413 3140 1466 ἀνευ
3187 1411 3293 1464 τῶν
3326 1410 3613 1480 συμϐόλων
3643 1411 3743 1464 τοῦ

2173 1510 2329 1578 ἁγίου
2361 1509 2635 1580 σχήματος
2664 1504 3025 1576 ἐργάσασθαι,
3055 1504 3088 1574 ἢ
3124 1503 3472 1574 κοιμηθῆναι,
3504 1503 3538 1572 ἢ
3575 1519 3745 1574 περι-

2176 1598 2416 1668 πατῆσαί
2438 1615 2567 1651 ποτε
2602 1596 2702 1650 πού
2711 1613 2857 1650 ποτε.

2243 1687 2342 1758 νβ’.
2386 1686 2508 1739 Ἐὰν
2534 1685 2949 1756 ἀντιλογήσηταί
2973 1702 3055 1748 τις
3077 1682 3154 1754 τῷ
3180 1682 3480 1755 προεστῶτι
3497 1681 3693 1745 αὐτοῦ,
3710 1686 3747 1755 ἦ

2175 1797 2279 1833 τινι
2308 1778 2522 1849 ἀδελφῷ
2553 1776 2742 1844 αὐτοῦ,
2766 1777 2906 1831 ἔστω
2955 1775 3314 1846 ἀκοινώνητος
3367 1775 3580 1845 ἡμέρας
3615 1791 3747 1827 τεσ-

2179 1872 2506 1944 σαράκοντα.

2248 1961 2348 2030 κγ’.
2386 1961 2510 2014 Ἐὰν
2543 1959 2678 2030 μετὰ
2709 1959 2988 2029 κοσμικῶν
3018 1959 3218 2030 καθίσῃ
3248 1959 3477 2031 μοναχδς
3499 1960 3579 2021 είς
3607 1976 3753 2029 συμ-

2181 2053 2388 2120 πόσιον,
2418 2052 2558 2106 ἔστω
2585 2051 2947 2123 ἀκοινώνητος
2974 2051 3184 2123 ἡμέρας
3216 2058 3289 2121 μ’.

2251 2225 2342 2280 νδ’.
2391 2225 2513 2278 Ἐὰν
2545 2223 2774 2294 μοναχὸς
2813 2223 2846 2292 ἢ
2879 2222 3084 2294 μοναχῆ
3120 2223 3212 2278 τοῦ
3248 2221 3614 2294 μοναστηρίου
3647 2225 3751 2276 αύ-

2181 2317 2290 2370 τῶν
2339 2315 2736 2383 ἀποδράσωσιν,
2775 2313 2988 2383 ἔχουσιν
3027 2313 3420 2382 ἀκοινωνησίας
3467 2313 3754 2380 ἐπιτίμιον

2183 2408 2276 2480 ἐτη
2310 2407 2377 2476 ιβ’
2400 2425 2412 2436 ο
2455 2408 2501 2459 εἰ
2533 2408 2588 2459 δέ
2627 2423 2690 2474 γε
2725 2397 2864 2459 κᾶτά
2901 2405 3075 2478 ψυχὴν
3102 2406 3441 2475 βλάπτωνται
3472 2406 3568 2457 καὶ
3597 2404 3756 2470 ἐξέλ-

2185 2499 2316 2551 θωσι
2347 2497 2615 2566 λαθραίως
2644 2497 2750 2550 τῶν
2783 2497 3181 2566 μοναστηρίων,
3211 2495 3290 2546 δεῖ
3321 2494 3542 2554 τούτους
3567 2496 3753 2566 εὑρεῖν

2183 2589 2401 2659 δόκιμον
2436 2589 2687 2659 μοναχὸν,
2717 2588 2814 2641 καὶ
2837 2590 2901 2641 ὲκ
2931 2587 3038 2640 τῶν
3069 2585 3278 2638 πολλῶν
3298 2585 3454 2652 ὀλίγα
3482 2586 3754 2654 ἀναγγεῖ-

2185 2682 2272 2734 λαι
2297 2681 2444 2750 σύτῷ
2469 2681 2603 2752 πρὸς
2635 2681 2919 2751 διόρθωσιν
2948 2680 3044 2747 τῆς
3074 2678 3256 2741 αἰτίας
3274 2677 3366 2729 τοῦ
3395 2676 3752 2748 πράγματος,

2187 2773 2274 2826 ἵνα
2304 2773 2390 2827 διὰ
2419 2776 2515 2843 τῆς
2542 2774 2806 2837 συνέσεως
2836 2773 2930 2826 τοῦ
2961 2772 3148 2841 ἱερέως
3178 2770 3442 2840 δυνηθῶσι
3483 2771 3757 2822 καταλλα-

2186 2865 2351 2935 γῆναι
2370 2868 2481 2929 τοῖς
2519 2865 2853 2936 προεστῶσιν
2879 2863 3076 2924 αὐτῶν,
3105 2863 3197 2914 καὶ
3227 2860 3643 2929 ὑποστρέψωσιν
3673 2863 3756 2922 είς

2187 2957 2255 3011 τὰ
2309 2959 2415 3011 ἴδια
2470 2959 2822 3027 μοναστήρια,
2884 2955 3276 3026 διορθουμένων
3330 2952 3438 3006 τῶν
3501 2953 3756 3023 ψυχικῶν

2193 3052 2328 3119 σφαλ
2337 3052 2539 3121 μάτων.

601 3138 690 3192 55.
721 3138 1014 3194 Monachus
1040 3140 1133 3209 qui
1165 3140 1461 3194 comederit
1497 3150 1591 3195 aut
1642 3142 1837 3195 biberit
1869 3150 1992 3193 ante
2026 3141 2086 3193 fi-

2260 3151 2350 3198 νε’.
2391 3142 2637 3211 Μοναχὺς
2700 3140 2892 3209 φαγὼς
2949 3143 2983 3209 ἢ
3043 3138 3182 3194 πιὼν
3237 3139 3343 3209 πρὸ
3406 3140 3508 3209 τῆς
3550 3138 3761 3196 ἀπολύ-

530 3246 652 3283 nem
682 3244 969 3300 synaxeos,
1012 3230 1174 3284 faciat
1201 3231 1267 3284 ad
1319 3245 1559 3284 mensam
1604 3242 1901 3284 metanmas
1924 3231 2084 3300 quin-

530 3322 811 3391 quaginta.

603 3410 762 3465 56.Si
793 3413 915 3479 quis
938 3413 1235 3467 monachus
1261 3413 1450 3482 synaxi
1477 3413 1528 3465 in
1549 3413 1778 3467 ecclesia
1805 3412 2089 3476 assistens,

533 3500 678 3556 haud
711 3517 882 3570 usque
909 3503 974 3556 ad
1019 3502 1178 3556 tinem
1224 3503 1295 3555 ibi
1334 3503 1654 3571 reperiatur,
1682 3511 1904 3571 excepto
1932 3517 2093 3571 supe-

536 3591 899 3661 riorisjussu,
942 3604 1036 3647 aut
1083 3608 1277 3662 magna
1323 3594 1662 3658 necessitate,
1713 3594 1872 3649 faciat
1918 3604 2088 3648 meta-

538 3697 688 3736 nmas
709 3682 1085 3752 quadraginta,
1109 3685 1378 3754 totiesque
1398 3684 1544 3739 dicat
1570 3685 1812 3751 Domina,
1831 3687 2091 3739 miserere.

607 3777 693 3830 57.
728 3775 783 3830 Si
804 3778 1104 3833 monachus
1131 3794 1254 3832 cum
1271 3779 1392 3834 aliis
1418 3781 1700 3834 monachis
1727 3781 1796 3833 ob
1821 3778 2095 3848 quodlibet

538 3871 815 3937 negotium
879 3873 1339 3942 conspirationem
1385 3871 1592 3936 fecerit,
1653 3881 1865 3926 centum
1935 3869 2098 3925 faciat

538 3971 857 4028 metanoeas,
894 3973 948 4017 et
976 3963 1142 4017 biduo
1180 3975 1433 4018 vescatur
1467 3963 1634 4018 aridis
1676 3977 1917 4030 vespere.

611 4048 699 4101 58.
741 4048 950 4119 Siquis
1011 4052 1311 4106 monachus
1343 4051 1643 4107 discinctus
1700 4053 1753 4105 in
1808 4052 1946 4106 lecto
1997 4066 2099 4107 suo

539 4140 837 4206 dormierit,
866 4153 1163 4199 metanmas
1193 4143 1358 4198 faciat
1391 4144 1806 4214 quinquaginta.

610 4233 700 4288 59.
729 4234 784 4289 Si
824 4236 947 4305 quis
990 4237 1294 4291 monachus
1324 4236 1378 4291 in
1407 4237 1601 4291 balneo
1659 4237 1968 4292 unctionem
2020 4234 2099 4291 fe-

541 4327 695 4393 cerit,
732 4339 1033 4384 metanceas
1055 4336 1180 4400 agat.
1228 4339 1521 4385 trecentas.
1547 4328 1839 4385 Saecularis
1893 4336 2098 4393 autem,

544 4429 759 4473 centum
779 4459 793 4479 .
826 4430 1052 4490 uterque
1081 4436 1209 4476 vero
1235 4421 1306 4476 sit
1330 4429 1483 4475 extra
1513 4420 1950 4476 communionem
1977 4419 2105 4473 heb-

545 4509 772 4563 domada
809 4526 935 4562 una.

614 4599 701 4652 60.
733 4599 1026 4654 Monachus
1067 4601 1160 4670 qui
1201 4600 1254 4655 in
1310 4615 1448 4670 pago
1504 4599 1590 4655 vel
1624 4600 1786 4655 etiam
1825 4598 2097 4662 coenobio,

545 4691 669 4745 sine
697 4693 967 4761 praepositi
994 4692 1079 4746 sui
1130 4692 1509 4748 benedictione
1541 4707 1649 4747 uno
1701 4707 1927 4762 vespere
1973 4692 2101 4745 dor-

545 4785 747 4849 mierit,
807 4785 1045 4851 vigilabit
1072 4793 1231 4839 nocte
1286 4785 1494 4856 integra
1539 4785 1745 4840 faciens
1803 4793 2104 4838 metanoaas

545 4886 764 4931 centum
796 4878 1209 4948 quinquaginta.

617 4970 704 5024 61.
747 4969 1041 5025 Monachus
1069 4971 1164 5040 qui
1198 4972 1250 5025 in
1291 4971 1482 5043 synaxi
1508 4971 1712 5036 riserit,
1748 4972 2104 5043 quadraginta

547 5073 850 5119 metanmas
875 5061 1060 5118 faciat.

618 5156 707 5210 62.
750 5155 1043 5210 Monachus
1072 5165 1164 5210 aut
1194 5155 1492 5220 saecularis,
1532 5156 1624 5225 qui
1669 5171 1772 5210 non
1805 5157 1908 5211 sub
1946 5172 2103 5227 paena

547 5249 808 5304 canonica
838 5249 1187 5313 constitutus,
1219 5263 1310 5316 per
1330 5249 1684 5319 quadraginta
1709 5249 1828 5305 dies
1861 5267 2106 5305 commu-

548 5345 763 5396 nionem
798 5341 1128 5412 negligenter
1153 5341 1422 5404 omiserit,
1468 5356 1610 5396 anno
1655 5356 1764 5395 uno
1823 5353 2107 5411 separetur

545 5435 615 5486 ab
645 5432 895 5486 ecclesia.

618 5523 704 5576 65.
749 5522 1042 5577 Monachus
1071 5525 1165 5592 qui
1207 5537 1332 5576 cum
1369 5522 1591 5577 moniali
1634 5538 1748 5577 rem
1811 5523 2102 5589 habuerit,

549 5623 834 5682 postquam
898 5611 952 5665 bi
1013 5627 1045 5666 a
1107 5622 1326 5682 peccato
1378 5613 1744 5680 cessaverint,
1807 5614 2104 5684 puniantur

550 5703 804 5760 triennali
843 5703 1428 5760 excommunicatione.

628 5794 717 5850 δέ.
751 5793 1039 5851 Saecularis
1084 5794 1338 5852 sacerdos
1366 5795 1458 5866 qui
1489 5794 1907 5864 sacriﬁcaverit,
1942 5805 1996 5852 et
2042 5811 2105 5852 ex

2123 4507 2175 4568 D

2192 3251 2326 3296 σεως
2358 3234 2457 3302 τῆς
2491 3233 2779 3299 συνάξεως,
2822 3232 3042 3285 ποιείτω
3087 3231 3142 3284 ὲν
3174 3233 3240 3302 τῇ
3282 3230 3539 3304 τραπέζῃ
3588 3247 3758 3301 μεταο

2189 3328 2337 3386 νοίας
2363 3332 2425 3380 ν’.

2260 3415 2366 3482 νς’.
2409 3416 2531 3469 Ἐὰν
2559 3414 2786 3485 μοναχὸς
2816 3415 3032 3470 ἵσταται
3069 3417 3149 3480 εἰς
3179 3415 3396 3481 σύναξιν
3421 3413 3522 3481 τῆς
3551 3412 3758 3478 ἐκκλη-

2193 3509 2332 3574 σίας,
2367 3510 2459 3561 καὶ
2489 3510 2568 3571 εἰς
2596 3507 2656 3560 τὸ
2685 3508 2833 3570 τέλος
2857 3509 2955 3577 οὐχ
2984 3508 3176 3579 εὑρεθῇ
3207 3509 3375 3579 χωρὶς
3405 3507 3759 3576 προστάξεως

2193 3601 2285 3654 τοῦ
2319 3599 2652 3670 μειζοτέρου,
2679 3601 2711 3671 ἢ
2743 3601 2909 3669 χωρὶς
2938 3601 3177 3669 μεγάλης
3207 3599 3474 3668 ἀνάγκηςξ
3531 3599 3759 3652 ποιείτω

2197 3690 2480 3761 μετανοίας
2514 3697 2587 3760 μ’,
2617 3690 2818 3758 λεγέτω
2837 3691 2917 3755 τὸ,
2937 3692 3127 3757 Κύριε,
3147 3691 3426 3756 ἐλέησον,
3462 3689 3538 3759 μ’.

2265 3783 2359 3844 νζ’.
2394 3782 2460 3835 Εἴ
2485 3799 2567 3846 τις
2593 3782 2822 3852 μοναχὸς
2853 3781 3122 3853 φρατρίας
3153 3782 3298 3833 ποιεῖ
3355 3779 3495 3850 μετὰ
3553 3779 3760 3850 ἐτέρων

2199 3873 2443 3943 μοναχῶν
2493 3875 2569 3936 είς
2632 3873 2939 3941 οἱανδήποτε
2988 3872 3240 3940 πρᾶγμα,
3307 3869 3532 3922 ποιείτω
3597 3886 3764 3939 μετα-

2196 3964 2343 4027 νοίας
2389 3971 2452 4036 ρ’,
2520 3963 2842 4034 ξηροφαγῶν
2866 3963 2970 4024 ἕως
2995 3961 3231 4031 ἑσπέρας
3259 3962 3468 4032 ἡμέρας
3501 3961 3622 4015 δύο.

2268 4063 2369 4126 νη’.
2399 4057 2468 4111 Εἴ
2490 4074 2572 4119 τις
2599 4054 2826 4125 μοναχὸς
2867 4053 3107 4117 ἄζωστος
3135 4053 3392 4124 κοιμᾶται
3439 4053 3520 4116 είς
3542 4054 3646 4123 τὴν
3669 4053 3764 4106 αὑ·-

2201 4149 2296 4202 τοῦ
2337 4150 2546 4218 κοίτην,
2578 4146 2800 4199 ποιείτω
2828 4145 3116 4216 μετανοίας
3145 4152 3222 4199 ν’.-

2268 4239 2363 4294 νθ’.
2396 4239 2465 4292 Εἴ
2491 4256 2575 4302 τις
2608 4238 2836 4309 μοναχὸς
2864 4241 2921 4292 ὲν
2950 4238 3213 4309 βαλανείῳ
3262 4237 3470 4309 χρίσμα
3520 4239 3760 4307 ποιήσει.

2200 4333 2419 4385 ποιείτω
2449 4330 2732 4401 μετανοίας
2761 4338 2826 4395 τ’,
2857 4331 2886 4382 ὁ
2915 4331 2973 4384 δὲ
3027 4330 3293 4398 κοσμικὸς
3321 4335 3368 4402 ρ’
3391 4344 3406 4358 ·
3432 4328 3678 4382 ἔστωσαν
3707 4328 3764 4379 δὲ

2199 4425 2499 4496 ἀμφότεροι
2529 4424 2898 4496 ἀφωρισμένοι
2929 4422 3195 4493 ἑϐδομάδα
3230 4421 3378 4490 μίαν.

2273 4603 2334 4670 ξ’.
2361 4605 2606 4675 Μοναχδς
2628 4606 2685 4657 ὲν
2706 4603 2859 4674 χώρᾳ.
2884 4604 2917 4675 ἢ
2943 4602 3190 4672 κοινοὸίῳ
3209 4603 3337 4656 ἄνευ
3358 4601 3457 4672 τῆς
3477 4599 3572 4653 τοῦ
3595 4601 3765 4669 ἡγου-

2206 4697 2364 4768 μένου
2403 4696 2566 4766 εύχῆς
2587 4695 2865 4766 κοιμηθεὶς
2894 4694 3021 4763 μίαν
3054 4694 3312 4762 ἑσπέραν,
3348 4692 3488 4744 ἔστω
3532 4693 3763 4762 ἱστάμε-

2201 4804 2290 4850 νος
2308 4787 2476 4840 νύκτα
2504 4786 2695 4856 ὀλόκλη
2706 4803 2813 4856 ρον,
2839 4783 3006 4837 ποιῶν
3047 4783 3336 4854 μετανοίας
3369 4781 3466 4852 ρν’.

2276 4968 2372 5035 ξα’,
2401 4968 2645 5038 Μοναχὸς
2676 4967 2733 5019 έν
2766 4964 2979 5029 συνάξει
3028 4963 3258 5034 γελάσας
3280 4999 3296 5028 ,
3328 4960 3554 5014 ποιείτω
3599 4978 3770 5033 μετα-

2207 5062 2351 5120 νοίας
2382 5065 2453 5130 μ’.

2279 5152 2376 5222 ξβν.
2402 5149 2643 5218 Μοναχδς
2680 5148 2712 5219 ἢ
2746 5145 3006 5216 κοσμικδς
3059 5145 3133 5216 μὴ
3169 5143 3243 5198 ῶν
3281 5145 3766 5216 ὲπιτετιμημένος,

2207 5249 2301 5299 καὶ
2355 5243 2632 5312 ἀμελήσας
2665 5240 2874 5310 ἡμέρας
2933 5245 2982 5307 μ’
3026 5237 3102 5308 μὴ
3149 5237 3492 5307 κοινωνῆσαι,
3515 5237 3770 5289 ἐνιαυτὸν

2209 5334 2518 5408 χωριζέσθω
2541 5335 2639 5400 τῆς
2671 5330 2982 5400 ἐκκλησίας.

2279 5513 2375 5581 ξγ’.
2407 5508 2651 5578 Μοναχὺς
2684 5507 2980 5578 μοναστρίᾳ
2998 5505 3354 5575 συμφθαρεὶς,
3377 5505 3512 5576 μετά
3538 5507 3600 5558 τδ
3625 5508 3770 5560 παύ-

2212 5607 2404 5660 σασθαι
2457 5604 2649 5665 αὐτοὺς
2691 5602 2789 5670 τῆς
2836 5600 3126 5671 ἁμαρτίας,
3174 5600 3445 5670 ἐχέτωσαν
3491 5601 3772 5672 ἐπιτίμιον

2208 5695 2598 5766 ἀκοινωνησίας
2622 5693 2716 5764 ἐτη
2741 5700 2809 5762 γ’.

2281 5791 2369 5856 ξδ’.
2413 5789 2608 5856 ’ἱερεὺς
2636 5785 2894 5857 κωμικὸς
2921 5786 3298 5856 ἱερουργήσας,
3333 5786 3422 5838 καὶ
3445 5787 3508 5838 ὲκ
3553 5801 3772 5854 γαστρι-
