3968 6508
251 476 389 544 1757

1166 483 1413 548 CANON
1452 485 1535 547 IN
1571 485 2118 550 ADORATIONEM
2158 489 2224 554 S.
2260 487 2554 561 CRUCIS,

3335 492 3470 560 1758

251 593 493 666 μαργίας
528 591 731 663 ὲμέσας
769 595 837 664 τῇ
881 596 1018 669 αὐτῇ
1067 596 1271 669 ἡμέρᾳ,
1317 597 1489 670 ιχέτω
1540 599 1812 670 ἐπιτίμιον

1953 601 2129 672 rapula
2180 600 2269 656 die
2319 603 2509 658 eadem
2540 602 2851 671 vomuerit,
2886 601 2992 658 hac
3026 617 3185 674 pana
3213 605 3471 662 multetur

249 685 466 758 ἡμέρας
497 692 550 754 μ’
583 684 677 740 τοῦ
706 685 782 758 μὴ
813 687 1185 760 ίερουργῆσαι.

320 778 414 843 ξεν.
439 777 508 831 El
529 794 615 842 τις
661 779 767 833 ὑπὸ
799 779 894 834 τοῦ
934 781 1180 836 διαϐόλου
1226 782 1632 856 πολεμούμενος
1674 784 1810 839 ἀπο-

1915 703 1974 747 υι
1998 693 2355 763 quadraginta
2384 691 2577 749 diebus
2602 695 2963 750 sacriﬁcando
2992 696 3064 750 sit
3093 695 3433 753 interdictus.

1982 785 2072 840 65.
2108 784 2165 840 Si
2210 787 2337 857 quis
2385 796 2729 858 oppugnatus
2773 802 2804 842 a
2847 787 3064 842 diabolo
3089 788 3473 856 pravaricatus

250 870 559 940 σκιρτήσει,
594 869 690 922 καὶ
719 870 882 924 πάλιν
912 875 1148 944 πμφῇ,
1179 873 1292 944 ἔχει
1324 876 1597 945 ἐπιτίμιον
1619 877 1809 946 χρόνον

1953 879 2099 943 terit,
2140 879 2235 934 sed
2277 888 2466 949 postea
2501 880 2810 948 resipuerit,
2836 879 2962 932 anni
2999 876 3162 934 unius
3201 885 3471 949 pmnilen—

248 957 365 1013 ἕνα.
397 959 458 1012 El
479 959 537 1012 δὲ
565 961 658 1012 καὶ
686 961 765 1024 είς
795 961 893 1031 τὴν
916 960 1062 1032 ὥραν
1081 961 1175 1017 τοῦ
1205 962 1434 1018 θανάτου
1463 963 1629 1018 αὑτοῦ
1654 981 1812 1034 μετα·

1918 971 1989 1024 tia
2015 969 2292 1024 multetur.
2327 968 2482 1036 Quod
2503 970 2550 1024 si
2582 981 2763 1026 tamen
2793 971 2844 1023 in
2871 971 2990 1039 ipso
3024 970 3216 1024 mortis
3246 972 3471 1022 articulc

250 1055 455 1118 νοήσει.
491 1051 701 1121 δέχεται
727 1051 887 1106 αὐτὸν
927 1054 958 1107 6
996 1053 1162 1118 Θεόςο
1195 1055 1393 1127 ἠλέησε
1433 1055 1539 1126 γὰρ
1585 1056 1746 1109 αὑτὸν
1781 1057 1812 1110 6

1953 1062 2247 1124 mnituerit,
2295 1061 2487 1130 recipit
2518 1077 2640 1115 eum
2691 1060 2854 1116 Deus.
2893 1059 3133 1129 Namque
3160 1059 3211 1113 ei
3260 1063 3469 1113 veniam

251 1143 489 1212 Χριστος
536 1143 726 1198 εἰπών’
773 1145 931 1216 Χαρά
980 1147 1187 1215 γίνεται
1225 1149 1284 1202 ἐν
1337 1148 1550 1220 οὐρανῷ
1594 1148 1689 1202 ἐπὶ
1733 1150 1813 1203 ἐνὶ

1953 1153 2143 1208 ontulit
2163 1151 2414 1208 Christus
2442 1152 2623 1208 verbis
2659 1153 2767 1207 illis
2795 1171 2809 1208 :
2841 1150 3107 1207 Gaudium
3145 1161 3227 1206 est
3258 1151 3310 1204 in
3334 1154 3472 1204 cmlo

254 1233 564 1305 ἁμαρτωλῴ
599 1235 962 1304 μενανοοῦντι.

1920 1258 2084 1313 super
2117 1259 2226 1298 uno
2258 1253 2542 1314 peccatore
2578 1243 2952 1315 paenitentiam
2989 1252 3201 1310 agente.

461 1428 3464 1464 W

1514 1582 1651 1638 ΤΟΥ
1694 1583 1898 1638 ΑΓΙΟΥ
1955 1584 2224 1637 ΠΑΤΡΟΣ

827 1754 1627 1877 ΘΕΟΔΩΡΟΥ
1696 1753 1994 1868 ΤΟΥ
2051 1754 2881 1872 ΣΤΟΥΔΙΤΟΥ

799 1977 1183 2064 ΚΑΝΩΝ
1237 1977 1405 2062 ΕΙΣ
1432 1976 1659 2062 ΤΗΝ
1697 1975 2930 2070 ΣΤΑΥΡΟΠΡΟΣΚΥΝΗΣΙΝ.

896 2329 1013 2440 S.
1124 2331 1248 2439 P.
1365 2327 2095 2444 THEODORI
2187 2330 2856 2449 STUDlT/E

832 2564 1218 2659 CANON
1297 2566 1425 2658 IN
1501 2566 2366 2659 ADORATIONEM
2443 2571 2892 2660 CRUCIS.

1320 2765 1614 2832 (Caussa.
1652 2762 1726 2817 De
1767 2762 1953 2827 Cruce,
1990 2772 2032 2817 t.
2076 2762 2166 2829 Ill,
2199 2780 2255 2832 ι),
2286 2763 2434 2835 521.)

933 3065 1064 3138 me
1100 3067 1174 3122 A'.

341 3157 710 3232 Πανηγύρεως
737 3158 938 3231 ἡμέρα.
983 3160 1061 3230 Τῇ
1093 3161 1305 3230 ὲγέρσει
1334 3161 1569 3232 Χριστοῦ
1606 3165 1829 3231 θάνατος

271 3251 501 3324 φροῦδος
559 3249 736 3321 ὤφθη,
799 3250 945 3320 ζωῆς
1003 3250 1273 3303 ἀνέτειλεν
1336 3254 1498 3324 αὐγὴ,
1564 3257 1593 3309 6
1661 3256 1832 3328 Ἀδὰμ

271 3341 570 3407 ἐξαναστὰς
601 3340 813 3413 χορεύει
852 3341 1016 3412 χαρᾷ.
1052 3339 1132 3393 διὸ
1173 3339 1527 3414 ἀλαλάζωμεν
1568 3345 1833 3401 ἐπινίκιον

271 3434 508 3506 ᾄδοντες.

344 3523 776 3595 Προσκυνήσεως
817 3525 999 3594 ἡμέρα
1045 3522 1134 3578 τοῦ
1174 3525 1355 3594 τιμίου
1390 3527 1644 3598 σταυροῦ,
1679 3528 1832 3583 δεῦτε

273 3616 413 3686 πρὸς
443 3613 630 3668 τοῦτον
658 3614 876 3677 πάντες.
901 3615 1012 3684 Τῆς
1039 3615 1146 3684 γὰρ
1167 3615 1438 3686 ὲγέρσεως
1466 3618 1702 3688 Χριστοῦ
1735 3620 1834 3684 τὰς

272 3706 450 3774 αὐγὰς
470 3705 788 3774 φωτοὸολῶν
815 3706 1125 3777 προτίθεται
1146 3706 1262 3773 νῦν,
1281 3707 1442 3762 αὐτὸν
1462 3709 1834 3779 ἁσπασώμεθα

270 3800 523 3870 ψυχικῶς
551 3799 925 3869 ἀγαλλόμενοι.

359 3891 707 3959 Ἐπιφάνηθι,
728 3891 756 3943 6
796 3891 966 3961 μέγας
1013 3889 1108 3945 τοῦ
1133 3891 1338 3962 Κυρίου
1370 3894 1620 3966 σταυρός.
1653 3893 1834 3958 Δεῖξον

277 3998 368 4050 μοι
433 3981 556 4049 ὄψιν
609 3982 758 4034 θείαν
816 3983 914 4052 τῆς
970 3980 1297 4051 ὡραιότητός
1357 3999 1450 4036 σου
1516 3982 1631 4050 νῦν,
1688 3985 1835 4049 ἄξιον

276 4067 557 4142 [ἀξίωσον]
592 4071 970 4142 προσκυνητὴν
1024 4069 1278 4134 αίνὲσεώς
1328 4089 1442 4127 σου.
1487 4075 1596 4127 Καὶ
1623 4076 1730 4146 γὰρ
1761 4076 1837 4139 ὡς

275 4162 509 4233 ἐμψύχῳ
533 4178 637 4224 σοι,
665 4163 759 4216 καὶ
787 4162 970 4230 φωνῶ,
1000 4163 1094 4215 καὶ
1119 4162 1590 4234 προσπτύσσομαι.

345 4255 727 4310 Δίνεσάτωσαν
779 4253 1078 4324 συμφώνως
1118 4253 1363 4323 οὐρανὸς,
1417 4257 1510 4309 καὶ
1548 4259 1581 4327 ἡ
1632 4257 1724 4327 γῆ,
1755 4256 1838 4310 ὃτι

2590 3071 2726 3126 ODA
2764 3073 2808 3129 Ι.

1999 3162 2123 3220 Dies
2151 3163 2350 3218 latitia
2381 3174 2482 3220 est.
2506 3165 2708 3220 Christi
2741 3166 3154 3222 resuscitatione
3179 3183 3324 3222 mors
3354 3185 3484 3226 eva-

1930 3258 2066 3319 nuit,
2101 3256 2220 3308 vita
2249 3255 2504 3325 splendor
2531 3257 2776 3323 exstitit;
2813 3257 2984 3311 Adam
3019 3274 3308 3329 resurgens
3356 3276 3482 3316 cum

1931 3345 2126 3415 gaudio
2147 3344 2374 3399 choreas
2395 3344 2563 3407 ducit,
2605 3355 2886 3415 propterea
2905 3346 3202 3416 jubilemus
3239 3351 3483 3407 victricia

1931 3437 2175 3493 carmina
2197 3437 2569 3492 concinentes.

1999 3531 2228 3585 Advenit
2263 3530 2376 3583 dies
2405 3528 2667 3584 adorandi
2698 3531 2993 3598 pretiosam
3018 3543 3237 3583 crucem
3264 3545 3280 3596 ;
3305 3529 3489 3585 adeste

1932 3635 2140 3675 omnes.
2169 3618 2388 3674 Jaciens
2422 3618 2567 3673 enim
2601 3617 3024 3673 resurrectionis
3047 3617 3246 3673 Christi
3283 3619 3492 3674 lucidos

1936 3715 2144 3776 radios,
2174 3729 2319 3768 nunc
2357 3719 2596 3783 prostat;
2627 3728 2746 3766 eam
2772 3712 2999 3782 proinde
3030 3711 3259 3781 spiritali
3295 3713 3492 3781 gaudio

1934 3803 2078 3876 pleni
2105 3804 2496 3873 amplectamur
2526 3811 2580 3856 et
2604 3802 3008 3856 exosculemur.

2005 3894 2299 3966 Appareto,
2325 3910 2358 3949 ο
2382 3894 2647 3948 immensa
2686 3892 2902 3947 Domini
2931 3907 3086 3956 crux,
3110 3891 3334 3947 ostende
3359 3891 3494 3945 mihi

1936 4002 2086 4043 nunc
2118 3987 2354 4040 divinam
2385 3984 2579 4039 faciem
2605 3981 2908 4038 venustatis
2933 3989 3058 4036 tua.
3094 3981 3326 4052 Dignare
3364 3981 3497 4034 ado-

1938 4083 2200 4138 ratorem,
2229 4079 2287 4126 ut
2311 4072 2579 4141 praconia
2608 4078 2704 4124 tua
2727 4071 2998 4124 decantet.
3038 4066 3172 4121 Nam
3206 4077 3262 4122 ut
3292 4083 3413 4121 cum
3439 4083 3498 4122 re

1940 4170 2179 4222 animata
2202 4173 2378 4220 tecum
2407 4164 2626 4234 loquor,
2660 4171 2822 4232 teque
2856 4161 3177 4231 amplector.

2011 4255 2222 4311 Laudes
2250 4270 2486 4310 consona
2519 4268 2654 4308 voce
2688 4253 2977 4308 decantent
3000 4251 3198 4305 caelum
3244 4259 3298 4303 et
3332 4260 3495 4314 terra,

278 4349 568 4419 πρόκειται
596 4349 758 4416 πᾶσιν
781 4348 809 4399 6
830 4346 1286 4416 παμμακάριστος
1307 4348 1554 4418 σταυρὸς,
1580 4341 1624 4415 ᾦ
1644 4349 1834 4416 παγεὶς

1953 4346 2070 4414 quia
2094 4344 2348 4399 omnibus
2377 4359 2513 4397 crux
2529 4342 2843 4398 beatissima
2878 4341 3154 4410 proposita
3189 4349 3293 4405 est,
3324 4340 3499 4406 inqua

282 4413 610 4513 σωματικῶς
643 4439 806 4507 ἐτύθη
845 4413 1289 4510 Χριστὸς,αὐτὸν
1323 4413 1696 4510 ἀσπασώμεθα
1734 4413 1834 4510 *ψυ-

1953 4413 2195 4493 Christus
2229 4451 2332 4491 suo
2369 4450 2598 4504 corpore
2652 4434 2794 4490 ﬁxus
2835 4432 3147 4487 immolatus
3186 4440 3288 4496 est,
3328 4431 3499 4499 ipsam

283 4533 453 4605 χικῶς
477 4529 857 4601 ἀγαλλόμενοι.

915 4620 1238 4690 Τριαδικόν.

351 4714 423 4769 Ὦ
451 4717 622 4786 Τριάς
650 4717 760 4776 τοῖς
800 4717 1191 4788 χαρακτῆρσιν,
1235 4707 1280 4765 ὦ
1304 4712 1488 4782 ,μονὰς
1529 4715 1597 4784 τῇ
1639 4714 1842 4784 μορφῇ,

1945 4529 2084 4585 latis
2122 4527 2396 4582 mentibus
2421 4525 2749 4582 osculemur.

2558 4614 2882 4669 Triadicum.

2007 4707 2052 4767 0
2101 4711 2341 4766 Trinitas
2379 4707 2648 4779 personis,
2718 4721 2753 4761 ο
2800 4705 2981 4759 unitas
3046 4711 3265 4765 natura,
3325 4699 3502 4763 Pater,

282 4810 487 4877 Πάτερ,
538 4807 634 4865 Υἱὲ
690 4808 786 4861 καὶ
835 4809 1073 4878 Πνεῦμα.
1115 4807 1182 4860 Ἡ
1236 4805 1570 4876 ὀμοδύναμος
1621 4804 1745 4869 ὲνὰς
1789 4807 1834 4859 ὲν

1953 4804 2070 4869 Fili.
2103 4813 2157 4860 et
2185 4803 2419 4874 Spiritus
2441 4808 2646 4856 sancte.
2672 4797 2864 4853 Unitas
2888 4798 3131 4866 ejusdem
3160 4804 3214 4848 et
3283 4793 3506 4862 aqualis

288 4901 479 4973 βουλῇ,
507 4902 601 4953 καὶ
635 4899 872 4971 θελήσει,
917 4901 1013 4954 καὶ
1053 4901 1285 4970 κράτους
1333 4897 1496 4968 ἀρχῇ,
1527 4896 1617 4949 τὸν
1643 4897 1834 4968 κόσμοι

1953 4897 2199 4968 potentia
2273 4893 2525 4960 consilio,
2596 4891 2900 4956 voluntate,
2938 4895 3222 4958 potestate,
3280 4885 3508 4954 imperio

291 5009 384 5045 σου
412 4991 673 5060 φύλαττε,
699 4991 799 5061 τὴν
828 4991 1051 5062 εἰρήνην
1079 4987 1441 5059 βραϐεύουσα.

904 5080 1234 5134 Θεοτόκιον.

363 5173 566 5242 Πείραν
594 5171 729 5236 ὅλως
761 5173 796 5242 ἡ
816 5171 1087 5242 Παρθένος
1124 5171 1198 5241 μὴ
1229 5170 1401 5223 εἰδυῖα
1427 5169 1636 5240 ἀνδρὸς,
1676 5168 1849 5220 ἄσπο-

1948 4988 2208 5046 mundum
2242 4994 2396 5043 tuum
2440 4983 2677 5048 custodi,
2706 4996 3002 5052 pacemque
3040 4979 3302 5034 concede.

2559 5075 2917 5130 Theotocium.

2022 5170 2259 5227 Omnino
2295 5182 2489 5238 expers
2513 5166 2639 5230 viri,
2671 5166 2790 5220 sine
2812 5163 3019 5218 semine
3037 5161 3185 5232 paris
3223 5159 3498 5222 infantem,

296 5280 385 5335 ρον
431 5265 636 5327 τίκτεις
691 5262 908 5334 βρέφος,
946 5261 1213 5333 ἄχραντον
1261 5261 1443 5332 φέρεις
1489 5258 1727 5321 τοκετὸν,
1762 5257 1834 5311 τοι

1953 5272 2273 5334 partumque
2319 5260 2463 5332 geris
2494 5257 2926 5319 immaculatum,
2955 5254 3214 5324 iomnium
3262 5249 3500 5304 condito-

294 5356 402 5408 τῶν
450 5356 588 5408 ὅλων
631 5353 858 5425 ποιητὴν
893 5353 1123 5424 Χριστὸν
1154 5353 1244 5405 τὸν
1274 5351 1426 5415 Θεὸν,
1473 5350 1634 5404 αὐτὸν
1663 5349 1852 5422 ἐκδυστ

295 5446 515 5518 ὡπησον
542 5445 854 5518 είρηνεῦσαι
877 5445 946 5498 τὰ
976 5444 1283 5514 σύμπαντα.

896 5537 1254 5593 Κατάὸασία.

379 5628 437 5683 Ὅ
464 5630 734 5688 θειότατος
759 5631 1109 5701 προετύπωσε
1129 5629 1294 5682 πάλαι
1315 5627 1516 5694 Μωσῆς
1540 5627 1596 5680 ὲν
1625 5624 1858 5696 Ἐρυθρᾷ

1956 5370 2068 5407 rem
2084 5351 2360 5408 Christum
2381 5350 2571 5414 Deum,
2597 5349 2774 5418 ipsum
2793 5361 2981 5413 exora,
3006 5352 3064 5399 ut
3084 5342 3294 5398 cunctis
3327 5354 3508 5408 pacem

1955 5445 2238 5515 largiatur.

2571 5529 2879 5586 Catabau’a.

2027 5627 2167 5695 Olim
2198 5625 2414 5681 divinus
2439 5621 2652 5694 Moyses
2708 5619 3069 5690 pratiguravit
3098 5631 3311 5673 crucem
3345 5623 3514 5677 tuam,

303 5724 542 5793 θαλάσσῃ
573 5724 896 5786 διαϐιϐάσας
939 5721 1150 5793 Ἰσραὴλ
1199 5719 1289 5772 τὸν
1337 5717 1564 5788 σταυρόν
1606 5733 1722 5782 σου,
1756 5718 1834 5786 τὴε

1964 5716 2253 5771 traducens
2281 5711 2538 5783 populum
2568 5709 2927 5764 lsraeliticum
2949 5722 3047 5777 per
3077 5721 3224 5759 mare
3247 5704 3515 5763 Rubrum,

303 5815 473 5884 ὑγρὰν
501 5818 567 5885 τῇ
593 5815 770 5884 ῥάϐδῳ
797 5812 1000 5884 τεμὼν,
1025 5813 1167 5885 ᾠδήν
1187 5828 1268 5864 σοι
1295 5809 1491 5875 ἐξόδιον
1513 5807 1857 5879 ἀναμέλπων,

304 5906 500 5972 Χριστὲ
532 5910 560 5960 6
589 5907 739 5969 Θεός.

1965 5810 2114 5878 virga
2147 5806 2304 5878 aquis
2323 5803 2542 5867 divisis;
2577 5801 2847 5855 canticum
2868 5799 3048 5854 exitus
3069 5794 3374 5854 celebrandi
3397 5807 3521 5864 gra-

1966 5901 2038 5954 tia
2069 5898 2186 5959 tibi.
2227 5896 2436 5953 Christe
2465 5893 2627 5956 Deus,
2652 5891 2969 5949 decantans.
