  <div class='ocr_page' id='page_1' title='image "/cluster/home/n/w/nwhite01/storage/ocr_20150623/99/ien.35556001661347/889.png"; bbox 0 0 3968 6450; ppageno 0'>
   <div class='ocr_carea' id='block_1_1' title="bbox 541 357 678 423">
    <p class='ocr_par' dir='ltr' id='par_1_1' title="bbox 541 357 678 423">
     <span class='ocr_line' id='line_1_1' title="bbox 541 357 678 423; baseline -0.007 0"><span class='ocrx_word' id='word_1_1' title='bbox 541 357 678 423; x_wconf 82' lang='grc'><strong>1759</strong></span> 
     </span>
    </p>
   </div>
   <div class='ocr_carea' id='block_1_2' title="bbox 1217 467 1456 525">
    <p class='ocr_par' dir='ltr' id='par_1_2' title="bbox 1217 467 1456 525">
     <span class='ocr_line' id='line_1_2' title="bbox 1217 467 1456 525; baseline 0 0"><span class='ocrx_word' id='word_1_2' title='bbox 1217 467 1353 525; x_wconf 83' lang='lat' dir='ltr'><strong>ODA</strong></span> <span class='ocrx_word' id='word_1_3' title='bbox 1392 468 1456 525; x_wconf 86' lang='lat' dir='ltr'><strong>ll.</strong></span> 
     </span>
    </p>
   </div>
   <div class='ocr_carea' id='block_1_3' title="bbox 607 559 2099 628">
    <p class='ocr_par' dir='ltr' id='par_1_3' title="bbox 607 559 2099 628">
     <span class='ocr_line' id='line_1_3' title="bbox 607 559 2099 628; baseline 0.002 -15"><span class='ocrx_word' id='word_1_4' title='bbox 607 559 826 621; x_wconf 82' lang='lat' dir='ltr'><strong>Adeste,</strong></span> <span class='ocrx_word' id='word_1_5' title='bbox 861 573 1062 613; x_wconf 83' lang='lat' dir='ltr'><strong>novum</strong></span> <span class='ocrx_word' id='word_1_6' title='bbox 1093 561 1366 614; x_wconf 72' lang='lat' dir='ltr'><strong>canticum</strong></span> <span class='ocrx_word' id='word_1_7' title='bbox 1423 569 1726 628; x_wconf 75' lang='lat' dir='ltr'><strong>cantemus,</strong></span> <span class='ocrx_word' id='word_1_8' title='bbox 1766 563 2099 617; x_wconf 86' lang='lat' dir='ltr'><strong>destructio-</strong></span> 
     </span>
    </p>
   </div>
   <div class='ocr_carea' id='block_1_4' title="bbox 1714 365 2590 429">
    <p class='ocr_par' dir='ltr' id='par_1_4' title="bbox 1714 365 2590 429">
     <span class='ocr_line' id='line_1_4' title="bbox 1714 365 2590 429; baseline 0.008 -6"><span class='ocrx_word' id='word_1_9' title='bbox 1714 365 1774 424; x_wconf 90' lang='lat' dir='ltr'><strong>S.</strong></span> <span class='ocrx_word' id='word_1_10' title='bbox 1811 365 2205 426; x_wconf 82' lang='lat' dir='ltr'><strong>THEODORI</strong></span> <span class='ocrx_word' id='word_1_11' title='bbox 2240 367 2590 429; x_wconf 69' lang='lat' dir='ltr'><strong>STUDITzE</strong></span> 
     </span>
    </p>
   </div>
   <div class='ocr_carea' id='block_1_5' title="bbox 2131 474 3105 547">
    <p class='ocr_par' dir='ltr' id='par_1_5' title="bbox 2131 474 3105 547">
     <span class='ocr_line' id='line_1_5' title="bbox 2131 474 3105 547; baseline -0.001 -13"><span class='ocrx_word' id='word_1_12' title='bbox 2131 475 2186 534; x_wconf 72' lang='grc' dir='ltr'>Α</span> <span class='ocrx_word' id='word_1_13' title='bbox 2869 476 3002 547; x_wconf 68' lang='lat' dir='ltr'><strong>pm</strong></span> <span class='ocrx_word' id='word_1_14' title='bbox 3036 474 3105 534; x_wconf 71' lang='grc' dir='ltr'>Β.</span> 
     </span>
    </p>
   </div>
   <div class='ocr_carea' id='block_1_6' title="bbox 3638 375 3764 439">
    <p class='ocr_par' dir='ltr' id='par_1_6' title="bbox 3638 375 3764 439">
     <span class='ocr_line' id='line_1_6' title="bbox 3638 375 3764 439; baseline 0.024 -3"><span class='ocrx_word' id='word_1_15' title='bbox 3638 375 3764 439; x_wconf 81' lang='grc'><strong>1760</strong></span> 
     </span>
    </p>
   </div>
   <div class='ocr_carea' id='block_1_7' title="bbox 2270 562 3766 640">
    <p class='ocr_par' dir='ltr' id='par_1_7' title="bbox 2270 562 3766 640">
     <span class='ocr_line' id='line_1_7' title="bbox 2270 562 3766 640; baseline 0.003 -23"><span class='ocrx_word' id='word_1_16' title='bbox 2270 563 2460 630; x_wconf 80' lang='grc' dir='ltr'><strong>Δεῦτε,</strong></span> <span class='ocrx_word' id='word_1_17' title='bbox 2493 562 2645 636; x_wconf 78' lang='grc' dir='ltr'><strong>ᾆσμα</strong></span> <span class='ocrx_word' id='word_1_18' title='bbox 2668 564 2888 636; x_wconf 75' lang='grc' dir='ltr'>ᾅσωμεν</span> <span class='ocrx_word' id='word_1_19' title='bbox 2930 568 3116 620; x_wconf 81' lang='grc' dir='ltr'>καινὸν</span> <span class='ocrx_word' id='word_1_20' title='bbox 3161 566 3263 632; x_wconf 75' lang='grc' dir='ltr'>τὴν</span> <span class='ocrx_word' id='word_1_21' title='bbox 3305 567 3602 629; x_wconf 71' lang='grc' dir='ltr'><strong>κατάλυσιν</strong></span> <span class='ocrx_word' id='word_1_22' title='bbox 3644 571 3766 640; x_wconf 73' lang='grc' dir='ltr'>ᾅδου</span> 
     </span>
    </p>
   </div>
   <div class='ocr_carea' id='block_1_8' title="bbox 537 649 2087 729">
    <p class='ocr_par' dir='ltr' id='par_1_8' title="bbox 537 649 2087 723">
     <span class='ocr_line' id='line_1_8' title="bbox 537 649 2087 723; baseline 0.001 -17"><span class='ocrx_word' id='word_1_23' title='bbox 537 668 659 706; x_wconf 90' lang='lat' dir='ltr'><strong>nem</strong></span> <span class='ocrx_word' id='word_1_24' title='bbox 685 650 877 705; x_wconf 78' lang='lat' dir='ltr'><strong>inferni</strong></span> <span class='ocrx_word' id='word_1_25' title='bbox 909 651 1261 707; x_wconf 74' lang='lat' dir='ltr'><strong>celebrantes.</strong></span> <span class='ocrx_word' id='word_1_26' title='bbox 1298 649 1434 706; x_wconf 87' lang='lat' dir='ltr'><strong>Nam</strong></span> <span class='ocrx_word' id='word_1_27' title='bbox 1462 651 1713 707; x_wconf 75' lang='lat' dir='ltr'><strong>Christus</strong></span> <span class='ocrx_word' id='word_1_28' title='bbox 1748 667 1814 706; x_wconf 83' lang='lat' dir='ltr'><strong>ex</strong></span> <span class='ocrx_word' id='word_1_29' title='bbox 1852 655 2087 723; x_wconf 78' lang='lat' dir='ltr'><strong>sepulch</strong></span> 
     </span>
    </p>
   </div>
   <div class='ocr_carea' id='block_1_9' title="bbox 2214 649 3768 729">
    <p class='ocr_par' dir='ltr' id='par_1_9' title="bbox 2214 657 3768 729">
     <span class='ocr_line' id='line_1_9' title="bbox 2214 657 3768 729; baseline 0.005 -21"><span class='ocrx_word' id='word_1_30' title='bbox 2214 657 2684 728; x_wconf 78' lang='grc' dir='ltr'>πανηγυρίζοντες.</span> <span class='ocrx_word' id='word_1_31' title='bbox 2741 657 2836 709; x_wconf 83' lang='grc' dir='ltr'>Ἕκ</span> <span class='ocrx_word' id='word_1_32' title='bbox 2885 658 2993 727; x_wconf 74' lang='grc' dir='ltr'>γάρ</span> <span class='ocrx_word' id='word_1_33' title='bbox 3036 657 3133 711; x_wconf 91' lang='grc' dir='ltr'><strong>τοῦ</strong></span> <span class='ocrx_word' id='word_1_34' title='bbox 3184 659 3357 726; x_wconf 70' lang='grc' dir='ltr'>τάφου</span> <span class='ocrx_word' id='word_1_35' title='bbox 3388 660 3626 729; x_wconf 79' lang='grc' dir='ltr'>Χριστὸς</span> <span class='ocrx_word' id='word_1_36' title='bbox 3677 663 3768 715; x_wconf 85' lang='grc' dir='ltr'><strong>άν-</strong></span> 
     </span>
    </p>
   </div>
   <div class='ocr_carea' id='block_1_10' title="bbox 539 744 1899 814">
    <p class='ocr_par' dir='ltr' id='par_1_10' title="bbox 539 744 1899 814">
     <span class='ocr_line' id='line_1_10' title="bbox 539 744 1899 814; baseline 0 -16"><span class='ocrx_word' id='word_1_37' title='bbox 539 744 768 808; x_wconf 80' lang='lat' dir='ltr'><strong>exstitit,</strong></span> <span class='ocrx_word' id='word_1_38' title='bbox 801 744 1012 798; x_wconf 80' lang='lat' dir='ltr'><strong>devicta</strong></span> <span class='ocrx_word' id='word_1_39' title='bbox 1036 752 1232 808; x_wconf 89' lang='lat' dir='ltr'><strong>morte,</strong></span> <span class='ocrx_word' id='word_1_40' title='bbox 1265 745 1628 814; x_wconf 85' lang='lat' dir='ltr'><strong>omnibusque</strong></span> <span class='ocrx_word' id='word_1_41' title='bbox 1660 745 1899 799; x_wconf 82' lang='lat' dir='ltr'><strong>salvatis.</strong></span> 
     </span>
    </p>
   </div>
   <div class='ocr_carea' id='block_1_11' title="bbox 605 839 2102 904">
    <p class='ocr_par' dir='ltr' id='par_1_11' title="bbox 605 839 2102 904">
     <span class='ocr_line' id='line_1_11' title="bbox 605 839 2102 904; baseline 0.005 -13"><span class='ocrx_word' id='word_1_42' title='bbox 605 841 805 893; x_wconf 77' lang='lat' dir='ltr'><strong>Adeste</strong></span> <span class='ocrx_word' id='word_1_43' title='bbox 845 840 1046 904; x_wconf 78' lang='lat' dir='ltr'><strong>fideles,</strong></span> <span class='ocrx_word' id='word_1_44' title='bbox 1097 839 1416 894; x_wconf 91' lang='lat' dir='ltr'><strong>hauriamus</strong></span> <span class='ocrx_word' id='word_1_45' title='bbox 1456 857 1522 895; x_wconf 80' lang='lat' dir='ltr'><strong>ex</strong></span> <span class='ocrx_word' id='word_1_46' title='bbox 1569 840 1717 895; x_wconf 82' lang='lat' dir='ltr'><strong>fonte</strong></span> <span class='ocrx_word' id='word_1_47' title='bbox 1771 842 2102 898; x_wconf 88' lang='lat' dir='ltr'><strong>scaturiente</strong></span> 
     </span>
    </p>
   </div>
   <div class='ocr_carea' id='block_1_12' title="bbox 537 927 2098 998">
    <p class='ocr_par' dir='ltr' id='par_1_12' title="bbox 537 927 2098 998">
     <span class='ocr_line' id='line_1_12' title="bbox 537 927 2098 998; baseline 0.004 -17"><span class='ocrx_word' id='word_1_48' title='bbox 537 943 644 982; x_wconf 91' lang='lat' dir='ltr'><strong>non</strong></span> <span class='ocrx_word' id='word_1_49' title='bbox 677 944 872 996; x_wconf 82' lang='lat' dir='ltr'><strong>aquam</strong></span> <span class='ocrx_word' id='word_1_50' title='bbox 905 930 1341 998; x_wconf 87' lang='lat' dir='ltr'><strong>corruptibilem,</strong></span> <span class='ocrx_word' id='word_1_51' title='bbox 1385 931 1475 984; x_wconf 89' lang='lat' dir='ltr'><strong>sed</strong></span> <span class='ocrx_word' id='word_1_52' title='bbox 1510 927 1710 984; x_wconf 77' lang='lat' dir='ltr'><strong>fontem</strong></span> <span class='ocrx_word' id='word_1_53' title='bbox 1741 932 2098 988; x_wconf 87' lang='lat' dir='ltr'><strong>illuminatio—</strong></span> 
     </span>
    </p>
   </div>
   <div class='ocr_carea' id='block_1_13' title="bbox 537 1020 1855 1092">
    <p class='ocr_par' dir='ltr' id='par_1_13' title="bbox 537 1020 1855 1092">
     <span class='ocr_line' id='line_1_13' title="bbox 537 1020 1855 1092; baseline 0.003 -19"><span class='ocrx_word' id='word_1_54' title='bbox 537 1020 642 1084; x_wconf 90' lang='lat' dir='ltr'><strong>nis,</strong></span> <span class='ocrx_word' id='word_1_55' title='bbox 678 1021 995 1073; x_wconf 88' lang='lat' dir='ltr'><strong>adoratione</strong></span> <span class='ocrx_word' id='word_1_56' title='bbox 1022 1022 1224 1080; x_wconf 85' lang='lat' dir='ltr'><strong>crucis.</strong></span> <span class='ocrx_word' id='word_1_57' title='bbox 1251 1022 1303 1075; x_wconf 92' lang='lat' dir='ltr'><strong>in</strong></span> <span class='ocrx_word' id='word_1_58' title='bbox 1326 1038 1432 1091; x_wconf 90' lang='lat' dir='ltr'><strong>qua</strong></span> <span class='ocrx_word' id='word_1_59' title='bbox 1456 1031 1508 1076; x_wconf 88' lang='lat' dir='ltr'><strong>et</strong></span> <span class='ocrx_word' id='word_1_60' title='bbox 1536 1022 1855 1092; x_wconf 81' lang='lat' dir='ltr'><strong>gloriamur.</strong></span> 
     </span>
    </p>
   </div>
   <div class='ocr_carea' id='block_1_14' title="bbox 597 1106 2094 1184">
    <p class='ocr_par' dir='ltr' id='par_1_14' title="bbox 597 1106 2094 1184">
     <span class='ocr_line' id='line_1_14' title="bbox 597 1106 2094 1184; baseline 0.005 -24"><span class='ocrx_word' id='word_1_61' title='bbox 597 1106 768 1174; x_wconf 86' lang='lat' dir='ltr'><strong>Quam</strong></span> <span class='ocrx_word' id='word_1_62' title='bbox 792 1110 921 1163; x_wconf 89' lang='lat' dir='ltr'><strong>olim</strong></span> <span class='ocrx_word' id='word_1_63' title='bbox 951 1109 1161 1180; x_wconf 81' lang='lat' dir='ltr'><strong>Moyses</strong></span> <span class='ocrx_word' id='word_1_64' title='bbox 1187 1112 1439 1167; x_wconf 87' lang='lat' dir='ltr'><strong>manibus</strong></span> <span class='ocrx_word' id='word_1_65' title='bbox 1475 1112 1854 1184; x_wconf 69' lang='lat' dir='ltr'><strong>przeiigurabat</strong></span> <span class='ocrx_word' id='word_1_66' title='bbox 1881 1129 2094 1168; x_wconf 87' lang='lat' dir='ltr'><strong>crucem</strong></span> 
     </span>
    </p>
   </div>
   <div class='ocr_carea' id='block_1_15' title="bbox 538 1198 2097 1270">
    <p class='ocr_par' dir='ltr' id='par_1_15' title="bbox 538 1198 2097 1270">
     <span class='ocr_line' id='line_1_15' title="bbox 538 1198 2097 1270; baseline 0.004 -22"><span class='ocrx_word' id='word_1_67' title='bbox 538 1202 685 1248; x_wconf 80' lang='lat' dir='ltr'><strong>tuam</strong></span> <span class='ocrx_word' id='word_1_68' title='bbox 722 1212 864 1251; x_wconf 89' lang='lat' dir='ltr'><strong>nunc</strong></span> <span class='ocrx_word' id='word_1_69' title='bbox 884 1198 1216 1260; x_wconf 83' lang='lat' dir='ltr'><strong>osculantes,</strong></span> <span class='ocrx_word' id='word_1_70' title='bbox 1243 1198 1464 1252; x_wconf 88' lang='lat' dir='ltr'><strong>Amalec</strong></span> <span class='ocrx_word' id='word_1_71' title='bbox 1495 1199 1790 1269; x_wconf 86' lang='lat' dir='ltr'><strong>spiritalem</strong></span> <span class='ocrx_word' id='word_1_72' title='bbox 1835 1201 1885 1253; x_wconf 90' lang='lat' dir='ltr'><strong>in</strong></span> <span class='ocrx_word' id='word_1_73' title='bbox 1918 1200 2097 1270; x_wconf 82' lang='lat' dir='ltr'><strong>fugam</strong></span> 
     </span>
    </p>
   </div>
   <div class='ocr_carea' id='block_1_16' title="bbox 536 1283 2093 1354">
    <p class='ocr_par' dir='ltr' id='par_1_16' title="bbox 536 1283 2093 1354">
     <span class='ocr_line' id='line_1_16' title="bbox 536 1283 2093 1354; baseline 0.004 -17"><span class='ocrx_word' id='word_1_74' title='bbox 536 1283 822 1349; x_wconf 80' lang='lat' dir='ltr'><strong>vertimus,</strong></span> <span class='ocrx_word' id='word_1_75' title='bbox 855 1283 1102 1349; x_wconf 87' lang='lat' dir='ltr'><strong>Domine,</strong></span> <span class='ocrx_word' id='word_1_76' title='bbox 1136 1301 1232 1354; x_wconf 89' lang='lat' dir='ltr'><strong>per</strong></span> <span class='ocrx_word' id='word_1_77' title='bbox 1258 1301 1419 1354; x_wconf 87' lang='lat' dir='ltr'><strong>quam</strong></span> <span class='ocrx_word' id='word_1_78' title='bbox 1446 1289 1608 1340; x_wconf 90' lang='lat' dir='ltr'><strong>etiam</strong></span> <span class='ocrx_word' id='word_1_79' title='bbox 1659 1287 1849 1342; x_wconf 80' lang='lat' dir='ltr'><strong>salvati</strong></span> <span class='ocrx_word' id='word_1_80' title='bbox 1883 1303 2093 1344; x_wconf 89' lang='lat' dir='ltr'><strong>sumus.</strong></span> 
     </span>
    </p>
   </div>
   <div class='ocr_carea' id='block_1_17' title="bbox 601 1375 2096 1447">
    <p class='ocr_par' dir='ltr' id='par_1_17' title="bbox 601 1375 2096 1447">
     <span class='ocr_line' id='line_1_17' title="bbox 601 1375 2096 1447; baseline 0.005 -17"><span class='ocrx_word' id='word_1_81' title='bbox 601 1375 786 1432; x_wconf 88' lang='lat' dir='ltr'><strong>Oculis</strong></span> <span class='ocrx_word' id='word_1_82' title='bbox 829 1387 883 1432; x_wconf 88' lang='lat' dir='ltr'><strong>et</strong></span> <span class='ocrx_word' id='word_1_83' title='bbox 917 1377 1075 1433; x_wconf 87' lang='lat' dir='ltr'><strong>labiis</strong></span> <span class='ocrx_word' id='word_1_84' title='bbox 1103 1380 1256 1447; x_wconf 90' lang='lat' dir='ltr'><strong>puris</strong></span> <span class='ocrx_word' id='word_1_85' title='bbox 1293 1380 1668 1435; x_wconf 82' lang='lat' dir='ltr'><strong>exsultationis</strong></span> <span class='ocrx_word' id='word_1_86' title='bbox 1705 1382 1871 1436; x_wconf 90' lang='lat' dir='ltr'><strong>melos</strong></span> <span class='ocrx_word' id='word_1_87' title='bbox 1903 1384 2096 1437; x_wconf 86' lang='lat' dir='ltr'><strong>modu-</strong></span> 
     </span>
    </p>
   </div>
   <div class='ocr_carea' id='block_1_18' title="bbox 537 1468 2097 1548">
    <p class='ocr_par' dir='ltr' id='par_1_18' title="bbox 537 1468 2097 1548">
     <span class='ocr_line' id='line_1_18' title="bbox 537 1468 2097 1548; baseline 0.007 -27"><span class='ocrx_word' id='word_1_88' title='bbox 537 1468 710 1524; x_wconf 83' lang='lat' dir='ltr'><strong>lantes</strong></span> <span class='ocrx_word' id='word_1_89' title='bbox 740 1468 951 1524; x_wconf 91' lang='lat' dir='ltr'><strong>Domini</strong></span> <span class='ocrx_word' id='word_1_90' title='bbox 983 1485 1200 1526; x_wconf 88' lang='lat' dir='ltr'><strong>crucem</strong></span> <span class='ocrx_word' id='word_1_91' title='bbox 1236 1487 1362 1527; x_wconf 89' lang='lat' dir='ltr'><strong>cum</strong></span> <span class='ocrx_word' id='word_1_92' title='bbox 1394 1473 1591 1544; x_wconf 73' lang='lat' dir='ltr'><strong>gaudio</strong></span> <span class='ocrx_word' id='word_1_93' title='bbox 1629 1475 1918 1532; x_wconf 86' lang='lat' dir='ltr'><strong>adoremus</strong></span> <span class='ocrx_word' id='word_1_94' title='bbox 1945 1478 2097 1548; x_wconf 88' lang='lat' dir='ltr'><strong>plau-</strong></span> 
     </span>
    </p>
   </div>
   <div class='ocr_carea' id='block_1_19' title="bbox 535 1556 1095 1614">
    <p class='ocr_par' dir='ltr' id='par_1_19' title="bbox 535 1556 1095 1614">
     <span class='ocr_line' id='line_1_19' title="bbox 535 1556 1095 1614; baseline 0.005 -3"><span class='ocrx_word' id='word_1_95' title='bbox 535 1556 725 1612; x_wconf 85' lang='lat' dir='ltr'><strong>dentes</strong></span> <span class='ocrx_word' id='word_1_96' title='bbox 755 1558 808 1611; x_wconf 93' lang='lat' dir='ltr'><strong>in</strong></span> <span class='ocrx_word' id='word_1_97' title='bbox 847 1558 1095 1614; x_wconf 90' lang='lat' dir='ltr'><strong>canticis.</strong></span> 
     </span>
    </p>
   </div>
   <div class='ocr_carea' id='block_1_20' title="bbox 1141 1645 1464 1702">
    <p class='ocr_par' dir='ltr' id='par_1_20' title="bbox 1141 1645 1464 1702">
     <span class='ocr_line' id='line_1_20' title="bbox 1141 1645 1464 1702; baseline 0.003 -1"><span class='ocrx_word' id='word_1_98' title='bbox 1141 1645 1464 1702; x_wconf 79' lang='lat' dir='ltr'><strong>Triadicum.</strong></span> 
     </span>
    </p>
   </div>
   <div class='ocr_carea' id='block_1_21' title="bbox 605 1735 2094 1815">
    <p class='ocr_par' dir='ltr' id='par_1_21' title="bbox 605 1735 2094 1815">
     <span class='ocr_line' id='line_1_21' title="bbox 605 1735 2094 1815; baseline 0.005 -23"><span class='ocrx_word' id='word_1_99' title='bbox 605 1735 784 1793; x_wconf 88' lang='lat' dir='ltr'><strong>Unum</strong></span> <span class='ocrx_word' id='word_1_100' title='bbox 811 1738 862 1793; x_wconf 90' lang='lat' dir='ltr'><strong>in</strong></span> <span class='ocrx_word' id='word_1_101' title='bbox 895 1738 1067 1794; x_wconf 89' lang='lat' dir='ltr'><strong>trihus</strong></span> <span class='ocrx_word' id='word_1_102' title='bbox 1088 1740 1472 1810; x_wconf 85' lang='lat' dir='ltr'><strong>hypostasibus</strong></span> <span class='ocrx_word' id='word_1_103' title='bbox 1516 1739 1684 1796; x_wconf 89' lang='lat' dir='ltr'><strong>Deum</strong></span> <span class='ocrx_word' id='word_1_104' title='bbox 1721 1742 1972 1815; x_wconf 89' lang='lat' dir='ltr'><strong>principii</strong></span> <span class='ocrx_word' id='word_1_105' title='bbox 1997 1760 2094 1800; x_wconf 81' lang='lat' dir='ltr'><strong>ex-</strong></span> 
     </span>
    </p>
   </div>
   <div class='ocr_carea' id='block_1_22' title="bbox 2202 747 3663 820">
    <p class='ocr_par' dir='ltr' id='par_1_22' title="bbox 2202 747 3663 820">
     <span class='ocr_line' id='line_1_22' title="bbox 2202 747 3663 820; baseline 0.002 -18"><span class='ocrx_word' id='word_1_106' title='bbox 2202 747 2354 818; x_wconf 82' lang='grc' dir='ltr'>έστη,</span> <span class='ocrx_word' id='word_1_107' title='bbox 2383 749 2476 802; x_wconf 83' lang='grc' dir='ltr'>τὸν</span> <span class='ocrx_word' id='word_1_108' title='bbox 2501 748 2732 802; x_wconf 88' lang='grc' dir='ltr'>θάνατον</span> <span class='ocrx_word' id='word_1_109' title='bbox 2763 747 2899 802; x_wconf 83' lang='grc' dir='ltr'>ἐλὼν</span> <span class='ocrx_word' id='word_1_110' title='bbox 2928 749 3022 801; x_wconf 78' lang='grc' dir='ltr'><strong>καὶ</strong></span> <span class='ocrx_word' id='word_1_111' title='bbox 3058 748 3238 814; x_wconf 85' lang='grc' dir='ltr'>σώσας</span> <span class='ocrx_word' id='word_1_112' title='bbox 3259 752 3327 803; x_wconf 72' lang='grc' dir='ltr'><strong>τά</strong></span> <span class='ocrx_word' id='word_1_113' title='bbox 3351 751 3663 820; x_wconf 80' lang='grc' dir='ltr'>σύμπαντα.</span> 
     </span>
    </p>
   </div>
   <div class='ocr_carea' id='block_1_23' title="bbox 2268 838 3768 911">
    <p class='ocr_par' dir='ltr' id='par_1_23' title="bbox 2268 838 3768 911">
     <span class='ocr_line' id='line_1_23' title="bbox 2268 838 3768 911; baseline 0.003 -21"><span class='ocrx_word' id='word_1_114' title='bbox 2268 838 2430 894; x_wconf 82' lang='grc' dir='ltr'><strong>Δεῦτε</strong></span> <span class='ocrx_word' id='word_1_115' title='bbox 2463 839 2810 910; x_wconf 84' lang='grc' dir='ltr'>ἀρυσὼμεθα,</span> <span class='ocrx_word' id='word_1_116' title='bbox 2833 839 3034 902; x_wconf 69' lang='grc' dir='ltr'>πιστοὶ,</span> <span class='ocrx_word' id='word_1_117' title='bbox 3065 839 3239 893; x_wconf 73' lang='grc' dir='ltr'>οὐκέκ</span> <span class='ocrx_word' id='word_1_118' title='bbox 3260 842 3466 910; x_wconf 78' lang='grc' dir='ltr'><strong>κρήνης</strong></span> <span class='ocrx_word' id='word_1_119' title='bbox 3500 841 3768 911; x_wconf 75' lang='grc' dir='ltr'>βρυούσης</span> 
     </span>
    </p>
   </div>
   <div class='ocr_carea' id='block_1_24' title="bbox 2201 930 3767 1004">
    <p class='ocr_par' dir='ltr' id='par_1_24' title="bbox 2201 930 3767 1004">
     <span class='ocr_line' id='line_1_24' title="bbox 2201 930 3767 1004; baseline 0.002 -20"><span class='ocrx_word' id='word_1_120' title='bbox 2201 930 2343 1002; x_wconf 78' lang='grc' dir='ltr'><strong>ὕδωρ</strong></span> <span class='ocrx_word' id='word_1_121' title='bbox 2376 931 2746 1003; x_wconf 82' lang='grc' dir='ltr'>φθειρόμενον,</span> <span class='ocrx_word' id='word_1_122' title='bbox 2773 930 2911 983; x_wconf 80' lang='grc' dir='ltr'>ἀλλὰ</span> <span class='ocrx_word' id='word_1_123' title='bbox 2955 931 3141 1002; x_wconf 81' lang='grc' dir='ltr'>πηγὴν</span> <span class='ocrx_word' id='word_1_124' title='bbox 3182 932 3491 1002; x_wconf 76' lang='grc' dir='ltr'>φωτισμοῦ,</span> <span class='ocrx_word' id='word_1_125' title='bbox 3535 934 3767 1004; x_wconf 83' lang='grc' dir='ltr'>σταυροῦ</span> 
     </span>
    </p>
   </div>
   <div class='ocr_carea' id='block_1_25' title="bbox 2199 1018 3646 1096">
    <p class='ocr_par' dir='ltr' id='par_1_25' title="bbox 2199 1018 3646 1096">
     <span class='ocr_line' id='line_1_25' title="bbox 2199 1018 3646 1096; baseline 0.002 -19"><span class='ocrx_word' id='word_1_126' title='bbox 2199 1025 2562 1094; x_wconf 80' lang='grc' dir='ltr'><strong>προσκυνήσει</strong></span> <span class='ocrx_word' id='word_1_127' title='bbox 2585 1022 2680 1077; x_wconf 90' lang='grc' dir='ltr'><strong>τοῦ</strong></span> <span class='ocrx_word' id='word_1_128' title='bbox 2704 1024 2962 1094; x_wconf 77' lang='grc' dir='ltr'><strong>Χριστοῦ,</strong></span> <span class='ocrx_word' id='word_1_129' title='bbox 2999 1025 3056 1076; x_wconf 91' lang='grc' dir='ltr'><strong>ἐν</strong></span> <span class='ocrx_word' id='word_1_130' title='bbox 3090 1018 3134 1092; x_wconf 83' lang='grc' dir='ltr'><strong>ᾧ</strong></span> <span class='ocrx_word' id='word_1_131' title='bbox 3163 1025 3259 1078; x_wconf 73' lang='grc' dir='ltr'><strong>καὶ</strong></span> <span class='ocrx_word' id='word_1_132' title='bbox 3291 1026 3646 1096; x_wconf 74' lang='grc' dir='ltr'><strong>καυχώμεθα.</strong></span> 
     </span>
    </p>
   </div>
   <div class='ocr_carea' id='block_1_26' title="bbox 2269 1114 3768 1188">
    <p class='ocr_par' dir='ltr' id='par_1_26' title="bbox 2269 1114 3768 1188">
     <span class='ocr_line' id='line_1_26' title="bbox 2269 1114 3768 1188; baseline 0.003 -22"><span class='ocrx_word' id='word_1_133' title='bbox 2269 1114 2441 1169; x_wconf 82' lang='grc' dir='ltr'><strong>Πάλαι</strong></span> <span class='ocrx_word' id='word_1_134' title='bbox 2471 1115 2528 1168; x_wconf 81' lang='grc' dir='ltr'><strong>ὃν</strong></span> <span class='ocrx_word' id='word_1_135' title='bbox 2561 1117 2758 1169; x_wconf 78' lang='grc' dir='ltr'>ἐτύπου</span> <span class='ocrx_word' id='word_1_136' title='bbox 2794 1116 3039 1186; x_wconf 83' lang='grc' dir='ltr'><strong>Μωῦσῆς</strong></span> <span class='ocrx_word' id='word_1_137' title='bbox 3065 1118 3186 1179; x_wconf 77' lang='grc' dir='ltr'>ταῖς</span> <span class='ocrx_word' id='word_1_138' title='bbox 3220 1117 3504 1187; x_wconf 76' lang='grc' dir='ltr'><strong>παλάμαις</strong></span> <span class='ocrx_word' id='word_1_139' title='bbox 3537 1119 3768 1188; x_wconf 79' lang='grc' dir='ltr'>σταυρόν</span> 
     </span>
    </p>
   </div>
   <div class='ocr_carea' id='block_1_27' title="bbox 2199 1203 3770 1282">
    <p class='ocr_par' dir='ltr' id='par_1_27' title="bbox 2199 1203 3770 1282">
     <span class='ocr_line' id='line_1_27' title="bbox 2199 1203 3770 1282; baseline 0.004 -25"><span class='ocrx_word' id='word_1_140' title='bbox 2199 1221 2291 1258; x_wconf 91' lang='grc' dir='ltr'><strong>σου</strong></span> <span class='ocrx_word' id='word_1_141' title='bbox 2321 1203 2415 1258; x_wconf 92' lang='grc' dir='ltr'>νῦν</span> <span class='ocrx_word' id='word_1_142' title='bbox 2444 1207 2966 1277; x_wconf 83' lang='grc' dir='ltr'>προσπτυσσόμενοι,</span> <span class='ocrx_word' id='word_1_143' title='bbox 3021 1208 3112 1260; x_wconf 83' lang='grc' dir='ltr'><strong>τὸν</strong></span> <span class='ocrx_word' id='word_1_144' title='bbox 3144 1208 3331 1280; x_wconf 79' lang='grc' dir='ltr'>νοητὸν</span> <span class='ocrx_word' id='word_1_145' title='bbox 3372 1210 3622 1280; x_wconf 77' lang='grc' dir='ltr'>Ἀμαλὴκ</span> <span class='ocrx_word' id='word_1_146' title='bbox 3650 1229 3770 1282; x_wconf 82' lang='grc' dir='ltr'>τρο-</span> 
     </span>
    </p>
   </div>
   <div class='ocr_carea' id='block_1_28' title="bbox 2196 1290 3626 1369">
    <p class='ocr_par' dir='ltr' id='par_1_28' title="bbox 2196 1290 3626 1369">
     <span class='ocr_line' id='line_1_28' title="bbox 2196 1290 3626 1369; baseline 0.003 -21"><span class='ocrx_word' id='word_1_147' title='bbox 2196 1295 2468 1365; x_wconf 84' lang='grc' dir='ltr'>πούμεθα,</span> <span class='ocrx_word' id='word_1_148' title='bbox 2492 1299 2732 1351; x_wconf 80' lang='grc' dir='ltr'>Δέσποτα</span> <span class='ocrx_word' id='word_1_149' title='bbox 2762 1298 2953 1369; x_wconf 78' lang='grc' dir='ltr'>Κύριε,</span> <span class='ocrx_word' id='word_1_150' title='bbox 2977 1299 3047 1352; x_wconf 87' lang='grc' dir='ltr'><strong>δι’</strong></span> <span class='ocrx_word' id='word_1_151' title='bbox 3071 1290 3133 1351; x_wconf 73' lang='grc' dir='ltr'>οὗ</span> <span class='ocrx_word' id='word_1_152' title='bbox 3163 1301 3255 1351; x_wconf 74' lang='grc' dir='ltr'><strong>καὶ</strong></span> <span class='ocrx_word' id='word_1_153' title='bbox 3283 1299 3626 1369; x_wconf 85' lang='grc' dir='ltr'>σεσώσμεθα.</span> 
     </span>
    </p>
   </div>
   <div class='ocr_carea' id='block_1_29' title="bbox 2271 1389 3768 1459">
    <p class='ocr_par' dir='ltr' id='par_1_29' title="bbox 2271 1389 3768 1459">
     <span class='ocr_line' id='line_1_29' title="bbox 2271 1389 3768 1459; baseline 0.003 -21"><span class='ocrx_word' id='word_1_154' title='bbox 2271 1389 2519 1456; x_wconf 83' lang='grc' dir='ltr'><strong>Ὀμμασι</strong></span> <span class='ocrx_word' id='word_1_155' title='bbox 2562 1389 2656 1441; x_wconf 70' lang='grc' dir='ltr'>καὶ</span> <span class='ocrx_word' id='word_1_156' title='bbox 2692 1389 2928 1458; x_wconf 80' lang='grc' dir='ltr'>χείλεσιν</span> <span class='ocrx_word' id='word_1_157' title='bbox 2959 1391 3142 1458; x_wconf 83' lang='grc' dir='ltr'>ἁγνοῖς</span> <span class='ocrx_word' id='word_1_158' title='bbox 3170 1390 3563 1458; x_wconf 75' lang='grc' dir='ltr'>άνακρούοντες</span> <span class='ocrx_word' id='word_1_159' title='bbox 3609 1391 3768 1459; x_wconf 80' lang='grc' dir='ltr'><strong>μέλος</strong></span> 
     </span>
    </p>
   </div>
   <div class='ocr_carea' id='block_1_30' title="bbox 2194 1476 3767 1553">
    <p class='ocr_par' dir='ltr' id='par_1_30' title="bbox 2194 1476 3767 1553">
     <span class='ocr_line' id='line_1_30' title="bbox 2194 1476 3767 1553; baseline 0.003 -23"><span class='ocrx_word' id='word_1_160' title='bbox 2194 1476 2584 1545; x_wconf 78' lang='grc' dir='ltr'><strong>ἀγαλλιάσεως,</strong></span> <span class='ocrx_word' id='word_1_161' title='bbox 2606 1477 2697 1531; x_wconf 81' lang='grc' dir='ltr'>τὸν</span> <span class='ocrx_word' id='word_1_162' title='bbox 2725 1478 2820 1532; x_wconf 85' lang='grc' dir='ltr'><strong>τοῦ</strong></span> <span class='ocrx_word' id='word_1_163' title='bbox 2852 1480 3058 1551; x_wconf 82' lang='grc' dir='ltr'>Κυρίου</span> <span class='ocrx_word' id='word_1_164' title='bbox 3088 1480 3318 1549; x_wconf 79' lang='grc' dir='ltr'>σταυρὸν</span> <span class='ocrx_word' id='word_1_165' title='bbox 3353 1483 3497 1552; x_wconf 78' lang='grc' dir='ltr'>χαρᾷ</span> <span class='ocrx_word' id='word_1_166' title='bbox 3527 1499 3767 1553; x_wconf 79' lang='grc' dir='ltr'>προσκυ-</span> 
     </span>
    </p>
   </div>
   <div class='ocr_carea' id='block_1_31' title="bbox 2195 1569 3374 1642">
    <p class='ocr_par' dir='ltr' id='par_1_31' title="bbox 2195 1569 3374 1642">
     <span class='ocr_line' id='line_1_31' title="bbox 2195 1569 3374 1642; baseline 0.004 -22"><span class='ocrx_word' id='word_1_167' title='bbox 2195 1569 2446 1638; x_wconf 86' lang='grc' dir='ltr'>νήσωμεν</span> <span class='ocrx_word' id='word_1_168' title='bbox 2474 1569 2653 1622; x_wconf 84' lang='grc' dir='ltr'>πιστοὶ</span> <span class='ocrx_word' id='word_1_169' title='bbox 2681 1570 2999 1639; x_wconf 80' lang='grc' dir='ltr'>κροτοῦντες</span> <span class='ocrx_word' id='word_1_170' title='bbox 3026 1573 3084 1623; x_wconf 80' lang='grc' dir='ltr'><strong>ἐν</strong></span> <span class='ocrx_word' id='word_1_171' title='bbox 3115 1571 3374 1642; x_wconf 78' lang='grc' dir='ltr'>ᾄσμασιν.</span> 
     </span>
    </p>
   </div>
   <div class='ocr_carea' id='block_1_32' title="bbox 2770 1660 3129 1729">
    <p class='ocr_par' dir='ltr' id='par_1_32' title="bbox 2770 1660 3129 1729">
     <span class='ocr_line' id='line_1_32' title="bbox 2770 1660 3129 1729; baseline 0 -15"><span class='ocrx_word' id='word_1_172' title='bbox 2770 1660 3096 1729; x_wconf 81' lang='grc' dir='ltr'>Τριαδικόν.</span> <span class='ocrx_word' id='word_1_173' title='bbox 3109 1700 3129 1714; x_wconf 92' lang='grc'><strong>.</strong></span> 
     </span>
    </p>
   </div>
   <div class='ocr_carea' id='block_1_33' title="bbox 2265 1747 3770 1824">
    <p class='ocr_par' dir='ltr' id='par_1_33' title="bbox 2265 1747 3770 1824">
     <span class='ocr_line' id='line_1_33' title="bbox 2265 1747 3770 1824; baseline 0.003 -23"><span class='ocrx_word' id='word_1_174' title='bbox 2265 1747 2401 1801; x_wconf 86' lang='grc' dir='ltr'><strong>Ἕνα</strong></span> <span class='ocrx_word' id='word_1_175' title='bbox 2432 1747 2758 1804; x_wconf 80' lang='grc' dir='ltr'>ὑποστάσεσι</span> <span class='ocrx_word' id='word_1_176' title='bbox 2788 1751 2936 1820; x_wconf 74' lang='grc' dir='ltr'>τρισὶ</span> <span class='ocrx_word' id='word_1_177' title='bbox 2963 1750 3093 1804; x_wconf 75' lang='grc' dir='ltr'>Θεὸν</span> <span class='ocrx_word' id='word_1_178' title='bbox 3123 1752 3356 1822; x_wconf 77' lang='grc' dir='ltr'>ἄναρχον</span> <span class='ocrx_word' id='word_1_179' title='bbox 3391 1753 3556 1813; x_wconf 79' lang='grc' dir='ltr'>σέϐω,</span> <span class='ocrx_word' id='word_1_180' title='bbox 3584 1753 3663 1824; x_wconf 81' lang='grc' dir='ltr'><strong>μὴ</strong></span> <span class='ocrx_word' id='word_1_181' title='bbox 3693 1754 3770 1806; x_wconf 81' lang='grc' dir='ltr'><strong>δι-</strong></span> 
     </span>
    </p>
   </div>
   <div class='ocr_carea' id='block_1_34' title="bbox 533 1812 2087 1913">
    <p class='ocr_par' dir='ltr' id='par_1_34' title="bbox 533 1812 2087 1895">
     <span class='ocr_line' id='line_1_34' title="bbox 533 1812 2087 1895; baseline 0.006 -17"><span class='ocrx_word' id='word_1_182' title='bbox 533 1835 737 1894; x_wconf 88' lang='lat' dir='ltr'><strong>pertem</strong></span> <span class='ocrx_word' id='word_1_183' title='bbox 772 1827 912 1892; x_wconf 89' lang='lat' dir='ltr'><strong>colo,</strong></span> <span class='ocrx_word' id='word_1_184' title='bbox 958 1842 1063 1881; x_wconf 91' lang='lat' dir='ltr'><strong>non</strong></span> <span class='ocrx_word' id='word_1_185' title='bbox 1101 1826 1392 1882; x_wconf 87' lang='lat' dir='ltr'><strong>discretum</strong></span> <span class='ocrx_word' id='word_1_186' title='bbox 1447 1830 1684 1884; x_wconf 86' lang='lat' dir='ltr'><strong>essentia</strong></span> <span class='ocrx_word' id='word_1_187' title='bbox 1716 1812 1954 1895; x_wconf 80' lang='lat' dir='ltr'><strong>Patrem.</strong></span> <span class='ocrx_word' id='word_1_188' title='bbox 2005 1833 2087 1888; x_wconf 87' lang='lat' dir='ltr'><strong>Fi-</strong></span> 
     </span>
    </p>
   </div>
   <div class='ocr_carea' id='block_1_35' title="bbox 2214 1812 3768 1913">
    <p class='ocr_par' dir='ltr' id='par_1_35' title="bbox 2214 1812 3768 1913">
     <span class='ocr_line' id='line_1_35' title="bbox 2214 1812 3768 1913; baseline 0.004 -23"><span class='ocrx_word' id='word_1_189' title='bbox 2214 1838 2516 1913; x_wconf 81' lang='grc' dir='ltr'>ιιρούμενον</span> <span class='ocrx_word' id='word_1_190' title='bbox 2556 1842 2620 1912; x_wconf 82' lang='grc' dir='ltr'>τῇ</span> <span class='ocrx_word' id='word_1_191' title='bbox 2650 1843 2749 1912; x_wconf 80' lang='grc' dir='ltr'>τῆς</span> <span class='ocrx_word' id='word_1_192' title='bbox 2775 1812 2962 1906; x_wconf 72' lang='grc' dir='ltr'>οῦσίας</span> <span class='ocrx_word' id='word_1_193' title='bbox 2992 1845 3171 1913; x_wconf 78' lang='grc' dir='ltr'>μορφῇ</span> <span class='ocrx_word' id='word_1_194' title='bbox 3220 1812 3459 1912; x_wconf 61' lang='grc' dir='ltr'>ίιατέρα,</span> <span class='ocrx_word' id='word_1_195' title='bbox 3495 1812 3768 1908; x_wconf 41' lang='grc' dir='ltr'>Υἱόνίκαὶ</span> 
     </span>
    </p>
   </div>
   <div class='ocr_carea' id='block_1_36' title="bbox 533 1917 2097 1992">
    <p class='ocr_par' dir='ltr' id='par_1_36' title="bbox 533 1917 2097 1992">
     <span class='ocr_line' id='line_1_36' title="bbox 533 1917 2097 1992; baseline 0.007 -22"><span class='ocrx_word' id='word_1_196' title='bbox 533 1917 691 1982; x_wconf 87' lang='lat' dir='ltr'><strong>lium,</strong></span> <span class='ocrx_word' id='word_1_197' title='bbox 734 1929 788 1973; x_wconf 86' lang='lat' dir='ltr'><strong>et</strong></span> <span class='ocrx_word' id='word_1_198' title='bbox 829 1918 1091 1987; x_wconf 90' lang='lat' dir='ltr'><strong>Spiritum</strong></span> <span class='ocrx_word' id='word_1_199' title='bbox 1138 1919 1435 1988; x_wconf 79' lang='lat' dir='ltr'><strong>viviticum,</strong></span> <span class='ocrx_word' id='word_1_200' title='bbox 1489 1921 1543 1974; x_wconf 90' lang='lat' dir='ltr'><strong>in</strong></span> <span class='ocrx_word' id='word_1_201' title='bbox 1593 1936 1824 1992; x_wconf 89' lang='lat' dir='ltr'><strong>quorum</strong></span> <span class='ocrx_word' id='word_1_202' title='bbox 1875 1924 2097 1982; x_wconf 87' lang='lat' dir='ltr'><strong>nomine</strong></span> 
     </span>
    </p>
   </div>
   <div class='ocr_carea' id='block_1_37' title="bbox 532 2009 1015 2079">
    <p class='ocr_par' dir='ltr' id='par_1_37' title="bbox 532 2009 1015 2079">
     <span class='ocr_line' id='line_1_37' title="bbox 532 2009 1015 2079; baseline 0.004 -17"><span class='ocrx_word' id='word_1_203' title='bbox 532 2009 791 2079; x_wconf 84' lang='lat' dir='ltr'><strong>baptizati</strong></span> <span class='ocrx_word' id='word_1_204' title='bbox 821 2025 1015 2066; x_wconf 89' lang='lat' dir='ltr'><strong>sumus</strong></span> 
     </span>
    </p>
   </div>
   <div class='ocr_carea' id='block_1_38' title="bbox 1133 2103 1490 2164">
    <p class='ocr_par' dir='ltr' id='par_1_38' title="bbox 1133 2103 1490 2164">
     <span class='ocr_line' id='line_1_38' title="bbox 1133 2103 1490 2164; baseline 0.017 -6"><span class='ocrx_word' id='word_1_205' title='bbox 1133 2103 1490 2164; x_wconf 81' lang='lat' dir='ltr'><strong>Theotocium.</strong></span> 
     </span>
    </p>
   </div>
   <div class='ocr_carea' id='block_1_39' title="bbox 601 2195 2094 2269">
    <p class='ocr_par' dir='ltr' id='par_1_39' title="bbox 601 2195 2094 2269">
     <span class='ocr_line' id='line_1_39' title="bbox 601 2195 2094 2269; baseline 0.003 -21"><span class='ocrx_word' id='word_1_206' title='bbox 601 2195 660 2249; x_wconf 87' lang='lat' dir='ltr'><strong>ln</strong></span> <span class='ocrx_word' id='word_1_207' title='bbox 685 2195 820 2250; x_wconf 86' lang='lat' dir='ltr'><strong>rubo</strong></span> <span class='ocrx_word' id='word_1_208' title='bbox 871 2197 998 2251; x_wconf 90' lang='lat' dir='ltr'><strong>olim</strong></span> <span class='ocrx_word' id='word_1_209' title='bbox 1061 2197 1275 2269; x_wconf 85' lang='lat' dir='ltr'><strong>Moyses</strong></span> <span class='ocrx_word' id='word_1_210' title='bbox 1340 2198 1656 2269; x_wconf 87' lang='lat' dir='ltr'><strong>mysterium</strong></span> <span class='ocrx_word' id='word_1_211' title='bbox 1714 2204 1863 2252; x_wconf 93' lang='lat' dir='ltr'><strong>tuum</strong></span> <span class='ocrx_word' id='word_1_212' title='bbox 1917 2195 2094 2266; x_wconf 75' lang='lat' dir='ltr'><strong>typice</strong></span> 
     </span>
    </p>
   </div>
   <div class='ocr_carea' id='block_1_40' title="bbox 529 2283 2094 2354">
    <p class='ocr_par' dir='ltr' id='par_1_40' title="bbox 529 2283 2094 2354">
     <span class='ocr_line' id='line_1_40' title="bbox 529 2283 2094 2354; baseline 0.005 -19"><span class='ocrx_word' id='word_1_213' title='bbox 529 2283 685 2350; x_wconf 75' lang='lat' dir='ltr'><strong>vidit,</strong></span> <span class='ocrx_word' id='word_1_214' title='bbox 727 2303 760 2341; x_wconf 93' lang='grc' dir='ltr'><strong>ο</strong></span> <span class='ocrx_word' id='word_1_215' title='bbox 789 2289 1115 2343; x_wconf 86' lang='lat' dir='ltr'><strong>veneranda.</strong></span> <span class='ocrx_word' id='word_1_216' title='bbox 1157 2288 1224 2343; x_wconf 89' lang='lat' dir='ltr'><strong>Ut</strong></span> <span class='ocrx_word' id='word_1_217' title='bbox 1249 2289 1392 2343; x_wconf 91' lang='lat' dir='ltr'><strong>enim</strong></span> <span class='ocrx_word' id='word_1_218' title='bbox 1431 2290 1579 2343; x_wconf 92' lang='lat' dir='ltr'><strong>illum</strong></span> <span class='ocrx_word' id='word_1_219' title='bbox 1607 2289 1846 2354; x_wconf 86' lang='lat' dir='ltr'><strong>ﬂamma,</strong></span> <span class='ocrx_word' id='word_1_220' title='bbox 1875 2290 1952 2345; x_wconf 89' lang='lat' dir='ltr'><strong>sic</strong></span> <span class='ocrx_word' id='word_1_221' title='bbox 1975 2297 2094 2343; x_wconf 89' lang='lat' dir='ltr'><strong>ute-</strong></span> 
     </span>
    </p>
   </div>
   <div class='ocr_carea' id='block_1_41' title="bbox 530 2382 1759 2452">
    <p class='ocr_par' dir='ltr' id='par_1_41' title="bbox 530 2382 1759 2452">
     <span class='ocr_line' id='line_1_41' title="bbox 530 2382 1759 2452; baseline 0.008 -22"><span class='ocrx_word' id='word_1_222' title='bbox 530 2393 652 2431; x_wconf 86' lang='lat' dir='ltr'><strong>rum</strong></span> <span class='ocrx_word' id='word_1_223' title='bbox 688 2387 839 2434; x_wconf 90' lang='lat' dir='ltr'><strong>tuum</strong></span> <span class='ocrx_word' id='word_1_224' title='bbox 873 2383 1011 2452; x_wconf 78' lang='lat' dir='ltr'><strong>ignis</strong></span> <span class='ocrx_word' id='word_1_225' title='bbox 1044 2382 1350 2439; x_wconf 84' lang='lat' dir='ltr'><strong>Divinitatis</strong></span> <span class='ocrx_word' id='word_1_226' title='bbox 1389 2400 1495 2438; x_wconf 91' lang='lat' dir='ltr'><strong>non</strong></span> <span class='ocrx_word' id='word_1_227' title='bbox 1530 2384 1759 2440; x_wconf 88' lang='lat' dir='ltr'><strong>adussit.</strong></span> 
     </span>
    </p>
   </div>
   <div class='ocr_carea' id='block_1_42' title="bbox 1154 2473 1464 2529">
    <p class='ocr_par' dir='ltr' id='par_1_42' title="bbox 1154 2473 1464 2529">
     <span class='ocr_line' id='line_1_42' title="bbox 1154 2473 1464 2529; baseline 0.003 -1"><span class='ocrx_word' id='word_1_228' title='bbox 1154 2473 1464 2529; x_wconf 79' lang='lat' dir='ltr'><strong>Calabasia.</strong></span> 
     </span>
    </p>
   </div>
   <div class='ocr_carea' id='block_1_43' title="bbox 593 2561 2091 2635">
    <p class='ocr_par' dir='ltr' id='par_1_43' title="bbox 593 2561 2091 2635">
     <span class='ocr_line' id='line_1_43' title="bbox 593 2561 2091 2635; baseline 0.005 -20"><span class='ocrx_word' id='word_1_229' title='bbox 593 2561 867 2617; x_wconf 79' lang='lat' dir='ltr'><strong>Couiirma</strong></span> <span class='ocrx_word' id='word_1_230' title='bbox 889 2580 992 2630; x_wconf 91' lang='lat' dir='ltr'><strong>me,</strong></span> <span class='ocrx_word' id='word_1_231' title='bbox 1031 2565 1278 2629; x_wconf 86' lang='lat' dir='ltr'><strong>Domine,</strong></span> <span class='ocrx_word' id='word_1_232' title='bbox 1308 2581 1470 2619; x_wconf 89' lang='lat' dir='ltr'><strong>cruce</strong></span> <span class='ocrx_word' id='word_1_233' title='bbox 1501 2575 1591 2620; x_wconf 92' lang='lat' dir='ltr'><strong>tua</strong></span> <span class='ocrx_word' id='word_1_234' title='bbox 1614 2567 1667 2620; x_wconf 93' lang='lat' dir='ltr'><strong>in</strong></span> <span class='ocrx_word' id='word_1_235' title='bbox 1690 2574 1839 2635; x_wconf 89' lang='lat' dir='ltr'><strong>petra</strong></span> <span class='ocrx_word' id='word_1_236' title='bbox 1862 2566 2003 2632; x_wconf 81' lang='lat' dir='ltr'><strong>ﬁdei,</strong></span> <span class='ocrx_word' id='word_1_237' title='bbox 2023 2581 2091 2622; x_wconf 88' lang='lat' dir='ltr'><strong>ne</strong></span> 
     </span>
    </p>
   </div>
   <div class='ocr_carea' id='block_1_44' title="bbox 529 2656 2089 2726">
    <p class='ocr_par' dir='ltr' id='par_1_44' title="bbox 529 2656 2089 2726">
     <span class='ocr_line' id='line_1_44' title="bbox 529 2656 2089 2726; baseline 0.006 -20"><span class='ocrx_word' id='word_1_238' title='bbox 529 2669 681 2709; x_wconf 85' lang='lat' dir='ltr'><strong>mens</strong></span> <span class='ocrx_word' id='word_1_239' title='bbox 721 2671 836 2709; x_wconf 88' lang='lat' dir='ltr'><strong>mea</strong></span> <span class='ocrx_word' id='word_1_240' title='bbox 879 2656 1239 2726; x_wconf 88' lang='lat' dir='ltr'><strong>impressione</strong></span> <span class='ocrx_word' id='word_1_241' title='bbox 1279 2657 1486 2712; x_wconf 87' lang='lat' dir='ltr'><strong>inimici</strong></span> <span class='ocrx_word' id='word_1_242' title='bbox 1523 2659 1884 2714; x_wconf 91' lang='lat' dir='ltr'><strong>concutiatur.</strong></span> <span class='ocrx_word' id='word_1_243' title='bbox 1930 2658 2089 2716; x_wconf 85' lang='lat' dir='ltr'><strong>Solus</strong></span> 
     </span>
    </p>
   </div>
   <div class='ocr_carea' id='block_1_45' title="bbox 526 2747 1039 2804">
    <p class='ocr_par' dir='ltr' id='par_1_45' title="bbox 526 2747 1039 2804">
     <span class='ocr_line' id='line_1_45' title="bbox 526 2747 1039 2804; baseline 0.006 -3"><span class='ocrx_word' id='word_1_244' title='bbox 526 2747 671 2801; x_wconf 87' lang='lat' dir='ltr'><strong>enim</strong></span> <span class='ocrx_word' id='word_1_245' title='bbox 708 2757 929 2803; x_wconf 89' lang='lat' dir='ltr'><strong>sanctus</strong></span> <span class='ocrx_word' id='word_1_246' title='bbox 959 2764 1039 2804; x_wconf 92' lang='lat' dir='ltr'><strong>es.</strong></span> 
     </span>
    </p>
   </div>
   <div class='ocr_carea' id='block_1_46' title="bbox 1181 2858 1448 2920">
    <p class='ocr_par' dir='ltr' id='par_1_46' title="bbox 1181 2858 1448 2920">
     <span class='ocr_line' id='line_1_46' title="bbox 1181 2858 1448 2920; baseline 0.007 -3"><span class='ocrx_word' id='word_1_247' title='bbox 1181 2858 1318 2917; x_wconf 81' lang='lat' dir='ltr'><strong>ODA</strong></span> <span class='ocrx_word' id='word_1_248' title='bbox 1356 2860 1448 2920; x_wconf 84' lang='lat' dir='ltr'><strong>Ill.</strong></span> 
     </span>
    </p>
   </div>
   <div class='ocr_carea' id='block_1_47' title="bbox 592 2975 2082 3048">
    <p class='ocr_par' dir='ltr' id='par_1_47' title="bbox 592 2975 2082 3048">
     <span class='ocr_line' id='line_1_47' title="bbox 592 2975 2082 3048; baseline 0.003 -19"><span class='ocrx_word' id='word_1_249' title='bbox 592 2975 729 3033; x_wconf 87' lang='lat' dir='ltr'><strong>Ecce</strong></span> <span class='ocrx_word' id='word_1_250' title='bbox 759 2977 995 3031; x_wconf 82' lang='lat' dir='ltr'><strong>surrexit</strong></span> <span class='ocrx_word' id='word_1_251' title='bbox 1025 2977 1296 3042; x_wconf 85' lang='lat' dir='ltr'><strong>Christus,</strong></span> <span class='ocrx_word' id='word_1_252' title='bbox 1335 2979 1412 3032; x_wconf 90' lang='lat' dir='ltr'><strong>ait</strong></span> <span class='ocrx_word' id='word_1_253' title='bbox 1451 2978 1689 3048; x_wconf 81' lang='lat' dir='ltr'><strong>Angelus</strong></span> <span class='ocrx_word' id='word_1_254' title='bbox 1715 2977 1778 3031; x_wconf 90' lang='lat' dir='ltr'><strong>ad</strong></span> <span class='ocrx_word' id='word_1_255' title='bbox 1806 2978 2082 3045; x_wconf 82' lang='lat' dir='ltr'><strong>mulieres,</strong></span> 
     </span>
    </p>
   </div>
   <div class='ocr_carea' id='block_1_48' title="bbox 525 3068 2083 3137">
    <p class='ocr_par' dir='ltr' id='par_1_48' title="bbox 525 3068 2083 3137">
     <span class='ocr_line' id='line_1_48' title="bbox 525 3068 2083 3137; baseline 0.003 -18"><span class='ocrx_word' id='word_1_256' title='bbox 525 3081 646 3135; x_wconf 73' lang='lat' dir='ltr'><strong>qua:</strong></span> <span class='ocrx_word' id='word_1_257' title='bbox 675 3077 943 3137; x_wconf 85' lang='lat' dir='ltr'><strong>unguenta</strong></span> <span class='ocrx_word' id='word_1_258' title='bbox 968 3068 1264 3122; x_wconf 76' lang='lat' dir='ltr'><strong>aﬂ&#39;erebant</strong></span> <span class='ocrx_word' id='word_1_259' title='bbox 1289 3085 1303 3122; x_wconf 94' lang='lat'><strong>:</strong></span> <span class='ocrx_word' id='word_1_260' title='bbox 1329 3069 1401 3122; x_wconf 83' lang='lat' dir='ltr'><strong>Ne</strong></span> <span class='ocrx_word' id='word_1_261' title='bbox 1422 3069 1661 3137; x_wconf 87' lang='lat' dir='ltr'><strong>ploretis.</strong></span> <span class='ocrx_word' id='word_1_262' title='bbox 1691 3068 1894 3124; x_wconf 91' lang='lat' dir='ltr'><strong>Euntes</strong></span> <span class='ocrx_word' id='word_1_263' title='bbox 1918 3070 2083 3124; x_wconf 91' lang='lat' dir='ltr'><strong>dicite</strong></span> 
     </span>
    </p>
   </div>
   <div class='ocr_carea' id='block_1_49' title="bbox 2195 1928 3242 2003">
    <p class='ocr_par' dir='ltr' id='par_1_49' title="bbox 2195 1928 3242 2003">
     <span class='ocr_line' id='line_1_49' title="bbox 2195 1928 3242 2003; baseline 0.005 -19"><span class='ocrx_word' id='word_1_264' title='bbox 2195 1928 2421 2000; x_wconf 79' lang='grc' dir='ltr'><strong>Πνεῦμα</strong></span> <span class='ocrx_word' id='word_1_265' title='bbox 2451 1931 2580 1996; x_wconf 80' lang='grc' dir='ltr'>ζῶν,</span> <span class='ocrx_word' id='word_1_266' title='bbox 2615 1932 2672 1985; x_wconf 84' lang='grc' dir='ltr'>ἐν</span> <span class='ocrx_word' id='word_1_267' title='bbox 2698 1928 2778 1995; x_wconf 75' lang='grc' dir='ltr'><strong>οἷς</strong></span> <span class='ocrx_word' id='word_1_268' title='bbox 2813 1933 3242 2003; x_wconf 77' lang='grc' dir='ltr'>βεϐαπτίσμεθα.</span> 
     </span>
    </p>
   </div>
   <div class='ocr_carea' id='block_1_50' title="bbox 2806 2113 3139 2167">
    <p class='ocr_par' dir='ltr' id='par_1_50' title="bbox 2806 2113 3139 2167">
     <span class='ocr_line' id='line_1_50' title="bbox 2806 2113 3139 2167; baseline 0.006 -2"><span class='ocrx_word' id='word_1_269' title='bbox 2806 2113 3139 2167; x_wconf 77' lang='grc' dir='ltr'>Θεοτόκιον.</span> 
     </span>
    </p>
   </div>
   <div class='ocr_carea' id='block_1_51' title="bbox 2274 2202 3758 2278">
    <p class='ocr_par' dir='ltr' id='par_1_51' title="bbox 2274 2202 3758 2278">
     <span class='ocr_line' id='line_1_51' title="bbox 2274 2202 3758 2278; baseline 0.001 -22"><span class='ocrx_word' id='word_1_270' title='bbox 2274 2203 2361 2256; x_wconf 83' lang='grc' dir='ltr'><strong>Ἑν</strong></span> <span class='ocrx_word' id='word_1_271' title='bbox 2395 2202 2543 2275; x_wconf 83' lang='grc' dir='ltr'><strong>βάτῳ</strong></span> <span class='ocrx_word' id='word_1_272' title='bbox 2580 2202 2785 2273; x_wconf 86' lang='grc' dir='ltr'><strong>Μωσῆς</strong></span> <span class='ocrx_word' id='word_1_273' title='bbox 2824 2221 2919 2257; x_wconf 91' lang='grc' dir='ltr'><strong>σου</strong></span> <span class='ocrx_word' id='word_1_274' title='bbox 2947 2207 3193 2269; x_wconf 83' lang='grc' dir='ltr'>τυπικῶς</span> <span class='ocrx_word' id='word_1_275' title='bbox 3229 2209 3290 2259; x_wconf 87' lang='grc' dir='ltr'><strong>τό</strong></span> <span class='ocrx_word' id='word_1_276' title='bbox 3325 2207 3620 2278; x_wconf 89' lang='grc' dir='ltr'>μυστήριον</span> <span class='ocrx_word' id='word_1_277' title='bbox 3657 2206 3758 2258; x_wconf 66' lang='grc' dir='ltr'>πάι</span> 
     </span>
    </p>
   </div>
   <div class='ocr_carea' id='block_1_52' title="bbox 2189 2292 3766 2367">
    <p class='ocr_par' dir='ltr' id='par_1_52' title="bbox 2189 2292 3766 2367">
     <span class='ocr_line' id='line_1_52' title="bbox 2189 2292 3766 2367; baseline 0.003 -22"><span class='ocrx_word' id='word_1_278' title='bbox 2189 2292 2302 2359; x_wconf 87' lang='grc' dir='ltr'>λαι,</span> <span class='ocrx_word' id='word_1_279' title='bbox 2337 2293 2530 2364; x_wconf 83' lang='grc' dir='ltr'>σεμνὴ,</span> <span class='ocrx_word' id='word_1_280' title='bbox 2567 2293 2830 2364; x_wconf 78' lang='grc' dir='ltr'>ἑώρακεν.</span> <span class='ocrx_word' id='word_1_281' title='bbox 2877 2295 2965 2358; x_wconf 87' lang='grc' dir='ltr'><strong>Ὠς</strong></span> <span class='ocrx_word' id='word_1_282' title='bbox 3015 2297 3126 2367; x_wconf 84' lang='grc' dir='ltr'><strong>γάρ</strong></span> <span class='ocrx_word' id='word_1_283' title='bbox 3171 2297 3382 2367; x_wconf 86' lang='grc' dir='ltr'>ἐκείνην</span> <span class='ocrx_word' id='word_1_284' title='bbox 3427 2300 3461 2366; x_wconf 85' lang='grc' dir='ltr'><strong>ή</strong></span> <span class='ocrx_word' id='word_1_285' title='bbox 3513 2295 3670 2366; x_wconf 74' lang='grc' dir='ltr'>φλὸξ,</span> <span class='ocrx_word' id='word_1_286' title='bbox 3705 2296 3766 2349; x_wconf 84' lang='grc' dir='ltr'>τδ</span> 
     </span>
    </p>
   </div>
   <div class='ocr_carea' id='block_1_53' title="bbox 2189 2383 3493 2456">
    <p class='ocr_par' dir='ltr' id='par_1_53' title="bbox 2189 2383 3493 2456">
     <span class='ocr_line' id='line_1_53' title="bbox 2189 2383 3493 2456; baseline 0.005 -20"><span class='ocrx_word' id='word_1_287' title='bbox 2189 2383 2301 2454; x_wconf 88' lang='grc' dir='ltr'><strong>πῦρ</strong></span> <span class='ocrx_word' id='word_1_288' title='bbox 2331 2383 2585 2454; x_wconf 81' lang='grc' dir='ltr'>θεότητος</span> <span class='ocrx_word' id='word_1_289' title='bbox 2613 2383 2713 2454; x_wconf 81' lang='grc' dir='ltr'><strong>τὴν</strong></span> <span class='ocrx_word' id='word_1_290' title='bbox 2748 2384 2846 2454; x_wconf 85' lang='grc' dir='ltr'>σὴν</span> <span class='ocrx_word' id='word_1_291' title='bbox 2872 2385 3036 2453; x_wconf 81' lang='grc' dir='ltr'>νηδὺν</span> <span class='ocrx_word' id='word_1_292' title='bbox 3059 2387 3120 2439; x_wconf 80' lang='grc' dir='ltr'><strong>οὐ</strong></span> <span class='ocrx_word' id='word_1_293' title='bbox 3150 2387 3493 2456; x_wconf 78' lang='grc' dir='ltr'>κατέφλεξεν.</span> 
     </span>
    </p>
   </div>
   <div class='ocr_carea' id='block_1_54' title="bbox 2793 2477 3156 2531">
    <p class='ocr_par' dir='ltr' id='par_1_54' title="bbox 2793 2477 3156 2531">
     <span class='ocr_line' id='line_1_54' title="bbox 2793 2477 3156 2531; baseline 0 0"><span class='ocrx_word' id='word_1_294' title='bbox 2793 2477 3156 2531; x_wconf 78' lang='grc' dir='ltr'>Καταϐασια.</span> 
     </span>
    </p>
   </div>
   <div class='ocr_carea' id='block_1_55' title="bbox 2258 2567 3765 2638">
    <p class='ocr_par' dir='ltr' id='par_1_55' title="bbox 2258 2567 3765 2638">
     <span class='ocr_line' id='line_1_55' title="bbox 2258 2567 3765 2638; baseline 0.002 -19"><span class='ocrx_word' id='word_1_295' title='bbox 2258 2567 2586 2637; x_wconf 86' lang='grc' dir='ltr'>Στερέωσον,</span> <span class='ocrx_word' id='word_1_296' title='bbox 2614 2567 2862 2622; x_wconf 82' lang='grc' dir='ltr'>Δέσποτα</span> <span class='ocrx_word' id='word_1_297' title='bbox 2885 2568 3076 2638; x_wconf 81' lang='grc' dir='ltr'>Κύριε,</span> <span class='ocrx_word' id='word_1_298' title='bbox 3102 2567 3181 2637; x_wconf 84' lang='grc' dir='ltr'>τῷ</span> <span class='ocrx_word' id='word_1_299' title='bbox 3210 2568 3426 2638; x_wconf 86' lang='grc' dir='ltr'>σταυρῷ</span> <span class='ocrx_word' id='word_1_300' title='bbox 3456 2587 3550 2622; x_wconf 87' lang='grc' dir='ltr'><strong>σου</strong></span> <span class='ocrx_word' id='word_1_301' title='bbox 3583 2572 3640 2622; x_wconf 86' lang='grc' dir='ltr'><strong>ἐν</strong></span> <span class='ocrx_word' id='word_1_302' title='bbox 3665 2569 3765 2622; x_wconf 82' lang='grc' dir='ltr'>πέ-</span> 
     </span>
    </p>
   </div>
   <div class='ocr_carea' id='block_1_56' title="bbox 2186 2658 3764 2730">
    <p class='ocr_par' dir='ltr' id='par_1_56' title="bbox 2186 2658 3764 2730">
     <span class='ocr_line' id='line_1_56' title="bbox 2186 2658 3764 2730; baseline 0.001 -20"><span class='ocrx_word' id='word_1_303' title='bbox 2186 2673 2294 2730; x_wconf 65' lang='grc' dir='ltr'>τρᾳ</span> <span class='ocrx_word' id='word_1_304' title='bbox 2313 2675 2380 2727; x_wconf 91' lang='grc' dir='ltr'><strong>με</strong></span> <span class='ocrx_word' id='word_1_305' title='bbox 2401 2661 2466 2729; x_wconf 78' lang='grc' dir='ltr'>τῇ</span> <span class='ocrx_word' id='word_1_306' title='bbox 2483 2659 2580 2730; x_wconf 81' lang='grc' dir='ltr'>τῆς</span> <span class='ocrx_word' id='word_1_307' title='bbox 2593 2660 2849 2724; x_wconf 88' lang='grc' dir='ltr'>πίστεως,</span> <span class='ocrx_word' id='word_1_308' title='bbox 2867 2661 2941 2729; x_wconf 83' lang='grc' dir='ltr'><strong>μὴ</strong></span> <span class='ocrx_word' id='word_1_309' title='bbox 2961 2659 3285 2729; x_wconf 83' lang='grc' dir='ltr'>σαλευθῆναι</span> <span class='ocrx_word' id='word_1_310' title='bbox 3303 2659 3392 2710; x_wconf 79' lang='grc' dir='ltr'>τὸν</span> <span class='ocrx_word' id='word_1_311' title='bbox 3414 2658 3541 2711; x_wconf 88' lang='grc' dir='ltr'>νοῦν</span> <span class='ocrx_word' id='word_1_312' title='bbox 3563 2659 3764 2730; x_wconf 82' lang='grc' dir='ltr'>ἐχθροῦ</span> 
     </span>
    </p>
   </div>
   <div class='ocr_carea' id='block_1_57' title="bbox 2185 2745 3612 2823">
    <p class='ocr_par' dir='ltr' id='par_1_57' title="bbox 2185 2745 3612 2823">
     <span class='ocr_line' id='line_1_57' title="bbox 2185 2745 3612 2823; baseline 0.001 -20"><span class='ocrx_word' id='word_1_313' title='bbox 2185 2750 2513 2821; x_wconf 79' lang='grc' dir='ltr'>προσϐολαῖς</span> <span class='ocrx_word' id='word_1_314' title='bbox 2544 2751 2637 2805; x_wconf 91' lang='grc' dir='ltr'><strong>τοῦ</strong></span> <span class='ocrx_word' id='word_1_315' title='bbox 2659 2750 2975 2823; x_wconf 87' lang='grc' dir='ltr'>δυσμενοῦς.</span> <span class='ocrx_word' id='word_1_316' title='bbox 3012 2752 3189 2815; x_wconf 86' lang='grc' dir='ltr'><strong>Μόνος</strong></span> <span class='ocrx_word' id='word_1_317' title='bbox 3219 2752 3328 2822; x_wconf 81' lang='grc' dir='ltr'><strong>γὰρ</strong></span> <span class='ocrx_word' id='word_1_318' title='bbox 3357 2745 3405 2804; x_wconf 79' lang='grc' dir='ltr'><strong>εί</strong></span> <span class='ocrx_word' id='word_1_319' title='bbox 3435 2751 3612 2820; x_wconf 84' lang='grc' dir='ltr'>ἆγιος.</span> 
     </span>
    </p>
   </div>
   <div class='ocr_carea' id='block_1_58' title="bbox 2830 2864 3080 2935">
    <p class='ocr_par' dir='ltr' id='par_1_58' title="bbox 2830 2864 3080 2935">
     <span class='ocr_line' id='line_1_58' title="bbox 2830 2864 3080 2935; baseline 0.008 -19"><span class='ocrx_word' id='word_1_320' title='bbox 2830 2865 2961 2935; x_wconf 68' lang='lat' dir='ltr'><strong>om</strong></span> <span class='ocrx_word' id='word_1_321' title='bbox 3004 2864 3080 2918; x_wconf 75' lang='grc' dir='ltr'><strong>Γο.</strong></span> 
     </span>
    </p>
   </div>
   <div class='ocr_carea' id='block_1_59' title="bbox 2264 2969 3766 3046">
    <p class='ocr_par' dir='ltr' id='par_1_59' title="bbox 2264 2969 3766 3046">
     <span class='ocr_line' id='line_1_59' title="bbox 2264 2969 3766 3046; baseline 0.003 -23"><span class='ocrx_word' id='word_1_322' title='bbox 2264 2969 2393 3024; x_wconf 78' lang='grc' dir='ltr'>Ἰδοὺ</span> <span class='ocrx_word' id='word_1_323' title='bbox 2419 2969 2615 3041; x_wconf 79' lang='grc' dir='ltr'><strong>ἀνέστη</strong></span> <span class='ocrx_word' id='word_1_324' title='bbox 2644 2973 2672 3024; x_wconf 91' lang='grc' dir='ltr'><strong>ό</strong></span> <span class='ocrx_word' id='word_1_325' title='bbox 2692 2971 2946 3041; x_wconf 81' lang='grc' dir='ltr'>Χριστὸς,</span> <span class='ocrx_word' id='word_1_326' title='bbox 2976 2975 3094 3038; x_wconf 77' lang='grc' dir='ltr'>ταῖς</span> <span class='ocrx_word' id='word_1_327' title='bbox 3139 2974 3470 3046; x_wconf 75' lang='grc' dir='ltr'>μυροφόροις</span> <span class='ocrx_word' id='word_1_328' title='bbox 3512 2975 3766 3044; x_wconf 73' lang='grc' dir='ltr'>γυναιξὶν</span> 
     </span>
    </p>
   </div>
   <div class='ocr_carea' id='block_1_60' title="bbox 2183 3060 3766 3139">
    <p class='ocr_par' dir='ltr' id='par_1_60' title="bbox 2183 3060 3766 3139">
     <span class='ocr_line' id='line_1_60' title="bbox 2183 3060 3766 3139; baseline 0.004 -24"><span class='ocrx_word' id='word_1_329' title='bbox 2183 3060 2411 3129; x_wconf 81' lang='grc' dir='ltr'>ἄγγελός</span> <span class='ocrx_word' id='word_1_330' title='bbox 2448 3078 2600 3132; x_wconf 73' lang='grc' dir='ltr'>φησιο</span> <span class='ocrx_word' id='word_1_331' title='bbox 2629 3062 2718 3133; x_wconf 83' lang='grc' dir='ltr'>Μή</span> <span class='ocrx_word' id='word_1_332' title='bbox 2751 3063 3016 3133; x_wconf 82' lang='grc' dir='ltr'>θρηνεῖτε,</span> <span class='ocrx_word' id='word_1_333' title='bbox 3047 3067 3370 3139; x_wconf 87' lang='grc' dir='ltr'>πορεύθητε,</span> <span class='ocrx_word' id='word_1_334' title='bbox 3407 3069 3602 3121; x_wconf 81' lang='grc' dir='ltr'>εῐπατε</span> <span class='ocrx_word' id='word_1_335' title='bbox 3646 3071 3766 3132; x_wconf 72' lang='grc' dir='ltr'>τοῖς</span> 
     </span>
    </p>
   </div>
   <div class='ocr_carea' id='block_1_61' title="bbox 524 3148 2087 3233">
    <p class='ocr_par' dir='ltr' id='par_1_61' title="bbox 524 3158 2082 3226">
     <span class='ocr_line' id='line_1_61' title="bbox 524 3158 2082 3226; baseline 0.004 -15"><span class='ocrx_word' id='word_1_336' title='bbox 524 3159 784 3226; x_wconf 87' lang='lat' dir='ltr'><strong>apostolis</strong></span> <span class='ocrx_word' id='word_1_337' title='bbox 811 3177 824 3212; x_wconf 88' lang='lat'><strong>:</strong></span> <span class='ocrx_word' id='word_1_338' title='bbox 853 3158 1114 3224; x_wconf 84' lang='lat' dir='ltr'><strong>Gaudete,</strong></span> <span class='ocrx_word' id='word_1_339' title='bbox 1145 3159 1303 3214; x_wconf 87' lang='lat' dir='ltr'><strong>hodie</strong></span> <span class='ocrx_word' id='word_1_340' title='bbox 1339 3161 1486 3214; x_wconf 91' lang='lat' dir='ltr'><strong>salus</strong></span> <span class='ocrx_word' id='word_1_341' title='bbox 1521 3161 1722 3214; x_wconf 87' lang='lat' dir='ltr'><strong>mundo</strong></span> <span class='ocrx_word' id='word_1_342' title='bbox 1757 3162 1953 3216; x_wconf 84' lang='lat' dir='ltr'><strong>accidit</strong></span> <span class='ocrx_word' id='word_1_343' title='bbox 1984 3180 1998 3217; x_wconf 89' lang='lat'><strong>:</strong></span> <span class='ocrx_word' id='word_1_344' title='bbox 2029 3173 2082 3218; x_wconf 86' lang='lat' dir='ltr'><strong>et</strong></span> 
     </span>
    </p>
   </div>
   <div class='ocr_carea' id='block_1_62' title="bbox 2214 3148 3762 3233">
    <p class='ocr_par' dir='ltr' id='par_1_62' title="bbox 2214 3155 3762 3233">
     <span class='ocr_line' id='line_1_62' title="bbox 2214 3155 3762 3233; baseline 0.008 -28"><span class='ocrx_word' id='word_1_345' title='bbox 2214 3155 2514 3219; x_wconf 50' lang='grc' dir='ltr'>ηποστόλοιςο</span> <span class='ocrx_word' id='word_1_346' title='bbox 2548 3155 2804 3227; x_wconf 76' lang='grc' dir='ltr'>Χαίρετε,</span> <span class='ocrx_word' id='word_1_347' title='bbox 2834 3157 3072 3228; x_wconf 85' lang='grc' dir='ltr'>σήμερον</span> <span class='ocrx_word' id='word_1_348' title='bbox 3104 3160 3349 3231; x_wconf 86' lang='grc' dir='ltr'>σωτηρία</span> <span class='ocrx_word' id='word_1_349' title='bbox 3373 3161 3450 3232; x_wconf 80' lang='grc' dir='ltr'>τῷ</span> <span class='ocrx_word' id='word_1_350' title='bbox 3485 3162 3700 3232; x_wconf 84' lang='grc' dir='ltr'>κόσμῳ,</span> <span class='ocrx_word' id='word_1_351' title='bbox 3727 3163 3762 3233; x_wconf 80' lang='grc' dir='ltr'>ὴ</span> 
     </span>
    </p>
   </div>
   <div class='ocr_carea' id='block_1_63' title="bbox 525 3250 1824 3320">
    <p class='ocr_par' dir='ltr' id='par_1_63' title="bbox 525 3250 1824 3320">
     <span class='ocr_line' id='line_1_63' title="bbox 525 3250 1824 3320; baseline 0.001 -15"><span class='ocrx_word' id='word_1_352' title='bbox 525 3251 771 3320; x_wconf 84' lang='lat' dir='ltr'><strong>tyrannis</strong></span> <span class='ocrx_word' id='word_1_353' title='bbox 806 3250 1010 3305; x_wconf 88' lang='lat' dir='ltr'><strong>inimici</strong></span> <span class='ocrx_word' id='word_1_354' title='bbox 1059 3267 1152 3320; x_wconf 91' lang='lat' dir='ltr'><strong>per</strong></span> <span class='ocrx_word' id='word_1_355' title='bbox 1183 3261 1410 3305; x_wconf 88' lang='lat' dir='ltr'><strong>mortem</strong></span> <span class='ocrx_word' id='word_1_356' title='bbox 1433 3252 1696 3306; x_wconf 91' lang='lat' dir='ltr'><strong>dissoluta</strong></span> <span class='ocrx_word' id='word_1_357' title='bbox 1722 3261 1824 3306; x_wconf 91' lang='lat' dir='ltr'><strong>est.</strong></span> 
     </span>
    </p>
   </div>
   <div class='ocr_carea' id='block_1_64' title="bbox 591 3340 2085 3400">
    <p class='ocr_par' dir='ltr' id='par_1_64' title="bbox 591 3340 2085 3400">
     <span class='ocr_line' id='line_1_64' title="bbox 591 3340 2085 3400; baseline 0.005 -7"><span class='ocrx_word' id='word_1_358' title='bbox 591 3340 828 3395; x_wconf 69' lang='lat' dir='ltr'><strong>Viviﬁcae</strong></span> <span class='ocrx_word' id='word_1_359' title='bbox 867 3342 1047 3395; x_wconf 89' lang='lat' dir='ltr'><strong>crucis</strong></span> <span class='ocrx_word' id='word_1_360' title='bbox 1106 3351 1211 3395; x_wconf 68' lang='lat' dir='ltr'><strong>tuae</strong></span> <span class='ocrx_word' id='word_1_361' title='bbox 1271 3342 1531 3397; x_wconf 87' lang='lat' dir='ltr'><strong>hodierna</strong></span> <span class='ocrx_word' id='word_1_362' title='bbox 1590 3344 1675 3398; x_wconf 92' lang='lat' dir='ltr'><strong>die</strong></span> <span class='ocrx_word' id='word_1_363' title='bbox 1722 3345 2085 3400; x_wconf 86' lang='lat' dir='ltr'><strong>celebritatem</strong></span> 
     </span>
    </p>
   </div>
   <div class='ocr_carea' id='block_1_65' title="bbox 524 3431 2088 3504">
    <p class='ocr_par' dir='ltr' id='par_1_65' title="bbox 524 3431 2088 3504">
     <span class='ocr_line' id='line_1_65' title="bbox 524 3431 2088 3504; baseline 0.005 -21"><span class='ocrx_word' id='word_1_364' title='bbox 524 3431 806 3492; x_wconf 83' lang='lat' dir='ltr'><strong>obeuntes.</strong></span> <span class='ocrx_word' id='word_1_365' title='bbox 852 3434 1215 3503; x_wconf 80' lang='lat' dir='ltr'><strong>prolusiOuein</strong></span> <span class='ocrx_word' id='word_1_366' title='bbox 1239 3435 1528 3504; x_wconf 86' lang='lat' dir='ltr'><strong>quamdam</strong></span> <span class='ocrx_word' id='word_1_367' title='bbox 1573 3435 1907 3492; x_wconf 85' lang='lat' dir='ltr'><strong>instituimus</strong></span> <span class='ocrx_word' id='word_1_368' title='bbox 1960 3452 2088 3492; x_wconf 86' lang='lat' dir='ltr'><strong>san-</strong></span> 
     </span>
    </p>
   </div>
   <div class='ocr_carea' id='block_1_66' title="bbox 524 3525 2087 3597">
    <p class='ocr_par' dir='ltr' id='par_1_66' title="bbox 524 3525 2087 3597">
     <span class='ocr_line' id='line_1_66' title="bbox 524 3525 2087 3597; baseline 0.004 -20"><span class='ocrx_word' id='word_1_369' title='bbox 524 3525 783 3577; x_wconf 75' lang='lat' dir='ltr'><strong>cllSsilmP.</strong></span> <span class='ocrx_word' id='word_1_370' title='bbox 812 3527 1080 3593; x_wconf 88' lang='lat' dir='ltr'><strong>passionis</strong></span> <span class='ocrx_word' id='word_1_371' title='bbox 1104 3537 1225 3592; x_wconf 71' lang='lat' dir='ltr'><strong>tuae,</strong></span> <span class='ocrx_word' id='word_1_372' title='bbox 1253 3542 1414 3596; x_wconf 90' lang='lat' dir='ltr'><strong>quam</strong></span> <span class='ocrx_word' id='word_1_373' title='bbox 1445 3535 1503 3580; x_wconf 88' lang='lat' dir='ltr'><strong>ut</strong></span> <span class='ocrx_word' id='word_1_374' title='bbox 1530 3529 1889 3597; x_wconf 88' lang='lat' dir='ltr'><strong>omnipotens,</strong></span> <span class='ocrx_word' id='word_1_375' title='bbox 1913 3528 1969 3582; x_wconf 91' lang='lat' dir='ltr'><strong>in</strong></span> <span class='ocrx_word' id='word_1_376' title='bbox 1995 3545 2087 3585; x_wconf 86' lang='lat' dir='ltr'><strong>sa-</strong></span> 
     </span>
    </p>
   </div>
   <div class='ocr_carea' id='block_1_67' title="bbox 525 3617 1307 3687">
    <p class='ocr_par' dir='ltr' id='par_1_67' title="bbox 525 3617 1307 3687">
     <span class='ocr_line' id='line_1_67' title="bbox 525 3617 1307 3687; baseline 0.008 -18"><span class='ocrx_word' id='word_1_377' title='bbox 525 3618 688 3670; x_wconf 90' lang='lat' dir='ltr'><strong>lutem</strong></span> <span class='ocrx_word' id='word_1_378' title='bbox 721 3617 906 3670; x_wconf 93' lang='lat' dir='ltr'><strong>mundi</strong></span> <span class='ocrx_word' id='word_1_379' title='bbox 942 3628 1199 3687; x_wconf 87' lang='lat' dir='ltr'><strong>operatus</strong></span> <span class='ocrx_word' id='word_1_380' title='bbox 1225 3634 1307 3675; x_wconf 89' lang='lat' dir='ltr'><strong>es.</strong></span> 
     </span>
    </p>
   </div>
   <div class='ocr_carea' id='block_1_68' title="bbox 590 3773 2085 3847">
    <p class='ocr_par' dir='ltr' id='par_1_68' title="bbox 590 3773 2085 3847">
     <span class='ocr_line' id='line_1_68' title="bbox 590 3773 2085 3847; baseline 0.003 -20"><span class='ocrx_word' id='word_1_381' title='bbox 590 3773 759 3830; x_wconf 87' lang='lat' dir='ltr'><strong>Hodie</strong></span> <span class='ocrx_word' id='word_1_382' title='bbox 801 3775 1055 3844; x_wconf 79' lang='lat' dir='ltr'><strong>gaudium</strong></span> <span class='ocrx_word' id='word_1_383' title='bbox 1099 3774 1313 3830; x_wconf 80' lang='lat' dir='ltr'><strong>exsistit</strong></span> <span class='ocrx_word' id='word_1_384' title='bbox 1351 3774 1404 3829; x_wconf 94' lang='lat' dir='ltr'><strong>in</strong></span> <span class='ocrx_word' id='word_1_385' title='bbox 1449 3775 1588 3832; x_wconf 68' lang='lat' dir='ltr'><strong>caelo</strong></span> <span class='ocrx_word' id='word_1_386' title='bbox 1641 3784 1697 3831; x_wconf 90' lang='lat' dir='ltr'><strong>et</strong></span> <span class='ocrx_word' id='word_1_387' title='bbox 1751 3785 1914 3841; x_wconf 86' lang='lat' dir='ltr'><strong>terra,</strong></span> <span class='ocrx_word' id='word_1_388' title='bbox 1953 3776 2085 3847; x_wconf 88' lang='lat' dir='ltr'><strong>quia</strong></span> 
     </span>
    </p>
   </div>
   <div class='ocr_carea' id='block_1_69' title="bbox 521 3865 2082 3935">
    <p class='ocr_par' dir='ltr' id='par_1_69' title="bbox 521 3865 2082 3935">
     <span class='ocr_line' id='line_1_69' title="bbox 521 3865 2082 3935; baseline 0.001 -15"><span class='ocrx_word' id='word_1_389' title='bbox 521 3867 701 3920; x_wconf 80' lang='lat' dir='ltr'><strong>crucis</strong></span> <span class='ocrx_word' id='word_1_390' title='bbox 738 3865 953 3935; x_wconf 74' lang='lat' dir='ltr'><strong>signum</strong></span> <span class='ocrx_word' id='word_1_391' title='bbox 998 3865 1201 3920; x_wconf 88' lang='lat' dir='ltr'><strong>mundo</strong></span> <span class='ocrx_word' id='word_1_392' title='bbox 1245 3866 1534 3931; x_wconf 86' lang='lat' dir='ltr'><strong>illucescit,</strong></span> <span class='ocrx_word' id='word_1_393' title='bbox 1594 3882 1727 3921; x_wconf 81' lang='lat' dir='ltr'><strong>crux</strong></span> <span class='ocrx_word' id='word_1_394' title='bbox 1767 3875 1846 3922; x_wconf 87' lang='lat' dir='ltr'><strong>ter</strong></span> <span class='ocrx_word' id='word_1_395' title='bbox 1897 3867 2082 3934; x_wconf 84' lang='lat' dir='ltr'><strong>beata;</strong></span> 
     </span>
    </p>
   </div>
   <div class='ocr_carea' id='block_1_70' title="bbox 521 3958 1744 4030">
    <p class='ocr_par' dir='ltr' id='par_1_70' title="bbox 521 3958 1744 4030">
     <span class='ocr_line' id='line_1_70' title="bbox 521 3958 1744 4030; baseline -0.002 -16"><span class='ocrx_word' id='word_1_396' title='bbox 521 3976 640 4030; x_wconf 70' lang='lat' dir='ltr'><strong>qua:</strong></span> <span class='ocrx_word' id='word_1_397' title='bbox 669 3959 944 4027; x_wconf 86' lang='lat' dir='ltr'><strong>proposita</strong></span> <span class='ocrx_word' id='word_1_398' title='bbox 968 3958 1196 4028; x_wconf 79' lang='lat' dir='ltr'><strong>gratiam</strong></span> <span class='ocrx_word' id='word_1_399' title='bbox 1229 3973 1520 4028; x_wconf 88' lang='lat' dir='ltr'><strong>perennem</strong></span> <span class='ocrx_word' id='word_1_400' title='bbox 1557 3959 1744 4013; x_wconf 86' lang='lat' dir='ltr'><strong>stillat.</strong></span> 
     </span>
    </p>
   </div>
   <div class='ocr_carea' id='block_1_71' title="bbox 593 4134 2082 4207">
    <p class='ocr_par' dir='ltr' id='par_1_71' title="bbox 593 4134 2082 4207">
     <span class='ocr_line' id='line_1_71' title="bbox 593 4134 2082 4207; baseline 0.003 -19"><span class='ocrx_word' id='word_1_401' title='bbox 593 4134 732 4201; x_wconf 86' lang='lat' dir='ltr'><strong>Quid</strong></span> <span class='ocrx_word' id='word_1_402' title='bbox 784 4135 900 4196; x_wconf 77' lang='lat' dir='ltr'><strong>lilii.</strong></span> <span class='ocrx_word' id='word_1_403' title='bbox 945 4136 1192 4200; x_wconf 84' lang='lat' dir='ltr'><strong>Christe,</strong></span> <span class='ocrx_word' id='word_1_404' title='bbox 1249 4136 1635 4201; x_wconf 82' lang='lat' dir='ltr'><strong>retribuemus,</strong></span> <span class='ocrx_word' id='word_1_405' title='bbox 1672 4137 1817 4207; x_wconf 87' lang='lat' dir='ltr'><strong>quod</strong></span> <span class='ocrx_word' id='word_1_406' title='bbox 1869 4137 2082 4207; x_wconf 86' lang='lat' dir='ltr'><strong>copiam</strong></span> 
     </span>
    </p>
   </div>
   <div class='ocr_carea' id='block_1_72' title="bbox 524 4223 2080 4295">
    <p class='ocr_par' dir='ltr' id='par_1_72' title="bbox 524 4223 2080 4295">
     <span class='ocr_line' id='line_1_72' title="bbox 524 4223 2080 4295; baseline 0.002 -15"><span class='ocrx_word' id='word_1_407' title='bbox 524 4227 681 4280; x_wconf 92' lang='lat' dir='ltr'><strong>nobis</strong></span> <span class='ocrx_word' id='word_1_408' title='bbox 722 4223 896 4280; x_wconf 81' lang='lat' dir='ltr'><strong>fecisti</strong></span> <span class='ocrx_word' id='word_1_409' title='bbox 939 4229 1302 4282; x_wconf 80' lang='lat' dir='ltr'><strong>venerandam</strong></span> <span class='ocrx_word' id='word_1_410' title='bbox 1340 4243 1557 4283; x_wconf 89' lang='lat' dir='ltr'><strong>crucem</strong></span> <span class='ocrx_word' id='word_1_411' title='bbox 1601 4238 1747 4282; x_wconf 90' lang='lat' dir='ltr'><strong>tuam</strong></span> <span class='ocrx_word' id='word_1_412' title='bbox 1796 4229 2080 4295; x_wconf 83' lang='lat' dir='ltr'><strong>adOrandi,</strong></span> 
     </span>
    </p>
   </div>
   <div class='ocr_carea' id='block_1_73' title="bbox 524 4317 2080 4387">
    <p class='ocr_par' dir='ltr' id='par_1_73' title="bbox 524 4317 2080 4387">
     <span class='ocr_line' id='line_1_73' title="bbox 524 4317 2080 4387; baseline 0.003 -18"><span class='ocrx_word' id='word_1_413' title='bbox 524 4317 575 4369; x_wconf 86' lang='lat' dir='ltr'><strong>in</strong></span> <span class='ocrx_word' id='word_1_414' title='bbox 623 4331 728 4385; x_wconf 89' lang='lat' dir='ltr'><strong>qua</strong></span> <span class='ocrx_word' id='word_1_415' title='bbox 769 4317 1146 4371; x_wconf 79' lang='lat' dir='ltr'><strong>sanctissimus</strong></span> <span class='ocrx_word' id='word_1_416' title='bbox 1181 4327 1305 4372; x_wconf 89' lang='lat' dir='ltr'><strong>tuus</strong></span> <span class='ocrx_word' id='word_1_417' title='bbox 1344 4320 1566 4387; x_wconf 78' lang='lat' dir='ltr'><strong>sanguis</strong></span> <span class='ocrx_word' id='word_1_418' title='bbox 1615 4318 1822 4374; x_wconf 79' lang='lat' dir='ltr'><strong>etl&#39;usus</strong></span> <span class='ocrx_word' id='word_1_419' title='bbox 1857 4329 1959 4385; x_wconf 84' lang='lat' dir='ltr'><strong>est,</strong></span> <span class='ocrx_word' id='word_1_420' title='bbox 1993 4321 2080 4374; x_wconf 91' lang='lat' dir='ltr'><strong>cui</strong></span> 
     </span>
    </p>
   </div>
   <div class='ocr_carea' id='block_1_74' title="bbox 521 4412 2080 4483">
    <p class='ocr_par' dir='ltr' id='par_1_74' title="bbox 521 4412 2080 4483">
     <span class='ocr_line' id='line_1_74' title="bbox 521 4412 2080 4483; baseline 0.004 -19"><span class='ocrx_word' id='word_1_421' title='bbox 521 4412 681 4465; x_wconf 73' lang='lat' dir='ltr'><strong>etiam</strong></span> <span class='ocrx_word' id='word_1_422' title='bbox 718 4426 846 4466; x_wconf 84' lang='lat' dir='ltr'><strong>caro</strong></span> <span class='ocrx_word' id='word_1_423' title='bbox 887 4420 975 4465; x_wconf 88' lang='lat' dir='ltr'><strong>tua</strong></span> <span class='ocrx_word' id='word_1_424' title='bbox 1005 4412 1175 4467; x_wconf 88' lang='lat' dir='ltr'><strong>clavis</strong></span> <span class='ocrx_word' id='word_1_425' title='bbox 1221 4421 1303 4466; x_wconf 91' lang='lat' dir='ltr'><strong>est</strong></span> <span class='ocrx_word' id='word_1_426' title='bbox 1336 4413 1535 4467; x_wconf 67' lang='grc' dir='ltr'><strong>δαὶκαῖ</strong></span> <span class='ocrx_word' id='word_1_427' title='bbox 1567 4428 1732 4483; x_wconf 88' lang='lat' dir='ltr'><strong>quam</strong></span> <span class='ocrx_word' id='word_1_428' title='bbox 1766 4415 2080 4470; x_wconf 87' lang='lat' dir='ltr'><strong>osculantes</strong></span> 
     </span>
    </p>
   </div>
   <div class='ocr_carea' id='block_1_75' title="bbox 523 4503 1260 4573">
    <p class='ocr_par' dir='ltr' id='par_1_75' title="bbox 523 4503 1260 4573">
     <span class='ocr_line' id='line_1_75' title="bbox 523 4503 1260 4573; baseline 0.001 -16"><span class='ocrx_word' id='word_1_429' title='bbox 523 4505 724 4573; x_wconf 73' lang='lat' dir='ltr'><strong>gratias</strong></span> <span class='ocrx_word' id='word_1_430' title='bbox 756 4503 848 4557; x_wconf 88' lang='lat' dir='ltr'><strong>tibi</strong></span> <span class='ocrx_word' id='word_1_431' title='bbox 879 4504 1260 4573; x_wconf 77' lang='lat' dir='ltr'><strong>persolvimus.</strong></span> 
     </span>
    </p>
   </div>
   <div class='ocr_carea' id='block_1_76' title="bbox 1145 4596 1472 4651">
    <p class='ocr_par' dir='ltr' id='par_1_76' title="bbox 1145 4596 1472 4651">
     <span class='ocr_line' id='line_1_76' title="bbox 1145 4596 1472 4651; baseline 0 -1"><span class='ocrx_word' id='word_1_432' title='bbox 1145 4596 1472 4651; x_wconf 83' lang='lat' dir='ltr'><strong>Triadicum.</strong></span> 
     </span>
    </p>
   </div>
   <div class='ocr_carea' id='block_1_77' title="bbox 588 4688 2080 4760">
    <p class='ocr_par' dir='ltr' id='par_1_77' title="bbox 588 4688 2080 4760">
     <span class='ocr_line' id='line_1_77' title="bbox 588 4688 2080 4760; baseline 0.003 -17"><span class='ocrx_word' id='word_1_433' title='bbox 588 4688 760 4743; x_wconf 90' lang='lat' dir='ltr'><strong>Unius</strong></span> <span class='ocrx_word' id='word_1_434' title='bbox 786 4688 999 4745; x_wconf 88' lang='lat' dir='ltr'><strong>deitatis</strong></span> <span class='ocrx_word' id='word_1_435' title='bbox 1032 4698 1142 4744; x_wconf 91' lang='lat' dir='ltr'><strong>tres</strong></span> <span class='ocrx_word' id='word_1_436' title='bbox 1174 4691 1492 4760; x_wconf 81' lang='lat' dir='ltr'><strong>hypostases</strong></span> <span class='ocrx_word' id='word_1_437' title='bbox 1522 4691 1918 4746; x_wconf 76' lang='lat' dir='ltr'><strong>indivisihiliter</strong></span> <span class='ocrx_word' id='word_1_438' title='bbox 1945 4693 2080 4748; x_wconf 87' lang='lat' dir='ltr'><strong>sim-</strong></span> 
     </span>
    </p>
   </div>
   <div class='ocr_carea' id='block_1_78' title="bbox 520 4783 2079 4855">
    <p class='ocr_par' dir='ltr' id='par_1_78' title="bbox 520 4783 2079 4855">
     <span class='ocr_line' id='line_1_78' title="bbox 520 4783 2079 4855; baseline 0.004 -21"><span class='ocrx_word' id='word_1_439' title='bbox 520 4783 675 4852; x_wconf 88' lang='lat' dir='ltr'><strong>plicis</strong></span> <span class='ocrx_word' id='word_1_440' title='bbox 706 4792 911 4836; x_wconf 67' lang='lat' dir='ltr'><strong>natura:</strong></span> <span class='ocrx_word' id='word_1_441' title='bbox 945 4783 1177 4851; x_wconf 58' lang='lat' dir='ltr'><strong>pradico</strong></span> <span class='ocrx_word' id='word_1_442' title='bbox 1206 4792 1257 4837; x_wconf 92' lang='lat' dir='ltr'><strong>et</strong></span> <span class='ocrx_word' id='word_1_443' title='bbox 1285 4799 1542 4853; x_wconf 75' lang='lat' dir='ltr'><strong>agnosco,</strong></span> <span class='ocrx_word' id='word_1_444' title='bbox 1579 4785 1795 4838; x_wconf 90' lang='lat' dir='ltr'><strong>Patrem</strong></span> <span class='ocrx_word' id='word_1_445' title='bbox 1830 4786 2079 4855; x_wconf 86' lang='lat' dir='ltr'><strong>principii</strong></span> 
     </span>
    </p>
   </div>
   <div class='ocr_carea' id='block_1_79' title="bbox 522 4871 2078 4944">
    <p class='ocr_par' dir='ltr' id='par_1_79' title="bbox 522 4871 2078 4944">
     <span class='ocr_line' id='line_1_79' title="bbox 522 4871 2078 4944; baseline 0.002 -20"><span class='ocrx_word' id='word_1_446' title='bbox 522 4882 820 4939; x_wconf 74' lang='lat' dir='ltr'><strong>expertem,</strong></span> <span class='ocrx_word' id='word_1_447' title='bbox 857 4871 1076 4936; x_wconf 86' lang='lat' dir='ltr'><strong>Filium,</strong></span> <span class='ocrx_word' id='word_1_448' title='bbox 1126 4882 1180 4927; x_wconf 90' lang='lat' dir='ltr'><strong>et</strong></span> <span class='ocrx_word' id='word_1_449' title='bbox 1203 4871 1463 4942; x_wconf 89' lang='lat' dir='ltr'><strong>Spiritum</strong></span> <span class='ocrx_word' id='word_1_450' title='bbox 1514 4887 1782 4939; x_wconf 88' lang='lat' dir='ltr'><strong>sanctum,</strong></span> <span class='ocrx_word' id='word_1_451' title='bbox 1834 4875 2078 4944; x_wconf 84' lang='lat' dir='ltr'><strong>ejusdem</strong></span> 
     </span>
    </p>
   </div>
   <div class='ocr_carea' id='block_1_80' title="bbox 521 4963 2076 5036">
    <p class='ocr_par' dir='ltr' id='par_1_80' title="bbox 521 4963 2076 5036">
     <span class='ocr_line' id='line_1_80' title="bbox 521 4963 2076 5036; baseline 0.005 -20"><span class='ocrx_word' id='word_1_452' title='bbox 521 4963 644 5016; x_wconf 85' lang='lat' dir='ltr'><strong>solii</strong></span> <span class='ocrx_word' id='word_1_453' title='bbox 681 4964 1104 5018; x_wconf 82' lang='lat' dir='ltr'><strong>dominationem</strong></span> <span class='ocrx_word' id='word_1_454' title='bbox 1136 4979 1322 5029; x_wconf 90' lang='lat' dir='ltr'><strong>unam,</strong></span> <span class='ocrx_word' id='word_1_455' title='bbox 1351 4965 1575 5035; x_wconf 77' lang='lat' dir='ltr'><strong>:equalis</strong></span> <span class='ocrx_word' id='word_1_456' title='bbox 1602 4967 1884 5036; x_wconf 90' lang='lat' dir='ltr'><strong>potestatis</strong></span> <span class='ocrx_word' id='word_1_457' title='bbox 1917 4983 2076 5023; x_wconf 91' lang='lat' dir='ltr'><strong>unam</strong></span> 
     </span>
    </p>
   </div>
   <div class='ocr_carea' id='block_1_81' title="bbox 521 5051 1252 5122">
    <p class='ocr_par' dir='ltr' id='par_1_81' title="bbox 521 5051 1252 5122">
     <span class='ocr_line' id='line_1_81' title="bbox 521 5051 1252 5122; baseline 0.007 -21"><span class='ocrx_word' id='word_1_458' title='bbox 521 5051 814 5119; x_wconf 86' lang='lat' dir='ltr'><strong>potentiam</strong></span> <span class='ocrx_word' id='word_1_459' title='bbox 847 5052 1252 5122; x_wconf 87' lang='lat' dir='ltr'><strong>sempiternam.</strong></span> 
     </span>
    </p>
   </div>
   <div class='ocr_carea' id='block_1_82' title="bbox 1115 5145 1470 5201">
    <p class='ocr_par' dir='ltr' id='par_1_82' title="bbox 1115 5145 1470 5201">
     <span class='ocr_line' id='line_1_82' title="bbox 1115 5145 1470 5201; baseline 0.003 -2"><span class='ocrx_word' id='word_1_460' title='bbox 1115 5145 1470 5201; x_wconf 80' lang='lat' dir='ltr'><strong>Theolocium.</strong></span> 
     </span>
    </p>
   </div>
   <div class='ocr_carea' id='block_1_83' title="bbox 591 5233 2078 5298">
    <p class='ocr_par' dir='ltr' id='par_1_83' title="bbox 591 5233 2078 5298">
     <span class='ocr_line' id='line_1_83' title="bbox 591 5233 2078 5298; baseline 0.009 -14"><span class='ocrx_word' id='word_1_461' title='bbox 591 5233 713 5286; x_wconf 90' lang='lat' dir='ltr'><strong>Sola</strong></span> <span class='ocrx_word' id='word_1_462' title='bbox 748 5243 802 5288; x_wconf 90' lang='lat' dir='ltr'><strong>tu</strong></span> <span class='ocrx_word' id='word_1_463' title='bbox 826 5236 1126 5291; x_wconf 85' lang='lat' dir='ltr'><strong>castissima</strong></span> <span class='ocrx_word' id='word_1_464' title='bbox 1167 5241 1306 5294; x_wconf 86' lang='lat' dir='ltr'><strong>inter</strong></span> <span class='ocrx_word' id='word_1_465' title='bbox 1337 5241 1593 5296; x_wconf 88' lang='lat' dir='ltr'><strong>mulieres</strong></span> <span class='ocrx_word' id='word_1_466' title='bbox 1653 5242 1976 5297; x_wconf 90' lang='lat' dir='ltr'><strong>miraculum</strong></span> <span class='ocrx_word' id='word_1_467' title='bbox 2019 5257 2078 5298; x_wconf 87' lang='lat' dir='ltr'><strong>es</strong></span> 
     </span>
    </p>
   </div>
   <div class='ocr_carea' id='block_1_84' title="bbox 518 5321 2073 5388">
    <p class='ocr_par' dir='ltr' id='par_1_84' title="bbox 518 5321 2073 5388">
     <span class='ocr_line' id='line_1_84' title="bbox 518 5321 2073 5388; baseline 0.008 -14"><span class='ocrx_word' id='word_1_468' title='bbox 518 5321 829 5379; x_wconf 77' lang='lat' dir='ltr'><strong>admirabile</strong></span> <span class='ocrx_word' id='word_1_469' title='bbox 883 5335 937 5379; x_wconf 88' lang='lat' dir='ltr'><strong>et</strong></span> <span class='ocrx_word' id='word_1_470' title='bbox 968 5329 1330 5383; x_wconf 89' lang='lat' dir='ltr'><strong>tremendum.</strong></span> <span class='ocrx_word' id='word_1_471' title='bbox 1361 5328 1619 5384; x_wconf 88' lang='lat' dir='ltr'><strong>Naturam</strong></span> <span class='ocrx_word' id='word_1_472' title='bbox 1669 5333 1810 5386; x_wconf 88' lang='lat' dir='ltr'><strong>enim</strong></span> <span class='ocrx_word' id='word_1_473' title='bbox 1860 5333 2073 5388; x_wconf 80' lang='lat' dir='ltr'><strong>novasti</strong></span> 
     </span>
    </p>
   </div>
   <div class='ocr_carea' id='block_1_85' title="bbox 520 5413 2079 5492">
    <p class='ocr_par' dir='ltr' id='par_1_85' title="bbox 520 5413 2079 5492">
     <span class='ocr_line' id='line_1_85' title="bbox 520 5413 2079 5492; baseline 0.008 -29"><span class='ocrx_word' id='word_1_474' title='bbox 520 5413 636 5464; x_wconf 90' lang='lat' dir='ltr'><strong>sine</strong></span> <span class='ocrx_word' id='word_1_475' title='bbox 659 5415 864 5467; x_wconf 91' lang='lat' dir='ltr'><strong>semine</strong></span> <span class='ocrx_word' id='word_1_476' title='bbox 896 5417 1226 5486; x_wconf 85' lang='lat' dir='ltr'><strong>concipiens,</strong></span> <span class='ocrx_word' id='word_1_477' title='bbox 1273 5428 1326 5473; x_wconf 89' lang='lat' dir='ltr'><strong>et</strong></span> <span class='ocrx_word' id='word_1_478' title='bbox 1357 5429 1477 5488; x_wconf 86' lang='lat' dir='ltr'><strong>post</strong></span> <span class='ocrx_word' id='word_1_479' title='bbox 1532 5431 1743 5490; x_wconf 90' lang='lat' dir='ltr'><strong>partum</strong></span> <span class='ocrx_word' id='word_1_480' title='bbox 1778 5423 1948 5492; x_wconf 80' lang='lat' dir='ltr'><strong>virgo,</strong></span> <span class='ocrx_word' id='word_1_481' title='bbox 2018 5431 2079 5476; x_wconf 92' lang='lat' dir='ltr'><strong>ut</strong></span> 
     </span>
    </p>
   </div>
   <div class='ocr_carea' id='block_1_86' title="bbox 519 5511 2076 5584">
    <p class='ocr_par' dir='ltr' id='par_1_86' title="bbox 519 5511 2076 5584">
     <span class='ocr_line' id='line_1_86' title="bbox 519 5511 2076 5584; baseline 0.011 -31"><span class='ocrx_word' id='word_1_482' title='bbox 519 5512 696 5568; x_wconf 85' lang='lat' dir='ltr'><strong>antea,</strong></span> <span class='ocrx_word' id='word_1_483' title='bbox 735 5520 1077 5574; x_wconf 88' lang='lat' dir='ltr'><strong>permanens.</strong></span> <span class='ocrx_word' id='word_1_484' title='bbox 1122 5511 1293 5565; x_wconf 83' lang='lat' dir='ltr'><strong>Verus</strong></span> <span class='ocrx_word' id='word_1_485' title='bbox 1331 5511 1476 5566; x_wconf 90' lang='lat' dir='ltr'><strong>enim</strong></span> <span class='ocrx_word' id='word_1_486' title='bbox 1518 5511 1660 5569; x_wconf 91' lang='lat' dir='ltr'><strong>Deus</strong></span> <span class='ocrx_word' id='word_1_487' title='bbox 1686 5525 1786 5578; x_wconf 89' lang='lat' dir='ltr'><strong>est,</strong></span> <span class='ocrx_word' id='word_1_488' title='bbox 1811 5517 1901 5584; x_wconf 80' lang='lat' dir='ltr'><strong>qui</strong></span> <span class='ocrx_word' id='word_1_489' title='bbox 1931 5531 1996 5570; x_wconf 81' lang='lat' dir='ltr'><strong>ex</strong></span> <span class='ocrx_word' id='word_1_490' title='bbox 2026 5525 2076 5571; x_wconf 92' lang='lat' dir='ltr'><strong>te</strong></span> 
     </span>
    </p>
   </div>
   <div class='ocr_carea' id='block_1_87' title="bbox 519 5603 800 5651">
    <p class='ocr_par' dir='ltr' id='par_1_87' title="bbox 519 5603 800 5651">
     <span class='ocr_line' id='line_1_87' title="bbox 519 5603 800 5651; baseline 0.018 -5"><span class='ocrx_word' id='word_1_491' title='bbox 519 5603 678 5651; x_wconf 87' lang='lat' dir='ltr'><strong>natus</strong></span> <span class='ocrx_word' id='word_1_492' title='bbox 699 5606 800 5651; x_wconf 89' lang='lat' dir='ltr'><strong>est.</strong></span> 
     </span>
    </p>
   </div>
   <div class='ocr_carea' id='block_1_88' title="bbox 1145 5691 1446 5747">
    <p class='ocr_par' dir='ltr' id='par_1_88' title="bbox 1145 5691 1446 5747">
     <span class='ocr_line' id='line_1_88' title="bbox 1145 5691 1446 5747; baseline 0.003 -1"><span class='ocrx_word' id='word_1_493' title='bbox 1145 5691 1446 5747; x_wconf 78' lang='lat' dir='ltr'><strong>Catabasia.</strong></span> 
     </span>
    </p>
   </div>
   <div class='ocr_carea' id='block_1_89' title="bbox 588 5773 2070 5852">
    <p class='ocr_par' dir='ltr' id='par_1_89' title="bbox 588 5773 2070 5852">
     <span class='ocr_line' id='line_1_89' title="bbox 588 5773 2070 5852; baseline 0.007 -22"><span class='ocrx_word' id='word_1_494' title='bbox 588 5773 726 5831; x_wconf 88' lang='lat' dir='ltr'><strong>Cum</strong></span> <span class='ocrx_word' id='word_1_495' title='bbox 765 5783 838 5834; x_wconf 91' lang='lat' dir='ltr'><strong>te.</strong></span> <span class='ocrx_word' id='word_1_496' title='bbox 868 5793 900 5833; x_wconf 92' lang='grc' dir='ltr'><strong>ο</strong></span> <span class='ocrx_word' id='word_1_497' title='bbox 933 5785 1123 5847; x_wconf 84' lang='lat' dir='ltr'><strong>potens</strong></span> <span class='ocrx_word' id='word_1_498' title='bbox 1177 5779 1257 5834; x_wconf 84' lang='lat' dir='ltr'><strong>sol</strong></span> <span class='ocrx_word' id='word_1_499' title='bbox 1282 5780 1336 5835; x_wconf 92' lang='lat' dir='ltr'><strong>in</strong></span> <span class='ocrx_word' id='word_1_500' title='bbox 1358 5795 1521 5837; x_wconf 85' lang='lat' dir='ltr'><strong>cruce</strong></span> <span class='ocrx_word' id='word_1_501' title='bbox 1556 5783 1912 5852; x_wconf 83' lang='lat' dir='ltr'><strong>conspiceret,</strong></span> <span class='ocrx_word' id='word_1_502' title='bbox 1943 5785 2070 5841; x_wconf 81' lang='lat' dir='ltr'><strong>bor-</strong></span> 
     </span>
    </p>
   </div>
   <div class='ocr_carea' id='block_1_90' title="bbox 2099 4489 2154 4550">
    <p class='ocr_par' dir='ltr' id='par_1_90' title="bbox 2099 4489 2154 4550">
     <span class='ocr_line' id='line_1_90' title="bbox 2099 4489 2154 4550; baseline 0 0"><span class='ocrx_word' id='word_1_503' title='bbox 2099 4489 2154 4550; x_wconf 91' lang='lat' dir='ltr'><strong>D</strong></span> 
     </span>
    </p>
   </div>
   <div class='ocr_carea' id='block_1_91' title="bbox 2187 3245 3314 3317">
    <p class='ocr_par' dir='ltr' id='par_1_91' title="bbox 2187 3245 3314 3317">
     <span class='ocr_line' id='line_1_91' title="bbox 2187 3245 3314 3317; baseline 0.003 -17"><span class='ocrx_word' id='word_1_504' title='bbox 2187 3247 2442 3316; x_wconf 79' lang='grc' dir='ltr'>τυραννὶς</span> <span class='ocrx_word' id='word_1_505' title='bbox 2464 3245 2557 3299; x_wconf 92' lang='grc' dir='ltr'><strong>τοῦ</strong></span> <span class='ocrx_word' id='word_1_506' title='bbox 2585 3247 2782 3317; x_wconf 79' lang='grc' dir='ltr'>ἐχθροῦ</span> <span class='ocrx_word' id='word_1_507' title='bbox 2814 3247 3042 3302; x_wconf 85' lang='grc' dir='ltr'>θανάτου</span> <span class='ocrx_word' id='word_1_508' title='bbox 3075 3250 3314 3304; x_wconf 78' lang='grc' dir='ltr'><strong>λέλυται.</strong></span> 
     </span>
    </p>
   </div>
   <div class='ocr_carea' id='block_1_92' title="bbox 2257 3339 3764 3416">
    <p class='ocr_par' dir='ltr' id='par_1_92' title="bbox 2257 3339 3764 3416">
     <span class='ocr_line' id='line_1_92' title="bbox 2257 3339 3764 3416; baseline 0.006 -25"><span class='ocrx_word' id='word_1_509' title='bbox 2257 3339 2363 3392; x_wconf 87' lang='grc' dir='ltr'><strong>Τοῦ</strong></span> <span class='ocrx_word' id='word_1_510' title='bbox 2408 3339 2692 3411; x_wconf 76' lang='grc' dir='ltr'>ζωηφόρου</span> <span class='ocrx_word' id='word_1_511' title='bbox 2738 3357 2830 3392; x_wconf 92' lang='grc' dir='ltr'><strong>σου</strong></span> <span class='ocrx_word' id='word_1_512' title='bbox 2884 3340 3116 3409; x_wconf 80' lang='grc' dir='ltr'>σταυροῦ</span> <span class='ocrx_word' id='word_1_513' title='bbox 3164 3341 3262 3412; x_wconf 84' lang='grc' dir='ltr'>τὴν</span> <span class='ocrx_word' id='word_1_514' title='bbox 3312 3347 3764 3416; x_wconf 82' lang='grc' dir='ltr'>προσκυνήσιμον</span> 
     </span>
    </p>
   </div>
   <div class='ocr_carea' id='block_1_93' title="bbox 2185 3431 3764 3509">
    <p class='ocr_par' dir='ltr' id='par_1_93' title="bbox 2185 3431 3764 3509">
     <span class='ocr_line' id='line_1_93' title="bbox 2185 3431 3764 3509; baseline 0.005 -26"><span class='ocrx_word' id='word_1_515' title='bbox 2185 3431 2360 3500; x_wconf 84' lang='grc' dir='ltr'>χαράν</span> <span class='ocrx_word' id='word_1_516' title='bbox 2407 3432 2662 3502; x_wconf 81' lang='grc' dir='ltr'>σήμερον,</span> <span class='ocrx_word' id='word_1_517' title='bbox 2715 3431 2940 3502; x_wconf 82' lang='grc' dir='ltr'>Χριστὲ,</span> <span class='ocrx_word' id='word_1_518' title='bbox 3010 3432 3358 3495; x_wconf 82' lang='grc' dir='ltr'>ὑπαντῶντες</span> <span class='ocrx_word' id='word_1_519' title='bbox 3421 3438 3764 3509; x_wconf 78' lang='grc' dir='ltr'>προπομπὴν</span> 
     </span>
    </p>
   </div>
   <div class='ocr_carea' id='block_1_94' title="bbox 2185 3518 3762 3591">
    <p class='ocr_par' dir='ltr' id='par_1_94' title="bbox 2185 3518 3762 3591">
     <span class='ocr_line' id='line_1_94' title="bbox 2185 3518 3762 3591; baseline 0.006 -21"><span class='ocrx_word' id='word_1_520' title='bbox 2185 3518 2485 3587; x_wconf 82' lang='grc' dir='ltr'>ποιούμεθα</span> <span class='ocrx_word' id='word_1_521' title='bbox 2523 3519 2616 3572; x_wconf 84' lang='grc' dir='ltr'><strong>τοῦ</strong></span> <span class='ocrx_word' id='word_1_522' title='bbox 2660 3520 2927 3589; x_wconf 80' lang='grc' dir='ltr'>παναγίου</span> <span class='ocrx_word' id='word_1_523' title='bbox 2960 3520 3168 3584; x_wconf 88' lang='grc' dir='ltr'>πάθους</span> <span class='ocrx_word' id='word_1_524' title='bbox 3203 3537 3319 3582; x_wconf 92' lang='grc' dir='ltr'>σου,</span> <span class='ocrx_word' id='word_1_525' title='bbox 3351 3523 3487 3591; x_wconf 77' lang='grc' dir='ltr'>ὅπερ</span> <span class='ocrx_word' id='word_1_526' title='bbox 3538 3527 3619 3588; x_wconf 84' lang='grc' dir='ltr'><strong>είς</strong></span> <span class='ocrx_word' id='word_1_527' title='bbox 3648 3543 3762 3580; x_wconf 75' lang='grc' dir='ltr'><strong>σω-</strong></span> 
     </span>
    </p>
   </div>
   <div class='ocr_carea' id='block_1_95' title="bbox 2182 3609 3764 3685">
    <p class='ocr_par' dir='ltr' id='par_1_95' title="bbox 2182 3609 3764 3685">
     <span class='ocr_line' id='line_1_95' title="bbox 2182 3609 3764 3685; baseline 0.005 -22"><span class='ocrx_word' id='word_1_528' title='bbox 2182 3611 2377 3682; x_wconf 86' lang='grc' dir='ltr'>τηρίαν</span> <span class='ocrx_word' id='word_1_529' title='bbox 2398 3609 2492 3663; x_wconf 87' lang='grc' dir='ltr'><strong>τοῦ</strong></span> <span class='ocrx_word' id='word_1_530' title='bbox 2523 3611 2723 3682; x_wconf 85' lang='grc' dir='ltr'>κόσμου</span> <span class='ocrx_word' id='word_1_531' title='bbox 2742 3611 3145 3683; x_wconf 82' lang='grc' dir='ltr'>ἐναπειργάσω,</span> <span class='ocrx_word' id='word_1_532' title='bbox 3162 3613 3373 3685; x_wconf 82' lang='grc' dir='ltr'>Σωτὴρ,</span> <span class='ocrx_word' id='word_1_533' title='bbox 3400 3614 3476 3676; x_wconf 84' lang='grc' dir='ltr'><strong>ὠς</strong></span> <span class='ocrx_word' id='word_1_534' title='bbox 3501 3617 3764 3671; x_wconf 54' lang='lat' dir='ltr'><strong>«amau-</strong></span> 
     </span>
    </p>
   </div>
   <div class='ocr_carea' id='block_1_96' title="bbox 2182 3720 2376 3773">
    <p class='ocr_par' dir='ltr' id='par_1_96' title="bbox 2182 3720 2376 3773">
     <span class='ocr_line' id='line_1_96' title="bbox 2182 3720 2376 3773; baseline -0.005 -15"><span class='ocrx_word' id='word_1_535' title='bbox 2182 3720 2249 3758; x_wconf 85' lang='grc' dir='ltr'><strong>να</strong></span> <span class='ocrx_word' id='word_1_536' title='bbox 2257 3721 2376 3773; x_wconf 83' lang='grc' dir='ltr'>μσς.</span> 
     </span>
    </p>
   </div>
   <div class='ocr_carea' id='block_1_97' title="bbox 2253 3795 3757 3870">
    <p class='ocr_par' dir='ltr' id='par_1_97' title="bbox 2253 3795 3757 3870">
     <span class='ocr_line' id='line_1_97' title="bbox 2253 3795 3757 3870; baseline 0.012 -23"><span class='ocrx_word' id='word_1_537' title='bbox 2253 3796 2497 3867; x_wconf 85' lang='grc' dir='ltr'>Σήμερον</span> <span class='ocrx_word' id='word_1_538' title='bbox 2545 3795 2750 3864; x_wconf 87' lang='grc' dir='ltr'>γίνεται</span> <span class='ocrx_word' id='word_1_539' title='bbox 2804 3797 2947 3868; x_wconf 81' lang='grc' dir='ltr'>χαρὰ</span> <span class='ocrx_word' id='word_1_540' title='bbox 2994 3799 3054 3852; x_wconf 85' lang='grc' dir='ltr'><strong>ἐν</strong></span> <span class='ocrx_word' id='word_1_541' title='bbox 3093 3798 3306 3870; x_wconf 84' lang='grc' dir='ltr'>οὐρανῷ</span> <span class='ocrx_word' id='word_1_542' title='bbox 3338 3797 3434 3852; x_wconf 79' lang='grc' dir='ltr'>καὶ</span> <span class='ocrx_word' id='word_1_543' title='bbox 3499 3797 3594 3851; x_wconf 71' lang='grc' dir='ltr'><strong>ἐπὶ</strong></span> <span class='ocrx_word' id='word_1_544' title='bbox 3629 3799 3757 3869; x_wconf 83' lang='grc' dir='ltr'><strong>γῆς.</strong></span> 
     </span>
    </p>
   </div>
   <div class='ocr_carea' id='block_1_98' title="bbox 2181 3885 3756 3957">
    <p class='ocr_par' dir='ltr' id='par_1_98' title="bbox 2181 3885 3756 3957">
     <span class='ocr_line' id='line_1_98' title="bbox 2181 3885 3756 3957; baseline 0.002 -18"><span class='ocrx_word' id='word_1_545' title='bbox 2181 3885 2264 3939; x_wconf 84' lang='grc' dir='ltr'>ὅτι</span> <span class='ocrx_word' id='word_1_546' title='bbox 2319 3886 2410 3940; x_wconf 91' lang='grc' dir='ltr'><strong>τοῦ</strong></span> <span class='ocrx_word' id='word_1_547' title='bbox 2465 3885 2698 3955; x_wconf 88' lang='grc' dir='ltr'>σταυροῦ</span> <span class='ocrx_word' id='word_1_548' title='bbox 2746 3885 2807 3940; x_wconf 85' lang='grc' dir='ltr'>τδ</span> <span class='ocrx_word' id='word_1_549' title='bbox 2855 3890 3079 3957; x_wconf 86' lang='grc' dir='ltr'>σημεῖον</span> <span class='ocrx_word' id='word_1_550' title='bbox 3138 3889 3327 3957; x_wconf 85' lang='grc' dir='ltr'>κόσμῳ</span> <span class='ocrx_word' id='word_1_551' title='bbox 3370 3886 3756 3957; x_wconf 74' lang='grc' dir='ltr'>ἐμφανίζεται.</span> 
     </span>
    </p>
   </div>
   <div class='ocr_carea' id='block_1_99' title="bbox 2182 3973 3754 4051">
    <p class='ocr_par' dir='ltr' id='par_1_99' title="bbox 2182 3973 3754 4051">
     <span class='ocr_line' id='line_1_99' title="bbox 2182 3973 3754 4051; baseline 0.002 -20"><span class='ocrx_word' id='word_1_552' title='bbox 2182 3978 2418 4049; x_wconf 80' lang='grc' dir='ltr'>Σταυρὸς</span> <span class='ocrx_word' id='word_1_553' title='bbox 2443 3979 2471 4030; x_wconf 87' lang='grc' dir='ltr'>ὁ</span> <span class='ocrx_word' id='word_1_554' title='bbox 2502 3978 2987 4051; x_wconf 85' lang='grc' dir='ltr'>τρισμακάριστος,</span> <span class='ocrx_word' id='word_1_555' title='bbox 3019 3973 3175 4044; x_wconf 70' lang='grc' dir='ltr'>οὗτος</span> <span class='ocrx_word' id='word_1_556' title='bbox 3198 3979 3478 4051; x_wconf 78' lang='grc' dir='ltr'>προτεθεὶς</span> <span class='ocrx_word' id='word_1_557' title='bbox 3509 3979 3754 4034; x_wconf 73' lang='grc' dir='ltr'><strong>ἀναϐλύ-</strong></span> 
     </span>
    </p>
   </div>
   <div class='ocr_carea' id='block_1_100' title="bbox 2182 4068 2725 4141">
    <p class='ocr_par' dir='ltr' id='par_1_100' title="bbox 2182 4068 2725 4141">
     <span class='ocr_line' id='line_1_100' title="bbox 2182 4068 2725 4141; baseline 0.007 -18"><span class='ocrx_word' id='word_1_558' title='bbox 2182 4068 2264 4133; x_wconf 82' lang='grc' dir='ltr'><strong>ζει</strong></span> <span class='ocrx_word' id='word_1_559' title='bbox 2293 4071 2451 4141; x_wconf 85' lang='grc' dir='ltr'>χάριν</span> <span class='ocrx_word' id='word_1_560' title='bbox 2479 4069 2725 4127; x_wconf 80' lang='grc' dir='ltr'>άένναον.</span> 
     </span>
    </p>
   </div>
   <div class='ocr_carea' id='block_1_101' title="bbox 2249 4162 3756 4235">
    <p class='ocr_par' dir='ltr' id='par_1_101' title="bbox 2249 4162 3756 4235">
     <span class='ocr_line' id='line_1_101' title="bbox 2249 4162 3756 4235; baseline 0.003 -21"><span class='ocrx_word' id='word_1_561' title='bbox 2249 4162 2315 4214; x_wconf 84' lang='grc' dir='ltr'><strong>Τί</strong></span> <span class='ocrx_word' id='word_1_562' title='bbox 2338 4179 2420 4214; x_wconf 92' lang='grc' dir='ltr'>σοι</span> <span class='ocrx_word' id='word_1_563' title='bbox 2443 4163 2826 4234; x_wconf 79' lang='grc' dir='ltr'>προσάξωμεν.</span> <span class='ocrx_word' id='word_1_564' title='bbox 2846 4165 3072 4235; x_wconf 82' lang='grc' dir='ltr'>Χριστέ,</span> <span class='ocrx_word' id='word_1_565' title='bbox 3098 4165 3178 4218; x_wconf 82' lang='grc' dir='ltr'>ὅτι</span> <span class='ocrx_word' id='word_1_566' title='bbox 3205 4164 3294 4218; x_wconf 84' lang='grc' dir='ltr'><strong>τὸν</strong></span> <span class='ocrx_word' id='word_1_567' title='bbox 3317 4163 3498 4232; x_wconf 86' lang='grc' dir='ltr'>τίμιον</span> <span class='ocrx_word' id='word_1_568' title='bbox 3523 4164 3756 4234; x_wconf 79' lang='grc' dir='ltr'>σταυρὸν</span> 
     </span>
    </p>
   </div>
   <div class='ocr_carea' id='block_1_102' title="bbox 2179 4250 3756 4325">
    <p class='ocr_par' dir='ltr' id='par_1_102' title="bbox 2179 4250 3756 4325">
     <span class='ocr_line' id='line_1_102' title="bbox 2179 4250 3756 4325; baseline 0.002 -20"><span class='ocrx_word' id='word_1_569' title='bbox 2179 4251 2413 4316; x_wconf 80' lang='grc' dir='ltr'>δέδωκας</span> <span class='ocrx_word' id='word_1_570' title='bbox 2440 4255 2570 4324; x_wconf 79' lang='grc' dir='ltr'>ἡμῖν</span> <span class='ocrx_word' id='word_1_571' title='bbox 2594 4256 2984 4325; x_wconf 80' lang='grc' dir='ltr'>προσκυνῆσαι,</span> <span class='ocrx_word' id='word_1_572' title='bbox 3010 4259 3065 4310; x_wconf 81' lang='grc' dir='ltr'>ἐν</span> <span class='ocrx_word' id='word_1_573' title='bbox 3093 4250 3137 4324; x_wconf 80' lang='grc' dir='ltr'>ᾧ</span> <span class='ocrx_word' id='word_1_574' title='bbox 3162 4256 3220 4309; x_wconf 81' lang='grc' dir='ltr'><strong>τὸ</strong></span> <span class='ocrx_word' id='word_1_575' title='bbox 3243 4257 3503 4325; x_wconf 84' lang='grc' dir='ltr'>πανάγιον</span> <span class='ocrx_word' id='word_1_576' title='bbox 3527 4271 3756 4308; x_wconf 88' lang='grc' dir='ltr'>κατεκε-</span> 
     </span>
    </p>
   </div>
   <div class='ocr_carea' id='block_1_103' title="bbox 2180 4338 3755 4417">
    <p class='ocr_par' dir='ltr' id='par_1_103' title="bbox 2180 4338 3755 4417">
     <span class='ocr_line' id='line_1_103' title="bbox 2180 4338 3755 4417; baseline 0.005 -24"><span class='ocrx_word' id='word_1_577' title='bbox 2180 4340 2323 4411; x_wconf 85' lang='grc' dir='ltr'>νώθη</span> <span class='ocrx_word' id='word_1_578' title='bbox 2372 4338 2512 4412; x_wconf 76' lang='grc' dir='ltr'>αἷμά</span> <span class='ocrx_word' id='word_1_579' title='bbox 2550 4361 2665 4406; x_wconf 87' lang='grc' dir='ltr'>σου,</span> <span class='ocrx_word' id='word_1_580' title='bbox 2696 4338 2738 4410; x_wconf 82' lang='grc' dir='ltr'>ᾧ</span> <span class='ocrx_word' id='word_1_581' title='bbox 2769 4344 2861 4395; x_wconf 75' lang='grc' dir='ltr'><strong>καὶ</strong></span> <span class='ocrx_word' id='word_1_582' title='bbox 2898 4346 2931 4414; x_wconf 80' lang='grc' dir='ltr'>ἡ</span> <span class='ocrx_word' id='word_1_583' title='bbox 2962 4344 3098 4416; x_wconf 80' lang='grc' dir='ltr'>σάρξ</span> <span class='ocrx_word' id='word_1_584' title='bbox 3139 4362 3233 4398; x_wconf 92' lang='grc' dir='ltr'><strong>σου</strong></span> <span class='ocrx_word' id='word_1_585' title='bbox 3262 4345 3411 4416; x_wconf 78' lang='grc' dir='ltr'>ἦλοις</span> <span class='ocrx_word' id='word_1_586' title='bbox 3440 4345 3656 4417; x_wconf 83' lang='grc' dir='ltr'>ἐπάγη;</span> <span class='ocrx_word' id='word_1_587' title='bbox 3694 4347 3755 4401; x_wconf 76' lang='grc' dir='ltr'><strong>ὃν</strong></span> 
     </span>
    </p>
   </div>
   <div class='ocr_carea' id='block_1_104' title="bbox 2179 4429 3270 4506">
    <p class='ocr_par' dir='ltr' id='par_1_104' title="bbox 2179 4429 3270 4506">
     <span class='ocr_line' id='line_1_104' title="bbox 2179 4429 3270 4506; baseline 0.006 -24"><span class='ocrx_word' id='word_1_588' title='bbox 2179 4429 2546 4502; x_wconf 78' lang='grc' dir='ltr'>ἀσπαζόμενοι</span> <span class='ocrx_word' id='word_1_589' title='bbox 2579 4433 2674 4486; x_wconf 87' lang='grc' dir='ltr'>νῦν</span> <span class='ocrx_word' id='word_1_590' title='bbox 2709 4434 3133 4506; x_wconf 78' lang='grc' dir='ltr'>εὐχαριστοῦμέν</span> <span class='ocrx_word' id='word_1_591' title='bbox 3168 4453 3270 4491; x_wconf 89' lang='grc' dir='ltr'>σοι.</span> 
     </span>
    </p>
   </div>
   <div class='ocr_carea' id='block_1_105' title="bbox 2808 4611 3132 4680">
    <p class='ocr_par' dir='ltr' id='par_1_105' title="bbox 2808 4611 3132 4680">
     <span class='ocr_line' id='line_1_105' title="bbox 2808 4611 3132 4680; baseline 0.009 -16"><span class='ocrx_word' id='word_1_592' title='bbox 2808 4611 3132 4680; x_wconf 79' lang='grc' dir='ltr'>Τριαδικόν.</span> 
     </span>
    </p>
   </div>
   <div class='ocr_carea' id='block_1_106' title="bbox 2248 4697 3751 4774">
    <p class='ocr_par' dir='ltr' id='par_1_106' title="bbox 2248 4697 3751 4774">
     <span class='ocr_line' id='line_1_106' title="bbox 2248 4697 3751 4774; baseline 0.005 -23"><span class='ocrx_word' id='word_1_593' title='bbox 2248 4697 2397 4761; x_wconf 71' lang='lat' dir='ltr'><strong>ma;</strong></span> <span class='ocrx_word' id='word_1_594' title='bbox 2441 4698 2693 4768; x_wconf 86' lang='grc' dir='ltr'>θεότητος</span> <span class='ocrx_word' id='word_1_595' title='bbox 2737 4702 2891 4771; x_wconf 79' lang='grc' dir='ltr'>ὑμῶν</span> <span class='ocrx_word' id='word_1_596' title='bbox 2948 4706 3097 4774; x_wconf 80' lang='grc' dir='ltr'>τρεῖς</span> <span class='ocrx_word' id='word_1_597' title='bbox 3143 4704 3469 4768; x_wconf 80' lang='grc' dir='ltr'>ὑποστάσεις</span> <span class='ocrx_word' id='word_1_598' title='bbox 3525 4703 3751 4774; x_wconf 80' lang='grc' dir='ltr'>άμερῶς</span> 
     </span>
    </p>
   </div>
   <div class='ocr_carea' id='block_1_107' title="bbox 2183 4787 3745 4864">
    <p class='ocr_par' dir='ltr' id='par_1_107' title="bbox 2183 4787 3745 4864">
     <span class='ocr_line' id='line_1_107' title="bbox 2183 4787 3745 4864; baseline 0.004 -24"><span class='ocrx_word' id='word_1_599' title='bbox 2183 4787 2392 4857; x_wconf 74' lang='grc' dir='ltr'>φύσεως</span> <span class='ocrx_word' id='word_1_600' title='bbox 2413 4790 2586 4859; x_wconf 87' lang='grc' dir='ltr'>άπλῆς</span> <span class='ocrx_word' id='word_1_601' title='bbox 2610 4791 2939 4860; x_wconf 77' lang='grc' dir='ltr'>δογματίζω,</span> <span class='ocrx_word' id='word_1_602' title='bbox 2961 4793 3050 4846; x_wconf 83' lang='grc' dir='ltr'><strong>τὸν</strong></span> <span class='ocrx_word' id='word_1_603' title='bbox 3072 4793 3289 4864; x_wconf 80' lang='grc' dir='ltr'>Πατέρα</span> <span class='ocrx_word' id='word_1_604' title='bbox 3312 4795 3569 4864; x_wconf 82' lang='grc' dir='ltr'>ἄναρχον,</span> <span class='ocrx_word' id='word_1_605' title='bbox 3595 4795 3745 4860; x_wconf 79' lang='grc' dir='ltr'>Υἰδν,</span> 
     </span>
    </p>
   </div>
   <div class='ocr_carea' id='block_1_108' title="bbox 2179 4884 3747 4958">
    <p class='ocr_par' dir='ltr' id='par_1_108' title="bbox 2179 4884 3747 4958">
     <span class='ocr_line' id='line_1_108' title="bbox 2179 4884 3747 4958; baseline 0.001 -21"><span class='ocrx_word' id='word_1_606' title='bbox 2179 4885 2271 4937; x_wconf 77' lang='grc' dir='ltr'>καὶ</span> <span class='ocrx_word' id='word_1_607' title='bbox 2297 4884 2518 4951; x_wconf 88' lang='grc' dir='ltr'>Πνεῦμα</span> <span class='ocrx_word' id='word_1_608' title='bbox 2549 4884 2725 4950; x_wconf 77' lang='grc' dir='ltr'>ἅγιον,</span> <span class='ocrx_word' id='word_1_609' title='bbox 2754 4884 3064 4955; x_wconf 80' lang='grc' dir='ltr'>σύνθρονον,</span> <span class='ocrx_word' id='word_1_610' title='bbox 3098 4886 3392 4957; x_wconf 83' lang='grc' dir='ltr'>κυριότητα</span> <span class='ocrx_word' id='word_1_611' title='bbox 3430 4888 3582 4958; x_wconf 86' lang='grc' dir='ltr'>μίαν,</span> <span class='ocrx_word' id='word_1_612' title='bbox 3609 4887 3747 4958; x_wconf 78' lang='grc' dir='ltr'>όμο-</span> 
     </span>
    </p>
   </div>
   <div class='ocr_carea' id='block_1_109' title="bbox 2178 4973 2976 5045">
    <p class='ocr_par' dir='ltr' id='par_1_109' title="bbox 2178 4973 2976 5045">
     <span class='ocr_line' id='line_1_109' title="bbox 2178 4973 2976 5045; baseline 0.004 -17"><span class='ocrx_word' id='word_1_613' title='bbox 2178 4975 2446 5030; x_wconf 87' lang='grc' dir='ltr'>6ασίλειον</span> <span class='ocrx_word' id='word_1_614' title='bbox 2472 4973 2529 5026; x_wconf 84' lang='grc' dir='ltr'>ἓν</span> <span class='ocrx_word' id='word_1_615' title='bbox 2560 4973 2764 5045; x_wconf 84' lang='grc' dir='ltr'>κράτος</span> <span class='ocrx_word' id='word_1_616' title='bbox 2786 4975 2976 5032; x_wconf 79' lang='grc' dir='ltr'><strong>ἀΐδιον.</strong></span> 
     </span>
    </p>
   </div>
   <div class='ocr_carea' id='block_1_110' title="bbox 2801 5149 3127 5203">
    <p class='ocr_par' dir='ltr' id='par_1_110' title="bbox 2801 5149 3127 5203">
     <span class='ocr_line' id='line_1_110' title="bbox 2801 5149 3127 5203; baseline 0.009 -4"><span class='ocrx_word' id='word_1_617' title='bbox 2801 5149 3127 5203; x_wconf 76' lang='grc' dir='ltr'>Θεοτόκιον.</span> 
     </span>
    </p>
   </div>
   <div class='ocr_carea' id='block_1_111' title="bbox 2246 5236 3744 5313">
    <p class='ocr_par' dir='ltr' id='par_1_111' title="bbox 2246 5236 3744 5313">
     <span class='ocr_line' id='line_1_111' title="bbox 2246 5236 3744 5313; baseline 0.002 -25"><span class='ocrx_word' id='word_1_618' title='bbox 2246 5236 2393 5307; x_wconf 84' lang='grc' dir='ltr'>Μόνη</span> <span class='ocrx_word' id='word_1_619' title='bbox 2422 5238 2624 5310; x_wconf 84' lang='grc' dir='ltr'>ἐφάνης</span> <span class='ocrx_word' id='word_1_620' title='bbox 2650 5239 2923 5309; x_wconf 84' lang='grc' dir='ltr'>γυναικῶν</span> <span class='ocrx_word' id='word_1_621' title='bbox 2945 5239 3130 5313; x_wconf 82' lang='grc' dir='ltr'>χρῆμα</span> <span class='ocrx_word' id='word_1_622' title='bbox 3155 5238 3578 5307; x_wconf 82' lang='grc' dir='ltr'>πανθαύμαστον</span> <span class='ocrx_word' id='word_1_623' title='bbox 3603 5241 3744 5313; x_wconf 74' lang='grc' dir='ltr'><strong>ἁγνὴ</strong></span> 
     </span>
    </p>
   </div>
   <div class='ocr_carea' id='block_1_112' title="bbox 2176 5310 3742 5400">
    <p class='ocr_par' dir='ltr' id='par_1_112' title="bbox 2176 5310 3742 5400">
     <span class='ocr_line' id='line_1_112' title="bbox 2176 5310 3742 5400; baseline 0.004 -24"><span class='ocrx_word' id='word_1_624' title='bbox 2176 5328 2409 5395; x_wconf 81' lang='grc' dir='ltr'>πρᾶγμα</span> <span class='ocrx_word' id='word_1_625' title='bbox 2441 5329 2688 5400; x_wconf 76' lang='grc' dir='ltr'>φοϐερόν.</span> <span class='ocrx_word' id='word_1_626' title='bbox 2733 5330 2843 5398; x_wconf 87' lang='grc' dir='ltr'><strong>Τὴν</strong></span> <span class='ocrx_word' id='word_1_627' title='bbox 2878 5310 2986 5398; x_wconf 76' lang='grc' dir='ltr'><strong>γὰρ</strong></span> <span class='ocrx_word' id='word_1_628' title='bbox 3017 5329 3176 5396; x_wconf 83' lang='grc' dir='ltr'>φύσιν</span> <span class='ocrx_word' id='word_1_629' title='bbox 3213 5330 3276 5381; x_wconf 84' lang='grc' dir='ltr'>σὺ</span> <span class='ocrx_word' id='word_1_630' title='bbox 3310 5310 3742 5399; x_wconf 82' lang='grc' dir='ltr'>ἐκαινοτόμησας</span> 
     </span>
    </p>
   </div>
   <div class='ocr_carea' id='block_1_113' title="bbox 2177 5418 3709 5493">
    <p class='ocr_par' dir='ltr' id='par_1_113' title="bbox 2177 5418 3709 5493">
     <span class='ocr_line' id='line_1_113' title="bbox 2177 5418 3709 5493; baseline 0.003 -23"><span class='ocrx_word' id='word_1_631' title='bbox 2177 5418 2300 5470; x_wconf 80' lang='grc' dir='ltr'>ἄνευ</span> <span class='ocrx_word' id='word_1_632' title='bbox 2329 5423 2532 5490; x_wconf 83' lang='grc' dir='ltr'>σπορᾶς</span> <span class='ocrx_word' id='word_1_633' title='bbox 2563 5423 2833 5490; x_wconf 83' lang='grc' dir='ltr'>κυήσασα,</span> <span class='ocrx_word' id='word_1_634' title='bbox 2864 5421 3093 5489; x_wconf 78' lang='grc' dir='ltr'>μείνασα</span> <span class='ocrx_word' id='word_1_635' title='bbox 3120 5421 3282 5472; x_wconf 79' lang='grc' dir='ltr'>πάλιν</span> <span class='ocrx_word' id='word_1_636' title='bbox 3309 5422 3382 5485; x_wconf 84' lang='grc' dir='ltr'><strong>ὡς</strong></span> <span class='ocrx_word' id='word_1_637' title='bbox 3411 5424 3540 5493; x_wconf 71' lang='grc' dir='ltr'>πρὶν</span> <span class='ocrx_word' id='word_1_638' title='bbox 3595 5439 3709 5490; x_wconf 83' lang='grc' dir='ltr'><strong>παρ</strong></span> 
     </span>
    </p>
   </div>
   <div class='ocr_carea' id='block_1_114' title="bbox 2177 5509 3714 5580">
    <p class='ocr_par' dir='ltr' id='par_1_114' title="bbox 2177 5509 3714 5580">
     <span class='ocr_line' id='line_1_114' title="bbox 2177 5509 3714 5580; baseline 0.003 -20"><span class='ocrx_word' id='word_1_639' title='bbox 2177 5509 2344 5572; x_wconf 88' lang='grc' dir='ltr'>θένος.</span> <span class='ocrx_word' id='word_1_640' title='bbox 2395 5509 2452 5562; x_wconf 88' lang='lat'><strong>&#39;0</strong></span> <span class='ocrx_word' id='word_1_641' title='bbox 2497 5509 2773 5579; x_wconf 75' lang='grc' dir='ltr'>γεννηθεὶς</span> <span class='ocrx_word' id='word_1_642' title='bbox 2821 5510 2928 5580; x_wconf 71' lang='grc' dir='ltr'><strong>γὰρ</strong></span> <span class='ocrx_word' id='word_1_643' title='bbox 2983 5514 3047 5563; x_wconf 83' lang='grc' dir='ltr'>ὲκ</span> <span class='ocrx_word' id='word_1_644' title='bbox 3093 5510 3186 5563; x_wconf 92' lang='grc' dir='ltr'><strong>σοῦ</strong></span> <span class='ocrx_word' id='word_1_645' title='bbox 3236 5512 3367 5576; x_wconf 88' lang='grc' dir='ltr'>Θεός</span> <span class='ocrx_word' id='word_1_646' title='bbox 3413 5515 3560 5565; x_wconf 87' lang='grc' dir='ltr'>ἐστιν</span> <span class='ocrx_word' id='word_1_647' title='bbox 3607 5513 3714 5580; x_wconf 79' lang='grc' dir='ltr'>άλη</span> 
     </span>
    </p>
   </div>
   <div class='ocr_carea' id='block_1_115' title="bbox 2176 5601 2295 5671">
    <p class='ocr_par' dir='ltr' id='par_1_115' title="bbox 2176 5601 2295 5671">
     <span class='ocr_line' id='line_1_115' title="bbox 2176 5601 2295 5671; baseline 0.017 -19"><span class='ocrx_word' id='word_1_648' title='bbox 2176 5601 2295 5671; x_wconf 82' lang='grc' dir='ltr'>θής.</span> 
     </span>
    </p>
   </div>
   <div class='ocr_carea' id='block_1_116' title="bbox 2771 5699 3130 5752">
    <p class='ocr_par' dir='ltr' id='par_1_116' title="bbox 2771 5699 3130 5752">
     <span class='ocr_line' id='line_1_116' title="bbox 2771 5699 3130 5752; baseline 0.003 -1"><span class='ocrx_word' id='word_1_649' title='bbox 2771 5699 3130 5752; x_wconf 80' lang='grc' dir='ltr'>Καταϐασία.</span> 
     </span>
    </p>
   </div>
   <div class='ocr_carea' id='block_1_117' title="bbox 2257 5784 3736 5862">
    <p class='ocr_par' dir='ltr' id='par_1_117' title="bbox 2257 5784 3736 5862">
     <span class='ocr_line' id='line_1_117' title="bbox 2257 5784 3736 5862; baseline 0.003 -22"><span class='ocrx_word' id='word_1_650' title='bbox 2257 5784 2378 5840; x_wconf 66' lang='grc' dir='ltr'>Ἐπὶ</span> <span class='ocrx_word' id='word_1_651' title='bbox 2416 5786 2647 5859; x_wconf 85' lang='grc' dir='ltr'>σταυροῦ</span> <span class='ocrx_word' id='word_1_652' title='bbox 2697 5807 2778 5856; x_wconf 80' lang='grc' dir='ltr'><strong>σε,</strong></span> <span class='ocrx_word' id='word_1_653' title='bbox 2809 5790 3020 5854; x_wconf 58' lang='lat' dir='ltr'><strong>sums,</strong></span> <span class='ocrx_word' id='word_1_654' title='bbox 3062 5792 3284 5862; x_wconf 74' lang='grc' dir='ltr'>φωστὴρ</span> <span class='ocrx_word' id='word_1_655' title='bbox 3318 5793 3346 5844; x_wconf 83' lang='grc'>6</span> <span class='ocrx_word' id='word_1_656' title='bbox 3380 5791 3549 5862; x_wconf 77' lang='grc' dir='ltr'>μέγας</span> <span class='ocrx_word' id='word_1_657' title='bbox 3600 5807 3736 5844; x_wconf 81' lang='grc' dir='ltr'>κατ-</span> 
     </span>
    </p>
   </div>
  </div>
