3968 6484
257 444 393 511 1761

1209 451 1455 514 CANON
1480 451 1564 512 ΙΝ
1600 445 2146 511 ADORATIONEM
2179 446 2238 506 S.
2268 444 2561 506 CRUCIS.

3357 439 3496 505 1762

259 561 386 614 ιδὼν
441 561 632 632 τρόμῳ
694 560 956 632 ἐπαρθεὶς
1019 561 1119 627 τὰς
1183 563 1407 629 ἀκτῖνας
1468 563 1823 622 συνέστειλεν,

1959 574 2056 614 ore
2083 559 2364 629 perculsus
2398 557 2576 611 radios
2597 553 2867 610 contraxit
2887 562 2941 610 et
2963 552 3281 610 abscondit:
3314 556 3492 610 omnis

255 655 484 726 ἔκρυψε,
513 657 663 711 πᾶσα
690 656 746 710 δὲ
775 658 952 722 κτίσις
995 656 1236 729 ὕμνησεν
1280 659 1339 711 ὲν
1390 657 1538 728 φόϐῳ
1589 658 1687 725 τὴν
1728 660 1828 724 σὴν

261 747 672 820 μακροθυμίαν.
707 749 817 803 Καὶ
845 749 953 820 γὰρ
981 748 1223 819 ἐπλήσθη
1250 751 1284 822 ή
1311 748 1385 820 γῆ
1413 748 1516 819 τῆς
1546 747 1650 818 σῆς
1680 739 1830 800 α’ίνὲ-

261 858 424 903 σεως.

920 972 1054 1044 pan
1092 971 1167 1028 A’.

348 1103 648 1168 Ἐνέτειλας
688 1103 796 1158 ἀπὸ
838 1103 934 1158 τοῦ
973 1104 1166 1174 τάφου,
1194 1105 1388 1160 ἄδυτον
1425 1105 1596 1174 φάοςο
1627 1103 1708 1177 τῷ
1734 1104 1829 1159 κό-

262 1213 389 1267 σμῳ
437 1198 762 1266 ἀστράπτων
811 1195 910 1264 τὴν
970 1196 1314 1268 ἀφθαρσίαν,
1360 1196 1688 1266 ικμειώσας,
1719 1194 1832 1250 Κύ-

263 1305 373 1360 ριε.
401 1288 632 1342 θανάτου
657 1287 756 1360 τήν
788 1290 1091 1360 κατήφειαν
1123 1283 1189 1344 ἐκ
1216 1289 1323 1344 τῶν
1344 1290 1595 1361 περάτων
1631 1289 1707 1355 ὡς
1740 1288 1831 1344 εὐ-

262 1382 594 1449 σπλαγχνος.

336 1471 732 1542 Προσέλθωμεν
759 1470 1155 1540 κεκαθαρμένοι
1183 1473 1247 1540 τῇ
1272 1470 1584 1543 ἐγκρατείᾳ,
1610 1471 1829 1542 θερμῶς

261 1565 772 1634 προσπτυσσόμενοι
839 1565 898 1618 ὲν
950 1562 1154 1615 αίνέσει
1203 1561 1359 1629 ξύλον
1419 1564 1479 1616 τὸ
1539 1564 1825 1632 πανάγιον,

261 1659 323 1710 ἑν
372 1650 417 1722 ᾧ
453 1657 684 1725 Χριστὸς
732 1654 1131 1726 σταυρούμενος
1171 1654 1341 1708 ἔσωσε
1371 1655 1594 1726 κόσμον,
1623 1656 1699 1726 ὡς
1741 1655 1829 1710 εὐ-

263 1723 593 1816 σπλαγχνος.
873 1723 881 1726 ⁷
976 1723 985 1726 ν
1476 1723 1487 1726 -
1622 1723 1638 1738 ’

337 1839 667 1909 Χορεύουσιν
695 1839 753 1892 ἐν
790 1837 1094 1911 εὐφροσύνῃ
1121 1837 1364 1906 ἀγγέλων
1387 1838 1569 1904 τάξεις
1593 1839 1827 1909 σήμερον

265 1930 504 1998 σταυροῦ
531 1947 624 1983 σου
655 1933 721 2001 τῇ
749 1930 1133 2002 προσκυνήσει.
1178 1930 1266 1982 Ἐν
1293 1928 1441 1998 αὐτῷ
1469 1929 1576 1998 γὰρ
1603 1929 1828 1999 τέθραυ⁹

265 2038 370 2082 κας
398 2021 496 2083 τὰς
524 2021 630 2074 τῶν
659 2021 930 2092 δαιμόνων
960 2019 1269 2092 φάλαγγας,
1297 2019 1501 2086 σώσας,
1524 2020 1745 2092 Χριστὲ,
1769 2020 1830 2073 τὸ

264 2110 632 2180 ἀνθρώπινον.

338 2201 674 2271 Παράδεισος
699 2200 858 2263 ἄλλος
888 2199 1133 2274 ἐγνώσθη
1174 2202 1206 2273 ἡ
1249 2199 1564 2273 Ἐκκλησία,
1591 2199 1668 2264 ὡς
1704 2199 1836 2272 πρὶν

269 2288 427 2355 ξύλον
456 2290 654 2361 ἔχουσα
687 2290 966 2361 ζωηφόρον
994 2291 1085 2344 τὸν
1108 2291 1339 2363 σταυρόν
1370 2309 1485 2352 σου.
1514 2290 1709 2362 Κύριε.
1744 2289 1836 2355 Ἐξ

267 2373 331 2434 οὐ
364 2379 454 2434 διά
482 2374 894 2451 προσψαύσεως,
929 2380 1229 2446 ἀθανασίας
1259 2382 1576 2452 μετέγομεν.

892 2557 1220 2626 Τριαδικόν.

340 2643 658 2717 Συνάναρχα
678 2643 804 2717 τρία
824 2645 1030 2712 δοξάζω
1057 2649 1187 2718 μιᾶς
1212 2647 1420 2713 οὐσίας,
1450 2647 1581 2702 Θεὸν
1607 2646 1696 2700 τὸν
1728 2647 1840 2700 Πα-

268 2736 424 2806 τέρα,
448 2736 575 2790 Υίὸν
596 2737 688 2790 καὶ
713 2737 956 2810 Πνεῦμα,
983 2740 1098 2808 φῶς
1119 2738 1177 2793 ἓν
1197 2739 1694 2811 τριλαμπέστατον,
1711 2738 1840 2810 ὀμο-

272 2828 475 2898 κρατὲς
500 2827 788 2898 βασίλειον,
819 2831 880 2885 ἐν
910 2831 1200 2904 ἀσυγχύτῳ
1225 2831 1531 2902 ταυτότητι.

893 3011 1221 3067 Θεοτόκιον.

356 3099 629 3170 Ἔκύησας
661 3099 876 3169 φύσεως
925 3102 1097 3172 νόμῳ,
1160 3102 1276 3155 ἀλλ’
1321 3101 1462 3173 ὑπὲρ
1508 3101 1691 3172 νόμον.
1737 3099 1841 3155 Σοῦ

273 3193 386 3263 γάρ
421 3185 587 3263 μόνης
616 3193 849 3261 ἄσπορος
883 3181 1126 3263 ήλοχεία
1159 3193 1384 3263 φρικτὺς
1423 3195 1517 3247 καὶ
1554 3193 1843 3265 νοούμενος

275 3284 306 3337 ό
353 3284 555 3354 τρόπος
614 3283 709 3337 καὶ
766 3282 1056 3354 λεγόμενος
1115 3284 1210 3338 τοῦ
1266 3282 1488 3339 τοκετοῦ
1540 3301 1658 3350 σου,
1706 3301 1842 3339 παν-

276 3377 500 3450 άμωμε.

877 3471 1234 3525 Καταϐασία.

362 3561 736 3634 Ὀρθρίζοντὲς
754 3577 812 3614 σε
854 3560 1221 3630 ἀνυμνοῦμεν,
1250 3559 1441 3630 Σωτὴρ
1482 3560 1578 3613 τοῦ
1613 3560 1841 3628 κόσμου,

275 3656 502 3726 εἰρήνην
535 3653 823 3723 εὑράμενοι
853 3651 933 3721 τῷ
971 3652 1187 3724 σταυρῷ
1223 3670 1335 3715 σου,
1376 3653 1442 3705 δι’
1474 3644 1534 3705 οὐ
1569 3651 1846 3705 ἀνεκαίνι-

279 3763 379 3810 σας
430 3745 494 3798 τὸ
522 3744 678 3812 γένος
725 3742 785 3796 τὸ
823 3741 1184 3814 ἀνθρώπινον,
1215 3744 1329 3814 φῶς
1377 3744 1512 3818 πρὸς
1546 3743 1846 3816 ἀνέσπερον

275 3839 426 3907 ἄγων
456 3839 627 3903 ἡμᾶς.

903 3972 1036 4044 ῼΔΗ
1074 3971 1147 4026 E'.

374 4103 622 4174 Ἆνέστης
671 4105 763 4157 τδν
812 4102 1039 4159 θάνατον
1083 4103 1344 4175 θραύσας,
1388 4105 1610 4176 Χριστὲ,
1656 4103 1845 4176 ῶσπερ

281 4195 454 4264 μέγας
493 4195 761 4265 βασιλεὺς,
798 4197 861 4249 ὲκ
892 4196 1001 4249 τῶν
1041 4195 1168 4268 ᾷδου
1211 4195 1453 4265 ταμείων
1505 4197 1846 4260 ἀνακαλέσας

277 4289 425 4358 ἡμᾶς
457 4290 537 4352 είς
560 4287 858 4342 ἀπόλαυσιν
883 4288 1158 4358 βασιλείας
1189 4288 1455 4360 οὐρανῶν,
1483 4291 1562 4353 είς
1587 4289 1691 4360 γῆν
1714 4289 1847 4342 ἀθα-

278 4381 490 4441 νασίας.
1478 4410 1481 4413 .

351 4470 687 4540 Κροτοῦντες
738 4471 798 4524 ὲν
843 4469 1052 4542 ᾅσμασι
1107 4469 1271 4534 θείοις
1325 4471 1508 4524 πιστοὶ
1567 4470 1847 4536 ἀλαλάξω-

1928 664 2057 704 vero
2079 658 2328 706 creatura
2363 647 2656 702 celebravit
2685 661 2809 701 cum
2854 654 2999 700 metu
3028 644 3494 716 longanimitatem

1929 749 2097 797 tuam.
2129 741 2340 797 Etenim
2376 741 2537 795 laude
2567 751 2656 794 tua
2680 747 2823 795 terra
2854 738 3073 809 impleta
3103 745 3210 794 est.

2568 955 2702 1012 ODA
2745 954 2840 1013 IV.

1997 1089 2354 1146 Exstitistiex
2399 1090 2672 1160 sepulcro,
2702 1105 2736 1144 o
2777 1091 2959 1146 lumen
3012 1105 3291 1160 nunquam
3344 1089 3494 1145 occi-

1927 1183 2098 1247 dens;
2131 1183 2334 1237 mundo
2365 1181 2827 1236 immortalitatem
2863 1181 3157 1244 irradians,
3193 1184 3495 1251 mortisque

1927 1288 2240 1339 maerorem,
2279 1283 2540 1344 tanquam
2581 1274 2920 1340 misericors,
2968 1287 3037 1328 ex
3099 1283 3261 1330 terra:
3293 1274 3494 1327 linihus

1925 1364 2200 1435 expulisti.

1987 1458 2326 1513 Accedamus
2369 1457 2654 1529 expurgati
2705 1455 3065 1523 continentia,
3128 1466 3180 1512 et
3225 1454 3496 1511 ferventer

1927 1553 2320 1623 amplectamur
2351 1551 2784 1608 sacratissimum
2814 1551 3019 1622 lignum
3050 1566 3156 1605 non
3174 1549 3292 1605 sine
3319 1548 3498 1603 laudi-

1925 1643 2047 1710 bus,
2080 1644 2133 1697 in
2163 1657 2273 1713 quo
2321 1640 2576 1697 Christus
2611 1641 2910 1696 cruciﬁxus
2940 1639 3204 1695 mundum
3235 1638 3491 1703 servavit,

1925 1743 2183 1803 tanquam
2215 1732 2546 1787 misericors.

1993 1822 2161 1878 Hodie
2190 1825 2421 1879 choreas
2444 1838 2567 1877 cum
2601 1823 2790 1878 laetitia
2816 1823 3026 1877 ducunt
3052 1819 3370 1890 angelorum
3404 1833 3503 1874 οι·-

1859 1905 1899 1960 Β
1927 1919 2081 1973 dines
2109 1917 2179 1972 ob
2214 1916 2390 1971 crucis
2417 1926 2521 1971 tuae
2548 1916 2960 1980 adorationem;
2989 1913 3041 1967 in
3073 1912 3164 1967 illa
3204 1912 3349 1966 enim
3381 1910 3495 1963 dai-

1929 2023 2153 2063 monum
2186 2017 2431 2061 catervas
2474 2004 2794 2072 vulnerasti,
2839 2001 3080 2069 Christe,
3130 2000 3373 2055 butnano
3403 2014 3498 2068 ge-

1931 2114 2060 2155 nere
2094 2106 2327 2153 servato.
2574 2141 2582 2146 .

2001 2192 2150 2246 Alter
2183 2189 2466 2260 paradisus
2485 2188 2673 2246 eﬂ‘ecta
2700 2197 2785 2245 est
2803 2186 3068 2249 Ecclesia,
3093 2201 3217 2256 quae
3242 2193 3300 2240 ut
3321 2186 3502 2252 prius,

1930 2279 2200 2336 viviﬁcum
2231 2281 2435 2352 lignum
2473 2280 2734 2350 possidet,
2769 2280 3293 2341 nimirum,crucem
3319 2286 3492 2335 tuam.

1933 2372 2182 2427 Domine.
2199 2372 2281 2428 Ex
2300 2373 2457 2444 cujus
2477 2381 2736 2429 contactu
2762 2370 3188 2427 immortalitatis
3208 2368 3502 2440 participes

1931 2463 2219 2521 elﬁcimur.

2552 2555 2880 2611 Triadicum.

2003 2645 2138 2702 Tres
2193 2663 2454 2718 personas
2502 2647 2642 2703 initii
2686 2657 2962 2718 expertes,
3035 2647 3200 2701 unins
3250 2643 3505 2700 essentia

1935 2737 2198 2810 gloriﬂco,
2224 2738 2393 2794 Deum
2412 2738 2651 2804 Patrem,
2700 2738 2921 2806 Filium,
2990 2747 3044 2794 et
3072 2736 3331 2807 Spiritum
3371 2751 3494 2790 san-

1937 2838 2105 2895 ctum,
2122 2830 2303 2887 lumen
2329 2847 2495 2886 unum
2518 2831 2972 2902 fulgentissimum
2992 2829 3234 2900 ejusdem
3252 2831 3505 2899 petentia

1936 2929 1991 2978 et
2016 2925 2166 2993 regni
2198 2923 2481 2981 inconfusa
2511 2923 2716 2979 unitate
2742 2939 2839 2979 seu
2880 2924 3184 2979 identitate.

2541 3012 2903 3071 Theotact'um.

2003 3100 2232 3160 Uterum
2265 3105 2484 3177 gestasti
2513 3117 2722 3161 naturae
2761 3106 2898 3176 lege,
2948 3105 3043 3160 sed
3111 3119 3274 3173 supra
3309 3103 3502 3172 legem.

1943 3191 2094 3249 Tuus
2122 3197 2266 3251 enim
2292 3196 2636 3251 solummodo
2663 3204 2857 3265 partus
2894 3204 2979 3250 est
3031 3195 3242 3264 absque
3275 3195 3483 3248 semine

1942 3286 2279 3342 Tremendns
2314 3297 2369 3342 et
2403 3286 2640 3358 cogitatu
2677 3294 2731 3341 et
2767 3284 2918 3340 dictu
2940 3292 3025 3341 est
3067 3294 3259 3356 partus
3296 3293 3448 3351 tuus,
3475 3297 3509 3337 ο

1943 3377 2316 3434 immaculata.

2581 3467 2892 3523 Catabasia.

2013 3559 2262 3614 Diluculo
2282 3558 2622 3614 celebramus
2651 3569 2725 3624 te,
2753 3557 3004 3613 Salvator
3030 3556 3243 3622 mundi,
3266 3570 3400 3627 pace
3417 3570 3512 3625 per

1945 3668 2158 3709 crucem
2202 3662 2349 3708 tuam
2391 3651 2627 3713 inventa.
2657 3666 2764 3720 qua
2807 3665 2981 3721 genus
3013 3649 3316 3704 humanum
3349 3663 3508 3718 repa-

1943 3747 2099 3808 rasti.
2125 3759 2334 3817 nosque
2360 3743 2430 3798 ad
2479 3743 2665 3799 lumen
2708 3742 2893 3799 omnis
2928 3754 3160 3798 occasus
3185 3754 3382 3812 expers
3424 3739 3514 3796 atl-

1944 3840 2166 3897 duxisti.

2609 3973 2749 4031 ODA
2803 3972 2867 4030 ν.

2015 4111 2402 4176 Resurrexisti,
2445 4111 2681 4180 Christe,
2715 4111 2999 4166 vulnerata
3021 4114 3218 4175 morte,
3250 4116 3508 4179 tanquam

1945 4215 2138 4275 potens
2172 4221 2286 4271 rex,
2315 4204 2494 4270 nobis,
2524 4218 2592 4258 ex
2624 4203 2740 4259 orci
2787 4203 3092 4259 recessibus
3117 4201 3185 4255 ad
3209 4202 3514 4273 voluptates

1946 4300 2096 4370 regni
2123 4300 2407 4366 caelorum,
2436 4309 2743 4369 terramque
2764 4296 3191 4353 immortalitatis
3220 4297 3510 4352 revocatis.

2021 4474 2350 4531 Plaudentes
2410 4475 2467 4530 in
2517 4474 2746 4531 canticis
2794 4474 2981 4531 ﬁdeles
3029 4475 3324 4545 jubilemus
3381 4472 3511 4540 Deo,

283 4579 383 4629 μεν
410 4561 551 4631 Θεῷ,
585 4563 676 4616 τὸν
714 4563 946 4634 σταυρὸν
979 4561 1072 4616 τοῦ
1111 4563 1313 4631 Κυρίου
1345 4561 1840 4633 κατασπαζόμενοι.

1959 4583 2165 4623 crucem
2210 4567 2428 4622 Domini
2469 4567 2803 4624 osculantes.
2839 4567 3107 4624 Omnibus
3139 4569 3283 4625 enim
3325 4561 3519 4629 mundi,

291 4651 607 4723 ’Δγιότητος
641 4653 932 4719 ἀναϐλύζει
972 4655 1082 4725 γὰρ
1117 4653 1298 4725 πηγὴν
1342 4655 1474 4708 πᾶσι
1513 4656 1627 4718 τοῖς
1674 4657 1732 4708 ἐν
1768 4653 1848 4724 τῷ

284 4746 497 4816 κόσμῳ.

355 4836 666 4909 Πληροῦται
696 4840 729 4909 ή
763 4838 1188 4910 ᾁσματογράφος
1221 4840 1396 4910 φωνή.
1433 4838 1852 4910 Προσκυνοῦμεν

283 4925 391 4996 γάρ
428 4927 538 4979 ίδοὺ
587 4925 694 4980 τῶν
723 4928 1008 4998 ἀχράντων
1055 4929 1232 4983 ποδῶν
1280 4946 1373 4982 σου
1439 4929 1500 4981 τὸ
1541 4928 1849 4994 ὑποπόδιον,

287 5019 689 5088 παντοδύναμε,
715 5020 807 5074 τὸν
837 5022 1066 5093 σταυρόν
1096 5039 1190 5075 σου
1222 5022 1314 5077 τὸν
1339 5020 1556 5089 σεπτὸν,
1579 5021 1640 5075 τὸ
1659 5021 1851 5091 τριπό-

285 5108 445 5176 θητον
481 5112 655 5176 ξύλον.

359 5204 424 5255 Ὃ
477 5200 583 5255 εῐδε
633 5204 789 5269 ξύλον
835 5204 913 5274 τῷ
949 5204 1026 5276 σῷ
1057 5206 1205 5278 ἄρτῳ
1247 5205 1456 5276 βληθὲν,
1494 5204 1787 5275 προφητῶν
1824 5206 1853 5258 ό

288 5290 594 5362 Θρηνητὴς,
613 5294 702 5347 τὸν
724 5296 953 5366 σταυρόν
984 5313 1097 5359 σου,
1117 5297 1418 5366 οἰκτίρμον,
1436 5296 1854 5365 κατασπαζόμε·

291 5399 387 5436 vet.
413 5384 757 5453 ἀνυμνοῦμέν
790 5402 883 5438 σου
916 5385 984 5438 τὰ
1005 5387 1179 5457 δεσμά
1205 5387 1298 5440 καὶ
1318 5387 1414 5458 τὴν
1435 5387 1627 5456 ταφὴν,
1655 5386 1854 5457 λόγχην

289 5488 343 5524 τε
368 5478 456 5526 καὶ
491 5477 616 5537 τοὺς
649 5477 831 5547 ἥλους.

369 5568 488 5621 Ἑπ¹
510 5567 698 5638 ῶμων,
732 5570 897 5641 ὅνπερ
919 5569 1208 5634 κατεδέξω,
1239 5570 1460 5640 Χριστὲ,
1493 5571 1676 5642 φέρειν
1700 5570 1853 5638 ἅγιον

292 5658 540 5728 σταυρὸν,
589 5660 680 5711 καὶ
736 5661 794 5711 ὲν
837 5659 1010 5729 τούτῳ
1053 5659 1286 5730 ἀρθῆναι
1335 5659 1429 5712 καὶ
1476 5659 1853 5728 σταυρωθῆναι

293 5752 488 5818 σαρκὶ,
553 5751 1056 5823 προσπτυσσόμενοι
1126 5749 1463 5822 κομιζόμεθα
1525 5750 1677 5820 ἰσχὺν
1731 5750 1852 5805 κατ’

294 5838 384 5908 ὲχθ
392 5841 502 5909 ρῶν
533 5842 797 5910 ἀοράτων.

1951 4659 2144 4714 incolis
2173 4657 2375 4713 ﬂuenta
2404 4660 2708 4715 sanctitatis
2742 4661 2987 4717 scaturit.

2021 4833 2279 4906 lmpletur
2301 4835 2605 4891 Psalmistaa
2625 4837 2930 4892 oraculum.
2968 4835 3108 4891 Ecce
3137 4834 3283 4889 enim
3315 4832 3513 4887 adora.

1951 4943 2076 4984 mus
2131 4928 2598 4983 immaculatorum
2659 4925 2856 4999 pedum
2914 4937 3133 4983 tuorum
3191 4926 3513 4988 scabellnm,

1952 5035 2169 5076 erucem
2211 5030 2359 5074 tuam
2389 5021 2770 5087 venerandam,
2796 5020 3324 5077 desideratissimam
3372 5017 3504 5073 illud

1951 5110 2181 5181 lignum.

2023 5200 2274 5273 Lignum,
2307 5203 2451 5273 quod
2483 5204 2536 5258 in
2569 5219 2764 5274 panem
2789 5214 2944 5259 tuum
2985 5204 3237 5268 missum,
3267 5200 3404 5257 vidit
3427 5198 3518 5256 ἔον

1953 5300 2174 5365 remias,
2198 5316 2413 5355 crucem
2456 5302 2664 5358 scilicet
2702 5317 2873 5368 tuam,
2909 5319 2944 5359 ο
2986 5303 3319 5358 misericors.
3356 5314 3518 5353 oscu-

1951 5388 2145 5455 lantes,
2209 5392 2548 5447 celebramus
2609 5393 2823 5448 vincula
2873 5400 2987 5459 tua,
3043 5401 3100 5447 et
3154 5390 3512 5461 sepulturam,

1952 5481 2198 5535 lanceam
2225 5494 2279 5536 et
2302 5483 2507 5538 clavos.

2029 5570 2145 5625 Vim
2174 5581 2227 5627 et
2248 5576 2416 5628 robur
2452 5575 2714 5629 adversus
2759 5572 3173 5644 inaspectabiles
3212 5571 3397 5624 hostes
3426 5583 3513 5621 re-

1951 5676 2252 5736 portamus,
2284 5669 2500 5736 quando
2536 5670 2913 5739 amplectimur
2945 5681 3186 5728 crucem,
3219 5678 3379 5734 quam
3417 5660 3515 5714 hn-

1953 5758 2118 5811 meris
2156 5759 2260 5812 tuis
2301 5771 2533 5828 gestare,
2585 5771 2642 5817 et
2686 5761 2890 5825 subire,
2946 5769 3000 5815 et
3045 5759 3098 5812 in
3152 5771 3215 5811 ea
3273 5752 3514 5821 ιιι·υοίίὶςὶ

1955 5847 2204 5915 dignatus
2236 5863 2316 5903 es.
