3968 6432
525 350 657 413 1763

1132 457 1460 517 Triadr’cum.

597 546 863 602 Unitatem
885 548 1058 604 tribus
1079 553 1327 619 personis
1339 553 1649 607 distinctam
1673 562 1727 609 et
1751 553 2072 611 Trinitatem

523 638 574 688 in
606 652 708 689 una
733 646 922 690 natura
949 641 1227 692 adoratam
1250 641 1485 704 celebro,
1503 649 1613 696 tres
1636 645 1730 712 qui
1758 645 1920 698 simul
1950 655 2078 699 sunt

522 730 612 782 lux
639 729 797 793 trina,
823 728 1064 793 Patrem,
1096 741 1150 784 ct
1170 730 1388 798 Filium,
1430 741 1484 787 et
1509 731 1771 803 Spiritum
1804 745 2072 790 sanctum.

1125 905 1484 964 Theotocium.

581 994 959 1050 Miraculorum
983 998 1223 1051 omnium
1257 999 1552 1053 maximum
1584 1001 1904 1056 miraculum
1937 1002 1992 1058 in
2024 1012 2077 1058 te

519 1084 791 1152 apparuit.
844 1085 1041 1139 intacta
1078 1083 1264 1156 Virgo.
1304 1087 1519 1157 Agnum
1567 1088 1735 1152 enim,
1784 1091 1880 1159 qui
1935 1092 2076 1145 tollit

519 1187 736 1245 peccata
760 1175 965 1236 mundi,
997 1186 1053 1230 tu
1084 1179 1136 1230 in
1172 1189 1323 1232 utero
1355 1181 1574 1249 gestasti
1608 1201 1620 1234 :
1666 1198 1822 1249 quem
1865 1183 2073 1240 indesi-

520 1276 710 1321 nenter
731 1283 827 1336 pro
851 1267 1032 1332 nobis,
1065 1268 1155 1337 qui
1197 1269 1386 1324 laudes
1427 1280 1547 1325 tuas
1573 1273 1934 1337 concinimus,
1981 1276 2074 1330 de-

517 1374 762 1428 precare.

1128 1451 1440 1506 Catabasia.

586 1538 791 1611 Typum
814 1540 1212 1596 divinmCrucis
1238 1540 1776 1611 praallguravitlonas
1801 1543 1855 1596 in
1887 1554 2074 1600 ventre

517 1629 641 1690 ceti,
689 1631 940 1698 expansis
988 1632 1259 1692 manibus,
1294 1633 1622 1702 exsiluitque
1668 1632 1956 1690 incolumis
2005 1651 2071 1690 ex

516 1721 715 1789 bellua,
742 1725 942 1776 virtute
982 1732 1099 1786 tua,
1149 1721 1404 1778 Verbum.

1121 1897 1460 1952 Idiomelum.

585 1985 852 2042 Flammea
882 1991 1191 2058 rhomphma
1215 2004 1319 2043 non
1333 1990 1570 2044 custodit
1590 1990 1823 2060 amplius
1853 2000 2068 2061 portam

514 2079 779 2148 paradisi;
823 2079 1020 2131 etenim
1062 2079 1395 2147 inopinatum
1430 2083 1742 2149 supervenit
1769 2083 2070 2150 vinculum,

513 2166 694 2221 crucis
715 2167 962 2222 videlicet
989 2167 1222 2236 lignum.
1253 2168 1441 2225 Mortis
1475 2171 1752 2236 Stimulus,
1799 2182 1854 2228 et
1883 2175 2074 2230 mortis

514 2259 742 2312 victoria
787 2259 1009 2327 depulsa
1059 2269 1160 2314 est.
1228 2260 1464 2316 Astitisti
1533 2273 1738 2328 autem,
1785 2262 2060 2330 Servator,

513 2350 639 2414 illis,
687 2349 780 2417 qui
829 2350 970 2417 apud
1030 2350 1234 2406 inferos
1288 2359 1467 2418 erant,
1507 2353 1751 2409 clamans

514 2440 707 2493 iterum
743 2439 796 2492 iu
817 2441 1157 2508 paradisum.

1207 2531 1402 2589 (Ecus.

584 2621 720 2678 Tres
746 2640 933 2680 cruces
960 2624 1077 2679 ﬁxit
1106 2622 1317 2681 Pilatus
1348 2627 1402 2680 in
1427 2625 1718 2697 Golgotlia.
1745 2628 1885 2682 Duas
1903 2630 2073 2687 latro-

514 2713 698 2778 nibus,
733 2724 786 2768 et
809 2732 968 2770 unam
995 2718 1118 2771 vitae
1151 2718 1419 2785 largitori.
1458 2736 1618 2789 quam
1647 2733 1703 2774 ut
1729 2722 1859 2778 vidit
1880 2726 2072 2790 Orcus,

514 2803 650 2856 dixit
675 2803 864 2858 inferni
903 2805 1126 2860 incolis:
1151 2806 1378 2863 Sodales
1410 2811 1510 2863 mei
1543 2820 1596 2863 et
1631 2812 1927 2879 adjutores,
1950 2815 2073 2882 quis

512 2903 614 2952 est.
642 2894 733 2962 qui
758 2895 972 2949 clavum
1010 2898 1060 2949 in
1089 2907 1275 2963 pectus
1305 2914 1483 2952 meum
1517 2899 1726 2969 adigit?
1768 2900 2072 2972 Derepente

510 2982 816 3035 vulneravit
840 2999 926 3037 me
942 2984 1154 3046 lancea,
1173 2995 1226 3039 et
1247 2985 1578 3056 disrumpor.
1604 2987 1865 3045 Interiora
1891 2992 2068 3060 doleo,

509 3082 747 3128 ventrem
781 3090 957 3130 meum
997 3076 1174 3132 doleo.
1207 3075 1411 3133 Sensus
1443 3095 1597 3134 meus
1616 3092 1669 3135 et
1696 3083 1919 3147 spiritus
1955 3096 2069 3138 tur-

508 3167 724 3227 bantur,
763 3184 1032 3238 cogorque
1068 3171 1262 3238 ejicere
1290 3173 1467 3226 denuo
1499 3175 1761 3229 Adamum
1792 3186 1846 3230 et
1867 3178 2059 3232 Adami

508 3269 752 3327 posteros
784 3263 913 3314 milii
942 3279 1036 3331 per
1063 3264 1265 3333 lignum
1300 3266 1494 3331 datos;
1543 3283 1662 3322 nam
1694 3271 1897 3340 lignum
1935 3273 2071 3328 istos

508 3351 704 3406 iterum
743 3352 797 3406 in
821 3355 1134 3424 paradisum
1167 3357 1400 3413 inducit.

1166 3590 1301 3648 ODA
1331 3594 1421 3651 Vl.

581 3737 967 3807 Resurrexisti,
1010 3741 1255 3809 Domine,
1292 3761 1357 3801 ex
1424 3749 1673 3818 sepulcro
1736 3754 1893 3808 tertia
1957 3757 2066 3822 die,

508 3838 766 3894 tanquam
802 3830 1099 3900 dormiens,
1137 3838 1409 3904 percussis
1430 3840 1611 3895 divina
1642 3843 1839 3900 virtute
1869 3847 2068 3903 inferni

508 3921 845 3979 custodibus.
879 3923 1246 3996 Excitatisque
1271 3945 1459 3986 rursus
1487 3948 1518 3986 a
1557 3942 1607 3986 te
1639 3935 1829 4004 primis
1866 3954 2065 4006 paren-

509 4011 676 4075 tibus,
707 4013 798 4081 qui
833 4014 982 4069 solus
1009 4031 1068 4070 es
1100 4017 1418 4075 benedictus
1451 4030 1506 4076 et
1548 4023 1816 4092 gloriosus
1839 4025 2064 4082 Patrum

508 4099 672 4159 Deus.

579 4188 632 4245 in
671 4193 898 4248 canticis
923 4195 1285 4264 tripudiantes
1309 4203 1646 4262 exsultemus
1665 4207 1820 4264 hodie
1851 4211 2061 4280 populi,

507 4283 686 4336 crucis
711 4284 1029 4341 adoratione
1051 4289 1202 4344 illum
1227 4329 1241 4353 ,
1270 4294 1362 4362 qui
1419 4296 1472 4349 in
1499 4311 1560 4352 ea
1603 4298 1746 4355 fixus
1771 4309 1878 4366 est,
1906 4301 2065 4358 Chri-

508 4381 624 4425 tum
648 4373 1034 4441 gloriﬁcantes.
1065 4379 1158 4448 qui
1186 4381 1334 4435 solus
1348 4380 1491 4439 Deus
1513 4385 1731 4442 Patrum
1748 4397 2059 4445 nostrorum

508 4464 824 4520 benedictus
853 4477 934 4521 est
961 4477 1015 4521 et
1047 4471 1342 4538 gloriosus.

578 4554 680 4619 Qui
741 4556 960 4621 fecisti,
1012 4568 1070 4611 ut
1123 4575 1256 4616 crux
1302 4571 1391 4618 tua
1459 4568 1804 4626 mortalitatis
1857 4571 2062 4629 instru-

509 4656 746 4700 mentum
816 4647 969 4702 lierct
1041 4651 1184 4714 vitae,
1242 4656 1397 4724 quasi
1449 4657 1681 4724 oﬂicina,
1732 4662 1827 4716 toti
1862 4667 2065 4720 mundo

509 4738 923 4804 desiderabilis,
980 4749 1248 4812 quotquot
1327 4762 1448 4801 eam
1526 4750 1792 4819 adorant,
1862 4757 2064 4811 sancti-

510 4832 632 4896 lica,
672 4832 762 4901 qui
830 4833 980 4889 solus
1035 4850 1096 4890 es
1134 4835 1275 4893 Deus
1314 4837 1578 4907 Patrum,
1639 4843 1961 4904 benedictus
2006 4859 2063 4904 et

508 4922 799 4990 gloriosus.

576 5011 678 5077 Qui
702 5014 850 5069 solus
876 5031 935 5070 es
959 5016 1270 5074 misericors
1293 5029 1346 5074 et
1373 5021 1904 5096 clemens,i|lumina,
1932 5045 2060 5085 san-

512 5101 653 5155 tilica
683 5116 797 5166 cos,
827 5106 920 5173 qui
950 5120 1164 5161 crucem
1193 5118 1336 5163 tuam
1369 5111 1716 5182 divinamque
1747 5118 2055 5184 passionem

509 5201 816 5246 reverenter
841 5195 1102 5263 adorant,
1139 5200 1232 5267 qui
1263 5203 1412 5257 solus
1438 5218 1497 5258 es
1526 5202 1668 5260 Deus
1700 5207 1922 5263 Patrum
1971 5212 2059 5266 bc-

509 5283 755 5337 ncdictus
780 5293 836 5338 et
867 5287 1153 5356 gloriosus.

1127 5378 1449 5438 Triadicum.

583 5461 752 5518 Unam
803 5466 856 5520 iu
897 5467 1069 5523 tribus
1120 5469 1498 5540 hypostasibus
1533 5491 1762 5532 veneror
1804 5480 2056 5536 divinita-

511 5559 639 5606 tem.
665 5553 781 5608 Lux
809 5556 952 5609 enim
985 5558 1143 5613 Pater
1168 5570 1286 5626 est;
1322 5562 1409 5616 lux
1445 5562 1636 5629 Filius,
1661 5567 1750 5622 lux
1778 5569 2052 5641 Spiritus;

520 5655 641 5709 qute
665 5641 756 5696 lux
787 5645 1119 5702 indivisibilis
1144 5665 1465 5718 permanens
1497 5654 1549 5708 in
1586 5672 1692 5710 una
1723 5669 1918 5716 natura
1950 5665 2052 5718 tri-

510 5730 720 5802 busque
758 5748 1108 5804 personarum
1133 5742 1289 5808 quasi
1321 5744 1484 5799 radiis
1519 5748 1781 5815 splendet.

1692 354 1752 416 S.
1790 353 2177 417 TIIEODORI
2217 355 2558 421 STUDITIE

2103 473 2152 525 Α

3597 363 3732 428 1764

2787 471 3115 540 Τριαδικόν.

2245 559 2462 613 Μονάδα
2493 560 2638 630 τρισὶ
2681 562 3053 634 χαρακτῆρσιν
3091 561 3262 633 ύμνῶ,
3306 562 3402 616 καὶ
3429 562 3639 633 Τριάδα
3679 566 3736 616 ἐν

2179 652 2276 721 μιᾷ
2305 650 2462 720 φύσει
2492 653 2988 724 προσκυνουμένην,
3022 654 3154 707 Θεὸν
3201 654 3268 706 τὰ
3298 654 3426 724 τρία
3458 656 3594 725 ὁμοῦ
3625 655 3734 724 φῶς

2174 741 2468 810 τρισήλιον,
2526 740 2616 794 τὸν
2667 743 2908 813 Πατέρα,
2965 746 3057 799 καὶ
3113 743 3262 808 Υιὸν,
3311 745 3407 797 καὶ
3464 745 3524 797 τὸ
3585 747 3737 815 ἅγιον

2179 830 2423 900 Πνεῦμα.

2790 928 3123 982 Θεοτόκιον.

2251 1015 2551 1089 Θαυμάτων
2578 1019 2637 1071 τὸ
2671 1018 2923 1087 μέγιστον
2945 1016 3129 1085 θαῦμα
3157 1017 3214 1069 ἐν
3243 1014 3327 1068 σοὶ
3359 1014 3536 1086 ὤφθη,
3572 1016 3735 1069 ἄσπι-

2175 1110 2235 1163 λε
2296 1107 2510 1179 Ἀμνάς.
2553 1111 2654 1163 Τὸν
2687 1110 2797 1180 γὰρ
2837 1110 3061 1179 αἴροντα
3096 1107 3300 1174 κόσμου
3331 1108 3430 1173 τὴν
3462 1109 3736 1175 ἁμαρτίαν

2175 1200 2367 1270 ’Δμνὸν
2401 1199 2735 1270 ἀπεκύησας,
2764 1199 2823 1253 ὂν
2844 1197 3079 1252 δυσώπει
3115 1197 3347 1260 ἐκτενῶς
3376 1197 3517 1268 ὑπὲρ
3541 1196 3650 1250 τῶν
3677 1211 3737 1250 σε

2176 1292 2205 1344 ὐ
2214 1289 2506 1361 μνούντων.

2770 1464 3133 1518 Καταὸασία.

2246 1555 2350 1608 Τὸν
2381 1552 2548 1607 τύπον
2599 1554 2693 1607 τοῦ
2722 1554 2867 1607 θείου
2916 1553 3150 1625 σταυροῦ
3206 1555 3411 1618 Ἰωνᾶς,
3454 1557 3512 1608 ἐν
3558 1555 3737 1627 κοιλίᾳ

2171 1645 2266 1700 τοῦ
2328 1648 2545 1714 κήτους,
2593 1646 2912 1715 τεταμέναις
2961 1645 3257 1714 παλάμαις,
3313 1645 3736 1716 προδιεχάραξε,

2174 1736 2268 1790 καὶ
2287 1735 2508 1807 ἀνέθορε
2543 1736 2881 1803 σεσωσμένος
2919 1735 3010 1788 τοῦ
3047 1734 3211 1805 θηρὸς
3249 1738 3315 1806 τῇ
3349 1735 3580 1805 δυνάμει
3612 1754 3732 1802 σου,

2111 1817 2155 1874 Β
2179 1828 2341 1896 Λόγε.

2613 1917 2948 1973 Κοντάκιον
2972 1917 3292 1987 ίδιόμελον.

2241 2008 2436 2063 Οὐκέτι
2463 2008 2686 2079 φλογίνη
2730 2010 2972 2079 ῥομφαία
3002 2009 3260 2077 φυλάττει
3299 2008 3399 2078 τήν
3429 2011 3608 2083 πύλην
3634 2014 3738 2083 τῆς

2183 2100 2364 2170 Ἐδέμ,
2401 2101 2537 2172 αὐτῇ
2565 2102 2674 2172 γὰρ
2702 2100 2901 2170 ἐπῆλθε
2944 2100 3242 2171 παράδοξος
3269 2101 3437 2166 δέσις,
3479 2105 3538 2157 τὸ
3577 2103 3739 2170 ξύλον

2170 2192 2264 2246 τοῦ
2296 2192 2550 2262 σταυροῦ.
2576 2191 2814 2247 Θανάτου
2847 2191 2909 2244 τὸ
2934 2191 3179 2262 κέντρον,
3207 2192 3301 2246 καὶ
3327 2193 3457 2263 ᾅδου
3497 2194 3559 2247 τὸ
3585 2197 3739 2257 νῖκος

2170 2285 2445 2354 ἐλήλαται.
2481 2283 2742 2353 Ἐπέστης
2760 2285 2838 2350 δέ,
2863 2285 3051 2355 Σωτήρ
3081 2301 3203 2355 μου,
3226 2283 3364 2353 βοῶν
3388 2287 3501 2349 τοῖς
3526 2287 3587 2340 ἐν
3607 2285 3734 2358 ᾄδῃ,

1802 2373 1817 2411 ε
1873 2355 2076 2412 “male
2171 2373 2466 2443 Είσάγεσθε
2488 2373 2648 2428 πάλιν
2675 2375 2754 2437 είς
2768 2373 2860 2428 τὸν
2880 2375 3222 2444 παράδεισον.

2835 2551 2898 2605 '0
2926 2547 3090 2619 οἶκος

2241 2641 2401 2714 Τρεῖς
2455 2641 2721 2712 σταυροὺς
2748 2641 3008 2709 ἐπήξατο,
3039 2643 3097 2693 ὲν
3133 2641 3369 2712 Γολγοθᾷ
3406 2643 3436 2694 6
3476 2642 3734 2708 Πιλᾶτος,

2171 2733 2264 2787 δύο
2293 2737 2405 2796 τοῖς
2437 2733 2789 2806 λῃστεύσασι,
2814 2732 2909 2784 καὶ
2937 2732 3033 2784 ἕνα
3053 2731 3146 2783 τοῦ
3174 2727 3457 2796 ζωοδότου,
3499 2733 3559 2785 ὃν
3592 2729 3740 2787 εἶδεν

2172 2826 2200 2876 6
2225 2823 2376 2894 ᾅδης,
2402 2826 2495 2876 καὶ
2529 2819 2649 2877 εἷπε
2690 2827 2800 2888 τοῖς
2832 2823 3017 2877 κάτω*
3052 2819 3123 2874 Ὦ
3149 2821 3455 2893 λειτουργοί
3487 2842 3612 2893 μου,
3644 2826 3741 2877 καὶ

2172 2913 2423 2984 δυνάμεις
2456 2931 2578 2982 μου,
2617 2914 2699 2978 τίς
2740 2914 2769 2966 6
2812 2912 3061 2985 ἐμπήξας
3100 2909 3229 2984 ἦλον
3253 2916 3317 2983 τῇ
3353 2914 3550 2985 καρδίᾳ
3587 2931 3733 2984 μους

2175 3004 2355 3075 ξυλίνη
2386 3021 2452 3071 με
2483 3004 2648 3075 λόγχη
2677 3005 2962 3074 ἐκέντησεν
2987 3003 3158 3071 ἄφνω,
3184 3004 3277 3056 καὶ
3306 3002 3735 3074 διαρῤήσσομαι.

2174 3091 2255 3145 Τὰ
2311 3091 2458 3145 ἔνδον
2516 3109 2616 3162 μου
2671 3093 2835 3156 πονῶ,
2883 3092 2982 3164 τὴν
3020 3093 3226 3146 κὀιλίαν
3273 3109 3375 3162 μου
3424 3092 3597 3158 ἀλγῶ.
3650 3091 3738 3143 Τὰ

2168 3183 2492 3255 αίσθητὴριά
2550 3201 2650 3254 μου
2699 3185 2997 3253 μαιμάσσει
3050 3184 3112 3236 τὸ
3166 3182 3381 3250 πνεῦμά
3435 3198 3564 3251 μου,
3638 3184 3739 3236 καὶ

2169 3277 2546 3345 ἀναγκάζομαι
2578 3273 2962 3346 ἐξερεύξασθαι
3011 3273 3101 3326 τὸν
3143 3272 3332 3341 Ἀδὰμ,
3380 3275 3475 3324 καὶ
3507 3273 3634 3335 τοὺς
3674 3274 3738 3339 ἐξ

2183 3366 2350 3436 Ἀδὰμ
2379 3367 2519 3438 ξύλῳ
2548 3366 2798 3429 δοθέντας
2831 3381 2942 3435 μοι.
2974 3363 3142 3417 Ξύλον
3173 3362 3282 3430 γὰρ
3305 3361 3526 3425 τούτους
3571 3363 3738 3417 πάλιν

2170 3456 2376 3524 εἰσάγει
2407 3457 2487 3521 εἰς
2510 3457 2601 3510 τὸν
2624 3456 2966 3523 παράδεισον.

2807 3609 2939 3679 om
2977 3606 3069 3674 εῖν.

2247 3761 2500 3831 Ἀνέστης
2543 3761 2607 3814 ἐκ
2643 3759 2738 3814 τοῦ
2782 3761 2953 3830 τάφου
2997 3759 3315 3832 τριήμερος,
3350 3762 3426 3825 ὡς
3458 3763 3489 3815 6
3523 3761 3732 3826 ὑπνῶν,

2166 3855 2359 3925 Κύριε,
2394 3855 2520 3926 ᾅδου
2565 3853 2846 3926 πυλωροὺς
2889 3855 3136 3922 πατάξας
3183 3855 3304 3926 θείᾳ
3335 3855 3588 3924 δυνάμει,
3638 3856 3737 3908 καὶ

2164 3946 2288 4008 τοὺς
2314 3947 2478 3999 πάλαι
2507 3944 2727 4017 ἐγείρας
2758 3946 3132 4016 προπάτορας,
3168 3947 3196 3999 6
3228 3947 3388 4018 μόνος
3416 3946 3732 4015 εὐλογητὸς,

2163 4039 2275 4092 τῶν
2302 4040 2558 4108 πατέρων
2582 4037 2734 4102 Θεὸς,
2767 4037 2863 4090 καὶ
2896 4037 3269 4106 ύπερένδοξος.

2232 4218 2311 4289 Τῇ
2332 4215 2470 4288 λύρᾳ
2493 4215 2602 4269 τῶν
2631 4216 2890 4288 ᾀσμάτων
2909 4213 3244 4286 χορεύοντες,
3270 4212 3734 4285 άγαλλιασὼμεθα

2166 4311 2400 4379 σήμερον
2423 4306 2562 4372 λαοὶ,
2592 4311 2657 4378 τῇ
2701 4307 2795 4360 τοῦ
2833 4306 3067 4377 σταυροῦ
3113 4306 3504 4376 προσκυνήσει,
3535 4306 3632 4360 τὸν
3673 4310 3736 4361 ἐν

2163 4399 2334 4470 τούτῳ
2366 4400 2606 4468 παγέντα
2640 4399 2875 4469 Χριστὸν
2903 4399 3236 4465 δοξάζοντες,
3266 4397 3357 4453 τὸν
3387 4397 3548 4468 μόνον
3570 4399 3731 4452 εὐλο-

2084 4489 2138 4550 D
2162 4490 2325 4561 γητὸν
2351 4490 2458 4543 τῶν
2489 4490 2741 4563 πατέρων
2765 4490 2915 4556 Θεὸν,
2951 4492 3047 4543 καὶ
3076 4489 3448 4559 ὑπερένδοξον.

2244 4579 2304 4634 '0
2329 4580 2508 4645 δείξας
2541 4580 2602 4632 τὸ
2647 4581 2972 4651 θνητότητος
2997 4579 3250 4651 ὄργανον,
3285 4578 3432 4649 ζωῆς
3453 4579 3735 4652 ἐργαστή-

2164 4687 2278 4740 ριον
2306 4671 2494 4739 κόσμῳ
2535 4669 2832 4734 ἀσπαστὸν,
2883 4670 2976 4723 τὸν
3018 4669 3108 4722 σὸν
3133 4669 3382 4740 σταυρὸν,
3405 4668 3732 4742 πανοικτίρο

2166 4776 2287 4828 μον,
2319 4760 2445 4822 τοὺς
2479 4760 2639 4813 αὐτὸν
2673 4759 3108 4831 προσκυνοῦντας
3130 4760 3376 4828 ἁγίασον,
3403 4762 3432 4814 6
3458 4760 3620 4829 μόνος
3638 4762 3731 4814 εὐ·-

2163 4850 2387 4920 λογητὸς
2412 4850 2520 4904 τῶν
2563 4851 2812 4923 πατέρων
2836 4851 2970 4915 Θεὸς
2994 4852 3098 4905 καλ.
3111 4850 3482 4922 ύπερένδοξος.

2243 5030 2299 5083 Ὀ
2325 5029 2480 5100 μόνος
2509 5033 2754 5104 ἐλεήμων
2783 5033 2876 5086 καὶ
2901 5032 3273 5104 εῦσπλαγχνος
3291 5032 3547 5103 φώτισον,
3566 5033 3731 5100 ἁγία-

2161 5138 2275 5188 σον,
2316 5122 2445 5192 μόνε
2486 5122 2684 5192 Ἰησοῦ,
2713 5125 2837 5187 τοὺς
2855 5125 3300 5194 προσκυνοῦντάς
3350 5139 3444 5177 σου
3518 5127 3730 5188 πιστῶς

2159 5213 2247 5265 τὸν
2279 5214 2527 5282 σταυρὸν,
2561 5216 2656 5266 καὶ
2686 5215 2753 5267 τὰ
2778 5215 2897 5267 θεῖα
2935 5215 3260 5286 παθήματα,
3309 5217 3337 5267 ό
3368 5216 3527 5285 μόνος
3576 5217 3728 5268 εὐλο-

2159 5304 2320 5374 γητὸς
2348 5304 2455 5357 τῶν
2484 5305 2738 5377 πατέρων
2762 5305 2894 5368 Θεὸς
2928 5307 3021 5359 καὶ⁵
3059 5306 3434 5379 ύπερένδοξος.

2767 5397 3092 5465 Τριαδικόν.

2227 5486 2443 5539 Μονάδα
2469 5487 2526 5538 ἐν
2556 5487 2731 5558 τρισὶν
2762 5489 3121 5542 ύποστάσεσιν
3154 5488 3307 5558 ύμνῶ
3335 5489 3432 5557 τὴν
3453 5487 3718 5558 Θεότητα.

2156 5574 2273 5636 Φῶς
2302 5576 2409 5644 γὰρ
2439 5578 2466 5630 ό
2493 5578 2700 5650 Πατὴρ,
2733 5578 2845 5647 φῶς
2871 5581 2900 5632 6
2935 5580 3083 5645 Υἱὸς,
3115 5579 3229 5647 φῶς
3244 5579 3305 5631 τὸ
3338 5579 3588 5648 Πνεῦμα,
3620 5581 3718 5633 τοῦ

2157 5666 2329 5733 φωτὸς
2384 5667 2618 5738 ἀμεροῦς
2665 5669 3023 5740 διαμένοντος,
3091 5671 3300 5741 ἐνότητι
3361 5673 3563 5742 φυσικῇ
3626 5673 3721 5725 καὶ

2156 5759 2332 5811 ἀκτῖσι
2365 5759 2508 5829 τρισὶ
2537 5760 2838 5831 προσώπων
2873 5761 3192 5833 λάμποντος.
