3968 6450
212 362 352 425 1765

837 488 1175 545 Θεοτόκιον.

278 573 355 627 Τὸ
389 575 608 627 πάντων
652 577 948 646 προφητῶν
995 581 1348 655 πολυώνυμον
1404 591 1471 644 σὺ
1528 594 1792 665 ὑπάρχεις

1225 377 1470 442 CANON
1517 385 1596 446 ΙΝ
1635 381 2179 444 ΑΒΟΒΑΤΙΟΝΕΜ
2199 384 2258 444 S.
2289 384 2579 446 CRUCIS.

1819 504 1866 561 Δ

3321 383 3456 448 1766

2489 498 2850 556 ΤΙιροιοεὶιιηι.

1963 590 2214 655 Omnium
2272 589 2655 660 prophetarum
2717 599 2772 643 tu
2832 591 3343 646 decantatissimum
3398 610 3459 649 es

207 667 496 735 κήρυγμα.
555 664 706 735 Πύλη
741 667 853 736 γὰρ
887 668 1048 732 Θεοῦ,
1084 674 1320 744 στάμνος
1357 683 1547 754 χρυσῆ,
1571 685 1639 755 γῆ
1662 687 1774 754 ἁγία

1899 681 2242 750 praeconium.
2276 679 2433 734 Porta
2464 681 2606 734 enim
2639 679 2732 734 Dei
2766 697 2858 745 es,
2900 698 3036 735 urna
3071 697 3275 748 aurea;
3313 695 3457 739 terra

210 756 547 846 divaaslxeqc,
580 755 821 825 Παρθένε
880 757 1188 831 θεόνυμφε,
1244 770 1491 838 κυήσασα
1541 774 1600 825 ἐν
1627 777 1791 846 σαρκὶ

220 845 430 914 Ἰησοῦν
461 847 553 898 τὸν
614 846 873 918 Χριστὸν,
939 852 1033 906 τὸν
1073 854 1183 910 τῶν
1213 860 1469 931 πατέρων
1503 863 1656 930 θεὸν,
1695 845 1790 921 καὶ

207 941 590 1012 ύπερένδοξον.

833 1042 1196 1097 Καταϐασία.

278 1126 609 1195 Φλογώσεως
683 1132 712 1185 6
741 1133 936 1197 παῖδας
971 1135 1296 1206 ῥυσάμενος,
1333 1141 1512 1212 σάρκα
1554 1145 1790 1214 προσλα-

208 1214 462 1284 ϐόμενος,
492 1216 656 1290 ἦλθεν
684 1223 778 1276 ἐπὶ
804 1225 930 1294 γῆς,
955 1225 1051 1279 καὶ
1111 1229 1327 1303 σταυρῷ
1383 1236 1784 1306 προσηλωθεὶς,

209 1311 487 1378 σωτηρίαν
526 1313 656 1381 ἡμῖν
689 1314 1019 1385 ἐδωρήσατο,
1055 1321 1084 1372 ό
1116 1321 1277 1391 μόνος
1336 1325 1628 1399 εὐλογητὸς
1680 1330 1787 1384 τῶν

206 1413 352 1451 πατε
363 1416 471 1469 ρων
493 1401 646 1469 Θεὸς,
677 1405 772 1458 καὶ
795 1405 1170 1476 ύπερένδοξος.

868 1519 1000 1589 om
1048 1519 1124 1576 2'.

278 1621 446 1694 Μύρα
461 1627 518 1678 ὲν
533 1627 689 1698 χερσὶ
713 1628 767 1681 τί
782 1631 1038 1701 κατέχετε
1056 1633 1190 1698 ὅλως
1211 1651 1226 1700 ;
1256 1635 1377 1690 τίνα
1391 1637 1449 1690 δὲ
1465 1636 1742 1710 ἐκζητεῖτε
1768 1657 1784 1708 ;

203 1715 321 1767 Νῦν
350 1716 380 1768 6
427 1719 616 1784 φανεὶς
650 1718 907 1785 νεανίαις,
946 1723 1004 1775 ὲν
1031 1723 1109 1793 τῷ
1132 1725 1286 1795 τάφῳ
1324 1726 1482 1796 βοῶν,
1527 1730 1784 1802 ἐξανέστη

1890 780 2100 832 sancta,
2153 785 2186 824 o
2234 768 2397 836 Virgo
2451 768 2540 822 Dei
2587 767 2832 838 Sponsa.
2884 785 3006 838 qua:
3050 771 3347 838 concepisti
3400 771 3452 824 in

1889 877 2054 915 carne
2087 859 2270 916 Jesum
2299 857 2582 915 Christum
2609 901 2625 926 ,
2661 859 2755 930 qui
2802 871 2884 916 est
2916 861 3189 930 gloriosus
3232 859 3456 916 Patrum

1887 951 2054 1008 Deus.

2514 1041 2826 1100 Catabasia.

1959 1135 2063 1203 Qui
2105 1147 2216 1192 tres
2251 1151 2451 1206 pueros
2494 1135 2562 1191 de
2603 1136 2821 1192 camino
2856 1134 3000 1206 ignis
3037 1134 3332 1198 liberavit,
3366 1135 3456 1190 ille

1887 1236 2164 1296 assumpta
2194 1243 2360 1282 carne
2388 1227 2628 1292 advenit,
2664 1237 2717 1282 et
2743 1227 2895 1281 cruci
2929 1226 3102 1281 clavis
3143 1226 3335 1280 aliixus
3364 1242 3454 1282 sa-

1886 1317 2052 1372 lutem
2087 1319 2243 1373 nobis
2291 1318 2504 1380 reddit,
2550 1317 2642 1388 qui
2692 1317 2848 1374 solus
2902 1325 2987 1372 est
3037 1316 3357 1374 benedictus
3397 1327 3454 1373 et

1885 1410 2155 1481 gloriosus
2185 1409 2410 1465 Patrum
2441 1410 2608 1464 Deus.

2522 1521 2660 1580 ODA
2699 1520 2812 1579 VII.

1954 1636 2068 1693 Cur
2099 1644 2373 1706 unguenta
2411 1635 2564 1692 fertis
2616 1635 2672 1689 in
2705 1635 2918 1689 manu?
2954 1633 3126 1702 Quem
3166 1635 3454 1706 quaeritis?

1886 1728 1989 1794 Qui
2023 1727 2200 1782 tribus
2239 1725 2430 1796 pueris
2458 1724 2748 1794 apparuit,
2790 1723 3058 1778 clamabat
3092 1724 3146 1778 in
3200 1725 3456 1794 sepulcro

203 1808 232 1900 ό
269 1806 504 1900 Χριστὸς
532 1811 625 1900 καὶ
657 1811 790 1873 Θεὸς
819 1812 996 1883 ἡμῶν,
1023 1817 1334 1888 ἀναστήσας
1378 1819 1539 1888 φύσιν
1576 1821 1774 1894 βροτῶν

1899 1821 2136 1890 angelus,
2170 1823 2216 1874 is
2245 1818 2549 1874 resurrexit
2576 1816 2830 1872 Christus
2859 1814 3004 1872 Deus
3032 1825 3242 1879 noster,
3265 1816 3457 1871 simul-

205 1898 335 1968 ᾇδου
367 1899 722 1970 κευθμώνων.

274 1990 522 2061 Χαίροις,
560 1992 621 2044 τὸ
651 1993 957 2064 τρισόλϐιον
990 1997 1166 2064 ξύλον,
1198 2001 1293 2054 καὶ
1342 2001 1508 2064 θεῖον,
1553 2005 1774 2076 σταυρὲ,

203 2080 322 2142 φῶς
361 2082 474 2142 τοῖς
509 2084 566 2133 ὲν
584 2083 788 2150 σκότει,
817 2087 1250 2160 ότετραπεράτῳ
1280 2092 1470 2164 κόσμῳ
1490 2097 1556 2165 τῇ
1583 2095 1781 2167 ἐλλάμ-

199 2170 292 2239 ψει
325 2173 389 2241 τῇ
431 2175 496 2243 σῇ
524 2172 790 2242 ὲγέρσεως
811 2177 1046 2247 Χριστοῦ
1087 2182 1407 2252 προδεικνὺς
1433 2186 1534 2249 τὰς
1569 2189 1765 2258 αὐγάς.

215 2259 474 2324 Ἀξίωσον
505 2265 712 2329 πάντας
738 2263 963 2332 πιστοὺς
989 2268 1193 2338 φθάσαι
1222 2271 1285 2326 τὸ
1325 2274 1537 2346 Πάσχα.

273 2435 460 2509 Ταύτῃ
505 2439 571 2509 τῇ
603 2439 784 2511 ἡμέρᾳ
817 2442 1029 2514 μυρίζει
1056 2445 1124 2499 τά
1173 2447 1320 2517 μύρα
1347 2447 1447 2520 τῆς
1475 2450 1626 2516 θείας
1672 2470 1778 2525 μυ-

205 2529 465 2599 ροθήκης,
501 2531 560 2584 τὸ
596 2529 970 2616 ζωομύριστον
999 2536 1157 2603 ξύλον
1203 2541 1230 2593 6
1261 2544 1497 2614 σταυρὸς
1525 2545 1620 2599 τοῦ
1641 2547 1777 2618 Χρι-

201 2618 353 2672 στοῦ.
397 2620 820 2692 Ὀσφρανθῶμεν
847 2625 945 2696 τῆς
987 2628 1151 2680 αὐτοῦ
1179 2630 1538 2687 θεοπνεύστου
1582 2637 1775 2708 ὀδμῆς,

199 2711 366 2762 αὐτὸν
421 2714 851 2782 προσκυνοῦντες
899 2719 1108 2782 πιστῶς
1138 2723 1218 2782 εἰς
1245 2724 1374 2788 τοὺς
1411 2727 1631 2791 αἰῶνας.

273 2803 467 2874 Δεῦρο,
514 2805 786 2860 Ἐλισσαῖε
845 2810 1120 2881 προφῆτα.
1161 2814 1282 2866 εἰπὲ
1324 2817 1602 2884 ἐμφανῶς,
1635 2820 1689 2873 τί
1715 2823 1776 2876 τὸ

200 2891 357 2958 ξύλον
388 2895 584 2957 ἐκεῖνο,
603 2896 630 2948 6
659 2899 739 2960 είς
757 2897 818 2950 τὸ
847 2898 991 2971 ὓδωρ
1025 2901 1265 2971 καθῆκες
1289 2923 1303 2972 ;
1352 2906 1408 2958 ’0
1440 2910 1775 2979 παυρὸςτοῦ

199 2987 460 3053 Χριστοῦ,
490 2989 557 3042 δι’
591 2983 653 3044 οὗ
685 2989 881 3060 βάθους
929 2992 1032 3062 τῆς
1086 2994 1291 3066 φθορᾶς
1322 2998 1774 3072 άνειλκύσθημεν,

199 3079 365 3132 αὐτὸν
390 3083 827 3150 προσκυνοῦντες
855 3085 1062 3150 πιστῶς
1084 3088 1164 3151 είς
1197 3088 1324 3151 τοὺς
1357 3090 1580 3155 αἰῶνας.

1882 1924 1991 1981 que
2016 1909 2327 1965 mortalium
2359 1917 2610 1962 naturam
2637 1922 2702 1962 ex
2734 1906 2931 1962 inferni
2961 1908 3136 1962 antris
3161 1907 3382 1977 eripuit.

1955 1997 2148 2064 Salve,
2194 2014 2228 2054 ο
2261 2008 2344 2054 ter
2374 1998 2595 2053 beatum
2623 1996 2854 2068 lignum,
2891 2007 2946 2052 et
2971 1997 3250 2064 divinum,
3279 2013 3411 2052 crux
3434 2036 3451 2056 .

1880 2090 2064 2146 lumen
2113 2091 2237 2156 his,
2287 2090 2378 2161 qui
2412 2090 2467 2144 in
2495 2089 2737 2145 tenebris
2811 2089 3036 2159 degunt,
3077 2104 3198 2160 quae
3249 2089 3453 2143 mundo

1878 2195 2108 2256 quatuor
2138 2184 2335 2238 ﬁnibus
2379 2182 2655 2238 constanti
2705 2182 3077 2237 illustrations
3136 2191 3227 2236 tua
3268 2181 3453 2234 radios

1877 2276 2296 2332 resurrectionis
2337 2275 2542 2330 Christi
2593 2274 3056 2345 praemonstrasti.
3094 2272 3349 2344 Dignare,
3393 2282 3454 2326 ut

1879 2383 2070 2424 omnes
2096 2367 2280 2423 ﬁdeles
2311 2367 2377 2422 ad
2413 2366 2624 2422 Pascha
2658 2366 2992 2438 pertingant.

1952 2459 2064 2515 Hac
2097 2458 2186 2513 die
2226 2460 2446 2514 odorem
2483 2459 2668 2512 halant
2698 2466 2982 2528 unguenta
3012 2472 3080 2511 ex
3112 2454 3312 2511 divinis
3339 2469 3453 2526 my-

1878 2553 2160 2619 rotheciis,
2195 2567 2327 2607 crux
2358 2551 2619 2605 nimirum
2657 2551 2812 2606 vitali
2857 2557 3138 2619 unguento
3188 2548 3447 2603 delibuta.

1879 2644 2185 2702 Odoremur
2217 2644 2520 2708 caelestem,
2559 2656 2722 2713 quam
2761 2641 2931 2706 halat,
2964 2655 3192 2706 auram;
3220 2653 3452 2710 eamque

1877 2753 2000 2794 cum
2034 2737 2136 2790 lide
2174 2736 2464 2790 adoremus
2503 2735 2560 2787 in
2595 2733 2812 2788 saecula.

1948 2829 2174 2892 Adesto,
2208 2826 2423 2892 Elisace,
2453 2825 2543 2880 dic
2575 2826 2753 2895 palam
2783 2865 2800 2892 ,
2826 2823 3083 2894 quidnam
3129 2822 3335 2892 lignum
3381 2822 3450 2877 il-

1876 2922 1990 2988 lud,
2021 2921 2169 2992 quod
2216 2923 2267 2975 in
2305 2936 2504 2991 aquam
2547 2920 2859 2975 demisisti?
2894 2920 3037 2974 Crux
3071 2919 3307 2984 Christi,
3341 2933 3448 2987 qua

1876 3025 1940 3065 ex
1976 3009 2247 3080 profundo
2283 3009 2539 3065 interitus
2569 3010 2803 3064 extracti
2837 3024 3035 3064 sumus
3061 3025 3075 3062 :
3105 3023 3227 3063 eam
3257 3011 3453 3062 adora-

1877 3114 2001 3152 mus
2032 3098 2260 3152 lideliter
2291 3098 2344 3152 in
2377 3098 2595 3153 saecula.

271 3170 679 3236 ΠάλαιΊακὼὸ,
714 3175 1011 3245 προτυπῶν
1027 3176 1120 3232 τὸν
1141 3182 1374 3250 σταυρόν
1401 3199 1514 3246 σου,
1543 3184 1768 3255 Χριστὲ,

1943 3189 2112 3244 Jacob
2145 3191 2275 3244 olim
2312 3190 2672 3261 pra-ﬁgurans
2708 3205 2927 3244 crucem
2974 3198 3120 3242 tuam
3149 3228 3164 3252 ,
3204 3187 3448 3254 Christe,

210 3264 411 3334 Ἰωσὴφ
446 3266 769 3335 προσεκύνει
802 3268 901 3338 τῆς
936 3269 1085 3332 θείας
1147 3272 1344 3342 ῥάϐδου
1399 3275 1491 3327 τὸν
1558 3278 1725 3347 ἄκρον
1756 3319 1772 3342 ,

201 3353 482 3425 σκῆπτρον
510 3358 712 3427 ταύτην
772 3359 1019 3430 φρικτὸν,
1092 3361 1370 3432 βασιλείας
1416 3383 1476 3418 τε
1526 3368 1625 3436 τῆς
1676 3369 1775 3440 σῆς

198 3445 605 3518 προορώμενος,
635 3447 698 3501 ὃν
721 3447 815 3502 νῦν
844 3453 1278 3522 προσκυνοῦντες
1307 3455 1514 3520 πιστῶς
1543 3458 1622 3522 εἰς
1647 3460 1775 3523 τοὺς

198 3539 425 3602 αἰῶνας.

799 3630 1138 3700 Τριαόικόν.

268 3725 414 3778 Μῖαν
448 3728 507 3779 ἐν
539 3729 685 3798 τρισὶ
723 3734 1099 3804 χαρακτῆρσιν
1122 3734 1313 3788 οὐσίαν
1341 3735 1553 3799 δοξάζω
1599 3737 1773 3806 ἀσυγ-

200 3818 397 3886 χύτως,
432 3823 871 3892 μονοπροσὼπως
895 3827 962 3879 τά
993 3826 1142 3896 τρία.
1178 3828 1310 3880 Οὐδὲ
1353 3829 1535 3898 τέμνω
1587 3832 1770 3900 μορφῇ

199 3911 287 3961 τὸν
316 3911 535 3980 Πατέρα
565 3918 655 3967 καὶ
684 3914 812 3968 Υίὸν
850 3918 948 3970 σὺν
976 3917 1052 3988 τῷ
1085 3920 1383 3989 Πνεύματι.
1417 3914 1511 3982 Εἷς
1538 3921 1647 3991 γὰρ
1680 3921 1774 3974 ἐπὶ

201 4003 418 4055 πάντων
449 4003 580 4066 Θεὸς
619 4007 700 4068 εἰς
726 4008 852 4068 τοὺς
878 4007 1098 4071 αἰῶνας.

811 4099 1148 4153 Θεοτόκιον.

266 4184 418 4254 Μόνη
453 4185 510 4236 ἐν
562 4188 828 4256 μητράσιν
871 4190 1134 4261 ὲδείχθης,
1173 4192 1445 4261 Παρθένος
1505 4193 1771 4263 θεόνυμφε

199 4280 408 4347 Μαρία,
441 4278 568 4332 ἄνευ
611 4281 800 4351 ἀνδρὸς
841 4288 1092 4337 τετοκυῖα
1129 4285 1218 4338 τὸν
1247 4287 1474 4355 Σωτῆρα
1538 4289 1772 4358 Χριστὸν

197 4371 299 4438 τῆς
331 4371 554 4439 ἁγνείας
582 4373 678 4441 τὴν
710 4378 983 4444 σφραγίδα
1012 4379 1315 4448 φυλάξασα.
1353 4381 1420 4433 Σὲ
1466 4381 1769 4452 μακαριοῦ-

201 4477 301 4529 μεν
358 4462 540 4513 πιστοὶ
565 4463 645 4525 είς
673 4464 796 4525 τοὺς
836 4465 1058 4528 αἰῶνας.

794 4556 1157 4612 Καταϐασία.

265 4643 470 4713 Χεῖρας
503 4643 562 4695 ὲν
591 4641 669 4713 τῷ
702 4644 889 4717 λάκκῳ
920 4633 1135 4717 βληθεὶς
1157 4649 1264 4701 τῶν
1286 4649 1518 4702 λεόντων
1565 4651 1714 4716 ποτὲ,
1742 4654 1770 4704 6

199 4735 374 4800 μέγας
409 4735 467 4786 ὲν
495 4736 802 4804 προφήταις
845 4739 1206 4809 σταυροειδῶς
1236 4742 1545 4804 ἐκπετάσας
1571 4743 1770 4812 Δανιὴλ

196 4821 461 4894 ἀϐλαϐὴς,
497 4827 559 4877 ὲκ
584 4827 680 4895 τῆς
704 4827 1337 4901 τούτωνςκαταὸρώσεως
1363 4834 1650 4901 σέσωσται,
1679 4836 1770 4889 εὑ-

191 4916 370 4981 λογῶν
404 4916 660 4983 Χριστὸν,
693 4918 784 4972 τὸν
818 4919 949 4972 Θεὸν
987 4922 1064 4984 είς
1087 4923 1212 4987 τοὺς
1236 4924 1453 4988 αἰῶνας.

858 5053 989 5123 om
1037 5053 1116 5108 Η.

280 5161 367 5213 Ἐν
398 5162 555 5232 τάφῳ
586 5161 877 5232 κατῆλθες,
898 5166 926 5218 ό
951 5165 1218 5238 ζωοδότης
1237 5167 1505 5237 καὶξΘεὸς,
1529 5170 1622 5224 καὶ
1649 5188 1773 5224 συν-

200 5251 426 5320 έτριψας
479 5253 677 5316 πάντα,
715 5254 939 5324 κλεῖθρά
971 5272 1028 5308 τε
1073 5259 1164 5308 καὶ
1207 5258 1330 5319 τοὺς
1382 5258 1632 5328 μοχλοὺς,
1678 5263 1772 5314 καὶ

198 5346 323 5404 τοὺς
356 5346 582 5412 νεκροὺς
610 5345 995 5416 ὲξανέστησας,
1023 5347 1146 5412 δόξα
1171 5351 1236 5419 τῇ
1257 5351 1322 5419 σῇ
1345 5349 1579 5419 ὲγέρσει,
1605 5349 1769 5420 βοῶν-

200 5451 317 5496 τας,
348 5435 550 5504 Χριστὲ
581 5435 770 5505 Σωτὴρ
805 5437 1179 5508 παντοδύναμε
1729 5440 1735 5448 ’

279 5524 338 5579 '0
363 5529 529 5595 τάφος
598 5526 743 5597 ζωήν
773 5545 884 5597 μοι,
922 5530 1144 5599 Χριστὲ,
1181 5530 1470 5584 ἀνέὅλυσεν
1505 5533 1532 5586 6
1563 5533 1671 5597 σός.
1713 5533 1772 5587 Ὀ

203 5617 419 5685 κρατῶν
457 5619 557 5687 τῆς
588 5620 731 5689 ζωῆς
763 5620 892 5688 γὰρ,
923 5621 1148 5684 ἐπιστάς
1188 5622 1419 5692 ὲόόησας
1446 5625 1558 5686 τοῖς
1583 5641 1770 5678 κατοι-

206 5707 388 5761 κοῦσιν
421 5710 477 5761 ὲν
505 5709 803 5779 μνήμασιν⁹
827 5712 888 5764 Oi
910 5713 968 5763 ἐν
993 5712 1238 5784 δεσμοῖς,
1272 5714 1489 5784 λύθητε.
1508 5713 1646 5784 Ἐγὼ
1661 5715 1770 5788 γὰρ

207 5796 300 5849 τοῦ
329 5798 534 5869 κόσμου
577 5799 773 5870 λύτρον
799 5799 1052 5870 ὶλήλυθσ.

1797 4529 1846 4589 D

1875 3283 2136 3338 adorabat
2183 3281 2461 3353 fastigium
2508 3283 2708 3338 divine
2757 3283 2921 3352 virgae
2949 3282 3157 3351 Joseph
3186 3320 3201 3344 ,
3257 3281 3451 3350 praevi-

1875 3375 2011 3429 dens
2059 3392 2177 3429 eam
2220 3391 2342 3430 esse
2388 3375 2539 3446 regni
2599 3376 2674 3429 tui
2730 3385 3003 3445 sceptrum
3054 3373 3400 3428 tremendum
3431 3412 3448 3438 ,

1875 3479 2038 3532 quam
2077 3479 2224 3518 nunc
2250 3463 2482 3518 ﬁdeliter
2516 3464 2571 3516 in
2600 3462 2799 3517 saecula
2833 3462 3152 3516 adoramus.

2488 3639 2815 3693 Triadicum.

1946 3732 2118 3789 Unam
2150 3733 2203 3787 in
2249 3732 2424 3787 tribus
2459 3731 2710 3801 personis
2749 3729 3112 3785 substantiam
3165 3727 3452 3785 inconfuse

1876 3822 2137 3893 glorilico.
2162 3821 2345 3891 Neque
2370 3833 2481 3876 tres
2513 3828 2706 3874 natura
2735 3820 2918 3875 divido
2949 3820 3190 3886 Patrem,
3221 3819 3444 3886 Filium,

1875 3925 1929 3971 et
1963 3913 2222 3985 Spiritum
2252 3924 2524 3969 sanctum.
2573 3911 2722 3967 Unus
2767 3914 2912 3967 enim
2941 3911 3085 3967 Deus
3122 3921 3204 3969 est
3241 3913 3296 3966 in
3327 3929 3447 3968 om-

1875 4007 2058 4061 nibus.

2482 4094 2842 4150 Theotocium.

1944 4189 2067 4242 Sola
2099 4189 2237 4241 inter
2266 4196 2468 4241 matres
2501 4183 2669 4255 Virgo
2699 4199 2760 4238 es
2781 4223 2797 4248 ,
2854 4183 2947 4238 Dei
2989 4197 3190 4253 sponsa
3236 4181 3407 4237 Maria
3429 4225 3445 4249 ,

1874 4296 1992 4349 quite
2021 4281 2138 4334 sine
2164 4279 2280 4332 viro
2313 4276 2572 4348 peperisti
2614 4273 2951 4330 Salvatorem
2986 4272 3268 4329 Christum
3294 4312 3309 4338 ,
3346 4289 3448 4344 pu-

1873 4372 2071 4426 dicitia:
2108 4379 2212 4424 tuae
2242 4369 2526 4439 signaculo
2556 4367 2857 4424 custodito.
2893 4362 2972 4420 Te
3015 4381 3115 4422 nos
3167 4365 3356 4421 ﬁdeles
3391 4367 3445 4419 in

1872 4463 2071 4518 sarcula
2107 4463 2323 4517 beatam
2353 4461 2799 4532 praedicabimus.

2498 4548 2815 4604 Catabasia.

1942 4644 2166 4714 Magnus
2197 4643 2459 4714 propheta
2497 4641 2682 4696 Daniel
2709 4643 2915 4697 missus
2952 4640 3228 4710 quondam
3275 4640 3331 4693 in
3357 4639 3443 4692 la-

1869 4754 1989 4793 cmn
2039 4739 2253 4791 leonum
2275 4778 2291 4803 ,
2324 4736 2579 4790 manibus
2608 4737 2791 4791 crucis
2825 4734 2880 4789 in
2918 4735 3154 4804 speciem
3188 4734 3445 4801 expansis

1870 4831 2156 4885 incolumis
2201 4845 2265 4883 ex
2315 4829 2565 4883 laucibus
2615 4829 2918 4882 bestiarum
2965 4825 3172 4888 evasit,
3219 4823 3442 4877 benedi-

1870 4941 1998 4980 cens
2026 4924 2306 4979 Christum
2335 4923 2504 4978 Deum
2547 4923 2600 4976 in
2633 4921 2852 4977 saacula.

2493 5054 2633 5110 ODA
2671 5053 2809 5109 VIII.

1943 5169 2026 5224 Tu
2063 5168 2157 5238 qui
2190 5168 2311 5221 vita:
2337 5167 2564 5238 largitor
2595 5182 2656 5222 es
2696 5176 2753 5221 et
2791 5164 2968 5230 Deus,
3023 5165 3075 5218 in
3129 5165 3436 5235 sepulcrum

1871 5263 2239 5325 descendisti,
2292 5271 2345 5315 et
2393 5261 2575 5314 omnia
2611 5260 2846 5315 claustra
2890 5268 3180 5327 vectcsqne
3222 5257 3439 5311 confre-

1872 5355 2019 5425 gisti,
2045 5363 2097 5408 et
2123 5353 2321 5408 mortui
2352 5360 2798 5415 resurrexerunt,
2846 5351 3020 5421 gloria
3050 5350 3437 5405 resurrectioni

1873 5455 1997 5507 tum,
2029 5445 2242 5500 Christe
2279 5443 2526 5498 Salvator
2558 5445 2925 5513 omnipotens.

1946 5536 2264 5606 Sepulcrum
2296 5547 2472 5595 tttum.
2525 5535 2765 5600 Christe,
2797 5535 2964 5588 vitam
2999 5533 3130 5588 mihi
3158 5531 3434 5603 produxit.

1873 5628 2136 5683 Dominus
2160 5629 2302 5683 enim
2329 5629 2471 5694 vitae,
2492 5629 2858 5682 habitantibus
2879 5629 2930 5680 in
2960 5627 3222 5696 sepulcris
3244 5639 3435 5695 magna

1875 5734 2006 5776 voce
2041 5719 2371 5774 acclamasti.
2412 5719 2692 5772 Solvimini
2720 5760 2735 5781 ,
2769 5718 2859 5786 qui
2900 5717 2952 5770 in
2997 5716 3232 5770 vinculis
3276 5713 3436 5769 estis.

1878 5810 1990 5878 Ego
2020 5811 2183 5875 enim,
2217 5812 2308 5879 qni
2347 5810 2529 5863 mundi
2566 5824 2684 5863 sum
2718 5808 2933 5869 solutio,
2966 5808 3077 5877 jam
3111 5805 3323 5860 adveni.
