  <div class='ocr_page' id='page_1' title='image "/cluster/home/n/w/nwhite01/storage/ocr_20150623/99/ien.35556001661347/893.png"; bbox 0 0 3968 6444; ppageno 0'>
   <div class='ocr_carea' id='block_1_1' title="bbox 557 348 3779 429">
    <p class='ocr_par' dir='ltr' id='par_1_1' title="bbox 557 348 3779 429">
     <span class='ocr_line' id='line_1_1' title="bbox 557 348 3779 429; baseline -0.008 0"><span class='ocrx_word' id='word_1_1' title='bbox 557 364 697 429; x_wconf 81' lang='grc' dir='ltr'><strong>1⁵76Ὶ</strong></span> <span class='ocrx_word' id='word_1_2' title='bbox 1742 365 1800 424; x_wconf 87' lang='lat' dir='ltr'><strong>S.</strong></span> <span class='ocrx_word' id='word_1_3' title='bbox 1838 359 2224 422; x_wconf 78' lang='lat' dir='ltr'><strong>THEODORI</strong></span> <span class='ocrx_word' id='word_1_4' title='bbox 2249 357 2592 418; x_wconf 67' lang='lat' dir='ltr'><strong>STUDITIE</strong></span> <span class='ocrx_word' id='word_1_5' title='bbox 3657 348 3779 407; x_wconf 72' lang='lat'><strong>1768</strong></span> 
     </span>
    </p>
   </div>
   <div class='ocr_carea' id='block_1_2' title="bbox 626 455 2193 541">
    <p class='ocr_par' dir='ltr' id='par_1_2' title="bbox 626 464 2192 541">
     <span class='ocr_line' id='line_1_2' title="bbox 626 464 2192 541; baseline -0.004 -16"><span class='ocrx_word' id='word_1_6' title='bbox 626 472 683 526; x_wconf 94' lang='lat' dir='ltr'><strong>ln</strong></span> <span class='ocrx_word' id='word_1_7' title='bbox 730 469 942 541; x_wconf 85' lang='lat' dir='ltr'><strong>hymnis</strong></span> <span class='ocrx_word' id='word_1_8' title='bbox 960 467 1228 523; x_wconf 76' lang='lat' dir='ltr'><strong>exsultent</strong></span> <span class='ocrx_word' id='word_1_9' title='bbox 1274 466 1457 521; x_wconf 83' lang='lat' dir='ltr'><strong>omnia</strong></span> <span class='ocrx_word' id='word_1_10' title='bbox 1495 464 1639 537; x_wconf 81' lang='lat' dir='ltr'><strong>ligna</strong></span> <span class='ocrx_word' id='word_1_11' title='bbox 1676 467 1825 520; x_wconf 65' lang='lat' dir='ltr'><strong>silva;</strong></span> <span class='ocrx_word' id='word_1_12' title='bbox 1851 465 2114 520; x_wconf 84' lang='lat' dir='ltr'><strong>inluenlia</strong></span> <span class='ocrx_word' id='word_1_13' title='bbox 2146 470 2192 527; x_wconf 79' lang='grc' dir='ltr'><strong>Α</strong></span> 
     </span>
    </p>
   </div>
   <div class='ocr_carea' id='block_1_3' title="bbox 2208 455 3775 541">
    <p class='ocr_par' dir='ltr' id='par_1_3' title="bbox 2302 455 3775 532">
     <span class='ocr_line' id='line_1_3' title="bbox 2302 455 3775 532; baseline -0.003 -18"><span class='ocrx_word' id='word_1_14' title='bbox 2302 461 2389 514; x_wconf 87' lang='grc' dir='ltr'>Ἐν</span> <span class='ocrx_word' id='word_1_15' title='bbox 2421 459 2612 531; x_wconf 81' lang='grc' dir='ltr'><strong>ὕμνοις</strong></span> <span class='ocrx_word' id='word_1_16' title='bbox 2642 459 2916 532; x_wconf 78' lang='grc' dir='ltr'><strong>σκιρτᾶτω</strong></span> <span class='ocrx_word' id='word_1_17' title='bbox 2943 460 3123 514; x_wconf 83' lang='grc' dir='ltr'>πάντα</span> <span class='ocrx_word' id='word_1_18' title='bbox 3152 458 3223 511; x_wconf 85' lang='grc' dir='ltr'><strong>τὰ</strong></span> <span class='ocrx_word' id='word_1_19' title='bbox 3254 457 3386 523; x_wconf 84' lang='grc' dir='ltr'>ξύλα</span> <span class='ocrx_word' id='word_1_20' title='bbox 3410 455 3506 512; x_wconf 81' lang='grc' dir='ltr'>τοῦ</span> <span class='ocrx_word' id='word_1_21' title='bbox 3555 456 3775 529; x_wconf 76' lang='grc' dir='ltr'>δρυμοῦ,</span> 
     </span>
    </p>
   </div>
   <div class='ocr_carea' id='block_1_4' title="bbox 559 545 2126 629">
    <p class='ocr_par' dir='ltr' id='par_1_4' title="bbox 559 557 2117 628">
     <span class='ocr_line' id='line_1_4' title="bbox 559 557 2117 628; baseline -0.005 -10"><span class='ocrx_word' id='word_1_22' title='bbox 559 562 827 618; x_wconf 86' lang='lat' dir='ltr'><strong>hodierno</strong></span> <span class='ocrx_word' id='word_1_23' title='bbox 875 559 963 613; x_wconf 89' lang='lat' dir='ltr'><strong>die</strong></span> <span class='ocrx_word' id='word_1_24' title='bbox 995 559 1241 628; x_wconf 83' lang='lat' dir='ltr'><strong>ejusdem</strong></span> <span class='ocrx_word' id='word_1_25' title='bbox 1277 557 1514 612; x_wconf 87' lang='lat' dir='ltr'><strong>nominis</strong></span> <span class='ocrx_word' id='word_1_26' title='bbox 1545 557 1750 626; x_wconf 77' lang='lat' dir='ltr'><strong>lignum</strong></span> <span class='ocrx_word' id='word_1_27' title='bbox 1803 557 1997 612; x_wconf 90' lang='lat' dir='ltr'><strong>Crucis</strong></span> <span class='ocrx_word' id='word_1_28' title='bbox 2026 571 2117 610; x_wconf 90' lang='lat' dir='ltr'><strong>os-</strong></span> 
     </span>
    </p>
   </div>
   <div class='ocr_carea' id='block_1_5' title="bbox 2209 545 3776 629">
    <p class='ocr_par' dir='ltr' id='par_1_5' title="bbox 2215 545 3776 621">
     <span class='ocr_line' id='line_1_5' title="bbox 2215 545 3776 621; baseline -0.003 -17"><span class='ocrx_word' id='word_1_29' title='bbox 2215 551 2278 604; x_wconf 80' lang='grc' dir='ltr'><strong>τὸ</strong></span> <span class='ocrx_word' id='word_1_30' title='bbox 2309 548 2598 621; x_wconf 82' lang='grc' dir='ltr'>ὁμώνυμον</span> <span class='ocrx_word' id='word_1_31' title='bbox 2625 548 2781 616; x_wconf 73' lang='grc' dir='ltr'>ξύλον</span> <span class='ocrx_word' id='word_1_32' title='bbox 2808 547 2904 602; x_wconf 81' lang='grc' dir='ltr'><strong>τοῦ</strong></span> <span class='ocrx_word' id='word_1_33' title='bbox 2939 545 3176 618; x_wconf 77' lang='grc' dir='ltr'>σταυροῦ</span> <span class='ocrx_word' id='word_1_34' title='bbox 3217 547 3467 616; x_wconf 77' lang='grc' dir='ltr'>θεώμενα</span> <span class='ocrx_word' id='word_1_35' title='bbox 3497 564 3776 601; x_wconf 82' lang='grc' dir='ltr'>κατασπα-</span> 
     </span>
    </p>
   </div>
   <div class='ocr_carea' id='block_1_6' title="bbox 557 634 2124 720">
    <p class='ocr_par' dir='ltr' id='par_1_6' title="bbox 557 639 2118 720">
     <span class='ocr_line' id='line_1_6' title="bbox 557 639 2118 720; baseline -0.005 -11"><span class='ocrx_word' id='word_1_36' title='bbox 557 653 697 709; x_wconf 88' lang='lat' dir='ltr'><strong>culis</strong></span> <span class='ocrx_word' id='word_1_37' title='bbox 726 660 779 706; x_wconf 86' lang='lat' dir='ltr'><strong>et</strong></span> <span class='ocrx_word' id='word_1_38' title='bbox 803 650 1142 720; x_wconf 79' lang='lat' dir='ltr'><strong>amplexibus</strong></span> <span class='ocrx_word' id='word_1_39' title='bbox 1170 649 1448 711; x_wconf 79' lang='lat' dir='ltr'><strong>honorari,</strong></span> <span class='ocrx_word' id='word_1_40' title='bbox 1482 639 1640 716; x_wconf 69' lang='lat' dir='ltr'><strong>cujn&#39;s</strong></span> <span class='ocrx_word' id='word_1_41' title='bbox 1673 648 1927 704; x_wconf 78' lang='lat' dir='ltr'><strong>Christus</strong></span> <span class='ocrx_word' id='word_1_42' title='bbox 1956 657 2118 718; x_wconf 91' lang='lat' dir='ltr'><strong>caput</strong></span> 
     </span>
    </p>
   </div>
   <div class='ocr_carea' id='block_1_7' title="bbox 2208 634 3775 720">
    <p class='ocr_par' dir='ltr' id='par_1_7' title="bbox 2218 634 3775 712">
     <span class='ocr_line' id='line_1_7' title="bbox 2218 634 3775 712; baseline -0.003 -17"><span class='ocrx_word' id='word_1_43' title='bbox 2218 640 2442 712; x_wconf 76' lang='grc' dir='ltr'>ζόμενον</span> <span class='ocrx_word' id='word_1_44' title='bbox 2477 643 2732 712; x_wconf 84' lang='grc' dir='ltr'><strong>σήμερον.</strong></span> <span class='ocrx_word' id='word_1_45' title='bbox 2764 634 2838 696; x_wconf 72' lang='grc' dir='ltr'>Οὗ</span> <span class='ocrx_word' id='word_1_46' title='bbox 2872 642 2900 693; x_wconf 80' lang='grc' dir='ltr'>ὁ</span> <span class='ocrx_word' id='word_1_47' title='bbox 2921 641 3152 706; x_wconf 78' lang='grc' dir='ltr'><strong>Χριστὸς</strong></span> <span class='ocrx_word' id='word_1_48' title='bbox 3207 639 3389 710; x_wconf 79' lang='grc' dir='ltr'>ῦψωσε</span> <span class='ocrx_word' id='word_1_49' title='bbox 3448 639 3550 710; x_wconf 80' lang='grc' dir='ltr'><strong>τὴν</strong></span> <span class='ocrx_word' id='word_1_50' title='bbox 3584 639 3775 708; x_wconf 73' lang='grc' dir='ltr'><strong>χάραν,</strong></span> 
     </span>
    </p>
   </div>
   <div class='ocr_carea' id='block_1_8' title="bbox 559 727 2126 814">
    <p class='ocr_par' dir='ltr' id='par_1_8' title="bbox 559 740 1766 814">
     <span class='ocr_line' id='line_1_8' title="bbox 559 740 1766 814; baseline -0.003 -14"><span class='ocrx_word' id='word_1_51' title='bbox 559 747 838 814; x_wconf 63' lang='lat' dir='ltr'><strong>exultavit,</strong></span> <span class='ocrx_word' id='word_1_52' title='bbox 881 753 938 796; x_wconf 89' lang='lat' dir='ltr'><strong>ut</strong></span> <span class='ocrx_word' id='word_1_53' title='bbox 972 743 1295 797; x_wconf 84' lang='lat' dir='ltr'><strong>vaticinatur</strong></span> <span class='ocrx_word' id='word_1_54' title='bbox 1331 741 1549 796; x_wconf 88' lang='lat' dir='ltr'><strong>divinus</strong></span> <span class='ocrx_word' id='word_1_55' title='bbox 1578 740 1766 796; x_wconf 85' lang='lat' dir='ltr'><strong>David.</strong></span> 
     </span>
    </p>
   </div>
   <div class='ocr_carea' id='block_1_9' title="bbox 1517 727 3084 814">
    <p class='ocr_par' dir='ltr' id='par_1_9' title="bbox 1523 727 3084 801">
     <span class='ocr_line' id='line_1_9' title="bbox 1523 727 3084 801; baseline -0.008 -5"><span class='ocrx_word' id='word_1_56' title='bbox 1523 758 1549 796; x_wconf 90' lang='lat' dir='ltr'><strong>s</strong></span> <span class='ocrx_word' id='word_1_57' title='bbox 1578 740 1766 796; x_wconf 84' lang='lat' dir='ltr'><strong>David.</strong></span> <span class='ocrx_word' id='word_1_58' title='bbox 2215 730 2291 794; x_wconf 82' lang='grc' dir='ltr'><strong>ὡς</strong></span> <span class='ocrx_word' id='word_1_59' title='bbox 2319 729 2648 801; x_wconf 75' lang='grc' dir='ltr'><strong>προφητεύει</strong></span> <span class='ocrx_word' id='word_1_60' title='bbox 2670 732 2698 783; x_wconf 81' lang='grc' dir='ltr'><strong>ό</strong></span> <span class='ocrx_word' id='word_1_61' title='bbox 2737 728 2878 792; x_wconf 79' lang='grc' dir='ltr'>θεῖος</span> <span class='ocrx_word' id='word_1_62' title='bbox 2899 727 3084 783; x_wconf 77' lang='grc' dir='ltr'><strong>Δαϐἱδ.</strong></span> 
     </span>
    </p>
   </div>
   <div class='ocr_carea' id='block_1_10' title="bbox 633 815 2200 905">
    <p class='ocr_par' dir='ltr' id='par_1_10' title="bbox 633 832 2113 905">
     <span class='ocr_line' id='line_1_10' title="bbox 633 832 2113 905; baseline -0.003 -14"><span class='ocrx_word' id='word_1_63' title='bbox 633 836 735 903; x_wconf 85' lang='lat' dir='ltr'><strong>Qui</strong></span> <span class='ocrx_word' id='word_1_64' title='bbox 780 837 832 889; x_wconf 89' lang='lat' dir='ltr'><strong>in</strong></span> <span class='ocrx_word' id='word_1_65' title='bbox 865 836 1010 905; x_wconf 89' lang='lat' dir='ltr'><strong>ligno</strong></span> <span class='ocrx_word' id='word_1_66' title='bbox 1058 844 1306 888; x_wconf 89' lang='lat' dir='ltr'><strong>mortuus</strong></span> <span class='ocrx_word' id='word_1_67' title='bbox 1349 833 1557 887; x_wconf 82' lang='lat' dir='ltr'><strong>fueram</strong></span> <span class='ocrx_word' id='word_1_68' title='bbox 1587 872 1602 895; x_wconf 93' lang='lat'><strong>,</strong></span> <span class='ocrx_word' id='word_1_69' title='bbox 1633 833 1837 903; x_wconf 79' lang='lat' dir='ltr'><strong>lignum</strong></span> <span class='ocrx_word' id='word_1_70' title='bbox 1870 832 1994 886; x_wconf 68' lang='lat' dir='ltr'><strong>vita:</strong></span> <span class='ocrx_word' id='word_1_71' title='bbox 2027 840 2113 898; x_wconf 88' lang='lat' dir='ltr'><strong>te,</strong></span> 
     </span>
    </p>
   </div>
   <div class='ocr_carea' id='block_1_11' title="bbox 2214 815 3781 905">
    <p class='ocr_par' dir='ltr' id='par_1_11' title="bbox 2297 815 3781 890">
     <span class='ocr_line' id='line_1_11' title="bbox 2297 815 3781 890; baseline -0.003 -17"><span class='ocrx_word' id='word_1_72' title='bbox 2297 819 2388 873; x_wconf 83' lang='grc' dir='ltr'><strong>Ἑν</strong></span> <span class='ocrx_word' id='word_1_73' title='bbox 2425 819 2566 890; x_wconf 81' lang='grc' dir='ltr'>ξύλῳ</span> <span class='ocrx_word' id='word_1_74' title='bbox 2587 819 2848 889; x_wconf 82' lang='grc' dir='ltr'>τεθνήξας</span> <span class='ocrx_word' id='word_1_75' title='bbox 2877 820 3034 885; x_wconf 84' lang='grc' dir='ltr'>ξύλον</span> <span class='ocrx_word' id='word_1_76' title='bbox 3065 835 3124 871; x_wconf 88' lang='grc' dir='ltr'>σε</span> <span class='ocrx_word' id='word_1_77' title='bbox 3171 815 3383 888; x_wconf 76' lang='grc' dir='ltr'>εὕρηκα</span> <span class='ocrx_word' id='word_1_78' title='bbox 3433 817 3609 888; x_wconf 81' lang='grc' dir='ltr'><strong>ζωῆς,</strong></span> <span class='ocrx_word' id='word_1_79' title='bbox 3655 819 3781 886; x_wconf 82' lang='grc' dir='ltr'>Χρι-</span> 
     </span>
    </p>
   </div>
   <div class='ocr_carea' id='block_1_12' title="bbox 557 908 2124 1008">
    <p class='ocr_par' dir='ltr' id='par_1_12' title="bbox 557 922 2118 993">
     <span class='ocr_line' id='line_1_12' title="bbox 557 922 2118 993; baseline -0.004 -12"><span class='ocrx_word' id='word_1_80' title='bbox 557 942 688 981; x_wconf 82' lang='lat' dir='ltr'><strong>crux</strong></span> <span class='ocrx_word' id='word_1_81' title='bbox 719 927 994 981; x_wconf 79' lang='lat' dir='ltr'><strong>Christum</strong></span> <span class='ocrx_word' id='word_1_82' title='bbox 1029 924 1230 988; x_wconf 82' lang='lat' dir='ltr'><strong>ferens,</strong></span> <span class='ocrx_word' id='word_1_83' title='bbox 1269 924 1466 993; x_wconf 88' lang='lat' dir='ltr'><strong>reperi.</strong></span> <span class='ocrx_word' id='word_1_84' title='bbox 1517 922 1777 977; x_wconf 83' lang='lat' dir='ltr'><strong>Custodia</strong></span> <span class='ocrx_word' id='word_1_85' title='bbox 1816 937 1933 977; x_wconf 90' lang='lat' dir='ltr'><strong>mea</strong></span> <span class='ocrx_word' id='word_1_86' title='bbox 1964 923 2118 976; x_wconf 89' lang='lat' dir='ltr'><strong>insu-</strong></span> 
     </span>
    </p>
   </div>
   <div class='ocr_carea' id='block_1_13' title="bbox 2214 908 3781 1008">
    <p class='ocr_par' dir='ltr' id='par_1_13' title="bbox 2218 908 3781 982">
     <span class='ocr_line' id='line_1_13' title="bbox 2218 908 3781 982; baseline -0.002 -19"><span class='ocrx_word' id='word_1_87' title='bbox 2218 911 2442 982; x_wconf 79' lang='grc' dir='ltr'>στοφόρε</span> <span class='ocrx_word' id='word_1_88' title='bbox 2471 910 2670 981; x_wconf 74' lang='grc' dir='ltr'>σταυρέ</span> <span class='ocrx_word' id='word_1_89' title='bbox 2699 927 2818 980; x_wconf 90' lang='grc' dir='ltr'>μου.</span> <span class='ocrx_word' id='word_1_90' title='bbox 2853 910 3138 980; x_wconf 76' lang='grc' dir='ltr'><strong>Φυλακτήρ</strong></span> <span class='ocrx_word' id='word_1_91' title='bbox 3181 925 3281 977; x_wconf 89' lang='grc' dir='ltr'><strong>μου</strong></span> <span class='ocrx_word' id='word_1_92' title='bbox 3317 908 3582 978; x_wconf 54' lang='lat' dir='ltr'><strong>apsqu“,</strong></span> <span class='ocrx_word' id='word_1_93' title='bbox 3650 913 3781 961; x_wconf 79' lang='grc' dir='ltr'><strong>κατὰ</strong></span> 
     </span>
    </p>
   </div>
   <div class='ocr_carea' id='block_1_14' title="bbox 557 998 2124 1086">
    <p class='ocr_par' dir='ltr' id='par_1_14' title="bbox 557 1014 2116 1086">
     <span class='ocr_line' id='line_1_14' title="bbox 557 1014 2116 1086; baseline -0.001 -16"><span class='ocrx_word' id='word_1_94' title='bbox 557 1018 844 1086; x_wconf 87' lang='lat' dir='ltr'><strong>perahilis,</strong></span> <span class='ocrx_word' id='word_1_95' title='bbox 874 1016 1050 1069; x_wconf 88' lang='lat' dir='ltr'><strong>valida</strong></span> <span class='ocrx_word' id='word_1_96' title='bbox 1083 1016 1346 1068; x_wconf 87' lang='lat' dir='ltr'><strong>adversus</strong></span> <span class='ocrx_word' id='word_1_97' title='bbox 1373 1014 1646 1068; x_wconf 70' lang='lat' dir='ltr'><strong>daemones</strong></span> <span class='ocrx_word' id='word_1_98' title='bbox 1690 1014 1896 1076; x_wconf 86' lang='lat' dir='ltr'><strong>virtus,</strong></span> <span class='ocrx_word' id='word_1_99' title='bbox 1932 1022 1983 1068; x_wconf 88' lang='lat' dir='ltr'><strong>te</strong></span> <span class='ocrx_word' id='word_1_100' title='bbox 2015 1015 2116 1068; x_wconf 83' lang='lat' dir='ltr'><strong>lto-</strong></span> 
     </span>
    </p>
   </div>
   <div class='ocr_carea' id='block_1_15' title="bbox 2214 998 3781 1086">
    <p class='ocr_par' dir='ltr' id='par_1_15' title="bbox 2214 998 3781 1070">
     <span class='ocr_line' id='line_1_15' title="bbox 2214 998 3781 1070; baseline -0.003 -18"><span class='ocrx_word' id='word_1_101' title='bbox 2214 1000 2477 1069; x_wconf 78' lang='grc' dir='ltr'>δαιμόνων</span> <span class='ocrx_word' id='word_1_102' title='bbox 2500 1000 2650 1070; x_wconf 73' lang='grc' dir='ltr'><strong>ἰσχὺς</strong></span> <span class='ocrx_word' id='word_1_103' title='bbox 2667 1002 2923 1070; x_wconf 74' lang='grc' dir='ltr'><strong>κραταιὰ,</strong></span> <span class='ocrx_word' id='word_1_104' title='bbox 2944 998 3002 1051; x_wconf 85' lang='grc' dir='ltr'>σὲ</span> <span class='ocrx_word' id='word_1_105' title='bbox 3023 998 3340 1068; x_wconf 79' lang='grc' dir='ltr'>προσκυνῶν</span> <span class='ocrx_word' id='word_1_106' title='bbox 3359 998 3602 1066; x_wconf 80' lang='grc' dir='ltr'><strong>σήμερον</strong></span> <span class='ocrx_word' id='word_1_107' title='bbox 3619 1015 3781 1067; x_wconf 85' lang='grc' dir='ltr'>κραυ-</span> 
     </span>
    </p>
   </div>
   <div class='ocr_carea' id='block_1_16' title="bbox 557 1088 2124 1173">
    <p class='ocr_par' dir='ltr' id='par_1_16' title="bbox 557 1103 1942 1173">
     <span class='ocr_line' id='line_1_16' title="bbox 557 1103 1942 1173; baseline -0.003 -13"><span class='ocrx_word' id='word_1_108' title='bbox 557 1109 642 1162; x_wconf 85' lang='lat' dir='ltr'><strong>die</strong></span> <span class='ocrx_word' id='word_1_109' title='bbox 673 1108 928 1172; x_wconf 85' lang='lat' dir='ltr'><strong>adorans,</strong></span> <span class='ocrx_word' id='word_1_110' title='bbox 954 1107 1128 1159; x_wconf 86' lang='lat' dir='ltr'><strong>clamo</strong></span> <span class='ocrx_word' id='word_1_111' title='bbox 1155 1121 1169 1156; x_wconf 89' lang='lat'><strong>:</strong></span> <span class='ocrx_word' id='word_1_112' title='bbox 1205 1103 1494 1158; x_wconf 87' lang='lat' dir='ltr'><strong>Sanctiﬁca</strong></span> <span class='ocrx_word' id='word_1_113' title='bbox 1525 1119 1611 1158; x_wconf 90' lang='lat' dir='ltr'><strong>me</strong></span> <span class='ocrx_word' id='word_1_114' title='bbox 1637 1103 1802 1173; x_wconf 82' lang='lat' dir='ltr'><strong>gloria</strong></span> <span class='ocrx_word' id='word_1_115' title='bbox 1831 1111 1942 1156; x_wconf 91' lang='lat' dir='ltr'><strong>tua.</strong></span> 
     </span>
    </p>
   </div>
   <div class='ocr_carea' id='block_1_17' title="bbox 1622 1088 3189 1173">
    <p class='ocr_par' dir='ltr' id='par_1_17' title="bbox 1637 1088 3189 1173">
     <span class='ocr_line' id='line_1_17' title="bbox 1637 1088 3189 1173; baseline -0.008 -21"><span class='ocrx_word' id='word_1_116' title='bbox 1637 1103 1802 1173; x_wconf 80' lang='lat' dir='ltr'><strong>gloria</strong></span> <span class='ocrx_word' id='word_1_117' title='bbox 1831 1111 1942 1156; x_wconf 79' lang='lat' dir='ltr'><strong>tua.</strong></span> <span class='ocrx_word' id='word_1_118' title='bbox 2214 1089 2366 1160; x_wconf 74' lang='grc' dir='ltr'><strong>γάζω</strong></span> <span class='ocrx_word' id='word_1_119' title='bbox 2388 1106 2405 1123; x_wconf 87' lang='grc'>⁶</span> <span class='ocrx_word' id='word_1_120' title='bbox 2451 1090 2703 1158; x_wconf 78' lang='grc' dir='ltr'><strong>’Δγίασόν</strong></span> <span class='ocrx_word' id='word_1_121' title='bbox 2728 1106 2794 1159; x_wconf 86' lang='grc' dir='ltr'><strong>με</strong></span> <span class='ocrx_word' id='word_1_122' title='bbox 2823 1092 2889 1160; x_wconf 79' lang='grc' dir='ltr'><strong>τῇ</strong></span> <span class='ocrx_word' id='word_1_123' title='bbox 2920 1088 3046 1160; x_wconf 76' lang='grc' dir='ltr'><strong>δὸξῃ</strong></span> <span class='ocrx_word' id='word_1_124' title='bbox 3073 1105 3189 1140; x_wconf 89' lang='grc' dir='ltr'>σου.</span> 
     </span>
    </p>
   </div>
   <div class='ocr_carea' id='block_1_18' title="bbox 628 1175 2195 1276">
    <p class='ocr_par' dir='ltr' id='par_1_18' title="bbox 628 1192 2117 1261">
     <span class='ocr_line' id='line_1_18' title="bbox 628 1192 2117 1261; baseline -0.003 -11"><span class='ocrx_word' id='word_1_125' title='bbox 628 1197 853 1260; x_wconf 65' lang='lat' dir='ltr'><strong>Lmtare,</strong></span> <span class='ocrx_word' id='word_1_126' title='bbox 872 1195 1102 1258; x_wconf 82' lang='lat' dir='ltr'><strong>exsulta,</strong></span> <span class='ocrx_word' id='word_1_127' title='bbox 1123 1193 1356 1248; x_wconf 82' lang='lat' dir='ltr'><strong>Ecclesia</strong></span> <span class='ocrx_word' id='word_1_128' title='bbox 1383 1192 1496 1255; x_wconf 85' lang='lat' dir='ltr'><strong>Dei,</strong></span> <span class='ocrx_word' id='word_1_129' title='bbox 1521 1208 1641 1261; x_wconf 69' lang='lat' dir='ltr'><strong>quae</strong></span> <span class='ocrx_word' id='word_1_130' title='bbox 1666 1201 1746 1246; x_wconf 91' lang='lat' dir='ltr'><strong>ter</strong></span> <span class='ocrx_word' id='word_1_131' title='bbox 1762 1192 1974 1246; x_wconf 85' lang='lat' dir='ltr'><strong>beatum</strong></span> <span class='ocrx_word' id='word_1_132' title='bbox 1992 1205 2117 1246; x_wconf 88' lang='lat' dir='ltr'><strong>san-</strong></span> 
     </span>
    </p>
   </div>
   <div class='ocr_carea' id='block_1_19' title="bbox 2215 1175 3782 1276">
    <p class='ocr_par' dir='ltr' id='par_1_19' title="bbox 2283 1175 3782 1276">
     <span class='ocr_line' id='line_1_19' title="bbox 2283 1175 3782 1276; baseline -0.003 -40"><span class='ocrx_word' id='word_1_133' title='bbox 2283 1182 2609 1252; x_wconf 78' lang='grc' dir='ltr'>Εὐφραίνου,</span> <span class='ocrx_word' id='word_1_134' title='bbox 2656 1181 2916 1250; x_wconf 78' lang='grc' dir='ltr'>ἀγάλλου,</span> <span class='ocrx_word' id='word_1_135' title='bbox 2959 1181 2994 1251; x_wconf 75' lang='grc' dir='ltr'>ἡ</span> <span class='ocrx_word' id='word_1_136' title='bbox 3044 1177 3340 1250; x_wconf 78' lang='grc' dir='ltr'><strong>Ἐκκλησία</strong></span> <span class='ocrx_word' id='word_1_137' title='bbox 3394 1175 3489 1230; x_wconf 81' lang='grc' dir='ltr'>τοῦ</span> <span class='ocrx_word' id='word_1_138' title='bbox 3513 1176 3674 1276; x_wconf 69' lang='grc' dir='ltr'>Θεοῦ,</span> <span class='ocrx_word' id='word_1_139' title='bbox 3726 1178 3782 1231; x_wconf 74' lang='grc' dir='ltr'><strong>τὸ</strong></span> 
     </span>
    </p>
   </div>
   <div class='ocr_carea' id='block_1_20' title="bbox 555 1267 2122 1354">
    <p class='ocr_par' dir='ltr' id='par_1_20' title="bbox 555 1282 2113 1354">
     <span class='ocr_line' id='line_1_20' title="bbox 555 1282 2113 1354; baseline -0.002 -13"><span class='ocrx_word' id='word_1_140' title='bbox 555 1289 811 1342; x_wconf 75' lang='lat' dir='ltr'><strong>ctissime</strong></span> <span class='ocrx_word' id='word_1_141' title='bbox 847 1286 1031 1340; x_wconf 92' lang='lat' dir='ltr'><strong>crucis</strong></span> <span class='ocrx_word' id='word_1_142' title='bbox 1064 1286 1270 1354; x_wconf 89' lang='lat' dir='ltr'><strong>lignum</strong></span> <span class='ocrx_word' id='word_1_143' title='bbox 1303 1285 1462 1338; x_wconf 85' lang='lat' dir='ltr'><strong>hodie</strong></span> <span class='ocrx_word' id='word_1_144' title='bbox 1494 1282 1690 1338; x_wconf 87' lang='lat' dir='ltr'><strong>adoras</strong></span> <span class='ocrx_word' id='word_1_145' title='bbox 1742 1282 1828 1337; x_wconf 93' lang='lat' dir='ltr'><strong>cui</strong></span> <span class='ocrx_word' id='word_1_146' title='bbox 1860 1292 2113 1352; x_wconf 86' lang='lat' dir='ltr'><strong>tanquam</strong></span> 
     </span>
    </p>
   </div>
   <div class='ocr_carea' id='block_1_21' title="bbox 2214 1267 3781 1354">
    <p class='ocr_par' dir='ltr' id='par_1_21' title="bbox 2214 1267 3781 1341">
     <span class='ocr_line' id='line_1_21' title="bbox 2214 1267 3781 1341; baseline -0.001 -19"><span class='ocrx_word' id='word_1_147' title='bbox 2214 1269 2511 1341; x_wconf 79' lang='grc' dir='ltr'>τρισόλϐιον</span> <span class='ocrx_word' id='word_1_148' title='bbox 2556 1269 2711 1336; x_wconf 81' lang='grc' dir='ltr'>ξύλον</span> <span class='ocrx_word' id='word_1_149' title='bbox 2758 1267 3137 1341; x_wconf 80' lang='grc' dir='ltr'><strong>προσκυνοῦσα</strong></span> <span class='ocrx_word' id='word_1_150' title='bbox 3203 1269 3443 1338; x_wconf 78' lang='grc' dir='ltr'>σήμερον</span> <span class='ocrx_word' id='word_1_151' title='bbox 3497 1267 3590 1318; x_wconf 76' lang='grc' dir='ltr'><strong>τοῦ</strong></span> <span class='ocrx_word' id='word_1_152' title='bbox 3652 1285 3781 1320; x_wconf 80' lang='grc' dir='ltr'>παν-</span> 
     </span>
    </p>
   </div>
   <div class='ocr_carea' id='block_1_22' title="bbox 557 1355 2124 1449">
    <p class='ocr_par' dir='ltr' id='par_1_22' title="bbox 557 1376 2114 1449">
     <span class='ocr_line' id='line_1_22' title="bbox 557 1376 2114 1449; baseline -0.001 -18"><span class='ocrx_word' id='word_1_153' title='bbox 557 1379 808 1443; x_wconf 89' lang='lat' dir='ltr'><strong>ministri,</strong></span> <span class='ocrx_word' id='word_1_154' title='bbox 842 1378 1158 1449; x_wconf 85' lang='lat' dir='ltr'><strong>angelorum</strong></span> <span class='ocrx_word' id='word_1_155' title='bbox 1213 1376 1459 1442; x_wconf 85' lang='lat' dir='ltr'><strong>ordines,</strong></span> <span class='ocrx_word' id='word_1_156' title='bbox 1523 1377 1690 1430; x_wconf 88' lang='lat' dir='ltr'><strong>etiam</strong></span> <span class='ocrx_word' id='word_1_157' title='bbox 1741 1391 1867 1430; x_wconf 90' lang='lat' dir='ltr'><strong>cum</strong></span> <span class='ocrx_word' id='word_1_158' title='bbox 1919 1376 2114 1430; x_wconf 82' lang='lat' dir='ltr'><strong>timore</strong></span> 
     </span>
    </p>
   </div>
   <div class='ocr_carea' id='block_1_23' title="bbox 2214 1355 3781 1449">
    <p class='ocr_par' dir='ltr' id='par_1_23' title="bbox 2214 1355 3781 1434">
     <span class='ocr_line' id='line_1_23' title="bbox 2214 1355 3781 1434; baseline -0.001 -18"><span class='ocrx_word' id='word_1_159' title='bbox 2214 1363 2367 1430; x_wconf 78' lang='grc' dir='ltr'>αγίου</span> <span class='ocrx_word' id='word_1_160' title='bbox 2389 1363 2618 1434; x_wconf 85' lang='grc' dir='ltr'>σταυροῦ</span> <span class='ocrx_word' id='word_1_161' title='bbox 2643 1363 2734 1416; x_wconf 79' lang='grc' dir='ltr'>τοῦ</span> <span class='ocrx_word' id='word_1_162' title='bbox 2755 1362 3012 1432; x_wconf 82' lang='grc' dir='ltr'><strong>Χριστοῦ,</strong></span> <span class='ocrx_word' id='word_1_163' title='bbox 3029 1355 3072 1430; x_wconf 86' lang='grc' dir='ltr'>ᾧ</span> <span class='ocrx_word' id='word_1_164' title='bbox 3089 1362 3164 1425; x_wconf 83' lang='grc' dir='ltr'><strong>ὡς</strong></span> <span class='ocrx_word' id='word_1_165' title='bbox 3193 1360 3500 1431; x_wconf 76' lang='grc' dir='ltr'>λειτουργοὶ</span> <span class='ocrx_word' id='word_1_166' title='bbox 3529 1362 3781 1432; x_wconf 76' lang='grc' dir='ltr'><strong>τάγματα</strong></span> 
     </span>
    </p>
   </div>
   <div class='ocr_carea' id='block_1_24' title="bbox 552 1453 2119 1525">
    <p class='ocr_par' dir='ltr' id='par_1_24' title="bbox 552 1471 835 1523">
     <span class='ocr_line' id='line_1_24' title="bbox 552 1471 835 1523; baseline 0.004 -1"><span class='ocrx_word' id='word_1_167' title='bbox 552 1471 835 1523; x_wconf 88' lang='lat' dir='ltr'><strong>assistunt.</strong></span> 
     </span>
    </p>
   </div>
   <div class='ocr_carea' id='block_1_25' title="bbox 1797 1453 3364 1525">
    <p class='ocr_par' dir='ltr' id='par_1_25' title="bbox 2212 1453 3364 1525">
     <span class='ocr_line' id='line_1_25' title="bbox 2212 1453 3364 1525; baseline -0.002 -18"><span class='ocrx_word' id='word_1_168' title='bbox 2212 1454 2458 1522; x_wconf 80' lang='grc' dir='ltr'><strong>ἀγγέλων</strong></span> <span class='ocrx_word' id='word_1_169' title='bbox 2491 1453 2586 1507; x_wconf 78' lang='grc' dir='ltr'>καὶ</span> <span class='ocrx_word' id='word_1_170' title='bbox 2616 1454 2752 1525; x_wconf 74' lang='grc' dir='ltr'>μετὰ</span> <span class='ocrx_word' id='word_1_171' title='bbox 2781 1453 2948 1523; x_wconf 79' lang='grc' dir='ltr'>φόϐου</span> <span class='ocrx_word' id='word_1_172' title='bbox 2977 1453 3364 1524; x_wconf 81' lang='grc' dir='ltr'><strong>παρίστανται.</strong></span> 
     </span>
    </p>
   </div>
   <div class='ocr_carea' id='block_1_26' title="bbox 1165 1569 2732 1638">
    <p class='ocr_par' dir='ltr' id='par_1_26' title="bbox 1165 1580 1494 1635">
     <span class='ocr_line' id='line_1_26' title="bbox 1165 1580 1494 1635; baseline 0.003 -1"><span class='ocrx_word' id='word_1_173' title='bbox 1165 1580 1494 1635; x_wconf 85' lang='lat' dir='ltr'><strong>Triadicum.</strong></span> 
     </span>
    </p>
   </div>
   <div class='ocr_carea' id='block_1_27' title="bbox 1591 1569 3158 1638">
    <p class='ocr_par' dir='ltr' id='par_1_27' title="bbox 2831 1569 3158 1638">
     <span class='ocr_line' id='line_1_27' title="bbox 2831 1569 3158 1638; baseline -0.003 -14"><span class='ocrx_word' id='word_1_174' title='bbox 2831 1569 3158 1638; x_wconf 80' lang='grc' dir='ltr'><strong>Τριαδικόν.</strong></span> 
     </span>
    </p>
   </div>
   <div class='ocr_carea' id='block_1_28' title="bbox 620 1682 2187 1764">
    <p class='ocr_par' dir='ltr' id='par_1_28' title="bbox 620 1691 2108 1764">
     <span class='ocr_line' id='line_1_28' title="bbox 620 1691 2108 1764; baseline 0.003 -20"><span class='ocrx_word' id='word_1_175' title='bbox 620 1691 799 1746; x_wconf 79' lang='lat' dir='ltr'><strong>Adero</strong></span> <span class='ocrx_word' id='word_1_176' title='bbox 835 1699 905 1755; x_wconf 85' lang='lat' dir='ltr'><strong>te.</strong></span> <span class='ocrx_word' id='word_1_177' title='bbox 940 1700 1126 1747; x_wconf 90' lang='lat' dir='ltr'><strong>sancta</strong></span> <span class='ocrx_word' id='word_1_178' title='bbox 1154 1693 1366 1756; x_wconf 87' lang='lat' dir='ltr'><strong>Deitas,</strong></span> <span class='ocrx_word' id='word_1_179' title='bbox 1395 1693 1717 1748; x_wconf 86' lang='lat' dir='ltr'><strong>Trinitatem</strong></span> <span class='ocrx_word' id='word_1_180' title='bbox 1749 1694 1801 1748; x_wconf 90' lang='lat' dir='ltr'><strong>in</strong></span> <span class='ocrx_word' id='word_1_181' title='bbox 1837 1693 2108 1764; x_wconf 85' lang='lat' dir='ltr'><strong>personis.</strong></span> 
     </span>
    </p>
   </div>
   <div class='ocr_carea' id='block_1_29' title="bbox 2211 1682 3778 1764">
    <p class='ocr_par' dir='ltr' id='par_1_29' title="bbox 2281 1682 3778 1755">
     <span class='ocr_line' id='line_1_29' title="bbox 2281 1682 3778 1755; baseline 0.003 -18"><span class='ocrx_word' id='word_1_182' title='bbox 2281 1684 2484 1753; x_wconf 83' lang='grc' dir='ltr'>Τριὰδα</span> <span class='ocrx_word' id='word_1_183' title='bbox 2526 1682 2836 1755; x_wconf 81' lang='grc' dir='ltr'>προσώποις</span> <span class='ocrx_word' id='word_1_184' title='bbox 2861 1723 2875 1746; x_wconf 85' lang='grc'><strong><em>,</em></strong></span> <span class='ocrx_word' id='word_1_185' title='bbox 2901 1683 3103 1751; x_wconf 79' lang='grc' dir='ltr'>μονάδα</span> <span class='ocrx_word' id='word_1_186' title='bbox 3156 1684 3316 1750; x_wconf 80' lang='grc' dir='ltr'>φύσει</span> <span class='ocrx_word' id='word_1_187' title='bbox 3359 1689 3654 1755; x_wconf 80' lang='grc' dir='ltr'>προσκυνῶ</span> <span class='ocrx_word' id='word_1_188' title='bbox 3701 1705 3778 1750; x_wconf 86' lang='grc' dir='ltr'>σε.</span> 
     </span>
    </p>
   </div>
   <div class='ocr_carea' id='block_1_30' title="bbox 549 1773 2116 1861">
    <p class='ocr_par' dir='ltr' id='par_1_30' title="bbox 549 1783 2107 1848">
     <span class='ocr_line' id='line_1_30' title="bbox 549 1783 2107 1848; baseline 0.002 -14"><span class='ocrx_word' id='word_1_189' title='bbox 549 1793 605 1835; x_wconf 87' lang='lat' dir='ltr'><strong>et</strong></span> <span class='ocrx_word' id='word_1_190' title='bbox 649 1783 908 1835; x_wconf 87' lang='lat' dir='ltr'><strong>unitatem</strong></span> <span class='ocrx_word' id='word_1_191' title='bbox 963 1783 1016 1836; x_wconf 83' lang='lat' dir='ltr'><strong>iit</strong></span> <span class='ocrx_word' id='word_1_192' title='bbox 1067 1794 1302 1847; x_wconf 86' lang='lat' dir='ltr'><strong>natura,</strong></span> <span class='ocrx_word' id='word_1_193' title='bbox 1346 1786 1562 1840; x_wconf 86' lang='lat' dir='ltr'><strong>Patrem</strong></span> <span class='ocrx_word' id='word_1_194' title='bbox 1599 1797 1652 1840; x_wconf 90' lang='lat' dir='ltr'><strong>et</strong></span> <span class='ocrx_word' id='word_1_195' title='bbox 1690 1785 1892 1840; x_wconf 81' lang='lat' dir='ltr'><strong>Filium</strong></span> <span class='ocrx_word' id='word_1_196' title='bbox 1919 1825 1934 1848; x_wconf 92' lang='lat'><strong>,</strong></span> <span class='ocrx_word' id='word_1_197' title='bbox 1985 1801 2107 1839; x_wconf 87' lang='lat' dir='ltr'><strong>cunt</strong></span> 
     </span>
    </p>
   </div>
   <div class='ocr_carea' id='block_1_31' title="bbox 2214 1773 3781 1861">
    <p class='ocr_par' dir='ltr' id='par_1_31' title="bbox 2214 1773 3781 1847">
     <span class='ocr_line' id='line_1_31' title="bbox 2214 1773 3781 1847; baseline 0.002 -19"><span class='ocrx_word' id='word_1_198' title='bbox 2214 1775 2411 1846; x_wconf 84' lang='grc' dir='ltr'><strong>Θεὸτης</strong></span> <span class='ocrx_word' id='word_1_199' title='bbox 2434 1776 2586 1843; x_wconf 74' lang='grc' dir='ltr'><strong>ἁγία,</strong></span> <span class='ocrx_word' id='word_1_200' title='bbox 2626 1775 2715 1829; x_wconf 82' lang='grc' dir='ltr'><strong>τὸν</strong></span> <span class='ocrx_word' id='word_1_201' title='bbox 2745 1775 2979 1841; x_wconf 79' lang='grc' dir='ltr'><strong>Πατέρα,</strong></span> <span class='ocrx_word' id='word_1_202' title='bbox 3006 1774 3098 1828; x_wconf 79' lang='grc' dir='ltr'>καὶ</span> <span class='ocrx_word' id='word_1_203' title='bbox 3132 1773 3222 1827; x_wconf 75' lang='grc' dir='ltr'><strong>τὸν</strong></span> <span class='ocrx_word' id='word_1_204' title='bbox 3259 1775 3387 1828; x_wconf 83' lang='grc' dir='ltr'>Υἰὸν</span> <span class='ocrx_word' id='word_1_205' title='bbox 3414 1779 3511 1830; x_wconf 76' lang='grc' dir='ltr'>σὺν</span> <span class='ocrx_word' id='word_1_206' title='bbox 3539 1778 3616 1847; x_wconf 82' lang='grc' dir='ltr'><strong>τῷ</strong></span> <span class='ocrx_word' id='word_1_207' title='bbox 3641 1780 3781 1846; x_wconf 81' lang='grc' dir='ltr'><strong>ἁγίῳ</strong></span> 
     </span>
    </p>
   </div>
   <div class='ocr_carea' id='block_1_32' title="bbox 551 1866 2118 1948">
    <p class='ocr_par' dir='ltr' id='par_1_32' title="bbox 551 1873 2106 1948">
     <span class='ocr_line' id='line_1_32' title="bbox 551 1873 2106 1948; baseline 0.004 -22"><span class='ocrx_word' id='word_1_208' title='bbox 551 1884 740 1927; x_wconf 82' lang='lat' dir='ltr'><strong>sancto</strong></span> <span class='ocrx_word' id='word_1_209' title='bbox 771 1873 1015 1943; x_wconf 87' lang='lat' dir='ltr'><strong>Spiritu,</strong></span> <span class='ocrx_word' id='word_1_210' title='bbox 1065 1891 1234 1929; x_wconf 91' lang='lat' dir='ltr'><strong>unum</strong></span> <span class='ocrx_word' id='word_1_211' title='bbox 1274 1876 1584 1947; x_wconf 87' lang='lat' dir='ltr'><strong>imperium,</strong></span> <span class='ocrx_word' id='word_1_212' title='bbox 1636 1892 1805 1932; x_wconf 89' lang='lat' dir='ltr'><strong>unum</strong></span> <span class='ocrx_word' id='word_1_213' title='bbox 1839 1892 2062 1948; x_wconf 87' lang='lat' dir='ltr'><strong>regnum</strong></span> <span class='ocrx_word' id='word_1_214' title='bbox 2090 1917 2106 1943; x_wconf 94' lang='lat'><strong>,</strong></span> 
     </span>
    </p>
   </div>
   <div class='ocr_carea' id='block_1_33' title="bbox 2212 1866 3779 1948">
    <p class='ocr_par' dir='ltr' id='par_1_33' title="bbox 2213 1866 3779 1940">
     <span class='ocr_line' id='line_1_33' title="bbox 2213 1866 3779 1940; baseline 0.003 -20"><span class='ocrx_word' id='word_1_215' title='bbox 2213 1884 2273 1920; x_wconf 85' lang='grc' dir='ltr'>τε</span> <span class='ocrx_word' id='word_1_216' title='bbox 2325 1868 2620 1936; x_wconf 82' lang='grc' dir='ltr'>Πνεύματι,</span> <span class='ocrx_word' id='word_1_217' title='bbox 2665 1868 2792 1936; x_wconf 73' lang='grc' dir='ltr'>μίαν</span> <span class='ocrx_word' id='word_1_218' title='bbox 2823 1867 3015 1938; x_wconf 77' lang='grc' dir='ltr'>ἀρχὴν,</span> <span class='ocrx_word' id='word_1_219' title='bbox 3057 1866 3185 1938; x_wconf 79' lang='grc' dir='ltr'>μίαν</span> <span class='ocrx_word' id='word_1_220' title='bbox 3221 1867 3498 1938; x_wconf 80' lang='grc' dir='ltr'>βασιλείαν</span> <span class='ocrx_word' id='word_1_221' title='bbox 3524 1869 3626 1940; x_wconf 82' lang='grc' dir='ltr'><strong>τὴν</strong></span> <span class='ocrx_word' id='word_1_222' title='bbox 3671 1870 3779 1926; x_wconf 76' lang='grc' dir='ltr'><strong>τῶν</strong></span> 
     </span>
    </p>
   </div>
   <div class='ocr_carea' id='block_1_34' title="bbox 549 1956 2116 2036">
    <p class='ocr_par' dir='ltr' id='par_1_34' title="bbox 549 1967 1204 2036">
     <span class='ocr_line' id='line_1_34' title="bbox 549 1967 1204 2036; baseline 0.003 -17"><span class='ocrx_word' id='word_1_223' title='bbox 549 1967 634 2019; x_wconf 89' lang='lat' dir='ltr'><strong>cui</strong></span> <span class='ocrx_word' id='word_1_224' title='bbox 662 1977 900 2036; x_wconf 81' lang='lat' dir='ltr'><strong>potestas</strong></span> <span class='ocrx_word' id='word_1_225' title='bbox 923 1968 977 2022; x_wconf 91' lang='lat' dir='ltr'><strong>in</strong></span> <span class='ocrx_word' id='word_1_226' title='bbox 1002 1972 1204 2021; x_wconf 85' lang='lat' dir='ltr'><strong>omnia.</strong></span> 
     </span>
    </p>
   </div>
   <div class='ocr_carea' id='block_1_35' title="bbox 1314 1956 2881 2036">
    <p class='ocr_par' dir='ltr' id='par_1_35' title="bbox 2213 1956 2881 2023">
     <span class='ocr_line' id='line_1_35' title="bbox 2213 1956 2881 2023; baseline -0.003 -11"><span class='ocrx_word' id='word_1_227' title='bbox 2213 1958 2468 2013; x_wconf 76' lang='grc' dir='ltr'>ἁπάντων</span> <span class='ocrx_word' id='word_1_228' title='bbox 2499 1956 2881 2023; x_wconf 78' lang='grc' dir='ltr'>δεσπόζουσαν.</span> 
     </span>
    </p>
   </div>
   <div class='ocr_carea' id='block_1_36' title="bbox 1156 2071 2723 2135">
    <p class='ocr_par' dir='ltr' id='par_1_36' title="bbox 1156 2075 1517 2135">
     <span class='ocr_line' id='line_1_36' title="bbox 1156 2075 1517 2135; baseline 0.014 -6"><span class='ocrx_word' id='word_1_229' title='bbox 1156 2075 1401 2131; x_wconf 77' lang='lat' dir='ltr'><strong>Tlteotoci</strong></span> <span class='ocrx_word' id='word_1_230' title='bbox 1409 2095 1492 2131; x_wconf 86' lang='lat' dir='ltr'><strong>um</strong></span> <span class='ocrx_word' id='word_1_231' title='bbox 1501 2118 1517 2135; x_wconf 96' lang='lat'><strong>.</strong></span> 
     </span>
    </p>
   </div>
   <div class='ocr_carea' id='block_1_37' title="bbox 1586 2071 3153 2135">
    <p class='ocr_par' dir='ltr' id='par_1_37' title="bbox 2821 2071 3153 2125">
     <span class='ocr_line' id='line_1_37' title="bbox 2821 2071 3153 2125; baseline 0.003 -1"><span class='ocrx_word' id='word_1_232' title='bbox 2821 2071 3153 2125; x_wconf 78' lang='grc' dir='ltr'><strong>Θεοτόκιον.</strong></span> 
     </span>
    </p>
   </div>
   <div class='ocr_carea' id='block_1_38' title="bbox 618 2177 2185 2260">
    <p class='ocr_par' dir='ltr' id='par_1_38' title="bbox 618 2183 2110 2260">
     <span class='ocr_line' id='line_1_38' title="bbox 618 2183 2110 2260; baseline 0.005 -22"><span class='ocrx_word' id='word_1_233' title='bbox 618 2183 724 2245; x_wconf 85' lang='grc' dir='ltr'><strong>Τυ,</strong></span> <span class='ocrx_word' id='word_1_234' title='bbox 751 2200 784 2239; x_wconf 95' lang='lat' dir='ltr'><strong>o</strong></span> <span class='ocrx_word' id='word_1_235' title='bbox 809 2183 973 2253; x_wconf 81' lang='lat' dir='ltr'><strong>Virgo</strong></span> <span class='ocrx_word' id='word_1_236' title='bbox 1014 2201 1243 2255; x_wconf 84' lang='lat' dir='ltr'><strong>magnus</strong></span> <span class='ocrx_word' id='word_1_237' title='bbox 1275 2186 1364 2241; x_wconf 89' lang='lat' dir='ltr'><strong>ille</strong></span> <span class='ocrx_word' id='word_1_238' title='bbox 1400 2204 1555 2243; x_wconf 92' lang='lat' dir='ltr'><strong>mons</strong></span> <span class='ocrx_word' id='word_1_239' title='bbox 1584 2204 1663 2254; x_wconf 84' lang='lat' dir='ltr'><strong>es,</strong></span> <span class='ocrx_word' id='word_1_240' title='bbox 1705 2188 1760 2243; x_wconf 90' lang='lat' dir='ltr'><strong>in</strong></span> <span class='ocrx_word' id='word_1_241' title='bbox 1818 2204 1925 2260; x_wconf 91' lang='lat' dir='ltr'><strong>quo</strong></span> <span class='ocrx_word' id='word_1_242' title='bbox 1948 2189 2110 2246; x_wconf 84' lang='lat' dir='ltr'><strong>Chri-</strong></span> 
     </span>
    </p>
   </div>
   <div class='ocr_carea' id='block_1_39' title="bbox 2207 2177 3774 2260">
    <p class='ocr_par' dir='ltr' id='par_1_39' title="bbox 2283 2177 3774 2256">
     <span class='ocr_line' id='line_1_39' title="bbox 2283 2177 3774 2256; baseline 0.001 -18"><span class='ocrx_word' id='word_1_243' title='bbox 2283 2185 2357 2238; x_wconf 79' lang='grc' dir='ltr'>Τὸ</span> <span class='ocrx_word' id='word_1_244' title='bbox 2382 2184 2585 2256; x_wconf 68' lang='grc' dir='ltr'>ὄρος-εδ</span> <span class='ocrx_word' id='word_1_245' title='bbox 2631 2183 2791 2255; x_wconf 68' lang='grc' dir='ltr'>μέγα,</span> <span class='ocrx_word' id='word_1_246' title='bbox 2832 2186 2889 2238; x_wconf 83' lang='grc' dir='ltr'>ἐν</span> <span class='ocrx_word' id='word_1_247' title='bbox 2945 2177 2990 2253; x_wconf 80' lang='grc' dir='ltr'><strong>ᾧ</strong></span> <span class='ocrx_word' id='word_1_248' title='bbox 3051 2185 3338 2256; x_wconf 73' lang='grc' dir='ltr'><strong>κατῴκησε</strong></span> <span class='ocrx_word' id='word_1_249' title='bbox 3396 2184 3656 2255; x_wconf 73' lang='grc' dir='ltr'>Χριστὸς,</span> <span class='ocrx_word' id='word_1_250' title='bbox 3713 2186 3774 2239; x_wconf 79' lang='grc' dir='ltr'>σὺ</span> 
     </span>
    </p>
   </div>
   <div class='ocr_carea' id='block_1_40' title="bbox 549 2273 2116 2351">
    <p class='ocr_par' dir='ltr' id='par_1_40' title="bbox 549 2277 2106 2351">
     <span class='ocr_line' id='line_1_40' title="bbox 549 2277 2106 2351; baseline 0.005 -23"><span class='ocrx_word' id='word_1_251' title='bbox 549 2284 667 2331; x_wconf 91' lang='lat' dir='ltr'><strong>stus</strong></span> <span class='ocrx_word' id='word_1_252' title='bbox 702 2277 1008 2339; x_wconf 85' lang='lat' dir='ltr'><strong>habitavit,</strong></span> <span class='ocrx_word' id='word_1_253' title='bbox 1055 2287 1113 2330; x_wconf 89' lang='lat' dir='ltr'><strong>ut</strong></span> <span class='ocrx_word' id='word_1_254' title='bbox 1137 2278 1354 2332; x_wconf 88' lang='lat' dir='ltr'><strong>divinus</strong></span> <span class='ocrx_word' id='word_1_255' title='bbox 1399 2278 1563 2333; x_wconf 86' lang='lat' dir='ltr'><strong>David</strong></span> <span class='ocrx_word' id='word_1_256' title='bbox 1593 2281 1781 2345; x_wconf 88' lang='lat' dir='ltr'><strong>canit,</strong></span> <span class='ocrx_word' id='word_1_257' title='bbox 1811 2296 1906 2350; x_wconf 89' lang='lat' dir='ltr'><strong>per</strong></span> <span class='ocrx_word' id='word_1_258' title='bbox 1944 2295 2106 2351; x_wconf 89' lang='lat' dir='ltr'><strong>quam</strong></span> 
     </span>
    </p>
   </div>
   <div class='ocr_carea' id='block_1_41' title="bbox 2213 2273 3780 2351">
    <p class='ocr_par' dir='ltr' id='par_1_41' title="bbox 2216 2273 3780 2350">
     <span class='ocr_line' id='line_1_41' title="bbox 2216 2273 3780 2350; baseline 0.001 -20"><span class='ocrx_word' id='word_1_259' title='bbox 2216 2276 2498 2346; x_wconf 82' lang='grc' dir='ltr'>ὑπάρχεις,</span> <span class='ocrx_word' id='word_1_260' title='bbox 2531 2275 2790 2347; x_wconf 81' lang='grc' dir='ltr'>Παρθένε,</span> <span class='ocrx_word' id='word_1_261' title='bbox 2811 2275 2886 2340; x_wconf 79' lang='grc' dir='ltr'><strong>ὠς</strong></span> <span class='ocrx_word' id='word_1_262' title='bbox 2911 2277 3074 2331; x_wconf 74' lang='grc' dir='ltr'><strong>Δαδὶδ</strong></span> <span class='ocrx_word' id='word_1_263' title='bbox 3090 2278 3268 2341; x_wconf 83' lang='grc' dir='ltr'>ὁθετος</span> <span class='ocrx_word' id='word_1_264' title='bbox 3298 2278 3416 2349; x_wconf 80' lang='grc' dir='ltr'>βοᾷ,</span> <span class='ocrx_word' id='word_1_265' title='bbox 3431 2277 3497 2331; x_wconf 86' lang='grc' dir='ltr'><strong>δι’</strong></span> <span class='ocrx_word' id='word_1_266' title='bbox 3523 2273 3591 2350; x_wconf 74' lang='grc' dir='ltr'><strong>ἧς</strong></span> <span class='ocrx_word' id='word_1_267' title='bbox 3616 2280 3780 2348; x_wconf 70' lang='grc' dir='ltr'>ἡμεῖς</span> 
     </span>
    </p>
   </div>
   <div class='ocr_carea' id='block_1_42' title="bbox 550 2366 2117 2447">
    <p class='ocr_par' dir='ltr' id='par_1_42' title="bbox 550 2373 2111 2447">
     <span class='ocr_line' id='line_1_42' title="bbox 550 2373 2111 2447; baseline 0.004 -22"><span class='ocrx_word' id='word_1_268' title='bbox 550 2387 648 2427; x_wconf 92' lang='lat' dir='ltr'><strong>nos</strong></span> <span class='ocrx_word' id='word_1_269' title='bbox 679 2375 743 2425; x_wconf 86' lang='lat' dir='ltr'><strong>ad</strong></span> <span class='ocrx_word' id='word_1_270' title='bbox 777 2375 975 2428; x_wconf 63' lang='lat' dir='ltr'><strong>caelum</strong></span> <span class='ocrx_word' id='word_1_271' title='bbox 1012 2373 1203 2428; x_wconf 83' lang='lat' dir='ltr'><strong>elevati</strong></span> <span class='ocrx_word' id='word_1_272' title='bbox 1229 2389 1441 2438; x_wconf 85' lang='lat' dir='ltr'><strong>sumus,</strong></span> <span class='ocrx_word' id='word_1_273' title='bbox 1476 2375 1574 2430; x_wconf 89' lang='lat' dir='ltr'><strong>ﬁlii</strong></span> <span class='ocrx_word' id='word_1_274' title='bbox 1613 2375 1708 2432; x_wconf 88' lang='lat' dir='ltr'><strong>Dei</strong></span> <span class='ocrx_word' id='word_1_275' title='bbox 1737 2391 1833 2446; x_wconf 86' lang='lat' dir='ltr'><strong>per</strong></span> <span class='ocrx_word' id='word_1_276' title='bbox 1861 2377 2111 2447; x_wconf 85' lang='lat' dir='ltr'><strong>adoptio-</strong></span> 
     </span>
    </p>
   </div>
   <div class='ocr_carea' id='block_1_43' title="bbox 2212 2366 3779 2447">
    <p class='ocr_par' dir='ltr' id='par_1_43' title="bbox 2213 2366 3779 2441">
     <span class='ocr_line' id='line_1_43' title="bbox 2213 2366 3779 2441; baseline 0.001 -20"><span class='ocrx_word' id='word_1_277' title='bbox 2213 2366 2575 2438; x_wconf 73' lang='grc' dir='ltr'>ἁνυψὼθημεν</span> <span class='ocrx_word' id='word_1_278' title='bbox 2607 2366 2742 2436; x_wconf 81' lang='grc' dir='ltr'>πρὸς</span> <span class='ocrx_word' id='word_1_279' title='bbox 2769 2368 2999 2438; x_wconf 77' lang='grc' dir='ltr'>οὐρανὸν</span> <span class='ocrx_word' id='word_1_280' title='bbox 3030 2370 3430 2441; x_wconf 81' lang='grc' dir='ltr'>υἱοθετηθέντες</span> <span class='ocrx_word' id='word_1_281' title='bbox 3461 2369 3540 2438; x_wconf 81' lang='grc' dir='ltr'>τῷ</span> <span class='ocrx_word' id='word_1_282' title='bbox 3608 2370 3779 2423; x_wconf 77' lang='grc' dir='ltr'>πνεύ-</span> 
     </span>
    </p>
   </div>
   <div class='ocr_carea' id='block_1_44' title="bbox 549 2461 2116 2536">
    <p class='ocr_par' dir='ltr' id='par_1_44' title="bbox 549 2465 1229 2536">
     <span class='ocr_line' id='line_1_44' title="bbox 549 2465 1229 2536; baseline 0.003 -18"><span class='ocrx_word' id='word_1_283' title='bbox 549 2480 671 2519; x_wconf 91' lang='lat' dir='ltr'><strong>nem</strong></span> <span class='ocrx_word' id='word_1_284' title='bbox 704 2466 760 2519; x_wconf 86' lang='lat' dir='ltr'><strong>in</strong></span> <span class='ocrx_word' id='word_1_285' title='bbox 795 2469 995 2536; x_wconf 85' lang='lat' dir='ltr'><strong>spiritu</strong></span> <span class='ocrx_word' id='word_1_286' title='bbox 1028 2465 1229 2522; x_wconf 82' lang='lat' dir='ltr'><strong>eﬁ&#39;ecti.</strong></span> 
     </span>
    </p>
   </div>
   <div class='ocr_carea' id='block_1_45' title="bbox 1291 2461 2858 2536">
    <p class='ocr_par' dir='ltr' id='par_1_45' title="bbox 2218 2461 2858 2530">
     <span class='ocr_line' id='line_1_45' title="bbox 2218 2461 2858 2530; baseline 0.005 -19"><span class='ocrx_word' id='word_1_287' title='bbox 2218 2476 2370 2530; x_wconf 86' lang='grc' dir='ltr'>ματι,</span> <span class='ocrx_word' id='word_1_288' title='bbox 2403 2461 2858 2529; x_wconf 79' lang='grc' dir='ltr'>παμμακάριστε.</span> 
     </span>
    </p>
   </div>
   <div class='ocr_carea' id='block_1_46' title="bbox 1180 2572 3164 2635">
    <p class='ocr_par' dir='ltr' id='par_1_46' title="bbox 1180 2572 3164 2635">
     <span class='ocr_line' id='line_1_46' title="bbox 1180 2572 3164 2635; baseline -0.004 0"><span class='ocrx_word' id='word_1_289' title='bbox 1180 2579 1487 2635; x_wconf 80' lang='lat' dir='ltr'><strong>Catabasia.</strong></span> <span class='ocrx_word' id='word_1_290' title='bbox 2805 2572 3164 2627; x_wconf 78' lang='lat' dir='ltr'><strong>Kata6ao&#39;la.</strong></span> 
     </span>
    </p>
   </div>
   <div class='ocr_carea' id='block_1_47' title="bbox 618 2665 2185 2758">
    <p class='ocr_par' dir='ltr' id='par_1_47' title="bbox 618 2665 2112 2741">
     <span class='ocr_line' id='line_1_47' title="bbox 618 2665 2112 2741; baseline 0.005 -21"><span class='ocrx_word' id='word_1_291' title='bbox 618 2668 791 2721; x_wconf 87' lang='lat' dir='ltr'><strong>Mater</strong></span> <span class='ocrx_word' id='word_1_292' title='bbox 816 2665 1000 2739; x_wconf 84' lang='lat' dir='ltr'><strong>Virgo,</strong></span> <span class='ocrx_word' id='word_1_293' title='bbox 1031 2679 1083 2725; x_wconf 85' lang='lat' dir='ltr'><strong>et</strong></span> <span class='ocrx_word' id='word_1_294' title='bbox 1114 2686 1240 2725; x_wconf 81' lang='lat' dir='ltr'><strong>vera</strong></span> <span class='ocrx_word' id='word_1_295' title='bbox 1277 2670 1502 2740; x_wconf 85' lang='lat' dir='ltr'><strong>Deipara</strong></span> <span class='ocrx_word' id='word_1_296' title='bbox 1529 2713 1545 2736; x_wconf 95' lang='lat'><strong>,</strong></span> <span class='ocrx_word' id='word_1_297' title='bbox 1593 2686 1714 2741; x_wconf 62' lang='lat' dir='ltr'><strong>quae</strong></span> <span class='ocrx_word' id='word_1_298' title='bbox 1756 2671 1875 2726; x_wconf 91' lang='lat' dir='ltr'><strong>sine</strong></span> <span class='ocrx_word' id='word_1_299' title='bbox 1903 2674 2112 2727; x_wconf 87' lang='lat' dir='ltr'><strong>semine</strong></span> 
     </span>
    </p>
   </div>
   <div class='ocr_carea' id='block_1_48' title="bbox 2212 2665 3779 2758">
    <p class='ocr_par' dir='ltr' id='par_1_48' title="bbox 2283 2677 3779 2758">
     <span class='ocr_line' id='line_1_48' title="bbox 2283 2677 3779 2758; baseline 0.002 -22"><span class='ocrx_word' id='word_1_300' title='bbox 2283 2677 2353 2736; x_wconf 78' lang='grc' dir='ltr'><strong><em>Ὦ</em></strong></span> <span class='ocrx_word' id='word_1_301' title='bbox 2381 2685 2571 2756; x_wconf 79' lang='grc' dir='ltr'>Μῆτερ</span> <span class='ocrx_word' id='word_1_302' title='bbox 2598 2685 2864 2758; x_wconf 79' lang='grc' dir='ltr'><strong>Παρθένε,</strong></span> <span class='ocrx_word' id='word_1_303' title='bbox 2901 2687 2992 2740; x_wconf 77' lang='grc' dir='ltr'><strong>καὶ</strong></span> <span class='ocrx_word' id='word_1_304' title='bbox 3023 2685 3248 2740; x_wconf 83' lang='grc' dir='ltr'>Θεοτόκε</span> <span class='ocrx_word' id='word_1_305' title='bbox 3269 2687 3524 2757; x_wconf 74' lang='grc' dir='ltr'><strong>ἀψευδὴς,</strong></span> <span class='ocrx_word' id='word_1_306' title='bbox 3586 2687 3621 2756; x_wconf 77' lang='grc' dir='ltr'>ἡ</span> <span class='ocrx_word' id='word_1_307' title='bbox 3687 2703 3779 2739; x_wconf 78' lang='grc' dir='ltr'><strong>τε·</strong></span> 
     </span>
    </p>
   </div>
   <div class='ocr_carea' id='block_1_49' title="bbox 550 2756 2117 2850">
    <p class='ocr_par' dir='ltr' id='par_1_49' title="bbox 550 2756 2113 2827">
     <span class='ocr_line' id='line_1_49' title="bbox 550 2756 2113 2827; baseline 0.003 -17"><span class='ocrx_word' id='word_1_308' title='bbox 550 2756 781 2826; x_wconf 85' lang='lat' dir='ltr'><strong>genuisti</strong></span> <span class='ocrx_word' id='word_1_309' title='bbox 807 2756 1084 2814; x_wconf 84' lang='lat' dir='ltr'><strong>Christum</strong></span> <span class='ocrx_word' id='word_1_310' title='bbox 1123 2758 1290 2814; x_wconf 89' lang='lat' dir='ltr'><strong>Deum</strong></span> <span class='ocrx_word' id='word_1_311' title='bbox 1334 2769 1601 2827; x_wconf 87' lang='lat' dir='ltr'><strong>nostrum,</strong></span> <span class='ocrx_word' id='word_1_312' title='bbox 1637 2762 1689 2814; x_wconf 93' lang='lat' dir='ltr'><strong>in</strong></span> <span class='ocrx_word' id='word_1_313' title='bbox 1721 2776 1886 2817; x_wconf 87' lang='lat' dir='ltr'><strong>cruce</strong></span> <span class='ocrx_word' id='word_1_314' title='bbox 1916 2778 2113 2818; x_wconf 86' lang='lat' dir='ltr'><strong>secun-</strong></span> 
     </span>
    </p>
   </div>
   <div class='ocr_carea' id='block_1_50' title="bbox 2214 2756 3781 2850">
    <p class='ocr_par' dir='ltr' id='par_1_50' title="bbox 2216 2756 3781 2850">
     <span class='ocr_line' id='line_1_50' title="bbox 2216 2756 3781 2850; baseline 0.001 -22"><span class='ocrx_word' id='word_1_315' title='bbox 2216 2774 2386 2828; x_wconf 82' lang='grc' dir='ltr'>κοῦσα</span> <span class='ocrx_word' id='word_1_316' title='bbox 2419 2778 2670 2848; x_wconf 81' lang='grc' dir='ltr'>ἀσπόρως</span> <span class='ocrx_word' id='word_1_317' title='bbox 2689 2756 2930 2849; x_wconf 70' lang='grc' dir='ltr'>Χριστὸν</span> <span class='ocrx_word' id='word_1_318' title='bbox 2951 2779 3042 2833; x_wconf 79' lang='grc' dir='ltr'><strong>τὸν</strong></span> <span class='ocrx_word' id='word_1_319' title='bbox 3063 2779 3194 2833; x_wconf 79' lang='grc' dir='ltr'>Θεὸν</span> <span class='ocrx_word' id='word_1_320' title='bbox 3210 2756 3388 2850; x_wconf 77' lang='grc' dir='ltr'>ἡμῶν,</span> <span class='ocrx_word' id='word_1_321' title='bbox 3409 2756 3500 2831; x_wconf 77' lang='grc' dir='ltr'><strong>τδν</strong></span> <span class='ocrx_word' id='word_1_322' title='bbox 3528 2780 3589 2830; x_wconf 79' lang='grc' dir='ltr'>ὲν</span> <span class='ocrx_word' id='word_1_323' title='bbox 3620 2795 3781 2830; x_wconf 76' lang='grc' dir='ltr'>σταυ-</span> 
     </span>
    </p>
   </div>
   <div class='ocr_carea' id='block_1_51' title="bbox 549 2851 2116 2938">
    <p class='ocr_par' dir='ltr' id='par_1_51' title="bbox 549 2851 2112 2927">
     <span class='ocr_line' id='line_1_51' title="bbox 549 2851 2112 2927; baseline 0.005 -23"><span class='ocrx_word' id='word_1_324' title='bbox 549 2851 677 2904; x_wconf 89' lang='lat' dir='ltr'><strong>dum</strong></span> <span class='ocrx_word' id='word_1_325' title='bbox 729 2865 949 2905; x_wconf 79' lang='lat' dir='ltr'><strong>carnem</strong></span> <span class='ocrx_word' id='word_1_326' title='bbox 993 2852 1312 2907; x_wconf 79' lang='lat' dir='ltr'><strong>exaltatum.</strong></span> <span class='ocrx_word' id='word_1_327' title='bbox 1356 2851 1432 2908; x_wconf 86' lang='lat' dir='ltr'><strong>Te</strong></span> <span class='ocrx_word' id='word_1_328' title='bbox 1480 2868 1673 2910; x_wconf 82' lang='lat' dir='ltr'><strong>omnes</strong></span> <span class='ocrx_word' id='word_1_329' title='bbox 1723 2853 1911 2912; x_wconf 84' lang='lat' dir='ltr'><strong>ﬁdeles</strong></span> <span class='ocrx_word' id='word_1_330' title='bbox 1952 2856 2112 2927; x_wconf 84' lang='lat' dir='ltr'><strong>digne</strong></span> 
     </span>
    </p>
   </div>
   <div class='ocr_carea' id='block_1_52' title="bbox 2210 2851 3777 2938">
    <p class='ocr_par' dir='ltr' id='par_1_52' title="bbox 2221 2865 3777 2938">
     <span class='ocr_line' id='line_1_52' title="bbox 2221 2865 3777 2938; baseline 0.001 -21"><span class='ocrx_word' id='word_1_331' title='bbox 2221 2865 2296 2936; x_wconf 82' lang='grc' dir='ltr'>ρῷ</span> <span class='ocrx_word' id='word_1_332' title='bbox 2341 2866 2621 2934; x_wconf 81' lang='grc' dir='ltr'><strong>ὑψωθέντα</strong></span> <span class='ocrx_word' id='word_1_333' title='bbox 2659 2868 2841 2938; x_wconf 78' lang='grc' dir='ltr'>σαρκί.</span> <span class='ocrx_word' id='word_1_334' title='bbox 2890 2868 2955 2922; x_wconf 69' lang='grc' dir='ltr'><strong>Σὲ</strong></span> <span class='ocrx_word' id='word_1_335' title='bbox 2977 2872 3025 2922; x_wconf 76' lang='grc' dir='ltr'>οἱ</span> <span class='ocrx_word' id='word_1_336' title='bbox 3055 2869 3238 2922; x_wconf 71' lang='grc' dir='ltr'>πιστοὶ</span> <span class='ocrx_word' id='word_1_337' title='bbox 3296 2867 3536 2931; x_wconf 70' lang='grc' dir='ltr'>ἅπαντες</span> <span class='ocrx_word' id='word_1_338' title='bbox 3604 2867 3777 2933; x_wconf 78' lang='grc' dir='ltr'>ἀξίως</span> 
     </span>
    </p>
   </div>
   <div class='ocr_carea' id='block_1_53' title="bbox 551 2943 2118 3026">
    <p class='ocr_par' dir='ltr' id='par_1_53' title="bbox 551 2943 1477 3018">
     <span class='ocr_line' id='line_1_53' title="bbox 551 2943 1477 3018; baseline 0.006 -20"><span class='ocrx_word' id='word_1_339' title='bbox 551 2957 682 2999; x_wconf 91' lang='lat' dir='ltr'><strong>cum</strong></span> <span class='ocrx_word' id='word_1_340' title='bbox 719 2943 861 3000; x_wconf 85' lang='lat' dir='ltr'><strong>Filio</strong></span> <span class='ocrx_word' id='word_1_341' title='bbox 901 2955 993 3001; x_wconf 85' lang='lat' dir='ltr'><strong>tuo</strong></span> <span class='ocrx_word' id='word_1_342' title='bbox 1030 2947 1477 3018; x_wconf 70' lang='lat' dir='ltr'><strong>depraadicamns.</strong></span> 
     </span>
    </p>
   </div>
   <div class='ocr_carea' id='block_1_54' title="bbox 1498 2943 3065 3026">
    <p class='ocr_par' dir='ltr' id='par_1_54' title="bbox 2219 2953 3065 3026">
     <span class='ocr_line' id='line_1_54' title="bbox 2219 2953 3065 3026; baseline 0.005 -19"><span class='ocrx_word' id='word_1_343' title='bbox 2219 2955 2314 3008; x_wconf 82' lang='grc' dir='ltr'>σὺν</span> <span class='ocrx_word' id='word_1_344' title='bbox 2350 2953 2523 3026; x_wconf 82' lang='grc' dir='ltr'><strong>τούτῳ</strong></span> <span class='ocrx_word' id='word_1_345' title='bbox 2554 2955 2648 3010; x_wconf 83' lang='grc' dir='ltr'><strong>νῦν</strong></span> <span class='ocrx_word' id='word_1_346' title='bbox 2672 2955 3065 3026; x_wconf 82' lang='grc' dir='ltr'>μεγαλύνομεν.</span> 
     </span>
    </p>
   </div>
   <div class='ocr_carea' id='block_1_55' title="bbox 1126 3055 2693 3134">
    <p class='ocr_par' dir='ltr' id='par_1_55' title="bbox 1126 3055 1551 3113">
     <span class='ocr_line' id='line_1_55' title="bbox 1126 3055 1551 3113; baseline 0.014 -6"><span class='ocrx_word' id='word_1_347' title='bbox 1126 3055 1281 3109; x_wconf 76' lang='lat' dir='ltr'><strong>Finis</strong></span> <span class='ocrx_word' id='word_1_348' title='bbox 1312 3059 1551 3113; x_wconf 74' lang='lat' dir='ltr'><strong>canonis.</strong></span> 
     </span>
    </p>
   </div>
   <div class='ocr_carea' id='block_1_56' title="bbox 1748 3055 3315 3134">
    <p class='ocr_par' dir='ltr' id='par_1_56' title="bbox 2708 3067 3315 3134">
     <span class='ocr_line' id='line_1_56' title="bbox 2708 3067 3315 3134; baseline 0.002 -12"><span class='ocrx_word' id='word_1_349' title='bbox 2708 3069 2886 3134; x_wconf 79' lang='grc' dir='ltr'>Τέλος</span> <span class='ocrx_word' id='word_1_350' title='bbox 2907 3067 3013 3123; x_wconf 82' lang='grc' dir='ltr'><strong>τοῦ</strong></span> <span class='ocrx_word' id='word_1_351' title='bbox 3041 3068 3315 3134; x_wconf 80' lang='grc' dir='ltr'><strong>κανόνος.</strong></span> 
     </span>
    </p>
   </div>
   <div class='ocr_carea' id='block_1_57' title="bbox 564 3235 3781 3264">
    <p class='ocr_par' dir='ltr' id='par_1_57' title="bbox 564 3235 3781 3264">
     <span class='ocr_line' id='line_1_57' title="bbox 564 3235 3781 3264; baseline 0.002 -5"><span class='ocrx_word' id='word_1_352' title='bbox 564 3235 3781 3264; x_wconf 51' lang='lat' dir='ltr'><strong>m</strong></span> 
     </span>
    </p>
   </div>
   <div class='ocr_carea' id='block_1_58' title="bbox 1039 3397 3294 3497">
    <p class='ocr_par' dir='ltr' id='par_1_58' title="bbox 1039 3397 3294 3497">
     <span class='ocr_line' id='line_1_58' title="bbox 1039 3397 3294 3497; baseline 0.002 -11"><span class='ocrx_word' id='word_1_353' title='bbox 1039 3397 1419 3488; x_wconf 88' lang='lat' dir='ltr'><strong>CANON</strong></span> <span class='ocrx_word' id='word_1_354' title='bbox 1523 3400 2133 3490; x_wconf 86' lang='lat' dir='ltr'><strong>EPINICIUS</strong></span> <span class='ocrx_word' id='word_1_355' title='bbox 2228 3403 2444 3493; x_wconf 90' lang='lat' dir='ltr'><strong>SEU</strong></span> <span class='ocrx_word' id='word_1_356' title='bbox 2531 3404 3294 3497; x_wconf 74' lang='lat' dir='ltr'><strong>VICTORIALIS</strong></span> 
     </span>
    </p>
   </div>
   <div class='ocr_carea' id='block_1_59' title="bbox 1682 3624 2642 3675">
    <p class='ocr_par' dir='ltr' id='par_1_59' title="bbox 1682 3624 2642 3675">
     <span class='ocr_line' id='line_1_59' title="bbox 1682 3624 2642 3675; baseline 0.002 -4"><span class='ocrx_word' id='word_1_357' title='bbox 1682 3624 1750 3672; x_wconf 80' lang='lat' dir='ltr'><strong>IN</strong></span> <span class='ocrx_word' id='word_1_358' title='bbox 1788 3627 2136 3672; x_wconf 77' lang='lat' dir='ltr'><strong>ERECTIONE</strong></span> <span class='ocrx_word' id='word_1_359' title='bbox 2177 3628 2265 3672; x_wconf 88' lang='lat' dir='ltr'><strong>SS.</strong></span> <span class='ocrx_word' id='word_1_360' title='bbox 2307 3628 2642 3675; x_wconf 68' lang='lat' dir='ltr'><strong>MAGINUM.</strong></span> 
     </span>
    </p>
   </div>
   <div class='ocr_carea' id='block_1_60' title="bbox 1411 3787 2902 3863">
    <p class='ocr_par' dir='ltr' id='par_1_60' title="bbox 1411 3787 2902 3863">
     <span class='ocr_line' id='line_1_60' title="bbox 1411 3787 2902 3863; baseline 0.005 -19"><span class='ocrx_word' id='word_1_361' title='bbox 1411 3791 1705 3856; x_wconf 73' lang='lat' dir='ltr'><strong>Bnomus,</strong></span> <span class='ocrx_word' id='word_1_362' title='bbox 1743 3789 1969 3843; x_wconf 77' lang='lat' dir='ltr'><strong>Annales</strong></span> <span class='ocrx_word' id='word_1_363' title='bbox 2004 3787 2409 3861; x_wconf 73' lang='lat' dir='ltr'><strong>Ecclesiastici;</strong></span> <span class='ocrx_word' id='word_1_364' title='bbox 2444 3800 2485 3849; x_wconf 85' lang='lat' dir='ltr'><strong>t.</strong></span> <span class='ocrx_word' id='word_1_365' title='bbox 2520 3789 2620 3856; x_wconf 81' lang='lat' dir='ltr'><strong>IX,</strong></span> <span class='ocrx_word' id='word_1_366' title='bbox 2655 3807 2710 3863; x_wconf 71' lang='grc' dir='ltr'>ιι.</span> <span class='ocrx_word' id='word_1_367' title='bbox 2745 3793 2902 3853; x_wconf 78' lang='grc'><strong>1059.</strong></span> 
     </span>
    </p>
   </div>
   <div class='ocr_carea' id='block_1_61' title="bbox 624 4023 3775 4103">
    <p class='ocr_par' dir='ltr' id='par_1_61' title="bbox 624 4023 3775 4103">
     <span class='ocr_line' id='line_1_61' title="bbox 624 4023 3775 4103; baseline 0.003 -23"><span class='ocrx_word' id='word_1_368' title='bbox 624 4023 918 4080; x_wconf 76' lang='lat' dir='ltr'><strong>Confessor</strong></span> <span class='ocrx_word' id='word_1_369' title='bbox 938 4025 1076 4081; x_wconf 90' lang='lat' dir='ltr'><strong>alius</strong></span> <span class='ocrx_word' id='word_1_370' title='bbox 1111 4025 1244 4095; x_wconf 89' lang='lat' dir='ltr'><strong>(etsi</strong></span> <span class='ocrx_word' id='word_1_371' title='bbox 1268 4024 1586 4083; x_wconf 89' lang='lat' dir='ltr'><strong>Theodorus</strong></span> <span class='ocrx_word' id='word_1_372' title='bbox 1611 4027 1826 4082; x_wconf 85' lang='lat' dir='ltr'><strong>Studita</strong></span> <span class='ocrx_word' id='word_1_373' title='bbox 1853 4043 1975 4084; x_wconf 83' lang='lat' dir='ltr'><strong>esse</strong></span> <span class='ocrx_word' id='word_1_374' title='bbox 2004 4045 2106 4083; x_wconf 88' lang='lat' dir='ltr'><strong>non</strong></span> <span class='ocrx_word' id='word_1_375' title='bbox 2131 4031 2340 4100; x_wconf 89' lang='lat' dir='ltr'><strong>potuit,</strong></span> <span class='ocrx_word' id='word_1_376' title='bbox 2370 4032 2461 4102; x_wconf 88' lang='lat' dir='ltr'><strong>qui</strong></span> <span class='ocrx_word' id='word_1_377' title='bbox 2479 4032 2593 4102; x_wconf 84' lang='lat' dir='ltr'><strong>jam</strong></span> <span class='ocrx_word' id='word_1_378' title='bbox 2625 4040 2751 4087; x_wconf 88' lang='lat' dir='ltr'><strong>ante</strong></span> <span class='ocrx_word' id='word_1_379' title='bbox 2780 4033 2897 4088; x_wconf 62' lang='lat' dir='ltr'><strong>haec</strong></span> <span class='ocrx_word' id='word_1_380' title='bbox 2933 4043 3168 4103; x_wconf 89' lang='lat' dir='ltr'><strong>tempora</strong></span> <span class='ocrx_word' id='word_1_381' title='bbox 3190 4048 3254 4088; x_wconf 86' lang='lat' dir='ltr'><strong>ex</strong></span> <span class='ocrx_word' id='word_1_382' title='bbox 3295 4032 3395 4086; x_wconf 88' lang='lat' dir='ltr'><strong>hac</strong></span> <span class='ocrx_word' id='word_1_383' title='bbox 3427 4034 3537 4086; x_wconf 90' lang='lat' dir='ltr'><strong>vita</strong></span> <span class='ocrx_word' id='word_1_384' title='bbox 3565 4032 3775 4102; x_wconf 80' lang='lat' dir='ltr'><strong>migra-</strong></span> 
     </span>
    </p>
   </div>
   <div class='ocr_carea' id='block_1_62' title="bbox 557 4113 3760 4189">
    <p class='ocr_par' dir='ltr' id='par_1_62' title="bbox 557 4113 3760 4189">
     <span class='ocr_line' id='line_1_62' title="bbox 557 4113 3760 4189; baseline 0.002 -21"><span class='ocrx_word' id='word_1_385' title='bbox 557 4117 675 4180; x_wconf 81' lang='lat' dir='ltr'><strong>rat)</strong></span> <span class='ocrx_word' id='word_1_386' title='bbox 707 4114 871 4168; x_wconf 92' lang='lat' dir='ltr'><strong>alium</strong></span> <span class='ocrx_word' id='word_1_387' title='bbox 902 4123 1028 4167; x_wconf 92' lang='lat' dir='ltr'><strong>tunc</strong></span> <span class='ocrx_word' id='word_1_388' title='bbox 1055 4117 1333 4183; x_wconf 88' lang='lat' dir='ltr'><strong>temporis,</strong></span> <span class='ocrx_word' id='word_1_389' title='bbox 1371 4113 1481 4169; x_wconf 88' lang='lat' dir='ltr'><strong>Deo</strong></span> <span class='ocrx_word' id='word_1_390' title='bbox 1504 4116 1824 4183; x_wconf 85' lang='lat' dir='ltr'><strong>inspirante,</strong></span> <span class='ocrx_word' id='word_1_391' title='bbox 1857 4119 2183 4187; x_wconf 88' lang='lat' dir='ltr'><strong>conscripsit</strong></span> <span class='ocrx_word' id='word_1_392' title='bbox 2209 4120 2469 4188; x_wconf 83' lang='lat' dir='ltr'><strong>hymnum</strong></span> <span class='ocrx_word' id='word_1_393' title='bbox 2493 4163 2508 4186; x_wconf 96' lang='lat'><strong>,</strong></span> <span class='ocrx_word' id='word_1_394' title='bbox 2540 4136 2648 4189; x_wconf 91' lang='lat' dir='ltr'><strong>quo</strong></span> <span class='ocrx_word' id='word_1_395' title='bbox 2673 4129 2940 4174; x_wconf 88' lang='lat' dir='ltr'><strong>concentu</strong></span> <span class='ocrx_word' id='word_1_396' title='bbox 2982 4121 3281 4175; x_wconf 85' lang='lat' dir='ltr'><strong>oblectaret</strong></span> <span class='ocrx_word' id='word_1_397' title='bbox 3322 4119 3624 4173; x_wconf 88' lang='lat' dir='ltr'><strong>Ecclesiam</strong></span> <span class='ocrx_word' id='word_1_398' title='bbox 3647 4161 3663 4184; x_wconf 93' lang='lat'><strong>,</strong></span> <span class='ocrx_word' id='word_1_399' title='bbox 3706 4130 3760 4176; x_wconf 84' lang='lat' dir='ltr'><strong>et</strong></span> 
     </span>
    </p>
   </div>
   <div class='ocr_carea' id='block_1_63' title="bbox 557 4202 3766 4274">
    <p class='ocr_par' dir='ltr' id='par_1_63' title="bbox 557 4202 3766 4274">
     <span class='ocr_line' id='line_1_63' title="bbox 557 4202 3766 4274; baseline 0.002 -19"><span class='ocrx_word' id='word_1_400' title='bbox 557 4202 747 4255; x_wconf 84' lang='lat' dir='ltr'><strong>aculeo</strong></span> <span class='ocrx_word' id='word_1_401' title='bbox 787 4202 1067 4270; x_wconf 88' lang='lat' dir='ltr'><strong>impeteret</strong></span> <span class='ocrx_word' id='word_1_402' title='bbox 1099 4202 1332 4271; x_wconf 83' lang='lat' dir='ltr'><strong>perﬁdos</strong></span> <span class='ocrx_word' id='word_1_403' title='bbox 1362 4202 1723 4259; x_wconf 84' lang='lat' dir='ltr'><strong>lconoclastas</strong></span> <span class='ocrx_word' id='word_1_404' title='bbox 1749 4222 1762 4258; x_wconf 90' lang='lat'>:</span> <span class='ocrx_word' id='word_1_405' title='bbox 1795 4221 1956 4273; x_wconf 89' lang='lat' dir='ltr'><strong>quem</strong></span> <span class='ocrx_word' id='word_1_406' title='bbox 1993 4206 2044 4258; x_wconf 92' lang='lat' dir='ltr'><strong>in</strong></span> <span class='ocrx_word' id='word_1_407' title='bbox 2074 4206 2299 4260; x_wconf 89' lang='lat' dir='ltr'><strong>solemni</strong></span> <span class='ocrx_word' id='word_1_408' title='bbox 2331 4208 2679 4274; x_wconf 90' lang='lat' dir='ltr'><strong>processione</strong></span> <span class='ocrx_word' id='word_1_409' title='bbox 2715 4207 3014 4262; x_wconf 88' lang='lat' dir='ltr'><strong>canendum</strong></span> <span class='ocrx_word' id='word_1_410' title='bbox 3042 4215 3171 4261; x_wconf 90' lang='lat' dir='ltr'><strong>tunc</strong></span> <span class='ocrx_word' id='word_1_411' title='bbox 3199 4207 3457 4273; x_wconf 88' lang='lat' dir='ltr'><strong>temporis</strong></span> <span class='ocrx_word' id='word_1_412' title='bbox 3486 4204 3766 4261; x_wconf 83' lang='lat' dir='ltr'><strong>Constan-</strong></span> 
     </span>
    </p>
   </div>
   <div class='ocr_carea' id='block_1_64' title="bbox 561 4287 3772 4361">
    <p class='ocr_par' dir='ltr' id='par_1_64' title="bbox 561 4287 3772 4361">
     <span class='ocr_line' id='line_1_64' title="bbox 561 4287 3772 4361; baseline 0.003 -22"><span class='ocrx_word' id='word_1_413' title='bbox 561 4287 920 4356; x_wconf 79' lang='lat' dir='ltr'><strong>tiuopulitana</strong></span> <span class='ocrx_word' id='word_1_414' title='bbox 958 4289 1198 4357; x_wconf 88' lang='lat' dir='ltr'><strong>suscepit</strong></span> <span class='ocrx_word' id='word_1_415' title='bbox 1236 4289 1474 4343; x_wconf 86' lang='lat' dir='ltr'><strong>Ecclesia</strong></span> <span class='ocrx_word' id='word_1_416' title='bbox 1504 4329 1520 4352; x_wconf 91' lang='lat'><strong>,</strong></span> <span class='ocrx_word' id='word_1_417' title='bbox 1566 4306 1689 4344; x_wconf 94' lang='lat' dir='ltr'><strong>cum</strong></span> <span class='ocrx_word' id='word_1_418' title='bbox 1725 4291 1887 4344; x_wconf 87' lang='lat' dir='ltr'><strong>veluti</strong></span> <span class='ocrx_word' id='word_1_419' title='bbox 1935 4293 1986 4344; x_wconf 91' lang='lat' dir='ltr'><strong>in</strong></span> <span class='ocrx_word' id='word_1_420' title='bbox 2030 4292 2361 4361; x_wconf 84' lang='lat' dir='ltr'><strong>triumphum</strong></span> <span class='ocrx_word' id='word_1_421' title='bbox 2402 4309 2571 4348; x_wconf 77' lang='lat' dir='ltr'><strong>sacra:</strong></span> <span class='ocrx_word' id='word_1_422' title='bbox 2614 4295 2937 4348; x_wconf 85' lang='lat' dir='ltr'><strong>veherentur</strong></span> <span class='ocrx_word' id='word_1_423' title='bbox 2979 4292 3242 4361; x_wconf 81' lang='lat' dir='ltr'><strong>imagines</strong></span> <span class='ocrx_word' id='word_1_424' title='bbox 3275 4313 3286 4346; x_wconf 90' lang='lat'>:</span> <span class='ocrx_word' id='word_1_425' title='bbox 3320 4306 3479 4360; x_wconf 92' lang='lat' dir='ltr'><strong>quem</strong></span> <span class='ocrx_word' id='word_1_426' title='bbox 3510 4293 3676 4345; x_wconf 85' lang='lat' dir='ltr'><strong>etiam</strong></span> <span class='ocrx_word' id='word_1_427' title='bbox 3705 4311 3772 4350; x_wconf 88' lang='lat' dir='ltr'><strong>ne</strong></span> 
     </span>
    </p>
   </div>
   <div class='ocr_carea' id='block_1_65' title="bbox 556 4373 3768 4449">
    <p class='ocr_par' dir='ltr' id='par_1_65' title="bbox 556 4373 3768 4449">
     <span class='ocr_line' id='line_1_65' title="bbox 556 4373 3768 4449; baseline 0.003 -24"><span class='ocrx_word' id='word_1_428' title='bbox 556 4375 684 4444; x_wconf 88' lang='lat' dir='ltr'><strong>quid</strong></span> <span class='ocrx_word' id='word_1_429' title='bbox 718 4373 810 4426; x_wconf 88' lang='lat' dir='ltr'><strong>tihi</strong></span> <span class='ocrx_word' id='word_1_430' title='bbox 836 4375 1026 4428; x_wconf 87' lang='lat' dir='ltr'><strong>deesse</strong></span> <span class='ocrx_word' id='word_1_431' title='bbox 1056 4377 1228 4443; x_wconf 82' lang='lat' dir='ltr'><strong>possit</strong></span> <span class='ocrx_word' id='word_1_432' title='bbox 1259 4377 1324 4429; x_wconf 87' lang='lat' dir='ltr'><strong>ad</strong></span> <span class='ocrx_word' id='word_1_433' title='bbox 1371 4377 1587 4445; x_wconf 90' lang='lat' dir='ltr'><strong>plenum</strong></span> <span class='ocrx_word' id='word_1_434' title='bbox 1619 4377 1874 4446; x_wconf 89' lang='lat' dir='ltr'><strong>gaudium</strong></span> <span class='ocrx_word' id='word_1_435' title='bbox 1904 4377 1973 4432; x_wconf 90' lang='lat' dir='ltr'><strong>ob</strong></span> <span class='ocrx_word' id='word_1_436' title='bbox 2003 4389 2326 4444; x_wconf 87' lang='lat' dir='ltr'><strong>prostratam</strong></span> <span class='ocrx_word' id='word_1_437' title='bbox 2365 4384 2692 4448; x_wconf 87' lang='lat' dir='ltr'><strong>impietatem</strong></span> <span class='ocrx_word' id='word_1_438' title='bbox 2720 4422 2736 4447; x_wconf 96' lang='lat'><strong>,</strong></span> <span class='ocrx_word' id='word_1_439' title='bbox 2781 4391 2834 4436; x_wconf 89' lang='lat' dir='ltr'><strong>et</strong></span> <span class='ocrx_word' id='word_1_440' title='bbox 2875 4382 3030 4436; x_wconf 82' lang='lat' dir='ltr'><strong>ﬁdem</strong></span> <span class='ocrx_word' id='word_1_441' title='bbox 3071 4381 3394 4436; x_wconf 75' lang='lat' dir='ltr'><strong>catholicam</strong></span> <span class='ocrx_word' id='word_1_442' title='bbox 3436 4384 3768 4449; x_wconf 70' lang='lat' dir='ltr'><strong>exaltatum,</strong></span> 
     </span>
    </p>
   </div>
   <div class='ocr_carea' id='block_1_66' title="bbox 558 4461 3770 4536">
    <p class='ocr_par' dir='ltr' id='par_1_66' title="bbox 558 4461 3770 4536">
     <span class='ocr_line' id='line_1_66' title="bbox 558 4461 3770 4536; baseline 0.002 -22"><span class='ocrx_word' id='word_1_443' title='bbox 558 4462 644 4514; x_wconf 85' lang='lat' dir='ltr'><strong>hic</strong></span> <span class='ocrx_word' id='word_1_444' title='bbox 672 4461 766 4513; x_wconf 84' lang='lat' dir='ltr'><strong>tibi</strong></span> <span class='ocrx_word' id='word_1_445' title='bbox 800 4461 1150 4514; x_wconf 79' lang='lat' dir='ltr'><strong>occinendum</strong></span> <span class='ocrx_word' id='word_1_446' title='bbox 1178 4463 1477 4530; x_wconf 87' lang='lat' dir='ltr'><strong>posuimus,</strong></span> <span class='ocrx_word' id='word_1_447' title='bbox 1510 4465 1600 4531; x_wconf 88' lang='lat' dir='ltr'><strong>qui</strong></span> <span class='ocrx_word' id='word_1_448' title='bbox 1633 4464 1712 4517; x_wconf 89' lang='lat' dir='ltr'><strong>sic</strong></span> <span class='ocrx_word' id='word_1_449' title='bbox 1738 4480 1795 4517; x_wconf 84' lang='lat' dir='ltr'><strong>se</strong></span> <span class='ocrx_word' id='word_1_450' title='bbox 1828 4466 1985 4517; x_wconf 85' lang='lat' dir='ltr'><strong>habet</strong></span> <span class='ocrx_word' id='word_1_451' title='bbox 2017 4468 2117 4520; x_wconf 90' lang='lat' dir='ltr'><strong>hac</strong></span> <span class='ocrx_word' id='word_1_452' title='bbox 2152 4467 2499 4535; x_wconf 82' lang='lat' dir='ltr'><strong>inscriptione</strong></span> <span class='ocrx_word' id='word_1_453' title='bbox 2533 4479 2745 4522; x_wconf 90' lang='lat' dir='ltr'><strong>notatus</strong></span> <span class='ocrx_word' id='word_1_454' title='bbox 2778 4485 2792 4521; x_wconf 89' lang='lat'><strong>:</strong></span> <span class='ocrx_word' id='word_1_455' title='bbox 2825 4467 3008 4521; x_wconf 86' lang='lat' dir='ltr'><strong>Canon</strong></span> <span class='ocrx_word' id='word_1_456' title='bbox 3039 4469 3318 4536; x_wconf 72' lang='lat' dir='ltr'><strong>epinicius,</strong></span> <span class='ocrx_word' id='word_1_457' title='bbox 3349 4486 3436 4521; x_wconf 78' lang='lat' dir='ltr'><strong>seu</strong></span> <span class='ocrx_word' id='word_1_458' title='bbox 3475 4471 3770 4524; x_wconf 74' lang='lat' dir='ltr'><strong>victorialis</strong></span> 
     </span>
    </p>
   </div>
   <div class='ocr_carea' id='block_1_67' title="bbox 556 4544 3775 4620">
    <p class='ocr_par' dir='ltr' id='par_1_67' title="bbox 556 4544 3775 4620">
     <span class='ocr_line' id='line_1_67' title="bbox 556 4544 3775 4620; baseline 0.003 -22"><span class='ocrx_word' id='word_1_459' title='bbox 556 4563 588 4598; x_wconf 91' lang='lat' dir='ltr'><strong>a</strong></span> <span class='ocrx_word' id='word_1_460' title='bbox 630 4544 898 4599; x_wconf 78' lang='lat' dir='ltr'><strong>Theodoro</strong></span> <span class='ocrx_word' id='word_1_461' title='bbox 933 4544 1146 4600; x_wconf 80' lang='lat' dir='ltr'><strong>Studita</strong></span> <span class='ocrx_word' id='word_1_462' title='bbox 1176 4549 1466 4616; x_wconf 79' lang='lat' dir='ltr'><strong>confessorc</strong></span> <span class='ocrx_word' id='word_1_463' title='bbox 1492 4551 1818 4618; x_wconf 82' lang='lat' dir='ltr'><strong>conscriptus</strong></span> <span class='ocrx_word' id='word_1_464' title='bbox 1838 4592 1852 4612; x_wconf 91' lang='lat'><strong>,</strong></span> <span class='ocrx_word' id='word_1_465' title='bbox 1897 4562 1944 4605; x_wconf 84' lang='lat' dir='ltr'><strong>et</strong></span> <span class='ocrx_word' id='word_1_466' title='bbox 1975 4554 2083 4605; x_wconf 76' lang='lat' dir='ltr'><strong>suis</strong></span> <span class='ocrx_word' id='word_1_467' title='bbox 2115 4551 2248 4606; x_wconf 72' lang='lat' dir='ltr'><strong>Odi:</strong></span> <span class='ocrx_word' id='word_1_468' title='bbox 2272 4555 2579 4616; x_wconf 75' lang='lat' dir='ltr'><strong>distinctus,</strong></span> <span class='ocrx_word' id='word_1_469' title='bbox 2630 4570 2724 4607; x_wconf 73' lang='lat' dir='ltr'><strong>usu</strong></span> <span class='ocrx_word' id='word_1_470' title='bbox 2769 4567 2998 4620; x_wconf 80' lang='lat' dir='ltr'><strong>receptus</strong></span> <span class='ocrx_word' id='word_1_471' title='bbox 3025 4566 3079 4607; x_wconf 85' lang='lat' dir='ltr'><strong>ut</strong></span> <span class='ocrx_word' id='word_1_472' title='bbox 3103 4564 3378 4608; x_wconf 79' lang='lat' dir='ltr'><strong>caneretur</strong></span> <span class='ocrx_word' id='word_1_473' title='bbox 3400 4593 3415 4614; x_wconf 94' lang='lat'><strong>,</strong></span> <span class='ocrx_word' id='word_1_474' title='bbox 3445 4556 3571 4606; x_wconf 83' lang='lat' dir='ltr'><strong>dum</strong></span> <span class='ocrx_word' id='word_1_475' title='bbox 3602 4572 3775 4608; x_wconf 67' lang='lat' dir='ltr'><strong>sacri:</strong></span> 
     </span>
    </p>
   </div>
   <div class='ocr_carea' id='block_1_68' title="bbox 561 4633 3773 4712">
    <p class='ocr_par' dir='ltr' id='par_1_68' title="bbox 561 4633 3773 4712">
     <span class='ocr_line' id='line_1_68' title="bbox 561 4633 3773 4712; baseline 0.003 -27"><span class='ocrx_word' id='word_1_476' title='bbox 561 4633 847 4687; x_wconf 70' lang='lat' dir='ltr'><strong>ﬂaminica:</strong></span> <span class='ocrx_word' id='word_1_477' title='bbox 869 4636 1038 4688; x_wconf 79' lang='lat' dir='ltr'><strong>crucis</strong></span> <span class='ocrx_word' id='word_1_478' title='bbox 1068 4636 1266 4705; x_wconf 83' lang='lat' dir='ltr'><strong>lignum</strong></span> <span class='ocrx_word' id='word_1_479' title='bbox 1291 4645 1340 4691; x_wconf 81' lang='lat' dir='ltr'><strong>et</strong></span> <span class='ocrx_word' id='word_1_480' title='bbox 1369 4638 1674 4692; x_wconf 77' lang='lat' dir='ltr'><strong>veneranda:</strong></span> <span class='ocrx_word' id='word_1_481' title='bbox 1706 4638 1959 4707; x_wconf 75' lang='lat' dir='ltr'><strong>imagines</strong></span> <span class='ocrx_word' id='word_1_482' title='bbox 1985 4641 2438 4709; x_wconf 70' lang='lat' dir='ltr'><strong>processionaliter</strong></span> <span class='ocrx_word' id='word_1_483' title='bbox 2470 4643 2642 4711; x_wconf 86' lang='lat' dir='ltr'><strong>prima</strong></span> <span class='ocrx_word' id='word_1_484' title='bbox 2674 4642 2948 4696; x_wconf 85' lang='lat' dir='ltr'><strong>Dominica</strong></span> <span class='ocrx_word' id='word_1_485' title='bbox 2983 4642 3424 4712; x_wconf 78' lang='lat' dir='ltr'><strong>Quadragcsima:</strong></span> <span class='ocrx_word' id='word_1_486' title='bbox 3452 4640 3773 4696; x_wconf 74' lang='lat' dir='ltr'><strong>Constanti-</strong></span> 
     </span>
    </p>
   </div>
   <div class='ocr_carea' id='block_1_69' title="bbox 557 4721 1054 4791">
    <p class='ocr_par' dir='ltr' id='par_1_69' title="bbox 557 4721 1054 4791">
     <span class='ocr_line' id='line_1_69' title="bbox 557 4721 1054 4791; baseline 0.004 -16"><span class='ocrx_word' id='word_1_487' title='bbox 557 4721 732 4790; x_wconf 81' lang='lat' dir='ltr'><strong>nopoli</strong></span> <span class='ocrx_word' id='word_1_488' title='bbox 765 4730 1054 4791; x_wconf 74' lang='lat' dir='ltr'><strong>gestantur.</strong></span> 
     </span>
    </p>
   </div>
   <div class='ocr_carea' id='block_1_70' title="bbox 1067 4889 2634 4957">
    <p class='ocr_par' dir='ltr' id='par_1_70' title="bbox 1067 4889 2174 4957">
     <span class='ocr_line' id='line_1_70' title="bbox 1067 4889 2174 4957; baseline 0.001 -14"><span class='ocrx_word' id='word_1_489' title='bbox 1067 4889 1299 4944; x_wconf 81' lang='lat' dir='ltr'><strong><em>ALTER</em></strong></span> <span class='ocrx_word' id='word_1_490' title='bbox 1341 4889 1600 4947; x_wconf 77' lang='lat' dir='ltr'><strong>CANON</strong></span> <span class='ocrx_word' id='word_1_491' title='bbox 2124 4897 2174 4957; x_wconf 67' lang='grc' dir='ltr'>(ζ</span> 
     </span>
    </p>
   </div>
   <div class='ocr_carea' id='block_1_71' title="bbox 1697 4889 3264 4957">
    <p class='ocr_par' dir='ltr' id='par_1_71' title="bbox 2124 4897 3264 4957">
     <span class='ocr_line' id='line_1_71' title="bbox 2124 4897 3264 4957; baseline 0.003 -11"><span class='ocrx_word' id='word_1_492' title='bbox 2124 4897 2174 4957; x_wconf 79' lang='lat' dir='ltr'><strong><em>C</em></strong></span> <span class='ocrx_word' id='word_1_493' title='bbox 2709 4897 2991 4948; x_wconf 76' lang='grc' dir='ltr'><em>ΕΤΕΡΟΣ</em></span> <span class='ocrx_word' id='word_1_494' title='bbox 3019 4897 3264 4950; x_wconf 82' lang='grc' dir='ltr'><em>ΚΑΝΩΝ</em></span> 
     </span>
    </p>
   </div>
   <div class='ocr_carea' id='block_1_72' title="bbox 558 4982 2125 5062">
    <p class='ocr_par' dir='ltr' id='par_1_72' title="bbox 558 4982 2109 5062">
     <span class='ocr_line' id='line_1_72' title="bbox 558 4982 2109 5062; baseline 0.004 -27"><span class='ocrx_word' id='word_1_495' title='bbox 558 4982 660 5049; x_wconf 84' lang='lat' dir='ltr'><strong>Qui</strong></span> <span class='ocrx_word' id='word_1_496' title='bbox 690 4984 899 5062; x_wconf 66' lang='lat' dir='ltr'><strong>canitur</strong></span> <span class='ocrx_word' id='word_1_497' title='bbox 925 4986 978 5037; x_wconf 87' lang='lat' dir='ltr'><strong>in</strong></span> <span class='ocrx_word' id='word_1_498' title='bbox 1008 4988 1258 5062; x_wconf 69' lang='lat' dir='ltr'><strong>erectione</strong></span> <span class='ocrx_word' id='word_1_499' title='bbox 1294 4989 1903 5062; x_wconf 59' lang='lat' dir='ltr'><strong>sanctarnntintaginum</strong></span> <span class='ocrx_word' id='word_1_500' title='bbox 1934 5005 1953 5043; x_wconf 88' lang='lat'><strong><em>:</em></strong></span> <span class='ocrx_word' id='word_1_501' title='bbox 1983 5005 2109 5058; x_wconf 75' lang='lat' dir='ltr'><strong>opus</strong></span> 
     </span>
    </p>
   </div>
   <div class='ocr_carea' id='block_1_73' title="bbox 2208 4982 3775 5062">
    <p class='ocr_par' dir='ltr' id='par_1_73' title="bbox 2216 4983 3775 5062">
     <span class='ocr_line' id='line_1_73' title="bbox 2216 4983 3775 5062; baseline 0.003 -28"><span class='ocrx_word' id='word_1_502' title='bbox 2216 4983 2613 5062; x_wconf 43' lang='lat' dir='ltr'><strong>Ta3.1‘d_usrog_</strong></span> <span class='ocrx_word' id='word_1_503' title='bbox 2651 4985 2737 5062; x_wconf 66' lang='grc' dir='ltr'><strong>εἷς</strong></span> <span class='ocrx_word' id='word_1_504' title='bbox 2781 4986 2921 5062; x_wconf 39' lang='grc' dir='ltr'><strong>τὴν-</strong></span> <span class='ocrx_word' id='word_1_505' title='bbox 2943 4984 3374 5062; x_wconf 50' lang='grc' dir='ltr'><strong>ἀγαστήέωσιξ·</strong></span> <span class='ocrx_word' id='word_1_506' title='bbox 3421 4983 3538 5062; x_wconf 52' lang='grc' dir='ltr'><strong>τίῆν</strong></span> <span class='ocrx_word' id='word_1_507' title='bbox 3587 4987 3775 5062; x_wconf 48' lang='lat' dir='ltr'><strong>513-le-</strong></span> 
     </span>
    </p>
   </div>
   <div class='ocr_carea' id='block_1_74' title="bbox 718 5053 2285 5176">
    <p class='ocr_par' dir='ltr' id='par_1_74' title="bbox 718 5053 2285 5174">
     <span class='ocr_line' id='line_1_74' title="bbox 718 5053 2285 5112; baseline 0.004 -5"><span class='ocrx_word' id='word_1_508' title='bbox 718 5054 951 5107; x_wconf 78' lang='lat' dir='ltr'><strong>videlicet</strong></span> <span class='ocrx_word' id='word_1_509' title='bbox 985 5057 1153 5108; x_wconf 74' lang='lat' dir='ltr'><strong>sancti</strong></span> <span class='ocrx_word' id='word_1_510' title='bbox 1188 5056 1366 5110; x_wconf 78' lang='lat' dir='ltr'><strong>Putris</strong></span> <span class='ocrx_word' id='word_1_511' title='bbox 1401 5055 1654 5110; x_wconf 79' lang='lat' dir='ltr'><strong>Theodori</strong></span> <span class='ocrx_word' id='word_1_512' title='bbox 1693 5053 1941 5112; x_wconf 17' lang='lat' dir='ltr'><strong>Situdilw.</strong></span> <span class='ocrx_word' id='word_1_513' title='bbox 2013 5053 2023 5058; x_wconf 58' lang='grc'>⁷</span> <span class='ocrx_word' id='word_1_514' title='bbox 2276 5071 2285 5102; x_wconf 69' lang='grc' dir='ltr'><em>δ</em></span> 
     </span>
     <span class='ocr_line' id='line_1_75' title="bbox 2275 5140 2285 5174; baseline 0 0"><span class='ocrx_word' id='word_1_515' title='bbox 2275 5140 2285 5174; x_wconf 73' lang='lat'><strong>1</strong></span> 
     </span>
    </p>
   </div>
   <div class='ocr_carea' id='block_1_75' title="bbox 2208 5053 3775 5176">
    <p class='ocr_par' dir='ltr' id='par_1_75' title="bbox 2275 5053 3775 5176">
     <span class='ocr_line' id='line_1_76' title="bbox 2276 5053 3775 5123; baseline 0.005 -22"><span class='ocrx_word' id='word_1_516' title='bbox 2276 5053 2537 5105; x_wconf 76' lang='grc' dir='ltr'><strong>εΙκόνων.</strong></span> <span class='ocrx_word' id='word_1_517' title='bbox 2567 5054 2791 5120; x_wconf 81' lang='grc' dir='ltr'><strong>Ποίημα</strong></span> <span class='ocrx_word' id='word_1_518' title='bbox 2822 5053 2926 5106; x_wconf 82' lang='grc' dir='ltr'><strong>τοῦ</strong></span> <span class='ocrx_word' id='word_1_519' title='bbox 2961 5055 3037 5122; x_wconf 77' lang='grc' dir='ltr'><strong>ἀγ</strong></span> <span class='ocrx_word' id='word_1_520' title='bbox 3060 5073 3132 5108; x_wconf 85' lang='grc' dir='ltr'>ου</span> <span class='ocrx_word' id='word_1_521' title='bbox 3176 5055 3398 5121; x_wconf 80' lang='grc' dir='ltr'><strong>Πατρὸς</strong></span> <span class='ocrx_word' id='word_1_522' title='bbox 3467 5055 3775 5123; x_wconf 76' lang='grc' dir='ltr'>Θεοδώρου</span> 
     </span>
     <span class='ocr_line' id='line_1_77' title="bbox 2275 5121 2753 5176; baseline -0.002 -1"><span class='ocrx_word' id='word_1_523' title='bbox 2275 5121 2380 5175; x_wconf 83' lang='grc' dir='ltr'><strong>τοῦ</strong></span> <span class='ocrx_word' id='word_1_524' title='bbox 2412 5122 2753 5176; x_wconf 76' lang='grc' dir='ltr'><strong>Στουδίτου.</strong></span> 
     </span>
    </p>
   </div>
   <div class='ocr_carea' id='block_1_76' title="bbox 1220 5232 2787 5307">
    <p class='ocr_par' dir='ltr' id='par_1_76' title="bbox 1220 5232 1434 5286">
     <span class='ocr_line' id='line_1_78' title="bbox 1220 5232 1434 5286; baseline -0.005 0"><span class='ocrx_word' id='word_1_525' title='bbox 1220 5232 1355 5286; x_wconf 82' lang='lat' dir='ltr'><strong>ODA</strong></span> <span class='ocrx_word' id='word_1_526' title='bbox 1396 5232 1434 5286; x_wconf 92' lang='grc' dir='ltr'><strong>Ι.</strong></span> 
     </span>
    </p>
   </div>
   <div class='ocr_carea' id='block_1_77' title="bbox 1538 5232 3105 5307">
    <p class='ocr_par' dir='ltr' id='par_1_77' title="bbox 2858 5237 3105 5307">
     <span class='ocr_line' id='line_1_79' title="bbox 2858 5237 3105 5307; baseline 0.016 -19"><span class='ocrx_word' id='word_1_527' title='bbox 2858 5237 2988 5307; x_wconf 71' lang='lat' dir='ltr'><strong>om</strong></span> <span class='ocrx_word' id='word_1_528' title='bbox 3027 5239 3105 5293; x_wconf 78' lang='lat' dir='ltr'><strong>A&#39;.</strong></span> 
     </span>
    </p>
   </div>
   <div class='ocr_carea' id='block_1_78' title="bbox 630 5342 2197 5468">
    <p class='ocr_par' dir='ltr' id='par_1_78' title="bbox 630 5342 2023 5417">
     <span class='ocr_line' id='line_1_80' title="bbox 630 5342 2023 5417; baseline 0.006 -20"><span class='ocrx_word' id='word_1_529' title='bbox 630 5342 758 5398; x_wconf 86' lang='lat' dir='ltr'><strong>Ton.</strong></span> <span class='ocrx_word' id='word_1_530' title='bbox 793 5344 824 5399; x_wconf 90' lang='lat'><strong>6</strong></span> <span class='ocrx_word' id='word_1_531' title='bbox 856 5346 1023 5398; x_wconf 79' lang='lat' dir='ltr'><strong>instar</strong></span> <span class='ocrx_word' id='word_1_532' title='bbox 1054 5345 1199 5399; x_wconf 79' lang='lat' dir='ltr'><strong>illius</strong></span> <span class='ocrx_word' id='word_1_533' title='bbox 1226 5361 1244 5398; x_wconf 88' lang='lat'><strong><em>:</em></strong></span> <span class='ocrx_word' id='word_1_534' title='bbox 1275 5347 1504 5416; x_wconf 79' lang='lat' dir='ltr'><strong>Adjutor</strong></span> <span class='ocrx_word' id='word_1_535' title='bbox 1530 5359 1577 5402; x_wconf 89' lang='lat' dir='ltr'><strong>et</strong></span> <span class='ocrx_word' id='word_1_536' title='bbox 1605 5359 1886 5417; x_wconf 84' lang='lat' dir='ltr'><strong>protector,</strong></span> <span class='ocrx_word' id='word_1_537' title='bbox 1916 5359 2023 5406; x_wconf 89' lang='lat' dir='ltr'><strong>etc.</strong></span> 
     </span>
    </p>
   </div>
   <div class='ocr_carea' id='block_1_79' title="bbox 2207 5342 3774 5468">
    <p class='ocr_par' dir='ltr' id='par_1_79' title="bbox 2209 5346 3774 5468">
     <span class='ocr_line' id='line_1_81' title="bbox 2209 5346 3774 5419; baseline -0.001 -15"><span class='ocrx_word' id='word_1_538' title='bbox 2209 5346 2389 5419; x_wconf 69' lang='lat' dir='ltr'><strong>&#39;onc</strong></span> <span class='ocrx_word' id='word_1_539' title='bbox 2413 5348 2663 5417; x_wconf 73' lang='grc' dir='ltr'>πλάγιος</span> <span class='ocrx_word' id='word_1_540' title='bbox 2695 5346 2997 5416; x_wconf 82' lang='grc' dir='ltr'>δευτέρου,</span> <span class='ocrx_word' id='word_1_541' title='bbox 3037 5350 3207 5417; x_wconf 81' lang='grc' dir='ltr'>πρός·</span> <span class='ocrx_word' id='word_1_542' title='bbox 3248 5347 3471 5416; x_wconf 81' lang='grc' dir='ltr'><strong>Βοηθὸς</strong></span> <span class='ocrx_word' id='word_1_543' title='bbox 3505 5346 3607 5401; x_wconf 72' lang='grc' dir='ltr'><strong>καὶ</strong></span> <span class='ocrx_word' id='word_1_544' title='bbox 3635 5365 3774 5402; x_wconf 79' lang='grc' dir='ltr'>σκε-</span> 
     </span>
     <span class='ocr_line' id='line_1_82' title="bbox 2730 5419 3238 5468; baseline 0 0"><span class='ocrx_word' id='word_1_545' title='bbox 2730 5419 2985 5468; x_wconf 72' lang='grc' dir='ltr'>παστὴο-</span> <span class='ocrx_word' id='word_1_546' title='bbox 3018 5437 3069 5468; x_wconf 85' lang='grc' dir='ltr'><strong>κ.</strong></span> <span class='ocrx_word' id='word_1_547' title='bbox 3110 5436 3159 5468; x_wconf 86' lang='lat'><strong>1.</strong></span> <span class='ocrx_word' id='word_1_548' title='bbox 3189 5419 3238 5468; x_wconf 90' lang='grc' dir='ltr'><strong>λ.</strong></span> 
     </span>
    </p>
   </div>
   <div class='ocr_carea' id='block_1_80' title="bbox 2730 5434 3238 5485">
    <p class='ocr_par' dir='ltr' id='par_1_80' title="bbox 2730 5434 3238 5485">
     <span class='ocr_line' id='line_1_83' title="bbox 2730 5434 3238 5485; baseline -0.004 -14"><span class='ocrx_word' id='word_1_549' title='bbox 2730 5434 2985 5485; x_wconf 82' lang='grc' dir='ltr'><strong>παστης,</strong></span> <span class='ocrx_word' id='word_1_550' title='bbox 3018 5437 3069 5472; x_wconf 86' lang='grc' dir='ltr'><strong>κ.</strong></span> <span class='ocrx_word' id='word_1_551' title='bbox 3110 5436 3159 5472; x_wconf 85' lang='grc' dir='ltr'><strong>τ.</strong></span> <span class='ocrx_word' id='word_1_552' title='bbox 3190 5434 3238 5469; x_wconf 80' lang='grc' dir='ltr'><strong>Α.</strong></span> 
     </span>
    </p>
   </div>
   <div class='ocr_carea' id='block_1_81' title="bbox 623 5437 2190 5581">
    <p class='ocr_par' dir='ltr' id='par_1_81' title="bbox 623 5504 2110 5581">
     <span class='ocr_line' id='line_1_84' title="bbox 623 5504 2110 5581; baseline 0.004 -21"><span class='ocrx_word' id='word_1_553' title='bbox 623 5504 915 5570; x_wconf 87' lang='lat' dir='ltr'><strong>Canamns,</strong></span> <span class='ocrx_word' id='word_1_554' title='bbox 950 5521 983 5560; x_wconf 96' lang='lat' dir='ltr'><strong>o</strong></span> <span class='ocrx_word' id='word_1_555' title='bbox 1018 5506 1223 5569; x_wconf 87' lang='lat' dir='ltr'><strong>ﬁdeles,</strong></span> <span class='ocrx_word' id='word_1_556' title='bbox 1251 5519 1465 5562; x_wconf 89' lang='lat' dir='ltr'><strong>cantum</strong></span> <span class='ocrx_word' id='word_1_557' title='bbox 1497 5525 1593 5577; x_wconf 87' lang='lat' dir='ltr'><strong>pro</strong></span> <span class='ocrx_word' id='word_1_558' title='bbox 1622 5510 1914 5581; x_wconf 87' lang='lat' dir='ltr'><strong>gratiarum</strong></span> <span class='ocrx_word' id='word_1_559' title='bbox 1942 5512 2110 5566; x_wconf 84' lang='lat' dir='ltr'><strong>actio-</strong></span> 
     </span>
    </p>
   </div>
   <div class='ocr_carea' id='block_1_82' title="bbox 2201 5437 3768 5581">
    <p class='ocr_par' dir='ltr' id='par_1_82' title="bbox 2279 5437 3768 5581">
     <span class='ocr_line' id='line_1_85' title="bbox 2730 5437 3238 5485; baseline -0.006 -14"><span class='ocrx_word' id='word_1_560' title='bbox 2730 5437 2985 5485; x_wconf 83' lang='grc' dir='ltr'><strong>παστης,</strong></span> <span class='ocrx_word' id='word_1_561' title='bbox 3018 5437 3069 5472; x_wconf 87' lang='grc' dir='ltr'><strong>κ.</strong></span> <span class='ocrx_word' id='word_1_562' title='bbox 3110 5437 3159 5472; x_wconf 84' lang='grc' dir='ltr'><strong>τ.</strong></span> <span class='ocrx_word' id='word_1_563' title='bbox 3190 5437 3238 5469; x_wconf 79' lang='grc' dir='ltr'><strong>Α.</strong></span> 
     </span>
     <span class='ocr_line' id='line_1_86' title="bbox 2279 5506 3768 5581; baseline -0.003 -17"><span class='ocrx_word' id='word_1_564' title='bbox 2279 5510 2641 5581; x_wconf 82' lang='grc' dir='ltr'>Χαριστήριον</span> <span class='ocrx_word' id='word_1_565' title='bbox 2689 5509 2827 5580; x_wconf 77' lang='grc' dir='ltr'><strong>ᾠδὴν</strong></span> <span class='ocrx_word' id='word_1_566' title='bbox 2873 5510 2951 5580; x_wconf 82' lang='grc' dir='ltr'><strong>τῷ</strong></span> <span class='ocrx_word' id='word_1_567' title='bbox 2997 5510 3231 5579; x_wconf 77' lang='grc' dir='ltr'><strong>εὖργέτῃ</strong></span> <span class='ocrx_word' id='word_1_568' title='bbox 3295 5506 3414 5577; x_wconf 88' lang='grc' dir='ltr'><strong>Θεῷ</strong></span> <span class='ocrx_word' id='word_1_569' title='bbox 3462 5508 3571 5561; x_wconf 79' lang='grc' dir='ltr'>τῶν</span> <span class='ocrx_word' id='word_1_570' title='bbox 3625 5509 3768 5560; x_wconf 83' lang='grc' dir='ltr'>ὅλων</span> 
     </span>
    </p>
   </div>
   <div class='ocr_carea' id='block_1_83' title="bbox 554 5595 2121 5673">
    <p class='ocr_par' dir='ltr' id='par_1_83' title="bbox 554 5597 2108 5671">
     <span class='ocr_line' id='line_1_87' title="bbox 554 5597 2108 5671; baseline 0.003 -17"><span class='ocrx_word' id='word_1_571' title='bbox 554 5611 624 5654; x_wconf 88' lang='lat' dir='ltr'><strong>ne</strong></span> <span class='ocrx_word' id='word_1_572' title='bbox 644 5597 1021 5651; x_wconf 87' lang='lat' dir='ltr'><strong>universorum</strong></span> <span class='ocrx_word' id='word_1_573' title='bbox 1057 5597 1164 5652; x_wconf 91' lang='lat' dir='ltr'><strong>Deo</strong></span> <span class='ocrx_word' id='word_1_574' title='bbox 1184 5608 1237 5653; x_wconf 85' lang='lat' dir='ltr'><strong>et</strong></span> <span class='ocrx_word' id='word_1_575' title='bbox 1258 5599 1585 5654; x_wconf 83' lang='lat' dir='ltr'><strong>benefactori</strong></span> <span class='ocrx_word' id='word_1_576' title='bbox 1607 5642 1621 5665; x_wconf 93' lang='lat'><strong>,</strong></span> <span class='ocrx_word' id='word_1_577' title='bbox 1654 5604 1910 5671; x_wconf 87' lang='lat' dir='ltr'><strong>quoniam</strong></span> <span class='ocrx_word' id='word_1_578' title='bbox 1937 5605 2108 5658; x_wconf 79' lang='lat' dir='ltr'><strong>erexit</strong></span> 
     </span>
    </p>
   </div>
   <div class='ocr_carea' id='block_1_84' title="bbox 2203 5595 3770 5673">
    <p class='ocr_par' dir='ltr' id='par_1_84' title="bbox 2208 5595 3770 5673">
     <span class='ocr_line' id='line_1_88' title="bbox 2208 5595 3770 5673; baseline -0.003 -19"><span class='ocrx_word' id='word_1_579' title='bbox 2208 5601 2449 5673; x_wconf 73' lang='grc' dir='ltr'>ᾅσωμεν,</span> <span class='ocrx_word' id='word_1_580' title='bbox 2489 5601 2688 5665; x_wconf 75' lang='grc' dir='ltr'>πιστοὶ,</span> <span class='ocrx_word' id='word_1_581' title='bbox 2717 5600 2798 5652; x_wconf 85' lang='grc' dir='ltr'><strong>ὃτι</strong></span> <span class='ocrx_word' id='word_1_582' title='bbox 2863 5599 3048 5670; x_wconf 72' lang='grc' dir='ltr'>ἧγειρε</span> <span class='ocrx_word' id='word_1_583' title='bbox 3088 5598 3352 5667; x_wconf 85' lang='grc' dir='ltr'>σωτήριον</span> <span class='ocrx_word' id='word_1_584' title='bbox 3389 5596 3577 5668; x_wconf 81' lang='grc' dir='ltr'><strong>κέρας,</strong></span> <span class='ocrx_word' id='word_1_585' title='bbox 3609 5595 3770 5666; x_wconf 78' lang='grc' dir='ltr'>βασι-</span> 
     </span>
    </p>
   </div>
   <div class='ocr_carea' id='block_1_85' title="bbox 557 5688 2124 5764">
    <p class='ocr_par' dir='ltr' id='par_1_85' title="bbox 557 5688 2105 5762">
     <span class='ocr_line' id='line_1_89' title="bbox 557 5688 2105 5762; baseline 0.005 -20"><span class='ocrx_word' id='word_1_586' title='bbox 557 5703 724 5742; x_wconf 85' lang='lat' dir='ltr'><strong>cornu</strong></span> <span class='ocrx_word' id='word_1_587' title='bbox 752 5688 962 5748; x_wconf 88' lang='lat' dir='ltr'><strong>salutis.</strong></span> <span class='ocrx_word' id='word_1_588' title='bbox 991 5698 1044 5744; x_wconf 86' lang='lat' dir='ltr'><strong>et</strong></span> <span class='ocrx_word' id='word_1_589' title='bbox 1068 5699 1256 5760; x_wconf 89' lang='lat' dir='ltr'><strong>potens</strong></span> <span class='ocrx_word' id='word_1_590' title='bbox 1281 5690 1585 5762; x_wconf 88' lang='lat' dir='ltr'><strong>imperium,</strong></span> <span class='ocrx_word' id='word_1_591' title='bbox 1619 5694 1681 5750; x_wconf 82' lang='lat' dir='ltr'><strong>ad</strong></span> <span class='ocrx_word' id='word_1_592' title='bbox 1715 5704 1916 5750; x_wconf 86' lang='lat' dir='ltr'><strong>rectam</strong></span> <span class='ocrx_word' id='word_1_593' title='bbox 1947 5695 2105 5750; x_wconf 89' lang='lat' dir='ltr'><strong>ﬁdem</strong></span> 
     </span>
    </p>
   </div>
   <div class='ocr_carea' id='block_1_86' title="bbox 1774 5688 3341 5764">
    <p class='ocr_par' dir='ltr' id='par_1_86' title="bbox 1776 5688 3341 5764">
     <span class='ocr_line' id='line_1_90' title="bbox 1776 5688 3341 5764; baseline -0.004 -16"><span class='ocrx_word' id='word_1_594' title='bbox 1776 5704 1916 5748; x_wconf 85' lang='lat' dir='ltr'><strong>ctam</strong></span> <span class='ocrx_word' id='word_1_595' title='bbox 1947 5695 2105 5750; x_wconf 89' lang='lat' dir='ltr'><strong>ﬁdem</strong></span> <span class='ocrx_word' id='word_1_596' title='bbox 2209 5696 2356 5750; x_wconf 77' lang='grc' dir='ltr'>λείαν</span> <span class='ocrx_word' id='word_1_597' title='bbox 2384 5693 2666 5764; x_wconf 84' lang='grc' dir='ltr'><strong>κραταιὰν,</strong></span> <span class='ocrx_word' id='word_1_598' title='bbox 2705 5690 3009 5762; x_wconf 80' lang='grc' dir='ltr'>ὀρθοδοξίας</span> <span class='ocrx_word' id='word_1_599' title='bbox 3041 5688 3341 5760; x_wconf 84' lang='grc' dir='ltr'>πρόμαχον.</span> 
     </span>
    </p>
   </div>
   <div class='ocr_carea' id='block_1_87' title="bbox 559 5780 957 5850">
    <p class='ocr_par' dir='ltr' id='par_1_87' title="bbox 559 5780 957 5850">
     <span class='ocr_line' id='line_1_91' title="bbox 559 5780 957 5850; baseline 0.003 -17"><span class='ocrx_word' id='word_1_600' title='bbox 559 5780 957 5850; x_wconf 80' lang='lat' dir='ltr'><strong>protegendam.</strong></span> 
     </span>
    </p>
   </div>
  </div>
