3968 6444
203 385 348 451 1769

1123 390 1367 451 CANON
1418 391 1498 450 IN
1536 386 1961 450 ERECTIONE
2003 385 2106 446 SS.
2148 383 2562 444 lMAGINUM.

3299 385 3430 450 1770

292 498 564 567 Ἐπεφάνη
592 497 805 569 άληθῶς
844 501 877 568 ὴ
905 499 1024 553 θεία
1053 500 1206 570 χάρις
1237 501 1301 570 τῇ
1331 500 1620 568 οίκουμένῃ
1641 495 1757 561 δόξα

1940 491 2200 561 Apparuit
2228 505 2410 544 revera
2440 489 2619 543 divina
2659 489 2826 557 gratia
2849 531 2864 553 ,
2905 499 2958 543 et
3004 491 3255 547 universo
3289 497 3406 549 orbi

203 593 303 644 καὶ
328 591 462 660 τιμὴ
491 591 897 661 πεφανέρωταιο
935 594 1132 662 σκιρτᾷ
1172 591 1463 661 Ἐκκλησία
1497 590 1765 659 δεξαμένη

199 687 306 756 τὴν
335 683 544 753 στολὴν,
577 683 672 752 τῆς
704 683 904 751 ἑαυτῆς
930 683 1279 753 γυμνώσεως.

278 859 382 911 Τὸν
412 857 616 928 χιτῶνα.
656 858 750 912 τοῦ
796 857 1032 931 Χριστοῦ
1080 860 1472 932 διερρηγμένον
1526 862 1630 914 ὑπὸ
1672 863 1765 916 τοῦ

202 947 411 1000 πλάνου
463 947 558 999 καὶ
605 947 1040 1018 ’φαρμακουργοῦ
1108 948 1353 1002 Ἰωάννου
1401 949 1460 1003 τὸ
1508 951 1656 1020 πρὶν,
1719 953 1768 1003 οἱ

203 1038 344 1092 θεῖοι
395 1037 634 1109 Πατέρες
683 1036 1040 1107 ὲξυφάναντες
1084 1038 1292 1108 σαφῶς,
1345 1041 1411 1111 τῇ
1470 1041 1765 1116 Ἰζκκλησίτμ⁵

201 1129 498 1183 δεδώκασι.
1076 1165 1081 1173 -

276 1222 384 1275 Τοῦ
413 1221 619 1291 Κυρίου
660 1221 760 1292 τὴν
810 1221 1020 1293 μορφὴν
1063 1223 1411 1278 ἀπολαϐοῦσα
1461 1227 1494 1295 ἡ
1537 1225 1765 1292 Ἐκκληο

207 1313 320 1378 σία,
350 1315 528 1385 χαίρει
581 1315 674 1368 καὶ
708 1315 898 1385 σκιρτᾷ
928 1314 1024 1367 σὺν
1064 1317 1177 1378 τοῖς
1223 1317 1431 1378 τέκνοις
1473 1317 1660 1386 αὐτῆς,
1691 1318 1765 1379 ὡς

205 1406 367 1476 νίκης
394 1405 618 1477 βραδεῖα
637 1405 899 1476 δεξαμένη
932 1405 1058 1478 παρ’
1085 1407 1270 1471 αὑτοῦ,
1299 1406 1603 1479 ὁρθοδοξίας
1628 1408 1764 1478 σύμ-

206 1496 364 1550 εολα.

277 1585 730 1656 Αίσχυνθήτωσαν
772 1586 976 1654 λοιπὸν,
1007 1588 1102 1642 καὶ⁵
1139 1589 1562 1659 ὲντραπήτωσαν
1597 1607 1766 1661 μεμη-

204 1679 362 1741 νότες
383 1693 397 1706 ·
430 1679 599 1748 Λήζιξ
621 1680 651 1731 ὁ
677 1679 868 1744 δεινὸς,
892 1681 988 1733 καὶ
1026 1679 1328 1743 Ἀντώνιος,
1351 1680 1448 1732 σὺν
1465 1681 1544 1752 τῷ
1577 1677 1762 1735 Ἰωάν-

203 1786 294 1840 νῃ,
328 1770 423 1822 καὶ
467 1769 737 1841 Θεόδωρος
763 1772 983 1842 ἀμφοῖν,
1016 1773 1066 1825 οἱ
1103 1773 1330 1843 ἀρνητα)⁸
1360 1773 1456 1842 τῆς
1503 1772 1755 1837 πίστεως.

284 1949 545 2014 Ἰωαννὶς,
576 1954 672 2004 καί⁸
697 1953 940 2025 Ἰαμδρὶς
964 1954 1349 2024 ἀνθεστηκότες
1369 1957 1446 2029 τῷ
1475 1959 1759 2031 νομοθέτῃ,

201 2042 372 2094 πάλαι
426 2044 633 2112 Μωῦσῇ
685 2044 1154 2118 κατῃσχύνθησαν.
1193 2047 1329 2101 Νυνὶ
1387 2049 1444 2102 δὲ
1485 2052 1514 2104 ὀ
1563 2051 1762 2116 πλάνος

213 2130 469 2199 Ἰωάννης
495 2131 729 2201 άληθῶς,
763 2135 858 2188 σὺν
896 2134 1165 2205 ’Δντωνίῳ
1189 2135 1513 2192 δείκνυνται.

271 2306 344 2360 Σὺ
383 2306 690 2380 διέρῤηξας,
723 2311 941 2378 Χριστὲ,
975 2313 1074 2384 τὴν
1107 2314 1369 2388 ξυνωρίδα
1406 2319 1515 2374 τῶν
1563 2320 1760 2390 θεομά-

197 2409 329 2464 χων,
362 2395 456 2448 καὶ
491 2397 582 2449 τὸν
612 2396 899 2468 στολισμὸν
939 2401 1282 2468 ἀποδέδωκας
1328 2409 1394 2477 τῇ
1434 2411 1500 2478 σῇ
1539 2409 1763 2481 Ἐκκλη-

198 2484 313 2549 σία,
345 2487 487 2557 υπὲρ
523 2483 590 2558 ἧς
616 2487 692 2549 ὡς
721 2489 942 2556 ἀγαθὸς,
971 2492 1032 2544 τὸ
1066 2489 1205 2564 αἷμά
1240 2515 1332 2551 σου
1372 2499 1612 2570 ἐξέχεας.

267 2663 298 2716 θ
345 2665 442 2736 (Ξ).
481 2665 549 2718 Σὲ
592 2666 784 2738 Τριάς,
818 2670 1086 2742 Θεολογῶ,
1117 2677 1210 2729 καὶ
1239 2682 1530 2747 προσκυνῶ
1580 2701 1673 2738 σου
1703 2687 1762 2740 τὸ

196 2754 340 2807 θεῖον
377 2755 597 2826 κράτοςο
623 2757 783 2827 ῥῦσαι
817 2764 1138 2835 πειρασμῶν
1161 2769 1224 2820 ἐκ
1252 2773 1518 2824 παντοίων
1548 2791 1634 2841 με.
1665 2776 1756 2832 ΕΞ.

1874 584 2046 637 honor
2070 590 2122 636 et
2151 581 2318 650 gloria
2347 590 2430 635 cst
2465 579 2835 635 manifestata.
2865 581 3115 638 Exsultat
3144 594 3426 654 propterea

1871 673 2072 729 Christi
2106 672 2346 727 Ecclesia
2373 711 2387 735 ,
2435 680 2650 740 recepta
2702 673 2840 726 stola
2861 714 2875 738 ,
2912 689 3017 742 qua
3056 673 3237 730 fuerat
3271 686 3428 731 antea

1869 773 2053 819 exuta.

1938 855 2140 911 Christi
2189 862 2392 910 vestem
2451 864 2605 908 antea
2661 854 2986 924 discerptam
3045 872 3076 910 a
3142 859 3428 914 seductore

1869 954 1923 1000 et
1952 947 2367 1015 pharmacorum
2411 945 2802 1000 concinnatore
2835 944 3042 999 Joanne
3073 928 3268 1002 .sancti
3323 947 3428 1002 Pa-

1869 1048 1978 1091 tres
2007 1038 2202 1091 iterum
2235 1043 2587 1092 contexentes
2612 1078 2627 1102 ,
2675 1038 2934 1092 Ecclesiae
2979 1038 3123 1092 illam
3175 1040 3430 1094 restitue-

1869 1137 2013 1182 runt.

1937 1219 2150 1276 Domini
2200 1222 2428 1292 ﬁguratn
2473 1234 2761 1276 resumens
2807 1221 3050 1277 Ecclesia
3076 1263 3091 1288 ,
3133 1224 3331 1292 gaudet
3373 1235 3430 1277 et

1865 1311 2098 1367 exsultat
2144 1327 2252 1368 una
2296 1328 2418 1368 cum
2459 1313 2584 1367 ﬁliis
2621 1312 2777 1376 suis.
2824 1327 2946 1366 cum
3002 1313 3069 1366 ab
3115 1314 3208 1368 illo
3255 1315 3426 1369 victo-

1869 1402 1964 1458 riaa
1993 1402 2240 1458 bravium
2274 1404 2542 1474 acceperit
2585 1415 2744 1458 recta:
2774 1404 3028 1459 videlicet
3073 1403 3197 1459 ﬁdei
3239 1421 3424 1460 sacra-

1867 1503 2067 1548 menta.

1936 1585 2358 1642 Confundantur
2399 1587 2453 1640 in
2490 1595 2768 1656 posterum
2795 1628 2810 1652 ,
2856 1596 2911 1641 et
2961 1595 3310 1641 revereantur
3343 1587 3427 1639 in-

1867 1680 1990 1733 sani
2024 1679 2132 1745 illi,
2183 1678 2376 1734 Lezius
2406 1678 2480 1750 (1)
2522 1679 2731 1734 scilicet
2757 1678 2944 1734 furens
2970 1719 2985 1742 ,
3039 1687 3092 1733 et
3120 1679 3385 1733 Antonius
3409 1719 3424 1742 ,

1866 1784 1972 1822 una
1993 1784 2115 1823 cum
2133 1768 2361 1834 Joanne,
2379 1779 2434 1823 et
2455 1769 2769 1836 Theodoro,-
2789 1770 3055 1825 ambobus
3083 1769 3203 1823 ﬁdei
3230 1769 3415 1824 deser-

1797 1878 1838 1932 Β
1869 1858 2100 1923 toribus,

1930 1947 2171 2007 Joannes
2217 1963 2272 2008 et
2309 1952 2548 2008 Mambre
2589 1952 2884 2021 legislatori
2914 1951 3048 2008 Mosi
3074 1953 3201 2007 olim
3231 1952 3426 2006 adver-

1864 2042 2003 2106 sati,
2055 2043 2122 2097 ab
2170 2045 2290 2112 ipso
2328 2044 2480 2100 fuere
2520 2043 2780 2098 confusi:
2824 2059 2968 2098 nunc
3000 2057 3130 2097 vero
3173 2043 3428 2098 seductor

1860 2129 2097 2186 Joannes
2139 2148 2246 2187 una
2284 2148 2408 2189 cum
2446 2134 2687 2188 Antonio
2712 2171 2730 2199 ,
2772 2133 2959 2189 eadem
2987 2134 3134 2203 passi
3173 2149 3417 2190 noscun-

1864 2231 1971 2276 tur.

1946 2313 2052 2380 Tu,
2095 2313 2346 2381 Christe,
2398 2314 2494 2370 Dei
2540 2315 2727 2370 hostes
2757 2314 3056 2385 dissipasti.
3095 2325 3150 2371 et
3179 2325 3283 2372 tua:
3322 2315 3430 2371 Ec-

1861 2404 2040 2460 clesiae
2096 2422 2255 2461 suum
2317 2406 2569 2462 decorem
2623 2407 2949 2474 reddidisti,
3005 2423 3104 2477 pro
3161 2424 3310 2478 qua,
3366 2419 3427 2463 ut

1861 2501 2036 2554 bonus
2091 2507 2325 2569 pastor,
2375 2501 2698 2571 sanguinem
2750 2510 2902 2554 tuum
2956 2499 3165 2556 fudisti.
3225 2500 3414 2556 Gloria

1863 2588 2032 2644 Patri.

1931 2681 2008 2736 Te
2058 2682 2380 2738 Trinitatem
2410 2722 2426 2746 ,
2474 2699 2644 2738 unum
2687 2682 2858 2739 Deum
2911 2699 3148 2757 agnosco
3194 2695 3248 2740 et
3290 2700 3425 2740 con-

1862 2773 2058 2838 ﬁteor,
2110 2783 2165 2829 et
2201 2784 2350 2828 tuam
2397 2773 2637 2829 divinam
2683 2778 2978 2845 potentiam
3027 2778 3214 2841 adoro,
3255 2777 3425 2832 libera

199 2846 258 2939 at
302 2846 411 2917 γάρ
441 2849 683 2905 πιστεύω
709 2854 800 2906 τὸν
831 2855 1069 2925 Πατέρα,
1101 2859 1195 2912 καὶ
1226 2860 1370 2927 Υἰδν,
1408 2864 1502 2918 καὶ
1544 2867 1757 2939 Πνεῦμα

1886 2880 1968 2929 ne,
2004 2881 2210 2935 quaiso,
2244 2867 2311 2921 ah
2361 2867 2617 2922 omnibus
2658 2869 3068 2925 tentationibus.
3107 2867 3162 2922 ln
3195 2877 3248 2923 te
3278 2867 3424 2922 enim

195 2938 256 2990 τὸ
288 2941 576 3009 πανάγιον.
1692 2938 1698 2939 ⁷

1886 2957 2024 3012 :redo
2047 2997 2064 3021 ,
2097 2957 2310 3014 Patrem
2331 2999 2347 3024 ,
2379 2965 2434 3014 et
2461 2959 2662 3015 Filium
2686 3001 2701 3026 ,
2730 2969 2784 3016 et
2812 2961 3218 3016 sanctissimum
3258 2959 3428 3030 Spiri-

1866 3061 2005 3106 tum.

265 3110 443 3216 01(5).
467 3115 577 3186 Τὴν
598 3117 862 3188 βασίλειον
887 3123 1078 3191 στολὴν
1106 3128 1166 3180 ὲκ
1200 3129 1316 3195 σοῦ,
1344 3134 1605 3201 Παρθένε,
1630 3137 1757 3201 Θεὸς

1945 3141 2166 3212 Regiam
2201 3144 2418 3206 stolam.
2451 3159 2518 3197 ex
2550 3153 2622 3207 te,
2651 3142 2810 3216 Virgo
2832 3146 2972 3200 Deus
3000 3154 3216 3212 gestans
3250 3145 3428 3198 homi-

199 3206 460 3305 φορεσας,
476 3208 773 3305 ῶφθηῌτοῖς
795 3212 1005 3305 ρροτοῖς
1031 3219 1518 3295 άνθρωπόμοριιος,
1548 3227 1757 3282 διπλοῦ(

1886 3206 2334 3303 nibus'apparuit,
2367 3235 2420 3288 in
2451 3206 2941 3291 hominumvforma
2961 3276 2976 3301 ,
3001 3206 3207 3305 duplex
3241 3251 3428 3291 secun-

198 3299 314 3350 κατ⁹
340 3300 526 3354 οὐσίαν
549 3318 562 3332 ⁸
602 3296 666 3357 οὗ
687 3306 748 3358 τὸ
772 3301 908 3372 εἶδος
950 3309 1050 3380 τῆς
1083 3314 1294 3383 μορφῆς
1324 3316 1380 3368 ὲν
1402 3321 1757 3390 προσκυνήσει

1886 3324 1991 3378 lum
2025 3325 2322 3379 essentiam
2344 3365 2359 3389 ,
2391 3326 2551 3395 cujus
2579 3325 2805 3398 eﬁigiem
2854 3338 2907 3382 et
2949 3326 3175 3398 ﬁguram
3205 3341 3429 3382 venera-

197 3389 413 3461 ἔχομεν.

855 3494 988 3563 om
1029 3496 1102 3549 Γν.

269 3573 662 3645 Εὐφραίνεσθε,
715 3582 954 3649 ἅπαντες
1003 3591 1154 3658 χοροὶ
1195 3592 1455 3664 Πατέρων
1502 3598 1594 3650 καὶ
1628 3600 1761 3652 ἀπο-

199 3665 420 3731 στόλων,
450 3667 790 3738 καθορῶντες
837 3674 934 3746 τὴν
974 3681 1341 3753 προσκύνησιν
1362 3686 1470 3739 τῶν
1514 3689 1755 3756 εἰκόνων,

197 3756 370 3827 ἥνπερ
400 3762 658 3830 ἐμφανῶς
686 3782 760 3817 πα
768 3766 1056 3834 ρεδώκατε.

266 3934 341 3986 Τὸ
370 3935 566 4000 κάλλος
591 3955 691 4007 μου
717 3939 928 4007 ἔλαϐον,
973 3946 1067 3997 καὶ
1094 3947 1194 4017 τὴν
1234 3953 1427 4022 στολήν
1453 3972 1552 4020 μου
1578 3957 1757 4023 ἐνεδυ-

199 4024 400 4119 σάμην,
451 4027 696 4086 ἐκὸοάτω
739 4033 771 4101 ἡ
819 4035 1154 4104 πανάμωμος
1223 4042 1550 4114 Ἐκκλησία,
1582 4048 1757 4119 ἤνπερ

207 4115 460 4186 Ἰωάννης
484 4119 746 4185 ὲξέδυσεν.

263 4207 619 4279 Αίσχύνθητε,
669 4213 857 4284 ἄνομοι
878 4219 1313 4289 αἱρεσχελοῦντες
1348 4229 1488 4281 κατά
1516 4232 1718 4300 Κυρίου
1739 4250 1754 4266 ο

197 4300 480 4371 ἐσαρκὼθη
514 4306 607 4358 καὶ
645 4307 815 4380 ἐφάνη
852 4311 958 4379 γὰρ
984 4315 1044 4366 ὲν
1062 4317 1229 4370 εἰκόνι
1248 4335 1261 4348 °
1287 4320 1461 4392 ἥνπερ
1490 4326 1752 4393 σχετικὼς

194 4393 568 4464 ἀσπαζόμεθα.

262 4567 342 4620 Τά
378 4569 580 4640 βέϐηλα
620 4574 880 4646 δόγματα,
926 4582 1019 4633 καὶ
1062 4582 1158 4644 τὰς
1195 4585 1460 4656 ἀθέσμους
1501 4589 1753 4643 διδασκαο

192 4653 308 4718 λίας
355 4658 598 4713 Ἰωάννου
628 4663 721 4716 τοῦ
750 4669 1094 4739 παράφρονος
1146 4672 1225 4735 τίς
1247 4675 1447 4741 ἐξείποι
1472 4716 1485 4740 ,
1516 4680 1747 4748 τρόπους

194 4747 475 4815 δελφικοὺς
496 4754 868 4826 ὲκτιθέμενος;

270 4843 543 4915 Ἀνάθεμα
565 4848 779 4920 Λήζικι,
803 4855 895 4905 καὶ
928 4855 1146 4929 Ἰωάννῃ
1169 4857 1264 4910 σὺν
1305 4861 1590 4932 Ἀντωνίῳ,
1616 4863 1744 4914 Θεο-

192 4933 348 5006 δώρῳ
371 4936 449 5006 τῷ
481 4939 623 5010 άθέῳ
651 4959 709 4994 τε
760 4944 1202 5020 καὶβλασφήμῳ,
1230 4950 1344 5020 ἅμα
1369 4953 1606 5022 Θεοδότῳ
1638 4971 1745 5006 πα-

196 5041 301 5094 ραφ
311 5045 444 5096 ρονι,

263 5121 342 5173 Τά
370 5123 573 5192 αἵματα
589 5127 867 5197 κράζουσι,
898 5133 965 5185 τά
997 5135 1293 5203 ὲκχυθέντα
1315 5138 1452 5206 ὑπὲρ
1473 5139 1568 5210 τῆς
1599 5138 1748 5203 θείας

198 5216 533 5285 σαρκοφόρου
571 5221 877 5290 ὁμοιώσεως
925 5225 1020 5278 τοῦ
1055 5228 1347 5294 Δεσπότου,
1380 5230 1520 5300 άπερ
1564 5231 1746 5284 Ἰωάν-

196 5323 288 5374 νης
317 5307 547 5378 ἐξέχεεν.

1866 3432 2010 3470 mur.

2516 3506 2648 3562 ODA
2683 3508 2766 3566 ΠΙ.

1930 3602 2195 3666 Gaudete,
2241 3616 2431 3657 omnes
2496 3612 2810 3656 sanctorum
2870 3600 3090 3654 Patrum
3148 3611 3322 3657 coetus
3375 3613 3429 3659 et

1860 3696 2232 3765 apostolorum
2274 3696 2513 3755 chorus,
2572 3693 2926 3762 respicientes
2983 3693 3284 3764 imaginum
3337 3710 3428 3746 νε-

1861 3786 2238 3850 nerationem,
2283 3799 2446 3854 quam
2502 3800 2600 3840 vos
2652 3785 2754 3855 ipsi
2804 3784 2960 3839 nobis
3021 3795 3207 3852 aperte
3260 3787 3427 3838 tradi-

1862 3874 2042 3928 distis.

1929 3964 2393 4020 Pulchritudinem
2447 3979 2624 4018 meam
2677 3965 2881 4034 accepi,
2917 3972 2971 4017 et
3004 3965 3170 4018 decus
3214 3978 3419 4026 meum,

1860 4074 1921 4113 ac
1952 4073 2069 4113 mea
2113 4059 2250 4113 stola
2290 4073 2408 4113 sum
2445 4058 2658 4121 induta,
2701 4058 2898 4112 clamet
2940 4057 3290 4112 immaculata
3324 4056 3416 4110 Dei

1856 4151 2117 4213 Ecclesia,
2145 4165 2250 4218 qua
2283 4150 2428 4204 illam
2450 4148 2689 4205 Joannes
2710 4161 2955 4204 exuerat.

1924 4239 2332 4293 Confundimini
2387 4240 2538 4310 impii
2585 4242 2872 4294 adversum
2936 4238 3226 4294 Dominum
3270 4239 3423 4293 obla-

1857 4341 2059 4385 trantes
2099 4346 2360 4396 ;carnem
2407 4332 2552 4386 enim
2613 4334 2932 4402 assumpsit.
2990 4343 3044 4387 et
3093 4334 3422 4402 apparuitin

1856 4423 2106 4490 imagine,
2153 4437 2316 4491 quam
2367 4438 2468 4477 nos
2519 4423 2584 4476 ad
2623 4423 2805 4492 ipsum
2851 4424 3166 4487 referentes,
3197 4437 3425 4479 venera-

1787 4544 1828 4596 ο
1861 4529 2001 4566 mur.

1926 4603 2089 4672 Impia
2137 4605 2409 4674 dogmata,
2462 4614 2517 4659 et
2577 4605 2798 4659 insanas
2852 4605 3142 4658 doctrinas
3195 4607 3426 4660 amentis

1852 4693 2077 4750 Joannis
2133 4697 2258 4764 quis
2288 4696 2537 4750 enarret?
2586 4697 2711 4765 quis
2743 4696 2862 4765 ejus
2911 4707 3120 4765 tropos,
3148 4707 3203 4750 et
3233 4711 3426 4750 versu-

1854 4787 1955 4839 tias
1982 4787 2258 4855 delphicas
2283 4788 2555 4856 exponet?

1920 4879 2218 4932 Anathema
2248 4880 2493 4933 dicamus
2529 4878 2713 4942 Lezio.
2751 4890 2800 4934 et
2837 4878 3053 4943 Joanni,
3099 4895 3220 4933 cum
3254 4881 3423 4932 Anto-

1853 4971 1963 5027 nio.
1995 4981 2047 5024 et
2101 4972 2265 5040 impio
2316 4971 2606 5026 Theodoro
2664 4982 2722 5027 et
2806 4972 3146 5042 blasphemo,
3215 4986 3423 5026 necnon

1854 5063 2043 5116 insano
2075 5062 2374 5118 Theodoto.

1926 5153 2158 5223 Sanguis
2200 5157 2416 5220 clamat,
2476 5156 2569 5226 qui
2619 5155 2826 5210 eﬁ'nsus
2882 5165 2965 5210 est
2995 5173 3024 5209 a
3076 5154 3284 5209 Joanne
3327 5170 3425 5223 pro

1853 5244 2032 5298 dit-ina
2058 5246 2431 5310 similitudine,
2457 5256 2510 5300 et
2538 5249 2776 5316 imagine
2808 5245 3014 5301 Christi
3057 5246 3274 5300 Domini
3301 5261 3422 5299 car-

1857 5349 1976 5388 nem
2010 5337 2296 5405 gestantis.

1679 5434 1911 5494 ΝΟΤᾹΞ.

266 5516 340 5591 (1)
389 5515 543 5591 Hunc
577 5519 724 5573 illum
757 5521 1019 5588 perﬁdum
1054 5532 1216 5589 puto,
1266 5525 1356 5591 qui
1408 5541 1436 5577 a
1466 5525 1750 5580 Theodoro

201 5583 407 5640 Studita
435 5590 483 5640 in
516 5591 629 5643 suis
653 5583 894 5659 epistolis
916 5583 1173 5647 Leontius
1199 5583 1527 5659 nominatur,
1557 5611 1750 5649 corru-

199 5661 756 5728 ptorverodvocabulo
791 5661 991 5715 Lenius
1021 5664 1219 5715 dictus.

208 5724 348 5804 :‘('2)
377 5729 430 5804 0t
456 5725 568 5781 Hoc
599 5731 810 5804 signum
838 5733 975 5795 apud
1003 5732 1218 5804 Graecos
1242 5734 1439 5788 dicitur
1458 5735 1750 5804 τριαδικόν,

209 5794 256 5846 id
283 5807 384 5862 est,
419 5794 661 5868 hymnus
703 5801 768 5853 de
817 5794 1001 5855 sancta
1044 5801 1324 5870 Trinitate,
1370 5817 1424 5860 ct
1475 5794 1754 5876 propterea

515 5891 780 5949 ΡΑτῐιωι..
831 5895 942 5950 Gn.
989 5895 1194 5952 XCIX.

1859 5535 2182 5608 auteipsnm
2206 5536 2612 5608 cantaturoéﬁa
2639 5537 2831 5608 Πατρί,
2865 5547 2969 5592 etc.

1930 5605 2005 5672 (5)
2040 5606 2101 5658 δ’.
2135 5606 2250 5678 Hoc
2277 5621 2402 5678 vero
2420 5607 2629 5678 dicitur
2651 5605 2954 5672 Θεοτόκιον,
2981 5608 3032 5663 id
3060 5621 3162 5671 est,
3187 5610 3424 5678 hymnus

1860 5673 2292 5747 degsanctissima
2338 5676 2566 5745 Deipara
2617 5679 2703 5731 cui
2741 5679 3001 5747 praecedit
3047 5682 3139 5733 καὶ
3170 5673 3285 5744 νῦν,
3339 5680 3424 5730 mi.

1862 5744 1967 5812 ἀεί,
1990 5756 2096 5801 etc.
2125 5746 2230 5802 Pro
2261 5746 2414 5802 beata
2440 5744 2684 5819 Virgine.

2934 5905 3011 5963 56
