3968 6444
569 361 701 429 1771

628 468 845 540 Expulit
903 466 1169 520 Dominus
1239 463 1680 534 alienigenarum
1745 474 1998 528 turmas,

557 561 799 615 restituit
839 574 935 612 sua
985 558 1102 613 suis
1132 576 1146 613 :
1198 556 1371 628 glo‘ria
1405 557 1478 611 sit
1503 566 1791 627 propterea
1823 557 1943 627 ejus
1969 556 2126 610 boni-

559 652 676 706 tati.
704 649 891 705 Gloria
920 648 1087 703 Patri.

630 741 976 797 Voluntatem
1011 739 1278 810 principio
1307 748 1583 795 carentem
1611 749 1665 795 et
1709 741 2028 811 potentiam,
2074 747 2128 793 et

555 850 785 904 regnum
813 833 1096 887 Trinitatis
1121 833 1413 887 adoremus
1463 841 1610 886 recta
1641 831 1763 887 (ide.
1779 833 1967 887 Arium
1983 846 2126 886 sem-

558 942 677 995 per,
715 935 774 982 ut
802 941 897 997 par
923 933 1028 990 est,
1071 925 1336 978 conviciis
1366 924 1717 979 insectantes.

624 1016 762 1072 Vere
801 1027 852 1071 te
897 1016 1182 1072 Dominam
1227 1016 1577 1080 conﬁtemur,
1608 1030 1730 1084 quae
1762 1015 1933 1070 Deum
1959 1029 2124 1084 pepe-

550 1109 693 1174 risti,
724 1107 958 1162 Nestorii
985 1108 1145 1177 nugis
1169 1107 1452 1177 neglectis,
1483 1115 1539 1161 et
1561 1114 1880 1161 sanctorum
1901 1105 2123 1160 Patrum

551 1200 898 1270 dogmatibus
930 1200 1277 1256 inhaeremus.

1209 1288 1347 1344 oua
1376 1290 1493 1359 tv._

624 1381 850 1446 Laztare,
898 1379 1182 1446 Ecclesia,
1253 1388 1308 1435 et
1383 1397 1723 1452 unaquaeque
1806 1381 1997 1436 civitas
2071 1389 2125 1434 et

552 1472 721 1542 regio,
779 1487 902 1526 cum
951 1472 1314 1527 exsultatione
1369 1473 1568 1542 templa
1618 1488 1765 1528 nunc
1795 1473 2023 1542 aperiat,
2070 1481 2124 1526 et

552 1561 824 1632 virginum
863 1563 1163 1630 domicilia,
1216 1579 1403 1618 sacras
1435 1564 1716 1634 reliquias,
1771 1575 2118 1628 venerentur,

549 1664 605 1708 et
663 1654 927 1724 imagines
983 1665 1304 1729 martyrum,
1365 1656 1546 1726 dignis
1607 1655 1907 1710 honoribus
1964 1671 2120 1711 exor-

551 1751 702 1797 nent.

1742 362 1802 420 S.
1838 359 2224 421 THEODORI
2265 356 2608 417 STUDITAE

2083 469 2209 523 etA

3679 351 3777 411 ’ἵῖῖ

2318 461 2532 527 Ἐδίωξε
2559 458 2762 529 Κύριος
2809 458 2905 528 τὴν
2930 457 3193 526 ξυνωρίδα
3221 457 3326 510 τῶν
3348 457 3667 526 ἀλλοτρίων,
3693 464 3778 513 καὶ

2227 550 2475 604 ἀπέδωκε
2523 549 2590 602 τὰ
2617 549 2722 602 [δια
2747 550 2858 611 τοῖς
2890 548 3039 611 ἰδίοις
3076 563 3089 575 ·
3125 547 3248 610 δόξα
3271 551 3336 618 τῇ
3380 549 3546 602 αὐτοῦ
3598 549 3786 615 ἁγαθό-

2223 659 2368 710 τητι.
2402 638 2560 704 Δόξα.

2297 733 2406 799 Τὴν
2436 731 2670 799 ἄναρχον
2703 727 2943 798 θέλησιν,
2971 728 3068 781 καὶ
3097 727 3366 791 ἐξουσίαν,
3397 729 3490 780 καὶ
3517 729 3786 797 βασιλείαν

2224 825 2322 894 τῆς
2375 822 2606 895 Τριάδος
2681 823 3151 892 προσκυνήσωμεν
3206 819 3528 890 ὁρθοδόξως,
3581 824 3789 892 Ἀρειον

2225 916 2313 968 ἀεὶ
2342 911 2717 982 στηλιτεύοντε
2727 930 2778 976 ς.
2815 913 2879 965 θ’.

2295 1004 2512 1075 Κυρίως
2538 1002 2618 1067 σὲ,
2647 1004 2933 1068 Δέσποινα,
2968 1002 3331 1073 ὁμολογοῦμεν
3352 1002 3485 1055 Θεὸν
3511 1001 3791 1066 τεκοῦσαν,

2227 1097 2302 1168 μὴ
2351 1096 2708 1167 προσέχοντες
2752 1098 2862 1158 τοῖς
2898 1096 3102 1166 ῥήμασι
3128 1096 3446 1166 Νεστορίου,
3517 1097 3659 1151 ἀλλὰ
3695 1099 3794 1148 τῶν

2225 1189 2482 1260 Πατέρων
2515 1191 2627 1250 τοῖς
2655 1188 2939 1256 δόγμασιν.

2890 1280 3020 1349 om
3060 1283 3135 1333 A'.

2303 1372 2585 1440 ’Aya'tnou,
2615 1374 2646 1443 ή
2686 1371 3005 1440 Ἐκκλησία,
3036 1371 3131 1424 καὶ
3159 1373 3304 1424 πᾶσα
3332 1372 3485 1436 πόλις
3531 1372 3631 1424 καὶ
3654 1372 3798 1442 χώρα

2221 1465 2279 1516 ὲν
2309 1464 2636 1534 εὐφροσύνη
2677 1463 2977 1530 άνοιγέσθω
3001 1463 3094 1516 νῦν
3119 1463 3188 1515 τὰ
3215 1464 3546 1534 ἀσκητήρια·
3579 1465 3700 1527 καὶ,
3746 1473 3794 1520 οἱ

2222 1549 2590 1619 παρθενῶνες,
2618 1550 3024 1614 καλλωπίζεσθε
3057 1552 3124 1604 τὰ
3168 1551 3392 1619 λείψανα
3413 1568 3427 1581 ·
3481 1553 3575 1605 καὶ
3610 1553 3801 1605 εἰκονί-

2223 1657 2404 1711 σματα
2434 1639 2542 1692 τῶν
2575 1629 2867 1710 μαρτύρων
2900 1641 3065 1706 ἀξίως
3099 1641 3644 1712 προσκυνείσθωσαν.

617 1834 872 1892 Christus
901 1851 1000 1890 vos
1031 1845 1191 1891 vocat
1219 1853 1234 1889 :
1282 1834 1584 1890 Convenite
1613 1851 1760 1889 nunc
1811 1835 1976 1889 alacri
2011 1837 2124 1890 ani-

2295 1817 2530 1888 Χριστὺς
2575 1817 2720 1886 ὑμᾶς
2765 1817 3180 1886 προσκαλεῖται·
3218 1817 3498 1870 συνέλθετε
3532 1816 3632 1868 νῦν
3669 1835 3800 1887 προ-

551 1941 662 1992 mo,
720 1927 891 1982 divini
938 1927 1148 1993 Patres,
1201 1935 1256 1981 et
1311 1935 1665 1994 conspectum
1712 1929 1830 1992 ejus
1877 1928 2126 1981 incarna-

554 2020 757 2086 tionis,
808 2019 1180 2088 apostolorum
1244 2032 1438 2084 more,
1494 2017 1764 2072 celebrate
1823 2018 2124 2096 miracula,

551 2111 713 2164 etiam
746 2117 800 2163 et
827 2109 1163 2179 passionem,
1199 2122 1322 2178 qua}
1358 2123 1573 2164 sacrum
1603 2123 1702 2163 nos
1728 2107 1914 2162 docuit
1951 2107 2126 2162 Evan-

558 2202 784 2271 gelium.

620 2291 1040 2364 Congregamini
1108 2291 1408 2361 gaudentes
1478 2289 1872 2345 monachorum
1927 2299 2126 2355 ccetus,

553 2393 608 2440 et
634 2387 793 2441 hilari
820 2387 1004 2440 animo
1038 2403 1051 2438 :
1084 2385 1130 2440 si
1163 2386 1309 2439 enim
1341 2383 1481 2438 male
1527 2385 1914 2453 praevaluerint
1943 2385 2129 2440 hostes

554 2478 710 2543 fidei,
769 2477 963 2532 iterum
1013 2477 1179 2532 etiam
1237 2478 1528 2531 vincentur
1583 2476 1792 2538 miseri,
1842 2484 1896 2530 et
1946 2476 2128 2530 consi-

554 2571 707 2632 lium.
747 2569 888 2637 quod
927 2568 1240 2638 hujusmodi
1297 2568 1546 2622 homines
1578 2567 1821 2633 inierint,
1864 2566 2128 2622 Dominus

553 2658 858 2728 dissipabit.

624 2749 848 2804 Patrum
902 2748 1146 2812 verbera,
1195 2757 1248 2803 et
1307 2749 1598 2802 vulnerum
1657 2748 1882 2818 sanguis
1934 2764 2122 2803 revera

554 2842 851 2906 desierunt,
907 2839 1218 2908 frequentia
1287 2840 1482 2893 exsilia
1538 2843 1884 2907 quieverunt,
1940 2848 1993 2892 et
2023 2855 2125 2907 pax

555 2932 810 2986 omnibus
836 2943 1182 3001 procuratur.
1223 2929 1338 2985 Non
1392 2931 1704 3000 praevalebit
1749 2930 1982 2997 amplius
2014 2946 2129 2984 ma-

555 3023 688 3089 gica:
720 3022 854 3076 artis
885 3022 1176 3086 industria,
1216 3021 1357 3073 Deus
1388 3020 1590 3072 etenim
1625 3029 1708 3073 est
1739 3021 2052 3075 nobiscum.

2228 1908 2434 1978 θύμως,
2469 1908 2601 1960 θεῖοι
2627 1908 2887 1979 Πατέρες·
2923 1908 3019 1961 καὶ
3047 1909 3143 1977 τὴν
3177 1907 3326 1960 θείαν
3348 1908 3448 1977 τῆς
3473 1908 3643 1959 αὐτοῦ
3674 1925 3801 1985 σαρ-

2227 1999 2468 2064 κώσεως,
2517 2000 2887 2063 ἀποστολικῶς
2943 2001 3337 2070 ἀνιστορήσατε
3419 2000 3488 2052 τὰ
3543 2001 3801 2070 θαύματα

2227 2094 2319 2144 καὶ
2351 2092 2417 2145 τὰ
2446 2091 2765 2162 παθήματα,
2803 2092 2984 2157 καθὼς
3039 2076 3239 2163 γράφει
3287 2093 3347 2146 τὸ
3377 2093 3519 2146 θεῖον
3550 2093 3803 2162 Εὐαγγέ-

2227 2184 2357 2238 λιον.

2308 2272 2656 2343 Ἀθροίσθητε
2704 2271 3021 2342 γεγηθότες,
3069 2275 3137 2325 τά
3186 2273 3365 2343 πλήθη
3405 2274 3514 2326 τῶν
3548 2276 3804 2344 μοναζόν-

2227 2383 2333 2418 νων
2367 2367 2424 2417 ἐν
2470 2367 2782 2436 παρρησίᾳ·
2815 2365 2909 2416 ἐὰν
2939 2365 3045 2435 γὰρ
3079 2365 3265 2427 κακῶς
3318 2364 3602 2434 ἰσχύσωσι,
3643 2367 3805 2419 πάλιν

2227 2459 2618 2531 ἡττηθήσονται
2651 2462 2698 2512 οἱ
2727 2460 2969 2513 δείλαιοι.
3006 2460 3114 2512 Καὶ
3143 2461 3208 2530 ἢν
3243 2460 3308 2512 ἂν
3337 2460 3531 2530 βουλὴν
3585 2460 3806 2530 βουλεύ-

2230 2566 2430 2603 σωνται
2459 2551 2508 2603 οί
2539 2549 2792 2617 τοιοῦτοι,
2819 2550 3161 2604 διασκεδάσει
3185 2549 3414 2621 Κύριος.

2297 2725 2363 2775 At
2402 2725 2662 2807 μάστιγες
2709 2726 2817 2778 τῶν
2864 2726 3144 2796 Πατέρων,
3178 2727 3246 2780 τὰ
3290 2729 3496 2797 αἵματα
3541 2729 3651 2781 τῶν
3687 2747 3800 2799 μω-

2227 2815 2422 2868 λὼπων
2449 2817 2699 2885 ἕλλειψαν
2727 2818 2893 2881 ὄντως
2918 2834 2932 2848 ο
2956 2817 3160 2889 ὲξορίαι
3193 2822 3436 2887 συνεχεῖς
3452 2819 3770 2873 ἐπαύσαντο
3789 2838 3802 2849 ·

2230 2908 2323 2958 καὶ
2376 2908 2564 2976 είρήνη
2619 2909 2752 2960 πᾶσι
2807 2908 3167 2971 πολιτεύεται,
3190 2911 3288 2962 οὐκ
3343 2909 3422 2961 ἔτι
3473 2911 3688 2980 ἰσχύσει
3747 2912 3806 2963 τὸ

2230 2997 2410 3067 δράμα
2439 2998 2536 3066 τῆς
2569 2999 2819 3068 γοητείας
2844 3015 2856 3028 °
2890 2999 3021 3061 Θεὸς
3046 3001 3153 3069 γὰρ
3193 3003 3309 3070 μεθ’
3333 3003 3491 3072 ήμῶν
3523 3006 3697 3057 ἐστιν.

626 3109 934 3179 luiquitatis
991 3085 1168 3164 vinea
1201 3110 1500 3179 impietatis
1544 3110 1794 3180 palmites
1860 3111 2124 3176 extendit,

2311 3085 2372 3137 'H
2402 3085 2643 3155 ἄμπελος
2677 3087 2776 3156 τῆς
2823 3088 3019 3150 κακίας
3052 3088 3281 3152 ἐξέτεινε
3316 3091 3384 3143 τὰ
3414 3092 3676 3161 κλήματα
3708 3093 3807 3161 τῆς

553 3212 607 3256 et
673 3218 920 3256 amarum
975 3203 1193 3256 bott-um
1243 3202 1534 3271 produxit,
1587 3211 1640 3256 et
1700 3203 1780 3256 ira
1828 3203 2128 3258 draconum

554 3303 636 3347 est
679 3294 864 3347 viuum
919 3293 1185 3362 ipsorum,
1232 3310 1340 3361 quo
1389 3292 1603 3346 Domini
1631 3295 1888 3362 populum
1939 3311 2128 3349 revera

558 3384 919 3449 inebriarunt,
945 3397 1044 3437 sua
1076 3398 1239 3452 prava
1269 3393 1322 3437 et
1361 3384 1713 3438 obtenebrata
1752 3393 1954 3439 mente.

626 3471 911 3541 Templum
961 3481 1114 3526 tuum
1165 3473 1679 3528 contaminaverunt
1746 3474 1936 3543 impii,
2012 3476 2128 3530 suis

555 3564 801 3634 profanis
854 3579 1112 3616 manuum
1165 3564 1631 3632 impositiouibus,
1664 3577 1716 3618 et
1753 3565 2072 3620 simoniacis
2105 3583 2118 3618 :

555 3665 611 3708 et
649 3655 751 3709 hac
798 3655 865 3708 de
898 3669 1064 3709 causa
1093 3655 1244 3723 juxta
1271 3670 1456 3709 sacros
1497 3671 1735 3710 canones
1765 3674 1776 3708 :
1817 3656 2127 3711 istiusmodi

557 3747 829 3808 homines,
873 3763 902 3799 a
947 3748 1125 3799 divina
1178 3748 1346 3815 gloria
1386 3758 1511 3802 sunt
1537 3747 1751 3814 dejecti,
1798 3749 2125 3817 quibuscum

557 3840 721 3892 etiam
758 3837 945 3892 Simon
1002 3837 1208 3908 Magus,
1259 3847 1313 3893 et
1358 3837 1595 3895 Joannes
1626 3847 1682 3894 et
1726 3840 1997 3896 Antonius
2042 3842 2121 3894 in-

557 3947 748 3985 sanus.

628 4022 794 4078 Fer‘as
832 4023 974 4090 illas,
1003 4033 1058 4078 et
1091 4023 1181 4077 Dei
1208 4023 1417 4087 hostes,
1448 4023 1733 4093 profanum
1769 4027 1980 4082 scilicet
2013 4030 2126 4081 An-

558 4117 768 4172 tonium
791 4127 844 4170 et
871 4127 1296 4185 trangressorem
1343 4115 1609 4171 Joannem
1638 4117 1852 4173 Satanae
1885 4131 2123 4175 mentem

560 4208 833 4277 adeptum,
865 4221 918 4262 et
947 4208 1204 4262 Ecclesiae
1245 4210 1679 4276 perturbatores,
1711 4221 1767 4264 ut
1793 4211 1952 4280 lupos
1987 4211 2126 4266 infe-

558 4309 672 4354 stus
695 4316 884 4354 omnes
915 4301 1096 4354 lideles
1136 4302 1550 4368 convenientes,
1599 4302 1944 4358 anathemate
1974 4304 2126 4357 dam-

559 4406 773 4446 nemus.
816 4390 999 4445 Gloria
1028 4391 1193 4445 Patri.

637 4483 886 4537 lncreata
942 4483 1258 4537 monarchia
1290 4482 1468 4545 Pater,
1501 4493 1554 4537 et
1579 4482 1770 4548 Filius,
1802 4495 1854 4539 et
1888 4485 2122 4555 Spiritus
2148 4470 2200 4528 D

560 4585 805 4635 sanctus,
836 4583 888 4629 te
921 4576 1232 4638 adoramus,
1260 4592 1421 4645 quam
1442 4575 1758 4642 Cherubim,
1786 4579 1972 4633 multis
2000 4594 2126 4634 ocu-

558 4666 626 4720 lis
689 4675 990 4731 exornata,
1042 4674 1094 4719 et
1141 4665 1448 4734 Seraphim,
1504 4680 1597 4720 sex
1640 4667 1743 4720 alis
1789 4668 2123 4722 circumdata

560 4757 783 4809 laudant
841 4756 1131 4810 clamantia
1162 4776 1176 4811 :
1229 4756 1486 4822 Sanctus,
1520 4771 1763 4821 sanetus,
1797 4769 2016 4814 sanctus
2042 4775 2122 4824 es,

557 4866 590 4900 o
619 4849 830 4903 excelse
859 4859 911 4903 et
940 4849 1305 4918 omnipotens.

634 4938 850 4994 Sanctis
908 4940 1168 5004 sanctior,
1222 4949 1275 4993 et
1307 4939 1563 4993 omnibus
1622 4941 1889 4995 creaturis
1950 4942 2126 4996 excel-

564 5029 695 5094 sior,
736 5039 793 5082 tu
831 5029 947 5084 sola
974 5029 1274 5098 apparuisti
1317 5028 1484 5080 Mater
1521 5029 1682 5081 simul
1717 5038 1768 5082 et
1819 5028 1982 5100 Virgo
2031 5030 2125 5083 Dei

559 5119 837 5184 Cenitrix,
897 5135 1022 5174 cum
1079 5121 1258 5188 ipsum
1314 5128 1466 5172 tuum
1518 5118 1830 5172 Creatorem
1899 5136 2124 5189 pepere-

562 5213 659 5273 ris,
699 5221 1032 5281 quapropter
1082 5220 1229 5266 tuam
1275 5221 1518 5266 sanctam
1564 5213 1855 5282 imaginem
1903 5229 2128 5268 venera-

564 5320 706 5358 mur.

1214 5393 1347 5448 ODA
1394 5393 1460 5449 V.

630 5488 884 5544 Christus
915 5487 1063 5552 vicit,
1088 5488 1324 5542 exsultet
1359 5496 1522 5553 terra,
1575 5490 1784 5559 quievit
1836 5491 2120 5555 tumultus,

567 5583 886 5651 quieverunt
941 5591 994 5635 et
1023 5581 1272 5651 lacrymre
1330 5597 1609 5638 servorum
1677 5585 1790 5649 Dei,
1837 5586 1967 5641 tides
1999 5603 2123 5641 vero

563 5674 764 5742 ubique
797 5688 892 5742 per
927 5673 1236 5728 universum
1265 5674 1446 5728 orbem
1481 5686 1561 5730 est
1589 5676 1940 5746 promulgata.

2231 3177 2507 3244 ἀσεϐείας,
2552 3179 2767 3233 καὶτὸν
2803 3179 2993 3249 βότρυν
3016 3182 3107 3233 τὸν
3137 3183 3334 3253 πικρὸν
3377 3183 3644 3253 ἐξήνθησε
3709 3186 3806 3238 καὶ

2232 3269 2399 3338 θυμὸς
2445 3271 2758 3341 δρακόντιος
2787 3273 2813 3322 ὁ
2845 3267 2988 3334 οἶνος
3017 3274 3194 3324 αὐτῶν
3219 3291 3232 3303 ·
3259 3274 3317 3336 ἐξ
3342 3271 3400 3327 οῦ
3431 3275 3524 3326 τὸν
3552 3277 3680 3329 λαὸν
3708 3278 3804 3330 τοῦ

2233 3362 2433 3430 Κυρίου
2465 3364 2718 3415 ὲπότισαν
2743 3362 2930 3428 ὅντως,
2959 3363 3056 3434 τὴν
3091 3364 3316 3435 θολεράν
3347 3368 3662 3421 κακόνοιαν.

2312 3452 2571 3520 Ἐμίαναν
2604 3453 2696 3505 τὸν
2726 3454 2852 3506 ναόν
2880 3471 2973 3507 σου
3033 3454 3294 3525 ἀθέσμοις
3332 3458 3694 3526 χειροτονίαις
3716 3459 3806 3512 διὰ

2227 3545 2552 3613 χρημάτωνο
2589 3547 2684 3597 καὶ
2730 3546 3029 3609 κανονικῶς
3063 3541 3210 3600 οῦτοι
3258 3548 3641 3618 ὲκΰέὸληνται.
3691 3553 3805 3604 Καὶ

2226 3636 2322 3704 τῆς
2341 3635 2489 3697 θείας
2515 3635 2670 3706 δόξης
2697 3636 3137 3701 ἐκπεπτώκασιν,
3164 3641 3191 3692 ὁ
3215 3640 3393 3708 Σίμων
3419 3642 3446 3692 ὁ
3469 3642 3680 3710 Μάγος,
3705 3645 3803 3695 σῦν

2227 3724 2399 3794 τούτῳ
2427 3726 2520 3778 καὶ
2562 3725 2816 3796 Ἰωάννης
2840 3728 2930 3780 καὶ
2961 3729 2988 3780 ὁ
3015 3728 3189 3790 δεινὸς
3226 3730 3531 3793 Ἀντώνιος.

2296 4017 2435 4083 Τοὺς
2467 4019 2639 4090 θῆρας
2667 4022 2760 4074 καὶ
2810 4021 3131 4092 θεομάχους,
3175 4023 3464 4078 Ἀντώνιον
3515 4026 3802 4098 τὸννβέὄη-

2224 4109 2333 4172 λον,
2370 4111 2466 4163 καὶ
2510 4113 2836 4182 παραϐάτην
2882 4114 3132 4183 Ἰωάννην
3182 4115 3271 4166 τὸν
3318 4117 3795 4187 σατανογνώμονα,

2225 4203 2317 4254 καὶ
2346 4203 2443 4272 τῆς
2485 4201 2812 4270 Ἐκκλησίας
2853 4203 3226 4274 πολεμήτορα,
3260 4205 3335 4267 ὠς
3379 4205 3580 4271 λύκους
3610 4209 3799 4278 βαρεῖς

2227 4292 2586 4358 συνελθόντες,
2613 4294 2989 4364 ἀναθεμάτους
3020 4295 3202 4347 πιστοὶ
3227 4295 3650 4368 ἀναϐοήσωμεν.
3673 4301 3723 4354 θ.

2307 4495 2371 4549 Ἠ
2389 4496 2641 4560 ἄκτιστος
2665 4498 2954 4569 μοναρχία,
2991 4498 3191 4571 Πάτερ,
3215 4499 3313 4551 Υίὲ
3343 4498 3436 4550 καὶ
3461 4499 3708 4567 Πνεῦμα,
3739 4501 3797 4551 σὲ

2226 4588 2658 4658 προσκυνοῦμεν,
2691 4590 2755 4660 ἥν
2786 4591 2851 4642 τὰ
2871 4591 3151 4660 Χερουϐὶμ
3180 4591 3246 4643 τὰ
3288 4589 3672 4661 πολυόμματα,
3702 4591 3800 4644 καὶ

2223 4679 2290 4732 τὰ
2326 4679 2575 4749 Σεραφὶμ
2611 4679 2677 4732 τὰ
2705 4681 3069 4750 ἐξαπτέρυγα,
3096 4681 3326 4752 ὑμνοῦσι
3363 4682 3749 4751 κραυγάζοντα
3776 4695 3793 4710 ⁸

2225 4772 2432 4840 Ἄγιος,
2466 4773 2638 4841 ᾶγιος,
2670 4775 2822 4842 ἆγιος
2851 4771 2921 4838 εί,
2950 4769 2994 4828 ὦ
3022 4776 3414 4846 παντοκράτωρ
3448 4765 3794 4843 "remeo".

2308 4951 2508 5021 Ἀγίων
2561 4955 2858 5026 ἁγιωτέρα,
2909 4955 3001 5009 καὶ
3063 4956 3278 5008 πάντων
3319 4952 3627 5022 ὑψηλοτέρα
3684 4952 3794 5004 τῶν

2225 5043 2562 5115 ποιημάτων,
2619 5046 2750 5116 μόνη
2795 5046 3132 5115 ἀνεδείχθης,
3187 5044 3648 5115 Μητροπάρθενε·
3716 5043 3794 5104 ὡς

2223 5139 2384 5190 αὐτὸν
2419 5119 2667 5208 κυήσασα
2699 5139 2790 5190 τὸν
2819 5139 3069 5210 Πλάστην
3101 5157 3211 5203 σου,
3232 5139 3310 5191 διὸ
3333 5137 3429 5208 τὴν
3466 5137 3624 5203 ἁγίαν
3659 5153 3792 5206 μορ-

2224 5229 2329 5299 φήν
2371 5245 2484 5294 σου,
2513 5229 2902 5299 Θεογεννῆτορ,
2941 5232 2998 5282 ὲν
3029 5229 3398 5300 προσκυνήσει
3427 5227 3646 5297 ἔχομεν.

2875 5405 3005 5457 ΩΔΗ
3049 5406 3122 5458 E'.

2291 5492 2523 5560 Χριστὸς
2579 5495 2874 5564 νενίκηκεο
2937 5497 3210 5562 σκιρτάτω
3259 5499 3291 5565 ή
3349 5497 3456 5565 γῆ·
3513 5501 3791 5551 πέπαυται

2223 5580 2448 5649 θόρυϐος
2469 5598 2485 5614 °
2519 5584 2791 5636 πέπαυται
2822 5586 2916 5638 καὶ
2945 5588 2972 5638 ὁ
3000 5586 3292 5655 κλαυθμὸς,
3328 5587 3433 5640 τῶν
3456 5589 3549 5641 τοῦ
3582 5591 3792 5660 Κυρίου

2220 5673 2456 5725 δούλωνο
2509 5678 2540 5746 ή
2598 5677 2779 5741 πίστις
2841 5677 2896 5730 δὲ
2990 5680 3264 5750 πανταχοῦ
3318 5681 3393 5750 τῷ
3461 5681 3649 5753 κόσμῳ
3699 5685 3792 5753 εφ-

2222 5768 2463 5840 numen.
