3968 6508
215 482 348 545 1773

1214 479 1459 538 CANON
1498 479 1582 537 IN
1625 476 2052 536 ERECTIONE
2090 477 2193 533 SS.
2225 475 2637 532 IMAGINUM.

3319 473 3453 535 ΠΗ,

289 595 380 648 Ἐν
434 590 603 644 εἰκόνι
657 588 951 659 βλέποντες
999 585 1098 654 τὴν
1163 586 1466 657 σταύρωσιν
1523 586 1775 646 σέϐοντες

1946 583 2004 637 ln
2037 583 2277 652 imagine
2326 592 2611 635 cernentes
2653 581 2805 636 cruci
2859 580 3168 636 aliixionem
3214 582 3455 643 Domini,

211 689 538 757 στέργομεν,
593 678 961 748 ἀσπαζόμενοι
1019 678 1254 747 Χριστὸν
1319 678 1414 729 ml.
1485 679 1554 730 τὰ
1608 675 1773 729 αὑτοῦ

211 780 437 850 σημεῖα,
466 774 561 828 καὶ
587 771 997 845 προσκυνοῦμεν
1049 770 1187 823 αὑτά
1209 786 1224 802 ⁸
1256 771 1352 840 οὐχ
1377 770 1452 833 ὡς
1503 769 1657 833 θεοὺς
1689 787 1774 822 τι·-

215 872 446 943 μῶντες.

279 962 507 1032 Πνεῦμα
537 959 599 1012 τὸ
642 956 886 1027 πολύῤῥη
898 972 995 1026 μον
1049 955 1146 1009 ml.
1193 953 1511 1026 βλάσφημον
1538 950 1775 1022 Λήζικος

209 1055 512 1118 πέπαυται,
542 1051 602 1104 τὸ
646 1047 840 1104 λαλοῦν
893 1048 1204 1110 διαπαντὸς,
1235 1047 1448 1116 ἡμέραν
1497 1043 1618 1097 καθ’
1649 1043 1778 1112 ἡμέ-

212 1166 316 1219 ραν
346 1149 485 1200 κατὰ
513 1146 609 1212 τῆς
641 1143 790 1207 Θείας
829 1143 1040 1213 μορφῆς
1062 1140 1298 1213 Χριστοῦ
1329 1146 1421 1192 καὶ
1446 1136 1551 1190 τῶν
1583 1137 1772 1204 ἁγίων.

277 1323 404 1376 Ἵνα
423 1320 499 1385 τί,
537 1313 1156 1390 τρισάθλιε,μεμίσηκας
1190 1313 1468 1383 μόρφωσιν
1491 1311 1773 1382 ἄχραντον,

210 1418 308 1486 τῆς
367 1401 693 1482 σαρκώσεως
739 1406 996 1478 Χριστοῦ,
1035 1406 1130 1459 ml
1167 1405 1276 1458 τῶν
1315 1405 1486 1471 ἁγίων
1526 1402 1774 1470 πάντων;

214 1507 288 1578 μὴ
315 1507 424 1576 γὰρ
449 1502 688 1565 εἰδώλοις
721 1503 921 1569 κωφοῖς
981 1500 1028 1552 οί
1059 1498 1240 1551 πιστοὶ
1265 1495 1704 1568 προσκυνοῦμενς

290 1679 572 1742 Ἀσεὸείας
597 1678 802 1749 ὄργανα
836 1673 1218 1744 τυγχάνοντες,
1271 1670 1536 1740 ἧθροισαν
1565 1666 1780 1722 σύνοδον

212 1777 406 1846 ἱερέων
435 1771 667 1836 ἀσεϐῶν,
696 1771 836 1824 κατά
878 1767 1012 1820 Θεοῦ
1051 1766 1275 1836 ὑψίστου
1295 1781 1309 1797 ο
1339 1765 1416 1828 ὡς
1453 1762 1692 1816 Ἰουδαῖοι
1720 1761 1780 1814 τὸ

208 1868 362 1939 πρὶν,
401 1866 599 1927 Ἀννας
631 1864 724 1916 καὶ
759 1861 1033 1928 Καϊάφας.

1875 676 2024 729 illam
2111 690 2443 738 eneramur,
2499 673 2779 727 Christum
2835 681 2890 726 et
2934 673 3054 742 ejus
3111 675 3268 745 signa
3317 677 3454 730 ado-

1876 778 2100 833 rantes;
2159 783 2268 823 non
2325 776 2509 822 tamen
2553 766 2626 821 ila
2671 781 2995 821 veneramur
3050 775 3107 821 ut
3166 767 3452 838 gentilium

1875 860 2032 915 deos.

1950 951 2187 1022 Spiritus
2237 953 2330 1006 ille
2380 954 2581 1024 loquax
2631 961 2684 1008 et
2729 952 3078 1021 blasphemus
3108 948 3306 1005 Lezius
3345 952 3459 1005 sci-

1876 1042 2022 1108 licet,
2064 1045 2177 1112 jam
2209 1045 2435 1113 quievit,
2483 1045 2579 1113 qui
2613 1043 2925 1113 frequenter
2969 1043 3213 1110 quotidie
3254 1041 3450 1095 adver-

1877 1151 1972 1190 sus
2028 1135 2270 1190 divinam
2318 1132 2523 1189 Christi
2565 1134 2816 1204 elligiem,
2860 1142 2914 1188 et
2944 1143 3258 1188 sanctorum
3300 1133 3458 1186 obla-

1876 1229 2074 1282 trahat.

1949 1317 2200 1382 Quanam
2234 1316 2300 1372 de
2329 1332 2518 1380 causa,
2550 1317 2856 1372 miserrime
2905 1317 3218 1382 homuncio,
3267 1317 3458 1370 imma-

1877 1407 2109 1461 culatam
2145 1406 2370 1477 elligiem
2426 1408 2823 1462 incarnationis
2865 1407 3070 1462 Christi
3109 1407 3353 1478 Domini,
3400 1417 3456 1462 et

1879 1507 2191 1554 sanctorum
2220 1500 2462 1553 omnium
2495 1515 2554 1554 es
2584 1501 2710 1554 odio
2732 1500 3095 1568 prosecutus?
3126 1496 3266 1552 Num
3290 1499 3456 1554 surda

1879 1583 2023 1647 idola
2065 1605 2164 1644 nos
2200 1590 2387 1646 ﬁdeles
2424 1593 2794 1644 veneramur?

1949 1682 2249 1752 lmpietatis
2295 1682 2654 1736 instrumenta
2713 1696 2837 1735 cum
2869 1682 3273 1750 convenissent,
3312 1700 3450 1740 con-

1880 1773 2195 1828 ciliabulum
2225 1781 2540 1844 coegerunt,
2580 1773 2871 1842 impiorum
2901 1774 3153 1829 videlicet
3189 1779 3449 1831 sacerdo-

1882 1874 2020 1928 tum,
2068 1865 2335 1919 adversus
2379 1863 2548 1918 Deum
2599 1865 2898 1928 excelsum,
2943 1865 3089 1934 quod
3127 1867 3298 1942 etiam
3327 1867 3455 1920 olim

1884 1957 2128 2012 fecerunt
2157 1955 2354 2021 Judaei,
2384 1955 2540 2009 Anna
2568 1956 2776 2010 scilicet
2796 1966 2850 2010 et
2892 1946 3150 2024 Caiphas.

289 2045 380 2097 Ἐν
427 2040 608 2111 ἡμέρᾳ
636 2037 894 2108 κρίσεως,
935 2032 1221 2096 πανάθλιε,
1255 2031 1540 2102 στήσονται
1578 2027 1777 2115 ἔλεγχοι

1955 2048 2015 2102 In
2047 2047 2134 2102 die
2174 2049 2263 2102 illa
2291 2047 2517 2102 extremi
2559 2046 2773 2115 judicii,
2819 2061 2852 2099 ο
2885 2046 3282 2108 infelicissima,
3327 2045 3459 2099 ade-

208 2139 308 2208 τῆς
333 2135 494 2189 ἀθέου
526 2149 618 2215 σου
648 2129 848 2200 ψυχῆς,
877 2129 904 2180 6
932 2127 1101 2194 δῆμος
1143 2125 1254 2215 τῶν
1284 2122 1567 2215 ῌατέρων,
1597 2112 1780 2188 ὧνπερ

211 2227 472 2298 ἀμέτροις
497 2212 733 2292 πληγαῖς
761 2217 1082 2287 ὲγύμνωσας
1103 2213 1200 2276 τὰς
1234 2212 1462 2282 σάρκας.

291 2399 612 2470 Ἐκκλησίαι
660 2396 867 2451 ἆπασαι
900 2393 1172 2463 βοήσουσι,
1220 2387 1519 2459 κράζουσαι
1550 2385 1779 2445 ἅπασαι,

212 2492 555 2564 στερηθεῖσαι
600 2487 704 2540 ὑπὸ
747 2486 862 2549 σοῦ,
909 2485 1007 2555 τῆς
1057 2483 1270 2554 μορφῆς
1305 2481 1400 2534 τοῦ
1429 2479 1633 2549 Κυρίου
1688 2476 1783 2530 καὶ

209 2587 316 2638 τῶν
357 2585 528 2650 ἁγίων
560 2578 721 2659 αὐτοῦ
746 2595 844 2638 τας
878 2576 1026 2646 ἱερὰς
1048 2576 1283 2637 εἰκόνας.

284 2677 336 2729 θ.
399 2676 464 2728 'Il
500 2673 561 2727 τὸ
589 2674 698 2725 πᾶν
728 2670 1028 2740 συῖιέχουσα
1061 2667 1136 2739 τῷ
1163 2667 1352 2738 κράτει
1380 2682 1496 2730 σου,
1526 2662 1650 2730 δόξα
1678 2677 1780 2725 σοι,

183 2796 198 2803 ~
217 2768 342 2833 δόξα
366 2785 470 2832 σοι,
503 2767 898 2837 τρισυπόστατε
925 2764 1112 2834 μονάς,
1139 2763 1341 2831 Πάτερ,
1374 2759 1471 2812 Υἱὲ
1496 2758 1590 2810 ml.
1612 2752 1783 2809 Πνεῦ⁹

221 2877 314 2930 μα,
370 2860 498 2922 τοὺς
557 2856 884 2918 πεποιθότας
917 2857 1000 2916 είς
1055 2855 1116 2907 σὲ
1158 2853 1318 2925 ῥῦσαι
1360 2849 1620 2911 παντοίας
1652 2845 1778 2917 βλά-

218 2954 335 3022 6ης.

283 3168 335 3221 0.
355 3167 444 3230 Ὠς
464 3161 1007 3238 χρυσοκαλλὼπιστον
1022 3161 1240 3231 λυχνίαν
1259 3156 1616 3221 σε,δέσποινα,
1633 3152 1782 3205 σέϐο-

222 3281 336 3332 μεν,
387 3261 486 3330 τὴν
529 3258 589 3311 τὸ
635 3256 749 3326 φῶς
790 3257 849 3310 τὸ
876 3256 1064 3326 νοητὸν
1103 3253 1441 3322 γεννήσασαν
1465 3248 1542 3319 τῷ
1569 3248 1779 3317 κόσμῳ,

150 3391 154 3394 -
219 3353 306 3404 καὶ
335 3351 435 3422 τὴν
465 3350 676 3420 ζοφώδη
712 3348 876 3419 ἀχλὺν
897 3347 1196 3418 μειώσασα,
1242 3343 1500 3415 Παρθένε.

849 3510 980 3581 om
1019 3510 1112 3575 cr.

297 3647 563 3739 Ἐϐόησαν
621 3669 668 3720 οἱ
713 3665 981 3737 ἄγρυπνοι
1029 3665 1267 3736 φύλακες
1316 3665 1413 3733 τῆς
1456 3660 1778 3730 Ἐκκλησίας

220 3763 308 3816 τοῦ
338 3761 576 3833 Χριστοῦ
613 3761 760 3829 πρὸς·
789 3758 950 3811 αὑτὸν
984 3759 1279 3820 αἰτοῦντες,
1312 3756 1527 3823 δοθῆναι
1570 3754 1668 3824 τὴν
1703 3753 1778 3804 εἰ·

227 3854 414 3922 ρήνην,
443 3853 537 3904 καὶ
571 3851 884 3920 είσήκουσε,
914 3849 1009 3901 καὶ
1042 3849 1312 3918 προσέσχε
1341 3849 1407 3916 τῇ
1436 3845 1640 3915 δεήσει.

286 3942 613 4012 Διήλεγκται
666 3941 760 3994 τοῦ
822 3941 1024 3994 πλάνου
1086 3939 1156 3992 τὰ
1212 3938 1478 4008 θύρατρα,
1508 3939 1626 3999 ταῖς
1672 3933 1780 3986 τῶν

224 4033 483 4104 Πατέρων
512 4033 751 4101 διδαχαῖς
769 4048 783 4062 ο
812 4032 905 4084 ml.
932 4030 1062 4094 Θεὸς
1106 4032 1359 4100 ὑμνεῖται
1390 4027 1554 4098 σαρκὶ
1586 4042 1783 4097 μεμορ-

224 4126 497 4196 φωμένους,
522 4125 548 4177 ὁ
577 4125 680 4177 ἀπε
690 4126 1002 4196 ριγράπτως
1031 4125 1242 4193 Θεότητι
1268 4122 1547 4191 ὑπάρχων.

289 4298 350 4349 Θὶ
383 4297 636 4368 συνεργοὶ
691 4299 790 4367 τῆς
817 4296 1044 4364 πλάνης,
1085 4295 1437 4365 αἰσχύνεσθε·
1468 4295 1560 4348 καὶ
1585 4293 1782 4347 ἀπολέ-

225 4388 438 4441 σθωσαν
466 4386 623 4458 ὁμοῦ,
659 4389 754 4441 σὺν
772 4388 848 4457 τῷ
887 4389 1176 4456 Ἀντωνίῳ,
1207 4387 1459 4449 Θεόδοτος
1481 4385 1573 4440 ml
1592 4383 1780 4456 Λήζιξ,

225 4479 316 4531 mi
339 4477 634 4547 Θεόδωρος,
669 4480 695 4529 ὁ
720 4477 876 4546 βυθὸς
903 4478 1000 4547 τῆς
1031 4477 1321 4540 ἀπωλείας.

290 4593 365 4645 Τὸ
393 4593 568 4662 στόμα
598 4609 688 4645 σου
726 4593 1014 4662 διηνοιξας,
1034 4595 1202 4657 ἄθλιε,
1223 4594 1323 4647 οὐκ
1358 4594 1413 4646 ἐν
1435 4592 1597 4664 ᾠδαῖς
1627 4607 1787 4643 πνευ-

1881 2148 2034 2203 runt,
2083 2136 2178 2207 qui
2229 2146 2376 2192 tuam
2423 2136 2645 2206 impiam
2683 2137 2921 2189 animam
2961 2145 3210 2205 arguent,
3239 2145 3462 2190 sancto-

1882 2245 2001 2283 rum
2041 2228 2291 2283 videlicet
2339 2227 2564 2281 Patrum
2608 2230 2832 2291 chorus,
2877 2242 3115 2296 quorum
3187 2227 3462 2282 denudata

1881 2336 2110 2390 corpora
2139 2320 2634 2375 innumerabilibus
2669 2320 2841 2389 plagis
2864 2319 3125 2373 aﬂlixisti.

1950 2412 2151 2468 Omnes
2177 2412 2431 2468 Ecclesia:
2461 2412 2701 2467 clamare
2744 2426 2852 2465 non
2877 2410 3148 2474 desinent,
3183 2425 3306 2464 cum
3344 2424 3374 2462 a
3407 2418 3460 2464 te

1884 2504 2087 2560 fuerint
2131 2505 2338 2560 orbatre
2371 2505 2574 2559 Christi
2620 2502 2831 2556 Domini
2866 2502 3120 2573 imagine,
3171 2511 3224 2557 et
3249 2511 3464 2557 sancto-

1883 2609 2002 2648 rum
2035 2593 2154 2664 ejus
2181 2596 2356 2648 sacris
2387 2593 2598 2661 ﬁguris.
2635 2592 2818 2648 Gloria
2851 2591 3022 2646 Patri.

1951 2685 2132 2740 Gloria
2165 2686 2284 2747 tibi,
2346 2694 2400 2740 et
2446 2685 2642 2738 iterum
2676 2683 2846 2753 gloria
2895 2684 2992 2737 tibi
3033 2685 3124 2748 sit,
3159 2684 3305 2737 trina
3336 2683 3461 2736 uni-

1883 2787 1987 2839 tas,
2028 2777 2188 2832 Pater
2245 2787 2298 2832 et
2322 2776 2494 2831 Filius
2525 2784 2579 2830 et
2613 2774 2849 2844 Spiritus
2886 2784 3137 2838 sanctus,
3177 2790 3299 2844 qua
3331 2776 3462 2827 uni-

1884 2885 2101 2923 versum
2154 2869 2345 2923 orbem
2374 2867 2614 2937 potentia
2653 2878 2743 2919 tua
2776 2867 3024 2920 contines
3052 2881 3066 2918 :
3120 2875 3171 2920 te
3201 2868 3460 2935 depreca-

1884 2978 2028 3023 mur,
2072 2970 2131 3015 ut
2170 2963 2238 3016 ab
2279 2961 2429 3018 omni
2462 2960 2604 3015 malo
2638 2974 2755 3024 eos,
2809 2960 2904 3029 qui
2947 2959 3001 3013 in
3053 2968 3106 3013 te
3145 2958 3456 3021 contidunt,

1885 3057 2124 3111 liberare
2147 3055 2412 3125 digneris.

1953 3170 2131 3223 Instar
2178 3165 2471 3222 lucernarii
2514 3179 2649 3220 auro
2703 3164 2976 3229 exornati,
3013 3172 3067 3218 te
3106 3179 3458 3226 veneramur,

1885 3272 2068 3316 sancta
2101 3260 2193 3314 Dei
2229 3259 2498 3322 Gcnitrix,
2528 3275 2649 3328 quae
2679 3260 2861 3314 lumen
2896 3257 3259 3312 intellectuale
3291 3273 3454 3310 mune

1805 3361 1850 3423 ρ
1883 3354 1953 3408 do
1990 3352 2270 3424 peperisti,
2300 3359 2354 3405 et
2389 3352 2732 3406 tenebrosam
2778 3351 3033 3407 nebulam
3085 3350 3388 3420 dissipasti.

2562 3499 2700 3556 ODA
2730 3499 2821 3555 VI.

1953 3651 2242 3706 Vociferali
2265 3662 2392 3706 sunt
2415 3653 2606 3722 vigiles
2661 3653 2920 3708 Ecclesiae
2952 3653 3157 3709 Christi
3188 3657 3458 3727 custodes,

1882 3744 1949 3798 ab
1974 3744 2091 3814 ipso
2121 3752 2383 3813 petentes,
2417 3755 2477 3798 ut
2510 3747 2612 3799 sibi
2651 3762 2752 3816 pax
2786 3747 3102 3817 largiretur,
3127 3765 3267 3817 quos
3294 3749 3463 3804 exau-

1883 3837 2036 3898 divit,
2075 3842 2129 3890 et
2157 3851 2346 3890 eorum
2378 3838 2633 3905 precibus
2665 3848 2900 3892 mentem
2933 3839 3207 3895 adhibuit.

1954 3927 2185 3982 Detectae
2225 3939 2354 3983 sunt
2395 3931 2701 3985 seductoris
2737 3932 2883 3988 illius
2912 3941 3058 3987 artes
3099 3943 3153 3987 et
3183 3932 3294 3987 doli
3327 3949 3458 3988 san-

1883 4030 2093 4075 ctorum
2135 4020 2354 4074 Patrum
2404 4021 2785 4090 dogmatibus;
2841 4033 2895 4078 et
2932 4023 3077 4078 Deus
3101 4040 3263 4078 carne
3302 4026 3462 4079 indu-

1884 4123 1973 4165 tus
2003 4112 2072 4165 ah
2118 4113 2372 4167 omnibus
2417 4114 2745 4181 celebratur,
2785 4115 2876 4184 qui
2918 4130 3015 4185 pro
3044 4130 3141 4168 sua
3175 4115 3461 4171 divinitate

1885 4204 2398 4273 incircumscriptus
2427 4205 2662 4259 exsistit.

1957 4296 2099 4350 Socii
2128 4296 2458 4350 seductionis
2511 4296 2716 4366 pudore
2768 4295 3205 4362 confundantur,
3255 4307 3307 4351 et
3337 4312 3459 4367 per-

1886 4396 2012 4442 cant
2080 4405 2186 4442 una
2253 4405 2377 4443 cum
2423 4390 2665 4443 Antonio
2719 4387 3034 4445 Theodotus
3083 4400 3136 4446 et
3172 4389 3365 4446 Lezius
3404 4402 3459 4445 et

1887 4482 2226 4547 Theodorus,
2255 4482 2583 4552 profundum
2617 4484 2962 4554 perditionis.

1962 4573 2034 4628 Os
2073 4583 2225 4628 tuum
2265 4577 2547 4644 aperuisti,
2583 4591 2616 4629 ο
2654 4576 2841 4641 miser,
2868 4589 2976 4629 non
3011 4574 3065 4630 in
3102 4578 3328 4633 canticis
3353 4578 3460 4648 spi-

225 4693 502 4760 ματικαῖς,
550 4690 665 4741 ἀλλ’
695 4690 752 4743 ἐν
790 4690 1175 4760 βλασφημίαις,
1210 4690 1351 4743 κατὰ
1391 4690 1483 4742 τοῦ
1539 4687 1632 4741 σοῦ
1692 4690 1777 4739 Δε-

1906 4666 2196 4729 ~itualibus,
2243 4667 2336 4720 sed
2370 4667 2427 4720 in
2468 4667 2822 4736 blasphemiis
2863 4667 3125 4722 adversus
3164 4668 3456 4722 Dominum

223 4781 441 4844 σπότου,
472 4780 858 4850 ἀπωθούμενος
879 4781 974 4850 τὴν
1015 4780 1217 4850 σεπτὴν
1248 4780 1636 4850 είκονουργίαν.

293 4892 626 4965 Διέστρεψας
679 4894 938 4966 Πατέρων
985 4895 1052 4947 τὰ
1103 4893 1387 4963 δόγματα,
1429 4894 1522 4946 ml.
1549 4893 1786 4946 ἀποστό-

221 4986 326 5038 λων
375 4985 620 5055 διδαχὰς,
673 4985 841 5056 ἄλλην
880 4986 1054 5049 ἄλλως
1112 4989 1357 5057 γράφων,
1394 4987 1533 5040 κατὰ
1560 4988 1658 5058 τὴν
1687 4988 1786 5058 σὴν

225 5080 519 5151 θρησκείαν
549 5078 883 5150 παράνομον,
918 5079 1138 5148 Ἰωάννη
1166 5079 1533 5150 Χριστομάχε.

290 5256 393 5311 Σοῦ
427 5258 456 5309 6
485 5257 687 5319 καπνὸς
731 5255 981 5326 δακρύων
1031 5257 1293 5328 ἐνέπλησε
1344 5259 1451 5310 τῶν
1505 5259 1783 5312 εὐσεϐούν-

225 5367 329 5402 των
387 5349 728 5419 ὀφθαλμούςο
783 5348 919 5402 ἀλλὰ
967 5349 1044 5418 τῷ
1101 5352 1285 5420 ἀνέμῳ
1313 5351 1420 5402 τῶν
1455 5352 1612 5404 θείων
1635 5352 1784 5404 διδα-

229 5439 440 5493 σκάλων
480 5438 877 5502 διεσκέδασται,
919 5440 1266 5509 ματαιόφρων
1305 5441 1543 5510 Ἰωάννη.

292 5555 367 5606 Σὺ
395 5555 494 5624 τὴν
525 5553 717 5623 στολὴν
756 5553 855 5619 τὴν
906 5552 1054 5607 θείαν
1077 5554 1382 5626 διέρῤηξας,
1417 5555 1604 5625 ὥσπερ
1629 5558 1656 5609 ό
1687 5557 1784 5608 Ἀ-

231 5661 369 5710 ρειος
406 5644 468 5696 τὸ
508 5645 635 5712 πρὶν
675 5644 765 5696 τὸν
791 5642 883 5696 τοῦ
914 5643 1147 5713 Χριστοῦ
1180 5644 1379 5713 χιτῶνα
1402 5661 1413 5673 ·
1448 5644 1526 5696 διὸ
1551 5644 1644 5714 τὴς
1667 5644 1787 5698 Ἑκ-

228 5734 449 5804 κλησίας
465 5736 651 5805 πόρρω
673 5732 903 5804 βέὅλησα
917 5751 951 5798 ι,
976 5734 1255 5806 ἐκϐληθεὶς
1275 5735 1521 5807 καθάπερ
1540 5735 1704 5794 κύων.

260 5908 308 5965 θ.
328 5910 471 5964 Μίαν
492 5908 664 5981 ἀρχὴν
686 5905 891 5974 δοξάζω
915 5906 1184 5977 θεότητος,
1221 5911 1276 5964 ὲν
1306 5909 1632 5964 ὑποστάσεσι
1662 5927 1775 5980 τρι-

1891 4766 2064 4822 ιυυηι,
2091 4761 2429 4813 venerandas
2464 4759 2732 4829 imagines
2761 4759 3100 4816 insectando.

1955 4868 2273 4923 Perverlisti
2310 4878 2623 4924 sanctorum
2657 4870 2880 4924 Patrum
2925 4869 3200 4939 dogmata,
3237 4881 3456 4939 apostoo

1885 4961 2064 5014 lorum
2114 4959 2378 5014 doctrinis
2423 4961 2698 5016 contraria
2743 4962 3049 5027 scribendo,
3098 4963 3257 5031 juxta
3305 4971 3455 5018 tuam

1887 5046 2083 5100 falsam
2135 5048 2457 5118 religionem
2505 5057 2560 5105 et
2605 5051 2848 5121 impiam,
2889 5067 2923 5106 ο
2952 5051 3193 5106 Joannes
3251 5052 3456 5111 Christi

1887 5153 2122 5192 llllmlCC.

1957 5250 2164 5305 Fumus
2193 5260 2322 5306 tuus
2347 5253 2560 5322 piorum
2583 5256 2772 5311 oculos
2801 5255 3058 5327 lacrymis
3084 5257 3326 5324 replevit,
3360 5258 3474 5318 sed

1887 5353 2053 5397 vento
2090 5359 2370 5398 sacrorum
2400 5347 2682 5401 doctorum
2724 5347 3023 5418 dissipatus
3059 5358 3161 5413 est,
3192 5363 3226 5403 0
3266 5350 3460 5405 insane

1888 5431 2147 5487 Joannes.

1960 5546 2042 5601 Tu
2102 5563 2315 5602 sacram
2386 5550 2579 5604 stolam
2635 5551 2928 5620 dilaniasti,
2994 5555 3454 5623 quemadmodum

1893 5638 2019 5692 olim
2053 5639 2215 5694 Arius
2245 5642 2447 5695 Christi
2499 5652 2746 5710 vestem;
2776 5658 3106 5716 quapropter
3160 5649 3354 5700 merito
3390 5649 3460 5701 ab

1893 5729 2133 5786 Ecclesia
2163 5735 2352 5803 procul
2420 5735 2593 5790 instar
2630 5737 2783 5793 canis
2818 5777 2833 5802 ,
2881 5753 2942 5792 es
2986 5737 3214 5807 eiectus.
3272 5738 3456 5794 Gloria

1893 5821 2061 5876 Patri.

1968 5913 2145 5970 Unum
2175 5917 2393 5973 deitatis
2426 5918 2753 5990 principium
2791 5920 2968 5977 tribus
3015 5921 3267 5991 personis
3299 5921 3457 5992 glori-
