3968 6444
557 367 691 430 1775

1731 362 1791 420 S.
1831 361 2222 423 THEODORI
2263 367 2604 426 STUDITAZ

3656 366 3781 430 1776

548 477 676 533 ﬁco.
715 473 868 531 Unus
906 472 1050 528 enim
1099 470 1243 526 Deus
1272 478 1374 535 est,
1428 465 1839 533 Pater,,Filius,
1870 479 1924 524 et
1956 469 2116 540 Spiri»

2234 474 2335 537 civ,
2366 470 2445 536 εἷς
2473 475 2606 538 Θεὸς
2636 475 2742 546 γάρ
2776 476 2912 539 ἐστι,
2942 478 3151 548 Πατὴρ,
3179 477 3302 542 Υἱὸς
3334 479 3429 532 καὶ
3450 478 3781 549 Ilva-Suma-

551 578 641 621 tus
669 574 913 630 sanctus,
942 563 1070 619 licet
1094 561 1444 617 idiomatibus
1468 559 1896 631 distinguantur,
1926 569 1980 616 et
2001 576 2124 631 per-

550 673 728 713 30IIIS.

617 747 662 803 0
691 746 990 818 purissima
1013 745 1180 818 Virgo
1221 761 1252 801 a
1299 743 1408 800 Deo
1441 742 1767 814 glorilicata,
1807 740 2003 797 civitas
2034 739 2126 794 Dei

2226 565 2426 638 ᾕρηται
2457 569 2797 640 χαρακτῆρσι
2829 569 2926 624 καὶ
2955 569 3284 642 προσώποις.

2296 745 2346 799 θ.
2387 747 2745 818 Προφητικῶς
2763 748 2900 821 ἁγνὴ
2927 749 3237 815 θεοδόξαστε
3261 750 3414 815 πόλις
3435 751 3684 823 ἐδείχθης
3699 753 3781 807 τοῦ

546 856 577 895 a
603 841 881 912 prophetis
924 841 1118 895 merito
1155 856 1214 896 es
1267 837 1652 910 praenuntiata,
1693 851 1758 892 ex
1810 851 1918 907 qua
1971 845 2116 891 ortus

2234 837 2380 903 Θεοῦ,
2409 839 2469 901 ἐξ
2493 833 2559 910 ἦς
2581 839 2843 911 ἐγεννήθη
2883 841 3046 905 αὐτὸς
3076 844 3105 895 ὁ
3137 842 3372 914 Ποιητής
3399 859 3514 908 σου,
3539 847 3680 914 μετὰ
3707 847 3784 898 τό⁶

545 942 628 987 est
660 933 888 1002 ipsemet
909 931 988 985 tui
1008 933 1253 997 Creator,
1286 928 1381 1002 qui
1409 939 1460 985 te
1485 937 1612 999 post
1635 936 1875 999 partum,
1896 936 1956 984 ut
1978 935 2120 1002 ante,

547 1021 828 1094 Virginem
866 1022 1235 1077 conservavit.

1217 1127 1356 1183 ODA
1380 1125 1494 1181 VII.

615 1237 846 1296 llaeresis
893 1238 1172 1296 fornacem
1213 1247 1452 1310 quatuor
1477 1237 1556 1310 (4)
1599 1251 1869 1294 annorum
1915 1237 2123 1292 hebdo-

544 1333 733 1386 madas
767 1332 1273 1401 praedominantem,
1301 1331 1477 1403 gratia
1505 1344 1655 1385 nunc
1686 1329 1950 1384 exstinxit
1974 1329 2119 1383 divi-

545 1437 634 1484 na,
682 1423 878 1478 ardens
926 1424 1148 1494 quidem
1191 1423 1500 1489 Chaldaeos,
1533 1431 1591 1477 et
1637 1420 1967 1491 refrigerans
2001 1421 2120 1491 pios

545 1512 827 1570 Trinitatis
857 1517 1117 1571 cultores.
2015 1560 2018 1569 λ

615 1605 887 1661 Exornata
938 1617 1042 1671 est,
1091 1617 1145 1663 et
1182 1606 1410 1678 pulchra
1456 1606 1644 1663 eli‘ecta
1701 1605 1795 1660 Dei
1851 1603 2116 1670 Ecclesia,

542 1709 757 1768 recepta
802 1698 1103 1755 Dominicaa
1142 1699 1540 1755 incarnationis
1570 1714 1725 1754 sacra
1767 1698 2023 1768 imagine,
2066 1707 2120 1752 et

541 1790 662 1859 ejus
694 1790 988 1859 passionis,
1035 1806 1099 1846 ac
1148 1782 1380 1846 aliorum
1416 1790 1825 1863 mysteriorum,
1855 1791 2007 1859 juxta
2033 1786 2118 1843 di!

541 1882 697 1937 vinas
733 1883 901 1953 leges.

2223 945 2318 983 κον
2349 947 2410 984 σε
2441 929 2515 996 ὡς
2546 932 2607 984 τὸ
2632 932 2761 1003 πρὶν
2787 932 3141 1002 διαφυλάξας.

2904 1127 3034 1198 ῼΔΗ
3062 1125 3138 1184 Z'.

2292 1232 2401 1304 Τὴν
2427 1232 2658 1304 κάμινον
2685 1235 2784 1306 τῆς
2813 1237 3100 1307 αἱρέσεως,
3125 1240 3220 1293 ν’ὖν
3249 1243 3578 1298 κατέσϐεσεν
3613 1247 3647 1317 ἡ
3674 1247 3785 1300 θεία

2222 1327 2399 1397 χάρις,
2437 1326 2711 1394 φλέγουσα
2759 1329 3084 1400 νοουμένους
3125 1331 3445 1398 Χαλδαίους,
3485 1339 3576 1388 καὶ
3605 1338 3783 1407 δροσί-

2222 1417 2389 1482 ζουσα
2414 1419 2641 1491 Τριάδος
2664 1419 2999 1490 θεράποντας
3022 1437 3037 1451 °
3074 1425 3400 1494 τετραπλαίς
3433 1428 3784 1500 ἑϐδομάσεσιν

2228 1508 2366 1561 ἐτῶν
2390 1509 2557 1581 αὐτὴν
2581 1510 3041 1583 διακρατήσασαν.

2292 1601 2668 1667 Πεποίκιλται,
2694 1603 3103 1675 περιϐέϐληται,
3135 1608 3572 1664 κεκαλλώπισται
3599 1613 3633 1684 ἡ
3671 1613 3786 1666 Ἐκ-

2220 1688 2416 1759 κλησία
2435 1705 2448 1719 ·
2485 1690 2765 1760 μόρφωσιν
2788 1691 2882 1745 τοῦ
2917 1695 3187 1747 Δεσπότου
3218 1697 3326 1751 τῶν
3366 1700 3502 1753 ὅλων
3525 1701 3626 1771 τῆς
3657 1719 3782 1774 σαρ-

2219 1779 2456 1846 κώσεως,
2489 1781 2714 1836 καὶτῶν
2778 1783 3115 1855 παθημάτων
3162 1789 3325 1842 αὐτοῦ
3380 1791 3475 1843 καὶ
3533 1793 3602 1845 τὰ
3646 1793 3781 1863 σύμ·

2218 1871 2346 1924 ϐολα
2397 1873 2656 1944 φέρουσα,
2689 1875 2769 1937 είς
2801 1875 2956 1941 τέλος
2981 1879 3120 1931 κατὰ
3177 1880 3237 1934 τὸ
3280 1882 3406 1946 τοὺς
3462 1884 3648 1949 θείους
3697 1887 3784 1940 θε-

2101 2011 2120 2031 ,
2219 1962 2408 2034 σμούς.

606 2058 921 2113 Christiane
963 2059 1053 2114 Dei
1096 2058 1312 2128 popule,
1349 2057 1580 2120 exsulta.
1631 2066 1687 2113 et
1730 2056 1961 2129 hymnos
2011 2058 2117 2113 Deo

539 2148 788 2213 coneine,
817 2147 945 2200 dum
986 2148 1138 2202 vides
1196 2146 1500 2202 Ecclesiam
1549 2147 1748 2201 iterum
1793 2147 2116 2202 illustratam

539 2239 736 2293 divinae
791 2232 1048 2309 imaginis
1101 2237 1528 2309 pulchritudine,
1574 2253 1740 2308 quam
1799 2253 1923 2293 eum
1973 2236 2116 2293 Deus

538 2341 704 2394 esset,
760 2332 1010 2402 gestavit,
1053 2341 1112 2386 ut
1163 2333 1348 2394 homo,
1398 2339 1456 2385 ut
1502 2345 1602 2385 nos
1643 2329 1896 2385 homines
1937 2329 2116 2385 salvos

538 2424 760 2480 faceret.

607 2515 928 2588 Panperiem
984 2532 1179 2586 passus
1224 2525 1326 2581 est,
1379 2526 1434 2571 et
1490 2514 1713 2580 famem,
1783 2523 1838 2569 et
1881 2514 2026 2589 sitim
2060 2515 2113 2568 in

539 2625 704 2665 carne
760 2607 905 2664 Deus
958 2606 1214 2674 Verbum,
1254 2607 1369 2662 hac
1396 2606 1664 2676 siquidem
1695 2606 1952 2659 humana:
1991 2615 2117 2660 sunt

538 2709 750 2758 natura;
794 2699 1075 2766 idiomata,
1128 2715 1224 2770 per
1285 2713 1404 2768 quae
1447 2696 1952 2753 circumscribitur:
2001 2698 2116 2766 ipse

537 2805 667 2844 vero
695 2789 902 2845 Deitate
950 2789 1180 2858 simplex
1227 2788 1465 2853 exsistit,
1499 2795 1553 2841 et
1583 2786 2113 2856 incircumscriptus.

609 2881 883 2946 Portenta,
934 2876 997 2936 et
1048 2896 1200 2935 vana:
1247 2879 1627 2950 praedictiones
1689 2876 1919 2933 Joannis
1967 2879 2115 2934 illius

539 2973 758 3028 Christo
786 2973 980 3028 infensi
1006 2981 1132 3027 sunt
1163 2973 1460 3042 dissipatae,
1496 2972 1590 3041 qui
1624 2985 1704 3037 se,
1731 2971 1904 3026 instar
1943 2972 2115 3041 genti-

540 3067 695 3130 lium,
722 3065 966 3135 jactabat
1019 3077 1211 3117 eorum
1275 3063 1519 3131 scriptis,
1563 3075 1683 3129 qua:
1717 3060 1913 3113 merito
1936 3060 2113 3128 justo-

538 3173 660 3212 rum
689 3171 850 3212 voces
875 3165 926 3211 et
954 3169 1144 3225 preces
1180 3153 1535 3223 disiecerunt.

2298 2053 2574 2123 Ἐόρταζε,
2607 2054 3026 2127 πανηγύριζε,ὁ
3078 2059 3450 2133 χριστώνυμος
3495 2065 3626 2127 λαὸς
3678 2069 3784 2121 Κυ-

2217 2142 2357 2212 ρίου,
2388 2142 2600 2213 βλέπων
2634 2144 2732 2217 τὴν
2769 2147 3094 2220 Ἐκκλησίαν
3143 2154 3234 2206 καὶ
3260 2155 3423 2208 πάλιν
3444 2157 3784 2228 διαλάμπουο

2217 2249 2335 2300 σαν,
2361 2235 2420 2287 τὸ
2448 2235 2641 2300 κάλλος
2667 2238 2763 2308 τῆς
2781 2239 2928 2303 θείας
2957 2244 3170 2314 μορφῆς
3189 2262 3202 2275 ·
3221 2246 3288 2316 ἢν
3331 2246 3462 2311 Θεὸς
3483 2246 3560 2303 ὢν
3588 2251 3785 2322 ἐφόρε·

2217 2339 2328 2386 σεν,
2364 2323 2439 2386 ὡς
2473 2323 2758 2396 ἄνθρωπος
2799 2328 2887 2382 διὰ
2917 2330 2978 2384 τὸ
3017 2332 3188 2387 σῶσαι
3230 2336 3395 2405 ἡμᾶς.

2297 2496 2655 2567 Ἑπτώχευσε,
2691 2500 2785 2553 καὶ
2814 2501 3090 2567 ἐπείνασε,
3130 2505 3222 2558 καὶ
3287 2507 3509 2580 ἐδίψησε
3573 2517 3786 2585 σαρκῖό

2213 2585 2416 2654 Λόγοςο
2454 2588 2625 2641 ταῦτα
2663 2590 2764 2660 τῆς
2787 2591 3132 2664 ἀνθρωπίνης
3180 2595 3367 2660 οὐσίας
3392 2598 3681 2669 ἰδιώματα,
3719 2605 3785 2656 δι’

2213 2673 2286 2731 ὧν
2314 2681 2733 2750 περιγράφεται.
2773 2677 2938 2747 Οὗτος
2982 2683 3039 2737 δὲ
3073 2688 3138 2757 τῇ
3170 2685 3385 2760 θεότητι
3414 2691 3620 2757 ἁπλοῦς
3670 2695 3786 2748 ἐστι

2215 2767 2308 2822 καὶ
2335 2769 2766 2841 άπερίγραπτος.

2283 2862 2643 2934 Κατήργηται
2668 2864 2735 2917 τὰ
2750 2865 3012 2936 τεράστια
3035 2867 3128 2921 καὶ
3159 2869 3514 2940 μαντεύματα
3539 2873 3636 2926 τοῦ
3652 2876 3788 2945 Χρι-

2215 2952 2505 3022 στομάχου.
2547 2956 2688 3016 ’Ίσος
2739 2955 2847 3023 γὰρ
2891 2957 3000 3010 τῶν
3042 2958 3306 3028 Ἑλλήνων
3353 2961 3566 3032 ἐδείχθη
3611 2965 3787 3035 ὑψαυ-

2213 3043 2495 3114 χούμενος,
2516 3049 2624 3109 τοῖς
2639 3047 2841 3099 τούτων
2859 3050 3307 3119 συγγράμμασιν,
3337 3051 3373 3105 ἃ
3409 3053 3636 3120 δικαίως
3676 3059 3788 3112 ἐλί-

2214 3151 2431 3205 κμησαν
2463 3137 2521 3190 αἱ
2549 3137 2655 3190 τῶν
2681 3137 2900 3192 δικαίων
2927 3141 3118 3208 φωναί.

611 3196 660 3212 ...
698 3196 850 3212 ,υνυς
875 3196 926 3211 ν.
955 3196 1144 3225 rm.--
1181 3196 1535 3223 ...-,-w.-....

609 3245 858 3312 Occulta,
889 3254 942 3299 et
980 3244 1231 3315 profana,
1267 3252 1322 3297 et
1364 3241 1655 3296 animabus
1679 3238 1985 3310 perniciosa
2018 3247 2110 3291 tua

2253 3196 2362 3281 ’νιῖά
2393 3229 2597 3299 κρύφια
2623 3230 2717 3282 καὶ
2768 3196 3116 3304 παμὸἐὸηλα,
3146 3235 3241 3288 καὶ
3288 3235 3600 3308 ψυχόλεθρα
3642 3241 3788 3296 διδά-

541 3342 792 3408 dogmata
840 3352 1090 3407 quamam
1151 3336 1338 3404 lingua
1406 3337 1608 3404 poterit
1672 3346 1974 3395 enarrare,
2031 3330 2113 3384 vel

539 3430 940 3502 praedictionem
969 3436 1076 3481 tua:
1114 3427 1471 3495 ventriloquze
1501 3424 1859 3496 phytonissze,
1894 3437 1926 3475 o
1952 3420 2110 3475 Joan-

541 3521 678 3578 nes?
707 3522 810 3576 hoc
843 3520 1063 3573 nomine
1089 3517 1312 3588 indigne
1343 3517 1533 3586 pro’cul
1561 3515 1751 3577 dubio,
1785 3529 1907 3569 cum
1935 3515 2114 3584 potius

541 3611 760 3666 Satanae
792 3622 1116 3678 praecursor,
1143 3615 1197 3660 et
1228 3605 1553 3659 Antichristi
1583 3603 1836 3657 exsistas.

611 3699 730 3757 Non
776 3698 1070 3768 Oportebat
1105 3705 1177 3759 te,
1214 3711 1248 3750 o
1281 3695 1667 3750 scelestissime
1702 3695 1969 3755 omnium,
2011 3691 2113 3744 hoc

540 3791 785 3854 nomine,
823 3787 1056 3843 Joannes
1100 3786 1349 3840 videlicet
1402 3781 1729 3850 nuncupari,
1789 3781 1884 3834 sed
1931 3781 2111 3849 potius

543 3877 930 3949 Pythagoram,
961 3883 1015 3930 et
1044 3872 1337 3927 Saturnum
1365 3869 1450 3924 vel
1478 3868 1799 3938 Apollinem,
1836 3868 1917 3920 vel
1944 3866 2110 3919 alium

545 3967 856 4038 quempiam
911 3950 1266 4034 profanorum
1320 3961 1537 4015 illorum
1579 3959 1827 4023 deorum,
1878 3971 2111 4027 quorum

544 4062 711 4114 vitam
749 4073 809 4112 es
841 4058 1108 4117 imitatus,
1158 4069 1347 4109 eorum
1392 4046 1749 4120 impudicitiis
1790 4049 2110 4105 delectatus.

546 4153 729 4209 Gloria
756 4149 926 4206 Patri.

619 4242 1014 4313 Sempiternam
1043 4237 1472 4308 omnipotentem
1513 4231 2112 4304 incomprehensibilem

545 4335 868 4390 Trinitatem
899 4331 1082 4386 ﬁdeles
1109 4345 1300 4384 omnes
1317 4329 1626 4394 adoremus,
1645 4323 2110 4389 Patrem,Filium,

548 4439 599 4483 et
628 4425 889 4496 Spiritum
925 4430 1202 4486 sanctum,
1237 4429 1292 4474 et
1327 4419 1528 4473 divinis
1554 4418 1808 4472 laudibus
1835 4415 2115 4471 inconfuse

547 4518 905 4583 celebremus,
933 4514 1233 4569 clamantes
1273 4529 1286 4566 :
1328 4509 1583 4573 Sanctus,
1621 4519 1863 4573 sanctus,
1892 4517 2114 4561 sanctus
2145 4543 2189 4597 Ι)

547 4629 606 4668 es
633 4611 794 4667 Deus.

620 4703 820 4759 Sancta
856 4700 950 4756 Dei
1008 4697 1258 4755 Genitrix
1311 4693 1482 4748 Mater
1541 4701 1596 4746 et
1656 4689 1847 4760 Virgo,
1898 4687 2116 4760 hymnis

550 4792 894 4858 celebranda,
930 4802 984 4846 et
1022 4785 1393 4860 gloriﬁcanda,
1433 4783 1599 4836 libera
1631 4795 1732 4835 nos
1763 4781 1830 4834 ab
1861 4778 2114 4834 omnibus

551 4884 786 4950 delictis,
818 4883 912 4956 qui
940 4891 1093 4937 tuum
1139 4875 1547 4934 immaculatum
1604 4882 1822 4945 partum
1887 4886 2110 4925 venera-

552 4994 678 5033 mur
706 4995 720 5033 :
755 4974 965 5031 nullum
991 4972 1134 5028 enim
1167 4970 1316 5026 aliud
1343 4968 1608 5023 habemus
1631 4963 1944 5036 praasidium
1975 4977 2113 5032 prae-

555 5080 635 5125 ter
674 5077 748 5133 te,
778 5083 811 5123 o
837 5066 933 5121 Dei
964 5078 1186 5134 sponsa.

1250 5180 1334 5232 DA
1377 5177 1510 5230 VIII.

1200 5178 1334 5234 ODA
1377 5178 1510 5230 Vill.

627 5273 745 5330 Una
776 5287 901 5328 cum
933 5273 1190 5342 propheta
1211 5269 1546 5324 exsultemus
1569 5273 1623 5320 et
1646 5263 1907 5327 laetemur,
1933 5260 2111 5316 ﬁdeles

2214 3320 2402 3391 γματὰ
2423 3338 2540 3387 σου,
2571 3322 2700 3375 ποία
2728 3323 3382 3394 ἐκδιηγήσεταιγλῶσσα;
3415 3329 3448 3398 ἢ
3481 3331 3581 3402 τὴν
3612 3334 3786 3405 πρόρ-

2217 3416 2372 3483 ρησιν
2392 3414 2489 3482 τῆς
2536 3412 2977 3485 ἐγγαστριμύθου
3000 3434 3116 3482 σου,
3161 3419 3383 3491 Ἰωάννη
3438 3421 3786 3495 ψευδώνυμε,

2213 3508 2308 3559 καὶ
2340 3506 2612 3577 πρόδρομε
2639 3507 2731 3560 τοῦ
2759 3508 3099 3578 ἀντιχρίστου
3141 3509 3316 3564 Σατᾶν
3343 3528 3358 3578 ;

2263 3676 2376 3729 Οὐκ
2397 3676 2503 3728 ἔδει
2527 3693 2606 3742 σε,
2621 3674 2665 3729 ὠ
2681 3678 2984 3749 παράνομε,
3001 3680 3359 3751 ὀνομάζεσθαι
3378 3686 3634 3760 τοιαύτην
3650 3690 3785 3759 κλῆο

2213 3786 2317 3835 σιν,
2352 3767 2626 3837 μᾶλλονδὲ
2675 3769 3017 3841 Πυθαγόραν,
3051 3774 3146 3826 καὶ
3184 3775 3413 3846 Κρόνον,
3447 3781 3542 3833 καὶ
3585 3781 3784 3836 Ἀπόλο

2212 3862 2374 3929 λωνα,
2403 3861 2436 3932 ἦ
2467 3877 2589 3915 τινα
2631 3860 2739 3915 τῶν
2783 3861 2958 3917 ἄλλων
3006 3863 3164 3930 θεῶν,
3192 3860 3266 3921 ὧν
3305 3870 3396 3925 τὸν
3428 3871 3543 3942 βίον
3581 3875 3784 3946 ἐζήλωσ

2214 3970 2333 4017 σας,
2365 3954 2700 4024 τερπόμενος
2724 3954 2841 4017 ταῖς
2870 3955 3152 4026 ἀσελγίαις
3181 3959 3379 4016 αὐτῶν.

2246 4206 2292 4261 θ.
2315 4205 2508 4260 ’Λῒδιον
2537 4205 2834 4260 παντοδύνα
2842 4223 2941 4276 μον
2961 4207 3339 4279 ἀκατάληπτον
3354 4209 3560 4280 Τριάδα
3578 4216 3781 4278 πιστοὶ,

2215 4300 2416 4362 πάντες
2460 4299 2696 4368 Πατέρα,
2736 4298 2861 4352 Υίδν
2893 4301 2983 4352 καὶ
3026 4299 3247 4368 Πνεῦμα
3277 4306 3780 4374 προσκυνήσωμεν.

2216 4393 2308 4446 καὶ
2335 4392 2745 4461 θεολογήσωμεν
2775 4390 3093 4461 ἀσυγχύτως
3117 4393 3525 4463 κραυγάζοντες
3549 4413 3562 4425 ·
3587 4399 3782 4466 ’Δγιυς

2217 4484 2389 4552 ἅγιος,
2420 4482 2571 4549 ἅγιος
2595 4477 2646 4533 εί
2674 4484 2702 4534 ό
2730 4480 2884 4544 Θεός.

2283 4701 2333 4753 θ.
2369 4699 2691 4770 Πανύμνητε
2724 4699 3103 4768 πολυδόξαστε,
3123 4705 3532 4774 μητροπάρθενε
3551 4707 3783 4778 θεοκυῆ-

2211 4809 2324 4860 τορ,
2342 4791 2615 4860 λύτρωσαι
2645 4789 2892 4860 χαλεπῶν
2921 4793 3304 4866 ἐγκλημάτων,
3333 4797 3459 4858 τοὺς
3501 4797 3785 4869 τιμῶντάς

2213 4899 2304 4935 σου
2337 4881 2433 4952 τὴν
2482 4881 2744 4951 ἄχραντον
2777 4881 2992 4952 κύησιν*
3026 4884 3087 4936 οὑ
3108 4884 3214 4955 γὰρ
3232 4886 3395 4957 ἄλλην
3418 4887 3784 4958 βοήθειανκε-

2211 4973 2460 5043 κτήμεθα
2500 4971 2637 5041 πλήν
2665 4988 2780 5036 σου,
2803 4970 3103 5042 Θεόνυμφε.

2919 5170 3007 5220 ΔΗ
3035 5170 3116 5225 H'.

2919 5170 3007 5220 ΔΗ
3035 5170 3116 5225 H'.

2288 5257 2643 5330 Προφητικῶς
2704 5168 3171 5331 ἀγαλλὲσὼμεθα,
3222 5262 3315 5316 καὶ
3385 5261 3782 5333 εὐφρανθῶμεν

2034 5438 2263 5494 NOTAE.

625 5636 701 5706 (ι)
741 5633 994 5689 ALeonis
1029 5633 1245 5706 Armeni
1290 5641 1549 5706 tempore,
1595 5626 1687 5706 qui
1739 5635 1858 5692 post
1892 5624 2097 5706 Irenani

556 5697 851 5776 Augustam
895 5704 1156 5776 regnavit,
1176 5697 1520 5776 manifestum
1550 5697 1771 5776 est-hos
1801 5697 2101 5776 computari

554 5765 775 5830 annos:
842 5765 1024 5844 viginti
1075 5783 1197 5828 octo
1257 5784 1486 5838 namque
1513 5768 1650 5822 'anni
1705 5765 2040 5821 intercedunt
2073 5777 2100 5815 a

2209 5625 2383 5695 primo
2440 5639 2582 5677 anno
2637 5623 2833 5679 Leonis
2890 5639 3061 5695 usque
3116 5623 3182 5678 ad
3215 5623 3417 5695 obitum
3460 5623 3777 5694 Theophili.

2209 5694 2424 5764 quando
2457 5709 2623 5749 sacrae
2657 5696 2916 5763 imagines
2967 5694 3093 5750 Sunt
3124 5694 3400 5750 restitutae.
