3968 6436
225 401 368 468 1777

1172 404 1414 466 CANON
1456 404 1539 464 ΙΝ
1581 402 2006 463 ERECTIONE
2046 403 2149 462 SS.
2183 404 2593 464 IMAGINUM.

3312 404 3447 472 177.8

223 517 412 568 πιστοὶ
471 516 665 577 πάντες
720 516 1016 584 μυστικῶς.
1053 513 1200 584 Αὕτη
1232 515 1339 586 γὰρ
1374 515 1409 581 ἡ
1443 509 1642 582 ἡμέρα,
1671 506 1774 582 iv?

1894 525 2077 565 omnes
2111 531 2124 566 :
2173 511 2289 564 haec
2327 512 2474 565 enim
2509 521 2590 566 est
2630 512 2766 575 dies,
2805 512 2856 565 in
2899 528 3005 582 qua
3032 511 3281 568 Christus
3309 514 3444 570 Ver-

219 606 460 674 Χριστὸς
490 605 518 656 ό
543 605 709 673 Λόγος
748 606 845 675 τὴν
874 605 1010 657 ἰδίαν
1062 605 1254 676 στολὴν
1291 603 1534 656 ἀπέδωκε
1563 605 1630 673 τῇ
1673 601 1784 654 Ἐκ·

222 696 450 767 κλησία.

293 788 610 859 Πολεμικῶς
626 787 810 859 ῶσπερ
833 789 1227 859 παρετάξαντο,
1264 785 1408 840 κατὰ
1427 783 1661 856 Χριστοῦ
1683 784 1782 854 τῆς

222 881 466 951 μορφῆς,
495 881 836 950 ὁμοθυμαδὸν
870 881 1044 951 Λήζιξ
1077 881 1168 935 καὶ
1214 881 1484 950 Ἰωάννης,
1510 878 1570 931 τὺ
1594 878 1781 944 ζεῦγος

216 972 317 1024 τοῦ
349 973 565 1042 Βελίαρ,
587 972 802 1025 πελέκει
833 973 1027 1036 κακίας
1068 970 1397 1040 ἐγκύψαντες
1427 970 1527 1041 τὴν
1561 969 1784 1038 Ἐκκλη-

218 1081 366 1117 σιαν.

299 1157 395 1218 Τίς
433 1155 507 1226 μὴ
569 1155 827 1226 θρηνήσει
860 1154 920 1208 τὸ
985 1157 1130 1225 μέγα
1190 1151 1463 1222 τόλμημα,
1508 1152 1604 1222 τὴν
1636 1150 1781 1204 Θείαν

221 1247 444 1316 βλέπων
475 1247 707 1316 μορφὴν.
733 1249 831 1314 τὴν
856 1247 913 1299 ἐν
944 1249 1009 1316 τῇ
1028 1246 1200 1316 χαλκῇ
1225 1245 1368 1319 πύλῃ
1382 1245 1474 1298 τοῦ
1496 1243 1778 1305 παλατίου,

216 1337 328 1390 ὑπὸ
358 1338 566 1408 ἀνδρῶν
610 1339 823 1408 ἀνόμων
871 1337 1037 1401 λίθοις
1079 1337 1435 1409 βαλλομένην,
1482 1339 1548 1407 τῇ
1595 1334 1780 1405 διδαχῇ

212 1430 314 1482 τοῦ
366 1430 642 1495 Ἰωάννους

292 1521 414 1580 Πῶς
457 1521 517 1573 ού
573 1519 844 1588 συνῆκας,
887 1519 1051 1586 τυφλὲ
1097 1518 1380 1584 πανάθλιε,
1431 1517 1778 1586 ἐσκοτισμένε

219 1608 314 1661 τὸν
335 1608 479 1670 νοῦν,
500 1609 598 1678 τὴν
621 1608 710 1660 ὑπ’
729 1607 954 1677 οὐρανὸν
978 1607 1187 1676 βλέπων
1209 1623 1450 1687 κεκοσμη
1461 1607 1627 1675 μένην
1648 1606 1783 1676 Χρισ-

218 1699 352 1752 στοῦ
383 1701 460 1772 τῷ
487 1700 814 1769 χαρακτῆρι,
840 1697 974 1752 ἀλλὰ
1023 1699 1180 1768 μόνος
1221 1697 1375 1768 ἔσχες
1418 1699 1481 1750 τὸ
1529 1697 1781 1768 φρόνημα

214 1792 329 1844 τῶν
372 1791 636 1844 Ἰουδαίων
660 1808 674 1856 ;

1885 600 2010 655 bum
2041 601 2292 657 Ecclesia:
2323 619 2432 657 suae
2470 604 2740 672 propriam
2772 605 3010 660 restituit
3033 607 3246 659 stolam.

1955 781 2201 837 Hostium
2237 785 2405 839 instar
2445 785 2591 841 acies
2633 795 2950 842 struxerunt
2990 787 3257 843 adversus
3294 789 3449 844 Chri-

1884 873 1952 927 sti
2017 875 2326 946 imaginem,
2388 877 2580 931 eodem
2637 879 2803 932 animi
2863 879 3046 934 furore
3114 881 3334 946 Lezius,
3390 891 3444 935 et

1882 963 2138 1032 Joannes,
2179 952 2311 1022 socii
2335 967 2522 1030 Belial,
2581 969 2887 1040 iniquitatis
2942 973 3120 1028 securi
3149 971 3444 1028 Ecclesiam

1883 1055 2288 1112 abscindentes.

1952 1143 2086 1209 Quis
2111 1158 2220 1199 non
2250 1145 2554 1215 deplorabit
2581 1163 2835 1220 magnam
2865 1151 3245 1207 haereticorum
3280 1154 3421 1207 auda

1882 1234 2045 1299 ciam,
2094 1238 2390 1306 respiciens
2434 1241 2672 1295 divinam
2717 1243 3028 1313 imaginem,
3098 1260 3222 1314 quae
3281 1244 3446 1300 estin

1880 1339 2030 1379 enea
2069 1336 2224 1395 porta
2264 1330 2472 1398 palatii,
2512 1345 2539 1384 a
2575 1329 2799 1388 nefariis
2832 1333 3149 1390 hominibus
3171 1332 3448 1404 lapidibus

1881 1417 2480 1486 pereussani,..loannis
2505 1423 2796 1492 exemplo?

1951 1507 2237 1574 Quomodo
2268 1528 2374 1566 non
2402 1512 2740 1578 intellexisti,
2779 1529 2813 1569 o
2846 1527 3001 1585 capte
3033 1517 3227 1582 oculis,
3261 1532 3314 1575 ct
3343 1522 3446 1576 mi-

1881 1601 2130 1665 serrimo,
2162 1617 2226 1658 ac
2257 1614 2488 1658 mentem
2519 1605 2889 1667 obtenebrate,
2908 1607 3221 1662 universum
3261 1611 3449 1666 orbem

1883 1688 2086 1744 Christi
2110 1692 2424 1748 charactere
2458 1695 2796 1764 insignitum,
2825 1696 2919 1750 sed
2966 1697 3116 1751 solus
3169 1705 3223 1750 tu
3254 1704 3450 1752 nactus

1883 1796 1942 1834 es
1979 1779 2288 1837 Judaenrum
2315 1787 2592 1840 mentem?

291 1884 361 1935 Σὺ
381 1882 652 1944 παντελῶς
676 1882 916 1945 καθελεῖν
949 1882 1200 1950 ἐνόμισας
1227 1881 1336 1933 τῶν
1377 1879 1536 1934 θείων
1583 1881 1774 1952 ἐκκλη-

1950 1872 2030 1926 Τιι
2052 1888 2082 1927 e
2112 1876 2292 1930 medio
2316 1879 2541 1931 omnino
2564 1879 2752 1934 tollere
2782 1881 2965 1934 animo
2985 1881 3241 1951 cogitasti
3259 1896 3325 1936 ex
3357 1880 3446 1936 Dei

221 1973 353 2024 σιῶν
425 1973 524 2040 τὴν
577 1969 936 2040 σαρκο).αμπῆ
985 1970 1264 2041 μόρφωσιν
1294 1970 1388 2023 τοῦ
1419 1972 1648 2040 Κυρίου,
1683 1972 1776 2023 καὶ⁸

216 2066 327 2118 τῶν
356 2063 525 2131 άγίων
560 2064 773 2117 πάντων
795 2080 810 2094 ·
839 2062 955 2115 ἀλλ’
981 2065 1026 2133 ή
1064 2062 1180 2116 θεία
1233 2063 1393 2134 χάρις
1435 2061 1648 2116 καθεῑλέ
1681 2079 1775 2115 σου

215 2156 318 2228 τὴν
340 2154 650 2225 τυραννίδα.

289 2246 370 2298 Τὰ
401 2246 519 2315 ίερὰ
551 2243 858 2319 τῶνμάγίων
887 2244 1134 2314 λείψανα,
1172 2245 1263 2298 καὶ
1307 2244 1408 2307 τὰς
1437 2244 1651 2306 εἰκόνας
1675 2244 1777 2296 αὑ-

213 2337 325 2390 τῶν
351 2335 522 2408 Δήζιξ
567 2338 595 2389 ό
624 2337 812 2397 δεινὸς.
839 2336 951 2405 ἅμα
972 2336 1046 2406 τῷ
1062 2337 1302 2410 Ἰωάννῃ,
1325 2335 1432 2388 οὐδ’
1450 2335 1582 2398 ὅλως
1606 2351 1777 2406 προσ-

216 2425 498 2479 κυνείσθαι
574 2426 804 2494 ἔφασκον
839 2425 1076 2494 ἀνόμως,
1133 2425 1181 2477 οἱ
1224 2425 1452 2495 άρνηταί
1501 2423 1597 2492 τῆς
1622 2423 1777 2475 εὐσε-

225 2517 284 2568 ϐε
295 2517 400 2581 ίας.

288 2609 340 2664 0.
385 2607 789 2679 Παντόυργικὴν
811 2606 1063 2678 θεαρχίαν
1081 2607 1343 2673 σέϐοντες,
1365 2610 1422 2661 ἐν
1438 2607 1776 2678 χαρακτῆρσι

214 2697 384 2766 τρισὶ,
440 2697 642 2758 πάντες
691 2695 959 2759 εὐσεϐῶς,
991 2695 1222 2764 ἄναρχον
1255 2697 1345 2748 τὸν
1387 2697 1622 2766 Πατέρα,
1653 2713 1776 2749 συν-

219 2789 453 2856 άναρχον
479 2784 571 2838 τὸν
595 2786 787 2855 Λόγον,
820 2787 1041 2856 Πνεῦμα
1067 2787 1441 2857 συνεκλάμπον
1467 2787 1777 2858 δοξάσωμεν

217 2880 296 2940 εἰς
324 2877 450 2938 τοὺς
471 2875 693 2938 αἰῶνας.

249 3048 319 3104 θ’.
339 3049 685 3121 Χριστιανῶν
704 3052 736 3120 ή
758 3048 948 3121 βεϐαία
967 3051 1263 3122 γέφυρα,τὸ
1284 3053 1540 3122 καύχημα
1557 3050 1663 3105 τῶν
1691 3069 1779 3105 πι-

1875 1963 2131 2021 Ecclesiis
2172 1968 2371 2022 Christi
2416 1968 2631 2023 Domini
2678 1971 2970 2040 imaginem
3010 1987 3174 2027 carne
3228 1970 3449 2041 praeful-

1874 2064 2107 2123 gentem,
2139 2067 2192 2111 et
2220 2069 2530 2113 sanctorum
2575 2061 2851 2127 omnium;
2897 2063 2990 2118 sed
3035 2062 3216 2115 divina
3273 2061 3446 2132 gratia

1875 2154 2026 2201 tuam
2055 2150 2396 2218 tyrannidem
2424 2150 2716 2208 destruxit.

1947 2239 2143 2295 Sacras
2170 2251 2483 2296 sanctorum
2507 2245 2792 2314 reliquias,
2822 2255 2880 2301 et
2906 2246 3150 2317 ipsorum
3180 2249 3448 2320 imagines

1876 2330 2069 2387 Lezius
2113 2332 2203 2388 ille
2253 2332 2424 2398 ferus,
2477 2351 2583 2389 una
2642 2352 2767 2391 eum
2818 2338 3048 2399 Joanne,
3095 2340 3248 2394 nullo
3286 2351 3448 2410 pacto

1874 2425 2235 2491 venerandas,
2273 2427 2438 2496 impie
2471 2430 2828 2497 asserebant,
2859 2439 2917 2483 ut
2960 2432 3180 2500 pietatis
3209 2432 3451 2488 deserto-

1877 2529 1986 2569 res.
2025 2513 2209 2570 Gloria
2243 2515 2412 2570 Patri.

1944 2603 2147 2662 Omnes
2185 2608 2273 2676 pie
2295 2617 2618 2664 venerantes
2663 2609 2755 2665 Dei
2792 2611 3155 2682 majestatem,
3195 2611 3443 2666 omnium

1875 2704 2177 2762 auctorem,
2233 2700 2287 2753 in
2334 2701 2506 2755 tribus
2565 2703 2854 2770 personis,
2919 2702 3130 2758 Patrem
3193 2703 3447 2758 videlicet

1876 2787 2142 2858 principio
2164 2799 2460 2851 carentem,
2475 2800 2529 2844 et
2553 2791 2784 2846 Verbum
2805 2803 3158 2848 coaeternum.
3187 2793 3449 2862 Spiritum

1877 2894 2094 2949 quoque
2131 2890 2378 2936 sanctum
2432 2883 2594 2937 simul
2647 2885 3031 2953 praelucentem
3079 2884 3449 2955 gloriﬁcemus

1878 2971 1932 3024 in
1963 2973 2182 3026 saecula.

1949 3061 1994 3117 Ο
2026 3063 2254 3118 Domina
2288 3063 2378 3118 Dei
2407 3063 2674 3130 Genitrix,
2705 3074 2761 3119 tu
2789 3068 2902 3121 sola
2931 3067 3155 3122 exsistis
3183 3065 3449 3121 Christia-

217 3141 376 3206 στῶν,
409 3144 504 3196 καὶ
525 3144 808 3212 καταφυγή
832 3158 846 3174 ·
875 3142 1144 3197 Δέσποινα
1161 3145 1410 3208 θεοτόκε,
1435 3145 1572 3215 αὑτὴ
1595 3145 1774 3215 ὑπάρ-

219 3251 335 3254 -,__
369 3233 495 3254 “Ia...
565 3235 764 3254 -1,,___
815 3233 1081 3254 o-_,n-s__
1153 3236 1234 3254 __,‘
1301 3234 1529 3254 _,'P,,;,,
1582 3237 1635 3254 ι..
1676 3236 1773 3254 γ’..

1894 3172 2074 3210 ἰοτιιιιι
2107 3172 2244 3226 pons
2279 3173 2524 3221 securus,
2572 3168 2626 3214 et
2670 3161 2904 3222 ﬁdelium
2958 3161 3135 3231 gloria
3162 3170 3327 3232 atque
3358 3178 3447 3216 re-

219 3251 336 3304 χεις
367 3233 525 3304 μόνη,
558 3235 764 3297 πάντας
815 3233 1114 3304 βοηθοῦσα,
1151 3236 1245 3289 καὶ
1294 3234 1539 3300 σώζουσα
1577 3237 1641 3290 ἐκ
1670 3236 1776 3290 τῶν

221 3326 502 3380 κινδύνων.

907 3484 1038 3552 om
1069 3483 1146 3536 θ’.

293 3610 375 3663 Τά
403 3609 550 3680 ἔθνη,
586 3611 906 3679 κροτήσατε·
942 3611 1090 3681 χοροὶ
1117 3610 1390 3680 Πατέρων,
1411 3611 1696 3666 σπεύσατε·
1727 3614 1776 3666 oi

221 3699 456 3768 άσκηταί
483 3715 542 3751 τε
578 3700 672 3751 καὶ
701 3700 750 3750 oi
771 3700 828 3752 ἐν
852 3701 963 3764 τοῖς
989 3701 1159 3772 δρεσι,
1190 3702 1487 3755 συνέλθετε·
1518 3703 1701 3773 ἥκετε,
1727 3705 1776 3757 οἰ

221 3790 540 3862 διωχθέντες
580 3791 746 3844 πάλαι
809 3790 915 3844 ἀπὸ
954 3791 1046 3844 τοῦ
1094 3791 1294 3844 πλάνου
1351 3794 1443 3845 καὶ
1487 3794 1775 3858 δυσσεϐοῦς

233 3883 477 3936 Ἰωάννου
506 3899 520 3912 ο
558 3881 899 3952 στηλιτεῦσαι
963 3883 1062 3945 τὰς
1099 3883 1328 3952 μαγείας
1396 3885 1488 3937 καὶ
1546 3884 1774 3954 μαντεύ-

221 3990 386 4042 ματα.

285 4146 610 4217 Εύφραίνου,
635 4149 666 4217 ή
691 4147 892 4220 ἔρημος
921 4150 1014 4202 καὶ
1044 4149 1332 4221 οἰκουμένη
1349 4150 1554 4214 ἅπασα,
1583 4153 1651 4205 τά
1671 4152 1768 4223 ὅρη

217 4240 416 4301 πάντα,
438 4237 750 4308 γλυκασμὸν
766 4239 1080 4305 σταλάξατε,
1107 4240 1304 4310 βνουνοί,
1325 4243 1671 4310 ἀγαλλιᾶσθε,
1691 4244 1770 4297 ὅτι

213 4329 465 4399 Χριστὸς,
495 4331 524 4382 ὁ
553 4330 747 4397 Λόγος,
791 4332 1012 4402 εἰρήνην
1047 4332 1243 4386 δέδωκε
1295 4337 1408 4396 τοῖς
1465 4335 1523 4388 ἐν
1551 4337 1644 4406 γῇ,
1677 4338 1769 4389 καὶ

213 4426 330 4486 ταῖς
398 4422 570 4485 θείαις
659 4422 1003 4492 Ἐκκλησίαις
1076 4425 1174 4494 τὴν
1237 4426 1460 4495 ἐνότητα
1517 4427 1616 4496 τῆς
1683 4429 1771 4481 πί-

215 4531 405 4575 στεως.

281 4604 414 4666 Θεὸς
469 4605 800 4674 ἐκδικήσεων
860 4605 954 4658 νῦν
1028 4607 1490 4677 ἐπαρρησιάσατο,
1540 4611 1770 4683 Χριστὸς

219 4694 447 4762 ἐπέστη,
475 4695 736 4765 ἐνισχύων
771 4698 1004 4768 σήμερον
1037 4698 1158 4761 τοὺς
1196 4699 1373 4765 θείους
1399 4701 1767 4768 διδασκάλους,

210 4783 268 4834 ἐν
323 4786 608 4855 παρρησία
683 4786 861 4855 λέγειν
946 4794 1046 4857 τήν
1115 4791 1520 4856 συγκατάϐασιν
1565 4795 1765 4857 αὐτοῦ.

213 4874 304 4928 καὶ
336 4873 435 4943 τὴν
499 4875 772 4946 σάρκωσιν
816 4875 1049 4945 βεϐαίως
1107 4881 1164 4932 ἐν
1210 4880 1377 4934 εἰκόνι
1435 4886 1768 4956 περιγράφε-

214 4966 356 5020 σθαι.

278 5060 611 5130 Μακρόθυμε
645 5060 844 5132 Κύριε,
873 5060 947 5124 ὡς
974 5061 1260 5132 θαυμαστά
1279 5067 1351 5117 τά
1369 5064 1504 5135 ἔργα
1529 5069 1650 5122 σουί
1685 5067 1768 5132 τίς

211 5149 502 5223 ἀριθμήσει
524 5153 622 5222 τὴν
644 5153 1054 5222 φιλανθρωπίαν
1084 5172 1177 5208 σου
1206 5173 1219 5220 ;
1245 5157 1369 5220 Πῶς
1391 5157 1600 5227 βλέπων
1626 5176 1766 5212 κτει-

212 5241 466 5310 νομένους
509 5243 589 5294 διὸ
636 5245 735 5313 τὴν
766 5245 865 5312 σὴν
919 5245 1121 5311 εἰκόνα,
1162 5249 1286 5309 τοὺς
1334 5249 1495 5318 ίερεῐς
1533 5266 1625 5302 σου
1675 5251 1766 5303 καὶ

212 5329 473 5398 ἀσκητάς,
508 5332 569 5384 ού
596 5331 932 5402 κατέφλεξας
960 5336 1085 5398 τοὺς
1113 5335 1365 5400 πλάνους,
1406 5337 1765 5409 ἀλλ’ήνέσχου

215 5419 564 5492 ὑϐριζόμενος
592 5441 607 5490 ;

293 5593 350 5647 '0
384 5596 560 5665 πήξας
585 5599 880 5653 ἀσάλευτον
923 5602 1020 5672 τὴν
1061 5604 1407 5675 Ἐκκλησίαν,
1440 5608 1630 5678 Κύριε,
1675 5612 1765 5664 καὶ

217 5683 377 5740 πύλαι
409 5686 534 5757 ᾅδου
569 5689 768 5760 ταύτης
815 5691 876 5744 οὐ
925 5693 1276 5763 κατίσχυσαν,
1309 5697 1468 5762 αὐτὸς
1497 5700 1592 5770 τὴν
1613 5703 1764 5773 εἰρή-

215 5794 306 5846 νην
338 5795 430 5833 σσυ
491 5782 767 5852 παράσχου
810 5784 883 5855 τῷ
931 5784 1044 5857 λαῷ
1091 5803 1203 5856 σου,
1242 5787 1325 5842 ἵνα
1367 5805 1423 5842 σε
1475 5791 1668 5856 πάντες
1694 5796 1769 5847 εί-

1886 3247 2109 3317 rugium,
2144 3263 2172 3302 a
2196 3251 2453 3320 periculis
2480 3251 2713 3318 cunctis,
2745 3268 2937 3308 omnes
2965 3253 3230 3324 adjuvans
3285 3263 3448 3324 atque

1885 3339 2134 3394 liberans.

2546 3495 2683 3551 ODA
2719 3497 2810 3551 ΙΧ.

1953 3621 2153 3677 Gentes
2194 3638 2406 3690 omnes,
2457 3626 2694 3694 plaudite
2738 3631 3010 3698 manibus,
3057 3647 3109 3689 ct
3137 3650 3466 3696 sanctorum.

1881 3711 2101 3768 Patrum
2139 3715 2291 3769 chori
2348 3719 2636 3782 accurrite,
2673 3730 2726 3775 et
2752 3723 2846 3791 qui
2873 3723 3112 3781 claustra
3147 3739 3200 3784 et
3236 3741 3448 3788 montes

1880 3805 2141 3869 incolitis,
2185 3809 2472 3863 convenite
2500 3825 2712 3877 omnes,
2745 3822 2800 3868 et
2829 3817 3086 3883 accedite,
3120 3836 3260 3890 quos
3287 3835 3446 3880 antea

1879 3897 1967 3951 ille
1996 3897 2251 3953 seductor
2277 3908 2330 3953 et
2385 3900 2584 3970 impius
2618 3901 2854 3961 Joannes
2889 3907 3064 3964 fuerat
3105 3927 3443 3982 persecutus,

1878 3994 1939 4040 ut
1992 4001 2082 4041 eas
2145 3989 2383 4057 magicas
2440 4000 2605 4056 artes,
2640 4003 2694 4048 et
2751 3993 2970 4052 fraudes
3009 4002 3447 4071 conculcetis,et

1877 4075 2186 4147 proﬂigatis.

1946 4167 2173 4232 Laetare,
2199 4186 2414 4227 eremus
2442 4184 2494 4227 ct
2523 4175 2808 4233 universus
2841 4181 3009 4246 orbis,
3038 4195 3253 4240 montes
3280 4187 3442 4242 etiam

1877 4275 2064 4315 omnes
2086 4262 2421 4318 dulcedinem
2464 4266 2682 4333 stillate,
2703 4282 2755 4325 et
2791 4273 2958 4328 valles
2987 4277 3275 4342 exsultate,
3309 4296 3445 4351 quo~

1877 4350 2022 4403 niam
2075 4350 2326 4407 Christus
2378 4354 2470 4409 Dei
2531 4356 2766 4413 Verbum
2827 4378 3014 4430 pacem
3065 4350 3444 4426 omnibusest

1877 4441 2120 4510 largitus,
2146 4453 2200 4498 et
2232 4447 2433 4501 sanctis
2469 4446 2726 4505 Ecclesiis
2757 4451 2881 4508 ﬁdei
2929 4457 3211 4514 unitatem.

1944 4621 2084 4678 Deus
2116 4623 2382 4680 ultionum
2410 4643 2552 4682 nunc
2583 4628 2752 4683 libere
2777 4631 2905 4701 egit,
2964 4631 3215 4690 Christus
3245 4637 3438 4706 astitit,

1869 4716 2226 4772 corroborans
2251 4719 2412 4775 hodie
2442 4733 2660 4778 sanctos
2689 4721 2898 4789 Patres,
2925 4727 3118 4796 utejus
3144 4729 3433 4787 adventum

1869 4805 2038 4860 libere
2101 4811 2396 4877 praedicare
2449 4815 2685 4879 valeant,
2741 4826 2905 4886 atque
2955 4821 3287 4889 imaginibus
3317 4825 3437 4896 ejus

1870 4895 2303 4954 incarnationem
2332 4901 2639 4972 designare.

1938 5068 2311 5142 Longanimis.
2340 5075 2588 5143 Domine,
2624 5096 2788 5150 quam
2813 5082 3085 5138 mirabilia
3117 5095 3243 5141 sunt
3271 5103 3432 5159 opera

1867 5162 1992 5215 tua!
2025 5164 2150 5232 quis
2179 5174 2321 5220 tuam
2343 5167 2683 5224 clementiam
2713 5174 3058 5229 recensebit?
3082 5184 3134 5230 et
3163 5181 3436 5248 quomodo

1868 5252 2086 5308 intuens
2122 5265 2243 5311 tuos
2271 5261 2580 5316 sacerdotes
2615 5273 2668 5317 et
2708 5268 3029 5333 monachos,
3073 5269 3200 5324 dum
3229 5271 3434 5327 interli-

1867 5355 2121 5399 ecrentur
2163 5359 2380 5418 propter
2418 5361 2564 5407 tuam
2615 5355 2928 5426 imaginem,
2966 5362 3283 5419 seductores
3315 5367 3436 5421 illos

1867 5436 2001 5487 tanti
2038 5438 2162 5490 mali
2196 5450 2444 5497 auctores
2478 5461 2584 5498 non
2611 5448 2986 5517 combussisti,
3013 5454 3108 5507 sed
3143 5464 3320 5512 tantas
3349 5457 3432 5511 in-

1865 5525 2034 5595 jurias
2071 5544 2226 5598 aequo
2257 5533 2422 5587 tulisti
2442 5535 2664 5589 animo?

1938 5615 1982 5672 Ο
2035 5617 2280 5686 Domine.
2329 5626 2419 5694 qui
2482 5626 2779 5684 Ecelesiam
2842 5641 2986 5688 tuam
3046 5636 3432 5696 inconcussam

1869 5713 2210 5781 compegisti,
2241 5725 2299 5769 nt
2330 5726 2500 5786 porta:
2527 5719 2684 5776 inferi
2713 5723 2973 5781 adversus
2992 5743 3110 5783 eam
3139 5734 3428 5800 praevalere

1870 5812 2159 5869 nequeant,
2215 5805 2326 5874 ipse
2365 5822 2550 5878 pacem
2584 5820 2728 5868 tuam
2773 5816 2971 5886 p0pulo
3008 5827 3098 5875 tuo
3123 5822 3339 5894 largire,
3374 5835 3430 5879 ut
