3968 6458
515 375 648 439 1779

1687 373 1747 433 S.
1786 369 2176 433 THEODORI
2214 369 2557 430 STUDITA!

3599 360 3731 424 1780

510 495 563 538 te
586 494 773 534 omnes
802 477 969 534 alacri
998 479 1201 546 animo,
1235 495 1346 535 uno
1378 494 1472 535 ore
1498 479 1782 534 laudemus
1837 488 1889 534 et
1918 479 2057 533 cele-

2194 476 2434 547 ικρινῶς,
2469 479 2527 529 ὲν
2559 475 2659 555 μιῇ
2685 472 2961 543 δοξολογίᾳ
3009 469 3401 542 προσκυνῶμεν
3455 472 3549 524 καὶ
3580 472 3735 535 δοξά-

511 576 753 629 breuius.

578 663 876 717 Anatbema
907 663 978 717 sit
1008 662 1135 726 illis,
1167 661 1411 729 Domine,
1435 662 1528 733 qui
1557 661 2081 718 tuaajncarnationis

510 754 804 822 imaginem
853 769 959 807 non
991 764 1335 815 venerantur,
1380 755 1433 808 in
1465 755 1655 824 primis
1704 767 1833 808 vero
1862 750 2078 815 Joanni,

510 854 565 899 et
584 845 843 909 Antonio,
877 855 931 900 et
959 845 1251 901 Theodoro
1281 846 1468 916 impio,
1494 860 1601 900 una
1624 860 1747 900 cum
1779 843 2082 910 Theodoto,

510 945 567 991 et
591 936 722 991 aliis
750 936 875 992 ﬁdei
901 936 1296 992 desertoribus.

582 1109 628 1164 Ο
662 1109 910 1174 Domine,
945 1111 1039 1179 qui
1088 1110 1348 1179 apostolis
1385 1110 1494 1164 tuis
1522 1123 1711 1179 pacem
1746 1115 1893 1161 tuam
1938 1103 2085 1159 dedi-

514 1202 603 1265 sti,
643 1200 840 1270 largire
893 1202 1057 1255 etiam
1108 1218 1252 1255 nunc
1295 1201 1551 1256 omnibus
1603 1198 2078 1267 tranquillitatem,

514 1300 608 1344 tua
642 1308 805 1347 manu
857 1294 978 1348 illos
1025 1308 1383 1363 congregans,
1426 1292 1519 1361 qui
1549 1301 1679 1345 sunt
1720 1289 2000 1359 dissipati,
2029 1298 2083 1344 et

514 1394 772 1453 tanquam
798 1401 925 1441 oves
949 1386 1255 1447 rationales,
1284 1394 1484 1438 sancta:
1507 1394 1610 1439 tua:
1658 1382 1913 1438 Ecclesia:
1936 1379 2082 1451 gregi

517 1474 642 1527 illos
667 1490 917 1546 aggrega.
945 1476 1130 1531 Gloria
1167 1478 1335 1532 Patri.

586 1564 850 1621 Deitatem
909 1568 1152 1637 gloriﬁco
1198 1568 1398 1629 Patris.
1446 1580 1501 1625 et
1542 1569 1687 1634 Filii,
1748 1576 1801 1624 et
1848 1568 2082 1637 Spiritus

519 1658 714 1721 sancti,
743 1674 905 1713 unam
948 1661 1150 1715 scilicet
1196 1670 1444 1715 naturam
1492 1662 1545 1715 in
1594 1662 1767 1715 tribus
1816 1659 2080 1729 personis,

520 1749 810 1802 essentiam
856 1750 1139 1805 indivisam
1184 1755 1481 1822 suppositis
1528 1754 1863 1814 distinctam,
1916 1752 2079 1807 simul

520 1850 861 1908 regnantem,
910 1844 1088 1896 omnia
1132 1842 1441 1907 facientem,
1472 1845 1920 1913 omnipotentem,
1956 1858 2077 1912 per-

522 1931 723 1986 fectum
762 1932 1073 2002 imperium,
1104 1936 1284 1988 omnia
1314 1936 1549 2004 denique
1580 1935 1975 1990 continentem.

601 2018 690 2073 Dei
713 2018 959 2075 Geuitrix
986 2037 1106 2092 qua:
1122 2026 1365 2079 omnium
1388 2040 1446 2079 es
1471 2025 1755 2090 auxilium,
1816 2024 2084 2093 relugium

524 2121 580 2165 et
606 2113 889 2182 protectio,
921 2116 1167 2179 ostende,
1199 2131 1512 2185 quaesumus
1554 2128 1624 2181 te,
1654 2117 1799 2186 quod
1840 2132 1938 2186 pro
1965 2133 2085 2171 om-

526 2202 691 2257 nibus
718 2203 811 2272 qui
841 2205 905 2257 ad
934 2214 984 2258 te
1011 2204 1351 2274 confugiunt,
1388 2207 1534 2259 vales
1574 2205 1923 2269 intercedere,
1946 2207 2089 2260 sicut

529 2310 561 2350 e
603 2305 789 2350 contra
840 2295 1035 2365 impios
1089 2297 1290 2366 rejicis,
1342 2298 1419 2351 tui
1462 2296 1584 2352 Filii
1619 2298 1875 2366 potentia,
1904 2298 2087 2353 omnia

532 2387 801 2457 siquidem
826 2398 1003 2457 potes,
1040 2397 1100 2442 ut
1131 2388 1251 2459 ejus
1277 2388 1465 2443 Mater.

2182 566 2383 636 ζωμεν.

2263 658 2530 727 Ἀνάθεμα
2571 658 2813 711 ἔστωσαν
2842 658 2890 710 οἱ
2940 656 3013 727 μὴ
3036 655 3323 727 τιμῶντες,
3352 656 3622 720 Δέσποτα,
3650 658 3738 709 τὸν

2179 750 2497 820 χαρακτῆρα
2522 750 2618 819 τῆς
2640 749 2741 818 σῆς
2757 748 3154 817 σωματὼσεως,
3182 746 3286 817 πρὸ
3309 747 3527 800 πάντων
3560 748 3739 799 Ἰωάν-

2180 856 2298 909 νης,
2329 838 2444 909 ἅμα
2466 840 2562 892 σὺν
2607 838 2899 908 Ἀντωνίῳ,
2933 839 3023 891 καὶ
3046 837 3305 907 Θεοδώρῳ
3346 824 3424 907 τῷ
3462 838 3740 903 δυσσεϐεῖ,

2180 930 2418 1000 Θεοδότῳ
2464 930 2559 983 κα)⁸
2608 931 2720 992 τοῖς
2768 928 2969 994 ἄλλοις,
3022 929 3134 991 τοῖς
3186 924 3479 1000 άλάστορσι
3516 929 3623 999 τῆς
3656 929 3743 981 πί·-

2184 1039 2374 1085 στεως.

2261 1111 2321 1163 Ὀ
2349 1109 2471 1172 δοὺς
2499 1110 2596 1181 τὴν
2624 1112 2846 1181 εἰρήνην
2867 1127 2960 1163 σου
2978 1111 3089 1172 τοῖς
3111 1109 3443 1175 ἀποστόλοις,
3472 1111 3743 1175 Δέσποτα,

2182 1202 2276 1255 καὶ
2306 1201 2399 1255 νῦν
2423 1203 2703 1273 παράσχου
2740 1202 2837 1272 τὴν
2892 1201 3133 1270 γαλήνην
3179 1199 3372 1265 ἅπασι,
3404 1203 3656 1269 συνάγων
3682 1204 3745 1270 τῇ

2182 1292 2325 1362 χειρί
2356 1307 2470 1357 σου,
2512 1292 2637 1354 τοὺς
2669 1290 3185 1361 διεσκορπισμένους
3211 1305 3226 1318 ⁶
3260 1292 3354 1343 καὶ
3386 1289 3579 1361 ὥσπερ
3612 1292 3745 1361 πρό-

2182 1383 2320 1436 ϐατα
2370 1383 2581 1451 λογικὰ,
2635 1383 3037 1454 συναρίθμησον
3088 1386 3154 1454 τῇ
3189 1382 3415 1453 μάνδρᾳρ
3455 1385 3557 1453 τῆς
3587 1385 3748 1451 ἁγίας

2194 1475 2518 1544 Ἐκκλησίας
2545 1492 2657 1526 σου.
2688 1474 2740 1529 Θ.

2243 1567 2459 1633 Δοξάζω
2480 1566 2706 1637 θεότητα
2734 1566 2963 1635 Πατρὸς,
2994 1564 3123 1619 Υἱοῦ
3151 1565 3241 1618 καὶ
3276 1566 3618 1637 Πνεύματος,
3654 1568 3750 1636 τὴν

2185 1657 2312 1726 μίαν
2360 1656 2521 1725 φύσιν
2574 1658 2749 1726 τρισὶν
2798 1657 3142 1719 ὑποστάσεσι,
3181 1656 3366 1709 οὐσίαν
3423 1656 3746 1727 ἀμέριστον,

2181 1749 2455 1819 διαιρετὴν
2512 1749 2842 1819 προσώποις,
2913 1749 3317 1817 ὀμοϐασίλειον,
3371 1749 3749 1819 παντουργὸν,

2194 1841 2490 1909 πανσθενῆ,
2523 1839 2895 1910 τελεταρχίαν,
2941 1841 3039 1911 τὴν
3113 1843 3440 1911 συνέχουσαν
3487 1842 3560 1894 τὰ
3611 1842 3752 1912 σύμ-

2194 1948 2391 1984 παντα.
2419 1930 2483 1984 θ’.

2270 2024 2333 2077 Ἦ
2382 2024 2596 2076 πάντων
2653 2023 2888 2094 βοήθεια,
2917 2026 3012 2079 καὶ
3058 2025 3234 2095 σκέπη
3291 2025 3385 2078 καὶ
3440 2025 3749 2095 ἀντίληψις,

2187 2115 2377 2179 δεῖξον,
2417 2115 2499 2167 ὅτι
2524 2115 2748 2167 δύνασαι
2785 2117 3105 2185 πρεσϐεύειν
3136 2117 3273 2185 ὑπὲρ
3322 2117 3542 2169 πάντων
3575 2120 3660 2180 εἰς
3696 2118 3754 2169 σὲ

2190 2209 2662 2279 καταφευγόντων,
2710 2212 2802 2264 καὶ
2850 2211 3171 2274 ἀπελαύνεις
3205 2212 3330 2274 τοὺς
3370 2211 3656 2275 δυσσεϐεῖς
3686 2216 3752 2284 τῇ

2188 2301 2412 2370 δυνάμει
2466 2300 2563 2354 τοῦ
2615 2302 2744 2355 Υἱού
2795 2319 2925 2356 σου*
2979 2304 3054 2368 ὠς
3082 2305 3189 2375 γάρ
3236 2308 3416 2374 μήτηρ
3446 2304 3629 2358 πάντα
3659 2307 3749 2359 δύο

2193 2408 2371 2445 vacat.

1301 2776 1420 2888 S.
1516 2777 2243 2891 THEODORI
2324 2774 2991 2889 STUDlT/E

1008 3012 1418 3102 IAMBI
1494 3004 1659 3100 DE
1728 3010 2211 3102 VARIIS
2306 3006 3271 3100 ABGUMENTIS.

589 3364 779 3420 Sancti
807 3363 988 3419 Patris
1016 3367 1184 3420 nostri
1212 3374 1260 3419 et
1289 3363 1597 3433 confessoris
1630 3362 1886 3417 Theodori
1910 3377 2082 3431 pra'po

2232 3361 2345 3415 Τοῦ
2373 3365 2546 3427 ὁσίου
2564 3361 2799 3431 Πατρός
2829 3361 2997 3433 ήμῶν
3026 3358 3124 3433 καὶ
3142 3359 3516 3433 ὁμολογηζοῦ
3543 3362 3762 3433 Θεοδώ-

647 3436 739 3488 siti
776 3433 1113 3490 Studitarunt
1148 3436 1320 3490 Iambi
1368 3436 1431 3488 de
1457 3434 1617 3488 variis
1650 3434 1992 3501 argumentis.

2275 3449 2390 3499 ρου
2429 3434 2760 3503 ἡγουμένου
2788 3432 2907 3486 τῶν
2934 3431 3245 3497 Στουδίου,
3275 3431 3501 3499 ’λιιμόοι
3527 3433 3616 3495 εἰς
3635 3431 3762 3484 δια-

2272 3504 2491 3572 φόρους
2517 3503 2851 3567 ὑποθέσεις.

1886 3606 2164 3677 (δικυοκο.
2199 3627 2253 3681 p.
2296 3612 2442 3681 597.)

755 3728 941 3787 l.—In
977 3727 1227 3797 reliquias
1256 3735 1559 3777 sanctorum
1588 3730 1900 3789 martyrum.

620 3826 770 3879 Diam
803 3824 858 3876 in
906 3819 1146 3889 reliquiis
1174 3817 1480 3871 allluentem
1515 3812 1744 3883 gratiam
1777 3851 1795 3878 ,

546 3916 986 3974 Haemorrhoissze
1013 3911 1301 3982 quilidem
1334 3909 1485 3972 feret,
1527 3906 1753 3961 auferet.

546 4009 683 4064 Nam
725 4006 817 4075 qui
852 4008 950 4058 has
1000 4002 1254 4070 tetigerit,
1291 4000 1434 4055 sicut
1469 4000 1554 4053 illa
1597 3998 1887 4058 ﬁmbriam,

545 4101 787 4170 Corpore
830 4096 1057 4151 validior
1083 4094 1191 4157 liet,
1237 4093 1418 4145 anima
1463 4094 1722 4146 sanctior.

894 4189 978 4242 ll.‘
1007 4216 1059 4228 -ο
1094 4185 1160 4238 In
1182 4184 1371 4238 cellam
1396 4183 1574 4238 Patris
1606 4184 1788 4236 nostri.

545 4283 652 4344 Me,
686 4280 843 4344 cella,
875 4280 1017 4348 luge,
1068 4292 1282 4345 segnem
1314 4275 1517 4329 habens
1538 4274 1869 4343 onerarium,

542 4374 723 4428 Unum
764 4374 902 4426 inter
926 4384 1139 4432 omnes,
1163 4381 1297 4436 quos
1326 4366 1493 4420 tulisti
1516 4407 1531 4431 ,
1558 4366 1876 4435 pessimum.

544 4464 664 4519 Non
688 4479 791 4532 ego
812 4476 1033 4531 precum
1073 4468 1125 4513 te
1160 4457 1470 4512 condecoro
1499 4457 1727 4525 lumine,

546 4553 657 4607 Nec
681 4548 1020 4620 pinguefacio
1047 4547 1407 4615 lacrymaruin
1440 4544 1651 4608 rivulis,

547 4643 658 4697 Nec
689 4654 859 4710 purgo
887 4637 1121 4705 denique
1157 4635 1423 4689 castitatis
1455 4635 1721 4691 moribus.

548 4736 620 4787 At
648 4742 703 4785 tu
733 4729 975 4784 omnium
1017 4728 1130 4789 lux,
1154 4733 1207 4779 et
1237 4726 1404 4790 salus,
1431 4739 1608 4779 rerum
1657 4736 1825 4792 sator,

553 4822 653 4877 Tui
684 4822 748 4875 ad
783 4822 1029 4874 timorem
1060 4818 1397 4887 expergefae,
1428 4819 1723 4872 exsuscita.

549 4917 764 4975 Anuue,
797 4912 863 4964 ad
894 4927 1129 4966 amorem
1166 4910 1447 4964 charitatis
1480 4919 1538 4963 ut
1559 4919 1663 4964 tua:

553 5004 856 5057 Subvectus
891 5002 991 5055 alis
1021 5002 1228 5055 evolem
1259 5001 1485 5057 affectus
1526 5018 1717 5071 supra,

553 5088 691 5142 Dum
732 5099 877 5143 recte
926 5087 1115 5158 agendi
1168 5101 1383 5158 tempus
1443 5105 1617 5157 usque
1664 5094 1932 5159 suppetit:

554 5178 626 5232 Ut
655 5178 952 5248 gratiarum
1003 5178 1230 5247 gloriam
1265 5188 1320 5232 et
1348 5179 1560 5233 laudern
1610 5181 1832 5235 oll‘erain

553 5268 696 5333 Tibi,
728 5268 818 5337 qui
852 5269 1081 5322 salutem
1124 5269 1465 5338 concupiscis
1505 5272 1771 5326 omnium.

1008 5355 1167 5411 lll.—
1197 5357 1261 5410 In
1292 5362 1644 5413 renuntiantes
1663 5400 1677 5413 .

554 5446 770 5508 Procul,
795 5461 827 5499 o
855 5443 1047 5500 doloso
1079 5446 1409 5517 refugiamus
1440 5450 1662 5515 saeculo,

553 5536 801 5591 Christus
836 5545 1013 5605 vocat,
1050 5554 1419 5608 properemus,
1452 5540 1565 5597 hac
1585 5550 1696 5597 tuta
1726 5545 1903 5599 estvia
1924 5584 1939 5609 ,

2275 3725 2355 3777 Μ.
2377 3752 2447 3765 --
2472 3725 2573 3790 Εἰς
2606 3724 2679 3778 τὰ
2709 3726 2971 3794 λείψανα
2997 3729 3114 3783 τῶν
3141 3728 3325 3797 ἁγίων
3349 3728 3691 3796 μαρτύρων.

2206 3814 2374 3884 Χάριν
2409 3814 2679 3887 βρύουσαν
2709 3817 2856 3871 θείαν
2882 3821 2940 3871 ὲν
2969 3822 3080 3884 τοῖς
3103 3819 3373 3889 λειψάνοις

2207 3907 2320 3970 Πᾶς
2351 3925 2432 3971 τις
2458 3908 2673 3979 συλήσει
2707 3910 2887 3965 πίστιν
2912 3911 3175 3982 αἱμόρῤου
3206 3910 3406 3979 φέρων.

2205 3997 2406 4051 ι1³ἀύων
2434 4000 2540 4070 γὰρ
2564 4001 2763 4066 αὐτῶν,
2800 4003 2875 4065 ὡς
2904 4005 3088 4074 ἐκείνη
3117 4003 3447 4073 κρασπέδου,

2216 4087 2437 4141 Ῥὡσειε
2472 4088 2648 4159 σῶμα,
2682 4091 2774 4142 καὶ
2797 4091 2971 4161 ψυχὴν
2999 4093 3237 4158 ἁγιάσει.

2342 4184 2610 4248 Β’.-Εὶς
2635 4182 2748 4251 τὴν
2770 4184 2998 4238 πέλλαν
3027 4184 3135 4238 τοῦ
3167 4184 3395 4252 Πατρός
3426 4185 3622 4255 ἡμῶν.

2204 4272 2401 4343 Θρήνει
2434 4291 2521 4345 με,
2558 4274 2737 4350 κέλλα,
2769 4274 2971 4345 σχοῦσα
2992 4275 3195 4346 νωθρὸν
3220 4277 3479 4346 ἐργάτην,

2206 4365 2381 4419 Μόνον
2416 4365 2672 4418 κάκιστον
2695 4360 2874 4436 ὧνπερ
2900 4367 3055 4436 ἔσχες
3083 4368 3381 4438 κτητόρων.

2206 4456 2279 4508 Οὐ
2307 4455 2605 4526 λαμπρύνω
2635 4473 2695 4509 σε
2722 4456 2830 4509 τῶν
2860 4458 3176 4528 προσευχῶν
3199 4460 3278 4529 τῷ
3307 4458 3453 4527 φάει.

2207 4550 2281 4601 Ού
2310 4548 2374 4618 δὴ
2402 4550 2599 4621 πιαίνω
2627 4553 2691 4621 τῇ
2719 4552 2814 4622 ῥοῇ
2847 4551 2955 4605 τῶν
2981 4551 3230 4620 δακρύων
3253 4592 3269 4619 ,

2207 4641 2330 4694 Οὐδ’
2360 4637 2425 4693 αὖ
2451 4641 2695 4712 καθαίρω
2720 4644 2816 4710 τῆς
2849 4642 3069 4709 ἁγνείας
3095 4646 3205 4707 τοῖς
3236 4644 3480 4716 τρόποις.

2221 4730 2358 4782 Ἀλλ’
2385 4726 2475 4783 οὖν
2504 4733 2567 4784 σὺ
2590 4771 2605 4793 ,
2642 4732 2843 4801 Σῶτερ,
2878 4732 3108 4796 Κτίστα,
3139 4733 3362 4804 Φωστὴρ
3387 4734 3497 4788 τῶν
3524 4736 3682 4802 ὅλων,

2212 4811 2492 4891 Ἔγειρον,⁶
2519 4820 2805 4884 ὲξύπνισον
2835 4824 2913 4885 εἰς
2936 4823 3026 4875 τὸν
3055 4824 3143 4877 σὺν
3176 4823 3337 4890 φόϐον
3360 4845 3375 4859 ο

2212 4909 2551 4978 Πρόσγευσον
2573 4912 2599 4940 ⁸
2628 4912 2705 4974 εἰς
2733 4912 2913 4982 ἔρωτα
2937 4913 3036 4980 τῆς
3062 4912 3161 4981 σῆς
3184 4913 3423 4983 ἀγάπης.

2135 4984 2183 5039 Ῐ)
2211 5000 2495 5071 Πτέρωσον
2519 5000 2749 5071 ἀρθῆναι
2780 5019 2849 5071 με
2878 5002 2983 5055 τῶν
3010 5003 3338 5059 παθῶνάνω
3355 5046 3373 5071 ,

2210 5091 2353 5153 Ἕως
2378 5093 2608 5159 πάρεστι
2633 5093 2823 5164 καιρὸς
2849 5095 2927 5157 εἰς
2958 5095 3253 5164 εὐπραξίαν
3275 5111 3291 5126 ⁶

2210 5183 2325 5235 Ἵνα
2356 5185 2627 5253 προσοίσω
2658 5186 2812 5251 δόξαν
2841 5186 3188 5257 εὐχαριστίαν

2210 5272 2298 5324 Σοὶ
2330 5273 2406 5343 τῷ
2439 5274 2644 5327 Θέλοντι
2668 5277 2802 5329 πᾶσι
2826 5277 2925 5347 τὴν
2960 5279 3253 5348 σωτηρίαν.

2545 5366 2618 5419 Γ’.
2649 5396 2717 5407 --
2739 5369 2843 5431 Εις
2870 5368 3423 5439 ἁποτασσομένους.

2219 5454 2438 5525 ’Ἄνδρες
2480 5456 2680 5527 βροτοὶ,
2708 5459 2966 5529 φύγωμεν
2998 5461 3060 5513 ἐκ
3089 5462 3293 5532 κόσμου
3322 5465 3550 5531 πλάνου,

2212 5547 2253 5598 Χ
2264 5547 2443 5616 ριστὸς
2467 5550 2638 5614 καλεῖ,
2662 5550 2957 5623 δράμωμεν
2978 5568 2992 5583 ·
3027 5551 3253 5619 εὖπλους
3278 5557 3384 5628 γὰρ
3414 5556 3551 5628 βίος.

1818 5656 2042 5713 ΥΑΚΙιΕ
2080 5658 2474 5721 LECTIONES.

628 5788 654 5815 ιι
686 5773 757 5827 al.
796 5775 1142 5839 πρόονευσον.
