3968 6462
215 418 341 484 1781

207 530 403 597 Ζάλης,
441 520 716 594 μεριμνῶν
746 517 838 572 καὶ
871 516 1115 586 στροφῶν
1146 513 1465 585 ὕπερπλέων

207 618 426 690 Φροντὶς
453 617 559 684 γὰρ
583 611 720 681 αὕτη
742 611 820 680 τῷ
845 613 1081 680 μοναστῇ
1111 611 1202 662 καὶ
1233 610 1412 678 μόνον,

207 708 400 776 Τυχεῖν
430 703 638 758 ἐκείνου
663 700 756 753 τοῦ
785 697 1019 769 γαληνοῦ
1052 699 1292 767 λιμένος,

218 800 304 851 Ἐν
406 797 684 848 πέπαυται
715 791 822 845 τῶν
848 789 1107 860 λυπηρῶν
1133 791 1240 850 πᾶς
1274 787 1454 850 πόνος.

208 891 272 942 Ὢ
298 887 415 950 πῶς
444 887 583 939 πάνυ
593 903 720 954 μνος
745 885 773 936 ὁ
804 883 951 947 ξένος
976 881 1178 934 τούτων
1216 880 1327 949 βίος
1363 881 1376 932 l

206 980 314 1033 Καὶ
347 978 430 1040 τίς
459 976 717 1046 φρόνιμος
746 969 1174 1043 πραγματευτὴς
1197 967 1488 1037 κερδάνων,

211 1074 304 1136 Ὃς
330 1069 486 1125 πάντ’
520 1069 678 1138 ἀφεὶς
708 1067 879 1119 ἐλοιτο
903 1064 992 1117 τὸν
1027 1061 1259 1132 σταυρὸν
1287 1061 1502 1129 φέρειν;

642 1163 714 1214 Δ’.
743 1188 813 1200 -
831 1160 934 1222 Εἰς
970 1157 1327 1226 ἡγούμενον.

207 1249 440 1323 Οἷόνπερ
472 1250 602 1319 "ulto;
633 1249 730 1314 τῆς
759 1248 1051 1318 προεδρίας
1083 1245 1316 1315 βλέπων,

209 1344 342 1396 Κατ’
380 1342 533 1406 ἀξίαν
563 1337 855 1409 πρόσϐαινε
881 1337 959 1406 τῷ
994 1334 1188 1405 βαθμῷ
1224 1335 1456 1404 τρέμων.

207 1436 368 1487 Εἴλου
397 1432 504 1502 γὰρ
533 1429 692 1500 ἔργον
722 1429 980 1482 κινδύνων
1007 1425 1219 1479 πολλῶν
1247 1424 1438 1493 γέμον,

209 1522 419 1590 Πολλῆς
457 1520 744 1589 μερίμνης,
771 1517 891 1570 οὐδὲ
922 1518 1125 1586 μικρᾶς
1149 1513 1448 1585 φροντίδος.

209 1615 429 1675 Σκόπει,
460 1609 743 1681 προμηθοῦ
776 1609 1066 1679 γρηγόρως
1099 1604 1190 1668 οὓς
1216 1604 1456 1672 ἐξάγεις,

208 1708 299 1776 Μή
336 1723 430 1758 σου
467 1703 669 1772 συληθῇ
701 1700 923 1771 θρέμμα
956 1717 1071 1761 πως
1101 1696 1327 1768 ἀπειρίᾳ
1353 1712 1368 1726 ο

210 1800 416 1853 Σαυτὸν
438 1796 698 1859 τεθεικὼς
733 1797 812 1859 εἰς
845 1793 1024 1847 καλῶν
1057 1792 1234 1863 ἔργων
1267 1788 1458 1844 τύπον.

211 1891 349 1959 Εἴσῃ
381 1888 489 1957 γὰρ
520 1885 694 1947 εἰδὼς,
729 1884 803 1946 ὼς
834 1883 1054 1952 ὑφέξεις
1085 1881 1177 1933 τὸν
1207 1879 1385 1947 λόγον,

212 1984 384 2035 Ὅταν
410 1977 649 2047 καθεσθῇ
681 1975 911 2044 Χριστὸς
942 1973 1023 2036 είς
1049 1973 1265 2025 πάντων
1289 1969 1492 2039 κρίσιν.

612 2069 686 2120 E'.
714 2093 786 2106 ---
814 2067 919 2130 Εὶς
948 2061 1380 2119 ὑποτακτικόν.

211 2161 368 2232 Δεῦρ’
396 2160 539 2220 ἐλθὲ,
571 2158 773 2222 πύκτα,
805 2155 963 2226 δεῦρό
993 2172 1082 2226 μοι
1114 2152 1271 2224 στῆθι
1299 2151 1458 2216 ζέων,

211 2256 254 2306 Τ
259 2257 353 2317 οὺς
381 2250 612 2321 αὐχένας
637 2266 731 2302 σου
759 2247 939 2301 κλῖνον
972 2247 1306 2314 εὑεπηκόως,

214 2346 374 2408 Ὄλος
405 2341 676 2404 ταπεινὸς,
700 2339 890 2409 νεκρὸς
923 2335 996 2388 ῶν
1032 2338 1088 2388 ἐν
1113 2335 1189 2404 τῷ
1224 2333 1396 2386 θέλειν
1418 2349 1434 2365 ο

214 2439 332 2491 Πᾶν
367 2435 654 2503 ἐνθύμημα
685 2429 934 2500 φανερῶν
959 2428 1059 2498 τῆς
1091 2424 1338 2496 καρδίας,

227 2529 318 2591 Ὦς
345 2528 408 2580 ἂν
435 2524 652 2585 τελείως
678 2519 922 2592 ἐμμένῃς
946 2517 1024 2588 τῷ
1053 2516 1272 2586 σταδίῳ.

214 2620 309 2686 Μή
342 2617 386 2669 σ⁹
414 2613 713 2683 ἐκφοὸείτω
750 2611 874 2680 μήτ’
896 2609 1122 2680 ἕρημος,
1159 2607 1234 2678 μὴ
1263 2605 1474 2669 στύλος,

205 2708 358 2778 Μήτ’
387 2704 513 2759 ἄλλο
542 2703 730 2770 τάγμα
755 2700 864 2753 τῶν
895 2698 1204 2769 θεοδρόμων
1237 2695 1387 2765 βίων.

216 2796 484 2868 Προῦχεις
514 2793 786 2855 ἁπάντων,
813 2791 888 2853 ὡς
917 2789 1236 2858 θεογράφως
1263 2785 1396 2857 ἔχει·

216 2889 327 2943 Τοῦ
363 2886 654 2958 μαρτύρων
678 2882 896 2952 πρώτου
931 2881 1039 2951 γὰρ
1067 2879 1219 2932 οὐδὸν
1248 2877 1452 2939 ἁνύεις.

440 2983 530 3045 ς’.
559 3008 629 3019 —-
656 2978 760 3040 Εἰς
786 2975 894 3028 τὸν
913 2973 984 3027 τὰ
1011 2972 1260 3038 δεύτερα
1279 2969 1562 3038 φέροντα.

217 3070 426 3139 Μωσῆς
458 3069 552 3138 μὲν
585 3066 787 3136 ἄρχων,
818 3063 1056 3132 Ναυῖδης
1079 3061 1135 3113 δέ
1168 3059 1425 3124 συνθέων,

218 3163 400 3226 Εὐθὺς
431 3161 545 3230 μετ’
574 3157 757 3223 αὐτὸν,
775 3155 849 3219 ὡς
878 3153 1232 3225 παραστάτης
1267 3151 1431 3216 ξένος.

218 3259 333 3312 Καὶ
365 3259 428 3308 σὺ
459 3254 745 3325 πρόσωπον
769 3250 1018 3320 δεύτερον
1049 3248 1234 3301 στάσει
1264 3246 1462 3308 πέλων,

221 3351 350 3413 Πῶς
372 3349 470 3418 τὴν
500 3344 838 3414 ἀδελφότητα
865 3342 1214 3412 συγκρατεῖς,
1244 3337 1470 3390 σκόπει·

236 3441 427 3510 Ἦγοῦ,
454 3436 724 3507 καθηγοῦ,
751 3435 845 3488 καὶ
876 3431 1206 3494 συνασπίζου
1235 3429 1395 3500 τόνῳ,

221 3532 531 3606 Εἰρηνικῶς
568 3546 649 3593 τε,
680 3525 1002 3598 συμπαθῶς,
1038 3522 1133 3576 καί⁸
1163 3521 1403 3592 πραέως,

222 3628 446 3696 Νόμους
472 3622 756 3692 φυλάττων
783 3619 846 3670 ἐκ
871 3615 1006 3669 Θεοῦ
1035 3615 1158 3677 τοὺς
1187 3612 1491 3683 κειμένους,

221 3718 455 3788 Κρίσεις
485 3714 706 3773 δικαίας
726 3709 972 3778 ἐκφέρων
1001 3705 1364 3776 ἀπροσκόπως
1387 3719 1403 3736 ⁸

223 3811 343 3864 Νῦν
379 3809 474 3877 μὲν
509 3801 788 3871 συναλγῶν
817 3802 928 3862 τοῖς
967 3798 1264 3867 κάμνουσιν
1293 3797 1356 3849 ἐκ
1389 3794 1617 3856 πάθους,

226 3903 345 3956 Νῦν
376 3901 431 3952 δὲ
468 3895 761 3966 προθυμῶν
797 3893 924 3955 τοὺς
951 3890 1242 3960 τρέχοντας
1269 3890 1333 3941 ἐκ
1363 3887 1530 3940 πόθου
1555 3902 1570 3916 ·

229 3996 328 4048 ”1ν’
360 3990 596 4059 ἀξιωθῇς
631 3986 852 4056 ἐννόμου
877 3981 1206 4054 δημαρχίας,

239 4088 329 4150 Ὠς
360 4085 522 4146 αὐτὸς
552 4081 695 4146 ἄξων
726 4079 817 4130 τὸν
844 4075 981 4129 λεὼν
1005 4074 1100 4128 τοῦ
1124 4073 1353 4144 Κυρίου.

620 4169 694 4223 Z’.
719 4170 787 4208 '—-
813 4169 914 4232 Είς
939 4166 1046 4219 τὸν
1069 4163 1406 4232 οἰκονόμον.

233 4272 441 4340 Ἔργον
473 4261 770 4331 Στεφάνου,
801 4257 894 4311 τοῦ
928 4257 1156 4325 στέφους
1187 4255 1294 4308 τῶν
1331 4252 1640 4323 μαρτύρων,

230 4359 452 4429 Λαχὼν,
485 4355 744 4424 ἐπάρχειν
773 4351 853 4412 είς
877 4348 936 4400 τὸ
965 4348 1061 4409 τὰς
1085 4344 1273 4416 χρείας
1305 4345 1514 4412 νέμειν,

231 4455 316 4522 Τῇ
349 4445 732 4518 Χριστολέκτῳ
761 4441 868 4493 τῶν
898 4438 1142 4506 ἀδελφῶν
1174 4433 1376 4504 πληθύῖ
1396 4449 1410 4463 ’

231 4542 390 4596 Δίδου
423 4537 619 4598 κόπους
653 4550 747 4586 σου
773 4531 850 4602 τῷ
878 4530 994 4600 Θεῷ
1023 4526 1363 4597 καθημέραν,

233 4629 437 4701 Τηρῶν
467 4627 694 4679 ’ἑκαστον
716 4623 789 4686 ὡς
818 4622 974 4693 μέλος
1010 4619 1098 4672 σὸν
1126 4619 1374 4688 ἐμπόνως
1395 4630 1410 4647 ο

232 4724 313 4775 Οὐ
345 4720 455 4788 γάρ
483 4717 662 4786 σχέσει
698 4714 807 4779 τὸν,
832 4713 923 4766 τὸν
951 4711 1006 4763 δὲ
1033 4711 1177 4780 μίσει
1205 4709 1298 4760 καὶ
1323 4705 1519 4776 φθόνῳ,

232 4812 466 4864 Πάντων
492 4806 534 4859 δ’
560 4806 759 4875 ὁμοίως
781 4801 1139 4872 προσϐλέπων
1162 4799 1224 4852 τὸ
1246 4798 1544 4868 συμφέρον,

253 4902 343 4962 Ὠς
385 4899 458 4969 μὴ
489 4896 756 4950 κινεῖσθαι
787 4895 874 4946 τόν
901 4910 1023 4945 τινα
1047 4891 1183 4960 πρὸς
1216 4889 1252 4943 ἂ
1277 4887 1450 4960 χρεών
1470 4905 1484 4920 ο

247 4990 392 5045 Ἀλλ’
422 4989 480 5053 ἐξ
510 4987 704 5042 ἐαυτοῦ
730 4987 792 5039 τὸ
817 4984 1092 5054 προσῆκον
1120 4981 1412 5051 είσφέροις.

245 5085 339 5147 Ὠς
363 5081 431 5135 ἂν
455 5080 769 5149 πρεπόντως
798 5075 1031 5130 ἐκτελῶν
1058 5091 1150 5126 σου
1178 5074 1269 5125 τὸν
1291 5073 1510 5143 δρόμον,

247 5172 644 5244 Ἀπροσκόπως
674 5188 753 5236 τε,
790 5167 1122 5230 πανσθενῶς,
1164 5165 1488 5235 θεοφρόνως,

237 5267 347 5320 Τὸν
382 5264 569 5335 μισθὸν
597 5261 777 5332 εῦροις
808 5258 990 5331 ἧσπερ
1021 5259 1145 5311 εἴλω
1175 5256 1469 5326 φροντίδος.

508 5353 589 5406 Η’.
607 5383 678 5393 ——
699 5350 802 5416 Εἰς
830 5349 971 5414 τοὺς
994 5348 1533 5417 ἐπιστημονάρχας.

240 5450 306 5502 Οἱ
337 5447 438 5517 τῆς
466 5446 822 5515 ἁδελφότητος
850 5440 1211 5510 ἐξειληφότες,

241 5540 443 5610 Κρίσιν
469 5555 527 5591 τε
561 5538 782 5607 κρίνειν,
815 5537 911 5588 καὶ
948 5537 1150 5589 δίκαιον
1180 5531 1414 5598 ἐξάγειν,

240 5631 336 5698 Μὴ
363 5629 428 5698 δὴ
454 5627 572 5679 κατ’
602 5627 720 5696 ὄψιν
744 5627 988 5694 ἐξάγοιτε
1020 5625 1119 5686 τὰς
1143 5622 1334 5690 φάσεις
1359 5637 1371 5650 ⁸

241 5722 336 5789 Μὴ
368 5718 732 5789 προσπαθείᾳ,
760 5719 893 5789 μηδὲ
922 5716 1139 5788 μήνιδος
1166 5714 1346 5782 χάριν,

244 5812 340 5881 Μὴ
368 5810 662 5882 προσφιλεί
685 5827 763 5873 τε,
798 5810 919 5881 μηδ’
952 5807 1177 5879 ἀπεχθεί
1197 5805 1395 5876 καρδίᾳ
1419 5822 1433 5839 ·

1715 403 1951 465 ΙΑΜΒΙ.
3291 388 3424 450 1Ἱ82

1793 522 1837 573 Α
1867 511 2051 575 Curis,
2081 508 2354 579 procellis,
2380 505 2661 560 fraudibus
2707 511 3084 573 supernatans.

1865 602 1995 657 Nam
2035 616 2166 655 cura
2191 599 2458 654 monacho
2491 598 2704 652 residua
2729 605 2812 650 est
2834 595 2947 648 hac
3000 593 3186 656 unica,

1863 697 2084 750 Portum
2113 692 2309 762 quietis
2359 692 2576 744 tandem
2612 689 2678 743 ad
2714 688 2866 742 illum
2907 684 3201 755 appellere,

1868 786 1969 841 Ubi
2000 785 2153 838 labor
2180 782 2358 837 omnis
2403 792 2457 836 et
2487 780 2751 835 molestia
2812 778 2990 834 silent.

1865 876 2126 946 Ubijugis
2155 875 2411 945 hymnus,
2440 874 2658 942 vitaque
2691 872 2775 926 his
2807 886 2999 926 carens
3039 869 3214 925 malis.

1865 967 2180 1038 Negotiator
2207 979 2336 1033 ergo
2365 965 2488 1034 quis
2527 963 2768 1033 prudens
2791 961 2914 1022 erit.

1866 1063 1969 1130 Qui
2003 1061 2273 1117 derelictis
2304 1060 2557 1114 omnibus
2593 1058 2748 1114 tollat
2767 1072 2984 1112 crucem
3019 1055 3044 1108 ?

2215 1151 2305 1207 IV.
2335 1180 2407 1192 —
2450 1150 2518 1205 In
2545 1151 2902 1220 praposr'tum.

1867 1247 2140 1314 Quantum
2171 1245 2408 1313 regentis
2439 1244 2510 1297 sit
2541 1257 2822 1304 cacumen,
2864 1239 3174 1310 pervidens,

1870 1339 2284 1393 Tremebundus
2312 1337 2486 1398 illum,
2525 1351 2623 1390 ceu
2647 1336 2819 1400 decet,
2844 1335 3068 1405 gradum
3095 1345 3236 1404 pete.

1870 1429 2040 1485 Vario
2057 1429 2247 1485 subisti
2281 1429 2496 1497 plenum
2521 1442 2659 1496 opus
2697 1426 3035 1490 discrimine,

1873 1524 2188 1593 Magnisque
2229 1520 2398 1586 curis,
2444 1520 2800 1588 plurimisque
2835 1518 3150 1587 angoribus.

1874 1613 2167 1682 Vigilanter
2195 1612 2358 1673 insta,
2405 1626 2544 1680 quos
2569 1610 2709 1678 regis
2746 1610 3124 1678 circumspice,

1875 1702 2032 1758 Nulla
2084 1713 2142 1757 ut
2169 1703 2286 1756 ovis
2325 1717 2555 1771 usquam
2585 1701 2680 1755 tibi
2713 1709 2902 1771 pereat
2933 1700 3150 1770 ignavia
3189 1718 3202 1754 :

1878 1795 2024 1849 Dans
2045 1794 2225 1861 Operis
2255 1794 2311 1848 in
2370 1803 2420 1848 te
2442 1794 2718 1863 specimen
2751 1803 2804 1848 et
2833 1792 3064 1847 formam
3098 1793 3243 1847 boni.

1806 1863 1848 1918 Β
1877 1885 2166 1940 Reddenda
2203 1885 2340 1939 ratio
2367 1893 2420 1940 te
2449 1895 2629 1939 manet
2649 1885 2867 1954 quippe,
2888 1894 2945 1937 ut
2971 1885 3110 1939 scies

1875 1976 2125 2033 Christus
2159 1977 2248 2031 ubi
2277 1977 2446 2048 judex
2492 1978 2734 2031 omnium
2761 1976 3090 2031 consederit.

2403 2065 2540 2124 V.—
2568 2064 2635 2123 In
2666 2066 2958 2121 subditum.

1877 2158 2039 2224 Ades,
2075 2157 2243 2228 pugil,
2275 2158 2404 2212 ades
2428 2156 2649 2212 fervidis
2673 2159 2814 2212 votis
2851 2158 3084 2226 flagrans
3118 2174 3131 2208 :

1878 2250 2333 2320 Obtemperantes
2366 2249 2534 2304 subde
2555 2249 2798 2304 cervices
2834 2249 2987 2318 jugo,

1879 2342 2049 2396 Totus
2076 2341 2322 2405 humilis,
2345 2348 2494 2396 totus
2522 2340 2738 2394 volendi
2780 2341 3042 2413 nescius:

1880 2433 1946 2488 Et
1968 2435 2236 2504 cogitatus
2281 2433 2462 2487 cordis
2505 2447 2696 2487 omnes
2763 2433 2995 2501 explica,

1879 2524 2051 2592 Quam
2089 2541 2182 2594 par
2225 2525 2421 2590 labori,
2463 2541 2628 2594 quam
2653 2523 2848 2588 libens,
2883 2526 3116 2578 stadium
3137 2533 3303 2580 teras.

1879 2615 1995 2670 Non
2023 2627 2074 2670 te
2092 2617 2369 2678 columna,
2400 2630 2508 2669 non
2541 2630 2759 2670 eremus
2794 2625 3016 2678 terreat,

1880 2708 1998 2763 Non
2023 2708 2123 2761 alia
2152 2708 2276 2761 vita
2308 2707 2504 2772 forma,
2546 2707 2798 2776 quamvis
2826 2723 3055 2777 aspera,

1859 2801 1960 2856 'Tu
1979 2800 2149 2855 vincis
2180 2815 2390 2864 omnes,
2417 2798 2631 2854 Littera
2659 2809 2719 2854 ut
2752 2816 2920 2856 saera
2952 2800 3166 2864 docent,

1883 2893 2036 2947 Viam
2065 2893 2304 2963 supremi
2332 2901 2629 2963 martyrum
2655 2893 2809 2949 ducis
2833 2902 3044 2948 tenens.

2141 2983 2319 3037 VL—
2347 2982 2415 3038 In
2445 3001 2563 3038 eum
2594 2985 2684 3054 qui
2708 2985 2963 3038 secundas
2990 2985 3203 3039 obtinet.

1885 3076 2122 3147 Regente
2150 3076 2314 3141 Mose,
2341 3074 2570 3131 Navides
2591 3075 2777 3130 aderat
2805 3090 3014 3141 comes,

1889 3166 2177 3221 Proximus
2229 3166 2298 3219 ab
2347 3165 2460 3226 illo,
2500 3180 2596 3219 ceu
2630 3180 2806 3219 novus
2829 3173 3152 3233 parastates.

1895 3257 1985 3312 Sic
2004 3266 2062 3310 tu
2093 3255 2361 3312 secundas
2395 3256 2486 3325 qui
2519 3255 2688 3325 gradu
2721 3264 2904 3325 partes
2929 3256 3095 3324 geris,

1890 3349 2010 3416 Quo
2040 3362 2193 3402 more
2225 3346 2424 3402 fratres
2459 3357 2748 3417 temperes,
2780 3347 3092 3403 considera.

1890 3439 2049 3503 Prai,
2084 3438 2349 3508 guberna,
2383 3439 2642 3508 omnique
2673 3453 2805 3492 cura
2852 3447 3098 3509 protege,

1889 3531 2153 3597 Pacifice,
2189 3539 2454 3592 amanter,
2491 3530 2871 3593 condolenter,
2911 3532 3144 3585 comiter
3177 3549 3191 3585 :

1889 3621 2061 3690 Leges
2101 3635 2334 3689 superne
2364 3619 2591 3673 traditas
2614 3621 2948 3686 custodiens,

1893 3710 2057 3766 Casto
2083 3711 2400 3780 integreque
2427 3708 2682 3778 judicans
2713 3711 2965 3763 examine
2995 3727 3007 3762 :

1894 3801 2051 3856 Modo
2071 3800 2365 3871 languidis,
2397 3802 2664 3870 agrisque
2682 3800 2750 3854 ab
2781 3800 2977 3855 affectu
3009 3800 3278 3868 indolens,

1895 3892 2056 3947 Modo
2085 3901 2328 3961 vegetos,
2358 3891 2679 3960 alacresque
2709 3907 2804 3962 per
2820 3907 3061 3946 amorem
3091 3893 3326 3949 incitans
3356 3912 3369 3950 :

1897 3984 1970 4039 Ut
1995 3984 2180 4053 populi
2208 3982 2435 4037 habenis
2473 3981 2693 4052 dignus,
2724 3999 2791 4038 ex
2827 3983 2940 4054 lege
2965 3985 3222 4054 imperes,

1898 4075 2178 4148 Tanquam
2202 4075 2316 4146 ipse
2348 4075 2553 4130 ducens
2587 4084 2645 4130 tu
2673 4091 2893 4146 quoque
2923 4078 3179 4147 populum
3204 4077 3322 4133 Dei.

2371 4163 2484 4220 VII.
2506 4195 2575 4207 —-
2612 4165 2681 4218 In
2709 4182 3056 4222 aconomum.

1902 4256 2182 4327 Stephani,
2215 4271 2432 4311 corona
2457 4266 2779 4328 martyrum,
2817 4273 3018 4312 munus
3043 4272 3261 4328 gerens,

1903 4349 2066 4404 llane
2101 4357 2295 4404 nactus
2318 4363 2378 4403 es
2436 4363 2646 4414 curam,
2675 4357 2737 4402 ut
2765 4365 2886 4418 qua
2909 4364 3047 4419 opus
3085 4348 3442 4405 suntdividas

1901 4440 2151 4495 Fratrum
2177 4451 2429 4506 caterva,
2459 4439 2682 4509 proprio
2713 4437 2915 4495 Christi
2942 4441 3112 4511 gregi.

1832 4542 1874 4596 ι)
1906 4532 2012 4587 Deo
2031 4532 2244 4586 labores
2271 4531 2405 4585 offer
2440 4532 2494 4584 in
2529 4531 2670 4586 diem
2706 4540 2855 4595 tuos,

1901 4622 2014 4677 Tua
2045 4623 2203 4693 quasi
2225 4624 2468 4675 membra
2488 4622 2676 4677 sedulo
2697 4631 2926 4678 cunctos
2956 4621 3180 4679 fovens:

1900 4714 2016 4769 Non
2057 4714 2183 4768 huic
2223 4713 2510 4782 benignus,
2539 4713 2709 4768 durus
2741 4714 2839 4780 illi,
2886 4726 2980 4769 aut
3023 4716 3261 4780 invidus,

1903 4807 2007 4861 Sed
2041 4806 2239 4874 cuique
2261 4806 2465 4874 pariter
2490 4806 2782 4874 providens
2830 4807 2975 4875 quod
2995 4808 3265 4878 congruit,

1900 4896 2071 4951 Nemo
2109 4907 2164 4949 ut
2190 4895 2396 4950 laboret
2424 4910 2685 4966 quaerere,
2725 4899 2924 4967 quibus
2961 4897 3166 4969 indiget

1905 4985 2008 5041 Sed
2025 4987 2140 5055 ipse
2161 4995 2352 5055 sponte
2374 4987 2754 5042 subministres
2772 4988 2976 5042 omnia.

1907 5077 1974 5132 Ut
2004 5080 2103 5132 rite
2126 5093 2319 5133 cursus
2338 5078 2512 5147 spatia
2571 5094 2694 5132 eum
2745 5079 3043 5148 peregeris,

1903 5169 2071 5232 Forti,
2095 5170 2294 5240 pioque
2324 5170 2528 5237 animo,
2574 5180 2627 5224 et
2657 5169 2923 5226 iuoll‘enso
2948 5173 3102 5239 pede,

1906 5260 2104 5316 Sumas
2133 5260 2406 5324 laborum,
2438 5275 2574 5329 quos
2615 5260 2804 5323 tulisti,
2841 5262 3082 5330 pramia.

2259 5350 2398 5404 VIII.
2437 5382 2505 5390 ——
2537 5350 2606 5404 In
2645 5352 3142 5420 epistemonarchas.

1904 5446 2156 5501 Fratrum
2191 5448 2243 5501 in
2275 5463 2474 5503 corona
2515 5448 2608 5518 qui
2657 5448 2856 5502 sedetis
2885 5449 3119 5518 judices,

1909 5537 2152 5609 Utaqua
2198 5548 2345 5593 recto
2375 5539 2629 5609 judicetis
2652 5540 2878 5606 calculo,

1904 5629 2084 5687 Nolite
2122 5646 2280 5686 voces
2315 5632 2381 5685 ad
2413 5632 2629 5686 oculum
2656 5632 2971 5702 depromere
3007 5649 3021 5686 :

1904 5721 2021 5777 Non
2075 5723 2182 5777 ullo
2224 5725 2451 5787 amoris,
2477 5740 2585 5780 non
2617 5724 2820 5780 furoris
2854 5725 3082 5796 impetu,

1907 5813 2015 5872 Nec
2072 5826 2129 5872 ut
2162 5816 2334 5874 favori
2369 5818 2555 5889 dediti,
2585 5833 2685 5877 nec
2707 5827 2762 5874 ut
2795 5819 2939 5888 odio,
