3968 6454
521 344 654 409 1783
1686 343 1744 401 S.
1776 341 2158 400 THEODORI
2195 341 2537 399 STUDlT/E

519 458 623 512 Sed
647 457 809 512 corde
836 456 974 520 miti,
1011 453 1342 517 condolenti,
1368 452 1552 518 ﬂebili,

517 546 838 603 Deliberate.
865 543 1076 604 leniter,
1105 541 1333 594 viriliter
1363 557 1376 592 :

517 635 769 687 Animum
811 631 1086 693 acuehtes,
1120 644 1271 684 more
1307 630 1418 693 teli,
1454 628 1760 693 innoxium,

520 724 740 793 Dirigite
771 733 947 777 certas
981 723 1032 775 in
1058 735 1282 790 scepum
1308 721 1605 774 sententias
1631 736 1646 772 :

518 811 644 865 Veri
693 811 1009 865 incubantes
1041 824 1254 877 semper
1287 817 1345 861 ut
1375 809 1637 876 vestigiis,

519 903 730 957 Judicia
749 902 964 956 Christo
1011 899 1484 968 deferatisintegra
1521 915 1534 950 :

521 993 653 1050 Nam
680 1009 800 1064 qua:
823 991 998 1046 tacitis
1029 990 1272 1054 arbitria,
1306 1004 1400 1042 vos
1427 991 1616 1042 eadem
1657 995 1894 1041 manent.

864 1081 954 1138 1X.
989 1112 1057 1121 —
1085 1080 1150 1133 In
1177 1082 1550 1135 observatores.

526 1179 652 1242 Vos,
688 1177 857 1231 vicem
888 1175 1170 1228 oculorum
1213 1171 1468 1228 fratribus
1501 1173 1596 1242 qui
1638 1170 1973 1242 impenditis,

524 1268 909 1338 Speculamiui,
931 1267 1226 1322 observate
1252 1274 1477 1319 cunctos
1510 1265 1726 1326 acriter,

524 1360 780 1422 Interdiu,
817 1369 1112 1426 noctuque,
1151 1373 1243 1411 seu
1269 1356 1510 1421 meridie,

524 1450 600 1505 Ne
629 1451 842 1520 quando
859 1449 1082 1518 juvenes
1109 1449 1316 1517 uspiam
1354 1464 1460 1501 una
1483 1447 1712 1502 sintduo
1743 1465 1758 1504 :

526 1545 600 1596 Ne
629 1543 915 1606 coitiones,
947 1557 1080 1594 neve
1126 1539 1503 1602 contubernia,

525 1635 884 1702 Licentizeque
904 1635 1086 1702 pestis,
1109 1642 1163 1685 et
1189 1632 1538 1685 tenebrarum
1574 1645 1730 1698 opus,

530 1728 690 1777 Risus
724 1725 909 1785 soluti,
947 1721 1156 1790 injuria:
1198 1720 1518 1789 petulantia,

527 1813 758 1881 Malique
784 1812 1043 1882 quidquid
1077 1827 1107 1864 a
1137 1811 1246 1864 Deo
1297 1809 1485 1880 procul
1513 1807 1692 1879 fugat:

529 1902 652 1956 Haec
674 1903 984 1954 nuntiantes
1014 1900 1274 1969 perpetim
1303 1899 1627 1962 rectoribus,

531 1991 752 2044 Sincera
811 1999 1010 2057 aperta:
1033 1990 1277 2043 veritatis
1316 1988 1530 2057 regula.

531 2083 621 2136 Sic
651 2097 748 2135 vos
781 2095 969 2148 reapse
1010 2095 1224 2148 semper
1262 2081 1492 2146 aspiciat
1523 2080 1684 2140 Deus,

529 2171 775 2241 Etdigna
817 2171 1025 2240 pulchri
1057 2171 1300 2224 muneris
1341 2170 1432 2223 det
1461 2169 1700 2238 praemia.

984 2259 1052 2314 Χ.
1076 2289 1146 2301 -
1169 2259 1234 2313 In
1267 2261 1646 2318 canonarclten.

529 2349 685 2421 Lyra:
712 2364 988 2404 sacrorum
1011 2350 1270 2418 praesides
1309 2351 1399 2418 qui
1425 2351 1751 2413 carminum,

530 2441 699 2498 'l‘ubae
727 2443 1028 2516 instareslo
1063 2450 1318 2493 cantuum
1344 2441 1730 2495 moderamine.

531 2533 608 2587 Da
646 2533 800 2602 signa
837 2533 987 2602 ligno
1026 2533 1278 2601 tempori.
1313 2547 1412 2588 ceu
1447 2548 1535 2587 res
1561 2534 1738 2602 jubet,

531 2624 598 2679 Et
619 2624 817 2695 plectra
863 2625 1059 2694 lingua:
1081 2630 1287 2694 primus
1351 2625 1417 2678 ad
1454 2626 1621 2679 melos
1648 2639 1824 2688 move,

540 2717 770 2770 Versum
805 2716 1062 2770 decenter
1098 2715 1496 2769 concinendum
1544 2716 1848 2784 proferens,

534 2806 712 2869 Clara,
744 2806 895 2859 suavi
921 2819 1070 2868 voce,
1095 2814 1149 2858 et
1179 2806 1348 2859 instar
1418 2807 1629 2875 organi,

534 2894 790 2951 Fratrum
815 2894 1031 2948 canoris
1065 2908 1159 2947 ora
1192 2894 1529 2948 concinnatis
1550 2894 1743 2947 modis.

534 2988 676 3042 Tum
717 2995 914 3042 cuncta
946 2987 1153 3041 cunctis
1181 2995 1538 3056 congruenter
1569 2986 1797 3056 impera,

534 3079 680 3134 Nihil
717 3079 913 3140 dolori,
944 3079 1103 3130 iraeve
1140 3077 1298 3140 dans,
1326 3086 1419 3130 aut
1450 3078 1633 3146 gratia:
1662 3097 1674 3130 :

537 3167 645 3224 Sed
678 3170 820 3224 sicut
852 3182 1005 3236 aequa
1035 3166 1173 3219 ratio
1208 3168 1398 3235 poscit,
1454 3181 1517 3219 ac
1549 3166 1764 3220 modus.

535 3259 652 3313 Tua
669 3260 866 3328 quippe
887 3257 1069 3310 cuncti
1101 3257 1344 3310 membra
1375 3266 1502 3311 sunt
1528 3273 1543 3321 ;
1569 3265 1698 3311 sunt
1717 3263 1770 3310 et
1788 3252 1899 3307 Dei.

536 3352 681 3406 Deus
705 3363 958 3404 coronam
986 3346 1067 3401 sic
1102 3349 1280 3416 agenti
1304 3346 1569 3401 conferet.

922 3442 1015 3497 XI.
1059 3472 1129 3481 —
1182 3439 1248 3494 In
1271 3440 1598 3493 taxiarchen.

536 3534 609 3589 At
633 3543 710 3600 tu,
742 3535 1028 3588 ordinandi
1073 3533 1158 3586 cui
1199 3542 1438 3602 potestas
1467 3531 1679 3603 obtigit,

541 3626 614 3681 Ut
641 3626 943 3679 taxiarches
968 3624 1186 3677 additus
1228 3623 1424 3692 populo
1451 3622 1569 3686 Dei,

540 3715 780 3778 Modum,
809 3714 1164 3783 ordinemque
1195 3724 1440 3782 tempore
1480 3713 1708 3767 observa
1735 3723 1788 3766 et
1817 3712 1957 3775 loco,

544 3810 671 3861 Sive
695 3805 1049 3870 redeundum,
1095 3805 1206 3857 sive
1242 3805 1479 3859 eundum
1517 3803 1899 3872 estquopiam,

542 3899 682 3953 Dum
707 3899 968 3967 dignitate
1003 3897 1240 3965 prmditis
1271 3898 1589 3962 occurritur,

543 3990 684 4045 Dum
718 3988 932 4042 Domini
962 3988 1029 4041 ad
1049 3987 1218 4041 aedem
1249 3989 1540 4042 convenire
1565 3987 1847 4058 mosjubet
1876 4006 1890 4041 :

543 4082 776 4136 Ratione
809 4091 1034 4135 cunctos
1060 4081 1377 4144 collocabis,
1405 4096 1469 4140 ac
1499 4079 1679 4143 modo,

546 4176 717 4228 Suum
748 4174 943 4241 cuique
973 4173 1074 4227 rite
1107 4187 1406 4239 procurans
1443 4173 1694 4242 gradum,

544 4260 604 4314 In
632 4272 804 4324 veste,
834 4275 1138 4329 gressuque
1177 4261 1404 4328 exigens
1437 4261 1766 4326 decentiam,

544 4351 671 4406 Haec
699 4354 744 4408 si
794 4354 962 4421 perite
993 4351 1208 4414 feceris,
1236 4353 1282 4404 si
1317 4356 1483 4412 serio,

549 4445 604 4499 Si
632 4452 934 4505 mansuete,
959 4441 1004 4494 si
1040 4441 1146 4509 pie,
1181 4441 1226 4493 si
1253 4440 1496 4509 provide,

547 4533 808 4589 Mercedis
838 4532 1028 4600 ingens
1055 4546 1084 4583 a
1115 4529 1221 4584 Deo
1261 4537 1367 4582 stat
1391 4532 1582 4598 gratia.

965 4618 1083 4677 Xll.
1112 4647 1180 4657 —
1205 4618 1270 4670 In
1317 4619 1609 4674 cellarium.

548 4718 683 4782 Quis
705 4725 756 4769 te
793 4712 986 4782 magis,
1022 4711 1225 4774 ﬁli,Dei
1248 4718 1331 4765 est
1359 4713 1688 4779 operarius?

548 4809 696 4876 Opus
732 4806 929 4858 laboris
945 4804 1162 4872 plenum
1199 4803 1365 4857 habes
1388 4819 1495 4871 pra:
1518 4805 1763 4869 caeteris,

547 4895 927 4950 Fraternitatis
958 4895 1048 4962 qui
1077 4907 1248 4960 prmes
1276 4893 1517 4946 cibariis.

549 4989 808 5043 lncumbe
834 4987 958 5039 totis
989 4986 1272 5054 diligenter
1295 4986 1523 5048 viribus,

549 5079 702 5143 Quod
731 5077 924 5144 cuique
942 5074 1124 5138 debes,
1154 5091 1390 5146 congrue
1411 5077 1750 5144 dispertiens.

547 5170 818 5220 Assuesce
840 5164 1020 5216 multis
1043 5165 1369 5231 postulatum
1400 5165 1649 5228 vocibus,

549 5258 663 5310 Huc
696 5257 869 5317 illum,
901 5265 952 5308 et
982 5254 1073 5307 illo
1098 5257 1370 5309 sustinens
1403 5257 1550 5309 vultu
1574 5258 1821 5323 alterum,

549 5349 685 5408 Miti,
714 5360 925 5404 sereno.
961 5345 1289 5409 condolenti,
1332 5345 1517 5400 ﬂebili.

552 5442 641 5496 Sic
669 5438 762 5492 tibi
803 5450 1007 5490 corona
1037 5437 1233 5504 cinget,
1273 5449 1328 5489 ut
1357 5437 1654 5507 Stephano,
1677 5449 1856 5509 caput.

868 5527 1009 5580 Xlll.
1045 5554 1112 5563 —-
1148 5525 1211 5578 In
1237 5529 1449 5595 prandii
1480 5533 1798 5585 ministrum.

550 5621 797 5678 Fratrum
835 5635 1048 5674 coronae
1084 5620 1388 5688 prandium,
1417 5620 1514 5686 ﬁli,
1544 5640 1829 5693 apparans,

551 5716 745 5770 Ordine
761 5714 963 5766 locatas
995 5714 1096 5767 rite
1127 5729 1341 5770 mensas
1374 5717 1608 5772 instrue.

618 5809 680 5837 ‘”
715 5805 797 5858 Al.
832 5806 1026 5872 πείρας

2092 461 2136 512 Α
2176 452 2318 503 Ἀλλ’
2355 451 2528 519 ¹ηπίως
2558 464 2638 511 τε,
2671 445 2984 516 συμπαθῶς,
3014 446 3389 515 οἱκτιρμὸνως,

2165 540 2529 602 Βουλευτικῶς
2551 556 2632 602 τε,
2664 537 3047 608 μακροθύμως,
3079 537 3330 598 εὐτόνως

2166 634 2268 685 Τὸν
2294 633 2416 685 νοῦν
2439 630 2751 700 άκραιφνῶς
2777 629 3080 693 ὀξύναντες,
3103 628 3178 691 ὡς
3202 627 3376 697 βέλος,

2169 725 2321 776 Κατά
2346 722 2544 775 σκοπὸν
2572 721 2812 791 βάλλοιτε
2836 721 2963 783 τοὺς
2990 719 3165 783 εὑθεῖς
3192 720 3406 788 λόγους.

2171 813 2355 874 Ὅπως
2381 813 2427 864 τ’
2457 811 2653 882 ἀληθὲς
2685 812 2848 863 παντὶ
2873 810 3146 881 θηρῶντες
3181 810 3347 881 λόγῳ.

2169 903 2285 974 Θεῷ
2312 903 2523 966 δικαίας
2551 903 2910 974 προσφέροξτε
2932 903 3031 965 τὰς
3055 903 3266 974 κρίσεις
3286 920 3300 935 ⁸

2170 989 2239 1066 ᾮ
2269 995 2375 1064 γάρ
2405 999 2661 1064 κρινεῖτε,
2685 996 2779 1048 καὶ
2815 994 3138 1063 κριθήσεσθε
3159 997 3363 1066 τρόπῳ.

2509 1084 2585 1138 Θ’.
2611 1114 2678 1124 -
2701 1087 2803 1149 Είς
2829 1084 2971 1149 τοὺς
3006 1085 3383 1152 ἑπιτηρητάς.

2175 1176 2336 1241 Τάξει
2367 1176 2610 1238 τεθέντες
2635 1175 2895 1246 ὀμμάτων
2915 1178 3027 1239 τοῖς
3058 1176 3362 1244 συγγόνοις,

2187 1267 2400 1337 Ὁρᾶτε,
2428 1266 2523 1318 καὶ⁵
2549 1269 2766 1336 τηρεῖτε
2800 1267 3004 1330 πάντας
3038 1266 3340 1332 εὑσκόπως,

2190 1357 2274 1408 Ἑν
2300 1357 2550 1426 ἡμέραις,
2584 1359 2640 1409 ὲν
2666 1357 2835 1423 νυξὶν,
2865 1359 2923 1410 ὲν
2956 1357 3348 1430 μεσημϐρίαις,

2177 1449 2371 1516 Μήπου
2398 1449 2664 1519 πρόσωπα
2687 1449 2795 1502 τῶν
2824 1449 2958 1503 νέων
2983 1445 3093 1502 εἷεν
3115 1449 3230 1513 δύο,

2178 1539 2375 1609 Μήπου
2404 1539 2661 1604 γίνωνται
2689 1540 2913 1610 φατρίαι
2945 1540 3254 1611 συσκηνίαι.

2181 1628 2504 1699 Παρρησιῶν
2529 1629 2769 1698 ὄλεθρος,
2801 1629 2938 1701 ἔργα
2965 1631 3059 1682 τοῦ
3089 1632 3334 1695 σκότους,

2183 1719 2407 1790 Στρηνοὶ
2436 1719 2694 1786 γέλωτες,
2727 1718 2938 1790 ὓὸρεως
2970 1721 3204 1787 άταξίαι,

2111 1793 2152 1848 Β
2180 1807 2287 1858 Καὶ
2319 1809 2425 1860 πᾶν
2457 1807 2690 1877 πονηρὸν
2721 1808 2814 1862 τοῦ
2842 1809 2974 1862 Θεοῦ
3004 1812 3192 1882 πόρρω
3219 1811 3382 1882 φέρον
3403 1829 3416 1842 ·

2180 1899 2340 1951 Ταῦτ’
2377 1897 2728 1962 ἐκλαλοῦντες
2757 1902 2936 1952 πυκνὰ
2964 1904 3076 1964 τοῖς
3108 1904 3535 1972 πρωτοστάταις,

2193 1988 2617 2060 Ἀπροσπαθείᾳ,
2650 1990 2747 2060 τῆς
2783 1991 3032 2060 ἀληθείας
3068 1992 3240 2061 λόγῳ·

2184 2081 2225 2139 Τ
2231 2079 2346 2148 ύχοι
2376 2095 2433 2130 τε
2462 2077 2610 2141 θείας
2642 2080 2889 2150 ἀτρεκῶς
2916 2080 3167 2148 εποψὶας,

2184 2171 2294 2242 Τὴν
2327 2169 2646 2239 ἀντάμειψιν
2672 2171 2780 2224 τῶν
2804 2173 2981 2225 καλῶν
3008 2174 3316 2244 ἐσχηκότες.

2537 2266 2592 2317 l'.
2614 2293 2682 2304 -—
2701 2267 2804 2330 Είς
2837 2266 2942 2319 τὸν
2961 2265 3358 2335 κανονὰρχην.

2201 2356 2461 2425 Ἀρχηγδς
2492 2355 2660 2417 ἑστὼς
2692 2356 2790 2424 τῆς
2816 2355 2985 2426 λύρας
3016 2356 3122 2408 τῶν
3144 2356 3424 2425 ᾀσμάτων,

2190 2445 2427 2514 Σάλπιγξ
2456 2446 2653 2516 φάνηθι
2677 2450 2741 2517 τῇ
2768 2446 3064 2517 μελουργίᾳ
3092 2447 3238 2518 ξένῃ.

2192 2538 2421 2601 Σάλπιζε
2453 2539 2624 2609 καιρῷ
2652 2538 2710 2590 τὸ
2738 2537 2910 2601 ξύλον,
2943 2536 3125 2598 καθὼς
3147 2536 3278 2599 δέοι,

2192 2631 2345 2683 Κίνει
2369 2629 2425 2681 δέ
2452 2646 2542 2681 σου
2570 2629 2665 2697 τὴν
2694 2628 2939 2696 γλῶτταν
2969 2628 3044 2691 ὡς
3075 2629 3350 2699 πλῆκτρον
3375 2629 3578 2701 φέρων,

2205 2720 2316 2771 ’Λεὶ
2346 2721 2661 2791 πρεπόντως
2685 2718 2775 2771 τὸν
2804 2717 2982 2788 στίχον
3010 2720 3341 2786 συνεισάγων

2205 2811 2549 2881 Ἀσύγχντον,
2589 2811 2881 2881 κάλληχον,
2919 2811 3151 2880 ὀργάνου
3182 2811 3358 2881 δίκην,

2192 2901 2264 2954 Τὸ
2285 2903 2383 2971 τῆς
2405 2903 2762 2972 ἀδελφότητος
2794 2901 3080 2972 εὐρυθμῶν
3107 2901 3301 2971 στόμα.

2192 2992 2423 3054 Τάσσοις
2453 2995 2662 3046 ἅπαντα
2695 2994 2859 3045 πᾶσιν
2889 2992 3207 3061 ἀξιοχρέως,

2119 3120 2159 3172 C
2191 3082 2281 3152 Μὴ
2309 3083 2442 3150 πρὸς
2469 3084 2647 3152 χάριν,
2683 3083 2756 3152 μὴ
2783 3083 2963 3152 μῆνιν,
2997 3081 3030 3151 ἢ
3064 3081 3239 3152 λύπης
3268 3081 3435 3146 δόσιν,

2207 3175 2342 3228 Ἀλλ’
2373 3175 2429 3227 ὲν
2453 3175 2644 3244 δικαίῳ
2665 3175 2742 3246 τῷ
2774 3175 2932 3246 λόγῳ,
2968 3174 3061 3228 καὶ
3089 3173 3166 3243 τῷ
3198 3175 3400 3245 τρόπῳ.

2195 3268 2398 3329 Πάντες
2419 3267 2525 3338 γάρ
2547 3269 2651 3320 εισι
2674 3267 2768 3320 τοῦ
2798 3267 2932 3320 Θεοῦ
2966 3268 3060 3321 καὶ
3091 3267 3184 3319 σοῦ
3217 3266 3375 3336 μέλη.

2196 3357 2378 3421 Οὕτως
2407 3358 2615 3428 φρονῶν
2646 3357 2774 3426 γοῦν
2804 3360 2866 3410 ὲκ
2897 3357 3030 3410 Θεοῦ
3060 3356 3202 3427 λήψῃ
3235 3357 3452 3424 στέφος.

2545 3447 2646 3501 ῐΑ’.
2667 3479 2734 3488 -
2753 3451 2856 3512 Είς
2884 3447 2989 3500 τὸν
3013 3447 3360 3514 ταξιάρχην.

2198 3533 2302 3587 Τοῦ
2334 3534 2643 3604 ταξιαρχεῖν
2667 3535 2757 3586 τὸν
2785 3535 2939 3601 λόγον
2968 3535 3310 3604 δεδεγμένος,

2212 3626 2297 3687 Ὠς
2324 3625 2612 3694 ταξίαρχος
2641 3625 2731 3677 τοῦ
2763 3623 2871 3676 λεὼ
2899 3623 2993 3677 τοῦ
3018 3624 3250 3693 Κυρίου,

2198 3715 2362 3779 Τάξιν
2392 3714 2626 3783 φύλαττε
2655 3715 2820 3767 παντὶ
2851 3714 3026 3786 καιρῷ
3056 3714 3150 3768 καὶ⁵
3177 3715 3347 3785 τόπῳ,

2210 3805 2298 3856 Ἑν
2330 3804 2549 3866 εἰσόδοις
2575 3803 2710 3873 ὁμοῦ
2742 3820 2801 3856 τε
2824 3804 2917 3858 καὶ
2948 3803 3220 3869 διεξόδοις,

2211 3897 2297 3947 Ἐν
2328 3898 2447 3957 ταῖς
2482 3896 2742 3957 ὑπανταῖς
2773 3895 2946 3963 ὄψεων
2984 3896 3090 3947 τῶν
3129 3894 3346 3964 ἐξόχων,

2211 3985 2297 4037 Ἐν
2322 3987 2435 4048 τοῖς
2462 3983 2775 4054 ἀθροισμοῖς
2803 3985 2896 4044 τοῦ
2929 3983 3059 4038 ναοῦ
3079 3984 3174 4038 τοῦ
3208 3985 3504 4040 Δεσπότου.

2199 4079 2549 4151 Χοροστατῶν
2578 4079 2822 4141 ἅπαντας
2852 4079 3029 4149 εἱρμῷ
3063 4081 3158 4132 καὶ
3185 4079 3346 4148 λόγῳ,

2199 4171 2394 4240 Τηρῶν
2426 4169 2655 4224 ἑκάστου
2689 4171 2788 4241 τὴν
2820 4171 3156 4241 τεταγμένην
3189 4170 3344 4239 βάσιν
3370 4189 3384 4202 ·

2201 4259 2397 4329 Στολὴν
2425 4259 2690 4322 ἀπαιτῶν,
2723 4259 2815 4311 καὶ
2853 4258 3087 4329 βάδισμα
3111 4262 3171 4311 τὸ
3195 4261 3424 4328 πρέπον.

2203 4350 2265 4400 Εἰ
2288 4349 2458 4400 ταῦτα
2479 4351 2636 4417 ποιῇς
2662 4346 2969 4417 ἐμφρόνως,
2993 4348 3084 4399 καὶ
3116 4347 3401 4410 συντόνως,

2126 4448 2178 4505 D
2203 4439 2529 4507 Θεοπρεπῶς
2559 4456 2640 4502 τε,
2673 4439 2911 4505 πραέως,
2943 4438 3298 4505 κεκριμένως,

2206 4529 2382 4593 Ἕξεις
2405 4528 2583 4598 χάριν,
2615 4529 2709 4578 καὶ
2745 4527 2937 4596 μισθὸν
2971 4529 3034 4579 ἐκ
3071 4528 3205 4579 Θεοῦ
3239 4528 3430 4596 μέγαν.

2549 4615 2647 4668 lB'.
2683 4645 2739 4656 --
2754 4617 2854 4680 Εἰς
2881 4613 2988 4666 τὸν
3015 4617 3392 4683 κελέσρίτην.

2203 4723 2298 4786 Τίς
2325 4723 2401 4785 ὡς
2427 4726 2511 4787 σὺ,
2540 4724 2746 4787 τέκνον,
2777 4723 3014 4792 ἐργάτης
3043 4722 3177 4776 Θεοῦ
3215 4725 3403 4792 πέλας

2207 4815 2389 4884 Ἔχεις
2419 4816 2524 4884 γὰρ
2552 4815 2708 4885 ἔργον
2743 4816 2948 4885 σφόδρα
2977 4817 3082 4869 τῶν
3111 4817 3282 4870 ἄλλων
3312 4819 3495 4884 πλέον,

2204 4905 2325 4958 Τῶν
2350 4908 2448 4975 τῆς
2475 4906 2836 4975 ἁδελφότητος
2869 4908 3049 4977 ἅρχων
3083 4909 3405 4979 βρωμάτων.

2206 4998 2362 5060 Ὂλος
2399 4996 2662 5066 πρόσελθε
2689 4997 2998 5060 πανσθενῶς
3028 5002 3093 5070 τῇ
3127 5002 3386 5070 φροντίδι,

2205 5087 2390 5149 Διδοῦς
2423 5088 2634 5157 ἑκάστῳ
2660 5088 2720 5139 τὸ
2751 5088 3022 5157 προσῆκον
3051 5092 3108 5141 ὲν
3139 5092 3334 5161 κρίσει.

2204 5177 2390 5246 Πύρὰς
2413 5179 2458 5217 ι’
2493 5178 2664 5246 δέχοιο
2685 5181 2783 5242 τῆς
2814 5179 3233 5250 πολυζητησίας.

2209 5263 2454 5319 Ἐκεῖνον
2482 5267 2672 5329 οὕτως,
2702 5267 2857 5320 ἄλλον
2885 5270 3108 5332 ἀλλοίως
3138 5271 3335 5340 φέρων,

2205 5361 2425 5432 Πράως,
2455 5362 2720 5430 γαληνῶς,
2760 5363 3077 5431 συμπαθῶς,
3111 5363 3490 5434 οίκτιρμόνως.

2205 5448 2391 5515 Οτῦτως
2422 5452 2527 5522 γὰρ
2553 5453 2693 5516 ἕξεις
2728 5455 2823 5506 σὺν
2854 5454 3108 5524 Στεφάνῳ
3133 5455 3192 5505 τὸ
3216 5454 3426 5521 στέφος.

2522 5541 2616 5596 ll".
2639 5545 2820 5608 -Εὶς
2851 5544 2956 5596 τὸν
2985 5542 3420 5609 ἀριστητάριον.

2218 5631 2609 5700 Ἀριστοποιῶν
2644 5634 2755 5692 τοῖς
2788 5629 3033 5700 ἆδελφοῖς
3057 5648 3170 5693 σου,
3195 5631 3373 5697 τέκος,

2210 5720 2283 5777 Ἐὖ
2315 5741 2400 5794 μοι
2437 5723 2666 5787 στύϐαζε
2699 5723 2806 5779 τῶν
2832 5724 3117 5794 τραπεζῶν
3138 5725 3233 5788 τὰς
3263 5723 3459 5790 θέσεις,

3575 332 3676 392 178
