3968 6496
284 563 520 641 Στάθμῷ
549 566 640 619 τδν
673 565 856 635 apio».
886 563 941 616 ει
967 580 1019 616 τι
1045 563 1091 615 δ’
1118 564 1184 616 ειν
1216 564 1422 633 βρωτὸν
1455 564 1628 637 τύλην

288 662 448 723 Ἴσως
478 655 738 729 μερίζων,
769 659 878 719 τοῖς
907 656 962 708 δὲ
1002 652 1215 726 μείζοσι
1243 656 1422 711 πλέον.

282 752 492 821 Διπλῆς
512 753 676 822 τιμῆς
703 748 812 818 γὰρ
837 747 1022 813 ἀξιοῦν
1053 747 1278 812 τούτους
1305 748 1480 818 λόγος.

278 846 467 899 Φείδου
495 843 540 896 δ’
569 842 771 912 ὁμοίως
796 845 892 895 καὶ
923 841 1016 894 τὸν
1045 841 1410 912 ύστεροτάτην
1435 857 1452 873 ο

280 940 463 999 Ἀπας
487 935 593 1006 γάρ
617 936 733 988 ἐστι
761 934 853 987 σὺν
881 934 1062 1003 μέλος,
1096 934 1200 987 κᾶν
1227 935 1328 987 οὐκ
1355 935 1516 995 ἴσως*

275 1029 390 1082 Καὶ
424 1028 530 1098 μὴν
565 1024 851 1096 παρεστὼς
874 1024 950 1088 ὼς
979 1025 1225 1097 τραπέζῃ
1263 1026 1556 1091 Δεσπότου,

288 1118 631 1179 Ἀποστόλοις
665 1118 850 1187 νόμιζε
879 1115 1122 1170 δουλεξαν
1151 1119 1362 1188 φέρειν.

275 1210 540 1280 Στρὲφου,
576 1207 790 1277 οεὼρει,
823 1207 985 1277 νηρδν
1015 1206 1251 1276 ἄλλοπερ
1283 1210 1484 1276 νέμων.

274 1303 374 1355 "Iv‘
404 1297 463 1355 εὖ
490 1301 712 1371 γένηται
744 1301 837 1352 καὶ
861 1301 1020 1370 χάρις
1044 1316 1125 1354 σοι
1163 1301 1412 1356 πλουσία.

663 1393 760 1447 ΙΔ’.
781 1422 850 1431 -
867 1394 910 1445 Ε
916 1395 969 1458 ις
994 1393 1101 1446 τὸν
1134 1393 1449 1461 ὀψοποιόν.

271 1489 379 1540 Τὸν
409 1483 661 1555 ὀψοποιὸν
690 1483 772 1545 τίς
799 1501 881 1548 σε,
919 1483 1131 1548 τέκνον,
1158 1486 1217 1538 οὐ
1262 1487 1471 1556 στέφει,

271 1581 447 1632 Πολὺν
473 1578 703 1648 φέροντα
733 1576 824 1630 τὸν
855 1574 1021 1629 κόπον
1058 1576 1410 1647 καθημέραν;

269 1670 621 1724 Δουλευτικόν
657 1686 736 1721 σοι
767 1667 977 1738 χρῆμα,
1014 1667 1202 1737 μισθὸς
1234 1666 1277 1718 δ’
1307 1664 1402 1721 οῦν
1427 1668 1622 1738 μέγας.

267 1764 477 1833 Χρῆσις
512 1759 787 1831 ῥυπώδης,
819 1757 957 1812 ἀλλὰ
983 1758 1212 1826 πλυτρὶς
1239 1760 1618 1830 πταισμάτων.

265 1855 456 1922 ψλέγει
486 1871 546 1907 σε
573 1853 667 1906 νῦν
698 1851 832 1922 πῦρ,
854 1852 916 1904 ού
945 1852 1004 1904 τὸ
1034 1851 1223 1921 μέλλον
1247 1851 1303 1903 δὲ
1339 1852 1550 1920 κρίνει·

268 1947 518 2016 ΙΙροσϐὰς
546 1944 814 2015 σταθηρὸς
841 1943 1026 1996 λοιπὸν
1048 1945 1125 2004 εις
1151 1943 1251 2013 τὴν
1283 1941 1461 2012 ὲψίαν,

265 2040 475 2092 Ἕωοεν
508 2038 667 2098 εὐθὺς
693 2035 835 2091 κλῶν
863 2035 1074 2098 δαλοὺς,
1109 2037 1311 2106 χύτρας
1343 2034 1495 2099 κλύε,

263 2131 501 2200 Βρώσεις
534 2127 842 2198 προσεψῶν,
866 2127 941 2190 ὼς
964 2126 1120 2191 Θεοῦ,
1145 2128 1214 2180 τὰ
1245 2127 1355 2180 τῶν
1385 2128 1590 2181 τέκνων
1607 2146 1620 2159 ο

264 2225 464 2293 Εὐχαῖς
493 2219 696 2284 ἀλίζοις
719 2219 891 2273 ταῦτα
922 2219 1110 2289 ὥσπερ
1134 2219 1412 2289 ἀρτύσεις,

263 2317 360 2368 Ἲν’
383 2315 678 2385 eamea;
713 2313 787 2375 ὡς
821 2310 1016 2364 Ἰακὼϐ
1046 2310 1124 2381 τῷ
1152 2311 1342 2377 πάλαι,

263 2409 372 2460 Καὶ
398 2410 550 2477 χαῖρε
576 2405 784 2466 τούτοις
819 2403 1054 2456 ἐκτελῶν
1081 2420 1172 2455 σου
1204 2402 1296 2455 τὸν
1323 2402 1539 2473 δρόμον.

369 2501 466 2551 lE'.
489 2528 556 2536 —
579 2500 680 2562 Εἰς
711 2495 852 2559 τοὺς
873 2495 1106 2564 ραφεῖς,
1135 2494 1691 2564 ἥτοιβεστιαρίους.

270 2593 456 2661 Ὑμεῖς
487 2591 733 2659 ἔπαρχοι,
761 2589 853 2642 καὶ
877 2589 1148 2660 διαιτηταὶ
1185 2589 1328 2658 μάλα

259 2686 380 2737 Τῶν
410 2685 506 2754 τῆς
541 2682 894 2752 ἁδελφότητος
921 2681 1345 2750 ἁμφιασματων,

271 2776 444 2843 Ἀγὼν
476 2778 603 2844 ὑμῖν
628 2774 687 2825 ού
718 2773 908 2843 μικρός
935 2773 991 2824 ὲν
1015 2773 1189 2842 τούτῳ
1222 2775 1399 2842 πέλει,

257 2869 481 2941 Φροντὶς
513 2869 566 2920 δὲ
601 2865 792 2936 πολλὴ,
823 2865 917 2918 καὶ
953 2864 1213 2935 μέριμνα,
1245 2867 1340 2918 καὶ
1367 2868 1555 2934 κόπος,

265 2963 546 3022 Ῥαπτειν,
573 2963 870 3030 νεουργείν,
903 2958 1272 3027 ἐκκαθαίρειν,
1309 2959 1403 3012 καὶ
1429 2960 1664 3026 πλύνειν,

256 3056 463 3124 Νέμειν
492 3053 703 3119 ἑκάστῳ
729 3050 790 3102 τὸ
819 3051 1196 3120 προσαρμόζον
1225 3050 1390 3120 λόγῳ,

260 3149 420 3208 Ἴσως
453 3145 550 3215 μὲν
578 3142 698 3205 οῦκ,
738 3142 870 3204 ἴσως
901 3141 958 3194 δὲ
990 3142 1199 3212 φίλτρῳ
1227 3145 1318 3196 καὶ
1346 3145 1495 3213 πόθῳ
1521 3159 1536 3175 ο

259 3238 456 3292 ¹Ἀλλου
487 3237 592 3306 γὰρ
623 3235 778 3298 ἄλλος
807 3233 1108 3302 ἀξιώτερος
1139 3237 1306 3307 πόνῳ.

256 3332 517 3384 Σκοπεῖτε
543 3327 726 3380 λοιπὸν
752 3328 922 3380 ταῦτα
954 3331 1127 3381 ποιεῖν
1155 3329 1468 3401 σωφρόνως,

256 3423 446 3483 Ὅπως
479 3418 721 3489 ἀμοιϐὦν
747 3418 1101 3486 ἁντιλήψεσθε
1128 3419 1307 3488 χρέος,

257 3513 401 3583 Πρὸς
423 3511 517 3563 τοῦ
547 3507 680 3561 Θεοῦ
705 3508 934 3571 διδόντος
956 3508 1114 3572 ἀξίας
1137 3509 1328 3574 δόσεις.

571 3603 686 3668 ις’.
703 3629 772 3640 -
790 3603 894 3666 Εἰς
921 3601 1061 3667 τοὺς
1085 3601 1488 3671 ἀρυπνιστιὶς.

255 3693 402 3763 Πρὸς
433 3695 596 3745 πᾶσιν
623 3691 800 3755 ἄλλοις
826 3691 934 3743 οὐδ’
966 3693 1093 3761 ὑμῖν
1121 3691 1315 3761 μικρὸς
1344 3693 1535 3756 κόπος,

255 3785 605 3854 Διεξανιστᾷν
633 3785 757 3846 τοὺς
787 3783 1050 3846 ὑπνώδεις
1078 3784 1392 3852 συγγόνους,

255 3877 689 3930 Συνεισελαύνειν
713 3875 840 3937 τοὺς
871 3876 1135 3945 γυρευτὰς
1164 3877 1240 3938 εἰς
1276 3876 1462 3946 μέσον.

253 3966 449 4018 Τοίνυν
485 3965 702 4018 ἐπειδὰν
732 3965 966 4037 σαλπίσῃ
994 3983 1076 4026 τις
1104 3967 1163 4018 τὸ
1195 3965 1370 4034 ξύλον,

268 4057 358 4118 Ὠς
391 4056 610 4123 ἄγγελοι
645 4055 886 4124 παρευοὺ
921 4056 1340 4126 δεδραμηκότες,

253 4141 350 4204 Εἰς
380 4144 554 4195 πάντα
585 4143 951 4205 κοιτωνίσκον,
980 4146 1058 4207 εἰς
1083 4145 1324 4215 κρυπτὸν
1350 4145 1531 4199 τόπον.

263 4232 539 4301 Ἐγείρετε
575 4231 708 4302 πρὸς
737 4231 906 4301 ῦμνον
936 4235 1218 4304 ἀχράντων
1253 4235 1448 4303 λόγων,

256 4322 706 4391 Συνεισφέροντες
733 4324 811 4384 εἰς
840 4322 974 4376 νεὼν
1007 4325 1098 4376 τοῦ
1121 4326 1413 4391 Δεσπότου,

265 4413 354 4466 Ἑν
378 4414 633 4482 ἡμέραις,
665 4415 722 4466 ὲν
748 4413 918 4478 νυξὶν,
946 4416 1004 4468 ὲν
1040 4415 1427 4486 μεσημϐρίαις,

252 4506 526 4558 Ἐκαστον
550 4505 728 4558 αὐτῶν
758 4506 1186 4576 προσκαλοῦντες
1215 4507 1469 4570 εὐθέτως.

252 4598 442 4656 Ὅπως
477 4589 605 4665 ὑμῖν
634 4598 724 4649 τὸν
761 4597 948 4667 μισθὸν
977 4597 1123 4662 ἄξιον
1163 4600 1299 4672 νέμῃ
1319 4641 1333 4662 ,

261 4691 321 4742 Ὀ
354 4688 529 4741 πάντα
559 4688 795 4758 μἐτρῶν,
829 4691 925 4742 καὶ
954 4691 1131 4758 νέμων
1163 4695 1281 4744 κατ’
1309 4692 1482 4756 ἀξίαν.

604 4784 703 4836 IZ'.
723 4815 790 4824 —
807 4785 910 4846 Εἰς
935 4783 1045 4836 τὸν
1069 4789 1427 4854 νοσοκόμον.

249 4876 324 4928 Τὸ
353 4875 544 4945 χρῆμα
570 4876 732 4939 Θεῖον,
765 4874 1006 4928 ἀσθενῶν
1043 4875 1180 4947 βάρη
1209 4878 1417 4947 φέρειν.

250 4966 455 5018 Τούτου
488 4964 666 5035 λαχὼν
700 4965 1022 5030 πύκτευσον,
1063 4960 1106 5018 ὦ
1143 4985 1231 5037 μοι
1257 4968 1487 5036 τεκνίον,

250 5055 507 5127 Θερμῶς,
535 5056 828 5127 προθύμως
856 5060 1092 5111 ἐκτελεῖν
1119 5076 1211 5111 σου
1238 5060 1328 5112 τὸν
1362 5061 1580 5131 δρόμον,

249 5147 465 5200 ’Ἑωθεν
498 5146 657 5210 εὐθὺς
685 5149 809 5212 τοὺς
838 5148 1111 5220 κλινήρεις
1145 5168 1238 5203 σου
1276 5151 1512 5220 βλέποις,

255 5236 454 5289 Ἀλλου
488 5236 595 5306 πρὸ
627 5239 823 5301 παντὸς
855 5240 1226 5309 φαρμακεύων
1257 5246 1367 5306 τοῖς
1399 5244 1596 5312 λόγοις,

252 5325 365 5380 Εἶτ’
400 5325 466 5381 αὖ
496 5331 812 5397 πρεπόντως
838 5332 1166 5401 προσφέροις
1194 5334 1354 5387 σίτων
1382 5335 1581 5401 δόσεις,

265 5417 352 5482 Ὠς
382 5426 488 5490 χρὴ
523 5419 565 5470 δ’
598 5420 833 5490 ἑκάστῳ,
865 5422 1228 5492 συνδιακρεσει
1256 5425 1435 5493 λόγου.

253 5512 428 5575 Μέλος
454 5512 560 5580 γάρ
591 5514 725 5571 ἐστι,
760 5515 833 5584 μὴ
863 5515 1136 5584 παρέρχου
1165 5517 1253 5569 τὸν
1286 5518 1472 5583 πέλας.

255 5603 440 5666 Οὕτως
473 5603 829 5673 ὑπηρετοῦντι
863 5606 1051 5674 μισθός
1078 5623 1160 5659 σοι
1197 5609 1387 5677 μέγας,

253 5695 373 5758 Φῶς
407 5696 714 5764 ἀπρόσιτον,
746 5699 990 5768 οὐρανῶν
1021 5700 1301 5770 εὐκληρία.

592 5787 694 5839 IH'.
716 5791 899 5854 -.Εἱς
937 5792 1077 5855 τοὺς
1111 5793 1462 5859 νοσοῦντας.

259 5881 332 5936 Τὸ
353 5881 450 5951 τῆς
477 5881 632 5936 νόσου
669 5900 758 5955 μοι
784 5883 952 5956 δῶρον
979 5881 1061 5952 εὖ,
1095 5886 1298 5953 τέκνον,
1329 5888 1505 5959 δέχου.

1771 464 2008 521 ΙΑΜΒΙ.

1865 579 1911 629 Α
1940 566 2138 621 Panem
2160 583 2226 622 ex
2252 569 2483 633 amussi.
2515 577 2568 622 et
2595 569 2642 622 si
2673 570 2801 639 quid
2832 579 2913 624 est
2939 570 3125 633 edulii.

1937 658 2142 713 Partire
2170 660 2238 714 ab
2264 675 2437 728 aquo,
2469 661 2590 729 plus
2624 671 2804 715 tamen
2838 661 3131 729 majoribus
3157 679 3170 714 :

1936 748 2068 804 Nam
2104 751 2302 820 duplici
2333 751 2539 804 honore
2567 751 2668 804 hos
2691 750 2826 805 allici
2853 753 2991 805 ratio
3013 752 3188 820 jubet.

1939 841 2201 897 Reverere
2234 841 2434 911 pariter
2466 843 2651 896 intimo
2670 843 2836 896 situm
2857 843 3049 912 gradu,

1935 931 2069 986 Nam
2100 933 2339 987 membra
2404 934 2584 988 cuncti
2627 943 2755 988 sunt
2778 945 2891 994 tua.
2920 934 3059 986 haud
3077 950 3226 1004 teque
3256 943 3430 989 tamen
3467 955 3479 987 :

1935 1023 2246 1093 Christique
2275 1035 2532 1095 tanquam
2561 1041 2822 1094 appareas
2849 1025 3116 1090 convivio,

1933 1117 2207 1184 Apostolis
2227 1126 2278 1172 te
2311 1126 2440 1171 tunc
2469 1116 2783 1172 ministrare
2799 1117 3031 1171 aestima.

1935 1205 2173 1275 Appone,
2217 1207 2362 1268 tolle,
2395 1214 2542 1261 verte
2573 1216 2647 1272 te,
2683 1205 3040 1275 circumspice
3067 1225 3083 1260 :

1939 1296 2005 1352 Ut
2029 1299 2248 1368 cepiosa
2274 1298 2458 1352 redeat
2482 1299 2549 1352 ad
2577 1309 2628 1352 te
2654 1299 2848 1368 gratia.

2279 1387 2421 1444 XIV.
2458 1420 2527 1429 —
2553 1388 2621 1442 In
2649 1405 2892 1458 coquum.

1936 1482 2160 1553 Dignum
2191 1496 2391 1537 corona
2427 1488 2479 1534 te
2506 1496 2741 1551 coquum
2767 1483 2890 1550 quis
2907 1481 3133 1545 abnuat,

1929 1576 2098 1646 Cujus
2129 1575 2385 1646 perennis
2414 1577 2466 1630 in
2501 1575 2618 1630 dies
2646 1577 2806 1631 durat
2831 1577 3025 1630 labor?

1932 1671 2134 1726 Servile
2164 1687 2363 1726 munus
2393 1682 2497 1739 est,
2542 1684 2597 1728 at
2629 1675 2818 1741 ingens
2845 1673 3125 1742 prmmium
3166 1691 3180 1727 :

1930 1764 2209 1818 lmmunda
2238 1779 2345 1828 res,
2380 1765 2472 1820 sed
2504 1780 2611 1834 qua
2653 1764 2897 1817 lavantur
2927 1763 3176 1817 crimina.

1929 1856 2077 1910 Nunc
2105 1857 2243 1927 ignis
2293 1857 2424 1919 urit,
2471 1872 2540 1910 ne
2564 1856 2784 1911 futurus
2818 1856 3059 1909 devoret.

1856 1915 1898 1968 Β
1927 1951 2036 2020 Age
2073 1966 2220 2020 ergo,
2261 1950 2413 2004 hctus
2439 1951 2505 2004 ad
2528 1949 2818 2018 coquiuam
2856 1951 3104 2014 eonvola,

1927 2040 1993 2094 Et
2027 2057 2184 2095 mane
2213 2053 2386 2098 torres
2422 2042 2673 2103 dissecta,
2702 2041 2836 2094 ollas
2860 2040 2998 2105 clue,

1926 2133 2174 2187 Fratrum
2205 2144 2446 2200 tuorum,
2467 2149 2564 2189 ceu
2596 2133 2712 2198 Dei,
2767 2132 2918 2186 cibos
2954 2143 3151 2199 coque,

1925 2224 2177 2278 Precibus
2197 2225 2425 2280 subinde
2462 2225 2747 2286 condiens,
2785 2237 3045 2292 tanquam
3085 2223 3235 2278 sale:

1925 2312 2319 2368 Benedimionis
2349 2311 2518 2367 Jacob
2549 2323 2608 2367 ut
2638 2313 2716 2367 sis
2738 2312 3050 2381 particeps:

1925 2401 2153 2472 lstisque
2183 2402 2348 2456 vitam
2378 2403 2630 2458 claudere
2667 2401 2723 2455 in
2754 2401 2950 2456 studiis
2969 2399 3143 2469 juvet.

2201 2491 2319 2547 XV.
2341 2523 2410 2532 —
2439 2492 2506 2546 In
2529 2503 2757 2546 seriores
2785 2507 2875 2544 seu
2907 2490 3197 2544 vestiarios.

1928 2584 2034 2640 Vos
2065 2585 2370 2640 administri
2395 2594 2448 2638 et
2476 2583 2732 2654 praesides
2761 2581 3038 2652 potissimi

1923 2676 2118 2731 Cultus
2145 2678 2362 2741 domus,
2390 2677 2578 2745 reique
2613 2673 2881 2729 vestiat-ite
2900 2714 2916 2739 ,

1925 2766 2032 2822 Nec
2059 2767 2344 2822 difﬁcultas
2365 2781 2534 2837 parva
2553 2778 2734 2820 vestro
2766 2765 2818 2818 in
2854 2777 3095 2826 munere,

1927 2857 2033 2913 Sed
2060 2872 2187 2916 cura
2222 2866 2365 2911 certe
2407 2857 2658 2926 plurima,
2691 2865 2744 2911 et
2773 2855 3033 2919 studium,
3055 2859 3110 2906 et
3143 2851 3313 2916 labor,

1927 2948 2117 3012 Suere,
2146 2963 2366 3012 novare,
2391 2948 2648 3011 colluere,
2676 2948 2976 3018 detergere,

1927 3037 2173 3092 Dividere
2199 3037 2419 3104 cuique,
2478 3046 2624 3089 recta
2655 3037 2800 3105 quod
2859 3039 2998 3090 ratio
3031 3041 3232 3098 monet,

1925 3123 2042 3178 Non
2068 3135 2216 3179 sorte
2245 3124 2455 3188 eadem,
2491 3138 2884 3178 verumamore
2910 3124 3054 3177 haud
3075 3121 3300 3189 dispari,

1925 3211 2132 3279 Quippe
2162 3211 2295 3264 alter
2319 3212 2490 3264 altero
2513 3210 2582 3264 ob
2611 3210 2850 3264 laborem
2883 3209 3216 3280 estdignior.

1924 3299 2108 3351 Videte
2139 3311 2301 3366 porro
2331 3297 2553 3366 provide
2583 3297 2669 3351 his
2697 3297 3000 3366 fungamini
3033 3314 3047 3349 :

1919 3390 2182 3446 Mercedis
2214 3398 2271 3443 ut
2298 3390 2478 3443 abillo
2502 3389 2689 3445 feratis
2719 3392 2964 3460 gratiam,

1920 3483 2154 3554 Equata
2185 3481 2396 3536 meritis
2437 3481 2530 3551 qui
2553 3483 2801 3551 rependit
2829 3483 3072 3551 praemia.

2357 3568 2494 3626 XVI.
2526 3599 2596 3608 —
2622 3570 2685 3624 In
2714 3573 3050 3625 cxcitatores.

1919 3683 2026 3739 Nec
2057 3699 2259 3753 parvus
2291 3684 2434 3737 inter
2462 3691 2688 3737 caeteros
2721 3683 2878 3735 vobis
2911 3681 3089 3746 labor,

1921 3778 2268 3832 Exsuscitare
2301 3776 2673 3830 somnolentos
2705 3789 3022 3845 congreges,

1918 3869 2227 3938 Locumque
2250 3868 2305 3922 in
2334 3885 2501 3922 unum
2530 3878 2681 3937 parte
2711 3869 2778 3922 ab
2810 3868 2958 3922 omni
2987 3883 3196 3937 cogere.

1920 3961 2094 4014 Simul
2141 3975 2272 4029 ergo
2302 3960 2435 4029 ligni
2468 3969 2596 4014 nota
2629 3962 2913 4029 personuit
2942 3961 3092 4022 tuba,

1917 4052 2039 4106 Mox
2069 4054 2387 4122 angelorum
2420 4067 2572 4106 more
2601 4067 2824 4106 cursum
2857 4052 3119 4106 intendite

1916 4145 2091 4198 Cellas
2128 4159 2221 4212 per
2254 4159 2468 4210 omnes,
2499 4153 2638 4198 tecta
2671 4160 2767 4213 per
2797 4145 3018 4199 cubilia.

1918 4236 2092 4290 Divini
2132 4237 2198 4291 ad
2233 4238 2464 4307 hymnos
2497 4239 2727 4292 excitate
2754 4239 3036 4303 carminis,

1916 4325 1982 4379 Et
2016 4327 2230 4380 Domini
2265 4328 2328 4381 ad
2359 4328 2528 4382 aedem
2561 4328 2754 4383 sedulo
2785 4331 3116 4400 compellite,

1914 4415 2175 4481 Interdiu,
2210 4428 2510 4487 noctuque,
2546 4435 2642 4474 seu
2685 4420 2934 4484 meridie,

1916 4507 2095 4564 Unum
2133 4519 2421 4567 evocantes
2455 4527 2727 4581 quemque
2755 4527 2917 4581 quam
2955 4514 3283 4569 scitissime:

1839 4593 1893 4654 D
1921 4597 2027 4654 Vos
2056 4601 2380 4670 congruenti
2410 4604 2632 4670 pra'mio
2656 4612 2717 4656 ut
2748 4615 3080 4666 remunerer,

1917 4688 2021 4755 Qui
2059 4698 2258 4744 cuncta
2295 4689 2460 4758 justis
2483 4691 2590 4744 rite
2619 4689 2851 4758 p'artitur
2878 4693 3074 4746 modis.

2194 4779 2356 4836 XVII.
2388 4813 2457 4823 —
2487 4779 2553 4834 In
2588 4798 2848 4851 aegrorum
2880 4792 3194 4838 curatorem.

1917 4875 2106 4930 Divina
2137 4891 2223 4930 res
2253 4885 2338 4930 est
2367 4877 2602 4945 compati
2627 4892 2894 4947 aegrorum
2927 4877 3103 4932 malis.

1916 4969 2024 5025 Ilas
2053 4986 2182 5040 ergo
2214 4979 2394 5039 partes
2420 4970 2719 5035 sustinens,
2753 4970 2848 5033 fili,
2879 4972 3056 5036 stude,

1917 5063 2172 5131 Prompte
2204 5077 2267 5116 ac
2297 5061 2552 5126 libenter,
2585 5076 2746 5130 quem
2775 5070 2944 5128 tenes,
2974 5079 3194 5118 cursum
3231 5065 3383 5134 sequi
3416 5080 3430 5116 :

1916 5153 2080 5207 Lecto
2107 5153 2354 5222 jacentes
2385 5152 2506 5206 luce
2549 5152 2726 5220 prima
2764 5154 3019 5216 invisere,

1915 5244 2270 5314 Primumque
2293 5244 2504 5298 blandis
2532 5242 2825 5297 confovere
2861 5243 3113 5298 affatibus
3144 5262 3157 5296 :

1915 5335 2045 5389 Post
2068 5336 2182 5389 haec
2208 5342 2393 5403 parata
2425 5333 2786 5387 condecenter
2825 5333 3087 5397 inferens,

1917 5426 1986 5482 Ut
2016 5428 2210 5496 cuique
2233 5426 2524 5496 quadrant,
2550 5425 2827 5479 esculenta
2853 5426 3052 5479 divide.

1915 5517 2058 5572 Cave
2088 5517 2364 5585 relinquas
2398 5516 2702 5584 proximum
2740 5535 2752 5570 :
2788 5531 2914 5585 pars
2950 5527 3033 5572 est
3060 5519 3157 5574 tui.

1916 5608 2053 5662 Dum
2082 5607 2160 5662 sic
2183 5607 2481 5673 ministras,
2509 5622 2701 5676 magna
2727 5623 2936 5662 merces
2971 5618 3022 5662 te
3059 5619 3260 5674 manet,

1917 5701 2035 5755 Lux
2065 5701 2411 5770 sempiterna,
2442 5715 2562 5755 sors
2595 5703 2748 5755 beata
2781 5702 3047 5756 caelitum.

2316 5793 2504 5850 XVIII.
2534 5825 2601 5834 —
2634 5792 2700 5848 In
2727 5805 3064 5865 wgrotantu.

1918 5885 2044 5942 Mihi
2079 5889 2200 5955 rite,
2230 5888 2323 5955 fili,
2355 5903 2555 5943 munus
2583 5888 2683 5944 hoc
2713 5889 2886 5944 morbi
2911 5902 3080 5956 cape:

3351 466 3480 530 1786
