3968 6444
538 363 670 426 1787
936 356 939 357 ν
1706 368 1764 425 S.
1804 366 2104 426 THEODO

1706 368 1764 425 S.
1804 366 2190 427 THEODORI
2229 367 2570 426 STUDITzE

532 478 784 532 Caelestis
816 475 919 528 ista
952 483 1035 527 est
1065 489 1195 528 cura
1223 475 1599 545 providentiae.

536 568 637 624 Fer
669 567 950 622 mstuantis
986 567 1195 622 fortiter
1238 567 1510 622 ﬂammam
1546 568 1694 633 mali,

536 661 604 715 Et
638 661 784 714 mol|i
813 660 1074 713 habenda:
1100 673 1224 714 rore
1252 660 1399 730 tinge
1431 661 1637 729 gratim.

534 750 639 805 Job
668 749 945 815 aemulare,
970 751 1120 819 paria
1148 766 1269 804 cum
1298 751 1415 804 viro
1442 751 1689 819 loquens,

536 843 642 909 Qui
669 860 770 897 nec
804 843 1074 913 loquendo
1100 842 1277 910 decipi
1308 858 1369 897 se
1403 858 1598 912 passus
1622 856 1723 898 est.

538 934 598 990 Si
625 936 762 991 forte
795 938 990 990 transit
1015 936 1309 1007 quispiam,
1338 935 1481 989 haud
1521 951 1683 991 cerne
1705 946 1758 992 et
1785 945 1923 1004 tace,

538 1030 840 1085 Contentus
876 1031 987 1096 illa,
1018 1046 1180 1100 quam
1210 1031 1288 1085 tui
1320 1045 1508 1086 curam
1536 1040 1753 1101 gerunt,

542 1120 615 1178 Ut
655 1122 739 1178 sic
765 1122 820 1176 in
853 1136 993 1192 aegro
1037 1138 1133 1178 cor
1167 1123 1464 1179 hilarescat
1495 1139 1747 1194 corpore.

1018 1236 1160 1292 XIX.
1190 1267 1260 1278 --
1289 1236 1355 1291 In
1387 1248 1613 1293 sutores.

541 1326 587 1382 Ο
621 1337 860 1396 quantus
895 1328 1028 1383 artis
1065 1338 1145 1383 est
1180 1330 1354 1384 Itonos
1383 1331 1638 1384 sutoriae!

540 1417 644 1473 Ars
674 1434 869 1489 nempe
896 1419 1049 1473 Pauli
1080 1421 1301 1474 maximi
1342 1434 1424 1476 est
1458 1422 1717 1491 apostoli.

540 1510 675 1578 Ejus
704 1511 952 1566 laborum
982 1512 1256 1581 provocati
1290 1514 1578 1577 memoria,

540 1600 804 1667 Perferte,
839 1604 983 1657 velut
1014 1605 1293 1672 operarios
1316 1603 1519 1659 Christi
1549 1605 1725 1670 decet,

541 1689 690 1757 Quos
726 1692 841 1746 haec
870 1692 927 1746 in
958 1693 1122 1747 horas
1151 1708 1289 1747 cura
1317 1694 1549 1750 sudores
1580 1704 1751 1751 creat.

542 1783 717 1838 Sectis
748 1784 1005 1839 decenter
1042 1785 1291 1854 pellibus,
1328 1796 1594 1856 quantum
1617 1797 1702 1841 est
1731 1802 1889 1855 opus,

540 1873 741 1931 Vetera
775 1877 1050 1943 innovate,
1079 1879 1274 1935 deinde
1301 1895 1441 1934 nova
1469 1879 1822 1949 compingite,

547 1967 657 2023 Nec
684 1969 985 2040 quidquam
1014 1970 1175 2025 inerti
1212 1971 1465 2041 projicite
1495 1972 1769 2039 socordia,

541 2058 698 2125 Quod
737 2062 881 2114 velut
908 2062 1150 2131 ineptum
1192 2063 1387 2133 projici
1422 2080 1531 2118 non
1562 2064 1796 2118 debeat:

542 2152 620 2207 Μ
644 2154 775 2222 quid
806 2154 1048 2209 vicissim
1090 2156 1309 2225 parcius
1329 2157 1620 2212 concidite.

542 2243 679 2299 Nam
711 2256 903 2301 cuncta
935 2260 1082 2303 recte
1115 2248 1159 2303 si
1188 2249 1396 2319 geritis,
1443 2259 1606 2320 atque
1632 2251 1844 2317 ordine,

544 2339 653 2392 Par
686 2338 831 2393 lucta
855 2340 1011 2394 vobis
1050 2350 1351 2411 martyrum
1380 2351 1463 2397 est
1495 2344 1804 2398 certamini.

944 2452 1067 2509 XX.
1090 2486 1162 2496 -
1190 2455 1256 2510 In
1290 2457 1676 2511 dormitorium.

545 2544 812 2598 Somnum
842 2545 1089 2602 levandis
1117 2549 1209 2618 qui
1245 2549 1442 2605 dedisti
1473 2551 1752 2618 sensibus,

544 2636 745 2709 Longa:
773 2638 881 2694 diei
914 2655 1053 2709 quos
1076 2640 1293 2696 labores
1321 2651 1582 2709 atterunt,

544 2728 676 2783 Mihi
710 2745 983 2800 seporem,
1026 2732 1240 2788 Christe
1273 2735 1370 2797 mi,
1406 2734 1642 2789 Verbum
1673 2734 1790 2800 Dei,

546 2819 646 2886 Da,
679 2836 882 2890 quaeso,
925 2821 1163 2889 facilem,
1189 2825 1257 2879 da
1286 2824 1437 2879 brevi
1466 2842 1629 2881 cursu
1662 2825 1853 2892 levem,

546 2910 615 2965 Et
640 2912 969 2967 turbulentis
1000 2914 1231 2968 liberum
1261 2916 1686 2985 phantasmatis,

548 3001 935 3059 Desiderandis
973 3004 1280 3060 aﬂluentem
1315 3007 1561 3062 somniis.

550 3091 687 3148 Tum
717 3111 804 3150 me
834 3099 1078 3151 vocantis
1105 3098 1308 3153 suscita
1352 3100 1418 3153 ad
1447 3100 1579 3169 ligni
1618 3115 1835 3166 sonum,

548 3184 1047 3256 Exspergefactum,
1082 3188 1315 3243 alacrem
1371 3199 1426 3243 et
1449 3200 1635 3259 aptum
1661 3192 1931 3257 cantibus,

550 3278 786 3333 Stabiles
812 3279 871 3334 in'
889 3280 1110 3349 hymnis
1136 3281 1238 3336 rite
1259 3279 1589 3337 conﬁrmans
1611 3282 1796 3352 pedes,

548 3367 783 3423 Mentem
816 3385 846 3424 a
881 3371 1149 3440 protervis
1179 3373 1485 3428 daemonum
1516 3383 1697 3431 tutans
1726 3377 1900 3443 dolis,

550 3459 848 3530 Clarosque
880 3461 1079 3531 lingua:
1117 3463 1253 3518 dans
1278 3464 1486 3532 modos,
1514 3467 1671 3536 queis
1705 3468 1953 3539 gloriam,

550 3550 789 3621 Tumque
820 3552 1008 3609 laudes
1030 3553 1239 3608 intonet
1260 3556 1513 3623 potentia:
1538 3573 1556 3615 :

552 3643 628 3699 Ut
664 3645 743 3699 sic
770 3654 985 3715 peracta
1016 3654 1175 3701 nocte
1201 3663 1392 3717 purus,
1418 3649 1624 3705 lumine

552 3735 760 3807 Legum
791 3746 1007 3793 tuarum
1047 3737 1298 3808 perfruar
1324 3742 1587 3798 diluculo.

855 3850 996 3905 XXI.
1021 3882 1092 3894 --
1121 3852 1189 3906 In
1222 3854 1404 3908 divites
1444 3873 1506 3909 ac
1533 3874 1802 3928 pauperes.

552 3942 821 3999 Memento
855 3946 947 4013 qui
978 3945 1074 4009 sis,
1102 3960 1135 3999 ο
1159 3945 1339 4012 homo,
1375 3948 1506 4018 quid
1537 3950 1866 4020 impendeat,

553 4037 727 4103 Quam
761 4037 944 4092 sedem
974 4037 1263 4106 inhabiles,
1288 4056 1397 4110 quo
1428 4043 1772 4114 migrandum
1807 4047 2061 4117 denique,

552 4130 631 4183 Ad
663 4145 858 4199 supera
888 4146 1110 4199 prorsus
1159 4133 1319 4188 tende
1359 4136 1506 4190 curis
1540 4139 1816 4193 omnibus.

551 4219 792 4275 Plurima
827 4221 902 4275 ibi
934 4223 1049 4285 lux,
1080 4233 1134 4277 at
1180 4239 1337 4293 poena
1368 4240 1530 4296 porro
1569 4228 1901 4285 indesinens.

553 4312 649 4367 llic
679 4315 939 4383 quidquid
972 4325 1073 4379 est,
1114 4316 1167 4369 id
1202 4334 1357 4382 aura,
1396 4319 1613 4386 ﬂuctus,
1643 4324 1938 4380 somnium.

552 4405 817 4475 Liquatur
844 4421 1059 4470 aurum,
1088 4408 1207 4463 laus
1234 4410 1391 4478 perit,
1418 4412 1522 4466 alia
1553 4414 1803 4480 ellluunt,

551 4496 910 4566 Planctuque,
942 4500 1306 4570 lacrymisque
1334 4501 1422 4556 hic
1446 4504 1753 4560 redundant
1777 4509 1983 4562 omnia.

553 4586 697 4643 Cave
717 4603 783 4643 ne
806 4589 967 4644 inane
996 4600 1207 4660 tempus
1236 4592 1377 4647 elabi
1409 4594 1580 4660 sinas,

555 4680 709 4748 Quod
740 4698 840 4738 nec
862 4692 1007 4738 retro
1040 4686 1236 4751 redire,
1263 4702 1364 4741 nec
1395 4686 1505 4741 falli
1530 4697 1707 4758 potest

992 4794 1156 4851 XXII.
1178 4828 1247 4839 —-
1266 4797 1327 4851 In
1360 4800 1672 4856 mundanas.

555 4880 758 4936 Christi
794 4874 1056 4951 sequaces
1088 4887 1357 4940 mansueti
1386 4896 1440 4941 et
1467 4889 1679 4958 optimi,

556 4972 667 5027 Cur
689 4972 943 5029 efferatos
972 4977 1177 5031 mutuis
1215 4977 1523 5045 discordiis,

555 5065 689 5135 Ejus
714 5068 1044 5121 tremendam
1073 5083 1181 5122 non
1212 5071 1377 5139 pudet
1408 5072 1628 5126 domum
1657 5074 1860 5143 ingredi
1884 5076 1907 5128 ?

558 5157 921 5212 Sacrosancta
944 5160 1087 5213 dona
1115 5164 1391 5230 quomodo
1420 5163 1697 5218 libabitis?

555 5249 627 5301 At
653 5249 797 5304 enim
836 5261 888 5305 et
920 5249 1091 5307 Iudas
1120 5254 1287 5323 impio
1318 5258 1581 5309 accedens
1617 5258 1764 5321 dolo,

556 5338 717 5395 Foris
747 5340 1010 5407 salutans,
1045 5343 1136 5397 sed
1166 5342 1351 5398 furens
1384 5346 1729 5411 intrinsecus,

558 5431 721 5485 Dirus
744 5432 990 5503 magistri
1020 5435 1272 5491 venditor
1313 5438 1487 5507 patuit
1521 5439 1627 5493 sui.

559 5520 678 5579 Huc
698 5538 827 5593 ergo
862 5541 930 5581 ne
954 5526 1075 5596 quis
1102 5528 1309 5583 hostem
1341 5531 1545 5586 habens
1576 5533 1803 5602 gradum
1836 5533 1968 5589 ferat
1995 5551 2008 5587 :

559 5614 837 5671 Macronis
869 5619 1039 5673 aciem
1070 5621 1276 5689 pectori
1308 5622 1535 5692 inﬁgens
1570 5641 1691 5692 suo,

559 5706 833 5762 Flammas
865 5724 1127 5778 perennes
1157 5712 1363 5780 praemii
1395 5715 1588 5770 referet
1620 5717 1757 5772 loco.

562 5797 688 5855 Haec
715 5816 813 5857 nos
845 5802 1096 5869 scientes,
1132 5806 1283 5863 valde
1309 5822 1553 5866 amemus
1583 5809 1835 5866 invicem.

2119 487 2166 540 Α
2204 480 2503 550 Ἐπισκοπὴ
2534 479 2641 549 γάρ
2674 480 2788 531 ἐστι
2817 478 2967 542 θείας
2994 478 3293 549 φροντίδος.

2192 573 2383 641 Φέροις
2414 573 2654 636 ἀνεκτῶς
2673 572 2771 639 τῆς
2800 573 3030 642 καμίνου
3061 573 3158 643 τὴν
3183 572 3379 640 φλόγα,

2207 663 2296 716 Ἐν
2323 663 2400 734 τῷ
2429 656 2703 734 δροσισμῷ
2724 665 2822 734 τῆς
2844 663 3292 734 άπευχαριστίας.

2207 753 2326 807 ’1ὼὸ
2349 755 2546 823 γένοιο,
2578 758 2704 819 τοὺς
2729 755 2936 810 ἐκείνου
2967 756 3083 825 φῶν
3110 756 3326 825 λόγους,

2207 850 2323 919 Ἐφ’
2354 843 2434 913 οἷς
2466 850 2731 921 ἁμαρτεῖν
2764 851 2863 904 οὐκ
2894 850 3065 922 ἀνῆκε
3094 850 3199 903 κᾶν
3224 850 3390 920 λόγῳ.

2194 939 2312 994 Κᾶν
2340 942 2386 994 δ’
2415 939 2483 995 αὖ
2517 941 2756 1013 παρέλθῃ
2778 942 2860 1006 τίς
2889 960 2971 1007 σε,
3006 942 3080 1014 μὴ
3107 941 3327 1012 βλέψας,
3359 941 3509 1009 σίγα,

2209 1032 2299 1085 Ἐν
2328 1034 2494 1086 πᾶσιν
2517 1034 2681 1089 αἰνῶν
2707 1038 2772 1105 τῇ
2813 1035 2952 1089 κατὰ
2977 1035 3168 1105 χρείαν
3196 1032 3338 1088 δόσει
3357 1049 3373 1064 ο

2197 1124 2296 1177 Ἰν*
2327 1119 2386 1179 εὖ
2419 1125 2665 1197 mem;
2693 1127 2906 1197 σώματι
2940 1127 3076 1197 πρὸς
3097 1128 3346 1199 καρδίαν.

2578 1235 2683 1293 ΙΘ’.
2702 1268 2770 1279 -
2786 1238 2888 1304 Εἰς
2912 1238 3050 1305 τοὺς
3077 1239 3342 1306 σκυτεῖς.

2199 1328 2557 1384 Πεδιλοποιῶν
2582 1329 2658 1395 ὡς
2683 1330 2902 1402 ἄριστος
2936 1333 2969 1404 ἡ
2994 1332 3187 1404 τέχνηί

2211 1420 2531 1474 Ἀποστόλου
2563 1425 2670 1492 γάρ
2698 1423 2815 1475 ἐστι
2847 1422 3082 1489 Παύλου,
3116 1424 3210 1477 τοῦ
3240 1424 3404 1479 πάνυ.

2202 1514 2490 1584 Ζηλοῦντες
2516 1515 2679 1570 αὑτοῦ
2706 1519 2834 1583 τοὺς
2869 1519 3096 1591 ἱδρῶτας
3123 1521 3232 1574 τῶν
3256 1520 3460 1587 κόπων,

2201 1601 2432 1667 Δέξασθε
2467 1603 2682 1675 θερμῶς
2709 1608 2836 1671 τοὺς
2870 1610 3062 1673 πόνους
3090 1608 3430 1681 καθημέραν,

2213 1693 2301 1758 Ὠς
2329 1696 2555 1764 ἐργάται
2588 1698 2862 1769 Χριστοῖο,
2883 1700 3045 1769 τῆσδε
3072 1703 3371 1772 φροντίδος.

2135 1840 2174 1893 Β
2202 1788 2423 1859 Δέῤῥεις
2449 1806 2507 1842 τε
2538 1789 2763 1862 βύρσας,
2798 1792 2872 1856 ὡς
2902 1793 3038 1860 δέον,
3063 1800 3416 1869 τετμηκότες.

2208 1879 2419 1933 Παλαιὰ
2448 1884 2912 1954 καινουργοῦντες,
2940 1886 3059 1941 εἶτα
3091 1890 3184 1942 καὶ
3214 1891 3327 1955 νέα,

2203 1970 2294 2041 Μὴ
2325 1973 2617 2046 νωθρότητι
2648 1977 2784 2047 πρὸς
2822 1979 3164 2051 παράχρηοτν
3192 1982 3373 2052 λόγου,

2216 2061 2579 2133 Ῥιπτοῦντες,
2615 2069 2668 2121 ef
2695 2086 2747 2122 τι
2775 2069 2884 2122 τῶν
2919 2073 3083 2142 ριφῆς
3112 2074 3212 2129 οὐκ
3241 2076 3429 2143 ἀξίων,

2210 2155 2279 2209 Ἦ
2303 2156 2400 2228 τὴν
2429 2161 2599 2229 τομὴν
2630 2162 2886 2233 φέροντες
2917 2166 3178 2232 ἑλλειπῶς
3204 2169 3364 2241 ὓπερ.

2206 2246 2455 2301 ’Δπαντα
2492 2250 2601 2321 γάρ
2635 2252 2909 2319 ποιοῦντες
2938 2256 3256 2329 άξιοχρέως,

2206 2338 2327 2392 Τῶν
2355 2342 2775 2413 μαρτυρούντων
2807 2345 3094 2411 ὲξανύσετε
3126 2350 3342 2420 δρόμον.

2554 2461 2639 2516 Κ’.
2661 2463 2850 2529 -Εις
2876 2464 2944 2518 τὸ
2983 2467 3390 2535 κοιμητήριον.

2218 2548 2276 2603 '0
2297 2548 2418 2614 δοὺς
2440 2551 2529 2605 τὸν
2561 2552 2727 2607 ῦπνον
2752 2556 2938 2620 πᾶσιν,
2956 2559 3037 2619 εἰς
3066 2556 3260 2629 λύτρον
3286 2560 3486 2628 πόνων,

2207 2632 2414 2710 ’Ὧνπερ
2439 2642 2712 2712 παρέσχεν
2737 2645 2769 2714 ὴ
2796 2645 3019 2717 διαυγὴς
3050 2649 3252 2719 ἡμέρα,

2208 2733 2392 2802 Κάμοὶ
2418 2735 2724 2806 παράσχου,
2754 2737 2956 2808 Χριστέ
2991 2756 3114 2809 μου,
3140 2741 3275 2795 Θεοῦ
3306 2744 3473 2812 Λόγε,

2208 2825 2422 2894 Κοῦφον
2452 2827 2539 2883 τὸν
2574 2827 2759 2894 ῦπνον,
2788 2831 2886 2901 ἡδὺ
2919 2834 3012 2887 καὶ
3035 2838 3171 2905 ταχὺ
3209 2837 3432 2908 δρόμον,

2209 2919 2608 2989 Φαντασμάτων
2641 2923 2739 2992 μὲν
2760 2924 2870 2977 τῶν
2897 2927 3079 2981 κακῶν
3108 2928 3434 2999 ὲξωσμένον,

2224 3008 2544 3081 Ὀνειρὰτων
2571 3012 2627 3066 δὲ
2658 3014 2767 3068 τῶν
2794 3016 2971 3069 καλῶν
2996 3019 3395 3089 πεπλησμένον.

2212 3099 2320 3150 Καί
2352 3100 2406 3169 μ’
2439 3101 2732 3172 ἐξέγειρον,
2774 3108 3243 3176 κρουσματοῦντος
3274 3109 3367 3163 τοῦ
3402 3111 3582 3176 ξύλου,

2134 3174 2180 3235 C
2222 3190 2552 3256 Ἀνέκλυτον,
2586 3174 2850 3267 σταθηρδν
2877 3174 3126 3269 εὐθύμως
3146 3202 3312 3274 ᾄδειν,

2218 3284 2403 3339 Ἰστῶν
2435 3287 2598 3351 πόδας
2629 3305 2730 3357 μου
2766 3294 3049 3364 καρτερῶς
3080 3297 3138 3347 ὲν
3172 3297 3397 3362 αἰνέσει,

2209 3378 2467 3451 Φρουρῶν
2489 3380 2615 3444 νόας
2646 3399 2745 3451 μου
2775 3383 3043 3454 δαιμόνων
3073 3389 3431 3458 πανουργίας,

2210 3470 2468 3525 Γλῶσσαν
2489 3474 2698 3543 τρανῶν
2722 3492 2824 3543 μου
2861 3476 2996 3545 πρὸς
3023 3476 3081 3529 τὸ
3110 3478 3338 3547 μέλπειν
3360 3478 3621 3546 εὐτόνως,

2209 3562 2304 3624 Et;
2331 3562 2485 3626 δόξαν
2514 3564 2677 3618 αῖνων
2706 3566 2800 3618 τοῦ
2832 3568 3090 3636 μεγίστου
3120 3585 3212 3620 σου
3243 3569 3479 3640 κράτους
3498 3586 3514 3601 °

2211 3653 2398 3719 Ὅπως
2420 3656 2624 3719 τέλειος
2651 3659 3035 3731 νυκτερεύσας,
3067 3659 3347 3732 ὀρθρίσας,

2210 3745 2284 3799 Τὸ
2317 3746 2432 3816 φῶς
2462 3748 2553 3801 ῐδω
2584 3765 2676 3802 σου
2707 3751 2816 3803 τῶν
2847 3752 3078 3806 ἐντολῶν
3106 3755 3366 3826 πρωῖθεν.

2411 3859 2541 3916 ΚΑ’.
2566 3863 2751 3929 -Είς
2774 3865 3113 3933 πλουσίους
3148 3867 3247 3920 καὶ
3275 3867 3561 3935 πένητας.

2215 3951 2351 4005 Ἰσθι
2376 3953 2460 4014 τίς
2483 3951 2578 4020 ῶν,
2610 3954 2881 4025 ἄνθρωπε,
2905 3960 2999 4011 καὶ
3030 3958 3082 4011 τι
3115 3975 3194 4011 σοι
3225 3960 3395 4029 μένει,

2213 4043 2363 4113 Ὄπη
2396 4048 2700 4115 παροικεῖς,
2735 4049 2828 4100 καὶ
2856 4050 3199 4117 μετασταίειν
3231 4052 3400 4122 ἔχεις,

2213 4134 2373 4199 Ὅλος
2403 4136 2569 4203 γίνοιο
2602 4138 2735 4208 πρὸς
2757 4139 2804 4191 τ’
2836 4140 2946 4194 ἄνω
2972 4145 3035 4213 τῇ
3066 4144 3324 4214 φροντίδι.

2213 4226 2424 4296 Πλῆρές
2458 4228 2509 4296 γ’
2539 4231 2657 4284 ἐκεῖ
2680 4231 2815 4300 φῶς,
2844 4232 2980 4287 ἀλλὰ
3004 4234 3099 4287 καὶ
3130 4237 3309 4305 κρίσις
3339 4236 3496 4307 ἄληξ.

2214 4318 2304 4389 Τῷ
2330 4320 2443 4390 τῇδ’
2464 4322 2492 4374 ὅ
2523 4322 2572 4376 τ’
2596 4322 2789 4389 εἴποις,
2821 4322 2983 4393 αὖρα,
3012 4325 3156 4395 ῥοῦς,
3183 4329 3278 4381 καὶ⁵
3304 4331 3575 4398 νυκτόναρ

2214 4412 2424 4481 Χρυσδς
2456 4415 2688 4485 χοοῦται,
2716 4416 2820 4481 δόξ’
2852 4418 3103 4482 ἀπανθεῖ,
3137 4415 3307 4473 τᾶλλα
3343 4423 3448 4491 ῥεῖ,

2144 4530 2188 4585 D
2215 4505 2540 4568 Πολύστονα,
2572 4507 2818 4577 θρηνηρά
2847 4508 3021 4563 πάντα
3049 4510 3292 4575 τάνθάδε,

2218 4594 2347 4664 Ἔχε
2382 4594 2695 4665 προσεκτῶς
2730 4598 2802 4667 μή
2828 4614 2888 4649 σε
2917 4598 3111 4670 κυλίσῃ
3140 4600 3346 4668 χρόνος,

2213 4679 2290 4739 Οὗ
2322 4687 2396 4759 μὴ
2422 4687 2583 4742 πάλιν
2608 4688 2884 4759 ἄγραιτον,
2920 4690 2953 4759 ἢ
2986 4692 3215 4744 παικτὸν
3241 4692 3413 4746 πέλει.

2630 4805 2761 4859 KB’.
2781 4806 2963 4869 -Εις
2988 4808 3339 4875 κοσμικούς.

2213 4894 2448 4965 Χριστοῦ
2483 4895 2737 4967 μαθηταὶ,
2769 4896 2861 4950 τοῦ
2892 4897 3053 4952 καλοῦ
3079 4898 3175 4951 καὶ
3203 4898 3427 4969 πραέος,

2213 4988 2390 5057 Μῆνιν
2421 4989 2673 5059 φέροντες
2712 4991 2790 5053 εἰς
2823 4991 3049 5055 ἑαυτοὺς
3078 4994 3196 5053 ταῖς
3230 4994 3452 5062 μάχαις,

2220 5079 2337 5140 Πῶς
2368 5083 2447 5143 εἰς
2472 5081 2531 5133 τὸ
2559 5080 2723 5134 αὑτοῦ
2755 5080 2963 5150 βαίνετε
2999 5081 3225 5152 φρικτὸν
3252 5083 3450 5153 δόμον;

2215 5169 2412 5240 Δώρων
2438 5171 2727 5239 πανάγνων
2760 5172 2876 5233 πῶς
2912 5170 3162 5240 μεθέξετε
3197 5170 3401 5239 ξενωςῖ

2218 5263 2326 5314 Καὶ
2351 5261 2457 5331 μὴν
2493 5261 2690 5325 Ἰούδας
2717 5265 2755 5316 6-
2780 5263 3091 5331 προσελθὼν
3117 5266 3173 5316 ὲν
3197 5264 3355 5333 δόλῳ,

2214 5352 2387 5405 Φιλῶν
2414 5353 2512 5422 μὲν
2543 5354 2665 5419 ἔξω,
2699 5355 2902 5423 μηνιῶν
2930 5354 2989 5406 δὲ
3013 5357 3124 5417 τοῖς
3152 5354 3279 5419 ἔσω,

2220 5442 2396 5512 Ὠφθη
2429 5443 2674 5514 μαθητὴς
2700 5446 2996 5515 πεπρακὼς
3029 5445 3117 5497 τὸν
3148 5444 3441 5515 Δεσπότην.

2216 5534 2420 5604 Μηδεὶς
2449 5535 2693 5605 παρείτω
2722 5536 2909 5589 λοιπὸν
2943 5536 3231 5606 ἐχθρωδῶς
3262 5536 3420 5606 ἔχων,

2216 5626 2377 5695 Ξίφος
2400 5628 2520 5679 κατ’
2548 5626 2713 5680 αὐτοῦ
2741 5627 2998 5699 πηγνύων
3028 5631 3093 5699 τῇ
3124 5629 3341 5699 καρδίᾳ,

2216 5718 2442 5770 Αἰώνιον
2466 5718 2574 5789 πῦρ
2606 5720 2897 5791 ἀντίδωρον
2925 5720 3235 5790 λαμϐάνων.

2217 5809 2439 5873 Γνόντες
2471 5812 2538 5866 τὰ
2580 5812 2725 5879 τῇδε,
2752 5812 3058 5884 προοφιλῶς
3083 5806 3299 5882 σχῶμεν
3325 5809 3482 5865 πάνυ.

3618 367 3749 427 1783
