3968 6506
251 457 386 524 1789

721 577 849 631 Kl".
872 608 940 620 -
959 581 1064 644 Εἰς
1091 581 1316 650 ὀδίτην.

257 661 459 714 Ἐλθὼν
487 665 714 730 καθέζου
745 670 851 730 πᾶς
880 686 965 734 τις
995 670 1203 742 ὕϐρεως
1231 675 1381 746 δίχα·

246 753 379 806 Θεοῦ
408 755 515 824 γάρ
544 757 688 810 ἐστιν
711 755 858 822 οἶκος
891 760 1150 834 ἔνθαπερ,
1184 765 1326 832 φίλε.

247 845 290 895 Κ
302 845 498 914 ρούσας
525 847 602 914 δὲ,
636 847 784 914 λέξον
811 853 1009 918 αἰτίαν,
1041 858 1162 908 καθ’
1185 858 1255 928 ἣν
1278 858 1465 930 πάρει,

249 936 392 1004 Πρὸς
420 939 617 1010 μικρὸν
645 938 773 996 αὖτε
806 946 1173 1018 μακροθυμῶν
1200 950 1298 1021 τὴν
1328 951 1515 1020 φάσιν.

249 1027 390 1080 Εῖσω
420 1030 475 1082 δὲ
508 1032 705 1102 βαίνων
739 1036 836 1088 σὺν
868 1039 1017 1109 φόϐῳ
1047 1058 1106 1094 τε
1133 1043 1227 1097 καὶ
1257 1043 1431 1115 πόθῳ,

247 1118 336 1188 Τῷ
362 1123 603 1194 Δεσπότῃ
635 1143 729 1179 σου
757 1129 856 1192 τὰς
898 1135 1205 1204 προσευχάς
1235 1153 1326 1190 σου
1362 1138 1526 1194 δίδου.

248 1213 432 1280 Μηδὲν
465 1215 520 1267 δὲ
552 1218 726 1285 φάσκε
753 1221 860 1274 τῶν
903 1226 1147 1291 ματαίων
1173 1229 1268 1281 τοῦ
1301 1230 1442 1299 βίου,

247 1301 638 1374 Συντυγχάνων
667 1327 730 1376 γε
759 1315 871 1375 τοῖς
911 1316 1143 1384 φυγοῦσι
1166 1319 1256 1372 τὸν
1281 1320 1395 1389 βίον
1418 1337 1432 1351 ·

259 1392 398 1445 ’Λλλ’
427 1395 483 1446 εί
508 1414 561 1449 τι
598 1402 817 1470 σεμνὸν,
853 1403 908 1455 εί
931 1421 984 1457 τι
1010 1409 1241 1478 τερπνὸν
1285 1413 1341 1463 ὲν
1373 1410 1572 1481 λόγοις,

250 1484 344 1537 Ἱν’
378 1488 593 1556 εὐαγῶς
629 1493 861 1560 ἐνθένδε,
895 1498 986 1550 καὶ
1020 1505 1321 1572 σωτηρίως,

248 1579 420 1632 Πάλιν
452 1587 765 1661 στροφήσῃς
789 1589 867 1652 είς
898 1591 969 1643 τὰ
1003 1594 1179 1646 οἰκεῖα
1200 1595 1431 1664 τρέχων.

600 1783 725 1836 ΚΔ’.
749 1814 821 1826 --
849 1790 953 1853 Εἰς
983 1789 1123 1854 τοὺς
1156 1791 1496 1858 παριόντας.

248 1867 374 1932 Πῶς
405 1886 499 1923 σου
544 1879 753 1947 πορεύῃ
790 1895 888 1948 την
919 1880 1056 1944 ὁδὸν,
1084 1883 1225 1948 φίλε,
1269 1883 1481 1935 σκόπει*

250 1958 360 2029 Τὴν
391 1969 699 2035 πρακτικὴν
728 1969 783 2020 δὲ
809 1969 1048 2035 λεκτέον,
1082 1973 1174 2024 καὶ
1204 1975 1493 2042 γνωστέον.

248 2051 521 2122 Κρημνοὶ,
551 2056 714 2128 λόχοι,
754 2060 999 2131 θήρατρα
1037 2065 1208 2118 πολλὰ
1236 2066 1331 2119 τοῦ
1368 2067 1599 2133 Πλάνου,

249 2143 330 2194 Τὰ
358 2145 414 2197 δὲ
445 2147 650 2212 φθόνοι,
689 2151 942 2217 γέλωτες,
974 2152 1188 2225 ὕϐρεως
1215 2157 1388 2229 κόροι,

1741 481 1981 544 ΙΑΜΒΙ.

1831 593 1885 652 Α

1836 1945 1882 2003 Β

2347 591 2532 646 XXIII.
2559 620 2629 636 ο-
2655 588 2720 643 In
2753 589 3022 643 viatorem.

1907 684 2099 740 Procul
2128 684 2322 753 hospes
2352 698 2567 737 omnem
2597 681 2732 751 pelle
2757 679 3180 735 contumeliam:

1907 773 2002 828 Est
2021 790 2174 829 sacra
2199 775 2355 829 sedes
2383 773 2724 843 quannpetis,
2761 772 2954 826 domus
2988 769 3105 825 Dei.

1905 863 2196 930 Pulsaudo,
2227 880 2467 927 causam,
2501 879 2598 918 cur
2628 865 2805 927 venis,
2837 862 3098 927 edissere,

1905 953 2203 1026 Responsa,
2227 964 2349 1027 post
2375 958 2505 1024 haec,
2539 956 2786 1026 opperire
2809 954 3112 1024 paululum.

1905 1047 2040 1102 Cum
2073 1048 2238 1103 limen
2272 1048 2466 1113 intras,
2496 1047 2659 1102 misto
2685 1061 2872 1099 amore
2894 1061 3017 1099 eum
3057 1053 3223 1110 metu,

1908 1137 2175 1192 Solvenda
2205 1138 2441 1208 primum
2473 1145 2596 1191 vota
2628 1137 2706 1191 fer
2737 1136 2964 1190 Domino
2994 1136 3236 1190 omnium
3271 1153 3284 1189 :

1907 1227 2107 1284 Deinde
2135 1245 2268 1285 cave
2300 1230 2490 1284 inanes
2518 1229 2700 1284 saeculi
2745 1244 2916 1298 nugas
2953 1228 3101 1297 loqui
3132 1246 3147 1282 :

1906 1318 2089 1384 Nefas,
2123 1318 2336 1388 fugaces
2365 1334 2488 1372 cum
2521 1318 2817 1387 alloquaris
2846 1317 3029 1372 smculi
3058 1334 3072 1370 :

1910 1411 2014 1466 Sed
2038 1427 2265 1481 qumque
2295 1413 2543 1476 honesta,
2567 1426 2794 1481 quaeque
2827 1410 2972 1464 dictu
3010 1410 3217 1474 suavia,

1908 1500 2003 1564 Da,
2035 1499 2219 1564 redde,
2245 1501 2407 1554 verba
2445 1501 2692 1569 singulis,
2735 1507 2796 1553 ut
2824 1499 3114 1554 convenit:

1909 1592 1980 1648 Ut
2009 1593 2315 1648 sanctitatis
2352 1608 2415 1647 ac
2441 1593 2631 1647 salutis
2655 1593 2878 1660 praemio

1906 1685 2137 1750 Auctus,
2165 1696 2386 1756 penates
2411 1686 2604 1739 melior
2639 1685 2768 1738 hinc
2791 1691 3006 1752 repetas
3039 1692 3185 1738 tuos.

2314 1777 2499 1832 XXIV.
2527 1777 2678 1830 -ln
2707 1787 3098 1844 praetereuntes.

1908 1867 2154 1933 Attende,
2187 1869 2379 1933 amice,
2408 1868 2500 1937 qui
2533 1877 2677 1921 tuam
2703 1883 2892 1935 carpas
2913 1867 3080 1931 viam,
3141 1887 3143 1889 ·

1918 1963 2086 2030 Viam,
2110 1980 2177 2018 ne
2206 1965 2444 2029 aberres,
2477 1965 2751 2018 actionum
2786 1962 3044 2033 intelligo.

1908 2057 2171 2125 Abrupta,
2205 2057 2406 2126 laquei,
2441 2058 2687 2126 plurima:
2717 2056 2802 2109 hic
2827 2053 3041 2109 fraudes
3067 2054 3253 2108 Plani:

1909 2149 2136 2213 Invidia,
2166 2150 2328 2215 risus,
2355 2150 2640 2216 multiplex
2681 2148 2904 2216 injuria,

3327 470 3460 536 1790

1909 2240 2120 2307 Libido,
2156 2243 2330 2296 laudis
2355 2253 2408 2295 et
2441 2257 2604 2310 opum
2641 2257 2814 2307 amor,
2838 2241 3034 2307 caedes,
3060 2256 3288 2298 merum.

1909 2336 2140 2405 Rapina,
2174 2336 2520 2400 adulterium,
2546 2344 2600 2389 et
2626 2335 2768 2404 quod
2796 2344 2879 2389 cst
2909 2350 3137 2404 usquam
3175 2335 3324 2388 mali.

1910 2427 2143 2482 Deflecte
2178 2429 2366 2497 procul
2401 2428 2505 2492 his,
2534 2443 2602 2482 ne
2631 2428 2780 2499 gravi
2818 2428 2969 2496 lapsu
3005 2443 3153 2481 ruas.

1910 2520 1966 2574 Si
1995 2522 2184 2575 cadere
2211 2521 2454 2590 contigit,
2479 2521 2626 2590 erige
2650 2521 2919 2588 extemplo
2942 2519 3172 2588 gradum
3206 2536 3220 2572 :

1909 2612 2046 2668 Nam
2077 2624 2129 2668 te
2158 2614 2369 2668 voracis
2404 2613 2669 2681 supplicia
2705 2612 2934 2665 flammae
2966 2620 3202 2664 manent.

2107 2705 2273 2760 XXV.
2304 2737 2373 2747 —-
2401 2706 2742 2776 Epigramma
2773 2705 2828 2758 in
2855 2703 3255 2757 monasterium.

1911 2800 2098 2870 Gregis
2138 2801 2399 2869 auspicati
2426 2801 2549 2867 jure
2588 2815 2672 2853 me
2705 2801 2914 2852 caulam
2942 2811 3125 2851 voces.

1915 2893 2045 2946 Sum
2070 2908 2306 2962 namque
2337 2891 2511 2945 lucem
2543 2889 2835 2960 praeeuntis
2860 2887 3166 2954 Prodromi,

1913 2984 2118 3038 OVIIIIIS
2158 2983 2353 3038 referta
2383 2982 2583 3036 mentis
2604 2997 2707 3035 usu
2735 2979 2996 3049 prreditis,

1914 3075 2079 3141 Queis
2109 3075 2214 3128 vita
2245 3073 2456 3136 caelebs,
2490 3073 2681 3126 civitas
2711 3085 2929 3125 sursum
2956 3076 3039 3122 est
3069 3065 3248 3138 polus.

1914 3165 2228 3221 Communis
2252 3179 2442 3219 omnes
2471 3166 2637 3217 nectit
2660 3178 2814 3216 amor
2839 3176 2903 3214 ac
2930 3159 3190 3228 Singulas,

1845 3295 1887 3351 ε
1917 3257 2242 3326 Nullumque
2266 3257 2521 3324 cuiquam
2545 3254 2823 3322 proprium
2857 3261 2941 3306 est
2968 3249 3251 3318 peculium.

1923 3350 2023 3404 Sed
2065 3364 2168 3404 una
2197 3347 2408 3402 cunctis
2430 3362 2573 3409 sors,
2605 3344 2698 3398 Dei
2723 3342 3017 3412 possessio.

1919 3441 2092 3507 Quam
2121 3447 2272 3493 tutus
2303 3438 2430 3501 illis,
2467 3451 2631 3507 quam
2659 3435 2796 3488 levis
2816 3448 3009 3487 cursus
3054 3430 3191 3498 ﬂuit,

1918 3531 2021 3597 Qui
2051 3529 2374 3585 ccenobiacis
2403 3528 2613 3596 legibus
2652 3526 2817 3580 vitam
2859 3531 3054 3593 regunt

2334 3617 2524 3672 XXVI.
2550 3648 2620 3660 ——
2647 3613 2712 3670 In
2742 3616 3054 3686 jant'torem.

1915 3709 2036 3780 Jugi
2064 3725 2158 3780 per
2189 3709 2352 3763 horas
2379 3706 2609 3769 excuba,
2640 3705 2738 3769 ﬁli,
2766 3712 2946 3758 metu:

1919 3801 2029 3855 Hac
2059 3813 2211 3852 sacer
2235 3797 2414 3851 aditus
2441 3803 2523 3848 est
2547 3793 2840 3861 exitusque
2868 3789 3054 3859 ianua.

1917 3889 2276 3960 Cape,-redde
2303 3902 2486 3950 voces,
2519 3899 2626 3953 qua
2653 3884 2806 3940 decet
2849 3881 3158 3953 prudentia,

1917 3981 2043 4035 Haec
2063 3981 2178 4034 sola
2201 3979 2460 4040 neferens,
2494 3976 2736 4030 nuntiari
2778 3991 2899 4044 quae
2921 3975 3106 4044 juvet:

1918 4072 2136 4126 Diversa
2160 4070 2350 4132 retice,
2370 4068 2526 4138 queis
2557 4069 2742 4139 subest
2768 4067 3090 4136 periculum,

1916 4163 2088 4229 Intus,
2127 4163 2386 4231 forisque,
2419 4161 2753 4221 domesticis,
2780 4159 3086 4226 extraneis,

1916 4256 2201 4318 Claudens,
2233 4253 2480 4322 aperiens
2506 4252 2755 4320 tempori,
2784 4266 2883 4305 ceu
2922 4251 3191 4306 convenit.

1918 4348 2226 4417 Stipemque
2242 4360 2412 4415 egeno
2439 4344 2639 4407 divide,
2666 4353 2761 4397 aut
2789 4343 2969 4398 verbis
3002 4340 3145 4398 fave.

1917 4436 2010 4489 Sic
2034 4435 2126 4489 tibi
2153 4445 2340 4503 parata
2370 4443 2583 4487 mortuo
2612 4449 2818 4487 merces
2857 4434 2979 4487 erit.

1913 4525 2127 4582 XXVII.
2157 4557 2226 4567 -—-
2247 4524 2309 4578 In
2355 4525 2576 4593 fratrem
2603 4526 2692 4604 qui
2732 4524 3091 4590 proﬁciscitur
3119 4522 3188 4576 ad
3237 4524 3463 4578 ministe-

2612 4610 2771 4647 rrum.

1917 4688 2038 4750 Fili,
2075 4687 2389 4756 priusquam
2415 4683 2659 4755 proferas
2690 4685 2846 4740 tectis
2872 4683 3085 4754 pedem,

1913 4781 2102 4836 Crucis
2141 4780 2276 4833 adde
2307 4778 2566 4832 membris
2593 4778 2850 4832 erunibus
2878 4777 3214 4846 signaculum
3245 4797 3259 4830 :

1916 4867 2053 4923 Tum
2082 4884 2240 4938 perge
2272 4876 2417 4920 recta
2450 4867 2713 4936 quidquid
2746 4875 2828 4922 est
2851 4882 2960 4934 quo
2989 4868 3240 4930 mitteris,

1915 4960 2197 5028 Humoque
2224 4961 2386 5014 fixum
2427 4975 2631 5030 pronus
2661 4959 2911 5013 obtutum
2947 4974 3091 5028 gere,

1914 5052 2187 5115 Psalmos,‘
2207 5067 2501 5121 precesque
2538 5060 2720 5104 mutua
2746 5051 3019 5105 alternans
3047 5051 3161 5106 vice
3186 5065 3202 5104 :

1914 5143 2176 5197 lmmunis
2206 5151 2264 5195 ut
2286 5143 2362 5196 sis
2395 5142 2597 5195 urbicis
2627 5142 2904 5210 periculis.

1914 5233 2059 5304 Fuge
2082 5234 2359 5287 obviantes
2382 5233 2670 5286 convenire
2705 5232 2936 5286 Γειιιίηιιδ
2966 5248 2979 5284 :

1914 5324 2043 5381 Post
2080 5327 2190 5379 haec
2221 5337 2469 5379 reversus
2497 5325 2671 5385 ocius,
2703 5324 2848 5378 domi
2885 5339 3064 5386 mane,

1917 5417 1991 5472 Ne
2022 5432 2173 5471 more
2209 5416 2371 5485 piscis
2403 5425 2553 5469 extra
2583 5430 2777 5483 aquam
2805 5430 2926 5467 mox
2953 5415 3187 5469 occidas.

1039 5527 1112 5596 τα
1153 5511 1416 5580 ἀδελφὸν
1457 5514 1572 5567 ἀπὸ
1619 5515 1816 5571 διακο.
1914 5508 2152 5563 XXVIII.
2203 5539 2270 5549 ——-
2313 5507 2373 5561 In
2422 5508 2644 5576 fratrem
2693 5507 2781 5585 qui
2849 5508 3136 5560 revertitur
3167 5524 3196 5560 (ι
3233 5509 3455 5561 ministe-

989 5593 1141 5644 νίας,
2662 5593 2760 5630 no.

261 5662 436 5714 Πάλιν
465 5666 792 5734 στροφήσας,
817 5684 1022 5734 τεκνον,
1059 5671 1122 5722 ἐκ
1148 5671 1244 5741 τῆς
1277 5674 1572 5743 φροντίδος,

1533 5692 1572 5737 ;,
1912 5669 2083 5740 Opere
2114 5679 2328 5738 peracto
2366 5685 2488 5723 cum
2530 5670 2691 5735 redis,
2726 5668 2822 5738 Illi,
2859 5671 3100 5740 domum,

1494 5784 1722 5838 VARIA'I
1764 5778 2162 5839 LECTIONES.

975 5887 995 5913 ε
1030 5875 1161 5930 Cod.
1190 5876 1318 5947 Reg.
1359 5879 1681 5949 προταγοῦς.
1757 5878 1781 5919 ἀ
1803 5878 1932 5934 Cod.
1965 5875 2095 5945 Reg.
2131 5872 2298 5938 λείας.

249 2233 504 2303 Πορνεία,
532 2238 673 2304 δόξα,
708 2244 1003 2312 χρημάτων
1038 2246 1196 2317 ἔρως,
1227 2248 1398 2314 φόνοι,

248 2324 426 2393 Μέθη,
457 2327 650 2398 κλοπὴ,
685 2333 920 2400 μοιχεία,
950 2338 1041 2387 καὶ
1087 2338 1193 2388 πᾶν
1223 2338 1348 2390 ἄλλο
1392 2357 1463 2404 τι,

248 2416 341 2485 Μὴ
376 2424 694 2491 προσπαρῇς
725 2441 848 2487 που,
985 2427 1156 2497 πέσῃς
1204 2429 1406 2498 πτῶμα
1444 2431 1586 2500 μέγα
1619 2432 1666 2485 1³.

251 2507 368 2559 Κᾶν
395 2512 760 2584 συμῦέϐηκεν,
790 2516 1057 2580 ὲξανάστα
1104 2519 1182 2585 τῷ
1211 2523 1364 2590 τάχει
1383 2539 1397 2553 ⁸

262 2598 418 2652 Ἐπεὶ
447 2605 616 2673 πυρὸς
647 2607 764 2675 δίκη
794 2624 851 2659 σε
898 2611 1197 2679 παμφάγου
1233 2616 1401 2683 μένει.

465 2694 592 2750 KE’.
627 2725 696 2734 --
737 2698 1102 2769 Ἐπίπβαμμα
1133 2706 1218 2768 εἰς
1255 2704 1367 2772 τὴν
1384 2705 1602 2775 μονήν.

253 2783 554 2853 Προαύλιον
573 2789 784 2857 πέφηνά
804 2792 1038 2862 ποίμνης
1070 2796 1275 2858 αἱσίας.

253 2875 360 2958 To?
392 2879 723 2946 φεροταγοῦς
753 2891 774 2919 ο
805 2883 911 2952 γάρ
944 2886 1057 2954 εἰμι
1096 2887 1572 2958 φωτοπροδρόμου,

254 2968 392 3030 Δίας
418 2966 445 3006 ά
468 2970 697 3037 λογικῶν
725 2973 1055 3043 θρεμμάτων
1098 2979 1510 3050 πεπλησμένης,

255 3051 361 3110 Ὠν
392 3061 504 3129 βίος
529 3063 685 3128 ἄζυξ,
718 3059 793 3118 ὧν
824 3067 977 3128 πόλις
1008 3068 1176 3137 ὕψους
1219 3073 1399 3134 πόλος,

256 3143 359 3201 ’Ὧν
387 3153 492 3214 πᾶς
519 3152 745 3218 ἕκαστος
769 3159 860 3209 καὶ
889 3158 1076 3221 καθεὶς
1110 3158 1253 3225 ἅπαξ
1286 3162 1457 3232 πόθῳ,

256 3236 359 3295 ⁷ον
388 3237 594 3309 οὗτινός
620 3265 671 3299 τι
703 3249 794 3301 τοῦ
833 3267 895 3317 γε
942 3252 1157 3304 πάντων
1187 3256 1500 3322 κτημάτων.

258 3336 478 3407 κλῆρος
519 3338 624 3409 γὰρ
651 3342 835 3402 αὐτοῖς
865 3344 896 3411 ἡ
927 3343 1060 3396 Θεοῦ
1104 3345 1288 3414 σχέσις
1321 3346 1476 3416 μόνη.

268 3423 361 3489 Ὠς
381 3428 644 3500 ἀσφαλὴς,
677 3431 751 3493 ὡς
781 3432 968 3495 ἐσθλὸς
1015 3435 1239 3503 ἦνυσται
1269 3435 1486 3504 δρόμος,

257 3517 380 3570 Τῶν
409 3520 765 3583 κοινοϐιακῶς
799 3524 1091 3592 πανταχῶς
1138 3525 1434 3592 ὲζηςιὸτων.

628 3614 770 3679 ΚΕΓ.
802 3644 871 3654 --
893 3617 996 3679 Εὶς
1027 3614 1134 3666 τὸν
1153 3617 1454 3683 πυλωρόν.

261 3701 413 3754 Ἐσω
451 3707 740 3774 παρεστὼς
763 3703 1020 3774 ἔνθαπερ,
1046 3701 1256 3770 τέκνον,
1283 3707 1430 3778 φόόῳ
1456 3721 1470 3736 ο

256 3794 414 3864 Πὺλη
447 3795 558 3865 γάρ
586 3795 704 3848 ἐστι
734 3796 884 3860 θείας
908 3797 1256 3861 είσοδεξόδου.

261 3886 440 3948 Δίδου,
472 3886 647 3956 δέχοιο
678 3888 776 3951 τὰς
799 3890 987 3956 φάσεις
1015 3892 1072 3941 ἐν
1099 3889 1402 3959 συγκρίσει,

261 3975 527 4044 Ἀγγελλε
551 3977 722 4030 ταῦτα
762 3980 869 4031 τῶν
897 3982 996 4033 ὅσα
1025 3983 1231 4051 πρέπον
1260 3981 1442 4049 φάναι,

257 4067 395 4134 Σίγα
426 4066 469 4117 δ’
495 4069 680 4120 ἐκεῖνα
709 4069 817 4121 τῶν
851 4072 948 4124 ὅσα
983 4071 1184 4142 βλάϐην
1218 4073 1395 4143 φέρει,

256 4157 383 4220 Τοῖς
415 4158 584 4222 ἔνδον,
613 4159 736 4225 ἔξω,
769 4161 870 4215 κᾶν
909 4164 1177 4231 ἀδελφοῖς,
1214 4164 1316 4216 κᾶν
1354 4164 1543 4229 ξένοις,

255 4248 493 4313 Κλείων,
529 4250 758 4317 ἀνοίγων
788 4253 924 4320 πρὸς,
946 4254 1002 4304 δὲ
1042 4254 1247 4322 καιρὸν,
1277 4249 1356 4318 οἷς
1391 4256 1639 4323 πρέπειν.

254 4339 469 4409 Πτώχῳ
492 4357 549 4391 τε
580 4342 766 4409 χρείαν
818 4347 1000 4412 νεῖμον
1026 4361 1039 4375 ο
1067 4346 1114 4396 εί
1143 4345 1196 4397 δὲ
1235 4346 1330 4414 μὴ,
1367 4347 1544 4414 λόγον.

253 4430 589 4502 Οὕτως-γὰρ
619 4434 757 4496 ἕξεις
787 4436 975 4502 μισθὸν
1004 4439 1060 4488 ἐν
1099 4441 1459 4508 παραστάσει.

329 4520 456 4575 ΚΖ’.
488 4552 560 4562 -
581 4525 682 4588 Εἰς
714 4527 1122 4612 ἀπερχόμενον·
1162 4529 1425 4599 ἀδελφὸν
1441 4533 1525 4596 είς
1548 4531 1738 4585 διακο-

961 4614 1118 4651 γιαν.

253 4683 396 4751 Πρὶν
428 4683 734 4753 ὲκπορεύσῃ
764 4685 861 4756 τὴν
882 4687 1055 4758 πύλην
1089 4689 1308 4758 ταύτην,
1335 4691 1512 4755 τέκος,

253 4772 537 4841 Σφραγῖδα
571 4775 824 4844 προσθεὶς
864 4781 942 4840 είς
972 4779 1115 4832 ἅπαν
1151 4781 1345 4850 μέλους
1370 4784 1570 4836 ’τόπον⁸

258 4864 371 4917 Ἴθι
399 4864 534 4931 πρὸς
562 4865 740 4936 ἇσπερ
764 4869 1111 4939 ἐξεπέμφθης
1127 4873 1431 4940 φροντίδας,

254 4955 430 5008 Κάτω
461 4957 725 5021 νενευκὼς
752 4961 1117 5029 ἐξωθούμενος
1151 4962 1374 5031 βλάϐας,

254 5048 511 5117 Ψαλμὸν,
547 5052 850 5122 προσευχὴν
884 5057 1001 5106 ταῖν
1033 5056 1173 5108 δυοῖν
1213 5055 1269 5106 ἒν
1307 5052 1641 5126 προσλέγων,

256 5141 367 5202 Τάς
395 5140 713 5202 ἀστικώδεις
744 5144 1108 5214 ὲξωθούμενος
1140 5147 1358 5216 βλάϐας.

253 5233 486 5299 Φεύγοις
514 5233 726 5300 γυναιξὶ⁸
752 5240 1140 5307 συστραφῆναι,
1164 5240 1264 5293 κᾶν
1289 5241 1427 5312 τύχῃ
1452 5255 1467 5270 ⁸

255 5324 532 5393 Στραφεὶς
561 5326 616 5376 δὲ
645 5328 797 5397 τάχει
830 5330 926 5399 τῆς
953 5333 1116 5401 μονῆς
1157 5333 1287 5384 εἴσω
1316 5334 1463 5401 μένε,

254 5415 352 5482 Μὴ
375 5414 560 5486 ὥσπερ
601 5419 750 5486 ἰχθὺς
772 5419 926 5482 ἄλλος
961 5433 983 5458 ε
1015 5422 1213 5487 ἔξωθεν
1252 5424 1436 5494 θάνῃς.

256 5502 397 5555 KH'.
427 5533 497 5544 —
526 5506 628 5571 Είς
656 5508 1112 5575 ὑποστρέφοντα
1153 5511 1416 5580 ἀδελφὸν
1457 5514 1572 5567 ἀπὸ
1619 5515 1816 5571 διακοο

1846 4638 1891 4694 υ

338 5867 364 5905 δ
389 5868 518 5922 Cod.
552 5869 681 5940 Reg.
726 5870 894 5934 ξένον.
975 5887 995 5913 ε
1030 5875 1161 5930 Cod.
1190 5876 1318 5942 Reg.
1359 5879 1681 5942 προταγοῧς.
1757 5878 1781 5919 ἀ
1803 5878 1932 5934 Cod.
1965 5875 2095 5942 Reg.
2131 5872 2298 5938 λείας.
2400 5885 2420 5912 ε
2464 5873 2502 5942 ί.
2534 5874 2677 5938 ἁλός.
