3968 6462
523 390 656 454 1791

517 503 588 560 Ut
619 500 884 560 membra.
917 508 1149 553 mentem
1181 498 1261 552 sic
1295 512 1485 567 vagam
1523 495 1796 564 recollige,

515 596 683 647 lnane
707 600 766 645 ut
792 591 936 644 intro
964 589 1040 642 nil
1075 590 1217 642 feras
1248 590 1613 654 extrinsecus,

517 684 621 738 Sed
653 683 836 753 gravia
867 689 1098 740 tantum,
1129 695 1228 734 nec
1265 679 1369 733 nisi
1398 678 1724 732 rectoribus.

514 778 656 830 Cave
687 790 814 845 ergo
855 773 1041 828 mundi
1066 772 1247 828 futiles
1278 787 1447 843 nugas
1486 771 1656 841 loqui,

515 868 660 933 Vidi,
693 868 923 931 comedi,
950 874 1061 918 tum
1092 866 1194 919 hoc
1221 873 1275 919 et
1310 863 1442 918 illud
1479 864 1687 927 incidit,

513 961 624 1012 Aut
654 958 768 1011 hac
799 966 852 1010 et
879 957 968 1011 illa
1009 956 1103 1010 tibi
1126 956 1214 1009 hic
1238 955 1321 1010 vel
1347 956 1436 1010 ille
1459 955 1692 1009 nuntiat.

514 1050 647 1104 Nam
673 1050 718 1104 si
750 1049 906 1103 hisce
932 1049 1094 1103 dictis
1119 1048 1425 1117 proximum
1469 1047 1822 1111 subverteris,

517 1140 664 1196 Diris
696 1141 974 1209 prophetae
1005 1139 1295 1203 obnoxius,
1318 1153 1507 1208 pinnas
1532 1138 1705 1192 dabis.

805 1229 994 1284 XXIX.
1023 1261 1095 1271 —
1116 1229 1182 1283 In
1213 1230 1524 1297 hospitalem
1561 1231 1772 1283 domum

513 1319 631 1386 Eia,
672 1321 928 1390 hospitali
961 1323 1159 1377 lectulo
1190 1322 1486 1385 succedite,

513 1410 650 1465 Boni
685 1413 919 1474 viantes,
950 1428 1090 1482 quos
1121 1413 1218 1467 via:
1245 1413 1410 1482 fregit
1440 1413 1634 1467 labor:

511 1501 609 1557 His
635 1517 732 1558 vos
769 1505 969 1559 reiicite
1000 1504 1204 1559 lautius
1228 1519 1349 1574 quae
1380 1503 1614 1573 praebeo,

512 1592 688 1663 Fruge
710 1597 945 1664 expetita
973 1596 1156 1650 cordis
1187 1597 1252 1649 ad
1279 1595 1558 1658 solatium,

519 1684 760 1754 Vinoque
788 1687 935 1741 dulci
969 1687 1269 1755 proﬂuente
1296 1687 1542 1756 largiter,

512 1777 579 1831 Et
602 1788 772 1843 veste,
815 1780 957 1833 vires
987 1794 1108 1848 quae
1141 1779 1393 1833 retundat
1421 1779 1663 1848 frigoris.

511 1868 638 1925 Haec
661 1879 808 1933 sunt,
841 1871 1024 1933 amici,
1063 1886 1185 1940 quae
1220 1869 1569 1940 Theognosto
1599 1871 1756 1934 mihi,

511 1960 594 2014 Ex
618 1961 856 2015 conditis
883 1977 1108 2016 suarum
1138 1961 1479 2017 inexhaustis
1502 1977 1687 2031 opum,

511 2055 682 2123 Opum
713 2054 946 2109 tributor
972 2069 1067 2108 rex
1097 2069 1252 2109 meus
1277 2054 1530 2109 Christus
1552 2054 1722 2112 dedit.

510 2145 590 2197 Illi
618 2161 748 2214 ergo
778 2154 960 2217 grates
991 2146 1088 2215 qui
1118 2145 1304 2200 orbem
1339 2147 1433 2201 alit
1465 2147 1794 2215 persolvite:

512 2235 640 2289 Mihi
672 2245 758 2290 sat
786 2251 1083 2305 superque,
1116 2235 1161 2289 si
1189 2251 1379 2304 preces
1407 2236 1722 2305 rependitis,

512 2322 582 2378 Ut
613 2324 901 2394 hospitalis
931 2341 1028 2395 pro
1059 2327 1263 2381 laboris
1291 2342 1536 2393 munere,

510 2419 570 2472 In
602 2420 894 2474 Abrahami
928 2427 1232 2491 consequar
1257 2423 1381 2476 sinu
1412 2423 1614 2477 locum.

834 2511 1002 2567 XXX.
1038 2543 1108 2554 —
1137 2513 1205 2568 In
1236 2526 1450 2569 sanctas
1487 2516 1765 2584 imagines.

510 2599 710 2655 Christi
740 2613 823 2656 est
858 2603 1058 2673 imago,
1090 2619 1254 2673 quam
1287 2606 1457 2671 vides,
1491 2615 1654 2676 atque
1686 2607 1799 2661 haec
1841 2605 1936 2660 tibi

509 2689 747 2746 Dicenda
781 2692 1033 2750 Christus
1059 2695 1196 2764 ipsa,
1229 2711 1414 2751 verum
1449 2698 1792 2769 homonyme.

512 2781 714 2837 Natura
737 2785 924 2854 dispar
949 2796 1052 2850 est,
1081 2789 1223 2844 idem
1269 2790 1618 2845 vocabulum.

515 2877 802 2947 Utriusque
825 2879 1003 2935 cultus
1036 2882 1202 2942 idem,
1245 2882 1436 2936 eadem
1471 2883 1738 2938 adoratio.

511 2968 660 3023 Hanc
690 2984 819 3039 ergo
849 2970 1042 3025 adorat
1079 2972 1351 3041 quisquis,
1388 2982 1445 3028 et
1484 2973 1758 3029 Christum
1783 2977 1929 3032 colit.

509 3059 612 3124 Qui
642 3076 748 3114 non
777 3061 985 3125 adorat,
1018 3061 1161 3116 idem
1191 3072 1244 3116 et
1271 3063 1390 3132 ejus
1415 3063 1590 3120 hostis
1617 3076 1720 3122 est.

509 3151 676 3220 Cujus
705 3152 932 3222 ﬁguram
957 3155 1161 3218 carnis,
1187 3169 1504 3223 expressam
1540 3165 1690 3228 typo,

509 3241 649 3309 Coli,
683 3243 871 3298 furore
908 3246 1109 3300 mentis
1141 3247 1336 3302 insano
1373 3255 1537 3302 vetat.

1046 3336 1240 3392 XXXI.
1261 3370 1328 3382 -
1350 3339 1528 3396 Aliud.

508 3426 566 3483 Si
592 3443 790 3498 corpus
821 3430 998 3499 ipsum
1030 3432 1229 3487 Christi
1255 3434 1524 3489 edendum
1551 3437 1840 3504 sumimus,

509 3517 645 3573 Vita:
673 3530 948 3589 parentem
980 3523 1354 3579 combibentes
1380 3527 1698 3596 sanguinem
1727 3546 1743 3595 ;

511 3609 716 3665 Pictum
750 3612 804 3665 in
836 3613 1026 3667 tabella
1055 3630 1154 3670 cur
1183 3615 1336 3671 nefas
1371 3620 1678 3685 ostendere,

508 3699 677 3770 Cujus
704 3703 883 3773 reipsa
913 3719 1114 3774 corpus
1138 3706 1316 3776 ellingi
1355 3712 1572 3778 potest?

510 3791 644 3847 Nam
678 3802 945 3862 quatenus
980 3796 1212 3865 simplex
1239 3799 1490 3867 quidem,
1527 3817 1635 3857 non
1682 3806 1955 3876 pingitur:

512 3882 605 3938 Sic
639 3899 874 3952 namque
907 3885 1046 3939 Deus
1076 3895 1177 3950 est,
1209 3888 1329 3955 capi
1359 3889 1478 3944 loco
1510 3896 1718 3962 nequit.

509 3973 578 4028 At
610 3985 878 4044 quatenus
915 3988 1153 4031 nostram
1189 3979 1364 4034 induit
1401 3983 1784 4052 substantiam,

510 4062 686 4117 lIomo
709 4074 811 4129 est,
841 4075 894 4119 et
920 4066 1008 4120 illa
1032 4074 1184 4135 parte
1207 4069 1705 4138 circumscribitur,

508 4151 767 4208 Naturam
793 4165 1078 4226 utramque
1101 4158 1203 4213 rite
1223 4160 1513 4215 discretam
1545 4181 1756 4234 gerens,

513 4240 740 4313 Unaque
774 4253 1033 4301 constans
1064 4250 1396 4318 sempiterna
1431 4252 1728 4321 hypostasi.

510 4336 829 4405 Quicunque
860 4335 1037 4393 Verbo
1079 4342 1253 4396 reddit
1287 4343 1371 4398 his
1400 4346 1606 4398 cultum
1647 4348 1847 4412 modis,

509 4425 808 4482 Germanus
834 4429 923 4483 ille
952 4429 1115 4486 {tctus
1154 4441 1235 4487 est
1267 4434 1537 4491 Ecclesiae.

509 4519 614 4583 Qui
647 4520 810 4574 sentit
836 4520 1010 4584 aliter,
1040 4537 1070 4575 a
1097 4521 1208 4576 Deo
1234 4539 1459 4582 aversus
1509 4541 1737 4584 manete

1051 4612 1263 4668 XXXII.
1295 4647 1363 4656 -—
1388 4617 1572 4673 Aliud.

509 4701 740 4757 Pictoris
762 4712 878 4758 arte
909 4705 1224 4774 perpolitam
1256 4707 1566 4777 imaginem,

509 4793 670 4848 Omni
699 4795 950 4849 decoram
983 4797 1153 4866 gratia
1179 4802 1272 4868 qui
1298 4800 1544 4864 cernitis,

512 4885 814 4954 Spectando
840 4885 1073 4942 fructum
1094 4905 1252 4957 quem
1281 4890 1432 4946 decet
1463 4891 1755 4963 decerpitc,

508 4977 872 5048 Animumque
903 4995 1096 5036 causas
1117 4981 1242 5036 hinc
1263 4983 1330 5036 ad
1362 4984 1504 5052 ipsas
1525 4987 1713 5041 tollite.

509 5068 644 5123 Nam
683 5071 841 5126 clara:
873 5072 1048 5142 imago
1097 5076 1246 5129 vocis
1277 5077 1448 5130 instar
1492 5092 1786 5146 personat:

510 5162 660 5217 Meus
688 5162 863 5217 honor
884 5167 1080 5231 omnis,
1118 5167 1286 5236 gloria
1317 5179 1400 5224 est
1431 5170 1590 5238 primi
1619 5176 1723 5244 typi
1747 5216 1760 5238 ,

511 5249 679 5315 Quem
709 5262 922 5321 propter
945 5255 1069 5320 ista,
1100 5259 1370 5317 memoria:
1387 5275 1568 5326 causa,
1601 5266 1799 5329 exstiti,

511 5341 764 5411 Magistra
787 5353 1079 5416 custosque
1111 5350 1354 5403 omnium
1385 5353 1478 5421 qui
1506 5369 1589 5408 me
1621 5357 1804 5412 colunt
1841 5379 1852 5412 :

511 5435 599 5495 At,
653 5435 827 5488 colere
857 5438 948 5504 qui
975 5453 1062 5492 me
1099 5451 1360 5508 respuunt
1393 5444 1691 5516 analogice,

512 5523 828 5582 Ilaareditate
861 5531 1047 5586 cmlica
1073 5536 1260 5602 procul
1294 5551 1532 5593 movens.

1017 5622 1252 5678 XXXIII.
1284 5658 1352 5667 —-
1378 5628 1560 5684 Aliud.

516 5711 641 5766 Sine
668 5728 829 5768 carne
859 5715 1108 5773 Christus
1133 5720 1260 5773 dum
1301 5720 1419 5785 fuit,
1453 5739 1559 5778 non
1597 5726 1682 5781 hic
1712 5739 1824 5784 erat
1853 5750 1864 5785 :

517 5802 686 5857 Ilomo
720 5806 916 5872 nullus,
950 5809 1122 5878 inquit
1148 5813 1373 5876 scilicet,
1402 5815 1533 5869 vidit
1565 5815 1728 5872 Deum
1762 5840 1772 5873 :

626 5890 643 5928 ί
673 5891 732 5943 F.
763 5893 1140 5968 λαμῦἀνωμεν.
1247 5903 1270 5939 ⁸
1308 5901 1366 5956 F.
1401 5904 1660 5969 δείξομεν.

1694 385 1753 445 S.
1790 379 2175 443 THEODORI
2218 376 2562 440 STUDITIE

2106 496 2155 551 Α
2185 491 2488 560 Σύστρεψον
2517 487 2674 550 εὐθὺς
2709 485 2870 554 σαρκὶ
2897 485 2989 539 καὶ
3016 483 3139 536 νοῦν
3167 499 3258 536 σου
3289 481 3510 545 πλάνον,

2183 584 2401 636 Είκαῖον
2429 581 2581 634 οὐδὲν
2610 578 2757 631 ἔνδον
2785 575 2984 643 ἔξωθεν
3015 575 3216 645 φέρων,

2195 669 2331 724 Ἀλλ’
2354 671 2406 723 εί
2429 687 2482 722 τι
2512 667 2725 738 σεμνὸν,
2754 667 2846 718 καὶ
2885 666 2944 718 τὸ
2978 667 3088 726 τοῖς
3124 662 3550 733 πρωτοστάταις.

2179 765 2349 832 Λόγον
2373 763 2481 833 γὰρ
2509 763 2568 814 οὐ
2593 761 2698 829 φὴς
2721 759 2819 828 τῆς
2845 756 3292 828 ματαιοκοσμίας,

2182 853 2353 919 Εἶδον,
2384 854 2632 924 βέϐρωκα
2657 868 2669 882 ·
2699 853 2794 904 καὶ
2817 852 2898 913 τὸ,
2926 849 3022 903 καὶ
3048 849 3110 901 τὸ
3141 848 3396 917 τυγχάνει
3415 861 3428 874 °

2181 949 2288 1000 Καὶ
2316 945 2444 1014 γοῦν
2467 947 2579 1007 ὅτις
2617 943 2711 996 καὶ
2747 942 2890 994 τίσδε
2921 943 3087 1009 φωνεῖ
3115 957 3196 992 σοι
3234 938 3380 992 τάδε.

2193 1036 2524 1107 Ἀνατροπὴν
2559 1034 2667 1103 γὰρ
2695 1033 2869 1086 τοῖσδε
2895 1030 3094 1101 κιρνῶν
3121 1029 3198 1098 τῷ
3227 1029 3412 1092 πέλας,

2194 1132 2353 1202 Ἀρᾶς
2389 1129 2666 1199 προφήτου
2692 1125 3052 1197 χρηματίζεις
3075 1122 3243 1187 ἄξιος.

2503 1221 2634 1274 ΚΘ’.
2668 1251 2736 1261 -
2751 1220 2852 1283 Είς
2870 1217 2939 1270 τὸ
2964 1213 3358 1282 ξενοδοχεῖον.

2180 1313 2444 1383 Προϐἄτε,
2473 1311 2646 1372 δεῦτε,
2671 1313 2738 1382 τῇ
2767 1308 3045 1378 ξενιζούσῃ
3073 1307 3262 1376 στέγῃ,

2182 1405 2405 1473 ’Ἄνδρες
2431 1404 2713 1472 πορευταὶ,
2741 1403 2853 1462 τοῖς
2891 1399 3070 1460 πόνοις
3097 1394 3458 1465 κεκμηκότες,

2178 1495 2577 1575 Μετεκλᾴδοιτε
2608 1495 2716 1546 τῶν
2749 1493 2900 1563 ἐμῶν
2933 1492 3294 1563 ξενισμὰτων,

2180 1593 2378 1660 Ἀρτου
2405 1587 2664 1657 ποθητοῦ,
2695 1586 2788 1640 τοῦ
2829 1586 3122 1657 τρέφοντος
3167 1582 3412 1654 καρδίαν,

2178 1683 2349 1736 Ποτοῦ
2379 1679 2652 1750 γλυκείου,
2682 1683 2777 1732 τοῦ
2809 1680 3026 1749 ῥέοντος
3053 1676 3319 1746 ἀφθόνως,

2177 1773 2584 1843 Σκεπασμάτων
2636 1788 2696 1823 τε
2733 1769 2842 1822 τῶν
2869 1768 3072 1839 ψύχους
3099 1766 3414 1836 ἀλλοτρίων.

2106 1845 2151 1901 Β
2179 1866 2249 1918 ’Ἀ
2280 1882 2368 1934 μοι
2397 1864 2638 1933 παρέσχε
2668 1860 2745 1932 τῷ
2773 1858 3121 1929 Θεογνώστῳ,
3161 1859 3323 1927 φίλοι,

2187 1956 2280 2008 Ἐκ
2311 1954 2418 2008 τῶν
2444 1954 2725 2007 πανόλκων
2757 1952 2972 2024 δωρεῶν
3007 1949 3172 2005 αὐτοῦ
3216 1950 3394 2020 χάριν,

2190 2049 2245 2100 Ὀ
2267 2045 2541 2114 Δεσπότης
2573 2062 2672 2114 μου
2705 2043 2958 2112 Χριστὸς,
2986 2044 3014 2094 ὁ
3041 2041 3469 2110 πλουτοὸρύτης.

2187 2136 2636 2204 Ἐπευλογοῦντες
2669 2136 2850 2199 αὑτὸν,
2883 2135 2957 2196 ὡς
2987 2133 3374 2204 κοσμοτρόφον.

2176 2233 2358 2303 Κὰμοὶ¹
2391 2230 2697 2302 προσευχὴν
2721 2226 3120 2288 ἀντιποιοῦντες
3168 2226 3344 2296 μόνον,

2178 2327 2363 2386 Ὅπως
2400 2322 2609 2375 ἐκεῖθεν
2639 2319 2716 2390 τῷ
2741 2319 3003 2390 φιλοξένῳ
3033 2318 3238 2387 τρόπῳ,

2175 2416 2312 2479 Τοὺς
2350 2413 2600 2485 Ἀϐραὰμ
2627 2413 2845 2483 τύχοιμι
2876 2411 3109 2475 κόλπους
3141 2409 3399 2462 εἰσδύναι.

2575 2507 2653 2559 Λ’.
2684 2536 2753 2545 --
2780 2502 2883 2569 Είς
2904 2504 3077 2574 ἁγίας
3106 2501 3364 2566 εἰκόνας.

2176 2599 2387 2669 Ἤνπερ
2417 2597 2631 2668 βλέπεις
2655 2595 2858 2659 εἰκόνα,
2891 2593 3126 2665 Χριστοῦ
3169 2595 3447 2662 τυγχάνει,

2174 2691 2402 2761 Χριστὸν
2425 2689 2482 2744 δὲ
2516 2689 2721 2761 καύτὴν
2745 2686 2915 2752 λέξον,
2947 2685 3061 2739 ἀλλ’
3087 2686 3414 2755 ὁμωνύμως.

2174 2784 2375 2853 κλήσει
2403 2783 2510 2852 γάρ
2541 2783 2654 2833 ἐστι
2695 2778 2982 2848 ταυτότης,
3011 2776 3127 2830 ἀλλ’
3160 2777 3219 2828 οὐ
3249 2774 3430 2844 φύσει.

2186 2875 2408 2943 Ἀμφοῖν
2437 2873 2494 2925 δὲ
2522 2870 2892 2939 προσκύνησις
2914 2869 3186 2938 ἀσχίστως
3227 2869 3342 2938 μία.

2174 2968 2387 3035 Ταύτην
2418 2966 2447 3017 ό
2478 2963 2654 3018 τοίνυν
2693 2961 3031 3032 προσκυνῶν,
3066 2961 3299 3032 Χριστὸν
3332 2958 3478 3011 σέϐει

2174 3061 2263 3130 Μὴ
2299 3056 2620 3130 προσκυνῶν
2647 3056 2778 3126 γὰρ,
2821 3053 3015 3125 ἐχθρὸς
3055 3050 3218 3107 αὐτοῦ
3255 3051 3349 3104 καὶ
3389 3051 3556 3103 πάνυ.

2098 3171 2143 3232 C
2188 3151 2274 3213 Ὠς
2310 3150 2407 3220 τὴν
2430 3150 2836 3220 ἀναγραφείσαν
2870 3145 3134 3215 ἐνσαρκον
3158 3143 3309 3205 θέαν,

2172 3242 2372 3296 Τούτου
2406 3239 2662 3311 μεμηνὼς
2703 3239 2777 3308 μὴ
2813 3236 3144 3304 σεϐασθῆναι
3186 3236 3374 3290 θέλων.

2707 3329 2833 3380 ΛΑ¹.
2870 3356 2940 3368 --
2974 3327 3184 3379 Ἀλλο.

2173 3427 2232 3479 Ei
2260 3424 2418 3494 σῶμα
2439 3419 2673 3492 Χριστοῦ
2721 3418 3068 3490 λαμὸάνομεν
3101 3417 3199 3488 μὲν
3236 3413 3255 3454 ῐ
3291 3413 3511 3475 ἐσθίειν,

2170 3517 2372 3592 Τούτου
2407 3515 2648 3575 πίνοντες
2668 3508 2804 3580 αἷμα
2825 3511 2886 3562 τὸ
2909 3509 3094 3578 ζωηφό
3104 3525 3192 3579 ρον
3214 3524 3229 3538 °

2171 3611 2292 3671 Πῶς
2321 3609 2420 3662 οὐκ
2449 3608 2514 3660 ἂν
2539 3605 2701 3658 αὑτὸν
2730 3603 2990 3673 δείξωμεν
3023 3605 3048 3643 δ
3075 3598 3486 3671 γεγραμμένον.

2170 3698 2246 3757 Ub
2280 3706 2374 3756 καὶ
2406 3701 2466 3753 τὸ
2518 3700 2676 3768 σῶμα
2717 3697 3205 3767 σχηματόγραπτον
3251 3693 3446 3757 πέλει;

2184 3798 2268 3859 Ὠς
2304 3796 2400 3866 μὲν
2430 3792 2538 3862 γὰρ
2567 3790 2793 3856 ἁπλοῦς,
2821 3789 2881 3841 οὑ
2913 3785 3261 3858 περιγραφὴν
3290 3784 3427 3854 ἔχει.

2169 3889 2299 3951 θεὸς
2327 3887 2434 3957 γάρ
2475 3887 2612 3949 ἔστι,
2644 3882 2842 3945 παντὸς
2864 3880 3063 3946 ἔξωθεν
3083 3881 3268 3933 τόπου.

2185 3983 2270 4043 Ὠς
2304 3978 2542 4039 ὲνδυθεὶς
2570 3976 2626 4028 δὲ
2650 3975 2746 4046 τὴν
2769 3973 2892 4027 καθ’
2922 3974 3069 4042 ἡμᾶς
3093 3970 3300 4032 οὐσίαν,

2174 4071 2486 4141 Ἄνθρωπός
2512 4071 2649 4133 ἐστι,
2676 4064 2921 4118 συνθέσει
2965 4062 3373 4132 γεγραμμένος,

2173 4165 2350 4233 Ἕχων
2374 4159 2626 4228 ἁφύρτως
2655 4157 2880 4225 θάτερον
2907 4154 3026 4207 κατ’
3059 4153 3268 4212 οὐσίαν,

2181 4253 2503 4306 ’Υποστὰσει
2540 4251 2638 4320 μιᾷ
2659 4265 2717 4300 τε
2748 4245 3178 4316 συντεθειμένος.

2179 4345 2236 4398 Ὀ
2265 4343 2353 4394 τὸν
2376 4340 2544 4408 Λόγον
2568 4337 2787 4391 τοιῶσδε
2811 4333 3045 4399 δοξάζων
3073 4333 3236 4401 μάλα,

2171 4434 2360 4487 Πιστὸν
2389 4433 2593 4502 πέφηνε
2619 4429 2840 4501 θρέμμα
2860 4428 2960 4496 τῆς
2990 4423 3336 4493 Ἐκκλησίας.

2098 4509 2138 4561 D
2172 4526 2377 4588 ’Ἄλλως
2408 4523 2614 4595 φρονῶν
2641 4522 2768 4590 γὰρ,
2795 4519 2889 4572 τοῦ
2912 4515 3046 4571 Θεοῦ
3069 4516 3257 4587 πόρρω
3286 4514 3415 4566 θέει.

2713 4609 2835 4662 AB'.
2868 4636 2937 4646 —-
2969 4606 3178 4660 Ἀλλο.

2248 4703 2339 4755 Ἐκ
2378 4699 2709 4772 μορφοποιοῦ
2740 4698 2915 4768 χειρὸς
2937 4697 3301 4767 ὼραῖσμένην,

2237 4795 2531 4856 Βλέποντες
2551 4793 2738 4862 ἄνδρες
2768 4793 3130 4862 ἐγγραφεῖσαν
3162 4789 3366 4851 ἐνθάδε,

2234 4887 2508 4958 Δρέψασθε
2529 4885 2736 4954 καρπὸν
2765 4883 3030 4953 ὠφελείας
3056 4883 3240 4948 ἀξίως,

2243 4982 2344 5036 Τὸν
2381 4977 2503 5033 νοῦν
2532 4979 2760 5049 ἄραντες
2785 4976 2863 5039 είς
2894 4975 2991 5037 τὰς
3018 4974 3193 5028 αὐτῶν
3227 4971 3422 5032 αἰτίας.

2239 5076 2383 5128 Ἰσου
2415 5073 2572 5141 λόγου
2601 5071 2707 5141 γὰρ
2734 5071 2766 5140 ἡ
2792 5066 2974 5138 γραφὴ
3006 5065 3106 5136 βοᾷ
3137 5065 3300 5135 μέγα.

2245 5174 2330 5235 Ὠς
2380 5171 2444 5223 Ἡ
2469 5169 2601 5238 τιμή
2632 5183 2754 5238 μου,
2777 5165 2903 5229 δόξα
2928 5163 3026 5232 τῆς
3046 5159 3327 5229 αὑτοψίας,

2235 5261 2310 5312 Δι’
2341 5260 2405 5328 ἢν
2432 5256 2720 5326 παρήχθην
2749 5255 2827 5316 είς
2858 5252 3160 5320 ὑπόμνησιν
3185 5248 3362 5317 μόνον.

2232 5352 2566 5424 Φρουροῦσα,
2588 5347 2894 5418 φωτίζουσα
2922 5346 3047 5404 τοὺς
3078 5341 3245 5412 ἐμοὺς
3268 5339 3474 5408 φίλους,

2233 5446 2369 5508 Τοὺς
2409 5442 2730 5514 προσκυνεῖν
2758 5438 2816 5492 δὲ
2848 5437 2922 5507 μὴ
2956 5433 3205 5494 θέλοντάς
3232 5447 3298 5500 με
3327 5431 3532 5501 σκέπει,

2245 5535 2618 5606 ’Λλλοτριοῦσα
2644 5532 2742 5603 τῆς
2771 5531 2881 5585 ἄνω
2910 5529 3006 5598 κλη
3018 5527 3253 5598 ρουχίας.

2715 5626 2835 5680 AI".
2857 5654 2924 5664 —-
2950 5625 3156 5676 Ἀλλο.

2236 5727 2507 5795 Ἀσαρκος
2530 5721 2604 5776 ὢν
2632 5720 2759 5791 πρὶν
2789 5716 3039 5790 Χριστὸς,
3063 5716 3162 5768 οὐκ
3190 5709 3257 5784 ἦν
3284 5710 3489 5765 ἐνθάδε.

2233 5819 2363 5871 Θεὸν
2399 5818 2504 5886 γὰρ
2535 5815 2726 5878 οὐδεὶς,
2767 5811 2948 5883 φησιν,
2974 5808 3271 5879 ἀνθρώπων
3300 5805 3428 5859 ἴδεν.

3605 365 3728 429 1792
