3968 6456
239 395 378 458 I793

321 508 476 562 Ἐπεὶ
503 507 558 560 δὲ
585 503 784 572 σαρκὸς
803 502 1165 557 ὲνδιδύσκεται
1187 503 1379 574 πάχος,

318 608 381 661 Ὀ
403 600 601 662 παντὸς
630 596 736 664 ἔξω
769 597 861 649 καὶ
891 597 1081 667 χρόνου
1109 613 1167 649 τε
1195 603 1288 650 καὶ
1313 597 1499 666 τόπου,

322 698 540 759 Ἀπτὸς,
573 689 812 760 παθητὸς
833 690 1041 758 γίνεται
1065 691 1133 761 τῇ
1164 689 1428 744 συνθέσει.

305 786 518 857 Βρέφος
549 781 770 852 κυηθεὶς
789 783 853 835 ἐκ
887 780 1076 852 κόρης,
1101 783 1304 853 σπορᾶς
1331 782 1481 844 ἄνευ,

308 875 498 942 Λύξει,
524 873 683 941 διψεῖ,
705 875 879 927 πεινεῖ
903 890 986 938 τε,
1015 873 1109 926 καὶ
1136 873 1356 943 σύμπαν
1384 876 1561 944 φέρει,

313 969 439 1020 Τῶν
467 969 524 1020 ὲν
556 965 699 1021 θέσει
724 983 782 1018 τε
812 966 905 1020 καὶ
933 968 1117 1037 γραφῇ
1150 965 1524 1036 δεδειγμένων.

313 1058 444 1122 Πῶς
467 1053 560 1112 οὖν
586 1059 648 1112 σὺ
677 1058 880 1123 λοιπὸν,
904 1051 950 1110 ὦ
976 1059 1285 1126 παράφρον,
1309 1051 1353 1109 ὦ
1377 1059 1530 1118 τάλα.

312 1151 391 1204 Οὐ
420 1152 581 1222 σαρκὶ
607 1149 817 1211 σεπτῶς
845 1149 1075 1220 Χριστὸν
1104 1151 1559 1220 ὲμπεριγράφεις,

321 1246 458 1298 Κατ’
489 1239 626 1308 εἶδος
650 1242 812 1296 αὐτοῦ
838 1241 936 1312 τὴν
969 1241 1095 1314 ὃλην
1119 1242 1451 1312 παρουσίαν;

329 1337 470 1389 Ἀλλ’
495 1337 528 1406 ἢ
558 1335 852 1405 μεταγνοὺς
876 1334 1064 1396 πιστὸς
1094 1335 1156 1385 ἐκ
1182 1332 1388 1402 πλάνης
1412 1333 1584 1401 γίνου,

317 1430 388 1482 Ἦ
425 1432 522 1499 τῆς
547 1425 682 1480 Θεοῦ
710 1425 992 1497 πόρρωθεν
1027 1426 1194 1494 αὐλῆς
1222 1425 1474 1496 έκφέρου.

805 1517 926 1573 ΛΔ’.
944 1549 1014 1560 —
1031 1520 1243 1574 Ἀλλο.

325 1612 389 1665 ’0
419 1609 651 1682 Χριστός
679 1610 797 1663 ἐστι
824 1611 888 1680 τῇ
917 1611 1101 1680 γραφῇ
1139 1609 1496 1679 δεδειγμένος,

329 1705 482 1758 Ἐπεὶ
509 1702 696 1774 βροτὸς
726 1703 989 1770 πέφηνεν,
1019 1701 1094 1754 ὣν
1126 1701 1255 1764 Θεὸς
1279 1702 1459 1770 φύσει.

328 1797 390 1848 ’0
412 1796 485 1865 μὴ
511 1796 618 1864 γὰρ
641 1793 809 1857 οὕτως
833 1793 1192 1864 προσϐλέπειν
1224 1793 1385 1846 αὑτὸν
1408 1792 1574 1846 θέλων

315 1887 790 1957 Φαντασματωδῶς
831 1886 1210 1956 σωματοῢσθαι
1241 1886 1546 1957 προσλέγει.

502 1982 623 2034 ΛΕ’.
660 2010 728 2020 —
752 1982 853 2046 Εὶς
881 1978 998 2047 τὴν
1033 1980 1207 2048 ἁγίαν
1239 1981 1545 2034 Θεοτόκον.

331 2073 418 2125 Ἑν
456 2073 621 2126 εἰκόνι
652 2071 860 2142 βλέπων
883 2088 963 2135 σε,
995 2074 1167 2142 μῆτερ
1188 2071 1412 2140 Κυρίου,

319 2165 472 2236 Φόϐῳ
500 2167 758 2235 πρόσειμι
789 2166 1112 2236 προσκυνεῖν
1145 2181 1225 2227 σε,
1257 2164 1350 2217 καὶ
1382 2162 1552 2234 πόθῳ.

322 2256 494 2325 Χάρις
514 2255 623 2324 γὰρ
648 2253 815 2317 ὅντως
834 2251 1131 2323 τηλικαύτη
1163 2268 1247 2303 σοι
1269 2250 1442 2312 πέλει,

335 2346 420 2407 Ὠς
447 2345 512 2415 τῇ
545 2344 672 2413 σκιᾷ
706 2359 798 2395 σου
831 2339 1269 2411 θαυματουργίας
1295 2337 1498 2409 βρύειν.

807 2433 946 2498 aqu
962 2461 1034 2471 —
1050 2431 1260 2486 Ἀλλο.

335 2524 453 2579 Ἐπ’
487 2524 689 2595 ὠλένης
723 2540 822 2594 μου
853 2523 1180 2593 μητρόμοιόν
1211 2539 1294 2591 μοι
1331 2520 1547 2591 βρέφος,

322 2618 426 2671 Τὸν
454 2616 806 2670 παντάνακτα
835 2615 1068 2685 Χριστὸν
1101 2615 1391 2684 ἐγγράφως
1426 2612 1599 2681 φέρω,

323 2709 397 2761 Τὸ
419 2708 534 2776 φῶς
561 2708 1019 2777 ἀπαστράπτοντα
1037 2708 1134 2776 τῆς
1157 2704 1298 2774 άφθα
1310 2704 1485 2776 ρσίας,

325 2799 431 2851 Καὶ
457 2798 660 2868 κόσμον
688 2795 970 2866 ὲξαίροντα
995 2793 1262 2868 δαιμόνων
1283 2792 1511 2860 πλάνης.

811 2889 932 2941 ΛΖ’.
953 2917 1024 2929 -
1047 2887 1254 2940 Ἄλλο.

322 2983 394 3035 Σὺ
423 2980 513 3034 τὸν
537 2979 667 3033 Θεὸν
696 2978 946 3042 τεκοῦσα,
976 2974 1229 3047 προύχεις
1253 2973 1518 3043 ἀγγέλων.

330 3075 424 3127 ’³ον
455 3072 516 3125 οὐ
541 3071 796 3124 δύνανται
856 3069 951 3123 καὶ
979 3067 1086 3139 γὰρ
1106 3068 1259 3120 αὐτοὶ
1291 3062 1674 3137 προσϐλέπειν,

335 3166 425 3229 Ὠς
453 3164 582 3218 Υίὸν
614 3163 749 3233 αὑτὴ
775 3163 962 3233 χερσὶν
995 3160 1284 3232 ἀκράντοις
1314 3159 1521 3229 φέρεις.

810 3255 940 3306 AH'.
971 3284 1041 3295 —
1071 3254 1279 3307 Ἄλλο.

327 3344 742 3421 Μητροπρεπῶς
758 3344 850 3397 τὸν
876 3344 1004 3396 Υίὸν
1032 3342 1340 3413 έγγραπτον
1369 3341 1539 3410 φέρω,

336 3443 424 3504 Ὠς
462 3440 526 3494 ἂν
560 3437 753 3508 φανείη
783 3436 1001 3505 γνήσιον
1029 3434 1233 3505 μητρὸς
1255 3433 1432 3494 τέκος⁸

336 3535 395 3585 ’0
426 3530 770 3604 πατρομοίως
799 3529 896 3598 τῆς
923 3527 1139 3599 γραφῆς
1166 3525 1496 3596 ἐπηρμένος.

339 3623 598 3693 Ἐπείπερ
627 3621 743 3675 ἐστὶ
770 3621 940 3682 διττὸς
970 3617 1138 3688 ἀπρὶξ
1158 3618 1255 3687 τὴν
1286 3616 1464 3682 φύσιν.

463 3714 588 3767 AG’.
613 3743 682 3752 —
711 3714 814 3776 Εἰς
841 3711 956 3778 τὴν
974 3709 1179 3763 εἰκόνα
1203 3707 1308 3761 τοῦ
1332 3706 1611 3774 Χριστοῦ.

340 3803 761 3872 Ἐξεικόνισμαι,
793 3803 898 3857 κᾶν
926 3801 1057 3864 Θεὸς
1085 3799 1232 3853 πέλω
1255 3798 1434 3868 φύσει,

343 3895 598 3965 Ἐπείπερ
626 3895 740 3963 εἰμὶ
769 3894 860 3946 καὶ
888 3893 1078 3964 βροτὸς
1111 3891 1230 3945 κατ’
1250 3889 1456 3944 ούσιαν·

334 3985 442 4037 Καὶ
463 3986 527 4054 τῇ
554 3984 683 4053 σκιᾷ
707 4000 808 4054 μου
829 3981 1242 4054 προσκυνοῦμαι
1273 3979 1432 4032 παντί
1453 3995 1576 4038 που,

332 4077 514 4147 Μήπω
545 4074 807 4146 μερισμὸν
830 4073 925 4127 τοῦ
954 4074 1138 4136 κλέους
1171 4070 1620 4143 προσλαμϐάνων.

486 4190 578 4245 M'.
603 4217 674 4228 -—
695 4191 798 4254 Εὶς
825 4188 932 4241 τὸν
961 4186 1112 4241 ναὸν
1136 4185 1245 4253 τῆς
1271 4187 1584 4239 Θεοτόκου.

334 4283 443 4352 Τῆς
473 4280 747 4352 Παρθένου
778 4280 867 4333 τὸν
889 4274 1035 4331 οἷκον
1056 4279 1083 4329 ὁ
1117 4277 1347 4347 βλέπων,
1381 4276 1509 4329 νόει.

335 4374 478 4437 Ναὸς
510 4375 617 4442 γὰρ
641 4367 776 4437 αὕτη
798 4371 892 4424 τοῦ
917 4369 1050 4423 Θεοῦ
1080 4368 1438 4437 δεδειγμένος,

335 4467 513 4526 Ναοὺς
549 4463 746 4535 ἑαυτῆς
771 4462 1047 4532 πανταχοῦ
1075 4461 1237 4530 γαίης
1269 4460 1402 4530 ἔχει.

801 4574 936 4629 MA’.
972 4605 1042 4614 ——
1079 4575 1286 4628 Ἀλλο.

337 4693 442 4747 Τὸν
470 4688 811 4761 Κοσμοποιὸν
834 4685 1086 4757 σωματού
1096 4703 1254 4757 μενον
1285 4685 1512 4754 βλέπων,

338 4787 442 4840 Σὺν
465 4787 532 4855 τῇ
565 4781 800 4855 τεκούσῃ
823 4783 889 4851 τῇ
915 4782 1098 4851 γραφῇ
1135 4779 1242 4831 τῶν
1266 4778 1508 4843 εἰκόνων,

344 4873 760 4943 Καταπλὰγηθι,
785 4871 903 4934 πῶς
933 4868 1063 4932 Θεὸς
1087 4869 1283 4938 βρέφος
1309 4867 1479 4932 πέλει,

342 4968 590 5021 Ἀπαντά
609 4983 666 5018 τε
692 4964 795 5036 δρᾷ
826 4962 961 5034 πρὸς
994 4961 1198 5032 βροτῶν
1227 4961 1515 5030 σωτηρίαν·

345 5058 439 5114 Ἰν’
466 5059 544 5120 εἰς
566 5057 756 5110 ἑαυτὸν
778 5057 875 5126 τὴν
909 5053 1114 5126 φθοράν
1146 5053 1496 5122 κατακρίνας,

342 5148 414 5201 Τὸ
444 5147 668 5216 πλάσμα
693 5144 838 5216 σώσῃ
868 5144 1120 5214 Θεότητος
1146 5142 1222 5213 τῷ
1244 5142 1455 5213 κράτει.

344 5238 416 5290 Τὸ
444 5237 508 5306 δὴ
539 5234 807 5308 φρονοῦσα
838 5238 904 5306 τῇ
925 5235 1170 5304 Θεοτόκῳ
1201 5233 1376 5302 φέρει,

345 5330 486 5400 Πρὸς
513 5328 706 5399 λύτρον
734 5327 902 5396 αὐτῆς
927 5327 974 5377 τ’
1001 5325 1211 5397 ἀνδρὸς,
1246 5326 1512 5396 ἄχραντον
1530 5325 1685 5393 δόμα.

410 5445 544 5500 ΜΒ’.
578 5474 647 5484 -
665 5445 766 5509 Εἰς
789 5442 856 5496 τὸ
879 5442 1172 5509 κιϐούριον
1198 5442 1302 5495 τοῦ
1327 5439 1686 5509 Προδρόμου.

343 5537 504 5601 Θείας
530 5537 812 5608 τραπέζης
837 5534 1257 5605 συγκαλύπτραν
1285 5551 1353 5604 με
1383 5534 1609 5603 βλέπων,

346 5628 681 5700 Χερουϐικὴν
712 5628 896 5698 νόμιζε
930 5627 1264 5696 ταξιαρχίανο

347 5722 580 5791 Χριστὸν
606 5721 714 5792 γάρ
737 5720 881 5775 ένδον
911 5720 1380 5791 μυσταγωγεῖσθαι
1406 5720 1534 5780 νόει,

353 5815 451 5868 Τὸν
479 5815 584 5869 τῶν
606 5815 716 5870 ἄνω
749 5832 803 5867 τε
837 5817 1128 5883 Δεσπότην,
1161 5815 1253 5868 καὶ
1281 5814 1388 5867 τῶν
1411 5815 1574 5867 κάτω.

1724 400 1861 461 ΙΑΜ
1868 405 1965 463 BI.

1825 525 1875 584 Α
1899 512 1967 568 At
1995 513 2136 568 mole
2159 521 2450 582 postquam
2483 511 2728 580 corporis
2754 525 2874 567 sese
2931 511 3125 576 induit,

1902 603 2073 670 Quem
2104 604 2320 660 necloci
2351 618 2449 658 nec
2486 603 2658 672 spatia
2697 603 2958 658 claudunt
2985 604 3266 673 temporis,

1901 693 2039 748 Exin
2077 694 2250 748 dolori
2286 692 2458 749 factus
2495 704 2578 747 est
2619 694 2909 750 obnoxius.

1901 784 2223 839 Intaminata
2249 793 2410 838 natus
2441 783 2618 838 infans
2658 782 2898 852 Virgine,

1900 876 2177 945 Augescit,
2201 876 2390 936 esurit,
2431 875 2566 936 sitit,
2593 874 2698 930 fert
2730 875 2934 940 omnia,

1902 966 2032 1033 Quae
2062 975 2397 1022 consuerunt
2429 967 2685 1021 omnibus
2714 965 2843 1035 fingi
2877 965 3036 1036 typis.

1901 1059 2039 1124 Quid
2070 1074 2199 1128 ergo
2227 1073 2404 1114 causa
2435 1068 2537 1120 est,
2563 1074 2596 1113 ο
2625 1060 2807 1123 miser,
2839 1075 2936 1114 cur
2970 1061 3180 1114 abnuas

1902 1149 2174 1206 Christum
2207 1151 2436 1206 verenda
2468 1151 2849 1220 comprehendi
2886 1151 3141 1221 imagine,

1903 1240 2200 1312 Totamque
2233 1243 2352 1295 vita:
2385 1242 2578 1296 seriem
2615 1251 2668 1296 et
2709 1242 2986 1298 historiam
3033 1257 3200 1297 sacrae
3229 1241 3252 1294 ἲ

1901 1333 1970 1387 At
1998 1345 2054 1388 tu
2081 1342 2173 1388 aut
2198 1334 2479 1404 profanum
2524 1336 2720 1389 mentis
2760 1350 2996 1389 errorem
3028 1335 3218 1404 abjice.

1902 1425 2009 1478 Aut
2044 1433 2096 1481 te
2125 1425 2350 1481 sacratis
2393 1425 2612 1494 proripe
2643 1440 2674 1479 a
2700 1426 2895 1480 castris
2919 1426 3035 1480 Dei.

2397 1515 2638 1571 XXXIV.
2670 1519 2935 1572 -—Aliud.

1904 1606 2004 1662 llic
2031 1607 2284 1664 Christus
2316 1615 2419 1669 est,
2455 1608 2665 1676 pictura
2688 1623 2844 1676 quem
2873 1605 3192 1661 denuntiat:

1903 1697 2143 1754 Mortalis
2170 1716 2234 1752 ex
2264 1713 2373 1768 quo
2405 1697 2580 1753 factus
2603 1709 2686 1754 est
2706 1699 2799 1769 qui
2844 1710 2960 1753 erat
2982 1695 3147 1753 Deus.

1905 1789 2059 1842 Illum
2100 1789 2280 1843 videre
2308 1789 2399 1858 qui
2432 1798 2648 1843 recusat
2681 1789 2783 1844 hoc
2821 1791 3004 1858 modo,

1844 1875 1883 1929 Β
1911 1879 2319 1948 InCorporatum
2365 1880 2623 1949 praedicat
2651 1881 3010 1949 phantastice.

2167 1969 2384 2025 XXXV.
2412 2002 2479 2015 -—-
2510 1971 2577 2026 In
2607 1983 2844 2027 sanctam
2875 1975 3183 2044 Deiparam.

1908 2058 2110 2113 Pictam
2145 2061 2196 2114 in
2226 2061 2419 2116 tabella
2451 2071 2520 2129 te,
2550 2061 2644 2118 Dei
2672 2074 2861 2129 mater,
2901 2065 3082 2122 videns
3102 2106 3116 2130 ,

1909 2149 2082 2204 Venio
2107 2161 2165 2207 ut
2190 2153 2411 2209 adorem
2462 2169 2648 2210 amore
2686 2157 2878 2225 plenus
2905 2171 2968 2211 ac
2999 2165 3168 2210 metu.

1909 2244 2043 2299 Nam
2075 2254 2258 2301 tantus
2289 2248 2340 2300 in
2372 2254 2422 2301 te
2449 2249 2636 2317 gratiae
2659 2254 2895 2302 exundat
2925 2249 3088 2313 latex,

1911 2335 1982 2392 Ut
2009 2340 2124 2407 ipsa
2154 2338 2222 2392 ab
2253 2337 2442 2392 umbra
2464 2338 2734 2407 proﬂuam
2756 2339 3040 2393 miracula.

2387 2429 2627 2487 XXXVI.
2657 2461 2728 2471 —
2755 2431 2937 2485 Aliud.

1910 2520 2256 2576 Consimilem
2299 2522 2350 2577 in
2376 2523 2518 2578 ulnis
2543 2534 2712 2579 mater
2743 2523 2998 2579 infantem
3025 2523 3176 2585 mihi,

1910 2611 2184 2669 Christum
2210 2615 2446 2669 universi
2487 2616 2808 2686 principem,
2853 2616 3058 2686 pictum
3099 2630 3249 2683 gero,

1912 2702 2252 2760 Eternitatis
2277 2706 2596 2759 emicantem
2623 2706 2846 2771 lumine,

1912 2792 2214 2867 Terrasque
2239 2795 2431 2852 lraude
2468 2797 2784 2853 libet-antem
2819 2799 3148 2853 daemonum.

2403 2887 2666 2943 XXXVII.
2695 2918 2766 2929 -—
2789 2888 2971 2945 Aliud.

1914 2984 2068 3052 Quod
2103 2993 2274 3039 mater
2309 2997 2372 3041 es
2399 2981 2515 3048 Dei,
2546 2983 2766 3052 angelos
2794 2984 3184 3051 superemines.

1914 3076 2049 3131 Nam
2080 3075 2323 3131 contueri
2353 3089 2514 3143 quem
2549 3084 2803 3130 verentur
2823 3076 3020 3144 angeli,

1916 3170 2071 3226 llunc
2096 3169 2208 3238 ipsa
2242 3167 2392 3238 puris
2422 3166 2614 3220 Filium
2651 3168 2898 3223 manibus
2921 3169 3084 3238 geris.

2364 3254 2652 3311 XXXVIII.
2678 3287 2748 3298 —
2770 3257 2953 3310 Aliud.

1913 3350 2074 3405 Gesto
2106 3351 2160 3405 in
2193 3348 2386 3404 tabella
2414 3347 2632 3412 Filium,
2661 3357 2719 3402 ut
2749 3359 2976 3402 matrem
3011 3349 3186 3414 decet,

1918 3440 1984 3496 Ut
2005 3450 2149 3496 certa
2187 3441 2400 3495 soboles
2430 3440 2617 3493 matris
2650 3438 2772 3494 hinc
2825 3439 3037 3493 eluceat
3067 3458 3080 3494 :

1913 3533 2038 3599 Qui,
2067 3547 2172 3601 qua
2200 3533 2339 3601 patri
2374 3531 2677 3586 consimilis
2706 3540 2811 3592 est,
2840 3531 2984 3600 pingi
3012 3531 3219 3601 nequit.

1912 3627 2115 3682 Natura
2148 3626 2343 3693 duplex
2381 3623 2580 3692 quippe
2604 3623 2659 3676 in
2691 3623 2782 3676 illo
2807 3623 3068 3676 cernitur.

2207 3714 2446 3770 XXXIX.
2469 3745 2538 3755 —
2567 3713 2634 3768 In
2683 3715 2907 3784 imagine
2948 3712 3165 3767 Christi.

1913 3809 2152 3874 Artiﬁce,
2184 3807 2431 3879 quamvis
2458 3822 2574 3861 sum
2611 3807 2773 3867 Deus,
2807 3807 2996 3876 pingor
3041 3821 3226 3870 manu,

1915 3900 2162 3955 Humana
2196 3898 2452 3967 quoniam
2479 3897 2613 3950 mihi
2639 3912 2854 3966 quoque
2875 3908 2958 3951 est
3004 3897 3305 3950 substantia
3333 3913 3349 3950 :

1917 3991 2228 4059 Umbraque
2255 3989 2454 4059 ubique
2483 3989 2562 4043 sic
2598 3988 2798 4042 adoror
2839 3989 2893 4041 in
2927 4003 3073 4054 mea,

1917 4084 1986 4140 Ut
2015 4084 2161 4139 nulla
2185 4083 2406 4137 honoris
2433 4079 2700 4152 perferam
2731 4082 3063 4136 discrimina.

2264 4195 2376 4250 XL.
2397 4225 2468 4235 -—
2491 4194 2558 4248 In
2588 4194 2835 4265 templum
2865 4194 3132 4265 Deipara’.

1920 4292 2054 4344 Dum
2095 4289 2270 4344 cernis
2303 4289 2470 4343 aedem
2502 4285 2759 4356 Virginis,
2787 4299 3019 4341 mentem
3051 4285 3298 4339 admove.

1920 4385 1998 4438 Ex
2026 4398 2133 4453 quo
2160 4383 2271 4452 ipsa
2311 4383 2567 4449 templum
2608 4389 2691 4433 est
2738 4378 2874 4434 facta
2908 4380 3179 4433 nascentis
3233 4377 3347 4440 Dei,

1921 4475 2155 4546 Templis
2184 4475 2383 4544 ubique
2426 4473 2666 4544 gentium
2700 4473 2893 4525 colitur
2929 4473 3067 4526 suis.

2497 4582 2632 4638 XLI.
2663 4613 2726 4621 —-
2764 4582 2949 4638 Aliud.

1923 4677 2104 4734 Mundi
2135 4687 2408 4748 parentem
2439 4692 2562 4731 cum
2602 4675 2754 4730 vides
2784 4677 2838 4728 in
2868 4689 3114 4744 corpore,

1923 4772 2058 4825 Cum
2088 4781 2279 4838 matre,
2305 4771 2445 4840 picta
2472 4770 2776 4824 dedicatum
2821 4768 3052 4837 imagine
3077 4785 3092 4832 ;

1926 4864 2038 4919 Iloc
2058 4865 2394 4932 obstupesce,
2429 4862 2698 4932 quomodo
2732 4859 2909 4914 infans
2939 4862 3009 4914 sit
3036 4859 3200 4925 Deus,

1925 4954 2115 5026 N’ilque
2144 4955 2209 5008 ad
2232 4954 2459 5008 salutem
2499 4968 2604 5006 non
2629 4961 2767 5023 agat.
2794 4951 3102 5005 mortalium
3127 4968 3139 5001 :

1927 5047 1997 5103 Ut
2035 5047 2223 5102 mortis
2248 5047 2301 5100 in
2329 5061 2387 5101 se
2420 5046 2702 5114 proferens
2730 5044 3080 5107 sententiam,

1926 5142 2232 5196 Divinitatis
2264 5140 2456 5192 liberet
2485 5152 2584 5191 nos
2613 5137 2838 5190 viribus.

1928 5234 2080 5300 Quod
2116 5234 2216 5287 ista
2251 5239 2526 5300 reputans,
2567 5227 2807 5296 Deipara:
2839 5234 2984 5281 casta
3012 5225 3228 5280 exhibet

1931 5331 2062 5396 Sua,
2095 5329 2302 5397 virique
2331 5340 2427 5395 pro
2462 5325 2657 5385 salute,
2689 5337 2935 5376 munera.

2205 5438 2363 5493 XLII.
2401 5469 2459 5479 —
2493 5437 2554 5490 In
2579 5436 2828 5488 cibarium
2864 5433 3233 5488 Prtecursoris.

1931 5535 2127 5590 Mensa:
2157 5543 2378 5588 sacratae
2406 5529 2732 5598 conspicans
2761 5527 3096 5596 operculum,

1931 5628 2081 5683 Ilanc
2113 5636 2168 5680 tu
2198 5626 2474 5680 cohortem
2510 5622 2686 5690 cogita
2727 5619 3079 5674 Cherubicam
3117 5637 3131 5672 :

1930 5720 2063 5773 Nam
2093 5717 2341 5772 Christus
2375 5716 2518 5769 intus
2561 5713 2798 5782 mysticis
2831 5712 2982 5766 adest
3013 5710 3204 5773 sacris,

1931 5813 2242 5871 leestium
2281 5810 2420 5866 idem
2465 5807 2724 5864 Dominus
2765 5821 2825 5862 ac
2857 5801 3213 5859 terrestrium.

3317 400 3453 466 179i
