3968 6454
527 363 658 426 1795

569 534 581 544 ‘
936 464 1119 519 XLIII.
1137 496 1205 506 —
1238 464 1306 519 In
1345 466 1613 536 templum.

515 562 707 618 Divina
736 560 862 614 dum
896 572 954 613 se
985 573 1172 612 mensa
1212 561 1560 626 spectandam
1594 559 1837 624 exhibet,

517 654 787 709 Venerare
817 665 1040 714 numen,
1072 647 1316 702 membra
1362 649 1739 706 inhorrescant
1765 661 1932 707 metu.

867 740 1053 795 XLIV.
1074 771 1142 780 —
1161 740 1227 794 In
1270 751 1506 793 sanctum
1532 742 1723 795 altare.

516 833 750 889 Horrore
779 833 997 902 plenum
1033 839 1114 885 est
1145 832 1247 884 hoc
1277 830 1510 884 tribunal
1534 841 1588 885 et
1618 841 1788 898 metu,

516 924 717 979 Lucida
760 922 852 976 Dei
881 923 1044 986 mdes,
1080 937 1178 976 nec
1208 921 1311 976 nisi
1336 923 1500 976 castis
1526 932 1733 991 patens.

515 1017 607 1071 Pie
647 1016 949 1086 propinqua
975 1054 990 1079 ,
1023 1015 1216 1084 dignus
1243 1022 1302 1068 ut
1333 1015 1407 1069 sis
1434 1030 1691 1069 munere:

515 1105 650 1161 Nam
676 1122 875 1160 munus
907 1106 1047 1174 ignis
1075 1114 1180 1169 est,
1207 1114 1263 1160 et
1296 1104 1550 1174 indignos
1583 1112 1758 1159 vorat.

899 1196 1055 1251 XLV.
1080 1225 1149 1236 —-
1195 1195 1260 1249 In
1283 1196 1482 1264 januas
1511 1196 1712 1264 ferulae.

517 1290 746 1345 Foribus
769 1290 988 1358 apertis,
1018 1289 1177 1359 adyta
1220 1304 1327 1358 qua
1369 1288 1552 1357 templi
1585 1296 1790 1356 patent,

517 1385 576 1436 In
599 1381 760 1438 corde
787 1391 982 1436 massto
1012 1383 1258 1450 spiritum
1293 1379 1423 1434 oﬂ‘er
1460 1382 1680 1433 anxium
1711 1397 1725 1432 :

517 1475 642 1529 Haec
669 1484 816 1545 grata
852 1474 1079 1527 Domino
1108 1482 1211 1538 est,
1246 1473 1346 1528 hac
1369 1473 1551 1526 litatur
1587 1471 1784 1525 hostia.

688 1565 876 1620 XLVI.
908 1596 976 1606 —
1006 1565 1071 1620 In
1102 1567 1330 1634 primum
1374 1563 1553 1634 templi
1588 1564 1898 1633 ingressum.

515 1660 701 1713 Limen
740 1667 993 1728 parantes
1033 1657 1241 1726 ingredi
1271 1657 1465 1710 domus
1495 1654 1614 1720 Dei,

514 1753 808 1806 Removete
829 1766 988 1808 curas
1033 1751 1197 1803 ebriae
1235 1749 1503 1819 cupidinis
1532 1767 1543 1800 :

517 1844 665 1898 Intus
693 1844 978 1913 benignum
1003 1841 1315 1911 utjudicem
1345 1841 1721 1910 experiamini,

516 1935 619 2004 Qui
649 1937 780 1990 dura
812 1935 964 1988 vobis
991 1934 1167 1987 vincla
1192 1933 1363 1987 solvat
1390 1917 1698 1987 criminum.

655 2026 943 2081 XLVll.—-
965 2023 1031 2078 In
1054 2025 1230 2094 templi
1259 2025 1546 2094 ingressum
1563 2041 1581 2078 :
1604 2028 1656 2079 in
1679 2040 1902 2079 crucem.

514 2119 748 2176 Custode
782 2134 888 2183 me,
930 2128 983 2172 te
1006 2117 1190 2172 nullus
1235 2117 1464 2187 exagitet
1493 2128 1709 2172 metus:

515 2211 626 2282 Ego
669 2226 904 2278 namque
949 2219 1125 2264 terror
1157 2209 1494 2264 daemonibus
1530 2220 1584 2264 et
1617 2209 1836 2265 ﬂamma
1862 2224 2005 2264 sum.

821 2301 1055 2356 XLVIII.
1073 2331 1143 2343 ——
1165 2300 1506 2372 Epigramma
1522 2303 1572 2355 in
1593 2319 1788 2356 cruces.

512 2394 831 2465 Ubicunque
858 2396 1071 2463 pingor,
1115 2394 1322 2447 nullum
1380 2395 1542 2449 habet
1583 2395 1746 2448 Satan
1781 2396 1995 2454 locum;

512 2486 648 2541 Nam
687 2488 854 2541 robur
882 2487 998 2554 ejus
1029 2486 1248 2539 sustulit
1286 2500 1379 2539 rex
1411 2486 1676 2539 omnium.

1073 2574 1331 2630 XLIX.—-
1361 2576 1538 2628 Aliud.

508 2669 711 2740 Fugam
749 2670 999 2738 capessit,
1058 2677 1108 2722 lc
1139 2670 1326 2738 procul
1358 2669 1494 2734 visa,
1540 2669 1744 2734 draco,

511 2761 678 2816 Deum
712 2761 946 2831 gerentis
980 2760 1194 2815 intuens
1230 2761 1359 2830 ligni
1386 2767 1596 2829 typum.

937 2840 941 2848 ’
1064 2850 1125 2903 L.
1147 2882 1216 2892 -—
1244 2851 1425 2904 Aliud.

508 2940 553 2996 Ο
581 2958 738 3005 crux,
768 2942 1015 3012 perenni,
1056 2941 1148 2996 lux
1184 2957 1302 2996 mea
1325 2981 1340 3007 ,
1370 2942 1516 2997 adsis
1552 2943 1773 3007 lumine,

509 3033 796 3104 Longeque
844 3035 1038 3089 mentis
1073 3035 1339 3089 submove
1374 3035 1685 3104 caliginem.

1072 3123 1155 3177 LI.
1181 3155 1251 3164 —-
1270 3124 1453 3178 Aliud.

511 3213 692 3268 Delixa
719 3229 933 3270 summo
955 3213 1233 3285 Golgothaa
1258 3215 1455 3268 montis
1474 3215 1605 3284 jugo
1626 3253 1641 3280 ,

513 3306 824 3378 Haecxpoma
847 3308 1050 3361 mundo
1085 3306 1304 3376 protulit
1339 3305 1543 3360 vitalia.

1102 3396 1212 3449 Lll.
1232 3425 1300 3435 -—
1335 3396 1513 3450 Aliud.

514 3487 764 3555 Expansa
795 3487 1022 3541 tendens
1045 3487 1293 3541 Christus
1315 3487 1366 3539 in
1399 3498 1451 3541 te
1483 3488 1727 3552 brachia,

513 3578 770 3634 Mundum
799 3578 1050 3633 excitavit
1077 3595 1106 3633 e
1137 3580 1388 3633 barathro
1415 3581 1726 3635 criminum.

1096 3669 1228 3732 LIII,
1247 3702 1315 3714 —
1340 3672 1521 3725 Aliud.

518 3766 698 3830 Salve,
739 3764 1035 3834 trophzeum
1069 3765 1276 3819 coelica:
1315 3765 1580 3833 panoplia:
1609 3783 1622 3818 :

514 3858 619 3912 Per
655 3868 707 3912 te
747 3856 929 3925 fugata
955 3865 1039 3909 est
1066 3864 1179 3908 tota
1213 3854 1520 3908 daamonum
1565 3851 1824 3923 phalanx.

1074 3944 1210 3999 LIV.
1233 3975 1297 3985 -—-
1322 3945 1506 4003 Aliud.

519 4043 693 4106 Salve,
726 4041 888 4095 arbor
917 4041 1144 4105 illibata,
1179 4050 1257 4094 ter
1281 4039 1568 4093 laudabilis
1598 4056 1613 4093 :

518 4133 654 4188 Fera
678 4134 866 4187 mortis
905 4132 961 4186 in
992 4141 1043 4187 te
1074 4141 1253 4186 cessat
1298 4132 1622 4187 exsecratio.

1110 4223 1222 4279 LV.
1244 4253 1314 4264 —
1343 4223 1522 4277 Aliud.

527 4322 705 4387 Salve,
737 4336 952 4375 coronae
979 4335 1145 4374 suave
1172 4335 1312 4373 onus
1349 4318 1699 4374 monasticae:

519 4415 722 4471 Christi
754 4415 812 4468 lit
846 4414 941 4467 olli
968 4427 1164 4467 cursus
1195 4412 1249 4464 in
1285 4421 1334 4465 te
1361 4412 1594 4480 planior.

1108 4502 1242 4556 LVI.
1272 4533 1339 4543 —
1378 4503 1558 4556 Aliud.

523 4603 698 4667 Salve,
727 4600 904 4656 omnis
941 4599 993 4654 in
1026 4615 1133 4668 quo
1164 4598 1419 4668 praesides
1467 4607 1651 4654 custos
1685 4597 1790 4652 loci
1824 4615 1837 4650 :

527 4697 715 4752 Salvos
744 4705 893 4750 tuere
925 4701 1193 4763 quotquot
1221 4693 1302 4745 ha:
1334 4691 1491 4746 sedes
1523 4691 1740 4745 habent.

1078 4783 1235 4838 LVII.
1258 4784 1521 4836 ——Aliud.

526 4879 582 4934 Si
626 4893 719 4940 me,
742 4878 826 4932 vel
856 4878 970 4946 ipsa
992 4875 1257 4945 quispiam
1307 4874 1520 4943 eﬂingat
1547 4889 1732 4940 manu,

524 4971 683 5026 Dabit
711 4979 930 5039 repente
956 4970 1200 5024 daemona
1228 4967 1505 5020 inimicum
1535 4966 1588 5019 in
1629 4966 1830 5035 fugam.

806 5054 1076 5114 LVIII.—-
1104 5058 1170 5111 In
1197 5075 1370 5110 cruces
1406 5059 1794 5110 monachorum.

521 5153 667 5207 Crux
713 5154 1016 5206 intuentum
1051 5148 1248 5220 fulguri
1275 5164 1562 5202 coruscum
1611 5149 1795 5217 jubar.

525 5248 664 5300 Crux
700 5255 848 5302 certa
881 5255 934 5300 et
962 5244 1207 5310 expedita
1241 5243 1628 5297 monachorum
1671 5241 1840 5294 salus.

523 5335 669 5390 Crux
693 5336 892 5390 Christi
937 5343 1210 5389 amantum
1242 5332 1608 5401 comprimens
1654 5331 1956 5395 libidinem,

525 5429 668 5481 Crux
698 5429 1090 5498 lacrymantum
1129 5435 1320 5480 cuncta
1355 5424 1541 5477 delens
1576 5423 1826 5476 crimina.

523 5519 663 5575 Crux
695 5521 986 5574 castiorum
1021 5527 1138 5576 tuta.
1177 5528 1357 5573 custos
1386 5517 1666 5570 mentium.

1693 366 1753 426 S.
1789 367 2175 427 THEODORI
2204 369 2547 428 STUDIT/E

2103 473 2155 533 A

2597 468 2728 528 Ml".
2750 502 2819 513 —-
2855 471 2955 538 Εἰς
2979 473 3044 525 τὸ
3071 473 3344 537 τέμόλον.

2245 564 2405 617 Θείαν
2432 563 2703 634 τράπεζαν
2728 564 2831 634 πρὸ
2857 562 3146 633 προσώπου
3179 583 3271 618 σου
3304 567 3537 636 βλέπων,

2243 657 2401 710 Δίδοῦ
2430 657 2490 708 τὸ
2521 655 2736 720 σεπτὸν,
2767 655 2860 708 κα)⁵
2888 657 3022 719 ὅλως
3050 658 3203 728 στῆθι
3235 661 3406 731 φόϐῳ.

2392 748 2523 803 ΜΔ’.
2549 779 2618 790 --
2647 750 2748 813 Εἰς
2771 749 2837 800 τὸ
2865 748 3034 817 ἅγιον
3058 754 3517 822 θυσιαστήριον.

2243 840 2469 910 Φρικτὸν
2491 840 2550 892 τὸ
2588 840 2738 910 βῆμα
2765 840 2944 907 τοῦτο,
2979 843 3075 896 καὶ
3105 843 3308 915 πλῆρες
3340 847 3527 915 φόϐου,

2242 932 2386 994 Ναὸς
2409 931 2542 984 Θεοῦ
2573 932 2852 1001 φωτεινὸς,
2884 935 3068 1001 ἁγνοῖς
3095 936 3312 999 ἀπτέος.

2245 1023 2510 1092 Πρόσελθε
2544 1022 2720 1087 θείως,
2753 1025 2845 1076 καὶ
2872 1024 3118 1094 μεθέξεις
3150 1027 3347 1091 ἀξίως’

2244 1113 2360 1183 Πῦρ
2389 1114 2496 1183 γὰρ
2528 1114 2586 1168 τὸ
2615 1115 2804 1182 δῶρον,
2830 1116 2955 1179 τοὺς
2985 1116 3237 1182 ἀναξίους
3259 1117 3475 1186 φλέγου.

2295 1207 2427 1258 ME’.
2454 1232 2523 1247 --
2552 1206 2650 1272 Εις
2673 1205 2810 1271 τοὺς
2838 1207 3119 1273 πυλῶνας
3147 1209 3253 1263 τοῦ
3285 1208 3610 1277 νάρθηκος.

2245 1297 2423 1361 Πύλας
2445 1299 2632 1367 διάρας
2666 1299 2755 1352 τοῦ
2798 1298 2922 1352 ναοῦ
2953 1301 3062 1353 τῶν
3095 1301 3304 1355 ὲνθάδε.

2247 1389 2350 1442 Ἴθι
2379 1390 2677 1459 προσοίσων
2704 1391 2920 1461 πνεῦμα
2951 1394 3433 1464 συντετριμμένον·

2244 1480 2355 1533 Καὶ
2378 1481 2532 1534 τοῦτο
2555 1471 2700 1551 θῦμα
2723 1483 2909 1537 δεκτόν
2939 1485 3052 1536 ἐστι
3078 1485 3284 1554 Κυρίῳ.

2262 1571 2410 1639 MCI’.
2441 1603 2510 1614 —
2543 1572 2644 1638 Εἰς
2666 1573 2780 1640 τὴν
2805 1575 3042 1644 πρώτην
3071 1575 3311 1629 εἴσοδον
3337 1575 3443 1629 τοῦ
3471 1573 3647 1630 ναοῦ.

2245 1659 2404 1716 Οἷκου
2435 1664 2567 1716 Θεοῦ
2603 1665 2884 1734 μέλλοντες
2917 1665 3208 1719 εἰσϐαίνειν
3243 1666 3436 1737 πύλην.

2250 1755 2393 1818 Ἐξω
2417 1755 2656 1823 γένοισθε
2690 1756 2783 1824 τῆς
2818 1756 2987 1826 μέθης
3013 1757 3120 1809 τῶν
3147 1757 3458 1826 φροντίδων·

2251 1848 2344 1901 Ἵν’
2370 1848 2608 1918 εὐμενῶς
2640 1848 2850 1917 εὕροιτε
2874 1849 2964 1901 τὸν
2989 1849 3179 1918 κριτὴν
3200 1849 3327 1912 ἔσω,

2245 1941 2444 2004 Λύσεις
2468 1942 2593 2010 ὐμῐν
2625 1941 2868 1996 διδοῦντα
2901 1942 3006 1995 τῶν
3037 1941 3386 2011 ὀφλημάτων.

2243 2035 2374 2087 MZ'.
2406 2063 2476 2074 —-
2512 2031 2614 2097 Εἰς
2636 2032 2784 2086 ναοῦ
2814 2033 3088 2086 εἴσοδον·
3129 2035 3218 2100 εὶς
3246 2033 3353 2085 τὸν
3381 2034 3668 2099 σταυρόν.

2247 2125 2424 2194 Ἐχων
2449 2141 2515 2193 με
2548 2123 2798 2194 φρουρὸν,
2829 2123 2903 2194 μὴ
2925 2125 3087 2178 πτοοῦ
3117 2126 3354 2186 κτύπους
3375 2123 3552 2191 φόϐων
3573 2139 3589 2152 °

2245 2215 2504 2283 Καυστὴρ
2530 2215 2634 2283 γάρ
2657 2216 2770 2284 εἰμι
2801 2217 3140 2286 φρικτοειδὴς
3174 2214 3462 2283 δαιμόνων.

2403 2305 2546 2359 MH’.
2572 2334 2643 2346 —
2675 2306 3042 2376 Ἐπίπραμμα
3071 2310 3156 2369 εις
3184 2306 3504 2373 σταυρούς.

2255 2398 2369 2466 Ἐφ’
2400 2390 2443 2463 ᾧ
2470 2397 2765 2467 τυποῦμαι,
2794 2397 2976 2466 χώραν
3001 2399 3061 2449 οὐ
3089 2396 3262 2449 Σατάν
3286 2395 3419 2465 ἔχει’

2245 2489 2475 2542 Καθεῖλε
2503 2490 2611 2561 γὰρ
2638 2490 2699 2541 τὸ
2725 2491 2925 2559 κράτος
2956 2488 3118 2541 αὐτοῦ
3145 2487 3454 2552 Παντάναξ.

2718 2580 2850 2633 ΜΘ’.
2879 2609 2949 2620 —-
2973 2581 3174 2633 "A110.

2245 2671 2346 2723 Σοῦ
2369 2674 2432 2742 τῇ
2462 2670 2558 2743 θέᾳ
2583 2670 2863 2742 πόρρωθεν
2884 2671 2912 2722 6
2941 2670 3154 2741 δράκων
3181 2671 3385 2743 τρέχει,

2246 2765 2426 2818 Τύπον
2457 2781 2517 2816 σε
2545 2763 2754 2837 δέρκων
2812 2764 2907 2817 τοῦ
2941 2764 3230 2818 θεοπλύκου
3261 2765 3440 2831 ξύλου.

2743 2856 2826 2909 N'.
2860 2884 2930 2895 -—
2963 2857 3164 2910 "A110.

2243 2945 2313 3002 Ὦ
2339 2949 2558 3017 σταυρὲ,
2586 2946 2700 3014 φῶς
2725 2963 2845 3015 μου,
2869 2947 3048 3013 λάμπε
3077 2964 3166 3016 μοι
3199 2945 3364 2998 παντὶ
3394 2946 3589 3017 χρόνῳ,

2245 3041 2440 3113 Πόρῤω
2463 3037 2671 3091 διώκων
2698 3037 2798 3105 τῆς
2830 3037 3012 3106 ψυχῆς
3045 3054 3146 3107 μου
3175 3037 3237 3090 τὸ
3264 3037 3469 3102 σκότος.

2723 3130 2850 3183 NA'.
2883 3158 2950 3168 —
2980 3131 3177 3183 Ἄλλο.

2250 3220 2415 3286 Οὗτος
2446 3222 2710 3292 πεπηγὼς
2740 3223 2799 3274 ἐν
2827 3222 2978 3288 τόπῳ
3000 3221 3094 3275 τοῦ
3118 3221 3377 3290 ramea,

2217 3338 2220 3341 κ
2253 3315 2487 3384 Ἤνθησε
2514 3313 2703 3383 κόσμῳ
2734 3312 2970 3383 ζωτικὴν
3005 3313 3330 3383 εὐκαρπίαν.

2726 3402 2852 3456 NB’.
2873 3433 2944 3441 —
2978 3403 3174 3454 "A110.

2262 3497 2348 3548 Ἐν
2368 3493 2498 3564 τῷδε
2522 3494 2709 3563 χεῖρας
2743 3492 3007 3555 ὲξαπλοῦς
3028 3492 3056 3542 6
3086 3491 3391 3555 Παντάναξ,

2254 3587 2473 3658 Ἥγειρε
2496 3585 2697 3654 κόσμον
2728 3586 2792 3636 ἐκ
2819 3584 3087 3654 βαράθρου
3121 3585 3494 3654 πταισμάτων.

2728 3676 2852 3730 NI".
2884 3705 2953 3717 —-
2979 3679 3188 3731 "A110.

2250 3771 2490 3842 Χαίροις,
2518 3769 2774 3841 τρόπαιον
2795 3768 2895 3836 τῆς
2920 3769 3032 3821 ἄνω
3067 3769 3415 3839 παντευχίαςο

2260 3862 2347 3914 Ἐν
2369 3861 2451 3913 σοὶ
2476 3860 2775 3930 τέτραπται
2805 3859 2952 3911 πᾶσα
2978 3858 3244 3928 δαιμόνων
3272 3858 3505 3929 φάλαγξ.

2735 3951 2858 4006 ΝΔν.
2885 3981 2954 3992 —-
2987 3952 3186 4006 Ἄλλο.

2247 4047 2490 4118 Χαίροις,
2515 4041 2952 4116 τρισευλόγητον,
2980 4046 3244 4115 ἄχραντον
3273 4042 3429 4109 ξύλον
3451 4059 3467 4072 ο

2261 4142 2348 4195 Ἐν
2377 4142 2459 4194 σοὶ
2489 4144 2764 4194 πέπαυται
2796 4141 2895 4209 τῆς
2922 4141 3058 4209 ἀρᾶς
3083 4141 3115 4207 ἠ
3146 4137 3429 4207 θνητότης.

2720 4227 2847 4284 NE'.
2882 4257 2954 4270 —-
2991 4229 3196 4281 "A110.

2250 4323 2494 4393 Χαίροις,
2516 4322 2793 4391 μοναστῶν
2819 4318 3191 4388 παντέλαφρον
3223 4316 3462 4387 φορτίον.

2263 4416 2351 4468 Ἐν
2380 4415 2464 4467 σοὶ
2491 4415 2596 4485 γὰρ
2631 4414 2811 4474 αὐτοῖς
2840 4410 3038 4479 κοῦφος
3064 4411 3091 4461 6
3117 4407 3352 4478 Χριστοῦ
3379 4407 3600 4479 δρόμος.

2725 4501 2868 4569 NG’.
2895 4531 2969 4540 —
3003 4502 3202 4554 Ἄλλο.

2252 4598 2493 4670 Χαίροις,
2527 4593 2809 4664 φυλακτὴρ
2837 4587 2896 4646 οῦ
2923 4591 3278 4662 παρεδρεύεις
3309 4591 3499 4645 τόπουο

2251 4693 2479 4755 Σκὲποις
2509 4687 2707 4752 ἀσινῶς
2737 4689 2862 4749 τούς
2901 4686 3160 4756 μένοντας
3190 4683 3398 4738 ἐνθάδε.

2733 4779 2860 4833 NZ'.
2885 4807 2953 4818 —
2978 4778 3167 4830 Ἀλλο

2252 4875 2449 4929 Τυπῶν
2475 4873 2542 4944 μέ
2567 4890 2649 4935 τις
2680 4871 2773 4925 καὶ
2800 4871 2956 4941 μόνον
2982 4868 3156 4937 ἐμπου
3188 4866 3459 4938 δακτύλῳ,

2250 4966 2423 5028 Εὐθὺς
2451 4965 2538 5019 τὸν
2563 4963 2913 5035 ὲχθραίνοντα
2940 4961 3167 5030 δαίμονα
3200 4960 3442 5031 στρέφει.

2405 5059 2538 5111 NH'.
2573 5085 2639 5098 -
2666 5055 2768 5121 Εἰς
2789 5053 3090 5122 σταυροὺς
3106 5050 3427 5122 μοναστῶν
3457 5052 3508 5105 δ.

2250 5151 2485 5222 Σταυρὸς
2513 5148 2811 5218 βλεπόντων
2839 5148 3260 5217 ἀστραπηφόρον
3292 5144 3472 5206 σέλας.

2249 5242 2484 5312 Σταυρὸς
2516 5238 2790 5310 μοναστῶν
2819 5236 3077 5306 εὐδρομος
3107 5236 3367 5306 σωτηρία,

2252 5332 2487 5402 Σταυρὸς
2516 5328 2805 5397 φιλούντων
2832 5327 3027 5390 ὲνθέως
3059 5326 3432 5396 πορνοκτόνος.

2254 5423 2486 5489 Σταυρὸς
2511 5418 2778 5470 κλαόντων
2799 5417 3132 5486 ὲξαλείπτωρ
3163 5413 3538 5482 πταισμάτων.

2254 5512 2489 5581 Σταυρὸς
2519 5508 2789 5578 φιλάγνων
2815 5506 3216 5578 ἀσφαλέστατος
3247 5506 3439 5576 φύλαξ.

1830 5666 2062 5721 νΑιιιιΕ
2104 5664 2506 5721 LECTIONES.

599 5807 630 5850 h
663 5809 791 5880 Reg.
824 5807 943 5863 cod.
983 5806 1406 5877 Ἐπιγράμματα
1452 5807 1734 5876 μονόστιχα
1779 5807 1855 5869 εἰς
1903 5803 2186 5877 σταυρούς.
