3968 6524
251 464 389 526 I797

790 572 918 626 NG’.
954 602 1023 614 —
1047 573 1245 628 Ἄλλο.

246 667 359 728 Πᾶς
387 665 415 718 ό
447 663 672 736 γράφων
705 680 795 734 με,
830 665 923 718 καὶ
950 664 1179 735 γράφειν
1199 662 1432 734 Χριστὸν
1451 662 1593 718 θέλε.

258 755 518 825 Ἐπείπερ
538 754 698 818 αὐτὸς
734 752 1140 823 συμπέπλεκται
1176 770 1265 823 μοι
1291 752 1471 807 πάθει.
1515 810 1517 813 ,

258 845 423 915 Ἐμοῦ
449 845 557 915 γὰρ
578 844 787 914 ἐχθρὸς,
815 844 909 896 καὶ
938 842 1264 912 καθαιρέτης
1296 842 1471 907 πέλει,

259 935 317 987 '0
349 934 425 1004 μὴ
453 934 678 1004 γράφων
706 935 931 998 ἐκεῖνον,
957 936 1004 986 εἰ
1031 933 1123 986 καί
1153 951 1220 1004 με
1248 935 1468 1006 γράφει.

726 1023 801 1077 Ξ’.
831 1053 896 1063 -
919 1026 1176 1078 Μονόστι
1180 1041 1312 1093 χον.

249 1113 482 1183 Βροτοὺς
519 1112 774 1182 δαδουχῶ,
801 1112 895 1166 καὶ
926 1114 1356 1181 σκοταρχοῡντας
1387 1112 1591 1183 φλέγω.

605 1202 725 1257 EA’.
753 1232 820 1244 ——
842 1202 936 1269 Είς
970 1203 1075 1257 τὸν
1097 1204 1455 1271 ΙΙρόδρομον.

251 1294 428 1348 Είκὼν
481 1295 709 1364 ὑπάρχω
741 1293 834 1346 τοῦ
862 1294 1120 1347 σεϐαστοῦ
1147 1294 1479 1366 Προδρόμου.

250 1387 359 1438 Καὶ
384 1386 509 1448 τοὺς
538 1385 685 1454 πόθῳ
716 1402 781 1454 με
817 1384 1247 1455 προσκυνοῦντας
1267 1384 1455 1448 ἀξίως,

262 1477 351 1539 Ὠς
384 1478 461 1540 εἰς
490 1478 692 1529 ἐκεῖνον
718 1475 816 1544 τὴν
848 1477 1014 1547 τιμὴν
1045 1474 1415 1545 ποιουμένους,

250 1560 432 1623 Σώους
467 1560 700 1629 φύλαττε
722 1561 1096 1634 αἱρετιζόντων
1124 1563 1349 1630 πλάνης.

288 1650 406 1706 EB’.
439 1680 510 1691 —
540 1651 648 1717 Εὶςθ
668 1652 775 1705 τὸν
802 1652 970 1721 ἅγιον
1010 1652 1292 1721 Ἰωάννην
1321 1651 1427 1705 τὸν
1455 1654 1764 1724 Θεολόγον.

251 1743 489 1812 Βροντῆς
520 1743 607 1795 τὸν
636 1743 770 1809 υἱὸν,
801 1743 1085 1814 ἀστραπὴν
1111 1733 1221 1814 τῆν’
1235 1742 1326 1796 τοῦ
1352 1742 1529 1809 λόγου,

266 1834 440 1904 Ὀρῶν
469 1852 527 1887 σε
548 1835 787 1905 γραπτὸν
811 1835 1114 1905 φωτιοῦμαι
1144 1834 1268 1895 τοῦς
1292 1834 1436 1897 νόας.

252 1925 327 1979 Σὺ
348 1925 456 1994 γὰρ
483 1925 763 1994 προσάψας
789 1923 991 1994 πυρσὸν
1021 1924 1309 1993 ἀφθάρτων
1331 1924 1525 1993 λόγων,

256 2014 426 2067 Λῦσαι
456 2014 674 2082 φθάνεις
698 2013 787 2065 τὸν
818 2013 1015 2081 κόσμον
1040 2015 1103 2065 ὲκ
1128 2012 1347 2077 σκότους
1375 2014 1601 2085 πλάνης.

325 2102 441 2154 ΞΡ.
477 2105 580 2166 Εἰς
610 2101 716 2154 τὸν
749 2099 917 2168 ἅγιον
954 2100 1196 2155 Παῦλον
1229 2101 1337 2155 τὸν
1363 2102 1730 2158 ἀπόστολον.

256 2192 501 2263 Χαίροις,
527 2192 729 2261 δοχεῖον
752 2190 1008 2259 γνώσεως
1032 2191 1166 2246 Θεοῦ
1203 2194 1366 2261 μέγα,

268 2284 358 2349 Ἐξ
386 2277 446 2337 οὗ
473 2282 542 2334 τά
579 2281 695 2334 θεῖα
722 2282 918 2346 πάντες
943 2283 1189 2336 άπιτλοῦσι
1222 2287 1443 2358 σφόδρα.

268 2373 365 2424 Ἐκ
393 2372 500 2442 γάρ
529 2370 733 2441 πλάνης
759 2372 822 2425 σὺ
857 2373 1059 2442 κόσμον
1086 2375 1361 2437 ἐκσπάσας
1393 2376 1525 2441 ὅλον,

232 2456 352 2525 ³Είς
387 2461 519 2532 ὕψος
542 2457 727 2532 ἦλθες,
759 2462 986 2532 οὐρανὸν
1020 2464 1200 2535 τρίτον
1233 2467 1464 2535 φθάσας.

504 2552 618 2608 EA’.
649 2583 719 2598 —-
745 2558 848 2620 Εἰς
898 2556 1003 2608 τὸν
1030 2555 1201 2625 ἅγιον
1243 2560 1561 2626 Ζαχαρίαν.

262 2642 333 2694 Σὺ
363 2642 469 2695 τῶν
500 2645 793 2715 προφητῶν
825 2645 916 2697 τὸν
945 2646 1195 2715 μέγιστον
1222 2649 1488 2716 αὑγάσας,

262 2731 395 2783 Θεοῦ
430 2734 1102 2805 προφήτηςχρηματίζεις
1134 2738 1227 2790 καὶ
1261 2738 1444 2806 θύτης*

264 2823 487 2891 Καρπὺν
513 2824 569 2876 δὲ
597 2824 736 2876 θεῖον
761 2826 1082 2896 προσφέρων
1118 2828 1194 2898 τῷ
1228 2829 1491 2902 Δεσπότῃ,

264 2915 377 2987 Θόη
417 2927 657 2986 μάχαιρα
687 2916 792 2987 πρὸ
815 2921 1091 2989 τραπέζης
1132 2919 1360 2990 Κυρίου.

508 3004 624 3059 ΞΕ’.
657 3036 728 3049 —-
758 3011 861 3075 Είς
883 3010 988 3063 τὸν
1020 3010 1192 3080 ἅγιον
1235 3012 1565 3065 Διονύσιον.

266 3097 439 3158 Πολὺς
465 3096 533 3148 τά
557 3096 676 3150 θεῖα
704 3101 1076 3170 χρηματίζων,
1102 3103 1437 3172 τρισμάκαρ,

268 3190 309 3240 Τ
312 3190 405 3251 οὓς
426 3188 688 3256 ἀγγέλους
718 3192 780 3244 σὺ
818 3192 1088 3260 μυστικῶς
1142 3193 1492 3267 διαγράφεις,

270 3279 376 3332 Καὶ
408 3282 792 3351 συμπεραίνων
824 3284 1006 3335 πᾶσαν
1034 3283 1336 3353 ίεραρλίαν,

268 3372 310 3422 Τ
313 3374 369 3423 ὸν
392 3371 593 3442 κόσμον
616 3373 764 3427 ἔνθεν
788 3374 1069 3445 δογμάτων
1101 3375 1326 3447 πληροῖς
1360 3375 1571 3429 πλάτει.

513 3464 646 3531 EQ".
676 3496 743 3506 —
766 3467 867 3531 Εἰς
912 3467 1016 3519 τὸν
1048 3466 1219 3546 ἅγιον
1257 3468 1601 3525 Βασίλειον.

274 3556 597 3625 Ἦστραψας
630 3556 791 3628 αἴγλῃ
822 3556 914 3608 τοῦ
933 3557 1152 3624 φαεινοῦ
1178 3575 1267 3609 σου
1297 3559 1434 3628 βίου,

273 3647 380 3699 Καὶ
410 3647 718 3715 φαιδρύνεις
742 3648 833 3700 τὸν
863 3648 1064 3718 κόσμον
1095 3649 1274 3719 ἔργοις
1296 3651 1386 3703 καὶ
1415 3650 1615 3719 λόγοις.

275 3736 466 3788 Λαϐὼν
504 3736 560 3788 δὲ
585 3738 680 3801 τὰς
720 3737 864 3800 κλεῖς
891 3740 1085 3802 καύτὸς
1114 3740 1188 3803 ὡς
1218 3741 1423 3811 Πέτρος
1455 3743 1593 3808 νέος,

272 3826 449 3889 Φύλαξ
476 3826 736 3896 ὑπάρχεις
758 3828 857 3897 τῆς
883 3830 1059 3901 πάσης
1102 3831 1444 3901 Ἐκκλησίας.

275 3916 390 3973 ΞΖ’.
428 3944 501 3955 -
527 3918 630 3982 Είς
689 3918 794 3971 τὸν
842 3918 1012 3987 ἅγιον
1066 3923 1391 3991 Γρηγόριον
1435 3923 1540 3977 τὸν
1591 3922 1775 3975 Θεολό
1799 3951 1825 3962 -

984 4028 1110 4077 γον.

276 4099 521 4172 Βροντῶν
548 4100 615 4153 τὰ
637 4101 753 4154 θεῖα
780 4104 846 4172 τῇ
884 4101 977 4173 βοῇ
1006 4103 1112 4155 τῶν
1141 4105 1444 4175 δογμάτων,

284 4191 529 4260 Ἥχησας
556 4191 721 4254 ὅντως
757 4192 854 4262 τὴν
880 4194 968 4244 ὑπ’
1000 4193 1246 4263 οὐρανὸν,
1282 4197 1485 4267 μάκαρ.

279 4283 388 4334 Καὶ
415 4283 592 4344 πάσας
622 4282 784 4353 ἀπρὶξ
812 4285 1064 4354 μωράνας
1094 4287 1350 4357 αἱρέσεις,

280 4374 383 4426 Τὸν
408 4374 609 4443 κόσμον
639 4374 925 4445 ἐστήριξας
954 4379 1011 4429 ἐν
1040 4379 1155 4440 τοῖς
1184 4380 1294 4441 σοῖς
1328 4380 1522 4447 λόγοις.

278 4461 404 4515 EH’.
433 4491 503 4503 ——
530 4465 635 4528 Εἰς
684 4464 790 4518 τὸν
845 4465 1012 4534 ἅγιον
1064 4470 1392 4537 Γρηγιξριον
1430 4472 1533 4524 τὸν
1570 4476 1829 4544 Θαυματ-

938 4561 1175 4627 cvm-6r.

291 4645 377 4705 Ὠς
404 4643 554 4714 ἥλιός
580 4662 663 4708 τις
689 4647 746 4699 ἐν
786 4646 884 4718 βίῳ
912 4648 1131 4719 λάμψας
1163 4652 1356 4719 μέγας,

280 4735 657 4798 Διασκεδάζεις
684 4736 850 4790 νύκτα
881 4739 980 4808 τῆς
1009 4740 1307 4812 μοχθηρίας
1332 4761 1345 4774 ·

284 4832 391 4882 Καὶ
422 4830 850 4907 θαυματουργῶν
879 4836 984 4887 τῶν
1018 4838 1333 4906 προσευχῶν
1354 4839 1430 4910 τῷ
1460 4842 1605 4910 φάει,

297 4922 677 4986 Ἀπεκδιώκεις
707 4924 975 4993 δαιμόνων
1007 4928 1207 4997 σμήνη,
1242 4930 1439 5001 Πάτερ.

526 5012 643 5065 ΞΘ’.
674 5044 742 5053 —
778 5013 877 5079 Εἰς
904 5015 1009 5068 τὸν
1031 5015 1200 5084 ἅγιον
1253 5018 1622 5089 Ἑπιράνιον.

299 5102 603 5174 Ἑωσφόρον
632 5121 691 5156 σε
717 5105 967 5173 πράξεως
1002 5109 1034 5177 ὴ
1067 5108 1405 5181 λαμπρότης,

293 5194 531 5257 Ἕδειξεν
567 5194 690 5264 ὕψει
718 5197 826 5250 τῶν
860 5198 1129 5267 μεγίστων
1160 5204 1470 5272 θαυμάτων.

303 5284 389 5349 Ἐξ
420 5280 487 5355 ἧς
517 5287 583 5339 τὰ
616 5287 802 5357 ῥεῖθρα
836 5288 1177 5360 πλημμυρῶν
1203 5294 1309 5346 τῶν
1344 5296 1645 5367 δογμάτων.

295 5377 515 5430 Πάντων
545 5379 808 5449 θρίαμϐος
838 5382 1214 5451 αἱρετιζὸντων
1248 5386 1445 5449 πέλεις.

294 5470 369 5523 Ο’.
404 5499 475 5509 -
505 5474 605 5535 ΕΙς
634 5474 761 5557 ςτὸν
808 5473 977 5541 ἅγιον
1033 5474 1318 5542 Ἰγνιὶτιον
1360 5480 1466 5531 τὸν
1525 5483 1834 5551 Θεοφόρον.

322 5562 472 5630 Εχων
498 5561 675 5632 ἔρωτα
707 5564 937 5632 Χριστὸν
963 5568 1020 5617 ἐν
1051 5569 1113 5635 σῇ
1146 5569 1357 5637 καρδίᾳ.

308 5652 639 5705 Ἀποστόλων
668 5654 926 5723 σύσκηνος
952 5654 1157 5727 ὤφθης,
1182 5659 1493 5730 τρισμάκαρ
1517 5676 1530 5690 '

302 5743 513 5808 Ἀθλοις
540 5745 597 5797 δὲ
631 5745 849 5817 θερμοῖς
876 5749 1205 5818 ἐκφλογίζων
1233 5752 1328 5819 τὴν
1356 5753 1581 5823 πλάνην,

315 5832 645 5900 Ἑπιστολαις
681 5854 771 5890 eoo
802 5838 1005 5902 Παῦλος
1032 5839 1185 5903 ἄλλος
1214 5858 1297 5904 τις
1323 5842 1520 5908 πέλεις.

1727 466 1864 527 IAM
1874 468 1963 527 BI.

1736 620 1739 621 ν
1822 579 1871 637 Δ
2411 579 2634 626 LIX.-—
2662 579 2843 620 Alma.

1829 681 1832 683 λ
1903 664 2219 735 Quicunque
2244 661 2421 735 pingis
2449 676 2553 724 me,
2581 659 2743 713 simul
2776 657 3051 712 Christum
3079 654 3210 709 velis

1861 4577 1914 4635 D

2516 494 2517 497 η
3305 446 3439 511 I798

2411 568 2547 626 LIX.
2564 597 2634 609 -—
2662 565 2843 620 Aliud.

1898 756 2159 821 Pinxisse,
2211 762 2385 809 morte
2412 768 2538 806 nam
2565 751 2847 819 colligatus
2886 747 3017 801 mihi
3057 754 3160 801 est.

1897 846 2268 902 Exterminare
2304 859 2390 899 me
2412 852 2587 912 parat,
2618 841 2663 895 si
2686 841 2808 909 quis
2837 848 3019 908 typum

1897 938 2029 1009 Ejus
2082 943 2297 992 recuset
2333 936 2570 1004 pingere,
2596 940 2649 983 et
2675 931 2856 999 pingat
2886 940 3087 980 meum.

2381 1021 2566 1077 LX.——
2583 1019 2990 1074 Monostichum.

1898 1116 2212 1172 Mortalihus
2247 1131 2368 1171 sum
2396 1114 2507 1179 lux,
2537 1120 2592 1167 et
2614 1126 2713 1166 uro
2742 1111 3059 1164 daemonas:

2342 1203 2478 1259 LXI.
2501 1234 2569 1245 —
2596 1202 2662 1257 1η
2685 1202 3051 1256 Prodromum.

1901 1299 2078 1368 Imago
2100 1312 2219 1352 sum
2256 1294 2558 1350 veneranda
2612 1292 2791 1361 magni
2826 1287 3147 1349 Prodromi;

1902 1388 1966 1441 Et
1988 1403 2072 1441 me
2107 1385 2312 1440 lubenti
2342 1386 2433 1454 qui
2466 1385 2651 1439 colunt
2682 1382 2883 1443 animo,
2910 1389 2967 1433 ut
2992 1379 3164 1440 decet,

1903 1475 2097 1530 Sancte
2125 1476 2435 1530 exhibentes
2464 1488 2624 1543 quem
2654 1472 2784 1525 mihi
2823 1472 3024 1524 cultum
3053 1464 3328 1527 exhibent,

1901 1565 2012 1621 Hos
2038 1566 2151 1635 ipse
2182 1581 2364 1621 serves
2391 1564 2615 1619 lneresis
2648 1563 2922 1631 contagio.

2041 1655 2201 1711 LXII.
2222 1685 2289 1698 ——
2313 1655 2377 1708 In
2412 1663 2649 1708 sanctum
2685 1652 2941 1707 Joannem
2974 1651 3285 1725 Theologam

1908 1742 2176 1813 Verbique
2200 1742 2401 1813 fulgur,
2433 1756 2485 1797 et
2518 1743 2739 1796 louitrui
2766 1743 2927 1805 Illius,

1906 1836 2032 1891 Mihi
2066 1837 2184 1890 luce
2213 1836 2448 1903 comples
2472 1844 2726 1898 mentem,
2755 1836 2846 1889 ubi
2873 1836 3073 1904 pictum
3102 1837 3342 1906 intueor.

1838 1911 1881 1965 Β
1905 1929 2061 1984 Potes
2084 1942 2311 1983 corusca
2356 1943 2587 1997 namque
2617 1942 2925 1981 sermonum
2963 1926 3102 1991 face,

1903 2020 2117 2075 Erroris
2146 2019 2365 2073 umbras
2409 2021 2539 2073 orbe
2577 2027 2686 2072 toto
2722 2019 2937 2088 pellere.

2042 2110 2224 2166 LXIII.
2263 2142 2334 2151 —
2360 2109 2429 2164 In
2465 2122 2706 2164 sanctum
2732 2110 2957 2164 Paulum
2992 2107 3310 2177 apostolum.

1906 2207 2084 2270 Salve,
2114 2220 2147 2259 ο
2174 2219 2421 2273 supernae
2458 2204 2659 2273 grande
2691 2217 2788 2256 vas
2817 2201 3058 2256 scientia:
3087 2218 3101 2255 :

1907 2301 1985 2356 Ex
2012 2315 2119 2371 quo
2151 2298 2384 2354 universi
2442 2311 2638 2365 nempe
2663 2296 2846 2349 divina
2878 2296 3156 2349 hauriunt.

1908 2392 2011 2447 Per
2035 2403 2085 2446 te
2116 2390 2330 2460 fugatus
2352 2388 2482 2442 orbe
2512 2397 2797 2457 postquam
2825 2402 2979 2441 error
3010 2385 3135 2450 fuit,

1910 2482 2135 2538 Tolleris
2162 2482 2227 2535 ad
2258 2482 2386 2545 alta,
2418 2480 2612 2534 ctelum
2646 2479 2712 2533 ad
2744 2494 2917 2547 usque
2948 2480 3191 2533 tertium.

2186 2570 2439 2626 LXIV.—
2464 2570 2529 2624 1n
2566 2581 2803 2623 sanctum
2830 2569 3173 2625 Zachariam.

1911 2663 1991 2718 Tu
2032 2663 2124 2733 qui
2145 2665 2461 2730 prophetam
2490 2661 2795 2730 prazdieasti
2829 2660 3149 2724 maximum,

1912 2754 2005 2809 Dei
2037 2756 2292 2808 sacerdos
2321 2763 2374 2807 et
2409 2753 2668 2822 propheta
2696 2752 2895 2806 diceris
2926 2768 2940 2805 :

1912 2841 2248 2910 Dominoque
2275 2840 2509 2894 fructum
2534 2840 2632 2894 rite
2656 2839 2899 2893 divinum
2926 2837 3179 2901 offerens,

1912 2934 2170 2990 Mactatus
2198 2948 2347 2996 ense,
2377 2933 2594 2987 victima
2623 2943 2746 2987 ante
2772 2948 2920 2986 aram
2953 2932 3125 2987 cadis.

2174 3024 2334 3080 LXV.
2365 3054 2432 3066 -—-
2461 3024 2528 3079 In
2565 3034 2804 3079 sanctum
2841 3024 3175 3095 Dionysium.

1913 3116 2063 3171 Felix
2091 3117 2274 3182 nitnis,
2306 3116 2489 3171 divina
2512 3118 2598 3171 cui
2624 3116 2810 3170 datum
2834 3117 3040 3185 eloqui,

1844 3242 1886 3299 ο
1920 3207 1980 3261 Ει
2009 3207 2318 3278 angelorum
2359 3223 2554 3261 arcana
2586 3223 2812 3276 quaeque
2838 3208 3073 3275 pandere
3102 3223 3117 3259 :

1919 3299 2243 3366 Complexus
2263 3313 2422 3352 omne
2455 3298 2716 3367 quidquid
2738 3307 2832 3352 est
2859 3295 3197 3360 ltierarcltim,

1921 3390 2201 3461 Multiplici
2239 3392 2496 3445 mundum
2528 3390 2652 3445 inde
2674 3390 2920 3444 doctrina
2945 3389 3136 3457 reples.

2224 3480 2404 3535 LXVI.
2432 3511 2500 3521 —
2530 3480 2592 3533 In
2617 3490 2854 3533 sanctum
2877 3479 3169 3532 Basiliam.

1922 3572 2058 3627 Viue
2085 3571 2295 3627 refulsit
2328 3571 2583 3640 splendor
2612 3571 2844 3625 eximius
2884 3579 3021 3635 tuae,

1923 3665 2208 3734 Factisque
2240 3664 2499 3717 mundum
2525 3664 2723 3732 pariter
2752 3673 2804 3717 et
2836 3664 3016 3716 verbis
3041 3662 3191 3716 beas.

1922 3758 1998 3812 Ac
2021 3758 2133 3826 ipse
2166 3757 2366 3819 claves,
2398 3754 2531 3808 alter
2559 3764 2617 3808 ut
2646 3753 2858 3820 Petrus,
2894 3769 3085 3823 gerens
3106 3793 3122 3818 ,

1923 3849 2179 3903 Ecclesiae
2209 3862 2350 3901 unus
2390 3846 2657 3900 universae
2684 3846 2973 3914 prospicis.

1994 3932 2200 3989 LXVII.
2232 3963 2297 3974 —
2333 3931 2397 3985 In
2425 3942 2664 3986 sanctum
2711 3931 3022 4003 Gregorium
3058 3929 3394 4000 Tlteoiogum.

1927 4114 2055 4180 Quae
2081 4124 2135 4166 tu
2177 4111 2381 4182 potenti
2415 4125 2546 4165 voce
2575 4109 2763 4164 fudisti
2796 4118 2989 4164 tonans

1927 4206 2179 4267 Oracula,
2212 4205 2411 4267 omnis,
2436 4203 2579 4267 dive,
2601 4202 2840 4258 mundus
2869 4201 3043 4255 audiit
3076 4218 3090 4255 :

1926 4296 2309 4364 Perimensque
2337 4304 2559 4349 cunctas
2602 4296 2835 4348 Itazreses
2870 4293 3128 4347 radicitus
3148 4334 3164 4359 ,

1929 4388 2122 4442 Orbem
2158 4388 2465 4441 universum
2496 4402 2675 4441 sermo
2706 4387 2947 4439 firmavit
2974 4396 3120 4440 tuus.

1931 4477 2155 4533 LXVIII.
2194 4510 2262 4519 —-
2292 4477 2357 4531 In
2386 4488 2624 4531 sanctum
2663 4474 2969 4546 Gregorium
3009 4475 3468 4547 Thaumaturgum.

1931 4652 2080 4707 IIaud
2113 4653 2265 4707 aliter
2294 4668 2358 4707 ac
2389 4652 2468 4707 sol
2501 4652 2715 4721 aliquis,
2752 4652 2808 4705 in
2838 4650 2945 4704 vita
2971 4651 3175 4705 micans
3195 4691 3211 4718 ,

1932 4745 2205 4800 Scelerum
2232 4744 2512 4798 nefandam
2539 4742 2747 4810 disjicis
2791 4742 3074 4809 caliginem
3108 4760 3125 4797 :

1931 4836 2155 4890 Precum
2192 4844 2246 4889 et
2273 4846 2485 4888 tuarum
2510 4833 2589 4887 vis
2624 4842 2844 4901 patrans
2868 4833 3127 4886 miracula
3154 4872 3170 4897 ,

1931 4926 2125 4981 Procul
2160 4935 2401 4978 catervas
2430 4924 2735 4977 daemonum
2763 4922 2928 4991 fugat,
2959 4923 3138 4976 Pater.

2142 5014 2324 5068 LXIX.
2356 5040 2426 5052 -—
2460 5010 2525 5066 1η
2565 5022 2805 5066 sanctum
2842 5012 3214 5082 Epiphaniam.

1936 5107 2158 5161 Divinus
2196 5120 2416 5175 Operum
2454 5102 2651 5173 fulgor,
2683 5113 2845 5173 atque
2878 5103 3164 5157 excelsitas

1936 5201 2336 5259 Miraculorum,
2364 5197 2730 5265 pltosphorum
2768 5205 2818 5249 te
2858 5195 3125 5265 praestitit.

1942 5292 2204 5365 Doctrina:
2230 5299 2284 5345 et
2304 5290 2459 5342 alma:
2499 5289 2642 5357 larga
2667 5287 2850 5342 fundis
2881 5288 3099 5341 flumina
3121 5328 3135 5353 ,

1942 5384 2108 5438 Victis
2134 5383 2440 5450 triumphos
2471 5382 2731 5433 luerosum
2758 5382 2919 5434 sectis
2952 5396 3138 5448 agens.

2046 5472 2205 5527 LXX.
2240 5504 2305 5513 —-
2336 5471 2661 5525 Instinctam
2694 5469 2959 5539 lgnatium
2993 5469 3375 5539 Tlteopltormu.

1944 5566 2144 5620 Gerens
2170 5565 2220 5615 in
2252 5566 2355 5616 alto
2379 5563 2576 5615 Christi
2611 5576 2851 5614 amorem
2880 5548 3136 5629 pectore,

1945 5654 2321 5731 Apostolorum
2365 5651 2513 5706 visus
2539 5667 2595 5705 es
2619 5650 2746 5704 felix
2776 5666 2959 5706 comes
2984 5668 2997 5682 '

1948 5746 2197 5799 Errorem
2227 5753 2279 5798 et
2315 5744 2424 5797 acri
2458 5758 2786 5811 persequens
2818 5744 3139 5804 certamine.

1950 5840 2127 5896 Alium
2165 5836 2270 5891 tuis
2302 5836 2357 5889 in
2389 5836 2629 5906 epistolis
2651 5834 2875 5891 Paulum
2901 5837 3146 5894 exhibes.
