3968 6440
542 316 683 384 1799

818 430 1003 487 LXXI.
1032 462 1100 473 —
1129 430 1198 486 In
1224 442 1465 487 sanctum
1486 432 1857 492 Athanasium.

538 522 672 580 Nam
697 523 821 597 quis
849 523 1085 589 labores,
1113 524 1297 594 praelia
1332 535 1386 580 et
1427 533 1520 580 tua
1556 524 1820 595 explicet,

537 614 749 669 Athleta
782 614 1019 685 magne?
1044 626 1100 668 tu
1140 615 1524 684 magistrorum
1567 615 1753 671 decus.

536 703 671 760 Nam
702 721 799 776 pro
832 704 963 771 Deo,
983 705 1215 777 gigantis
1242 706 1438 772 instar,
1465 706 1753 771 dimicans,

535 792 732 851 Hostes
758 794 1100 865 triumphans
1127 795 1405 865 dissipasti
1427 797 1717 865 pessimos.

890 884 1100 945 LXXII.
1122 918 1193 930 —-
1209 890 1277 942 In
1294 887 1748 959 Chrysostomum.

537 975 583 1031 Ο
614 977 705 1047 qui
742 979 996 1048 perennis
1034 980 1361 1050 eloquentia:
1383 995 1583 1037 aureos

535 1064 734 1123 Fontes
761 1068 1017 1135 recludis,
1045 1079 1240 1125 cuncta
1278 1078 1550 1126 terrarum
1581 1072 1743 1140 irriga
1779 1089 1794 1124 :

537 1156 789 1216 Pandens
818 1159 1012 1215 salutis
1034 1168 1089 1215 et
1114 1162 1253 1215 viam
1282 1161 1608 1216 mortalibus
1630 1198 1645 1224 ,

535 1250 737 1308 Omnes
780 1251 940 1307 beato
974 1252 1210 1308 coalitum
1234 1254 1379 1324 gregi
1407 1255 1607 1309 insere.

812 1341 1046 1397 LXXIII.
1079 1374 1148 1385 -—
1180 1342 1247 1398 In
1271 1354 1513 1399 sanctum
1546 1343 1828 1415 Cyrillum.

536 1431 688 1489 Tuus
708 1443 825 1489 arte
851 1434 1020 1489 multa
1041 1450 1339 1506 congerens
1373 1451 1557 1492 sacras
1585 1453 1745 1507 opes,

534 1523 734 1581 Ditavit
760 1530 947 1581 orbem
992 1530 1341 1596 postmodum
1371 1531 1623 1600 egregius
1654 1531 1804 1585 labor
1835 1548 1849 1585 :

533 1612 766 1672 ProI’ana
791 1626 1039 1686 retegens
1071 1619 1339 1673 haeresum
1367 1631 1423 1674 et
1461 1621 1719 1692 mysteria
1738 1657 1755 1685 ,

536 1706 759 1764 Sincera
780 1710 993 1779 populis
1026 1710 1328 1780 pradicasti
1352 1713 1383 1766 d
1399 1724 1648 1795 ogmata.‘

607 1796 841 1853 LXXIV.
870 1828 940 1840 —
977 1797 1044 1853 In
1068 1809 1307 1853 sanctum
1354 1800 1660 1872 Gregorium
1702 1800 2017 1871 Nyssenum.

537 1884 858 1941 Sermonum
884 1887 1155 1956 aperiens,
1192 1886 1345 1953 Dive,
1376 1888 1578 1943 fontem
1611 1888 1852 1945 dulcium
1872 1928 1887 1953 ,

534 1974 762 2033 Omnem
794 1976 992 2049 fugasti
1026 1980 1229 2034 lumine
1248 1980 1448 2051 ingenii
1488 1981 1737 2038 heresim
1766 2000 1781 2036 :

533 2065 776 2139 Novique
795 2067 961 2126 Mosis
994 2070 1252 2144 inclytum
1282 2086 1478 2127 nomen
1504 2087 1699 2142 gerens
1720 2114 1738 2141 ,

535 2155 740 2212 Ductor
769 2157 1040 2228 gubernas
1066 2161 1306 2230 Optimus
1335 2162 1595 2232 populum
1625 2160 1743 2217 Dei.

632 2248 843 2309 LXXV.
881 2280 943 2292 —
972 2250 1039 2306 In
1073 2262 1313 2307 sanctum
1348 2252 1674 2308 Theodorum
1704 2253 1957 2309 Siceoten.

534 2340 581 2396 0
608 2344 814 2413 grande
841 2358 1044 2398 munus
1072 2345 1290 2401 cmlitus
1320 2345 1526 2399 mundo
1553 2345 1737 2400 datum
1760 2384 1776 2410 ,

535 2433 704 2489 Malas
736 2434 934 2506 fugasti
968 2435 1278 2492 daemonum
1302 2444 1533 2501 turmas,
1564 2438 1739 2492 Pater.

538 2524 758 2581 Fulsisti
787 2534 847 2580 ut
876 2526 1079 2581 almum
1110 2527 1266 2582 sidus
1298 2544 1313 2580 :
1351 2528 1593 2597 ipsisque
1626 2528 1833 2598 angelis

537 2614 749 2671 Eximia
776 2618 902 2672 vitae
935 2619 1196 2672 sanctitas
1222 2617 1349 2673 fecit
1370 2633 1583 2689 parem.

800 2704 1039 2762 LXXVI.
1071 2736 1142 2747 ——
1173 2706 1241 2761 In
1272 2718 1513 2762 sanctum
1541 2707 1849 2763 Antonium.

538 2795 680 2867 Ignis
702 2798 957 2853 columna
988 2799 1137 2855 visus
1155 2814 1235 2865 es,
1274 2800 1399 2855 vita:
1436 2816 1578 2854 novo

541 2882 860 2952 Splendore.
885 2893 1196 2940 monstrans
1222 2886 1477 2940 omnibus
1500 2885 1624 2940 cceli
1655 2886 1819 2942 viam.

538 2972 806 3045 Erebique
833 2975 983 3031 diros
1010 2988 1291 3045 proterens
1317 2977 1609 3043 satellites,

541 3067 631 3122 Sic
666 3083 893 3139 prorsus
928 3078 988 3123 ut
1015 3068 1163 3125 Eden
1204 3069 1427 3140 angelus
1453 3083 1694 3125 eremum
1738 3070 1950 3128 incolis.

765 3155 1022 3213 LXXVII.
1055 3190 1121 3201 —
1151 3158 1217 3213 In
1250 3170 1493 3215 sanctum
1519 3158 1879 3216 Hiiariomm.

544 3249 679 3306 Vita
710 3251 925 3307 refulsit
963 3253 1106 3307 haud
1135 3269 1291 3309 secus
1318 3255 1572 3322 splendor
1596 3266 1732 3323 tuae,

538 3342 617 3398 Ac
638 3358 797 3397 mane
828 3344 1004 3415 primo
1024 3341 1174 3400 stella
1202 3345 1413 3401 luciferi
1440 3346 1604 3401 micat
1633 3369 1647 3405 :

541 3433 825 3505 Clarisque
852 3435 1114 3491 mundum
1150 3452 1400 3494 recreans
1434 3440 1740 3510 miraculis,

538 3522 726 3596 Abigis
754 3536 1037 3582 nocentem
1066 3527 1371 3582 damonum
1406 3530 1711 3599 caliginem.

750 3614 1030 3671 LXXVIII.
1059 3647 1129 3658 —
1155 3616 1223 3671 In
1251 3630 1490 3673 sanctum
1520 3621 1880 3692 Euthymium.

542 3704 771 3762 Eremus
808 3708 905 3763 abs
942 3716 994 3762 te
1018 3708 1209 3765 civitas
1232 3708 1372 3764 facta
1404 3718 1488 3767 est
1520 3711 1633 3767 Dei.

541 3798 618 3853 lbi
650 3813 887 3868 namque
916 3800 1066 3868 cogis
1092 3799 1258 3855 densa
1284 3801 1650 3857 Christiadum
1679 3805 1893 3874 agmina
1921 3825 1934 3859 :

547 3887 817 3944 Miraculis
844 3900 901 3943 et
927 3889 1061 3958 ipse,
1093 3904 1191 3944 ceu
1220 3891 1407 3957 radiis,
1446 3892 1623 3949 nitens
1642 3935 1657 3959 ,

542 3978 827 4045 Laetitiam,
858 3990 919 4035 ut
947 3981 1082 4035 alter
1104 3982 1481 4052 phosphorus.
1515 3985 1717 4039 mundo
1746 3986 1925 4054 paris,

820 4071 1053 4126 LXXIX.
1082 4102 1150 4113 —-
1188 4072 1254 4126 In
1284 4085 1524 4129 sanctum
1564 4075 1813 4131 Subbam.

541 4162 766 4218 Exculta
790 4178 1007 4219 cremus
1042 4164 1136 4219 tibi
1165 4164 1348 4221 labore
1381 4168 1613 4236 plurimo
1632 4208 1647 4232 ,

541 4255 774 4325 Operum
800 4257 923 4310 inde
954 4255 1164 4312 fructus
1189 4258 1412 4327 protulit
1449 4260 1843 4330 pulcherrimos
1882 4280 1896 4317 :

541 4348 773 4420 Piosque
805 4363 1004 4419 cogens
1030 4357 1174 4404 astra
1206 4364 1303 4404 ceu
1327 4352 1547 4407 totidem
1574 4354 1780 4409 incolas
1802 4396 1815 4417 ,

542 4439 653 4497 Hos
682 4441 798 4511 ipse
822 4440 1034 4496 medius
1070 4442 1231 4506 inter,
1264 4452 1326 4496 ut
1363 4441 1542 4509 Titan,
1576 4445 1764 4501 micas.

809 4530 1024 4586 LXXX.
1049 4562 1119 4573 —
1148 4531 1213 4587 In
1235 4547 1475 4589 sanctum
1504 4536 1846 4593 Dalmatium.

542 4624 610 4678 Et
632 4631 688 4677 tu
719 4637 1007 4678 coruscum
1039 4622 1191 4680 sidus
1212 4639 1293 4691 es,
1324 4627 1437 4681 sole
1464 4627 1673 4691 editus,

541 4715 775 4783 Compar
798 4722 853 4769 et
890 4714 993 4785 ipsi
1029 4715 1333 4771 sanctitatis
1362 4716 1605 4783 lumine;

545 4804 802 4876 Veraeque
840 4808 1086 4863 columen
1115 4817 1344 4876 uterque
1368 4807 1628 4863 doctrinae
1665 4808 1762 4864 fuit
1793 4830 1806 4864 :

544 4895 610 4949 Et
646 4904 704 4948 tu
736 4897 974 4964 paternis
999 4896 1205 4964 legibus
1233 4898 1530 4953 monachos
1560 4900 1721 4968 regis.

780 4986 1017 5041 LXXXI.
1041 5018 1110 5029 —
1137 4987 1203 5042 In
1228 4998 1465 5043 sanctum
1492 4988 1853 5055 Paclzomium,

546 5080 830 5146 Quondam
858 5079 1161 5134 Abrahami’
1183 5082 1414 5135 nobilem
1456 5080 1698 5136 imitatus
1735 5083 1890 5138 Iidem
1915 5127 1927 5149 ,

548 5172 693 5227 Felix
729 5172 879 5228 fuisti
910 5172 1077 5241 prolis
1108 5189 1285 5228 aurea!
1316 5173 1495 5229 Pater.

548 5260 624 5315 'I‘e
653 5276 809 5317 sacra
844 5269 1129 5331 postquam
1160 5262 1344 5317 docuit
1380 5279 1577 5319 arcana
1622 5270 1844 5337 angelus
1868 5310 1880 5332 ,

549 5353 715 5423 Leges
741 5351 954 5415 dedisti,
984 5368 1080 5407 ceu
1107 5368 1278 5408 novus
1310 5353 1509 5419 Moses,
1540 5356 1669 5411 tuis.

810 5441 1068 5497 LXXXII.
1094 5474 1162 5483 —
1187 5442 1251 5497 In
1274 5454 1513 5498 sanctum
1548 5448 1840 5503 Arsenium.

549 5533 668 5604 Jugi
699 5533 904 5603 rigatus
930 5533 1101 5588 imbre
1130 5534 1489 5605 lacrymarum
1516 5537 1610 5591 tibi

552 5626 797 5690 Animus,
825 5627 1000 5695 perire
1028 5628 1243 5683 nescios
1274 5626 1480 5683 fructus
1509 5630 1626 5684 tulit
1659 5648 1673 5683 :

554 5717 619 5772 Et
641 5734 810 5781 usque
832 5728 1018 5775 sancta
1050 5718 1298 5790 ﬂagitans
1326 5720 1491 5776 Deum
1518 5736 1671 5791 prece
1690 5763 1704 5789 ,

1720 325 1761 385 S
1822 326 2206 388 THEODORI
2244 327 2586 389 STUDIT/E

2123 442 2171 501 Α
2432 440 2553 492 OA'.
2574 466 2644 481 —-
2671 440 2774 505 Εἰς
2806 438 2911 492 τὸν
2931 438 3102 508 ἅγιον
3150 440 3528 495 Ἀθανάσιον.

2200 530 2295 596 Τίς
2318 532 2441 594 τοὺς
2486 529 2701 599 ἀγῶνας
2727 528 2835 584 τῶν
2869 530 3047 584 πόνων
3083 529 3192 583 τῶν
3222 530 3331 583 σῶν
3360 532 3580 603 φράσοι,

2197 620 2267 678 Ὦ
2290 623 2653 693 πενταθλητὰ,
2677 623 2784 676 τῶν
2806 620 3142 676 διδασκάλων
3167 622 3323 687 κλέος
3346 638 3362 686 ς

2208 715 2381 787 ’Υπὲρ
2416 714 2551 769 Θεοῦ
2578 714 2687 786 γὰρ
2717 715 2792 779 ὡς
2832 715 2995 784 γίγας
3019 712 3249 785 δραμὼν
3275 714 3465 785 μέγας.

2197 806 2557 878 Στεφηφορῶν
2586 805 2832 870 καθεῖλες
2869 806 3095 876 ἐχθροὺς
3122 806 3465 873 παγκάκους.

2497 896 2615 951 οΒ’.
2645 927 2715 940 -
2731 898 2835 964 Εἰς
2863 897 2971 951 τὸν
2995 897 3447 966 Χρυσόστομον.

2196 989 2385 1061 Πηγὴν
2417 988 2649 1058 ἄληκτον
2679 988 3007 1058 παγχρύσων
3048 988 3222 1056 λόγων
3249 988 3475 1059 βλύσας,

2197 1080 2364 1151 Ὅλην
2395 1081 2682 1152 κατάρδοις
2715 1079 2813 1151 τὴν
2841 1079 3093 1150 ύφήλιον,
3126 1079 3313 1151 μάκαρ
3350 1096 3367 1111 ο

2194 1172 2376 1243 Θύρας
2401 1172 2445 1225 δ’
2471 1172 2698 1242 ἀνοίγων
2726 1174 2839 1235 τοῖς
2868 1172 3077 1242 βροτοῖς
3108 1171 3397 1240 σωτηρίας,

2194 1263 2289 1327 Ei;
2306 1263 2565 1334 οὐρανοὺς
2589 1262 2681 1315 τὸν
2715 1262 2916 1333 κόσμον
2939 1264 3241 1331 ἐκπέμπεις
3265 1262 3406 1316 ὅλον.

2471 1356 2587 1410 OI".
2608 1385 2679 1397 -—
2700 1358 2811 1420 Είς
2835 1355 2941 1410 τὸν
2961 1354 3131 1424 ἅγιον
3152 1355 3472 1422 Κύριλλον.

2193 1443 2539 1515 Θησαυρίσας
2565 1443 2635 1497 τὰ
2657 1444 2777 1498 θεῖα
2804 1442 3256 1514 ποικιλοτρόπως,

2206 1532 2559 1597 Ἐπλούτισας
2587 1533 2675 1586 τὸν
2704 1533 2905 1603 κόσμον
2932 1533 3136 1596 ἐνθέοις
3165 1532 3346 1600 λόγοις
3367 1547 3383 1562 ·

2191 1623 2303 1677 Καὶ
2329 1623 2425 1686 τὰς
2457 1622 2716 1694 βεϐήλους
2748 1625 2989 1695 αἱρέσεις
3018 1624 3401 1687 κατασπάσας,

2120 1772 2165 1830 Β
2191 1706 2380 1790 Κήρυξ
2407 1715 2653 1791 πέφηνας
2679 1716 2970 1789 ὀρθοδόξων
2997 1716 3300 1787 δογμάτων.

2191 1904 2379 1977 Βρύων
2404 1903 2638 1958 ἄϐυσσον
2666 1900 3000 1970 παγγλύκων
3024 1899 3219 1969 λόγων,
3257 1898 3468 1971 μάκαρ,

2191 1998 2379 2050 Πᾶσαν
2399 1996 2605 2066 νοητῶς
2641 1993 2948 2060 ἑξετίναξας
2980 1991 3188 2063 πλάνην
3213 2009 3227 2023 ο

2190 2088 2304 2143 Καὶ
2328 2086 2678 2159 χρηματίζων
2706 2086 2943 2155 Μωῦσῆς
2979 2084 3136 2148 ἄλλος
3167 2081 3361 2153 μέγας.

2194 2182 2381 2250 Ἀγεις
2412 2179 2609 2251 ἄριστα
2636 2177 2728 2230 τὸν
2752 2175 2886 2230 λεὼν
2912 2175 3005 2229 τοῦ
3030 2175 3253 2246 Κυρίου.

3624 329 3749 395 1800

2192 1810 2309 1867 OA'.
2337 1844 2407 1853 —
2444 1814 2550 1878 Εἰς
2571 1811 2677 1865 τὸν
2726 1809 2897 1876 ἅγιον
2956 1809 3286 1877 Γρηγόριον
3329 1808 3435 1861 τὸν
3477 1808 3751 1876 Νύσσης.

2193 2269 2312 2325 OE'.
2336 2270 2522 2334 -Είς
2577 2266 2685 2320 τὸν
2727 2265 2897 2336 ἅγιον
2948 2263 3247 2333 Θεόδωρον
3289 2264 3396 2318 τὸν
3434 2263 3753 2332 alain-qr.

2191 2360 2326 2415 Θεοῦ
2373 2362 2437 2415 σὺ
2469 2359 2641 2430 δῶρον
2669 2361 2784 2420 τοῖς
2831 2356 3041 2428 βροτοῖς
3083 2355 3259 2419 δοθεὶς
3291 2356 3457 2425 μέγα,

2192 2453 2372 2507 Ἀπαν
2394 2450 2640 2514 καθεῖλες
2666 2450 2937 2522 δαιμόνων
2966 2449 3169 2518 στίφος,
3200 2449 3407 2521 Πάτερ.

2190 2543 2426 2614 Λάμψας
2449 2543 2554 2615 γὰρ
2582 2542 2742 2606 εὐθὺς
2771 2542 2845 2605 ὡς
2875 2540 3010 2613 ἑῷος
3067 2542 3375 2613 φωσφόρος.

2208 2634 2514 2704 ’ἰσάγγελος
2536 2633 2783 2705 πέφηνας
2812 2632 2937 2703 ὕψει
2965 2632 3060 2686 τοῦ
3087 2633 3203 2703 βίου

2428 2724 2565 2793 θεῖ’.
2597 2754 2670 2766 -
2693 2726 2795 2789 Είς
2814 2724 2921 2778 τὸν
2950 2722 3123 2791 ἅγιον
3175 2722 3509 2777 Ἀντώνιον.

2191 2816 2387 2879 Στύλος
2413 2815 2582 2885 πυρὸς
2610 2815 2856 2885 πέφηνας
2881 2812 3047 2885 αἴγλῃ
3070 2812 3163 2866 τοῦ
3201 2812 3338 2883 βίου,

2190 2909 2407 2979 Κόσμον
2431 2906 2679 2978 ποδηγῶν
2706 2908 2787 2970 είς
2817 2907 3004 2977 τρίϐον
3030 2906 3321 2977 σωτηρίας.

2190 2999 2310 3052 Τῶν
2335 2998 2602 3069 δαιμόνων
2634 2998 2691 3051 δὲ
2712 2998 2807 3061 τὰς
2839 2998 3122 3068 φάλαγγας
3150 2998 3468 3070 πτερνίσας,

2113 3103 2158 3167 C
2195 3089 2439 3161 Ἐρημον
2465 3087 2630 3160 ᾤκεις
2651 3088 2727 3154 ὡς
2767 3089 2929 3161 Ἐδέμ
2956 3107 3041 3154 τις
3074 3090 3321 3159 ἀγγέλων

2431 3182 2550 3236 ΟΖ’.
2576 3210 2650 3221 -
2671 3183 2777 3247 Είς
2817 3181 2925 3235 τὸν
2962 3181 3133 3251 ἄτιον
3174 3180 3494 3249 Ἱλαρίωνα.

2188 3274 2270 3344 Τῇ
2303 3271 2647 3342 λαμπρότητι
2672 3269 2767 3323 τοῦ
2796 3270 3019 3339 φαεινοῦ
3043 3287 3137 3325 σου
3165 3272 3303 3340 βίου,

2201 3362 2510 3434 Ἑωσφόρος
2536 3361 2600 3415 τὸ
2628 3360 2773 3434 πρωῒ
2794 3361 3029 3433 λάμπων
3056 3363 3121 3417 σὺ
3155 3363 3369 3426 πέλεις·

2190 3456 2299 3510 Καὶ
2330 3456 2619 3526 θαυμάτων
2651 3456 2831 3510 ἀκτῖσι
2869 3457 3071 3527 κόσμον
3100 3456 3427 3527 φαιδρύνων,

2189 3549 2358 3617 Ζόφον
2381 3548 2594 3611 διώκεις
2621 3547 2908 3617 βλαπτικὸν
2934 3548 3041 3601 τῶν
3063 3548 3359 3617 δαιμόνων.

2422 3637 2550 3693 OH'.
2582 3667 2651 3678 —
2679 3640 2782 3702 Εἰς
2818 3639 2924 3691 τόν
2980 3638 3149 3707 ἄτιον
3180 3639 3496 3708 Εὑθύμιον.

2189 3730 2261 3784 Σὺ
2288 3729 2386 3801 τὴν
2418 3729 2620 3801 ἔρημον
2649 3731 2888 3799 εἰργάσω
2924 3730 3058 3784 Θεοῦ
3090 3730 3265 3785 πόλιν.

2188 3824 2417 3887 Πυκνοῖς
2461 3821 2568 3893 γάρ
2594 3822 2764 3890 αὐτὴν
2791 3821 3017 3893 πλήθεσι
3044 3820 3462 3893 Χριστοφρόνων
3479 3837 3493 3852 ο

2188 3910 2378 3977 Βολαῖς
2404 3914 2765 3983 άπαστράψας
2794 3912 2852 3967 δὲ
2879 3916 2998 3977 ταῖς
3037 3914 3145 3967 τῶν
3170 3913 3484 3984 θαυμάτων,

2189 4007 2291 4060 Τὸν
2321 4006 2497 4059 πάντα
2524 4006 2724 4074 κόσμον
2762 4004 3073 4077 φαιδρύνεις
3108 4005 3185 4069 ῶς
3214 4006 3525 4076 φωσφόρος.

2476 4096 2596 4149 06'.
2632 4124 2698 4137 -
2730 4097 2836 4162 Εἰς
2857 4098 2964 4149 τὸν
2990 4096 3160 4164 ἄτιον
3195 4095 3449 4150 Σάϐϐαν.

2193 4189 2444 4257 Ἥρωσας
2480 4185 2648 4247 ὅντως
2678 4185 2776 4256 τὴν
2799 4184 3002 4256 ἔρημον
3025 4188 3140 4249 τοῖς
3168 4185 3370 4248 πόνοις.

2200 4278 2516 4349 Ὦραιότατα
2546 4277 2803 4331 ποικίλων
2832 4277 3010 4347 ἔργων
3037 4277 3256 4348 βρίθων.

2189 4370 2401 4440 Πλήσας
2428 4369 2485 4422 δὲ
2511 4372 2713 4439 ταύτην
2745 4368 2852 4422 τῶν
2875 4370 3079 4441 νοητῶν
3100 4371 3363 4441 ἀστέρων,

2109 4434 2161 4494 D
2195 4434 2458 4528 Ὢςῆλιός
2487 4474 2569 4520 τις
2597 4434 2841 4527 ἐν’μέσῳ
2860 4434 3062 4511 τούτων
3088 4434 3250 4521 θέεις.

2430 4549 2513 4603 Π’.
2542 4577 2613 4588 -
2643 4550 2746 4614 Εἰς
2773 4549 2880 4602 τὸν
2927 4548 3098 4616 ἅγιον
3142 4547 3494 4619 Δαλμάτιον.

2200 4639 2288 4704 ἐξ
2317 4638 2465 4711 ἡλίου
2500 4655 2585 4702 τις
2616 4639 2859 4706 αὐγάσας
2884 4639 3061 4709 ἀστὴρ
3087 4639 3279 4708 μέγαςι

2189 4731 2434 4800 Λάμπεις
2482 4730 2578 4783 σὺν
2608 4729 2754 4799 αὐτῷ
2780 4733 3057 4800 παμφαεῖς
3086 4731 3405 4802 εὐπραξίας.

2192 4823 2459 4893 Ἐρεισμα
2483 4822 2528 4873 δ’
2554 4821 2877 4890 άμπέφηνας
2904 4821 3228 4893 όρθοδοξίας.

2188 4908 2658 4983 Μανδραρχαῖζεις
2680 4910 2787 4964 τῶν
2814 4913 3093 4981 μοναστῶν
3117 4914 3403 4987 πατρόθεν.

2432 5000 2556 5055 IIA'.
2592 5032 2661 5043 —
2684 5005 2787 5069 Εἰς
2823 5005 2931 5057 τὸν
2957 5004 3128 5074 ἄτιον
3151 5006 3483 5076 Παχώμιον.

2189 5093 2290 5145 Τὸν
2332 5094 2578 5165 Ἀϐραάμ
2601 5111 2717 5156 πως
2747 5096 3166 5166 ἐκμιμούμενος,
3198 5099 3400 5168 μάκαρ,

2190 5185 2401 5238 Πολλῶν
2432 5177 2885 5255 Πατὴργέγονας,
2919 5181 2994 5241 ὧν
3027 5187 3257 5259 χρυσοῦν
3286 5191 3459 5256 γένος.

2204 5276 2293 5341 Ἐξ
2315 5276 2550 5344 ἀγγέλου
2578 5278 2634 5329 δὲ
2671 5280 3056 5348 μυσταγωγίας
3080 5281 3281 5351 φέρων,

2189 5368 2279 5438 Τῷ
2309 5368 2385 5439 σῷ
2406 5368 2510 5437 λεῷ
2536 5370 2803 5438 τέθεικας,
2831 5371 2905 5434 ὡς
2936 5372 3157 5442 Μωσῆς,
3188 5374 3401 5442 νόμους.

2467 5462 2587 5514 ΠΒ’.
2609 5465 2786 5527 -Εις
2814 5464 2918 5517 τὸν
2943 5464 3109 5533 ἅγιον
3143 5465 3455 5534 Ἄρσένιον.

2190 5550 2308 5603 Τῶν
2330 5550 2576 5621 δακρύων
2603 5569 2693 5604 σου
2720 5553 2816 5624 τὴν
2854 5554 3028 5624 ψυχὴν
3056 5555 3231 5625 ἄρδων
3260 5555 3439 5625 χύσει,

2189 5642 2446 5710 Καρποῦς
2474 5642 2871 5713 ἀνεϐλάστησας
2897 5645 3203 5715 ἀφθάρτους
3244 5648 3387 5716 μάλα
3410 5666 3422 5677 ·

2193 5729 2385 5799 Εὑχαῖς
2410 5729 2471 5800 δὴ
2510 5732 2780 5803 λαμπραῖς
2807 5733 3118 5803 προσλαλῶν
3149 5733 3267 5805 Θεῷ
3297 5735 3521 5805 σφόδρα,
