3968 6490
221 431 357 497 1801

218 541 343 594 Τῶν
373 540 694 613 ήσυχαστῶν
719 540 950 609 ἄγγελος
979 539 1163 604 πόλεις
1199 541 1393 610 μέγας.

461 633 580 686 Ill‘.
612 662 682 672 -—
702 635 805 698 Εἰς
848 633 954 685 τόν
979 632 1149 701 ἅγιον
1211 633 1550 688 Θεοδόσιον.

230 726 319 790 Ὡς
353 725 581 794 οὐρανὸν
616 725 816 795 ὑψηλὸν
842 725 1088 788 ἐκτείνας
1131 725 1269 795 βίον,

222 815 574 884 Κατάστερος
611 816 858 886 πέφηνας
912 819 969 870 ὲν
1005 815 1197 886 πλήθει
1222 817 1448 870 τέκνων.

221 903 334 966 Τὰς
367 904 651 974 ἀστραπὰς
682 905 737 958 δὲ
769 905 1055 976 πληθύνων
1085 906 1192 958 τῶν
1225 906 1540 976 θαυμάτων.

234 995 602 1067 Ἐσκόρπισας
632 999 861 1049 παντοῖα
895 997 1165 1067 δαιμόνων
1195 998 1354 1066 νέφη.

577 1085 699 1140 ΠΔ’.
722 1117 772 1127 -
813 1089 915 1155 Είς
947 1087 1054 1141 τὸν
1085 1088 1256 1158 ἅγιον
1283 1088 1439 1142 Δῖον.

220 1177 357 1240 Ταῖς
385 1177 728 1249 λαμπρότησι
765 1179 873 1232 τῶν
899 1179 1145 1248 θεαυγῶν
1177 1197 1270 1233 σου
1292 1179 1526 1250 τρόπων,

233 1266 334 1319 Ἐκ
384 1267 485 1337 τῆς
522 1267 662 1337 ἑῴας
693 1267 918 1338 φαιδρὸς
956 1269 1130 1340 ἀστὴρ
1161 1269 1373 1335 ὲκθέεις
1396 1286 1410 1299 ·

221 1359 336 1413 Καὶ
386 1360 628 1428 φωτίσας
664 1361 860 1430 ἄριστα
879 1361 979 1431 τὴν
1009 1362 1307 1427 Βυζαντίδα
1326 1403 1342 1424 ,

226 1452 453 1522 Πρῶτος
481 1453 764 1520 μοναστῶν
799 1459 1195 1526 ποιμνηαρχεῖς
1228 1457 1414 1521 ἀξίως.

428 1541 638 1596 [lE'.—
670 1545 776 1609 Εἰς
813 1547 920 1597 τὸν
953 1544 1128 1598 ὅσιον
1161 1548 1594 1617 Χριστοφόρον.

227 1633 446 1685 υῖκεῖον
473 1628 614 1704 αἷμα
640 1633 718 1705 τῷ
751 1635 867 1705 Θεῷ
889 1635 1034 1701 δοὺς,
1067 1637 1282 1707 ἀντέχει

242 1724 308 1778 ’0
333 1726 750 1798 Χριστόμαρτυς
779 1729 1134 1802 Χριστόφρων
1167 1732 1539 1802 Χριστοφόρος

229 1817 456 1886 Κρήνην
483 1818 713 1887 χέουσαν
752 1819 1199 1893 θαυματουργίας
1231 1824 1408 1894 ῥύσιν.

231 1910 449 1980 Ἤνπερ
484 1911 731 1974 πίνοντες
759 1914 808 1965 οῖ
835 1913 1119 1979 νοσοῦντες
1167 1915 1378 1986 βηχίον,

231 2000 621 2072 Καταψύχουσι
651 2002 744 2056 τοῦ
777 2005 1003 2072 πάθους,
1042 2005 1201 2077 δίψης
1222 2006 1413 2077 δίκην·

230 2092 465 2145 Μάλισθ’
500 2094 627 2145 ὅταν
650 2095 873 2162 φοιτῶσι
900 2096 1107 2160 πιστῶς
1135 2097 1343 2152 ἐνθάδε.

234 2185 377 2250 [ις’.
408 2216 475 2227 -
498 2188 604 2252 Εἰς
630 2186 782 2240 ναὸν
811 2187 917 2241 τοῦ
949 2189 1124 2258 ἁγίου
1176 2189 1528 2244 ἀποστόλου
1552 2189 1798 2259 Πέτρου.

231 2269 304 2347 ⁷ῼ
327 2293 432 2346 περ
459 2276 717 2344 δέδωκας,
749 2280 973 2350 Χριστὲ,
997 2282 1096 2345 τὰς
1112 2282 1258 2345 κλεῖς
1285 2282 1394 2336 τῶν
1422 2283 1555 2348 ἄνω,

237 2365 465 2436 Ἐδειμα
492 2367 668 2439 τούτῳ
695 2370 846 2424 τόνδε
869 2371 962 2424 τὸν
983 2371 1146 2442 δόμον
1171 2374 1343 2430 κάτω.

232 2457 358 2512 ΠΖ’.
388 2461 574 2526 -Εὶς
619 2461 727 2514 τὸν
766 2462 937 2531 ἅγιον
981 2463 1257 2531 Ἀνδρέαν
1285 2466 1392 2518 τὸν
1427 2465 1798 2524 ἀπόστολον.

231 2545 302 2602 *Ω
333 2553 705 2624 πρωτόκλητε,
739 2555 849 2608 τῶν
887 2557 1200 2612 ἀποστόλων
1228 2557 1401 2621 κλέος.

243 2639 301 2693 ⁸0
337 2643 721 2710 παμμέγιστος
743 2644 853 2698 τῶν
885 2647 1113 2716 Πατρῶν
1143 2650 1446 2720 ,φαεσφόρος
1466 2665 1482 2682 ·

230 2731 335 2782 Τὸν
367 2732 458 2784 σὺν
488 2732 614 2786 λαὸν
653 2734 888 2804 φύλαττε
921 2739 1017 2791 σὺν
1040 2739 1119 2811 τῷ
1148 2742 1390 2809 ποιμένι.

373 2825 504 2877 ΠΗ’.
526 2854 596 2865 --
622 2829 725 2892 Εἰς
746 2827 855 2880 τόν
883 2830 1033 2883 ναὸν
1067 2830 1174 2885 τοῦ
1202 2834 1657 2908 Χρυσοστόμου.

231 2911 358 2974 Τοῖς
389 2915 480 2966 τὸν
514 2916 605 2969 σὸν
627 2913 774 2971 οἷκον
803 2921 1107 2990 παμπόθως
1127 2926 1386 2994 ὴγερκόσι

235 3003 639 3076 Πρεσὸευτικὴν
666 3009 964 3082 πρόσνειμε
989 3015 1217 3082 δωρεὰν,
1247 3018 1448 3090 Πάτερ.

375 3095 502 3149 ΠΘ’.
537 3127 605 3136 -
635 3101 740 3164 Εἰς
769 3102 874 3154 τὸν
899 3105 1050 3158 ναὸν
1073 3103 1182 3172 τῆς
1229 3110 1654 3180 Πανευερήμου.

235 3181 373 3245 Τοὺς
429 3186 492 3238 ὲκ
529 3189 694 3241 πόθου
732 3208 825 3244 σου
856 3193 946 3246 τὸν
981 3197 1107 3249 ναὸν
1133 3197 1520 3270 δειμαμένους,

234 3273 484 3343 Μάρτυς,
525 3279 760 3348 φύλαττε
795 3289 1046 3358 πημονῆς
1084 3289 1422 3362 ἐλευθέρους.

577 3369 647 3437 ιδ’.
679 3403 743 3413 -
772 3379 874 3442 Εἰς
903 3379 967 3431 τὸ
991 3384 1447 3453 τετρακάμαρον.

223 3459 562 3541 ¹Θαυμαστὸν
595 3463 783 3535 ὤφθης
810 3467 970 3540 ἔργον
1006 3472 1207 3544 ὡραῖον
1234 3478 1397 3533 πάνυ.

248 3552 334 3615 Ὠς
363 3553 591 3624 ἐμψύχῳ
623 3555 680 3608 δὲ
713 3560 1114 3631 προσλέλεγμαέ
1149 3581 1230 3616 σοι
1261 3565 1413 3629 νεώς.

237 3641 424 3712 Φέρεις
471 3645 578 3716 γὰρ
603 3646 752 3701 ἔνδον
782 3651 1007 3703 εἰκόνων
1055 3653 1308 3725 Θεωρίαν,

244 3735 516 3807 Ἀρῤητον
554 3739 676 3792 ὄψιν
695 3741 803 3794 τῶν
831 3742 943 3798 ἄνω
974 3745 1280 3814 Θεσμάτων.

237 3827 409 3880 Αὐτὸν
443 3829 639 3900 δέχοιο,
674 3831 782 3885 τῶν
833 3834 1146 3890 ἀποστόλων
1206 3840 1382 3904 κλέος,

241 3917 614 3986 Εὑαγγελιστὰ
654 3926 981 3996 παμμάκαρ,
1011 3928 1238 3998 Θεολόγε
1260 3949 1272 3962 ·

239 4009 348 4062 Καὶ
379 4013 491 4075 τοῖς
540 4015 686 4085 πόθῳ
715 4034 794 4070 σοι
822 4019 1008 4074 τοῦτον
1040 4020 1384 4092 ὲξηγερκόσι,

238 4100 413 4170 Χάριν
445 4105 751 4176 παράσχου,
785 4112 878 4164 καὶ
909 4111 1062 4165 λύσιν
1088 4115 1197 4167 τῶν
1222 4120 1604 4189 πταισμάτων.

240 4193 356 4258 ιιλο.
384 4222 454 4234 -
482 4198 587 4262 Εἰς
615 4199 722 4252 τόν
742 4204 893 4256 ναὸν
920 4202 1026 4272 τῆς
1054 4206 1227 4274 ἁγίας
1252 4211 1560 4278 Θεοτόκου,
1590 4214 1677 4278 είς
1703 4212 1808 4267 τὸν

890 4297 1166 4363 Τρίτωνα.

253 4378 317 4433 Ἦ
350 4382 516 4436 πᾶσιν
546 4383 711 4452 ἐγγὺς
743 4386 823 4446 είς
853 4385 1102 4458 βοήθειαν
1134 4393 1351 4463 τάχους,

241 4471 344 4525 Τὸν
376 4472 544 4527 πλοῦν
569 4475 914 4547 διευθέτησον
943 4473 1017 4532 ὧν
1043 4480 1263 4553 θερμῶς
1288 4486 1454 4556 ἔχεις.

241 4563 656 4634 Προσκειμένων
685 4583 766 4620 σοι
799 4571 918 4630 ταῖς
947 4570 1118 4634 λιταῖς
1149 4589 1262 4638 σου,
1292 4576 1552 4646 Παρθένε.

563 4656 676 4722 ιιΒη
709 4661 815 4725 Εἰς
841 4659 1034 4726 ῥάκος
1074 4665 1486 4733 ἱστορημένον.

239 4745 468 4813 Φρικτὺν
496 4746 556 4799 τὸ
590 4747 790 4818 θαῦμα,
832 4752 1065 4820 Χριστὸν
1098 4756 1155 4806 ὲν
1183 4760 1364 4827 γραφῇ
1393 4757 1628 4827 βλέπειν,

242 4837 524 4904 Δρὰσαντα
558 4838 733 4890 πάντα
770 4845 906 4911 πρὸς
937 4843 1140 4913 βροτῶν
1168 4848 1454 4916 σωτηρίαν.

255 4927 341 4980 Ἐν
371 4931 482 4990 τοῖς
519 4929 640 4982 καθ’
671 4933 816 5001 ἡμᾶς
836 4935 996 4998 αὐτὸς
1023 4935 1177 5006 ὤφθη
1217 4939 1323 5009 γὰρ
1352 4939 1522 5004 ξένος,

247 5023 520 5092 Ἀσαρκος
543 5023 732 5088 ἐλθὼν,
758 5027 852 5078 καὶ
880 5027 1067 5096 βροτὸς
1094 5030 1292 5098 βαίνων
1327 5033 1454 5087 ἄνω.

242 5113 477 5184 Μνήμης
507 5116 664 5184 χάριν
687 5117 741 5168 δὲ
773 5121 1068 5188 προσφέρει
1097 5120 1266 5191 δῶρον
1294 5124 1431 5188 τόδε,

258 5203 313 5257 Ὀ
344 5205 553 5267 κλεινὸς
581 5207 747 5269 ὅντως
773 5209 993 5278 Συμεὼν
1019 5211 1094 5281 τῷ
1119 5214 1384 5284 Δεσπότη.

476 5297 588 5363 ιιΓν.
607 5327 676 5336 —
691 5301 792 5364 Εὶς
817 5301 929 5367 τὴν
949 5306 1151 5355 εἰκόνα
1177 5306 1280 5357 τοῡ
1303 5307 1578 5373 Χριστοῦ.

256 5385 314 5436 Ὀ
340 5386 575 5455 Χριστός
609 5390 745 5458 εἰμι,
784 5394 847 5461 τῇ
884 5397 1065 5463 γραφῇ
1096 5394 1455 5463 δεδειγμένος.

247 5479 352 5530 Καὶ
376 5479 464 5531 τὸν
507 5480 782 5544 πεποιθὼς
807 5487 1304 5555 εἰκονουργήσαντά
1335 5505 1424 5555 με.

256 5569 339 5631 Ὠς
366 5571 575 5640 αῖρ;σιν
616 5575 877 5642 μισοῦντα
911 5577 1016 5628 τῶν
1044 5578 1320 5642 ἐναντίων,

249 5663 450 5716 Λέοντα
479 5665 793 5736 Πατρίκιον,
825 5671 881 5720 ἐν
913 5671 1045 5721 πᾶσι
1075 5671 1279 5723 σκέπω.

661 5762 772 5824 ιτΔν.
798 5790 864 5799 -
895 5761 995 5825 liii;
1018 5763 1392 5829 ἑγλιλειστον.

258 5849 606 5918 Ἐγκλειστός
634 5853 801 5914 ἐστιν,
827 5853 884 5916 ὃς
916 5855 1099 5907 παθῶν
1132 5855 1233 5917 ἔξω
1265 5858 1458 5925 μένων,

574 5945 839 6006 ΡΔτιιοι..
883 5949 994 6006 Gn.
1022 5950 1235 6010 XCIX.

1727 438 1966 499 IAMBI.

1816 548 1864 603 Α
1893 541 2049 596 Pacis
2078 550 2359 611 sequester
2384 544 2660 597 maximus
2685 543 2888 596 mundo
2912 543 3080 597 clues.

3331 435 3465 500 I802

2096 629 2381 686 LXXXIII.
2411 661 2482 671 —
2511 630 2578 686 In
2605 645 2844 684 sanctum
2873 631 3242 687 Theodosium.

1899 721 2079 791 Super
2113 732 2260 777 astra
2295 733 2484 778 notum
2511 724 2817 777 sanctitatis
2852 723 3022 792 gloria
3055 765 3070 790 ,

1897 815 1974 870 Te
2013 815 2245 870 ﬁliorum
2273 817 2451 876 turba.
2481 831 2580 870 ceu
2615 815 2816 869 claram
2841 815 3014 871 Iacem
3034 840 3053 861 ς

1897 907 2111 974 Mirata;
2146 916 2312 976 tuque
2348 906 2632 977 fulgurans
2657 908 2972 974 miraculis,

1897 1000 2158 1056 Tartarea
2187 1001 2389 1068 ubique
2414 998 2695 1067 dissipasti
2733 999 2938 1054 nubila.

2201 1085 2484 1143 LXXXIV.
2511 1117 2582 1126 —
2612 1087 2678 1140 In
2709 1098 2952 1141 sanctum
2975 1086 3154 1141 Dium.

1899 1183 2109 1238 Virtute
2130 1183 2333 1246 clarus,
2360 1196 2570 1234 morum
2610 1190 2664 1234 et
2692 1180 3036 1246 excellentia,

1898 1276 2195 1331 Laetiticum
2227 1289 2328 1329 eoo
2358 1273 2511 1328 sidus
2552 1282 2732 1327 ortum
2769 1271 2964 1338 limite,

1898 1368 2098 1423 Lucem
2122 1367 2348 1422 attulisti
2381 1365 2670 1436 plurimam
2698 1364 2971 1436 Byzantiis
2995 1403 3010 1427 ,

1897 1460 2292 1528 Monachisque
2318 1460 2421 1512 rite
2455 1458 2665 1528 primus
2689 1473 2749 1511 cs
2788 1462 2970 1526 pastor
2996 1454 3159 1509 datus

2077 1549 2336 1606 LXXXV.
2367 1579 2435 1590 —
2466 1548 2534 1603 In
2555 1558 2796 1602 sanctum
2831 1546 3289 1616 Christopltorum.

1900 1640 2011 1697 Deo
2042 1641 2501 1712 Iitavitsanguine
2527 1641 2770 1710 proprio,
2802 1641 3009 1695 assecla

1899 1733 2100 1788 Christi
2131 1745 2296 1801 atque
2313 1743 2517 1800 martyr
2535 1731 2964 1802 Chrismphorus
2990 1748 3003 1785 :
3023 1731 3148 1788 inde
3169 1731 3296 1787 huic
3316 1746 3470 1786 sacer

1905 1823 2048 1880 Fons
2087 1825 2180 1878 dat
2213 1823 2444 1877 salutem
2482 1824 2675 1876 crebra
2707 1839 2801 1892 per
2828 1825 3128 1880 miracula:

1905 1917 1971 1972 Et
1998 1930 2139 1986 quos
2170 1915 2360 1983 fatigat
2391 1914 2554 1968 tussis
2586 1929 2759 1983 aegros
2788 1914 3068 1984 improba,

1902 2006 2149 2061 Morbum
2178 2008 2379 2070 levare,
2410 2023 2508 2061 ceu
2539 2007 2708 2066 sitim.
2744 2007 2846 2062 hac
2876 2008 3055 2062 solent
3087 2021 3227 2075 aqua
3253 2020 3268 2058 :

1900 2096 2056 2152 Tunc
2087 2097 2338 2162 maxime,
2364 2111 2489 2152 cum
2523 2111 2660 2166 pura
2683 2098 2992 2151 venientum
3021 2105 3106 2151 est
3128 2096 3284 2152 ﬁdes.

1973 2185 2256 2241 LXXXVI.
2288 2217 2356 2229 —
2383 2185 2450 2241 In
2482 2185 2728 2257 templum
2774 2188 2945 2240 sancti
2983 2187 3208 2254 apostoli
3229 2184 3397 2242 Petri.

1900 2279 1998 2334 Cui
2036 2289 2092 2334 tu
2113 2279 2332 2341 dedisti.
2365 2279 2599 2342 Christe,
2629 2277 2812 2333 claves
2844 2278 3086 2342 :etheris,

1900 2369 2014 2441 Ego
2042 2370 2186 2423 hanc
2219 2369 2389 2423 eidem
2421 2367 2637 2423 condidi
2679 2368 2733 2421 in
2767 2367 2928 2423 terris
2963 2368 3209 2422 domum.

1970 2459 2280 2516 LXXXVII.
2312 2491 2380 2500 —
2417 2458 2483 2514 In
2513 2471 2753 2512 sanctum
2783 2459 3049 2512 Andream
3076 2457 3393 2527 apostolum.

1900 2555 1946 2612 Ο
1977 2556 2069 2627 qui
2097 2564 2323 2610 vocatus
2352 2563 2477 2609 ante
2515 2563 2762 2614 caeteros,
2789 2553 2957 2608 decus

1901 2648 2283 2719 Apostolorum
2317 2663 2376 2701 es
2406 2647 2607 2716 Iusque
2640 2644 2860 2698 Patrum
2897 2643 3177 2698 maxima:

1900 2740 2035 2794 Esto
2069 2739 2175 2791 tuis
2208 2738 2512 2806 horumque
2545 2736 2747 2805 pastori
2782 2735 2953 2790 salus.

2077 2826 2405 2882 LXXXVIII.
2435 2857 2504 2867 —
2531 2827 2596 2880 1η
2624 2827 2869 2895 (emplum
2899 2824 3282 2895 Chrysostomi.

1902 2917 2161 2973 Strnxere
2191 2935 2386 2988 magno
2420 2919 2511 2988 qui
2540 2927 2686 2972 tuam
2711 2920 2892 2974 studio
2919 2920 3139 2973 domum
3165 2957 3181 2980 ,

1900 3008 2089 3063 Divina
2119 3025 2214 3078 per
2239 3020 2290 3064 te
2325 3024 2546 3062 munera
2579 3009 2888 3079 impetrent,
2921 3010 3108 3064 Pater.

2030 3097 2314 3154 LXXXIX.
2337 3129 2408 3139 —
2429 3096 2495 3151 In
2528 3099 2775 3167 templum
2795 3109 2993 3153 sancta:
3017 3099 3351 3170 Euphemiat.

1827 3218 1871 3276 ο
1903 3191 2186 3261 Templum
2215 3191 2310 3246 tibi
2342 3203 2660 3246 construere
2681 3192 2835 3260 queis
2865 3193 3014 3247 cordi
3046 3191 3176 3260 fuit,

1904 3285 2036 3351 ﬂos,
2062 3295 2290 3355 martyr,
2319 3284 2468 3338 omni
2507 3284 2705 3339 liberos
2740 3298 2924 3339 serves
2952 3285 3115 3340 malo.

2159 3377 2270 3432 XC.
2302 3407 2370 3420 -—-
2404 3376 2468 3431 In
2489 3376 2651 3432 autem
2678 3388 2910 3448 quatuor
2936 3377 3220 3448 fornicum.

1902 3467 2196 3523 Pulchrum
2231 3467 2464 3538 refulges
2496 3476 2554 3522 ut
2579 3483 2715 3538 opus
2737 3483 2801 3522 ac
2841 3469 3108 3523 mirabile.

1905 3559 2021 3614 Tibi
2052 3575 2169 3615 sum
2207 3560 2444 3623 locutus,
2472 3575 2696 3628 compos
2723 3560 2919 3614 anima:
2938 3576 3035 3615 ceu
3059 3561 3244 3618 fores:

1906 3652 2084 3706 Habes
2107 3652 2249 3706 enim
2282 3653 2427 3705 intus
2457 3651 2753 3720 imaginum
2781 3652 3150 3720 spectaculum
3173 3691 3188 3715 ,

1903 3744 2331 3814 Coelestiumque
2358 3758 2575 3797 scenam
2601 3742 3044 3797 inenarrabilem.

1905 3838 2098 3892 Edent
2126 3838 2272 3890 illam
2303 3836 2521 3899 habeto,
2547 3837 2713 3890 decus
2733 3837 3022 3906 apostolici
3049 3836 3226 3904 chori,

1907 3929 2245 4000 Evangelista
2274 3929 2416 3989 dive,
2459 3941 2667 3982 necnon
2704 3927 2982 3998 Theologe
3011 3945 3024 3982 :

1908 4023 2085 4092 thue
2120 4023 2258 4075 hanc
2297 4019 2510 4073 lubente
2540 4019 2839 4074 struximus
2864 4019 3049 4074 animo
3077 4019 3173 4074 tibi
3196 4060 3212 4080 .

1907 4114 2000 4167 Sic
2023 4114 2138 4182 ipse
2165 4112 2322 4166 nobis
2347 4111 2575 4181 gratiam
2615 4120 2668 4165 et
2701 4111 2915 4164 veniam
2951 4112 3227 4181 impetres.

1907 4202 2043 4258 XCI.
2079 4234 2138 4248 -—
2160 4201 2229 4257 In
2262 4202 2508 4270 templum
2527 4210 2725 4254 sanctae
2749 4200 2842 4255 Dei
2880 4200 3182 4267 Genitricis,
3214 4203 3270 4255 in
3298 4201 3473 4258 Trito-

2629 4306 2766 4346 item.

1907 4383 2111 4439 Adesse
2135 4383 2441 4452 celerique
2463 4383 2604 4438 soles
2627 4385 2842 4439 cunctis
2869 4400 2969 4454 ope
2997 4426 3014 4450 ,

1912 4471 2020 4527 Fac
2052 4486 2308 4542 prospere
2335 4471 2411 4524 illi
2450 4471 2708 4541 navigeut
2738 4487 2880 4541 quos
2901 4473 3121 4545 diligis,

1833 4577 1879 4634 ι)
1911 4563 2013 4631 Qui
2036 4573 2087 4617 te
2114 4572 2428 4632 perurgent,
2467 4561 2650 4634 Virgo,
2678 4565 2911 4633 supplici
2942 4581 3124 4634 prece.

2116 4655 2276 4710 XCII.
2307 4687 2375 4698 —
2406 4655 2475 4710 In
2514 4657 2866 4726 fragmentum
2911 4659 3244 4716 historicum.

1911 4749 2184 4819 Stupenda
2229 4763 2338 4812 res,
2371 4749 2425 4802 in
2459 4750 2755 4818 scriptione
2779 4765 3035 4814 cernere,

1909 4843 2200 4895 Hominum
2241 4841 2308 4895 ad
2340 4840 2567 4895 salutent
2602 4841 2849 4896 Christus
2901 4853 2959 4897 ut
2983 4852 3179 4897 cuncta
3210 4842 3405 4910 egerit.

1911 4932 2157 5002 Namque
2187 4933 2278 4987 hic
2309 4934 2451 5001 apud
2489 4948 2588 4986 nos
2615 4934 2815 5003 hospes
2848 4934 2964 5002 ipse
3001 4935 3152 4987 visus
3178 4948 3283 4998 est,

1908 5027 2061 5081 Caelo
2094 5027 2300 5094 absque
2334 5041 2498 5079 carne
2527 5026 2741 5094 lapsus;
2774 5026 2963 5089 homo,
2995 5042 3118 5080 cum
3152 5027 3280 5080 illuc
3312 5027 3467 5081 redit.

1911 5119 2105 5182 Porro,
2137 5118 2415 5171 memoria:
2445 5119 2639 5186 gratia,
2682 5116 2914 5170 Domino
2945 5115 3092 5170 dicat

1911 5210 2126 5264 Donum
2161 5209 2330 5263 hocce
2357 5207 2614 5278 Symeon,
2642 5208 2802 5262 laude
2826 5208 2909 5261 vir
2938 5208 3109 5261 multa
3147 5208 3406 5279 inclytus.

2217 5300 2401 5356 CXIII.
2431 5331 2501 5340 —
2529 5300 2595 5353 In
2624 5301 2904 5369 imaginem
2935 5299 3153 5355 Christi.

1912 5397 2169 5451 Christus
2192 5411 2314 5466 ego,
2347 5410 2509 5464 quem
2539 5394 2754 5463 pictura
2789 5392 3144 5461 spectandum
3182 5391 3349 5446 dedit.

1916 5489 2093 5558 thue
2125 5489 2238 5542 haec
2277 5488 2457 5556 imago
2485 5486 2655 5549 ﬁeret,
2688 5485 2802 5554 ipse
2840 5494 3030 5538 auctor
3059 5484 3160 5539 fui.

1914 5582 2265 5635 Contrarium
2296 5593 2524 5649 perosus
2565 5592 2747 5640 omne,
2774 5583 2833 5628 ut
2859 5576 3133 5642 haeresim,

1917 5673 2000 5727 Me
2027 5688 2220 5741 sospes
2245 5681 2331 5726 est
2354 5672 2581 5726 custode
2609 5668 2879 5723 Patricius
2908 5667 3039 5722 Leo.

2350 5760 2531 5817 XCIV.
2559 5793 2627 5803 —
2660 5760 2725 5813 In
2755 5759 3038 5813 inclusum.

1921 5856 2170 5912 Inclusus
2199 5855 2286 5910 ille
2323 5863 2427 5920 est,
2460 5855 2550 5924 qui
2588 5854 2780 5924 procul
2813 5853 2880 5906 ab
2908 5849 3218 5912 aﬂ’ectibus,

3020 5941 3098 6000 57
