3968 6440
541 362 682 429 1803

538 472 680 527 Toto
701 469 925 527 reclusit
957 470 1014 547 in
1053 469 1221 525 Deum
1248 484 1308 526 se
1327 480 1546 542 pectore
1577 488 1592 525 :

540 562 717 618 Freno
744 577 1008 619 coercens
1034 562 1237 617 mentis
1269 577 1483 617 errores
1519 576 1710 633 vagos,

536 653 908 723 Animumque
945 652 1093 707 curis
1131 653 1348 722 erigens
1376 654 1732 709 cmlestibus:

537 744 799 799 Precibus
841 743 1132 811 inhaarens,
1179 760 1300 814 quae
1338 755 1604 814 perurunt
1638 744 1931 803 daemones,

538 835 626 901 Et,
652 852 762 906 quo
801 844 1029 890 retrusa:
1055 851 1142 892 res
1171 846 1381 907 patent,
1408 839 1650 894 silentio.

536 924 655 981 Non
686 942 781 997 spe
816 925 1097 992 fatiscens,
1130 943 1240 982 non
1273 928 1435 983 inerti
1467 929 1688 1001 gaudio,

538 1014 750 1073 Labore
774 1034 975 1089 corpus
1003 1029 1057 1075 et
1091 1019 1233 1075 fame
1266 1035 1529 1077 exercens
1558 1022 1731 1091 gravi,

514 1107 782 1180 .lIymnos
814 1122 1067 1181 gemente
1092 1111 1291 1181 spiritu
1313 1112 1473 1183 juges
1506 1128 1733 1168 canens.

538 1200 658 1264 llic,
689 1203 864 1272 angeli
894 1203 1023 1270 ritu,
1059 1218 1156 1257 ore
1185 1205 1485 1274 conspicuo
1508 1205 1712 1267 nitens,

540 1291 636 1346 Dia
670 1294 976 1348 intuentum
1010 1295 1179 1349 corda
1212 1295 1502 1351 collustrat
1533 1294 1671 1350 face.

538 1380 623 1437 Nil
657 1400 901 1454 unquam
934 1385 1097 1440 inane
1127 1398 1317 1442 suetus
1348 1387 1415 1442 ad
1451 1390 1621 1442 risum
1652 1388 1828 1457 loqui,

540 1472 648 1529 Sed
687 1491 797 1545 quo
825 1476 1010 1545 juvarl
1040 1480 1281 1532 sentiant
1306 1493 1386 1541 se,
1415 1479 1507 1548 qui
1539 1479 1801 1545 audiunt;

536 1565 650 1625 Nec
679 1570 760 1625 sic
788 1569 1027 1640 profusa:
1055 1572 1172 1627 vela
1212 1574 1350 1627 dans
1379 1572 1696 1643 loquentiae.

537 1657 666 1714 Ilaec
696 1660 915 1730 assequi
946 1660 992 1714 si
1025 1663 1171 1731 potis
1204 1677 1285 1727 es,
1317 1663 1370 1716 in
1406 1671 1523 1716 tuto
1551 1674 1633 1718 est
1663 1665 1813 1719 salus
1836 1707 1853 1719 .

539 1745 661 1815 Sin,
703 1749 770 1805 ad
802 1753 1074 1823 gregalem
1109 1756 1363 1824 protinus
1386 1759 1551 1811 vitam
1582 1758 1718 1819 redi,

542 1839 642 1897 Ubi
672 1857 892 1898 rursum
923 1860 1128 1914 agones
1165 1845 1385 1902 excolas
1421 1848 1710 1904 asceticos.

913 1933 1076 1991 XCV.
1102 1965 1172 1977 —
1201 1935 1266 1990 In
1298 1947 1433 1992 recte
1465 1939 1736 1995 viventem.

533 2021 690 2091 Sapit
717 2023 860 2079 Inter
887 2040 1103 2092 omnes,
1131 2030 1225 2098 qui
1254 2028 1345 2085 Dei
1374 2030 1506 2083 vivit
1534 2039 1699 2084 metu.

535 2112 807 2184 Purgatus
836 2117 1057 2174 animus
1086 2120 1266 2189 potior
1293 2131 1376 2176 est
1407 2122 1641 2177 cumulis
1672 2137 1857 2191 opum.

535 2201 721 2259 XCVI.
750 2234 821 2247 —
852 2205 921 2261 In
958 2210 1261 2294 monachos,
1314 2229 1525 2266 carmen
1557 2214 1876 2284 dactylicum
1915 2227 1963 2270 et
1999 2220 2104 2272 ele-

1184 2298 1419 2350 gmcum.

534 2361 581 2421 Ο
609 2363 775 2422 forte:
811 2368 1017 2425 salvete
1044 2371 1169 2435 viri,
1202 2374 1359 2443 queis
1390 2374 1546 2430 cedat
1570 2376 1834 2438 Achilles,

606 2452 841 2512 Hectora
872 2462 1282 2530 magnanimum
1314 2466 1570 2521 straverit
1602 2466 1693 2521 ille
1720 2466 1867 2522 licet.

535 2543 703 2603 Vobis
734 2548 890 2605 firma
930 2551 1032 2607 l'uit
1059 2553 1249 2620 lorica,
1276 2559 1579 2613 monastica
1613 2562 1720 2614 vita
1751 2576 1765 2612 :

608 2637 673 2694 Et
700 2639 894 2697 docilis
926 2644 1098 2712 pietas
1124 2647 1364 2715 optimus
1399 2649 1550 2705 ensis
1581 2661 1717 2704 erat.

536 2726 801 2801 Fregistis
826 2730 1026 2800 Beliar,
1070 2739 1419 2793 tenebrarum
1444 2748 1497 2794 et
1532 2755 1696 2811 regna
1732 2746 1963 2811 superba
1999 2765 2011 2799 :

603 2816 844 2892 Postque
870 2825 1082 2880 obitum
1116 2828 1257 2883 coelo
1283 2838 1439 2899 parta
1468 2846 1671 2886 corona
1698 2832 1822 2888 fuit.

537 2910 720 2984 Deque
741 2914 898 2971 vobis
928 2915 1017 2972 hic
1045 2921 1309 2974 remansit
1340 2920 1457 2976 sola
1488 2922 1648 2993 pellis
1674 2937 1909 2983 mortua.

784 3003 995 3062 XCVII.
1016 3038 1092 3050 —-
1118 3007 1462 3081 Epigramma
1499 3013 1569 3067 ad
1607 3016 1855 3087 seipsum.

534 3095 733 3151 Anima
766 3097 998 3165 misella,
1027 3116 1196 3170 prope
1230 3104 1360 3159 ades
1389 3112 1446 3159 ct
1478 3106 1641 3159 verba
1678 3111 1888 3180 excipe.

534 3185 773 3257 Tempus
799 3190 1130 3260 volucripes,
1167 3207 1360 3248 cursor
1400 3204 1462 3250 ut
1485 3197 1663 3263 velox,
1697 3198 1829 3264 abit,

533 3276 849 3351 Propinqua
877 3291 1021 3337 meta
1053 3292 1159 3349 est,
1200 3301 1303 3340 nec
1333 3287 1459 3342 licet
1481 3291 1822 3358 praetervehi.

532 3368 653 3427 Non
686 3387 817 3442 ergo
849 3388 997 3428 cura
1026 3389 1130 3430 nos
1160 3378 1353 3433 inanes
1381 3391 1672 3450 occupent,

541 3464 608 3519 Ut
636 3470 998 3535 perﬂuentem
1029 3467 1123 3537 qui
1155 3468 1366 3539 replent
1392 3486 1535 3542 aqua
1567 3474 1788 3540 cadum,

533 3555 788 3626 Ignemve
816 3555 1059 3622 fodiunt,
1089 3574 1213 3627 quas
1242 3576 1391 3615 mera
1422 3572 1506 3618 est
1534 3564 1775 3620 insania.

538 3646 727 3702 Divina
760 3649 944 3717 potius
976 3664 1040 3705 ac
1071 3651 1233 3705 saluti
1261 3667 1527 3723 congrua,

534 3738 601 3795 Et
622 3741 885 3811 cogitare,
916 3751 973 3796 et
1005 3744 1260 3813 persequi
1295 3746 1433 3801 votis
1453 3747 1609 3817 juvet
1635 3765 1650 3802 :

536 3828 607 3887 Ut
632 3832 702 3887 ad
729 3832 972 3888 tribunal
997 3844 1208 3891 stemus
1238 3837 1615 3907 imperterriti,

532 3923 752 3979 Domini
776 3926 1017 3994 potentis
1051 3928 1294 3982 omnium
1326 3938 1491 4000 atque
1514 3930 1718 3999 iudicis
1746 3949 1761 3987 :

533 4015 841 4087 Proculque
868 4014 1108 4072 ﬂammis
1137 4021 1424 4075 astuantis
1453 4021 1665 4088 tartari,

530 4106 613 4161 Ad
636 4106 821 4162 lumen
852 4107 1139 4163 evolemus
1164 4108 1306 4163 haud
1337 4110 1574 4169 ell'ahile.

628 4193 861 4253 XCVIII.
890 4226 962 4239 -—
990 4195 1340 4270 Epigramma
1380 4205 1436 4254 in
1466 4199 1725 4257 Chalcitw
1748 4204 2012 4257 custodia.

532 4378 759 4434 Alienus
788 4379 879 4435 ille
915 4389 1001 4436 est
1036 4396 1068 4436 a
1111 4380 1241 4447 Deo,
1268 4389 1429 4439 terrm
1458 4383 1601 4438 bona

534 4470 639 4538 Qui
672 4485 783 4525 non
822 4481 1039 4542 reputat
1078 4474 1251 4529 aliena
1276 4490 1390 4545 prae
1426 4476 1550 4530 caeli
1590 4476 1748 4532 bonis
1780 4495 1797 4531 :

532 4562 717 4621 Terrae
746 4566 1013 4621 bonorum
1041 4581 1282 4637 namque
1305 4566 1567 4623 Dominus
1597 4569 1678 4623 sic
1703 4569 1826 4624 erit.

864 4675 1053 4732 XCIX.
1084 4708 1153 4718 ——
1184 4674 1250 4731 In
1290 4682 1473 4733 eadem
1498 4679 1762 4733 custodia.

533 4766 719 4837 Spem,
751 4767 914 4832 cella,
936 4777 1158 4838 praeter,
1186 4768 1455 4838 hospitem
1488 4783 1574 4823 me
1602 4769 1815 4825 detines
1840 4787 1855 4823 :

531 4860 603 4913 At
629 4868 682 4912 te
718 4857 953 4928 benigna
983 4856 1237 4927 ρει-[ιιιοτ
1264 4856 1502 4912 colonia.

533 4948 791 5020 Byzantis
816 4948 927 5004 huc
957 4964 1046 5003 me
1076 4949 1271 5004 civitas
1298 4949 1690 5014 exterminans,

531 5043 729 5111 Pravo,
764 5041 909 5113 quod
939 5042 1056 5112 ipsa
1087 5042 1286 5107 nescit,
1327 5041 1521 5098 aﬂectu
1546 5042 1756 5097 eximit.

936 5150 1000 5209 C.
1025 5182 1099 5194 —
1126 5150 1192 5206 In
1227 5151 1407 5207 eadem
1436 5154 1701 5207 custodia.

532 5247 662 5303 Mihi
695 5262 821 5303 vera
854 5262 1055 5316 corpus
1078 5254 1130 5301 et
1156 5245 1315 5299 unica
1354 5254 1437 5299 est
1460 5248 1747 5303 custodia:

532 5338 710 5395 Locus
739 5336 1019 5393 habitandi
1049 5335 1277 5406 quilibet
1300 5339 1503 5405 pariter
1534 5338 1695 5391 datus
1726 5357 1740 5392 :

534 5428 615 5487 Me
648 5446 882 5501 namque
915 5430 1102 5484 nullus
1129 5437 1184 5481 et
1212 5425 1322 5482 Deo
1352 5427 1701 5497 disjunxerit.

1731 365 1790 423 S.
1831 359 2224 423 THEODORI
2248 360 2597 423 STUDITA']

2138 464 2191 524 A
2217 465 2386 536 Ὅλην
2416 466 2667 540 καθεῖρξε
2695 467 2830 540 πρὸς
2861 467 2994 521 Θεὸν
3016 466 3117 539 τὴν
3141 467 3397 538 καρδίαν·

3654 359 3782 426 1804

2212 558 2427 612 κλείων
2461 560 2756 630 λογισμοὺς
2784 561 2913 624 τοὺς
2946 561 3217 630 γυρευτὰς
3245 561 3345 632 τῆς
3375 560 3610 634 πλάνης,

2211 650 2358 704 Νοῦν
2389 650 2521 705 αὖτε
2570 653 2808 723 πέμπων
2834 656 2954 716 ταῖς
2980 653 3094 707 ἄνω
3121 653 3395 724 θεωρίαις,

2214 742 2393 812 Ἐχων
2418 744 2728 815 προσευχὴν
2760 745 3063 816 καυστικὴν
3090 746 3202 799 τῶν
3228 747 3520 816 δαιμόνων,

2208 832 2394 903 Φέρων
2429 834 2641 905 σιωπὴν
2669 837 3133 906 μυσταγωγοῦσαν
3162 837 3321 908 βάθη,

2209 926 2401 995 Ψυχὴν
2430 926 2688 981 ἄθλιπτον
2717 930 2774 983 ὲν
2804 930 2947 999 χαρᾷ
2972 928 3079 982 τῶν
3105 929 3360 995 ἐλπίδων,

2213 1017 2429 1087 Ἔργων
2460 1036 2519 1071 τε
2554 1019 2773 1089 χειρῶν,
2798 1021 2891 1073 καὶ
2918 1020 3089 1074 κόπου
3119 1020 3316 1090 λαιμοῦ
3338 1022 3478 1091 τόνῳ
3498 1038 3513 1053 ο

2220 1108 2376 1180 ’ῼδὴν
2401 1110 2700 1175 ἄπαυστον,
2747 1111 2963 1181 πνεῦμα
2994 1114 3476 1184 συντετριμμένον.

2212 1196 2405 1261 Οῦτως
2429 1199 2665 1270 ἀνοίγων
2694 1201 3100 1272 άγγελοπρεπεῖ
3132 1201 3253 1273 θέα,

2221 1289 2645 1361 Ἀκτινολαμπεῖ
2674 1294 2802 1356 τοὺς
2832 1293 3074 1363 ὁρῶντας
3101 1293 3322 1357 ὲνθέως.

2208 1383 2395 1449 Λέγων
2420 1381 2519 1451 μὲν
2544 1382 2697 1437 οὐδὲν
2724 1384 2833 1436 τῶν
2865 1385 3156 1456 ἀχρήστων
3183 1385 3265 1447 είς
3290 1384 3488 1452 γέλως,

2220 1475 2361 1527 Ἀλλ’
2386 1468 2543 1546 ᾧπέρ
2570 1476 2723 1529 ἐστιν
2747 1476 3072 1546 ὠφελεῖσθαι
3095 1478 3187 1531 τὸν
3221 1477 3392 1543 ξένον.

2208 1567 2317 1619 Καὶ
2347 1567 2519 1620 ταῦτα
2551 1567 2770 1637 φεύγων
2807 1573 3191 1641 μακρορημεῖν
3226 1574 3307 1635 είς
3339 1572 3503 1643 κόρον
3525 1590 3539 1603 ι

2211 1657 2308 1709 “Av
2332 1652 2425 1710 οὖν
2454 1657 2585 1730 δύνῃ
2622 1660 2760 1729 πρὸς
2794 1662 2989 1727 ταῦτα,
3024 1664 3305 1727 σωστικῶς
3337 1664 3572 1736 τρέχεις.

2212 1748 2273 1800 Ei
2302 1748 2374 1818 μὴ
2397 1750 2475 1803 δέ·
2502 1751 2723 1819 φεύγοις
2751 1753 2831 1816 είς
2857 1753 2970 1823 βίον
3005 1754 3222 1818 ζώντων
3249 1758 3386 1826 ἅμα,

2139 1822 2180 1877 Β
2222 1836 2310 1892 Ἐν
2341 1832 2385 1909 ᾧ
2420 1841 2681 1906 πλειόνως
2702 1846 2830 1909 τοὺς
2862 1847 3078 1914 ἀγῶνας
3102 1848 3463 1921 λαμπρύνεις.

2614 1932 2730 2001 ιε’.
2764 1966 2835 1975 -
2859 1940 2962 2004 Εἰς
2994 1935 3063 1995 εὖ
3091 1941 3372 2004 βιοῦντα.

2206 2019 2446 2091 Σώφρων
2474 2022 2787 2093 κράτιστος,
2822 2026 2880 2089 ὃς
2908 2027 3044 2082 Θεοῦ
3082 2029 3191 2099 βιοῖ
3220 2032 3393 2105 φόϐῳ.

2206 2112 2399 2182 Ψυχῆς
2426 2114 2691 2185 κάθαρσις
2725 2120 2980 2187 κρεῖσσον
3019 2120 3036 2158 ί
3064 2121 3096 2192 ἢ
3121 2122 3351 2189 πλοῦτος
3372 2126 3532 2197 ῥέων.

2206 2206 2338 2271 ιτςν.
2365 2236 2430 2246 --
2449 2207 2554 2273 Εἰς
2596 2210 2928 2279 μοναχοὺς,
2962 2210 3326 2284 δακτυλικὸς
3357 2218 3455 2271 καὶ
3492 2218 3786 2288 ἐλεγεῖος.

2206 2383 2458 2454 Χαίρετε,
2489 2386 2678 2457 ἄνδρες
2706 2390 2953 2461 ἀριστέες
2984 2394 3079 2447 τοῦ
3113 2395 3358 2467 Ἀχιλῆος
3398 2396 3639 2469 ὕπερθεν
3665 2414 3681 2430 ⁶

2281 2476 2504 2530 Κτεῖναι
2538 2478 2637 2547 μὲν
2667 2480 2907 2553 Ἕκτορα
2938 2476 3094 2549 οὗτος
3123 2487 3391 2558 κρατερὸν
3422 2488 3644 2560 ξιφέρη.

2207 2567 2267 2619 Oi
2293 2567 2369 2632 δὲ,
2400 2569 2743 2637 μοναζόντων
2770 2572 3147 2645 θωρηξάμενοι
3174 2578 3474 2645 πολιτείαν,

2278 2659 2441 2729 Χεῖρε
2469 2660 2725 2725 λαϐόντες
2750 2664 2848 2737 ἆορ
2868 2666 3156 2732 εὐπειθοῦς
3183 2669 3281 2739 τῆς
3304 2671 3480 2736 ὁσίας.

2207 2748 2452 2816 Σφάξατε
2473 2751 2564 2804 τὸν
2590 2752 2807 2826 Βελίαρ,
2840 2756 3060 2821 σκότεος
3092 2760 3443 2831 μεγαλαύχεα
3467 2762 3597 2815 νοῦα
3623 2778 3638 2792 ·

2282 2842 2477 2896 Ἔνθεν
2505 2845 2790 2915 ἀπήρκατε
2824 2848 2904 2911 εἰς
2926 2849 3151 2919 οὐρανὸν
3183 2851 3517 2926 ἀθλοφόρως.

2206 2935 2511 3006 Δερματίδα
2539 2937 2911 3007 πῳσαφὲντες
2945 2942 3170 2995 τάνθάδε
3196 2944 3296 3016 τὴν
3322 2949 3522 3017 νεκρὰν
3549 2949 3730 3020 μόνην

2487 3024 2600 3094 ιιΖκ
2630 3057 2697 3068 -
2734 3030 3101 3100 Ἐπίγραμμα
3141 3036 3226 3100 είς
3258 3035 3494 3094 ἑαυτόν.

2206 3114 2369 3185 Ψυχὴ
2391 3116 2646 3186 ταπεινὴ,
2677 3116 2836 3186 δεῦρό
2863 3135 2975 3187 μοι,
3006 3120 3153 3185 δέξαι
3181 3122 3363 3191 λόγον.

2126 3180 2176 3239 C
2218 3204 2277 3258 '0
2300 3180 2486 3276 καιρὸς
2510 3180 2637 3270 ὀξὺς
2656 3206 2733 3271 ὼς
2756 3180 2989 3278 δρομεὺς
3016 3180 3313 3283 διατρέχων
3334 3227 3350 3243 ⁸

2218 3299 2415 3368 Ἐγγύς
2439 3300 2500 3353 τὸ
2526 3302 2725 3372 τέρμα,
2753 3305 2849 3357 καὶ
2879 3305 3171 3375 παρελθεῖν
3197 3308 3297 3361 οὐκ
3322 3309 3422 3364 ἔνι.

2206 3392 2297 3462 Μὴ
2317 3393 2379 3463 δὴ
2410 3393 2683 3463 κάμοιμεν
2713 3397 2833 3458 ταῖς
2860 3396 3119 3465 ματαίαις
3147 3400 3447 3468 φροντίσιν,

2220 3483 2560 3549 ’Λντλοῦντες
2589 3486 2757 3549 ὄντως
2785 3488 2863 3549 είς
2894 3488 3051 3542 πίθον
3081 3492 3463 3562 τετριμμένον,

2207 3575 2489 3637 Ξαίνοντες
2515 3576 2596 3639 είς
2623 3575 2755 3645 πῦρ,
2783 3577 2860 3640 ὡς
2883 3579 3187 3646 γελοιωδῶς
3221 3581 3355 3651 ἔχει.

2219 3666 2357 3719 Ἀλλ’
2380 3666 2435 3718 εἴ
2454 3686 2508 3721 τι
2538 3666 2703 3733 θεῖον,
2735 3670 2790 3722 εῐ
2809 3686 2862 3722 τι
2892 3671 3156 3725 σωστικὸν
3190 3675 3363 3737 πέλει,

2205 3759 2392 3812 Ταῦτα
2414 3760 2742 3825 σκοποῦντες
2776 3763 2871 3815 καὶ
2895 3762 3185 3829 διώκοντες
3216 3766 3388 3838 πόθῳ.

2221 3847 2309 3911 Ὦς
2335 3849 2402 3903 ἂν
2426 3850 2847 3921 παρασταίημεν
2878 3854 2937 3905 ὲν
2965 3854 3271 3926 παρρησίᾳ.

2204 3941 2298 4013 Τῷ
2331 3932 2440 3995 τῶν
2465 3942 2722 3996 ἁπάντων
2754 3944 2850 3998 καὶ
2872 3947 3047 4018 Κριτῇ
3075 3947 3169 4001 καὶ
3199 3947 3469 4021 Δεσπὸτῃ.

2206 4032 2279 4085 Τὸ
2304 4031 2418 4102 πῦρ
2444 4033 2708 4101 φυγόντες
2735 4036 2834 4107 τῆς
2862 4037 3105 4107 γεέννης,
3139 4037 3215 4101 ὡς
3235 4040 3457 4109 γράφει,

2204 4126 2318 4179 Καὶ
2355 4126 2785 4198 προστρέχοντες
2813 4128 2894 4198 τῷ
2923 4131 3261 4201 παναρῤήτῳ
3289 4132 3435 4200 φάει.

2206 4218 2329 4284 ιιΗο.
2379 4248 2447 4260 --
2487 4220 2852 4289 Ἐπίγραμμα
2896 4222 2966 4344 fr
3021 4220 3097 4309 τῇ
3162 4221 3407 4291 φυλακῇ
3467 4224 3581 4293 τῆς
3634 4228 3791 4281 Χαλ-

2857 4308 2893 4343 κ
2920 4308 3025 4343 του
3054 4313 3068 4341 ι
3086 4332 3101 4344 .

2857 4308 3025 4344 κιτου
3054 4308 3068 4341 3
3086 4332 3101 4346 ο

2207 4378 2369 4442 Ξένος
2396 4378 2533 4433 Θεοῦ
2563 4380 2821 4449 πέφηνεν,
2849 4380 2998 4444 ὅστις
3027 4383 3088 4435 ού
3117 4381 3245 4446 ξένα

2214 4471 2367 4539 Ἔχει
2392 4471 2457 4523 τὰ
2491 4471 2617 4541 τῇδε
2642 4472 2820 4525 πάντα
2843 4472 2955 4525 τῶν
2978 4472 3089 4526 ἄνω
3112 4474 3315 4542 σχέσει.

2212 4561 2370 4615 Οὕτω
2396 4561 2505 4632 γὰρ
2530 4561 2683 4634 ὤφθη
2715 4564 2994 4633 Δεσπότης
3032 4565 3130 4617 καὶ
3158 4564 3185 4604 ι
3218 4566 3328 4619 τῶν
3359 4567 3531 4623 κάτω.

2524 4676 2641 4743 ιπθκ
2671 4704 2741 4715 —-
2779 4674 2883 4727 Ἔν
2910 4673 2983 4743 τῇ
3012 4673 3167 4744 αὐτῇ
3191 4678 3458 4747 φυλακῇ.

2210 4766 2410 4835 ’Έσχες
2440 4782 2529 4834 με,
2563 4765 2748 4829 κέλλα,
2780 4765 2871 4818 τὸν
2896 4765 3047 4831 ξένον
3080 4767 3208 4837 παρ³
3234 4767 3447 4823 ἐλπίδα.

2209 4850 2381 4927 Εὗρον
2406 4857 2450 4909 δ’
2481 4856 2591 4925 ἐγώ
2618 4873 2675 4909 σε
2706 4857 2968 4926 φιλτάτην
3002 4859 3314 4929 παροικίαν.

2201 4950 2464 5013 Βυζαντὶς
2490 4951 2523 5019 ἡ
2559 4950 2713 5014 πόλις
2746 4968 2815 5021 με
2852 4950 3035 5021 βάλλει
3064 4952 3315 5007 κάνθάδε.

2202 5040 2455 5095 Λαθοῦσά
2486 5044 2535 5095 τ’
2565 5041 2705 5111 αῦτη
2736 5042 3106 5112 προσπαθείας
3128 5044 3330 5111 ἐξάγει.

2544 5156 2623 5208 P'.
2654 5182 2724 5194 —-
2766 5156 2861 5208 Ἑν
2887 5153 2963 5222 τῇ
2985 5154 3140 5225 αὑτῇ
3170 5155 3419 5224 φρουρᾷ.

2214 5245 2371 5314 Ἐμοὶ
2393 5244 2455 5297 τὸ
2488 5244 2645 5313 σῶμα
2670 5246 2880 5315 φρουρὰ
2910 5245 3002 5296 καὶ
3038 5246 3199 5312 μόνον
3235 5244 3387 5297 πέλει
3414 5262 3432 5311 ζ

2206 5335 2380 5398 Τόπος
2408 5335 2464 5388 δὲ
2498 5337 2604 5398 πᾶς
2636 5352 2718 5397 τις
2743 5334 2801 5399 ἐξ
2831 5336 2945 5387 ἴσου
2979 5335 3298 5405 δεδωμένος.

2206 5428 2441 5495 Πάμπαν
2468 5425 2602 5479 Θεοῦ
2628 5426 2735 5496 γὰρ
2766 5427 2825 5480 ού
2859 5428 3117 5496 πάροικος
3144 5429 3417 5498 τυγχάνω.

1815 5612 2049 5669 νΑιιιΑε
2078 5612 2485 5669 LECTIONES.

611 5774 629 5814 ί
670 5774 803 5827 Cod.
829 5774 958 5843 Reg.
998 5775 1285 5845 κρείσσων.
1368 5774 1379 5821 l
1419 5772 1545 5841 Reg.
1591 5772 1723 5826 Cod.
1764 5774 2069 5841 Χαλκήτου.
2152 5769 2175 5807 ἰ
2200 5769 2331 5841 Ιίρεζ.
2355 5771 2485 5826 Cod.
2514 5789 2649 5834 πως.
