3968 6492
549 556 672 612 PA'.
698 588 766 598 —
800 559 896 613 Ἐν
931 555 1004 626 τῇ
1029 553 1182 624 αὐτῇ
1207 553 1431 623 εἱρκτῇ.

212 652 380 722 Ὥραν
411 649 533 703 καθ’
565 648 714 719 ὤραν
739 646 833 699 τοῦ
863 645 975 716 βίου
998 646 1150 708 τέλος
1179 644 1390 707 σκόπει,

209 745 314 796 Καὶ
343 742 558 812 μακρὰν
591 742 655 792 ὲκ
683 738 777 792 σοῦ
799 739 897 808 τὴν
925 737 1151 806 ἀκηδίαν
1178 735 1415 806 βλέποις.

211 836 329 887 Τῶν
357 833 626 903 δαιμόνων
648 832 756 900 γὰρ
789 830 850 885 τὸ
872 830 1052 898 λέγειν
1073 845 1089 861 ·
1126 829 1280 893 Ἕως
1309 831 1492 892 πότος

211 927 318 981 Καὶ
349 925 426 997 μὴ
455 923 515 977 τὸ
545 923 692 988 δόξαι
715 920 966 976 τεθνάναι
1000 919 1341 989 καθημέραν.

438 1014 558 1070 PB’.
587 1045 655 1054 -—
690 1014 1050 1083 Ἐπίγραμμα
1079 1013 1168 1076 εις
1189 1010 1294 1075 τὰς
1325 1006 1539 1077 φάγος.

210 1109 425 1178 Δοχεῖόν
457 1109 570 1176 είμι
602 1107 700 1174 τῆς
735 1105 1036 1174 ἀκοιμήτου
1070 1103 1264 1171 φάνης,

221 1198 547 1266 ’Υπερφαεῖς
574 1194 670 1256 τὰς
703 1193 875 1259 αὐγὰς
899 1193 954 1244 ὲν
981 1191 1178 1261 ψυχαῖς
1202 1189 1386 1260 φέρον.

208 1285 276 1340 Ὦ
306 1283 651 1355 λαμπαδοῠχε
682 1282 771 1337 τοῦ
811 1280 1152 1352 τριλαμποῦς
1177 1280 1350 1350 ἡλίου,

213 1378 523 1446 Ἀστραψον
565 1378 696 1445 ἡμῖν
746 1375 946 1443 φέγγος
988 1373 1273 1444 ἀστραπῆς
1306 1372 1489 1436 πλέον,

209 1469 386 1531 Φωτός
419 1485 484 1538 με
518 1466 733 1532 τεύξας,
755 1469 785 1519 ό
810 1465 1106 1535 προσοίσας
1139 1465 1182 1517 δ’
1206 1465 1416 1534 εύχάδε.

213 1561 403 1627 Εὗροις
431 1561 485 1628 μ’
513 1558 720 1611 ἐκεῖθεν
752 1558 954 1626 λάμψιν
982 1559 1221 1628 ἀρῤήτου
1247 1556 1440 1624 φάους.

211 1652 330 1705 Pl".
375 1682 444 1692 --
477 1649 627 1717 Πρὸς
676 1649 742 1704 τὸ
791 1649 1085 1729 ἐπημελῶς
1127 1648 1560 1719 ἀναγινώσκειν
1606 1646 1673 1698 τὰ
1706 1644 1776 1698 ἐν

807 1719 931 1784 τοῖς
972 1719 1215 1787 τοίχοις.

209 1809 383 1863 Γνῶθι
414 1809 622 1878 παριὼν
655 1809 759 1861 τῶν
789 1809 1151 1880 ἀνατρὰπτων
1183 1808 1367 1878 μέρος.

208 1902 360 1954 Θεῖον
384 1902 492 1972 γὰρ
525 1901 675 1953 οὐδὲν
706 1900 857 1971 ρῆμὰ
891 1917 970 1953 σοι
1001 1901 1330 1971 παροπτέον.

209 2016 332 2068 PA'.
370 2046 437 2056 —
493 2014 858 2082 Ἐπίγραμμα
888 2015 991 2146 ge
1049 2009 1216 2069 οἶκον
1261 2011 1561 2082 γυναικῶν
1605 2012 1775 2082 φιλο-

959 2101 1100 2136 νων.

959 2101 1100 2136 νων.

209 2174 547 2243 Σπλάγχνοις
576 2173 842 2243 ξενισμῶν
865 2174 1275 2245 εύρυχωροῦσαι
1309 2173 1452 2232 λίαν.

210 2265 423 2334 Ὥσπερ
452 2282 535 2327 τις
566 2265 724 2328 ἄλλος
768 2266 1016 2337 ’Δϐραὰμ
1040 2267 1460 2336 πατροκράτωρ,

207 2357 277 2407 Δί
307 2356 657 2410 δεσποτοῦσαι
693 2358 852 2425 τῆσδε
875 2357 974 2424 τῆς
1010 2357 1325 2426 παροικίας,

210 2446 424 2514 Πλῆθος
457 2448 735 2515 μοναστὼν
765 2447 1062 2511 δεξιοῦνται
1090 2448 1184 2500 σὺν
1211 2446 1358 2513 πόθῳ
1378 2461 1393 2475 ·

209 2536 649 2599 Μισοξενούντων
678 2537 737 2588 τὸ
767 2537 1091 2608 στενόψυχον
1115 2538 1283 2600 πάθος

209 2626 682 2694 Καταισχύνουσαι
704 2630 767 2697 τῇ
798 2628 1223 2700 πολυσπλάγχνῳ
1250 2629 1451 2699 σχέσει,

211 2717 324 2769 Καὶ
351 2716 448 2786 τὴν
482 2716 685 2768 ἄνωθεν
715 2719 991 2787 κτώμεναι
1022 2719 1408 2788 σκηπτουχίαν,

494 2824 615 2878 PE'.
647 2856 715 2866 —
750 2826 875 2877 Ἐπί
885 2842 1110 2895 mappa
1147 2829 1235 2892 εἰς
1264 2825 1495 2892 ξένους.

208 2917 445 2988 Χριστὸν
475 2915 668 2980 ξενίζει
698 2918 801 2977 πᾶς
826 2917 1130 2986 διατρέφων
1164 2918 1367 2983 ξένους.

208 3007 429 3074 ’Ἢνπερ
460 3006 662 3073 μεθῆκε
693 3006 926 3077 Χριστὸς
954 3008 1018 3059 ὲκ
1055 3007 1260 3078 φθορᾶς
1297 3010 1428 3073 ἄνω,

223 3098 387 3152 Ἀλλά
410 3115 474 3165 γε
501 3098 806 3161 συντάξοιεν
838 3101 893 3150 ὲν
921 3098 1135 3160 ζώντων
1163 3100 1337 3171 μέρει,

207 3191 430 3259 Ταύτης
458 3189 516 3240 τὸ
555 3190 791 3258 πνεῦμα,
825 3189 933 3242 τῶν
964 3191 1099 3242 ὅλων
1129 3194 1157 3244 ό
1185 3194 1480 3263 Δεσπότης.

459 3303 595 3370 Ρςθ.
621 3334 690 3343 ——
717 3306 819 3369 Εἰς
844 3303 1250 3371 μοναστήριογ
1279 3307 1533 3375 ἀνδρῶν.

205 3391 347 3447 Θεοῦ
382 3394 534 3446 πόλιν
561 3412 642 3454 τις
668 3397 715 3447 εἰ
740 3396 932 3465 καλοίη
955 3396 1046 3448 τὸν
1068 3397 1255 3460 τόπον,

207 3489 329 3540 Οὲκ
359 3487 423 3540 ἂν
450 3487 789 3541 διαπταίσειε
819 3489 922 3556 τῆς
947 3489 1199 3560 θεωρίας.

222 3579 390 3649 Ὁρᾷς
419 3579 524 3649 γὰρ
548 3578 728 3641 αὑτὸν,
769 3579 1037 3642 κυκλικῶς
1064 3581 1387 3646 διαϐλέπων,

210 3670 400 3732 Ναοὺς
435 3669 712 3735 φαεινοὺς,
744 3670 1116 3739 ὡραῖσμένους
1145 3671 1304 3740 ἄγαν,

211 3762 413 3823 Οἴκους
438 3760 521 3812 ἐπ’
544 3760 721 3822 οἴκους
753 3761 1192 3827 καλλισυνθέτους
1219 3764 1358 3827 λίαν,

212 3853 447 3921 Κήπους
480 3852 723 3920 φυτείας,
744 3851 818 3914 ὡς
859 3851 1035 3922 Ἐδὲμ,
1067 3857 1452 3924 κεκασμένους.

211 3943 333 3995 Πᾶν
362 3940 414 3993 εἴ
436 3959 487 3993 τι
516 3942 727 4005 τούτοις
751 3943 1106 4013 τερπνοειδῶς
1142 3946 1427 4016 ὲμὸλέπων
1451 3965 1465 3980 ο

223 4033 473 4098 Ἀγαθῶν
499 4033 659 4104 θεωρὶ
687 4034 907 4100 δόξασον
936 4035 1258 4106 θεοφρόνως,

206 4126 297 4179 Me
307 4142 414 4194 μνη
423 4126 578 4193 μένος
605 4126 831 4188 Λέοντος
865 4127 1180 4197 ἁξιοχρέως,

209 4215 324 4269 Τοῦ
360 4217 799 4287 κτισματουργοῦ
835 4221 930 4271 σὺν
959 4218 1077 4287 Θεῴ
1100 4220 1207 4274 τῶν
1238 4221 1446 4278 ἐνθάδε.

359 4332 477 4385 PZ'.
502 4362 568 4371 -—
596 4334 702 4399 Εἰς
723 4333 789 4386 τὸ
813 4333 1053 4402 δοχεῖον
1081 4334 1188 4402 τῆς
1211 4335 1400 4405 αὐτῆς
1422 4338 1636 4407 μονῆς.

206 4421 402 4490 Μονῆς
427 4424 689 4491 ἀγαστῆς,
716 4426 811 4494 τῆς
840 4426 1176 4497 καλουμένης
1203 4430 1351 4492 νέας.

205 4513 430 4583 Δοχεῖόν
454 4516 591 4583 εἰμι,
628 4516 719 4567 καὶ
757 4518 1046 4586 προαύλιον
1075 4519 1254 4586 ξένονο

208 4604 451 4687 ῌολλοὺς
485 4605 689 4670 ξενίζον
714 4609 792 4670 εἰς
821 4607 1046 4677 ἄμειψιν
1072 4611 1254 4664 αίσίαν

205 4698 443 4758 Λέοντος
473 4696 684 4762 ἐσθλοῦ,
713 4701 981 4752 Δεσπότου
1002 4701 1110 4752 τῶν
1140 4702 1347 4758 ἐνθάδε.

667 4812 793 4865 PH'.
825 4840 896 4853 -—
925 4814 1030 4877 Εἰς
1062 4813 1127 4865 τὸ
1155 4815 1324 4868 αὑτό.

201 4895 342 4954 *Ωδε
376 4901 639 4966 ξενισθεὶς
664 4902 812 4973 δεξιᾷ
841 4903 1170 4975 προμηθείᾳ,

218 4990 524 5056 Ἀντιξενον
549 4994 770 5063 φέροιμι
798 4993 966 5064 δῶρον
995 4998 1022 5048 δ
1044 4994 1211 5062 ξένοςν

206 5076 319 5133 ⁷ον
347 5080 638 5151 εὐποροίην
668 5081 729 5134 τὸ
759 5081 1052 5150 κράτιστον
1090 5083 1152 5136 εὖ
1186 5083 1352 5153 μάλα,

218 5173 396 5242 Ὁμοῦ
421 5174 520 5228 σὺν
549 5172 732 5243 εὐχαῖς
755 5173 944 5226 τούσδε
976 5174 1243 5246 τέτταρας
1273 5176 1506 5246 στίχους.

671 5285 792 5340 ΡΘ’.
826 5315 896 5326 —-
917 5288 1018 5352 Εἰς
1044 5290 1289 5356 τάφους.

205 5378 287 5431 Τὸ
310 5377 541 5448 τερπνὸν
567 5377 722 5441 εἰδὼς
753 5378 844 5430 καὶ⁸
872 5379 1098 5441 σκιῶδες
1125 5380 1218 5432 τοῦ
1251 5381 1388 5450 βίου,

205 5471 366 5523 Λέων
390 5469 566 5537 ἔγωγε
593 5470 690 5539 τῆς
721 5470 887 5538 μονῆς
917 5472 944 5522 ό
976 5471 1265 5541 συστάτης,

203 5563 395 5616 Καλὸν
426 5562 656 5632 τέτευχα
681 5566 792 5626 τοῖς
817 5562 1080 5632 φιληλίοις
1108 5567 1285 5632 τέγος,

200 5653 285 5704 Τὸ
312 5653 436 5722 τῇδε
463 5653 618 5722 δῶμα
642 5654 908 5723 τέρματος
938 5656 1156 5724 μνήμην
1188 5657 1353 5726 φέρον
1380 5676 1391 5688 ·

199 5746 394 5805 "Arta;
419 5746 523 5815 γὰρ
551 5745 736 5806 ἐσθλὸς
771 5744 1000 5797 θανάτου
1028 5747 1392 5815 μεμνημένος,

196 5835 328 5896 Φῶς
350 5837 656 5904 είσδέχοιτο,
691 5837 783 5888 καὶ
819 5838 1146 5906 παρέρχεται
1174 5840 1415 5902 σκότους.

1722 443 1959 502 ΙΑΜΒΙ.

3286 435 3423 504 1806

2274 551 2357 606 Cl.
2397 580 2458 594 ο-
2492 548 2556 603 In
2582 550 2760 603 eodem
2794 564 3021 602 carcere.

1873 644 1947 696 Ex
1979 642 2109 695 hora
2145 645 2196 696 in
2241 644 2426 696 horam
2455 642 2747 696 terminum
2772 642 2896 694 vitae
2925 640 3153 710 inspice,

1869 736 2167 805 Omnisque
2191 737 2347 805 longe
2378 734 2543 804 fugiet
2572 750 2603 794 a
2643 743 2695 787 te
2729 732 2965 803 ignavia.

1871 831 2148 899 Quousque
2174 827 2420 882 tandem?
2451 827 2650 890 dicere,
2682 836 2763 880 est
2792 823 3222 885 cacodaemonis;

1870 917 1979 974 Nec
2000 919 2125 974 vita:
2153 919 2204 972 in
2232 918 2395 972 horas
2425 916 2724 986 praestolari
2754 914 3079 970 clausulam.

2147 1009 2257 1063 Cll.
2284 1037 2355 1049 ——-
2383 1007 2728 1078 Epigramma
2758 1009 2812 1060 in
2855 1005 3151 1074 lampades.

1873 1101 2133 1156 Perennis
2162 1115 2262 1171 ego
2290 1116 2410 1154 sum
2443 1100 2669 1154 luminis
2694 1098 3058 1162 domicilium,

1873 1193 2172 1262 Splendore
2205 1192 2426 1261 penitus
2460 1190 2624 1244 corda
2661 1187 2946 1258 multiplici
2983 1185 3218 1256 replens.

1871 1283 1948 1341 0!
1976 1285 2203 1356 triplicis
2233 1283 2326 1353 qui
2354 1281 2485 1337 solis
2518 1282 2775 1336 accendis
2807 1280 2978 1335 facem
3000 1320 3016 1345 ,

1872 1375 2085 1432 Nostris
2115 1377 2167 1429 in
2193 1375 2391 1431 animis
2421 1374 2638 1445 fulgura
2664 1373 2969 1442 ingemines
2993 1379 3109 1434 tua,

1875 1468 1956 1523 Me
1984 1468 2189 1521 lumine
2212 1482 2454 1531 armans,
2490 1475 2653 1534 atque
2680 1464 2748 1517 ad
2785 1460 3054 1516 orandum
3088 1460 3390 1521 instruens,

1880 1559 1973 1613 Sic
1996 1559 2192 1627 jubare
2227 1557 2441 1629 fulgens
2467 1559 2592 1610 liam
2625 1552 3018 1625 inexplicabili.

1875 1649 2004 1706 Clll.
2037 1681 2103 1692 —
2137 1648 2204 1704 Ut
2251 1651 2534 1720 diligenter
2588 1649 2829 1720 legantur
2875 1660 2992 1714 qua:
3053 1642 3108 1697 in
3159 1640 3441 1710 parietibus

2447 1719 2711 1784 descripta
2735 1726 2879 1769 sunt.

1878 1810 2017 1866 Dum
2049 1813 2320 1882 prateris,
2357 1810 2616 1878 inscripta
2655 1807 2853 1877 raptim
2881 1805 3115 1876 perlege.

1805 1920 1850 1977 Β
1880 1905 2066 1958 Divina
2102 1919 2370 1972 nusquam
2397 1903 2562 1955 verba
2593 1899 2868 1954 contemni
2897 1897 3071 1953 decet.

1875 1998 2008 2056 CIV.
2046 2029 2107 2041 —
2143 1998 2481 2069 Epigramma
2530 1998 2584 2078 in
2622 1997 2844 2078 domum
2878 1993 3159 2046 mulierum
3216 1989 3442 2060 hospites

2460 2076 2854 2135 excipientium.

1877 2163 2011 2217 Lata
2044 2161 2332 2232 hespitalis
2363 2158 2655 2216 charitatis
2686 2157 2920 2222 viscera,

1877 2255 1947 2310 Ut
1975 2255 2246 2324 quondam
2288 2254 2557 2312 Abramus
2583 2251 2674 2305 ille
2703 2249 3030 2320 populorum
3058 2255 3233 2316 pater,

1879 2351 1969 2404 Sic
2006 2357 2057 2401 et
2082 2349 2278 2402 domus
2305 2346 2534 2414 hujusce
2565 2345 2822 2399 rectrices
2848 2351 3064 2413 gerunt.

1876 2439 1991 2494 illic
2018 2439 2290 2508 recipiunt
2317 2446 2512 2508 sponte
2545 2438 2940 2490 monachorum
2966 2433 3185 2504 agmina
3215 2449 3232 2488 :

1875 2533 2116 2600 Angusta
2145 2530 2373 2584 nimium
2408 2529 2593 2592 corda,
2627 2537 2680 2581 et
2713 2525 2931 2579 inimica
2964 2525 3266 2594 hospitum,

1877 2619 2294 2676 Pudelacientes
2327 2619 2536 2673 liberali
2565 2628 2805 2687 pectore,

1877 2713 2104 2784 Sibique
2145 2728 2308 2783 regna
2343 2721 2722 2780 comparantes
2751 2707 3021 2764 cmlitum.

2178 2823 2286 2880 CV.
2317 2853 2387 2863 —-
2421 2822 2760 2891 Epigramma
2792 2823 2847 2874 in
2881 2821 3128 2887 hospites.

1877 2919 2199 2988 Quicunque
2222 2916 2394 2986 pascit
2427 2915 2691 2984 hospites,
2717 2913 2990 2968 Christum
3020 2910 3240 2980 excipit,

1877 3011 2049 3076 Quam
2069 3013 2086 3033 ⁶
2114 3010 2182 3064 de
2205 3009 2460 3078 sepulcro
2481 3008 2734 3062 Christus
2767 3007 2831 3059 ad
2863 3007 3061 3060 coelum
3088 3004 3301 3059 extulit.

1880 3102 1982 3156 Sed
2014 3110 2067 3155 et
2094 3101 2339 3170 reposuit
2371 3099 2593 3154 sedibus
2628 3098 2962 3164 viventium,

1880 3193 2122 3264 Hujusce
2147 3192 2395 3262 spiritus,
2425 3190 2690 3245 Dominus
2713 3199 2796 3244 est
2823 3189 3095 3243 omnium.

2143 3301 2276 3358 CVI.
2309 3333 2378 3343 —
2408 3302 2470 3356 In
2505 3302 2886 3356 monasterium
2917 3302 3174 3355 uirorum.

1879 3397 1935 3452 Si
1970 3397 2094 3466 quis
2126 3396 2217 3450 Dei
2247 3396 2435 3450 urbem
2464 3395 2646 3450 dicere
2674 3396 2820 3449 hunc
2849 3395 3030 3449 locum
3065 3394 3214 3461 velit,

1881 3490 2082 3559 Nempe
2116 3489 2207 3543 ille
2238 3488 2395 3542 vanis
2426 3488 2570 3542 haud
2603 3487 2823 3542 aberret
2856 3487 3133 3542 sensibus.

1879 3581 2219 3651 Quocunque
2249 3579 2423 3634 ﬂexus
2455 3579 2723 3634 luminum
2758 3579 3139 3644 circumferas,

1883 3675 2206 3731 Fabrefaeta
2237 3677 2377 3730 miro
2411 3675 2610 3744 templa
2649 3673 2797 3727 cultu
2834 3672 3133 3742 conspicis,

1879 3766 2140 3823 Connexa
2173 3768 2402 3837 pulchro
2439 3777 2580 3821 tecta
2613 3767 2772 3820 tectis
2805 3764 3020 3828 ordine,

1881 3859 2186 3929 Hurtosqne
2216 3860 2441 3928 plantis,
2471 3859 2620 3913 velut
2656 3856 2846 3922 Edem,
2878 3856 3207 3912 virentibus.

1881 3948 1936 4002 In
1972 3951 2054 4005 his
2086 3965 2304 4003 amomo
2329 3949 2593 4020 quidquid
2629 3949 2823 4002 obtutu
2857 3947 3043 4012 vides;

1883 4041 2113 4095 Primam
2143 4042 2409 4095 bonorum
2443 4040 2670 4110 principi
2702 4040 2916 4093 laudem
2951 4037 3094 4093 refer
3122 4054 3136 4090 :

1882 4130 2018 4185 Tum
2050 4148 2214 4202 quam
2243 4131 2409 4187 Leoni
2445 4133 2564 4201 iure
2596 4132 2761 4186 debes
2797 4131 3048 4201 gratiam,

1879 4224 2049 4293 Cujus
2071 4240 2207 4293 opus
2243 4239 2406 4278 omne
2435 4224 2713 4279 conditum
2744 4233 2830 4278 est
2857 4221 3150 4278 industria.

2011 4336 2165 4393 CVII.
2197 4369 2265 4379 —
2294 4337 2357 4391 In
2399 4338 2686 4407 hospitium
2714 4338 2950 4408 ejusdem
2985 4339 3311 4398 monasterii.

1885 4427 1980 4483 llic
2009 4428 2277 4492 clarioris,
2309 4443 2472 4495 qliam
2506 4437 2705 4482 vocant
2731 4443 2954 4494 novam,
2987 4429 3186 4485 domus

1882 4518 2156 4573 Monachis
2191 4530 2373 4586 parata
2404 4519 2664 4586 hospitia,
2699 4529 2753 4572 et
2781 4521 2925 4575 aedes
2958 4519 3183 4576 advenis

1810 4598 1852 4651 ί)
1882 4611 2063 4665 Multis
2095 4620 2418 4680 patescunt;
2452 4611 2680 4681 recipiat
2708 4609 2942 4666 faustam
2977 4624 3036 4666 ut
3074 4613 3268 4679 vicem,

1883 4703 2120 4772 Hujusce
2148 4702 2406 4756 dominus
2434 4703 2527 4772 qui
2561 4703 2664 4757 loci
2693 4712 2797 4766 est,
2833 4703 2942 4757 Leo
2973 4706 3237 4774 Optimus.

2366 4812 2545 4869 CVIII.
2583 4844 2654 4856 —
2687 4813 2753 4868 In
2795 4816 2955 4873 idem.

1881 4906 1978 4959 llic
2011 4907 2316 4976 hospitatus
2347 4909 2628 4961 commode
2658 4917 2821 4977 atque
2845 4925 3126 4978 prospere,

1882 4997 2090 5050 Donum
2123 4997 2365 5051 vicissim
2394 5005 2585 5067 gratus
2616 4998 2816 5068 hospes
2845 4999 3091 5064 offeram,

1881 5089 2062 5160 Longe
2092 5093 2356 5157 omnium,
2392 5106 2512 5162 quae
2536 5104 2832 5161 suppetunt
2864 5094 3018 5158 mihi,
3049 5096 3334 5163 Optimum.

1880 5185 2013 5236 Cum
2042 5185 2293 5252 precibus
2322 5184 2456 5239 istos
2486 5201 2679 5254 nempe
2710 5201 2903 5241 versus
2929 5196 3188 5256 quatuor.

2349 5287 2488 5345 CIX.
2527 5323 2588 5333 -—
2616 5291 2681 5344 In
2711 5295 2970 5360 sepulcra.

1885 5382 2140 5437 Umbram
2172 5400 2292 5438 esse
2326 5385 2448 5438 vitae
2479 5385 2739 5454 gaudium
2771 5402 2977 5455 gnarus
3006 5389 3205 5456 probe,

1882 5472 2158 5527 Fundator
2192 5475 2350 5542 hujus
2380 5491 2480 5541 ego
2511 5475 2826 5528 monasterii
2853 5473 2979 5539 Leo,

1881 5565 2083 5619 Decora
2123 5569 2276 5635 posui
2313 5576 2455 5619 tecto
2489 5566 2658 5619 solem
2691 5567 3024 5628 amantibus.

1883 5657 2054 5721 Hanc,
2087 5674 2206 5725 qua:
2245 5658 2564 5709 memoriam
2605 5656 2726 5708 linis
2765 5658 2980 5726 ingerit,
3005 5659 3265 5727 domum;

1881 5748 2014 5802 Nam
2051 5751 2132 5801 vir
2162 5751 2366 5818 probus
2400 5750 2714 5818 quicrmque
2756 5749 2950 5805 mortis
2985 5761 3068 5806 est
3110 5770 3336 5822 memor,

1882 5839 2194 5908 Luccmque
2234 5840 2444 5908 recipit,
2481 5854 2543 5894 ac
2571 5839 2822 5892 tenebras
2857 5838 3060 5908 effugit.
