  <div class='ocr_page' id='page_1' title='image "/cluster/home/n/w/nwhite01/storage/ocr_20150623/99/ien.35556001661347/913.png"; bbox 0 0 3968 6444; ppageno 0'>
   <div class='ocr_carea' id='block_1_1' title="bbox 1085 518 1504 577">
    <p class='ocr_par' dir='ltr' id='par_1_1' title="bbox 1085 518 1504 577">
     <span class='ocr_line' id='line_1_1' title="bbox 1085 518 1504 577; baseline -0.019 0"><span class='ocrx_word' id='word_1_1' title='bbox 1085 520 1197 577; x_wconf 81' lang='lat' dir='ltr'><strong>CX.</strong></span> <span class='ocrx_word' id='word_1_2' title='bbox 1228 548 1297 561; x_wconf 89' lang='lat'><strong>—-</strong></span> <span class='ocrx_word' id='word_1_3' title='bbox 1322 518 1504 573; x_wconf 78' lang='lat' dir='ltr'><strong>Aliud.</strong></span> 
     </span>
    </p>
   </div>
   <div class='ocr_carea' id='block_1_2' title="bbox 507 606 1595 684">
    <p class='ocr_par' dir='ltr' id='par_1_2' title="bbox 507 606 1595 684">
     <span class='ocr_line' id='line_1_2' title="bbox 507 606 1595 684; baseline -0.016 -9"><span class='ocrx_word' id='word_1_4' title='bbox 507 616 553 675; x_wconf 90' lang='grc' dir='ltr'>Ο</span> <span class='ocrx_word' id='word_1_5' title='bbox 582 615 792 672; x_wconf 89' lang='lat' dir='ltr'><strong>tumule</strong></span> <span class='ocrx_word' id='word_1_6' title='bbox 824 629 1009 669; x_wconf 81' lang='lat' dir='ltr'><strong>amare</strong></span> <span class='ocrx_word' id='word_1_7' title='bbox 1032 612 1353 684; x_wconf 80' lang='lat' dir='ltr'><strong>gaudiorum</strong></span> <span class='ocrx_word' id='word_1_8' title='bbox 1388 606 1595 667; x_wconf 68' lang='lat' dir='ltr'><strong>saeculi,</strong></span> 
     </span>
    </p>
   </div>
   <div class='ocr_carea' id='block_1_3' title="bbox 507 696 1793 778">
    <p class='ocr_par' dir='ltr' id='par_1_3' title="bbox 507 696 1793 778">
     <span class='ocr_line' id='line_1_3' title="bbox 507 696 1793 778; baseline -0.01 -14"><span class='ocrx_word' id='word_1_9' title='bbox 507 709 595 764; x_wconf 87' lang='lat' dir='ltr'><strong>Nil</strong></span> <span class='ocrx_word' id='word_1_10' title='bbox 624 718 676 764; x_wconf 89' lang='lat' dir='ltr'><strong>te</strong></span> <span class='ocrx_word' id='word_1_11' title='bbox 703 716 883 778; x_wconf 87' lang='lat' dir='ltr'><strong>p0test</strong></span> <span class='ocrx_word' id='word_1_12' title='bbox 910 705 1134 771; x_wconf 86' lang='lat' dir='ltr'><strong>satiare,</strong></span> <span class='ocrx_word' id='word_1_13' title='bbox 1172 719 1297 760; x_wconf 89' lang='lat' dir='ltr'><strong>cum</strong></span> <span class='ocrx_word' id='word_1_14' title='bbox 1326 709 1555 758; x_wconf 87' lang='lat' dir='ltr'><strong>cunctos</strong></span> <span class='ocrx_word' id='word_1_15' title='bbox 1586 696 1793 761; x_wconf 90' lang='lat' dir='ltr'><strong>trahas,</strong></span> 
     </span>
    </p>
   </div>
   <div class='ocr_carea' id='block_1_4' title="bbox 512 789 1644 871">
    <p class='ocr_par' dir='ltr' id='par_1_4' title="bbox 512 789 1644 871">
     <span class='ocr_line' id='line_1_4' title="bbox 512 789 1644 871; baseline -0.013 -14"><span class='ocrx_word' id='word_1_16' title='bbox 512 802 721 871; x_wconf 87' lang='lat' dir='ltr'><strong>Inopes.</strong></span> <span class='ocrx_word' id='word_1_17' title='bbox 761 799 972 861; x_wconf 87' lang='lat' dir='ltr'><strong>beatos,</strong></span> <span class='ocrx_word' id='word_1_18' title='bbox 1009 795 1283 851; x_wconf 82' lang='lat' dir='ltr'><strong>maximos</strong></span> <span class='ocrx_word' id='word_1_19' title='bbox 1318 802 1371 849; x_wconf 92' lang='lat' dir='ltr'><strong>et</strong></span> <span class='ocrx_word' id='word_1_20' title='bbox 1402 789 1644 852; x_wconf 85' lang='lat' dir='ltr'><strong>inﬁmos,</strong></span> 
     </span>
    </p>
   </div>
   <div class='ocr_carea' id='block_1_5' title="bbox 510 878 1863 961">
    <p class='ocr_par' dir='ltr' id='par_1_5' title="bbox 510 878 1863 961">
     <span class='ocr_line' id='line_1_5' title="bbox 510 878 1863 961; baseline -0.013 -14"><span class='ocrx_word' id='word_1_21' title='bbox 510 893 905 961; x_wconf 83' lang='lat' dir='ltr'><strong>Pulchrosque,</strong></span> <span class='ocrx_word' id='word_1_22' title='bbox 933 883 1335 957; x_wconf 79' lang='lat' dir='ltr'><strong>defOrmesque,</strong></span> <span class='ocrx_word' id='word_1_23' title='bbox 1365 885 1558 939; x_wconf 90' lang='lat' dir='ltr'><strong>doctos</strong></span> <span class='ocrx_word' id='word_1_24' title='bbox 1587 889 1639 934; x_wconf 91' lang='lat' dir='ltr'><strong>et</strong></span> <span class='ocrx_word' id='word_1_25' title='bbox 1661 878 1824 933; x_wconf 89' lang='lat' dir='ltr'><strong>rudes</strong></span> <span class='ocrx_word' id='word_1_26' title='bbox 1848 893 1863 931; x_wconf 90' lang='lat'><strong>:</strong></span> 
     </span>
    </p>
   </div>
   <div class='ocr_carea' id='block_1_6' title="bbox 510 971 1830 1052">
    <p class='ocr_par' dir='ltr' id='par_1_6' title="bbox 510 971 1830 1052">
     <span class='ocr_line' id='line_1_6' title="bbox 510 971 1830 1052; baseline -0.013 -12"><span class='ocrx_word' id='word_1_27' title='bbox 510 986 670 1041; x_wconf 83' lang='lat' dir='ltr'><strong>Molis</strong></span> <span class='ocrx_word' id='word_1_28' title='bbox 699 984 986 1041; x_wconf 85' lang='lat' dir='ltr'><strong>universos</strong></span> <span class='ocrx_word' id='word_1_29' title='bbox 1011 981 1238 1052; x_wconf 88' lang='lat' dir='ltr'><strong>pariter,</strong></span> <span class='ocrx_word' id='word_1_30' title='bbox 1268 992 1333 1032; x_wconf 87' lang='lat' dir='ltr'><strong>ac</strong></span> <span class='ocrx_word' id='word_1_31' title='bbox 1367 977 1606 1030; x_wconf 89' lang='lat' dir='ltr'><strong>cinerem</strong></span> <span class='ocrx_word' id='word_1_32' title='bbox 1637 971 1830 1036; x_wconf 87' lang='lat' dir='ltr'><strong>elIicis,</strong></span> 
     </span>
    </p>
   </div>
   <div class='ocr_carea' id='block_1_7' title="bbox 514 1066 1782 1143">
    <p class='ocr_par' dir='ltr' id='par_1_7' title="bbox 514 1066 1782 1143">
     <span class='ocr_line' id='line_1_7' title="bbox 514 1066 1782 1143; baseline -0.012 -11"><span class='ocrx_word' id='word_1_33' title='bbox 514 1078 659 1132; x_wconf 71' lang='lat' dir='ltr'><strong>Nihil</strong></span> <span class='ocrx_word' id='word_1_34' title='bbox 691 1075 1000 1132; x_wconf 80' lang='lat' dir='ltr'><strong>auferentes</strong></span> <span class='ocrx_word' id='word_1_35' title='bbox 1024 1084 1218 1143; x_wconf 74' lang='lat' dir='ltr'><strong>praeter</strong></span> <span class='ocrx_word' id='word_1_36' title='bbox 1245 1085 1309 1125; x_wconf 89' lang='lat' dir='ltr'><strong>ea</strong></span> <span class='ocrx_word' id='word_1_37' title='bbox 1338 1084 1461 1139; x_wconf 70' lang='lat' dir='ltr'><strong>quae</strong></span> <span class='ocrx_word' id='word_1_38' title='bbox 1486 1066 1782 1139; x_wconf 84' lang='lat' dir='ltr'><strong>gesserint,</strong></span> 
     </span>
    </p>
   </div>
   <div class='ocr_carea' id='block_1_8' title="bbox 515 1160 1586 1231">
    <p class='ocr_par' dir='ltr' id='par_1_8' title="bbox 515 1160 1586 1231">
     <span class='ocr_line' id='line_1_8' title="bbox 515 1160 1586 1231; baseline -0.009 -8"><span class='ocrx_word' id='word_1_39' title='bbox 515 1169 609 1224; x_wconf 88' lang='lat' dir='ltr'><strong>Dei</strong></span> <span class='ocrx_word' id='word_1_40' title='bbox 640 1168 708 1223; x_wconf 90' lang='lat' dir='ltr'><strong>ad</strong></span> <span class='ocrx_word' id='word_1_41' title='bbox 743 1165 983 1221; x_wconf 85' lang='lat' dir='ltr'><strong>tribunal</strong></span> <span class='ocrx_word' id='word_1_42' title='bbox 1009 1160 1316 1219; x_wconf 78' lang='lat' dir='ltr'><strong>exhibenda</strong></span> <span class='ocrx_word' id='word_1_43' title='bbox 1338 1161 1542 1231; x_wconf 88' lang='lat' dir='ltr'><strong>judicis</strong></span> <span class='ocrx_word' id='word_1_44' title='bbox 1572 1176 1586 1213; x_wconf 88' lang='lat'><strong>:</strong></span> 
     </span>
    </p>
   </div>
   <div class='ocr_carea' id='block_1_9' title="bbox 514 1248 2076 1327">
    <p class='ocr_par' dir='ltr' id='par_1_9' title="bbox 514 1248 2076 1327">
     <span class='ocr_line' id='line_1_9' title="bbox 514 1248 2076 1327; baseline -0.011 -11"><span class='ocrx_word' id='word_1_45' title='bbox 514 1260 646 1327; x_wconf 66' lang='lat' dir='ltr'><strong>Quae</strong></span> <span class='ocrx_word' id='word_1_46' title='bbox 679 1270 824 1313; x_wconf 89' lang='lat' dir='ltr'><strong>recta</strong></span> <span class='ocrx_word' id='word_1_47' title='bbox 852 1258 897 1311; x_wconf 89' lang='lat' dir='ltr'><strong>si</strong></span> <span class='ocrx_word' id='word_1_48' title='bbox 946 1256 1076 1319; x_wconf 91' lang='lat' dir='ltr'><strong>sint,</strong></span> <span class='ocrx_word' id='word_1_49' title='bbox 1121 1254 1289 1325; x_wconf 80' lang='lat' dir='ltr'><strong>gloria</strong></span> <span class='ocrx_word' id='word_1_50' title='bbox 1326 1253 1413 1306; x_wconf 90' lang='lat' dir='ltr'><strong>his</strong></span> <span class='ocrx_word' id='word_1_51' title='bbox 1452 1264 1687 1321; x_wconf 89' lang='lat' dir='ltr'><strong>quorum</strong></span> <span class='ocrx_word' id='word_1_52' title='bbox 1716 1248 1831 1303; x_wconf 63' lang='lat' dir='ltr'><strong>hac</strong></span> <span class='ocrx_word' id='word_1_53' title='bbox 1865 1256 2027 1303; x_wconf 88' lang='lat' dir='ltr'><strong>erunt</strong></span> <span class='ocrx_word' id='word_1_54' title='bbox 2062 1263 2076 1299; x_wconf 88' lang='lat'><strong>:</strong></span> 
     </span>
    </p>
   </div>
   <div class='ocr_carea' id='block_1_10' title="bbox 517 1340 1729 1421">
    <p class='ocr_par' dir='ltr' id='par_1_10' title="bbox 517 1340 1729 1421">
     <span class='ocr_line' id='line_1_10' title="bbox 517 1340 1729 1421; baseline -0.009 -16"><span class='ocrx_word' id='word_1_55' title='bbox 517 1352 576 1405; x_wconf 89' lang='lat' dir='ltr'><strong>Si</strong></span> <span class='ocrx_word' id='word_1_56' title='bbox 606 1364 790 1421; x_wconf 85' lang='lat' dir='ltr'><strong>prava,</strong></span> <span class='ocrx_word' id='word_1_57' title='bbox 822 1346 990 1401; x_wconf 89' lang='lat' dir='ltr'><strong>miser</strong></span> <span class='ocrx_word' id='word_1_58' title='bbox 1016 1345 1145 1399; x_wconf 89' lang='lat' dir='ltr'><strong>heul</strong></span> <span class='ocrx_word' id='word_1_59' title='bbox 1172 1345 1264 1415; x_wconf 90' lang='lat' dir='ltr'><strong>qui</strong></span> <span class='ocrx_word' id='word_1_60' title='bbox 1297 1343 1504 1397; x_wconf 82' lang='lat' dir='ltr'><strong>nefaria</strong></span> <span class='ocrx_word' id='word_1_61' title='bbox 1535 1340 1729 1412; x_wconf 89' lang='lat' dir='ltr'><strong>egerit.</strong></span> 
     </span>
    </p>
   </div>
   <div class='ocr_carea' id='block_1_11' title="bbox 516 1437 1903 1508">
    <p class='ocr_par' dir='ltr' id='par_1_11' title="bbox 516 1437 1903 1508">
     <span class='ocr_line' id='line_1_11' title="bbox 516 1437 1903 1508; baseline -0.008 -13"><span class='ocrx_word' id='word_1_62' title='bbox 516 1440 750 1495; x_wconf 85' lang='lat' dir='ltr'><strong>Proinde</strong></span> <span class='ocrx_word' id='word_1_63' title='bbox 774 1448 1013 1508; x_wconf 88' lang='lat' dir='ltr'><strong>reputes,</strong></span> <span class='ocrx_word' id='word_1_64' title='bbox 1039 1451 1073 1491; x_wconf 90' lang='grc' dir='ltr'><strong>ο</strong></span> <span class='ocrx_word' id='word_1_65' title='bbox 1111 1437 1298 1501; x_wconf 90' lang='lat' dir='ltr'><strong>homo,</strong></span> <span class='ocrx_word' id='word_1_66' title='bbox 1325 1449 1446 1504; x_wconf 59' lang='lat' dir='ltr'><strong>quae</strong></span> <span class='ocrx_word' id='word_1_67' title='bbox 1476 1442 1527 1488; x_wconf 91' lang='lat' dir='ltr'><strong>te</strong></span> <span class='ocrx_word' id='word_1_68' title='bbox 1548 1447 1670 1487; x_wconf 86' lang='lat' dir='ltr'><strong>sors</strong></span> <span class='ocrx_word' id='word_1_69' title='bbox 1704 1439 1903 1486; x_wconf 86' lang='lat' dir='ltr'><strong>manet.</strong></span> 
     </span>
    </p>
   </div>
   <div class='ocr_carea' id='block_1_12' title="bbox 761 1523 1842 1597">
    <p class='ocr_par' dir='ltr' id='par_1_12' title="bbox 761 1523 1842 1597">
     <span class='ocr_line' id='line_1_12' title="bbox 761 1523 1842 1597; baseline -0.006 -13"><span class='ocrx_word' id='word_1_70' title='bbox 761 1527 899 1584; x_wconf 78' lang='lat' dir='ltr'><strong>CXI.</strong></span> <span class='ocrx_word' id='word_1_71' title='bbox 929 1558 1001 1570; x_wconf 90' lang='lat'><strong>—</strong></span> <span class='ocrx_word' id='word_1_72' title='bbox 1033 1526 1378 1597; x_wconf 82' lang='lat' dir='ltr'><strong>Epigramma</strong></span> <span class='ocrx_word' id='word_1_73' title='bbox 1412 1526 1467 1578; x_wconf 83' lang='lat' dir='ltr'><strong>in</strong></span> <span class='ocrx_word' id='word_1_74' title='bbox 1500 1523 1842 1594; x_wconf 79' lang='lat' dir='ltr'><strong>Stephanum.</strong></span> 
     </span>
    </p>
   </div>
   <div class='ocr_carea' id='block_1_13' title="bbox 521 1615 1795 1691">
    <p class='ocr_par' dir='ltr' id='par_1_13' title="bbox 521 1615 1795 1691">
     <span class='ocr_line' id='line_1_13' title="bbox 521 1615 1795 1691; baseline -0.007 -13"><span class='ocrx_word' id='word_1_75' title='bbox 521 1621 749 1677; x_wconf 80' lang='lat' dir='ltr'><strong>Mortale</strong></span> <span class='ocrx_word' id='word_1_76' title='bbox 774 1635 974 1691; x_wconf 90' lang='lat' dir='ltr'><strong>corpus</strong></span> <span class='ocrx_word' id='word_1_77' title='bbox 1008 1617 1322 1689; x_wconf 79' lang='lat' dir='ltr'><strong>Stephanus</strong></span> <span class='ocrx_word' id='word_1_78' title='bbox 1348 1618 1435 1672; x_wconf 90' lang='lat' dir='ltr'><strong>hic</strong></span> <span class='ocrx_word' id='word_1_79' title='bbox 1470 1615 1795 1681; x_wconf 76' lang='lat' dir='ltr'><strong>recondidit,</strong></span> 
     </span>
    </p>
   </div>
   <div class='ocr_carea' id='block_1_14' title="bbox 519 1705 1861 1782">
    <p class='ocr_par' dir='ltr' id='par_1_14' title="bbox 519 1705 1861 1782">
     <span class='ocr_line' id='line_1_14' title="bbox 519 1705 1861 1782; baseline -0.008 -15"><span class='ocrx_word' id='word_1_80' title='bbox 519 1714 625 1767; x_wconf 85' lang='lat' dir='ltr'><strong>Ter</strong></span> <span class='ocrx_word' id='word_1_81' title='bbox 646 1712 888 1782; x_wconf 89' lang='lat' dir='ltr'><strong>quinque</strong></span> <span class='ocrx_word' id='word_1_82' title='bbox 915 1725 1040 1763; x_wconf 90' lang='lat' dir='ltr'><strong>cum</strong></span> <span class='ocrx_word' id='word_1_83' title='bbox 1076 1708 1304 1762; x_wconf 81' lang='lat' dir='ltr'><strong>vixisset</strong></span> <span class='ocrx_word' id='word_1_84' title='bbox 1340 1721 1514 1761; x_wconf 89' lang='lat' dir='ltr'><strong>annos</strong></span> <span class='ocrx_word' id='word_1_85' title='bbox 1541 1720 1606 1760; x_wconf 84' lang='lat' dir='ltr'><strong>ac</strong></span> <span class='ocrx_word' id='word_1_86' title='bbox 1632 1705 1820 1760; x_wconf 89' lang='lat' dir='ltr'><strong>decem</strong></span> <span class='ocrx_word' id='word_1_87' title='bbox 1847 1719 1861 1757; x_wconf 89' lang='lat'>:</span> 
     </span>
    </p>
   </div>
   <div class='ocr_carea' id='block_1_15' title="bbox 520 1791 2084 1868">
    <p class='ocr_par' dir='ltr' id='par_1_15' title="bbox 520 1791 2084 1868">
     <span class='ocr_line' id='line_1_15' title="bbox 520 1791 2084 1868; baseline -0.006 -14"><span class='ocrx_word' id='word_1_88' title='bbox 520 1799 753 1856; x_wconf 88' lang='lat' dir='ltr'><strong>Germen</strong></span> <span class='ocrx_word' id='word_1_89' title='bbox 790 1800 1099 1868; x_wconf 78' lang='lat' dir='ltr'><strong>probatura,</strong></span> <span class='ocrx_word' id='word_1_90' title='bbox 1136 1798 1334 1851; x_wconf 84' lang='lat' dir='ltr'><strong>dec0re</strong></span> <span class='ocrx_word' id='word_1_91' title='bbox 1363 1794 1649 1850; x_wconf 89' lang='lat' dir='ltr'><strong>abundans</strong></span> <span class='ocrx_word' id='word_1_92' title='bbox 1687 1794 1816 1849; x_wconf 91' lang='lat' dir='ltr'><strong>hinc</strong></span> <span class='ocrx_word' id='word_1_93' title='bbox 1843 1802 1896 1846; x_wconf 90' lang='lat' dir='ltr'><strong>et</strong></span> <span class='ocrx_word' id='word_1_94' title='bbox 1937 1791 2084 1855; x_wconf 92' lang='lat' dir='ltr'><strong>hinc,</strong></span> 
     </span>
    </p>
   </div>
   <div class='ocr_carea' id='block_1_16' title="bbox 524 1887 1860 1961">
    <p class='ocr_par' dir='ltr' id='par_1_16' title="bbox 524 1887 1860 1961">
     <span class='ocr_line' id='line_1_16' title="bbox 524 1887 1860 1961; baseline -0.004 -15"><span class='ocrx_word' id='word_1_95' title='bbox 524 1890 825 1961; x_wconf 88' lang='lat' dir='ltr'><strong>Splendore</strong></span> <span class='ocrx_word' id='word_1_96' title='bbox 859 1898 1123 1960; x_wconf 59' lang='lat' dir='ltr'><strong>praestans</strong></span> <span class='ocrx_word' id='word_1_97' title='bbox 1149 1889 1350 1958; x_wconf 85' lang='lat' dir='ltr'><strong>quippe</strong></span> <span class='ocrx_word' id='word_1_98' title='bbox 1381 1887 1515 1943; x_wconf 90' lang='lat' dir='ltr'><strong>clari</strong></span> <span class='ocrx_word' id='word_1_99' title='bbox 1554 1887 1860 1959; x_wconf 78' lang='lat' dir='ltr'><strong>sanguinis,</strong></span> 
     </span>
    </p>
   </div>
   <div class='ocr_carea' id='block_1_17' title="bbox 526 1978 1593 2050">
    <p class='ocr_par' dir='ltr' id='par_1_17' title="bbox 526 1978 1593 2050">
     <span class='ocr_line' id='line_1_17' title="bbox 526 1978 1593 2050; baseline -0.005 -14"><span class='ocrx_word' id='word_1_100' title='bbox 526 1984 600 2036; x_wconf 92' lang='lat' dir='ltr'><strong>De</strong></span> <span class='ocrx_word' id='word_1_101' title='bbox 630 1980 797 2050; x_wconf 84' lang='lat' dir='ltr'><strong>stirpe</strong></span> <span class='ocrx_word' id='word_1_102' title='bbox 825 1994 1014 2049; x_wconf 90' lang='lat' dir='ltr'><strong>regum</strong></span> <span class='ocrx_word' id='word_1_103' title='bbox 1046 1980 1287 2049; x_wconf 88' lang='lat' dir='ltr'><strong>gloriosa</strong></span> <span class='ocrx_word' id='word_1_104' title='bbox 1315 1978 1593 2034; x_wconf 88' lang='lat' dir='ltr'><strong>surculus.</strong></span> 
     </span>
    </p>
   </div>
   <div class='ocr_carea' id='block_1_18' title="bbox 525 2069 1800 2133">
    <p class='ocr_par' dir='ltr' id='par_1_18' title="bbox 525 2069 1800 2133">
     <span class='ocr_line' id='line_1_18' title="bbox 525 2069 1800 2133; baseline -0.001 -7"><span class='ocrx_word' id='word_1_105' title='bbox 525 2072 804 2126; x_wconf 86' lang='lat' dir='ltr'><strong>Probitate</strong></span> <span class='ocrx_word' id='word_1_106' title='bbox 828 2084 957 2125; x_wconf 90' lang='lat' dir='ltr'><strong>vero</strong></span> <span class='ocrx_word' id='word_1_107' title='bbox 988 2086 1203 2125; x_wconf 89' lang='lat' dir='ltr'><strong>morum</strong></span> <span class='ocrx_word' id='word_1_108' title='bbox 1238 2069 1492 2124; x_wconf 86' lang='lat' dir='ltr'><strong>amabilis</strong></span> <span class='ocrx_word' id='word_1_109' title='bbox 1519 2070 1800 2133; x_wconf 92' lang='lat' dir='ltr'><strong>omnibus,</strong></span> 
     </span>
    </p>
   </div>
   <div class='ocr_carea' id='block_1_19' title="bbox 522 2163 1738 2234">
    <p class='ocr_par' dir='ltr' id='par_1_19' title="bbox 522 2163 1738 2234">
     <span class='ocr_line' id='line_1_19' title="bbox 522 2163 1738 2234; baseline -0.001 -16"><span class='ocrx_word' id='word_1_110' title='bbox 522 2163 795 2218; x_wconf 87' lang='lat' dir='ltr'><strong>Connubii</strong></span> <span class='ocrx_word' id='word_1_111' title='bbox 822 2179 1043 2233; x_wconf 81' lang='lat' dir='ltr'><strong>expers,</strong></span> <span class='ocrx_word' id='word_1_112' title='bbox 1072 2173 1236 2234; x_wconf 91' lang='lat' dir='ltr'><strong>atque</strong></span> <span class='ocrx_word' id='word_1_113' title='bbox 1269 2164 1425 2234; x_wconf 86' lang='lat' dir='ltr'><strong>virgo</strong></span> <span class='ocrx_word' id='word_1_114' title='bbox 1454 2163 1738 2232; x_wconf 82' lang='lat' dir='ltr'><strong>perpetim.</strong></span> 
     </span>
    </p>
   </div>
   <div class='ocr_carea' id='block_1_20' title="bbox 525 2252 1891 2323">
    <p class='ocr_par' dir='ltr' id='par_1_20' title="bbox 525 2252 1891 2323">
     <span class='ocr_line' id='line_1_20' title="bbox 525 2252 1891 2323; baseline 0.001 -17"><span class='ocrx_word' id='word_1_115' title='bbox 525 2252 697 2319; x_wconf 87' lang='lat' dir='ltr'><strong>Quem</strong></span> <span class='ocrx_word' id='word_1_116' title='bbox 731 2254 1050 2323; x_wconf 82' lang='lat' dir='ltr'><strong>providente</strong></span> <span class='ocrx_word' id='word_1_117' title='bbox 1077 2269 1251 2318; x_wconf 90' lang='lat' dir='ltr'><strong>cura,</strong></span> <span class='ocrx_word' id='word_1_118' title='bbox 1292 2261 1351 2308; x_wconf 93' lang='lat' dir='ltr'><strong>ut</strong></span> <span class='ocrx_word' id='word_1_119' title='bbox 1389 2270 1454 2308; x_wconf 81' lang='lat' dir='ltr'><strong>ex</strong></span> <span class='ocrx_word' id='word_1_120' title='bbox 1481 2254 1654 2323; x_wconf 90' lang='lat' dir='ltr'><strong>spinis</strong></span> <span class='ocrx_word' id='word_1_121' title='bbox 1686 2269 1891 2316; x_wconf 88' lang='lat' dir='ltr'><strong>rosam,</strong></span> 
     </span>
    </p>
   </div>
   <div class='ocr_carea' id='block_1_21' title="bbox 526 2346 2088 2416">
    <p class='ocr_par' dir='ltr' id='par_1_21' title="bbox 526 2346 2088 2416">
     <span class='ocr_line' id='line_1_21' title="bbox 526 2346 2088 2416; baseline 0.001 -17"><span class='ocrx_word' id='word_1_122' title='bbox 526 2346 815 2416; x_wconf 78' lang='lat' dir='ltr'><strong>Postquam</strong></span> <span class='ocrx_word' id='word_1_123' title='bbox 838 2347 1004 2400; x_wconf 85' lang='lat' dir='ltr'><strong>hocce</strong></span> <span class='ocrx_word' id='word_1_124' title='bbox 1024 2361 1255 2416; x_wconf 89' lang='lat' dir='ltr'><strong>propere</strong></span> <span class='ocrx_word' id='word_1_125' title='bbox 1271 2346 1523 2402; x_wconf 82' lang='lat' dir='ltr'><strong>Christus</strong></span> <span class='ocrx_word' id='word_1_126' title='bbox 1540 2363 1605 2402; x_wconf 83' lang='lat' dir='ltr'><strong>ex</strong></span> <span class='ocrx_word' id='word_1_127' title='bbox 1624 2348 1827 2402; x_wconf 87' lang='lat' dir='ltr'><strong>mundo</strong></span> <span class='ocrx_word' id='word_1_128' title='bbox 1845 2347 2088 2411; x_wconf 90' lang='lat' dir='ltr'><strong>abstulit,</strong></span> 
     </span>
    </p>
   </div>
   <div class='ocr_carea' id='block_1_22' title="bbox 526 2438 1589 2493">
    <p class='ocr_par' dir='ltr' id='par_1_22' title="bbox 526 2438 1589 2493">
     <span class='ocr_line' id='line_1_22' title="bbox 526 2438 1589 2493; baseline 0.001 -2"><span class='ocrx_word' id='word_1_129' title='bbox 526 2440 675 2493; x_wconf 86' lang='lat' dir='ltr'><strong>Inter</strong></span> <span class='ocrx_word' id='word_1_130' title='bbox 700 2438 838 2493; x_wconf 85' lang='lat' dir='ltr'><strong>alios</strong></span> <span class='ocrx_word' id='word_1_131' title='bbox 866 2438 1057 2493; x_wconf 85' lang='lat' dir='ltr'><strong>dextra</strong></span> <span class='ocrx_word' id='word_1_132' title='bbox 1091 2438 1375 2493; x_wconf 85' lang='lat' dir='ltr'><strong>coronavit</strong></span> <span class='ocrx_word' id='word_1_133' title='bbox 1403 2454 1589 2493; x_wconf 86' lang='lat' dir='ltr'><strong>manu.</strong></span> 
     </span>
    </p>
   </div>
   <div class='ocr_carea' id='block_1_23' title="bbox 1002 2527 1616 2586">
    <p class='ocr_par' dir='ltr' id='par_1_23' title="bbox 1002 2527 1616 2586">
     <span class='ocr_line' id='line_1_23' title="bbox 1002 2527 1616 2586; baseline 0.005 -3"><span class='ocrx_word' id='word_1_134' title='bbox 1002 2527 1164 2583; x_wconf 79' lang='lat' dir='ltr'><strong>CXII.</strong></span> <span class='ocrx_word' id='word_1_135' title='bbox 1188 2559 1260 2570; x_wconf 93' lang='lat'><strong>—</strong></span> <span class='ocrx_word' id='word_1_136' title='bbox 1286 2529 1349 2582; x_wconf 84' lang='lat' dir='ltr'><strong>In</strong></span> <span class='ocrx_word' id='word_1_137' title='bbox 1380 2530 1616 2586; x_wconf 86' lang='lat' dir='ltr'><strong>domum.</strong></span> 
     </span>
    </p>
   </div>
   <div class='ocr_carea' id='block_1_24' title="bbox 531 2618 1828 2689">
    <p class='ocr_par' dir='ltr' id='par_1_24' title="bbox 531 2618 1828 2689">
     <span class='ocr_line' id='line_1_24' title="bbox 531 2618 1828 2689; baseline 0.001 -15"><span class='ocrx_word' id='word_1_138' title='bbox 531 2618 697 2674; x_wconf 85' lang='lat' dir='ltr'><strong>Grata</strong></span> <span class='ocrx_word' id='word_1_139' title='bbox 728 2629 893 2689; x_wconf 85' lang='lat' dir='ltr'><strong>atque</strong></span> <span class='ocrx_word' id='word_1_140' title='bbox 921 2620 1100 2675; x_wconf 88' lang='lat' dir='ltr'><strong>dulcis</strong></span> <span class='ocrx_word' id='word_1_141' title='bbox 1131 2621 1310 2674; x_wconf 87' lang='lat' dir='ltr'><strong>videor</strong></span> <span class='ocrx_word' id='word_1_142' title='bbox 1343 2623 1600 2675; x_wconf 81' lang='lat' dir='ltr'><strong>omnibus</strong></span> <span class='ocrx_word' id='word_1_143' title='bbox 1630 2623 1828 2675; x_wconf 83' lang='lat' dir='ltr'><strong>domus</strong></span> 
     </span>
    </p>
   </div>
   <div class='ocr_carea' id='block_1_25' title="bbox 533 2708 1623 2782">
    <p class='ocr_par' dir='ltr' id='par_1_25' title="bbox 533 2708 1623 2782">
     <span class='ocr_line' id='line_1_25' title="bbox 533 2708 1623 2782; baseline 0 -17"><span class='ocrx_word' id='word_1_144' title='bbox 533 2708 643 2765; x_wconf 83' lang='lat' dir='ltr'><strong>Viri</strong></span> <span class='ocrx_word' id='word_1_145' title='bbox 680 2710 892 2781; x_wconf 87' lang='lat' dir='ltr'><strong>optimi,</strong></span> <span class='ocrx_word' id='word_1_146' title='bbox 923 2712 1204 2782; x_wconf 87' lang='lat' dir='ltr'><strong>multoque</strong></span> <span class='ocrx_word' id='word_1_147' title='bbox 1234 2712 1623 2776; x_wconf 77' lang='lat' dir='ltr'><strong>landutissimi,</strong></span> 
     </span>
    </p>
   </div>
   <div class='ocr_carea' id='block_1_26' title="bbox 531 2802 1924 2874">
    <p class='ocr_par' dir='ltr' id='par_1_26' title="bbox 531 2802 1924 2874">
     <span class='ocr_line' id='line_1_26' title="bbox 531 2802 1924 2874; baseline -0.001 -17"><span class='ocrx_word' id='word_1_148' title='bbox 531 2802 813 2858; x_wconf 80' lang='lat' dir='ltr'><strong>Monachis</strong></span> <span class='ocrx_word' id='word_1_149' title='bbox 847 2818 1045 2857; x_wconf 90' lang='lat' dir='ltr'><strong>novam</strong></span> <span class='ocrx_word' id='word_1_150' title='bbox 1075 2803 1316 2873; x_wconf 74' lang='lat' dir='ltr'><strong>prazbere</strong></span> <span class='ocrx_word' id='word_1_151' title='bbox 1339 2803 1434 2874; x_wconf 86' lang='lat' dir='ltr'><strong>qui</strong></span> <span class='ocrx_word' id='word_1_152' title='bbox 1468 2804 1649 2859; x_wconf 89' lang='lat' dir='ltr'><strong>studet</strong></span> <span class='ocrx_word' id='word_1_153' title='bbox 1677 2803 1924 2868; x_wconf 89' lang='lat' dir='ltr'><strong>domum,</strong></span> 
     </span>
    </p>
   </div>
   <div class='ocr_carea' id='block_1_27' title="bbox 529 2895 1883 2967">
    <p class='ocr_par' dir='ltr' id='par_1_27' title="bbox 529 2895 1883 2967">
     <span class='ocr_line' id='line_1_27' title="bbox 529 2895 1883 2967; baseline -0.002 -15"><span class='ocrx_word' id='word_1_154' title='bbox 529 2895 903 2967; x_wconf 80' lang='lat' dir='ltr'><strong>Pretiumque,</strong></span> <span class='ocrx_word' id='word_1_155' title='bbox 931 2911 1104 2951; x_wconf 79' lang='lat' dir='ltr'><strong>noxas</strong></span> <span class='ocrx_word' id='word_1_156' title='bbox 1130 2912 1240 2966; x_wconf 91' lang='lat' dir='ltr'><strong>quo</strong></span> <span class='ocrx_word' id='word_1_157' title='bbox 1272 2896 1521 2961; x_wconf 90' lang='lat' dir='ltr'><strong>redimat,</strong></span> <span class='ocrx_word' id='word_1_158' title='bbox 1557 2895 1717 2950; x_wconf 75' lang='lat' dir='ltr'><strong>oﬂ’ert</strong></span> <span class='ocrx_word' id='word_1_159' title='bbox 1756 2897 1883 2949; x_wconf 89' lang='lat' dir='ltr'><strong>Deo.</strong></span> 
     </span>
    </p>
   </div>
   <div class='ocr_carea' id='block_1_28' title="bbox 972 2985 1664 3057">
    <p class='ocr_par' dir='ltr' id='par_1_28' title="bbox 972 2985 1664 3057">
     <span class='ocr_line' id='line_1_28' title="bbox 972 2985 1664 3057; baseline -0.001 -15"><span class='ocrx_word' id='word_1_160' title='bbox 972 2985 1156 3042; x_wconf 78' lang='lat' dir='ltr'><strong>CXIII.</strong></span> <span class='ocrx_word' id='word_1_161' title='bbox 1181 3018 1253 3029; x_wconf 93' lang='lat'><strong>-—</strong></span> <span class='ocrx_word' id='word_1_162' title='bbox 1282 2986 1349 3041; x_wconf 86' lang='lat' dir='ltr'><strong>In</strong></span> <span class='ocrx_word' id='word_1_163' title='bbox 1378 2988 1664 3057; x_wconf 83' lang='lat' dir='ltr'><strong>sepultum.</strong></span> 
     </span>
    </p>
   </div>
   <div class='ocr_carea' id='block_1_29' title="bbox 530 3078 1596 3148">
    <p class='ocr_par' dir='ltr' id='par_1_29' title="bbox 530 3078 1596 3148">
     <span class='ocr_line' id='line_1_29' title="bbox 530 3078 1596 3148; baseline -0.002 -15"><span class='ocrx_word' id='word_1_164' title='bbox 530 3078 664 3142; x_wconf 90' lang='lat' dir='ltr'><strong>Isto,</strong></span> <span class='ocrx_word' id='word_1_165' title='bbox 693 3080 889 3144; x_wconf 79' lang='lat' dir='ltr'><strong>viator,</strong></span> <span class='ocrx_word' id='word_1_166' title='bbox 923 3080 1177 3134; x_wconf 90' lang='lat' dir='ltr'><strong>conditus</strong></span> <span class='ocrx_word' id='word_1_167' title='bbox 1210 3080 1421 3133; x_wconf 89' lang='lat' dir='ltr'><strong>tumqu</strong></span> <span class='ocrx_word' id='word_1_168' title='bbox 1450 3079 1596 3148; x_wconf 85' lang='lat' dir='ltr'><strong>jacet</strong></span> 
     </span>
    </p>
   </div>
   <div class='ocr_carea' id='block_1_30' title="bbox 535 3169 1729 3243">
    <p class='ocr_par' dir='ltr' id='par_1_30' title="bbox 535 3169 1729 3243">
     <span class='ocr_line' id='line_1_30' title="bbox 535 3169 1729 3243; baseline 0.003 -21"><span class='ocrx_word' id='word_1_169' title='bbox 535 3171 625 3225; x_wconf 84' lang='lat' dir='ltr'><strong>Vir</strong></span> <span class='ocrx_word' id='word_1_170' title='bbox 654 3180 737 3226; x_wconf 88' lang='lat' dir='ltr'><strong>ter</strong></span> <span class='ocrx_word' id='word_1_171' title='bbox 766 3171 960 3226; x_wconf 89' lang='lat' dir='ltr'><strong>beatus</strong></span> <span class='ocrx_word' id='word_1_172' title='bbox 989 3169 1432 3243; x_wconf 83' lang='lat' dir='ltr'><strong>Theophylactus</strong></span> <span class='ocrx_word' id='word_1_173' title='bbox 1461 3170 1682 3226; x_wconf 87' lang='lat' dir='ltr'><strong>nomine</strong></span> <span class='ocrx_word' id='word_1_174' title='bbox 1713 3186 1729 3225; x_wconf 91' lang='lat'><strong>:</strong></span> 
     </span>
    </p>
   </div>
   <div class='ocr_carea' id='block_1_31' title="bbox 533 3261 1907 3334">
    <p class='ocr_par' dir='ltr' id='par_1_31' title="bbox 533 3261 1907 3334">
     <span class='ocr_line' id='line_1_31' title="bbox 533 3261 1907 3334; baseline 0.001 -18"><span class='ocrx_word' id='word_1_175' title='bbox 533 3261 832 3318; x_wconf 81' lang='lat' dir='ltr'><strong>Eunuchus</strong></span> <span class='ocrx_word' id='word_1_176' title='bbox 858 3262 1133 3331; x_wconf 88' lang='lat' dir='ltr'><strong>equidem,</strong></span> <span class='ocrx_word' id='word_1_177' title='bbox 1166 3279 1363 3334; x_wconf 78' lang='lat' dir='ltr'><strong>genere</strong></span> <span class='ocrx_word' id='word_1_178' title='bbox 1391 3263 1485 3318; x_wconf 91' lang='lat' dir='ltr'><strong>sed</strong></span> <span class='ocrx_word' id='word_1_179' title='bbox 1516 3262 1693 3319; x_wconf 74' lang='lat' dir='ltr'><strong>fausto</strong></span> <span class='ocrx_word' id='word_1_180' title='bbox 1727 3272 1907 3331; x_wconf 85' lang='lat' dir='ltr'><strong>satus,</strong></span> 
     </span>
    </p>
   </div>
   <div class='ocr_carea' id='block_1_32' title="bbox 533 3355 1672 3423">
    <p class='ocr_par' dir='ltr' id='par_1_32' title="bbox 533 3355 1672 3423">
     <span class='ocr_line' id='line_1_32' title="bbox 533 3355 1672 3423; baseline -0.002 -14"><span class='ocrx_word' id='word_1_181' title='bbox 533 3355 696 3410; x_wconf 84' lang='lat' dir='ltr'><strong>Vultu</strong></span> <span class='ocrx_word' id='word_1_182' title='bbox 721 3355 1214 3420; x_wconf 87' lang='lat' dir='ltr'><strong>decorusjuvenis,</strong></span> <span class='ocrx_word' id='word_1_183' title='bbox 1249 3370 1315 3410; x_wconf 88' lang='lat' dir='ltr'><strong>ac</strong></span> <span class='ocrx_word' id='word_1_184' title='bbox 1347 3356 1502 3410; x_wconf 87' lang='lat' dir='ltr'><strong>valde</strong></span> <span class='ocrx_word' id='word_1_185' title='bbox 1528 3356 1672 3423; x_wconf 87' lang='lat' dir='ltr'><strong>pius.</strong></span> 
     </span>
    </p>
   </div>
   <div class='ocr_carea' id='block_1_33' title="bbox 534 3446 1685 3518">
    <p class='ocr_par' dir='ltr' id='par_1_33' title="bbox 534 3446 1685 3518">
     <span class='ocr_line' id='line_1_33' title="bbox 534 3446 1685 3518; baseline -0.003 -15"><span class='ocrx_word' id='word_1_186' title='bbox 534 3448 638 3515; x_wconf 86' lang='lat' dir='ltr'><strong>Qui</strong></span> <span class='ocrx_word' id='word_1_187' title='bbox 672 3448 883 3518; x_wconf 84' lang='lat' dir='ltr'><strong>primus</strong></span> <span class='ocrx_word' id='word_1_188' title='bbox 917 3448 1061 3502; x_wconf 90' lang='lat' dir='ltr'><strong>inter</strong></span> <span class='ocrx_word' id='word_1_189' title='bbox 1099 3447 1310 3502; x_wconf 87' lang='lat' dir='ltr'><strong>nobiles</strong></span> <span class='ocrx_word' id='word_1_190' title='bbox 1340 3446 1685 3516; x_wconf 89' lang='lat' dir='ltr'><strong>Spatharios,</strong></span> 
     </span>
    </p>
   </div>
   <div class='ocr_carea' id='block_1_34' title="bbox 535 3538 1520 3611">
    <p class='ocr_par' dir='ltr' id='par_1_34' title="bbox 535 3538 1520 3611">
     <span class='ocr_line' id='line_1_34' title="bbox 535 3538 1520 3611; baseline 0.001 -19"><span class='ocrx_word' id='word_1_191' title='bbox 535 3541 737 3611; x_wconf 80' lang='lat' dir='ltr'><strong>Longis</strong></span> <span class='ocrx_word' id='word_1_192' title='bbox 760 3541 955 3595; x_wconf 89' lang='lat' dir='ltr'><strong>diebus</strong></span> <span class='ocrx_word' id='word_1_193' title='bbox 980 3539 1367 3610; x_wconf 87' lang='lat' dir='ltr'><strong>imperatorum</strong></span> <span class='ocrx_word' id='word_1_194' title='bbox 1394 3538 1520 3593; x_wconf 81' lang='lat' dir='ltr'><strong>fuit.</strong></span> 
     </span>
    </p>
   </div>
   <div class='ocr_carea' id='block_1_35' title="bbox 536 3630 2096 3702">
    <p class='ocr_par' dir='ltr' id='par_1_35' title="bbox 536 3630 2096 3702">
     <span class='ocr_line' id='line_1_35' title="bbox 536 3630 2096 3702; baseline -0.001 -17"><span class='ocrx_word' id='word_1_195' title='bbox 536 3631 820 3702; x_wconf 87' lang='lat' dir='ltr'><strong>Templum</strong></span> <span class='ocrx_word' id='word_1_196' title='bbox 840 3632 963 3694; x_wconf 91' lang='lat' dir='ltr'><strong>hoc,</strong></span> <span class='ocrx_word' id='word_1_197' title='bbox 979 3632 1303 3701; x_wconf 86' lang='lat' dir='ltr'><strong>beatamque</strong></span> <span class='ocrx_word' id='word_1_198' title='bbox 1320 3632 1460 3686; x_wconf 88' lang='lat' dir='ltr'><strong>hanc</strong></span> <span class='ocrx_word' id='word_1_199' title='bbox 1475 3630 1837 3685; x_wconf 87' lang='lat' dir='ltr'><strong>monasticam</strong></span> <span class='ocrx_word' id='word_1_200' title='bbox 1855 3631 2096 3695; x_wconf 86' lang='lat' dir='ltr'><strong>domum,</strong></span> 
     </span>
    </p>
   </div>
   <div class='ocr_carea' id='block_1_36' title="bbox 537 3720 1828 3792">
    <p class='ocr_par' dir='ltr' id='par_1_36' title="bbox 537 3720 1828 3792">
     <span class='ocr_line' id='line_1_36' title="bbox 537 3720 1828 3792; baseline 0.002 -15"><span class='ocrx_word' id='word_1_201' title='bbox 537 3722 733 3777; x_wconf 79' lang='lat' dir='ltr'><strong>Munus</strong></span> <span class='ocrx_word' id='word_1_202' title='bbox 771 3724 881 3778; x_wconf 92' lang='lat' dir='ltr'><strong>Deo</strong></span> <span class='ocrx_word' id='word_1_203' title='bbox 911 3721 1253 3792; x_wconf 89' lang='lat' dir='ltr'><strong>Dominoque</strong></span> <span class='ocrx_word' id='word_1_204' title='bbox 1279 3730 1520 3792; x_wconf 90' lang='lat' dir='ltr'><strong>gratum,</strong></span> <span class='ocrx_word' id='word_1_205' title='bbox 1562 3720 1828 3779; x_wconf 83' lang='lat' dir='ltr'><strong>condidit.</strong></span> 
     </span>
    </p>
   </div>
   <div class='ocr_carea' id='block_1_37' title="bbox 541 3812 1485 3883">
    <p class='ocr_par' dir='ltr' id='par_1_37' title="bbox 541 3812 1485 3883">
     <span class='ocr_line' id='line_1_37' title="bbox 541 3812 1485 3883; baseline 0 -17"><span class='ocrx_word' id='word_1_206' title='bbox 541 3812 730 3869; x_wconf 86' lang='lat' dir='ltr'><strong>Errata</strong></span> <span class='ocrx_word' id='word_1_207' title='bbox 754 3814 877 3868; x_wconf 64' lang='lat' dir='ltr'><strong>vitae</strong></span> <span class='ocrx_word' id='word_1_208' title='bbox 897 3829 1007 3883; x_wconf 91' lang='lat' dir='ltr'><strong>quo</strong></span> <span class='ocrx_word' id='word_1_209' title='bbox 1039 3814 1322 3883; x_wconf 88' lang='lat' dir='ltr'><strong>piarentur</strong></span> <span class='ocrx_word' id='word_1_210' title='bbox 1351 3829 1485 3868; x_wconf 73' lang='lat' dir='ltr'><strong>suae.</strong></span> 
     </span>
    </p>
   </div>
   <div class='ocr_carea' id='block_1_38' title="bbox 812 3901 1869 3974">
    <p class='ocr_par' dir='ltr' id='par_1_38' title="bbox 812 3901 1869 3974">
     <span class='ocr_line' id='line_1_38' title="bbox 812 3901 1869 3974; baseline -0.002 -15"><span class='ocrx_word' id='word_1_211' title='bbox 812 3902 996 3959; x_wconf 80' lang='lat' dir='ltr'><strong>CXIV.</strong></span> <span class='ocrx_word' id='word_1_212' title='bbox 1024 3932 1093 3944; x_wconf 89' lang='lat'><strong>-—-</strong></span> <span class='ocrx_word' id='word_1_213' title='bbox 1124 3903 1192 3958; x_wconf 83' lang='lat' dir='ltr'><strong>In</strong></span> <span class='ocrx_word' id='word_1_214' title='bbox 1233 3907 1610 3959; x_wconf 82' lang='lat' dir='ltr'><strong>monasterium</strong></span> <span class='ocrx_word' id='word_1_215' title='bbox 1648 3901 1830 3974; x_wconf 82' lang='lat' dir='ltr'><strong>Ignas.</strong></span> <span class='ocrx_word' id='word_1_216' title='bbox 1866 3904 1869 3907; x_wconf 70' lang='grc'><em>’</em></span> 
     </span>
    </p>
   </div>
   <div class='ocr_carea' id='block_1_39' title="bbox 542 3996 1818 4066">
    <p class='ocr_par' dir='ltr' id='par_1_39' title="bbox 542 3996 1818 4066">
     <span class='ocr_line' id='line_1_39' title="bbox 542 3996 1818 4066; baseline -0.003 -14"><span class='ocrx_word' id='word_1_217' title='bbox 542 3997 648 4055; x_wconf 90' lang='lat' dir='ltr'><strong>Leo</strong></span> <span class='ocrx_word' id='word_1_218' title='bbox 676 3998 856 4053; x_wconf 88' lang='lat' dir='ltr'><strong>clarus</strong></span> <span class='ocrx_word' id='word_1_219' title='bbox 892 3998 1032 4052; x_wconf 90' lang='lat' dir='ltr'><strong>inter</strong></span> <span class='ocrx_word' id='word_1_220' title='bbox 1058 4006 1306 4058; x_wconf 67' lang='lat' dir='ltr'><strong>caeteros,</strong></span> <span class='ocrx_word' id='word_1_221' title='bbox 1334 3997 1525 4066; x_wconf 86' lang='lat' dir='ltr'><strong>virque</strong></span> <span class='ocrx_word' id='word_1_222' title='bbox 1558 3996 1818 4064; x_wconf 91' lang='lat' dir='ltr'><strong>optimus,</strong></span> 
     </span>
    </p>
   </div>
   <div class='ocr_carea' id='block_1_40' title="bbox 540 4088 1647 4159">
    <p class='ocr_par' dir='ltr' id='par_1_40' title="bbox 540 4088 1647 4159">
     <span class='ocr_line' id='line_1_40' title="bbox 540 4088 1647 4159; baseline -0.002 -16"><span class='ocrx_word' id='word_1_223' title='bbox 540 4094 741 4146; x_wconf 78' lang='lat' dir='ltr'><strong>Amore</strong></span> <span class='ocrx_word' id='word_1_224' title='bbox 762 4089 986 4153; x_wconf 82' lang='lat' dir='ltr'><strong>Christi,</strong></span> <span class='ocrx_word' id='word_1_225' title='bbox 1025 4088 1256 4159; x_wconf 85' lang='lat' dir='ltr'><strong>conjuge</strong></span> <span class='ocrx_word' id='word_1_226' title='bbox 1279 4088 1501 4142; x_wconf 88' lang='lat' dir='ltr'><strong>avulsus</strong></span> <span class='ocrx_word' id='word_1_227' title='bbox 1528 4102 1647 4151; x_wconf 87' lang='lat' dir='ltr'><strong>sua,</strong></span> 
     </span>
    </p>
   </div>
   <div class='ocr_carea' id='block_1_41' title="bbox 541 4178 1822 4247">
    <p class='ocr_par' dir='ltr' id='par_1_41' title="bbox 541 4178 1822 4247">
     <span class='ocr_line' id='line_1_41' title="bbox 541 4178 1822 4247; baseline 0 -15"><span class='ocrx_word' id='word_1_228' title='bbox 541 4179 720 4235; x_wconf 77' lang='lat' dir='ltr'><strong>Vitam</strong></span> <span class='ocrx_word' id='word_1_229' title='bbox 748 4190 1011 4235; x_wconf 82' lang='lat' dir='ltr'><strong>monastae</strong></span> <span class='ocrx_word' id='word_1_230' title='bbox 1043 4187 1122 4233; x_wconf 87' lang='lat' dir='ltr'><strong>ter</strong></span> <span class='ocrx_word' id='word_1_231' title='bbox 1158 4179 1373 4232; x_wconf 88' lang='lat' dir='ltr'><strong>beatam</strong></span> <span class='ocrx_word' id='word_1_232' title='bbox 1406 4178 1692 4247; x_wconf 80' lang='lat' dir='ltr'><strong>amplexus</strong></span> <span class='ocrx_word' id='word_1_233' title='bbox 1717 4188 1822 4241; x_wconf 85' lang='lat' dir='ltr'><strong>est,</strong></span> 
     </span>
    </p>
   </div>
   <div class='ocr_carea' id='block_1_42' title="bbox 540 4269 1700 4341">
    <p class='ocr_par' dir='ltr' id='par_1_42' title="bbox 540 4269 1700 4341">
     <span class='ocr_line' id='line_1_42' title="bbox 540 4269 1700 4341; baseline -0.002 -15"><span class='ocrx_word' id='word_1_234' title='bbox 540 4272 795 4328; x_wconf 69' lang='lat' dir='ltr'><strong>leestis</strong></span> <span class='ocrx_word' id='word_1_235' title='bbox 824 4274 875 4325; x_wconf 89' lang='lat' dir='ltr'><strong>in</strong></span> <span class='ocrx_word' id='word_1_236' title='bbox 905 4285 1013 4341; x_wconf 88' lang='lat' dir='ltr'><strong>qua</strong></span> <span class='ocrx_word' id='word_1_237' title='bbox 1039 4269 1327 4325; x_wconf 60' lang='lat' dir='ltr'><strong>hereditas</strong></span> <span class='ocrx_word' id='word_1_238' title='bbox 1355 4272 1659 4340; x_wconf 88' lang='lat' dir='ltr'><strong>acquiritur</strong></span> <span class='ocrx_word' id='word_1_239' title='bbox 1686 4288 1700 4324; x_wconf 92' lang='lat'><strong>:</strong></span> 
     </span>
    </p>
   </div>
   <div class='ocr_carea' id='block_1_43' title="bbox 541 4361 1672 4426">
    <p class='ocr_par' dir='ltr' id='par_1_43' title="bbox 541 4361 1672 4426">
     <span class='ocr_line' id='line_1_43' title="bbox 541 4361 1672 4426; baseline -0.003 -7"><span class='ocrx_word' id='word_1_240' title='bbox 541 4369 619 4420; x_wconf 76' lang='lat' dir='ltr'><strong>Ac</strong></span> <span class='ocrx_word' id='word_1_241' title='bbox 650 4364 960 4419; x_wconf 84' lang='lat' dir='ltr'><strong>universam</strong></span> <span class='ocrx_word' id='word_1_242' title='bbox 989 4361 1253 4417; x_wconf 81' lang='lat' dir='ltr'><strong>familiam</strong></span> <span class='ocrx_word' id='word_1_243' title='bbox 1282 4362 1511 4417; x_wconf 82' lang='lat' dir='ltr'><strong>adduxit</strong></span> <span class='ocrx_word' id='word_1_244' title='bbox 1540 4362 1672 4426; x_wconf 91' lang='lat' dir='ltr'><strong>Deo,</strong></span> 
     </span>
    </p>
   </div>
   <div class='ocr_carea' id='block_1_44' title="bbox 545 4454 1894 4526">
    <p class='ocr_par' dir='ltr' id='par_1_44' title="bbox 545 4454 1894 4526">
     <span class='ocr_line' id='line_1_44' title="bbox 545 4454 1894 4526; baseline -0.003 -13"><span class='ocrx_word' id='word_1_245' title='bbox 545 4457 713 4513; x_wconf 62' lang='lat' dir='ltr'><strong>dides</strong></span> <span class='ocrx_word' id='word_1_246' title='bbox 736 4457 1024 4511; x_wconf 90' lang='lat' dir='ltr'><strong>mulierum</strong></span> <span class='ocrx_word' id='word_1_247' title='bbox 1050 4470 1268 4526; x_wconf 87' lang='lat' dir='ltr'><strong>quoque</strong></span> <span class='ocrx_word' id='word_1_248' title='bbox 1300 4454 1631 4510; x_wconf 86' lang='lat' dir='ltr'><strong>monasticas</strong></span> <span class='ocrx_word' id='word_1_249' title='bbox 1656 4464 1894 4509; x_wconf 85' lang='lat' dir='ltr'><strong>struens.</strong></span> 
     </span>
    </p>
   </div>
   <div class='ocr_carea' id='block_1_45' title="bbox 547 4548 1640 4620">
    <p class='ocr_par' dir='ltr' id='par_1_45' title="bbox 547 4548 1640 4620">
     <span class='ocr_line' id='line_1_45' title="bbox 547 4548 1640 4620; baseline -0.004 -16"><span class='ocrx_word' id='word_1_250' title='bbox 547 4552 651 4606; x_wconf 88' lang='lat' dir='ltr'><strong>Deo</strong></span> <span class='ocrx_word' id='word_1_251' title='bbox 685 4549 929 4620; x_wconf 64' lang='lat' dir='ltr'><strong>probatae</strong></span> <span class='ocrx_word' id='word_1_252' title='bbox 959 4559 1153 4602; x_wconf 87' lang='lat' dir='ltr'><strong>nactus</strong></span> <span class='ocrx_word' id='word_1_253' title='bbox 1182 4557 1236 4602; x_wconf 91' lang='lat' dir='ltr'><strong>et</strong></span> <span class='ocrx_word' id='word_1_254' title='bbox 1260 4548 1381 4602; x_wconf 70' lang='lat' dir='ltr'><strong>vita:</strong></span> <span class='ocrx_word' id='word_1_255' title='bbox 1412 4548 1640 4613; x_wconf 81' lang='lat' dir='ltr'><strong>exitum,</strong></span> 
     </span>
    </p>
   </div>
   <div class='ocr_carea' id='block_1_46' title="bbox 546 4638 1763 4714">
    <p class='ocr_par' dir='ltr' id='par_1_46' title="bbox 546 4638 1763 4714">
     <span class='ocr_line' id='line_1_46' title="bbox 546 4638 1763 4714; baseline -0.005 -17"><span class='ocrx_word' id='word_1_256' title='bbox 546 4645 653 4701; x_wconf 88' lang='lat' dir='ltr'><strong>Isto</strong></span> <span class='ocrx_word' id='word_1_257' title='bbox 687 4645 935 4714; x_wconf 87' lang='lat' dir='ltr'><strong>sepultus</strong></span> <span class='ocrx_word' id='word_1_258' title='bbox 962 4650 1047 4697; x_wconf 86' lang='lat' dir='ltr'><strong>est</strong></span> <span class='ocrx_word' id='word_1_259' title='bbox 1064 4641 1207 4705; x_wconf 91' lang='lat' dir='ltr'><strong>loco,</strong></span> <span class='ocrx_word' id='word_1_260' title='bbox 1238 4650 1564 4708; x_wconf 81' lang='lat' dir='ltr'><strong>exspectans</strong></span> <span class='ocrx_word' id='word_1_261' title='bbox 1594 4638 1763 4701; x_wconf 89' lang='lat' dir='ltr'><strong>dicm,</strong></span> 
     </span>
    </p>
   </div>
   <div class='ocr_carea' id='block_1_47' title="bbox 545 4729 2005 4803">
    <p class='ocr_par' dir='ltr' id='par_1_47' title="bbox 545 4729 2005 4803">
     <span class='ocr_line' id='line_1_47' title="bbox 545 4729 2005 4803; baseline -0.003 -15"><span class='ocrx_word' id='word_1_262' title='bbox 545 4737 659 4803; x_wconf 85' lang='lat' dir='ltr'><strong>Qua</strong></span> <span class='ocrx_word' id='word_1_263' title='bbox 691 4736 942 4791; x_wconf 85' lang='lat' dir='ltr'><strong>Christus</strong></span> <span class='ocrx_word' id='word_1_264' title='bbox 963 4734 1135 4789; x_wconf 90' lang='lat' dir='ltr'><strong>aderit</strong></span> <span class='ocrx_word' id='word_1_265' title='bbox 1157 4732 1419 4787; x_wconf 91' lang='lat' dir='ltr'><strong>mundum</strong></span> <span class='ocrx_word' id='word_1_266' title='bbox 1446 4740 1505 4785; x_wconf 90' lang='lat' dir='ltr'><strong>ut</strong></span> <span class='ocrx_word' id='word_1_267' title='bbox 1534 4745 1751 4785; x_wconf 88' lang='lat' dir='ltr'><strong>omnem</strong></span> <span class='ocrx_word' id='word_1_268' title='bbox 1781 4729 2005 4800; x_wconf 74' lang='lat' dir='ltr'><strong>jutlicct.</strong></span> 
     </span>
    </p>
   </div>
   <div class='ocr_carea' id='block_1_48' title="bbox 910 4824 1713 4894">
    <p class='ocr_par' dir='ltr' id='par_1_48' title="bbox 910 4824 1713 4894">
     <span class='ocr_line' id='line_1_48' title="bbox 910 4824 1713 4894; baseline -0.005 -12"><span class='ocrx_word' id='word_1_269' title='bbox 910 4826 1072 4883; x_wconf 79' lang='lat' dir='ltr'><strong>CXV.</strong></span> <span class='ocrx_word' id='word_1_270' title='bbox 1118 4858 1166 4869; x_wconf 90' lang='lat'><strong>-</strong></span> <span class='ocrx_word' id='word_1_271' title='bbox 1195 4824 1260 4879; x_wconf 82' lang='lat' dir='ltr'><strong>In</strong></span> <span class='ocrx_word' id='word_1_272' title='bbox 1287 4828 1453 4894; x_wconf 77' lang='lat' dir='ltr'><strong>ipsius</strong></span> <span class='ocrx_word' id='word_1_273' title='bbox 1479 4841 1713 4878; x_wconf 75' lang='lat' dir='ltr'><strong>uxorem.</strong></span> 
     </span>
    </p>
   </div>
   <div class='ocr_carea' id='block_1_49' title="bbox 544 4915 1833 4991">
    <p class='ocr_par' dir='ltr' id='par_1_49' title="bbox 544 4915 1833 4991">
     <span class='ocr_line' id='line_1_49' title="bbox 544 4915 1833 4991; baseline -0.009 -12"><span class='ocrx_word' id='word_1_274' title='bbox 544 4929 715 4979; x_wconf 71' lang='lat' dir='ltr'><strong>Annae</strong></span> <span class='ocrx_word' id='word_1_275' title='bbox 748 4921 1054 4991; x_wconf 83' lang='lat' dir='ltr'><strong>sepulcrum</strong></span> <span class='ocrx_word' id='word_1_276' title='bbox 1087 4919 1333 4988; x_wconf 78' lang='lat' dir='ltr'><strong>proxime</strong></span> <span class='ocrx_word' id='word_1_277' title='bbox 1364 4918 1450 4971; x_wconf 90' lang='lat' dir='ltr'><strong>hic</strong></span> <span class='ocrx_word' id='word_1_278' title='bbox 1468 4921 1631 4971; x_wconf 87' lang='lat' dir='ltr'><strong>situm</strong></span> <span class='ocrx_word' id='word_1_279' title='bbox 1659 4915 1833 4980; x_wconf 85' lang='lat' dir='ltr'><strong>vides,</strong></span> 
     </span>
    </p>
   </div>
   <div class='ocr_carea' id='block_1_50' title="bbox 550 5010 1744 5081">
    <p class='ocr_par' dir='ltr' id='par_1_50' title="bbox 550 5010 1744 5081">
     <span class='ocr_line' id='line_1_50' title="bbox 550 5010 1744 5081; baseline -0.006 -13"><span class='ocrx_word' id='word_1_280' title='bbox 550 5013 620 5068; x_wconf 91' lang='lat' dir='ltr'><strong>Ut</strong></span> <span class='ocrx_word' id='word_1_281' title='bbox 653 5028 774 5081; x_wconf 63' lang='lat' dir='ltr'><strong>quae</strong></span> <span class='ocrx_word' id='word_1_282' title='bbox 805 5012 1003 5067; x_wconf 88' lang='lat' dir='ltr'><strong>marito</strong></span> <span class='ocrx_word' id='word_1_283' title='bbox 1026 5010 1225 5079; x_wconf 90' lang='lat' dir='ltr'><strong>pariter</strong></span> <span class='ocrx_word' id='word_1_284' title='bbox 1255 5024 1475 5062; x_wconf 84' lang='lat' dir='ltr'><strong>assensu</strong></span> <span class='ocrx_word' id='word_1_285' title='bbox 1507 5017 1589 5062; x_wconf 86' lang='lat' dir='ltr'><strong>cst</strong></span> <span class='ocrx_word' id='word_1_286' title='bbox 1621 5023 1744 5071; x_wconf 89' lang='lat' dir='ltr'><strong>suo,</strong></span> 
     </span>
    </p>
   </div>
   <div class='ocr_carea' id='block_1_51' title="bbox 552 5098 1599 5170">
    <p class='ocr_par' dir='ltr' id='par_1_51' title="bbox 552 5098 1599 5170">
     <span class='ocr_line' id='line_1_51' title="bbox 552 5098 1599 5170; baseline -0.006 -14"><span class='ocrx_word' id='word_1_287' title='bbox 552 5103 848 5157; x_wconf 87' lang='lat' dir='ltr'><strong>Divortium</strong></span> <span class='ocrx_word' id='word_1_288' title='bbox 882 5100 1144 5170; x_wconf 80' lang='lat' dir='ltr'><strong>perferre,</strong></span> <span class='ocrx_word' id='word_1_289' title='bbox 1176 5098 1379 5153; x_wconf 88' lang='lat' dir='ltr'><strong>Christi</strong></span> <span class='ocrx_word' id='word_1_290' title='bbox 1405 5098 1599 5167; x_wconf 82' lang='lat' dir='ltr'><strong>gratia,</strong></span> 
     </span>
    </p>
   </div>
   <div class='ocr_carea' id='block_1_52' title="bbox 550 5189 1691 5257">
    <p class='ocr_par' dir='ltr' id='par_1_52' title="bbox 550 5189 1691 5257">
     <span class='ocr_line' id='line_1_52' title="bbox 550 5189 1691 5257; baseline -0.005 -10"><span class='ocrx_word' id='word_1_291' title='bbox 550 5193 898 5248; x_wconf 77' lang='lat' dir='ltr'><strong>Monasticam</strong></span> <span class='ocrx_word' id='word_1_292' title='bbox 930 5201 983 5246; x_wconf 90' lang='lat' dir='ltr'><strong>et</strong></span> <span class='ocrx_word' id='word_1_293' title='bbox 1011 5206 1135 5245; x_wconf 91' lang='lat' dir='ltr'><strong>cum</strong></span> <span class='ocrx_word' id='word_1_294' title='bbox 1164 5190 1349 5243; x_wconf 90' lang='lat' dir='ltr'><strong>liberis</strong></span> <span class='ocrx_word' id='word_1_295' title='bbox 1376 5189 1691 5257; x_wconf 84' lang='lat' dir='ltr'><strong>amplectier</strong></span> 
     </span>
    </p>
   </div>
   <div class='ocr_carea' id='block_1_53' title="bbox 557 5278 1729 5351">
    <p class='ocr_par' dir='ltr' id='par_1_53' title="bbox 557 5278 1729 5351">
     <span class='ocr_line' id='line_1_53' title="bbox 557 5278 1729 5351; baseline -0.001 -17"><span class='ocrx_word' id='word_1_296' title='bbox 557 5281 727 5336; x_wconf 79' lang='lat' dir='ltr'><strong>Vitam</strong></span> <span class='ocrx_word' id='word_1_297' title='bbox 762 5280 1042 5351; x_wconf 86' lang='lat' dir='ltr'><strong>inclytam,</strong></span> <span class='ocrx_word' id='word_1_298' title='bbox 1077 5280 1164 5333; x_wconf 88' lang='lat' dir='ltr'><strong>cui</strong></span> <span class='ocrx_word' id='word_1_299' title='bbox 1202 5288 1352 5348; x_wconf 90' lang='lat' dir='ltr'><strong>parta</strong></span> <span class='ocrx_word' id='word_1_300' title='bbox 1383 5279 1506 5333; x_wconf 69' lang='lat' dir='ltr'><strong>caeli</strong></span> <span class='ocrx_word' id='word_1_301' title='bbox 1539 5278 1729 5349; x_wconf 89' lang='lat' dir='ltr'><strong>gloria.</strong></span> 
     </span>
    </p>
   </div>
   <div class='ocr_carea' id='block_1_54' title="bbox 549 5370 1847 5441">
    <p class='ocr_par' dir='ltr' id='par_1_54' title="bbox 549 5370 1847 5441">
     <span class='ocr_line' id='line_1_54' title="bbox 549 5370 1847 5441; baseline -0.002 -15"><span class='ocrx_word' id='word_1_302' title='bbox 549 5374 725 5441; x_wconf 79' lang='lat' dir='ltr'><strong>Atque</strong></span> <span class='ocrx_word' id='word_1_303' title='bbox 760 5371 887 5426; x_wconf 91' lang='lat' dir='ltr'><strong>hinc</strong></span> <span class='ocrx_word' id='word_1_304' title='bbox 907 5380 961 5426; x_wconf 90' lang='lat' dir='ltr'><strong>et</strong></span> <span class='ocrx_word' id='word_1_305' title='bbox 982 5372 1097 5440; x_wconf 90' lang='lat' dir='ltr'><strong>ipsa</strong></span> <span class='ocrx_word' id='word_1_306' title='bbox 1127 5386 1275 5439; x_wconf 89' lang='lat' dir='ltr'><strong>spem</strong></span> <span class='ocrx_word' id='word_1_307' title='bbox 1307 5370 1428 5424; x_wconf 89' lang='lat' dir='ltr'><strong>sinu</strong></span> <span class='ocrx_word' id='word_1_308' title='bbox 1459 5382 1659 5424; x_wconf 86' lang='lat' dir='ltr'><strong>certam</strong></span> <span class='ocrx_word' id='word_1_309' title='bbox 1687 5370 1847 5433; x_wconf 81' lang='lat' dir='ltr'><strong>fovet,</strong></span> 
     </span>
    </p>
   </div>
   <div class='ocr_carea' id='block_1_55' title="bbox 549 5462 1970 5535">
    <p class='ocr_par' dir='ltr' id='par_1_55' title="bbox 549 5462 1970 5535">
     <span class='ocr_line' id='line_1_55' title="bbox 549 5462 1970 5535; baseline -0.001 -18"><span class='ocrx_word' id='word_1_310' title='bbox 549 5467 750 5519; x_wconf 79' lang='lat' dir='ltr'><strong>Adfore</strong></span> <span class='ocrx_word' id='word_1_311' title='bbox 785 5466 949 5530; x_wconf 88' lang='lat' dir='ltr'><strong>diem,</strong></span> <span class='ocrx_word' id='word_1_312' title='bbox 970 5478 1075 5535; x_wconf 85' lang='lat' dir='ltr'><strong>qua</strong></span> <span class='ocrx_word' id='word_1_313' title='bbox 1106 5464 1381 5517; x_wconf 89' lang='lat' dir='ltr'><strong>Christum</strong></span> <span class='ocrx_word' id='word_1_314' title='bbox 1408 5464 1471 5516; x_wconf 93' lang='lat' dir='ltr'><strong>ad</strong></span> <span class='ocrx_word' id='word_1_315' title='bbox 1499 5464 1673 5531; x_wconf 89' lang='lat' dir='ltr'><strong>ipsum</strong></span> <span class='ocrx_word' id='word_1_316' title='bbox 1704 5462 1970 5525; x_wconf 83' lang='lat' dir='ltr'><strong>convolet,</strong></span> 
     </span>
    </p>
   </div>
   <div class='ocr_carea' id='block_1_56' title="bbox 550 5553 1813 5625">
    <p class='ocr_par' dir='ltr' id='par_1_56' title="bbox 550 5553 1813 5625">
     <span class='ocr_line' id='line_1_56' title="bbox 550 5553 1813 5625; baseline -0.004 -14"><span class='ocrx_word' id='word_1_317' title='bbox 550 5557 688 5612; x_wconf 88' lang='lat' dir='ltr'><strong>Cum</strong></span> <span class='ocrx_word' id='word_1_318' title='bbox 718 5572 912 5625; x_wconf 88' lang='lat' dir='ltr'><strong>nempe</strong></span> <span class='ocrx_word' id='word_1_319' title='bbox 938 5555 1116 5609; x_wconf 88' lang='lat' dir='ltr'><strong>veniet</strong></span> <span class='ocrx_word' id='word_1_320' title='bbox 1148 5554 1237 5607; x_wconf 87' lang='lat' dir='ltr'><strong>ille</strong></span> <span class='ocrx_word' id='word_1_321' title='bbox 1276 5562 1337 5608; x_wconf 87' lang='lat' dir='ltr'><strong>ut</strong></span> <span class='ocrx_word' id='word_1_322' title='bbox 1366 5569 1558 5607; x_wconf 91' lang='lat' dir='ltr'><strong>omnes</strong></span> <span class='ocrx_word' id='word_1_323' title='bbox 1584 5553 1813 5622; x_wconf 88' lang='lat' dir='ltr'><strong>jndicet.</strong></span> 
     </span>
    </p>
   </div>
   <div class='ocr_carea' id='block_1_57' title="bbox 1003 5645 1693 5714">
    <p class='ocr_par' dir='ltr' id='par_1_57' title="bbox 1003 5645 1693 5714">
     <span class='ocr_line' id='line_1_57' title="bbox 1003 5645 1693 5714; baseline -0.003 -13"><span class='ocrx_word' id='word_1_324' title='bbox 1003 5645 1187 5701; x_wconf 73' lang='lat' dir='ltr'><strong>CXVI.</strong></span> <span class='ocrx_word' id='word_1_325' title='bbox 1226 5674 1294 5684; x_wconf 90' lang='lat'><strong>—</strong></span> <span class='ocrx_word' id='word_1_326' title='bbox 1324 5646 1387 5699; x_wconf 87' lang='lat' dir='ltr'><strong>In</strong></span> <span class='ocrx_word' id='word_1_327' title='bbox 1411 5646 1693 5714; x_wconf 81' lang='lat' dir='ltr'><strong>sepultam.</strong></span> 
     </span>
    </p>
   </div>
   <div class='ocr_carea' id='block_1_58' title="bbox 551 5733 1835 5807">
    <p class='ocr_par' dir='ltr' id='par_1_58' title="bbox 551 5733 1835 5807">
     <span class='ocr_line' id='line_1_58' title="bbox 551 5733 1835 5807; baseline -0.004 -15"><span class='ocrx_word' id='word_1_328' title='bbox 551 5739 699 5793; x_wconf 84' lang='lat' dir='ltr'><strong>Fidei</strong></span> <span class='ocrx_word' id='word_1_329' title='bbox 735 5748 896 5807; x_wconf 88' lang='lat' dir='ltr'><strong>atque</strong></span> <span class='ocrx_word' id='word_1_330' title='bbox 922 5752 1132 5791; x_wconf 84' lang='lat' dir='ltr'><strong>morum</strong></span> <span class='ocrx_word' id='word_1_331' title='bbox 1158 5735 1314 5790; x_wconf 86' lang='lat' dir='ltr'><strong>laude</strong></span> <span class='ocrx_word' id='word_1_332' title='bbox 1347 5734 1542 5789; x_wconf 88' lang='lat' dir='ltr'><strong>mulier</strong></span> <span class='ocrx_word' id='word_1_333' title='bbox 1568 5733 1835 5802; x_wconf 78' lang='lat' dir='ltr'><strong>praestitit,</strong></span> 
     </span>
    </p>
   </div>
   <div class='ocr_carea' id='block_1_59' title="bbox 557 5827 1712 5899">
    <p class='ocr_par' dir='ltr' id='par_1_59' title="bbox 557 5827 1712 5899">
     <span class='ocr_line' id='line_1_59' title="bbox 557 5827 1712 5899; baseline -0.007 -13"><span class='ocrx_word' id='word_1_334' title='bbox 557 5832 766 5886; x_wconf 85' lang='lat' dir='ltr'><strong>lllustrc</strong></span> <span class='ocrx_word' id='word_1_335' title='bbox 803 5847 920 5899; x_wconf 77' lang='lat' dir='ltr'><strong>qua:</strong></span> <span class='ocrx_word' id='word_1_336' title='bbox 955 5830 1195 5896; x_wconf 87' lang='lat' dir='ltr'><strong>reposuit</strong></span> <span class='ocrx_word' id='word_1_337' title='bbox 1224 5829 1323 5881; x_wconf 89' lang='lat' dir='ltr'><strong>hoc</strong></span> <span class='ocrx_word' id='word_1_338' title='bbox 1351 5842 1546 5895; x_wconf 86' lang='lat' dir='ltr'><strong>corpus</strong></span> <span class='ocrx_word' id='word_1_339' title='bbox 1574 5827 1712 5889; x_wconf 82' lang='lat' dir='ltr'><strong>loco,</strong></span> 
     </span>
    </p>
   </div>
   <div class='ocr_carea' id='block_1_60' title="bbox 2103 512 2153 570">
    <p class='ocr_par' dir='ltr' id='par_1_60' title="bbox 2103 512 2153 570">
     <span class='ocr_line' id='line_1_60' title="bbox 2103 512 2153 570; baseline 0 0"><span class='ocrx_word' id='word_1_340' title='bbox 2103 512 2153 570; x_wconf 83' lang='lat' dir='ltr'><strong>A</strong></span> 
     </span>
    </p>
   </div>
   <div class='ocr_carea' id='block_1_61' title="bbox 1710 388 2586 462">
    <p class='ocr_par' dir='ltr' id='par_1_61' title="bbox 1710 388 2586 462">
     <span class='ocr_line' id='line_1_61' title="bbox 1710 388 2586 462; baseline -0.015 0"><span class='ocrx_word' id='word_1_341' title='bbox 1710 402 1771 462; x_wconf 87' lang='lat' dir='ltr'><strong>S.</strong></span> <span class='ocrx_word' id='word_1_342' title='bbox 1810 396 2201 461; x_wconf 84' lang='lat' dir='ltr'><strong>THEODOR]</strong></span> <span class='ocrx_word' id='word_1_343' title='bbox 2243 388 2586 454; x_wconf 67' lang='lat' dir='ltr'><strong>STUDITAE</strong></span> 
     </span>
    </p>
   </div>
   <div class='ocr_carea' id='block_1_62' title="bbox 2738 494 3166 550">
    <p class='ocr_par' dir='ltr' id='par_1_62' title="bbox 2738 494 3166 550">
     <span class='ocr_line' id='line_1_62' title="bbox 2738 494 3166 550; baseline 0.002 -1"><span class='ocrx_word' id='word_1_344' title='bbox 2738 496 2838 550; x_wconf 91' lang='lat' dir='ltr'><strong>Pl&#39;.</strong></span> <span class='ocrx_word' id='word_1_345' title='bbox 2873 525 2936 537; x_wconf 92' lang='lat'><strong><em>—</em></strong></span> <span class='ocrx_word' id='word_1_346' title='bbox 2966 494 3166 550; x_wconf 75' lang='grc' dir='ltr'>Ἄλλο.</span> 
     </span>
    </p>
   </div>
   <div class='ocr_carea' id='block_1_63' title="bbox 2172 582 3362 664">
    <p class='ocr_par' dir='ltr' id='par_1_63' title="bbox 2172 582 3362 664">
     <span class='ocr_line' id='line_1_63' title="bbox 2172 582 3362 664; baseline -0.014 -13"><span class='ocrx_word' id='word_1_347' title='bbox 2172 592 2247 650; x_wconf 69' lang='lat'><strong>&#39;0</strong></span> <span class='ocrx_word' id='word_1_348' title='bbox 2268 593 2442 664; x_wconf 78' lang='grc' dir='ltr'>τὺμδε</span> <span class='ocrx_word' id='word_1_349' title='bbox 2469 588 2632 662; x_wconf 80' lang='grc' dir='ltr'>πικρὲ</span> <span class='ocrx_word' id='word_1_350' title='bbox 2657 585 2765 641; x_wconf 84' lang='grc' dir='ltr'><strong>τῶν</strong></span> <span class='ocrx_word' id='word_1_351' title='bbox 2792 586 2908 657; x_wconf 87' lang='grc' dir='ltr'>βίου</span> <span class='ocrx_word' id='word_1_352' title='bbox 2936 582 3362 654; x_wconf 84' lang='grc' dir='ltr'>γλυκασμάτων,</span> 
     </span>
    </p>
   </div>
   <div class='ocr_carea' id='block_1_64' title="bbox 2177 675 3407 748">
    <p class='ocr_par' dir='ltr' id='par_1_64' title="bbox 2177 675 3407 748">
     <span class='ocr_line' id='line_1_64' title="bbox 2177 675 3407 748; baseline -0.014 -5"><span class='ocrx_word' id='word_1_353' title='bbox 2177 687 2391 748; x_wconf 83' lang='grc' dir='ltr'><strong>Πάντας</strong></span> <span class='ocrx_word' id='word_1_354' title='bbox 2425 679 2723 738; x_wconf 87' lang='grc' dir='ltr'>κατασπῶν</span> <span class='ocrx_word' id='word_1_355' title='bbox 2744 678 2844 732; x_wconf 76' lang='grc' dir='ltr'>οὐκ</span> <span class='ocrx_word' id='word_1_356' title='bbox 2874 677 3105 748; x_wconf 67' lang='grc' dir='ltr'>ἔπαρκεῖ</span> <span class='ocrx_word' id='word_1_357' title='bbox 3130 675 3407 745; x_wconf 85' lang='grc' dir='ltr'>χορτάσει,</span> 
     </span>
    </p>
   </div>
   <div class='ocr_carea' id='block_1_65' title="bbox 2177 767 3393 849">
    <p class='ocr_par' dir='ltr' id='par_1_65' title="bbox 2177 767 3393 849">
     <span class='ocr_line' id='line_1_65' title="bbox 2177 767 3393 849; baseline -0.012 -16"><span class='ocrx_word' id='word_1_358' title='bbox 2177 777 2445 849; x_wconf 79' lang='grc' dir='ltr'>Μικροὺς,</span> <span class='ocrx_word' id='word_1_359' title='bbox 2481 775 2790 846; x_wconf 82' lang='grc' dir='ltr'><strong>μεγίστους,</strong></span> <span class='ocrx_word' id='word_1_360' title='bbox 2822 769 3055 833; x_wconf 77' lang='grc' dir='ltr'>ὀλϐίους,</span> <span class='ocrx_word' id='word_1_361' title='bbox 3088 767 3393 832; x_wconf 75' lang='grc' dir='ltr'><strong>ἀνεστίους,</strong></span> 
     </span>
    </p>
   </div>
   <div class='ocr_carea' id='block_1_66' title="bbox 2179 858 3517 939">
    <p class='ocr_par' dir='ltr' id='par_1_66' title="bbox 2179 858 3517 939">
     <span class='ocr_line' id='line_1_66' title="bbox 2179 858 3517 939; baseline -0.01 -16"><span class='ocrx_word' id='word_1_362' title='bbox 2179 869 2405 939; x_wconf 79' lang='grc' dir='ltr'>Σοφοὺς,</span> <span class='ocrx_word' id='word_1_363' title='bbox 2434 867 2731 937; x_wconf 73' lang='grc' dir='ltr'>ὰμύστουσ,</span> <span class='ocrx_word' id='word_1_364' title='bbox 2768 860 3213 932; x_wconf 84' lang='grc' dir='ltr'>δυσπροσώπους,</span> <span class='ocrx_word' id='word_1_365' title='bbox 3241 858 3517 924; x_wconf 77' lang='grc' dir='ltr'><strong>εὐθέτους,</strong></span> 
     </span>
    </p>
   </div>
   <div class='ocr_carea' id='block_1_67' title="bbox 2181 950 3289 1030">
    <p class='ocr_par' dir='ltr' id='par_1_67' title="bbox 2181 950 3289 1030">
     <span class='ocr_line' id='line_1_67' title="bbox 2181 950 3289 1030; baseline -0.014 -13"><span class='ocrx_word' id='word_1_366' title='bbox 2181 963 2397 1025; x_wconf 81' lang='grc' dir='ltr'>Ὅλους,</span> <span class='ocrx_word' id='word_1_367' title='bbox 2424 958 2638 1030; x_wconf 83' lang='grc' dir='ltr'>ἁλήθων</span> <span class='ocrx_word' id='word_1_368' title='bbox 2666 956 2871 1023; x_wconf 77' lang='grc' dir='ltr'><strong>τέφραν</strong></span> <span class='ocrx_word' id='word_1_369' title='bbox 2890 954 3061 1022; x_wconf 84' lang='grc' dir='ltr'>ίσχεις</span> <span class='ocrx_word' id='word_1_370' title='bbox 3089 950 3289 1015; x_wconf 83' lang='grc' dir='ltr'>ὲξίσου,</span> 
     </span>
    </p>
   </div>
   <div class='ocr_carea' id='block_1_68' title="bbox 2179 1043 3323 1125">
    <p class='ocr_par' dir='ltr' id='par_1_68' title="bbox 2179 1043 3323 1125">
     <span class='ocr_line' id='line_1_68' title="bbox 2179 1043 3323 1125; baseline -0.014 -15"><span class='ocrx_word' id='word_1_371' title='bbox 2179 1054 2365 1125; x_wconf 76' lang='grc' dir='ltr'>Μηδὲν</span> <span class='ocrx_word' id='word_1_372' title='bbox 2397 1053 2678 1121; x_wconf 71' lang='grc' dir='ltr'>φέροντας,</span> <span class='ocrx_word' id='word_1_373' title='bbox 2709 1048 2741 1118; x_wconf 84' lang='grc' dir='ltr'>ἢ</span> <span class='ocrx_word' id='word_1_374' title='bbox 2778 1049 2937 1116; x_wconf 90' lang='grc' dir='ltr'>μόνον</span> <span class='ocrx_word' id='word_1_375' title='bbox 2957 1044 3027 1097; x_wconf 82' lang='grc' dir='ltr'>τὰ</span> <span class='ocrx_word' id='word_1_376' title='bbox 3057 1043 3323 1115; x_wconf 82' lang='grc' dir='ltr'><strong>πρακτέα,</strong></span> 
     </span>
    </p>
   </div>
   <div class='ocr_carea' id='block_1_69' title="bbox 2183 1133 3223 1214">
    <p class='ocr_par' dir='ltr' id='par_1_69' title="bbox 2183 1133 3223 1214">
     <span class='ocr_line' id='line_1_69' title="bbox 2183 1133 3223 1214; baseline -0.014 -14"><span class='ocrx_word' id='word_1_377' title='bbox 2183 1148 2364 1214; x_wconf 81' lang='grc' dir='ltr'>Ἀπερ</span> <span class='ocrx_word' id='word_1_378' title='bbox 2394 1145 2642 1214; x_wconf 82' lang='grc' dir='ltr'><strong>παραστῇ</strong></span> <span class='ocrx_word' id='word_1_379' title='bbox 2672 1140 2750 1210; x_wconf 84' lang='grc' dir='ltr'>τῷ</span> <span class='ocrx_word' id='word_1_380' title='bbox 2776 1136 2911 1192; x_wconf 82' lang='grc' dir='ltr'>Θεοῦ</span> <span class='ocrx_word' id='word_1_381' title='bbox 2932 1133 3223 1207; x_wconf 83' lang='grc' dir='ltr'>κριτηρίῳ.</span> 
     </span>
    </p>
   </div>
   <div class='ocr_carea' id='block_1_70' title="bbox 2182 1228 3346 1308">
    <p class='ocr_par' dir='ltr' id='par_1_70' title="bbox 2182 1228 3346 1308">
     <span class='ocr_line' id='line_1_70' title="bbox 2182 1228 3346 1308; baseline -0.013 -17"><span class='ocrx_word' id='word_1_382' title='bbox 2182 1240 2248 1292; x_wconf 79' lang='lat' dir='ltr'><strong>Ei</strong></span> <span class='ocrx_word' id='word_1_383' title='bbox 2282 1238 2379 1308; x_wconf 83' lang='grc' dir='ltr'>μὲν</span> <span class='ocrx_word' id='word_1_384' title='bbox 2413 1236 2697 1306; x_wconf 82' lang='grc' dir='ltr'>κράτιστα,</span> <span class='ocrx_word' id='word_1_385' title='bbox 2729 1230 2854 1295; x_wconf 77' lang='grc' dir='ltr'>δόξα</span> <span class='ocrx_word' id='word_1_386' title='bbox 2877 1229 2954 1301; x_wconf 81' lang='grc' dir='ltr'>τῷ</span> <span class='ocrx_word' id='word_1_387' title='bbox 2982 1228 3305 1297; x_wconf 75' lang='grc' dir='ltr'>κεκτημένῳ</span> <span class='ocrx_word' id='word_1_388' title='bbox 3328 1243 3346 1257; x_wconf 70' lang='grc' dir='ltr'><strong>ν</strong></span> 
     </span>
    </p>
   </div>
   <div class='ocr_carea' id='block_1_71' title="bbox 2183 1314 3467 1391">
    <p class='ocr_par' dir='ltr' id='par_1_71' title="bbox 2183 1314 3467 1391">
     <span class='ocr_line' id='line_1_71' title="bbox 2183 1314 3467 1391; baseline -0.011 -9"><span class='ocrx_word' id='word_1_389' title='bbox 2183 1330 2248 1382; x_wconf 81' lang='lat' dir='ltr'><strong>Ei</strong></span> <span class='ocrx_word' id='word_1_390' title='bbox 2272 1328 2315 1380; x_wconf 83' lang='grc' dir='ltr'>δ’</span> <span class='ocrx_word' id='word_1_391' title='bbox 2346 1322 2413 1379; x_wconf 82' lang='grc' dir='ltr'>αὖ</span> <span class='ocrx_word' id='word_1_392' title='bbox 2444 1326 2699 1385; x_wconf 78' lang='grc' dir='ltr'>κάκιστα,</span> <span class='ocrx_word' id='word_1_393' title='bbox 2731 1319 2833 1391; x_wconf 80' lang='grc' dir='ltr'>φεῦ</span> <span class='ocrx_word' id='word_1_394' title='bbox 2854 1336 2916 1373; x_wconf 87' lang='grc' dir='ltr'><strong>τε</strong></span> <span class='ocrx_word' id='word_1_395' title='bbox 2945 1318 3025 1389; x_wconf 75' lang='grc' dir='ltr'>τῷ</span> <span class='ocrx_word' id='word_1_396' title='bbox 3053 1314 3467 1386; x_wconf 82' lang='grc' dir='ltr'>φαυλοπράττῃ.</span> 
     </span>
    </p>
   </div>
   <div class='ocr_carea' id='block_1_72' title="bbox 2188 1402 3456 1488">
    <p class='ocr_par' dir='ltr' id='par_1_72' title="bbox 2188 1402 3456 1488">
     <span class='ocr_line' id='line_1_72' title="bbox 2188 1402 3456 1488; baseline -0.013 -16"><span class='ocrx_word' id='word_1_397' title='bbox 2188 1416 2496 1488; x_wconf 75' lang='grc' dir='ltr'>Ἄνθρωπε,</span> <span class='ocrx_word' id='word_1_398' title='bbox 2522 1414 2706 1466; x_wconf 74' lang='grc' dir='ltr'>λοιπὸν</span> <span class='ocrx_word' id='word_1_399' title='bbox 2732 1412 2988 1480; x_wconf 78' lang='grc' dir='ltr'>πρόσχες,</span> <span class='ocrx_word' id='word_1_400' title='bbox 3018 1402 3130 1460; x_wconf 77' lang='grc' dir='ltr'>οἶόν</span> <span class='ocrx_word' id='word_1_401' title='bbox 3175 1423 3257 1459; x_wconf 91' lang='grc' dir='ltr'><strong>σοι</strong></span> <span class='ocrx_word' id='word_1_402' title='bbox 3286 1407 3456 1475; x_wconf 81' lang='grc' dir='ltr'>μένει.</span> 
     </span>
    </p>
   </div>
   <div class='ocr_carea' id='block_1_73' title="bbox 2397 1500 3545 1572">
    <p class='ocr_par' dir='ltr' id='par_1_73' title="bbox 2397 1500 3545 1572">
     <span class='ocr_line' id='line_1_73' title="bbox 2397 1500 3545 1572; baseline -0.009 -10"><span class='ocrx_word' id='word_1_403' title='bbox 2397 1508 2547 1562; x_wconf 80' lang='lat' dir='ltr'><strong>PIA&#39;.</strong></span> <span class='ocrx_word' id='word_1_404' title='bbox 2578 1536 2643 1548; x_wconf 88' lang='lat'>—</span> <span class='ocrx_word' id='word_1_405' title='bbox 2684 1505 3049 1572; x_wconf 78' lang='grc' dir='ltr'><strong>Ἐπίγραμμα</strong></span> <span class='ocrx_word' id='word_1_406' title='bbox 3086 1503 3173 1566; x_wconf 86' lang='grc' dir='ltr'>εὶς</span> <span class='ocrx_word' id='word_1_407' title='bbox 3210 1500 3545 1567; x_wconf 61' lang='grc' dir='ltr'>Στέφανον.</span> 
     </span>
    </p>
   </div>
   <div class='ocr_carea' id='block_1_74' title="bbox 2185 1593 3242 1669">
    <p class='ocr_par' dir='ltr' id='par_1_74' title="bbox 2185 1593 3242 1669">
     <span class='ocr_line' id='line_1_74' title="bbox 2185 1593 3242 1669; baseline -0.014 -11"><span class='ocrx_word' id='word_1_408' title='bbox 2185 1599 2316 1657; x_wconf 83' lang='grc' dir='ltr'>Ὧδε</span> <span class='ocrx_word' id='word_1_409' title='bbox 2342 1601 2613 1669; x_wconf 78' lang='grc' dir='ltr'>Στέφανος</span> <span class='ocrx_word' id='word_1_410' title='bbox 2636 1593 3018 1666; x_wconf 80' lang='grc' dir='ltr'>ὲγκατέκλεισε</span> <span class='ocrx_word' id='word_1_411' title='bbox 3052 1593 3242 1664; x_wconf 80' lang='grc' dir='ltr'><strong>δέμας,</strong></span> 
     </span>
    </p>
   </div>
   <div class='ocr_carea' id='block_1_75' title="bbox 2187 1682 3320 1760">
    <p class='ocr_par' dir='ltr' id='par_1_75' title="bbox 2187 1682 3320 1760">
     <span class='ocr_line' id='line_1_75' title="bbox 2187 1682 3320 1760; baseline -0.012 -13"><span class='ocrx_word' id='word_1_412' title='bbox 2187 1691 2665 1760; x_wconf 84' lang='grc' dir='ltr'>Είκοστόπεμπτον</span> <span class='ocrx_word' id='word_1_413' title='bbox 2691 1688 2749 1739; x_wconf 83' lang='grc' dir='ltr'>ὲν</span> <span class='ocrx_word' id='word_1_414' title='bbox 2779 1683 2879 1755; x_wconf 85' lang='grc' dir='ltr'>βίῳ</span> <span class='ocrx_word' id='word_1_415' title='bbox 2908 1683 3077 1753; x_wconf 79' lang='grc' dir='ltr'>ζήσας</span> <span class='ocrx_word' id='word_1_416' title='bbox 3098 1682 3288 1753; x_wconf 85' lang='grc' dir='ltr'>χρόνον</span> <span class='ocrx_word' id='word_1_417' title='bbox 3306 1697 3320 1711; x_wconf 76' lang='grc'><strong><em>⁸</em></strong></span> 
     </span>
    </p>
   </div>
   <div class='ocr_carea' id='block_1_76' title="bbox 2200 1773 3357 1852">
    <p class='ocr_par' dir='ltr' id='par_1_76' title="bbox 2200 1773 3357 1852">
     <span class='ocr_line' id='line_1_76' title="bbox 2200 1773 3357 1852; baseline -0.01 -14"><span class='ocrx_word' id='word_1_418' title='bbox 2200 1784 2496 1852; x_wconf 83' lang='grc' dir='ltr'>Ῥάδαμνος</span> <span class='ocrx_word' id='word_1_419' title='bbox 2530 1779 2691 1842; x_wconf 74' lang='grc' dir='ltr'>εὐθὺς</span> <span class='ocrx_word' id='word_1_420' title='bbox 2722 1775 3070 1847; x_wconf 75' lang='grc' dir='ltr'>ἀμφικαλλὴς</span> <span class='ocrx_word' id='word_1_421' title='bbox 3095 1773 3357 1827; x_wconf 86' lang='grc' dir='ltr'>διττόθεν.</span> 
     </span>
    </p>
   </div>
   <div class='ocr_carea' id='block_1_77' title="bbox 2117 1853 3346 1939">
    <p class='ocr_par' dir='ltr' id='par_1_77' title="bbox 2117 1853 3346 1939">
     <span class='ocr_line' id='line_1_77' title="bbox 2117 1853 3346 1939; baseline -0.011 -10"><span class='ocrx_word' id='word_1_422' title='bbox 2117 1853 2163 1913; x_wconf 74' lang='grc' dir='ltr'><strong><em>Β</em></strong></span> <span class='ocrx_word' id='word_1_423' title='bbox 2204 1872 2295 1938; x_wconf 82' lang='grc' dir='ltr'><strong>Ἐξ</strong></span> <span class='ocrx_word' id='word_1_424' title='bbox 2322 1869 2575 1939; x_wconf 78' lang='grc' dir='ltr'><strong>εὐγενοῦς</strong></span> <span class='ocrx_word' id='word_1_425' title='bbox 2613 1869 2710 1939; x_wconf 80' lang='grc' dir='ltr'>μὲν</span> <span class='ocrx_word' id='word_1_426' title='bbox 2746 1868 2976 1937; x_wconf 77' lang='grc' dir='ltr'>αἵματος</span> <span class='ocrx_word' id='word_1_427' title='bbox 3004 1865 3346 1938; x_wconf 77' lang='grc' dir='ltr'>διαπρέπων,</span> 
     </span>
    </p>
   </div>
   <div class='ocr_carea' id='block_1_78' title="bbox 2200 1956 3366 2034">
    <p class='ocr_par' dir='ltr' id='par_1_78' title="bbox 2200 1956 3366 2034">
     <span class='ocr_line' id='line_1_78' title="bbox 2200 1956 3366 2034; baseline -0.006 -16"><span class='ocrx_word' id='word_1_428' title='bbox 2200 1965 2367 2019; x_wconf 85' lang='grc' dir='ltr'><strong>Ἐλὼν</strong></span> <span class='ocrx_word' id='word_1_429' title='bbox 2396 1963 2453 2016; x_wconf 83' lang='grc' dir='ltr'>δὲ</span> <span class='ocrx_word' id='word_1_430' title='bbox 2489 1962 2685 2034; x_wconf 76' lang='grc' dir='ltr'>ῥάϐδον</span> <span class='ocrx_word' id='word_1_431' title='bbox 2720 1960 2778 2027; x_wconf 81' lang='grc' dir='ltr'>ἐξ</span> <span class='ocrx_word' id='word_1_432' title='bbox 2814 1959 3127 2030; x_wconf 79' lang='grc' dir='ltr'><strong>ἀνακτόρων</strong></span> <span class='ocrx_word' id='word_1_433' title='bbox 3155 1956 3366 2020; x_wconf 81' lang='grc' dir='ltr'><strong>κλέους.</strong></span> 
     </span>
    </p>
   </div>
   <div class='ocr_carea' id='block_1_79' title="bbox 2190 2051 3362 2126">
    <p class='ocr_par' dir='ltr' id='par_1_79' title="bbox 2190 2051 3362 2126">
     <span class='ocr_line' id='line_1_79' title="bbox 2190 2051 3362 2126; baseline -0.009 -15"><span class='ocrx_word' id='word_1_434' title='bbox 2190 2059 2331 2111; x_wconf 76' lang='grc' dir='ltr'>[ἰᾶσι</span> <span class='ocrx_word' id='word_1_435' title='bbox 2361 2055 2595 2125; x_wconf 81' lang='grc' dir='ltr'>ποθητὸς</span> <span class='ocrx_word' id='word_1_436' title='bbox 2624 2052 2955 2126; x_wconf 79' lang='grc' dir='ltr'>χρηστότητι</span> <span class='ocrx_word' id='word_1_437' title='bbox 2986 2052 3096 2105; x_wconf 78' lang='grc' dir='ltr'>τῶν</span> <span class='ocrx_word' id='word_1_438' title='bbox 3125 2051 3362 2122; x_wconf 86' lang='grc' dir='ltr'>τρόπων,</span> 
     </span>
    </p>
   </div>
   <div class='ocr_carea' id='block_1_80' title="bbox 2190 2142 3405 2217">
    <p class='ocr_par' dir='ltr' id='par_1_80' title="bbox 2190 2142 3405 2217">
     <span class='ocr_line' id='line_1_80' title="bbox 2190 2142 3405 2217; baseline -0.003 -17"><span class='ocrx_word' id='word_1_439' title='bbox 2190 2148 2429 2200; x_wconf 79' lang='grc' dir='ltr'>Γυναῖκα</span> <span class='ocrx_word' id='word_1_440' title='bbox 2458 2146 2530 2217; x_wconf 79' lang='grc' dir='ltr'>μὴ</span> <span class='ocrx_word' id='word_1_441' title='bbox 2552 2148 2733 2214; x_wconf 80' lang='grc' dir='ltr'>γνοὺς,</span> <span class='ocrx_word' id='word_1_442' title='bbox 2757 2144 2891 2197; x_wconf 81' lang='grc' dir='ltr'><strong>ἀλλὰ</strong></span> <span class='ocrx_word' id='word_1_443' title='bbox 2918 2143 3181 2214; x_wconf 80' lang='grc' dir='ltr'>παρθένος</span> <span class='ocrx_word' id='word_1_444' title='bbox 3208 2142 3405 2214; x_wconf 81' lang='grc' dir='ltr'>μένων.</span> 
     </span>
    </p>
   </div>
   <div class='ocr_carea' id='block_1_81' title="bbox 2194 2228 3408 2309">
    <p class='ocr_par' dir='ltr' id='par_1_81' title="bbox 2194 2228 3408 2309">
     <span class='ocr_line' id='line_1_81' title="bbox 2194 2228 3408 2309; baseline -0.007 -17"><span class='ocrx_word' id='word_1_445' title='bbox 2194 2240 2401 2309; x_wconf 85' lang='grc' dir='ltr'>Ὀνπερ</span> <span class='ocrx_word' id='word_1_446' title='bbox 2431 2236 2749 2308; x_wconf 79' lang='grc' dir='ltr'>προμηθῶς,</span> <span class='ocrx_word' id='word_1_447' title='bbox 2778 2235 2837 2299; x_wconf 80' lang='grc' dir='ltr'>ἐξ</span> <span class='ocrx_word' id='word_1_448' title='bbox 2857 2234 3110 2289; x_wconf 81' lang='grc' dir='ltr'>ἀκανθῶν</span> <span class='ocrx_word' id='word_1_449' title='bbox 3134 2233 3208 2297; x_wconf 86' lang='grc' dir='ltr'>ὡς</span> <span class='ocrx_word' id='word_1_450' title='bbox 3234 2228 3408 2305; x_wconf 79' lang='grc' dir='ltr'>ῥόδον,</span> 
     </span>
    </p>
   </div>
   <div class='ocr_carea' id='block_1_82' title="bbox 2193 2325 3441 2401">
    <p class='ocr_par' dir='ltr' id='par_1_82' title="bbox 2193 2325 3441 2401">
     <span class='ocr_line' id='line_1_82' title="bbox 2193 2325 3441 2401; baseline -0.006 -17"><span class='ocrx_word' id='word_1_451' title='bbox 2193 2330 2299 2384; x_wconf 81' lang='grc' dir='ltr'><strong>Τοῦ</strong></span> <span class='ocrx_word' id='word_1_452' title='bbox 2334 2331 2459 2401; x_wconf 76' lang='grc' dir='ltr'>τῇδε</span> <span class='ocrx_word' id='word_1_453' title='bbox 2500 2331 2707 2399; x_wconf 87' lang='grc' dir='ltr'>κόσμου</span> <span class='ocrx_word' id='word_1_454' title='bbox 2751 2328 2984 2399; x_wconf 79' lang='grc' dir='ltr'>Χριστὸς</span> <span class='ocrx_word' id='word_1_455' title='bbox 3034 2328 3233 2398; x_wconf 76' lang='grc' dir='ltr'>ἐξάρας</span> <span class='ocrx_word' id='word_1_456' title='bbox 3264 2325 3441 2395; x_wconf 82' lang='grc' dir='ltr'>τάχει,</span> 
     </span>
    </p>
   </div>
   <div class='ocr_carea' id='block_1_83' title="bbox 2198 2417 3302 2493">
    <p class='ocr_par' dir='ltr' id='par_1_83' title="bbox 2198 2417 3302 2493">
     <span class='ocr_line' id='line_1_83' title="bbox 2198 2417 3302 2493; baseline -0.004 -20"><span class='ocrx_word' id='word_1_457' title='bbox 2198 2422 2348 2493; x_wconf 85' lang='grc' dir='ltr'>Ἔχει</span> <span class='ocrx_word' id='word_1_458' title='bbox 2394 2421 2488 2473; x_wconf 73' lang='grc' dir='ltr'>σὺν</span> <span class='ocrx_word' id='word_1_459' title='bbox 2520 2418 2697 2481; x_wconf 81' lang='grc' dir='ltr'>ἄλλοις</span> <span class='ocrx_word' id='word_1_460' title='bbox 2722 2418 2872 2489; x_wconf 79' lang='grc' dir='ltr'>δεξιᾷ</span> <span class='ocrx_word' id='word_1_461' title='bbox 2902 2419 3046 2488; x_wconf 67' lang='grc' dir='ltr'>χειρὶ</span> <span class='ocrx_word' id='word_1_462' title='bbox 3071 2417 3302 2485; x_wconf 83' lang='grc' dir='ltr'>στέφων.</span> 
     </span>
    </p>
   </div>
   <div class='ocr_carea' id='block_1_84' title="bbox 2665 2509 3270 2574">
    <p class='ocr_par' dir='ltr' id='par_1_84' title="bbox 2665 2509 3270 2574">
     <span class='ocr_line' id='line_1_84' title="bbox 2665 2509 3270 2574; baseline -0.002 -11"><span class='ocrx_word' id='word_1_463' title='bbox 2665 2509 2813 2563; x_wconf 89' lang='lat' dir='ltr'><strong>PIB’.</strong></span> <span class='ocrx_word' id='word_1_464' title='bbox 2850 2538 2914 2547; x_wconf 88' lang='lat'><strong>—</strong></span> <span class='ocrx_word' id='word_1_465' title='bbox 2930 2509 3033 2574; x_wconf 73' lang='grc' dir='ltr'><strong>Εἰς</strong></span> <span class='ocrx_word' id='word_1_466' title='bbox 3053 2509 3270 2563; x_wconf 79' lang='grc' dir='ltr'>οὶκίαν.</span> 
     </span>
    </p>
   </div>
   <div class='ocr_carea' id='block_1_85' title="bbox 2197 2596 3320 2672">
    <p class='ocr_par' dir='ltr' id='par_1_85' title="bbox 2197 2596 3320 2672">
     <span class='ocr_line' id='line_1_85' title="bbox 2197 2596 3320 2672; baseline 0 -18"><span class='ocrx_word' id='word_1_467' title='bbox 2197 2597 2357 2665; x_wconf 75' lang='grc' dir='ltr'>Οἶκος</span> <span class='ocrx_word' id='word_1_468' title='bbox 2382 2602 2662 2671; x_wconf 78' lang='grc' dir='ltr'>δέδειγμαι</span> <span class='ocrx_word' id='word_1_469' title='bbox 2691 2600 3039 2672; x_wconf 80' lang='grc' dir='ltr'>τερπνοειδὴς</span> <span class='ocrx_word' id='word_1_470' title='bbox 3061 2596 3118 2655; x_wconf 87' lang='grc' dir='ltr'>εὖ</span> <span class='ocrx_word' id='word_1_471' title='bbox 3154 2600 3320 2671; x_wconf 87' lang='grc' dir='ltr'>μάλα,</span> 
     </span>
    </p>
   </div>
   <div class='ocr_carea' id='block_1_86' title="bbox 2209 2692 3432 2765">
    <p class='ocr_par' dir='ltr' id='par_1_86' title="bbox 2209 2692 3432 2765">
     <span class='ocr_line' id='line_1_86' title="bbox 2209 2692 3432 2765; baseline 0 -17"><span class='ocrx_word' id='word_1_472' title='bbox 2209 2694 2425 2764; x_wconf 68' lang='grc' dir='ltr'>Ἀνδρος</span> <span class='ocrx_word' id='word_1_473' title='bbox 2450 2694 2741 2765; x_wconf 79' lang='grc' dir='ltr'>κρατίστου</span> <span class='ocrx_word' id='word_1_474' title='bbox 2780 2695 2874 2746; x_wconf 70' lang='grc' dir='ltr'>καὶ</span> <span class='ocrx_word' id='word_1_475' title='bbox 2903 2694 3259 2764; x_wconf 74' lang='grc' dir='ltr'>πανευφήμου</span> <span class='ocrx_word' id='word_1_476' title='bbox 3287 2692 3432 2748; x_wconf 76' lang='grc' dir='ltr'>λίαν.</span> 
     </span>
    </p>
   </div>
   <div class='ocr_carea' id='block_1_87' title="bbox 2202 2785 3374 2857">
    <p class='ocr_par' dir='ltr' id='par_1_87' title="bbox 2202 2785 3374 2857">
     <span class='ocr_line' id='line_1_87' title="bbox 2202 2785 3374 2857; baseline -0.003 -16"><span class='ocrx_word' id='word_1_477' title='bbox 2202 2790 2297 2852; x_wconf 82' lang='grc' dir='ltr'>⁸ος</span> <span class='ocrx_word' id='word_1_478' title='bbox 2324 2789 2415 2843; x_wconf 80' lang='grc' dir='ltr'>καὶ</span> <span class='ocrx_word' id='word_1_479' title='bbox 2442 2790 2691 2857; x_wconf 84' lang='grc' dir='ltr'>νεουργεϊ</span> <span class='ocrx_word' id='word_1_480' title='bbox 2721 2785 2818 2855; x_wconf 81' lang='grc' dir='ltr'>τὴν</span> <span class='ocrx_word' id='word_1_481' title='bbox 2852 2786 2981 2856; x_wconf 86' lang='grc' dir='ltr'>ὅλην</span> <span class='ocrx_word' id='word_1_482' title='bbox 3010 2786 3174 2857; x_wconf 80' lang='grc' dir='ltr'>μονὴν</span> <span class='ocrx_word' id='word_1_483' title='bbox 3201 2786 3374 2854; x_wconf 84' lang='grc' dir='ltr'>πόθῳ,</span> 
     </span>
    </p>
   </div>
   <div class='ocr_carea' id='block_1_88' title="bbox 2196 2877 3390 2951">
    <p class='ocr_par' dir='ltr' id='par_1_88' title="bbox 2196 2877 3390 2951">
     <span class='ocr_line' id='line_1_88' title="bbox 2196 2877 3390 2951; baseline -0.001 -18"><span class='ocrx_word' id='word_1_484' title='bbox 2196 2880 2316 2951; x_wconf 79' lang='grc' dir='ltr'><strong>Θεῷ</strong></span> <span class='ocrx_word' id='word_1_485' title='bbox 2350 2879 2644 2950; x_wconf 88' lang='grc' dir='ltr'>προσοίσας</span> <span class='ocrx_word' id='word_1_486' title='bbox 2673 2877 2867 2949; x_wconf 77' lang='grc' dir='ltr'>λύτρον</span> <span class='ocrx_word' id='word_1_487' title='bbox 2895 2877 3011 2931; x_wconf 82' lang='grc' dir='ltr'>ἀνθ’</span> <span class='ocrx_word' id='word_1_488' title='bbox 3043 2877 3390 2948; x_wconf 84' lang='grc' dir='ltr'>ἁμαρτάδων.</span> 
     </span>
    </p>
   </div>
   <div class='ocr_carea' id='block_1_89' title="bbox 2584 2966 3365 3037">
    <p class='ocr_par' dir='ltr' id='par_1_89' title="bbox 2584 2966 3365 3037">
     <span class='ocr_line' id='line_1_89' title="bbox 2584 2966 3365 3037; baseline -0.001 -15"><span class='ocrx_word' id='word_1_489' title='bbox 2584 2969 2721 3023; x_wconf 76' lang='lat' dir='ltr'><strong>PII&quot;.</strong></span> <span class='ocrx_word' id='word_1_490' title='bbox 2754 3001 2824 3011; x_wconf 90' lang='lat'><em>—</em></span> <span class='ocrx_word' id='word_1_491' title='bbox 2855 2972 2959 3034; x_wconf 71' lang='grc' dir='ltr'><strong>Εἰς</strong></span> <span class='ocrx_word' id='word_1_492' title='bbox 2994 2966 3365 3037; x_wconf 74' lang='grc' dir='ltr'>κοιμηθέγτα.</span> 
     </span>
    </p>
   </div>
   <div class='ocr_carea' id='block_1_90' title="bbox 2201 3052 3302 3130">
    <p class='ocr_par' dir='ltr' id='par_1_90' title="bbox 2201 3052 3302 3130">
     <span class='ocr_line' id='line_1_90' title="bbox 2201 3052 3302 3130; baseline -0.001 -17"><span class='ocrx_word' id='word_1_493' title='bbox 2201 3052 2325 3113; x_wconf 82' lang='grc' dir='ltr'>Ὧδε</span> <span class='ocrx_word' id='word_1_494' title='bbox 2360 3059 2637 3130; x_wconf 83' lang='grc' dir='ltr'>προελθὼν</span> <span class='ocrx_word' id='word_1_495' title='bbox 2667 3060 2989 3114; x_wconf 80' lang='grc' dir='ltr'>ὲντέθαπται</span> <span class='ocrx_word' id='word_1_496' title='bbox 3019 3059 3095 3130; x_wconf 81' lang='grc' dir='ltr'><strong>τῷ</strong></span> <span class='ocrx_word' id='word_1_497' title='bbox 3127 3059 3302 3130; x_wconf 77' lang='grc' dir='ltr'>τάφῳ,</span> 
     </span>
    </p>
   </div>
   <div class='ocr_carea' id='block_1_91' title="bbox 2123 3151 3203 3242">
    <p class='ocr_par' dir='ltr' id='par_1_91' title="bbox 2123 3151 3203 3242">
     <span class='ocr_line' id='line_1_91' title="bbox 2123 3151 3203 3242; baseline -0.007 -36"><span class='ocrx_word' id='word_1_498' title='bbox 2123 3186 2167 3242; x_wconf 69' lang='lat' dir='ltr'><strong><em>C</em></strong></span> <span class='ocrx_word' id='word_1_499' title='bbox 2201 3151 2574 3221; x_wconf 78' lang='grc' dir='ltr'>Θεοφύλακτος</span> <span class='ocrx_word' id='word_1_500' title='bbox 2602 3153 2629 3205; x_wconf 89' lang='grc' dir='ltr'><strong>ό</strong></span> <span class='ocrx_word' id='word_1_501' title='bbox 2655 3152 2956 3222; x_wconf 77' lang='grc' dir='ltr'>τρισόλϐιος</span> <span class='ocrx_word' id='word_1_502' title='bbox 2991 3151 3165 3222; x_wconf 75' lang='grc' dir='ltr'>μέροψ</span> <span class='ocrx_word' id='word_1_503' title='bbox 3188 3167 3203 3183; x_wconf 89' lang='grc'><strong>·</strong></span> 
     </span>
    </p>
   </div>
   <div class='ocr_carea' id='block_1_92' title="bbox 2204 3244 3324 3315">
    <p class='ocr_par' dir='ltr' id='par_1_92' title="bbox 2204 3244 3324 3315">
     <span class='ocr_line' id='line_1_92' title="bbox 2204 3244 3324 3315; baseline 0.001 -19"><span class='ocrx_word' id='word_1_504' title='bbox 2204 3244 2471 3315; x_wconf 81' lang='grc' dir='ltr'>Εὑνοῦχος</span> <span class='ocrx_word' id='word_1_505' title='bbox 2508 3245 2605 3314; x_wconf 79' lang='grc' dir='ltr'>μὲν</span> <span class='ocrx_word' id='word_1_506' title='bbox 2628 3244 2722 3307; x_wconf 78' lang='grc' dir='ltr'>ὢν,</span> <span class='ocrx_word' id='word_1_507' title='bbox 2748 3244 2882 3298; x_wconf 73' lang='grc' dir='ltr'>ἀλλὰ</span> <span class='ocrx_word' id='word_1_508' title='bbox 2909 3244 3083 3309; x_wconf 81' lang='grc' dir='ltr'>δεξιοῦ</span> <span class='ocrx_word' id='word_1_509' title='bbox 3115 3245 3324 3312; x_wconf 81' lang='grc' dir='ltr'>γένους,</span> 
     </span>
    </p>
   </div>
   <div class='ocr_carea' id='block_1_93' title="bbox 2204 3335 3293 3406">
    <p class='ocr_par' dir='ltr' id='par_1_93' title="bbox 2204 3335 3293 3406">
     <span class='ocr_line' id='line_1_93' title="bbox 2204 3335 3293 3406; baseline -0.001 -19"><span class='ocrx_word' id='word_1_510' title='bbox 2204 3335 2442 3399; x_wconf 78' lang='grc' dir='ltr'>Εὕοπτος</span> <span class='ocrx_word' id='word_1_511' title='bbox 2470 3336 2610 3406; x_wconf 75' lang='grc' dir='ltr'>ἥλιξ,</span> <span class='ocrx_word' id='word_1_512' title='bbox 2642 3336 2870 3404; x_wconf 74' lang='grc' dir='ltr'>εὐσεϐής</span> <span class='ocrx_word' id='word_1_513' title='bbox 2904 3352 2967 3401; x_wconf 89' lang='grc' dir='ltr'>γε</span> <span class='ocrx_word' id='word_1_514' title='bbox 3004 3336 3099 3387; x_wconf 77' lang='grc' dir='ltr'>καὶ</span> <span class='ocrx_word' id='word_1_515' title='bbox 3131 3335 3293 3404; x_wconf 80' lang='grc' dir='ltr'>μάλα.</span> 
     </span>
    </p>
   </div>
   <div class='ocr_carea' id='block_1_94' title="bbox 2208 3423 3397 3496">
    <p class='ocr_par' dir='ltr' id='par_1_94' title="bbox 2208 3423 3397 3496">
     <span class='ocr_line' id='line_1_94' title="bbox 2208 3423 3397 3496; baseline -0.003 -17"><span class='ocrx_word' id='word_1_516' title='bbox 2208 3426 2305 3490; x_wconf 80' lang='grc' dir='ltr'>’ος</span> <span class='ocrx_word' id='word_1_517' title='bbox 2333 3425 2716 3496; x_wconf 81' lang='grc' dir='ltr'>πρωτοὸαθρεῖ</span> <span class='ocrx_word' id='word_1_518' title='bbox 2744 3426 2801 3477; x_wconf 82' lang='grc' dir='ltr'>ὲν</span> <span class='ocrx_word' id='word_1_519' title='bbox 2833 3423 3160 3494; x_wconf 87' lang='grc' dir='ltr'>Σπαθαρίων</span> <span class='ocrx_word' id='word_1_520' title='bbox 3191 3426 3397 3487; x_wconf 82' lang='grc' dir='ltr'>στάσει,</span> 
     </span>
    </p>
   </div>
   <div class='ocr_carea' id='block_1_95' title="bbox 2217 3517 3289 3589">
    <p class='ocr_par' dir='ltr' id='par_1_95' title="bbox 2217 3517 3289 3589">
     <span class='ocr_line' id='line_1_95' title="bbox 2217 3517 3289 3589; baseline 0.001 -19"><span class='ocrx_word' id='word_1_521' title='bbox 2217 3518 2303 3570; x_wconf 87' lang='grc' dir='ltr'>Ἐν</span> <span class='ocrx_word' id='word_1_522' title='bbox 2336 3517 2669 3589; x_wconf 81' lang='grc' dir='ltr'>μακρότησιν</span> <span class='ocrx_word' id='word_1_523' title='bbox 2698 3517 2917 3587; x_wconf 61' lang='grc' dir='ltr'><strong>⁴ίῃιεριῖὐν</strong></span> <span class='ocrx_word' id='word_1_524' title='bbox 2947 3517 3289 3587; x_wconf 78' lang='grc' dir='ltr'>ἀνακτόρων.</span> 
     </span>
    </p>
   </div>
   <div class='ocr_carea' id='block_1_96' title="bbox 2206 3606 3316 3677">
    <p class='ocr_par' dir='ltr' id='par_1_96' title="bbox 2206 3606 3316 3677">
     <span class='ocr_line' id='line_1_96' title="bbox 2206 3606 3316 3677; baseline 0.003 -18"><span class='ocrx_word' id='word_1_525' title='bbox 2206 3608 2308 3659; x_wconf 85' lang='grc' dir='ltr'><strong>Τὸν</strong></span> <span class='ocrx_word' id='word_1_526' title='bbox 2336 3606 2460 3677; x_wconf 80' lang='grc' dir='ltr'>τῇδε</span> <span class='ocrx_word' id='word_1_527' title='bbox 2491 3608 2638 3671; x_wconf 84' lang='grc' dir='ltr'>ναὸν,</span> <span class='ocrx_word' id='word_1_528' title='bbox 2675 3608 2768 3661; x_wconf 77' lang='grc' dir='ltr'>καὶ</span> <span class='ocrx_word' id='word_1_529' title='bbox 2801 3607 2969 3677; x_wconf 81' lang='grc' dir='ltr'>μονὴν</span> <span class='ocrx_word' id='word_1_530' title='bbox 2999 3608 3316 3676; x_wconf 84' lang='grc' dir='ltr'>παναισίαν,</span> 
     </span>
    </p>
   </div>
   <div class='ocr_carea' id='block_1_97' title="bbox 2209 3698 3383 3771">
    <p class='ocr_par' dir='ltr' id='par_1_97' title="bbox 2209 3698 3383 3771">
     <span class='ocr_line' id='line_1_97' title="bbox 2209 3698 3383 3771; baseline 0.003 -20"><span class='ocrx_word' id='word_1_531' title='bbox 2209 3699 2437 3768; x_wconf 81' lang='grc' dir='ltr'>Ἤγειρε</span> <span class='ocrx_word' id='word_1_532' title='bbox 2464 3698 2713 3767; x_wconf 80' lang='grc' dir='ltr'>τερπνῶς</span> <span class='ocrx_word' id='word_1_533' title='bbox 2746 3698 2823 3768; x_wconf 81' lang='grc' dir='ltr'>τῷ</span> <span class='ocrx_word' id='word_1_534' title='bbox 2851 3698 2970 3768; x_wconf 84' lang='grc' dir='ltr'><strong>Θεῷ</strong></span> <span class='ocrx_word' id='word_1_535' title='bbox 2997 3699 3090 3752; x_wconf 82' lang='grc' dir='ltr'>καὶ</span> <span class='ocrx_word' id='word_1_536' title='bbox 3119 3700 3383 3771; x_wconf 84' lang='grc' dir='ltr'>Δεσπότῃ,</span> 
     </span>
    </p>
   </div>
   <div class='ocr_carea' id='block_1_98' title="bbox 2206 3789 3470 3862">
    <p class='ocr_par' dir='ltr' id='par_1_98' title="bbox 2206 3789 3470 3862">
     <span class='ocr_line' id='line_1_98' title="bbox 2206 3789 3470 3862; baseline -0.002 -17"><span class='ocrx_word' id='word_1_537' title='bbox 2206 3792 2301 3855; x_wconf 77' lang='grc' dir='ltr'><strong>Εἰς</strong></span> <span class='ocrx_word' id='word_1_538' title='bbox 2336 3790 2529 3862; x_wconf 82' lang='grc' dir='ltr'>λύτρον</span> <span class='ocrx_word' id='word_1_539' title='bbox 2557 3789 2719 3843; x_wconf 84' lang='grc' dir='ltr'>αὑτοῦ</span> <span class='ocrx_word' id='word_1_540' title='bbox 2751 3790 3108 3859; x_wconf 81' lang='grc' dir='ltr'>πταισμάτων</span> <span class='ocrx_word' id='word_1_541' title='bbox 3131 3790 3238 3843; x_wconf 84' lang='grc' dir='ltr'><strong>τῶν</strong></span> <span class='ocrx_word' id='word_1_542' title='bbox 3265 3794 3322 3844; x_wconf 82' lang='grc' dir='ltr'>ἐν</span> <span class='ocrx_word' id='word_1_543' title='bbox 3348 3791 3470 3861; x_wconf 84' lang='grc' dir='ltr'>βίῳ,</span> 
     </span>
    </p>
   </div>
   <div class='ocr_carea' id='block_1_99' title="bbox 2498 3879 3471 3953">
    <p class='ocr_par' dir='ltr' id='par_1_99' title="bbox 2498 3879 3471 3953">
     <span class='ocr_line' id='line_1_99' title="bbox 2498 3879 3471 3953; baseline 0.004 -18"><span class='ocrx_word' id='word_1_544' title='bbox 2498 3879 2638 3936; x_wconf 84' lang='grc' dir='ltr'><strong>Ρ1Δ⁹.</strong></span> <span class='ocrx_word' id='word_1_545' title='bbox 2678 3912 2738 3923; x_wconf 91' lang='grc'><strong>-</strong></span> <span class='ocrx_word' id='word_1_546' title='bbox 2771 3885 2874 3948; x_wconf 77' lang='grc' dir='ltr'><strong>Εἰς</strong></span> <span class='ocrx_word' id='word_1_547' title='bbox 2900 3883 3095 3951; x_wconf 62' lang='lat' dir='ltr'><strong>&quot;Irrue</strong></span> <span class='ocrx_word' id='word_1_548' title='bbox 3117 3881 3230 3949; x_wconf 76' lang='grc' dir='ltr'><strong>τὴν</strong></span> <span class='ocrx_word' id='word_1_549' title='bbox 3251 3882 3471 3953; x_wconf 77' lang='grc' dir='ltr'>μονήν.</span> 
     </span>
    </p>
   </div>
   <div class='ocr_carea' id='block_1_100' title="bbox 2208 3995 3416 4075">
    <p class='ocr_par' dir='ltr' id='par_1_100' title="bbox 2208 3995 3416 4075">
     <span class='ocr_line' id='line_1_100' title="bbox 2208 3995 3416 4075; baseline -0.003 -24"><span class='ocrx_word' id='word_1_550' title='bbox 2208 3997 2359 4051; x_wconf 78' lang='grc' dir='ltr'>Λέων</span> <span class='ocrx_word' id='word_1_551' title='bbox 2387 3999 2416 4050; x_wconf 93' lang='grc' dir='ltr'><strong>ό</strong></span> <span class='ocrx_word' id='word_1_552' title='bbox 2445 3996 2655 4059; x_wconf 81' lang='grc' dir='ltr'>κλεινὸς</span> <span class='ocrx_word' id='word_1_553' title='bbox 2684 3995 2780 4048; x_wconf 79' lang='grc' dir='ltr'>καὶ</span> <span class='ocrx_word' id='word_1_554' title='bbox 2817 3995 3106 4067; x_wconf 82' lang='grc' dir='ltr'>κράτιστος</span> <span class='ocrx_word' id='word_1_555' title='bbox 3137 3996 3416 4075; x_wconf 69' lang='grc' dir='ltr'>ἀνδράσιν,</span> 
     </span>
    </p>
   </div>
   <div class='ocr_carea' id='block_1_101' title="bbox 2208 4085 3474 4159">
    <p class='ocr_par' dir='ltr' id='par_1_101' title="bbox 2208 4085 3474 4159">
     <span class='ocr_line' id='line_1_101' title="bbox 2208 4085 3474 4159; baseline 0.002 -21"><span class='ocrx_word' id='word_1_556' title='bbox 2208 4087 2449 4157; x_wconf 70' lang='grc' dir='ltr'>Τμηθεὶς</span> <span class='ocrx_word' id='word_1_557' title='bbox 2483 4085 2736 4139; x_wconf 79' lang='grc' dir='ltr'>συνεύνου</span> <span class='ocrx_word' id='word_1_558' title='bbox 2766 4085 3271 4157; x_wconf 86' lang='grc' dir='ltr'>Χριστοσυμπλόκῳ</span> <span class='ocrx_word' id='word_1_559' title='bbox 3301 4088 3474 4159; x_wconf 82' lang='grc' dir='ltr'>πόθῳ,</span> 
     </span>
    </p>
   </div>
   <div class='ocr_carea' id='block_1_102' title="bbox 2147 4173 3247 4248">
    <p class='ocr_par' dir='ltr' id='par_1_102' title="bbox 2147 4173 3247 4248">
     <span class='ocr_line' id='line_1_102' title="bbox 2147 4173 3247 4248; baseline 0 -17"><span class='ocrx_word' id='word_1_560' title='bbox 2147 4193 2149 4195; x_wconf 82' lang='lat'>‘</span> <span class='ocrx_word' id='word_1_561' title='bbox 2208 4173 2335 4231; x_wconf 83' lang='grc' dir='ltr'>Εἷλε</span> <span class='ocrx_word' id='word_1_562' title='bbox 2366 4178 2635 4248; x_wconf 84' lang='grc' dir='ltr'>μονήρους</span> <span class='ocrx_word' id='word_1_563' title='bbox 2659 4176 2749 4230; x_wconf 77' lang='grc' dir='ltr'>τὸν</span> <span class='ocrx_word' id='word_1_564' title='bbox 2773 4177 3076 4247; x_wconf 77' lang='grc' dir='ltr'>τρισόλϐιον</span> <span class='ocrx_word' id='word_1_565' title='bbox 3112 4177 3247 4248; x_wconf 83' lang='grc' dir='ltr'>βίον.</span> 
     </span>
    </p>
   </div>
   <div class='ocr_carea' id='block_1_103' title="bbox 2220 4266 3352 4339">
    <p class='ocr_par' dir='ltr' id='par_1_103' title="bbox 2220 4266 3352 4339">
     <span class='ocr_line' id='line_1_103' title="bbox 2220 4266 3352 4339; baseline -0.002 -18"><span class='ocrx_word' id='word_1_566' title='bbox 2220 4268 2310 4332; x_wconf 81' lang='grc' dir='ltr'>Ὠς</span> <span class='ocrx_word' id='word_1_567' title='bbox 2335 4266 2698 4337; x_wconf 81' lang='grc' dir='ltr'>προξενοῦντα</span> <span class='ocrx_word' id='word_1_568' title='bbox 2725 4268 2826 4338; x_wconf 82' lang='grc' dir='ltr'>τὴν</span> <span class='ocrx_word' id='word_1_569' title='bbox 2851 4267 2962 4321; x_wconf 79' lang='grc' dir='ltr'>ἄνω</span> <span class='ocrx_word' id='word_1_570' title='bbox 2988 4268 3316 4339; x_wconf 85' lang='grc' dir='ltr'>κληρουχίαν</span> <span class='ocrx_word' id='word_1_571' title='bbox 3336 4284 3352 4297; x_wconf 69' lang='grc' dir='ltr'><strong>ο</strong></span> 
     </span>
    </p>
   </div>
   <div class='ocr_carea' id='block_1_104' title="bbox 2212 4357 3285 4431">
    <p class='ocr_par' dir='ltr' id='par_1_104' title="bbox 2212 4357 3285 4431">
     <span class='ocr_line' id='line_1_104' title="bbox 2212 4357 3285 4431; baseline 0.002 -19"><span class='ocrx_word' id='word_1_572' title='bbox 2212 4359 2377 4430; x_wconf 79' lang='grc' dir='ltr'>Ὅλην</span> <span class='ocrx_word' id='word_1_573' title='bbox 2413 4359 2687 4429; x_wconf 77' lang='grc' dir='ltr'>προσάξας</span> <span class='ocrx_word' id='word_1_574' title='bbox 2719 4357 2798 4429; x_wconf 80' lang='grc' dir='ltr'>τῷ</span> <span class='ocrx_word' id='word_1_575' title='bbox 2824 4357 2942 4429; x_wconf 82' lang='grc' dir='ltr'>Θεῷ</span> <span class='ocrx_word' id='word_1_576' title='bbox 2968 4360 3066 4431; x_wconf 81' lang='grc' dir='ltr'>τὴν</span> <span class='ocrx_word' id='word_1_577' title='bbox 3087 4360 3285 4423; x_wconf 78' lang='grc' dir='ltr'>οἰκίαν,</span> 
     </span>
    </p>
   </div>
   <div class='ocr_carea' id='block_1_105' title="bbox 2211 4450 3303 4520">
    <p class='ocr_par' dir='ltr' id='par_1_105' title="bbox 2211 4450 3303 4520">
     <span class='ocr_line' id='line_1_105' title="bbox 2211 4450 3303 4520; baseline 0.002 -16"><span class='ocrx_word' id='word_1_578' title='bbox 2211 4450 2391 4520; x_wconf 84' lang='grc' dir='ltr'>Μονὴν</span> <span class='ocrx_word' id='word_1_579' title='bbox 2417 4450 2689 4519; x_wconf 84' lang='grc' dir='ltr'>γυναικῶν</span> <span class='ocrx_word' id='word_1_580' title='bbox 2721 4451 3072 4520; x_wconf 77' lang='grc' dir='ltr'>σχηματίζειν</span> <span class='ocrx_word' id='word_1_581' title='bbox 3104 4453 3303 4506; x_wconf 73' lang='grc' dir='ltr'>αἰσίαν.</span> 
     </span>
    </p>
   </div>
   <div class='ocr_carea' id='block_1_106' title="bbox 2140 4533 3376 4615">
    <p class='ocr_par' dir='ltr' id='par_1_106' title="bbox 2140 4533 3376 4615">
     <span class='ocr_line' id='line_1_106' title="bbox 2140 4533 3376 4615; baseline 0.002 -19"><span class='ocrx_word' id='word_1_582' title='bbox 2140 4533 2183 4587; x_wconf 81' lang='grc' dir='ltr'><strong>Ῐ)</strong></span> <span class='ocrx_word' id='word_1_583' title='bbox 2214 4545 2321 4598; x_wconf 72' lang='grc' dir='ltr'><strong>Καὶ</strong></span> <span class='ocrx_word' id='word_1_584' title='bbox 2342 4543 2696 4614; x_wconf 83' lang='grc' dir='ltr'>τερματισμῷ</span> <span class='ocrx_word' id='word_1_585' title='bbox 2724 4542 2817 4597; x_wconf 77' lang='grc' dir='ltr'>τοῦ</span> <span class='ocrx_word' id='word_1_586' title='bbox 2846 4544 3127 4608; x_wconf 83' lang='grc' dir='ltr'>θεοκλεοῦς</span> <span class='ocrx_word' id='word_1_587' title='bbox 3154 4546 3376 4615; x_wconf 84' lang='grc' dir='ltr'>δρόμου,</span> 
     </span>
    </p>
   </div>
   <div class='ocr_carea' id='block_1_107' title="bbox 2212 4629 3405 4707">
    <p class='ocr_par' dir='ltr' id='par_1_107' title="bbox 2212 4629 3405 4707">
     <span class='ocr_line' id='line_1_107' title="bbox 2212 4629 3405 4707; baseline 0.004 -20"><span class='ocrx_word' id='word_1_588' title='bbox 2212 4629 2346 4706; x_wconf 72' lang='grc' dir='ltr'>Ὠδη</span> <span class='ocrx_word' id='word_1_589' title='bbox 2374 4634 2660 4698; x_wconf 86' lang='grc' dir='ltr'>τέθαπται,</span> <span class='ocrx_word' id='word_1_590' title='bbox 2694 4636 3017 4705; x_wconf 80' lang='grc' dir='ltr'>προσμένων</span> <span class='ocrx_word' id='word_1_591' title='bbox 3049 4638 3149 4707; x_wconf 83' lang='grc' dir='ltr'>τὴν</span> <span class='ocrx_word' id='word_1_592' title='bbox 3169 4639 3405 4707; x_wconf 79' lang='grc' dir='ltr'>ἡμέραν,</span> 
     </span>
    </p>
   </div>
   <div class='ocr_carea' id='block_1_108' title="bbox 2224 4720 3496 4799">
    <p class='ocr_par' dir='ltr' id='par_1_108' title="bbox 2224 4720 3496 4799">
     <span class='ocr_line' id='line_1_108' title="bbox 2224 4720 3496 4799; baseline 0.001 -18"><span class='ocrx_word' id='word_1_593' title='bbox 2224 4727 2312 4781; x_wconf 85' lang='grc' dir='ltr'>Ἐν</span> <span class='ocrx_word' id='word_1_594' title='bbox 2336 4720 2479 4799; x_wconf 75' lang='grc' dir='ltr'>ᾗπερ</span> <span class='ocrx_word' id='word_1_595' title='bbox 2515 4726 2635 4795; x_wconf 78' lang='grc' dir='ltr'>ἣξει</span> <span class='ocrx_word' id='word_1_596' title='bbox 2670 4727 2900 4796; x_wconf 70' lang='grc' dir='ltr'>Χριστὸς</span> <span class='ocrx_word' id='word_1_597' title='bbox 2932 4729 3011 4789; x_wconf 86' lang='grc' dir='ltr'><strong>είς</strong></span> <span class='ocrx_word' id='word_1_598' title='bbox 3040 4729 3257 4780; x_wconf 81' lang='grc' dir='ltr'>πάντων</span> <span class='ocrx_word' id='word_1_599' title='bbox 3290 4729 3496 4798; x_wconf 79' lang='grc' dir='ltr'>κρίσιν,</span> 
     </span>
    </p>
   </div>
   <div class='ocr_carea' id='block_1_109' title="bbox 2470 4818 3521 4888">
    <p class='ocr_par' dir='ltr' id='par_1_109' title="bbox 2470 4818 3521 4888">
     <span class='ocr_line' id='line_1_109' title="bbox 2470 4818 3521 4888; baseline 0.007 -19"><span class='ocrx_word' id='word_1_600' title='bbox 2470 4819 2618 4870; x_wconf 88' lang='lat' dir='ltr'><strong>PIE&#39;.</strong></span> <span class='ocrx_word' id='word_1_601' title='bbox 2650 4847 2720 4856; x_wconf 91' lang='lat'><strong>—</strong></span> <span class='ocrx_word' id='word_1_602' title='bbox 2748 4821 2851 4883; x_wconf 85' lang='grc' dir='ltr'><strong>Εἰς</strong></span> <span class='ocrx_word' id='word_1_603' title='bbox 2880 4818 2995 4886; x_wconf 78' lang='grc' dir='ltr'><strong>τὴν</strong></span> <span class='ocrx_word' id='word_1_604' title='bbox 3030 4820 3215 4873; x_wconf 82' lang='grc' dir='ltr'>αὑτοῦ</span> <span class='ocrx_word' id='word_1_605' title='bbox 3245 4821 3521 4888; x_wconf 77' lang='grc' dir='ltr'>σύμϐιον.</span> 
     </span>
    </p>
   </div>
   <div class='ocr_carea' id='block_1_110' title="bbox 2216 4904 3358 4981">
    <p class='ocr_par' dir='ltr' id='par_1_110' title="bbox 2216 4904 3358 4981">
     <span class='ocr_line' id='line_1_110' title="bbox 2216 4904 3358 4981; baseline 0.009 -26"><span class='ocrx_word' id='word_1_606' title='bbox 2216 4911 2413 4978; x_wconf 76' lang='grc' dir='ltr'>Ἀννης</span> <span class='ocrx_word' id='word_1_607' title='bbox 2438 4909 2496 4961; x_wconf 80' lang='grc' dir='ltr'>τὸ</span> <span class='ocrx_word' id='word_1_608' title='bbox 2521 4908 2672 4978; x_wconf 83' lang='grc' dir='ltr'>σῆμα</span> <span class='ocrx_word' id='word_1_609' title='bbox 2702 4910 2964 4979; x_wconf 84' lang='grc' dir='ltr'>συμφυῶς</span> <span class='ocrx_word' id='word_1_610' title='bbox 2998 4904 3098 4963; x_wconf 83' lang='grc' dir='ltr'>ὧδε</span> <span class='ocrx_word' id='word_1_611' title='bbox 3122 4912 3358 4981; x_wconf 80' lang='grc' dir='ltr'>βλέπεις,</span> 
     </span>
    </p>
   </div>
   <div class='ocr_carea' id='block_1_111' title="bbox 2227 5000 3305 5071">
    <p class='ocr_par' dir='ltr' id='par_1_111' title="bbox 2227 5000 3305 5071">
     <span class='ocr_line' id='line_1_111' title="bbox 2227 5000 3305 5071; baseline 0.002 -18"><span class='ocrx_word' id='word_1_612' title='bbox 2227 5000 2311 5063; x_wconf 83' lang='grc' dir='ltr'><strong>Ὠς</strong></span> <span class='ocrx_word' id='word_1_613' title='bbox 2339 5000 2415 5070; x_wconf 87' lang='grc' dir='ltr'>τῷ</span> <span class='ocrx_word' id='word_1_614' title='bbox 2444 5000 2679 5067; x_wconf 84' lang='grc' dir='ltr'>συνεύνῳ</span> <span class='ocrx_word' id='word_1_615' title='bbox 2709 5004 3169 5071; x_wconf 80' lang='grc' dir='ltr'>συμφρονησάσης</span> <span class='ocrx_word' id='word_1_616' title='bbox 3195 5003 3305 5068; x_wconf 78' lang='grc' dir='ltr'>ἶσα,</span> 
     </span>
    </p>
   </div>
   <div class='ocr_carea' id='block_1_112' title="bbox 2213 5094 3381 5166">
    <p class='ocr_par' dir='ltr' id='par_1_112' title="bbox 2213 5094 3381 5166">
     <span class='ocr_line' id='line_1_112' title="bbox 2213 5094 3381 5166; baseline 0 -18"><span class='ocrx_word' id='word_1_617' title='bbox 2213 5094 2412 5148; x_wconf 87' lang='grc' dir='ltr'>Παθεῖν</span> <span class='ocrx_word' id='word_1_618' title='bbox 2442 5094 2720 5163; x_wconf 75' lang='grc' dir='ltr'>χωρισμὸν</span> <span class='ocrx_word' id='word_1_619' title='bbox 2743 5094 2922 5146; x_wconf 79' lang='grc' dir='ltr'>εἵνεκα</span> <span class='ocrx_word' id='word_1_620' title='bbox 2952 5096 3188 5164; x_wconf 83' lang='grc' dir='ltr'>Χριστοῦ</span> <span class='ocrx_word' id='word_1_621' title='bbox 3218 5096 3381 5166; x_wconf 82' lang='grc' dir='ltr'>μάλα,</span> 
     </span>
    </p>
   </div>
   <div class='ocr_carea' id='block_1_113' title="bbox 2214 5183 3472 5254">
    <p class='ocr_par' dir='ltr' id='par_1_113' title="bbox 2214 5183 3472 5254">
     <span class='ocr_line' id='line_1_113' title="bbox 2214 5183 3472 5254; baseline 0.004 -18"><span class='ocrx_word' id='word_1_622' title='bbox 2214 5184 2322 5236; x_wconf 75' lang='grc' dir='ltr'><strong>Καὶ</strong></span> <span class='ocrx_word' id='word_1_623' title='bbox 2349 5183 2407 5235; x_wconf 86' lang='grc' dir='ltr'>τὸ</span> <span class='ocrx_word' id='word_1_624' title='bbox 2443 5185 2711 5254; x_wconf 80' lang='grc' dir='ltr'>μονήρους</span> <span class='ocrx_word' id='word_1_625' title='bbox 2746 5185 3092 5238; x_wconf 83' lang='grc' dir='ltr'>ἀσπάσασθαι</span> <span class='ocrx_word' id='word_1_626' title='bbox 3119 5187 3215 5240; x_wconf 81' lang='grc' dir='ltr'><strong>σὺν</strong></span> <span class='ocrx_word' id='word_1_627' title='bbox 3243 5188 3472 5253; x_wconf 83' lang='grc' dir='ltr'>τέκνοις,</span> 
     </span>
    </p>
   </div>
   <div class='ocr_carea' id='block_1_114' title="bbox 2213 5274 3254 5347">
    <p class='ocr_par' dir='ltr' id='par_1_114' title="bbox 2213 5274 3254 5347">
     <span class='ocr_line' id='line_1_114' title="bbox 2213 5274 3254 5347; baseline 0.005 -22"><span class='ocrx_word' id='word_1_628' title='bbox 2213 5274 2335 5326; x_wconf 82' lang='grc' dir='ltr'>Βίον</span> <span class='ocrx_word' id='word_1_629' title='bbox 2367 5275 2585 5342; x_wconf 75' lang='grc' dir='ltr'>φαεινὸν</span> <span class='ocrx_word' id='word_1_630' title='bbox 2612 5277 3009 5347; x_wconf 80' lang='grc' dir='ltr'>οὐρανοκτήτου</span> <span class='ocrx_word' id='word_1_631' title='bbox 3043 5277 3254 5340; x_wconf 76' lang='grc' dir='ltr'>κλέους.</span> 
     </span>
    </p>
   </div>
   <div class='ocr_carea' id='block_1_115' title="bbox 2216 5365 3357 5437">
    <p class='ocr_par' dir='ltr' id='par_1_115' title="bbox 2216 5365 3357 5437">
     <span class='ocr_line' id='line_1_115' title="bbox 2216 5365 3357 5437; baseline 0.004 -20"><span class='ocrx_word' id='word_1_632' title='bbox 2216 5365 2377 5418; x_wconf 89' lang='grc' dir='ltr'>Ὅθεν</span> <span class='ocrx_word' id='word_1_633' title='bbox 2407 5383 2470 5432; x_wconf 83' lang='grc' dir='ltr'><strong>γε</strong></span> <span class='ocrx_word' id='word_1_634' title='bbox 2501 5366 2674 5435; x_wconf 80' lang='grc' dir='ltr'><strong>καύτὴ</strong></span> <span class='ocrx_word' id='word_1_635' title='bbox 2707 5368 3001 5436; x_wconf 79' lang='grc' dir='ltr'>προσμένει</span> <span class='ocrx_word' id='word_1_636' title='bbox 3028 5368 3124 5437; x_wconf 83' lang='grc' dir='ltr'>τὴν</span> <span class='ocrx_word' id='word_1_637' title='bbox 3152 5369 3357 5433; x_wconf 79' lang='grc' dir='ltr'>ἐλπίδα,</span> 
     </span>
    </p>
   </div>
   <div class='ocr_carea' id='block_1_116' title="bbox 2214 5457 3427 5528">
    <p class='ocr_par' dir='ltr' id='par_1_116' title="bbox 2214 5457 3427 5528">
     <span class='ocr_line' id='line_1_116' title="bbox 2214 5457 3427 5528; baseline 0.003 -21"><span class='ocrx_word' id='word_1_638' title='bbox 2214 5457 2356 5526; x_wconf 81' lang='grc' dir='ltr'>Πρὸς</span> <span class='ocrx_word' id='word_1_639' title='bbox 2384 5457 2615 5526; x_wconf 75' lang='grc' dir='ltr'>Χριστὸν</span> <span class='ocrx_word' id='word_1_640' title='bbox 2643 5457 2803 5509; x_wconf 78' lang='grc' dir='ltr'>αὐτὸν</span> <span class='ocrx_word' id='word_1_641' title='bbox 2834 5458 3257 5528; x_wconf 77' lang='grc' dir='ltr'>οὐρανοδραμείν</span> <span class='ocrx_word' id='word_1_642' title='bbox 3284 5462 3427 5523; x_wconf 85' lang='grc' dir='ltr'>τότε,</span> 
     </span>
    </p>
   </div>
   <div class='ocr_carea' id='block_1_117' title="bbox 2216 5549 3463 5622">
    <p class='ocr_par' dir='ltr' id='par_1_117' title="bbox 2216 5549 3463 5622">
     <span class='ocr_line' id='line_1_117' title="bbox 2216 5549 3463 5622; baseline 0.007 -22"><span class='ocrx_word' id='word_1_643' title='bbox 2216 5550 2333 5601; x_wconf 85' lang='grc' dir='ltr'><strong>Ὂτ’</strong></span> <span class='ocrx_word' id='word_1_644' title='bbox 2360 5550 2423 5601; x_wconf 86' lang='grc' dir='ltr'><strong>άν</strong></span> <span class='ocrx_word' id='word_1_645' title='bbox 2456 5566 2559 5620; x_wconf 86' lang='grc' dir='ltr'><strong>περ</strong></span> <span class='ocrx_word' id='word_1_646' title='bbox 2580 5549 2683 5619; x_wconf 77' lang='grc' dir='ltr'><strong>ἧξῃ</strong></span> <span class='ocrx_word' id='word_1_647' title='bbox 2714 5551 2806 5603; x_wconf 79' lang='grc' dir='ltr'>τοῦ</span> <span class='ocrx_word' id='word_1_648' title='bbox 2834 5550 3015 5621; x_wconf 87' lang='grc' dir='ltr'>κρίναι</span> <span class='ocrx_word' id='word_1_649' title='bbox 3041 5551 3264 5622; x_wconf 80' lang='grc' dir='ltr'>βροτοὺς</span> <span class='ocrx_word' id='word_1_650' title='bbox 3287 5553 3463 5617; x_wconf 77' lang='grc' dir='ltr'>ὅλους.</span> 
     </span>
    </p>
   </div>
   <div class='ocr_carea' id='block_1_118' title="bbox 2600 5642 3410 5711">
    <p class='ocr_par' dir='ltr' id='par_1_118' title="bbox 2600 5642 3410 5711">
     <span class='ocr_line' id='line_1_118' title="bbox 2600 5642 3410 5711; baseline 0.006 -19"><span class='ocrx_word' id='word_1_651' title='bbox 2600 5642 2763 5707; x_wconf 69' lang='grc' dir='ltr'>Ριςι.</span> <span class='ocrx_word' id='word_1_652' title='bbox 2793 5644 2975 5704; x_wconf 83' lang='grc' dir='ltr'><strong>-Εὶς</strong></span> <span class='ocrx_word' id='word_1_653' title='bbox 3003 5642 3410 5711; x_wconf 78' lang='grc' dir='ltr'>κοιμηθεῖσιιν.</span> 
     </span>
    </p>
   </div>
   <div class='ocr_carea' id='block_1_119' title="bbox 2227 5730 3394 5807">
    <p class='ocr_par' dir='ltr' id='par_1_119' title="bbox 2227 5730 3394 5807">
     <span class='ocr_line' id='line_1_119' title="bbox 2227 5730 3394 5807; baseline 0.004 -25"><span class='ocrx_word' id='word_1_654' title='bbox 2227 5730 2417 5801; x_wconf 84' lang='grc' dir='ltr'>Ἐσθλὴ</span> <span class='ocrx_word' id='word_1_655' title='bbox 2448 5733 2724 5796; x_wconf 86' lang='grc' dir='ltr'>γυναικῶν</span> <span class='ocrx_word' id='word_1_656' title='bbox 2752 5733 2809 5785; x_wconf 80' lang='grc' dir='ltr'>ἓν</span> <span class='ocrx_word' id='word_1_657' title='bbox 2842 5750 2900 5786; x_wconf 84' lang='grc' dir='ltr'><strong>τε</strong></span> <span class='ocrx_word' id='word_1_658' title='bbox 2931 5734 3108 5786; x_wconf 85' lang='grc' dir='ltr'>πίστει</span> <span class='ocrx_word' id='word_1_659' title='bbox 3140 5737 3233 5787; x_wconf 75' lang='grc' dir='ltr'>καὶ</span> <span class='ocrx_word' id='word_1_660' title='bbox 3276 5736 3394 5807; x_wconf 85' lang='grc' dir='ltr'>βίῳ,</span> 
     </span>
    </p>
   </div>
   <div class='ocr_carea' id='block_1_120' title="bbox 2230 5823 3237 5895">
    <p class='ocr_par' dir='ltr' id='par_1_120' title="bbox 2230 5823 3237 5895">
     <span class='ocr_line' id='line_1_120' title="bbox 2230 5823 3237 5895; baseline 0.003 -22"><span class='ocrx_word' id='word_1_661' title='bbox 2230 5823 2290 5873; x_wconf 81' lang='grc' dir='ltr'><strong>Ἠ</strong></span> <span class='ocrx_word' id='word_1_662' title='bbox 2318 5823 2439 5891; x_wconf 75' lang='grc' dir='ltr'>τῇδε</span> <span class='ocrx_word' id='word_1_663' title='bbox 2468 5825 2619 5876; x_wconf 82' lang='grc' dir='ltr'>θεῖσα</span> <span class='ocrx_word' id='word_1_664' title='bbox 2651 5825 2708 5877; x_wconf 77' lang='grc' dir='ltr'>τὸ</span> <span class='ocrx_word' id='word_1_665' title='bbox 2733 5825 2959 5886; x_wconf 75' lang='grc' dir='ltr'>κὶεῶδες</span> <span class='ocrx_word' id='word_1_666' title='bbox 2996 5826 3237 5895; x_wconf 79' lang='grc' dir='ltr'>σαρκίον,</span> 
     </span>
    </p>
   </div>
   <div class='ocr_carea' id='block_1_121' title="bbox 3610 373 3749 440">
    <p class='ocr_par' dir='ltr' id='par_1_121' title="bbox 3610 373 3749 440">
     <span class='ocr_line' id='line_1_121' title="bbox 3610 373 3749 440; baseline 0.007 -1"><span class='ocrx_word' id='word_1_667' title='bbox 3610 373 3749 440; x_wconf 80' lang='grc'><strong>1808</strong></span> 
     </span>
    </p>
   </div>
  </div>
