3968 6442
241 371 388 436 1809

242 490 363 542 Καὶ
385 485 606 556 πνεῦμα
633 482 800 538 δοῦσα
822 484 898 554 τῷ
932 483 1051 554 Θεῷ
1076 486 1170 538 καὶ
1201 485 1468 556 Δεσπὸτῃ.

242 582 347 642 Ὃς
375 578 686 648 εὐδόκησεν,
720 576 982 630 Εύδοκίαν
1014 577 1237 640 εἰκότως

236 671 459 739 Ταύτην
485 669 766 723 καλεῖσθαι
789 668 867 739 τῷ
901 667 1113 739 φερωνύ
1123 686 1207 738 μῳ
1229 668 1434 738 τρόπῳ,

249 764 344 826 Ὠς
364 761 748 832 εύδοκηθεῖσάν
776 778 839 827 γε
874 759 1173 827 παγκάλοις
1205 760 1450 830 τρόποις,

237 856 350 908 Σὺν
377 854 530 925 ἀνδρὶ
554 851 748 922 κλεινῷ
779 852 976 920 σεμνὸν
1001 852 1204 915 έξοῖσαι
1230 850 1366 918 βίον.

238 943 363 999 Κᾶν
389 944 469 1013 τῷ
491 942 768 1012 τελευτᾷν,
797 941 1126 994 εὑδωθείσαν
1155 940 1334 993 κλίναι

239 1035 390 1106 Πρὸς
416 1034 600 1086 πίστιν
622 1032 789 1104 ὀρθὴν
820 1030 910 1084 τὸν
935 1031 1180 1099 φύσαντα
1209 1030 1441 1099 πατέρα.

613 1124 759 1177 PIZ'.
783 1151 854 1162 —
883 1125 988 1188 Είς
1021 1121 1431 1190 κοιμηθεῖσαν.

237 1216 560 1287 Εὖχρηστον
588 1213 755 1277 ὄντως
779 1213 971 1275 σκεῦος
1001 1211 1358 1282 ἡγιασμένον,

251 1305 596 1361 Ἰσοστατοῦν
619 1321 680 1373 γε
706 1303 1119 1376 χρυσοκολλήτῳ
1148 1304 1358 1372 στέφει,

253 1398 501 1460 Ῥαντοῖς
527 1396 738 1449 καλοῖσι
774 1395 1079 1466 μαργάροις
1108 1395 1458 1464 ηὑγασμένῳ,

254 1489 322 1542 Ἦ
353 1488 478 1558 τῇδε
506 1487 662 1539 θεῖσα
683 1485 744 1538 τὸ
770 1484 1078 1556 τρισόλϐιον
1101 1484 1291 1554 δέμας.

238 1581 384 1633 Νέου
413 1579 521 1650 γὰρ
544 1578 734 1647 ἀνδρὸς
758 1576 994 1648 ἐκτομὴν
1019 1577 1320 1638 ὑποστάσα,

243 1670 460 1740 Ἥρωος
491 1668 654 1722 ἄλλου
683 1666 761 1737 τῷ
790 1665 965 1719 σθένει
995 1665 1088 1718 καὶ
1119 1664 1197 1733 τῷ
1220 1663 1387 1726 κλέει,

243 1759 390 1830 Πρὸς
437 1758 726 1830 Ἀρμενίας
753 1760 866 1810 τοῖν
891 1757 1035 1810 δυοῖν
1057 1755 1421 1826 ὡρμημένων,

245 1854 503 1922 Ἀριστον
538 1845 631 1923 ᾖδε
659 1850 820 1903 τοῦτο
842 1850 1101 1920 κέκρικεν
1129 1849 1294 1918 μάλα,

241 1944 324 1996 Τὰ
351 1943 530 1996 πάντα
553 1940 732 1994 δοῦναι
764 1941 843 2011 τῷ
867 1939 986 2009 Θεῷ
1018 1939 1113 1993 καὶ
1143 1939 1409 2009 Δεσπότῃ,

253 2031 630 2086 Ῥακοστολεῖν
654 2030 712 2083 δὲ
740 2028 819 2099 τῷ
843 2029 1156 2100 μοναστικῷ
1182 2029 1388 2100 τρόπῳ.

245 2124 346 2177 Ἰοι
373 2123 634 2193 κράτιστα
662 2121 951 2192 τοιγαροῦν
976 2124 1033 2174 ὲν
1061 2121 1138 2190 τῷ
1167 2121 1288 2191 βίῳ,

243 2216 466 2284 Κόσμον
501 2213 774 2282 φέρουσαν
795 2213 896 2284 τὴν
922 2213 1182 2282 ταπεινὴν
1213 2211 1463 2280 καρδίαν,

256 2305 679 2375 Ἰσοσμάραγδον
705 2305 803 2375 τὴν
837 2303 964 2374 ῥοὴν
993 2303 1101 2357 τῶν
1132 2301 1402 2372 δακρύων,

248 2398 563 2465 Ἀγρυπνον
589 2396 766 2464 δμμα,
792 2395 884 2447 καὶ
904 2393 1210 2464 προσευχὴν
1231 2393 1304 2455 ὼς
1330 2395 1465 2457 φάος
1481 2409 1494 2424 ’

245 2487 430 2557 Ταύτῃ
461 2487 658 2539 τελειοῖ
682 2487 772 2537 καί
799 2500 863 2552 γε
894 2485 1051 2546 θείως
1077 2484 1168 2536 τὸν
1191 2483 1410 2551 δρόμον,

258 2577 739 2650 Ἀπροσπέλαστον
763 2575 1145 2648 αἱρετιξόντων
1169 2574 1364 2647 πλάνῃ.

247 2667 480 2723 Διπλοῦν
504 2668 560 2719 δὲ
584 2666 757 2737 δῶρον
785 2666 862 2737 τῷ
891 2666 1008 2736 Θεῷ
1037 2667 1416 2737 προσηγμένη,

251 2761 405 2831 Ἔχει
431 2759 492 2812 τὸ
519 2759 732 2831 χαίρειν
766 2759 862 2812 σὺν
880 2758 1104 2821 δικαίοις
1127 2759 1207 2821 είς
1240 2758 1408 2812 ἅπαν.

753 2851 906 2905 PIH'.
929 2882 997 2894 —
1035 2848 1115 2919 Τῇ
1144 2848 1324 2916 αὐτῇ.

258 2943 318 2996 σο
347 2941 524 3014 χῶρος
550 2940 741 3006 taeta;
767 2941 1016 3012 (καὶγὰρ
1047 2942 1281 3010 Εἰρήνης
1307 2941 1498 3010 τάφθς)

248 3032 603 3104 Είρηνοποιδν
633 3033 769 3103 πρὸς
800 3032 931 3086 Θεὸν
961 3031 1195 3100 σχούσης
1219 3030 1354 3100 βίον.

659 3123 808 3178 ΡΙΘ¹.
836 3152 906 3163 -
935 3125 1039 3186 Είς
1072 3123 1406 3175 Διονύσιον.

249 3217 431 3286 Τάφος
455 3217 671 3287 πέφηνα
705 3217 980 3269 Διονυσίου
1019 3215 1182 3285 μάλα,

247 3307 412 3362 Ξένου
447 3307 737 3378 μοναστοῦ,
771 3305 1059 3366 πυκτικοῦ,
1092 3305 1381 3374 κατηκόου,

249 3399 485 3462 Πολλοὺς
508 3400 808 3470 δραμόντος
838 3397 1144 3467 ὀρθοδοξίας
1171 3399 1426 3468 δρόμους,

249 3493 360 3546 Καὶ
388 3491 764 3563 μαρτύραθλον
786 3489 1168 3554 ὲξαποὶσαντος
1193 3490 1362 3552 τέλος.

486 3582 612 3636 ΡΚ’.
641 3612 712 3621 -
741 3583 845 3647 Εις
872 3581 1115 3664 εἴσοδον
1136 3583 1565 3650 μοναστηρίου.

253 3676 455 3745 ’Δννης
488 3673 709 3745 ἀπαρχὴ
735 3673 810 3743 τῷ
839 3673 976 3742 Θεῷ,
1007 3673 1101 3725 καὶ
1133 3675 1394 3744 Δεσπότῃ,

263 3767 326 3819 Ἦ
354 3766 480 3837 τῇδε
520 3767 729 3835 μάνδρα
753 3765 846 3816 καὶ
873 3763 1009 3834 μονὴ
1035 3762 1328 3832 σεϐασμία,

262 3857 658 3926 Ἐπωνυμοῦσα
679 3848 776 3924 τῆς
801 3856 1075 3921 πανάγνου
1099 3855 1396 3924 Παρθένου,

253 3948 360 4000 Καὶ
383 3946 682 4016 παρθένους
717 3946 956 4015 φέρουσα
979 3946 1373 4012 νυμφιοκλέως,

265 4038 600 4107 Ἀτκητικῶς
622 4037 718 4107 ζῇν
747 4035 946 4098 ὲνθέως
979 4035 1321 4105 διαπρέπειν.

269 4126 438 4197 ’Υπέρ
471 4145 531 4180 τε
561 4127 754 4198 λύτρον
783 4127 890 4179 τῶν
911 4127 1048 4180 ὅλων
1081 4127 1430 4197 ἁμαρτάδων,

253 4220 430 4285 Ᾱύτῆς
462 4236 524 4287 γε
555 4219 780 4289 ταύτης,
808 4219 900 4271 καὶ
926 4219 1148 4281 Λέοντος
1183 4219 1436 4288 συζύγου,

254 4310 386 4362 Μεθ’
406 4301 482 4362 ὧν
519 4309 767 4362 Ἰωάννου
793 4325 873 4370 τε,
906 4308 1159 4376 φιλτάτου
1187 4309 1397 4361 τέκνου.

501 4398 677 4452 PKA'.
708 4427 776 4438 --
810 4399 911 4462 Είς
947 4399 1237 4466 Θεόφιλον
1269 4397 1568 4451 διάκονον.

256 4488 429 4558 Πολλὴ
459 4489 799 4558 πρόσεστινή
831 4485 1063 4554 σεϐαστή
1096 4503 1175 4537 σοι
1203 4489 1380 4557 χάρις,

255 4585 374 4636 Ὀτι
408 4583 541 4645 πρὸς
571 4582 726 4652 ἡμῶν
750 4581 902 4634 οὐδὲν
922 4581 1187 4650 ὲσχηκυῖά
1215 4597 1289 4646 τι,

254 4674 314 4726 El
347 4677 422 4744 μὴ
447 4671 761 4744 προσευχῶν
784 4673 891 4724 τῶν
923 4671 1260 4741 ἁμαρτωλῶν
1293 4673 1462 4740 γέρας
1486 4686 1501 4701 ⁸

255 4765 421 4820 Οὕπω
453 4766 727 4818 πέπαυται
755 4763 1087 4834 προσφέρειν
1110 4766 1141 4833 ὴ
1152 4765 1240 4830 μίν
1261 4763 1458 4825 δόσειςς

255 4857 472 4923 ’Δσπερ
500 4855 754 4917 λαϐόντες
778 4856 870 4907 καὶ
902 4854 1063 4907 πάλιν
1091 4855 1446 4924 φιλοφρόνως,

256 4945 642 5016 Προσοίσωμέν
675 4962 756 4998 σοι
781 4945 860 5014 τῷ
884 4945 1019 5014 φίλῳ
1044 4946 1110 4997 τὰ
1131 4944 1238 4997 τῶν
1265 4946 1456 5013 φίλων.

352 5036 526 5089 ΡΚΒ’.
555 5062 623 5075 —
645 5037 748 5101 Εἰς
786 5034 1102 5104 Πάμφιλον
1136 5035 1242 5087 τὸν
1271 5035 1716 5102 Τριμαλέοοντα.

255 5125 611 5196 Ψυχοφθόρος
632 5124 734 5195 θὴρ
769 5123 1048 5195 Πάμφιλος
1074 5124 1307 5193 δειχθεὶς
1329 5125 1466 5186 νέος,

268 5216 706 5287 Ἐξωστρακίσθη
733 5217 833 5286 τῆς
866 5218 1031 5286 μονῆς
1060 5216 1153 5269 τοῦ
1187 5217 1519 5286 Προδρόμου.

431 5306 604 5363 PKI".
639 5337 706 5347 —
739 5308 1063 5374 Ἐπιστολὴ
1103 5310 1189 5373 εἰς
1226 5311 1643 5376 γραμματικόν.

258 5399 334 5470 Τῇ
361 5401 624 5470 τριστίχῳ
650 5417 743 5452 σου
769 5399 1209 5470 χρυσομαργάρῳ
1239 5397 1256 5437 1
1288 5400 1504 5468 φράσει,

259 5492 705 5562 Σμαραγδὸτιμον
731 5491 1082 5559 ἀντεπεξάγω
1109 5490 1286 5560 χρέος.

260 5583 426 5646 Αὐτὸς
450 5582 493 5636 δ’
524 5582 668 5653 ᾁδοις
698 5600 788 5652 μοι
816 5581 1270 5654 μουσικοπρεπῶς
1296 5582 1457 5634 πάλιν
1485 5593 1545 5633 ω.

339 5774 454 5830 ιιι.
488 5776 952 5847 χρυσομαρμάρῳ.
1066 5784 1100 5811 ι’·
1136 5793 1218 5841 )‘p.
1261 5772 1444 5826 πάλαι.

1733 371 1868 428 IAM
1881 371 1970 429 BI.

1839 490 1885 542 Α
1914 483 2049 536 Cum
2077 485 2388 540 tradidisset
2414 483 2669 552 spiritum
2707 483 2938 537 Domino
2973 497 3034 537 ac
3065 481 3174 536 Deo
3203 501 3216 536 :

1911 576 2011 629 Cui
2049 575 2174 644 jure
2204 587 2415 646 gratum
2448 575 2627 629 fuerat
2665 574 2961 628 Eudociam
2991 576 3199 644 optimo

1911 667 2047 729 Dici,
2077 677 2238 734 atque
2266 683 2465 722 nomen
2495 667 2787 722 convenire
2811 667 3052 720 moribus
3080 685 3094 719 :

1910 757 2059 824 Quos
2095 767 2312 827 propter
2340 759 2429 812 illa
2460 757 2667 828 placuit
2689 757 2846 811 unice
2869 756 3146 818 omnibus,

1913 850 2178 904 Praeclara
2211 853 2494 905 honestam
2523 866 2648 904 cum
2671 851 2788 903 viro
2811 850 2977 903 vitam
3011 849 3252 918 exigens.

1911 941 2198 1008 Cnrsuqne
2228 944 2470 998 moriens
2499 943 2738 997 evolavit
2764 957 3024 1011 prospero

1912 1029 2052 1085 Hinc
2081 1031 2147 1085 ad
2179 1042 2481 1102 parentem.
2512 1033 2604 1102 qui
2637 1032 2796 1086 [idem
2838 1035 3038 1086 recta’m
3070 1031 3288 1086 indidit.

2328 1121 2533 1177 CXVII.
2580 1153 2651 1163 —
2676 1123 2738 1177 In
2777 1123 3057 1192 sepultam.

1983 1212 2113 1275 Vas,
2149 1212 2282 1276 haec,
2317 1221 2587 1268 sacratum
2617 1213 2866 1282 idemque
2892 1213 3188 1282 pretiosum
3219 1211 3338 1275 fuit,

1912 1305 2106 1372 (Quale
2125 1313 2178 1359 et
2201 1321 2419 1360 corona:
2449 1322 2558 1359 non
2585 1307 2657 1360 sit
2684 1307 2858 1375 impar
2890 1319 3093 1367 auretr,

1913 1397 2172 1451 Distincta
2204 1398 2433 1468 gemmis
2461 1413 2583 1467 quae
2617 1397 2687 1451 sit
2715 1397 2879 1450 etiam
2906 1395 3124 1462 lucidis)

3318 367 3454 433 1310

1911 1485 2042 1550 Quae
2070 1494 2149 1538 ter
2175 1485 2390 1538 beatum
2417 1499 2616 1554 corpus
2656 1485 2777 1539 istic
2805 1484 3066 1539 condidit.

1910 1574 2135 1630 Juvenis
2165 1576 2344 1628 mariti
2382 1590 2616 1644 namque
2648 1585 2873 1628 mortem
2911 1575 3215 1640 sustinens,

1911 1666 2014 1731 Qui
2045 1666 2238 1720 robore
2258 1665 2420 1720 heros
2448 1666 2583 1719 alter
2608 1680 2673 1720 ac
2701 1664 2842 1719 fama
2875 1663 3108 1726 ex'stitit,

1914 1757 2067 1811 Tunc
2099 1773 2222 1812 cum
2258 1757 2522 1811 referrent
2549 1758 2709 1810 ambo
2742 1757 2809 1810 ab
2835 1757 3088 1811 Armenia
3120 1758 3306 1826 pedem
3337 1773 3350 1810 :

1913 1848 2026 1903 Sibi
2059 1863 2180 1903 esse
2209 1846 2353 1902 factu
2379 1847 2647 1917 judicavit
2697 1847 2984 1915 optimum,

1914 1941 2022 1995 Deo
2055 1952 2214 2008 atque
2245 1940 2473 1994 Domino
2501 1948 2694 1993 cuncta
2725 1953 2946 2006 prorsus
2977 1937 3208 2002 tradere,

1911 2034 1978 2088 Et
2016 2044 2164 2088 veste
2193 2033 2309 2097 vili,
2335 2047 2484 2085 more
2501 2032 2917 2095 monachorum,
2949 2030 3122 2083 indui.

1914 2124 2118 2178 Exinde
2151 2125 2276 2177 vita:
2303 2132 2516 2192 tempus
2550 2121 2658 2192 egit
2698 2136 2976 2190 prospere,

1911 2215 2016 2270 Cor
2049 2216 2272 2282 humile,
2305 2215 2486 2270 cultus
2513 2215 2686 2268 instar
2711 2214 2920 2278 eximii,
2955 2228 3151 2281 gerens
3179 2231 3192 2267 :

1913 2306 2131 2362 Similes
2161 2307 2463 2376 smaragdis
2494 2307 2870 2377 lacrymasque
2901 2306 3171 2367 funderet,

1911 2396 2183 2453 Insomnis
2214 2400 2406 2454 oculus
2430 2413 2527 2466 pro
2547 2399 2662 2452 face
2693 2410 2747 2452 et
2769 2413 2959 2467 preces
3007 2396 3226 2450 forent:

1913 2489 2154 2556 Quarum
2180 2506 2281 2560 ope
2307 2499 2578 2544 sacratum
2610 2490 2711 2544 rite
2739 2504 2961 2543 cursum
2988 2489 3308 2551 absolveret,

1914 2581 2117 2634 Intacta
2150 2581 2368 2650 penitus
2399 2581 2667 2634 hatresum
2703 2579 2956 2634 fallaciis.

1911 2671 2158 2739 Cumque
2190 2672 2277 2724 illa
2311 2672 2587 2740 geminum
2612 2685 2814 2724 munus
2846 2669 3108 2722 obtulerit
3139 2668 3265 2732 Deo,

1913 2763 2178 2818 Permista
2209 2763 2434 2827 sanctis,
2458 2763 2650 2833 gaudia
2686 2774 2882 2816 aeterna
2903 2762 3128 2815 obtinet.

2423 2851 2658 2906 CXVIII.
2686 2882 2757 2892 —
2784 2851 2993 2904 Eidem.

1914 2943 2093 2998 Locus
2119 2944 2434 3014 auspicatus
2468 2944 2577 3007 hic,
2614 2945 2704 2997 ubi
2729 2944 2879 2997 lrene
2904 2943 3069 3010 jacct,

1914 3032 2047 3098 Quae
2067 3033 2216 3102 pacis
2240 3049 2413 3102 usque
2433 3049 2555 3086 cum
2586 3034 2694 3086 Deo
2715 3033 2912 3085 cultrix
2943 3033 3066 3086 fuit.

2311 3122 2498 3177 CXIX.
2523 3152 2595 3163 —
2623 3124 2686 3178 In
2715 3123 3046 3193 Dionysium.

1912 3213 2061 3270 Iacet
2083 3215 2186 3271 hoc
2208 3216 2457 3284 sepulcro
2480 3215 2729 3269 conditus
2766 3214 3075 3285 Dionysius,

1912 3307 2014 3372 Qui
2041 3307 2359 3372 monachus,
2388 3308 2608 3376 hospes,
2648 3322 2711 3361 ac
2742 3307 2888 3376 pugil
2917 3307 3112 3361 docilis
3139 3306 3260 3371 fuit,

1838 3148 1880 3203 C

1915 3398 2081 3450 Multo
2103 3406 2156 3450 et
2183 3397 2365 3450 labore
2394 3412 2490 3465 pro
2521 3397 2622 3450 fide
2644 3406 2728 3450 est
2762 3398 3058 3461 exercitus,

1913 3489 2230 3559 Clausitque
2259 3504 2529 3558 pugnans,
2565 3498 2788 3560 martyr,
2818 3499 3119 3543 extremum
3155 3489 3321 3544 diem.

2223 3580 2385 3636 CXX.
2413 3611 2483 3621 —
2522 3580 2589 3634 In
2616 3583 2924 3636 monasterii
2944 3583 3170 3635 aditum.

1917 3673 2026 3728 Deo
2053 3682 2215 3740 atque
2258 3673 2487 3728 Domino
2520 3674 2618 3728 has
2648 3675 2801 3727 Anna
2829 3674 3098 3743 primitias
3120 3673 3291 3730 dedit.

1919 3765 2196 3817 Mandram
2227 3765 2387 3829 hanc,
2417 3765 2842 3834 monasteriique
2860 3765 3218 3818 venerandam
3237 3766 3481 3827 domum,

1918 3856 2049 3922 Quae
2067 3865 2222 3909 nacta
2257 3871 2454 3910 nomen
2474 3855 2714 3926 Virginis
2736 3857 3123 3918 sanctissimae,

1919 3947 2226 4016 'l'itulisque
2256 3947 2438 4017 sponsi
2475 3948 2709 4016 virgines
2738 3948 2912 4002 claras
2946 3949 3128 4009 habet,

1917 4036 2167 4091 Ctelestis
2195 4036 2304 4089 illic
2333 4036 2510 4089 studia
2546 4052 2685 4105 quas
2720 4037 2844 4090 vita:
2891 4038 3138 4091 excolunt
3167 4057 3180 4090 :

1924 4125 2100 4195 thue
2124 4106 2458 4178 redimantur
2482 4141 2708 4180 munere
2745 4127 2848 4180 hoc
2879 4127 3092 4196 piacula

1919 4215 2124 4267 Cuncta
2153 4214 2460 4282 ipsiusmet,
2496 4230 2557 4266 ac
2582 4213 2781 4270 Leonis
2815 4217 3084 4287 conjugis,

1918 4305 2146 4358 Joannis
2171 4306 2355 4367 etiam,
2379 4305 2470 4358 lilii
2498 4306 2828 4360 charissimi.

2158 4394 2346 4448 CXXI.
2389 4425 2456 4436 --
2487 4394 2554 4448 In
2591 4394 2930 4464 Theophilum
2961 4399 3260 4453 diaconum.

1852 4477 1900 4530 Ι)
1995 4486 2132 4552 Tua,
2167 4489 2251 4540 vir
2279 4487 2527 4550 colende,
2571 4490 2806 4541 maxima
2843 4501 2927 4544 est
2955 4493 3280 4561 benignitas.

1927 4579 2078 4633 llaud
2106 4579 2212 4633 ulla
2244 4594 2479 4648 namque
2506 4580 2646 4634 dona
2671 4581 2980 4637 dederimus
3010 4584 3154 4650 licet,

1924 4668 2037 4724 Nisi
2068 4685 2203 4738 quas
2231 4669 2423 4723 miselli
2449 4669 2728 4725 fundimus
2754 4687 2851 4740 pro
2880 4683 2931 4725 te
2948 4689 3174 4742 preces;

1925 4763 2133 4833 Largiri
2163 4772 2214 4816 at
2248 4762 2365 4831 ipse
2405 4777 2630 4815 munera
2663 4763 2804 4816 haud
2836 4780 3019 4819 cessas
3044 4781 3197 4821 nova.

1925 4855 2057 4920 Quae
2080 4871 2178 4909 nos
2209 4855 2473 4908 benevolo
2490 4870 2685 4910 rursus
2715 4856 2899 4909 animo
2929 4860 3258 4927 accepimus,

1930 4945 2284 5011 Quaecunque
2320 4955 2597 4997 amantum
2630 4955 2774 5008 sunt,
2810 4950 3087 5014 repensuri
3121 4949 3236 5003 tibi.

2051 5035 2258 5088 CXXII.
2302 5065 2368 5075 —-
2400 5035 2466 5088 In
2503 5036 2835 5100 Pamphilum
2866 5038 3351 5094 Trimalethoulem:

1930 5125 2106 5180 Pestis
2136 5127 2442 5180 animarum
2466 5128 2642 5181 bellua
2675 5144 2835 5191 nova,
2867 5129 3207 5200 Pamphilus,

1929 5214 2106 5286 Magni
2136 5217 2420 5269 abdicatus
2449 5218 2718 5286 prodromi
2751 5220 2819 5272 ab
2851 5220 3016 5274 domo
3050 5222 3168 5273 fuit.

2136 5302 2365 5360 CXXIII.
2396 5335 2467 5346 —-
2494 5306 2734 5374 Epistola
2768 5310 2836 5362 ad
2868 5313 3290 5378 grammaticum.

1927 5394 2225 5451 Gemmata:
2258 5399 2310 5450 in
2334 5413 2470 5451 auro
2489 5400 2746 5453 tristichze
2780 5402 2962 5469 phrasi
2997 5413 3123 5466 tua,

1929 5487 2268 5556 Smaragdini
2302 5492 2453 5559 pretii
2482 5507 2683 5560 repono
2709 5494 2947 5548 debitum
2976 5514 2990 5549 :

1925 5578 2003 5634 Tu
2036 5581 2164 5635 mihi
2199 5597 2398 5637 canora
2417 5597 2606 5638 rursus
2627 5585 2742 5640 edis
2772 5587 3035 5645 carmina.
