3968 6452
531 337 660 419 ιειι

1675 342 1733 401 S.
1785 339 2171 402 THEODORI

2243 347 2585 408 STUDIT/E
3601 347 3736 414 1812

524 428 755 504 CXXIV.
785 477 856 492 --
877 446 1215 520 Epigramma
1248 451 1303 503 in
1332 461 1572 504 sanctum
1599 447 1815 502 Patrem
1848 462 2011 502 nostri

2243 459 2352 512 KA'.
2376 489 2446 498 —
2483 462 2844 531 Ἐπίγραμμα
2868 466 2953 529 εἰς
2977 464 3082 516 τόν
3109 463 3282 518 ὅσιον
3311 460 3536 530 Πατέρα
3569 462 3737 532 ἡμῶν

1147 537 1493 592 Theodorum.

525 626 775 682 Numinis
803 627 987 683 azterni
1015 627 1220 682 donum
1254 629 1504 699 regisque
1536 624 1798 695 supremi,

523 717 738 771 Clarum
757 726 811 772 et
831 718 988 773 dulce
1025 719 1188 773 simul
1219 733 1413 772 nomen
1441 716 1779 778 Theodorus,
1807 714 1878 768 ob
1892 721 2011 768 acta

525 809 810 864 Prudentis
835 811 988 865 vitae:
1021 821 1206 865 custos
1235 819 1552 864 mansuetus
1583 807 1763 871 ovilis,

523 899 752 956 Assidue
786 901 1123 971 fundensque
1151 916 1361 971 preces,
1392 910 1764 970 praeceptaque
1789 895 2004 952 tradens

522 992 770 1062 Egregia,
800 992 1134 1064 hymniferos
1161 993 1343 1046 divino
1369 991 1597 1062 psallere
1621 992 1730 1044 ritu

521 1082 760 1138 Studitas
793 1084 1013 1139 docuit:
1043 1099 1162 1153 qua
1186 1082 1457 1138 fortunata
1483 1093 1711 1137 vocatur

519 1172 643 1230 Rite
668 1175 883 1242 domus,
911 1176 1206 1245 prodromo
1229 1173 1424 1229 Joanni
1453 1189 1630 1238 sacra,
1657 1171 1838 1226 beavit

518 1263 688 1338 Quem
718 1265 920 1322 Christi
957 1265 1179 1322 uberior
1203 1281 1315 1336 pra:
1345 1265 1562 1321 cunctis
1590 1263 1761 1332 gratia
1785 1261 2012 1318 sanctis.

2797 535 3118 602 Θεόδωρον.

2182 614 2359 685 Δῶρον
2390 617 2636 682 ἀειςὼοιο
2661 619 2815 683 Θεοῦ,
2849 623 3099 692 μεγάλοιο
3125 624 3375 687 ἄνακτος,

2188 711 2428 781 Ὶμερόεν
2461 710 2812 781 περίπυστον,
2841 713 2926 765 ἐπ’
2949 714 3182 785 εὐλαὸέῃ
3206 712 3428 783 βιότοιο,

2174 803 2390 871 Οὓνομα
2427 803 2716 872 Θεόδωρος,
2753 805 2986 876 ποίμνης
3010 806 3306 875 ἡγεύμενος
3330 800 3461 875 ἦκα,

2169 892 2478 962 Νωλεμέως
2506 893 2718 963 νυχίῃσι
2745 895 2894 966 inii;
2918 897 2992 948 ἴδε
3015 896 3227 960 τάξεσιν
3256 895 3466 957 ἄλλαις,

2180 982 2528 1051 ’Υμνοπόλων
2557 983 2868 1037 θεότευκτον
2895 987 3139 1056 ἀγήνορα.
3176 975 3350 1056 ὦρσεν
3387 987 3596 1056 ἀοιδὴν,

2166 1073 2413 1125 Στουδίου
2437 1073 2502 1144 ἢν
2533 1075 2842 1143 κληῒζουσιν
2863 1076 3138 1148 ἁριπρεπέ
3167 1075 3182 1092 ‘
3213 1075 3389 1129 ὄλϐιον
3419 1073 3589 1140 οἷκον,

2187 1166 2323 1235 Ἱρὸν
2363 1167 2625 1218 Ἰωέιννοιο
2653 1166 2884 1236 Χριστοῦ
2916 1168 3238 1239 προδρόμοις»
3263 1172 3467 1238 σοφοῖο,

2178 1255 2278 1308 "Ov
2308 1271 2400 1307 κεν
2427 1254 2514 1307 ἐπ’
2545 1254 2751 1319 ἐσθλοῖς
2774 1264 2813 1293 ω
2844 1255 3045 1325 πλῆσεν
3071 1257 3327 1329 πλειστῃς
3355 1258 3654 1330 χαρίτεσσι-

1774 1393 2008 1450 νΑΒΙᾹ]
2051 1391 2452 1449 LECTIONES.

585 1525 624 1549 "
659 1517 775 1571 ἔσθ)
788 1519 913 1571 οῖσι.

522 1667 3709 1692 __—_—_u————_I—_——————__—-————I——

1248 1787 1660 1875 SANCTI
1718 1779 2340 1874 THEODORI
2423 1782 2980 1872 STUDITJE

1757 2026 2024 2089 δεηΜο
2075 2022 2329 2084 vaut
2357 2020 2466 2100 (1).

506 2225 758 2267 »θωμιοΑ
792 2224 840 2262 ιν
873 2220 1082 2263 IERINI].
1112 2217 1176 2257 DE
1197 2213 1416 2256 Ακικοεε
1447 2211 1639 2252 SANCTA
1665 2207 1997 2249 TRANSEUNDA
2024 2206 2434 2256 QUADBAGESIMA,
2471 2207 2538 2246 ET
2566 2206 2616 2245 IN
2655 2204 3120 2250 EXERCITATIONEH
3167 2212 3364 2253 CALCAR
3390 2215 3726 2266 εερυεῃτεη,

573 2443 790 2497 Fratres
820 2437 1117 2504 Patresque
1136 2472 1154 2498 ,
1193 2431 1364 2487 sancti
1417 2428 1650 2497 Spiritus
1697 2439 1793 2476 nos
1819 2418 2062 2488 henigni-
2091 2419 2138 2475 B
2166 2432 2268 2485 que
2291 2419 2599 2486 angelorum
2629 2437 2938 2491 consessus,
2975 2441 3038 2482 ac
3066 2437 3376 2483 sanctorum
3409 2432 3724 2501 respublica

503 2545 588 2590 tas
614 2533 679 2587 ad
713 2531 1029 2585 hodiernum
1053 2527 1194 2580 diem
1222 2524 1482 2586 valentes,
1514 2533 1611 2571 nec
1634 2515 1818 2584 paucis
1841 2512 2062 2581 praecla-

505 2629 581 2681 ris
607 2624 766 2679 editis
790 2620 1126 2675 facinoribus
1145 2614 1388 2674 deduxit,
1415 2611 1505 2680 qui
1540 2620 1590 2663 et
1619 2607 1846 2666 labetur,
1876 2602 2059 2664 credo,

503 2731 667 2786 atque
724 2716 787 2768 ad
824 2713 1087 2767 viviticam
1132 2723 1194 2762 ac
1223 2708 1554 2777 praalustrcm
1589 2697 2057 2755 Resurrectionem

505 2821 714 2863 mactos
759 2802 1134 2874 pulcherrimis
1180 2798 1452 2867 profectus
1496 2793 1665 2847 nostri
1708 2787 2060 2843 incrementis

503 2899 782 2969 provehet.
814 2895 947 2948 Nam
981 2891 1222 2960 repetite,
1257 2889 1712 2950 sultis,anteactte
1747 2878 2057 2934 memoriam

504 2993 648 3053 vitae,
675 2998 728 3043 et
758 2984 1041 3040 intuemini
1076 2992 1296 3043 statum,
1325 2979 1417 3047 qui
1447 2975 1610 3029 fuerit
1636 2970 1962 3038 aliquando,
1997 2983 2061 3021 ac

501 3094 612 3150 quo
641 3093 782 3130 nunc
809 3072 1038 3127 evaserit
1061 3089 1074 3125 :
1096 3070 1311 3123 animus
1337 3066 1478 3121 enim
1504 3073 1656 3134 parta
1687 3060 1873 3114 salutis
1896 3057 2058 3112 semel

503 3172 809 3232 occasione,
839 3167 976 3220 clam
1008 3179 1174 3232 ocyus
1205 3169 1505 3230 grassatus,
1534 3155 1767 3223 fastigiis
1797 3152 2057 3204 virtutum

503 3259 796 3330 superatis,
821 3256 1014 3311 caelum
1042 3260 1290 3322 peragrat
1320 3247 1588 3302 sublimis.
1635 3245 1712 3298 Ita
1746 3259 1843 3297 nos
1869 3282 1884 3305 ,
1929 3240 2057 3303 ﬁlii,

503 3353 568 3407 ad
605 3351 812 3418 frugem
847 3346 1071 3408 reversi,
1103 3342 1330 3397 remoris
1374 3350 1426 3393 et
1484 3336 1880 3406 impedimentis
1912 3346 2062 3386 amo—

505 3444 595 3507 tis,
626 3445 849 3512 gradum
880 3438 1107 3492 fecimus
1133 3475 1146 3498 ,
1182 3444 1325 3487 recto
1356 3432 1550 3485 itinere
1584 3427 1829 3496 profecti,
1861 3425 2060 3492 aliique

504 3549 695 3589 sumus
725 3547 788 3585 ex
822 3529 963 3594 aliis,
1000 3525 1316 3579 modestiam
1346 3520 1611 3582 complexi
1640 3559 1655 3582 ,
1686 3533 1750 3571 ac
1777 3513 2059 3584 praeceptis

504 3626 647 3680 serio
675 3622 960 3683 obeundis,
989 3633 1331 3688 nequaquam
1364 3617 1463 3668 rite
1497 3613 1780 3667 amisimus
1813 3605 2056 3676 quaesita.

503 3715 766 3783 Equidem
801 3711 916 3778 cepi
947 3709 1199 3776 gaudium
1228 3745 1242 3770 ,
1270 3716 1322 3760 et
1348 3706 1531 3758 animo
1561 3701 1865 3767 triumpho,
1911 3706 2059 3766 post-

501 3821 663 3877 quam
698 3805 941 3858 divinum
989 3808 1227 3854 vestrum
1263 3799 1488 3850 increVIt
1527 3809 1665 3861 opus
1706 3791 2053 3857 studiumque

502 3915 740 3961 sacrum,
775 3897 917 3967 quod
947 3895 1168 3963 urgetis,
1201 3892 1480 3960 perspicue
1513 3888 1778 3957 potiorum
1811 3894 1924 3948 est,
1952 3884 2050 3938 etsi

2162 2520 2425 2572 cernunt,
2465 2521 2519 2564 et
2555 2514 2833 2582 explorant
2874 2519 3111 2572 assidue.
3162 2518 3230 2574 Ut
3255 2521 3366 2589 jam
3399 2537 3564 2591 porro
3591 2541 3724 2578 cur-

2161 2602 2387 2652 sandum
2429 2604 2570 2655 serio
2602 2605 2701 2666 sit,
2735 2604 2962 2669 fratres,
2996 2609 3200 2679 ingenti
3249 2611 3351 2666 hoc
3397 2614 3495 2667 viae
3520 2613 3724 2668 decur-

2160 2694 2326 2746 rendo
2354 2695 2538 2748 diaulo
2562 2737 2575 2758 ,
2607 2713 2727 2765 quae
2771 2698 2822 2750 in
2855 2699 3050 2752 caelum
3087 2699 3234 2767 ferat.
3257 2719 3286 2754 e
3320 2712 3494 2769 terra,
3525 2706 3720 2760 devin-

2159 2787 2360 2840 cendns
2413 2789 2663 2842 inimicus
2709 2805 2771 2843 ac
2830 2791 3171 2856 multandus,
3225 2796 3386 2848 simul
3459 2799 3722 2867 congredi

2162 2884 2364 2941 tentat,
2419 2877 2679 2945 lengeque
2729 2880 3072 2937 animositate
3107 2885 3335 2952 quadarn
3378 2887 3555 2938 excita
3602 2887 3717 2941 abi-

2161 2968 2382 3036 gendns.
2409 2968 2623 3024 Scilicet
2656 2972 2870 3026 timidus
2901 2985 3003 3040 est,
3042 2975 3320 3043 rejiculus,
3353 2974 3623 3044 imbellis;
3654 2996 3719 3035 ea

2162 3073 2378 3130 propter
2419 3062 2508 3116 Dei
2554 3079 2842 3131 germanus
2888 3066 3089 3120 clamat
3131 3066 3366 3121 Jacohus
3406 3085 3420 3098 ·
3472 3069 3721 3124 Resistite

2159 3154 2369 3207 diabolo
2394 3196 2408 3216 ,
2457 3166 2503 3207 et
2536 3155 2701 3224 fugiet
2744 3174 2774 3208 a
2815 3158 2990 3220 vobis;
3025 3163 3439 3228 apprOpinquate
3481 3160 3590 3215 Deo
3613 3202 3627 3224 ,
3665 3172 3716 3216 et

2161 3247 2598 3315 appropinquabit
2653 3248 2793 3300 vobis
2825 3250 2866 3300 ³.
2917 3247 3104 3318 Neque
3150 3266 3279 3303 vero
3331 3251 3383 3303 in
3449 3254 3714 3319 posticum

2161 3336 2399 3389 feramur
2432 3352 2700 3404 prorsum,
2728 3340 2872 3407 quod
2903 3355 3239 3409 nequaquam
3263 3342 3467 3396 acriter
3491 3360 3717 3398 curren-

2159 3437 2273 3481 tum
2309 3432 2377 3482 sit
2407 3429 2640 3498 insigne,
2666 3446 2769 3484 neu
2804 3440 3143 3499 tepescamus
3174 3445 3461 3502 postquam
3493 3435 3548 3489 id
3578 3435 3718 3489 iudi-

2160 3519 2303 3573 cium
2347 3537 2451 3573 non
2483 3528 2566 3593 est
2596 3523 2810 3575 vincere
2843 3525 3106 3576 nitentum
3132 3564 3147 3589 ,
3184 3525 3313 3594 quin
3350 3526 3599 3580 nuditnm
3647 3529 3716 3581 ab

2164 3612 2321 3666 rebus
2353 3622 2461 3664 tum
2496 3612 2562 3665 ab
2591 3614 2888 3677 voluntate,
2919 3631 3244 3683 sursumque
3279 3615 3425 3670 velut
3459 3619 3512 3670 in
3546 3617 3712 3673 oculos

2162 3702 2460 3764 intuentes,
2508 3720 2726 3759 cursum
2757 3706 3069 3775 exigamus,
3109 3706 3306 3760 dicturi
3359 3717 3411 3760 et
3453 3724 3553 3763 nos
3590 3725 3711 3764 cum

2158 3791 2325 3847 Paulo
2351 3812 2363 3847 :
2398 3793 2598 3847 Bonum
2622 3808 2880 3848 certamen
2908 3797 3117 3856 certavi,
3141 3805 3354 3848 cursum‘
3375 3813 3711 3851 consumma—

2154 3886 2231 3947 ri,
2265 3885 2418 3952 ﬁdem
2452 3889 2672 3948 servavi,
2698 3887 2761 3938 de
2792 3887 2986 3955 reliquo
3023 3888 3248 3956 reposita
3269 3896 3343 3940 est
3368 3887 3496 3940 mihi
3517 3905 3710 3942 corona

503 3992 553 4045 id
583 4005 742 4042 omne
771 4005 872 4040 non
904 3986 1181 4047 currentis,
1207 3998 1365 4050 neque
1403 3980 1637 4045 volentis,
1668 3988 1726 4031 ut
1761 3976 2053 4045 apostolice
2145 3977 2367 4042 justitiw
2390 3977 2410 4006 ³
2438 4018 2451 4030 .
2494 3977 2636 4030 Sane
2665 3979 2756 4029 alii
2788 3978 2892 4030 alia
2922 3993 2980 4031 re
3008 3979 3257 4047 quapiam
3281 4018 3296 4042 ,
3323 3989 3376 4032 et
3409 3980 3597 4043 aliter,
3629 3982 3713 4034 in-

501 4080 701 4139 dicant,
733 4077 821 4131 sed
853 4074 1149 4128 miserantis
1182 4082 1254 4125 est
1286 4070 1377 4123 Dei
1416 4070 1432 4100 ³
1465 4107 1481 4130 ,
1517 4069 1607 4136 qui
1639 4077 1693 4120 et
1717 4068 1887 4120 victos
1917 4081 2051 4119 con-

501 4172 696 4232 firmet,
726 4178 778 4222 et
806 4167 1051 4221 imbelles
1080 4164 1283 4217 viribus
1305 4161 1571 4228 accingat.
1597 4157 1882 4211 Enimvero
1909 4156 2047 4209 haud

498 4260 735 4316 contenti
763 4259 828 4312 iis
857 4272 977 4326 quae
1001 4255 1109 4321 iam
1143 4253 1512 4322 pepererimus
1535 4290 1550 4315 ,
1583 4251 1698 4315 lilii,
1731 4250 1886 4319 quasi
1912 4265 2048 4318 quo-

497 4353 620 4406 dam
647 4350 868 4421 juvenili
897 4349 1078 4403 calore
1100 4346 1258 4398 altius
1288 4345 1559 4405 nitamur,
1593 4343 1895 4396 animorum
1930 4349 2049 4394 tan-

496 4454 658 4511 quam
702 4437 894 4492 subole
940 4437 1113 4490 instar
1166 4433 1360 4503 aquilae
1411 4432 1717 4486 renovanda
1776 4429 2048 4501 progressi

497 4551 729 4604 semper,
757 4532 1046 4600 mactique,
1071 4531 1160 4599 qui
1189 4528 1424 4590 virtutis,
1453 4536 1613 4596 atque
1641 4527 1823 4580 eximii
1859 4540 2048 4579 ascen-

496 4635 590 4683 δυο
621 4624 840 4678 modum
871 4622 1196 4675 arbitremur
1227 4620 1435 4672 nullum
1465 4657 1479 4681 ,
1523 4619 1649 4672 dum
1690 4634 1783 4686 per
1817 4627 2045 4671 mortem

496 4717 788 4770 abierimus
820 4729 852 4768 e
879 4713 1220 4782 temporariis
1249 4712 1315 4764 ad
1345 4720 1563 4764 aeterna.
1607 4709 1746 4762 Sane
1778 4723 1901 4762 cum
1941 4709 2046 4762 eri-

495 4825 616 4861 mus
643 4807 778 4860 beati
808 4847 825 4870 ,
868 4815 980 4858 tum
1015 4805 1297 4858 beatorum
1335 4811 1533 4856 sortem
1569 4812 1876 4855 sanctorum
1905 4802 2045 4855 erci-

495 4914 733 4953 scemur.
763 4895 880 4948 Jam
911 4909 1032 4964 qua:
1069 4895 1122 4946 in
1158 4895 1258 4947 hac
1287 4893 1532 4950 obeunda
1568 4892 1673 4944 vita
1708 4893 1879 4955 posita
1905 4892 2042 4954 laus,

494 4999 547 5044 et
575 4991 772 5044 adorea
803 4987 924 5040 est?
958 4987 1153 5056 gaudet
1178 5001 1273 5039 vos
1302 4995 1565 5038 contuens
1594 4985 1796 5037 arbiter
1822 4993 2045 5038 cuncto-

2153 4079 2268 4122 star
2300 4069 2430 4123 solis
2455 4109 2470 4132 ,
2512 4067 2790 4136 fulgebunt
2817 4077 2942 4121 ante
2976 4067 3139 4121 Deum
3163 4109 3178 4132 ,
3208 4084 3308 4121 nos
3338 4068 3586 4123 habitum
3621 4088 3712 4140 ge-

2152 4169 2332 4213 rentes
2375 4160 2727 4225 apostolicum
2761 4159 2906 4211 circa
2941 4159 3304 4226 apostolorum
3349 4162 3706 4214 contubernia

2150 4252 2557 4319 deprendemur,
2578 4249 2692 4312 ﬁlii,
2712 4248 3163 4317 quemadmodum
3181 4251 3454 4314 existimo,
3475 4262 3533 4306 ut
3549 4267 3710 4306 ovan-

2147 4342 2275 4395 dum
2321 4342 2394 4396 sit
2443 4357 2506 4395 ac
2541 4341 2866 4404 laetandum,
2910 4352 2964 4394 et
3016 4341 3212 4394 animis
3253 4342 3452 4411 oppido
3505 4345 3706 4396 trium-

2147 4434 2438 4502 phandum.
2479 4434 2556 4487 Ac
2603 4434 2817 4486 beatam
2863 4447 2981 4486 eam
3017 4443 3249 4487 mentem
3277 4473 3291 4496 ,
3339 4450 3505 4503 quant
3558 4437 3702 4491 liaud

2147 4528 2366 4582 satietas
2402 4526 2579 4594 capiat
2605 4524 2771 4578 divini
2808 4523 2970 4577 studii
3017 4533 3071 4578 et
3100 4523 3404 4579 futurorum
3443 4525 3703 4582 desiderii

2146 4631 2209 4671 ac
2242 4616 2586 4686 praesentium
2620 4614 2851 4682 repudii.
2904 4614 3008 4670 Vos
3038 4615 3314 4670 enimvero
3346 4632 3471 4671 cum
3505 4619 3570 4671 iis
3604 4620 3706 4672 bo-

2147 4710 2231 4763 nis
2262 4708 2516 4762 fruemini
2540 4747 2555 4771 ,
2590 4716 2700 4760 tum
2733 4722 2976 4760 meormn
3009 4707 3165 4762 nauci
3196 4708 3484 4763 verborum
3514 4726 3704 4765 recer-

2147 4801 2384 4862 damini,
2426 4813 2584 4865 quam
2629 4811 2723 4850 vos
2775 4798 3073 4849 adamarim
3104 4835 3119 4859 ,
3166 4812 3330 4866 quam
3379 4813 3409 4850 a
3453 4799 3609 4853 vobis
3649 4801 3704 4854 in

2145 4893 2373 4945 Domino
2419 4891 2787 4960 adjumentum
2829 4892 3162 4960 quaesierim,
3212 4909 3372 4962 quam
3425 4909 3522 4950 vos
3569 4895 3708 4949 divi-

2148 5001 2212 5037 na
2262 4983 2431 5053 gloria
2488 4986 2773 5051 sategerlm
2832 4993 3085 5051 praestare
3143 4998 3238 5051 per
3293 4983 3572 5039 Christum
3609 4984 3705 5040 Je-

495 5101 636 5148 rum,
671 5084 882 5151 laetique
920 5082 1090 5136 sancti
1130 5097 1192 5134 ac
1245 5081 1644 5150 gratulabundi,
1681 5081 1958 5148 plaudunt,
1989 5089 2043 5134 et
2073 5079 2118 5132 Ι)
2147 5094 2263 5129 sum
2315 5076 2604 5129 Dominum
2659 5083 2936 5138 nostrum,
2991 5076 3076 5129 cui
3117 5076 3235 5130 laus
3287 5092 3351 5130 ac
3415 5078 3703 5146 imperium

495 5176 709 5230 caelitus
755 5184 1037 5226 coronant.
1084 5173 1291 5239 Quippe
1337 5182 1392 5223 ut
1442 5172 1491 5222 in
1547 5173 1720 5223 stadio
1762 5182 2040 5227 currentes

495 5266 766 5334 corporeis
787 5275 1091 5333 spectamus
1112 5263 1317 5326 oculis,
1354 5263 1432 5316 sic
1465 5272 1644 5317 nostra
1677 5263 1834 5327 Deus,
1866 5271 2040 5318 totus-

1553 5450 1571 5479 ³
1612 5448 1653 5501 ll
1683 5449 1823 5502 Tim.
1861 5466 1945 5513 tv,
1988 5455 2039 5506 7.

565 5449 584 5480 ¹
620 5450 774 5506 Rom.
817 5467 896 5515 Ix,
936 5450 1020 5515 l6,
1096 5455 1115 5483 ²
1153 5450 1266 5505 Jac.
1305 5465 1381 5512 iv,
1426 5448 1475 5502 7.

2149 5186 2288 5223 nunc
2365 5180 2417 5222 et
2469 5184 2682 5236 semper
2755 5169 2806 5220 in
2889 5183 3214 5238 omnemque
3268 5171 3702 5238 perpetuitatem.

2148 5267 2340 5313 Amen.

1983 5603 2185 5658 NOTAE
2198 5645 2211 5658 .

564 5763 638 5828 li)
678 5763 830 5816 Circa
905 5765 1041 5816 hanc
1107 5763 1172 5814 68
1221 5763 1496 5816 homiliam
1551 5765 1670 5815 vide
1725 5764 1852 5829 quid
1902 5760 2042 5814 dicat
2082 5761 2376 5817 Laevinaeus
2411 5763 2459 5813 in
2501 5761 2846 5829 praefatione;
2888 5777 3047 5830 supra
3088 5763 3190 5818 col.
3222 5761 3347 5817 501.
