3968 6444
235 377 380 446 1813

1559 383 1604 438 Τ
1612 379 2146 442 ESTAMENTUM.

3343 377 3483 450 1314

236 521 3454 557 Μ

950 692 1363 784 SANCTI
1445 694 1608 782 ΤΗ
1629 690 2083 786 EODORI
2162 695 2767 785 STUDITIE.

1225 908 2473 1040 TESTAMENTUM.

1337 1145 1629 1215 (Editionis
1678 1145 2084 1202 Sirmondiana:
2118 1161 2244 1218 pag.
2273 1148 2364 1204 65.

222 1463 337 1518 Τοῦ
371 1462 547 1516 ὁσίου
575 1460 675 1514 καὶ
706 1459 1029 1532 ΑΘεοφόρου
1075 1455 1304 1532 Πατρός
1345 1453 1636 1532 ἠμέῦνηκαὶ
1663 1457 1789 1532 riguo-

1903 1454 2186 1532 Sauctiqc
2213 1456 2413 1532 Deiferi
2455 1461 2621 1527 patris
2662 1462 2830 1532 nostri
2876 1466 2926 1516 et
2960 1464 3274 1532 confessoris
3318 1466 3480 1521 Τίνο-

286 1532 549 1600 λογητοῦ
583 1524 926 1600 Θεοδώρου(
954 1527 1290 1600 ἡγουμένου
1342 1525 1449 1578 τοῦ
1491 1524 1787 1600 ⁸Στουδῐου

291 1595 576 1668 Διὰθήκη.
599 1595 1094 1668 Ἀγαγινώσκεται
1121 1596 1187 1648 δὲ
1218 1596 1366 1662 αὕτη
1397 1595 1507 1663 πρὸ
1536 1595 1646 1663 τῆς
1675 1611 1794 1648 κοι-

281 1672 531 1742 μήσεως
561 1671 771 1725 αὑτοῦ.

300 1803 545 1858 Ἀκούων
577 1802 674 1855 τοῦ
700 1800 848 1854 θείου
877 1799 1042 1852 Δαδιδ
1061 1797 1333 1866 λέγοντος,
1370 1795 1789 1864 Ἡτοιμάσθην.

211 1899 317 1952 καὶ
359 1899 472 1950 οὐκ
504 1892 840 1963 ἐταράχθην
865 1909 879 1922 ·
912 1891 1006 1944 καὶ
1023 1890 1185 1944 πάλιν
1212 1889 1531 1958 φάσκοντος,
1561 1888 1790 1955 Ἐτοίμη

213 1992 254 2060 ἠ
297 1989 509 2058 καρδία
536 2005 656 2056 μου
676 2003 690 2018 ο
724 1985 1023 2054 ἐπειδήπερ
1043 1984 1124 2047 εἰς
1154 1982 1353 2052 συνεχῆ
1375 1980 1658 2034 ἀσθένειαν
1690 1980 1792 2050 τὴν

210 2083 310 2138 τοῦ
341 2083 603 2151 δυστήνου
642 2078 896 2149 σώματος
923 2073 1322 2145 ἐμπεπτωκὼς,
1359 2073 1458 2144 οὐχ
1485 2066 1594 2136 οἷός
1627 2073 1684 2126 τέ
1713 2075 1791 2126 εἰ-

216 2194 279 2247 μι
310 2175 518 2236 πάντας
545 2173 710 2242 ὑμᾶς,
743 2171 906 2222 τέκνα
946 2187 1046 2231 μου
1087 2167 1181 2220 καὶ
1229 2165 1447 2235 ἀδελφοὶ
1492 2168 1583 2218 καὶ
1621 2164 1794 2218 Πατέ-

215 2286 335 2340 ρες,
361 2266 504 2320 κατὰ
534 2264 830 2337 πρόσωπόν
881 2279 983 2333 μου
1025 2261 1252 2330 ἀγαγεῖν
1283 2263 1340 2313 ὲν
1377 2258 1552 2329 καιρῷ
1587 2259 1790 2325 ἐξόδου,

210 2359 305 2413 διὰ
334 2359 395 2412 τὸ
434 2359 492 2410 ὲν
523 2355 802 2424 διαφόροις
827 2354 1014 2415 τόποις
1068 2351 1397 2404 καθεστάναι
1425 2351 1493 2401 τὰ
1518 2349 1792 2418 μοναστή·

216 2468 334 2521 ρια,
368 2449 544 2510 ἄλλως
576 2463 635 2498 τε
676 2447 770 2498 καὶ
805 2445 892 2497 διὰ
924 2442 987 2495 τὸ
1013 2441 1346 2512 ἀποδημίαις
1377 2440 1682 2511 χρήσασθαί
1708 2457 1791 2492 τι-

212 2561 334 2606 νας,
377 2541 453 2605 ὡς
486 2540 586 2610 ἤδη
621 2536 944 2608 ὲληλυΘυίας
973 2535 1073 2606 τῆς
1128 2533 1277 2604 ὧρας
1334 2535 1431 2604 τῆς
1487 2533 1593 2587 ἀπὸ
1637 2531 1791 2585 τοῦδε

210 2633 310 2688 τοῦ
358 2631 476 2703 βίου
533 2628 920 2699 μεταστάσεως
983 2644 1108 2696 μου,
1159 2625 1456 2695 προφθάνω
1514 2623 1791 2677 διαθέσθαι

1983 1525 2104 1577 dari
2129 1524 2427 1609 Studiensis
2455 1524 2740 1609 "praepositi
2787 1524 3303 1609 Testamentum“).
3328 1537 3485 1609 Legi-

1968 1607 2056 1648 tur
2086 1605 2262 1649 autem
2288 1605 2410 1651 ante
2445 1599 2819 1655 domuitionem
2841 1602 2980 1671 ejus.

1965 1802 2008 1854 l.
2038 1798 2348 1853 Davidicam
2371 1815 2558 1856 vocem
2587 1802 2815 1859 audiens
2833 1845 2848 1870 ,
2887 1804 3118 1863 Paratus
3139 1825 3277 1873 sum,
3305 1820 3476 1864 etnon

1895 1906 2011 1944 sum
2056 1892 2298 1945 turbatus
2325 1894 2380 1946 ιε
2421 1903 2476 1948 et
2519 1894 2741 1959 iterum,
2793 1897 3059 1951 l’aratum
3086 1916 3180 1955 cor
3239 1916 3412 1954 meum
3433 1902 3475 1955 '.

1894 1998 2017 2038 cum
2043 1985 2260 2040 assidua
2297 1988 2476 2042 miseri
2530 1989 2775 2059 corporis
2804 1989 3118 2046 infirmitate
3141 2003 3477 2062 captus,nou

1893 2075 2095 2145 possim
2128 2092 2223 2130 vos
2251 2092 2462 2142 omnes,
2487 2078 2580 2133 lilii
2611 2081 2738 2142 mei,
2763 2093 2816 2134 et
2841 2079 3058 2149 fratres,
3091 2091 3254 2153 atque
3297 2094 3479 2153 patres

1893 2167 1997 2221 sub
2013 2182 2270 2224 excessus
2292 2170 2397 2224 mei
2423 2179 2633 2240 tempus
2660 2173 2930 2228 adducere
2962 2191 2978 2239 ;
3021 2186 3304 2245 propterea
3331 2177 3476 2249 quod

1861 2261 2228 2316 -monasteria
2263 2262 2368 2316 ista
2401 2265 2453 2317 in
2489 2264 2722 2320 diversis
2757 2266 2894 2321 locis
2926 2267 3031 2321 sita
3065 2276 3215 2333 sunt,
3261 2277 3318 2324 et
3350 2269 3478 2339 qui-

1892 2350 2016 2405 dam
2050 2361 2312 2428 prieterea
2340 2368 2568 2424 peregre
2601 2356 2834 2425 profecti
2863 2376 2877 2414 :
2909 2359 3060 2414 velut
3081 2359 3324 2416 instante
3360 2360 3473 2430 jam

1892 2444 2236 2514 migrationis
2267 2460 2332 2500 ex
2368 2445 2470 2501 hac
2501 2448 2611 2501 vita
2641 2465 2775 2504 mea:
2794 2451 3049 2520 articulo,
3081 2461 3476 2508 testamentum

1895 2535 2001 2591 hoc
2027 2536 2185 2592 vobis
2218 2538 2374 2607 prius
2407 2540 2642 2595 condere
2689 2541 2904 2597 institui
2937 2561 2952 2609 ;
3007 2559 3122 2599 rem
3174 2560 3474 2617 congruam

1901 2642 2064 2700 atque
2093 2632 2282 2688 utilem
2309 2646 2399 2684 me
2451 2631 2726 2686 facturum
2792 2633 3091 2691 arbitratus
3127 2653 3142 2702 ;
3181 2646 3241 2690 ut
3273 2651 3476 2708 cogno-

211 2729 345 2797 ὑμῖν
379 2723 584 2793 ταύτην
624 2723 723 2792 τὴν
781 2720 1078 2791 διαθήκηνο
1110 2717 1368 2789 ἁρμόδιον
1411 2717 1506 2769 καὶ
1549 2714 1788 2783 ἀσφαλὲς

1901 2731 2056 2778 scant
2085 2723 2178 2792 qui
2230 2738 2539 2792 supremam
2567 2740 2741 2778 meam
2776 2740 2962 2780 vocem
2995 2727 3242 2794 audient,
3287 2745 3480 2800 quem-

209 2819 372 2875 τοῦτο
425 2811 980 2886 ἡγησάμενοςσπρὸς
1034 2810 1093 2862 τὸ
1137 2808 1483 2869 ἀκούσαντάς
1539 2824 1640 2876 μου
1691 2805 1792 2872 τῆς

207 2906 533 2968 τελευταίας
592 2900 780 2970 φωνῆς
826 2899 1203 2966 διεγνωκέναι,
1247 2898 1396 2959 ὅπως
1445 2912 1504 2946 τε
1555 2893 1794 2946 πιστεύω

209 3004 307 3057 καὶ
336 2998 544 3071 φρονῶ,
572 2997 668 3050 καὶ
695 2991 809 3047 οἷον
830 2994 1034 3064 ἀφίημι
1073 2992 1164 3044 τὸν
1199 2989 1650 3059 καθηγησόμενον
1675 2987 1793 3053 μετ’

211 3092 353 3164 ἐμέ·
390 3092 479 3146 ἵνα
531 3086 784 3142 ἐντεῦθεν
836 3084 1156 3155 συμφωνίαν
1210 3083 1391 3149 ἁγοιτε
1444 3081 1535 3133 καὶ
1575 3083 1793 3147 εἰρήνην

209 3187 311 3257 τὴν
346 3187 406 3237 ὲν
438 3178 659 3252 Χριστῴ
680 3197 693 3210 ·
722 3181 788 3250 ἣν
816 3180 896 3239 είς
944 3176 1208 3245 οὐρανοὺς
1240 3173 1446 3243 μέλλων
1473 3171 1790 3238 ἁναφοιτᾷν,

209 3278 406 3346 ἀφίησι
428 3276 540 3338 τοῖς
570 3273 746 3340 ἁγίοις
800 3269 964 3322 αὑτοῦ
1000 3269 1268 3339 μαθηταῖς
1304 3267 1396 3317 καὶ
1422 3262 1732 3324 ἀποστόλοις
1766 3263 1794 3313 ὀ

209 3368 436 3438 Κύριος.

780 3450 921 3519 Περὶ
957 3449 1234 3512 πίστεως.

279 3546 535 3605 Πιστεύω
564 3541 855 3616 τοιγαροῦν
883 3545 960 3603 είς
987 3541 1208 3612 Πατέρα
1245 3539 1338 3591 καὶ
1361 3539 1487 3590 Υἱὸν
1521 3538 1612 3589 καὶ
1637 3538 1791 3604 ἅγιον

211 3642 460 3712 Πνεῦμα,
519 3639 619 3707 τὴν
674 3637 836 3704 ἁγίαν
885 3636 980 3688 καὶ
1039 3631 1327 3702 ὁμοούσιον
1398 3631 1492 3682 καὶ
1561 3629 1793 3698 ἀρχικὴν

211 3734 443 3808 Τριὰδα,
472 3730 657 3793 καθὼς
688 3728 1058 3798 βεὸἁπτισμαι
1090 3725 1183 3777 καὶ
1208 3723 1667 3791 ἀναγεγέννημαι,
1697 3719 1791 3771 καὶ

210 3825 606 3895 τετελείωμαι·
635 3821 770 3874 Θεὸν
813 3822 904 3871 τὸν
956 3819 1175 3888 Πατέρα
1206 3814 1504 3883 ὁμολογῶν,
1537 3813 1668 3866 Θεὸν
1694 3812 1787 3865 τὸν

211 3919 362 3986 Υίὸν,
393 3918 527 3971 Θεὸν
563 3916 625 3969 τὸ
655 3912 879 3982 Πνεῦμα
902 3911 962 3962 τὸ
989 3911 1163 3978 ἆγιον,
1194 3908 1252 3962 ἓν
1298 3907 1367 3961 τὰ
1395 3906 1521 3977 τρία
1558 3908 1624 3976 τῇ
1654 3905 1791 3958 θειό-

210 4029 358 4084 τητι,
385 4010 463 4073 ὡς
489 4010 585 4062 καὶ
612 4007 849 4077 ἔμπαλιν
891 4003 1016 4072 τρία
1065 4002 1124 4054 τὸ
1152 4002 1209 4053 ἒν
1253 4003 1374 4063 ταῖς
1409 4000 1786 4052 ὑποστάσεσιν.

1899 2814 2188 2867 admodum
2252 2814 2471 2868 credam
2528 2824 2584 2868 et
2650 2817 2929 2885 sentiam;
2966 2826 3021 2873 et
3069 2819 3286 2889 qualem
3351 2828 3480 2890 post

1899 2920 1986 2958 me
2019 2904 2263 2958 futurum
2295 2907 2640 2975 prmpositum
2690 2909 2993 2980 relinquam
3026 2928 3043 2975 ;
3093 2921 3208 2966 tum
3243 2921 3304 2967 ut
3345 2927 3479 2966 cou-

1897 2996 2138 3051 cordiam
2177 2997 2320 3063 inde,
2352 3014 2651 3069 pacemque
2678 3001 2732 3054 in
2769 3000 2993 3058 Christo
3022 3005 3272 3070 servetis,
3311 3019 3475 3074 quam

1897 3103 2228 3143 ascensurus
2257 3089 2307 3142 in
2343 3090 2512 3146 caelos
2535 3089 2801 3147 Dominus
2825 3092 3333 3165 sanctisdiscipulis
3362 3094 3478 3149 suis

1896 3191 1947 3234 et
1979 3181 2243 3251 apostolis
2273 3182 2513 3254 reliquit.

2547 3448 2621 3503 De
2660 3450 2784 3516 ﬁde.

1971 3539 2030 3593 ΙΙ.
2060 3541 2238 3596 Credo
2267 3541 2436 3611 igitur
2467 3540 2522 3593 in
2573 3539 2816 3604 Patrem,
2855 3541 3054 3596 Filium
3101 3558 3166 3598 ac
3207 3541 3474 3613 Spiritum

1892 3641 2172 3697 sanctum,
2199 3642 2444 3685 sanctam
2467 3642 2523 3686 et
2553 3632 3081 3687 consubstantialem
3103 3643 3158 3688 et
3186 3637 3478 3705 sempiter-

1897 3739 2022 3777 nam
2054 3721 2413 3788 Triuitatcm,
2449 3723 2592 3777 sicut
2637 3722 2946 3792 baptizatus
2977 3722 3078 3788 fui,
3101 3735 3474 3795 regeneratus.

1894 3828 1947 3869 et
1979 3824 2433 3870 consummatus:
2474 3813 2644 3868 Deum
2691 3814 2912 3870 Patrem
2957 3815 3251 3882 conﬁtens,
3301 3817 3474 3874 Deum

1895 3907 2116 3970 Filium,
2151 3905 2322 3960 Deum
2362 3904 2626 3974 Spiritum
2677 3916 2953 3972 sanctum,
2993 3922 3165 3961 unum
3225 3909 3329 3963 tria
3356 3910 3476 3966 dei-

1895 4007 2025 4060 tate,
2058 3997 2200 4052 sicut
2228 3997 2346 4051 vice
2380 4012 2538 4051 versa
2563 3996 2665 4051 tria
2686 4011 2858 4051 unum
2888 3996 3290 4054 subsistentiis.
3319 3997 3478 4057 Unus

213 4099 310 4166 Εἷς
357 4101 466 4172 γὰρ
503 4098 635 4160 Θεὸς
667 4099 701 4167 ἡ
749 4094 941 4167 Τριὰς,
992 4092 1082 4146 διὰ
1137 4091 1196 4144 τὸ
1243 4087 1636 4159 ὁμοούσιονοεί
1695 4087 1789 4139 καὶ

1899 4088 2039 4143 enim
2073 4097 2158 4144 est
2189 4087 2332 4144 Deus
2363 4088 2625 4154 Trinitas,
2668 4097 2891 4160 propter
2927 4090 3476 4147 eonsubstantialita-

209 4195 472 4266 διῄρηται
508 4189 597 4243 διὰ
634 4191 694 4241 τὸ
728 4185 1188 4256 ὲτεροῡπὸστατον
1213 4222 1226 4235 .
1265 4177 1428 4243 Αὖθίς
1455 4197 1514 4231 τε
1542 4177 1787 4249 ὁμολογῶ

212 4291 306 4341 τὸν
331 4287 430 4340 ἕνα
455 4284 556 4353 τῆς
590 4281 821 4353 Τριάδος
851 4279 944 4331 τὸν
972 4277 1176 4348 Κύριον
1216 4275 1372 4346 ἡμῶν
1409 4272 1611 4344 Ἰησοῦν
1653 4273 1787 4343 Χρι-

215 4380 339 4432 στὸν
372 4377 460 4431 διὰ
488 4373 872 4447 φιλαθρωπίαν
904 4372 1137 4441 ἄμετρον
1164 4371 1220 4420 ὲν
1252 4366 1421 4438 σαρκὶ
1449 4365 1784 4437 ἐληλυθέναι,

213 4473 310 4524 ἒπὶ
339 4469 584 4538 σωτηρίᾳ
609 4465 703 4519 τοῦ
731 4465 851 4518 καθ’
887 4464 1034 4531 ἡμᾶς
1067 4463 1256 4530 γένους
1299 4460 1562 4528 δηλονότι,
1596 4460 1659 4511 ἐκ
1689 4459 1787 4526 τῆς

212 4562 378 4630 ἁγίας
397 4561 494 4613 καὶ
514 4556 859 4628 παναμώμου
905 4555 1168 4610 Θεοτὸκου
1208 4553 1308 4625 τὴν
1347 4553 1526 4623 σάρκα
1572 4550 1788 4621 ἀνειλη-

212 4654 375 4722 φέναι
405 4651 530 4721 δὶχα
578 4650 788 4718 σπορᾶς
818 4644 1189 4716 ἀνθρωπίνης,
1215 4643 1308 4695 καὶ
1345 4643 1407 4695 ἐκ
1435 4641 1664 4713 γαστρὸς
1691 4641 1786 4693 αὑ-

211 4745 312 4814 τῆς
348 4744 489 4795 κιτὰ
519 4741 580 4793 τὸ
605 4740 747 4793 θεῖον
781 4739 962 4805 λόγιον
1007 4736 1157 4806 νόμῳ
1202 4733 1416 4801 φύσεως
1451 4731 1786 4802 γεγεννημέ-

212 4853 302 4890 νον
323 4849 339 4863 ’
377 4831 597 4887 διπλοῦν
629 4848 687 4883 τε
717 4831 848 4883 ὄντα
877 4829 966 4880 τὸν
997 4826 1158 4880 αὐτὸν
1188 4826 1307 4878 ὅλον
1340 4825 1541 4878 τέλειον
1573 4825 1639 4892 τῇ
1669 4822 1786 4875 θεό-

211 4943 356 4996 τητι,
376 4924 510 4978 καθὸ
535 4924 637 4975 ούκ
665 4923 963 4991 ἐτέτραπτο
986 4918 1133 4970 τοῦθ’
1152 4919 1286 4986 ὅπερ
1318 4912 1407 4987 ἦν,
1441 4917 1531 4969 καὶ
1556 4915 1673 4967 ὅλον
1702 4914 1790 4965 τέ-

210 5017 353 5071 λειον
381 5017 449 5084 τῇ
482 5013 887 5083 ἀνθρωπότητι,
928 5009 1062 5063 καθὸ
1101 5009 1201 5062 οὐκ
1232 5007 1507 5061 ἐλέλειπτό
1528 5024 1601 5070 τι,
1649 5004 1797 5057 τοῦθ’

212 5110 349 5176 ὅπερ
384 5104 741 5178 προσείληφε.
795 5103 901 5155 Τὸν
947 5101 1110 5154 αὺτὸν
1156 5099 1252 5152 ἕνα
1299 5097 1420 5151 καθ’
1461 5097 1778 5159 ὑπόστασιν,

212 5200 400 5270 ὥσπερ
423 5201 480 5251 ὲν
511 5197 605 5250 δύο
641 5195 838 5264 φύσεσι
875 5192 1294 5263 γνωριζόμενον,
1345 5190 1487 5243 οἱτω
1531 5187 1782 5258 θελήσεσί

213 5311 271 5347 τε
302 5294 397 5346 καὶ
425 5293 734 5363 ἐνεργείαις
765 5308 779 5322 ο
805 5291 862 5342 ὲν
890 5281 979 5351 αίς
1001 5286 1197 5359 ἔδρασε
1232 5284 1581 5356 καταλλήλως
1622 5283 1691 5337 τά
1718 5297 1779 5336 τε

216 5384 330 5437 θεῖα
361 5384 456 5438 καὶ
483 5383 553 5436 τὰ
576 5380 916 5451 ἀνθρώπινα.

285 5585 301 5616 ¹
324 5584 470 5641 Psal.
507 5598 700 5647 cxvm,
725 5583 813 5636 60.
892 5585 911 5613 ’
936 5581 1075 5636 Psal.
1102 5598 1210 5644 ινι,
1238 5579 1293 5634 8.

1887 4189 2017 4244 tem,
2041 4177 2167 4233 licet
2182 4177 2437 4233 distincta
2455 4178 2525 4233 sit
2543 4188 2768 4248 propter
2784 4179 3264 4235 subsistentiarum
3281 4182 3478 4238 distin-

1893 4273 2158 4326 ctionem.
2191 4271 2471 4326 Conﬁteor
2495 4269 2689 4326 deinde
2714 4287 2884 4328 unum
2914 4287 2946 4327 e
2983 4270 3252 4329 Trinitate
3284 4273 3474 4330 Domi-

1898 4378 2029 4416 num
2064 4372 2311 4416 nostrum
2341 4361 2527 4417 Jesum
2545 4362 2826 4418 Christum
2853 4379 2950 4433 per
2982 4364 3307 4422 immensam
3341 4382 3472 4439 erga

1890 4455 2141 4509 homines
2173 4455 2494 4508 cbaritatem
2535 4470 2691 4509 suam
2721 4455 2776 4509 in
2814 4471 2979 4512 carne
3023 4461 3239 4514 venisse
3283 4458 3350 4514 ad
3378 4475 3470 4514 sa-

1888 4546 2056 4600 lutem
2089 4547 2306 4615 generis
2329 4546 2535 4612 nostri,
2570 4562 2638 4602 ex
2665 4560 2852 4602 sancta
2888 4558 2944 4603 et
2977 4548 3326 4606 immaculata
3349 4551 3472 4607 Dei-

1889 4653 2020 4707 para
2049 4637 2168 4692 sine
2197 4637 2438 4691 humano
2465 4638 2675 4692 semine
2695 4653 2917 4692 carnem
2945 4641 3272 4710 sumpsisse,
3305 4648 3471 4711 atque

1890 4743 1956 4781 ex
1985 4739 2140 4782 utero
2170 4729 2466 4782 secundum
2496 4727 2746 4782 divinum
2773 4729 3056 4786 oraculum
3099 4739 3312 4787 natura:
3351 4731 3470 4802 iege

1893 4828 2080 4874 natum
2111 4834 2258 4883 esse,
2301 4820 2576 4890 duplicem
2610 4821 2792 4891 ipsum
2855 4821 3239 4889 exsistentem,
3292 4831 3470 4879 totum

1895 4912 2197 4982 perfectum
2225 4912 2449 4978 deitate,
2479 4923 2753 4982 quatenus
2776 4928 2888 4969 non
2926 4914 3280 4969 immutatum
3309 4923 3394 4971 est
3415 4916 3467 4971 id

1907 5003 2052 5072 quod
2081 5012 2240 5069 erat;
2280 5014 2336 5058 et
2384 5011 2557 5057 totum
2597 5002 2898 5073 perfectum
2939 5003 3298 5072 humanitate,
3333 5022 3471 5076 qua-

1893 5107 2049 5150 tenus
2084 5111 2196 5149 non
2233 5095 2443 5150 dimisit
2462 5096 2760 5166 quidquam
2791 5111 2857 5152 ex
2887 5111 2954 5151 eo
2978 5097 3125 5167 quod
3146 5098 3465 5168 assumpsit.

1890 5184 2158 5240 Eumdem
2204 5202 2375 5240 unum
2410 5185 2568 5257 juxta
2609 5187 2969 5258 bypostasim,
2998 5187 3140 5242 sicut
3170 5188 3225 5243 in
3252 5188 3469 5244 duabus

1888 5278 2102 5332 naturis
2135 5278 2440 5347 cegnitum,
2470 5277 2552 5334 sic
2578 5279 2633 5333 in
2664 5278 2886 5335 totidem
2904 5279 3280 5335 voluntatibus
3303 5289 3473 5351 atque

1888 5371 2336 5440 operationibus;
2370 5386 2467 5441 per
2530 5387 2669 5442 quas
2723 5371 2908 5427 divina
2956 5381 3011 5428 et
3041 5370 3280 5427 humana
3336 5386 3466 5428 con-

1890 5471 2149 5532 gruenter
2170 5471 2423 5532 Operatus
2464 5472 2568 5518 est.

1719 5733 1952 5790 NOTE.

295 5859 370 5930 (ί)
393 5858 518 5916 Haec
543 5857 823 5928 inscriptio
855 5854 1024 5912 indita
1054 5863 1135 5909 est
1173 5870 1201 5908 ο
1241 5851 1488 5917 Studitis,
1523 5850 1658 5907 sicut
1682 5851 1889 5908 notavit
1924 5851 2189 5907 Barouius
2212 5850 2280 5906 ad
2310 5868 2399 5906 an.
2429 5850 2552 5921 896,
2589 5870 2645 5907 ιι.
2687 5853 2778 5910 50.
