3968 6462
481 334 610 396 1815

1654 330 1715 391 S.
1744 328 2133 390 THEODORI
2177 326 2519 388 STUDIT.‘E

3567 313 3703 376 1816

540 442 622 498 Ad
663 441 778 496 haec
809 456 1026 495 omnem
1063 442 1330 497 hrcretica:
1368 441 1772 496 communionis
1796 453 2034 493 errorem

2209 436 2351 506 Πρὸς
2375 435 2585 498 τούτοις
2620 428 2998 502 ἀποτρέπομαι
3047 427 3226 480 πᾶσαν
3275 423 3563 494 αίρετικῆς
3590 442 3707 477 κοι-

473 549 698 589 aversor
718 543 771 588 et
800 534 1102 597 abominor,
1126 550 1219 588 sex
1249 534 1419 588 sacris
1441 533 1794 587 (ecumeuicis
1817 530 2038 602 synodis

2172 530 2336 592 ωνίας
2364 529 2571 596 πλάνην
2589 542 2605 557 ο
2633 527 2897 594 ἑπόμενος
2919 523 3038 584 ταῖς
3068 519 3252 588 ἁγίαις
3273 518 3368 570 καὶ
3398 519 3711 586 οίκουμενι-

475 624 783 686 inhaerens;
821 639 1028 679 necoon
1051 625 1124 678 illi
1157 641 1278 694 quae
1307 625 1359 678 in
1378 624 1555 678 Nicaea
1593 624 1815 678 civitate
1843 624 2038 676 iterum

2171 623 2264 684 Lai;
2292 621 2351 687 ἒξ
2375 620 2611 678 συνόδοις
2632 634 2646 647 ’
2680 617 2760 670 ἔτι
2795 633 2852 669 τε
2892 616 2985 668 καὶ
3026 614 3124 683 τὴν
3153 613 3382 681 ἔναγχος
3421 610 3711 680 συναθροι-

474 725 665 772 contra
707 716 1138 770 Christianorum
1213 727 1563 771 accusatores
1618 725 1804 770 coacta
1870 730 2043 784 nuper

476 807 604 873 fuit,
645 809 881 864 adorans
907 818 960 864 et
987 814 1319 878 amplectens
1367 809 1702 864 venerandas
1754 822 2046 876 sacrasque

479 902 743 971 imagines
766 902 976 956 Domini
1011 902 1179 955 nostri
1208 900 1332 958 Jesu
1365 900 1589 964 Christi,
1625 901 1886 969 Deiparaz,
1917 913 2048 967 apo-

480 993 766 1058 stolorum,
827 994 1236 1062 prophetarum,
1307 1007 1628 1063 martyrum,
1687 1001 1741 1045 et
1802 990 2045 1044 omnium

479 1095 794 1140 sanctorum
827 1096 991 1154 atque
1013 1085 1310 1153 justorum.
1348 1082 1660 1150 Quinetiam
1684 1098 1869 1136 sacras
1915 1081 2049 1134 isto-

480 1191 601 1229 rum
642 1176 1060 1231 intercessiones
1096 1215 1111 1239 ,
1147 1191 1266 1244 qua:
1284 1177 1574 1246 propitium
1603 1175 1767 1227 Deum
1790 1174 2040 1234 reddunt,

479 1281 719 1335 exposco
750 1284 763 1319 :
792 1265 1173 1321 sanctissimas
1198 1266 1359 1319 etiam
1399 1263 1676 1333 reliquias,
1713 1273 1767 1317 ut
1805 1261 1896 1315 Dei
1932 1275 2054 1330 gra-

482 1359 555 1413 tia
583 1359 834 1425 refertas,
877 1373 999 1414 cum
1037 1357 1141 1412 (ide
1173 1367 1227 1412 et
1263 1358 1456 1412 timore
1487 1355 1607 1410 colo
1639 1365 1694 1410 et
1734 1353 2048 1424 amplector.

557 1536 785 1592 Omnem
823 1552 1046 1608 quoque
1079 1537 1342 1591 divinitus
1388 1536 1704 1606 inspiratam
1753 1533 1969 1589 Veteris
2002 1541 2056 1587 et

482 1628 619 1685 Novi
651 1629 983 1685 Tesmmenti
1014 1629 1350 1700 Scripturam
1403 1631 1606 1700 recipio
1636 1648 1650 1684 :
1701 1631 2057 1696 omniumque

482 1722 610 1777 item
643 1722 953 1777 divinorum
1002 1722 1248 1784 Patrum,
1282 1722 1592 1783 doctorum.
1641 1732 1693 1777 et
1753 1723 2053 1777 monachu-

482 1832 605 1870 rum
640 1816 778 1870 vitas
809 1823 863 1868 et
897 1816 1077 1869 divina
1112 1816 1312 1886 scripta
1342 1816 1438 1885 (Ξ).
1492 1812 1606 1870 lloc
1649 1831 1780 1870 vero
1819 1816 2052 1870 dixerim

483 1919 704 1979 propter
725 1923 988 1963 vesanum
1020 1908 1173 1963 illum
1210 1910 1581 1978 Pamphilum,
1609 1909 1702 1980 qui
1728 1925 1792 1966 ex
1832 1907 2056 1965 Oriente

485 2002 704 2072 prodiit,
737 2010 790 2055 et
821 2001 921 2056 hos
962 2011 1185 2058 sanctos
1212 2003 1474 2064 traduxit,
1512 2001 1780 2065 Marcum,
1815 2005 2056 2072 inquam,

488 2093 706 2158 Isaiam,
728 2093 1186 2165 Barsanuphium,
1223 2093 1576 2158 Dorotheum,
1603 2103 1657 2148 et
1697 2093 2056 2166 Hesychium:

487 2201 594 2239 non
629 2185 846 2254 quidem
884 2185 1344 2255 Barsanuphium,
1407 2193 1463 2239 et
1520 2184 1738 2251 Isaiam,
1775 2193 1828 2238 et
1889 2185 2060 2239 Doro-

487 2277 698 2338 theum,
737 2277 858 2330 illos
898 2277 987 2344 qui
1019 2292 1143 2331 cum
1176 2276 1461 2346 Acephalis
1486 2276 1506 2308 ³
1544 2277 1856 2345 coacephali
1913 2278 2059 2346 pari-

487 2379 570 2424 ter
602 2369 822 2425 fuerunt
843 2379 900 2426 et
928 2369 1304 2436 Decacerati‘,
1355 2370 1501 2440 quod
1554 2370 1854 2433 dicebatur,
1906 2371 2062 2439 quasi

488 2477 838 2530 concornes;
891 2463 1094 2532 quique
1134 2479 1160 2514 a
1198 2463 1356 2517 beato
1400 2461 1713 2533 Sophronio
1765 2466 1815 2516 in
1849 2463 1970 2532 ejus
2001 2463 2064 2516 li-

488 2549 632 2604 bello
659 2549 680 2581 '
731 2551 1074 2605 anathemate
1098 2552 1424 2606 damnantur
1458 2574 1468 2606 :
1513 2569 1635 2607 cum
1685 2553 1884 2607 diversi
1919 2554 2060 2607 haud

493 2643 659 2697 dubie
685 2642 772 2697 isti
821 2643 1025 2696 fuerint
1053 2659 1082 2696 a
1115 2644 1409 2713 praedictis,
1444 2660 1581 2711 quos
1609 2659 1709 2714 ego
1741 2660 1807 2698 ex
1842 2656 2062 2714 paterna

496 2734 792 2788 traditione
849 2735 1074 2803 recipio,
1135 2746 1257 2805 post
1306 2739 1785 2806 interrogationem
1853 2737 2062 2791 Tarasii

491 2827 818 2897 patriarchae
853 2828 1212 2891 sanctissimi,
1261 2828 1601 2896 aliorumque
1631 2828 1734 2882 ﬁde
1777 2829 2063 2899 dignorum

495 2919 801 2983 hominum,
858 2929 970 2974 tum
1031 2920 1433 2985 indigenarum,
1491 2931 1604 2975 tum
1655 2921 2062 2976 Orientalium:

494 3020 704 3064 cumet
762 3010 1121 3082 Barsanuphii
1183 3012 1475 3081 imaginem
1519 3013 1572 3068 in
1635 3029 1794 3069 sacro
1852 3029 2066 3084 magna:

2148 716 2363 769 σθεῖσαν
2393 716 2450 768 ὲν
2480 711 2683 782 Νικαίᾳ.
2710 710 2771 762 τὸ
2799 708 3046 777 δεύτερον
3072 705 3215 759 κατὰ
3241 704 3352 756 τῶν
3383 704 3715 774 Χριστιανο-

2148 807 2492 879 κατηγόρων,
2526 802 2846 874 προσκυνῶν
2892 801 2987 853 καὶ
3027 797 3424 867 ἀποδεχόμενος
3474 795 3576 857 τὰς
3625 811 3718 847 σε-

2148 900 2287 963 πτάς
2321 899 2412 950 καὶ
2447 896 2596 968 ἱερὰς
2625 893 2834 956 εἰκόνας
2877 890 2970 944 τοῦ
3017 906 3076 941 τε
3108 888 3313 956 Κυρίου
3340 884 3499 955 ἡμῶν
3541 885 3721 955 Ἰησοῦ

2149 989 2404 1060 Χριστοῦ,
2436 991 2536 1056 τῆς
2561 987 2848 1049 Θεοτόκου,
2872 981 3206 1046 ἀποστόλων,
3227 979 3547 1048 προφητῶν,
3578 995 3724 1048 μαρ-

2149 1084 2350 1152 τύρων,
2381 1082 2476 1136 καὶ
2521 1081 2736 1134 πάντων
2782 1077 2890 1130 τῶν
2923 1074 3085 1128 ὁσίων
3118 1089 3177 1125 τε
3221 1073 3314 1125 καὶ
3357 1071 3610 1124 δικαίων.
3645 1071 3721 1123 Οὐ

2155 1177 2259 1246 μὴν
2286 1174 2420 1227 ἀλλὰ
2449 1173 2545 1227 καὶ
2571 1173 2671 1235 τὰς
2700 1170 2879 1224 αὐτῶν
2908 1167 3206 1238 ἀχράντους
3233 1163 3533 1236 πρεσϐείας
3570 1162 3724 1228 ἐξαι-

2151 1267 2244 1320 τοῦ
2254 1284 2348 1337 μαι
2376 1263 2829 1332 ίλεωποιουμένας
2849 1261 2909 1314 τὸ
2937 1261 3090 1312 Θεῖον
3111 1274 3125 1288 ·
3149 1255 3610 1331 προσπτύσσομαι
3637 1254 3727 1306 πί-

2155 1376 2271 1412 στει
2296 1375 2355 1410 τε
2411 1358 2505 1410 καὶ
2551 1355 2704 1426 φόϐῳ
2736 1355 2806 1406 τὰ
2837 1355 3078 1421 πανάγια
3125 1349 3308 1404 αὐτῶν
3362 1349 3617 1419 λείψανα,
3650 1346 3728 1408 ὡς

2155 1449 2380 1521 χάριτος
2412 1447 2562 1510 θείας
2588 1445 2853 1500 ἀνάπλεα.

2229 1543 2458 1611 Προσέτι
2485 1541 2581 1595 καὶ
2613 1541 2795 1593 πᾶσαν
2839 1537 3027 1590 Βίϐλον
3073 1536 3430 1590 θεόπνευστον
3481 1533 3732 1594 Παλαιᾶς

2155 1650 2216 1687 τε
2247 1633 2343 1686 καὶ
2383 1632 2591 1700 Καινῆς
2635 1631 2910 1700 Διαθήκης
2953 1628 3286 1698 ἀποδέχομαι
3311 1643 3324 1657 ⁸
3353 1626 3434 1678 ἐτι
3478 1625 3585 1694 μὴν
3633 1625 3734 1676 καὶ

2160 1725 2412 1778 ἁπάντων
2459 1722 2568 1776 τῶν
2619 1721 2922 1774 θεσπεσίων
2960 1719 3241 1790 Πατέρων,
3283 1716 3620 1771 διδασκάλων
3671 1731 3734 1767 τε

2159 1818 2251 1871 καὶ
2283 1815 2537 1886 ἀσκητῶν
2581 1813 2705 1877 τοὺς
2757 1813 2906 1884 βίους
2959 1812 3054 1864 καὶ
3087 1810 3154 1864 τὰ
3204 1810 3324 1863 θεία
3362 1808 3737 1878 συγγράμμα-

2157 1929 2246 1966 τα.
2286 1909 2458 1963 Τοῦτο
2487 1909 2544 1962 δὲ
2574 1907 2683 1977 ἐρῶ
2706 1907 2793 1960 διὰ
2816 1906 2909 1960 τὸν
2939 1905 3281 1976 φρενοϐλαϐῆ
3321 1901 3609 1972 Πάμφιλον
3638 1902 3736 1953 τὸν

2159 2001 2268 2055 ἀπὸ
2306 1999 2595 2069 Ἀνατολῆς
2620 1999 2976 2067 φοιτήσαντα,
3020 1996 3115 2050 καὶ
3161 1995 3350 2049 τούσδε
3389 1996 3516 2057 τοὺς
3549 1993 3736 2055 ὁσίους

2159 2093 2536 2153 διαϐάλλοντα,
2567 2091 2710 2159 λέγω
2743 2090 2807 2160 δὴ
2843 2089 3090 2157 Μάρκον,
3137 2088 3388 2147 Ἡσαΐαν,
3418 2083 3738 2156 Βαρσανού-

2163 2204 2304 2256 φιον,
2343 2184 2638 2257 Δωρόθεον,
2690 2183 2782 2236 καὶ
2820 2181 3093 2251 Ἠσύχιον.
3147 2181 3220 2234 Οὐ
3266 2180 3373 2250 μὴν
3421 2177 3728 2248 Βαρσανού-

2163 2299 2305 2350 φιον,
2331 2281 2423 2333 καὶ
2467 2277 2715 2337 Ἡσαΐαν,
2761 2276 2856 2330 καὶ
2896 2275 3197 2345 Δωρόθεον,
3245 2277 3371 2335 τοὺς
3422 2272 3534 2325 τῶν
3579 2273 3742 2323 Ἀκεο

2163 2375 2345 2443 φάλων
2396 2371 2820 2439 συνακεφάλους.
2848 2370 2942 2422 καὶ
2973 2367 3068 2422 τοῦ
3102 2367 3392 2436 λεγομένου
3427 2364 3730 2432 Δεκακερά-

2161 2485 2255 2520 του
2298 2463 2771 2536 συνομοκερώτους
2794 2479 2808 2492 ·
2839 2463 2934 2515 καὶ
2968 2462 3071 2514 ὑπὸ
3099 2460 3194 2513 τοῦ
3236 2461 3294 2512 ὲν
3320 2460 3497 2526 ἁγίοις
3520 2460 3730 2528 Σωφρο-

2165 2562 2276 2612 νίου
2313 2563 2369 2613 ἐν
2391 2558 2466 2628 τῷ
2499 2557 2727 2626 λιϐἐλλῳ
2762 2555 2925 2608 αὐτοῦ
2977 2551 3546 2623 ἀναθεματιζομένους
3567 2565 3583 2582 ⁸
3622 2551 3744 2602 ἐτέο

2166 2669 2275 2723 ρων
2297 2649 2540 2721 δηλονότι
2572 2649 2722 2717 παρὰ
2751 2646 2938 2699 τούσδε
2981 2645 3149 2698 ὄντων
3164 2645 3272 2697 τῶν
3296 2642 3744 2712 προειρημένων,

2165 2742 2259 2806 οὒς
2280 2742 2390 2811 ἐγὼ
2411 2741 2908 2812 πατροπαραδότως
2924 2738 3256 2807 ἀποδέχομαι
3281 2753 3292 2766 ·
3317 2737 3384 2789 δι’
3413 2737 3744 2807 ἐρωτήσεως

2166 2835 2260 2889 τοῦ
2293 2835 2393 2906 ἥδη
2421 2833 2945 2906 ἀρχιερατεύσαντος
2979 2830 3255 2900 Ταρασίου
3295 2829 3389 2883 τοῦ
3431 2829 3742 2896 ἀγιωτάτου

2169 2927 2535 2996 πατριάρχου,
2571 2927 2773 2995 ἑτέρων
2816 2941 2875 2976 τε
2915 2923 3244 2987 ἀξιοπίστων
3295 2921 3601 2992 ἀνθρώπων
3648 2921 3750 2973 αύ-

2169 3017 2433 3086 τοχθόνων
2458 3034 2516 3070 τε
2545 3018 2640 3069 καὶ
2662 3013 2995 3069 ἀνατολικῶν
3024 3030 3035 3042 ·
3065 3013 3206 3066 κατά
3233 3013 3294 3065 τὸ
3317 3014 3412 3065 καὶ
3437 3012 3535 3082 τὴν
3559 3012 3749 3064 εἰκόνα

495 3101 755 3157 Ecclesiae
809 3101 1099 3168 Vestiario,
1143 3121 1246 3156 una
1301 3119 1425 3158 cum
1473 3107 1737 3171 Antonio,
1784 3105 2065 3174 Ephraim,

2171 3108 2578 3179 Βαρσανουφίου
2616 3108 2675 3158 ὲν
2706 3109 2770 3175 τῇ
2817 3105 2936 3176 θείᾳ
2969 3105 3156 3174 ἔνδυτῇ
3199 3104 3300 3173 τῆς
3334 3103 3578 3172 μεγάλης
3627 3105 3749 3156 Ἐκο

495 3193 731 3264 aliisque
781 3195 988 3249 sanctis
1027 3193 1284 3250 Patribus
1338 3206 1551 3252 exstare
1610 3208 1867 3253 constet:
1927 3210 1978 3253 et
2014 3200 2065 3252 in

497 3302 689 3341 eorum
722 3287 971 3342 doctrina
1000 3288 1208 3341 nullum
1244 3289 1541 3357 impietatis
1580 3291 1866 3359 vestigium
1902 3291 2071 3345 oﬂen-

495 3378 710 3433 derim:
749 3380 846 3432 sed
895 3391 1163 3443 econtra,
1214 3396 1469 3452 magnum
1523 3384 1822 3451 spiritualis
1875 3383 2072 3438 anima;

499 3470 928 3538 compendium:
976 3474 1155 3541 quoad
1197 3474 1457 3527 nimirum
1504 3489 1603 3544 per
1633 3475 1954 3546 synodicam
1990 3477 2075 3530 in-

499 3561 850 3631 quisitionem
883 3578 1039 3618 error
1075 3565 1347 3634 quispiam
1389 3566 1443 3620 in
1480 3567 1586 3622 illis
1615 3567 2070 3638 deprehendatur.

499 3651 637 3706 Nam
670 3651 714 3705 si
747 3650 869 3706 illos
914 3653 1064 3721 ipsos
1098 3669 1221 3708 esse
1271 3655 1519 3725 liquebit,
1573 3658 1666 3726 qui
1726 3659 2075 3714 anathemate

500 3747 671 3801 notati
704 3745 948 3812 luerunt,
981 3758 1076 3801 aut
1110 3749 1177 3803 ab
1228 3749 1296 3804 iis
1338 3750 1539 3805 diversi
1578 3751 1708 3814 sint,
1766 3751 1957 3805 haeresi
1991 3759 2075 3803 ta-

502 3854 627 3893 men
661 3839 752 3893 illa
781 3839 1011 3894 inlectos
1041 3857 1057 3906 ;
1091 3839 1382 3895 anathema
1447 3841 1575 3906 illis,
1630 3851 1684 3896 et
1745 3841 2074 3903 catathema,

502 3939 559 3984 et
586 3931 1010 3998 pantaoathema
1044 3947 1074 3986 a
1108 3931 1266 3987 Patre
1292 3942 1347 3988 et
1373 3932 1512 3987 Filio
1531 3943 1586 3988 et
1621 3932 1828 4003 Spiritu
1858 3943 2072 3988 sancto.

573 4019 850 4077 Conﬁteor
884 4024 1107 4093 insuper
1138 4026 1499 4080 monasticam
1547 4035 1751 4080 statum
1785 4026 2072 4081 sublimem

502 4127 646 4175 esse,
668 4123 724 4167 et
749 4114 1048 4179 excelsum,
1069 4124 1124 4170 et
1149 4117 1478 4186 angelicum,
1509 4118 1677 4187 quiet
1708 4127 1928 4188 peccata
1957 4133 2078 4173 om-

505 4206 594 4260 nia
634 4216 904 4277 expurget
959 4209 1220 4264 absoluta:
1267 4211 1392 4265 vita:
1445 4209 1800 4281 perfectione,
1851 4221 1965 4265 tum
1998 4213 2080 4266 ni-

506 4298 706 4353 mirum
735 4299 782 4353 si
822 4315 887 4353 ex
939 4300 1112 4354 divini
1160 4304 1455 4372 magnique
1485 4302 1670 4358 Basilii
1715 4305 2076 4359 asceticorum

505 4389 716 4460 legibus
749 4392 908 4460 plene
949 4393 1200 4462 exigatur
1241 4405 1297 4448 et
1322 4410 1429 4450 non
1481 4396 1763 4450 dimidiata
1792 4411 1857 4450 ex
1895 4405 2077 4466 parte;

2174 3201 2402 3270 κλησίας
2422 3198 2931 3267 ὲνίστασθαιάγίοις
2971 3198 3273 3268 Πατράσιν,
3315 3197 3609 3265 Ἀντωνίῳ,
3655 3197 3749 3249 Ἐ-

2173 3292 2374 3364 φραῒμ,
2407 3294 2498 3345 καὶ
2526 3293 2766 3362 ἑτέροιςο
2805 3293 2899 3344 καὶ
2936 3289 3012 3353 ὡς
3044 3291 3117 3360 μή
3153 3306 3206 3342 τι
3253 3291 3310 3341 ὲν
3336 3292 3455 3351 ταῖς
3492 3288 3752 3341 διδασκα-

2172 3385 2315 3452 λίαις
2361 3383 2538 3437 αὐτῶν
2581 3380 2832 3454 εὑρηκὼς
2885 3380 3177 3448 ἀσέϐημα·
3208 3378 3520 3431 τούναντίον
3564 3377 3622 3430 δὲ
3656 3378 3752 3430 καὶ

2173 3476 2376 3546 πολλὴν
2401 3475 2638 3546 ψυχικὴν
2672 3474 3036 3526 λυσιτέλειανο
3069 3470 3261 3540 μέχρις
3291 3469 3357 3523 ἂν
3385 3470 3484 3522 καὶ⁵
3505 3470 3600 3522 ἐπὶ.
3621 3468 3749 3521 τού-

2173 3588 2281 3623 των
2307 3569 2392 3622 διὰ
2426 3567 2710 3636 συνοδικῆς
2755 3564 3134 3635 ὲπιζητήσεως
3181 3562 3531 3631 ἀποδειχθείη
3579 3579 3632 3615 τι
3661 3561 3753 3628 εγ-

2174 3663 2378 3732 κλημα.
2413 3662 2475 3714 Εἰ
2506 3661 2614 3731 γάρ
2644 3660 2798 3712 αὑτολ⁵
2821 3660 3022 3711 ἐκεῖνοι
3056 3656 3356 3726 φανείησαν
3384 3657 3434 3708 οί
3467 3654 3751 3724 ἀναθεμα-

2173 3753 2471 3824 τιζόμενοι,
2499 3753 2532 3824 ἢ
2564 3753 2743 3823 ἕτεροι
2771 3752 2901 3821 παρ’
2929 3750 3127 3812 αὐτοὺς
3171 3749 3383 3821 αἱρέσει
3414 3748 3755 3817 ὑποϐληθέν-

2173 3863 2285 3908 τες,
2317 3846 2564 3914 ἀνάθεμα
2591 3845 2795 3906 αὐτοῖς.
2823 3843 2917 3895 καὶ
2954 3841 3261 3909 κατάθεμα,
3287 3840 3383 3894 καὶ
3416 3841 3756 3894 παντανάθε-

2179 3954 2256 4007 μα
2284 3936 2394 3989 ἀπὸ
2418 3934 2629 4006 Πατρὸς
2655 3935 2749 3987 καὶ
2783 3933 2911 3986 Υἱοῦ
2944 3932 3038 3985 καὶ
3067 3932 3222 3998 ἁγίου
3263 3930 3610 3999 Πνεύματος.

2249 4023 2602 4094 Συνομολογῶ
2623 4024 2681 4078 δὲ
2716 4023 2852 4094 πρὸς
2879 4021 3088 4085 τούτοις
3113 4021 3280 4075 καὶτὸ
3310 4021 3600 4090 μοναδικδν
3624 4024 3758 4090 σχῆ-

2181 4136 2257 4189 μα
2278 4117 2480 4188 ὑψηλόν
2511 4134 2569 4169 τε
2600 4112 2739 4170 εἶναι
2786 4117 2879 4168 καὶ
2919 4115 3248 4186 ἐπηρμένον,
3297 4114 3389 4166 καὶ
3440 4113 3754 4180 ἀγγελικδν,

2179 4212 2509 4281 καθαρτικόν
2538 4228 2596 4264 τε
2621 4212 2803 4281 πάσης
2831 4211 3107 4280 ἁμαρτίας
3133 4210 3222 4262 διὰ
3263 4209 3475 4271 τελείας
3527 4207 3755 4259 ἐπιϐιώ-

2182 4319 2351 4367 σεωςο
2379 4304 2599 4374 εὔδηλον
2625 4304 2768 4358 κατά
2798 4303 2897 4374 τὴν
2920 4302 3243 4371 νομοθεσίαν
3289 4301 3399 4352 τῶν
3436 4300 3757 4368 ἀσκητικῶν

2181 4397 2277 4449 τοῦ
2306 4396 2450 4448 θείου
2482 4397 2572 4448 καὶ
2616 4394 2852 4464 μεγάλου
2896 4392 3176 4445 Βασιλείαυ
3219 4390 3628 4459 διεξαγὸμενον,
3667 4393 3758 4443 καὶ

509 4493 568 4538 ιιι
607 4484 784 4539 solent
816 4484 1064 4552 quidam,
1096 4485 1190 4553 qui
1249 4487 1429 4555 aliqua
1491 4487 1807 4549 desumunt,
1840 4463 1966 4544 alia.
2020 4498 2065 4540 ut

2183 4490 2282 4541 οὐκ
2310 4490 2370 4552 ἐξ
2394 4463 2686 4554 ἡμισείας·
2722 4485 2797 4547 ῶς
2823 4486 2897 4554 πή
2935 4500 3078 4547 τινες
3101 4483 3168 4535 τὰ
3199 4483 3296 4552 μὲν
3324 4481 3665 4552 αίρούμενοι,
3690 4482 3757 4535 τὰ

508 4579 703 4649 placet,
746 4581 1049 4634 omittunt:
1080 4580 1154 4634 ita
1204 4591 1262 4633 ut
1289 4590 1440 4633 extra
1491 4590 1603 4634 tres
1653 4581 1852 4648 gradus
1886 4579 1978 4647 qui
2025 4579 2078 4631 in

508 4671 689 4725 divina
721 4673 866 4727 scala
901 4674 1106 4727 ostensi
1159 4681 1306 4737 sunt,
1342 4674 1503 4726 vitam
1545 4673 1686 4726 hanc
1721 4671 1956 4738 legitime
1982 4672 2081 4723 du-

509 4780 632 4818 eere
660 4781 766 4818 non
791 4765 951 4819 liceat
979 4782 992 4818 :
1017 4779 1122 4817 non
1148 4780 1366 4819 servum
1401 4764 1701 4834 possidere,
1731 4778 1837 4816 non
1866 4763 2082 4832 jumen-

513 4866 626 4910 tum
674 4871 839 4910 sexus
894 4855 1112 4910 feminei
1176 4871 1410 4925 quorum
1469 4864 1760 4922 utrumque
1806 4855 1876 4908 ab
1934 4850 2085 4909 iusti-

515 4954 633 4998 tuto
688 4946 923 4999 alienum
977 4957 1080 5009 est,
1121 4955 1174 4999 et
1228 4947 1423 4999 animae
1478 4945 1861 5014 periculosum.
1907 4945 2085 5012 Atque

518 5037 632 5090 hmc
655 5052 756 5106 ego
790 5037 994 5093 cursim
1036 5037 1223 5106 paucis
1253 5037 1752 5106 perstrinxi,neque
1773 5035 1915 5089 enim
1945 5045 2083 5088 tem-

520 5144 621 5196 pus
674 5130 904 5197 patitur,
940 5140 997 5184 ut
1031 5131 1277 5197 pluribus
1311 5143 1576 5198 expooam
1600 5168 1613 5192 ,
1646 5143 1713 5181 ne
1769 5129 1894 5195 quis
1944 5125 2084 5183 forte

519 5221 650 5274 mihi
709 5238 928 5291 pravam
982 5221 1295 5289 opinionem
1349 5221 1651 5286 attribuat,
1689 5230 1878 5275 contra
1919 5236 2082 5288 quam

515 5321 662 5366 recte
689 5314 864 5367 sentio
886 5323 940 5366 et
963 5314 1151 5368 doceo.

589 5469 623 5506 ⁸ο
643 5470 769 5524 Sine
812 5472 1011 5540 capite.

2181 4581 2237 4633 δὲ
2265 4579 2582 4645 ὲπαφιέντες
2604 4595 2617 4609 ο
2653 4577 2790 4630 ὥστε
2838 4577 2912 4647 μὴ
2950 4574 3091 4629 εἶναι
3148 4577 3277 4629 ἄνευ
3311 4575 3419 4628 τῶν
3445 4576 3504 4626 ἐν
3535 4578 3601 4643 τῇ
3631 4575 3754 4646 θείᾳ

2185 4671 2416 4742 κλίμακι
2455 4669 2926 4739 ἀποδεδειγμένων
2954 4668 3120 4739 τριῶν
3161 4669 3576 4735 καταστάσεων,
3605 4671 3757 4736 αἱρε-

2183 4766 2276 4817 τὸν
2308 4763 2484 4827 ἄλλως
2522 4781 2637 4826 πως
2687 4763 2934 4832 νομίμως
2998 4760 3283 4815 ἐπιϐιῶναι
3317 4777 3329 4789 ·
3364 4761 3426 4813 οὐ
3473 4762 3583 4831 μὴν
3635 4761 3760 4813 οὔτε

2187 4857 2370 4910 δοῦλον
2393 4853 2859 4925 κεκτῆσθαι,οὖτε
2894 4853 3088 4920 κτῆνος
3136 4851 3245 4904 τῶν
3293 4851 3358 4904 ἐκ
3408 4850 3503 4903 τοῦ
3557 4850 3763 4919 θήλεως

2190 4948 2403 5014 γένους,
2430 4946 2516 4999 διὰ
2541 4945 2602 4996 τὸ
2635 4941 3019 4998 ἀνοίκειον-τοῦ
3050 4941 3468 5009 ἐπαγγέλματος
3489 4957 3500 4970 ·
3531 4943 3626 4992 καὶ
3644 4944 3764 4992 ἑπι-

2191 5038 2436 5091 κίνδυνον
2469 5039 2589 5099 ταῖς
2617 5036 2834 5106 ψυχαῖς.
2863 5035 2974 5087 Καὶ
3004 5032 3176 5085 ταῦτα
3201 5031 3415 5101 διῆλθον
3451 5034 3511 5084 ὲν
3543 5033 3762 5103 ἐπιδρο-

2195 5134 2291 5201 μῇ’
2331 5131 2391 5183 οὺ
2423 5129 2530 5200 γὰρ
2560 5129 2748 5199 καιρὸς
2785 5131 2884 5196 τῆς
2913 5125 3022 5178 τῶν
3054 5125 3311 5177 τοιούτων
3355 5124 3720 5190 ἐξαπλώσεως
3746 5141 3761 5156 ·

2194 5221 2331 5274 ἁλλά
2352 5222 2440 5274 διὰ
2470 5222 2530 5273 τὸ
2554 5222 2625 5291 μή
2653 5237 2805 5282 τινας
2835 5220 2915 5276 εἰς
2948 5218 3048 5286 ἐμὲ
3080 5218 3177 5288 τὴν
3207 5219 3426 5288 χείρονα
3450 5217 3611 5281 δόξαν
3630 5219 3761 5270 ὑπο-

2194 5314 2521 5384 λαμϐάνειν,
2559 5313 2693 5382 παρ’
2725 5311 2752 5364 ὃ
2783 5311 2963 5381 φρονῶ
2991 5309 3162 5381 ὀρθῶς
3193 5312 3284 5363 καὶ
3315 5307 3549 5376 δοξάζω.

1094 5470 1117 5501 δ
1147 5469 1339 5526 Decem
1369 5487 1635 5526 cornuum
1659 5471 1882 5526 hazresis
1909 5471 2202 5542 principes.
2281 5471 2302 5502 '
2338 5469 2393 5524 In
2423 5471 2660 5525 concilio
2681 5484 2752 5534 Vl,
2784 5477 2888 5522 art.
2923 5468 3011 5535 ll,
3033 5483 3157 5538 pag.
3189 5467 3313 5522 990.

2028 5626 2260 5681 ΝΟΤᾸΞ.

591 5718 668 5788 (2)
706 5716 804 5772 llic
829 5716 1097 5772 Theodori
1132 5719 1283 5773 locus
1317 5719 1575 5772 recitatur
1614 5719 1665 5773 in
1700 5717 2021 5774 Praefatione
2061 5719 2125 5774 ad
2168 5718 2449 5773 Doctriuas
2490 5715 2549 5776 Β.
2591 5719 2869 5783 Dorothei,
2911 5719 3246 5776 Bibliothecw
3289 5719 3511 5776 Patrum
3554 5720 3768 5777 Gracu-

520 5789 750 5854 Latt'mt,
782 5801 910 5843 tum.
946 5789 984 5854 Ι,
1015 5807 1132 5861 pag.
1177 5791 1293 5845 744.
1332 5793 1382 5843 li.
