3968 6440
211 391 353 456 1817

601 493 740 561 Περὶ
779 491 889 548 τοῦ
924 495 1074 560 παθη
1083 494 1391 563 pauperat).

285 583 508 637 Τούτων
537 584 634 653 μὲν
666 583 839 648 οὕτως
870 584 1123 655 ἐχόντων,
1152 583 1401 657 δεύτερόν
1427 587 1578 642 ἐστιν
1604 591 1779 643 εἰπεῖν

213 680 310 730 καὶ
342 676 471 746 περὶ
498 674 592 728 τοῦ
621 674 1055 746 καθηγουμένου.
1094 676 1322 748 ’Δφίημι
1351 678 1532 733 τοίνυν
1563 682 1778 752 πρῶτον

216 769 322 838 μὲν
353 768 444 820 τὸν
494 768 681 838 κύριον
709 769 802 820 καὶ
839 769 1050 838 Πατέρα
1093 787 1193 837 μου
1239 770 1332 824 καὶ
1368 770 1586 842 Πατέρα
1625 773 1778 843 ὑμῶν

211 861 306 910 τὸν
362 857 654 911 ὁσιώτατον
697 859 1065 926 Ἐγκλειστον,
1119 860 1213 914 καὶ
1241 860 1478 929 Πατέρα,
1525 863 1621 917 καὶ
1666 881 1778 934 φω-

213 948 416 1016 στῆρα,
451 947 546 1000 καὶ
576 946 914 1001 διδάσκαλον.
931 947 1102 1008 Αὐτὸς
1129 949 1308 1018 κάμοῦ
1334 950 1429 1004 καὶ
1460 951 1616 1020 ὑμῶν
1643 969 1778 1026 προ-

212 1039 559 1108 καθέστηκεν
589 1041 646 1092 ὲν
694 1039 905 1109 Κυρίῳ,
950 1041 1044 1093 καὶ
1081 1040 1408 1094 καθίσταται
1453 1042 1686 1113 κεφαλὴ,
1728 1046 1777 1098 εί

211 1131 313 1182 καὶ
343 1129 685 1198 ὑπεξήγαγεν
713 1131 1028 1193 ἐαυτὸν,διὰ
1043 1131 1485 1203 Χριστομίμητον
1506 1134 1779 1188 ταπείνω-

214 1237 304 1272 σιν
327 1219 499 1272 τελῶν
525 1222 584 1273 ὲν
619 1220 817 1291 ἡσυχία
838 1236 853 1251 ο
885 1216 947 1276 οὗ
973 1224 1092 1285 ταῖς
1117 1222 1358 1291 όδηγίαις
1387 1239 1448 1277 τι
1485 1224 1579 1277 καὶ
1607 1241 1779 1294 προσ-

211 1314 402 1382 ευχαῖς
448 1310 685 1364 πιστεύω
732 1311 876 1381 ὑμᾶς
929 1312 1307 1384 σωθήσεσθαιο
1332 1314 1491 1386 εἴπερ
1542 1315 1638 1370 καὶ
1681 1315 1780 1386 τὴν

210 1401 444 1455 δέουσαν
474 1400 608 1471 πρὸς
638 1403 798 1456 αὐτὸν
821 1393 1221 1476 ἁντεισφέροιτε
1247 1404 1557 1459 εὐπείθειάν
1582 1423 1643 1460 τε
1683 1406 1780 1460 καὶ

213 1495 484 1563 ὑπακοήν.
523 1495 753 1549 Ἔπειτα
787 1495 846 1548 ὃν
885 1497 950 1549 ὲκ
991 1494 1170 1549 κοινοῦ
1210 1495 1390 1567 ψήφου
1435 1496 1778 1567 θεοπρεπῶς,

212 1583 637 1654 προηγουμένης
675 1584 777 1654 τῆς
821 1585 1095 1656 πατρικῆς
1132 1585 1344 1656 βουλῆς,
1385 1587 1775 1658 προστήσεσθε.

225 1668 415 1744 Ἑφίἷ›
462 1676 570 1748 γάρ
606 1675 816 1729 εὐδοκεῖ
867 1679 1015 1732 πᾶσα
1060 1679 1094 1747 ἠ
1132 1678 1448 1750 ἀδελφότης,
1516 1679 1779 1750 ὲπόμενόν

193 1768 338 1819 ’ἐστι
365 1771 460 1821 καὶ
484 1768 543 1820 τὸ
581 1768 713 1837 ἐμὸν
741 1768 972 1839 θέλημα.
1018 1769 1178 1823 Ἀλλά
1208 1770 1387 1840 δεῦρο,
1414 1766 1460 1825 ὧ
1478 1772 1658 1843 Πάτερ
1687 1773 1780 1826 καὶ

212 1859 438 1927 ἀδελφέ,
465 1861 612 1922 ὅστις
643 1859 709 1914 ἂν
738 1863 854 1930 εἴης
879 1876 895 1893 ⁸
930 1862 1036 1916 ίδοὺ
1075 1862 1414 1934 παρατίθημί
1438 1881 1520 1917 σοι
1551 1863 1780 1918 ἐνώπιον

208 1949 308 2002 τοῦ
343 1949 480 2003 Θεοῦ
533 1951 627 2004 καὶ
676 1951 785 2003 τῶν
829 1953 1102 2006 ἐκλεκτῶν
1133 1953 1379 2022 ἀγγέλων
1410 1953 1575 2008 αὑτοῦ
1602 1957 1782 2008 πᾶσαν

209 2041 316 2108 τὴν
371 2041 442 2096 ὲν.
479 2041 700 2111 Χριστῷ
742 2042 1108 2112 ἀδελφότηταο
1141 2044 1290 2109 ὅπως
1341 2043 1508 2116 αὐτὴν
1551 2045 1779 2117 είσδέξῃ.

211 2131 346 2195 Πῶς
368 2132 423 2185 δὲ
461 2133 770 2204 προσλάϐῃς
795 2150 810 2199 ;
839 2135 1038 2205 eum;
1082 2135 1138 2189 δὲ
1176 2136 1501 2207 όδηγὴσεις;
1529 2136 1782 2202 ποδαπῶς

210 2222 274 2275 δὲ
308 2222 698 2291 διαφυλάξεις;
737 2225 823 2288 Ὠς
877 2226 1046 2298 ἄρνας
1090 2227 1325 2297 Χριστοῦ
1351 2243 1369 2260 ο
1391 2227 1467 2291 ὡς
1515 2228 1651 2299 μέλη
1687 2243 1781 2282 σου

214 2311 450 2381 φίλτατα
477 2328 490 2342 ·
524 2313 744 2366 θάλπων
798 2315 890 2367 καὶ
946 2316 1222 2386 περιέπων
1243 2355 1260 2382 ,
1294 2316 1389 2370 καὶ
1439 2317 1783 2388 ίμειρόμενος

215 2405 340 2468 ἐνὸς
368 2405 620 2472 ἑκάστου,
652 2406 792 2460 κατὰ
817 2406 880 2459 τὸ
908 2408 1025 2462 τσον
1052 2411 1147 2479 τῆς
1173 2410 1390 2478 ἀγάπης
1437 2409 1634 2480 μέτρον
1657 2424 1675 2442 ο
1701 2409 1782 2463 ὅτι

214 2497 478 2566 ἐπίσηςή
519 2498 717 2567 στοργὴ
758 2497 865 2551 τῶν
912 2499 1089 2569 μελῶν
1132 2499 1226 2553 τοῦ
1274 2503 1523 2569 σώματός
1549 2503 1696 2555 ἐστιν
1725 2503 1783 2553 ὲν

219 2589 436 2658 ἑκάστῳ
465 2589 753 2658 ἀνθρώπῳ.
801 2589 1077 2657 Διάνοιξόν
1133 2608 1216 2644 του
1278 2592 1345 2644 τὰ
1402 2592 1683 2662 σπλάγχνα
1725 2593 1783 2644 ὲν

221 2677 567 2749 συμπαθείᾳ’
605 2681 890 2734 είσοίκισαι
919 2682 1042 2744 τοὺς
1075 2682 1278 2740 πάντας
1309 2683 1369 2734 ὲν
1403 2682 1739 2755 ἐλεημοσύνη
1763 2696 1781 2714 ο

220 2767 512 2836 τιθήνησαι
542 2767 740 2830 αύτούς
763 2785 778 2801 ο
811 2768 1203 2839 ἁναμόρφωσον
1235 2769 1429 2832 αύτούς
1451 2787 1463 2801 ·
1496 2771 1783 2824 τελείωσον

222 2858 422 2919 αὐτοὺς
455 2858 512 2909 ὲν
547 2859 736 2927 Κυρίῳ
759 2897 774 2911 .
805 2859 1029 2922 ὐξυνόν
1062 2876 1152 2911 σου
1181 2860 1280 2928 τὴν
1316 2859 1550 2912 διάνοιαν
1577 2860 1782 2930 φρονή-

221 2965 308 3000 σει
333 2965 348 2978 ’
390 2948 655 3016 διέγειρόν
686 2966 779 3001 σου
809 2950 869 3002 τὸ
887 2950 1164 3019 πρόθυμον
1190 2952 1246 3002 ὲν
1263 2951 1485 3022 ἀνδρείᾳ
1507 2965 1522 2979 ·
1556 2951 1785 3019 στερέω-

223 3040 317 3092 σόν
355 3057 448 3092 σου
501 3041 598 3109 τὴν
647 3041 875 3111 καρδίαν
911 3043 967 3094 ἐν
1007 3041 1185 3094 πίστει
1226 3043 1320 3095 καὶ
1348 3041 1551 3095 ἐλπίδν
1583 3041 1780 3112 προπό-

1532 389 2114 453 TESTAMENTUM.

1800 502 1847 554 Δ

3281 384 3415 447 18ιὸ

2428 493 2500 550 De
2525 499 2823 564 pra-posito.

1939 585 2035 644 His
2076 597 2254 643 autem
2292 587 2366 641 ita
2396 590 2729 654 constitutis,
2756 591 3063 659 proximum
3108 600 3211 650 est.
3256 604 3315 648 ut
3344 597 3423 648 di-

1866 696 1986 738 cam
2042 681 2110 735 de
2175 679 2483 749 praposito.
2527 678 2768 734 Primum
2832 682 2994 750 igitttr
3043 685 3324 738 dominum
3373 696 3425 739 et

1869 781 2069 841 patrem
2101 785 2276 824 meum
2326 785 2389 824 ac
2411 778 2618 839 patrem
2655 783 2892 825 vestrum
2927 773 3172 842 relinquo
3196 779 3420 830 sanctis-

1866 861 2063 918 simum
2109 860 2423 923 Reclusum,
2464 862 2711 916 eumdem
2755 871 2810 916 et
2859 872 3098 932 patrem,
3134 873 3187 919 et
3221 867 3420 927 lmnen,

1865 963 1921 1011 et
1942 939 2282 1023 magistrum.
2315 952 2409 1007 Ille
2438 953 2570 1006 mihi
2592 963 2648 1008 et
2675 953 2828 1008 vobis
2850 953 3064 1023 prwfuit
3088 956 3138 1008 in
3166 954 3420 1017 Domino,

1865 1054 2136 1116 caputque
2178 1053 2424 1098 nostrum
2465 1053 2572 1108 est,
2598 1047 2850 1112 quamvis
2888 1046 3126 1114 seipsum
3152 1047 3425 1101 subduxe-

1866 1138 1956 1202 rit,
1993 1136 2063 1191 ob
2091 1134 2291 1191 Christi
2320 1135 2566 1189 aemulam
2607 1136 2967 1190 humilitatem
3012 1138 3210 1207 degens
3255 1138 3309 1190 in
3347 1138 3426 1193 si-

1869 1228 2070 1285 lentio:
2102 1228 2260 1297 cujus
2291 1228 2457 1282 ductu
2497 1243 2559 1282 ac
2590 1228 2840 1297 precibus
2868 1229 3078 1283 conlldo
3109 1244 3205 1283 vos
3243 1230 3424 1282 salvus

1866 1320 2003 1386 fore,
2041 1323 2085 1377 si
2115 1322 2276 1376 modo
2319 1330 2704 1389 congruentem
2737 1335 2865 1389 erga
2897 1321 3047 1374 illum
3099 1320 3256 1374 tidem
3291 1323 3421 1374 ohe-

1864 1414 2229 1483 dientiamque
2248 1411 2554 1482 praebeatis.
2588 1411 2792 1467 Deinde
2832 1428 2992 1481 quem
3027 1412 3125 1481 ipsi
3151 1412 3421 1466 communi

1864 1505 2073 1562 calculo
2101 1503 2380 1565 divinitus,
2427 1509 2655 1571 paterno
2703 1503 2930 1556 consilio
2961 1513 3252 1570 praeeunte,
3285 1519 3426 1572 prte-

1865 1597 2077 1653 llcietis.
2091 1593 2148 1650 In
2167 1609 2277 1665 quo
2291 1595 2436 1648 enim
2454 1594 2795 1648 consenserit
2818 1592 3128 1649 fraternitas
3148 1595 3420 1658 universa,

1864 1699 1919 1744 et
1939 1689 2062 1744 huic
2081 1703 2184 1757 ego
2210 1687 2384 1742 libens
2406 1686 2703 1754 volensque
2728 1686 3016 1757 suifragor.
3037 1686 3237 1741 Verum
3274 1688 3422 1747 ades,

1865 1790 2015 1849 pater
2058 1795 2122 1835 ac
2173 1778 2376 1842 frater,
2425 1780 2735 1848 quicunque
2785 1777 2998 1833 futurus
3035 1792 3136 1832 es:
3189 1792 3255 1831 en
3304 1778 3424 1831 fidei

1866 1879 1971 1926 tum
2001 1871 2157 1926 trado
2180 1871 2233 1924 in
2282 1870 2456 1924 oculis
2506 1869 2617 1932 Dei,
2659 1870 3065 1939 electorumque
3110 1871 3422 1938 angulorum

1865 1963 2006 2030 ejus,
2043 1970 2210 2013 totam
2240 1958 2295 2012 in
2325 1957 2543 2013 Christo
2565 1957 2985 2018 fraternitatem.
3018 1966 3075 2010 ut
3106 1973 3223 2011 eam
3252 1958 3425 2011 susci-

1865 2053 2003 2122 pias.
2030 2053 2100 2106 At
2127 2050 2402 2121 quomodo
2450 2050 2685 2120 accipies
2710 2049 2733 2104 ἳ
2775 2065 2884 2120 quo
2911 2060 3068 2118 pacto
3099 2050 3292 2120 reges?
3317 2065 3424 2118 qua

1866 2143 2077 2200 ratione
2100 2139 2701 2209 custodies'l'l‘anquam
2729 2156 2899 2209 agnos
2922 2140 3145 2204 Christi,
3171 2150 3423 2209 tanquam

1866 2234 2106 2289 membra
2132 2241 2224 2287 tua
2245 2232 2590 2294 charissima,
2637 2232 2846 2297 fovens,
2875 2247 3195 2300 procurans.
3220 2241 3269 2283 et
3304 2232 3426 2283 dili-

1867 2342 1998 2397 gens
2049 2340 2513 2394 unumquemque,
2545 2323 2696 2393 juxta
2729 2339 2938 2393 aequam
2969 2322 3246 2376 churitatis
3275 2338 3423 2375 men-

1870 2431 2105 2479 suram;
2135 2414 2390 2483 quoniam
2425 2429 2489 2469 ex
2525 2429 2681 2483 aequo
2708 2414 2949 2467 membra
2983 2413 3229 2482 corporis
3256 2412 3429 2481 diligit

1868 2506 2268 2574 unusquisque.
2299 2504 2460 2572 Aperi
2489 2503 2694 2558 viscera
2719 2515 2807 2555 tua
2833 2501 2886 2554 in
2911 2499 3387 2555 commiseratione
3411 2516 3425 2554 :

1868 2593 2120 2651 introduc
2171 2608 2362 2648 omnes
2397 2593 2450 2647 in
2505 2591 2876 2647 misericordia
2916 2608 2930 2645 :
2967 2592 3106 2646 laeta
3146 2593 3269 2646 illos
3302 2611 3316 2646 :
3346 2608 3429 2646 re-

1870 2686 2040 2742 forma
2068 2688 2189 2740 illos
2219 2703 2234 2739 :
2269 2687 2465 2755 perfice
2488 2685 2606 2738 illos
2643 2685 2696 2738 in
2731 2683 2981 2738 Domino.
3015 2684 3163 2738 Acue
3193 2696 3428 2738 mentem

1870 2786 2014 2831 tuam
2037 2777 2338 2845 prudentia,
2364 2774 2539 2829 excita
2564 2773 2896 2844 diligentiam
2923 2772 3239 2828 fortitudine
3264 2791 3277 2828 :
3305 2789 3432 2828 con-

1877 2871 2027 2922 firma
2065 2878 2252 2936 pectus
2299 2865 2405 2920 fide
2453 2879 2517 2919 ac
2549 2881 2685 2933 spe:
2739 2879 3010 2932 praeurre
3035 2865 3140 2919 illis
3176 2865 3240 2918 ad
3271 2879 3431 2917 omne

1876 2972 2014 3027 opus
2045 2958 2242 3010 bonum
2278 2973 2293 3022 ;
2328 2971 2601 3025 propugua
2640 2953 2902 3009 adversus
2928 2955 3199 3025 spiritales
3250 2954 3432 3009 inimi-

1869 3061 1964 3103 cos
1984 3065 1998 3100 :
2017 3045 2264 3111 defende,
2286 3046 2458 3115 dirige
2482 3062 2495 3105 :
2516 3048 2715 3114 perduc
2737 3046 2858 3098 illos
2884 3045 2952 3098 ad
2975 3046 3187 3097 virtutis
3214 3045 3392 3098 sedem
3415 3063 3426 3097 :

227 3146 418 3198 ρευσαι
460 3130 637 3183 αὐτῶν
663 3133 718 3183 ἐν
772 3131 918 3201 πάσῃ
965 3130 1332 3202 ἀγαθοεργίᾳ⁸
1370 3131 1781 3201 προπολέμησον

1874 3137 2048 3192 divide
2078 3137 2182 3192 illis
2209 3145 2408 3191 terram
2449 3138 2754 3206 tranquillae
2797 3137 3084 3192 affectuum
3122 3137 3429 3191 vacuitatis.

223 3220 364 3272 κατὰ
384 3219 491 3274 τῶν
519 3222 722 3290 νοητῶς
752 3223 1072 3292 μαχομένων
1094 3237 1109 3254 ⁸
1141 3223 1510 3293 ὑπεράσπισαι
1535 3237 1548 3250 °
1579 3221 1783 3274 διευθέ-

223 3328 389 3381 τησον
413 3327 428 3341 ·
455 3311 717 3380 εἰσάγαγε
747 3313 946 3376 αὐτοὺς
972 3316 1051 3378 είς
1099 3313 1191 3368 τὸν
1233 3313 1328 3382 τῆς
1357 3313 1557 3384 ἀρετῆς
1584 3312 1745 3366 τόπον
1766 3328 1782 3345 ·

1872 3225 2158 3295 Propterea
2211 3226 2461 3280 mandata
2523 3227 2636 3280 haec
2686 3227 2783 3280 tibi
2830 3232 2919 3292 do,
2961 3243 3082 3297 quae
3137 3227 3427 3281 observare

1871 3318 2184 3373 necessario
2210 3316 2396 3370 debes.

217 3403 612 3475 κληροδότησαι
639 3401 734 3470 τὴν
765 3402 870 3473 γῆν
900 3403 996 3473 τῆς
1017 3403 1289 3470 ἀπαθείας
1318 3444 1333 3461 .
1369 3405 1464 3460 Διὸ
1516 3405 1611 3461 καὶ
1669 3403 1975 3476 ἐντέλλομαί
2031 3427 2116 3465 σοι
2155 3411 2254 3472 τάς
2320 3407 2542 3470 ἐντολὰς
2576 3408 2797 3472 ταύτας,
2848 3409 3028 3479 ἅσπερ
3070 3407 3432 3478 διακρατῆσαι

216 3495 453 3561 ὀφείλεις
487 3491 632 3545 κατὰ
657 3492 716 3544 τὸ
742 3493 1056 3560 ἀναγκαῖον.

577 3601 847 3656 Ἐντολαί
878 3599 956 3665 τῷ
993 3597 1428 3667 καθηγουμένῳ.

279 3726 351 3775 α’.
385 3720 460 3774 Οὐ
491 3715 790 3780 διαλλάξεις
832 3708 923 3766 οὖν
961 3712 1019 3765 δν
1066 3709 1401 3781 προσέλαϐες
1453 3706 1622 3761 τύπον
1680 3707 1775 3761 καὶ

213 3812 414 3863 κανόνα
446 3807 592 3877 παρὰ
629 3807 728 3876 τῆς
756 3800 1136 3865 ταπεινώσεώς
1171 3817 1272 3872 μου
1303 3803 1362 3853 ὲν
1391 3799 1616 3864 άπασιν,
1646 3798 1774 3853 ἄνευ

214 3901 648 3971 κατεπειγούσης
671 3901 934 3967 ἀνάγκης.

287 4015 353 4084 β’.
386 4015 461 4068 Ού
497 4016 670 4083 κτήσῃ
699 4009 792 4064 τοῦ
834 3989 1039 4080 κόσμου
1085 4007 1277 4061 τούτου
1305 4024 1384 4073 τι,
1413 4004 1534 4059 οὐδὲ
1563 4003 1774 4074 ἀποθη-

219 4107 500 4177 σαυρίσεις
526 4103 823 4175 ίδιορίστως
851 4104 930 4166 είς
967 4100 1159 4155 ἑαυτὸν
1203 4098 1365 4169 μέχρι
1391 4097 1486 4151 καὶ⁵
1529 4095 1647 4159 ἑνὸς
1677 4096 1779 4167 dp-

217 4199 438 4270 γυρίου.

291 4308 361 4381 Υ.
393 4310 470 4363 Οὐ
503 4307 838 4377 διαμερίσεις
866 4308 964 4377 τὴν
981 4304 1159 4375 ψυχὴν
1199 4301 1294 4355 καὶ
1313 4301 1412 4372 τὴν
1438 4299 1666 4370 καρδίαν
1685 4316 1778 4352 σου

219 4406 280 4458 ἐν
308 4401 491 4472 σχέσει
531 4400 624 4453 καὶ
667 4397 925 4469 φροντίδι,
965 4396 1116 4466 παρὰ
1159 4397 1283 4458 τοὺς
1326 4393 1429 4446 ὑπὸ
1454 4392 1588 4446 Θεοῦ
1622 4407 1781 4443 πεπι-

2238 3587 2495 3642 Mandata
2523 3590 2804 3658 praeposito
2835 3591 3058 3644 tradita.

1943 3699 1995 3752 1.
2027 3696 2142 3752 Non
2176 3699 2340 3769 igitur
2383 3700 2722 3766 immutabis,
2759 3704 2965 3771 absque
2993 3715 3216 3774 urgente
3246 3723 3434 3761 neces-

1873 3790 2053 3856 sitate,
2077 3789 2306 3845 fortnam
2337 3800 2391 3846 et
2424 3793 2869 3864 regulam,quam
2894 3797 2961 3850 ab
2989 3798 3290 3851 humilitate
3317 3815 3433 3852 mea

1875 3880 1929 3936 in
1959 3883 2213 3936 omnibus
2246 3884 2525 3950 accepisti.

1939 3992 1996 4046 2.
2028 3990 2144 4046 Non
2177 3995 2480 4062 possidebis
2507 4010 2571 4049 ex
2609 3995 2810 4048 mundo
2841 3997 2940 4049 hoc
2965 3997 3258 4066 quidquam
3291 4016 3305 4053 :
3340 4014 3435 4052 nec

1874 4081 1970 4137 tibi
2001 4085 2104 4154 ipsi
2131 4085 2346 4154 proprie
2377 4101 2605 4154 repones
2633 4087 2711 4138 vel
2738 4088 2956 4140 unicum
2986 4099 3326 4158 argenteum.

1938 4281 1994 4336 5.
2044 4281 2164 4336 Non
2196 4280 2406 4336 divides
2455 4283 2700 4335 animum
2737 4293 2789 4337 et
2827 4300 2922 4338 cor
2958 4297 3112 4339 tuum
3139 4288 3260 4341 aliis
3289 4289 3435 4342 curis

1871 4382 1926 4428 et
1952 4372 2428 4436 sollicitudinibus,
2462 4384 2677 4442 propter
2718 4390 2813 4430 eos
2855 4375 2945 4445 qui
2975 4377 3068 4429 tibi
3102 4391 3133 4431 a
3159 4377 3269 4432 Deo
3291 4395 3438 4432 com-

226 4469 574 4564 σιτεομένους,
602 4491 696 4545 καὶ
725 4489 816 4542 ὑπ’
855 4487 988 4558 ἐμοῦ
1017 4487 1500 4557 παραδεδομένους,
1520 4483 1614 4536 καὶ
1636 4497 1780 4549 γενο-

1874 4469 2044 4529 missi,
2063 4477 2116 4522 et
2143 4484 2170 4521 a
2199 4483 2286 4522 me
2306 4469 2487 4522 traditi
2517 4478 2665 4531 sunt,
2690 4471 2963 4538 spiritales
2993 4472 3133 4527 ﬁlios
3155 4481 3210 4526 et
3239 4473 3435 4529 fratres

221 4588 420 4659 μένους
447 4600 541 4638 σου
574 4583 978 4645 πνευματικοὺς
1026 4582 1172 4639 υἱοὺς
1206 4580 1299 4632 καὶ
1331 4575 1610 4646 ἀδελφούς.
1643 4572 1780 4627 Οὔτε

218 4683 298 4744 είς
359 4677 488 4742 τούς
546 4692 673 4730 ποτε
731 4673 873 4728 κατὰ
926 4673 1102 4741 σάρκα
1143 4671 1326 4734 ἰδίους,
1355 4669 1388 4739 ἦ
1420 4664 1779 4736 συγγενεῖς,ἧ

219 4768 432 4839 φίλους,
468 4766 502 4836 ἢ
535 4764 884 4834 συνεταίρους
910 4802 925 4824 ,
953 4762 1132 4831 χρήσῃ
1170 4761 1282 4821 τοῖς
1321 4759 1419 4826 τῆς
1450 4755 1658 4818 οἰκείας
1689 4771 1783 4823 μο-

218 4862 340 4932 νῆς,
366 4858 489 4913 οὔτε
528 4857 658 4921 ζῶν,
697 4854 821 4908 οὔτε
863 4853 1000 4924 μετὰ
1046 4851 1296 4912 θάνατον,
1350 4844 1783 4918 ὲλεημονητικῶς

220 4953 254 5024 ἢ
295 4947 724 5022 κληρονομικῶς,
765 4947 843 5008 είς
886 4944 1010 5006 τοὺς
1061 4943 1160 5013 ήδη
1206 4937 1656 5011 προειρημένους.
1709 4934 1783 4988 0'5

223 5043 331 5111 γὰρ
363 5043 428 5094 ὲκ
467 5040 577 5092 τῶν
621 5035 714 5089 τοῦ
758 5035 962 5105 κόσμου
1024 5028 1093 5093 εἷ,
1121 5033 1208 5085 ἵνα
1233 5030 1464 5100 μετέχῃς
1484 5028 1589 5081 τῶν
1611 5029 1673 5080 ἐκ
1690 5025 1785 5078 τοῦ

224 5133 453 5200 κόσμου.
487 5128 632 5199 Πλὴν
661 5128 706 5180 εἰ
736 5127 919 5196 μήπου
963 5122 1254 5194 μεταὸαἶέν
1293 5136 1437 5183 τινες
1458 5120 1522 5171 ἐκ
1549 5117 1641 5170 τοῦ
1670 5133 1787 5168 κοιο

225 5220 456 5276 νωνικοῦ
485 5219 601 5289 βίου
637 5216 771 5286 πρὸς
807 5215 867 5268 τὸ
905 5212 1025 5268 καθ’
1051 5213 1196 5282 ἡμᾶς
1242 5210 1430 5278 τάγμα
1457 5225 1471 5240 ·
1503 5208 1597 5261 καὶ
1645 5205 1788 5259 οὔτω

229 5312 534 5384 φροντίσεις
564 5311 703 5362 κατὰ
743 5306 971 5376 μίμησιν
998 5304 1107 5356 τῶν
1133 5303 1304 5371 ἁγίων
1336 5300 1613 5368 Πατέρων.

297 5405 359 5457 δ’.
379 5403 456 5456 Ού
476 5402 654 5470 κτήσῃ
669 5397 872 5458 δοῦλον,
888 5394 1008 5448 οὔτε
1022 5395 1101 5457 είς
1116 5396 1214 5462 τὴν
1232 5392 1435 5445 οίκείαν
1447 5390 1656 5460 χρείαν,
1667 5387 1789 5440 οὔτε

233 5496 312 5556 εἰς
341 5494 441 5561 τὴν
468 5491 677 5544 οἰκείαν
712 5475 902 5558 μονὴν,
932 5485 1055 5539 οὗτε
1078 5486 1156 5546 εἰς
1183 5483 1408 5552 ἀγροὺς,
1437 5480 1530 5534 τὸν
1559 5480 1676 5531 κατ’
1706 5480 1785 5530 εἰ·-

234 5583 364 5636 κόνα
384 5580 520 5634 Θεοῦ
537 5579 798 5648 γεγονότα
822 5577 1101 5644 ἄνθρωπον
1124 5573 1434 5644 ’,τοῦτογὰρ
1475 5572 1652 5641 μόνοις
1681 5573 1792 5632 τοῖς

238 5675 293 5724 ἐν
321 5671 396 5743 τῷ
427 5672 527 5741 βίῳ
550 5668 992 5738 συγκεχώρηται,
1024 5666 1138 5730 ὼςό
1171 5666 1345 5735 γάμος
1367 5679 1381 5694 ⁸
1417 5665 1498 5716 σοὶ
1544 5663 1599 5715 δὲ
1619 5661 1792 5731 χρεὼν

243 5763 544 5832 παρασχεῖν
571 5759 796 5812 σεαυτὸν
829 5757 1013 5812 δοῦλον
1048 5760 1162 5819 τοῖς
1191 5755 1485 5825 ὁμοψύχοις
1513 5769 1607 5808 σου
1637 5753 1798 5808 ἀδελ-

1871 4567 2011 4611 tuos.
2051 4555 2171 4610 Non
2197 4558 2446 4626 erogabis
2491 4559 2545 4612 in
2572 4568 2692 4615 tuos
2713 4561 2840 4614 olim
2877 4563 3179 4616 secundum
3208 4579 3427 4618 carnem

1871 4661 1963 4703 aut
1995 4651 2347 4718 proliinquos,
2382 4659 2478 4704 aut
2508 4651 2738 4716 amicos,
2771 4663 2864 4708 aut
2892 4655 3103 4709 sodales
3127 4671 3190 4710 ex
3223 4658 3429 4724 proiirii

1871 4741 2186 4795 monasterii
2231 4742 2390 4796 rebus
2426 4743 2746 4812 quidquam,
2790 4762 2889 4799 nec
2939 4747 3146 4812 vivens,
3180 4763 3277 4803 nec
3309 4761 3432 4818 post

1871 4843 2122 4898 mortem,
2167 4833 2525 4903 eleemosynae
2556 4837 2639 4889 vel
2669 4836 3004 4893 luereditatis
3045 4841 3261 4893 nomine
3294 4857 3308 4894 :
3345 4856 3434 4894 ne-

1869 4941 1974 4994 que
1998 4926 2141 4978 enim
2173 4941 2239 4979 ex
2272 4926 2472 4980 seculo
2503 4941 2583 4990 es,
2618 4937 2676 4982 ut
2713 4931 3045 4984 consortium
3079 4932 3277 4986 habeas
3306 4947 3429 4986 Clllll

1869 5017 2219 5072 saecularibus
2247 5034 2263 5084 ;
2293 5018 2400 5072 nisi
2434 5020 2528 5088 qui
2562 5018 2702 5074 forte
2729 5035 2796 5074 ex
2828 5022 3079 5076 coenobio
3105 5025 3157 5076 in
3187 5025 3429 5078 ordinem

1873 5120 2118 5163 nostrum
2181 5112 2514 5175 transierint,
2567 5119 2729 5181 atque
2773 5113 2846 5166 ita
2878 5129 3068 5168 eorum
3114 5129 3298 5170 curam
3340 5131 3433 5188 ge-

1870 5217 1958 5255 ras
1996 5203 2062 5255 ad
2089 5203 2398 5272 exemplum
2435 5212 2752 5258 sanctorum
2785 5203 3030 5258 Patrum.

1938 5385 1992 5434 4.
2022 5382 2138 5436 Non
2171 5384 2474 5453 possidebis
2503 5400 2742 5449 servum,
2775 5400 2875 5440 nec
2909 5394 3029 5441 tuos
3055 5387 3108 5440 in
3144 5403 3297 5449 usus,
3331 5403 3434 5442 nec

1871 5476 2072 5545 proprii
2122 5477 2468 5544 monasterii,
2508 5493 2605 5532 nec
2645 5477 2877 5546 denique
2930 5477 2997 5532 ad
3041 5493 3224 5548 agros,
3259 5479 3435 5533 homi-

1871 5583 1991 5622 nem
2019 5570 2110 5638 qui
2147 5571 2212 5623 ad
2250 5569 2344 5625 Dei
2389 5571 2678 5639 imaginem
2727 5570 2904 5625 factus
2950 5583 3031 5626 est
3074 5587 3090 5626 :
3141 5570 3244 5625 hoc
3288 5571 3431 5625 enim

1871 5661 2003 5715 solis
2028 5662 2380 5716 saecularibus
2407 5676 2719 5716 concessum
2749 5669 2852 5727 est,
2897 5661 3037 5716 sicut
3090 5663 3315 5731 nuptiae.
3350 5661 3432 5715 Tu

1870 5767 1998 5808 vero
2033 5753 2289 5811 fratribus
2316 5755 2424 5811 tuis
2461 5753 2728 5810 unanimis
2755 5755 2994 5810 seinsum
3021 5753 3282 5810 famulum
3316 5755 3432 5809 ani-
