3968 6460
552 348 688 411 1819

1728 370 1788 429 S.
1832 368 2221 429 THEODORI
2271 366 2620 426 STUDlT/E

3642 360 3775 424 18%)

544 473 636 513 mo
684 468 939 528 pra>stare
987 463 1173 531 debes,
1204 466 1333 524 licet
1370 479 1590 528 externa
1632 476 1812 546 specie
1850 488 2078 548 tanquam

2212 476 2329 542 φοίς
2356 477 2422 543 τῇ
2454 473 2729 542 προθέσει,
2768 473 2871 526 κάν
2892 475 2956 544 τῇ
2986 473 3090 538 ἔξω
3118 473 3438 544 ἐπιφανείᾳ,
3468 474 3548 539 ὠς
3569 477 3776 531 Δεσπό-

543 549 806 605 Dominus
830 560 885 606 et
909 556 1166 626 magister
1203 573 1469 629 reputere.

611 641 665 695 5.
692 639 803 699 Nec
840 645 1046 703 habeas
1084 648 1390 718 jumentum
1441 653 1663 712 feminei
1700 674 1868 715 sexus
1900 661 1968 715 ad
2012 661 2111 716 mi-

543 733 768 791 nisteria
797 742 1128 804 necessaria,
1160 752 1215 797 tu
1239 745 1331 812 qui
1374 745 1589 803 feminis
1635 752 1860 806 omnino
1907 768 2110 807 renun-

2207 583 2307 639 της
2334 564 2528 639 λογίζῃ
2563 567 2658 620 καὶ
2681 565 3020 629 διδάσκαλος.

2278 663 2340 716 ε’.
2377 658 2453 713 Οὐ
2487 658 2674 730 σχοίης
2702 657 2839 722 ζῶον
2865 658 2974 711 τῶν
3006 659 3071 713 ἐκ
3102 657 3197 713 τοῦ
3233 657 3443 729 θήλεως
3473 660 3670 729 γένους
3697 661 3774 724 είς

2206 750 2396 822 χρείαν
2416 750 2780 824 ὑπουργικὴν,
2809 751 2839 804 ὁ
2858 748 2936 821 τῷ
2972 749 3125 823 Θήλει
3165 752 3523 806 παντάπασιν
3567 752 3776 805 ἀποτα-

538 824 689 881 tiasti
722 842 738 881 :
773 844 947 898 neque
970 830 1024 886 in
1066 837 1423 901 monasterio,
1456 854 1632 911 neque
1658 841 1713 896 in
1756 846 1904 913 agris
1936 861 1949 898 :
1979 858 2078 900 cun

2207 847 2434 919 ξάμενος
2458 863 2472 880 ο
2509 847 2632 902 οὔτε
2673 850 2732 901 έν
2757 850 2824 919 τῇ
2861 851 3025 920 μονῇ,
3055 846 3181 902 οὔτε
3200 850 3259 902 ὲν
3286 850 3401 913 τοῖς
3424 848 3639 919 ἀγροῖς.
3664 850 3773 903 Κα-

516 912 639 972 nec
669 918 956 990 quisquam
1002 935 1312 981 sanctorum
1356 937 1573 999 patrum
1613 943 1925 990 nostrorum
1972 951 2072 992 usu

2203 912 2310 1012 osi;
2357 912 2529 1002 οὐδεὶς
2572 937 2681 991 τῶν
2730 912 2892 992 ὁσίων
3093 938 3264 1007 άγίων
3309 912 3573 1010 Πατέρων
3617 939 3774 1010 ήμῶν

536 1007 627 1071 sit,
657 1024 758 1065 nec
788 1020 981 1067 natura
1010 1014 1127 1085 ipsa
1153 1021 1448 1088 permittat.

606 1096 660 1152 6.
691 1099 810 1155 Non
835 1105 1214 1173 superveheris
1243 1112 1400 1181 equis
1444 1122 1540 1169 aut
1569 1116 1735 1175 mulis
1767 1119 1972 1192 absque
2005 1140 2101 1179 ne-

534 1190 793 1247 cessitate
821 1211 835 1260 ;
864 1196 958 1250 sed
984 1195 1185 1255 Christi
1215 1204 1485 1273 exemplo,
1521 1208 1746 1276 pedibus
1783 1190 2094 1271 iter—facies.

535 1277 630 1335 Sin
658 1283 862 1350 minus,
895 1289 1075 1357 pullus
1103 1293 1244 1348 asini
1278 1297 1383 1351 erit
1406 1298 1711 1366 jumentum
1740 1312 1915 1361 tuum.

606 1370 657 1426 7.
686 1374 915 1433 Curabis
944 1383 1187 1445 omnino,
1221 1395 1278 1440 ut
1308 1387 1446 1442 inter
1469 1389 1665 1448 fratres
1697 1400 2004 1453 communia
2040 1409 2098 1456 et

531 1461 759 1521 indivisa
781 1468 889 1524 sint
913 1473 1119 1537 omnia,
1142 1485 1195 1530 et
1224 1478 1358 1532 nihil
1386 1482 1707 1554 cujusquam
1739 1491 1943 1559 proprii
1966 1492 2093 1562 jure

529 1556 773 1623 dominii,
808 1576 979 1632 usque
1007 1565 1073 1620 ad
1098 1581 1275 1623 acum.
1302 1571 1419 1627 Tibi
1444 1590 1571 1630 vero
1593 1585 1648 1632 et
1678 1556 1859 1634 anima
1887 1592 1939 1637 et
1967 1556 2091 1637 cor-

530 1661 654 1715 pus,
684 1665 781 1706 nec
811 1664 1068 1722 praeterea
1097 1660 1414 1731 quidquam,
1435 1682 1588 1733 aequa
1620 1669 1773 1726 lance
1804 1674 2087 1731 cliaritatis

528 1738 700 1793 divisa
737 1753 898 1798 sunto
932 1744 989 1801 in
1018 1762 1208 1807 omnes
1242 1762 1367 1811 tuos
1405 1758 1676 1827 spiritales
1704 1762 1842 1819 ﬁlios
1879 1782 1945 1821 ac
1969 1767 2081 1824 fra-

527 1837 660 1884 tres.

596 1920 650 1975 8.
677 1920 793 1979 Non
810 1926 1026 1987 'habeas
1071 1948 1195 1988 cum
1242 1939 1593 1998 saecularibus
1640 1945 1957 2017 adoptiones
1996 1964 2090 2010 aut

524 2014 954 2086 consiliationes,
1016 2031 1072 2077 tu
1112 2027 1204 2093 qui
1235 2031 1493 2086 mundum
1548 2034 1690 2106 fugis
1739 2014 1803 2095 ac
1850 2045 2085 2114 nuptias.

523 2102 642 2159 Non
676 2110 819 2163 enim
859 2117 1126 2182 reperitur
1162 2118 1216 2172 in
1281 2124 1524 2192 patribus
1556 2145 1571 2195 ;
1606 2102 1679 2195 et,
1723 2131 1767 2186 si
1798 2102 2085 2205 reperitur,

524 2211 650 2252 raro
686 2218 699 2253 :
730 2216 900 2272 neque
929 2205 978 2259 id
1012 2207 1095 2262 lex
1124 2220 1226 2265 est.

592 2287 646 2342 9.
685 2288 803 2345 Non
853 2296 1072 2363 epulare
1113 2316 1235 2356 cum
1288 2306 1629 2376 mulieribus,
1657 2327 1881 2385 excepta
1916 2332 2086 2377 matre

524 2384 614 2433 tua
661 2383 957 2439 secundum
1002 2404 1244 2457 carnem,
1281 2406 1333 2449 et
1370 2412 1560 2457 sorore
1614 2412 1726 2468 tua,
1768 2407 1883 2463 sive
1921 2426 2086 2468 cano-

522 2467 658 2524 nica:
688 2472 907 2541 fuerint,
936 2479 1050 2534 sive
1070 2484 1356 2542 saeculares
1387 2506 1399 2541 :
1432 2491 1531 2546 nisi
1580 2494 1661 2549 vis
1705 2496 1885 2567 aliqua
1916 2511 1968 2555 et
1990 2518 2086 2559 ne-

516 2561 746 2620 cessitas
770 2565 1031 2636 impellat,
1060 2573 1202 2629 sicut
1226 2578 1517 2636 admonent
1549 2587 1719 2640 sancti
1743 2561 1950 2646 Patres.

592 2760 679 2816 10.
715 2760 793 2819 Ne
840 2765 1096 2837 frequens
1124 2772 1200 2827 sis
1232 2773 1284 2827 in
1330 2780 1639 2847 egressibus
1667 2793 1721 2837 et
1748 2784 2082 2843 circumcur-

515 2856 842 2924 sationibus,
864 2864 1144 2930 proprium
1162 2869 1303 2923 ovile
1321 2871 1574 2929 deserens
1596 2877 1713 2931 sine
1733 2883 2080 2938 necessitate:

517 2953 712 3007 melius
754 2955 897 3011 enim
943 2968 1028 3013 est
1071 2969 1126 3014 et
1171 2964 1500 3031 optabilius,
1540 2980 1599 3021 ut
1642 2970 1723 3023 vel
1773 2974 1981 3029 otiosus
2028 2975 2082 3030 in

513 3044 672 3098 caula
696 3046 916 3116 degens,
941 3064 1159 3105 scrvare
1180 3056 1358 3122 possis
1376 3058 1660 3114 variabiles
1684 3070 1737 3114 et
1766 3063 1868 3117 late
1893 3080 2080 3119 erran-

515 3144 598 3190 tes
626 3138 924 3193 rationales
955 3156 1105 3198 oves.

585 3231 671 3283 ll.
720 3231 1049 3289 Observahis
1098 3252 1345 3306 prorsus,
1380 3250 1437 3295 ut
1465 3244 1770 3299 catecbesin
1802 3256 1883 3301 ter
1904 3249 2078 3317 quali-

516 3321 605 3377 bet
624 3322 965 3380 hebdomada
1020 3326 1190 3383 facias
1215 3333 1445 3401 vesperi,
1480 3335 1561 3388 vel
1589 3351 1682 3405 per
1701 3339 2072 3410 temetipsum.

512 3414 596 3468 vel
624 3430 717 3484 per
765 3417 928 3471 alium
961 3423 1266 3491 quempiam
1310 3439 1340 3477 e
1388 3425 1553 3494 filiis;
1599 3432 1853 3498 quoniam
1893 3447 1922 3487 a
1977 3430 2081 3489 Pa.

511 3503 689 3559 tribus
713 3506 967 3562 traditum
992 3520 1094 3577 est,
1115 3521 1171 3565 et
1192 3513 1450 3569 salutare.

583 3597 670 3652 12.
713 3597 829 3653 Νοη
858 3601 1012 3657 dabis
1063 3619 1291 3672 parvum
1341 3608 1607 3676 habitum,
1657 3628 1815 3683 quem
1859 3630 2072 3683 vocant,

507 3696 695 3756 postea
746 3691 910 3745 veluti
962 3708 1219 3765 magnum
1266 3713 1280 3750 :
1337 3715 1481 3754 unus
1529 3702 1671 3755 enim
1710 3712 1792 3758 est
1838 3706 2072 3769 habitus,

509 3779 674 3837 sicuti
719 3791 771 3836 et
814 3782 1107 3853 baptisma,
1159 3791 1614 3856 quemadmodum
1660 3794 1712 3848 in
1764 3811 1912 3852 more
1968 3798 2073 3853 fuit

505 3879 821 3926 sanctorum
854 3874 1094 3933 Patrum.

577 3983 662 4037 l5.
723 3982 841 4039 Non
887 3991 1163 4046 transilies
1202 3992 1348 4062 leges
1390 4004 1444 4048 et
1494 3999 1707 4067 regulas
1757 4014 2070 4060 sanctorum

504 4067 767 4135 Patrum,
820 4077 1088 4147 praecipue
1142 4090 1266 4135 ante
1323 4098 1511 4140 omnes
1576 4087 1742 4142 divini
1788 4095 2074 4164 magnique

508 4163 689 4219 Basilii
726 4183 739 4219 :
801 4169 895 4223 sed
936 4171 1201 4242 quidquid
1251 4172 1420 4231 facies
1464 4187 1559 4232 aut
1604 4179 1771 4243 dices,
1816 4191 2071 4253 tanquam

504 4255 877 4312 testimonium
922 4258 1131 4316 habens
1187 4279 1254 4318 ex
1308 4262 1605 4337 Scripturis
1645 4270 1832 4335 facies,
1886 4285 1980 4329 aut
2005 4292 2069 4332 ex

506 4355 725 4413 paterna
766 4354 1162 4410 consuetudine
1201 4358 1408 4427 absque
1458 4363 1695 4417 mandati
1730 4366 1899 4421 divini
1941 4384 2073 4438 pra;-

503 4437 856 4495 varicatione.

573 4549 662 4604 14.
693 4548 811 4605 Νοη
853 4552 1201 4625 derelinques
1248 4574 1462 4628 gregem
1492 4570 1668 4624 tuum,
1693 4572 1751 4616 ut
1795 4564 1859 4618 ad
1897 4566 2064 4621 alium
2092 4533 2144 4592 Β

501 4648 781 4709 transeas;
812 4654 907 4700 aut
947 4647 1015 4701 ad
1049 4648 1364 4718 dignitatem
1408 4667 1512 4704 non
1548 4662 1841 4721 revertere,
1864 4658 1967 4712 nisi
1998 4674 2061 4713 ex

499 4749 774 4792 consensu
797 4747 850 4789 et
874 4737 1264 4806 approbatione
1292 4737 1672 4797 fraternitatis.

572 4824 657 4880 l5.
681 4824 800 4881 Non
820 4829 971 4884 ineas
992 4830 1285 4885 amicitiam
1309 4848 1431 4887 cum
1456 4836 1749 4902 canonica;
1775 4852 1949 4906 neque
1978 4840 2062 4894 in-

497 4919 746 4987 grediare
778 4924 1166 4977 monasterium
1193 4923 1540 4989 feminarum,
1573 4944 1675 4983 nec
1710 4930 1859 4985 solus
1893 4932 2062 4987 collo-

496 5025 665 5078 quare
683 5026 806 5067 cum
828 5016 1093 5070 monacha
1114 5017 1197 5071 vel
1224 5021 1492 5085 saeculari,
1511 5021 1612 5074 nisi
1632 5023 1927 5079 necessitas
1951 5033 2061 5079 tra-

496 5103 617 5169 hat;
661 5103 822 5175 idque
848 5122 971 5161 cum
1010 5109 1221 5164 duabus
1261 5112 1330 5165 ab
1368 5122 1598 5183 utraque
1628 5126 1779 5183 parte
1809 5119 2056 5185 personis

494 5197 801 5251 astantibus
825 5199 1013 5253 :unius
1029 5202 1196 5265 enim,
1214 5209 1274 5256 ut
1290 5203 1461 5269 aiunt,
1480 5203 1651 5260 facilis
1667 5208 2056 5265 estcalumnia.

564 5282 652 5338 16.
672 5284 789 5339 Non
811 5288 1021 5355 aperies
1041 5290 1240 5345 OStinm
1259 5295 1571 5349 monasterii
1594 5297 1661 5351 ad
1688 5298 2060 5355 intromitten-

493 5374 618 5428 (lam
655 5364 916 5434 feminam
978 5382 1142 5436 ullam
1187 5385 1303 5438 sine
1362 5401 1557 5456 magna
1608 5393 1947 5450 necessitate.
2000 5396 2055 5453 Si

492 5480 619 5522 vero
679 5481 830 5537 petes
880 5472 1017 5526 citra
1072 5486 1317 5529 mutuum
1372 5491 1649 5548 aspectum
1685 5486 1955 5555 excipere,
2002 5491 2054 5546 id

491 5570 709 5627 quoque
738 5559 963 5616 minime
990 5562 1391 5635 negligendum.

563 5668 650 5723 l7.
669 5668 784 5726 Non
806 5683 1009 5730 statues
1034 5677 1128 5730 tibi
1154 5678 1534 5743 diversorium.
1558 5695 1651 5742 aut
1680 5688 2054 5757 Spiritualibus

494 5763 641 5831 liliis,
700 5770 1011 5826 smcularcm
1067 5772 1310 5844 domum,
1342 5776 1394 5831 in
1430 5794 1538 5849 qua
1585 5784 1696 5838 sint
1735 5784 1897 5843 etiam
1928 5804 2050 5845 tnu-

2200 1029 2490 1100 ιχρήσατο,
2529 1029 2651 1083 οὔτε
2683 1030 2717 1100 ἠ
2748 1029 2909 1100 φύσις
2949 1030 3089 1102 αὐτὴ
3117 1030 3406 1100 ἐπιτρέπει

2271 1126 2346 1186 ς’.
2375 1121 2491 1173 Οὐκ
2521 1120 2883 1191 ἐποχούμενος
2910 1120 3011 1192 ἔσῃ
3037 1121 3131 1175 ἐπὶ
3157 1120 3348 1185 ἵπποις
3386 1122 3486 1175 καὶ
3526 1120 3770 1191 ἡμιόνοις

2196 1211 2318 1283 δίχα
2351 1213 2595 1283 ἀνάγκης
2621 1229 2635 1242 '
2668 1213 2802 1267 ἀλλὰ
2830 1214 3297 1285 Χριστομιμήτως
3343 1215 3769 1285 πεζοπορήσεις.

2196 1301 2261 1358 Εἰ
2296 1303 2343 1357 δ’
2365 1301 2479 1371 οὖν,
2514 1305 2692 1370 πῶλός
2723 1323 2806 1360 σοι
2834 1307 2895 1360 τὸ
2929 1305 3223 1377 ὑποζύγιον
3253 1304 3415 1360 ἔστω.

2262 1397 2327 1461 ζ’.
2359 1399 2771 1469 Παραφυλάξεις
2792 1400 3010 1463 πάντως
3039 1398 3100 1453 τὸ
3122 1400 3299 1454 πάντα
3330 1401 3389 1453 έν
3421 1402 3489 1470 τῇ
3527 1399 3760 1469 ἀδελφό-

2190 1503 2314 1557 τητι
2342 1490 2497 1542 κοινά
2532 1484 2691 1553 εἶναι,
2728 1493 2822 1543 καὶ
2848 1490 3142 1561 ἀμέριστα,
3174 1490 3269 1542 καὶ
3292 1488 3457 1559 μηδὲν
3495 1488 3640 1540 κατά
3668 1488 3767 1557 μέ-

2190 1595 2282 1648 ρος
2304 1578 2397 1632 τοῦ
2426 1580 2549 1634 καθ’
2574 1580 2803 1635 ἕκαστον
2828 1583 2908 1644 είς
2948 1580 3331 1651 ὲξαῖδθέντησιν
3354 1579 3519 1651 μέχρι
3548 1577 3645 1632 καὶ
3670 1581 3769 1649 ῥα-

2187 1668 2357 1737 φίδος.
2380 1668 2481 1722 Σοῦ
2509 1671 2565 1723 δὲ
2593 1671 2686 1725 καὶ
2717 1672 2777 1725 τὸ
2810 1672 2969 1743 σῶμα
2988 1674 3078 1726 καὶ
3104 1674 3136 1743 ή
3163 1672 3332 1742 ψυχὴ,
3360 1672 3492 1741 μήτι
3524 1687 3589 1741 γε
3611 1670 3765 1737 ἄλλο,

2191 1760 2430 1815 ἔστωσαν
2479 1762 2943 1835 διαμεμερισμένα
2981 1766 3039 1817 ὲν
3101 1765 3306 1835 ἰσότητι
3352 1764 3573 1834 ἀγάπης
3625 1766 3774 1818 πᾶσι

2123 1846 2167 1904 Β
2192 1856 2305 1916 τοῖς
2378 1858 2765 1925 πνευματικοῖς
2814 1871 2907 1909 σου
2966 1856 3176 1920 τέκνοις
3240 1856 3335 1910 καὶ
3379 1856 3650 1925 ἀδελφοῖς.

2259 1944 2327 2016 η’.
2371 1948 2443 2001 Οὐ
2470 1947 2658 2019 σχοίης
2685 1949 2820 2020 μετὰ
2848 1950 3128 2020 κοσμικῶν
3164 1950 3601 2022 ἀδελφοποιίαςῆ
3644 1969 3771 2006 συν-

2187 2041 2425 2105 τεκνίας,
2459 2044 2487 2095 ὁ
2509 2042 2682 2110 φυγάς
2710 2042 2803 2095 τοῦ
2837 2042 3039 2113 κόσμου
3064 2044 3160 2096 καὶ
3197 2045 3291 2098 τοῦ
3316 2046 3494 2115 γάμου
3520 2060 3534 2076 ·
3559 2046 3623 2099 οὐ
3651 2048 3768 2119 γὰρ

2186 2130 2410 2202 εὓρηται
2449 2135 2506 2184 ὲν
2542 2136 2654 2197 τοῖς
2710 2135 3018 2204 Πατρασιν’
3048 2135 3176 2189 εἰδὲ
3209 2137 3303 2189 καὶ
3335 2136 3589 2207 εὕρηται,
3619 2154 3764 2192 σπα-

2191 2223 2391 2286 νιάκις,
2423 2226 2517 2279 καὶ
2542 2225 2701 2277 τοῦτο
2723 2227 2782 2278 οὐ
2815 2226 2998 2296 νόμος.

2262 2314 2327 2367 θ’.
2362 2316 2435 2369 Οὐ
2496 2318 2887 2389 συνεστιαοήσῃ
2930 2320 3071 2389 μετά
3122 2319 3418 2387 γυναικῶν,
3459 2319 3602 2390 πλὴν
3656 2322 3763 2393 τῆς

2186 2407 2325 2461 κατά
2377 2406 2554 2478 σάρκα
2584 2409 2789 2481 μητρός
2828 2427 2921 2463 σου
2960 2412 3055 2465 καὶ
3094 2411 3351 2482 ἀδελφῆς,
3382 2414 3485 2466 κάν
3508 2431 3568 2466 τε
3596 2432 3762 2469 κανο-

2185 2500 2360 2570 νικῆς,
2388 2500 2489 2554 κάν
2521 2518 2575 2553 τε
2598 2505 2866 2572 κοσμικῆς
2889 2518 2903 2533 ’
2930 2503 3030 2555 οὐκ
3078 2496 3218 2567 οἶδας
3238 2504 3287 2556 εί
3317 2505 3391 2574 μή
3420 2521 3506 2569 τις
3538 2505 3628 2575 βία
3658 2508 3761 2562 καὶ

2184 2590 2396 2662 ἀνάγκη
2431 2590 2641 2664 καλοίη,
2668 2592 2848 2655 καθὼς
2871 2592 3335 2661 παρακελεύονται
3362 2596 3411 2649 οἱ
3440 2595 3589 2666 amo;
3630 2598 3753 2652 Πα-

2182 2681 2358 2750 τέρες.

2259 2793 2312 2848 ι’.
2347 2794 2421 2848 Οὐ
2455 2794 2641 2865 σχοίης
2665 2792 2725 2847 τὸ
2780 2794 3147 2867 πολυπρόοδον
3187 2797 3281 2851 καὶ
3320 2799 3755 2870 πολυγύρευτον,

2184 2887 2312 2942 ἄνευ
2347 2888 2592 2957 ἀνάγκης
2629 2889 3126 2959 ὲγκαταλιμπάνων
3158 2892 3220 2945 τὸ
3244 2894 3443 2947 οἰκεῖον
3475 2896 3751 2965 ποίμνιον,

2199 2980 2507 3050 Ἀγαπητὸν
2534 2982 2641 3051 γὰρ
2683 2982 2775 3033 καὶ
2808 2982 3135 3053 σχολάζοντα
3163 2985 3221 3037 ἐν
3248 2988 3313 3055 τῇ
3347 2985 3555 3057 ποίμνῃ
3585 2987 3753 3058 δυνη-

2183 3072 2343 3142 Θῆναί
2372 3089 2432 3125 σε
2480 3073 2744 3127 διασῶσαι
2782 3077 2849 3127 τά
2893 3074 3350 3146 πολυτροπώτατα
3388 3078 3485 3131 καὶ
3526 3078 3750 3132 πολυδι-

2103 3188 2147 3246 c
2180 3160 2426 3225 εξόδευτα
2452 3162 2643 3232 λογικά
2667 3164 2931 3237 πρόϐατα.

2254 3260 2341 3308 ια’.
2375 3254 2786 3327 Παραφυλάξεις
2807 3258 3024 3323 πάντως
3053 3256 3148 3312 τοῦ
3178 3259 3445 3314 ποιεῖσθαι
3487 3261 3747 3331 τρισάκις

2177 3343 2279 3414 τὴν
2310 3346 2609 3418 κατήχησιν
2639 3352 2705 3420 τῇ
2739 3349 3016 3420 ἑϐδομάδι,
3046 3352 3141 3404 καὶ
3168 3351 3291 3405 καθ’
3321 3351 3565 3422 ἑσπέραν
3602 3353 3637 3423 ἦ
3660 3354 3752 3408 διὰ

2181 3435 2398 3503 σαυτοῦ,
2426 3438 2458 3509 ἢ
2482 3438 2550 3491 δι’
2588 3439 2748 3493 ἄλλου
2775 3440 2885 3494 τῶν
2938 3443 3163 3495 τέκνων.
3202 3444 3418 3514 Ἐπειδὴ
3460 3462 3751 3517 πατροπα-

2180 3530 2402 3600 ράδοτον
2431 3531 2591 3585 τοῦτο
2623 3534 2716 3586 καὶ
2743 3536 3028 3605 σωτήριον.

2251 3620 2335 3691 ιβ’.
2370 3623 2444 3675 Οὐ
2467 3622 2616 3695 δοίης
2643 3624 2781 3696 ὅπερ
2814 3624 3035 3693 λέγουσι
3074 3627 3269 3699 μικρὸν
3308 3630 3519 3701 σχῆμα,
3553 3630 3751 3688 ἔπειτα

2175 3708 2253 3772 ὡς
2286 3712 2426 3780 μέγα
2449 3728 2463 3742 ο
2492 3712 2550 3766 ἓν
2583 3712 2691 3785 γὰρ
2715 3715 2774 3766 τὸ
2803 3715 3004 3787 σχῆμα,
3031 3715 3220 3790 ὥσπερ
3236 3722 3330 3773 καὶ
3352 3720 3415 3774 τδ
3437 3720 3747 3794 βάπτισμα,

2176 3801 2354 3868 καθὼς
2383 3804 2433 3857 oi
2458 3804 2601 3874 ἆγιοι
2627 3806 2866 3878 Πατέρες
2898 3810 3220 3882 ἐχρήσαντο.

2246 4011 2334 4073 ιγ’.
2363 4005 2438 4058 Οὐ
2466 4005 2777 4078 παραϐαίης
2822 4007 2950 4069 τοὺς
3001 4006 3199 4078 νόμους
3238 4004 3335 4060 καὶ
3363 4004 3596 4069 κανόνας
3629 4006 3744 4062 τῶν

2174 4094 2342 4165 ἁγίων
2374 4098 2650 4167 Πατέρων.
2683 4100 2794 4168 Πρὸ
2819 4114 2883 4165 γε
2936 4099 3150 4152 πάντων
3196 4095 3290 4150 τοῦ
3338 4096 3485 4150 θείου
3512 4097 3609 4151 καὶ
3641 4116 3743 4170 με·

2173 4187 2337 4254 γάλου
2366 4187 2666 4241 Βασιλείου.
2709 4186 2868 4241 Ἀλλά
2898 4188 3051 4241 πᾶνὸ
3072 4204 3124 4239 τι
3158 4186 3225 4239 ἂν
3255 4189 3413 4258 ποιῇς
3459 4186 3493 4257 ﬂ
3543 4186 3737 4259 λέγῃς,

2172 4278 2247 4342 ὡς
2282 4279 2582 4351 μαρτυρίαν
2626 4280 2762 4349 ἔχων
2795 4281 2861 4332 ἐκ
2898 4277 3005 4331 τῶν
3042 4278 3274 4350 Γραφῶν
3310 4277 3561 4348 πράξας,
3605 4281 3641 4351 ἦ
3672 4282 3739 4335 ἐκ

2172 4369 2444 4441 πατρικῆς
2504 4370 2789 4440 συνηθείας
2817 4411 2832 4437 ,
2887 4370 3015 4424 ἄνευ
3089 4371 3460 4443 παραϐάσεως
3511 4373 3739 4445 ἐντολῆς

2170 4459 2327 4514 Θεοῦ.

2242 4571 2321 4627 ιδ’.
2344 4573 2419 4625 Οὐ
2435 4573 2778 4644 καταλείψεις
2804 4575 2866 4630 τὸ
2895 4576 3142 4647 ποίμνιόν
3172 4594 3266 4631 σου
3288 4578 3381 4632 καὶ
3397 4578 3534 4648 πρὸς
3549 4578 3739 4652 ἕτερον

2167 4664 2475 4737 μεταϐήσῃ,
2502 4665 2534 4737 ἢ
2567 4668 2701 4738 πρὸς
2724 4667 2883 4734 ἀξίαν
2920 4671 3332 4742 ὲπαναδράμῃς.
3362 4672 3491 4727 ἄνευ
3526 4688 3737 4742 crum-

2162 4756 2435 4821 ταθὲσεως
2466 4758 2567 4826 τῆς
2593 4760 2797 4824 οἰκείας
2833 4779 2926 4815 σου
2970 4763 3350 4835 ἀδελφότητος.

2234 4851 2407 4905 ιε’.οὐ
2426 4850 2689 4919 φιλιάσεις
2733 4854 2869 4923 μετά
2907 4857 3367 4927 κανονικῆςόὐδὲ
3391 4856 3735 4929 πρασαλεῖς

2161 4943 2220 4995 ἐν
2257 4943 2547 5015 γυναικείῳ
2587 4949 2823 5015 σεμνείῳ
2849 4963 2863 4977 ·
2900 4946 3022 5000 οὐδὲ
3075 4951 3389 5019 καταμόνας
3442 4952 3732 5023 ὁμιλήσεις

2164 5035 2469 5108 μοναζούσῃ
2502 5036 2534 5106 ἢ
2565 5042 2801 5110 κοσμικῇ
2827 5054 2840 5069 ·
2875 5041 2923 5093 εί
2959 5042 3034 5112 μή
3054 5059 3157 5095 που
3186 5045 3400 5116 ἀνάγκη
3434 5044 3605 5111 ἕλκει,
3632 5048 3729 5102 καὶ

2160 5124 2280 5177 τότε
2309 5125 2400 5178 δύο
2422 5127 2702 5197 παρόντων
2741 5128 2800 5194 ἐξ
2829 5129 3090 5202 ἐκατέρου
3144 5134 3343 5207 μέρους
3372 5137 3686 5210 προσώπων
3708 5156 3725 5174 ο

2158 5218 2217 5270 τὸ
2248 5217 2353 5289 γὰρ
2379 5217 2457 5285 ἓν,
2488 5217 2562 5281 ὥς
2590 5236 2775 5289 φασιν,
2818 5223 3248 5297 εὑεπηρέαστον.

2232 5316 2327 5374 ις’.
2351 5310 2465 5365 Οὐκ
2491 5310 2726 5379 ἀνοίξεις
2761 5315 2859 5387 τὴν
2898 5315 3067 5387 θύραν
3097 5320 3196 5388 τῆς
3220 5320 3387 5391 μονῆς
3413 5322 3509 5373 ἐπὶ
3532 5323 3727 5396 εἰσόδῳ

2161 5400 2418 5466 παντοίας
2445 5406 2704 5472 γυναικὸς
2724 5408 2855 5462 ἄνευ
2884 5411 3129 5481 μεγάλης
3150 5412 3397 5484 ἀνάγκης
3422 5433 3436 5447 ο
3466 5417 3518 5469 εί
3545 5415 3605 5470 δὲ
3630 5418 3721 5472 δυ-

2159 5494 2316 5558 νατὸς
2344 5492 2394 5547 εἶ
2431 5495 2767 5566 ἀσυμφανῶς
2806 5498 3073 5571 δέχεσθαι,
3114 5504 3234 5559 οὐδὲ
3277 5506 3435 5560 τοῦτο
3473 5508 3723 5581 ἀπόϐλη-

2157 5604 2267 5641 τον.

2230 5700 2397 5763 ιζ’.οὒ
2424 5704 2669 5773 ποιήσεις
2688 5706 2896 5777 σεαυτῷ
2917 5706 3449 5779 καταγώγιον,ῆτοίς
3469 5730 3721 5784 πνευμα-

2157 5795 2326 5856 τικοῖς
2357 5808 2446 5848 σου
2480 5793 2687 5859 τέκνοις
2710 5791 2856 5851 οἷκον
2886 5801 3166 5869 κοσμικὸν,
3208 5803 3266 5855 ἐν
3296 5794 3340 5870 ᾧ
3382 5804 3487 5857 εισι
3526 5808 3720 5875 γυναῖ-
