  <div class='ocr_page' id='page_1' title='image "/cluster/home/n/w/nwhite01/storage/ocr_20150623/99/ien.35556001661347/920.png"; bbox 0 0 3968 6468; ppageno 0'>
   <div class='ocr_carea' id='block_1_1' title="bbox 259 397 1794 495">
    <p class='ocr_par' dir='ltr' id='par_1_1' title="bbox 259 397 1794 483">
     <span class='ocr_line' id='line_1_1' title="bbox 259 397 1794 483; baseline 0.011 -17"><span class='ocrx_word' id='word_1_1' title='bbox 259 397 396 469; x_wconf 83' lang='grc'><strong>1821</strong></span> <span class='ocrx_word' id='word_1_2' title='bbox 1618 422 1794 483; x_wconf 88' lang='lat' dir='ltr'><strong>TES&#39;I</strong></span> 
     </span>
    </p>
   </div>
   <div class='ocr_carea' id='block_1_2' title="bbox 1910 397 3493 495">
    <p class='ocr_par' dir='ltr' id='par_1_2' title="bbox 1917 423 3493 495">
     <span class='ocr_line' id='line_1_2' title="bbox 1917 423 3493 495; baseline 0.006 -12"><span class='ocrx_word' id='word_1_3' title='bbox 1917 423 2201 488; x_wconf 78' lang='lat' dir='ltr'><strong>ENTUM.</strong></span> <span class='ocrx_word' id='word_1_4' title='bbox 3354 430 3493 495; x_wconf 80' lang='grc'><strong>1822</strong></span> 
     </span>
    </p>
   </div>
   <div class='ocr_carea' id='block_1_3' title="bbox 249 514 1794 602">
    <p class='ocr_par' dir='ltr' id='par_1_3' title="bbox 249 514 1789 595">
     <span class='ocr_line' id='line_1_3' title="bbox 249 514 1789 595; baseline 0.006 -27"><span class='ocrx_word' id='word_1_5' title='bbox 249 532 374 578; x_wconf 85' lang='grc' dir='ltr'>κες,</span> <span class='ocrx_word' id='word_1_6' title='bbox 406 514 500 568; x_wconf 73' lang='grc' dir='ltr'>ἐπὶ</span> <span class='ocrx_word' id='word_1_7' title='bbox 557 515 736 588; x_wconf 83' lang='grc' dir='ltr'>συχνῷ</span> <span class='ocrx_word' id='word_1_8' title='bbox 785 518 1148 588; x_wconf 77' lang='grc' dir='ltr'>παραϐάλλων</span> <span class='ocrx_word' id='word_1_9' title='bbox 1175 537 1188 551; x_wconf 89' lang='grc'><strong>·</strong></span> <span class='ocrx_word' id='word_1_10' title='bbox 1227 521 1342 574; x_wconf 86' lang='grc' dir='ltr'>ἀλλ’</span> <span class='ocrx_word' id='word_1_11' title='bbox 1373 522 1566 595; x_wconf 82' lang='grc' dir='ltr'>ὲκλὲξῃ</span> <span class='ocrx_word' id='word_1_12' title='bbox 1601 527 1681 588; x_wconf 89' lang='grc' dir='ltr'><strong>είς</strong></span> <span class='ocrx_word' id='word_1_13' title='bbox 1725 527 1789 578; x_wconf 84' lang='grc' dir='ltr'><strong>ἀν</strong></span> 
     </span>
    </p>
   </div>
   <div class='ocr_carea' id='block_1_4' title="bbox 1910 514 3494 602">
    <p class='ocr_par' dir='ltr' id='par_1_4' title="bbox 1925 527 3494 602">
     <span class='ocr_line' id='line_1_4' title="bbox 1925 527 3494 602; baseline 0.009 -23"><span class='ocrx_word' id='word_1_14' title='bbox 1925 527 2106 592; x_wconf 87' lang='lat' dir='ltr'><strong>lieres,</strong></span> <span class='ocrx_word' id='word_1_15' title='bbox 2145 531 2337 586; x_wconf 84' lang='lat' dir='ltr'><strong>crebro</strong></span> <span class='ocrx_word' id='word_1_16' title='bbox 2383 533 2644 588; x_wconf 76' lang='lat' dir='ltr'><strong>accedens</strong></span> <span class='ocrx_word' id='word_1_17' title='bbox 2673 551 2685 588; x_wconf 93' lang='lat'><strong>:</strong></span> <span class='ocrx_word' id='word_1_18' title='bbox 2713 533 2805 589; x_wconf 87' lang='lat' dir='ltr'><strong>sed</strong></span> <span class='ocrx_word' id='word_1_19' title='bbox 2847 532 2987 602; x_wconf 86' lang='lat' dir='ltr'><strong>apud</strong></span> <span class='ocrx_word' id='word_1_20' title='bbox 3033 532 3316 601; x_wconf 77' lang='lat' dir='ltr'><strong>religiosos</strong></span> <span class='ocrx_word' id='word_1_21' title='bbox 3343 537 3494 593; x_wconf 83' lang='lat' dir='ltr'><strong>viros</strong></span> 
     </span>
    </p>
   </div>
   <div class='ocr_carea' id='block_1_5' title="bbox 246 606 1794 768">
    <p class='ocr_par' dir='ltr' id='par_1_5' title="bbox 246 606 1790 752">
     <span class='ocr_line' id='line_1_5' title="bbox 246 606 1790 686; baseline 0.007 -28"><span class='ocrx_word' id='word_1_22' title='bbox 246 606 396 677; x_wconf 89' lang='grc' dir='ltr'>δρῶν</span> <span class='ocrx_word' id='word_1_23' title='bbox 431 607 674 661; x_wconf 78' lang='grc' dir='ltr'>εὑλαὸῶν</span> <span class='ocrx_word' id='word_1_24' title='bbox 697 609 796 672; x_wconf 90' lang='grc' dir='ltr'><strong>τάς</strong></span> <span class='ocrx_word' id='word_1_25' title='bbox 823 611 1123 682; x_wconf 76' lang='grc' dir='ltr'>παροδικὲις</span> <span class='ocrx_word' id='word_1_26' title='bbox 1168 614 1265 666; x_wconf 82' lang='grc' dir='ltr'>καὶ</span> <span class='ocrx_word' id='word_1_27' title='bbox 1299 615 1604 683; x_wconf 76' lang='grc' dir='ltr'><strong>ἀναγκαίας</strong></span> <span class='ocrx_word' id='word_1_28' title='bbox 1635 617 1790 686; x_wconf 81' lang='grc' dir='ltr'>χρεία</span> 
     </span>
     <span class='ocr_line' id='line_1_6' title="bbox 246 698 546 752; baseline 0.007 -3"><span class='ocrx_word' id='word_1_29' title='bbox 246 698 546 752; x_wconf 80' lang='grc' dir='ltr'>ποιεῖσθαι.</span> 
     </span>
    </p>
   </div>
   <div class='ocr_carea' id='block_1_6' title="bbox 1910 606 3494 768">
    <p class='ocr_par' dir='ltr' id='par_1_6' title="bbox 1921 624 3494 768">
     <span class='ocr_line' id='line_1_7' title="bbox 1922 624 3494 698; baseline 0.007 -25"><span class='ocrx_word' id='word_1_30' title='bbox 1922 624 2105 691; x_wconf 91' lang='lat' dir='ltr'><strong>potius</strong></span> <span class='ocrx_word' id='word_1_31' title='bbox 2132 624 2428 688; x_wconf 89' lang='lat' dir='ltr'><strong>diversare,</strong></span> <span class='ocrx_word' id='word_1_32' title='bbox 2454 636 2508 680; x_wconf 90' lang='lat' dir='ltr'><strong>et</strong></span> <span class='ocrx_word' id='word_1_33' title='bbox 2544 625 2855 680; x_wconf 89' lang='lat' dir='ltr'><strong>transitoria</strong></span> <span class='ocrx_word' id='word_1_34' title='bbox 2885 626 2987 679; x_wconf 65' lang='lat' dir='ltr'><strong>vim</strong></span> <span class='ocrx_word' id='word_1_35' title='bbox 3023 625 3269 680; x_wconf 87' lang='lat' dir='ltr'><strong>subsidia</strong></span> <span class='ocrx_word' id='word_1_36' title='bbox 3298 643 3494 698; x_wconf 77' lang='lat' dir='ltr'><strong>capere</strong></span> 
     </span>
     <span class='ocr_line' id='line_1_8' title="bbox 1921 715 2188 768; baseline 0 0"><span class='ocrx_word' id='word_1_37' title='bbox 1921 715 2188 768; x_wconf 82' lang='lat' dir='ltr'><strong>studebis.</strong></span> 
     </span>
    </p>
   </div>
   <div class='ocr_carea' id='block_1_7' title="bbox 531 724 2188 769">
    <p class='ocr_par' dir='ltr' id='par_1_7' title="bbox 531 724 2188 769">
     <span class='ocr_line' id='line_1_9' title="bbox 531 724 2188 769; baseline 0.01 -17"><span class='ocrx_word' id='word_1_38' title='bbox 531 736 546 752; x_wconf 93' lang='lat'><strong>.</strong></span> <span class='ocrx_word' id='word_1_39' title='bbox 1921 724 2188 769; x_wconf 73' lang='lat' dir='ltr'><strong>studebis.</strong></span> 
     </span>
    </p>
   </div>
   <div class='ocr_carea' id='block_1_8' title="bbox 321 793 1820 870">
    <p class='ocr_par' dir='ltr' id='par_1_8' title="bbox 321 793 1820 870">
     <span class='ocr_line' id='line_1_10' title="bbox 321 793 1820 870; baseline 0.007 -27"><span class='ocrx_word' id='word_1_40' title='bbox 321 797 412 861; x_wconf 87' lang='grc' dir='ltr'>ιη’.</span> <span class='ocrx_word' id='word_1_41' title='bbox 430 793 503 843; x_wconf 87' lang='grc' dir='ltr'>Οὑ</span> <span class='ocrx_word' id='word_1_42' title='bbox 535 794 711 865; x_wconf 85' lang='grc' dir='ltr'>κτήσῃ</span> <span class='ocrx_word' id='word_1_43' title='bbox 748 794 995 865; x_wconf 77' lang='grc' dir='ltr'>μαθητὴν</span> <span class='ocrx_word' id='word_1_44' title='bbox 1013 798 1092 860; x_wconf 89' lang='grc' dir='ltr'><strong>είς</strong></span> <span class='ocrx_word' id='word_1_45' title='bbox 1116 796 1176 850; x_wconf 86' lang='grc' dir='ltr'>τὸ</span> <span class='ocrx_word' id='word_1_46' title='bbox 1195 800 1403 852; x_wconf 85' lang='grc' dir='ltr'>κελλίον</span> <span class='ocrx_word' id='word_1_47' title='bbox 1420 815 1510 853; x_wconf 91' lang='grc' dir='ltr'>σου</span> <span class='ocrx_word' id='word_1_48' title='bbox 1538 799 1820 870; x_wconf 79' lang='grc' dir='ltr'>μειράκιον</span> 
     </span>
    </p>
   </div>
   <div class='ocr_carea' id='block_1_9' title="bbox 243 883 1819 957">
    <p class='ocr_par' dir='ltr' id='par_1_9' title="bbox 243 883 1819 957">
     <span class='ocr_line' id='line_1_11' title="bbox 243 883 1819 957; baseline 0.008 -24"><span class='ocrx_word' id='word_1_49' title='bbox 243 883 586 952; x_wconf 78' lang='grc' dir='ltr'>προσπαθῶς</span> <span class='ocrx_word' id='word_1_50' title='bbox 604 902 618 916; x_wconf 81' lang='grc' dir='ltr'><strong>ο</strong></span> <span class='ocrx_word' id='word_1_51' title='bbox 637 886 751 938; x_wconf 82' lang='grc' dir='ltr'>ἀλλ’</span> <span class='ocrx_word' id='word_1_52' title='bbox 766 890 829 940; x_wconf 78' lang='grc' dir='ltr'>ὲκ</span> <span class='ocrx_word' id='word_1_53' title='bbox 851 888 1142 957; x_wconf 84' lang='grc' dir='ltr'>προσώπου</span> <span class='ocrx_word' id='word_1_54' title='bbox 1160 892 1488 952; x_wconf 77' lang='grc' dir='ltr'><strong>ἀνυπόπτου,</strong></span> <span class='ocrx_word' id='word_1_55' title='bbox 1508 894 1601 945; x_wconf 72' lang='grc' dir='ltr'>καὶ</span> <span class='ocrx_word' id='word_1_56' title='bbox 1620 895 1683 946; x_wconf 83' lang='grc' dir='ltr'>ἐκ</span> <span class='ocrx_word' id='word_1_57' title='bbox 1705 893 1819 946; x_wconf 86' lang='grc' dir='ltr'>δια-</span> 
     </span>
    </p>
   </div>
   <div class='ocr_carea' id='block_1_10' title="bbox 243 972 1637 1050">
    <p class='ocr_par' dir='ltr' id='par_1_10' title="bbox 243 972 1637 1050">
     <span class='ocr_line' id='line_1_12' title="bbox 243 972 1637 1050; baseline 0.011 -28"><span class='ocrx_word' id='word_1_58' title='bbox 243 972 432 1042; x_wconf 78' lang='grc' dir='ltr'>φόρων</span> <span class='ocrx_word' id='word_1_59' title='bbox 468 974 717 1043; x_wconf 81' lang='grc' dir='ltr'><strong>ἀδελφῶν</strong></span> <span class='ocrx_word' id='word_1_60' title='bbox 750 977 847 1045; x_wconf 85' lang='grc' dir='ltr'>τὴν</span> <span class='ocrx_word' id='word_1_61' title='bbox 887 977 1192 1047; x_wconf 76' lang='grc' dir='ltr'><strong>ὑπηρεσίαν</strong></span> <span class='ocrx_word' id='word_1_62' title='bbox 1230 998 1322 1033; x_wconf 89' lang='grc' dir='ltr'><strong>σου</strong></span> <span class='ocrx_word' id='word_1_63' title='bbox 1368 985 1637 1050; x_wconf 87' lang='grc' dir='ltr'>ποιήσεις.</span> 
     </span>
    </p>
   </div>
   <div class='ocr_carea' id='block_1_11' title="bbox 317 1064 1817 1142">
    <p class='ocr_par' dir='ltr' id='par_1_11' title="bbox 317 1064 1817 1142">
     <span class='ocr_line' id='line_1_13' title="bbox 317 1064 1817 1142; baseline 0.008 -25"><span class='ocrx_word' id='word_1_64' title='bbox 317 1064 404 1118; x_wconf 84' lang='grc' dir='ltr'>ιϐ’.</span> <span class='ocrx_word' id='word_1_65' title='bbox 440 1066 514 1118; x_wconf 90' lang='grc' dir='ltr'>Οὑ</span> <span class='ocrx_word' id='word_1_66' title='bbox 552 1068 726 1139; x_wconf 85' lang='grc' dir='ltr'><strong>κτήσῃ</strong></span> <span class='ocrx_word' id='word_1_67' title='bbox 758 1067 1050 1137; x_wconf 71' lang='grc' dir='ltr'>ἱματισμὸν</span> <span class='ocrx_word' id='word_1_68' title='bbox 1094 1070 1494 1142; x_wconf 77' lang='grc' dir='ltr'><strong>ἐξηλλαγμένον</strong></span> <span class='ocrx_word' id='word_1_69' title='bbox 1526 1077 1617 1126; x_wconf 68' lang='grc' dir='ltr'>καὶ</span> <span class='ocrx_word' id='word_1_70' title='bbox 1654 1075 1817 1130; x_wconf 86' lang='grc' dir='ltr'>πολὺ-</span> 
     </span>
    </p>
   </div>
   <div class='ocr_carea' id='block_1_12' title="bbox 237 1158 1815 1234">
    <p class='ocr_par' dir='ltr' id='par_1_12' title="bbox 237 1158 1815 1234">
     <span class='ocr_line' id='line_1_14' title="bbox 237 1158 1815 1234; baseline 0.01 -26"><span class='ocrx_word' id='word_1_71' title='bbox 237 1172 436 1227; x_wconf 80' lang='grc' dir='ltr'><strong>τιμον,</strong></span> <span class='ocrx_word' id='word_1_72' title='bbox 476 1158 604 1212; x_wconf 80' lang='grc' dir='ltr'>ἀνευ</span> <span class='ocrx_word' id='word_1_73' title='bbox 673 1159 767 1212; x_wconf 77' lang='grc' dir='ltr'>τοῦ</span> <span class='ocrx_word' id='word_1_74' title='bbox 831 1161 1128 1231; x_wconf 77' lang='grc' dir='ltr'><strong>ἱερατικοῦ.</strong></span> <span class='ocrx_word' id='word_1_75' title='bbox 1182 1163 1341 1217; x_wconf 83' lang='grc' dir='ltr'>Ἀλλὰ</span> <span class='ocrx_word' id='word_1_76' title='bbox 1387 1169 1501 1230; x_wconf 89' lang='grc' dir='ltr'>τοῖς</span> <span class='ocrx_word' id='word_1_77' title='bbox 1538 1172 1815 1234; x_wconf 78' lang='grc' dir='ltr'><strong>ταπεινοῖς</strong></span> 
     </span>
    </p>
   </div>
   <div class='ocr_carea' id='block_1_13' title="bbox 237 1249 1480 1318">
    <p class='ocr_par' dir='ltr' id='par_1_13' title="bbox 237 1249 1480 1318">
     <span class='ocr_line' id='line_1_15' title="bbox 237 1249 1480 1318; baseline 0.009 -20"><span class='ocrx_word' id='word_1_78' title='bbox 237 1249 676 1318; x_wconf 81' lang='grc' dir='ltr'>πατρομιμήτως</span> <span class='ocrx_word' id='word_1_79' title='bbox 704 1250 796 1303; x_wconf 81' lang='grc' dir='ltr'>καὶ</span> <span class='ocrx_word' id='word_1_80' title='bbox 831 1251 1043 1305; x_wconf 78' lang='grc' dir='ltr'>ὲνδὺσει</span> <span class='ocrx_word' id='word_1_81' title='bbox 1082 1254 1172 1306; x_wconf 80' lang='grc' dir='ltr'>καὶ</span> <span class='ocrx_word' id='word_1_82' title='bbox 1207 1254 1480 1314; x_wconf 83' lang='grc' dir='ltr'>ὑποδύσει.</span> 
     </span>
    </p>
   </div>
   <div class='ocr_carea' id='block_1_14' title="bbox 310 1341 1810 1427">
    <p class='ocr_par' dir='ltr' id='par_1_14' title="bbox 310 1341 1810 1427">
     <span class='ocr_line' id='line_1_16' title="bbox 310 1341 1810 1427; baseline 0.01 -35"><span class='ocrx_word' id='word_1_83' title='bbox 310 1347 383 1393; x_wconf 88' lang='grc' dir='ltr'><strong>κ’.</strong></span> <span class='ocrx_word' id='word_1_84' title='bbox 399 1341 510 1393; x_wconf 88' lang='grc' dir='ltr'><strong>Οὑκ</strong></span> <span class='ocrx_word' id='word_1_85' title='bbox 537 1341 635 1415; x_wconf 78' lang='grc' dir='ltr'><strong>ἔσῃ</strong></span> <span class='ocrx_word' id='word_1_86' title='bbox 651 1343 1011 1414; x_wconf 78' lang='grc' dir='ltr'>ἁϐροδίαιτος,</span> <span class='ocrx_word' id='word_1_87' title='bbox 1029 1343 1151 1398; x_wconf 84' lang='grc' dir='ltr'>οὑτε</span> <span class='ocrx_word' id='word_1_88' title='bbox 1178 1347 1234 1399; x_wconf 82' lang='grc' dir='ltr'>ὲν</span> <span class='ocrx_word' id='word_1_89' title='bbox 1256 1351 1318 1418; x_wconf 79' lang='grc' dir='ltr'>τῇ</span> <span class='ocrx_word' id='word_1_90' title='bbox 1342 1349 1446 1421; x_wconf 79' lang='grc' dir='ltr'>ἰδίᾳ</span> <span class='ocrx_word' id='word_1_91' title='bbox 1463 1367 1556 1402; x_wconf 89' lang='grc' dir='ltr'>σου</span> <span class='ocrx_word' id='word_1_92' title='bbox 1573 1350 1810 1427; x_wconf 80' lang='grc' dir='ltr'><strong>δαπάνῃ,</strong></span> 
     </span>
    </p>
   </div>
   <div class='ocr_carea' id='block_1_15' title="bbox 234 1430 1813 1506">
    <p class='ocr_par' dir='ltr' id='par_1_15' title="bbox 234 1430 1813 1506">
     <span class='ocr_line' id='line_1_17' title="bbox 234 1430 1813 1506; baseline 0.009 -22"><span class='ocrx_word' id='word_1_93' title='bbox 234 1430 366 1490; x_wconf 71' lang='grc' dir='ltr'>οὒτε</span> <span class='ocrx_word' id='word_1_94' title='bbox 401 1435 459 1486; x_wconf 84' lang='grc' dir='ltr'>ὲν</span> <span class='ocrx_word' id='word_1_95' title='bbox 487 1437 606 1499; x_wconf 81' lang='grc' dir='ltr'>ταῖς</span> <span class='ocrx_word' id='word_1_96' title='bbox 640 1436 930 1506; x_wconf 84' lang='grc' dir='ltr'>ὑποδοχαῖς</span> <span class='ocrx_word' id='word_1_97' title='bbox 966 1437 1078 1491; x_wconf 87' lang='grc' dir='ltr'><strong>τῶν</strong></span> <span class='ocrx_word' id='word_1_98' title='bbox 1117 1439 1285 1505; x_wconf 83' lang='grc' dir='ltr'>ξένων</span> <span class='ocrx_word' id='word_1_99' title='bbox 1306 1458 1318 1471; x_wconf 75' lang='grc' dir='ltr'><strong><em>ο</em></strong></span> <span class='ocrx_word' id='word_1_100' title='bbox 1349 1441 1425 1505; x_wconf 84' lang='grc' dir='ltr'>ὡς</span> <span class='ocrx_word' id='word_1_101' title='bbox 1467 1443 1610 1497; x_wconf 85' lang='grc' dir='ltr'><strong>κατά</strong></span> <span class='ocrx_word' id='word_1_102' title='bbox 1655 1447 1813 1499; x_wconf 81' lang='grc' dir='ltr'>τοῦτο</span> 
     </span>
    </p>
   </div>
   <div class='ocr_carea' id='block_1_16' title="bbox 234 1523 1810 1604">
    <p class='ocr_par' dir='ltr' id='par_1_16' title="bbox 234 1523 1810 1604">
     <span class='ocr_line' id='line_1_18' title="bbox 234 1523 1810 1604; baseline 0.009 -26"><span class='ocrx_word' id='word_1_103' title='bbox 234 1525 664 1597; x_wconf 83' lang='grc' dir='ltr'><strong>περισπώμενος</strong></span> <span class='ocrx_word' id='word_1_104' title='bbox 682 1544 696 1558; x_wconf 88' lang='grc'><strong>·</strong></span> <span class='ocrx_word' id='word_1_105' title='bbox 728 1528 845 1582; x_wconf 79' lang='grc' dir='ltr'>ἐστι</span> <span class='ocrx_word' id='word_1_106' title='bbox 868 1529 977 1600; x_wconf 83' lang='grc' dir='ltr'>γὰρ</span> <span class='ocrx_word' id='word_1_107' title='bbox 1003 1529 1165 1584; x_wconf 81' lang='grc' dir='ltr'>τοῦτο</span> <span class='ocrx_word' id='word_1_108' title='bbox 1186 1534 1286 1602; x_wconf 84' lang='grc' dir='ltr'><strong>τῆς</strong></span> <span class='ocrx_word' id='word_1_109' title='bbox 1310 1523 1532 1604; x_wconf 75' lang='grc' dir='ltr'>μερίδος</span> <span class='ocrx_word' id='word_1_110' title='bbox 1554 1536 1648 1590; x_wconf 63' lang='lat' dir='ltr'><strong>toi</strong></span> <span class='ocrx_word' id='word_1_111' title='bbox 1675 1539 1810 1592; x_wconf 81' lang='grc' dir='ltr'>ἀπο-</span> 
     </span>
    </p>
   </div>
   <div class='ocr_carea' id='block_1_17' title="bbox 232 1618 702 1689">
    <p class='ocr_par' dir='ltr' id='par_1_17' title="bbox 232 1618 702 1689">
     <span class='ocr_line' id='line_1_19' title="bbox 232 1618 702 1689; baseline 0.004 -18"><span class='ocrx_word' id='word_1_112' title='bbox 232 1618 536 1672; x_wconf 82' lang='grc' dir='ltr'>λαυστικοῠ</span> <span class='ocrx_word' id='word_1_113' title='bbox 561 1620 702 1689; x_wconf 85' lang='grc' dir='ltr'>βίου.</span> 
     </span>
    </p>
   </div>
   <div class='ocr_carea' id='block_1_18' title="bbox 306 1710 1808 1788">
    <p class='ocr_par' dir='ltr' id='par_1_18' title="bbox 306 1710 1808 1788">
     <span class='ocr_line' id='line_1_20' title="bbox 306 1710 1808 1788; baseline 0.007 -25"><span class='ocrx_word' id='word_1_114' title='bbox 306 1710 415 1764; x_wconf 90' lang='grc' dir='ltr'>κα’.</span> <span class='ocrx_word' id='word_1_115' title='bbox 435 1711 510 1764; x_wconf 90' lang='grc' dir='ltr'>Οὑ</span> <span class='ocrx_word' id='word_1_116' title='bbox 544 1712 896 1781; x_wconf 86' lang='grc' dir='ltr'>θησαυρίσεις</span> <span class='ocrx_word' id='word_1_117' title='bbox 922 1713 1143 1784; x_wconf 90' lang='grc' dir='ltr'>χρυσίον</span> <span class='ocrx_word' id='word_1_118' title='bbox 1173 1716 1229 1766; x_wconf 73' lang='grc' dir='ltr'>ἓν</span> <span class='ocrx_word' id='word_1_119' title='bbox 1257 1718 1321 1786; x_wconf 83' lang='grc' dir='ltr'><strong>τῇ</strong></span> <span class='ocrx_word' id='word_1_120' title='bbox 1347 1719 1479 1788; x_wconf 81' lang='grc' dir='ltr'>μονῇ</span> <span class='ocrx_word' id='word_1_121' title='bbox 1514 1735 1607 1772; x_wconf 91' lang='grc' dir='ltr'>σου</span> <span class='ocrx_word' id='word_1_122' title='bbox 1632 1733 1645 1746; x_wconf 89' lang='grc'><strong>·</strong></span> <span class='ocrx_word' id='word_1_123' title='bbox 1675 1719 1808 1773; x_wconf 83' lang='grc' dir='ltr'><strong>ἀλλά</strong></span> 
     </span>
    </p>
   </div>
   <div class='ocr_carea' id='block_1_19' title="bbox 233 1801 1807 1880">
    <p class='ocr_par' dir='ltr' id='par_1_19' title="bbox 233 1801 1807 1880">
     <span class='ocr_line' id='line_1_21' title="bbox 233 1801 1807 1880; baseline 0.006 -25"><span class='ocrx_word' id='word_1_124' title='bbox 233 1801 298 1855; x_wconf 82' lang='grc' dir='ltr'>τὸ</span> <span class='ocrx_word' id='word_1_125' title='bbox 329 1803 474 1856; x_wconf 86' lang='grc' dir='ltr'><strong>κατά</strong></span> <span class='ocrx_word' id='word_1_126' title='bbox 496 1804 814 1874; x_wconf 84' lang='grc' dir='ltr'>περισσείαν</span> <span class='ocrx_word' id='word_1_127' title='bbox 845 1804 935 1857; x_wconf 77' lang='grc' dir='ltr'><strong>ἐπὶ</strong></span> <span class='ocrx_word' id='word_1_128' title='bbox 953 1805 1151 1868; x_wconf 80' lang='grc' dir='ltr'>παντὸς</span> <span class='ocrx_word' id='word_1_129' title='bbox 1169 1806 1362 1874; x_wconf 73' lang='grc' dir='ltr'>εἴδους,</span> <span class='ocrx_word' id='word_1_130' title='bbox 1385 1809 1669 1880; x_wconf 75' lang='grc' dir='ltr'>μεταδοίης</span> <span class='ocrx_word' id='word_1_131' title='bbox 1689 1801 1807 1874; x_wconf 64' lang='grc' dir='ltr'>τοῖς</span> 
     </span>
    </p>
   </div>
   <div class='ocr_carea' id='block_1_20' title="bbox 233 1884 1802 1971">
    <p class='ocr_par' dir='ltr' id='par_1_20' title="bbox 233 1884 1802 1971">
     <span class='ocr_line' id='line_1_22' title="bbox 233 1884 1802 1971; baseline 0.007 -24"><span class='ocrx_word' id='word_1_132' title='bbox 233 1884 512 1964; x_wconf 71' lang='grc' dir='ltr'>δεομένοις</span> <span class='ocrx_word' id='word_1_133' title='bbox 536 1912 550 1926; x_wconf 88' lang='grc'><strong>·</strong></span> <span class='ocrx_word' id='word_1_134' title='bbox 591 1896 650 1949; x_wconf 83' lang='grc' dir='ltr'>ὲν</span> <span class='ocrx_word' id='word_1_135' title='bbox 677 1896 878 1960; x_wconf 80' lang='grc' dir='ltr'>ἀνοίξει</span> <span class='ocrx_word' id='word_1_136' title='bbox 900 1899 1001 1966; x_wconf 83' lang='grc' dir='ltr'><strong>τῆς</strong></span> <span class='ocrx_word' id='word_1_137' title='bbox 1029 1897 1200 1965; x_wconf 79' lang='grc' dir='ltr'>αὐλῆς</span> <span class='ocrx_word' id='word_1_138' title='bbox 1229 1916 1347 1964; x_wconf 89' lang='grc' dir='ltr'>σου,</span> <span class='ocrx_word' id='word_1_139' title='bbox 1371 1901 1552 1966; x_wconf 83' lang='grc' dir='ltr'>καθὼς</span> <span class='ocrx_word' id='word_1_140' title='bbox 1579 1905 1627 1956; x_wconf 90' lang='grc' dir='ltr'>οί</span> <span class='ocrx_word' id='word_1_141' title='bbox 1657 1904 1802 1971; x_wconf 75' lang='grc' dir='ltr'>ἅγιοι</span> 
     </span>
    </p>
   </div>
   <div class='ocr_carea' id='block_1_21' title="bbox 230 1987 504 2055">
    <p class='ocr_par' dir='ltr' id='par_1_21' title="bbox 230 1987 504 2055">
     <span class='ocr_line' id='line_1_23' title="bbox 230 1987 504 2055; baseline 0 -15"><span class='ocrx_word' id='word_1_142' title='bbox 230 1987 504 2055; x_wconf 82' lang='grc' dir='ltr'>Πατέρες.</span> 
     </span>
    </p>
   </div>
   <div class='ocr_carea' id='block_1_22' title="bbox 306 2077 1802 2156">
    <p class='ocr_par' dir='ltr' id='par_1_22' title="bbox 306 2077 1802 2156">
     <span class='ocr_line' id='line_1_24' title="bbox 306 2077 1802 2156; baseline 0.005 -26"><span class='ocrx_word' id='word_1_143' title='bbox 306 2077 413 2147; x_wconf 82' lang='grc' dir='ltr'>κβ⁹.</span> <span class='ocrx_word' id='word_1_144' title='bbox 447 2078 521 2130; x_wconf 92' lang='grc' dir='ltr'>Οὑ</span> <span class='ocrx_word' id='word_1_145' title='bbox 549 2078 844 2149; x_wconf 81' lang='grc' dir='ltr'>κρατήσεις</span> <span class='ocrx_word' id='word_1_146' title='bbox 873 2078 1038 2133; x_wconf 83' lang='grc' dir='ltr'>τόπον</span> <span class='ocrx_word' id='word_1_147' title='bbox 1060 2081 1459 2153; x_wconf 82' lang='grc' dir='ltr'>ῆσφαλισμένον</span> <span class='ocrx_word' id='word_1_148' title='bbox 1493 2085 1586 2138; x_wconf 78' lang='grc' dir='ltr'>καὶ</span> <span class='ocrx_word' id='word_1_149' title='bbox 1607 2085 1704 2156; x_wconf 78' lang='grc' dir='ltr'><strong>τήν</strong></span> <span class='ocrx_word' id='word_1_150' title='bbox 1726 2087 1802 2138; x_wconf 86' lang='lat' dir='ltr'><strong>ol-</strong></span> 
     </span>
    </p>
   </div>
   <div class='ocr_carea' id='block_1_23' title="bbox 224 2168 1796 2247">
    <p class='ocr_par' dir='ltr' id='par_1_23' title="bbox 224 2168 1796 2247">
     <span class='ocr_line' id='line_1_25' title="bbox 224 2168 1796 2247; baseline 0.006 -25"><span class='ocrx_word' id='word_1_151' title='bbox 224 2168 532 2239; x_wconf 81' lang='grc' dir='ltr'>κονομικὴν</span> <span class='ocrx_word' id='word_1_152' title='bbox 577 2170 834 2240; x_wconf 86' lang='grc' dir='ltr'>φροντίδα</span> <span class='ocrx_word' id='word_1_153' title='bbox 856 2186 869 2201; x_wconf 86' lang='grc'><strong>·</strong></span> <span class='ocrx_word' id='word_1_154' title='bbox 889 2171 1002 2224; x_wconf 75' lang='grc' dir='ltr'>ἀλλ’</span> <span class='ocrx_word' id='word_1_155' title='bbox 1034 2173 1172 2226; x_wconf 80' lang='grc' dir='ltr'>ἔστω</span> <span class='ocrx_word' id='word_1_156' title='bbox 1207 2191 1287 2227; x_wconf 77' lang='grc' dir='ltr'><strong>σοι</strong></span> <span class='ocrx_word' id='word_1_157' title='bbox 1306 2173 1474 2240; x_wconf 78' lang='grc' dir='ltr'>κλεὶς,</span> <span class='ocrx_word' id='word_1_158' title='bbox 1502 2177 1534 2246; x_wconf 82' lang='grc' dir='ltr'>ἡ</span> <span class='ocrx_word' id='word_1_159' title='bbox 1567 2178 1796 2247; x_wconf 85' lang='grc' dir='ltr'>μεγίστη</span> 
     </span>
    </p>
   </div>
   <div class='ocr_carea' id='block_1_24' title="bbox 225 2259 1800 2336">
    <p class='ocr_par' dir='ltr' id='par_1_24' title="bbox 225 2259 1800 2336">
     <span class='ocr_line' id='line_1_26' title="bbox 225 2259 1800 2336; baseline 0.008 -25"><span class='ocrx_word' id='word_1_160' title='bbox 225 2260 340 2314; x_wconf 83' lang='grc' dir='ltr'><strong>τῶν</strong></span> <span class='ocrx_word' id='word_1_161' title='bbox 366 2259 556 2330; x_wconf 81' lang='grc' dir='ltr'>ψυχῶν</span> <span class='ocrx_word' id='word_1_162' title='bbox 585 2263 828 2331; x_wconf 69' lang='grc' dir='ltr'>φροντὶς,</span> <span class='ocrx_word' id='word_1_163' title='bbox 871 2261 960 2315; x_wconf 76' lang='grc' dir='ltr'><strong>τοῦ</strong></span> <span class='ocrx_word' id='word_1_164' title='bbox 983 2263 1133 2318; x_wconf 85' lang='grc' dir='ltr'>λύειν</span> <span class='ocrx_word' id='word_1_165' title='bbox 1159 2266 1251 2317; x_wconf 81' lang='grc' dir='ltr'>καὶ</span> <span class='ocrx_word' id='word_1_166' title='bbox 1278 2266 1517 2336; x_wconf 85' lang='grc' dir='ltr'>δεσμεῖν,</span> <span class='ocrx_word' id='word_1_167' title='bbox 1563 2269 1702 2322; x_wconf 85' lang='grc' dir='ltr'>κατὰ</span> <span class='ocrx_word' id='word_1_168' title='bbox 1729 2269 1800 2324; x_wconf 84' lang='grc' dir='ltr'>τὰ</span> 
     </span>
    </p>
   </div>
   <div class='ocr_carea' id='block_1_25' title="bbox 222 2351 1799 2432">
    <p class='ocr_par' dir='ltr' id='par_1_25' title="bbox 222 2351 1799 2432">
     <span class='ocr_line' id='line_1_27' title="bbox 222 2351 1799 2432; baseline 0.006 -27"><span class='ocrx_word' id='word_1_169' title='bbox 222 2351 423 2420; x_wconf 80' lang='grc' dir='ltr'>Λόγια.</span> <span class='ocrx_word' id='word_1_170' title='bbox 458 2354 532 2406; x_wconf 82' lang='grc' dir='ltr'><strong>Τὸ</strong></span> <span class='ocrx_word' id='word_1_171' title='bbox 560 2354 780 2424; x_wconf 82' lang='grc' dir='ltr'>χρυσίον</span> <span class='ocrx_word' id='word_1_172' title='bbox 820 2355 876 2408; x_wconf 82' lang='grc' dir='ltr'>δὲ</span> <span class='ocrx_word' id='word_1_173' title='bbox 912 2356 1002 2408; x_wconf 68' lang='grc' dir='ltr'><strong>καί¹</strong></span> <span class='ocrx_word' id='word_1_174' title='bbox 1043 2358 1112 2410; x_wconf 87' lang='grc' dir='ltr'><strong>τά</strong></span> <span class='ocrx_word' id='word_1_175' title='bbox 1151 2358 1291 2410; x_wconf 85' lang='grc' dir='ltr'>κατὰ</span> <span class='ocrx_word' id='word_1_176' title='bbox 1315 2359 1525 2429; x_wconf 86' lang='grc' dir='ltr'>χρείαν,</span> <span class='ocrx_word' id='word_1_177' title='bbox 1562 2362 1799 2432; x_wconf 80' lang='grc' dir='ltr'>ἐγχειρί-</span> 
     </span>
    </p>
   </div>
   <div class='ocr_carea' id='block_1_26' title="bbox 225 2447 1798 2521">
    <p class='ocr_par' dir='ltr' id='par_1_26' title="bbox 225 2447 1798 2521">
     <span class='ocr_line' id='line_1_28' title="bbox 225 2447 1798 2521; baseline 0.004 -22"><span class='ocrx_word' id='word_1_178' title='bbox 225 2463 342 2508; x_wconf 88' lang='grc' dir='ltr'>σεις</span> <span class='ocrx_word' id='word_1_179' title='bbox 370 2449 487 2508; x_wconf 83' lang='grc' dir='ltr'>τοῖς</span> <span class='ocrx_word' id='word_1_180' title='bbox 513 2447 836 2517; x_wconf 86' lang='grc' dir='ltr'>οἰκονόμοις,</span> <span class='ocrx_word' id='word_1_181' title='bbox 890 2451 1000 2510; x_wconf 86' lang='grc' dir='ltr'>τοῖς</span> <span class='ocrx_word' id='word_1_182' title='bbox 1051 2448 1414 2521; x_wconf 83' lang='grc' dir='ltr'>κελλαρίταις,</span> <span class='ocrx_word' id='word_1_183' title='bbox 1451 2452 1542 2504; x_wconf 74' lang='grc' dir='ltr'>καὶ</span> <span class='ocrx_word' id='word_1_184' title='bbox 1571 2453 1646 2516; x_wconf 84' lang='grc' dir='ltr'>ὡς</span> <span class='ocrx_word' id='word_1_185' title='bbox 1677 2455 1798 2506; x_wconf 83' lang='grc' dir='ltr'><strong>ἐπι-</strong></span> 
     </span>
    </p>
   </div>
   <div class='ocr_carea' id='block_1_27' title="bbox 223 2538 1797 2616">
    <p class='ocr_par' dir='ltr' id='par_1_27' title="bbox 223 2538 1797 2616">
     <span class='ocr_line' id='line_1_29' title="bbox 223 2538 1797 2616; baseline 0.01 -27"><span class='ocrx_word' id='word_1_186' title='bbox 223 2538 413 2591; x_wconf 72' lang='grc' dir='ltr'>ϐάλλει</span> <span class='ocrx_word' id='word_1_187' title='bbox 444 2540 566 2593; x_wconf 86' lang='grc' dir='ltr'>καθ’</span> <span class='ocrx_word' id='word_1_188' title='bbox 599 2542 836 2611; x_wconf 81' lang='grc' dir='ltr'>ἑκάστην</span> <span class='ocrx_word' id='word_1_189' title='bbox 865 2542 1143 2597; x_wconf 81' lang='grc' dir='ltr'>διακονίαν</span> <span class='ocrx_word' id='word_1_190' title='bbox 1178 2563 1269 2598; x_wconf 89' lang='grc' dir='ltr'><strong>σου</strong></span> <span class='ocrx_word' id='word_1_191' title='bbox 1294 2548 1559 2616; x_wconf 81' lang='grc' dir='ltr'>πρόδηλον</span> <span class='ocrx_word' id='word_1_192' title='bbox 1579 2553 1797 2604; x_wconf 87' lang='grc' dir='ltr'>πάντων</span> 
     </span>
    </p>
   </div>
   <div class='ocr_carea' id='block_1_28' title="bbox 219 2630 1796 2712">
    <p class='ocr_par' dir='ltr' id='par_1_28' title="bbox 219 2630 1796 2712">
     <span class='ocr_line' id='line_1_30' title="bbox 219 2630 1796 2712; baseline 0.01 -31"><span class='ocrx_word' id='word_1_193' title='bbox 219 2630 321 2700; x_wconf 79' lang='grc' dir='ltr'>τὴν</span> <span class='ocrx_word' id='word_1_194' title='bbox 346 2631 597 2695; x_wconf 74' lang='grc' dir='ltr'>ἐξουσίαν</span> <span class='ocrx_word' id='word_1_195' title='bbox 625 2631 840 2702; x_wconf 75' lang='grc' dir='ltr'>ἔχοντος</span> <span class='ocrx_word' id='word_1_196' title='bbox 859 2650 872 2663; x_wconf 90' lang='grc'><strong>·</strong></span> <span class='ocrx_word' id='word_1_197' title='bbox 900 2634 994 2688; x_wconf 72' lang='grc' dir='ltr'>καὶ</span> <span class='ocrx_word' id='word_1_198' title='bbox 1039 2638 1436 2708; x_wconf 82' lang='grc' dir='ltr'>μεταφέροντος</span> <span class='ocrx_word' id='word_1_199' title='bbox 1473 2642 1547 2704; x_wconf 81' lang='grc' dir='ltr'>ὡς</span> <span class='ocrx_word' id='word_1_200' title='bbox 1585 2643 1650 2695; x_wconf 87' lang='grc' dir='ltr'>ἂν</span> <span class='ocrx_word' id='word_1_201' title='bbox 1674 2642 1796 2712; x_wconf 82' lang='grc' dir='ltr'>βου-</span> 
     </span>
    </p>
   </div>
   <div class='ocr_carea' id='block_1_29' title="bbox 219 2721 1792 2802">
    <p class='ocr_par' dir='ltr' id='par_1_29' title="bbox 219 2721 1792 2802">
     <span class='ocr_line' id='line_1_31' title="bbox 219 2721 1792 2802; baseline 0.008 -28"><span class='ocrx_word' id='word_1_202' title='bbox 219 2721 354 2793; x_wconf 80' lang='grc' dir='ltr'>λεὺῃ</span> <span class='ocrx_word' id='word_1_203' title='bbox 387 2723 526 2792; x_wconf 83' lang='grc' dir='ltr'>μετὰ</span> <span class='ocrx_word' id='word_1_204' title='bbox 555 2724 664 2776; x_wconf 90' lang='grc' dir='ltr'><strong>τῶν</strong></span> <span class='ocrx_word' id='word_1_205' title='bbox 691 2725 1028 2794; x_wconf 83' lang='grc' dir='ltr'>προεχόντων</span> <span class='ocrx_word' id='word_1_206' title='bbox 1054 2729 1111 2779; x_wconf 84' lang='grc' dir='ltr'>ὲν</span> <span class='ocrx_word' id='word_1_207' title='bbox 1140 2728 1216 2799; x_wconf 78' lang='grc' dir='ltr'><strong>τῷ</strong></span> <span class='ocrx_word' id='word_1_208' title='bbox 1244 2729 1460 2798; x_wconf 83' lang='grc' dir='ltr'>τυχόντι</span> <span class='ocrx_word' id='word_1_209' title='bbox 1489 2732 1792 2802; x_wconf 80' lang='grc' dir='ltr'>προσώπῳ,</span> 
     </span>
    </p>
   </div>
   <div class='ocr_carea' id='block_1_30' title="bbox 221 2814 1578 2893">
    <p class='ocr_par' dir='ltr' id='par_1_30' title="bbox 221 2814 1578 2893">
     <span class='ocr_line' id='line_1_32' title="bbox 221 2814 1578 2893; baseline 0.007 -26"><span class='ocrx_word' id='word_1_210' title='bbox 221 2814 628 2883; x_wconf 78' lang='grc' dir='ltr'>ἀπολαμϐάνων</span> <span class='ocrx_word' id='word_1_211' title='bbox 654 2816 744 2868; x_wconf 82' lang='grc' dir='ltr'>τὸν</span> <span class='ocrx_word' id='word_1_212' title='bbox 775 2817 931 2885; x_wconf 81' lang='grc' dir='ltr'>λόγον</span> <span class='ocrx_word' id='word_1_213' title='bbox 969 2819 1206 2890; x_wconf 80' lang='grc' dir='ltr'>ἑκάστης</span> <span class='ocrx_word' id='word_1_214' title='bbox 1238 2821 1578 2893; x_wconf 85' lang='grc' dir='ltr'>διοικήσεως.</span> 
     </span>
    </p>
   </div>
   <div class='ocr_carea' id='block_1_31' title="bbox 293 2904 1796 2986">
    <p class='ocr_par' dir='ltr' id='par_1_31' title="bbox 293 2904 1796 2986">
     <span class='ocr_line' id='line_1_33' title="bbox 293 2904 1796 2986; baseline 0.008 -28"><span class='ocrx_word' id='word_1_215' title='bbox 293 2904 400 2974; x_wconf 83' lang='grc' dir='ltr'>κγ’.</span> <span class='ocrx_word' id='word_1_216' title='bbox 419 2907 493 2959; x_wconf 88' lang='grc' dir='ltr'>Οὑ</span> <span class='ocrx_word' id='word_1_217' title='bbox 524 2909 882 2978; x_wconf 83' lang='grc' dir='ltr'>προτιμήσεις</span> <span class='ocrx_word' id='word_1_218' title='bbox 913 2909 1007 2962; x_wconf 85' lang='grc' dir='ltr'><strong>τοῦ</strong></span> <span class='ocrx_word' id='word_1_219' title='bbox 1044 2914 1455 2984; x_wconf 80' lang='grc' dir='ltr'>συμμφέροντος</span> <span class='ocrx_word' id='word_1_220' title='bbox 1481 2918 1545 2986; x_wconf 82' lang='grc' dir='ltr'>τῇ</span> <span class='ocrx_word' id='word_1_221' title='bbox 1575 2916 1796 2986; x_wconf 78' lang='grc' dir='ltr'>ἁδελφό-</span> 
     </span>
    </p>
   </div>
   <div class='ocr_carea' id='block_1_32' title="bbox 218 2997 1796 3079">
    <p class='ocr_par' dir='ltr' id='par_1_32' title="bbox 218 2997 1796 3079">
     <span class='ocr_line' id='line_1_34' title="bbox 218 2997 1796 3079; baseline 0.009 -31"><span class='ocrx_word' id='word_1_222' title='bbox 218 3013 343 3065; x_wconf 85' lang='grc' dir='ltr'>τητι</span> <span class='ocrx_word' id='word_1_223' title='bbox 364 2997 658 3066; x_wconf 87' lang='grc' dir='ltr'>πρόσωπον</span> <span class='ocrx_word' id='word_1_224' title='bbox 679 3001 876 3065; x_wconf 70' lang='grc' dir='ltr'>παντὸς</span> <span class='ocrx_word' id='word_1_225' title='bbox 899 3001 1083 3071; x_wconf 80' lang='grc' dir='ltr'>ἐτέρου</span> <span class='ocrx_word' id='word_1_226' title='bbox 1112 3003 1418 3074; x_wconf 81' lang='grc' dir='ltr'>ἀνθρώπου,</span> <span class='ocrx_word' id='word_1_227' title='bbox 1443 3007 1796 3079; x_wconf 80' lang='grc' dir='ltr'>ὑπερέχοντος</span> 
     </span>
    </p>
   </div>
   <div class='ocr_carea' id='block_1_33' title="bbox 219 3087 1793 3165">
    <p class='ocr_par' dir='ltr' id='par_1_33' title="bbox 219 3087 1793 3165">
     <span class='ocr_line' id='line_1_35' title="bbox 219 3087 1793 3165; baseline 0.01 -26"><span class='ocrx_word' id='word_1_228' title='bbox 219 3088 317 3140; x_wconf 78' lang='grc' dir='ltr'><strong>καὶ</strong></span> <span class='ocrx_word' id='word_1_229' title='bbox 345 3087 755 3155; x_wconf 78' lang='grc' dir='ltr'>ὲξουσιάζοντος</span> <span class='ocrx_word' id='word_1_230' title='bbox 807 3092 947 3145; x_wconf 87' lang='grc' dir='ltr'>κατὰ</span> <span class='ocrx_word' id='word_1_231' title='bbox 997 3093 1089 3145; x_wconf 84' lang='grc' dir='ltr'>τὸν</span> <span class='ocrx_word' id='word_1_232' title='bbox 1137 3097 1378 3165; x_wconf 85' lang='grc' dir='ltr'>παρόντα</span> <span class='ocrx_word' id='word_1_233' title='bbox 1422 3099 1628 3153; x_wconf 77' lang='grc' dir='ltr'>αίῶναο</span> <span class='ocrx_word' id='word_1_234' title='bbox 1668 3102 1793 3154; x_wconf 85' lang='grc' dir='ltr'>οὑτε</span> 
     </span>
    </p>
   </div>
   <div class='ocr_carea' id='block_1_34' title="bbox 1995 804 3490 878">
    <p class='ocr_par' dir='ltr' id='par_1_34' title="bbox 1995 804 3490 878">
     <span class='ocr_line' id='line_1_36' title="bbox 1995 804 3490 878; baseline 0.006 -21"><span class='ocrx_word' id='word_1_235' title='bbox 1995 805 2080 858; x_wconf 83' lang='grc'><strong>18.</strong></span> <span class='ocrx_word' id='word_1_236' title='bbox 2099 804 2214 859; x_wconf 86' lang='lat' dir='ltr'><strong>Non</strong></span> <span class='ocrx_word' id='word_1_237' title='bbox 2231 806 2452 862; x_wconf 81' lang='lat' dir='ltr'><strong>habebis</strong></span> <span class='ocrx_word' id='word_1_238' title='bbox 2476 808 2528 862; x_wconf 91' lang='lat' dir='ltr'><strong>in</strong></span> <span class='ocrx_word' id='word_1_239' title='bbox 2552 809 2684 863; x_wconf 82' lang='lat' dir='ltr'><strong>cella</strong></span> <span class='ocrx_word' id='word_1_240' title='bbox 2704 816 2792 862; x_wconf 90' lang='lat' dir='ltr'><strong>tua</strong></span> <span class='ocrx_word' id='word_1_241' title='bbox 2817 809 3144 878; x_wconf 89' lang='lat' dir='ltr'><strong>discipulum</strong></span> <span class='ocrx_word' id='word_1_242' title='bbox 3169 812 3490 868; x_wconf 85' lang='lat' dir='ltr'><strong>adolescen-</strong></span> 
     </span>
    </p>
   </div>
   <div class='ocr_carea' id='block_1_35' title="bbox 1920 896 3486 965">
    <p class='ocr_par' dir='ltr' id='par_1_35' title="bbox 1920 896 3486 965">
     <span class='ocr_line' id='line_1_37' title="bbox 1920 896 3486 965; baseline 0.008 -18"><span class='ocrx_word' id='word_1_243' title='bbox 1920 902 2050 960; x_wconf 89' lang='lat' dir='ltr'><strong>tem,</strong></span> <span class='ocrx_word' id='word_1_244' title='bbox 2082 911 2192 965; x_wconf 90' lang='lat' dir='ltr'><strong>quo</strong></span> <span class='ocrx_word' id='word_1_245' title='bbox 2225 896 2467 953; x_wconf 82' lang='lat' dir='ltr'><strong>afficiare</strong></span> <span class='ocrx_word' id='word_1_246' title='bbox 2500 917 2512 952; x_wconf 94' lang='lat'>:</span> <span class='ocrx_word' id='word_1_247' title='bbox 2545 901 2641 954; x_wconf 88' lang='lat' dir='ltr'><strong>sed</strong></span> <span class='ocrx_word' id='word_1_248' title='bbox 2691 900 2993 956; x_wconf 83' lang='lat' dir='ltr'><strong>ministeria</strong></span> <span class='ocrx_word' id='word_1_249' title='bbox 3041 912 3132 956; x_wconf 86' lang='lat' dir='ltr'><strong>tua</strong></span> <span class='ocrx_word' id='word_1_250' title='bbox 3165 904 3366 957; x_wconf 89' lang='lat' dir='ltr'><strong>obeant</strong></span> <span class='ocrx_word' id='word_1_251' title='bbox 3391 905 3486 958; x_wconf 75' lang='lat' dir='ltr'><strong>di-</strong></span> 
     </span>
    </p>
   </div>
   <div class='ocr_carea' id='block_1_36' title="bbox 1919 987 2934 1062">
    <p class='ocr_par' dir='ltr' id='par_1_36' title="bbox 1919 987 2934 1062">
     <span class='ocr_line' id='line_1_38' title="bbox 1919 987 2934 1062; baseline 0.005 -21"><span class='ocrx_word' id='word_1_252' title='bbox 1919 987 2061 1041; x_wconf 82' lang='lat' dir='ltr'><strong>versi</strong></span> <span class='ocrx_word' id='word_1_253' title='bbox 2087 987 2304 1053; x_wconf 78' lang='lat' dir='ltr'><strong>fratrea,</strong></span> <span class='ocrx_word' id='word_1_254' title='bbox 2339 999 2393 1044; x_wconf 89' lang='lat' dir='ltr'><strong>et</strong></span> <span class='ocrx_word' id='word_1_255' title='bbox 2423 991 2647 1045; x_wconf 91' lang='lat' dir='ltr'><strong>minime</strong></span> <span class='ocrx_word' id='word_1_256' title='bbox 2674 993 2934 1062; x_wconf 77' lang='lat' dir='ltr'><strong>suspecti.</strong></span> 
     </span>
    </p>
   </div>
   <div class='ocr_carea' id='block_1_37' title="bbox 1988 1079 3484 1156">
    <p class='ocr_par' dir='ltr' id='par_1_37' title="bbox 1988 1079 3484 1156">
     <span class='ocr_line' id='line_1_39' title="bbox 1988 1079 3484 1156; baseline 0.007 -23"><span class='ocrx_word' id='word_1_257' title='bbox 1988 1080 2074 1136; x_wconf 83' lang='grc'><strong>19.</strong></span> <span class='ocrx_word' id='word_1_258' title='bbox 2111 1079 2230 1134; x_wconf 84' lang='lat' dir='ltr'><strong>Non</strong></span> <span class='ocrx_word' id='word_1_259' title='bbox 2259 1082 2427 1137; x_wconf 89' lang='lat' dir='ltr'><strong>uteris</strong></span> <span class='ocrx_word' id='word_1_260' title='bbox 2460 1084 2783 1137; x_wconf 87' lang='lat' dir='ltr'><strong>vestimento</strong></span> <span class='ocrx_word' id='word_1_261' title='bbox 2828 1085 3108 1139; x_wconf 87' lang='lat' dir='ltr'><strong>elaborato</strong></span> <span class='ocrx_word' id='word_1_262' title='bbox 3135 1097 3188 1140; x_wconf 87' lang='lat' dir='ltr'><strong>et</strong></span> <span class='ocrx_word' id='word_1_263' title='bbox 3213 1088 3484 1156; x_wconf 78' lang='lat' dir='ltr'><strong>pretioso,</strong></span> 
     </span>
    </p>
   </div>
   <div class='ocr_carea' id='block_1_38' title="bbox 1914 1175 3483 1246">
    <p class='ocr_par' dir='ltr' id='par_1_38' title="bbox 1914 1175 3483 1246">
     <span class='ocr_line' id='line_1_40' title="bbox 1914 1175 3483 1246; baseline 0.006 -21"><span class='ocrx_word' id='word_1_264' title='bbox 1914 1182 2274 1243; x_wconf 75' lang='lat' dir='ltr'><strong>praeterquam</strong></span> <span class='ocrx_word' id='word_1_265' title='bbox 2336 1175 2692 1241; x_wconf 79' lang='lat' dir='ltr'><strong>sacerdotali;</strong></span> <span class='ocrx_word' id='word_1_266' title='bbox 2744 1176 2836 1230; x_wconf 90' lang='lat' dir='ltr'><strong>sed</strong></span> <span class='ocrx_word' id='word_1_267' title='bbox 2883 1177 3215 1246; x_wconf 86' lang='lat' dir='ltr'><strong>humilibus,</strong></span> <span class='ocrx_word' id='word_1_268' title='bbox 3263 1177 3483 1234; x_wconf 83' lang='lat' dir='ltr'><strong>Patrum</strong></span> 
     </span>
    </p>
   </div>
   <div class='ocr_carea' id='block_1_39' title="bbox 1914 1266 2897 1335">
    <p class='ocr_par' dir='ltr' id='par_1_39' title="bbox 1914 1266 2897 1335">
     <span class='ocr_line' id='line_1_41' title="bbox 1914 1266 2897 1335; baseline 0.002 -15"><span class='ocrx_word' id='word_1_269' title='bbox 1914 1267 2183 1335; x_wconf 81' lang='lat' dir='ltr'><strong>exemplo,</strong></span> <span class='ocrx_word' id='word_1_270' title='bbox 2213 1266 2453 1329; x_wconf 81' lang='lat' dir='ltr'><strong>induere,</strong></span> <span class='ocrx_word' id='word_1_271' title='bbox 2484 1279 2537 1321; x_wconf 91' lang='lat' dir='ltr'><strong>et</strong></span> <span class='ocrx_word' id='word_1_272' title='bbox 2567 1268 2897 1322; x_wconf 88' lang='lat' dir='ltr'><strong>calceabere.</strong></span> 
     </span>
    </p>
   </div>
   <div class='ocr_carea' id='block_1_40' title="bbox 1967 1353 3484 1430">
    <p class='ocr_par' dir='ltr' id='par_1_40' title="bbox 1967 1353 3484 1430">
     <span class='ocr_line' id='line_1_42' title="bbox 1967 1353 3484 1430; baseline 0.006 -23"><span class='ocrx_word' id='word_1_273' title='bbox 1967 1355 2072 1416; x_wconf 87' lang='grc'><strong>20.</strong></span> <span class='ocrx_word' id='word_1_274' title='bbox 2100 1353 2216 1409; x_wconf 87' lang='lat' dir='ltr'><strong>Non</strong></span> <span class='ocrx_word' id='word_1_275' title='bbox 2240 1358 2350 1410; x_wconf 90' lang='lat' dir='ltr'><strong>eris</strong></span> <span class='ocrx_word' id='word_1_276' title='bbox 2371 1357 2634 1412; x_wconf 85' lang='lat' dir='ltr'><strong>delicatus</strong></span> <span class='ocrx_word' id='word_1_277' title='bbox 2652 1373 2715 1412; x_wconf 92' lang='lat' dir='ltr'><strong>ac</strong></span> <span class='ocrx_word' id='word_1_278' title='bbox 2739 1358 2939 1425; x_wconf 81' lang='lat' dir='ltr'><strong>lautus,</strong></span> <span class='ocrx_word' id='word_1_279' title='bbox 2967 1375 3147 1430; x_wconf 85' lang='lat' dir='ltr'><strong>neque</strong></span> <span class='ocrx_word' id='word_1_280' title='bbox 3180 1360 3234 1416; x_wconf 92' lang='lat' dir='ltr'><strong>in</strong></span> <span class='ocrx_word' id='word_1_281' title='bbox 3268 1362 3484 1430; x_wconf 84' lang='lat' dir='ltr'><strong>privato</strong></span> 
     </span>
    </p>
   </div>
   <div class='ocr_carea' id='block_1_41' title="bbox 1913 1451 3482 1522">
    <p class='ocr_par' dir='ltr' id='par_1_41' title="bbox 1913 1451 3482 1522">
     <span class='ocr_line' id='line_1_43' title="bbox 1913 1451 3482 1522; baseline 0.003 -18"><span class='ocrx_word' id='word_1_282' title='bbox 1913 1461 2129 1519; x_wconf 79' lang='lat' dir='ltr'><strong>sumptu</strong></span> <span class='ocrx_word' id='word_1_283' title='bbox 2179 1460 2293 1510; x_wconf 89' lang='lat' dir='ltr'><strong>tuo.</strong></span> <span class='ocrx_word' id='word_1_284' title='bbox 2331 1466 2506 1519; x_wconf 88' lang='lat' dir='ltr'><strong>neque</strong></span> <span class='ocrx_word' id='word_1_285' title='bbox 2551 1451 2605 1503; x_wconf 92' lang='lat' dir='ltr'><strong>in</strong></span> <span class='ocrx_word' id='word_1_286' title='bbox 2653 1452 2929 1520; x_wconf 80' lang='lat' dir='ltr'><strong>h05pitum</strong></span> <span class='ocrx_word' id='word_1_287' title='bbox 2982 1453 3325 1522; x_wconf 89' lang='lat' dir='ltr'><strong>receptione;</strong></span> <span class='ocrx_word' id='word_1_288' title='bbox 3361 1463 3482 1508; x_wconf 87' lang='lat' dir='ltr'><strong>tan-</strong></span> 
     </span>
    </p>
   </div>
   <div class='ocr_carea' id='block_1_42' title="bbox 1911 1542 3484 1616">
    <p class='ocr_par' dir='ltr' id='par_1_42' title="bbox 1911 1542 3484 1616">
     <span class='ocr_line' id='line_1_44' title="bbox 1911 1542 3484 1616; baseline 0.003 -20"><span class='ocrx_word' id='word_1_289' title='bbox 1911 1558 2072 1612; x_wconf 89' lang='lat' dir='ltr'><strong>quam</strong></span> <span class='ocrx_word' id='word_1_290' title='bbox 2115 1558 2176 1596; x_wconf 88' lang='lat' dir='ltr'><strong>ea</strong></span> <span class='ocrx_word' id='word_1_291' title='bbox 2203 1557 2332 1596; x_wconf 90' lang='lat' dir='ltr'><strong>cura</strong></span> <span class='ocrx_word' id='word_1_292' title='bbox 2361 1542 2683 1598; x_wconf 83' lang='lat' dir='ltr'><strong>distraharis</strong></span> <span class='ocrx_word' id='word_1_293' title='bbox 2722 1559 2738 1597; x_wconf 86' lang='lat'><strong>:</strong></span> <span class='ocrx_word' id='word_1_294' title='bbox 2772 1544 2874 1597; x_wconf 87' lang='lat' dir='ltr'><strong>hoc</strong></span> <span class='ocrx_word' id='word_1_295' title='bbox 2905 1545 3050 1599; x_wconf 89' lang='lat' dir='ltr'><strong>enim</strong></span> <span class='ocrx_word' id='word_1_296' title='bbox 3086 1547 3362 1616; x_wconf 87' lang='lat' dir='ltr'><strong>proprium</strong></span> <span class='ocrx_word' id='word_1_297' title='bbox 3393 1555 3484 1602; x_wconf 89' lang='lat' dir='ltr'><strong>est</strong></span> 
     </span>
    </p>
   </div>
   <div class='ocr_carea' id='block_1_43' title="bbox 1910 1634 2396 1702">
    <p class='ocr_par' dir='ltr' id='par_1_43' title="bbox 1910 1634 2396 1702">
     <span class='ocr_line' id='line_1_45' title="bbox 1910 1634 2396 1702; baseline 0.004 -16"><span class='ocrx_word' id='word_1_298' title='bbox 1910 1634 2031 1687; x_wconf 75' lang='lat' dir='ltr'><strong>vita:</strong></span> <span class='ocrx_word' id='word_1_299' title='bbox 2059 1634 2396 1702; x_wconf 66' lang='lat' dir='ltr'><strong>voluptariae.</strong></span> 
     </span>
    </p>
   </div>
   <div class='ocr_carea' id='block_1_44' title="bbox 1977 1725 3478 1796">
    <p class='ocr_par' dir='ltr' id='par_1_44' title="bbox 1977 1725 3478 1796">
     <span class='ocr_line' id='line_1_46' title="bbox 1977 1725 3478 1796; baseline 0.006 -18"><span class='ocrx_word' id='word_1_300' title='bbox 1977 1725 2067 1780; x_wconf 77' lang='lat'><strong>21.</strong></span> <span class='ocrx_word' id='word_1_301' title='bbox 2095 1725 2212 1779; x_wconf 82' lang='lat' dir='ltr'><strong>Non</strong></span> <span class='ocrx_word' id='word_1_302' title='bbox 2243 1726 2505 1780; x_wconf 85' lang='lat' dir='ltr'><strong>recondas</strong></span> <span class='ocrx_word' id='word_1_303' title='bbox 2534 1742 2727 1781; x_wconf 91' lang='lat' dir='ltr'><strong>aurum</strong></span> <span class='ocrx_word' id='word_1_304' title='bbox 2753 1728 2805 1781; x_wconf 92' lang='lat' dir='ltr'><strong>in</strong></span> <span class='ocrx_word' id='word_1_305' title='bbox 2851 1729 3184 1784; x_wconf 84' lang='lat' dir='ltr'><strong>monasterio</strong></span> <span class='ocrx_word' id='word_1_306' title='bbox 3231 1741 3346 1796; x_wconf 90' lang='lat' dir='ltr'><strong>tuo,</strong></span> <span class='ocrx_word' id='word_1_307' title='bbox 3379 1731 3478 1787; x_wconf 84' lang='lat' dir='ltr'><strong>sed</strong></span> 
     </span>
    </p>
   </div>
   <div class='ocr_carea' id='block_1_45' title="bbox 1909 1815 3480 1888">
    <p class='ocr_par' dir='ltr' id='par_1_45' title="bbox 1909 1815 3480 1888">
     <span class='ocr_line' id='line_1_47' title="bbox 1909 1815 3480 1888; baseline 0.003 -17"><span class='ocrx_word' id='word_1_308' title='bbox 1909 1815 2170 1886; x_wconf 81' lang='lat' dir='ltr'><strong>quidquid</strong></span> <span class='ocrx_word' id='word_1_309' title='bbox 2195 1817 2247 1868; x_wconf 90' lang='lat' dir='ltr'><strong>in</strong></span> <span class='ocrx_word' id='word_1_310' title='bbox 2273 1831 2812 1886; x_wconf 78' lang='lat' dir='ltr'><strong>unoquoquegenere</strong></span> <span class='ocrx_word' id='word_1_311' title='bbox 2825 1819 3165 1885; x_wconf 76' lang='lat' dir='ltr'><strong>redundabit,</strong></span> <span class='ocrx_word' id='word_1_312' title='bbox 3193 1820 3480 1888; x_wconf 79' lang='lat' dir='ltr'><strong>indigenti-</strong></span> 
     </span>
    </p>
   </div>
   <div class='ocr_carea' id='block_1_46' title="bbox 1906 1909 3474 1980">
    <p class='ocr_par' dir='ltr' id='par_1_46' title="bbox 1906 1909 3474 1980">
     <span class='ocr_line' id='line_1_48' title="bbox 1906 1909 3474 1980; baseline 0.001 -15"><span class='ocrx_word' id='word_1_313' title='bbox 1906 1912 2009 1965; x_wconf 85' lang='lat' dir='ltr'><strong>bus</strong></span> <span class='ocrx_word' id='word_1_314' title='bbox 2043 1909 2257 1980; x_wconf 76' lang='lat' dir='ltr'><strong>largire,</strong></span> <span class='ocrx_word' id='word_1_315' title='bbox 2290 1911 2546 1978; x_wconf 85' lang='lat' dir='ltr'><strong>adaperto</strong></span> <span class='ocrx_word' id='word_1_316' title='bbox 2578 1909 2719 1963; x_wconf 89' lang='lat' dir='ltr'><strong>atrio</strong></span> <span class='ocrx_word' id='word_1_317' title='bbox 2752 1919 2866 1975; x_wconf 91' lang='lat' dir='ltr'><strong>tuo,</strong></span> <span class='ocrx_word' id='word_1_318' title='bbox 2903 1910 3043 1966; x_wconf 88' lang='lat' dir='ltr'><strong>sicut</strong></span> <span class='ocrx_word' id='word_1_319' title='bbox 3067 1913 3242 1967; x_wconf 86' lang='lat' dir='ltr'><strong>sancti</strong></span> <span class='ocrx_word' id='word_1_320' title='bbox 3264 1911 3474 1968; x_wconf 88' lang='lat' dir='ltr'><strong>Patres.</strong></span> 
     </span>
    </p>
   </div>
   <div class='ocr_carea' id='block_1_47' title="bbox 1969 2083 3476 2157">
    <p class='ocr_par' dir='ltr' id='par_1_47' title="bbox 1969 2083 3476 2157">
     <span class='ocr_line' id='line_1_49' title="bbox 1969 2083 3476 2157; baseline 0.004 -19"><span class='ocrx_word' id='word_1_321' title='bbox 1969 2084 2059 2138; x_wconf 92' lang='grc'><strong>22.</strong></span> <span class='ocrx_word' id='word_1_322' title='bbox 2082 2083 2199 2139; x_wconf 85' lang='lat' dir='ltr'><strong>Non</strong></span> <span class='ocrx_word' id='word_1_323' title='bbox 2220 2086 2457 2139; x_wconf 79' lang='lat' dir='ltr'><strong>servabis</strong></span> <span class='ocrx_word' id='word_1_324' title='bbox 2477 2088 2654 2141; x_wconf 86' lang='lat' dir='ltr'><strong>locum</strong></span> <span class='ocrx_word' id='word_1_325' title='bbox 2673 2086 2966 2152; x_wconf 89' lang='lat' dir='ltr'><strong>munitum,</strong></span> <span class='ocrx_word' id='word_1_326' title='bbox 2988 2101 3087 2141; x_wconf 89' lang='lat' dir='ltr'><strong>nec</strong></span> <span class='ocrx_word' id='word_1_327' title='bbox 3109 2102 3297 2141; x_wconf 83' lang='lat' dir='ltr'><strong>curam</strong></span> <span class='ocrx_word' id='word_1_328' title='bbox 3319 2103 3476 2157; x_wconf 77' lang='lat' dir='ltr'><strong>geras</strong></span> 
     </span>
    </p>
   </div>
   <div class='ocr_carea' id='block_1_48' title="bbox 1899 2175 3474 2235">
    <p class='ocr_par' dir='ltr' id='par_1_48' title="bbox 1899 2175 3474 2235">
     <span class='ocr_line' id='line_1_50' title="bbox 1899 2175 3474 2235; baseline 0.003 -5"><span class='ocrx_word' id='word_1_329' title='bbox 1899 2175 2295 2230; x_wconf 70' lang='lat' dir='ltr'><strong>meonomieam</strong></span> <span class='ocrx_word' id='word_1_330' title='bbox 2346 2195 2360 2228; x_wconf 87' lang='lat'><strong>:</strong></span> <span class='ocrx_word' id='word_1_331' title='bbox 2403 2175 2496 2230; x_wconf 84' lang='lat' dir='ltr'><strong>sed</strong></span> <span class='ocrx_word' id='word_1_332' title='bbox 2555 2177 2726 2230; x_wconf 88' lang='lat' dir='ltr'><strong>clavis</strong></span> <span class='ocrx_word' id='word_1_333' title='bbox 2771 2187 2891 2231; x_wconf 89' lang='lat' dir='ltr'><strong>esto</strong></span> <span class='ocrx_word' id='word_1_334' title='bbox 2954 2178 3049 2231; x_wconf 85' lang='lat' dir='ltr'><strong>tibi</strong></span> <span class='ocrx_word' id='word_1_335' title='bbox 3094 2193 3306 2232; x_wconf 90' lang='lat' dir='ltr'><strong>summa</strong></span> <span class='ocrx_word' id='word_1_336' title='bbox 3343 2193 3474 2235; x_wconf 84' lang='lat' dir='ltr'><strong>cura</strong></span> 
     </span>
    </p>
   </div>
   <div class='ocr_carea' id='block_1_49' title="bbox 1900 2267 3475 2342">
    <p class='ocr_par' dir='ltr' id='par_1_49' title="bbox 1900 2267 3475 2342">
     <span class='ocr_line' id='line_1_51' title="bbox 1900 2267 3475 2342; baseline 0.001 -20"><span class='ocrx_word' id='word_1_337' title='bbox 1900 2269 2229 2331; x_wconf 89' lang='lat' dir='ltr'><strong>animarum,</strong></span> <span class='ocrx_word' id='word_1_338' title='bbox 2263 2267 2330 2322; x_wconf 91' lang='lat' dir='ltr'><strong>ad</strong></span> <span class='ocrx_word' id='word_1_339' title='bbox 2362 2268 2677 2322; x_wconf 86' lang='lat' dir='ltr'><strong>solvendum</strong></span> <span class='ocrx_word' id='word_1_340' title='bbox 2714 2277 2768 2323; x_wconf 87' lang='lat' dir='ltr'><strong>et</strong></span> <span class='ocrx_word' id='word_1_341' title='bbox 2793 2270 3253 2341; x_wconf 75' lang='lat' dir='ltr'><strong>ligandum,juxta</strong></span> <span class='ocrx_word' id='word_1_342' title='bbox 3285 2272 3475 2342; x_wconf 73' lang='lat' dir='ltr'><strong>Scrip—</strong></span> 
     </span>
    </p>
   </div>
   <div class='ocr_carea' id='block_1_50' title="bbox 1897 2360 3473 2417">
    <p class='ocr_par' dir='ltr' id='par_1_50' title="bbox 1897 2360 3473 2417">
     <span class='ocr_line' id='line_1_52' title="bbox 1897 2360 3473 2417; baseline 0.001 -3"><span class='ocrx_word' id='word_1_343' title='bbox 1897 2371 2097 2414; x_wconf 87' lang='lat' dir='ltr'><strong>turam.</strong></span> <span class='ocrx_word' id='word_1_344' title='bbox 2143 2360 2352 2414; x_wconf 78' lang='lat' dir='ltr'><strong>Aurum</strong></span> <span class='ocrx_word' id='word_1_345' title='bbox 2398 2371 2578 2414; x_wconf 90' lang='lat' dir='ltr'><strong>autem</strong></span> <span class='ocrx_word' id='word_1_346' title='bbox 2609 2369 2666 2413; x_wconf 84' lang='lat' dir='ltr'><strong>et</strong></span> <span class='ocrx_word' id='word_1_347' title='bbox 2696 2376 2782 2416; x_wconf 91' lang='lat' dir='ltr'><strong>res</strong></span> <span class='ocrx_word' id='word_1_348' title='bbox 2811 2362 2933 2416; x_wconf 90' lang='lat' dir='ltr'><strong>usui</strong></span> <span class='ocrx_word' id='word_1_349' title='bbox 2958 2363 3297 2417; x_wconf 83' lang='lat' dir='ltr'><strong>necessarias</strong></span> <span class='ocrx_word' id='word_1_350' title='bbox 3322 2377 3473 2416; x_wconf 64' lang='lat' dir='ltr'><strong>como</strong></span> 
     </span>
    </p>
   </div>
   <div class='ocr_carea' id='block_1_51' title="bbox 1898 2452 3473 2523">
    <p class='ocr_par' dir='ltr' id='par_1_51' title="bbox 1898 2452 3473 2523">
     <span class='ocr_line' id='line_1_53' title="bbox 1898 2452 3473 2523; baseline 0.001 -16"><span class='ocrx_word' id='word_1_351' title='bbox 1898 2453 2081 2507; x_wconf 87' lang='lat' dir='ltr'><strong>mittes</strong></span> <span class='ocrx_word' id='word_1_352' title='bbox 2135 2453 2457 2519; x_wconf 72' lang='lat' dir='ltr'><strong>oeconomia,</strong></span> <span class='ocrx_word' id='word_1_353' title='bbox 2499 2452 2733 2507; x_wconf 91' lang='lat' dir='ltr'><strong>cellariis</strong></span> <span class='ocrx_word' id='word_1_354' title='bbox 2773 2462 2829 2507; x_wconf 83' lang='lat' dir='ltr'><strong>et</strong></span> <span class='ocrx_word' id='word_1_355' title='bbox 2877 2453 3111 2519; x_wconf 59' lang='lat' dir='ltr'><strong>caeteris,</strong></span> <span class='ocrx_word' id='word_1_356' title='bbox 3159 2464 3219 2507; x_wconf 89' lang='lat' dir='ltr'><strong>ut</strong></span> <span class='ocrx_word' id='word_1_357' title='bbox 3272 2454 3473 2523; x_wconf 83' lang='lat' dir='ltr'><strong>cuique</strong></span> 
     </span>
    </p>
   </div>
   <div class='ocr_carea' id='block_1_52' title="bbox 1897 2544 3472 2601">
    <p class='ocr_par' dir='ltr' id='par_1_52' title="bbox 1897 2544 3472 2601">
     <span class='ocr_line' id='line_1_54' title="bbox 1897 2544 3472 2601; baseline 0.002 -3"><span class='ocrx_word' id='word_1_358' title='bbox 1897 2545 2148 2600; x_wconf 78' lang='lat' dir='ltr'><strong>convenit</strong></span> <span class='ocrx_word' id='word_1_359' title='bbox 2180 2561 2244 2599; x_wconf 79' lang='lat' dir='ltr'><strong>ex</strong></span> <span class='ocrx_word' id='word_1_360' title='bbox 2277 2544 2460 2599; x_wconf 89' lang='lat' dir='ltr'><strong>oflicio</strong></span> <span class='ocrx_word' id='word_1_361' title='bbox 2488 2563 2500 2598; x_wconf 89' lang='lat'><strong>:</strong></span> <span class='ocrx_word' id='word_1_362' title='bbox 2531 2545 2602 2597; x_wconf 90' lang='lat' dir='ltr'><strong>ita</strong></span> <span class='ocrx_word' id='word_1_363' title='bbox 2636 2544 2894 2598; x_wconf 85' lang='lat' dir='ltr'><strong>nimirum</strong></span> <span class='ocrx_word' id='word_1_364' title='bbox 2921 2556 2979 2598; x_wconf 87' lang='lat' dir='ltr'><strong>ut</strong></span> <span class='ocrx_word' id='word_1_365' title='bbox 2999 2546 3243 2599; x_wconf 90' lang='lat' dir='ltr'><strong>omnium</strong></span> <span class='ocrx_word' id='word_1_366' title='bbox 3270 2545 3472 2601; x_wconf 90' lang='lat' dir='ltr'><strong>habeas</strong></span> 
     </span>
    </p>
   </div>
   <div class='ocr_carea' id='block_1_53' title="bbox 1895 2636 3464 2707">
    <p class='ocr_par' dir='ltr' id='par_1_53' title="bbox 1895 2636 3464 2707">
     <span class='ocr_line' id='line_1_55' title="bbox 1895 2636 3464 2707; baseline 0 -16"><span class='ocrx_word' id='word_1_367' title='bbox 1895 2647 2259 2706; x_wconf 84' lang='lat' dir='ltr'><strong>potestatem;</strong></span> <span class='ocrx_word' id='word_1_368' title='bbox 2314 2646 2368 2690; x_wconf 88' lang='lat' dir='ltr'><strong>et</strong></span> <span class='ocrx_word' id='word_1_369' title='bbox 2416 2636 2714 2691; x_wconf 84' lang='lat' dir='ltr'><strong>transferas</strong></span> <span class='ocrx_word' id='word_1_370' title='bbox 2785 2645 2950 2706; x_wconf 88' lang='lat' dir='ltr'><strong>prout</strong></span> <span class='ocrx_word' id='word_1_371' title='bbox 3020 2637 3372 2707; x_wconf 67' lang='lat' dir='ltr'><strong>praeceperis,</strong></span> <span class='ocrx_word' id='word_1_372' title='bbox 3409 2636 3464 2691; x_wconf 89' lang='lat' dir='ltr'><strong>in</strong></span> 
     </span>
    </p>
   </div>
   <div class='ocr_carea' id='block_1_54' title="bbox 1895 2726 3470 2798">
    <p class='ocr_par' dir='ltr' id='par_1_54' title="bbox 1895 2726 3470 2798">
     <span class='ocr_line' id='line_1_56' title="bbox 1895 2726 3470 2798; baseline 0.002 -19"><span class='ocrx_word' id='word_1_373' title='bbox 1895 2726 2042 2780; x_wconf 92' lang='lat' dir='ltr'><strong>hunc</strong></span> <span class='ocrx_word' id='word_1_374' title='bbox 2088 2726 2173 2780; x_wconf 85' lang='lat' dir='ltr'><strong>vel</strong></span> <span class='ocrx_word' id='word_1_375' title='bbox 2229 2727 2400 2792; x_wconf 89' lang='lat' dir='ltr'><strong>illum,</strong></span> <span class='ocrx_word' id='word_1_376' title='bbox 2461 2728 2728 2782; x_wconf 84' lang='lat' dir='ltr'><strong>rationein</strong></span> <span class='ocrx_word' id='word_1_377' title='bbox 2775 2727 2996 2798; x_wconf 77' lang='lat' dir='ltr'><strong>exigens</strong></span> <span class='ocrx_word' id='word_1_378' title='bbox 3039 2727 3470 2798; x_wconf 84' lang='lat' dir='ltr'><strong>uniuscujusque</strong></span> 
     </span>
    </p>
   </div>
   <div class='ocr_carea' id='block_1_55' title="bbox 1894 2819 2408 2873">
    <p class='ocr_par' dir='ltr' id='par_1_55' title="bbox 1894 2819 2408 2873">
     <span class='ocr_line' id='line_1_57' title="bbox 1894 2819 2408 2873; baseline 0 0"><span class='ocrx_word' id='word_1_379' title='bbox 1894 2819 2408 2873; x_wconf 84' lang='lat' dir='ltr'><strong>administrationis.</strong></span> 
     </span>
    </p>
   </div>
   <div class='ocr_carea' id='block_1_56' title="bbox 1963 2907 3470 2982">
    <p class='ocr_par' dir='ltr' id='par_1_56' title="bbox 1963 2907 3470 2982">
     <span class='ocr_line' id='line_1_58' title="bbox 1963 2907 3470 2982; baseline 0.003 -19"><span class='ocrx_word' id='word_1_380' title='bbox 1963 2910 2051 2964; x_wconf 79' lang='grc'><strong>25.</strong></span> <span class='ocrx_word' id='word_1_381' title='bbox 2066 2907 2182 2964; x_wconf 88' lang='lat' dir='ltr'><strong>Non</strong></span> <span class='ocrx_word' id='word_1_382' title='bbox 2199 2919 2496 2978; x_wconf 87' lang='lat' dir='ltr'><strong>anteponas</strong></span> <span class='ocrx_word' id='word_1_383' title='bbox 2516 2909 2742 2964; x_wconf 79' lang='lat' dir='ltr'><strong>fratrum</strong></span> <span class='ocrx_word' id='word_1_384' title='bbox 2759 2910 2972 2964; x_wconf 88' lang='lat' dir='ltr'><strong>utilitati</strong></span> <span class='ocrx_word' id='word_1_385' title='bbox 2987 2925 3272 2979; x_wconf 86' lang='lat' dir='ltr'><strong>personam</strong></span> <span class='ocrx_word' id='word_1_386' title='bbox 3290 2911 3470 2982; x_wconf 83' lang='lat' dir='ltr'><strong>cujus-</strong></span> 
     </span>
    </p>
   </div>
   <div class='ocr_carea' id='block_1_57' title="bbox 1893 3001 3473 3072">
    <p class='ocr_par' dir='ltr' id='par_1_57' title="bbox 1893 3001 3473 3072">
     <span class='ocr_line' id='line_1_59' title="bbox 1893 3001 3473 3072; baseline 0.003 -18"><span class='ocrx_word' id='word_1_387' title='bbox 1893 3017 2000 3072; x_wconf 88' lang='lat' dir='ltr'><strong>que</strong></span> <span class='ocrx_word' id='word_1_388' title='bbox 2029 3002 2255 3056; x_wconf 87' lang='lat' dir='ltr'><strong>alterius</strong></span> <span class='ocrx_word' id='word_1_389' title='bbox 2301 3003 2537 3056; x_wconf 88' lang='lat' dir='ltr'><strong>hominis</strong></span> <span class='ocrx_word' id='word_1_390' title='bbox 2576 3001 2866 3057; x_wconf 83' lang='lat' dir='ltr'><strong>eminentis</strong></span> <span class='ocrx_word' id='word_1_391' title='bbox 2906 3017 2972 3056; x_wconf 89' lang='lat' dir='ltr'><strong>ac</strong></span> <span class='ocrx_word' id='word_1_392' title='bbox 2997 3001 3233 3072; x_wconf 84' lang='lat' dir='ltr'><strong>potentis</strong></span> <span class='ocrx_word' id='word_1_393' title='bbox 3269 3018 3473 3058; x_wconf 75' lang='lat' dir='ltr'><strong>secun~</strong></span> 
     </span>
    </p>
   </div>
   <div class='ocr_carea' id='block_1_58' title="bbox 1893 3091 3466 3164">
    <p class='ocr_par' dir='ltr' id='par_1_58' title="bbox 1893 3091 3466 3164">
     <span class='ocr_line' id='line_1_60' title="bbox 1893 3091 3466 3164; baseline -0.001 -16"><span class='ocrx_word' id='word_1_394' title='bbox 1893 3095 2021 3148; x_wconf 90' lang='lat' dir='ltr'><strong>dum</strong></span> <span class='ocrx_word' id='word_1_395' title='bbox 2061 3095 2342 3148; x_wconf 72' lang='lat' dir='ltr'><strong>saeculum.</strong></span> <span class='ocrx_word' id='word_1_396' title='bbox 2370 3094 2481 3148; x_wconf 86' lang='lat' dir='ltr'><strong>Nec</strong></span> <span class='ocrx_word' id='word_1_397' title='bbox 2514 3091 2751 3162; x_wconf 84' lang='lat' dir='ltr'><strong>refugies</strong></span> <span class='ocrx_word' id='word_1_398' title='bbox 2807 3107 2906 3162; x_wconf 90' lang='lat' dir='ltr'><strong>pro</strong></span> <span class='ocrx_word' id='word_1_399' title='bbox 2949 3092 3260 3146; x_wconf 88' lang='lat' dir='ltr'><strong>divinarum</strong></span> <span class='ocrx_word' id='word_1_400' title='bbox 3286 3094 3466 3164; x_wconf 79' lang='lat' dir='ltr'><strong>legum</strong></span> 
     </span>
    </p>
   </div>
   <div class='ocr_carea' id='block_1_59' title="bbox 218 3179 1794 3274">
    <p class='ocr_par' dir='ltr' id='par_1_59' title="bbox 218 3179 1794 3261">
     <span class='ocr_line' id='line_1_61' title="bbox 218 3179 1794 3261; baseline 0.01 -30"><span class='ocrx_word' id='word_1_401' title='bbox 218 3179 546 3245; x_wconf 86' lang='grc' dir='ltr'>ὑποσταλεῖς</span> <span class='ocrx_word' id='word_1_402' title='bbox 605 3183 793 3252; x_wconf 86' lang='grc' dir='ltr'>μέχρις</span> <span class='ocrx_word' id='word_1_403' title='bbox 819 3184 1056 3252; x_wconf 77' lang='grc' dir='ltr'>αἵματος</span> <span class='ocrx_word' id='word_1_404' title='bbox 1104 3187 1197 3239; x_wconf 85' lang='grc' dir='ltr'><strong>ὲπὶ</strong></span> <span class='ocrx_word' id='word_1_405' title='bbox 1240 3188 1450 3261; x_wconf 80' lang='grc' dir='ltr'>φυλακῇ</span> <span class='ocrx_word' id='word_1_406' title='bbox 1504 3193 1612 3244; x_wconf 92' lang='grc' dir='ltr'><strong>τῶν</strong></span> <span class='ocrx_word' id='word_1_407' title='bbox 1636 3192 1794 3254; x_wconf 82' lang='grc' dir='ltr'>ὑείων</span> 
     </span>
    </p>
   </div>
   <div class='ocr_carea' id='block_1_60' title="bbox 1910 3179 3470 3274">
    <p class='ocr_par' dir='ltr' id='par_1_60' title="bbox 1910 3183 3470 3254">
     <span class='ocr_line' id='line_1_62' title="bbox 1910 3183 3470 3254; baseline 0.001 -17"><span class='ocrx_word' id='word_1_408' title='bbox 1910 3199 1960 3237; x_wconf 77' lang='lat' dir='ltr'><strong>te</strong></span> <span class='ocrx_word' id='word_1_409' title='bbox 1992 3193 2382 3252; x_wconf 70' lang='lat' dir='ltr'><strong>praeceptorum</strong></span> <span class='ocrx_word' id='word_1_410' title='bbox 2413 3183 2819 3247; x_wconf 81' lang='lat' dir='ltr'><strong>observatione,</strong></span> <span class='ocrx_word' id='word_1_411' title='bbox 2846 3183 3087 3237; x_wconf 83' lang='lat' dir='ltr'><strong>animam</strong></span> <span class='ocrx_word' id='word_1_412' title='bbox 3112 3193 3260 3236; x_wconf 89' lang='lat' dir='ltr'><strong>tuam</strong></span> <span class='ocrx_word' id='word_1_413' title='bbox 3293 3198 3470 3254; x_wconf 87' lang='lat' dir='ltr'><strong>usque</strong></span> 
     </span>
    </p>
   </div>
   <div class='ocr_carea' id='block_1_61' title="bbox 218 3273 1621 3349">
    <p class='ocr_par' dir='ltr' id='par_1_61' title="bbox 218 3273 1621 3349">
     <span class='ocr_line' id='line_1_63' title="bbox 218 3273 1621 3349; baseline 0.008 -25"><span class='ocrx_word' id='word_1_414' title='bbox 218 3273 426 3339; x_wconf 79' lang='grc' dir='ltr'>νόμων,</span> <span class='ocrx_word' id='word_1_415' title='bbox 454 3273 548 3324; x_wconf 78' lang='grc' dir='ltr'>καὶ</span> <span class='ocrx_word' id='word_1_416' title='bbox 575 3273 826 3337; x_wconf 76' lang='grc' dir='ltr'>ἐντολῶν,</span> <span class='ocrx_word' id='word_1_417' title='bbox 853 3273 1132 3343; x_wconf 76' lang='grc' dir='ltr'>προθεῖναι</span> <span class='ocrx_word' id='word_1_418' title='bbox 1171 3277 1270 3346; x_wconf 84' lang='grc' dir='ltr'>τὴν</span> <span class='ocrx_word' id='word_1_419' title='bbox 1297 3279 1474 3349; x_wconf 77' lang='grc' dir='ltr'>ψυχήν</span> <span class='ocrx_word' id='word_1_420' title='bbox 1507 3298 1621 3337; x_wconf 91' lang='grc' dir='ltr'>σου.</span> 
     </span>
    </p>
   </div>
   <div class='ocr_carea' id='block_1_62' title="bbox 289 3362 1790 3445">
    <p class='ocr_par' dir='ltr' id='par_1_62' title="bbox 289 3362 1790 3445">
     <span class='ocr_line' id='line_1_64' title="bbox 289 3362 1790 3445; baseline 0.008 -29"><span class='ocrx_word' id='word_1_421' title='bbox 289 3362 390 3416; x_wconf 86' lang='grc' dir='ltr'>κδ’.</span> <span class='ocrx_word' id='word_1_422' title='bbox 414 3364 490 3417; x_wconf 81' lang='grc' dir='ltr'><strong>Οὐ</strong></span> <span class='ocrx_word' id='word_1_423' title='bbox 519 3367 765 3435; x_wconf 82' lang='grc' dir='ltr'>ποιήσεις</span> <span class='ocrx_word' id='word_1_424' title='bbox 788 3383 838 3418; x_wconf 91' lang='grc' dir='ltr'><strong>τι</strong></span> <span class='ocrx_word' id='word_1_425' title='bbox 869 3365 900 3436; x_wconf 84' lang='grc' dir='ltr'><strong>ἢ</strong></span> <span class='ocrx_word' id='word_1_426' title='bbox 925 3365 1150 3436; x_wconf 83' lang='grc' dir='ltr'>πράξεις</span> <span class='ocrx_word' id='word_1_427' title='bbox 1170 3370 1506 3424; x_wconf 84' lang='grc' dir='ltr'>κατόίκείαν</span> <span class='ocrx_word' id='word_1_428' title='bbox 1539 3373 1790 3445; x_wconf 85' lang='grc' dir='ltr'>γνώμην,</span> 
     </span>
    </p>
   </div>
   <div class='ocr_carea' id='block_1_63' title="bbox 217 3458 1787 3538">
    <p class='ocr_par' dir='ltr' id='par_1_63' title="bbox 217 3458 1787 3538">
     <span class='ocr_line' id='line_1_65' title="bbox 217 3458 1787 3538; baseline 0.008 -29"><span class='ocrx_word' id='word_1_429' title='bbox 217 3458 278 3523; x_wconf 75' lang='grc' dir='ltr'>ὲν</span> <span class='ocrx_word' id='word_1_430' title='bbox 313 3459 600 3528; x_wconf 81' lang='grc' dir='ltr'>πράγματι</span> <span class='ocrx_word' id='word_1_431' title='bbox 639 3461 805 3512; x_wconf 76' lang='grc' dir='ltr'>παντὶ</span> <span class='ocrx_word' id='word_1_432' title='bbox 827 3460 936 3512; x_wconf 91' lang='grc' dir='ltr'><strong>τῶν</strong></span> <span class='ocrx_word' id='word_1_433' title='bbox 965 3477 1022 3513; x_wconf 87' lang='grc' dir='ltr'><strong>τε</strong></span> <span class='ocrx_word' id='word_1_434' title='bbox 1057 3461 1306 3532; x_wconf 82' lang='grc' dir='ltr'>ψυχικῶν</span> <span class='ocrx_word' id='word_1_435' title='bbox 1337 3469 1427 3518; x_wconf 74' lang='grc' dir='ltr'>καὶ</span> <span class='ocrx_word' id='word_1_436' title='bbox 1457 3467 1564 3518; x_wconf 85' lang='grc' dir='ltr'><strong>τῶν</strong></span> <span class='ocrx_word' id='word_1_437' title='bbox 1599 3485 1787 3538; x_wconf 81' lang='grc' dir='ltr'>σωμα-</span> 
     </span>
    </p>
   </div>
   <div class='ocr_carea' id='block_1_64' title="bbox 216 3549 1787 3627">
    <p class='ocr_par' dir='ltr' id='par_1_64' title="bbox 216 3549 1787 3627">
     <span class='ocr_line' id='line_1_66' title="bbox 216 3549 1787 3627; baseline 0.007 -25"><span class='ocrx_word' id='word_1_438' title='bbox 216 3549 388 3602; x_wconf 83' lang='grc' dir='ltr'>τικῶν</span> <span class='ocrx_word' id='word_1_439' title='bbox 413 3567 426 3581; x_wconf 87' lang='grc'><strong>·</strong></span> <span class='ocrx_word' id='word_1_440' title='bbox 458 3551 674 3621; x_wconf 83' lang='grc' dir='ltr'>πρῶτον</span> <span class='ocrx_word' id='word_1_441' title='bbox 709 3551 809 3621; x_wconf 85' lang='grc' dir='ltr'>μὲν</span> <span class='ocrx_word' id='word_1_442' title='bbox 836 3554 964 3606; x_wconf 79' lang='grc' dir='ltr'>ἄνευ</span> <span class='ocrx_word' id='word_1_443' title='bbox 997 3553 1194 3622; x_wconf 76' lang='grc' dir='ltr'>βουλῆς</span> <span class='ocrx_word' id='word_1_444' title='bbox 1233 3558 1324 3608; x_wconf 86' lang='grc' dir='ltr'><strong>καί</strong></span> <span class='ocrx_word' id='word_1_445' title='bbox 1360 3557 1524 3627; x_wconf 86' lang='grc' dir='ltr'>εὐχῆς</span> <span class='ocrx_word' id='word_1_446' title='bbox 1551 3559 1644 3612; x_wconf 81' lang='grc' dir='ltr'>τοῦ</span> <span class='ocrx_word' id='word_1_447' title='bbox 1673 3561 1787 3612; x_wconf 85' lang='grc' dir='ltr'><strong>Κυ-</strong></span> 
     </span>
    </p>
   </div>
   <div class='ocr_carea' id='block_1_65' title="bbox 219 3641 1789 3718">
    <p class='ocr_par' dir='ltr' id='par_1_65' title="bbox 219 3641 1789 3718">
     <span class='ocr_line' id='line_1_67' title="bbox 219 3641 1789 3718; baseline 0.006 -24"><span class='ocrx_word' id='word_1_448' title='bbox 219 3641 338 3712; x_wconf 89' lang='grc' dir='ltr'>ρίου</span> <span class='ocrx_word' id='word_1_449' title='bbox 363 3641 459 3694; x_wconf 79' lang='grc' dir='ltr'>καὶ</span> <span class='ocrx_word' id='word_1_450' title='bbox 491 3643 700 3713; x_wconf 81' lang='grc' dir='ltr'>Πατρός</span> <span class='ocrx_word' id='word_1_451' title='bbox 724 3659 841 3704; x_wconf 86' lang='grc' dir='ltr'>σου,</span> <span class='ocrx_word' id='word_1_452' title='bbox 865 3642 1055 3703; x_wconf 84' lang='grc' dir='ltr'>ἔπειτα</span> <span class='ocrx_word' id='word_1_453' title='bbox 1076 3645 1182 3699; x_wconf 84' lang='grc' dir='ltr'><strong>τῶν</strong></span> <span class='ocrx_word' id='word_1_454' title='bbox 1211 3651 1549 3718; x_wconf 85' lang='grc' dir='ltr'>προεχόντων</span> <span class='ocrx_word' id='word_1_455' title='bbox 1571 3652 1627 3702; x_wconf 82' lang='grc' dir='ltr'>ὲν</span> <span class='ocrx_word' id='word_1_456' title='bbox 1648 3651 1789 3718; x_wconf 81' lang='grc' dir='ltr'>γνῶ-</span> 
     </span>
    </p>
   </div>
   <div class='ocr_carea' id='block_1_66' title="bbox 219 3733 1783 3810">
    <p class='ocr_par' dir='ltr' id='par_1_66' title="bbox 219 3733 1783 3810">
     <span class='ocr_line' id='line_1_68' title="bbox 219 3733 1783 3810; baseline 0.004 -24"><span class='ocrx_word' id='word_1_457' title='bbox 219 3752 304 3787; x_wconf 88' lang='grc' dir='ltr'><strong>σει</strong></span> <span class='ocrx_word' id='word_1_458' title='bbox 334 3734 428 3787; x_wconf 55' lang='grc' dir='ltr'><strong>καὶ⁸</strong></span> <span class='ocrx_word' id='word_1_459' title='bbox 465 3733 726 3806; x_wconf 80' lang='grc' dir='ltr'>εὑλαῦείᾳ</span> <span class='ocrx_word' id='word_1_460' title='bbox 766 3736 906 3788; x_wconf 77' lang='grc' dir='ltr'>κατὰ</span> <span class='ocrx_word' id='word_1_461' title='bbox 955 3735 1053 3806; x_wconf 80' lang='grc' dir='ltr'>τὴν</span> <span class='ocrx_word' id='word_1_462' title='bbox 1100 3741 1466 3810; x_wconf 78' lang='grc' dir='ltr'>ὑποκειμένην</span> <span class='ocrx_word' id='word_1_463' title='bbox 1490 3742 1783 3794; x_wconf 81' lang='grc' dir='ltr'>ὑπόθεσιν·</span> 
     </span>
    </p>
   </div>
   <div class='ocr_carea' id='block_1_67' title="bbox 217 3827 1788 3906">
    <p class='ocr_par' dir='ltr' id='par_1_67' title="bbox 217 3827 1788 3906">
     <span class='ocr_line' id='line_1_69' title="bbox 217 3827 1788 3906; baseline 0.004 -26"><span class='ocrx_word' id='word_1_464' title='bbox 217 3828 336 3891; x_wconf 79' lang='grc' dir='ltr'>ἐνὸς</span> <span class='ocrx_word' id='word_1_465' title='bbox 359 3827 469 3898; x_wconf 75' lang='grc' dir='ltr'>γὰρ</span> <span class='ocrx_word' id='word_1_466' title='bbox 497 3828 657 3897; x_wconf 84' lang='grc' dir='ltr'>χρεία</span> <span class='ocrx_word' id='word_1_467' title='bbox 698 3829 861 3898; x_wconf 82' lang='grc' dir='ltr'>τυχὸν</span> <span class='ocrx_word' id='word_1_468' title='bbox 889 3831 920 3900; x_wconf 66' lang='lat' dir='ltr'>ﬁ</span> <span class='ocrx_word' id='word_1_469' title='bbox 953 3831 1066 3897; x_wconf 84' lang='grc' dir='ltr'>δύο,</span> <span class='ocrx_word' id='word_1_470' title='bbox 1104 3833 1135 3904; x_wconf 80' lang='grc' dir='ltr'>ἢ</span> <span class='ocrx_word' id='word_1_471' title='bbox 1175 3834 1364 3906; x_wconf 85' lang='grc' dir='ltr'>τριῶν,</span> <span class='ocrx_word' id='word_1_472' title='bbox 1391 3833 1422 3905; x_wconf 76' lang='grc' dir='ltr'>ἢ</span> <span class='ocrx_word' id='word_1_473' title='bbox 1457 3835 1550 3886; x_wconf 82' lang='grc' dir='ltr'>καὶ</span> <span class='ocrx_word' id='word_1_474' title='bbox 1606 3835 1788 3887; x_wconf 80' lang='grc' dir='ltr'>πλειό-</span> 
     </span>
    </p>
   </div>
   <div class='ocr_carea' id='block_1_68' title="bbox 215 3919 1788 3997">
    <p class='ocr_par' dir='ltr' id='par_1_68' title="bbox 215 3919 1788 3997">
     <span class='ocr_line' id='line_1_70' title="bbox 215 3919 1788 3997; baseline 0.004 -24"><span class='ocrx_word' id='word_1_475' title='bbox 215 3939 324 3973; x_wconf 90' lang='grc' dir='ltr'><strong>νων</strong></span> <span class='ocrx_word' id='word_1_476' title='bbox 386 3919 573 3991; x_wconf 83' lang='grc' dir='ltr'>ῶσπερ</span> <span class='ocrx_word' id='word_1_477' title='bbox 644 3921 1010 3992; x_wconf 80' lang='grc' dir='ltr'>ὲντετάλμεθα</span> <span class='ocrx_word' id='word_1_478' title='bbox 1064 3925 1346 3995; x_wconf 84' lang='grc' dir='ltr'>πατρικῶς</span> <span class='ocrx_word' id='word_1_479' title='bbox 1380 3965 1396 3991; x_wconf 92' lang='grc'><strong>,</strong></span> <span class='ocrx_word' id='word_1_480' title='bbox 1449 3928 1541 3979; x_wconf 71' lang='grc' dir='ltr'>καὶ</span> <span class='ocrx_word' id='word_1_481' title='bbox 1604 3927 1788 3997; x_wconf 81' lang='grc' dir='ltr'>διήξα-</span> 
     </span>
    </p>
   </div>
   <div class='ocr_carea' id='block_1_69' title="bbox 219 4027 340 4081">
    <p class='ocr_par' dir='ltr' id='par_1_69' title="bbox 219 4027 340 4081">
     <span class='ocr_line' id='line_1_71' title="bbox 219 4027 340 4081; baseline -0.017 -18"><span class='ocrx_word' id='word_1_482' title='bbox 219 4027 340 4081; x_wconf 88' lang='grc' dir='ltr'>μεν.</span> 
     </span>
    </p>
   </div>
   <div class='ocr_carea' id='block_1_70' title="bbox 287 4088 1785 4179">
    <p class='ocr_par' dir='ltr' id='par_1_70' title="bbox 287 4088 1785 4179">
     <span class='ocr_line' id='line_1_72' title="bbox 287 4088 1785 4179; baseline 0.005 -26"><span class='ocrx_word' id='word_1_483' title='bbox 287 4101 475 4155; x_wconf 82' lang='grc' dir='ltr'>Ταῦτα</span> <span class='ocrx_word' id='word_1_484' title='bbox 524 4101 703 4154; x_wconf 85' lang='grc' dir='ltr'>πάντα</span> <span class='ocrx_word' id='word_1_485' title='bbox 753 4106 847 4157; x_wconf 70' lang='grc' dir='ltr'>καὶ</span> <span class='ocrx_word' id='word_1_486' title='bbox 887 4104 986 4157; x_wconf 84' lang='grc' dir='ltr'>ὃσα</span> <span class='ocrx_word' id='word_1_487' title='bbox 1015 4104 1176 4173; x_wconf 74' lang='grc' dir='ltr'>ἔτερα</span> <span class='ocrx_word' id='word_1_488' title='bbox 1215 4088 1493 4171; x_wconf 76' lang='grc' dir='ltr'>ὲξὲλάΰου,</span> <span class='ocrx_word' id='word_1_489' title='bbox 1526 4123 1785 4179; x_wconf 84' lang='grc' dir='ltr'>παραφυ-</span> 
     </span>
    </p>
   </div>
   <div class='ocr_carea' id='block_1_71' title="bbox 213 4193 1786 4275">
    <p class='ocr_par' dir='ltr' id='par_1_71' title="bbox 213 4193 1786 4275">
     <span class='ocr_line' id='line_1_73' title="bbox 213 4193 1786 4275; baseline 0.005 -29"><span class='ocrx_word' id='word_1_490' title='bbox 213 4193 416 4260; x_wconf 80' lang='grc' dir='ltr'>λάξεις,</span> <span class='ocrx_word' id='word_1_491' title='bbox 445 4196 541 4247; x_wconf 78' lang='grc' dir='ltr'>καὶ</span> <span class='ocrx_word' id='word_1_492' title='bbox 572 4197 904 4266; x_wconf 82' lang='grc' dir='ltr'>φρουρήσεις</span> <span class='ocrx_word' id='word_1_493' title='bbox 924 4213 938 4228; x_wconf 77' lang='grc' dir='ltr'><strong>ο</strong></span> <span class='ocrx_word' id='word_1_494' title='bbox 977 4198 1062 4250; x_wconf 82' lang='grc' dir='ltr'>ἵνα</span> <span class='ocrx_word' id='word_1_495' title='bbox 1090 4193 1148 4250; x_wconf 82' lang='grc' dir='ltr'>εὖ</span> <span class='ocrx_word' id='word_1_496' title='bbox 1178 4215 1259 4250; x_wconf 91' lang='grc' dir='ltr'><strong>σοι</strong></span> <span class='ocrx_word' id='word_1_497' title='bbox 1290 4199 1536 4270; x_wconf 81' lang='grc' dir='ltr'>γένηται.</span> <span class='ocrx_word' id='word_1_498' title='bbox 1562 4203 1671 4254; x_wconf 68' lang='grc' dir='ltr'><strong>Καὶ</strong></span> <span class='ocrx_word' id='word_1_499' title='bbox 1689 4202 1786 4275; x_wconf 76' lang='grc' dir='ltr'><strong>ἔσῃ</strong></span> 
     </span>
    </p>
   </div>
   <div class='ocr_carea' id='block_1_72' title="bbox 215 4285 1785 4364">
    <p class='ocr_par' dir='ltr' id='par_1_72' title="bbox 215 4285 1785 4364">
     <span class='ocr_line' id='line_1_74' title="bbox 215 4285 1785 4364; baseline 0.005 -26"><span class='ocrx_word' id='word_1_500' title='bbox 215 4285 674 4355; x_wconf 82' lang='grc' dir='ltr'>κατευοδοὺμενθς</span> <span class='ocrx_word' id='word_1_501' title='bbox 706 4291 764 4341; x_wconf 82' lang='grc' dir='ltr'>ὲν</span> <span class='ocrx_word' id='word_1_502' title='bbox 805 4289 994 4360; x_wconf 80' lang='grc' dir='ltr'>Κυρίῳ</span> <span class='ocrx_word' id='word_1_503' title='bbox 1019 4305 1033 4319; x_wconf 85' lang='grc'><strong>·</strong></span> <span class='ocrx_word' id='word_1_504' title='bbox 1065 4289 1129 4343; x_wconf 81' lang='grc' dir='ltr'>τὸ</span> <span class='ocrx_word' id='word_1_505' title='bbox 1171 4292 1279 4359; x_wconf 80' lang='grc' dir='ltr'><strong>γὰρ</strong></span> <span class='ocrx_word' id='word_1_506' title='bbox 1335 4292 1573 4345; x_wconf 79' lang='grc' dir='ltr'>ἐναντίον</span> <span class='ocrx_word' id='word_1_507' title='bbox 1620 4294 1785 4364; x_wconf 85' lang='grc' dir='ltr'>ἀπείη</span> 
     </span>
    </p>
   </div>
   <div class='ocr_carea' id='block_1_73' title="bbox 215 4381 901 4448">
    <p class='ocr_par' dir='ltr' id='par_1_73' title="bbox 215 4381 901 4448">
     <span class='ocr_line' id='line_1_75' title="bbox 215 4381 901 4448; baseline 0.001 -15"><span class='ocrx_word' id='word_1_508' title='bbox 215 4382 310 4434; x_wconf 74' lang='grc' dir='ltr'>καὶ</span> <span class='ocrx_word' id='word_1_509' title='bbox 341 4381 521 4448; x_wconf 83' lang='grc' dir='ltr'>λέγειν</span> <span class='ocrx_word' id='word_1_510' title='bbox 547 4382 643 4434; x_wconf 79' lang='grc' dir='ltr'>καὶ</span> <span class='ocrx_word' id='word_1_511' title='bbox 681 4383 901 4436; x_wconf 76' lang='grc' dir='ltr'>ἐννοεῖν.</span> 
     </span>
    </p>
   </div>
   <div class='ocr_carea' id='block_1_74' title="bbox 617 4473 1380 4546">
    <p class='ocr_par' dir='ltr' id='par_1_74' title="bbox 617 4473 1380 4546">
     <span class='ocr_line' id='line_1_76' title="bbox 617 4473 1380 4546; baseline 0.005 -20"><span class='ocrx_word' id='word_1_512' title='bbox 617 4475 670 4525; x_wconf 82' lang='grc' dir='ltr'><strong><em>Ἐ</em></strong></span> <span class='ocrx_word' id='word_1_513' title='bbox 673 4473 883 4527; x_wconf 76' lang='grc' dir='ltr'>ντολαί</span> <span class='ocrx_word' id='word_1_514' title='bbox 919 4474 1042 4539; x_wconf 82' lang='grc' dir='ltr'>τοῖς</span> <span class='ocrx_word' id='word_1_515' title='bbox 1076 4477 1380 4546; x_wconf 67' lang='grc' dir='ltr'>ἀδελφοῖς.</span> 
     </span>
    </p>
   </div>
   <div class='ocr_carea' id='block_1_75' title="bbox 1897 3275 2649 3344">
    <p class='ocr_par' dir='ltr' id='par_1_75' title="bbox 1897 3275 2649 3344">
     <span class='ocr_line' id='line_1_77' title="bbox 1897 3275 2649 3344; baseline -0.005 -14"><span class='ocrx_word' id='word_1_516' title='bbox 1897 3275 1963 3330; x_wconf 88' lang='lat' dir='ltr'><strong>ad</strong></span> <span class='ocrx_word' id='word_1_517' title='bbox 2005 3277 2324 3344; x_wconf 79' lang='lat' dir='ltr'><strong>sanguinem</strong></span> <span class='ocrx_word' id='word_1_518' title='bbox 2359 3289 2649 3344; x_wconf 88' lang='lat' dir='ltr'><strong>apponere.</strong></span> 
     </span>
    </p>
   </div>
   <div class='ocr_carea' id='block_1_76' title="bbox 1963 3364 3467 3436">
    <p class='ocr_par' dir='ltr' id='par_1_76' title="bbox 1963 3364 3467 3436">
     <span class='ocr_line' id='line_1_78' title="bbox 1963 3364 3467 3436; baseline 0.003 -17"><span class='ocrx_word' id='word_1_519' title='bbox 1963 3366 2053 3421; x_wconf 68' lang='grc'><strong>24.</strong></span> <span class='ocrx_word' id='word_1_520' title='bbox 2077 3364 2194 3419; x_wconf 86' lang='lat' dir='ltr'><strong>Non</strong></span> <span class='ocrx_word' id='word_1_521' title='bbox 2215 3365 2382 3421; x_wconf 88' lang='lat' dir='ltr'><strong>facies</strong></span> <span class='ocrx_word' id='word_1_522' title='bbox 2405 3368 2485 3420; x_wconf 86' lang='lat' dir='ltr'><strong>vel</strong></span> <span class='ocrx_word' id='word_1_523' title='bbox 2503 3381 2628 3434; x_wconf 74' lang='lat' dir='ltr'><strong>ages</strong></span> <span class='ocrx_word' id='word_1_524' title='bbox 2646 3365 2941 3436; x_wconf 82' lang='lat' dir='ltr'><strong>quidquam</strong></span> <span class='ocrx_word' id='word_1_525' title='bbox 2957 3382 3022 3420; x_wconf 82' lang='lat' dir='ltr'><strong>ex</strong></span> <span class='ocrx_word' id='word_1_526' title='bbox 3043 3368 3261 3436; x_wconf 84' lang='lat' dir='ltr'><strong>proprio</strong></span> <span class='ocrx_word' id='word_1_527' title='bbox 3298 3383 3467 3423; x_wconf 85' lang='lat' dir='ltr'><strong>sensu</strong></span> 
     </span>
    </p>
   </div>
   <div class='ocr_carea' id='block_1_77' title="bbox 1898 3460 3463 3531">
    <p class='ocr_par' dir='ltr' id='par_1_77' title="bbox 1898 3460 3463 3531">
     <span class='ocr_line' id='line_1_79' title="bbox 1898 3460 3463 3531; baseline 0.001 -17"><span class='ocrx_word' id='word_1_528' title='bbox 1898 3461 1950 3514; x_wconf 93' lang='lat' dir='ltr'><strong>in</strong></span> <span class='ocrx_word' id='word_1_529' title='bbox 1979 3476 2035 3514; x_wconf 89' lang='lat' dir='ltr'><strong>re</strong></span> <span class='ocrx_word' id='word_1_530' title='bbox 2060 3461 2188 3524; x_wconf 85' lang='lat' dir='ltr'><strong>ulla,</strong></span> <span class='ocrx_word' id='word_1_531' title='bbox 2218 3460 2332 3514; x_wconf 88' lang='lat' dir='ltr'><strong>sive</strong></span> <span class='ocrx_word' id='word_1_532' title='bbox 2361 3460 2426 3513; x_wconf 84' lang='lat' dir='ltr'><strong>ad</strong></span> <span class='ocrx_word' id='word_1_533' title='bbox 2454 3460 2692 3512; x_wconf 90' lang='lat' dir='ltr'><strong>animam</strong></span> <span class='ocrx_word' id='word_1_534' title='bbox 2723 3469 2948 3527; x_wconf 81' lang='lat' dir='ltr'><strong>Speetet,</strong></span> <span class='ocrx_word' id='word_1_535' title='bbox 2985 3462 3101 3514; x_wconf 87' lang='lat' dir='ltr'><strong>sive</strong></span> <span class='ocrx_word' id='word_1_536' title='bbox 3137 3461 3203 3514; x_wconf 86' lang='lat' dir='ltr'><strong>ad</strong></span> <span class='ocrx_word' id='word_1_537' title='bbox 3231 3476 3463 3531; x_wconf 85' lang='lat' dir='ltr'><strong>corpus;</strong></span> 
     </span>
    </p>
   </div>
   <div class='ocr_carea' id='block_1_78' title="bbox 1895 3547 3462 3618">
    <p class='ocr_par' dir='ltr' id='par_1_78' title="bbox 1895 3547 3462 3618">
     <span class='ocr_line' id='line_1_80' title="bbox 1895 3547 3462 3618; baseline 0.001 -17"><span class='ocrx_word' id='word_1_538' title='bbox 1895 3547 2132 3618; x_wconf 87' lang='lat' dir='ltr'><strong>primum</strong></span> <span class='ocrx_word' id='word_1_539' title='bbox 2165 3547 2283 3602; x_wconf 87' lang='lat' dir='ltr'><strong>sine</strong></span> <span class='ocrx_word' id='word_1_540' title='bbox 2305 3547 2538 3601; x_wconf 90' lang='lat' dir='ltr'><strong>consilio</strong></span> <span class='ocrx_word' id='word_1_541' title='bbox 2567 3562 2630 3600; x_wconf 91' lang='lat' dir='ltr'><strong>ac</strong></span> <span class='ocrx_word' id='word_1_542' title='bbox 2658 3555 2783 3601; x_wconf 79' lang='lat' dir='ltr'><strong>voto</strong></span> <span class='ocrx_word' id='word_1_543' title='bbox 2828 3547 3038 3602; x_wconf 89' lang='lat' dir='ltr'><strong>domini</strong></span> <span class='ocrx_word' id='word_1_544' title='bbox 3060 3564 3124 3603; x_wconf 86' lang='lat' dir='ltr'><strong>ac</strong></span> <span class='ocrx_word' id='word_1_545' title='bbox 3149 3547 3329 3602; x_wconf 90' lang='lat' dir='ltr'><strong>Patris</strong></span> <span class='ocrx_word' id='word_1_546' title='bbox 3352 3549 3462 3603; x_wconf 87' lang='lat' dir='ltr'><strong>tui:</strong></span> 
     </span>
    </p>
   </div>
   <div class='ocr_carea' id='block_1_79' title="bbox 1896 3639 3462 3709">
    <p class='ocr_par' dir='ltr' id='par_1_79' title="bbox 1896 3639 3462 3709">
     <span class='ocr_line' id='line_1_81' title="bbox 1896 3639 3462 3709; baseline 0 -15"><span class='ocrx_word' id='word_1_547' title='bbox 1896 3639 2089 3694; x_wconf 85' lang='lat' dir='ltr'><strong>deinde</strong></span> <span class='ocrx_word' id='word_1_548' title='bbox 2139 3641 2372 3693; x_wconf 91' lang='lat' dir='ltr'><strong>aliorum</strong></span> <span class='ocrx_word' id='word_1_549' title='bbox 2427 3639 2635 3707; x_wconf 88' lang='lat' dir='ltr'><strong>judicio</strong></span> <span class='ocrx_word' id='word_1_550' title='bbox 2672 3648 2727 3694; x_wconf 90' lang='lat' dir='ltr'><strong>et</strong></span> <span class='ocrx_word' id='word_1_551' title='bbox 2778 3640 2974 3709; x_wconf 85' lang='lat' dir='ltr'><strong>pietate</strong></span> <span class='ocrx_word' id='word_1_552' title='bbox 3016 3641 3462 3709; x_wconf 71' lang='lat' dir='ltr'><strong>prsecellentium,</strong></span> 
     </span>
    </p>
   </div>
   <div class='ocr_carea' id='block_1_80' title="bbox 1897 3733 3462 3802">
    <p class='ocr_par' dir='ltr' id='par_1_80' title="bbox 1897 3733 3462 3802">
     <span class='ocr_line' id='line_1_82' title="bbox 1897 3733 3462 3802; baseline 0.001 -16"><span class='ocrx_word' id='word_1_553' title='bbox 1897 3743 2056 3802; x_wconf 89' lang='lat' dir='ltr'><strong>prout</strong></span> <span class='ocrx_word' id='word_1_554' title='bbox 2101 3734 2348 3801; x_wconf 85' lang='lat' dir='ltr'><strong>subjecta</strong></span> <span class='ocrx_word' id='word_1_555' title='bbox 2412 3749 2498 3786; x_wconf 86' lang='lat' dir='ltr'><strong>res</strong></span> <span class='ocrx_word' id='word_1_556' title='bbox 2553 3734 2839 3802; x_wconf 88' lang='lat' dir='ltr'><strong>postulat:</strong></span> <span class='ocrx_word' id='word_1_557' title='bbox 2877 3747 2988 3786; x_wconf 92' lang='lat' dir='ltr'><strong>uno</strong></span> <span class='ocrx_word' id='word_1_558' title='bbox 3033 3734 3176 3786; x_wconf 89' lang='lat' dir='ltr'><strong>enim</strong></span> <span class='ocrx_word' id='word_1_559' title='bbox 3231 3733 3462 3788; x_wconf 78' lang='lat' dir='ltr'><strong>forsitan</strong></span> 
     </span>
    </p>
   </div>
   <div class='ocr_carea' id='block_1_81' title="bbox 1893 3825 3463 3893">
    <p class='ocr_par' dir='ltr' id='par_1_81' title="bbox 1893 3825 3463 3893">
     <span class='ocr_line' id='line_1_83' title="bbox 1893 3825 3463 3893; baseline 0 -15"><span class='ocrx_word' id='word_1_560' title='bbox 1893 3840 2030 3893; x_wconf 85' lang='lat' dir='ltr'><strong>opus</strong></span> <span class='ocrx_word' id='word_1_561' title='bbox 2057 3835 2160 3888; x_wconf 86' lang='lat' dir='ltr'><strong>est,</strong></span> <span class='ocrx_word' id='word_1_562' title='bbox 2191 3835 2286 3879; x_wconf 89' lang='lat' dir='ltr'><strong>aut</strong></span> <span class='ocrx_word' id='word_1_563' title='bbox 2312 3825 2546 3888; x_wconf 86' lang='lat' dir='ltr'><strong>duobus,</strong></span> <span class='ocrx_word' id='word_1_564' title='bbox 2571 3833 2662 3879; x_wconf 91' lang='lat' dir='ltr'><strong>aut</strong></span> <span class='ocrx_word' id='word_1_565' title='bbox 2688 3826 2882 3888; x_wconf 90' lang='lat' dir='ltr'><strong>tribus,</strong></span> <span class='ocrx_word' id='word_1_566' title='bbox 2900 3835 2992 3879; x_wconf 87' lang='lat' dir='ltr'><strong>aut</strong></span> <span class='ocrx_word' id='word_1_567' title='bbox 3009 3825 3256 3893; x_wconf 87' lang='lat' dir='ltr'><strong>pluribus</strong></span> <span class='ocrx_word' id='word_1_568' title='bbox 3277 3825 3463 3890; x_wconf 86' lang='lat' dir='ltr'><strong>etiam,</strong></span> 
     </span>
    </p>
   </div>
   <div class='ocr_carea' id='block_1_82' title="bbox 1894 3915 3078 3985">
    <p class='ocr_par' dir='ltr' id='par_1_82' title="bbox 1894 3915 3078 3985">
     <span class='ocr_line' id='line_1_84' title="bbox 1894 3915 3078 3985; baseline -0.002 -15"><span class='ocrx_word' id='word_1_569' title='bbox 1894 3918 2039 3971; x_wconf 90' lang='lat' dir='ltr'><strong>sicut</strong></span> <span class='ocrx_word' id='word_1_570' title='bbox 2065 3931 2095 3969; x_wconf 92' lang='lat' dir='ltr'><strong>a</strong></span> <span class='ocrx_word' id='word_1_571' title='bbox 2135 3915 2388 3969; x_wconf 85' lang='lat' dir='ltr'><strong>Patribus</strong></span> <span class='ocrx_word' id='word_1_572' title='bbox 2429 3915 2585 3970; x_wconf 87' lang='lat' dir='ltr'><strong>nobis</strong></span> <span class='ocrx_word' id='word_1_573' title='bbox 2615 3925 2945 3985; x_wconf 65' lang='lat' dir='ltr'><strong>praeceptum</strong></span> <span class='ocrx_word' id='word_1_574' title='bbox 2973 3923 3078 3968; x_wconf 87' lang='lat' dir='ltr'><strong>est.</strong></span> 
     </span>
    </p>
   </div>
   <div class='ocr_carea' id='block_1_83' title="bbox 1967 4091 3462 4162">
    <p class='ocr_par' dir='ltr' id='par_1_83' title="bbox 1967 4091 3462 4162">
     <span class='ocr_line' id='line_1_85' title="bbox 1967 4091 3462 4162; baseline 0.001 -15"><span class='ocrx_word' id='word_1_575' title='bbox 1967 4093 2088 4149; x_wconf 67' lang='lat' dir='ltr'><strong>llaec</strong></span> <span class='ocrx_word' id='word_1_576' title='bbox 2103 4093 2309 4157; x_wconf 90' lang='lat' dir='ltr'><strong>omnia,</strong></span> <span class='ocrx_word' id='word_1_577' title='bbox 2333 4102 2738 4162; x_wconf 62' lang='lat' dir='ltr'><strong>etqutecunque</strong></span> <span class='ocrx_word' id='word_1_578' title='bbox 2759 4092 2862 4146; x_wconf 86' lang='lat' dir='ltr'><strong>alia</strong></span> <span class='ocrx_word' id='word_1_579' title='bbox 2888 4091 3164 4162; x_wconf 87' lang='lat' dir='ltr'><strong>accepisti,</strong></span> <span class='ocrx_word' id='word_1_580' title='bbox 3190 4091 3462 4158; x_wconf 82' lang='lat' dir='ltr'><strong>servabis,</strong></span> 
     </span>
    </p>
   </div>
   <div class='ocr_carea' id='block_1_84' title="bbox 1892 4184 3472 4252">
    <p class='ocr_par' dir='ltr' id='par_1_84' title="bbox 1892 4184 3472 4252">
     <span class='ocr_line' id='line_1_86' title="bbox 1892 4184 3472 4252; baseline 0 -10"><span class='ocrx_word' id='word_1_581' title='bbox 1892 4197 1946 4242; x_wconf 91' lang='lat' dir='ltr'><strong>ct</strong></span> <span class='ocrx_word' id='word_1_582' title='bbox 1973 4186 2270 4252; x_wconf 87' lang='lat' dir='ltr'><strong>eustodies,</strong></span> <span class='ocrx_word' id='word_1_583' title='bbox 2303 4195 2359 4238; x_wconf 91' lang='lat' dir='ltr'><strong>ut</strong></span> <span class='ocrx_word' id='word_1_584' title='bbox 2383 4186 2516 4240; x_wconf 84' lang='lat' dir='ltr'><strong>bene</strong></span> <span class='ocrx_word' id='word_1_585' title='bbox 2543 4185 2637 4239; x_wconf 90' lang='lat' dir='ltr'><strong>tibi</strong></span> <span class='ocrx_word' id='word_1_586' title='bbox 2666 4184 2756 4245; x_wconf 88' lang='lat' dir='ltr'><strong>sit,</strong></span> <span class='ocrx_word' id='word_1_587' title='bbox 2786 4193 2839 4238; x_wconf 90' lang='lat' dir='ltr'><strong>et</strong></span> <span class='ocrx_word' id='word_1_588' title='bbox 2860 4194 3004 4238; x_wconf 84' lang='lat' dir='ltr'><strong>recte</strong></span> <span class='ocrx_word' id='word_1_589' title='bbox 3025 4185 3270 4241; x_wconf 88' lang='lat' dir='ltr'><strong>ambules</strong></span> <span class='ocrx_word' id='word_1_590' title='bbox 3285 4185 3339 4239; x_wconf 93' lang='lat' dir='ltr'><strong>in</strong></span> <span class='ocrx_word' id='word_1_591' title='bbox 3363 4184 3472 4242; x_wconf 84' lang='lat' dir='ltr'><strong>Do-</strong></span> 
     </span>
    </p>
   </div>
   <div class='ocr_carea' id='block_1_85' title="bbox 1895 4276 3460 4350">
    <p class='ocr_par' dir='ltr' id='par_1_85' title="bbox 1895 4276 3460 4350">
     <span class='ocr_line' id='line_1_87' title="bbox 1895 4276 3460 4350; baseline 0.001 -15"><span class='ocrx_word' id='word_1_592' title='bbox 1895 4282 2064 4336; x_wconf 91' lang='lat' dir='ltr'><strong>mino.</strong></span> <span class='ocrx_word' id='word_1_593' title='bbox 2087 4279 2434 4335; x_wconf 81' lang='lat' dir='ltr'><strong>Contrarium</strong></span> <span class='ocrx_word' id='word_1_594' title='bbox 2459 4278 2602 4332; x_wconf 81' lang='lat' dir='ltr'><strong>enini</strong></span> <span class='ocrx_word' id='word_1_595' title='bbox 2633 4276 2774 4332; x_wconf 85' lang='lat' dir='ltr'><strong>absit</strong></span> <span class='ocrx_word' id='word_1_596' title='bbox 2792 4277 2874 4331; x_wconf 87' lang='lat' dir='ltr'><strong>vel</strong></span> <span class='ocrx_word' id='word_1_597' title='bbox 2900 4277 3081 4333; x_wconf 84' lang='lat' dir='ltr'><strong>dicere</strong></span> <span class='ocrx_word' id='word_1_598' title='bbox 3096 4278 3179 4334; x_wconf 84' lang='lat' dir='ltr'><strong>vel</strong></span> <span class='ocrx_word' id='word_1_599' title='bbox 3201 4280 3460 4350; x_wconf 80' lang='lat' dir='ltr'><strong>cogitare.</strong></span> 
     </span>
    </p>
   </div>
   <div class='ocr_carea' id='block_1_86' title="bbox 2300 4478 3055 4548">
    <p class='ocr_par' dir='ltr' id='par_1_86' title="bbox 2300 4478 3055 4548">
     <span class='ocr_line' id='line_1_88' title="bbox 2300 4478 3055 4548; baseline -0.001 -16"><span class='ocrx_word' id='word_1_600' title='bbox 2300 4478 2577 4548; x_wconf 75' lang='lat' dir='ltr'><strong>Prwcepta</strong></span> <span class='ocrx_word' id='word_1_601' title='bbox 2608 4478 2866 4548; x_wconf 75' lang='lat' dir='ltr'><strong>fratribus</strong></span> <span class='ocrx_word' id='word_1_602' title='bbox 2903 4479 3055 4532; x_wconf 84' lang='lat' dir='ltr'><strong>data.</strong></span> 
     </span>
    </p>
   </div>
   <div class='ocr_carea' id='block_1_87' title="bbox 285 4562 1794 4642">
    <p class='ocr_par' dir='ltr' id='par_1_87' title="bbox 285 4562 1788 4642">
     <span class='ocr_line' id='line_1_89' title="bbox 285 4562 1788 4642; baseline 0.008 -26"><span class='ocrx_word' id='word_1_603' title='bbox 285 4565 459 4635; x_wconf 77' lang='grc' dir='ltr'>Δεῦρο</span> <span class='ocrx_word' id='word_1_604' title='bbox 483 4568 576 4619; x_wconf 77' lang='grc' dir='ltr'>καὶ</span> <span class='ocrx_word' id='word_1_605' title='bbox 612 4568 790 4636; x_wconf 85' lang='grc' dir='ltr'>ὑμεῖς,</span> <span class='ocrx_word' id='word_1_606' title='bbox 826 4562 870 4620; x_wconf 80' lang='grc' dir='ltr'><strong>ὦ</strong></span> <span class='ocrx_word' id='word_1_607' title='bbox 894 4569 1059 4622; x_wconf 83' lang='grc' dir='ltr'>τέκνα</span> <span class='ocrx_word' id='word_1_608' title='bbox 1090 4588 1189 4639; x_wconf 90' lang='grc' dir='ltr'>μου</span> <span class='ocrx_word' id='word_1_609' title='bbox 1226 4574 1320 4625; x_wconf 77' lang='grc' dir='ltr'>καὶ</span> <span class='ocrx_word' id='word_1_610' title='bbox 1340 4573 1575 4642; x_wconf 85' lang='grc' dir='ltr'>ἀδελφοί,</span> <span class='ocrx_word' id='word_1_611' title='bbox 1627 4575 1788 4630; x_wconf 75' lang='grc' dir='ltr'>ἀκού-</span> 
     </span>
    </p>
   </div>
   <div class='ocr_carea' id='block_1_88' title="bbox 1910 4562 3464 4642">
    <p class='ocr_par' dir='ltr' id='par_1_88' title="bbox 1964 4571 3464 4636">
     <span class='ocr_line' id='line_1_90' title="bbox 1964 4571 3464 4636; baseline -0.001 -8"><span class='ocrx_word' id='word_1_612' title='bbox 1964 4577 2156 4628; x_wconf 86' lang='lat' dir='ltr'><strong>Adeste</strong></span> <span class='ocrx_word' id='word_1_613' title='bbox 2175 4583 2230 4628; x_wconf 89' lang='lat' dir='ltr'><strong>et</strong></span> <span class='ocrx_word' id='word_1_614' title='bbox 2250 4589 2368 4636; x_wconf 86' lang='lat' dir='ltr'><strong>vos,</strong></span> <span class='ocrx_word' id='word_1_615' title='bbox 2400 4573 2494 4626; x_wconf 82' lang='lat' dir='ltr'><strong>lilii</strong></span> <span class='ocrx_word' id='word_1_616' title='bbox 2522 4573 2627 4626; x_wconf 87' lang='lat' dir='ltr'><strong>mei</strong></span> <span class='ocrx_word' id='word_1_617' title='bbox 2652 4587 2716 4625; x_wconf 92' lang='lat' dir='ltr'><strong>ac</strong></span> <span class='ocrx_word' id='word_1_618' title='bbox 2737 4571 2951 4635; x_wconf 89' lang='lat' dir='ltr'><strong>fratres,</strong></span> <span class='ocrx_word' id='word_1_619' title='bbox 2970 4580 3024 4625; x_wconf 93' lang='lat' dir='ltr'><strong>et</strong></span> <span class='ocrx_word' id='word_1_620' title='bbox 3056 4571 3241 4628; x_wconf 87' lang='lat' dir='ltr'><strong>audite</strong></span> <span class='ocrx_word' id='word_1_621' title='bbox 3269 4572 3464 4629; x_wconf 90' lang='lat' dir='ltr'><strong>miscr-</strong></span> 
     </span>
    </p>
   </div>
   <div class='ocr_carea' id='block_1_89' title="bbox 218 4658 1786 4730">
    <p class='ocr_par' dir='ltr' id='par_1_89' title="bbox 218 4658 1786 4730">
     <span class='ocr_line' id='line_1_91' title="bbox 218 4658 1786 4730; baseline 0.006 -21"><span class='ocrx_word' id='word_1_622' title='bbox 218 4658 351 4711; x_wconf 85' lang='grc' dir='ltr'>σατὲ</span> <span class='ocrx_word' id='word_1_623' title='bbox 380 4675 482 4727; x_wconf 88' lang='grc' dir='ltr'>μου</span> <span class='ocrx_word' id='word_1_624' title='bbox 512 4662 612 4730; x_wconf 78' lang='grc' dir='ltr'><strong>τῆς</strong></span> <span class='ocrx_word' id='word_1_625' title='bbox 641 4660 997 4730; x_wconf 82' lang='grc' dir='ltr'>οἱκτροτάτης</span> <span class='ocrx_word' id='word_1_626' title='bbox 1041 4661 1242 4729; x_wconf 84' lang='grc' dir='ltr'>φωνῆς.</span> <span class='ocrx_word' id='word_1_627' title='bbox 1279 4663 1516 4728; x_wconf 78' lang='grc' dir='ltr'>Δέξασθε</span> <span class='ocrx_word' id='word_1_628' title='bbox 1566 4667 1658 4718; x_wconf 72' lang='grc' dir='ltr'><strong>τὸν</strong></span> <span class='ocrx_word' id='word_1_629' title='bbox 1688 4667 1786 4720; x_wconf 90' lang='grc' dir='ltr'>κὺ-</span> 
     </span>
    </p>
   </div>
   <div class='ocr_carea' id='block_1_90' title="bbox 222 4750 1778 4821">
    <p class='ocr_par' dir='ltr' id='par_1_90' title="bbox 222 4750 1778 4821">
     <span class='ocr_line' id='line_1_92' title="bbox 222 4750 1778 4821; baseline 0.007 -20"><span class='ocrx_word' id='word_1_630' title='bbox 222 4767 334 4820; x_wconf 90' lang='grc' dir='ltr'>ριον</span> <span class='ocrx_word' id='word_1_631' title='bbox 392 4751 485 4802; x_wconf 84' lang='grc' dir='ltr'>τὸν</span> <span class='ocrx_word' id='word_1_632' title='bbox 538 4750 862 4821; x_wconf 76' lang='grc' dir='ltr'>ἡγούμενον,</span> <span class='ocrx_word' id='word_1_633' title='bbox 920 4751 1104 4817; x_wconf 84' lang='grc' dir='ltr'>καθὼς</span> <span class='ocrx_word' id='word_1_634' title='bbox 1157 4753 1470 4818; x_wconf 77' lang='grc' dir='ltr'>ἐξελέξασθε</span> <span class='ocrx_word' id='word_1_635' title='bbox 1519 4758 1680 4811; x_wconf 77' lang='grc' dir='ltr'>αὑτὸν</span> <span class='ocrx_word' id='word_1_636' title='bbox 1729 4760 1778 4812; x_wconf 67' lang='lat' dir='ltr'><strong>of</strong></span> 
     </span>
    </p>
   </div>
   <div class='ocr_carea' id='block_1_91' title="bbox 218 4844 1788 4922">
    <p class='ocr_par' dir='ltr' id='par_1_91' title="bbox 218 4844 1788 4922">
     <span class='ocr_line' id='line_1_93' title="bbox 218 4844 1788 4922; baseline 0.003 -26"><span class='ocrx_word' id='word_1_637' title='bbox 218 4845 420 4904; x_wconf 87' lang='grc' dir='ltr'>πάντες</span> <span class='ocrx_word' id='word_1_638' title='bbox 446 4861 458 4874; x_wconf 87' lang='grc'>·</span> <span class='ocrx_word' id='word_1_639' title='bbox 488 4844 666 4897; x_wconf 71' lang='grc' dir='ltr'>οὑδενὶ</span> <span class='ocrx_word' id='word_1_640' title='bbox 684 4845 794 4914; x_wconf 83' lang='grc' dir='ltr'>γὰρ</span> <span class='ocrx_word' id='word_1_641' title='bbox 818 4844 993 4908; x_wconf 75' lang='grc' dir='ltr'>ἔξεστι</span> <span class='ocrx_word' id='word_1_642' title='bbox 1027 4846 1146 4898; x_wconf 84' lang='grc' dir='ltr'>κατ’</span> <span class='ocrx_word' id='word_1_643' title='bbox 1184 4847 1375 4901; x_wconf 82' lang='grc' dir='ltr'>οὐδένα</span> <span class='ocrx_word' id='word_1_644' title='bbox 1401 4850 1599 4920; x_wconf 89' lang='grc' dir='ltr'>τρόπον</span> <span class='ocrx_word' id='word_1_645' title='bbox 1633 4853 1788 4922; x_wconf 73' lang='grc' dir='ltr'>αἱρή-</span> 
     </span>
    </p>
   </div>
   <div class='ocr_carea' id='block_1_92' title="bbox 220 4935 1788 5010">
    <p class='ocr_par' dir='ltr' id='par_1_92' title="bbox 220 4935 1788 5010">
     <span class='ocr_line' id='line_1_94' title="bbox 220 4935 1788 5010; baseline 0.004 -21"><span class='ocrx_word' id='word_1_646' title='bbox 220 4937 414 4990; x_wconf 86' lang='grc' dir='ltr'>σασθαι</span> <span class='ocrx_word' id='word_1_647' title='bbox 450 4935 608 4995; x_wconf 77' lang='grc' dir='ltr'>ἄλλον</span> <span class='ocrx_word' id='word_1_648' title='bbox 643 4937 765 4997; x_wconf 81' lang='grc' dir='ltr'>τινὰ</span> <span class='ocrx_word' id='word_1_649' title='bbox 821 4936 934 5006; x_wconf 74' lang='grc' dir='ltr'>βίον</span> <span class='ocrx_word' id='word_1_650' title='bbox 977 4939 1108 5008; x_wconf 83' lang='grc' dir='ltr'>παρ’</span> <span class='ocrx_word' id='word_1_651' title='bbox 1136 4937 1164 4990; x_wconf 84' lang='grc' dir='ltr'><strong>ὃ</strong></span> <span class='ocrx_word' id='word_1_652' title='bbox 1191 4940 1463 5010; x_wconf 87' lang='grc' dir='ltr'>ὑπάρχει·</span> <span class='ocrx_word' id='word_1_653' title='bbox 1492 4943 1584 4995; x_wconf 74' lang='grc' dir='ltr'>καὶ</span> <span class='ocrx_word' id='word_1_654' title='bbox 1630 4935 1788 5006; x_wconf 71' lang='grc' dir='ltr'>οὗτος</span> 
     </span>
    </p>
   </div>
   <div class='ocr_carea' id='block_1_93' title="bbox 216 5028 1789 5098">
    <p class='ocr_par' dir='ltr' id='par_1_93' title="bbox 216 5028 1789 5098">
     <span class='ocr_line' id='line_1_95' title="bbox 216 5028 1789 5098; baseline 0.003 -17"><span class='ocrx_word' id='word_1_655' title='bbox 216 5030 244 5081; x_wconf 85' lang='grc' dir='ltr'>ὁ</span> <span class='ocrx_word' id='word_1_656' title='bbox 269 5028 469 5096; x_wconf 70' lang='grc' dir='ltr'>δεσμὸς</span> <span class='ocrx_word' id='word_1_657' title='bbox 499 5028 603 5079; x_wconf 75' lang='grc' dir='ltr'>ὑπὸ</span> <span class='ocrx_word' id='word_1_658' title='bbox 647 5028 876 5098; x_wconf 83' lang='grc' dir='ltr'>Κυρίου.</span> <span class='ocrx_word' id='word_1_659' title='bbox 924 5029 1265 5083; x_wconf 84' lang='grc' dir='ltr'>Ἀσπάσασθε</span> <span class='ocrx_word' id='word_1_660' title='bbox 1297 5033 1458 5084; x_wconf 82' lang='grc' dir='ltr'>αὑτὸν</span> <span class='ocrx_word' id='word_1_661' title='bbox 1498 5033 1572 5096; x_wconf 85' lang='grc' dir='ltr'>ὡς</span> <span class='ocrx_word' id='word_1_662' title='bbox 1617 5033 1789 5088; x_wconf 77' lang='grc' dir='ltr'>διάδο-</span> 
     </span>
    </p>
   </div>
   <div class='ocr_carea' id='block_1_94' title="bbox 219 5119 1784 5192">
    <p class='ocr_par' dir='ltr' id='par_1_94' title="bbox 219 5119 1784 5192">
     <span class='ocr_line' id='line_1_96' title="bbox 219 5119 1784 5192; baseline 0.005 -22"><span class='ocrx_word' id='word_1_663' title='bbox 219 5119 310 5190; x_wconf 87' lang='grc' dir='ltr'><strong>χόν</strong></span> <span class='ocrx_word' id='word_1_664' title='bbox 346 5137 468 5189; x_wconf 85' lang='grc' dir='ltr'>μου,</span> <span class='ocrx_word' id='word_1_665' title='bbox 494 5119 559 5171; x_wconf 84' lang='grc' dir='ltr'>δι’</span> <span class='ocrx_word' id='word_1_666' title='bbox 581 5119 760 5182; x_wconf 76' lang='grc' dir='ltr'>αἰδοῦς</span> <span class='ocrx_word' id='word_1_667' title='bbox 791 5121 884 5171; x_wconf 73' lang='grc' dir='ltr'><strong>καὶ</strong></span> <span class='ocrx_word' id='word_1_668' title='bbox 924 5121 1091 5191; x_wconf 85' lang='grc' dir='ltr'>τιμῆς</span> <span class='ocrx_word' id='word_1_669' title='bbox 1124 5121 1556 5192; x_wconf 74' lang='grc' dir='ltr'>προσϐλέποντες</span> <span class='ocrx_word' id='word_1_670' title='bbox 1584 5126 1744 5178; x_wconf 88' lang='grc' dir='ltr'>αὑτόν</span> <span class='ocrx_word' id='word_1_671' title='bbox 1769 5141 1784 5156; x_wconf 88' lang='grc'><strong>·</strong></span> 
     </span>
    </p>
   </div>
   <div class='ocr_carea' id='block_1_95' title="bbox 220 5211 1788 5286">
    <p class='ocr_par' dir='ltr' id='par_1_95' title="bbox 220 5211 1788 5286">
     <span class='ocr_line' id='line_1_97' title="bbox 220 5211 1788 5286; baseline 0.002 -21"><span class='ocrx_word' id='word_1_672' title='bbox 220 5213 314 5265; x_wconf 66' lang='grc' dir='ltr'><strong>καὶ¹</strong></span> <span class='ocrx_word' id='word_1_673' title='bbox 361 5212 456 5265; x_wconf 81' lang='grc' dir='ltr'>τὸν</span> <span class='ocrx_word' id='word_1_674' title='bbox 482 5211 580 5280; x_wconf 91' lang='grc' dir='ltr'><strong>τῆς</strong></span> <span class='ocrx_word' id='word_1_675' title='bbox 616 5213 895 5281; x_wconf 82' lang='grc' dir='ltr'>ὑποταγῆς</span> <span class='ocrx_word' id='word_1_676' title='bbox 929 5215 1129 5266; x_wconf 85' lang='grc' dir='ltr'>κανόνα</span> <span class='ocrx_word' id='word_1_677' title='bbox 1172 5216 1401 5284; x_wconf 84' lang='grc' dir='ltr'>νόμιμον</span> <span class='ocrx_word' id='word_1_678' title='bbox 1452 5215 1525 5278; x_wconf 88' lang='grc' dir='ltr'><strong>ῶς</strong></span> <span class='ocrx_word' id='word_1_679' title='bbox 1561 5219 1629 5267; x_wconf 83' lang='grc' dir='ltr'><strong>’ἐν</strong></span> <span class='ocrx_word' id='word_1_680' title='bbox 1666 5217 1788 5286; x_wconf 70' lang='grc' dir='ltr'>ἐμοὶ</span> 
     </span>
    </p>
   </div>
   <div class='ocr_carea' id='block_1_96' title="bbox 221 5304 1787 5378">
    <p class='ocr_par' dir='ltr' id='par_1_96' title="bbox 221 5304 1787 5378">
     <span class='ocr_line' id='line_1_98' title="bbox 221 5304 1787 5378; baseline 0.001 -20"><span class='ocrx_word' id='word_1_681' title='bbox 221 5307 314 5359; x_wconf 78' lang='grc' dir='ltr'>καὶ</span> <span class='ocrx_word' id='word_1_682' title='bbox 347 5306 401 5358; x_wconf 73' lang='grc' dir='ltr'>ἐν</span> <span class='ocrx_word' id='word_1_683' title='bbox 429 5304 577 5374; x_wconf 86' lang='grc' dir='ltr'>αὑτῷ</span> <span class='ocrx_word' id='word_1_684' title='bbox 600 5305 985 5374; x_wconf 75' lang='grc' dir='ltr'>διαφυλάξατε,</span> <span class='ocrx_word' id='word_1_685' title='bbox 1018 5308 1092 5378; x_wconf 84' lang='grc' dir='ltr'>μὴ</span> <span class='ocrx_word' id='word_1_686' title='bbox 1119 5308 1583 5377; x_wconf 76' lang='grc' dir='ltr'>καταφρονοῦντες</span> <span class='ocrx_word' id='word_1_687' title='bbox 1605 5309 1701 5377; x_wconf 86' lang='grc' dir='ltr'><strong>τῆς</strong></span> <span class='ocrx_word' id='word_1_688' title='bbox 1731 5311 1787 5360; x_wconf 80' lang='grc' dir='ltr'>ἐν</span> 
     </span>
    </p>
   </div>
   <div class='ocr_carea' id='block_1_97' title="bbox 219 5396 1787 5471">
    <p class='ocr_par' dir='ltr' id='par_1_97' title="bbox 219 5396 1787 5471">
     <span class='ocr_line' id='line_1_99' title="bbox 219 5396 1787 5471; baseline 0.002 -21"><span class='ocrx_word' id='word_1_689' title='bbox 219 5396 413 5468; x_wconf 82' lang='grc' dir='ltr'>Κυρίῳ</span> <span class='ocrx_word' id='word_1_690' title='bbox 460 5399 662 5466; x_wconf 81' lang='grc' dir='ltr'>νεαρᾶς</span> <span class='ocrx_word' id='word_1_691' title='bbox 694 5399 962 5470; x_wconf 75' lang='grc' dir='ltr'>προϐολῆς</span> <span class='ocrx_word' id='word_1_692' title='bbox 1010 5400 1211 5454; x_wconf 77' lang='grc' dir='ltr'>αὐτοῦ’</span> <span class='ocrx_word' id='word_1_693' title='bbox 1250 5402 1382 5471; x_wconf 78' lang='grc' dir='ltr'>μηδὲ</span> <span class='ocrx_word' id='word_1_694' title='bbox 1431 5401 1787 5469; x_wconf 77' lang='grc' dir='ltr'>ὲκζητοὺντες</span> 
     </span>
    </p>
   </div>
   <div class='ocr_carea' id='block_1_98' title="bbox 221 5487 1786 5560">
    <p class='ocr_par' dir='ltr' id='par_1_98' title="bbox 221 5487 1786 5560">
     <span class='ocr_line' id='line_1_100' title="bbox 221 5487 1786 5560; baseline 0.002 -21"><span class='ocrx_word' id='word_1_695' title='bbox 221 5487 403 5540; x_wconf 84' lang='grc' dir='ltr'>πλεῖόν</span> <span class='ocrx_word' id='word_1_696' title='bbox 451 5504 504 5540; x_wconf 89' lang='grc' dir='ltr'><strong>τι</strong></span> <span class='ocrx_word' id='word_1_697' title='bbox 568 5489 719 5557; x_wconf 82' lang='grc' dir='ltr'>παρὰ</span> <span class='ocrx_word' id='word_1_698' title='bbox 775 5490 884 5542; x_wconf 87' lang='grc' dir='ltr'><strong>τῶν</strong></span> <span class='ocrx_word' id='word_1_699' title='bbox 950 5491 1303 5560; x_wconf 82' lang='grc' dir='ltr'>δωρηθέντων</span> <span class='ocrx_word' id='word_1_700' title='bbox 1350 5491 1498 5559; x_wconf 88' lang='grc' dir='ltr'><strong>αὑτῷ</strong></span> <span class='ocrx_word' id='word_1_701' title='bbox 1544 5492 1647 5543; x_wconf 86' lang='grc' dir='ltr'>ὑπὸ</span> <span class='ocrx_word' id='word_1_702' title='bbox 1694 5490 1786 5543; x_wconf 84' lang='grc' dir='ltr'><strong>τοὺ</strong></span> 
     </span>
    </p>
   </div>
   <div class='ocr_carea' id='block_1_99' title="bbox 220 5575 1786 5650">
    <p class='ocr_par' dir='ltr' id='par_1_99' title="bbox 220 5575 1786 5650">
     <span class='ocr_line' id='line_1_101' title="bbox 220 5575 1786 5650; baseline 0.001 -21"><span class='ocrx_word' id='word_1_703' title='bbox 220 5577 538 5647; x_wconf 89' lang='grc' dir='ltr'>Πνεὺματος</span> <span class='ocrx_word' id='word_1_704' title='bbox 568 5576 661 5629; x_wconf 82' lang='grc' dir='ltr'>τοῦ</span> <span class='ocrx_word' id='word_1_705' title='bbox 715 5577 873 5644; x_wconf 79' lang='grc' dir='ltr'>ἁγίου</span> <span class='ocrx_word' id='word_1_706' title='bbox 925 5575 1299 5649; x_wconf 77' lang='grc' dir='ltr'>χαρισμάτων.</span> <span class='ocrx_word' id='word_1_707' title='bbox 1343 5581 1594 5650; x_wconf 83' lang='grc' dir='ltr'>Ἀρκετὸν</span> <span class='ocrx_word' id='word_1_708' title='bbox 1637 5580 1786 5650; x_wconf 82' lang='grc' dir='ltr'><strong>αὑτῷ</strong></span> 
     </span>
    </p>
   </div>
   <div class='ocr_carea' id='block_1_100' title="bbox 219 5668 1786 5742">
    <p class='ocr_par' dir='ltr' id='par_1_100' title="bbox 219 5668 1786 5742">
     <span class='ocr_line' id='line_1_102' title="bbox 219 5668 1786 5742; baseline 0 -20"><span class='ocrx_word' id='word_1_709' title='bbox 219 5668 601 5739; x_wconf 81' lang='grc' dir='ltr'>διακρατῆσαι,</span> <span class='ocrx_word' id='word_1_710' title='bbox 636 5668 778 5739; x_wconf 81' lang='grc' dir='ltr'>ἆπερ</span> <span class='ocrx_word' id='word_1_711' title='bbox 808 5673 957 5740; x_wconf 81' lang='grc' dir='ltr'>παρὰ</span> <span class='ocrx_word' id='word_1_712' title='bbox 992 5671 1090 5740; x_wconf 84' lang='grc' dir='ltr'><strong>τῆς</strong></span> <span class='ocrx_word' id='word_1_713' title='bbox 1133 5672 1513 5736; x_wconf 85' lang='grc' dir='ltr'>ταπεινώσεώς</span> <span class='ocrx_word' id='word_1_714' title='bbox 1559 5690 1660 5742; x_wconf 89' lang='grc' dir='ltr'>μου</span> <span class='ocrx_word' id='word_1_715' title='bbox 1699 5675 1786 5724; x_wconf 82' lang='grc' dir='ltr'><strong>ὲν-</strong></span> 
     </span>
    </p>
   </div>
   <div class='ocr_carea' id='block_1_101' title="bbox 219 5761 1781 5834">
    <p class='ocr_par' dir='ltr' id='par_1_101' title="bbox 219 5761 1781 5834">
     <span class='ocr_line' id='line_1_103' title="bbox 219 5761 1781 5834; baseline 0.002 -20"><span class='ocrx_word' id='word_1_716' title='bbox 219 5762 492 5815; x_wconf 78' lang='grc' dir='ltr'>τὲταλται.</span> <span class='ocrx_word' id='word_1_717' title='bbox 531 5761 635 5814; x_wconf 75' lang='grc' dir='ltr'><strong>Καὶ</strong></span> <span class='ocrx_word' id='word_1_718' title='bbox 665 5763 710 5812; x_wconf 91' lang='grc' dir='ltr'>εἰ</span> <span class='ocrx_word' id='word_1_719' title='bbox 738 5763 984 5829; x_wconf 74' lang='grc' dir='ltr'>ἀγαπᾶτέ</span> <span class='ocrx_word' id='word_1_720' title='bbox 1020 5782 1106 5833; x_wconf 89' lang='grc' dir='ltr'><strong>με,</strong></span> <span class='ocrx_word' id='word_1_721' title='bbox 1134 5765 1300 5817; x_wconf 77' lang='grc' dir='ltr'>τέκνα</span> <span class='ocrx_word' id='word_1_722' title='bbox 1341 5781 1464 5834; x_wconf 78' lang='grc' dir='ltr'>μου,</span> <span class='ocrx_word' id='word_1_723' title='bbox 1491 5765 1589 5826; x_wconf 77' lang='grc' dir='ltr'><strong>τὰς</strong></span> <span class='ocrx_word' id='word_1_724' title='bbox 1636 5766 1781 5817; x_wconf 83' lang='grc' dir='ltr'>ἐντο-</span> 
     </span>
    </p>
   </div>
   <div class='ocr_carea' id='block_1_102' title="bbox 222 5852 1780 5928">
    <p class='ocr_par' dir='ltr' id='par_1_102' title="bbox 222 5852 1780 5928">
     <span class='ocr_line' id='line_1_104' title="bbox 222 5852 1780 5928; baseline 0.003 -24"><span class='ocrx_word' id='word_1_725' title='bbox 222 5854 315 5916; x_wconf 74' lang='grc' dir='ltr'><strong>λάς</strong></span> <span class='ocrx_word' id='word_1_726' title='bbox 342 5871 444 5922; x_wconf 79' lang='grc' dir='ltr'><strong>μου</strong></span> <span class='ocrx_word' id='word_1_727' title='bbox 482 5852 775 5920; x_wconf 75' lang='grc' dir='ltr'>φυλάξατε.</span> <span class='ocrx_word' id='word_1_728' title='bbox 810 5857 916 5908; x_wconf 68' lang='grc' dir='ltr'>Καὶ</span> <span class='ocrx_word' id='word_1_729' title='bbox 938 5857 1035 5925; x_wconf 82' lang='grc' dir='ltr'>τὴν</span> <span class='ocrx_word' id='word_1_730' title='bbox 1062 5859 1283 5928; x_wconf 80' lang='grc' dir='ltr'>εἰρήνην</span> <span class='ocrx_word' id='word_1_731' title='bbox 1308 5860 1363 5910; x_wconf 81' lang='grc' dir='ltr'>ὲν</span> <span class='ocrx_word' id='word_1_732' title='bbox 1400 5861 1613 5920; x_wconf 75' lang='grc' dir='ltr'>ἑαυτοῖς</span> <span class='ocrx_word' id='word_1_733' title='bbox 1635 5857 1780 5926; x_wconf 81' lang='grc' dir='ltr'>ἔχετε</span> 
     </span>
    </p>
   </div>
   <div class='ocr_carea' id='block_1_103' title="bbox 1891 4662 3463 4734">
    <p class='ocr_par' dir='ltr' id='par_1_103' title="bbox 1891 4662 3463 4734">
     <span class='ocr_line' id='line_1_105' title="bbox 1891 4662 3463 4734; baseline -0.009 -14"><span class='ocrx_word' id='word_1_734' title='bbox 1891 4665 2086 4720; x_wconf 88' lang='lat' dir='ltr'><strong>rimam</strong></span> <span class='ocrx_word' id='word_1_735' title='bbox 2129 4678 2317 4718; x_wconf 84' lang='lat' dir='ltr'><strong>vocem</strong></span> <span class='ocrx_word' id='word_1_736' title='bbox 2366 4678 2564 4716; x_wconf 90' lang='lat' dir='ltr'><strong>meam.</strong></span> <span class='ocrx_word' id='word_1_737' title='bbox 2595 4662 2864 4731; x_wconf 90' lang='lat' dir='ltr'><strong>Suscipite</strong></span> <span class='ocrx_word' id='word_1_738' title='bbox 2889 4663 3167 4716; x_wconf 88' lang='lat' dir='ltr'><strong>dominum</strong></span> <span class='ocrx_word' id='word_1_739' title='bbox 3199 4664 3463 4734; x_wconf 69' lang='lat' dir='ltr'><strong>pmposi-</strong></span> 
     </span>
    </p>
   </div>
   <div class='ocr_carea' id='block_1_104' title="bbox 1892 4746 3461 4816">
    <p class='ocr_par' dir='ltr' id='par_1_104' title="bbox 1892 4746 3461 4816">
     <span class='ocr_line' id='line_1_106' title="bbox 1892 4746 3461 4816; baseline 0 -12"><span class='ocrx_word' id='word_1_740' title='bbox 1892 4760 2031 4813; x_wconf 90' lang='lat' dir='ltr'><strong>tum,</strong></span> <span class='ocrx_word' id='word_1_741' title='bbox 2063 4749 2208 4803; x_wconf 89' lang='lat' dir='ltr'><strong>sicut</strong></span> <span class='ocrx_word' id='word_1_742' title='bbox 2252 4746 2461 4816; x_wconf 83' lang='lat' dir='ltr'><strong>elegisti</strong></span> <span class='ocrx_word' id='word_1_743' title='bbox 2497 4747 2672 4812; x_wconf 90' lang='lat' dir='ltr'><strong>ipsum</strong></span> <span class='ocrx_word' id='word_1_744' title='bbox 2720 4761 2940 4812; x_wconf 87' lang='lat' dir='ltr'><strong>omnes;</strong></span> <span class='ocrx_word' id='word_1_745' title='bbox 2968 4747 3173 4801; x_wconf 87' lang='lat' dir='ltr'><strong>nemini</strong></span> <span class='ocrx_word' id='word_1_746' title='bbox 3199 4748 3342 4802; x_wconf 89' lang='lat' dir='ltr'><strong>enim</strong></span> <span class='ocrx_word' id='word_1_747' title='bbox 3375 4747 3461 4804; x_wconf 89' lang='lat' dir='ltr'><strong>fas</strong></span> 
     </span>
    </p>
   </div>
   <div class='ocr_carea' id='block_1_105' title="bbox 1889 4839 3457 4910">
    <p class='ocr_par' dir='ltr' id='par_1_105' title="bbox 1889 4839 3457 4910">
     <span class='ocr_line' id='line_1_107' title="bbox 1889 4839 3457 4910; baseline 0 -14"><span class='ocrx_word' id='word_1_748' title='bbox 1889 4853 2000 4909; x_wconf 91' lang='lat' dir='ltr'><strong>est,</strong></span> <span class='ocrx_word' id='word_1_749' title='bbox 2036 4841 2148 4895; x_wconf 92' lang='lat' dir='ltr'><strong>ullo</strong></span> <span class='ocrx_word' id='word_1_750' title='bbox 2198 4840 2359 4894; x_wconf 88' lang='lat' dir='ltr'><strong>modo</strong></span> <span class='ocrx_word' id='word_1_751' title='bbox 2405 4839 2568 4893; x_wconf 84' lang='lat' dir='ltr'><strong>aliam</strong></span> <span class='ocrx_word' id='word_1_752' title='bbox 2625 4839 2936 4907; x_wconf 88' lang='lat' dir='ltr'><strong>quampiam</strong></span> <span class='ocrx_word' id='word_1_753' title='bbox 2999 4839 3167 4892; x_wconf 86' lang='lat' dir='ltr'><strong>vitam</strong></span> <span class='ocrx_word' id='word_1_754' title='bbox 3225 4840 3457 4910; x_wconf 84' lang='lat' dir='ltr'><strong>eligere,</strong></span> 
     </span>
    </p>
   </div>
   <div class='ocr_carea' id='block_1_106' title="bbox 1889 4930 3459 5004">
    <p class='ocr_par' dir='ltr' id='par_1_106' title="bbox 1889 4930 3459 5004">
     <span class='ocr_line' id='line_1_108' title="bbox 1889 4930 3459 5004; baseline 0.001 -17"><span class='ocrx_word' id='word_1_755' title='bbox 1889 4942 2083 5004; x_wconf 67' lang='lat' dir='ltr'><strong>prieter</strong></span> <span class='ocrx_word' id='word_1_756' title='bbox 2131 4947 2293 5003; x_wconf 90' lang='lat' dir='ltr'><strong>quam</strong></span> <span class='ocrx_word' id='word_1_757' title='bbox 2341 4932 2566 4986; x_wconf 87' lang='lat' dir='ltr'><strong>sortitus</strong></span> <span class='ocrx_word' id='word_1_758' title='bbox 2615 4940 2699 4984; x_wconf 82' lang='lat' dir='ltr'><strong>est</strong></span> <span class='ocrx_word' id='word_1_759' title='bbox 2729 4948 2743 4984; x_wconf 92' lang='lat'><strong>:</strong></span> <span class='ocrx_word' id='word_1_760' title='bbox 2775 4939 2830 4985; x_wconf 91' lang='lat' dir='ltr'><strong>et</strong></span> <span class='ocrx_word' id='word_1_761' title='bbox 2871 4930 2975 4984; x_wconf 89' lang='lat' dir='ltr'><strong>hoc</strong></span> <span class='ocrx_word' id='word_1_762' title='bbox 3013 4930 3289 4986; x_wconf 74' lang='lat' dir='ltr'><strong>vinculum</strong></span> <span class='ocrx_word' id='word_1_763' title='bbox 3316 4941 3399 4988; x_wconf 88' lang='lat' dir='ltr'><strong>est</strong></span> <span class='ocrx_word' id='word_1_764' title='bbox 3426 4947 3459 4989; x_wconf 84' lang='lat' dir='ltr'><strong>a</strong></span> 
     </span>
    </p>
   </div>
   <div class='ocr_carea' id='block_1_107' title="bbox 1891 5023 3458 5095">
    <p class='ocr_par' dir='ltr' id='par_1_107' title="bbox 1891 5023 3458 5095">
     <span class='ocr_line' id='line_1_109' title="bbox 1891 5023 3458 5095; baseline -0.001 -15"><span class='ocrx_word' id='word_1_765' title='bbox 1891 5027 2138 5083; x_wconf 89' lang='lat' dir='ltr'><strong>Domino.</strong></span> <span class='ocrx_word' id='word_1_766' title='bbox 2167 5023 2572 5095; x_wconf 86' lang='lat' dir='ltr'><strong>Amplectimini</strong></span> <span class='ocrx_word' id='word_1_767' title='bbox 2601 5023 2754 5078; x_wconf 89' lang='lat' dir='ltr'><strong>illum</strong></span> <span class='ocrx_word' id='word_1_768' title='bbox 2789 5031 3045 5091; x_wconf 89' lang='lat' dir='ltr'><strong>tanquam</strong></span> <span class='ocrx_word' id='word_1_769' title='bbox 3081 5038 3458 5079; x_wconf 85' lang='lat' dir='ltr'><strong>successorem</strong></span> 
     </span>
    </p>
   </div>
   <div class='ocr_carea' id='block_1_108' title="bbox 1889 5117 3454 5184">
    <p class='ocr_par' dir='ltr' id='par_1_108' title="bbox 1889 5117 3454 5184">
     <span class='ocr_line' id='line_1_110' title="bbox 1889 5117 3454 5184; baseline -0.004 -7"><span class='ocrx_word' id='word_1_770' title='bbox 1889 5139 2092 5184; x_wconf 83' lang='lat' dir='ltr'><strong>meum,</strong></span> <span class='ocrx_word' id='word_1_771' title='bbox 2126 5137 2249 5177; x_wconf 93' lang='lat' dir='ltr'><strong>cum</strong></span> <span class='ocrx_word' id='word_1_772' title='bbox 2282 5118 2580 5174; x_wconf 88' lang='lat' dir='ltr'><strong>reverentia</strong></span> <span class='ocrx_word' id='word_1_773' title='bbox 2612 5129 2666 5173; x_wconf 86' lang='lat' dir='ltr'><strong>et</strong></span> <span class='ocrx_word' id='word_1_774' title='bbox 2684 5119 2890 5172; x_wconf 87' lang='lat' dir='ltr'><strong>honore</strong></span> <span class='ocrx_word' id='word_1_775' title='bbox 2918 5118 3191 5172; x_wconf 81' lang='lat' dir='ltr'><strong>intuentes</strong></span> <span class='ocrx_word' id='word_1_776' title='bbox 3224 5117 3278 5172; x_wconf 90' lang='lat' dir='ltr'><strong>in</strong></span> <span class='ocrx_word' id='word_1_777' title='bbox 3308 5133 3454 5184; x_wconf 87' lang='lat' dir='ltr'><strong>eum,</strong></span> 
     </span>
    </p>
   </div>
   <div class='ocr_carea' id='block_1_109' title="bbox 1889 5209 3456 5288">
    <p class='ocr_par' dir='ltr' id='par_1_109' title="bbox 1889 5209 3456 5288">
     <span class='ocr_line' id='line_1_111' title="bbox 1889 5209 3456 5288; baseline -0.003 -17"><span class='ocrx_word' id='word_1_778' title='bbox 1889 5228 1942 5272; x_wconf 87' lang='lat' dir='ltr'><strong>et</strong></span> <span class='ocrx_word' id='word_1_779' title='bbox 1961 5216 2255 5288; x_wconf 80' lang='lat' dir='ltr'><strong>legitimam</strong></span> <span class='ocrx_word' id='word_1_780' title='bbox 2279 5213 2598 5269; x_wconf 73' lang='lat' dir='ltr'><strong>obedientiie</strong></span> <span class='ocrx_word' id='word_1_781' title='bbox 2623 5211 2864 5282; x_wconf 75' lang='lat' dir='ltr'><strong>regulam</strong></span> <span class='ocrx_word' id='word_1_782' title='bbox 2888 5224 3016 5278; x_wconf 78' lang='lat' dir='ltr'><strong>erga</strong></span> <span class='ocrx_word' id='word_1_783' title='bbox 3042 5209 3194 5264; x_wconf 91' lang='lat' dir='ltr'><strong>illum</strong></span> <span class='ocrx_word' id='word_1_784' title='bbox 3219 5219 3456 5272; x_wconf 83' lang='lat' dir='ltr'><strong>servate.</strong></span> 
     </span>
    </p>
   </div>
   <div class='ocr_carea' id='block_1_110' title="bbox 1893 5303 3458 5380">
    <p class='ocr_par' dir='ltr' id='par_1_110' title="bbox 1893 5303 3458 5380">
     <span class='ocr_line' id='line_1_112' title="bbox 1893 5303 3458 5380; baseline -0.003 -17"><span class='ocrx_word' id='word_1_785' title='bbox 1893 5319 2148 5380; x_wconf 87' lang='lat' dir='ltr'><strong>tanquam</strong></span> <span class='ocrx_word' id='word_1_786' title='bbox 2199 5321 2325 5377; x_wconf 80' lang='lat' dir='ltr'><strong>erga</strong></span> <span class='ocrx_word' id='word_1_787' title='bbox 2377 5321 2465 5360; x_wconf 91' lang='lat' dir='ltr'><strong>me</strong></span> <span class='ocrx_word' id='word_1_788' title='bbox 2519 5305 2719 5375; x_wconf 86' lang='lat' dir='ltr'><strong>ipsum,</strong></span> <span class='ocrx_word' id='word_1_789' title='bbox 2754 5320 2949 5359; x_wconf 86' lang='lat' dir='ltr'><strong>novam</strong></span> <span class='ocrx_word' id='word_1_790' title='bbox 2980 5304 3100 5374; x_wconf 88' lang='lat' dir='ltr'><strong>ejus</strong></span> <span class='ocrx_word' id='word_1_791' title='bbox 3137 5304 3192 5357; x_wconf 90' lang='lat' dir='ltr'><strong>in</strong></span> <span class='ocrx_word' id='word_1_792' title='bbox 3221 5303 3458 5358; x_wconf 88' lang='lat' dir='ltr'><strong>Domino</strong></span> 
     </span>
    </p>
   </div>
   <div class='ocr_carea' id='block_1_111' title="bbox 1892 5396 3458 5472">
    <p class='ocr_par' dir='ltr' id='par_1_111' title="bbox 1892 5396 3458 5472">
     <span class='ocr_line' id='line_1_113' title="bbox 1892 5396 3458 5472; baseline -0.004 -15"><span class='ocrx_word' id='word_1_793' title='bbox 1892 5402 2288 5472; x_wconf 87' lang='lat' dir='ltr'><strong>promotionem</strong></span> <span class='ocrx_word' id='word_1_794' title='bbox 2341 5399 2564 5454; x_wconf 85' lang='lat' dir='ltr'><strong>minime</strong></span> <span class='ocrx_word' id='word_1_795' title='bbox 2619 5408 2958 5468; x_wconf 87' lang='lat' dir='ltr'><strong>spernentes,</strong></span> <span class='ocrx_word' id='word_1_796' title='bbox 2991 5413 3092 5451; x_wconf 89' lang='lat' dir='ltr'><strong>nec</strong></span> <span class='ocrx_word' id='word_1_797' title='bbox 3133 5397 3256 5466; x_wconf 92' lang='lat' dir='ltr'><strong>plus</strong></span> <span class='ocrx_word' id='word_1_798' title='bbox 3298 5396 3458 5466; x_wconf 88' lang='lat' dir='ltr'><strong>quid-</strong></span> 
     </span>
    </p>
   </div>
   <div class='ocr_carea' id='block_1_112' title="bbox 1888 5488 3457 5566">
    <p class='ocr_par' dir='ltr' id='par_1_112' title="bbox 1888 5488 3457 5566">
     <span class='ocr_line' id='line_1_114' title="bbox 1888 5488 3457 5566; baseline -0.005 -16"><span class='ocrx_word' id='word_1_799' title='bbox 1888 5511 2051 5566; x_wconf 89' lang='lat' dir='ltr'><strong>quam</strong></span> <span class='ocrx_word' id='word_1_800' title='bbox 2096 5495 2148 5547; x_wconf 93' lang='lat' dir='ltr'><strong>in</strong></span> <span class='ocrx_word' id='word_1_801' title='bbox 2196 5508 2261 5547; x_wconf 93' lang='lat' dir='ltr'><strong>eo</strong></span> <span class='ocrx_word' id='word_1_802' title='bbox 2290 5492 2647 5562; x_wconf 87' lang='lat' dir='ltr'><strong>requirentes.</strong></span> <span class='ocrx_word' id='word_1_803' title='bbox 2677 5506 2840 5559; x_wconf 89' lang='lat' dir='ltr'><strong>quam</strong></span> <span class='ocrx_word' id='word_1_804' title='bbox 2873 5490 2920 5543; x_wconf 90' lang='lat' dir='ltr'><strong>ei</strong></span> <span class='ocrx_word' id='word_1_805' title='bbox 2956 5504 2985 5542; x_wconf 90' lang='lat' dir='ltr'><strong>a</strong></span> <span class='ocrx_word' id='word_1_806' title='bbox 3024 5488 3226 5559; x_wconf 89' lang='lat' dir='ltr'><strong>Spiritu</strong></span> <span class='ocrx_word' id='word_1_807' title='bbox 3262 5497 3457 5542; x_wconf 87' lang='lat' dir='ltr'><strong>sancto</strong></span> 
     </span>
    </p>
   </div>
   <div class='ocr_carea' id='block_1_113' title="bbox 1889 5577 3456 5649">
    <p class='ocr_par' dir='ltr' id='par_1_113' title="bbox 1889 5577 3456 5649">
     <span class='ocr_line' id='line_1_115' title="bbox 1889 5577 3456 5649; baseline -0.003 -13"><span class='ocrx_word' id='word_1_808' title='bbox 1889 5598 2212 5637; x_wconf 88' lang='lat' dir='ltr'><strong>concessum</strong></span> <span class='ocrx_word' id='word_1_809' title='bbox 2238 5582 2306 5637; x_wconf 85' lang='lat' dir='ltr'><strong>sit</strong></span> <span class='ocrx_word' id='word_1_810' title='bbox 2336 5579 2808 5649; x_wconf 88' lang='lat' dir='ltr'><strong>:quandoqnidem</strong></span> <span class='ocrx_word' id='word_1_811' title='bbox 2845 5579 2891 5632; x_wconf 92' lang='lat' dir='ltr'><strong>ei</strong></span> <span class='ocrx_word' id='word_1_812' title='bbox 2927 5577 3147 5642; x_wconf 83' lang='lat' dir='ltr'><strong>sufﬁcit,</strong></span> <span class='ocrx_word' id='word_1_813' title='bbox 3180 5587 3239 5632; x_wconf 92' lang='lat' dir='ltr'><strong>ut</strong></span> <span class='ocrx_word' id='word_1_814' title='bbox 3266 5591 3327 5632; x_wconf 91' lang='lat' dir='ltr'><strong>ea</strong></span> <span class='ocrx_word' id='word_1_815' title='bbox 3357 5579 3456 5632; x_wconf 89' lang='lat' dir='ltr'><strong>ob-</strong></span> 
     </span>
    </p>
   </div>
   <div class='ocr_carea' id='block_1_114' title="bbox 1887 5667 3453 5742">
    <p class='ocr_par' dir='ltr' id='par_1_114' title="bbox 1887 5667 3453 5742">
     <span class='ocr_line' id='line_1_116' title="bbox 1887 5667 3453 5742; baseline -0.003 -13"><span class='ocrx_word' id='word_1_816' title='bbox 1887 5685 2083 5738; x_wconf 77' lang='lat' dir='ltr'><strong>servet,</strong></span> <span class='ocrx_word' id='word_1_817' title='bbox 2112 5690 2233 5742; x_wconf 71' lang='lat' dir='ltr'><strong>qua:</strong></span> <span class='ocrx_word' id='word_1_818' title='bbox 2258 5673 2324 5726; x_wconf 88' lang='lat' dir='ltr'><strong>ab</strong></span> <span class='ocrx_word' id='word_1_819' title='bbox 2347 5672 2651 5726; x_wconf 87' lang='lat' dir='ltr'><strong>humilitate</strong></span> <span class='ocrx_word' id='word_1_820' title='bbox 2680 5687 2800 5725; x_wconf 91' lang='lat' dir='ltr'><strong>mea</strong></span> <span class='ocrx_word' id='word_1_821' title='bbox 2821 5678 3088 5739; x_wconf 68' lang='lat' dir='ltr'><strong>praecepta</strong></span> <span class='ocrx_word' id='word_1_822' title='bbox 3119 5680 3266 5724; x_wconf 84' lang='lat' dir='ltr'><strong>sunt.</strong></span> <span class='ocrx_word' id='word_1_823' title='bbox 3293 5667 3453 5735; x_wconf 84' lang='lat' dir='ltr'><strong>Quod</strong></span> 
     </span>
    </p>
   </div>
   <div class='ocr_carea' id='block_1_115' title="bbox 1887 5761 3451 5834">
    <p class='ocr_par' dir='ltr' id='par_1_115' title="bbox 1887 5761 3451 5834">
     <span class='ocr_line' id='line_1_117' title="bbox 1887 5761 3451 5834; baseline -0.003 -14"><span class='ocrx_word' id='word_1_824' title='bbox 1887 5766 1931 5821; x_wconf 92' lang='lat' dir='ltr'><strong>si</strong></span> <span class='ocrx_word' id='word_1_825' title='bbox 1977 5766 2202 5834; x_wconf 80' lang='lat' dir='ltr'><strong>diligitis</strong></span> <span class='ocrx_word' id='word_1_826' title='bbox 2250 5781 2356 5828; x_wconf 89' lang='lat' dir='ltr'><strong>me,</strong></span> <span class='ocrx_word' id='word_1_827' title='bbox 2391 5764 2483 5817; x_wconf 86' lang='lat' dir='ltr'><strong>lilii</strong></span> <span class='ocrx_word' id='word_1_828' title='bbox 2514 5764 2640 5824; x_wconf 88' lang='lat' dir='ltr'><strong>mei,</strong></span> <span class='ocrx_word' id='word_1_829' title='bbox 2670 5761 2927 5815; x_wconf 83' lang='lat' dir='ltr'><strong>mandata</strong></span> <span class='ocrx_word' id='word_1_830' title='bbox 2971 5776 3090 5815; x_wconf 82' lang='lat' dir='ltr'><strong>mea</strong></span> <span class='ocrx_word' id='word_1_831' title='bbox 3124 5767 3357 5824; x_wconf 82' lang='lat' dir='ltr'><strong>servate,</strong></span> <span class='ocrx_word' id='word_1_832' title='bbox 3395 5769 3451 5815; x_wconf 91' lang='lat' dir='ltr'><strong>et</strong></span> 
     </span>
    </p>
   </div>
   <div class='ocr_carea' id='block_1_116' title="bbox 1889 5853 3442 5929">
    <p class='ocr_par' dir='ltr' id='par_1_116' title="bbox 1889 5853 3442 5929">
     <span class='ocr_line' id='line_1_118' title="bbox 1889 5853 3442 5929; baseline -0.003 -16"><span class='ocrx_word' id='word_1_833' title='bbox 1889 5875 2072 5929; x_wconf 86' lang='lat' dir='ltr'><strong>pacein</strong></span> <span class='ocrx_word' id='word_1_834' title='bbox 2107 5861 2244 5914; x_wconf 87' lang='lat' dir='ltr'><strong>inter</strong></span> <span class='ocrx_word' id='word_1_835' title='bbox 2275 5876 2368 5914; x_wconf 88' lang='lat' dir='ltr'><strong>vos</strong></span> <span class='ocrx_word' id='word_1_836' title='bbox 2432 5859 2701 5913; x_wconf 78' lang='lat' dir='ltr'><strong>habetote.</strong></span> <span class='ocrx_word' id='word_1_837' title='bbox 2735 5855 3050 5927; x_wconf 78' lang='lat' dir='ltr'><strong>Angelicum</strong></span> <span class='ocrx_word' id='word_1_838' title='bbox 3109 5853 3442 5923; x_wconf 87' lang='lat' dir='ltr'><strong>promissum</strong></span> 
     </span>
    </p>
   </div>
  </div>
