3968 6440
265 391 1962 424 ΜΞ

1260 417 1686 428 -———-—-———
1711 421 1862 430 ...α-.-

1437 579 2270 704 APPENDIX.

712 854 1358 944 NAUCBATII
1436 853 2240 945 CONFESSOBIS
2339 856 2990 950 ENCYCLICA

1071 1045 1176 1105 DE
1204 1043 1446 1107 OBITU
1480 1045 1757 1106 SANCTI
1791 1045 2206 1106 THEODORI
2247 1047 2633 1114 STUDl'l'JE.

240 1356 374 1422 τοῖς
406 1356 503 1410 διὰ
536 1356 751 1423 Κύριον
778 1354 1210 1422 δεδιωγιιένοις,
1246 1354 1341 1406 καὶ
1371 1353 1676 1422 πανταχοῦ
1706 1353 1794 1405 δι-

1909 1351 2320 1406 Persecutiouem
2365 1363 2576 1423 propter
2637 1353 2918 1406 Dominum
2963 1356 3360 1420 sustinentibus,
3402 1377 3466 1413 ac

305 1426 704 1495 εσπαρμένοις
752 1424 1167 1495 πνευματικοῖς
1213 1423 1493 1495 ἀδελφοῖς
1547 1424 1642 1477 καὶ
1675 1427 1792 1477 Πεισ-

305 1494 511 1564 τράσιέ
543 1496 906 1563 Ναυκράτιος
939 1494 1302 1563 ἁμαρτωλὸς,
1329 1494 1584 1562 εὔχεται.

1967 1425 2151 1498 utrique
2177 1425 2448 1498 dispersis,
2467 1424 2792 1498 spiritalibus
2815 1424 3066 1494 fratribus
3107 1430 3464 1498 patribusque,

1976 1492 2055 1546 Na
2065 1493 2295 1544 ucratius
2327 1504 2569 1562 peccator
2616 1492 2674 1548 S.

1147 1607 1451 1675 (Constans.
1485 1606 1690 1661 flistor.
1729 1607 1915 1661 Ita'res.
1939 1604 2294 1667 Mouolhelit.,
2324 1621 2374 1673 p.
2405 1605 2555 1672 856.)

313 1725 460 1786 Ἕως
505 1723 604 1791 μὲν
643 1722 738 1776 τοῦ
776 1721 1307 1792 παρόντος,·ἀδελφοί
1340 1740 1442 1790 μου
1479 1721 1798 1792 τιμιώτατοι

235 1818 334 1870 καὶ
394 1816 661 1884 Πατέρες,
709 1813 1076 1883 ἀνεϐαλλόμην
1123 1817 1184 1866 τὸ
1232 1814 1486 1867 ταπεινὸν
1544 1815 1798 1885 γράμμα,

235 1909 458 1978 ἡμέραν
493 1908 551 1971 ἐξ
583 1907 798 1976 ⁴ἡμέρας
831 1904 1256 1975 διεξερχόμενος,
1289 1907 1382 1958 καὶ
1417 1905 1536 1958 κατ’
1567 1905 1800 1974 ἐμαυτὸν

235 2002 488 2070 κατέχων
537 1998 596 2051 τὸ
638 1996 896 2064 λυπηρόν.
949 1997 1057 2048 Καὶ
1107 1996 1170 2066 δὴ
1215 1997 1371 2050 τοῦτο
1411 1997 1665 2068 πέπραχα
1713 1995 1801 2050 διά

236 2091 435 2151 πολλὰ,
471 2089 506 2143 ἃ
539 2085 690 2158 οἶμαι
735 2088 854 2140 οὐδὲ
894 2086 992 2158 τὴν
1026 2089 1317 2157 τιμιότητα
1362 2088 1514 2157 ὑμῶν
1559 2089 1798 2155 ἀγνοεῖν·

235 2185 334 2237 καί
369 2201 432 2251 γε
465 2183 568 2253 πρὸ
596 2181 703 2234 τῶν
730 2179 923 2242 ἄλλων,
961 2180 1032 2248 μὴ
1065 2181 1244 2250 φέρων
1270 2181 1497 2248 ἄγγελος
1534 2180 1659 2249 ὑμῖν
1687 2179 1802 2232 θλι-

235 2276 443 2342 πτικῆς
475 2273 744 2339 ἐπιφορᾶς
769 2270 1020 2337 γενέσθαι
1039 2288 1052 2302 ο
1079 2271 1224 2338 λέγω
1251 2272 1338 2339 δὴ.
1369 2271 1468 2339 τῆς
1503 2271 1810 2338 κοιμήσεως

231 2365 333 2418 τοῦ
371 2363 640 2434 μακαρίου
671 2361 764 2412 καὶ
804 2360 1046 2430 ἀοιδίμου
1076 2360 1288 2432 Πατρὸς
1534 2359 1687 2414 Ἐπεὶ
1728 2359 1806 2424 δὲ,

233 2457 316 2518 ὼς
349 2454 478 2525 ὁρῶ,
515 2453 585 2505 οὑ’
625 2451 782 2521 μόνον
810 2452 877 2505 τὰ
911 2451 1163 2514 ἐνταῦθα,
1204 2451 1336 2504 ἀλλά
1380 2449 1476 2503 καὶ
1507 2449 1574 2503 τὰ
1616 2451 1806 2521 πόρρω

1973 1719 2272 1784 Hactenus,
2306 1721 2718 1776 honoratissimi
2759 1738 2823 1778 ac
2853 1722 3157 1779 charissimi
3187 1722 3383 1777 fratres
3407 1737 3470 1776 ac

1906 1822 2121 1880 patres,
2159 1813 2388 1866 humiles
2429 1814 2670 1882 vilesque
2719 1815 2904 1868 distuli
2955 1816 3178 1879 litteras,
3218 1815 3358 1868 diem
3402 1829 3469 1867 ex

1906 1903 1991 1954 die
2022 1902 2337 1964 decurrens,
2371 1917 2433 1955 ac
2477 1917 2688 1955 mecum
2732 1901 2846 1969 ipse
2896 1903 3168 1958 tristitiam
3206 1903 3467 1956 retinens.

1909 1994 1962 2048 ld
1998 2010 2159 2063 porro
2185 1995 2369 2048 multis
2396 1994 2462 2049 de
2509 1994 2693 2048 causis
2738 1993 2862 2058 feci,
2907 2011 3047 2064 quas
3087 2011 3263 2063 neque
3317 2003 3468 2063 puto,

1913 2086 2229 2139 honoranda
2289 2093 2470 2138 vestra
2516 2085 2755 2140 Charitas
2796 2086 3161 2154 ignoraverit:
3192 2085 3245 2138 In
3281 2084 3470 2153 primis

1911 2186 2117 2239 autem,
2177 2177 2324 2245 quod
2383 2191 2491 2229 non
2524 2175 2719 2231 ferrem
2759 2177 2972 2230 molesti
3005 2177 3161 2230 vobis
3191 2192 3254 2230 ac
3283 2176 3466 2230 acerbi

1914 2282 2097 2331 casus,
2128 2268 2349 2321 mmtius
2388 2282 2511 2321 esse
2548 2285 2562 2320 :
2607 2282 2800 2336 nempe
2836 2267 3182 2322 dormitionis
3221 2267 3366 2321 beati
3401 2283 3466 2322 ac

1908 2357 2149 2425 praeclari
2198 2357 2371 2412 Patris
2402 2358 2593 2415 nostri.
2625 2364 2693 2412 At
2728 2368 3036 2428 postquam,
3067 2367 3125 2412 ut
3152 2358 3327 2423 video,
3360 2375 3468 2414 non

1909 2449 1994 2501 hic
2018 2457 2250 2515 tantum,
2284 2449 2375 2503 sed
2402 2458 2456 2503 et
2479 2449 2690 2519 longius
2715 2450 2940 2519 positos,
2974 2465 3112 2503 nova
3135 2449 3251 2504 haec
3281 2450 3469 2503 turba-

232 2546 515 2614 δεδύνηται
566 2543 644 2613 τῷ
697 2543 986 2614 παραδόξῳ
1034 2541 1128 2595 τοῦ
1183 2540 1560 2610 ἀκούσματος·
1591 2541 1666 2605 ὡς
1709 2541 1803 2594 καὶ

1909 2539 1980 2591 vit
2012 2540 2253 2604 auditio;
2288 2549 2345 2593 ut
2374 2548 2426 2593 et
2455 2541 2729 2609 plerisque
2757 2539 2970 2594 difficile
2990 2541 3200 2596 creditu
3223 2541 3470 2595 videatur

234 2642 353 2701 τοῖς
384 2636 590 2690 πλείοσι
623 2635 941 2688 δύσπειστον
963 2634 1234 2701 γενέσθαι,
1260 2634 1307 2686 εἰ
1338 2635 1444 2692 ἄρα
1473 2651 1534 2702 γε
1564 2633 1794 2702 μετέστη

234 2729 350 2780 τῶν
381 2727 585 2779 ὲνῦένδε
617 2726 645 2776 0
672 2725 765 2779 τοῦ
795 2725 998 2795 Κυρίου
1030 2725 1309 2793 Θεράπων·
1340 2726 1438 2777 οὐκ
1464 2722 1614 2794 οἶμαι
1644 2724 1699 2776 δὲ
1725 2726 1798 2794 μὴ

237 2820 336 2870 καὶ
371 2817 504 2886 πρδς
529 2818 672 2886 ὑμᾶς
705 2816 1029 2869 καταλαϐεῖν
1063 2817 1124 2867 τὸ
1153 2817 1282 2883 παρ’
1311 2817 1466 2886 ἡμῶν
1500 2817 1639 2868 αἰδοῖ
1667 2817 1798 2868 ὑπο-

240 2906 596 2976 σιωπώμενον
614 2924 628 2939 ·
662 2907 973 2975 ἀναγκαίως
996 2906 1088 2957 ἐπὶ
1112 2905 1172 2958 τδ
1194 2906 1426 2975 γράμμα
1447 2902 1630 2976 ἦλθον,
1676 2907 1799 2976 ἄρτι

237 3002 370 3067 ὑμῖν
397 3001 805 3068 ἐναργέστερον,
837 2998 928 3050 καὶ
957 2997 1030 3067 μὴ
1057 2997 1400 3066 βουλόμενος,
1431 2998 1796 3065 ἀναγγέλλων,

235 3094 300 3143 τὸ
325 3094 453 3159 παρ’
479 3093 677 3160 ἑτέρων
700 3089 1070 3160 προακουσθέν
1085 3109 1099 3121 υ
1123 3090 1392 3144 καὶτοῦτο
1412 3091 1511 3143 οὐκ
1533 3091 1801 3154 ἀποτνιῶς

236 3184 348 3236 οὐδ’
386 3185 668 3253 ἀδακρυτί.
689 3184 784 3244 Τίς
817 3184 924 3254 γὰρ
951 3184 997 3234 εί
1035 3186 1127 3236 καὶ
1154 3183 1358 3252 λιθίνην
1386 3184 1497 3253 ἔχει
1531 3183 1629 3253 τὴν
1664 3203 1801 3254 καρ-

237 3276 383 3335 δίαν,
434 3277 533 3328 οὐκ
563 3274 888 3337 ἀποστάξειε
936 3273 1167 3343 δάκρυον
1213 3274 1433 3346 θερμὸν,
1474 3277 1571 3346 τὴν
1617 3277 1802 3346 κοινὴν

238 3363 441 3430 ζημίαν
491 3363 588 3432 τῆς
630 3362 724 3415 τοῦ
773 3361 907 3415 Θεοῦ
949 3361 1271 3432 Ἐκκλησίας
1315 3365 1800 3436 ἀναλογιζόμενοςς

235 3455 432 3507 ὁποίαν
467 3455 521 3506 δὲ
550 3456 916 3524 ἀδαμαντίνην
943 3455 1118 3525 ψυχὴν
1147 3457 1499 3524 κεκτημένος,
1534 3461 1581 3510 εί
1612 3460 1802 3529 καὶμὴ

239 3547 522 3609 παντελῶς
553 3546 655 3609 ἔξω
689 3547 795 3598 τῶν
824 3547 964 3616 ὅρων
993 3547 1247 3614 γεγονὼς,
1289 3548 1348 3611 ὃς
1384 3550 1441 3601 οὐ
1467 3550 1804 3621 πληγήσεται

237 3638 322 3706 τῷ
385 3639 773 3708 ἀπροσδοκήτῳ
823 3641 920 3708 τῆς
970 3641 1159 3709 ἀκοῆς,
1217 3643 1310 3694 καὶ
1360 3642 1428 3694 τά
1459 3642 1556 3711 τῆς
1591 3642 1805 3710 φύσεως

239 3730 518 3799 δράσειεν;
557 3731 716 3783 Ἀ).λά
746 3731 843 3799 φεῦ
872 3732 969 3800 τῆς
1001 3734 1138 3801 ἐμῆς
1163 3734 1559 3804 ταλαιπωρίαςε
1591 3737 1668 3798 εἰς
1699 3731 1806 3788 οἷον

241 3820 449 3888 τετήρη
462 3838 558 3888 μαι
592 3821 619 3871 0
644 3821 901 3887 δύστηνος
943 3825 1169 3890 καιρόνς
1218 3822 1310 3872 καὶ
1343 3824 1521 3875 ὁποῖον
1551 3822 1807 3874 ἀπέκειτό

245 3929 350 3980 μου
389 3914 453 3981 τῇ
503 3913 749 3981 μοχθηρᾷ
789 3911 922 3981 ζωῇ.
963 3912 1190 3966 Θάνατον
1239 3913 1554 3980 ἀναγγεῖλαι
1602 3913 1695 3965 τοῦ
1733 3913 1806 3984 μὴ

241 4003 426 4071 ἑαυτῷ
458 4002 730 4072 ὲζηκότος,
774 4003 908 4056 ἀλλὰ
937 4005 1188 4074 Χριστῷς
1231 4006 1338 4058 Καὶ
1386 4005 1550 4066 ὅντως
1591 4004 1806 4073 ἀληθῶς

240 4093 570 4164 κεκοίμηται
604 4097 630 4146 0
653 4095 827 4156 κοινὸς
864 4096 1050 4164 Πατὴρ
1084 4096 1259 4164 ἡμῶν,
1291 4099 1317 4148 0
1345 4096 1512 4148 πολλά
1539 4098 1682 4166 ὑμᾶς
1712 4099 1804 4151 καὶ

242 4183 436 4252 φιλῶν,
479 4185 570 4235 καὶ
595 4184 853 4252 στέργων,
878 4183 952 4244 ὡς
977 4185 1136 4237 τέκνα
1171 4185 1397 4254 ἀληθινά
1421 4200 1434 4214 ⁸
1464 4185 1539 4248 ὼς
1568 4187 1801 4256 ἐργάτας

242 4274 340 4327 τοῦ
404 4275 722 4341 ἀμπελῶνος
783 4276 1024 4346 Κυρίου·
1081 4276 1154 4339 ὡς
1209 4278 1355 4339 υἱοὺς
1399 4278 1682 4346 ὑπακοῆς⁹
1730 4278 1805 4342 ὼς

246 4364 585 4433 στρατιώτας
615 4365 849 4434 Χριστοῦ
870 4383 882 4395 ·
918 4367 993 4430 ὡς
1033 4367 1369 4435 ὁμολογητάς
1414 4368 1667 4437 ἀψευδεῖς
1687 4387 1699 4401 ·
1731 4371 1805 4432 ὠς

246 4457 749 4521 συγκεκοπιακὸτας
773 4455 940 4525 αὐτῷ,
965 4456 1058 4508 καὶ
1082 4456 1480 4526 συνηθληκότας
1507 4461 1564 4510 ὲν
1594 4458 1806 4523 πολλοῖς

1900 2642 1961 2684 ιιι
1990 2645 2113 2685 vere
2146 2629 2360 2683 Domini
2408 2629 2650 2685 famulus
2679 2631 2747 2685 ab
2781 2631 3035 2684 humanis
3066 2634 3361 2685 translatus
3400 2631 3472 2686 sit

1900 2720 2043 2774 haud
2074 2736 2201 2774 vero
2223 2722 2478 2786 arbitror,
2513 2730 2572 2774 ut
2602 2722 2746 2791 quod
2804 2722 2906 2790 ipsi
2938 2738 3004 2775 ex
3045 2723 3279 2791 quadam
3316 2736 3471 2776 reve-

1900 2811 2074 2863 rentia
2100 2821 2153 2863 et
2179 2819 2322 2863 metu
2355 2812 2751 2877 subiacuimus,
2785 2814 2850 2866 ad
2878 2829 2972 2867 vos
2998 2829 3102 2866 non
3131 2813 3466 2880 pervenerit;

1899 2902 2225 2957 necessitate
2262 2903 2328 2956 ad
2378 2903 2723 2957 scribendum
2783 2905 3199 2973 processi;jam
3232 2904 3466 2973 planius,

1900 3010 2213 3064 quanquam
2270 2996 2485 3061 nolens,
2519 2998 2955 3062 renuntiaturus,
2993 2998 3136 3064 quod
3181 3000 3364 3066 utique
3401 3012 3471 3050 ex

1902 3088 2134 3140 aliorum
2157 3086 2267 3154 jam
2305 3088 2476 3141 relatu
2509 3087 2742 3141 audistis
2770 3107 2781 3142 :
2820 3103 2919 3144 nec
2951 3091 3129 3158 plane,
3184 3088 3304 3144 sine
3334 3103 3472 3159 que-

1904 3178 2038 3231 rulis
2085 3177 2563 3231 lamentationibus
2648 3193 2710 3231 ac
2770 3179 3042 3248 lacrymis.
3110 3177 3244 3244 Quis
3299 3180 3468 3242 enirn,

1903 3285 2214 3338 quanquam
2249 3285 2411 3324 saxeo
2453 3271 2640 3334 corde,
2690 3287 2800 3325 non
2850 3269 3119 3326 ferventes
3180 3271 3472 3340 profundat

1904 3363 2195 3431 lacrymas.
2231 3378 2571 3416 communem
2615 3362 2868 3418 Ecclesiae
2899 3363 2990 3416 Dei
3017 3364 3285 3431 jactur-am
3313 3378 3444 3430 repu

1907 3453 2067 3508 tans?
2095 3452 2228 3517 Quis
2268 3468 2396 3506 vero
2452 3469 2624 3523 usque
2665 3455 2799 3508 adeo
2839 3456 3246 3507 adamantinum
3281 3463 3471 3522 pectus

1909 3547 2124 3611 habeat,
2167 3548 2272 3600 nisi
2310 3548 2538 3601 omnino
2572 3548 2807 3601 excessit
2836 3557 3044 3600 naturae
3074 3547 3228 3612 lines,
3270 3555 3321 3599 ut
3358 3561 3470 3600 non

1909 3640 2277 3708 inexspectata
2351 3639 2630 3692 auditione
2689 3654 3021 3708 percussus,
3076 3638 3236 3692 faciat
3298 3639 3470 3707 patia-

1909 3743 2126 3801 turque,
2161 3733 2304 3801 quod
2331 3731 2630 3785 humanum
2659 3731 2777 3785 est?
2804 3730 2932 3794 Sed,
2964 3731 3066 3784 heu
3094 3745 3180 3783 me
3202 3729 3466 3782 miserum

1909 3823 1960 3877 in
1995 3824 2174 3891 quale,
2223 3822 2428 3887 infelix,
2461 3832 2670 3891 tempus
2708 3832 2954 3877 servatus
2999 3822 3162 3876 sum?
3193 3818 3466 3885 Quidnam

1912 3929 2040 3968 vero
2062 3915 2209 3978 illud,
2236 3913 2443 3968 afﬂictas
2467 3916 2586 3969 vita:
2608 3930 2739 3968 mete
2762 3923 2880 3968 erat
2901 3915 3219 3983 repositum.
3244 3925 3302 3966 ut
3326 3912 3467 3980 ejus,

1912 4015 2137 4060 mortem
2172 4021 2348 4060 essem
2372 4007 2811 4068 annuntiaturus,
2837 4005 2926 4074 qui
2957 4022 3062 4059 non
3087 4006 3188 4059 sibi
3219 4005 3468 4068 vixisset,

1909 4097 2000 4151 sed
2029 4095 2287 4150 Christo?
2316 4095 2481 4151 Plane
2504 4111 2650 4161 vero,
2679 4095 3006 4150 obdormivit
3041 4095 3196 4150 Pater
3225 4113 3471 4152 commu-

1909 4188 2037 4242 nis:
2088 4187 2154 4250 is,
2188 4189 2430 4255 inquam,
2461 4187 2552 4256 qui
2602 4188 2766 4242 multa
2808 4204 2903 4243 vos
2937 4189 3226 4243 dilectione
3279 4197 3332 4242 et
3371 4203 3467 4256 pa-

1908 4288 2063 4331 terno
2107 4277 2297 4331 affectu
2355 4287 2676 4348 prosecutus
2726 4289 2828 4344 est,
2882 4287 2942 4332 ut
2995 4295 3120 4333 vere
3180 4278 3368 4344 filios;
3411 4285 3468 4332 ut

1905 4370 2077 4423 vineae
2125 4370 2335 4423 Domini
2380 4370 2659 4440 operarios
2690 4389 2704 4436 ;
2736 4380 2795 4424 ut
2832 4371 3149 4425 obedientia:
3179 4371 3318 4424 filios
3349 4387 3363 4433 ;
3411 4380 3471 4423 ut

1908 4461 2111 4516 milites
2151 4460 2350 4517 Christi
2385 4479 2399 4529 ',
2444 4471 2500 4518 ut
2531 4477 2690 4517 veros
2729 4462 3072 4517 confessores
3103 4479 3117 4527 ;
3161 4470 3218 4515 ut
3251 4476 3346 4514 eos
3372 4459 3465 4529 qui

1737 4596 1967 4652 ΝΟΤᾸΞ.

318 4707 395 4775 (ι)
431 4705 603 4775 Magni
645 4705 914 4759 Theodori
959 4709 1231 4774 praepositi
1269 4708 1441 4762 Studii
1473 4726 1582 4767 res.
1626 4727 1812 4765 susce-

245 4781 434 4848 ptique
465 4778 530 4848 ab
563 4792 626 4829 eo
645 4792 743 4844 pro
764 4777 1000 4830 Ecclesia
1027 4778 1260 4841 labores,
1291 4795 1354 4832 ac
1378 4779 1692 4834 defensione
1723 4798 1810 4835 sa-

246 4846 465 4918 crarum
499 4846 816 4914 imaginum,
851 4849 989 4918 adeo
1021 4859 1303 4918 pnestant,
1342 4861 1574 4918 suntque
1621 4851 1806 4904 Eccle-

246 4918 344 4970 sia
373 4916 645 4989 utiles_,__ut
667 4917 913 4989 quamvis
947 4917 1096 4989 plura
1126 4917 1234 4980 jam
1260 4920 1326 4971 de
1352 4920 1417 4972 iis
1447 4916 1649 4989 scripta
1674 4921 1804 4985 sint,

247 4998 412 5056 atque
443 4985 493 5038 in
528 4984 821 5058 Historiam
857 4988 1303 5052 ecclesiasticam,
1329 5005 1524 5057 magno
1552 4984 1690 5058 ejus,
1719 4984 1809 5043 or;

249 5065 507 5110 nameuto
534 5057 700 5119 illata,
745 5057 886 5109 haud
924 5067 1102 5110 tamen
1147 5059 1271 5122 alia,
1303 5057 1591 5114 codicibus,
1623 5062 1806 5115 hacte-

247 5143 352 5180 nus
388 5127 650 5195 rcposita.
673 5141 735 5177 ac
773 5129 978 5194 paucis,
1017 5129 1217 5195 pervia,
1255 5129 1427 5182 eidem
1457 5132 1717 5192 historiae,
1745 5145 1809 5182 ac

242 5198 522 5249 communi
555 5194 807 5249 Ecclesia;
836 5196 978 5256 usui,
1012 5194 1253 5265 neganda
1278 5199 1577 5253 videantur.
1607 5201 1803 5254 Praeter

245 5281 374 5339 ergo
401 5281 483 5339 ea,
505 5281 637 5339 quae
667 5267 747 5339 vel
770 5266 883 5339 suis
914 5267 1025 5339 ipse
1058 5271 1121 5321 de
1154 5284 1211 5321 se
1246 5271 1569 5337 conscripsit
1600 5272 1802 5339 episto-

249 5337 334 5400 lis,
364 5336 448 5388 vel
485 5336 550 5388 de
575 5350 639 5388 eo
672 5335 913 5405 ejusdem
959 5338 1256 5405 discipulus
1303 5335 1528 5394 Michael
1577 5335 1646 5392 in
1685 5344 1804 5393 eius

247 5410 376 5469 vita,
450 5420 677 5473 quaeun
723 5404 986 5460 Baronius
1048 5404 1481 5462 coinmuniCante
1533 5411 1648 5462 viro
1704 5412 1802 5461 llo-

246 5471 492 5530 ctissimo
513 5471 914 5546 Jacohob'irm.
939 5477 996 5532 S.
1030 5476 1066 5530 Ι.
1104 5479 1153 5528 in
1184 5479 1420 5532 Annales
1443 5479 1641 5542 retulit,
1676 5496 1802 5546 ope-

247 5561 320 5617 ra:
345 5546 572 5617 pretium
610 5545 762 5617 duxi,
785 5546 926 5600 hanc
955 5547 1574 5602 suceessorisNancratii
1603 5545 1802 5617 cpisto-

253 5615 354 5667 lam
389 5615 530 5688 velut
562 5616 913 5688 encyclicam,
935 5618 1162 5688 dignum
1199 5621 1353 5684 plane
1379 5634 1502 5672 cum
1531 5615 1796 5688 portentis,

247 5697 357 5737 tum
393 5683 510 5751 ejus
543 5685 627 5738 cui
660 5683 893 5754 positum
928 5683 1048 5752 fuit,
1083 5683 1594 5758 monumentum,'in
1625 5683 1801 5758 publi?

1904 4728 2026 4766 cum
2061 4711 2238 4764 facere
2265 4730 2277 4765 :
2308 4727 2369 4766 ac
2397 4727 2497 4764 nec
2525 4710 2656 4764 mihi
2685 4711 2964 4779 imperare
3004 4725 3246 4777 possum,
3293 4719 3351 4764 ut
3394 4725 3464 4764 ne

1905 4783 2045 4835 idem
2076 4793 2324 4849 prwstem
2355 4783 2421 4835 de
2445 4781 2615 4834 sancti
2655 4778 2858 4834 Nicolai
2915 4779 3141 4833 Studitm
3194 4782 3321 4843 vita,
3371 4781 3463 4848 qui

1905 4854 2020 4920 ipse
2063 4868 2186 4904 cum
2230 4851 2465 4920 praefatis
2504 4850 2808 4912 confessor,
2844 4865 2932 4920 gae
2984 4865 3170 4902 eorum
3225 4849 3464 4912 tandem,

1904 4914 2209 4984 successor,
2230 4914 2306 4976 'ad
2337 4923 2527 4990 lgnalii
2557 4936 2728 4990 usque
2752 4937 2814 4973 ac
2841 4914 3016 4972 Photii
3036 4927 3308 4990 tempora,
3329 4936 3467 4987 prae-

1905 4992 2088 5047 clarus
2119 4993 2325 5046 meritis
2359 4989 2420 5045 ac
2461 4991 2585 5050 fide,
2635 4989 2933 5058 lgnatiique
2986 4989 3368 5043 communione
3403 5005 3466 5042 ac

1906 5062 2230 5130 patrocinio,
2268 5061 2490 5129 insignis
2526 5060 2766 5130 pervenit
2802 5077 2816 5112 :
2850 5074 2953 5128 qua
2999 5060 3239 5130 ejusdem
3285 5059 3463 5130 Theo-

1905 5127 2024 5184 dori
2053 5147 2115 5184 ac
2144 5127 2478 5198 reliquorum
2510 5127 2889 5183 confessorum
2925 5132 3027 5182 sub
3061 5128 3309 5195 pluribus
3348 5127 3463 5180 Ico-

1907 5203 2165 5255 noclastis
2205 5203 2563 5269 principibus,
2605 5210 2750 5267 gesta
2793 5199 3140 5269 tnelnoranda
3170 5199 3463 5269 plurimum

1907 5267 2264 5330 illustrentur,
2305 5267 2670 5324 acsuccessio
2731 5279 2839 5322 tota
2864 5284 3044 5322 rerum
3096 5267 3350 5320 Ecclesia!
3411 5268 3464 5319 in

1906 5340 2112 5395 Graecia
2160 5342 2224 5392 ad
2265 5357 2435 5410 usque
2482 5340 2806 5410 Photiauum
2860 5339 3131 5410 schis_ma.’
3167 5335 3467 5410 Consecrat

1910 5412 2072 5479 hujus
2099 5410 2300 5463 Nicolai
2349 5407 2663 5464 memoriam
2713 5409 2965 5462 Nieolaus
3005 5407 3166 5476 Papa,
3195 5407 3465 5479 quapetit

1906 5473 2082 5549 ipsum
2119 5483 2250 5532 mitti
2289 5483 2511 5534 Bonnam
2542 5481 2609 5531 ab
2647 5481 2988 5546 imperatore,
3022 5473 3097 5531 οἱ
3128 5473 3281 5545 parte
3312 5473 3465 5549 lgna-

1907 5547 1988 5613 tii,
2019 5552 2103 5603 cui
2137 5552 2389 5603 nimirum
2451 5551 2771 5612 adhaereret,
2817 5550 3089 5610 obnitens,
3140 5547 3459 5615 grassatori,

1909 5621 2123 5683 Photio,
2163 5622 2241 5674 uti
2271 5622 2476 5692 pridem
2509 5620 2738 5675 obnixus
2767 5618 2942 5673 fuerat
2980 5616 3315 5688 principibus
3350 5617 3452 5670 lcu-

1909 5693 2186 5747 noclastis.
