3968 6446
512 377 645 444 182Ἱ

1414 383 1813 447 ΑΡΡΕΝΒΙΧ.
1839 408 1908 427 ⁸-
1940 387 2352 449 NAUCRATII
2380 385 2787 449 ENCYCLICA

3582 382 3723 447 1828

506 489 613 560 ipsi
671 486 1106 544 oollaborassetis
1136 529 1152 556 ,
1201 503 1263 544 ac
1316 488 1369 543 in
1439 491 1626 547 multis
1673 493 2053 564 omnibusque.

2170 496 2248 548 ιαὶ
2288 496 2344 547 ἐν
2380 495 2533 547 πᾶσι.
2586 492 2925 563 Κεκοίμηται
2970 491 2998 544 6
3044 488 3218 554 κοινὸς
3249 488 3435 562 Πατὴρ
3468 494 3655 562 ἡμων,
3695 494 3726 545 6

503 594 789 636 commune
815 594 939 635 cum
977 597 1042 636 eo
1070 581 1397 636 habuissetis
1448 594 1741 639 certamen.
1766 586 2061 640 Dormitio-

509 688 632 726 nem
691 673 902 742 accepit
926 673 1233 727 communis
1264 672 1422 727 Pater
1458 685 1660 739 noster,
1694 676 1781 730 ille
1810 692 2056 747 prorsus,

507 772 561 818 et
581 763 881 830 discipulus
908 762 1104 817 Christi
1130 765 1433 818 etimitator
1470 781 1485 830 ;
1516 781 1577 820 os
1617 766 1747 820 illud
1770 766 2058 835 Ecclesiae;

507 851 848 906 sacerdotum
889 852 1054 906 decus
1084 869 1097 919 ;
1132 853 1254 908 ﬁdei
1320 856 1565 909 columen
1594 872 1609 920 ;
1642 856 1827 926 regula
1869 873 2064 913 mona-

511 945 738 997 chorum
766 959 781 1008 ;
817 943 1157 1013 evangelicus
1184 952 1367 1013 pastor
1396 961 1411 1007 ;
1441 956 1626 1015 pectus
1663 948 2018 1015 apostolicum
2044 965 2059 1014 ;

508 1035 742 1090 eximius
791 1035 1073 1089 confessor
1123 1052 1139 1101 ;
1191 1046 1365 1107 matyr
1424 1040 1761 1106 propositus;
1806 1039 1885 1093 sol
1938 1038 2063 1094 iidei

508 1125 871 1190 orthodoxae;
926 1124 1076 1179 orbis
1119 1125 1325 1179 doctor.
1378 1129 1573 1196 Atque,
1610 1129 1745 1196 proh
1797 1129 2060 1185 verbum!

510 1216 717 1284 accepit
744 1214 1123 1269 dormitionem
1170 1218 1476 1271 communis
1521 1217 1722 1281 Pater;
1773 1220 2061 1275 vocalissi-

511 1321 634 1360 mus
668 1306 757 1359 ille
776 1305 1016 1360 veritatis
1041 1321 1216 1376 praeco
1247 1324 1262 1372 ;
1287 1306 1432 1376 jugis
1457 1307 1715 1362 doctrina:
1743 1310 2016 1380 scaturigo
2046 1327 2062 1379 ;

510 1398 599 1452 cui
646 1397 793 1451 velut
846 1397 1260 1453 innumerabilis
1311 1398 1388 1468 (2)
1424 1400 1488 1451 ad
1521 1402 1965 1468 gubernationem
2009 1404 2061 1457 itt

507 1491 667 1543 linem
691 1488 856 1543 divini
880 1488 1137 1557 propositi
1159 1499 1300 1544 esset
1328 1491 1632 1546 intellectus
1664 1509 1679 1558 ;
1726 1494 2063 1551 admirabilis

506 1579 597 1633 ille
623 1579 1006 1643 consiliarius;
1034 1579 1206 1633 ﬁdelis
1231 1581 1571 1649 dispensator
1598 1594 2060 1639 sacramentorum

508 1667 599 1723 Dei
628 1683 645 1734 ;
680 1669 813 1722 civis
848 1670 1083 1724 caelestis
1114 1667 1450 1737 Jerusalem;
1477 1688 1629 1727 mens
1659 1684 1882 1743 purgata
1911 1692 1927 1740 ;
1958 1690 2058 1729 au-

506 1774 631 1815 reus
656 1760 871 1814 animus
903 1776 918 1825 ;
955 1760 1284 1829 paenitentia;
1312 1762 1477 1831 janua
1508 1762 1671 1828 ;fons
1704 1766 2015 1837 dogmatum
2042 1808 2056 1833 ,

505 1851 643 1905 bene
685 1851 956 1906 modulata
997 1850 1230 1921 Spiritus
1271 1830 1383 1925 lyra
1424 1872 1438 1921 ;
1476 1856 1645 1911 beatae
1690 1872 1753 1911 ac
1778 1830 2059 1927 'principis
2092 1830 2134 1889 Β

504 1940 789 1998 Trinitatis
819 1944 1152 1998 domicilium
1184 1943 1448 2000 Cteterum
1484 1947 1658 2001 dicam
1682 1949 1875 2004 iterum
1902 1967 1917 2005 :
1953 1967 2060 2005 non

505 2041 562 2086 ut
593 2034 1022 2089 consolationem
1057 2035 1339 2091 adhibeam
1365 2054 1380 2103 ;
1407 2036 1539 2102 Quae
1566 2039 1707 2092 enim
1741 2042 1913 2095 oratio
1942 2052 2063 2095 tan-

506 2131 573 2178 tae
602 2123 729 2178 huic
757 2126 1055 2180 calamitati
1097 2126 1301 2182 mederi
1336 2128 1664 2197 possit?sed
1697 2139 1755 2183 ut
1782 2146 1909 2186 voce
1936 2131 2059 2196 hac,

508 2214 755 2270 dolorem
786 2217 933 2271 nnmi
962 2226 1113 2286 parte
1133 2219 1588 2289 constringentem
1611 2235 1725 2285 cor,
1757 2221 2016 2291 explicem
2046 2239 2060 2276 :

505 2305 709 2375 accepit
756 2307 1132 2363 dormitionem
1189 2310 1495 2364 communis
1516 2308 1733 2377 Pater;
1793 2313 2064 2368 terrestris

508 2396 595 2451 ille
623 2398 863 2467 angelus,
891 2408 945 2454 et
972 2399 1134 2453 homo
1157 2400 1391 2455 celestis
1427 2418 1444 2466 ;
1478 2402 1895 2457 mundissimum
1932 2404 2065 2459 illud

508 2487 833 2558 virginitatis
856 2491 1109 2559 templum
1139 2507 1155 2557 ;
1191 2492 1471 2561 multiplex
1501 2492 1587 2547 ille
1616 2509 1680 2547 ac
1696 2495 2062 2563 multiformis,

507 2578 732 2633 volubili
751 2580 1013 2649 sapientia
1034 2582 1270 2652 Spiritus
1292 2600 1307 2650 ;
1333 2566 1730 2641 intentissimus
1756 2588 2064 2657 conjector;

509 2685 672 2725 verus
710 2672 911 2727 Christi
957 2672 1194 2729 famulus
1249 2692 1265 2741 ;
1311 2675 1556 2742 corporis
1594 2674 1795 2731 Christi
1842 2678 2067 2746 pulchro

511 2763 805 2831 supercilio
862 2763 1054 2819 oculus
1111 2780 1126 2831 ;
1180 2767 1447 2834 patientia:
1504 2768 1673 2836 pugil,
1738 2768 2069 2839 Itaeresisque

510 2852 996 2910 lconomachorum
1043 2858 1214 2911 victor
1245 2875 1260 2923 ;
1299 2858 1525 2928 justitize
1567 2867 1842 2913 armatura
1877 2877 1890 2926 ;
1923 2861 2067 2915 elee-

510 2960 749 3017 tnosynte
793 2946 914 3003 fons
943 2966 958 3015 ;
989 2948 1218 3017 diligens
1250 2948 1460 3004 Domini
1490 2951 1667 3020 legum
1700 2960 1920 3017 custos;
1952 2953 2070 3006 the-

510 3038 659 3093 sauri
703 3037 962 3094 virtutum
1002 3055 1140 3109 penu
1178 3058 1193 3106 ;
1236 3041 1408 3096 dulcis
1439 3057 1707 3105 sermone,
1743 3050 1796 3096 et
1827 3043 1893 3096 ad
1927 3043 2070 3096 salu-

512 3130 736 3185 tandum
779 3130 1070 3203 lacilis(3).
1108 3131 1239 3198 Quis
1266 3148 1414 3195 vero,
1457 3142 1533 3187 tot
1562 3142 1801 3187 tautasve
1838 3134 2070 3202 appella-

2160 586 2254 639 τοῦ
2276 585 2509 653 Χριστοῦ
2539 584 2772 655 ἀληθῶς,
2799 584 2892 636 καὶ
2923 582 3189 653 μαθητὴς,
3221 586 3311 635 καὶ
3341 585 3585 653 μιμητής
3609 599 3625 615 ⁸
3662 584 3728 636 τὸ

2161 677 2355 740 σκεῦος
2395 675 2494 746 τῆς
2533 661 2888 745 ἐκλογῆς·’τδ
2921 674 3093 743 στόμα
3131 673 3232 743 τῆς
3268 673 3628 742 Ἐκκλησίας·
3661 675 3727 727 τὸ

2160 769 2315 831 κλέος
2357 768 2465 820 τῶν
2510 768 2696 837 ἱερέων
2716 782 2729 795 ⁸
2758 766 2819 819 τὸ
2855 766 2952 836 τῆς
2981 766 3217 828 πίστεως
3242 763 3471 835 ἔρεισμα
3491 782 3506 796 ⁸
3547 768 3576 819 6
3609 764 3726 817 τῶν

2162 858 2500 931 μοναζόντων
2532 858 2710 910 κανών
2732 871 2746 887 ⁸
2787 855 2817 908 6
2848 854 3201 923 εὐαγγελικδς
3228 856 3465 924 ποιμήν·
3498 856 3533 923 ἠ
3582 856 3724 908 ἀπο-

2163 952 2379 1022 στολικὴ
2438 951 2662 1023 καρδία·
2714 949 2823 1004 τῶν
2872 949 3217 1020 όμολογητῶν
3260 952 3288 1004 6
3328 950 3642 1020 ἐξαίρετος·
3694 952 3724 1003 6

2161 1043 2540 1114 προαιρετικὸς
2571 1042 2806 1112 μάρτυς·
2832 1041 2862 1094 ό
2892 1040 2991 1110 τῆς
3012 1039 3316 1109 όρθοδοξίας
3347 1040 3498 1110 ἥλιος
3521 1058 3536 1071 ⁸
3567 1041 3596 1093 6
3636 1041 3721 1093 ol-

2161 1132 2481 1204 κουμενικδς
2510 1131 2841 1194 διδάσκαλος.
2864 1132 2994 1195 Καὶ,
3026 1128 3071 1183 ὣ
3092 1130 3185 1183 τοῦ
3208 1130 3588 1200 ἀκούσματοςῑ
3622 1149 3723 1184 κε-

2160 1225 2415 1293 κοίμηται
2452 1223 2481 1275 6
2527 1220 2704 1285 κοινὸς
2737 1220 2923 1290 Πατὴρ
2958 1219 3114 1290 ἡμῶν
3140 1222 3169 1273 6
3202 1221 3721 1289 μεγαλοφωνότατος

2160 1320 2257 1389 τῆς
2280 1317 2532 1385 ἀληθείας
2559 1316 2763 1388 κῆρυξ·
2792 1316 2820 1368 6
2842 1315 3063 1379 ἀένναος
3090 1316 3188 1384 τῆς
3216 1315 3561 1379 διδασκαλίας
3586 1316 3726 1387 βρυ-

2157 1412 2264 1482 τήρ
2282 1426 2297 1440 ⁸
2330 1411 2359 1462 6
2381 1410 2662 1480 μυριόνους
2681 1410 2748 1478 τῇ
2773 1407 3050 1477 θεοσκόπῳ
3074 1406 3395 1479 κυϐερνήσει
3415 1424 3429 1439 ⁸
3450 1410 3480 1461 6
3511 1408 3726 1477 θαυμα-

2163 1504 2283 1565 στὸς
2317 1501 2644 1573 βουληφόρος
2664 1517 2679 1531 ⁸
2709 1500 2738 1552 6
2764 1498 2955 1561 πιστὸς
2982 1498 3262 1568 οίκονόμος
3292 1499 3401 1551 τῶν
3441 1499 3535 1552 τοῦ
3578 1498 3722 1553 Θεοῦ

2164 1593 2471 1663 μυστηρίων
2494 1597 2507 1610 ⁸
2546 1594 2575 1645 6
2598 1591 2698 1661 τῆς
2724 1588 3045 1660 ἐπουρανίου
3080 1589 3435 1660 Ἰερουσαλὴμ
3469 1591 3723 1661 πολίτης·

2158 1686 2187 1738 6
2215 1681 2618 1753 κεκαθαρμένος
2669 1680 2826 1743 νοῦς·
2862 1683 2895 1750 ἡ
2948 1680 3264 1751 χρυσοειδὴς
3309 1681 3492 1751 ψυχή·
3540 1684 3574 1750 ἡ
3618 1681 3728 1750 τῆς

2165 1775 2446 1845 μετανοίας
2477 1772 2647 1843 θύρα·
2697 1774 2730 1842 ἡ
2763 1771 2869 1825 τῶν
2909 1771 3190 1840 δογμάτων
3226 1773 3378 1843 πηγή
3399 1790 3414 1804 ⁸
3461 1775 3497 1843 η
3524 1772 3730 1843 εῦηχος

2161 1864 2253 1918 τοῦ
2305 1863 2621 1934 Πνεύματος
2652 1862 2818 1935 λύρα·
2860 1867 2922 1917 τὸ
2955 1864 3273 1935 ἐνδιαίτημα
3310 1865 3411 1933 τῆς
3443 1866 3729 1936 μακαρίας

2161 1956 2255 2009 καὶ
2300 1956 2533 2026 ἀρχικῆς
2573 1956 2823 2025 Τριάδος.
2856 1955 2965 2009 Καί
3006 1973 3071 2024 γε
3104 1953 3259 2020 αὖθις
3286 1956 3419 2026 ἐρῶ,
3448 1957 3512 2009 οὐ
3544 1973 3731 2027 παρα-

2160 2045 2401 2116 κλήσεως
2438 2046 2626 2100 ἕνεκα·
2678 2047 2762 2107 τίς
2809 2047 2917 2118 γὰρ
2961 2046 3027 2101 ἂν
3071 2049 3163 2101 καὶ
3208 2047 3364 2115 λόγος
3408 2045 3730 2119 ἐξευρεθείη

2160 2138 2428 2207 τοσαύτης
2474 2139 2756 2208 συμφορᾶς
2807 2139 3024 2207 ίατρός;
3072 2140 3206 2194 ἀλλὰ
3244 2140 3344 2209 τὴν
3375 2139 3732 2210 περιοδυνίαν

2161 2230 2260 2299 τῆς
2306 2230 2563 2299 ταπεινῆς
2597 2229 2754 2299 ἡμῶν
2788 2230 3032 2301 καρδίας,
3066 2231 3129 2283 ἐκ
3165 2230 3265 2300 τῆς
3304 2229 3490 2299 φωνῆς
3519 2228 3733 2298 ταύτης

2164 2321 2292 2391 ὑμῖν
2336 2320 2812 2390 διασημαίνοντες·
2861 2321 3187 2389 κεκοίμηται
3230 2321 3259 2374 6
3298 2319 3476 2382 κοινὸς
3533 2319 3733 2389 Πατὴρ

2162 2412 2340 2483 ἡμῶν,
2374 2414 2401 2465 6
2430 2412 2666 2479 ἐπίγειος
2694 2411 2922 2480 ἄγγελος
2949 2412 3042 2464 καὶ
3066 2412 3315 2480 οὐράνιος
3342 2410 3627 2480 ἄνθρωπος
3644 2424 3657 2439 ⁸
3698 2411 3733 2462 6

2162 2506 2260 2573 τῆς
2299 2504 2594 2573 παρθενίας
2646 2503 2770 2567 ναὸς
2808 2502 3215 2572 καθαρώτατος·
3247 2503 3275 2554 ὁ
3312 2500 3602 2565 πολλοστὸς
3631 2500 3733 2553 καὶ

2164 2594 2444 2665 πολυειδὴς
2469 2596 2536 2664 τῇ
2566 2594 2992 2664 ποικιλοστρόφῳ
3018 2592 3177 2663 σοφίᾳ
3205 2590 3298 2644 τοῦ
3324 2590 3666 2659 Πνεύματος·
3701 2591 3735 2644 6

2166 2683 2554 2753 ἐπιτεταμένος
2588 2685 2887 2752 στοχαστής
2908 2700 2921 2714 ·
2953 2684 2981 2735 6
3007 2682 3228 2751 γνήσιος
3258 2679 3491 2732 Χσιστοῦ
3517 2680 3733 2750 ὑπηρέ-

2163 2754 2261 2844 της
2284 2789 2299 2804 ⁸
2329 2774 2358 2827 6
2396 2772 2819 2842 καλλιϐλέφαρος
2848 2771 3121 2841 ὀφθαλμὸς
3150 2768 3243 2822 τοῦ
3271 2769 3508 2839 Χριστοῦ
3539 2768 3734 2838 σῶμα·

2164 2880 2280 2926 τος·
2304 2864 2333 2915 6
2352 2865 2450 2934 τῆς
2476 2863 2751 2932 ὑπομονῆς
2772 2863 3028 2932 ἀθλητὴς,
3052 2863 3144 2916 καὶ
3169 2861 3268 2931 τῆς
3294 2862 3735 2930 Είκονομαχικῆε,

2167 2953 2430 3023 αἱρέσεως
2454 2954 2677 3031 νικητής
2701 2969 2715 2983 ·
2750 2954 2809 3005 τὸ
2838 2955 2935 3021 τῆς
2956 2952 3299 3023 δικαιοσύνης
3337 2951 3499 3004 ὅπλον
3521 2968 3536 2980 ·
3569 2953 3604 3021 ἡ
3634 2953 3736 3021 τῆς

2168 3046 2536 3114 ἐλεημοσύνης
2571 3046 2766 3115 κρήνη,
2806 3046 2834 3098 6
2862 3046 3091 3116 ἀκριϐὴς
3122 3044 3213 3097 τοῦ
3253 3044 3456 3114 Κυρίου
3492 3042 3739 3112 νομοφύ-

2170 3133 2297 3199 λαξ·
2330 3134 2389 3186 τὸ
2419 3133 2913 3204 θησαυροφυλάκιον
2957 3132 3065 3186 τῶν
3104 3130 3315 3202 ἀρετῶν
3335 3148 3349 3162 ·
3388 3131 3417 3182 6
3449 3130 3540 3184 τὸν
3573 3129 3738 3198 λόγον

513 3220 690 3276 tiones
728 3222 895 3291 gratia
944 3237 1255 3286 concessas,
1299 3224 1366 3277 ab
1393 3224 1510 3290 ejus
1539 3223 1945 3292 operationibus
1972 3225 2065 3293 qui

2174 3225 2321 3296 ἡδὺς,
2352 3227 2443 3279 καὶ
2462 3224 2559 3296 τὴν
2585 3225 2953 3295 προσηγορίαν
2983 3225 3319 3294 εὐπρόσιτος.
3348 3223 3459 3278 Καὶ
3490 3223 3576 3283 τίς
3609 3222 3737 3275 ικα-

512 3313 806 3380 apostolica
841 3313 1126 3369 aﬂ‘ectiune
1153 3317 1333 3370 omnia
1377 3316 1630 3370 omnibus
1654 3316 1876 3371 elTectus
1904 3326 2065 3382 esset,

513 3405 760 3457 oratione
811 3405 1182 3475 expresserit?
1222 3404 1267 3460 Ο
1315 3405 1786 3471 desideratissimi,
1822 3406 1951 3477 quid
2001 3408 2068 3460 ad

515 3513 613 3551 nos
662 3497 892 3551 humiles
945 3496 1085 3550 istud
1125 3496 1498 3552 sacramenti?
1556 3496 1686 3562 Quae
1719 3511 1845 3551 vero
1872 3512 2068 3552 arcana

515 3587 607 3641 Dei
648 3589 910 3659 sapientia
940 3589 964 3641 ?
994 3586 1147 3643 Nunc
1180 3589 1312 3642 mihi
1345 3588 1589 3643 Jeremiae
1640 3590 1885 3645 lamentis
1933 3603 2070 3659 opus

512 3690 674 3744 esset.
702 3697 765 3737 ac
800 3682 845 3735 si
873 3681 996 3750 quis
1018 3681 1154 3735 alius
1195 3681 1382 3736 beatus
1401 3681 1488 3735 vir
1518 3690 1869 3749 sanctusque,
1903 3696 2070 3750 gran-

512 3774 631 3827 dem
670 3773 906 3843 aliquam
925 3773 1287 3827 calamitatem
1330 3772 1648 3842 deploravit.
1700 3772 1915 3826 Corruit
1964 3773 2068 3838 vir,

514 3863 671 3932 plane
738 3864 988 3917 columna
1044 3871 1099 3917 et
1161 3862 1392 3917 fulcrum
1456 3862 1712 3917 Ecclesiae
1765 3879 1778 3915 :
1840 3863 1979 3926 imo,
2022 3864 2069 3917 is

515 3955 730 4024 quidem
772 3954 838 4007 ad
870 3954 1077 4007 beatam
1112 3954 1283 4009 elatus
1310 3954 1494 4019 vitam,
1521 3968 1551 4007 a
1576 3954 1733 4008 nobis
1764 3954 2067 4008 abscessit:

516 4045 816 4115 periculum
852 4059 976 4097 vero
995 4054 1097 4107 est,
1128 4059 1195 4098 ne
1224 4055 1374 4098 tanto
1394 4046 1707 4098 fulcimento
1739 4046 2067 4111 substracta,

518 4145 776 4191 cut-ruant
837 4136 1025 4204 aliqui,
1065 4135 1348 4204 palamque
1381 4136 1470 4189 iiat
1496 4137 1639 4204 quod
1672 4146 1827 4204 putre
1881 4136 1936 4189 itt
1990 4136 2070 4192 eis

516 4241 617 4285 est.
642 4230 960 4285 Obturatum
988 4239 1070 4284 est
1099 4244 1183 4291 os,
1212 4228 1363 4294 Quod
1391 4229 1447 4282 in
1468 4229 1577 4299 lege
1600 4228 1696 4282 Dei
1728 4230 2073 4284 meditaretur

516 4323 599 4375 die
640 4337 703 4374 ac
763 4334 910 4375 nocte
937 4322 978 4385 ¹,
1008 4322 1258 4389 quodque
1280 4321 1439 4390 justaa
1502 4321 1768 4376 libertatis
1815 4322 1975 4377 verba
2005 4322 2072 4376 ad

2172 3318 2261 3380 νὸς
2290 3319 2664 3387 λογογραφεῖν,
2700 3318 2898 3377 ὁπόσας
2927 3316 3074 3382 αὐτῷ
3096 3317 3191 3367 καὶ
3229 3315 3421 3384 ἡλίκας
3454 3329 3738 3382 προσηγο-

2176 3409 2296 3481 ρίας
2327 3408 2563 3478 παρέσχε
2598 3409 2631 3477 ή
2656 3406 2776 3458 θεία
2812 3406 2992 3475 χάρις,
3022 3408 3139 3466 ταῖς
3168 3404 3467 3471 ἐνεργείαις
3497 3402 3594 3455 τοῦ
3626 3405 3742 3466 τοῖς

2177 3504 2309 3555 πᾶσι
2340 3502 2513 3553 πάντα
2538 3498 2863 3568 ἀποστολικῇ
2910 3496 3144 3551 διαθέσει
3177 3494 3468 3564 γενομένου
3514 3510 3531 3558 ;
3564 3487 3743 3548 ὧάει-

2174 3590 2423 3660 πόθητοι,
2458 3590 2509 3641 τί
2536 3590 2597 3642 τὸ
2632 3590 2760 3659 ’περὶ⁸
2791 3590 2937 3658 ἡμᾶς
2976 3587 3100 3648 τοὺς
3134 3585 3421 3646 ταπεινοὺς
3448 3584 3606 3636 τοῦτο
3634 3601 3741 3653 μυ-

2176 3684 2425 3753 στήριον;
2470 3681 2579 3735 Καὶ
2619 3681 2701 3744 τίς
2751 3682 2785 3749 ἠ
2832 3678 2927 3732 τοῦ
2959 3678 3092 3731 Θεοῦ
3129 3677 3289 3746 σοφία
3331 3677 3604 3748 ἇῤῥητοςς
3643 3674 3744 3727 νῦν

2175 3775 2403 3845 ἐδεόμην
2428 3772 2536 3825 τῶν
2576 3770 2837 3839 Ἱερεμίου
2872 3769 3102 3841 θρήνων,
3132 3768 3225 3821 καὶ
3270 3769 3317 3818 εί
3361 3767 3423 3834 δή
3456 3782 3541 3827 τις
3581 3764 3745 3826 ἄλλος

2173 3866 2282 3921 τῶν
2304 3864 2587 3935 μακαρίων
2609 3861 2818 3933 ἀνδρῶν
2839 3862 3120 3931 συμφορᾶς
3143 3858 3370 3929 μέγεθος
3391 3856 3743 3925 ἀπωδύρατο.

2177 3958 2437 4012 Πέπτωκε
2461 3953 2598 4024 ἀνὴρ
2619 3952 2695 4023 τῷ
2725 3952 2835 4006 δντι
2862 3952 3048 4014 στύλος
3075 3951 3169 4003 καὶ
3199 3950 3477 4021 ἑδραίωμα
3500 3948 3602 4016 τῆς
3618 3947 3748 3999 Ἐκ-

2176 4049 2437 4118 κλησίας⁸
2475 4045 2673 4116 μᾶλλον
2716 4045 2791 4108 δὲ,
2830 4044 2993 4106 αὐτὸς
3032 4043 3129 4113 μὲν
3157 4044 3291 4113 πρὸς
3332 4040 3431 4093 τὴν
3461 4038 3747 4108 μακαρίαν

2177 4141 2323 4209 ζωὴν
2380 4138 2586 4207 ἀρθεὶς,
2636 4136 2727 4203 ἀφ’
2769 4134 2927 4205 ἡμῶν
2978 4134 3213 4203 οἴχεται·
3260 4133 3380 4193 δέος
3431 4128 3511 4193 δὲ,
3556 4128 3630 4197 μὴ
3664 4127 3746 4197 τῷ

2179 4229 2461 4300 ἐρείσματι
2489 4226 2662 4296 τούτῳ
2692 4223 3120 4294 ὑπεξαιρεθέντι,
3142 4222 3286 4283 τινὲς
3313 4218 3750 4288 συγκαταπέσω-

2179 4334 2254 4383 σι,
2302 4318 2397 4371 καὶ⁵
2438 4316 2505 4370 τὰ
2544 4315 2747 4368 τούτων
2779 4313 2952 4382 σαθρά
2993 4310 3357 4381 διελεγχθῶσι.
3415 4307 3748 4362 Κέκλεισται

514 4413 923 4469 aedificationem
959 4414 1268 4468 scaluriret.
1297 4414 1692 4467 Abscesserunt
1725 4413 1842 4483 ejus
1874 4414 2068 4469 mentis

2180 4409 2374 4478 στόμα,
2399 4404 2676 4461 Μελετῶν
2701 4405 2770 4458 ἐν
2790 4404 2951 4472 νόμῳ
2982 4402 3198 4470 Κυρίου
3236 4400 3460 4470 ἡμέρας
3498 4399 3599 4451 καὶ
3630 4414 3748 4449 rv-

515 4503 761 4565 consilia,
787 4501 945 4571 cujus
970 4502 1023 4554 in
1046 4501 1155 4556 Deo
1184 4510 1361 4555 motus
1384 4510 1557 4557 erant.
1580 4500 1811 4556 Clausus
1837 4509 1920 4555 est
1944 4516 2068 4556 ocu-

2182 4500 2319 4565 κτός
2341 4514 2357 4529 ·
2394 4495 2703 4569 παρρησίας
2732 4511 2791 4548 τε
2815 4490 2883 4547 αὖ
2913 4492 3146 4555 δικαίας,
3180 4492 3305 4552 τοὺς
3328 4490 3522 4556 λόγους
3554 4487 3640 4540 ἐπ’
3662 4488 3751 4538 οἰ-

516 4594 601 4648 lus
618 4603 764 4648 recta
789 4593 1212 4662 videns,quique
1235 4593 1436 4646 bonum
1453 4607 1483 4646 a
1503 4594 1643 4646 malo
1663 4592 1861 4661 optime
1877 4592 2068 4647 discer-

2178 4589 2383 4657 κοδομῇ
2428 4588 2660 4649 πίστεως
2692 4584 2876 4656 βρύον.
2910 4583 3129 4653 Οτχεται
3162 4580 3358 4650 φρενὸς
3396 4577 3754 4648 βουλεύματα

518 4694 689 4739 neret.
708 4684 1038 4755 Quieverunt
1062 4686 1222 4750 labia,
1241 4700 1356 4751 quae
1386 4685 1665 4738 scientiam
1722 4684 2068 4749 custodirent,

2180 4683 2279 4750 τῆς
2318 4679 2484 4741 ὅντως
2532 4680 2591 4731 ἐν
2635 4676 2754 4747 Θεῷ
2788 4674 3129 4743 κινουμένης.
3162 4670 3422 4739 Μέμυκεν
3467 4667 3755 4737 ὀφθαλμὸς

519 4790 583 4830 ac
632 4791 695 4829 ex
740 4775 937 4844 quibus
968 4818 984 4840 ,
1020 4784 1277 4844 tauquam
1334 4774 1509 4844 angeli
1567 4773 1777 4828 Domini
1828 4775 2068 4843 omnipo-

2182 4767 2392 4839 βλέπων
2438 4766 2592 4837 ὀρθὰ,
2642 4766 2737 4819 καὶ
2779 4762 3065 4831 διακρίνων
3109 4761 3173 4816 τὸ
3213 4761 3459 4827 κρεῖττον
3503 4756 3609 4813 ἀπὸ
3650 4755 3757 4807 τοῦ

521 4867 683 4921 tentis
734 4866 915 4929 labiis,
947 4865 1195 4936 ,divinatn
1250 4866 1417 4935 legem
1464 4865 1827 4935 exquirerent.
1890 4863 2068 4920 Vincta

2184 4859 2426 4930 χείρονος
2488 4855 2771 4910 κάλλιστα.
2838 4854 3121 4907 Πέπαυται
3186 4848 3339 4921 χείλη
3406 4847 3758 4916 φυλάσσοντα

589 4998 609 5033 ⁸
630 4998 773 5055 Psal.
797 5014 835 5065 t,
863 4996 919 5053 2.

2020 5107 2253 5165 NOTAE.

592 5207 671 5277 (Ξ)
726 5206 825 5262 Cui
884 5204 1030 5277 velut
1074 5203 1529 5277 innumeraotlis,‘
1556 5210 1697 5262 etc.,
1752 5202 2074 5277 μυριόνους·

522 5272 691 5332 Plane
712 5278 987 5345 egregium
1020 5275 1073 5328 itt
1119 5274 1366 5345 praelatos
1404 5272 1734 5345 epithetum;
1774 5275 1972 5345 quibus
1998 5282 2077 5326 tot

522 5341 770 5402 debeant"
802 5341 923 5399 esse
983 5344 1195 5411 ingenia
1238 5351 1366 5409 quot
1406 5341 1645 5397 subditi:
1700 5356 1797 5395 nec
1835 5341 1885 5393 id
1937 5358 2077 5409 quo-

522 5420 605 5471 vis
640 5416 820 5476 modo,
856 5414 949 5469 sed
978 5410 1353 5481 tﬁbeocxémp
1383 5410 1706 5479 κυϐερνήσει
1734 5426 1745 5439 ·
1777 5420 1835 5463 ttt
1879 5415 2077 5478 guber-

526 5496 654 5539 nent
684 5480 1301 5553 dirigautquesubditos
1346 5482 1397 5533 in
1440 5496 1659 5546 scopum
1688 5490 1741 5532 et
1778 5483 1936 5533 linem
1962 5480 2076 5532 cui-

526 5569 631 5623 que
660 5552 993 5623 propositum
1030 5569 1059 5605 a
1096 5552 1234 5614 Deo;
1273 5565 1400 5623 ιιοη.⁸
1427 5560 1484 5602 ut
1512 5566 1723 5623 eorum
1780 5561 2076 5623 sequantur

524 5618 677 5683 vitia,
709 5618 1057 5690 placeantque
1126 5635 1231 5674 non
1280 5620 1329 5671 in
1371 5618 1620 5673 Domino.
1674 5620 1883 5690 Grande
1937 5629 2082 5690 certe

530 5695 633 5745 hoc
656 5688 1001 5760 infprazlatos.
1030 5700 1085 5742 ttt
1114 5689 1458 5760 postmodum
1484 5690 1687 5755 colligit
1707 5689 1916 5760 Nancra
1931 5688 2037 5760 tius
2064 5705 2076 5739 :

530 5763 715 5829 paucis
738 5758 861 5815 vere
914 5770 1124 5823 notum;
1147 5772 1319 5825 eoque
1363 5759 1471 5825 jam
1502 5759 1652 5810 multi
1685 5774 1791 5811 rem
1817 5758 2078 5810 ambiunt.

2265 5202 2343 5273 (ὅ)
2394 5199 2479 5273 Ad
2511 5198 2855 5273 salutandum
2885 5196 3077 5273 facilis.
3128 5193 3365 5273 Passive.
3406 5191 3520 5272 ,τὴν
3577 5208 3764 5273 προσ-

2182 5265 2412 5341 ηγὸρίαν
2434 5270 2748 5338 εὐπρόσιτος
2772 5284 2784 5297 ·
2825 5265 3099 5341 Acostablc
3130 5281 3146 5318 :
3174 5279 3291 5341 quae
3318 5271 3372 5317 et
3406 5265 3522 5340 ipsa
3546 5265 3759 5341 virtus,

2183 5332 2373 5396 Patres
2405 5332 2734 5397 animorum,
2763 5346 2813 5409 et
2844 5337 3109 5403 spiritales
3155 5333 3321 5409 duces
3373 5332 3604 5409 maxime
3649 5332 3763 5409 ge-

2184 5424 2286 5464 cet.
2316 5410 2416 5463 Vix
2451 5409 2743 5477 quidquam
2772 5398 2989 5479 Ascelze
3011 5404 3336 5479 constiterit,
3376 5401 3464 5479 cui
3507 5416 3608 5479 non
3649 5398 3765 5478 Pa-

2184 5484 2284 5534 tris
2310 5474 2614 5533 coustitertt
2638 5480 2873 5537 animus,
2904 5474 3198 5546 sedpmagis
3241 5474 3411 5524 severi
3450 5474 3758 5546 exactor-is.

2186 5566 2248 5603 ac
2282 5550 2521 5602 tetricnsi
2567 5548 2763 5614 judicis
2803 5567 2811 5597 :
2848 5547 2925 5597 vel
2954 5544 3136 5605 etiam,
3178 5557 3276 5614 s_ua
3317 5544 3609 5614 quaerentis
3641 5556 3760 5593 non

2186 5620 2409 5682 subditi,
2446 5609 2617 5685 coque
2648 5633 2713 5669 ne
2743 5615 2911 5668 hilutn
2956 5614 3149 5667 Patris.
3198 5610 3394 5663 Parcat
3451 5609 3609 5671 Deus,
3688 5626 3763 5685 tte

2187 5688 2315 5755 quid
2348 5678 2572 5739 monstri
2603 5686 2889 5754 ejusmodi,
2926 5693 3030 5737 tam
3064 5692 3277 5744 sancta,
3316 5686 3493 5732 mater
3522 5686 3574 5731 et
3614 5678 3758 5731 reli-

2189 5760 2273 5824 gio
2307 5756 2590 5824 pepererit.
