3968 6440
184 386 324 449 1829

1135 393 1232 452 DE
1281 396 1509 454 ()BITU
1538 398 1597 455 S.
1626 397 2015 459 THEODORI
2041 402 2408 462 STUDITJE.

3285 393 3423 457 1830

178 500 406 569 γνῶσιν,
457 499 550 554 καὶ
594 498 758 568 νόμον
796 497 937 552 θεῖον
975 499 1371 571 ὲκζητούμενα,
1419 503 1496 566 ὼς
1524 504 1755 572 ἀγγέλου

1890 517 1940 561 st
1992 509 2173 578 lingua
2224 524 2359 563 auro
2394 509 2584 571 fluens,
2633 507 2934 562 cnarratrix
2991 505 3082 558 illa
3119 501 3422 558 cmlestium

181 592 388 663 Κυρίου
420 594 880 662 παντοκράτορος.
914 591 1134 646 Δέδεται
1177 594 1399 661 γλῶσσα
1448 599 1757 668 χρυσορρή-

182 701 326 755 μων.
359 684 520 737 Θείων
541 683 826 753 δογμάτων
848 684 1138 756 ἐξηγητής.
1170 682 1400 754 Εἷρκται
1419 687 1543 757 χεὶρ
1565 686 1758 758 ὡραιο-

180 778 415 848 γράφος,
449 776 758 839 ἐπιστολαῖς
782 776 874 828 τὸν
907 777 1109 847 κόσμον
1135 779 1636 845 καταπλουτίσασα,
1665 780 1758 831 καὶ

183 871 418 932 πολλοὺς
483 870 562 932 είς
619 871 915 938 ἐπίγνωσιν
965 869 1220 940 ἀληθείας
1274 873 1754 942 ὲπαναστρέψασα.

188 962 470 1032 Ἐστησαν
497 961 655 1022 πόδες
684 962 871 1030 ὡραῖοι
915 962 1231 1031 παννυχίοις
1276 964 1498 1016 στάσεσι
1527 964 1759 1034 διηρκη-

183 1054 366 1118 κότες,
396 1054 490 1107 καὶ
520 1053 734 1115 πολλοῖς
776 1053 1258 1122 εὐαγγελισάμενοι
1299 1056 1542 1126 εἰρήνην,
1567 1057 1658 1108 καὶ
1693 1057 1761 1108 τὰ

184 1145 388 1213 ἀγαθά.
434 1144 709 1214 Ἢρέμησε
737 1143 858 1205 νοῦς
887 1144 1354 1214 διορατικώτατος,
1386 1144 1452 1197 τὰ
1474 1146 1565 1198 τοῦ
1593 1145 1762 1200 Πνεύ-

188 1252 363 1307 ματος
402 1235 542 1305 βάθη
571 1236 944 1305 διερευνήσας,
980 1237 1076 1288 καὶ
1103 1235 1171 1287 τὰ
1203 1235 1484 1306 πόρρωθεν
1520 1236 1758 1306 προὸλέο

185 1330 318 1399 ψας,
348 1331 442 1381 καὶ
477 1327 709 1397 προϊδὼν
737 1327 955 1398 ἄριστα.
985 1328 1305 1398 Κέκρυπται
1335 1327 1439 1380 ὑπὸ
1467 1329 1570 1397 γῆν
1603 1327 1764 1398 σῶμα

187 1421 510 1490 ἀσκητικοῖς
530 1420 712 1482 πόνοις
734 1422 976 1488 ἑγγυμνα
987 1419 1129 1482 σθὲν,
1153 1422 1246 1472 καὶ
1268 1421 1487 1486 πολλαῖς
1505 1422 1763 1496 ἐξορίαις,

189 1517 286 1568 καὶ
310 1513 601 1583 φυλακαῖς,
624 1512 857 1582 πληγαῖς
880 1529 938 1564 τε
968 1513 1061 1565 καὶ
1088 1514 1413 1580 άπαγωγαῖς
1442 1513 1760 1585 ὲξαρκέσαν.

188 1606 444 1670 Τοιοῦτος
477 1607 605 1675 γὰρ,
633 1599 677 1659 ὦ
711 1605 1134 1685 μακαριώτατοι,
1166 1608 1194 1658 ό
1238 1607 1504 1677 ἡμέτερος
1541 1610 1729 1680 Πατήρ
1750 1625 1763 1640 ·

188 1700 388 1754 ταυτὸν
427 1699 485 1753 δὲ
521 1700 716 1762 εἰπεῖν,
749 1699 956 1752 πολλῶν
1004 1699 1193 1769 Πατὴρ
1237 1701 1331 1753 καὶ
1357 1700 1674 1765 διδάσκαλος
1695 1717 1709 1731 ⁸
1738 1703 1767 1756 ὁ

188 1791 446 1861 δεύτερος
479 1792 747 1862 Ἀϐραὰμ,
779 1787 838 1845 οὗ
874 1793 906 1862 ἠ
941 1792 1088 1861 παρὰ
1119 1791 1253 1844 Θεοῦ
1299 1793 1519 1862 εὐλογία
1553 1794 1765 1865 ἐξαίρε-

189 1904 309 1950 τος,
342 1887 436 1939 καὶ
470 1877 529 1939 οὗ
570 1885 630 1938 τὸ
672 1887 893 1955 σπέρμα
936 1885 1075 1955 ὑπὲρ
1109 1886 1360 1956 ἀριθμόν.
1396 1889 1455 1940 '0
1495 1887 1587 1941 τοῦ
1627 1890 1766 1958 Προ-

190 1977 398 2050 δρόμου
436 1977 678 2048 μιμητής
701 1993 716 2007 ⁸
744 1979 772 2029 ὀ
795 1976 889 2029 τοῦ
916 1976 1093 2029 Ἠλίου
1117 1977 1359 2048 ζηλωτής
1377 1997 1390 2011 ·
1416 1979 1516 2046 τὴς
1550 1981 1768 2049 χάριτος

191 2072 416 2134 Φινεές⁹
453 2072 482 2122 ὀ
523 2071 643 2133 νέος
675 2070 956 2140 Σαμουὴλ·
996 2070 1057 2124 '0
1101 2071 1604 2141 ἑκλελογισμένος
1650 2074 1768 2127 ἀπὸ

188 2162 527 2234 μυριάδων·
559 2157 620 2216 οὗ
647 2162 746 2232 τὴν
777 2161 977 2232 ἀρετὴν
1005 2162 1186 2233 ᾄδουσι
1218 2164 1408 2217 πολλαὶ
1437 2166 1640 2228 πόλεις,
1665 2165 1765 2235 χῶ-

196 2257 290 2327 ραί
324 2272 380 2308 τε
424 2255 516 2306 καὶ
556 2253 730 2323 νῆσοι,
773 2255 865 2305 καὶ
901 2245 961 2304 οὗ
991 2252 1080 2305 τὸν
1108 2253 1242 2322 βίον,
1278 2255 1369 2306 καὶ
1398 2257 1524 2318 τοὺς
1551 2256 1769 2322 ἀγῶνας

195 2348 422 2409 είκότως
447 2345 662 2416 θρυλλεῖ
686 2345 755 2398 τὰ
776 2347 1008 2416 πέρατα.
1037 2345 1131 2406 Τίς
1162 2345 1265 2416 γὰρ
1292 2346 1480 2409 οὕτως,
1510 2346 1540 2416 ἢ
1573 2345 1770 2417 ἀρετὴν

194 2439 505 2510 ἠγάπησεν,
536 2437 568 2506 ἢ
593 2437 790 2489 κακίαν
816 2437 1081 2505 ὲμίσησε;
1115 2436 1192 2499 τίς
1217 2436 1384 2499 οὕτως
1414 2438 1770 2505 ἐνέκρωσεν,

195 2530 570 2592 ἁποστολικῶς
601 2531 794 2591 εἰπεῖν,
838 2529 909 2582 τὰ
934 2530 1089 2596 μέλη
1130 2527 1202 2580 τὰ
1239 2528 1333 2579 ἐπὶ
1370 2529 1477 2594 τῆς
1514 2529 1644 2596 γῆς,
1680 2532 1772 2582 καὶ

198 2623 472 2693 ἐκάθηρεν
503 2622 716 2687 ἑαυτὸν,
737 2622 829 2673 καὶ
853 2622 978 2673 ναὸν
1000 2619 1132 2672 Θεοῦ
1162 2619 1361 2682 ζῶντος
1383 2621 1773 2690 ἁπειργάσατο;

198 2717 283 2781 τίς
315 2717 714 2786 ἐστρατήγησε,
746 2716 837 2767 καὶ
860 2713 1201 2784 παρετάξατο
1229 2714 1364 2783 πρὸς
1393 2715 1517 2776 τοὺς
1541 2714 1774 2766 ὑπεναν-

199 2811 370 2874 τίους,
401 2810 496 2862 καὶ
525 2807 847 2880 προσϐαλὼν
886 2807 1154 2876 εὐστόχως
1180 2806 1445 2859 κατέϐαλε
1479 2807 1777 2874 νενικηκὼς

207 2901 446 2972 aptata;
479 2900 560 2961 τίς
591 2896 842 2966 ὀξύτερος
871 2897 1080 2948 ἐκείνου
1111 2895 1423 2964 προϊδέσθαι
1453 2895 1512 2947 τὸ
1544 2895 1734 2965 μέλλον
1761 2914 1775 2962 ;

203 2992 285 3055 τίς
309 2990 452 3044 οὕτω
475 2989 745 3059 σταθηρῷ,
772 2988 866 3041 καὶ⁸
890 2988 1069 3056 παγίῳ
1090 2989 1186 3056 τῆς
1209 2988 1386 3056 ψυχῆς
1414 2988 1551 3058 ἤθει,
1581 2988 1779 3058 ἀστραο

203 3083 314 3153 πῆς
371 3083 560 3152 τάχιον
598 3085 707 3143 τοῖς
756 3081 1074 3149 πράγμασιν
1123 3078 1366 3130 ἐπελθεῖν
1419 3080 1635 3147 ίκανός;
1672 3083 1781 3132 Καὶ

1857 600 2191 671 dogmatum.
2233 601 2420 655 Vincta
2463 609 2545 655 est
2578 616 2640 654 ac
2672 599 2923 669 impedita
2963 610 3158 650 manus
3201 595 3426 662 pulchre

1858 695 2120 758 scribens,
2152 711 2272 762 qua:
2289 693 2536 762 epistolis
2573 694 2833 745 mundum
2863 690 3110 750 ditasset,
3136 703 3199 741 ac
3223 684 3426 738 multos

1861 787 1926 840 ad
1949 787 2280 857 agnitionem
2339 787 2583 840 veritatis
2645 790 3003 840 converterat.
3053 779 3430 834 Constiterunt

1859 880 2090 948 speciosi
2125 880 2306 948 pedes,
2344 881 2436 948 qui
2474 889 2660 933 noctes
2697 885 2840 931 totas
2875 874 3174 933 stetissent,
3216 868 3430 923 multis-

1860 987 1965 1040 que
1994 973 2462 1042 evangelizassent
2486 987 2669 1040 pacem
2689 981 2741 1024 et
2769 971 2930 1024 bona.
2954 965 3239 1037 Requievit
3272 976 3428 1016 mens

1861 1065 2352 1134 perspicacissima.
2399 1079 2518 1132 qua:
2581 1063 2817 1132 Spiritus
2875 1060 3142 1131 profunda
3188 1064 3430 1113 scrutata

1861 1164 2024 1218 esset,
2082 1171 2145 1210 ac
2184 1156 2395 1223 longius
2449 1156 2621 1224 posita
2688 1154 3073 1223 prospexisset.
3125 1151 3237 1204 Sub
3286 1159 3432 1201 terra

1863 1247 2103 1301 abditum
2134 1257 2216 1301 est
2245 1263 2443 1317 corpus
2473 1247 2602 1301 illud
2647 1248 2896 1300 asceticis
2923 1245 3198 1298 laboribus
3219 1241 3432 1295 exerci-

1865 1350 2057 1399 tatum.
2087 1338 2339 1408 quodque
2367 1341 2554 1394 exsilia
2591 1340 2779 1399 multa,
2824 1351 3197 1404 carceresque,
3229 1343 3283 1387 et
3315 1333 3434 1398 pla-

1863 1445 1981 1500 gas,
2033 1439 2084 1485 et
2134 1432 2485 1485 abductiones
2548 1430 2916 1484 sustinuisset.
2977 1427 3121 1481 Talis
3165 1427 3433 1495 siquidem

1865 1532 2016 1588 erat,
2072 1524 2390 1588 beatissimi,
2432 1532 2586 1593 pater
2622 1523 2708 1577 ille
2755 1535 2987 1576 noster:
3035 1518 3263 1590 perinde
3306 1533 3437 1573 vero

1869 1615 2048 1681 fuerit,
2092 1633 2157 1671 ac
2216 1620 2507 1671 multorum
2562 1618 2742 1671 dicere
2798 1624 3004 1685 patrem
3062 1625 3223 1683 atque
3263 1613 3436 1683 magi-

1869 1719 2042 1763 strum
2078 1730 2088 1764 :
2122 1711 2210 1763 ille
2245 1712 2380 1762 alter
2415 1710 2709 1771 Abraham,
2742 1708 2899 1775 cujus
2927 1724 2952 1758 a
2990 1706 3096 1760 Deo
3133 1705 3438 1760 benediCtio

1870 1803 2088 1865 eximia,
2114 1813 2168 1856 et
2198 1817 2379 1855 semen
2413 1802 2802 1854 innumeraliile
2847 1819 2859 1854 :
2899 1800 3135 1852 imitator
3158 1799 3264 1853 "ille
3293 1799 3438 1853 Prae-

1871 1896 2114 1950 cursoris
2159 1910 2172 1945 :
2225 1893 2313 1946 ille
2363 1892 2487 1946 Elim
2531 1893 2861 1946 aemulator:
2913 1892 3147 1946 Phinees
3199 1890 3383 1960 gratia:
3422 1909 3435 1944 :

1870 2005 2043 2043 novus
2075 1987 2290 2040 Samuel
2317 2001 2330 2039 :
2361 1986 2551 2039 electus
2579 2001 2642 2038 ex
2669 1984 2898 2037 millibus
2922 1984 2967 2046 ',
2998 1984 3157 2052 cujus
3179 1984 3435 2036 virtutem

1871 2081 2056 2134 multa:
2101 2079 2391 2133 decantant
2435 2077 2618 2139 urbes,
2681 2077 3058 2145 regionesque,
3109 2083 3163 2128 et
3208 2073 3440 2136 insulae;

1871 2171 2030 2239 cujus
2069 2181 2122 2224 et
2159 2169 2324 2222 vitam
2382 2178 2434 2221 et
2475 2166 2796 2228 certamina,
2864 2165 3015 2218 orbis
3075 2163 3211 2217 lines
3250 2161 3442 2216 merito

1872 2262 2275 2317 concelebrant.
2320 2259 2453 2324 Quis
2494 2259 2637 2312 enim
2685 2266 2950 2327 quantum
2991 2256 3098 2318 ille,
3147 2262 3241 2308 aut
3273 2254 3444 2319 virtu-

1875 2363 1978 2404 tem
2011 2351 2219 2412 dilexit,
2253 2359 2345 2402 aut
2374 2348 2498 2402 odio
2531 2349 2718 2400 vitium
2765 2347 2955 2400 habuit
2988 2345 3009 2398 ?
3041 2345 3177 2411 Quia
3206 2345 3276 2398 ita
3307 2360 3448 2396 mor-

1875 2446 2112 2512 tiﬁcarit,
2144 2453 2202 2496 ut
2226 2442 2404 2495 verbis
2454 2441 2699 2510 Apostoli
2743 2450 2885 2502 utar,
2926 2441 3155 2491 membra
3188 2452 3303 2506 qua:
3325 2445 3444 2490 sunt

1874 2554 2028 2606 super
2053 2547 2245 2589 terram
2269 2537 2309 2598 ³,
2352 2551 2515 2603 seque
2559 2534 2730 2603 ipsum
2765 2534 3088 2594 emundans,
3133 2531 3221 2583 Dei
3259 2531 3446 2582 viven-

1880 2632 1946 2682 tis
1997 2628 2256 2696 templum
2309 2625 2532 2681 eﬂecit?
2577 2625 2709 2690 Quis
2760 2627 2829 2679 ita
2876 2627 3068 2679 ducem
3107 2623 3231 2690 egit,
3284 2632 3447 2690 atque

1876 2719 2164 2772 adversum
2210 2717 2393 2770 li0stes
2440 2717 2610 2768 aciem
2664 2715 2938 2779 instruxit,
2990 2726 3445 2780 congressusque,

1877 2818 1986 2865 tam
2022 2810 2160 2862 felici
2195 2823 2473 2874 successu,
2495 2807 2825 2861 nobilissima
2867 2815 3020 2875 parta
3053 2803 3299 2865 victoria,
3321 2817 3451 2871 pro-

1880 2903 2114 2958 stravit?
2143 2901 2276 2967 Quis
2317 2900 2407 2952 illo
2449 2899 2662 2952 acutior
2711 2897 2950 2951 futurum
2995 2895 3240 2966 prazvidit
3267 2894 3290 2947 ?
3317 2892 3452 2958 Quis

1882 2999 1954 3052 ita
2002 2995 2239 3050 robustis
2278 2992 2577 3060 solidisque
2623 2991 2885 3052 moribus,
2919 2990 3009 3056 qui
3052 2987 3324 3057 pernicius
3355 2985 3456 3038 ful-

1882 3105 2014 3158 gure
2059 3103 2120 3139 ac
2155 3087 2302 3139 dicto
2350 3084 2512 3136 citius
2545 3098 2631 3136 res
2655 3097 2814 3150 agere
2853 3089 3034 3149 posset
3067 3079 3088 3132 ?
3127 3079 3325 3132 Verum
3362 3076 3456 3130 de-

203 3175 309 3228 ποῦ
345 3192 434 3244 μοι
471 3175 659 3245 καιρὸς
697 3175 764 3226 τὰ
794 3173 1015 3225 πλείονα
1039 3172 1237 3240 λέγειν,
1274 3170 1309 3224 ἃ
1340 3173 1471 3224 πᾶσι
1518 3172 1776 3243 πρόδηλα,

1886 3181 2044 3234 fuerit
2072 3189 2306 3247 tempus,
2327 3185 2385 3230 ut
2405 3175 2598 3244 loquar
2621 3175 2807 3242 plura;
2839 3181 2962 3226 nota
2987 3171 3140 3239 plane
3174 3169 3449 3232 omnibus,

205 3267 311 3323 κᾶν
341 3269 502 3338 ἡμεῖς
529 3268 602 3336 μὴ
629 3267 896 3336 λέγωμεν,
923 3264 1009 3318 διὰ
1033 3264 1091 3316 τὸ
1121 3265 1218 3334 τῆς
1245 3265 1528 3334 ἐπιστολῆς
1554 3266 1781 3336 ὑπερτε-

207 3360 299 3422 νὲς
328 3375 507 3428 παρατ
518 3357 786 3427 ρέχοντες;

281 3450 476 3521 Οἴμοιι
504 3449 678 3517 οῖμοιί
710 3445 926 3515 ἀδελφοί
959 3464 1059 3514 μου
1079 3445 1419 3516 τιμιώτατοι·
1449 3447 1658 3511 πολλοῖς
1683 3449 1782 3520 ἠδη

214 3543 646 3614 προειλημμένοι
681 3541 875 3594 πάθεσι
905 3541 1000 3592 xui.
1023 3539 1284 3608 θλίψεσιν,
1313 3541 1448 3611 ὑπὲρ
1483 3541 1694 3605 οὐδενός
1722 3559 1785 3610 γε

218 3637 327 3706 μὴν
369 3635 541 3698 οὕτως
589 3635 666 3696 εἰς
700 3633 840 3686 αὐτὰ
872 3634 1058 3704 καίρια
1090 3635 1188 3702 τῆς
1224 3633 1402 3702 ψυχῆς
1430 3633 1783 3704 τρωσθέντες.

213 3729 330 3782 Νῦν
361 3729 674 3798 άπήνθηκεν
705 3727 835 3797 ἡμῖν
860 3727 1064 3796 κόσμος
1091 3729 1118 3779 ὁ
1140 3726 1419 3789 κάλλιστος
1440 3741 1452 3754 ³
1495 3727 1787 3796 Ἐκκλησία

213 3820 272 3873 δὲ
303 3819 614 3886 στυγνάζει,
645 3818 740 3871 καὶ
764 3818 1217 3887 σκυθρωπάζουσι
1245 3817 1425 3888 δῆμοι,
1461 3819 1541 3871 ὅτι
1577 3819 1788 3885 ἐξέλιπε

218 3913 489 3983 μαχητὴς,
542 3912 637 3964 καὶ
687 3911 904 3982 άπέπτη
964 3911 1281 3980 στοχαστὴς,
1339 3911 1432 3963 καί
1479 3912 1789 3979 θαυμαστὸς

217 4004 544 4076 σύμϐουλος.
605 4003 883 4057 Ἐντεῦθεν
917 4002 1166 4073 ἐπιζητεῖ
1211 4004 1270 4056 τὸ
1327 4003 1468 4073 ἱερὸν
1519 4003 1790 4072 συνέδριον

216 4098 310 4152 τὸν
341 4099 634 4167 κορυφαῖον
659 4113 673 4126 ·
705 4098 753 4148 οἱ
776 4096 1104 4166 ὀμολογηταὶ
1124 4096 1214 4148 τὸν
1241 4095 1526 4149 σύναθλον·
1555 4098 1602 4148 οἱ
1631 4097 1686 4146 ἐν
1715 4093 1792 4165 τῷ

218 4190 392 4258 ἀγῶνι
418 4188 506 4241 τὸν
536 4187 796 4258 ἀλείπτην
815 4204 829 4217 ·
856 4189 904 4240 οἱ
938 4185 1218 4250 νοσοῦντες
1247 4188 1338 4240 τὸν
1365 4187 1544 4257 ἰατρόν
1565 4203 1577 4216 ·
1609 4189 1656 4239 οἱ
1685 4187 1794 4239 θλιο

219 4285 463 4354 δόμενοι,
519 4281 618 4353 τὴν
665 4281 1046 4351 παραμυθίαν·
1108 4283 1154 4333 οἱ
1213 4281 1270 4332 ὲν
1321 4282 1649 4350 συμφοραῖς,
1697 4280 1794 4349 τὴν

219 4374 602 4446 παράκλησιν·
640 4373 688 4424 οἱ
719 4372 962 4442 ὀρφανοὶ,
993 4371 1084 4424 τὸν
1118 4371 1360 4440 πατέρα·
1399 4373 1452 4423 αί
1496 4371 1679 4441 χῆραι,
1704 4373 1794 4424 τὸν

220 4466 564 4539 προστάτην·
600 4467 648 4517 οί
679 4463 926 4534 πένητες,
959 4463 1050 4515 τὸν
1074 4465 1276 4535 τροφέα
1300 4480 1313 4494 ο
1351 4466 1398 4516 οἱ
1427 4464 1792 4535 ἀδικούμενοι,

222 4561 315 4613 τὸν
365 4560 782 4629 ὑπερασπιστὴν
832 4559 926 4612 καὶ
967 4560 1332 4630 ἀντιλήπτορα
1357 4577 1370 4588 ·
1400 4561 1448 4612 oi
1486 4561 1687 4623 πάντες
1731 4562 1795 4613 ἐκ

223 4652 334 4705 τῶν
377 4650 593 4704 οἰκείων
645 4652 924 4720 ὀνομάτων
982 4654 1407 4719 ἀνακαλούμενοι
1467 4654 1563 4706 ἐπὶ
1613 4652 1797 4722 οἰκείῳ

224 4743 410 4803 πάθει.
462 4746 660 4796 οἰκεῖον
712 4745 888 4815 ἑαυτῴ
933 4746 1027 4797 καὶ
1071 4747 1410 4815 προσήκοντα
1437 4745 1665 4806 ἕκαστος
1704 4746 1796 4796 τὸν

227 4838 425 4909 θρῆνον
459 4837 757 4900 ποιοῦνται,
792 4837 980 4890 τούτου
1008 4836 1102 4889 τοῦ
1138 4838 1428 4907 μακαρίου,
1457 4837 1550 4890 τοῦ
1580 4837 1793 4889 πλείοσι

227 4929 439 4992 τούτοις
483 4931 577 4982 καὶ
623 4929 1011 4999 ἀναριθμήτοις
1060 4929 1387 5000 χαρίσμασι,
1437 4929 1530 4982 καὶ
1582 4929 1802 4998 ἀρεταῖς

227 5022 695 5090 κατεστεμμένου,
746 5021 838 5072 καὶ
885 5022 1090 5074 ἄνωθεν
1127 5020 1469 5091 φερωνύμως
1511 5019 1804 5089 ἐσχηκότος

230 5116 330 5188 τὴν
356 5115 568 5183 κλῆσιν.

301 5213 324 5244 ⁸
350 5210 518 5264 Cant.
541 5227 595 5273 v,
625 5209 709 5262 10.
789 5210 810 5242 ⁸
837 5208 1047 5264 Coloss.
1078 5225 1172 5271 ιιι,
1202 5209 1252 5262 5.

1882 3288 2191 3347 quanquam
2227 3269 2446 3323 minime
2473 3268 2737 3330 dicamus,
2777 3268 3110 3327 omittentes,
3145 3273 3203 3316 ut
3235 3278 3302 3316 ne
3328 3276 3455 3331 pro-

1884 3368 2042 3422 lixior
2077 3366 2166 3419 fiat
2192 3363 2443 3432 epistola.

1957 3457 2068 3510 lleu
2097 3471 2181 3509 me
2208 3455 2219 3508 ἓ
2254 3453 2366 3506 Heu
2399 3469 2484 3507 me
2517 3453 2530 3505 !
2568 3447 2978 3505 honoratissimi
3011 3444 3207 3500 fratres
3238 3459 3301 3498 ac
3329 3443 3459 3497 clm-

1886 3550 2085 3603 rissimi
2111 3588 2123 3610 ,
2148 3547 2240 3616 qui
2276 3545 2459 3599 multis
2485 3543 2701 3613 quidem
2731 3543 2994 3593 hactenus
3019 3537 3268 3606 occupati
3298 3535 3457 3588 malis

1886 3655 1939 3699 et
1977 3643 2378 3704 afflictionibus,
2407 3641 2553 3694 nulla
2596 3655 2655 3692 re
2701 3645 2876 3690 tamen
2922 3635 3001 3688 sic
3034 3649 3197 3703 grave
3227 3648 3289 3686 ac
3315 3631 3459 3700 peri-

1889 3739 2136 3794 culosum
2171 3736 2353 3789 animo
2385 3732 2579 3785 vulnus
2608 3728 2917 3797 accepistis.
2938 3724 3056 3778 .lam
3091 3724 3247 3777 nobis
3279 3738 3459 3776 emar-

1890 3831 2002 3886 cuit
2041 3828 2275 3881 mundns
2303 3823 2704 3894 pulcherrimus
2733 3839 2746 3885 ;
2777 3819 3025 3874 tristatur
3041 3833 3170 3870 vero
3199 3815 3457 3878 Ecclesia,

1891 3940 1954 3978 ac
1982 3929 2215 3976 maerent
2259 3918 2466 3987 p0puli,
2492 3917 2635 3986 quod
2666 3913 2925 3968 defecerit
2958 3920 3247 3980 pugnator,
3277 3910 3461 3962 avola-

1891 4018 2068 4085 ritque
2093 4013 2392 4082 conjector,
2426 4025 2490 4064 ac
2517 4007 2863 4064 consiliarius
2889 4005 3246 4058 admirabilis.
3281 4002 3462 4067 Quare

1893 4111 2122 4181 requirit
2139 4119 2358 4163 senatus
2382 4120 2534 4159 sacer
2555 4101 2852 4172 principem
2879 4113 3036 4152 suum
3064 4095 3464 4154 :confessores.

1895 4198 2208 4254 certaminis
2244 4197 2450 4251 socium
2483 4214 2495 4248 :
2534 4193 2760 4262 pugiles,
2809 4190 3028 4259 aliptem
3072 4203 3230 4241 suum
3259 4201 3322 4240 ac
3352 4185 3464 4239 ludi

1895 4290 2206 4358 prtefectum
2235 4304 2248 4340 :
2273 4287 2422 4356 aegri,
2445 4285 2714 4338 medicum
2737 4301 2750 4335 :
2771 4279 2977 4337 aﬂlicti.
2996 4277 3425 4332 consolationem
3449 4294 3463 4329 :

1898 4384 1951 4438 in
1982 4378 2381 4435 calamitatibus
2406 4372 2584 4443 positi,
2608 4371 2698 4441 qui
2739 4372 2982 4422 levamen
3009 4364 3194 4419 all'erat
3219 4381 3232 4417 :
3269 4363 3468 4432 orpha-

1901 4475 1978 4538 ni,
2025 4482 2228 4542 patrem
2280 4487 2292 4523 :
2332 4476 2640 4537 patronum.
2688 4460 2866 4514 vidua:
2906 4475 2919 4512 :
2957 4471 3244 4528 pauperes,
3296 4453 3471 4507 nutri-

1904 4565 2047 4617 cium
2077 4557 2205 4628 :qui
2243 4556 2523 4626 patiuntur
2545 4550 2826 4619 injuriam,
2856 4548 2951 4617 qui
2977 4551 3280 4615 propugnet
3302 4556 3366 4596 ac
3389 4543 3474 4594 de-

1907 4654 2128 4708 fendat:
2172 4664 2380 4708 omnes,
2415 4661 2480 4698 ex
2517 4644 2632 4696 suis
2664 4641 2860 4710 singuli
2903 4637 3238 4701 nominibus,
3279 4634 3330 4686 in
3355 4647 3476 4702 pro~

1907 4745 2026 4814 prio
2080 4741 2312 4811 quisque
2366 4736 2507 4788 malo
2547 4734 2882 4791 invocantes.
2951 4726 3175 4798 proprio
3241 4723 3476 4791 quisque

1900 4849 2271 4906 congruoque,
2298 4833 2512 4885 beatum
2535 4829 2736 4888 virum,
2761 4826 2996 4878 lamento
3019 4826 3426 4890 prosequuntur
3454 4832 3471 4880 ;

1900 4929 2072 4990 illum,
2106 4927 2326 4994 inquam
2349 4963 2362 4984 ,
2390 4924 2549 4975 etiam
2584 4919 2832 4988 pluribus
2877 4911 3478 4977 innumerabilibusque

1899 5019 2084 5090 gratia:
2099 5017 2257 5069 donis
2273 5019 2614 5073 coronatum,
2634 5023 2696 5062 ac
2713 5020 2950 5075 congrua
2990 5000 3351 5057 similitudine
3374 4998 3476 5070 (5),

1905 5109 2143 5164 nominis
2178 5107 2594 5177 appellationem
2621 5101 2888 5158 divinitus
2918 5105 3295 5152 consecutum.

1725 5270 1956 5326 NOTAE.

306 5375 384 5444 (4)
425 5373 530 5439 Qui
558 5383 730 5444 noctes
765 5381 899 5425 totas
917 5373 1211 5444 stetissent.
1242 5368 1553 5444 παννυχίοις
1583 5366 1803 5444 στάσεσι

236 5435 620 5516 διηρκηκότες.
655 5441 1074 5516 HabentGraeci
1124 5456 1252 5516 suas
1305 5435 1521 5516 στάσεις
1573 5447 1625 5491 et
1672 5435 1803 5514 καθ-

242 5506 377 5578 ίσέίς
420 5506 474 5568 in
517 5514 712 5566 divinis
753 5514 980 5575 oﬂieiis;
1032 5513 1360 5579 quandoque
1409 5511 1571 5561 etiam
1630 5506 1806 5579 conti-

240 5576 401 5639 nuata
438 5594 605 5637 totam
662 5597 874 5638 noetem
933 5576 1187 5643 statione,
1244 5576 1301 5632 ut
1355 5581 1406 5631 in
1459 5578 1659 5630 celebri
1719 5576 1806 5628 illa

244 5665 424 5717 nocte,
459 5670 622 5724 quam
657 5663 824 5724 totam
877 5653 1006 5707 recti
1053 5655 1103 5704 in
1141 5653 1300 5719 pedes
1337 5649 1538 5724 divinis
1580 5647 1808 5700 canticis

245 5736 294 5779 et
326 5719 520 5794 gratiis
550 5723 890 5794 impendunt.
948 5724 1067 5794 ideo
1110 5724 1307 5794 dictam
1353 5719 1640 5772 ἁκάθιστον
1671 5738 1685 5749 ·
1721 5733 1810 5768 ve-

247 5793 366 5848 rum
395 5796 550 5863 plura
577 5793 783 5847 addunt
826 5793 999 5849 sancti
1040 5793 1312 5852 monachi,
1365 5799 1677 5863 spontaneo
1719 5803 1775 5863 sa

248 5858 474 5931 critic-io,
532 5864 793 5934 majorem
851 5866 902 5917 in
963 5864 1162 5918 debitis
1219 5862 1608 5929 praeceptisque
1669 5858 1807 5911 indi-

1907 5375 2094 5417 cantes
2123 5361 2479 5414 voluntatem.
2521 5357 2690 5413 Nobis
2739 5358 3070 5426 geniculatio
3117 5356 3169 5409 in
3225 5355 3479 5424 precibus

1908 5434 2188 5496 crebrior;
2230 5432 2433 5485 Graecis
2465 5445 2600 5499 pene
2632 5430 2835 5499 ignota,
2874 5439 2925 5482 et
2958 5427 3307 5482 insuetudine
3341 5426 3482 5479 dilli-

1912 5504 2054 5559 cilis.

1981 5575 2058 5643 (5)
2118 5573 2190 5625 Ac
2244 5571 2591 5624 similitudine
2646 5586 2876 5639 congrua
2909 5609 2922 5630 ,
2979 5577 3084 5622 etc.
3142 5564 3482 5687 φεὲιυνύμως

1981 5645 2174 5687 νιηθεν-
2208 5640 2362 5687 Velut
2413 5646 2534 5687 Ill-.0-
2589 5655 2886 5687 COIIQI‘IIIIIII
2939 5638 3160 5687 omnino
3250 5636 3482 5687 εοδώοου

1940 5636 2174 5696 ἄνωθεν.
2208 5640 2364 5694 Velut
2413 5646 2535 5704 Deo,
2589 5636 2886 5709 congruum
2939 5638 3160 5692 omnino
3203 5636 3483 5709 Θεοδώρου

1916 5731 2152 5777 nomen;
2188 5714 2331 5780 quod
2364 5703 2539 5768 sonet.
2587 5703 2948 5770 Dei'donum;
3007 5709 3339 5780 imponente.
3393 5703 3485 5759 Sic

1919 5775 2292 5854 passimluilit
2324 5781 2736 5846 Amphilochius
2779 5789 2984 5837 uoster.
3039 5779 3093 5830 iu
3148 5775 3330 5830 Basilii
3383 5792 3484 5828 no-

1921 5853 2084 5919 mine,
2117 5854 2258 5923 quod
2292 5856 2360 5906 sit
2391 5853 2592 5908 dictum
2631 5866 2658 5903 a
2696 5866 2880 5921 regno.
