3968 6468
558 353 686 419 1831

550 565 748 616 tiarnm
778 559 906 615 facti
942 560 1197 629 orphani,
1233 576 1296 616 ac
1332 577 1560 632 corpore
1590 565 1853 636 disjuncti
1883 610 1896 630 ,
1939 569 2114 623 relicti

552 669 743 708 sumus
785 652 1037 706 desolati.
1093 651 1242 705 Facti
1292 669 1484 709 sumus
1522 657 1666 710 sicut
1724 672 1752 710 a
1801 658 2109 728 principio:

552 744 798 806 lugentes
845 743 1151 797 incedimus
1183 758 1246 796 ac
1276 745 1425 798 vultu
1466 757 1680 800 mmsto.
1715 749 1862 802 Facti
1920 766 2113 805 sumus

553 833 890 888 adversariis
935 835 1286 902 opprobrium
1318 876 1331 898 ,
1382 838 1748 908 gaudiumque
1824 840 2110 896 baareticis.

551 924 878 991 Aperuerunt
901 935 1078 978 contra
1110 943 1200 980 nos
1233 927 1574 983 lconomachi
1600 947 1655 983 os
1683 931 1907 985 suum‘:
1937 931 2112 984 ΑΞειί-

551 1018 679 1068 mati
726 1033 904 1070 sumus
956 1034 1074 1070 cum
1116 1019 1540 1074 descendentibus
1571 1023 1625 1073 in
1655 1022 1824 1074 lacum
1855 1026 1875 1056 ⁸
1906 1038 1920 1075 :
1957 1022 2113 1076 Facti

548 1124 727 1161 sumus
753 1109 889 1161 sicut
916 1125 1096 1175 passer
1123 1110 1395 1163 solitarius
1417 1115 1469 1164 in
1502 1113 1670 1165 tecto‘
1707 1132 1719 1166 :
1750 1113 1920 1167 Paulo
1941 1116 2110 1168 minus

547 1197 803 1250 habitavit
831 1200 1131 1252 ritanostra
1163 1201 1215 1253 in
1247 1201 1502 1268 inferno".
1533 1200 1734 1258 Sumus
1749 1203 1990 1258 destituti
2009 1207 2106 1273 (6),

549 1305 612 1342 ac
656 1290 778 1343 \icti
809 1290 968 1342 taedio
1003 1309 1016 1344 :
1049 1291 1454 1359 desperavimus
1484 1311 1496 1346 :
1526 1293 1650 1348 facti
1690 1311 1882 1349 sumus
1940 1297 2108 1352 tristis

547 1379 752 1431 mundo
789 1379 1027 1431 narratio
1055 1397 1066 1431 :
1100 1391 1282 1448 atque,
1313 1383 1618 1451 ograndem
1648 1401 1832 1439 revera
1870 1387 2109 1442 tristem-

545 1485 651 1538 que
712 1471 1055 1524 solitudinem
1095 1474 1105 1525 !
1143 1489 1300 1541 quam
1343 1475 1498 1542 plane
1539 1492 1727 1531 smnus
1750 1476 1874 1531 facti
1901 1479 2107 1534 similes

546 1563 804 1628 pelecano
831 1564 1080 1617 solitario
1105 1566 1175 1619 °?
1227 1566 1414 1637 Inclyti
1465 1569 1561 1620 viri
1627 1571 1889 1624 transitus
1918 1571 2106 1626 dolore

545 1653 784 1720 implevit
814 1661 1057 1707 noStrum
1093 1673 1186 1709 cor
1219 1659 1439 1711 humile.
1493 1659 1887 1718 Obtenebratos
1919 1665 2106 1718 oeulos

546 1757 761 1798 nostros
801 1749 1039 1815 opplevit
1065 1749 1339 1820 lacrymis.
1369 1750 1546 1803 Animi
1585 1769 1776 1806 sensus
1815 1756 2102 1823 gemitibus

544 1838 861 1902 cumulavit,
913 1855 977 1892 ac
1019 1840 1139 1893 aliis
1170 1842 1398 1910 aliisque
1429 1844 1610 1898 cordis
1654 1845 1897 1899 aestibus.
1927 1847 2101 1899 \‘itam
2138 1826 2177 1879 Β

545 1939 860 1996 [ιι-ωδειιιυηι
898 1932 1150 1985 odibilem
1177 1934 1427 1997 reddidit,
1461 1945 1688 1989 mortem
1716 1952 1841 1990 vero
1879 1937 2106 1992 deside—

542 2022 788 2076 rabilem.
851 2023 1031 2076 Animi
1085 2039 1178 2076 ver
1231 2025 1280 2077 in
1345 2026 1573 2079 hiemem
1641 2031 1921 2083 convertit.
1973 2028 2104 2096 Quae

544 2114 696 2165 multi
733 2117 972 2181 impense
996 2126 1200 2178 amant,
1228 2132 1288 2169 ea
1315 2118 1468 2171 nobis
1493 2120 1879 2175 abominationi
1905 2124 2106 2178 haben-

543 2209 652 2253 tur.
685 2201 771 2254 Sic
800 2219 928 2256 vero
962 2218 1166 2270 nostra,
1196 2222 1228 2259 o
1257 2209 1734 2272 venerabilissimi,
1776 2212 2099 2268 immensum

542 2293 811 2361 lugubria.
849 2311 1165 2366 amaraque,
1203 2315 1303 2352 nec
1337 2301 1535 2365 amica,
1565 2304 1647 2356 vel
1680 2305 1976 2373 quidquam
2010 2306 2102 2359 lte-

541 2394 627 2447 ta;
657 2403 719 2438 ac
752 2387 1040 2455 ejusmodi,
1099 2398 1156 2441 ut
1197 2392 1397 2444 nullam
1444 2394 1872 2448 consolationem
1910 2396 2104 2451 admit-

542 2487 690 2541 tant;
730 2489 978 2548 utquam
1018 2481 1068 2534 in
1106 2493 1311 2550 partem
1359 2485 1634 2540 discurrat
1677 2487 1898 2544 humilis
1938 2491 2097 2556 ratio,

539 2579 832 2630 nusquam,
873 2568 975 2622 nisi
1022 2586 1085 2624 ea
1116 2581 1323 2625 tantum
1374 2577 1604 2639 ratione,
1643 2586 1700 2630 ut
1734 2578 1786 2631 in
1819 2578 1984 2634 Deum
2038 2597 2102 2637 ac

538 2671 752 2710 sacrum
789 2661 1093 2726 sepulcrum
1126 2665 1342 2719 assidue
1377 2671 1695 2737 respexerit,
1742 2672 1977 2738 quietem
2013 2673 2101 2727 in-

539 2749 736 2802 veniat.
768 2749 1032 2805 Caeterum
1063 2755 1155 2822 qui
1186 2756 1387 2810 habent
1431 2775 1516 2812 res
1547 2762 1776 2814 vesti-aa?
1806 2761 1923 2817 Non
1957 2765 2103 2820 velut

535 2842 773 2894 nesciam
819 2842 1110 2914 interrego.
1147 2846 1444 2902 Percontor
1497 2851 1875 2918 nihilominus,
1921 2870 1954 2908 ο
2005 2857 2100 2911 de-

536 2931 920 2988 sideratissimi
959 2953 971 2987 :
1010 2952 1142 2990 sane
1169 2940 1313 2992 enim
1339 2941 1534 2996 similia
1568 2958 1789 3011 prorsus
1819 2947 2096 3017 dixeritis;

535 3025 821 3091 siquidem,
839 3036 973 3082 teste
993 3031 1294 3098 Scriptura,
1317 3049 1418 3086 uno
1443 3037 1668 3089 membro
1689 3039 1936 3105 patiente,
1955 3057 2098 3094 com-

537 3123 814 3183 patiuntur
846 3123 1021 3173 omnia
1054 3123 1282 3176 niembra
1308 3127 1348 3178 ’.
1380 3125 1532 3190 Quod
1566 3143 1694 3180 vero
1731 3129 1829 3197 ipsi
1856 3132 2096 3186 membra
2122 3163 2165 3224 Ο

533 3211 674 3272 sitis,
728 3214 1032 3280 etquidem
1083 3214 1134 3266 in
1175 3218 1432 3271 tnenibris
1463 3219 1823 3286 nobilissima,
1872 3225 2095 3279 omnino

534 3303 881 3358 manifestum
932 3306 1040 3366 sit;
1109 3324 1278 3376 quare
1327 3311 1522 3364 merito
1575 3315 1896 3374 condoletis.
1961 3318 2095 3384 Quis

530 3394 675 3446 enim
700 3394 955 3458 deinceps
985 3397 1320 3450 venientibus
1343 3402 1463 3451 laeto
1501 3399 1650 3452 vultu
1683 3404 2006 3467 occurrerit,
2030 3421 2095 3460 ac

532 3487 782 3539 manibus
813 3487 1022 3554 supinis
1057 3491 1376 3556 susceperit,
1430 3493 1849 3563 complexusque
1899 3496 2094 3552 charos

530 3576 713 3629 vultus
747 3577 1027 3630 osculatus
1054 3578 1252 3631 fuerit?
1287 3578 1419 3645 Quis
1453 3594 1782 3652 Opportuna,
1815 3597 1870 3641 et
1900 3589 2095 3644 anima:

530 3669 900 3721 conducibilia
933 3671 1379 3737 percontabitur?
1408 3673 1540 3740 Quis
1579 3678 1763 3732 tristes
1793 3682 2091 3749 composita

529 3759 901 3813 admonitione
940 3763 1337 3819 laetilicaverit?
1371 3765 1508 3832 Quis
1560 3784 1670 3837 prae
1709 3772 1954 3824 molestia
1994 3787 2090 3826 co-

528 3847 853 3916 gitationum
887 3862 1134 3918 mestos,
1169 3864 1417 3924 totosque
1443 3874 1737 3913 succensos
1762 3875 1826 3914 ac
1853 3871 2091 3914 aestuan-

529 3947 609 3993 tes
648 3941 1092 4010 refrigeraverit?
1143 3943 1278 4009 Quis
1322 3948 1594 4001 inunxerit
1638 3951 1702 4003 ad
1754 3952 2091 4008 certamina?

527 4031 660 4096 Quis
689 4034 753 4084 ad
797 4033 1012 4101 pietatis
1035 4050 1256 4090 cursum
1284 4039 1611 4094 intenderit?
1646 4042 1778 4107 Quis
1821 4045 1886 4097 ad
1921 4044 2088 4101 virilis

526 4123 693 4175 animi
724 4125 888 4177 robur
915 4128 1330 4194 provocaverit?
1377 4131 1510 4194 Quis
1535 4133 1600 4186 ad
1639 4135 1880 4189 veritatis
1913 4146 2089 4190 certa-

527 4230 648 4266 men
679 4215 998 4271 duraverit?
1035 4217 1168 4284 Quis
1189 4224 1574 4289 :egrotantibus
1601 4227 1858 4279 medelam
1895 4227 2090 4282 attule-

527 4305 634 4358 rit?
666 4307 800 4372 Quis
830 4311 1017 4377 procul
1061 4312 1375 4369 absentibus
1407 4331 1501 4384 per
1537 4317 1791 4386 epistolas
1822 4329 2086 4389 opportu-

526 4413 592 4450 na
651 4398 898 4454 elocutus
937 4401 1137 4454 fuerit?
1170 4403 1304 4469 Quis
1331 4405 1403 4459 ita
1428 4407 1711 4474 dilexerit,
1741 4411 2088 4480 animamque

523 4489 816 4558 pretiosam
850 4531 864 4553 ,

522 4581 709 4634 divino
742 4597 965 4637 munere
995 4599 1294 4640 concessus
1327 4599 1510 4656 pastor
1559 4606 1622 4643 ac
1675 4594 1867 4646 doctor
1896 4634 1910 4656 ,
1986 4610 2084 4662 pro

523 4687 851 4741 unoquoque
881 4675 1158 4742 posuerit?
1188 4676 1323 4741 Quid
1365 4695 1492 4735 vero
1521 4697 1680 4750 opus,
1712 4695 1770 4735 ut
1826 4685 2083 4753 pleraque

523 4761 668 4816 beati
721 4774 882 4831 atque
932 4767 1273 4822 admirabilis
1308 4771 1429 4836 viri,
1487 4772 1737 4828 lamentis
1764 4790 2076 4844 prosequar,

521 4852 591 4903 ob
615 4868 730 4921 qua:
753 4855 916 4907 etiam
955 4858 1190 4910 maxime
1216 4858 1427 4925 jactura
1456 4861 1670 4914 videtur
1692 4864 2084 4920 intolerabilis?

521 4938 652 4993 Nam
687 4959 793 4996 non
837 4946 1019 5000 tulerit
1046 4949 1236 5004 modus
1269 4951 1510 5018 epistolae
1542 4972 1555 5006 :
1585 4969 1894 5022 quanquam
1943 4958 2080 5010 alio-

521 5033 630 5100 qui,
660 5035 739 5088 sic
767 5037 957 5090 humili
984 5041 1162 5093 anima
1193 5052 1377 5097 nostra
1404 5060 1466 5097 ex
1488 5047 1704 5101 tristitia
1734 5050 2074 5116 concidente,

1494 358 1898 426 APPENDIX.
1930 387 1997 398 --
2029 364 2443 428 NAUCRATII
2476 365 2890 428 ENCYCLICA

623 469 736 524 N09
766 467 1023 528 humiles.
1055 481 1180 522 cum
1216 467 1340 523 aliis
1368 483 1433 524 ac
1477 485 1590 540 prae
1622 475 1744 528 aliis
1796 475 1847 529 in
1882 491 2118 545 prmsen-
2142 478 2193 536 Α

3648 369 3775 435 1832

2297 479 2484 548 Ἡμεῖς
2511 480 2558 532 οί
2587 480 2849 541 ταπεινοὶ,
2882 478 2930 530 oi
2973 477 3109 547 μετὰ
3135 476 3356 529 πάντων
3386 477 3478 530 καὶ
3514 490 3621 549 προ
3653 484 3777 535 πάν-

2215 587 2324 624 των
2347 571 2413 622 τά
2435 569 2528 622 νῦν
2549 569 3066 639 ἀπορφανισθέντες,
3103 569 3194 621 καὶ
3225 568 3636 639 διαζευχθέντες
3679 589 3776 625 σω-

2220 657 2486 729 ματικῶς,
2509 658 2836 727 κατελείφθη
2846 674 2942 727 μεν
2967 658 3358 728 μεμονωμένοι.
3377 660 3682 729 Γεγόναμεν
3709 661 3777 724 ὠς

2213 752 2275 805 τὸ
2302 753 2398 804 ἀπ’
2424 752 2598 822 ἀρχῆς
2622 769 2634 782 ·
2677 749 2998 814 πενθοῦντες
3038 751 3132 802 καὶ
3168 750 3658 820 σκυθρωπάζοντες
3689 770 3778 804 πο-

2219 842 2483 912 ρευόμεθα
2502 857 2516 870 ⁶
2548 842 2848 910 γεγόναμεν
2873 840 3073 903 ὄνειδος
3092 839 3201 903 τοῖς
3233 843 3518 906 ἐναντίοις,
3550 843 3773 912 ἐπίχαρ-

2217 934 2292 1003 μά
2321 937 2432 996 τοῖς
2457 933 2782 996 κακοδόεοις.
2817 935 3110 987 Ἦνοικται
3140 932 3268 988 καθ’
3292 931 3460 1001 ἡμῶν
3483 934 3776 1002 Είκονομάο

2212 1045 2321 1096 χων
2351 1028 2544 1094 στόμα
2563 1041 2576 1054 ·
2607 1026 3166 1092 Προσελογίσθημεν
3184 1026 3332 1093 μετὰ
3363 1023 3482 1077 τῶν
3511 1028 3777 1080 καταϐαι-

2211 1123 2440 1175 νόντων
2475 1123 2562 1186 εἰς
2588 1121 2836 1186 λάκκον,
2858 1121 3146 1191 ψαλμικῶς
3176 1123 3349 1173 εἰπεῖν
3372 1136 3387 1151 ⁸
3434 1122 3775 1189 Γεγόναμεν

2210 1211 2290 1277 ὡς
2317 1211 2636 1278 στρουθίον
2666 1210 2926 1280 μονάζον
2952 1212 3049 1264 ἐπὶ
3081 1211 3347 1279 δώματος
3368 1227 3382 1242 ⁸
3420 1211 3775 1279 Παραϐραχὺ

2210 1301 2528 1370 παρῴκησε
2577 1301 2653 1367 τῷ
2689 1302 2802 1370 ᾅδῃ
2852 1303 2891 1369 ἡ
2937 1302 3049 1369 ζωὴ
3091 1302 3277 1370 ἡμῶν.
3323 1303 3773 1373 Ἐξηπορήμεθα·

2209 1392 2560 1462 ἀπειπάμεθα
2597 1392 2804 1444 ἑαυτῶν
2824 1406 2839 1420 ⁸
2867 1393 3177 1461 γεγόναμεν
3205 1391 3284 1462 τῷ
3311 1392 3501 1461 κόσμῳ
3532 1392 3778 1462 διήγημα

2210 1482 2530 1552 σκυθρωπόν
2549 1499 2565 1515 ο
2614 1484 2726 1545 καὶ,
2750 1483 2795 1535 ὣ
2820 1483 2919 1553 τῆς
2943 1483 3120 1552 δεινῆς
3140 1483 3308 1544 δντως
3334 1484 3428 1535 καὶ
3451 1482 3779 1553 σκυθρωπῆς

2207 1576 2476 1645 ἐρημίαςι
2511 1575 2627 1637 πῶς
2666 1575 2908 1647 ἀκριϐῶς
2945 1573 3310 1646 ὡμοιώθημεν
3343 1575 3606 1628 πελεκᾶνι
3651 1577 3779 1644 ἐρη-

2208 1668 2385 1739 μικῷς
2437 1667 2673 1721 Ἐκείνου
2717 1667 2810 1720 τοῦ
2832 1668 3070 1736 ἀοιδίμου
3119 1669 3151 1737 ή
3199 1668 3549 1737 μετάστασις,
3592 1667 3779 1737 ὀδύνης

2207 1761 2570 1830 πεπλήρωκεν
2604 1759 2760 1829 ήμῶν
2787 1759 2884 1829 τὴν
2911 1759 3170 1828 ταπεινὴν
3214 1759 3443 1828 καρδίαν
3467 1774 3482 1789 ο
3528 1759 3777 1829 δακρύων

2207 1855 2360 1923 ἡμῶν
2383 1857 2508 1917 τοὺς
2528 1856 2942 1924 ὲσκοτισμὲνους
2966 1854 3257 1923 ἐνέπλησεν
3279 1853 3596 1923 ὀφθαλμούς
3613 1868 3628 1881 ⁸
3662 1870 3780 1905 στε-

2206 1948 2431 2016 ναγμῶν
2454 1946 2756 2017 ἐπλήρωσε,
2788 1946 3094 2016 καρδιακῶν
3122 1946 3406 2016 βρασμῶν,
3429 1946 3526 1998 καὶ
3546 1945 3778 2015 ἀναϐρα-

2207 2038 2380 2108 σμῶν,
2402 2039 2470 2092 τὰ
2491 2042 2587 2109 τῆς
2605 2039 2781 2109 ψυχῆς
2801 2039 3151 2108 αἰσθητήρια.
3176 2037 3285 2108 Τὴν
3317 2037 3602 2107 παροῦσαν
3631 2038 3776 2106 ζωήν

2208 2131 2441 2202 μισητὴν
2472 2132 2759 2201 πεποίηκε,
2788 2131 2880 2184 τὸν
2907 2131 3134 2184 θάνατον
3175 2129 3534 2201 ἐπιθυμητὸν.
3569 2130 3645 2182 Τὸ
3676 2130 3777 2198 ψυ-

2203 2222 2355 2292 χικὸν
2387 2223 2487 2294 έαρ
2519 2226 2597 2285 είς
2629 2223 2868 2294 χειμῶνα
2911 2223 3262 2294 μετέστρεφε.
3302 2225 3525 2286 Τάντοῖς
3561 2223 3778 2284 πολλοῖς

2203 2315 2666 2382 περισπούδαστα,
2706 2316 2838 2385 ἡμῖν
2884 2313 3224 2367 ἀπόπτυστα.
3258 2314 3367 2366 Καὶ
3403 2304 3473 2364 τά
3518 2313 3620 2380 μὲν
3655 2311 3774 2364 καθ’

2201 2408 2368 2474 ἡμᾶς,
2428 2401 2473 2459 ὦ
2529 2405 2980 2476 σεϐασμιώτατοι,
3029 2406 3171 2460 οὕτω
3222 2405 3631 2459 πολυστένακτα
3685 2406 3777 2457 καὶ

2202 2498 2536 2561 πολυώδυνα,
2582 2500 2747 2567 ἄφιλά
2780 2516 2837 2551 τε
2870 2499 2965 2552 καὶ
3013 2499 3262 2569 άνέορτα,
3313 2499 3591 2568 μηδεμίαν
3627 2513 3775 2566 παρ-

2199 2587 2426 2659 ηγορίαν
2481 2587 2705 2657 ἔχοντα·
2754 2587 3026 2658 πανταχοῦ
3065 2589 3158 2640 τοῦ
3209 2587 3468 2642 ταπεινοῦ
3511 2587 3774 2656 λογισμοῦ

2198 2680 2517 2743 διαθέοντος,
2549 2681 2642 2732 καὶ
2673 2680 2922 2750 μηδαμοῦ
2950 2680 3140 2733 στάσιν
3167 2679 3534 2751 εὑρίσκοντος,
3556 2680 3589 2749 ἢ
3615 2679 3774 2748 μόνον

2199 2774 2248 2826 εί
2295 2772 2374 2832 είς
2416 2772 2548 2824 Θεὸν
2594 2773 2688 2825 καὶ
2737 2774 2816 2836 εἰς
2853 2773 2944 2825 τὸν
2986 2773 3129 2842 ἱερὸν
3157 2774 3324 2840 τάφον
3363 2772 3774 2844 παρεδρευτικὴ

2199 2865 2497 2937 ἀποϐλέψῃ.
2540 2867 2730 2919 Ὀποῖα
2755 2865 2812 2919 δὲ
2837 2865 2905 2918 τὰ
2936 2865 3057 2918 καθ’
3095 2865 3267 2934 ὑμᾶςς
3300 2865 3398 2915 οὑκ
3431 2863 3650 2931 ἀγνοῶν
3677 2866 3775 2915 ἐπ-

2199 2958 2417 3027 ερωτῶο
2472 2957 2808 3026 πυνθάνομαι
2853 2956 2898 3009 δ’
2934 2952 3028 3010 οὖν
3075 2957 3242 3026 ὅμως,
3282 2950 3327 3008 ὦ
3375 2957 3771 3018 ποθεινότατοι,

2198 3050 2289 3102 καί
2313 3066 2374 3117 γε
2402 3049 2472 3102 τὰ
2511 3050 2669 3118 ὃμοια
2699 3047 2912 3109 πάντως
2944 3049 3195 3116 φήσοιτε·
3226 3049 3275 3099 εἰ
3317 3048 3447 3117 γὰρ.
3471 3047 3547 3110 ῶς
3582 3067 3771 3118 φησιν,

2197 3141 2333 3206 ἐνὸς
2373 3141 2599 3209 μέλους
2646 3137 2992 3206 πάσχοντος
3044 3137 3394 3205 συμπάσχει
3454 3137 3654 3192 πάντα
3703 3143 3776 3192 τὰ

2194 3230 2371 3301 μέλη.
2429 3231 2548 3284 Ὀτι
2598 3231 2655 3283 δὲ
2700 3230 2856 3300 ὑμεῖς
2903 3229 3062 3299 μέλη,
3091 3229 3186 3283 καὶ
3237 3229 3346 3282 τῶν
3398 3233 3770 3300 τιμιωτάτων,

2201 3322 2361 3376 παντί
2400 3340 2503 3376 που
2533 3323 2710 3393 δῆλον.
2749 3322 2911 3376 Ὀθεν
2951 3322 3173 3384 εἰκότως
3208 3322 3242 3390 ἡ
3278 3322 3628 3390 συνάλγησις.
3678 3322 3773 3382 Τίς

2198 3417 2306 3488 γὰρ
2346 3417 2503 3486 ὑμῶν
2543 3415 2624 3470 ἔτι
2659 3415 3116 3487 παραγενομένων
3162 3416 3609 3484 προσυπαντήσε.
3647 3430 3773 3480 φαι-

2197 3510 2310 3580 δρῷ
2337 3508 2417 3579 τῷ
2444 3508 2741 3580 προσώπῳ,
2787 3508 2880 3561 καὶ
2931 3508 3148 3569 ὑπτίαις
3205 3507 3390 3575 χερσὶν
3430 3505 3767 3569 ὑποδέξεται,

2198 3601 2292 3654 καὶ
2356 3599 2744 3670 περιπλακεὶς,
2808 3598 3216 3651 κατασπάσεται
3271 3595 3424 3664 ὑμῶν
3480 3597 3550 3648 τὰ
3613 3596 3772 3665 τίμια

2198 3690 2499 3755 πρόσωπα;
2529 3689 2624 3750 Τίς
2651 3687 2985 3756 ἐπερωτήσει
3011 3684 3079 3737 τά
3103 3685 3286 3737 δέοντα
3309 3684 3407 3735 καὶ
3435 3682 3767 3752 ψυχωφελῆς

2196 3781 2292 3842 Τίς
2319 3781 2688 3850 λυπουμένους
2718 3779 3099 3849 χαροποιήσειε
3127 3780 3191 3846 τῇ
3225 3776 3450 3845 ἐμμελεῖ
3477 3775 3731 3846 νουθεσίᾳ
3753 3817 3768 3840 ,

2195 3869 2290 3933 Τίς
2319 3871 2710 3937 ἀπεγνωκότας
2742 3867 3141 3938 παρακαλέσειε
3167 3883 3180 3929 ;
3209 3867 3304 3928 Τίς
3328 3865 3677 3935 ἀθυμοῦντας
3706 3869 3769 3918 ὲκ

2191 3960 2491 4030 λογισμῶν,
2537 3959 2633 4014 καὶ
2673 3958 3230 4029 κατεμπρηζομένους
3287 3957 3617 4027 ἀναψύξειες
3673 3958 3770 4020 Τίς

2193 4052 2524 4122 ἀπαλείψειε·
2565 4051 2700 4122 πρὸς
2746 4052 2871 4107 τοὺς
2915 4050 3165 4118 ἁγῶνας;
3209 4051 3304 4112 Τίς
3336 4049 3591 4103 τονὼσειε
3631 4050 3768 4120 πρὸς

2191 4143 2283 4195 τὸν
2310 4144 2408 4212 τῆς
2437 4140 2720 4203 εὐσεϐείας
2752 4140 2987 4210 δρόμον;
3016 4140 3111 4203 Τίς
3133 4138 3390 4206 διεγείροι
3424 4138 3564 4206 πρὸς
3603 4140 3767 4191 εὐαν-

2192 4233 2409 4304 δρείανς
2444 4231 2538 4294 Τίς
2567 4230 2866 4301 στομώσειε
2896 4232 3031 4300 πρὸς
3062 4231 3309 4282 ἔνστασιν
3344 4229 3637 4300 αληθείας;
3671 4229 3766 4292 Τίς

2197 4325 2472 4395 ίατρεύσει
2496 4322 2884 4392 νενοσηκότας;
2912 4323 3005 4385 Τίς
3033 4323 3219 4393 πόρρω
3239 4320 3358 4374 οὖσι
3385 4321 3477 4373 διὰ
3503 4321 3765 4390 γράμμα-

2191 4434 2283 4478 τος
2313 4414 2746 4486 προσφθέγξεται
2774 4415 2841 4466 τά
2868 4413 3181 4482 ὀφείλοντας
3213 4412 3306 4473 Τίς
3335 4411 3507 4471 οὕτως
3543 4412 3763 4481 ἀγαπή-

920 4491 1121 4544 Christi
1159 4497 1410 4566 exemplo
1441 4537 1454 4560 ,
1488 4501 1946 4566 quemadmodum
1997 4504 2086 4557 ille

2200 4525 2322 4570 σειε,
2370 4508 2463 4559 καὶ
2509 4507 2606 4576 τὴν
2652 4507 2837 4574 τιμίαν
2878 4504 3054 4574 ψυχὴν
3110 4505 3249 4572 ὑπὲρ
3304 4505 3538 4556 ἑκάστου
3577 4504 3760 4572 θήσεις

2188 4601 2690 4670 Χριστομιμήτως;
2749 4598 2824 4659 ὡς
2865 4599 2891 4650 ὁ
2934 4595 3264 4666 θεθδώρητος
3303 4599 3507 4658 ἐκεῖνος
3557 4596 3760 4664 ποιμὴν

2188 4690 2281 4741 καὶ
2319 4687 2663 4750 διδάσκαλοςς
2709 4686 2819 4738 Καὶ
2860 4685 2911 4736 τί
2937 4685 3015 4737 δεῖ
3043 4685 3111 4736 τὰ
3159 4684 3326 4738 πολλὰ
3364 4683 3458 4736 τοῦ
3488 4685 3758 4754 μακαρίου

2189 4779 2284 4832 καὶ
2326 4779 2651 4845 ἁξιαγάστου
2707 4776 3099 4845 ὲκτραγῳδεῐν,
3147 4775 3228 4842 ἐφ’
3272 4770 3350 4836 οἷς
3397 4777 3488 4826 καὶ
3525 4775 3759 4844 μάλιστα

2187 4872 2285 4940 τὴν
2332 4870 2532 4938 ζημίαν
2568 4868 2840 4939 ἀφόρητον
2884 4869 3148 4936 ὑπάρχειν
3181 4866 3501 4934 λογίζεσθε;
3540 4867 3650 4919 οὐδ’
3694 4867 3757 4919 ἂν

2187 4963 2469 5030 ἐπιστολῆς
2504 4962 2697 5031 μέτρον
2725 4961 3065 5025 ὑποδέξαιτο·
3091 4961 3184 5012 καὶ
3218 4960 3412 5024 ἄλλως,
3440 4961 3541 5012 οὑκ
3571 4960 3757 5014 εὔκαι-

2186 5072 2278 5126 ρον
2320 5055 2730 5125 ἀριστευμάτων
2764 5054 2939 5124 πλήθη
2981 5053 3058 5123 τῷ
3089 5055 3377 5124 γράμματι
3426 5057 3751 5125 προσάγειν,

587 5166 607 5197 ⁸
637 5169 780 5222 Psal.
820 5184 929 5231 xxi,
973 5172 1060 5225 M.
1135 5173 1156 5204 '
1193 5172 1338 5228 Psal.
1375 5191 1615 5242 Lxxxvn,
1649 5180 1702 5233 5.
1778 5183 1799 5214 ⁵
1837 5182 1981 5236 Psal.
2021 5200 2095 5249 Cl,
2129 5186 2182 5240 8.
2257 5191 2276 5220 τ
2307 5189 2450 5244 Psal.
2480 5205 2628 5253 xcm,
2665 5190 2749 5243 l7.
2790 5190 2811 5221 ⁸
2852 5190 2997 5245 Psal.
3029 5206 3103 5253 CI,
3138 5191 3190 5245 7.
3261 5192 3280 5222 '
3310 5190 3325 5244 Ι
3355 5191 3484 5246 Cor.
3531 5210 3627 5256 ιιι,
3659 5193 3747 5247 26,

2013 5298 2242 5357 ΝΟΤᾏΕ.

589 5396 911 5480 (6)..5ιεηιιιε
979 5403 1234 5480 destituti.
1292 5407 1674 5478 ἔξηπορήμεθα
1729 5428 1743 5465 :
1794 5413 2085 5480 apostolica

2185 5417 2346 5470 tionis
2377 5418 2692 5470 barathrum
2722 5418 2980 5486 impellat.
3012 5418 3224 5471 Erasin.
3258 5417 3604 5480 thoramus,
3635 5421 3749 5484 sed,

517 5483 618 5555 volx
671 5469 874 5555 Il‘Cor.
923 5487 992 5533 tv,
1053 5475 1262 5555 habens
1312 5469 1635 5543 (ἑιιίνὴάὲῖιη,
1700 5491 1759 5533 ut
1818 5469 2084 5555 signiticet
2181 5469 2577 5550 etc.,velutde
2626 5469 2822 5539 rerumr
2851 5489 3072 5554 penuria
3131 5492 3381 5554 loquatur
3427 5489 3748 5555 Apostolus,

516 5538 660 5616 velut
714 5540 1152 5625 desperationem
1216 5538 1461 5625 vincente
1524 5538 1746 5625 prorsus
1809 5538 1967 5625 taenia
2031 5564 2083 5606 et
2179 5538 2320 5624 quod
2366 5559 2546 5610 minus
2575 5538 3023 5623 apliitirviaettti‘.
3075 5538 3256 5610 Maluit
3310 5538 3751 5625 Vtilg.'rctinere

515 5609 784 5692 ansietate
843 5614 1240 5697 ἀπορούμενοι,
1281 5609 1535 5697 ιίιιψιίιξ
1569 5620 1680 5671 ἀλλ’
1715 5623 1815 5673 οὐκ
1883 5621 2081 5686 ἐξαπο-

2200 5609 2361 5678 ’θέρω
2410 5609 2677 5686 Graecam,
2732 5643 2795 5680 ac
2838 5644 2935 5681 ceu
2984 5645 3046 5680 ex
3106 5645 3165 5680 ea
3222 5609 3465 5680 Latinani
3521 5631 3746 5697 lingere,

519 5676 806 5758 ρούρενοις
844 5676 996 5748 quasi
1024 5676 1188 5758 dicat
1219 5676 1234 5737 :7
1268 5676 1422 5740 on-ii
1467 5676 1681 5756 quidem
1707 5730 1721 5751 ,
1762 5701 1817 5743 at
1853 5676 1960 5744 non
2006 5694 2074 5746 ita

518 5757 575 5801 ut
606 5755 849 5805 anxietas
888 5755 1110 5808 omnino
1142 5755 1354 5820 vincat,
1396 5774 1458 5812 ac
1490 5755 1653 5823 velut,
1709 5764 1760 5815 in
1819 5763 2073 5831 despera-

2176 5712 2284 5764 quo
2314 5713 2409 5757 sua
2453 5697 2528 5748 illi
2561 5697 2862 5764 amplitudo
2893 5704 3230 5752 consisteret.
3259 5699 3601 5766 Aporiamur,
3631 5705 3746 5765 sed,

2180 5777 2284 5821 etc.
2313 5766 2474 5821 Plane
2508 5777 2684 5821 tamen
2722 5769 3009 5824 obscurius
3048 5781 3149 5823 est.
