3968 6462
235 410 372 477 1833

1180 417 1276 477 DE
1309 417 1538 480 OBITU
1581 416 1622 479 S
1676 418 2428 482 THEODORISTUDITJE

3315 418 3450 490 1834

220 525 394 588 οὕτως
434 520 587 594 ἡμῶν
615 523 713 594 τῆς
738 525 997 595 ταπεινῆς
1023 526 1197 597 ψυχῆς
1225 523 1689 598 συμπεπτωκυίας
1719 532 1783 600 τῇ

1888 531 2258 600 importunum
2285 533 2356 588 sit
2380 531 2533 601 plura
2552 531 2652 585 viri
2691 531 2934 586 facinora
2967 532 3160 589 litteris
3192 532 3448 592 inserere-

219 616 386 687 λύπῃ.
421 616 486 668 Τί
520 615 627 686 γάρ
647 615 754 668 τῶν
776 617 981 670 ἑκείνου
1011 617 1271 682 τοιοῦτον,
1301 613 1410 673 οἷον
1439 620 1472 691 ἢ
1511 621 1609 692 τῆς
1646 622 1784 692 μνή-

224 721 332 774 μης
359 703 514 774 ήμῶν
543 705 816 769 ἐκπεσεῖν,
847 703 880 772 ἢ
907 707 1214 760 σιωπᾶσθαι
1248 708 1395 774 ἀξιον
1433 709 1780 779 νομισθῆναι;

232 794 374 847 ’ἀλλ’
402 793 548 866 οἴμοι
580 795 659 864 τῷ
686 795 953 866 ταπεινιῖη
989 795 1197 852 ἔνδοθεν
1219 801 1308 868 ὑφ’
1341 801 1532 870 ήδονής
1561 801 1668 853 τῶν
1694 800 1783 854 λε-

219 884 459 953 χθέντων
510 884 846 955 κινούμενος,
893 887 1090 956 λέληθα
1125 889 1360 957 ἐμαυτὸν
1397 891 1785 961 ὲμφιλοχωρῶν

217 973 297 1044 τῷ
330 974 511 1038 πάθει,
542 975 637 1028 καὶ
665 975 1103 1045 ὑπομιμνήσκειν
1128 976 1270 1045 ὑμᾶς
1297 977 1365 1031 τά
1388 978 1482 1031 τοῦ
1514 979 1783 1048 μακαρίου

221 1062 358 1132 πρὸς
411 1064 562 1132 ἡμᾶς
609 1063 1077 1133 πρακτικεύματα,
1114 1068 1544 1137 παρηγορεῖσθαι
1575 1070 1782 1124 δοκῶν·

217 1152 526 1206 τούναντίον
561 1151 837 1222 επικνήθω
877 1153 1029 1223 ὑμῶν
1091 1154 1152 1207 τὸ
1197 1157 1296 1226 τῆς
1328 1158 1505 1227 ψυχῆς
1544 1159 1784 1229 τραῦμα,

217 1243 312 1297 καὶ
342 1243 568 1297 ἀνάπτω
590 1242 688 1309 τὴν
715 1246 817 1312 τῆς
847 1243 1072 1314 καρδίας
1095 1243 1287 1314 φλόγα,
1311 1250 1404 1300 καὶ
1423 1247 1568 1312 αῠεω
1595 1249 1656 1302 τδ
1684 1251 1788 1304 πά-

216 1333 332 1398 θος,
364 1335 459 1389 καὶ
479 1335 729 1404 δακρύων
756 1333 910 1404 ὑμῶν
932 1336 1070 1408 τάχα
1094 1337 1220 1402 τοὺς
1240 1338 1564 1407 ἀδελφικοὺς
1590 1341 1785 1410 ὀφθαλ-

221 1427 359 1496 μοὺς
387 1427 606 1494 ἀποπλη
615 1429 712 1496 ρῶ.

297 1518 458 1573 Ἀλλά
490 1537 579 1589 μοι
605 1519 763 1591 δεῦρο
784 1559 803 1587 ,
847 1516 892 1576 ὦ
949 1522 1207 1595 Πατάρων
1248 1523 1480 1596 ἄριστοι,
1511 1525 1605 1579 καὶ
1633 1524 1785 1579 ἀδελ.

213 1610 332 1678 φῶν
385 1610 772 1680 γνησιώτατοι·
819 1613 894 1684 μή
944 1615 1106 1686 μέχρι
1145 1615 1348 1668 τούτων
1391 1616 1483 1669 τὸν
1529 1616 1783 1689 λογισμὸν

214 1701 524 1772 στήσωμεν,
559 1703 693 1773 μηδὲ
717 1704 1282 1774 καταμαλακισθῶμεν
1323 1706 1417 1758 καὶ
1462 1708 1781 1770 καταπέσω-

1883 622 2021 687 Quid
2058 623 2204 678 enim
2235 638 2324 679 res
2347 623 2465 692 ejus
2508 623 2613 678 tale
2653 622 2877 688 habent,
2913 633 2972 678 ut
3004 624 3090 678 vel
3133 625 3448 685 excisurum

1884 713 2167 776 memoria.
2199 714 2282 768 vel
2312 714 2537 784 dignum
2567 715 2712 785 quod
2744 723 3009 781 taceatur,
3047 716 3239 772 debeat
3265 717 3451 773 existi-

1887 803 2063 856 mari?
2116 803 2222 860 Sed
2263 805 2366 860 heu
2428 820 2516 861 me
2569 806 2864 860 humilemi
2909 807 3057 862 Intus
3109 807 3447 874 stimulante,

1885 907 2050 961 quam
2088 892 2227 948 dicta
2259 894 2588 963 voluptatem
2615 895 2839 963 habent,
2889 896 3005 966 ipse
3055 898 3275 952 nescius
3300 899 3448 954 velut

1887 984 2026 1038 ultro
2047 984 2221 1040 dolori
2249 985 2545 1053 immoror;
2576 1001 2641 1041 ac
2672 986 3011 1058 suggerendo
3046 996 3105 1042 ut
3132 1002 3192 1043 se
3213 987 3300 1042 vir
3319 988 3448 1044 bea-

1887 1083 1978 1130 tus
2020 1075 2075 1130 in
2110 1091 2212 1132 nos
2260 1076 2505 1145 haberet,
2550 1077 2698 1134 visus
2735 1079 3028 1145 consolari,
3061 1080 3244 1150 potius
3279 1079 3448 1135 vestri

1887 1165 2054 1220 animi
2072 1166 2273 1221 vulnus
2299 1165 2521 1232 refrico,
2547 1168 2893 1237 accendoque
2916 1170 3154 1238 pectoris
3175 1168 3446 1226 ﬂammam

1887 1269 1952 1309 ac
1979 1271 2154 1325 augeo
2190 1257 2460 1324 dolorem,
2503 1257 2722 1327 forsque
2777 1258 3004 1315 fratrum
3045 1260 3235 1316 oculos
3275 1260 3449 1330 lacry-

1887 1348 1991 1403 mis
2029 1348 2243 1418 oppleo.

1955 1521 2261 1590 Enimvero,
2294 1524 2478 1580 adeste
2508 1523 2672 1591 mihi,
2707 1533 2889 1594 patres
2918 1526 3130 1596 Optimi,
3160 1541 3224 1583 ac
3253 1526 3448 1583 fratres

1885 1613 2242 1669 sincerissimi
2275 1633 2288 1668 :
2321 1629 2388 1670 ne
2410 1615 2516 1670 huc
2540 1630 2714 1686 usque
2743 1617 3150 1674 cohibuerimus
3184 1620 3445 1680 animum.

1885 1716 2020 1756 neve
2047 1702 2410 1766 emolliamur,
2439 1712 2532 1758 aut
2573 1703 2761 1760 dolore
2787 1704 3140 1760 concidamus
3173 1721 3239 1760 ne
3263 1714 3318 1761 et
3349 1721 3448 1762 nos

216 1811 320 1864 μεν
370 1794 446 1865 τῷ
490 1795 672 1860 πάθει,
722 1797 808 1852 ἵνα
854 1799 928 1868 μὴ
977 1801 1331 1872 κατηγορήσῃ
1386 1801 1480 1854 καὶ
1535 1801 1694 1871 ήμῶν
1754 1807 1783 1855 ὁ

1888 1806 2116 1862 magnus
2144 1792 2440 1863 Apostolus
2487 1794 2877 1864 vituperaverit
2912 1812 2925 1848 :
2959 1796 3052 1850 sed
3101 1811 3448 1851 recurramus

214 1885 392 1954 μέγας
440 1885 794 1954 ’Δπόστολοςῤ
829 1887 1229 1958 ἀναδράμωμεν
1278 1871 1372 1944 ἐπὶ
1418 1889 1516 1960 τὴν
1558 1893 1780 1962 ἀρχαιο-

1888 1881 1950 1934 ad
1983 1881 2235 1951 antiquas
2269 1881 2649 1952 generationes
2674 1922 2688 1945 .
2752 1884 3143 1953 videamusque
3192 1901 3222 1938 a
3275 1886 3450 1955 primo

209 1973 418 2042 γονίαν,
449 1975 542 2028 καὶ
573 1974 773 2044 ἴδωμεν
796 1975 903 2030 ἀπὸ
930 1975 1022 2029 τοῦ
1047 1976 1391 2049 προπάτορος
1419 1977 1578 2047 ήμῶν
1619 1979 1778 2050 μέχρι

205 2064 309 2119 τοῦ
330 2064 490 2136 δεῦρο
507 2079 523 2096 ο
551 2065 643 2118 καί
669 2083 732 2134 γε
757 2068 862 2135 πρὸ
883 2065 991 2119 τῶν
1010 2065 1182 2121 ἀλλων
1203 2068 1328 2131 τοὺς
1349 2067 1467 2138 Θεῷ
1488 2068 1781 2142 εὐαρεστη·

207 2156 379 2217 κότας
403 2156 492 2210 διά
527 2155 645 2226 βίου
679 2157 771 2211 καὶ
801 2156 1076 2220 πολιτείας
1104 2158 1337 2229 ἀρίστης
1357 2175 1370 2190 ·
1395 2145 1536 2227 λέγω
1563 2160 1627 2231 δὴ
1655 2163 1780 2226 τοὺς

210 2246 322 2317 πρὸ
361 2249 525 2317 νόμου
565 2249 826 2317 πατέρας,
857 2248 1222 2320 πατριάρχας,
1261 2249 1530 2320 Ἀϐραὰμ,
1576 2251 1776 2317 Ἰσαάκ,

224 2333 460 2390 ἰακὼϐο
515 2339 642 2399 τοὺς
695 2337 800 2408 πρὸ
854 2337 1053 2401 αὐτῶν,
1101 2339 1196 2392 καὶ
1250 2339 1369 2410 μετ’
1411 2341 1626 2405 αὐτοὺς,
1659 2343 1781 2407 τοὺς

211 2426 272 2480 ἂν
298 2427 467 2496 νόμῳ.
498 2428 700 2482 Μωσέα
733 2430 826 2482 καὶ
868 2427 1076 2500 Ἀαρών
1099 2446 1113 2460 '
1153 2430 1280 2492 τοὺς
1311 2432 1627 2500 μετέπειτα,
1655 2451 1779 2505 κρι-

211 2516 316 2580 τὰς
352 2518 446 2570 καὶ
476 2519 792 2589 προφήταςο
825 2520 950 2583 τοὺς
982 2521 1041 2573 ὲν
1073 2523 1139 2591 τῇ
1172 2521 1372 2592 χάριτι,
1417 2523 1780 2589 ἀποστόλους,

217 2607 526 2677 μάρτυρας,
590 2606 947 2677 ὁμολογητάς,
1007 2609 1286 2679 ίεράρχας,
1345 2610 1548 2676 ὁσίους,
1618 2613 1782 2681 μέχρι

211 2693 310 2748 τοῦ
367 2695 838 2765 μνημονευομένω
864 2710 877 2724 ⁸
939 2697 1032 2749 καὶ
1080 2696 1155 2759 ὠς
1210 2696 1435 2751 ἕκαστον
1476 2699 1680 2754 τούτων
1716 2705 1780 2770 τῇ

216 2786 324 2857 ἰδίᾳ
381 2787 544 2856 γενεᾷ
592 2787 887 2856 ἐπιτρέψας
937 2787 1422 2860 ὑπηρετήσασθαι,
1455 2793 1566 2854 τοῖς
1642 2793 1782 2846 καθ·

213 2877 412 2946 ήκουσι
458 2875 671 2947 χρόνοις
703 2879 840 2949 πρὸς
869 2878 1058 2932 ἑαυτὸν
1088 2879 1248 2934 πάλιν
1279 2881 1786 2941 ἀνεκαλέσατολία).

218 2971 296 3040 μὴ
327 2969 568 3023 λυπείτω
602 2971 747 3040 ὑμᾶς
802 2970 951 3039 ἡτοῦ
1005 2972 1332 3043 ἀειμνήστου
1394 2976 1727 3044 μετάστασις
1769 2995 1782 3008 ·

216 3058 558 3130 εὐφραινέτω
585 3060 641 3113 δὲ
679 3061 898 3130 μᾶλλον,
933 3061 1014 3115 ὅτι
1055 3063 1165 3115 τῶν
1195 3066 1787 3134 προμνημονευθέντων

219 3152 577 3223 συναρίθμιος
605 3155 700 3206 καὶ
736 3154 1098 3224 συμμέτοχος,
1122 3155 1198 3217 ὡς
1225 3157 1292 3209 τά
1321 3157 1409 3211 ῐσα
1439 3162 1533 3211 καὶ
1584 3160 1788 3228 ἀγωνι-

218 3245 453 3314 σάμενος
478 3245 767 3315 ἀριδήλως.
794 3247 922 3299 Ὅτι
950 3247 1071 3300 οὐδὲ
1104 3249 1457 3303 ἀπολέλοιπεν
1507 3253 1652 3320 ἡμᾶς
1703 3252 1783 3306 εῐ-

217 3351 327 3405 περ
355 3333 600 3404 θέλομεν,
631 3336 766 3388 ἀλλά
802 3336 920 3404 μεθ’
948 3337 1104 3406 ήμῶν
1133 3340 1300 3405 ἐστιν,
1341 3340 1392 3391 εἴ
1419 3357 1503 3408 γε,
1529 3341 1604 3406 ὡς
1625 3342 1787 3406 αὐτὸς

217 3423 346 3495 εφη,
406 3425 504 3488 τὰς
555 3425 775 3488 ἐντολὰς
833 3426 998 3480 αὐτοῦ
1062 3429 1412 3498 τηρήσομεν’
1473 3432 1786 3501 ὐπερτέρως

215 3515 345 3586 ἄρτι
374 3510 572 3584 ἰσχύων
609 3515 934 3586 πρεσϐεύειν
961 3534 1022 3570 τε
1048 3519 1144 3572 καὶ
1177 3519 1392 3588 βοηθεῖν
1417 3537 1429 3551 ·
1471 3524 1564 3574 καὶ
1599 3523 1785 3576 τοσοῦ-

214 3623 329 3672 τον,
353 3607 478 3659 ὅσον
508 3609 565 3658 ὲν
581 3606 976 3677 ὑποδείγματος
999 3608 1132 3679 ὅρῳ,
1148 3611 1410 3682 πρότερον
1433 3612 1501 3666 δι’
1523 3612 1784 3684 ἐσόπτρου

215 3696 310 3749 καὶ
329 3697 672 3766 αίνίγματος,
707 3697 802 3750 νῦν
827 3699 882 3751 δὲ
915 3699 1208 3769 πρόσωπον
1279 3701 1416 3770 πρὸς
1473 3703 1781 3773 πρόσωπον,

214 3788 620 3858 καθαρωτέρως
652 3789 746 3843 καὶ
769 3788 921 3860 λαμπ
940 3792 1176 3860 ροτέρως
1230 3791 1307 3862 τῷ
1336 3793 1455 3862 Θεῷ
1513 3795 1786 3865 λατρεύων

215 3883 312 3935 καὶ
333 3880 686 3951 λειτουργῶν.
723 3882 834 3934 Καὶ
856 3881 1036 3949 ὀλίγον
1071 3883 1442 3954 προενήρξατο
1498 3886 1596 3954 τῆς
1647 3887 1783 3953 πρὸς

213 3972 350 4026 Θεὸν
371 3971 514 4035 ὁδοῦ,
554 3972 923 4042 προοδοποιιῖΝ
983 3975 1114 4043 ήμῖν
1165 3976 1368 4045 ταύτην
1399 3992 1414 4007 ο
1453 3977 1784 4047 εὐτρεπίζιιιν

213 4065 352 4134 ἡμῖν
389 4065 644 4117 κάκεῖθεν
666 4064 1022 4129 ἀναπαύσεως
1048 4067 1356 4138 κατάλυμα,
1390 4069 1547 4139 εἴπερ
1595 4071 1784 4140 εὐαρέ-

215 4171 361 4217 στως
399 4154 589 4224 Κυρίῳ
620 4153 988 4224 βιοτεύσομεν,
1015 4158 1107 4209 καὶ
1140 4157 1214 4219 ὡς
1244 4159 1404 4222 αὐτὸς
1435 4161 1563 4230 ήμῖν
1586 4161 1782 4231 ἐμαοήο

212 4262 407 4299 τευσεν
472 4245 616 4316 ἔργῳ
679 4248 774 4299 καὶ
817 4247 976 4315 λόγῳ.
1049 4248 1237 4302 Ταῦτα
1293 4251 1783 4322 παρηγορείτωσαν

214 4337 373 4407 ὑμῶν
400 4335 498 4407 τὴν
528 4338 804 4408 μακαρίαν
835 4339 1033 4408 ψυχήν.
1077 4341 1166 4392 Ἐν
1199 4341 1408 4405 τούτοις
1437 4343 1735 4412 ἀνιστορῶν
1756 4348 1783 4397 ό

215 4426 600 4498 καθαρώτατος
650 4429 804 4496 ὑμῶν
833 4429 976 4492 νοῦς,
1040 4431 1411 4494 σαϐϐατιζέτω
1477 4433 1572 4487 καὶ
1623 4435 1783 4487 οἱονεὶ

1882 1976 2101 2034 parente
2126 1977 2335 2033 nostro,
2375 1968 2440 2022 ad
2465 1969 2568 2024 hoc
2609 1986 2784 2040 usque
2811 1980 3061 2040 tempus;
3085 1981 3246 2042 atque
3273 1988 3365 2029 eos
3393 1974 3446 2029 in

1881 2058 2089 2126 primis,
2122 2058 2215 2127 qui
2242 2059 2351 2114 vita
2388 2074 2451 2114 ac
2478 2062 2678 2129 Optima
2715 2061 3159 2125 conversatione,
3195 2061 3303 2119 Deo
3330 2064 3450 2134 pla-

1881 2155 2110 2201 cuerunt
2126 2148 2358 2213 :Patres,
2380 2149 2621 2218 inquam,
2637 2151 2749 2218 lege
2775 2150 3134 2220 antiquiores,
3149 2152 3447 2218 Abraham,

1883 2235 2049 2300 Isaac,
2088 2235 2255 2292 Jacob
2283 2257 2295 2291 :
2323 2240 2433 2294 illis
2473 2249 2632 2295 aetate
2663 2244 2994 2310 superiores,
3048 2258 3114 2298 ac
3163 2254 3446 2313 posteros:

1883 2341 1977 2380 eos
2004 2327 2094 2396 qui
2119 2327 2378 2383 vixerunt
2403 2329 2508 2384 sub
2549 2332 2686 2402 lege,
2735 2330 2919 2387 Mosen
2952 2342 3007 2387 et
3049 2335 3231 2388 Aaron
3261 2351 3275 2388 ς
3301 2349 3452 2390 secu-

1884 2428 2074 2487 tosque
2099 2418 2316 2488 judices
2371 2431 2425 2475 et
2460 2422 2776 2492 prophetas.
2821 2424 2928 2479 Eos
2965 2426 3060 2494 qui
3111 2426 3214 2481 sub
3253 2425 3447 2496 gratia,

1883 2511 2184 2577 apostolos,
2217 2522 2506 2582 martyres,
2539 2511 2889 2568 confessores
2913 2553 2927 2575 ,
2963 2514 3278 2584 pontiﬁces,
3321 2531 3450 2572 san-

1885 2608 2004 2656 ctos
2025 2600 2123 2672 (7),
2156 2602 2220 2656 ad
2257 2603 2402 2657 hunc
2432 2618 2625 2672 usque,
2669 2604 2735 2657 de
2781 2620 2890 2673 quo
2921 2606 3077 2661 nobis
3103 2615 3188 2661 est
3226 2620 3406 2662 sermo
3435 2619 3448 2660 :

1887 2703 2053 2760 utque
2106 2692 2268 2756 Dens,
2324 2693 2414 2747 ubi
2475 2694 2723 2762 singulos
2757 2711 2870 2749 sua:
2906 2711 3178 2766 quemque
3205 2698 3349 2751 :etati
3389 2712 3454 2752 ac

1888 2782 1970 2836 sui
2004 2782 2101 2836 aevi
2130 2781 2446 2839 hominibus
2482 2784 2708 2854 obsequi
2746 2787 3103 2854 permisisset,
3154 2789 3220 2842 ad
3251 2804 3312 2843 se
3332 2803 3453 2842 rur-

1889 2887 2008 2926 sum
2025 2861 2284 2942 congruis
2314 2874 2652 2943 temporibus
2681 2878 3034 2931 revocaverit.
3069 2876 3179 2932 Nec
3201 2891 3331 2934 vero
3358 2891 3453 2931 vos

1889 2966 2146 3019 transitus
2174 2965 2242 3019 ab
2261 2966 2517 3019 humanis
2536 2966 2860 3036 sempiterna
2897 2968 3160 3023 memoria
3189 2970 3289 3023 viri
3321 2984 3451 3024 con-

1891 3056 2212 3118 tristaverit,
2250 3057 2430 3125 potius
2460 3071 2590 3112 vero
2608 3057 2846 3112 laetitiam
2884 3059 3036 3113 vobis
3065 3057 3276 3121 fecerit,
3310 3059 3454 3128 quod

1893 3147 1960 3202 iis
1988 3162 2223 3216 quorum
2261 3148 2631 3212 meminimus,
2668 3151 2738 3203 sit
2791 3158 3114 3213 consertus,
3171 3149 3458 3220 factusque

1887 3252 2074 3292 eorum
2111 3238 2402 3308 particeps,
2432 3239 2575 3293 velut
2619 3241 2711 3308 qui
2743 3240 2930 3296 eadem
2968 3241 3147 3311 palam
3177 3241 3458 3297 desudarit

1889 3328 2204 3394 certamina,
2249 3329 2524 3400 vitamque
2573 3333 2820 3385 eamdem
2847 3332 3086 3386 duxerit.
3119 3330 3255 3386 Nam
3280 3345 3458 3402 neque

1888 3420 1934 3476 si
1959 3421 2230 3484 volumus,
2253 3435 2352 3477 nos
2375 3421 2695 3492 dereliquit:
2719 3424 2849 3492 quin
2871 3435 3123 3478 versatur
3139 3423 3456 3480 nobiseum:

1888 3515 2070 3579 modo,
2102 3523 2161 3569 ut
2207 3515 2344 3568 dixit
2388 3514 2520 3584 ipse,
2572 3515 2690 3584 ejus
2726 3514 2982 3569 mandata
3024 3516 3454 3579 servaverimus;

1889 3604 2159 3673 potentior
2203 3605 2315 3675 jam
2360 3605 2425 3658 ad
2468 3605 2911 3659 intercessionem
2953 3613 3119 3674 atque
3146 3605 3454 3660 auxilium:

1890 3709 2148 3766 tantoque
2177 3695 2432 3765 amplius,
2476 3705 2761 3765 quantum,
2794 3695 3027 3764 exempli
3065 3710 3228 3751 causa
3262 3694 3450 3758 refert,

1887 3797 1945 3842 ut
1979 3788 2128 3856 prius
2171 3802 2264 3856 per
2316 3786 2597 3856 speculum
2643 3786 2696 3840 in
2740 3784 3046 3856 aenigmate,
3094 3800 3242 3841 nunc
3275 3796 3457 3840 autem

1887 3879 2026 3933 facie
2065 3879 2129 3931 ad
2155 3878 2370 3940 faciem,
2410 3877 2601 3947 purius
2642 3875 3094 3947 splendidiusqne
3116 3875 3229 3931 Deo
3259 3877 3459 3931 serviat

1885 3982 2044 4040 atque
2076 3971 2372 4024 ministret.
2431 3973 2508 4022 Ae
2555 3970 2700 4039 prior
2736 3969 3134 4038 aliquantulum
3175 3967 3269 4021 Dei
3317 3967 3455 4020 viam

1886 4063 2187 4124 inchoavit,
2219 4063 2374 4116 nobis
2401 4060 2606 4115 faciens
2647 4061 2750 4114 iter
2778 4078 2788 4111 :
2829 4061 2939 4114 illic
2964 4068 3258 4129 paraturus
3290 4059 3458 4114 beatae

1885 4155 2087 4224 quietis
2123 4154 2492 4208 habitaculum
2523 4192 2537 4216 ,
2574 4152 2876 4206 dummodo
2905 4153 3013 4205 Deo
3047 4150 3259 4219 placitis
3293 4149 3459 4203 mori-

1886 4249 1986 4300 hus
2021 4246 2319 4300 vixerimus
2345 4287 2359 4310 ,
2395 4261 2500 4313 qua
2537 4245 2653 4313 ipse
2697 4245 2927 4308 ratione,
2978 4241 3144 4299 verbo
3188 4249 3242 4295 et
3296 4253 3458 4310 opere

1884 4338 2090 4393 docuit.
2146 4339 2268 4391 Sint
2292 4338 2408 4392 haec
2441 4337 2610 4390 beatae
2637 4334 2832 4388 animae
2858 4342 3054 4389 vestra:
3084 4330 3295 4386 solatia.
3333 4327 3456 4384 Haec

1885 4430 2132 4485 recolens
2181 4428 2474 4497 purissima
2530 4441 2685 4480 mens
2747 4427 2964 4488 vestra,
3034 4422 3333 4478 Sabbatum
3395 4435 3461 4476 ac

217 4517 596 4572 καταπαυέτω.
630 4519 739 4580 Τὰς
758 4519 814 4572 δὲ
841 4518 932 4572 τοῦ
958 4521 1260 4589 τρισολείου
1309 4522 1517 4588 Πατρὸς
1567 4523 1783 4587 ἐντολὰς

1888 4519 2122 4591 quietem
2150 4525 2292 4588 agat.
2341 4517 2446 4571 Ter
2483 4516 2624 4571 beati
2684 4515 2856 4586 patris
2884 4513 3138 4568 mandata
3165 4519 3222 4566 et
3268 4511 3458 4566 admo-

215 4612 312 4665 καὶ
340 4610 642 4676 νουθεσίας,
673 4613 765 4665 καὶ
789 4612 933 4681 μάλα
973 4613 1184 4684 ἡμέρας
1251 4616 1344 4666 καὶ
1404 4617 1597 4679 νυκτὸς
1650 4617 1784 4669 ἀνα-

222 4703 675 4773 μιμνησκόμενοι,
710 4704 802 4756 καὶ
829 4704 1110 4773 προσεχῶς
1137 4708 1195 4757 ὲν
1236 4706 1457 4768 ταύταις
1491 4707 1784 4776 ὲνασχλού-

219 4808 372 4861 μενοι
406 4791 500 4844 καὶ
531 4792 861 4859 μελετῶντες
885 4807 897 4820 ·
929 4791 1070 4844 οὕτω
1091 4794 1198 4862 γὰρ
1229 4796 1321 4845 καὶ
1346 4794 1463 4865 Θεῷ
1493 4795 1789 4866 εὐαρεστή-

217 4899 384 4950 σομεν
429 4875 473 4949 ᾧ
526 4883 1064 4954 προσκεκολλήμεθα,
1121 4885 1213 4936 καὶ
1280 4884 1369 4936 τὸν
1431 4886 1788 4955 προκείμενον

215 4973 405 5040 ἀγῶνα
430 4971 592 5035 ὁσίως
621 4973 998 5044 ὲκτελέσομεν,
1021 4976 1110 5027 καὶ
1132 4975 1519 5045 δοξασθήσεται
1550 4975 1616 5030 δι’
1633 4977 1788 5046 ήμῶν

217 5063 312 5116 καὶ
341 5061 736 5126 ἀντιδοξάσειεν
754 5065 900 5132 ἡμᾶς
931 5065 1201 5127 ἐντεῦθεν,
1234 5066 1326 5118 καὶ
1355 5067 1412 5118 ἐν
1439 5066 1517 5136 τῷ
1543 5066 1787 5135 μέλλοντι

219 5151 500 5219 ἑτοιμάσει
530 5152 663 5220 ἡμῖν
695 5151 974 5222 βασιλείαν
1000 5154 1262 5225 οὐρανῶν.
1322 5155 1432 5207 Καὶ
1483 5156 1654 5210 ταῦτα
1691 5158 1787 5228 μὲν

217 5240 453 5312 διῆλθον,
472 5243 518 5294 εἰ
539 5245 634 5296 καὶ
652 5243 789 5315 ὑπὲρ
806 5245 1092 5315 ἐπιστολὴν
1127 5246 1274 5316 παρά
1293 5263 1452 5299 τινων
1477 5246 1750 5316 λογισθείη
1769 5264 1784 5279 ο

195 5335 358 5404 πρὸς
385 5335 444 5388 δὲ
466 5337 534 5389 τά
563 5337 864 5409 ὀφείλοντα,
898 5337 1016 5390 οὐδὲ
1046 5339 1209 5409 μέρος
1271 5339 1558 5408 ἐπιστολῆς
1583 5355 1599 5374 ·
1652 5339 1786 5410 ὁμοῦ

225 5429 347 5497 μὲν,
389 5427 458 5481 τά
487 5429 746 5483 κατάτδν
787 5430 1057 5501 μακάριον
1093 5432 1297 5483 ἐκεῖνον
1329 5433 1788 5502 ἁνδραγαθήματα

1889 4613 2123 4667 nitioues
2153 4609 2246 4664 diu
2282 4617 2558 4678 noctuque
2605 4608 2870 4662 memoria
2910 4605 3243 4668 retinentes,
3285 4602 3456 4658 otium

1888 4703 1941 4756 in
1969 4702 2077 4755 illis
2108 4714 2375 4770 ponamus
2411 4713 2478 4754 ac
2510 4698 2834 4753 meditemur
2867 4715 2881 4751 :
2915 4697 2995 4751 sic
3036 4694 3180 4749 enim
3202 4733 3217 4759 ,
3248 4704 3303 4749 et
3339 4693 3458 4762 plac

1888 4794 2163 4849 cuerimus
2183 4791 2289 4846 Deo
2307 4791 2393 4846 cui
2419 4790 2770 4854 adhaesimus,
2797 4798 3093 4856 sancteque
3113 4785 3457 4856 propositum

1889 4893 2163 4939 certamen
2193 4882 2592 4938 confecerimus
2623 4899 2635 4935 :
2675 4881 2831 4950 isque
2863 4895 2893 4933 a
2931 4878 3090 4934 nobis
3122 4875 3458 4947 glorificabi-

1895 4984 2000 5037 tur,
2031 4989 2095 5027 ac
2123 4971 2361 5027 vicissim
2387 4969 2733 5042 glorificahit,
2765 4969 3060 5038 futuroque
3085 4965 3284 5022 mulo
3324 4979 3459 5035 pra-

1893 5065 2104 5136 parabit
2125 5064 2345 5120 cmleste
2369 5078 2614 5134 regnum.
2651 5063 2830 5130 Atque
2856 5060 2972 5116 haec
2999 5060 3293 5124 hactenus;
3322 5071 3461 5127 quo-

1894 5153 2142 5208 rumdam
2165 5153 2302 5206 forte
2322 5151 2533 5222 judicio
2562 5165 2727 5219 supra
2785 5148 3031 5218 epistola:
3058 5146 3312 5211 modum;
3335 5159 3459 5214 quae

1895 5254 2073 5299 tamen
2107 5259 2205 5298 nec
2234 5242 2476 5313 epistola?
2514 5242 2781 5310 attingant
2819 5247 3048 5308 partem,
3094 5246 3151 5292 ut
3181 5244 3459 5308 spectetur

1895 5336 2178 5392 debitum:
2216 5343 2370 5398 tum,
2428 5334 2643 5399 inquam
2669 5373 2682 5395 ,
2721 5331 2868 5401 quod
2916 5330 3056 5385 beati
3104 5328 3207 5384 viri
3243 5328 3458 5397 egregia

1897 5430 2112 5491 merito,
2149 5425 2481 5492 humilisque
2538 5439 2601 5479 ac
2642 5423 2850 5479 afﬂictae
2905 5423 3101 5477 anima:
3148 5428 3354 5475 nostra
3403 5417 3457 5472 in

1731 5558 1957 5622 NOTIE.

301 5671 649 5746 (ηδαιισιοι.
687 5674 883 5735 ὁσίους.
946 5674 1077 5728 Eam
1125 5691 1308 5730 vocem
1361 5678 1631 5746 praecipue
1665 5693 1784 5731 mo-

234 5743 752 5814 nachisassignant
781 5782 796 5806 ,
859 5758 988 5798 suas
1034 5747 1228 5814 cuique
1277 5747 1485 5810 ordini,
1530 5743 1598 5799 nt
1661 5757 1787 5801 sunt

236 5813 406 5867 Grani
437 5812 837 5882 ἀκριϐέστατοι,
876 5812 1414 5885 Ιιαιιοηιρδήρτορτίιιε
1463 5834 1474 5869 :
1525 5816 1614 5870 Sic
1665 5833 1787 5887 pas-

565 5905 828 5964 Pnu0L.
863 5906 975 5964 Gn.
1013 5905 1236 5967 XCIX.

1892 5676 1994 5751 sim
2027 5670 2302 5740 apostolos
2333 5679 2530 5726 vocant
2552 5669 2959 5751 ‘Raveucpﬁtmta;
2977 5684 3009 5751 ογ
3028 5663 3454 5751 ίερομάρτυρας,

1892 5738 2190 5813 ερὶεεόροε
2208 5751 2472 5812 martyres
2503 5759 2516 5795 :
2547 5738 2790 5805 δικαίους
2808 5738 2840 5806 ’,’
2863 5738 3095 5797 sanctos
3114 5738 3450 5810 cenjugatos.

1895 5812 1989 5870 seu
2017 5827 2113 5869 uec
2147 5812 2382 5883 virgines
2413 5826 2512 5866 nec
2557 5823 2840 5884 martyres,
2871 5819 2976 5868 etc.

2981 5898 3059 5963 88
