3968 6472
504 362 640 425 1835

1378 351 1775 415 APPENDIX.
1812 350 2315 414 -NAUCRATII
2388 351 2795 413 ENCYCLICA

3591 346 3731 411 1836

497 488 620 528 eum
652 466 1035 531 necessitudo;
1071 472 1185 520 tum
1216 465 1360 534 quod
1394 464 1650 519 fraternae
1690 472 1886 520 vestras
1925 464 2060 518 dile-

2189 463 2261 515 :a.t
2280 462 2378 533 τῆς
2433 462 2693 531 ταπεινῆς
2724 456 2879 528 ἡμῶν
2930 457 3023 510 καὶ
3056 456 3357 512 κατωδῦνου
3408 456 3592 526 ψυχῆς
3638 474 3734 523 φι-

498 560 669 618 ctioni
704 556 1076 628 impertienda:
1104 554 1311 611 salutes
1340 554 1451 624 (8),
1512 567 1578 609 ac
1610 552 1756 609 velut
1788 551 2054 608 solamina

498 650 743 719 exigunt.

570 825 745 882 Porro
773 824 1138 894 quaesieritis;
1182 824 1319 877 bene
1368 820 1528 887 novi;
1566 834 1673 889 qua
1719 818 1929 872 ratione
1964 817 2060 870 ha.

499 917 678 973 buerit
700 917 803 970 viri
837 916 983 970 beati
1002 914 1258 970 dormitio
1285 931 1298 966 :
1326 912 1447 981 quis
1467 925 1596 965 vero
1613 908 1779 963 fuerit
1804 907 2057 961 morbus:

498 1016 702 1080 quotve
730 1008 849 1063 dies
890 1005 1232 1077 decubuerit.
1268 1002 1371 1069 Qui
1421 1002 1615 1056 iterum
1653 1000 1758 1054 sub
1780 1012 2059 1064 egressum

500 1110 781 1153 sermones
809 1110 874 1150 ac
896 1092 1233 1149 valedictorii
1263 1108 1277 1143 :
1310 1090 1581 1160 quodnam
1611 1103 1738 1143 vero
1773 1095 2061 1143 testamen-

499 1197 642 1254 tum,
667 1199 858 1256 quzeve
887 1183 1241 1238 ordinaverit.
1300 1182 1379 1235 Ac
1412 1194 1654 1244 rursum,
1693 1178 1914 1247 quinam
1960 1175 2064 1231 sub

502 1277 625 1332 vita
656 1284 984 1337 extremum,
1006 1282 1060 1327 et
1095 1272 1163 1326 ad
1193 1271 1483 1340 exsequias
1510 1266 1904 1332 concurrerint,
1935 1276 1989 1322 et
2015 1266 2062 1321 si

502 1382 610 1437 qua
649 1365 917 1434 ejusmodi
958 1372 1105 1418 sunt.
1134 1362 1426 1417 Enimvero
1475 1360 1601 1429 quis
1640 1359 1870 1413 idoneus
1909 1357 2059 1423 satis,

503 1467 565 1512 ut
598 1458 713 1516 hac
738 1456 892 1509 vobis
919 1469 1013 1523 per
1042 1454 1251 1507 litteras
1270 1451 1594 1515 annuntiet;
1634 1449 1826 1519 quisve
1847 1448 2063 1501 animus

503 1543 622 1597 sine
660 1540 866 1595 doloris
895 1539 1088 1593 aﬂ‘ectu
1122 1538 1202 1592 vel
1226 1538 1353 1607 quid
1386 1536 1672 1591 minimum
1696 1535 1897 1604 scripto
1929 1548 2062 1589 con-

503 1633 723 1702 signare
760 1632 965 1702 possit;
1004 1640 1259 1685 cteterum
1308 1629 1483 1683 dicam
1529 1628 1675 1682 velut
1727 1642 1965 1689 summa,
2005 1635 2067 1679 ut

506 1724 635 1778 hinc
666 1723 872 1793 aliquid
897 1721 1057 1778 vobis
1101 1721 1278 1777 solatii
1302 1719 1540 1776 accedat.
1568 1718 1788 1774 Morbus
1826 1717 2063 1785 quidem,

2161 553 2575 624 λοστοργήματα
2599 567 2613 581 ·
2665 548 2801 620 ὁμοῦ
2864 547 2941 617 δὲ,
2996 549 3091 601 καὶ
3137 550 3205 618 τῇ
3252 546 3514 616 ἀδελφικῇ
3575 545 3736 614 ὑμῶν

2163 645 2352 715 ἀγάπῃ
2405 642 2911 713 προσφθεγκτήρια,
2968 640 3062 692 καὶ
3097 638 3259 692 οἱονεὶ
3313 637 3679 707 παρηγορητή
3707 664 3736 676 -

2166 751 2277 805 ρια.

2244 821 2622 892 Ἐπιζητοὶητε
2650 820 2726 886 δὲ,
2757 818 2818 872 εὖ
2844 814 2986 883 οῖδα,
3028 818 3144 881 πῶς
3171 835 3230 869 τε
3260 818 3293 887 ὴ
3327 814 3422 869 τοῦ
3460 815 3737 886 μακαρίου

2167 915 2442 983 γοίμησις,
2499 912 2584 974 τίς
2610 926 2668 963 τε
2692 913 2725 980 ἡ
2760 909 2932 971 νόσος,
2970 909 3061 962 καὶ
3108 908 3457 977 ποσαήμερος
3483 908 3517 977 ἡ
3569 905 3741 959 κατά-

2168 1001 2340 1063 κλισις
2362 1015 2379 1032 ⁸
2410 1002 2554 1064 τίνες
2606 1001 2651 1053 δ’
2675 995 2743 1053 αὖ
2773 1001 2823 1051 oi
2850 999 3110 1068 ὲξιτήριοι
3149 996 3323 1064 λόγοι,
3359 997 3457 1049 καὶ
3489 995 3741 1064 προπόμ-

2167 1108 2279 1144 πιοι
2303 1107 2318 1120 ·
2348 1091 2432 1154 τίς
2456 1107 2515 1143 τε
2542 1092 2576 1161 ἡ
2622 1091 2875 1181 διαθῄκη,
2905 1090 2998 1143 καὶ
3029 1086 3270 1153 διάταξις
3298 1103 3313 1117 ο
3343 1089 3437 1140 καὶ
3470 1081 3544 1140 αὖ
3574 1086 3741 1139 πάλιν

2165 1182 2309 1245 τίνες
2328 1181 2380 1233 οἱ
2418 1176 2925 1251 συνδεδραμηκότες
2950 1181 3007 1230 tv
3035 1180 3102 1248 τῇ
3140 1178 3369 1246 ἑσῖίατιᾷ
3387 1176 3584 1246 ταύτῃ,
3618 1176 3740 1245 ἦτοι

2168 1272 2226 1323 tv
2274 1271 2343 1341 τῇ
2378 1269 2585 1340 κηδείᾳ,
2613 1271 2705 1321 καὶ
2731 1270 2829 1321 ὅσα
2881 1269 3067 1338 ἕτερα.
3128 1266 3239 1319 Καὶ
3284 1265 3367 1327 τίς
3429 1266 3614 1327 ἱκανὸς
3651 1265 3743 1317 διὰ

2168 1359 2491 1429 γράμματος
2516 1358 2881 1426 ἀπαγγέλλειν
2914 1360 3063 1427 ὑμῖν,
3100 1357 3194 1409 καὶ
3245 1358 3373 1409 ποία
3428 1355 3578 1425 ψυχὴ
3635 1355 3745 1420 ἔξω

2168 1451 2260 1503 τοῦ
2292 1450 2494 1512 πάθους
2543 1450 2861 1521 ὑπάρχουσα
2915 1446 3118 1516 ίσχύσει
3173 1447 3581 1517 λογογραφῆσαι
3638 1447 3745 1498 κᾶν

2164 1544 2229 1594 ’τὸ
2279 1542 2686 1614 σμικρότατονς
2728 1540 2816 1603 Ὠς
2848 1541 2905 1592 tv
2938 1538 3217 1608 κεφαλαίῳ
3274 1539 3328 1591 δὲ
3352 1538 3610 1608 ἐροῦμεν,
3667 1538 3745 1598 ὡς

2170 1632 2462 1686 κάντεῦθέν
2491 1648 2613 1696 τινα
2638 1630 2987 1701 παραμυθίαν
3017 1629 3274 1699 εὑρέσθαι
3318 1629 3483 1697 ὑμᾶς.
3528 1629 3594 1681 Ἦ
3644 1629 3745 1698 μὲν

2171 1724 2342 1785 νόσος,
2376 1725 2409 1792 ή
2441 1721 2643 1794 ἀρχαία
2665 1737 2681 1753 ’
2708 1722 2854 1788 λέγω
2881 1720 2945 1791 δὴ
2994 1719 3086 1772 τοῦ
3157 1721 3433 1789 στομάχου
3461 1736 3475 1751 ·
3503 1721 3628 1789 ἥτις
3679 1721 3747 1772 ὲκ

504 1813 597 1868 ille
624 1812 1042 1883 antiquusl'uit;
1071 1827 1263 1882 nempe
1288 1810 1577 1867 stomachi.
1611 1808 1682 1873 ls,
1707 1823 1774 1862 ex
1801 1806 2069 1861 diuturnis

2189 1814 2279 1867 τῶν
2322 1813 2685 1884 πολυχρονίων
2722 1812 2977 1881 φυλακῶν
3003 1813 3097 1865 καὶ
3123 1810 3370 1883 ὲξοριῶν,
3408 1811 3627 1880 καὶτῆς
3660 1812 3749 1863 tv-

506 1905 821 1962 carceribus
833 1904 1170 1973 exsiliisque,
1193 1916 1515 1972 summoque
1543 1901 1667 1955 inde
1691 1900 1930 1969 neglectu
1958 1913 2072 1953 cor-

504 1995 680 2066 poris,
713 2000 905 2049 auctus
927 2000 1090 2062 atque
1116 1995 1169 2047 iu
1200 1991 1442 2047 diﬂiciles
1471 1989 1822 2060 aegritudines
1851 2002 2070 2059 promo-

507 2099 663 2151 Vens,
717 2085 773 2141 in
806 2083 1109 2156 perfectam
1162 2082 1381 2137 demum
1441 2080 1670 2136 deietam
1705 2079 2068 2150 appetentiam

508 2176 712 2242 desiit;
740 2184 803 2231 ut
835 2177 915 2230 vir
948 2175 1160 2237 beatus,
1194 2183 1322 2227 ante
1348 2173 1511 2227 etiam
1535 2171 1937 2234 dormitionem,
1979 2170 2069 2223 vix

508 2280 619 2322 non
646 2276 900 2321 mortuus
939 2264 1232 2319 videretur.
1287 2259 1365 2316 Eo
1410 2261 1630 2326 morbo,
1661 2260 1756 2314 ubi
1804 2260 2067 2339 triduum,

508 2354 830 2412 Novembris
874 2354 1069 2418 initio,
1121 2351 1510 2416 decubuisset,
1564 2351 1759 2405 iterum
1799 2350 2072 2405 convaluit

510 2446 692 2503 divina
728 2445 1028 2501 voluntate.
1056 2443 1187 2507 Sed,
1236 2452 1318 2497 ter
1362 2444 1571 2497 beatam
1604 2442 1773 2496 animi
1805 2443 2073 2512 magnitu-

509 2536 727 2601 dinem,
779 2549 845 2589 ac
874 2532 1213 2604 propositum
1262 2530 1461 2586 invicta
1504 2532 1812 2587 constantia
1849 2533 2066 2587 nobile!

508 2624 648 2681 Nam
674 2639 851 2694 neque
888 2638 956 2679 eo
990 2624 1207 2687 morbo,
1256 2622 1491 2692 quietem
1522 2622 1760 2691 aliquam
1798 2623 1882 2677 vel
1919 2623 2071 2678 sola-

512 2714 895 2784 mlnisaliquid
924 2713 1203 2784 indulgere
1228 2712 1398 2766 voluit
1427 2730 1441 2765 :
1473 2712 1545 2765 ita
1578 2712 1634 2765 in
1664 2714 1824 2767 tinem
1844 2713 1920 2782 (9)
1943 2713 2074 2769 ode-

507 2811 600 2861 rat
630 2805 796 2860 vitam
850 2816 1195 2874 praesentem.
1231 2801 1349 2856 tam
1379 2800 1525 2855 enim
1560 2801 1899 2871 longmvitate
1927 2804 2073 2858 defe-

513 2905 672 2961 ctus,
715 2893 983 2961 senioque
1020 2893 1241 2947 attritus
1267 2932 1282 2957 ,
1314 2901 1575 2962 praeterea
1624 2907 1788 2955 vero,
1824 2892 2072 2946 dolorum

512 2982 856 3039 immanitate
889 2982 1000 3051 (l0)
1023 2982 1163 3035 lecto
1191 2981 1403 3044 aﬂixus,
1430 2982 1589 3052 juxta
1623 2980 1936 3036 Davidicum
1960 2997 2075 3037 ser-

516 3087 733 3130 monem
764 3090 779 3127 :
814 3070 939 3126 Non
984 3070 1128 3127 dedit
1168 3086 1410 3126 somnum
1460 3071 1664 3137 oculis,
1697 3086 1857 3140 neque
1892 3070 2074 3141 palpe—

516 3158 624 3217 bris
671 3162 1136 3225 dormitationem;
1173 3178 1235 3214 ac
1276 3178 1437 3231 neque
1478 3164 1705 3232 requiem
1739 3165 2073 3231 temporibus,

515 3255 680 3309 donec
708 3254 988 3307 inveuisset
1013 3252 1185 3305 locum
1227 3251 1455 3306 Domino
1476 3253 1541 3307 ι’,
1577 3254 1655 3307 Αο
1686 3270 1817 3308 sane
1851 3255 2075 3309 inve-nit.

519 3346 691 3414 Quem
721 3343 916 3400 illum?
945 3344 1344 3414 Utiquejugcm
1373 3343 1521 3397 illam
1549 3357 1614 3398 ac
1635 3344 1782 3398 velut
1802 3345 1923 3413 jure
1958 3362 2079 3415 per-

519 3446 685 3509 petuo
717 3444 912 3491 statam
944 3435 1079 3504 (li),
1115 3449 1278 3504 quam
1310 3451 1407 3505 pro
1442 3450 1594 3489 more
1628 3436 1868 3503 quotidie
1894 3452 2081 3506 perso-

522 3537 677 3585 naret
704 3528 999 3584 salutari-in
1046 3528 1368 3591 doctrinam,
1410 3544 1572 3598 quam
1609 3536 1665 3583 et
1704 3528 1845 3583 lecto
1873 3529 2081 3599 jacens,

524 3630 585 3674 ut
612 3618 708 3690 qui
748 3633 856 3673 non
891 3624 1079 3687 posset
1106 3619 1362 3673 collectos
1392 3618 1531 3688 apud
1562 3618 1739 3687 ipsum
1776 3618 1976 3676 fratres
2004 3622 2084 3675 al-

523 3712 635 3765 tius
665 3710 893 3779 alloqui,
923 3710 1015 3762 uni
1035 3709 1337 3763 scribarum
1368 3711 1672 3780 suggessit;
1706 3711 1930 3768 alterius
1951 3713 2084 3782 ipse,

522 3815 662 3855 voce
682 3802 992 3870 alloquens;
1026 3816 1192 3871 quam
1223 3810 1276 3856 et
1304 3812 1503 3856 nostrae
1530 3802 1657 3857 huic
1683 3804 1922 3875 epistola:
1958 3804 2089 3859 sub-

522 3893 783 3963 jecimus,
802 3902 862 3946 ut
880 3892 963 3946 vel
990 3892 1115 3947 hinc
1143 3892 1376 3962 quisque
1403 3895 1619 3963 sapiens
1653 3894 1882 3961 noverit,
1915 3911 2089 3966 neque

525 3983 741 4038 beatam
780 3997 934 4037 suam
976 3982 1356 4038 dormitionem
1397 3985 1688 4040 nescivisse
1737 3985 1916 4062 virum
1959 4002 2086 4041 san-

526 4080 709 4215 :taubm,
757 4072 978 4141 quando
1008 4072 1305 4142 symbolice
1345 4087 1465 4129 eam
1506 4075 1773 4145 praedixit.
1830 4074 1963 4129 Nam
2012 4077 2086 4132 ita

636 4168 713 4215 et.

636 4168 713 4215 et.

593 4273 646 4304 ⁴⁶
674 4271 818 4329 Psal.
856 4287 967 4338 cxi,
1002 4273 1057 4327 4.

2173 1904 2364 1957 τεῦθεν
2391 1904 2598 1968 τελείας
2639 1903 3066 1972 άνεπιμελησίας
3123 1901 3441 1970 αὐξηθεῖσα,
3510 1901 3606 1954 καὶ
3666 1903 3748 1963 είς

2177 1994 2369 2057 πόνους
2420 1995 2697 2056 δυσιάτους
2754 1994 3014 2060 ἐλάσασα,
3067 1994 3146 2054 είς
3203 1991 3415 2045 τελείαν
3461 1990 3748 2059 άνορεξίαν

2176 2084 2457 2155 κατέληξε,
2486 2084 2577 2136 καὶ
2598 2083 2871 2147 τοσοῦτον,
2900 2083 2974 2145 ὡς
3026 2082 3207 2151 σχεδὸν
3265 2081 3457 2150 νεκρὸν
3515 2080 3749 2151 ὁρᾶσθαι

2176 2177 2268 2229 καὶ
2300 2174 2408 2244 πρὸ
2454 2174 2761 2244 κοιμήσεως
2812 2174 2901 2226 τὸν
2958 2171 3239 2241 μακαρίον.
3283 2170 3373 2233 Ἐξ
3420 2166 3490 2241 ἧς
3545 2187 3750 2239 τετρα-

2181 2268 2389 2338 ήμερον
2416 2266 2511 2318 tut
2527 2268 2625 2335 τῆς
2641 2265 2828 2333 κλίνης
2850 2262 3048 2326 πεσὼν,
3071 2266 3127 2316 tv
3143 2263 3283 2332 ἀρχῇ
3314 2260 3407 2314 τοῦ
3434 2262 3748 2331 Νοεμϐρίου

2178 2358 2365 2433 μηνὸς,
2391 2357 2552 2410 πάλιν
2575 2354 2790 2425 εὐδοκία
2815 2354 3017 2425 Κυρίου
3040 2351 3379 2423 sussemet).
3411 2350 3555 2404 Ἀλλ’
3584 2349 3630 2403 ὣ
3648 2351 3749 2420 τῆς

2174 2447 2267 2501 τοῦ
2302 2447 2675 2517 τρισμάκαρος
2711 2444 3116 2516 μεγαλοψυχίας
3172 2443 3267 2495 καὶ
3320 2441 3745 2510 γενναιότητοςί

2174 2538 2256 2589 ὅτι
2283 2535 2404 2589 οὑδὲ
2428 2538 2487 2589 tv
2515 2536 2649 2605 αὐτῇ
2673 2537 2740 2604 τῇ
2771 2534 2911 2604 νόσῳ
2940 2533 3195 2602 ἠρεμίας,
3225 2530 3260 2599 ἦ
3289 2546 3434 2592 τινος
3464 2530 3752 2599 παρακλή-

2178 2643 2313 2690 σεως
2345 2625 2593 2679 ἐϐούλετο
2639 2623 2930 2678 ἀπολαύειν
2954 2639 2968 2653 ·
3013 2622 3182 2685 οὑτως
3207 2623 3287 2684 εὶς
3309 2620 3461 2682 τέλος
3511 2636 3753 2690 μεμιση-

2177 2719 2288 2781 κὼς
2309 2718 2407 2788 τὴν
2433 2716 2713 2787 παροῦσαν
2750 2715 2915 2787 ζωήν.
2950 2714 3313 2775 Ἐκλελοιπὼς
3363 2712 3474 2784 γὰρ
3524 2713 3629 2783 ἤδη
3682 2714 3749 2781 τῇ

2180 2805 2654 2877 μακροημερεὺσει
2682 2841 2698 2867 ,
2733 2804 2824 2855 καὶ
2870 2801 3417 2871 κατατετρυχωμένος
3466 2801 3543 2870 τῷ
3578 2801 3749 2871 γήρᾳ,

2178 2898 2350 2958 ἄλλως
2400 2907 2458 2948 τε
2487 2896 2543 2947 δὲ
2573 2894 2813 2956 καὶτοῖς
2861 2893 3107 2963 σφοδροῖς
3155 2894 3338 2955 πόνοις
3397 2892 3752 2961 βαλλόμενος,

2180 2987 2319 3040 κατὰ
2344 2985 2405 3039 τὸ
2431 2984 2732 3038 Δαυῖτικόν’
2769 2986 2890 3037 Οὐκ
2911 2983 3110 3035 ἐδίδου
3139 2983 3334 3035 ὕπνον
3373 2982 3499 3047 τοῖς
3529 2983 3755 3049 ὀφθαλ-

2173 3074 2330 3145 μοῖς,
2366 3074 2507 3129 οὐδὲ
2526 3074 2650 3139 τοῖς
2677 3070 3013 3139 βλεφάροις
3032 3073 3396 3139 νυσταγμόν.
3425 3074 3578 3125 Ἀλλ’
3611 3070 3755 3125 οὐδὲ

2102 3194 2145 3256 C
2177 3165 2301 3230 τοῖς
2327 3165 2648 3234 κροτάφοις
2681 3162 3049 3223 ἀνάπαυσιν,
3080 3161 3189 3227 ἕως
3247 3162 3324 3215 ἂν
3380 3158 3520 3229 εὗρε
3564 3165 3757 3215 τόπον

2183 3255 2261 3321 τῷ
2276 3258 2489 3324 Κυρίῳ.
2520 3257 2628 3308 Καὶ
2647 3255 2708 3325 δὴ
2736 3254 2952 3324 ἐφεῦρε.
2980 3254 3089 3306 Καὶ
3114 3253 3195 3315 τίς
3220 3249 3372 3316 οὗτος
3394 3268 3409 3318 ;
3434 3254 3496 3306 Ἦ
3522 3255 3757 3322 άληκτος

2185 3350 2282 3403 καὶ
2309 3350 2468 3401 οἱονεὶ
2499 3348 2852 3418 ἀπαράϐατος
2878 3348 3020 3400 κατὰ
3058 3346 3119 3398 τὸ
3148 3346 3340 3409 εἰωθὸς
3392 3349 3524 3418 παρ’
3588 3346 3757 3401 αὑτοῦ

2188 3440 2526 3509 ὲξηχουμένη
2564 3440 2821 3491 ἑκάστοτε
2856 3438 3121 3509 σωτήριος
3151 3437 3491 3501 διδασκαλία,
3548 3441 3617 3509 ἢν
3665 3441 3760 3492 καὶ

2190 3532 2452 3600 κλινήρης
2480 3529 2575 3591 ὢν,
2617 3529 2704 3581 διὰ
2732 3530 2792 3582 τὸ
2820 3531 2894 3600 μὴ
2932 3530 3189 3582 δύνασθαι
3225 3531 3596 3601 γεγωνότερον
3647 3533 3761 3594 τοῖς

2192 3622 2437 3689 ἀδελφοῖς
2463 3621 2592 3689 παρ’
2617 3620 2778 3672 αὑτοῦ
2805 3621 3317 3690 ὲκκλησιαζομένοις
3371 3621 3760 3693 προσφθέγξα-

2195 3711 2339 3775 σθαι,
2403 3710 2775 3780 ὑπηγόρευσεν
2836 3710 2917 3762 ἐνὶ
2968 3711 3076 3763 τῶν
3114 3712 3401 3782 γραφέων·
3456 3712 3522 3764 δι’
3568 3714 3759 3783 ἑτέρου

2195 3803 2374 3872 φωνῆς
2400 3802 2559 3863 αὑτὸς
2592 3800 3103 3870 προσφθεγγόμενος
3127 3818 3142 3831 ο
3196 3803 3263 3872 ῆν
3294 3803 3388 3855 καὶ
3438 3802 3761 3872 ὑπεθέμεθα

2194 3893 2273 3962 τῷ
2303 3890 2612 3962 γράμματι,
2644 3890 2792 3952 ὅπως
2819 3890 2971 3960 γνοίη
3008 3892 3113 3953 πᾶς
3144 3908 3227 3953 τις
3248 3891 3359 3943 τῶν
3409 3888 3469 3945 εὖ
3500 3890 3762 3963 φρονοὺνο

2193 4000 2303 4037 των
2338 3982 2651 4046 κάντεῦθεν,
2685 3981 2759 4044 ὡς
2793 3982 2925 4052 μηδὲ
2949 3984 3046 4051 τὴν
3074 3982 3350 4051 μακαρίαν
3377 3984 3544 4036 αὑτοῦ
3562 3984 3763 4052 κοίμη-

2196 4094 2281 4129 σιν
2335 4075 2684 4144 ἠγνοηκέναι,
2726 4074 2774 4125 εί
2800 4076 2891 4126 καὶ⁸
2918 4071 3259 4143 ωμὸο).ικῶς
3286 4074 3489 4144 ταύτην
3515 4075 3762 4143 προειρη-

2196 4183 2299 4219 σεν.
2343 4165 2492 4235 Ἔχει
2517 4165 2625 4232 γὰρ
2654 4158 2776 4214 ὦδε·

2021 4388 2251 4443 NOTAi.

599 4482 676 4552 (8)
710 4478 1076 4551 Impertiendte
1092 4481 1310 4552 salutes.
1336 4478 1825 4552 προσφθεγκτήρια
1848 4495 1861 4509 ο
1893 4481 2087 4552 amica:

528 4550 889 4633 allocutiones
918 4550 1128 4605 solandi
1165 4564 1351 4615 causa,
1399 4559 1461 4603 ut
1501 4564 1735 4619 sequens
1775 4550 1942 4604 dictio
1990 4566 2088 4604 ex-

529 4632 740 4691 ponit,
835 4689 843 4691 ξ
935 4687 950 4691 Δ
1158 4689 1167 4691 Α
1279 4689 1303 4691 __
1464 4687 1488 4691 Α
1593 4686 1605 4691 _
1663 4686 1683 4691 _

604 4692 682 4761 (9)
713 4689 801 4761 Ita
824 4689 893 4761 in_
916 4687 1096 4758 ﬁnem.
1123 4689 1203 4761 είς
1232 4689 1404 4753 τέλος.
1455 4686 1608 4761 Quod
1656 4686 1893 4761 Joannes
1933 4688 2089 4754 dixit,

2193 4484 2459 4553 quodnon
2489 4484 2763 4548 subsistat,
2804 4492 2854 4537 et
2897 4482 3034 4553 quod
3064 4482 3132 4537 sit
3165 4478 3516 4553 intoiergbile,
3553 4479 3611 4553 id
3656 4492 3757 4548 est,

2265 4551 2331 4605 od
2374 4553 2699 4633 nenioferre
2728 4548 2919 4622 ιμιεαι.⁷
2948 4554 3039 4605 Sic
3084 4552 3247 4633 paulo
3288 4548 3513 4633 inferius
3564 4551 3761 4633 dicitur

2180 4620 2380 4675 'futura
2409 4622 2500 4675 Dei
2537 4622 2615 4675 ira
2638 4620 2798 4690 super
2823 4632 3150 4689 peccatores,
3176 4620 3543 4679 ἀνυπόστατος
3563 4632 3577 4646 '
3614 4623 3759 4688 quod

2198 4705 2453 4758 sequens,
2480 4693 2831 4753 άνυποίστους
2852 4691 3123 4752 κολάσεις,
3160 4691 3210 4741 ἰιι
3250 4703 3384 4757 quas
3410 4697 3634 4741 sanctus
3670 4708 3762 4745 ve-

528 4757 838 4851 d'ej'Domini
882 4757 935 4810 in
975 4773 1102 4851 suos
1127 4759 1437 4851 dilectione.
1488 4760 1577 4839 Sic
1622 4757 1821 4837 ubique
1848 4768 2093 4851 rsauctos
2127 4796 2169 4851 ι)
2201 4757 2505 4851 hemeittius
2557 4761 3065 4851 timeretJincidere,
3115 4758 3432 4812 memoriam
3492 4758 3763 4851 excitante

529 4847 581 4851 ___
631 4844 732 4851 Α-.-
762 4841 912 4851 ΑΑΑ-ιι
945 4842 1037 4851 -.Α-
1058 4843 1103 4851 ι-
1158 4838 1414 4851 Α---Α--ι-..
1467 4836 1520 4851 ..ι
1554 4842 1605 4851 ..ι
1643 4841 1843 4851 ..μη-..ιη
1869 4836 2059 4851 ..-ιη-ι..
2201 4830 2332 4851 ...ηιξ
2383 4844 2404 4851 ρ
2481 4829 2552 4851 ζ..-
2584 4831 2771 4851 μ--ξι.-
2818 4831 2900 4851 ξ-.-
2973 4840 3025 4851 --ι
3072 4837 3194 4851 ----.ι
3243 4826 3412 4851 --.ιιιιέ
3452 4840 3482 4851 ι.
3513 4826 3652 4851 ,ἕρ-..Α
3697 4846 3718 4851 Α
3747 4831 3759 4851 I

529 4829 735 4885 videris
760 4841 917 4882 sacra
945 4828 1107 4881 verba
1135 4827 1437 4896 loquentes,
1467 4836 1526 4880 ut
1554 4828 1607 4879 in
1640 4827 1721 4880 eis
1741 4826 2094 4882 meditatissi-

534 4913 701 4953 mos:
737 4911 899 4966 quam
928 4895 1137 4966 utinam
1184 4895 1591 4966 meditationem
1636 4904 1967 4962 eructarent,
2015 4896 2097 4950 vel

531 4968 663 5035 quia
694 4965 1046 5021 meditatione
1081 4966 1354 5035 ejusmodi
1388 4965 1495 5019 ἀπὸ
1519 4965 1619 5032 τῆς
1662 4966 1973 5033 ἀσκήσεως,
2002 4980 2100 5019 no-

534 5050 658 5087 meu
692 5034 911 5087 habent.

534 5050 658 5090 men
692 5042 911 5087 habent.

606 5104 718 5175 (10)
754 5101 1023 5175 Dolorupt
1042 5104 1375 5175 immanitate
1406 5108 1538 5175 lecto
1579 5104 1795 5171 afﬁxus.
1824 5105 1937 5164 τοῖς
1969 5118 2101 5171 σφο-

538 5171 685 5243 δροῖς
724 5171 908 5234 πόνοις
943 5171 1283 5243 βαλλόμενος.
1335 5173 1505 5239 Quasi
1561 5176 1835 5241 proiectus
1874 5183 1927 5226 et
1978 5187 2104 5241 pro-

541 5240 748 5297 stratus
776 5256 992 5311 :‘qua‘m,
1020 5240 1133 5310 ipse
1170 5240 1484 5297 Theodorus
1525 5240 1705 5295 vocem
1758 5240 2101 5311 postmodum

509 5315 514 5321 ’
538 5311 734 5379 repetit
768 5326 782 5361 :
809 5308 1072 5379 Ἐλόήθην
1099 5311 1202 5363 ὑπὸ
1229 5312 1486 5373 διακαοῦς
1519 5308 1774 5379 πυρετοῦ
1796 5312 1923 5379 ὃλην
1961 5312 2098 5379 ὴμέ-

538 5378 658 5449 ραν.
694 5378 881 5449 Totam
907 5378 1065 5442 diem,
1096 5391 1274 5433 urente
1308 5382 1450 5449 febre
1478 5378 1698 5432 decubui
1732 5397 1749 5433 :
1780 5378 1902 5447 post
1941 5378 2101 5432 mmi-

540 5447 659 5502 rum
701 5447 1069 5501 ἀνυπόστατον
1114 5450 1262 5501 illum
1310 5447 1522 5511 κλόνον,
1566 5464 1631 5500 ex
1674 5451 1869 5512 rigore,
1914 5466 1941 5500 a
1995 5464 2102 5516 quo

538 5516 708 5573 febris
742 5516 931 5587 incipit
968 5535 981 5570 :
1018 5516 1424 5581 Quassationem
1476 5518 1877 5587 intolerabilem
1904 5534 1922 5570 :
1968 5532 2103 5586 quo-

544 5588 701 5641 modo
750 5585 976 5657 dicitur,
1037 5588 1176 5657 ptui.
1236 5603 1399 5657 citam
1455 5604 1468 5640 :
1519 5585 1661 5657 ὕδωρ
1710 5585 2100 5657 ἀνυπόστατον.

542 5654 1082 5726 Αᾳιισγίηιοίεγαὺίιῆ.
1118 5654 1217 5709 Ubi
1268 5656 1573 5726 Ilicronym.
1621 5654 1864 5720 Verbum,
1907 5656 2106 5723 inquit,

542 5725 931 5790 ἀνυπόστατον,
961 5725 1154 5781 Gra'cis
1185 5725 1485 5795 mnbiguum
1512 5734 1607 5792 est,
1633 5735 1680 5779 et
1722 5734 1885 5793 potest
1914 5740 2101 5779 sonare

2200 4842 2297 4881 sua
2322 4829 2409 4880 illa
2440 4829 2556 4882 dira
2583 4829 2924 4897 aegritudine,
2972 4840 3029 4881 ut
3071 4837 3199 4882 sunt
3241 4826 3413 4880 sancti
3452 4825 3655 4893 ubique
3695 4831 3760 4883 ad

2201 4897 2517 4966 modestiam
2561 4899 2846 4966 compositi
2894 4906 2945 4951 et
2998 4899 3250 4961 humiles,
3301 4897 3445 4950 clare
3500 4898 3760 4961 eaplieat.

2199 4964 2424 5021 Hebraea
2446 4980 2511 5020 eo
2541 4967 2659 5021 loco
2688 4964 2825 5035 psal.
2855 4968 3054 5020 habent
3087 4966 3233 5036 quod
3268 4970 3442 5036 sonet,
3483 4977 3640 5036 aquae
3675 4980 3763 5024 tu-

2199 5036 2359 5106 mitia:
2378 5046 2484 5106 ίῳ
2513 5030 2703 5091 sanet:
2722 5037 2801 5089 vel
2828 5046 2888 5090 ut
2926 5035 3038 5103 alii,
3074 5030 3212 5106 aqua
3254 5030 3499 5104 superba.
3549 5032 3764 5103 Optime

2200 5103 2291 5158 illo
2326 5103 2466 5156 LXX
2497 5121 2835 5172 expressum.

2271 5174 2382 5242 (li)
2412 5177 2483 5243 At
2510 5176 2644 5227 velut
2671 5176 2789 5242 jure
2817 5181 3060 5243 perpetuo
3084 5182 3298 5227 statam.
3331 5174 3492 5226 οἱονεὶ
3544 5176 3762 5243 ἀπαρά-

2206 5242 2386 5295 ϐατον.
2435 5242 2593 5297 Velut
2636 5242 3110 5311 inipraéteribilem,
3141 5244 3187 5297 si
3237 5250 3290 5296 et
3321 5244 3481 5296 nobis
3521 5242 3673 5298 esset
3700 5246 3764 5295 li-

2210 5312 2389 5365 berior
2419 5313 2581 5367 ﬁctio.
2620 5311 2899 5379 Signiﬁcat
2939 5312 3083 5365 velut
3125 5313 3766 5381 perpetuadistrlctioue

2212 5381 2261 5434 id
2302 5396 2331 5433 a
2367 5397 2425 5434 se
2460 5382 2720 5449 exegisse,
2739 5390 2807 5438 .et
2845 5383 2898 5435 in
2940 5397 3091 5435 more
3128 5380 3360 5450 positum
3394 5380 3671 5443 habuisse,
3710 5391 3769 5434 ut

2208 5451 2499 5503 ἑκάστοτε·
2532 5452 2761 5520 quotidie
2790 5466 2853 5504 ac
2881 5465 3044 5517 quam
3086 5451 3429 5513 creberrime,
3486 5453 3770 5520 parmucti-

2211 5534 2331 5571 cum
2372 5534 2676 5573 sermonem
2707 5521 2773 5573 ad
2813 5522 3007 5573 fratres
3039 5520 3278 5588 haberet,
3311 5534 3473 5587 quam
3528 5523 3574 5575 is
3611 5535 3769 5588 regu-

2210 5589 2337 5652 lant,
2381 5604 2479 5643 nec
2511 5592 2562 5641 in
2606 5603 2860 5655 supremo
2899 5588 3114 5658 spiritu,
3152 5587 3392 5658 jamque,
3440 5604 3582 5658 pene
3622 5587 3771 5643 mor-

2213 5668 2359 5721 tuus,
2397 5657 2895 5727 transgrediendum
2927 5658 3146 5726 putarit,
3177 5658 3261 5711 vel
3296 5657 3470 5727 ali_eno
3490 5672 3588 5711 ore
3628 5674 3766 5727 prag-

2212 5736 2384 5791 stans,
2426 5724 2571 5795 quod
2613 5726 2726 5796 jam
2782 5744 2889 5782 non
2927 5724 3119 5797 posset
3173 5741 3291 5782 suo.
3348 5724 3443 5781 Est
3498 5724 3769 5797 ejusmodi
