3968 6520
188 469 317 532 1837
1141 466 1238 523 DE
1278 465 1502 522 OBlTU
1555 464 1616 520 S.
1667 458 2058 518 THEODORI
2111 457 2476 515 STUDIT/E.
3285 450 3420 511 1838

256 596 278 629 ι
325 574 574 642 Ἀδελφοὶ
622 573 718 625 καὶ
765 573 1007 642 Πατέρες
1037 587 1049 599 ·
1099 573 1391 640 ἠσθένησα,
1445 571 1541 624 καὶ
1599 568 1807 626 πάλινέ

1937 585 1954 616 ι
1983 565 2220 628 Fratres,
2264 571 2572 632 patresque,
2606 558 2858 628 aegrotavi
2882 556 3426 626 ,iterumquevestris

181 668 369 739 εὐχαῖς
403 665 556 737 ὑμῶν
586 665 987 734 ἀνακέκλημαι.
1025 662 1165 716 Ἀλλ’
1195 663 1303 724 ἕως
1329 662 1462 714 πότε
1499 660 1763 731 μέλλομεν

1912 654 2116 708 recibus
2142 651 2414 707 convalui.
2455 648 2770 711 Enimvero,
2815 647 3057 715 quandiu
3083 645 3298 700 venturi
3334 660 3429 698 su-

183 756 439 829 ερχεσθαι
468 755 560 808 ἐπὶ
575 752 635 807 τὸ
667 751 892 816 atrum;
930 750 1244 804 Ἐλεύσεται
1273 751 1337 820 δὴ
1369 749 1628 818 πάντωςή
1649 749 1764 799 ὲπι-

1912 759 1987 799 nus
2013 745 2078 799 ad
2112 744 2242 799 illud
2267 783 2282 809 ,
2338 741 2580 796 Iterum?
2627 741 2768 795 Sane
2817 740 3041 794 omnino
3090 747 3312 792 ventura
3346 743 3431 790 est

186 826 436 910 θανατιος
463 845 668 917 ἡμέρα,
689 845 777 898 ὅτε
807 844 906 914 οὐχ
939 843 1052 907 ἕξει
1085 842 1268 914 χώραν
1301 841 1360 894 τὸ
1388 840 1592 905 πάλιν,
1652 855 1760 908 χω-

1912 834 2059 890 ιοτιὶε
2088 834 2226 897 dies,
2258 831 2475 902 quando
2523 831 2600 885 illi
2628 832 2814 884 iterum
2845 844 2952 884 non
2986 829 3058 884 sit
3098 827 3318 883 futurus
3351 826 3432 881 lo—

188 937 415 1011 ρίζουσά
449 956 516 1007 με
546 939 639 1004 ἀφ’
675 935 851 1006 ὑμῶν,
887 936 981 987 καὶ
1003 931 1450 1004 παραπέμπουσά
1486 947 1552 998 με
1574 927 1765 982 ἐκτῶν

1912 939 1963 981 is
2000 942 2014 979 :
2051 925 2242 979 mortis
2286 924 2506 993 inquam
2538 922 2654 977 dies
2678 963 2693 989 ,
2724 935 2831 991 qua
2867 935 2898 975 a
2944 920 3098 974 vobis
3141 920 3244 974 sim
3275 933 3431 989 sepa-

187 1009 423 1087 ένθένδε.
454 1029 530 1083 Οὐ
564 1026 770 1098 μὴνδιὰ
794 1024 953 1079 τοῦτο
982 1026 1259 1092 λογιστέον
1288 1021 1553 1094 ὀρφανίαν
1574 1035 1589 1051 ⁸
1608 1019 1766 1088 ἀψευ-

1912 1016 2092 1080 mdus,
2132 1024 2297 1084 atque
2347 1015 2416 1068 ab
2467 1013 2724 1068 humanis
2754 1012 3110 1082 migraturus.
3150 1009 3270 1066 Non
3312 1011 3434 1064 ideo

185 1121 281 1192 δὴς
310 1120 422 1190 γὰρ
449 1122 478 1173 ὁ
499 1118 688 1172 εἰπών·
725 1120 844 1170 Οὐκ
878 1115 1094 1184 ἀφήσω
1125 1113 1280 1183 ὑμᾶς
1307 1112 1606 1182 ὀρφανούς
1625 1111 1762 1172 ’καὶ,

1912 1121 2048 1159 uncn
2087 1105 2386 1172 reputantla
2435 1103 2680 1156 orbitas:
2709 1102 2909 1171 quippe
2957 1117 3125 1157 verax
3164 1110 3285 1167 est,
3340 1116 3413 1168 qu

198 1191 347 1269 Ἰδοὺ
380 1210 496 1280 ἐγὼ
522 1207 648 1278 μεθ’
684 1205 849 1277 ὑμῶν
876 1211 992 1275 ειμι
1031 1206 1233 1268 πάσας
1262 1205 1368 1270 τὰς
1397 1201 1765 1270 ἡμέρας,ἓως

1912 1195 2002 1248 ixit
2034 1212 2046 1249 :
2082 1194 2204 1248 Non
2235 1195 2531 1264 relinquant
2577 1209 2665 1246 vos
2713 1193 2974 1258 orplmnos
3019 1194 3058 1223 “
3092 1208 3107 1256 ;
3153 1200 3208 1247 et
3244 1213 3258 1246 :
3301 1191 3434 1244 Ecce

188 1304 300 1373 τῆς
327 1301 690 1365 συντελείας
715 1299 820 1354 τοῦ
848 1297 1064 1362 αίῶνος
1096 1313 1108 1327 ·
1143 1296 1318 1358 ἄλλως
1349 1312 1407 1347 τε
1440 1293 1536 1347 καὶ
1565 1293 1766 1361 ὀψόμε-

1912 1304 1958 1353 ιο
1991 1289 2254 1342 vobiscum
2293 1305 2411 1341 sum
2443 1286 2682 1341 omnibus
2713 1284 2895 1339 diebus
2917 1301 3076 1354 usque
3099 1283 3169 1337 ad
3196 1300 3439 1337 consum-

192 1398 259 1450 θα
302 1394 569 1462 ἀλλήλους
607 1392 665 1444 ὲν
695 1393 762 1460 τῇ
797 1389 982 1459 ἡμέρα
1012 1386 1224 1456 ἐκείνῃ·
1284 1385 1398 1437 ἀλλ’
1453 1383 1540 1453 εἴη
1595 1384 1767 1435 εἰπεῖν

1912 1381 2151 1434 tationem
2179 1380 2362 1435 seaculi
2390 1381 2431 1410 ¹²
2458 1397 2471 1433 :
2514 1399 2530 1431 ι
2562 1377 2829 1432 Ρταιῑοτεα
2863 1379 3030 1432 etiam
3059 1377 3301 1432 futurum
3334 1386 3437 1440 est,

192 1487 249 1540 ἐν
274 1485 422 1555 χαρᾷ
447 1481 797 1551 ανεκλαλήτῳ
829 1479 922 1531 καὶ
952 1478 1065 1544 ζωῇ
1104 1474 1462 1544 ἀτελευτήτῳ.
1500 1474 1564 1525 Ὃ
1595 1471 1651 1524 δὲ
1671 1471 1768 1524 πέ-

1912 1480 1930 1526 ι
1964 1486 2066 1526 nos
2095 1470 2187 1526 illa
2229 1471 2316 1526 die
2346 1477 2536 1524 mutuo
2583 1468 2866 1523 videamus
2899 1485 2912 1520 :
2950 1469 3159 1522 utinam
3203 1482 3335 1522 vero
3385 1469 3439 1521 iu

194 1576 365 1630 πονθα
405 1577 464 1626 ὲν
499 1571 566 1642 τῇ
609 1569 864 1640 ἀσθενείᾳ
916 1569 1033 1620 ῖστε
1061 1585 1076 1596 α
1124 1566 1240 1628 πῶς
1301 1564 1404 1617 ὑπὸ
1438 1565 1620 1634 ῥίγους
1674 1580 1767 1614 συ-

1912 1563 2066 1618 audio
2116 1562 2506 1626 inenarrabili,
2557 1571 2612 1616 et
2660 1561 2770 1615 vita
2820 1560 3236 1615 interminabili.
3284 1558 3439 1624 Quod

197 1665 430 1738 σχεθεὶς,
467 1663 837 1718 ἀνυπόστατον
892 1659 1078 1714 κλόνον
1139 1657 1379 1724 ὑπέστην
1407 1670 1422 1684 °
1482 1651 1599 1707 εἷτα
1655 1654 1770 1714 πῶς

1912 1671 2035 1709 orro
2073 1655 2206 1709 mihi
2243 1655 2297 1708 in
2347 1653 2662 1708 infirmitate
2693 1653 2934 1718 accidit,
2976 1667 3082 1707 non
3130 1667 3225 1706 vos
3267 1652 3440 1706 latet:

195 1759 392 1813 θᾶττον
424 1754 658 1825 ὲὸλήθην
682 1752 784 1806 ὑπὸ
817 1750 1073 1814 διακαοῦς
1096 1748 1330 1820 πυρετοῦ
1364 1748 1492 1816 ὃλην
1517 1746 1731 1816 ἡμέραν
1753 1786 1767 1798 .

1914 1757 1933 1800 ι
1970 1747 2147 1813 rigore
2175 1745 2609 1814 constringente,
2641 1742 3039 1797 intolerabilem
3093 1756 3289 1811 passus
3337 1743 3443 1795 sim

205 1847 588 1918 Ἐνεθυμήθην
615 1841 707 1900 οὖν
756 1847 835 1908 είς
865 1843 1103 1912 ἐμαυτὸν
1130 1843 1372 1912 πάσχων,
1429 1842 1512 1894 ὅτι
1564 1841 1770 1909 μήποτε
1806 1901 1807 1908 κ

1912 1838 2278 1892 uassationcm
2303 1850 2316 1889 :
2341 1845 2510 1905 utque
2532 1836 2878 1905 postmodum
2904 1834 2972 1887 ab
2994 1833 3188 1888 ardore
3210 1833 3442 1888 febrium

1873 1927 2017 1982 diem
2051 1932 2219 1979 totam
2255 1925 2542 1994 jacuerim.
2593 1923 2686 1979 Sic
2724 1938 2826 1994 ego
2876 1923 3085 1979 habens
3137 1924 3442 1994 cogitabam

1877 2016 2014 2086 apud
2044 2016 2334 2084 meipsum,
2379 2029 2510 2068 num
2540 2023 2594 2067 et
2621 2013 2675 2067 in
2711 2013 2894 2068 futuro
2918 2013 3149 2082 judicio,
3192 2029 3220 2066 a
3276 2023 3444 2067 tarta-

1879 2109 1986 2162 reis
2011 2105 2348 2161 cruciatibus
2365 2105 2436 2160 sit
2464 2104 2702 2159 incidere
2722 2105 2775 2159 in
2804 2106 3106 2175 gehennam
3130 2105 3273 2175 ignis
3296 2104 3444 2176 (12):

1879 2213 2078 2253 numve
2117 2197 2282 2252 miser
2311 2196 2476 2251 homo
2501 2196 2704 2266 duplici
2739 2211 2936 2266 poenze,
2963 2197 3041 2251 ait
3081 2197 3248 2253 etiam
3277 2196 3447 2267 pluri-

1878 2292 2006 2355 bus,
2034 2288 2307 2344 obnoxius
2341 2289 2435 2343 sit.

271 2385 421 2457 Πλὴν
465 2385 577 2438 εἴτε
608 2385 757 2454 μιᾶς,
811 2383 919 2436 εἴτε
951 2382 1135 2446 δυοῖν,
1191 2377 1585 2449 τεκμαίρεσθαι
1635 2377 1780 2429 ἐστιν

1951 2381 2244 2446 Caeterum,
2281 2380 2395 2436 sive
2436 2395 2544 2435 una
2601 2387 2819 2434 maneat
2860 2394 3044 2449 poena,
3076 2379 3190 2435 sive
3230 2378 3450 2448 duplex,

200 2481 270 2532 ὲκ
301 2478 411 2531 τῶν
458 2474 696 2529 ἐνταῦθα
723 2472 1014 2541 ἀλγεινῶν,
1047 2472 1145 2541 τὴν
1174 2471 1542 2523 ἀνυπόστατον
1565 2469 1657 2521 ἐπὶ
1670 2469 1782 2530 τοῖς

1912 2483 2031 2528 erto
2054 2471 2350 2539 coniectari
2382 2471 2528 2534 licet,
2553 2487 2616 2525 ex
2650 2471 2934 2540 praesentis
2975 2471 3101 2526 vita:
3137 2471 3451 2534 doloribus,

204 2564 552 2638 ἁμαρτωλοῖς
584 2563 755 2632 ὀργὴν
779 2560 874 2615 τοῦ
905 2559 1036 2613 Θεοῦ
1069 2576 1081 2588 ·
1110 2561 1204 2613 καὶ
1235 2558 1386 2628 φόϐῳ
1432 2557 1634 2628 πολλῷ,
1691 2556 1784 2610 καὶ

1912 2578 2002 2617 ore
2034 2562 2130 2616 Dei
2178 2565 2314 2615 iram
2355 2563 2409 2615 in
2456 2571 2770 2630 peccatores
2811 2562 3210 2618 intolerabilem
3244 2580 3258 2616 :
3291 2569 3454 2631 atque

221 2657 415 2727 τρόμῳ
446 2652 768 2724 συνέχεσθαι
800 2649 1068 2716 ἐντεῦθεν,
1102 2651 1182 2712 είς
1212 2650 1270 2702 τὸ
1304 2649 1378 2720 μὴ
1409 2649 1660 2701 ἐκπεσεῖν
1707 2648 1786 2709 εἰς

1912 2651 2045 2716 ideo,
2079 2649 2252 2703 multo
2305 2650 2502 2704 timore
2549 2663 2615 2703 ao
2654 2657 2896 2704 tremore
2932 2650 3290 2704 habuerimus
3321 2665 3453 2704 con-

204 2749 307 2810 τὰς
379 2745 745 2806 ἀνυποίστους
807 2741 1060 2805 κολάσεις
1111 2741 1349 2804 ὲκείνας.
1408 2739 1711 2809 Τοιγαροῦν
1761 2740 1788 2790 ὁ

1912 2741 2110 2811 stringi,
2144 2750 2202 2794 ut
2231 2755 2299 2794 ne
2328 2741 2381 2794 in
2413 2755 2603 2810 poenas
2635 2741 2756 2796 illas
2795 2742 3168 2798 intolerabiles
3199 2742 3458 2797 incideri—

528 1898 1039 2007 —;tsl)iodan'xp.lau,
1069 1933 1177 1987 ἀπὸ
1198 1898 1299 2002 τῆς
1325 1898 1433 1985 τῶν
1475 1898 1772 2000 Ταρταρων
1805 1898 1843 1951 Β

196 2032 489 2104 τιμωρίας,
521 2029 636 2084 ἔστι
676 2027 1040 2098 μεταπίπτειν
1069 2027 1150 2089 εἰς
1180 2025 1280 2096 τὴν
1304 2025 1530 2092 γέενναν
1551 2021 1646 2074 τοῦ
1672 2037 1775 2071 πυ-

199 2125 294 2194 ρός
315 2142 331 2156 ’
361 2125 458 2178 καὶ
487 2123 632 2176 δυοῖν
664 2119 826 2190 τυχὸν
853 2117 1155 2189 τιμωριῶν,
1179 2117 1212 2186 ἢ
1243 2116 1337 2169 καὶ
1352 2113 1607 2168 πλειόνων
1630 2110 1775 2164 ἐστὶν

198 2213 508 2278 ὑπεύθυνος
540 2216 570 2268 δ
598 2211 948 2282 ταλαίπωρος
981 2209 1286 2277 ἄνθρωπος.

209 2837 403 2909 παρὼν
433 2835 704 2906 διωγμός·
730 2828 812 2898 οἷς
850 2834 968 2904 μὲν,
1011 2832 1112 2902 ὕλη
1163 2833 1363 2902 ἀρετῆς
1408 2831 1626 2900 εὑρέθη,
1691 2831 1792 2883 Ἐν

207 2924 258 2997 ᾧ
289 2929 649 2996 ἐξέλαμψαν
676 2925 756 2990 ὠς
783 2921 1094 2993 φωστῆρες
1112 2923 1182 2976 ἐν
1204 2925 1427 2989 κόσμῳ,
1444 2923 1629 2989 λόγον
1647 2917 1793 2987 ζωῆς

213 3018 575 3087 ἐπέχοντες,
607 3018 694 3080 είς
719 3015 1001 3083 καύχημα
1033 3013 1163 3081 ἐμοὶ
1201 3013 1272 3081 (εί
1296 3011 1451 3080 θέμις
1477 3012 1669 3078 εἰπεῖν)
1707 3012 1795 3074 είς

209 3111 446 3180 ἡμέραν
478 3107 736 3177 Χριστοῦ
757 3123 772 3138 ·
794 3106 847 3159 τί
881 3107 938 3158 ού
959 3104 1119 3158 καλὸν
1146 3103 1506 3174 ἐργασάμενοι
1533 3121 1547 3168 ;
1579 3105 1658 3165 είς
1681 3102 1796 3154 οἵαν

1893 2850 2038 2889 mus.
2067 2834 2314 2888 Praesens
2343 2848 2473 2903 ergo
2505 2834 2835 2903 persecutio,
2863 2834 2984 2890 aliis
3014 2836 3257 2906 quidem,
3289 2835 3461 2890 virtu-

1892 2927 1962 2979 tis
1991 2924 2216 2978 materia
2252 2925 2470 2978 iuventa
2496 2934 2603 2989 est,
2640 2926 2761 2990 Qua
2799 2927 2934 2980 sicut
2963 2925 3253 2980 luminaria
3279 2927 3462 2981 eluse-

1896 3026 2016 3069 runt
2049 3018 2103 3069 in
2133 3017 2351 3080 mundo,
2383 3032 2673 3070 sermonem
2713 3019 2834 3072 vita:
2865 3019 3110 3074 habentes
3139 3020 3207 3072 ad
3240 3021 3464 3090 gloriam

1899 3122 2068 3159 meam
2101 3106 2169 3170 (si
2199 3104 2282 3160 fas
2309 3116 2393 3160 est
2421 3106 2623 3176 dicere)
2657 3107 2706 3160 iu
2727 3107 2815 3160 die
2837 3107 3039 3163 Christi
3076 3110 3140 3162 ".
3173 3109 3291 3175 Que
3323 3110 3467 3164 bono

212 3201 269 3256 δὲ
301 3200 587 3271 βελτίωσιν
615 3200 676 3252 ού
711 3197 1106 3269 προελθόντεςς
1139 3197 1219 3249 ὅτι
1270 3196 1365 3248 καὶ
1402 3197 1648 3258 ἑαυτοὺς,
1706 3194 1800 3247 καὶ

1912 3218 2014 3256 non
2055 3202 2334 3257 defuncti?
2370 3201 2489 3267 Quo
2518 3218 2623 3256 non
2656 3202 2899 3272 profectu
2939 3219 3003 3259 ac
3032 3204 3364 3275 prolectione
3398 3200 3469 3258 ad

215 3295 456 3359 ἔσωσαν,
489 3294 584 3346 καὶ
622 3291 910 3354 σώζουσιν,
944 3289 1412 3359 ὲγγυμνασθέντες
1439 3290 1550 3350 τοῖς
1600 3304 1787 3352 πειρα-

217 3385 403 3453 σμοῖς,
459 3381 801 3453 πυρωθέντες
825 3383 945 3442 ταῖς
979 3379 1188 3448 θλίψεσι
1222 3379 1565 3450 χρυσοειδῶς,
1601 3378 1790 3441 ἄλλους

217 3487 277 3524 τε
315 3471 686 3542 προσιέμενοι,
720 3469 815 3522 καὶ
856 3469 1097 3539 σωτῆρες
1132 3469 1338 3522 πολλῶν
1365 3467 1640 3536 ὀφθέντες,
1671 3467 1794 3535 ὁμο·

221 3563 413 3632 ταγῶν
441 3579 500 3616 τε
526 3563 620 3616 καὶ
640 3562 974 3632 ὲτεροταγῶν
993 3577 1006 3592 ·
1029 3560 1149 3632 μεθ’
1172 3555 1244 3613 ῶν
1268 3560 1348 3630 εἴη
1377 3577 1466 3630 μοι
1497 3577 1561 3628 με
1571 3561 1673 3628 ρἰς,
1703 3559 1795 3611 καὶ

223 3657 276 3708 εἰ
303 3672 412 3708 τινι
443 3655 594 3724 φίλον
621 3656 745 3723 ἐμοὶ
769 3651 1158 3706 συντάττεσθαι
1184 3670 1197 3683 ·
1229 3648 1308 3713 οἷς
1338 3651 1414 3712 δὲ,
1448 3651 1542 3703 καί¹
1588 3649 1796 3710 τούτοις

223 3749 563 3815 δλιγοστοῖς,
611 3743 711 3816 ὕλη
766 3745 983 3809 κακίας,
1036 3746 1101 3815 τῇ
1155 3743 1457 3813 αὐθαιρέτῳ
1516 3741 1651 3811 ζωῇ,
1707 3741 1799 3793 καὶ

226 3840 397 3894 οἱονεὶ
441 3837 796 3906 ἀπονοσφίσει
825 3837 927 3906 τῆς
987 3837 1265 3905 ὑποταγῆς
1327 3836 1656 3905 ὲνεργήσασι
1704 3833 1800 3896 τὰς

229 3931 446 3987 ἑαυτῶν
486 3929 767 4000 αἰσχύνας.
796 3929 960 3983 Ὅθεν
983 3929 1274 3997 Γραφικῶς
1327 3926 1580 3997 εὔκαιρον
1608 3927 1798 3978 εἰπεῖν·

243 4025 587 4080 Ἐσκότωσε
619 4022 686 4076 τὸ
716 4019 876 4086 εἷδος
908 4022 1013 4075 τοῦ
1040 4021 1363 4088 προσώπου
1392 4019 1607 4082 αὐτῶν,
1661 4019 1804 4072 ὡσεί

231 4117 490 4183 ᾰσόὀλη·
508 4116 642 4187 πρὸς
666 4111 756 4179 οὓς
771 4116 863 4168 καλ⁸
884 4114 1145 4185 βοήσομαι
1166 4131 1178 4144 ·
1207 4113 1324 4166 Υἱοὶ
1353 4113 1581 4181 ἄνομοι,
1597 4111 1806 4177 ἐγκατ-

232 4208 472 4262 ελίπετε
517 4206 624 4259 τὸν
657 4207 871 4274 Κύριον
896 4220 909 4232 ·
943 4204 1207 4274 magna
1241 4203 1307 4255 τὰ
1337 4203 1538 4272 νόμιμα
1565 4201 1663 4270 τῆς
1710 4216 1808 4268 μο-

235 4299 461 4369 ναδικῆς
482 4296 817 4360 διαϐιώσεως
843 4315 858 4330 ·
889 4296 1112 4366 τροχιὰς
1149 4294 1314 4364 ὀρθὰς
1361 4294 1461 4346 οὐκ
1501 4292 1672 4362 ἔχετε,
1695 4292 1808 4344 ἀλλ’

236 4391 314 4453 ὡς
345 4389 512 4459 χωλοὶ
545 4388 875 4458 ὲκτρέπεσθε
907 4383 1008 4441 ὦδε
1039 4390 1263 4441 κακεῖσε
1292 4387 1578 4454 φερόμενοι
1611 4403 1626 4416 ⁸
1675 4386 1810 4438 ἀπο·

237 4479 513 4534 διίστασθε
542 4480 652 4533 τῶν
707 4480 962 4533 συνοδιῶν
1013 4479 1203 4548 ὑμῶν·
1259 4476 1666 4545 φιλογυνιάξετε
1697 4493 1712 4510 ο
1763 4477 1812 4528 οί

1893 3293 2139 3348 meliora?
2155 3293 2288 3348 Nam
2317 3302 2372 3348 et
2395 3303 2680 3348 servarunt
2709 3295 2918 3365 seipsos
2945 3305 3288 3365 servantque,
3319 3310 3471 3349 exer-

1895 3385 2044 3441 citati
2123 3385 2555 3452 tentationibus,
2597 3387 2712 3439 auri
2783 3386 2956 3440 instar
3011 3386 3469 3452 tribulationibus,

1897 3479 2041 3532 velut
2088 3476 2208 3547 igne
2271 3477 2482 3546 probati
2529 3477 2848 3547 purgatique
2889 3494 2904 3543 ;
2953 3479 3045 3547 qui
3103 3488 3158 3533 et
3208 3477 3476 3546 recipiant

1902 3569 2060 3632 alios,
2097 3577 2151 3621 et
2183 3568 2474 3621 multorum
2504 3584 2560 3621 se
2585 3578 2891 3623 servatores
2923 3568 3290 3632 exhibuerint,
3321 3566 3474 3635 ejus-

1902 3661 2025 3715 dem
2052 3675 2240 3715 secum
2274 3674 2339 3714 ac
2363 3659 2564 3714 diversi
2595 3659 2803 3714 ordinis
2841 3677 2855 3713 :
2895 3660 3222 3729 quibuscum
3264 3669 3474 3728 partem

1904 3753 2039 3807 mihi
2075 3751 2216 3806 Deus
2245 3751 2605 3818 concesserit,
2637 3767 2701 3807 ac
2729 3751 2776 3808 si
2814 3751 2925 3816 cui,
2958 3765 3014 3805 ut.
3045 3751 3179 3805 mihi
3209 3751 3477 3820 adjunga-

1905 3852 2012 3905 tur,
2049 3841 2302 3910 placitum
2339 3842 2499 3895 fuerit
2543 3856 2559 3894 :
2600 3842 2721 3896 aliis
2779 3855 2958 3898 autem
3024 3846 3200 3915 iisque
3250 3845 3476 3913 paucis,

1909 3933 2137 3989 materia
2179 3932 2284 3986 fuit
2333 3941 2389 3985 et
2419 3933 2638 3987 occasio
2673 3934 2896 3990 sceleris
2925 3950 2989 3990 ac
3021 3936 3242 4006 probri:
3275 3938 3363 3999 iis,
3393 3938 3480 3991 in-

1910 4038 2097 4093 quam,
2129 4023 2224 4091 qui
2267 4022 2390 4076 vitae
2431 4022 2698 4088 libertate,
2746 4038 2812 4080 ac
2859 4025 3006 4080 velut
3049 4027 3297 4081 sullurati
3348 4029 3482 4083 obe-

1913 4114 2168 4168 dientiam
2200 4113 2334 4181 (l5),
2376 4127 2473 4167 sua
2505 4113 2750 4182 ipsorum
2784 4115 3048 4171 dedecora
3084 4120 3293 4186 operati
3331 4128 3480 4174 sunt.

1914 4207 2094 4270 Quare
2135 4212 2570 4273 opportuneceu
2607 4204 2904 4274 Scriptura:
2931 4208 3111 4264 verbis
3139 4209 3434 4264 dixerimus
3466 4227 3482 4265 :

1922 4296 2268 4351 Obtenebrata
2297 4305 2372 4349 est
2404 4298 2596 4364 species
2641 4298 2814 4350 vultus
2842 4314 3021 4352 eorum
3051 4301 3188 4352 sicut
3215 4301 3382 4370 fuligo
3408 4302 3485 4355 "z

1919 4388 1984 4442 ad
2016 4403 2153 4456 quos
2185 4388 2345 4441 etiam
2381 4389 2660 4443 clamabo:
2698 4387 2829 4442 Filii
2865 4391 3093 4455 scelesti,
3129 4391 3483 4462 dereliquistis

1926 4479 2207 4531 Dominum
2239 4478 2282 4508 ¹⁵
2307 4495 2319 4531 :
2352 4478 2683 4532 immutastis
2713 4479 2950 4550 legitima
2980 4482 3104 4535 vitae
3132 4483 3484 4537 monasticae:

243 4573 367 4642 μὲν,
400 4571 775 4642 μεμονωμένοι
803 4571 1161 4640 τυγχάνοντες
1185 4587 1198 4600 ·
1233 4572 1280 4622 οἱ
1311 4571 1387 4633 δὲ,
1407 4569 1624 4632 δούλους
1654 4568 1807 4621 ὠνού-

1925 4571 2040 4626 Νοη
2080 4571 2288 4626 habetis
2317 4586 2538 4640 gressus
2571 4581 2748 4626 rectos
2783 4573 2845 4638 ¹⁶;
2871 4571 2963 4626 sed
2995 4573 3142 4626 velut
3172 4572 3350 4627 claudi
3386 4576 3490 4628 huc

245 4680 439 4735 μενοι·
473 4662 628 4727 ἔνιοι,
655 4663 963 4734 ἐμπορικὴν
1005 4662 1150 4732 ζωὴν
1188 4661 1560 4730 διαμείόοντες
1606 4659 1696 4713 διὰ
1718 4662 1815 4730 τὴν

313 4779 358 4810 ¹¹
393 4776 551 4832 Joan.
592 4777 822 4842 xrv,18.
919 4777 962 4808 η
994 4773 1185 4829 Matth.
1222 4789 1416 4840 xxvm,
1449 4775 1539 4829 20.

245 4864 349 4916 zu,
387 4848 477 4901 l3.

1661 4777 1703 4808 ε·
1740 4777 1880 4834 Phil.
1915 4795 1976 4845 ιι,
2012 4777 2098 4831 ts.

1924 4674 2087 4734 atque
2120 4664 2248 4718 illuc
2277 4663 2613 4717 deﬂectentes
2640 4663 2760 4729 iter,
2793 4662 3047 4718 lerimini.
3119 4664 3488 4734 Abjungimini

2192 4773 2464 4828 “Thren.
2512 4791 2585 4840 tv,
2617 4775 2666 4828 8.
2774 4777 2814 4809 ¹³
2866 4776 2970 4832 lsa.
3006 4794 3044 4841 ι,
3091 4778 3146 4833 4.
3251 4779 3295 4810 ⁸⁸
3324 4776 3489 4833 Hebr.

1760 4940 1994 4996 ΝΟΤᾹΞ.

249 5031 545 5093 districtio,
598 5030 651 5082 iu
703 5029 772 5082 iis
814 5027 1070 5090 maxime,
1121 5043 1243 5097 qua:
1300 5037 1426 5081 sunt
1474 5029 1720 5093 canonis,
1768 5040 1822 5085 et

253 5110 440 5158 sancte
485 5099 754 5163 obtinent,
789 5098 1130 5152 continenda:
1176 5097 1417 5164 religioni
1465 5114 1690 5167 prorsus
1725 5115 1820 5154 ne-

253 5171 514 5228 cessaris.
573 5169 761 5238 Apud?
801 5169 1027 5221 Paulum
1102 5169 1452 5234 ἀπαράὖατος
1513 5168 1819 5238 ἱερωσύνη,

255 5241 422 5296 Hebr.
452 5255 550 5300 vn,
579 5237 942 5290 sacerdotium
974 5245 1076 5300 est,
1125 5238 1267 5305 quod
1313 5253 1417 5288 non
1471 5247 1706 5291 transeat
1757 5237 1822 5292 ad

259 5313 446 5368 aliutn,
477 5322 652 5376 eoque
677 5319 1019 5374 perpetuum,
1047 5316 1206 5372 atque
1233 5306 1485 5376 utreddit
1514 5307 1819 5375 interpres:

257 5375 646 5447 sempiternum.
698 5376 850 5442 Apud
886 5376 1055 5443 Epict.
1097 5375 1448 5444 ἀπαράϐατος
1472 5376 1653 5442 νόμος·
1691 5376 1820 5439 Lex,

258 5465 416 5504 auum
452 5463 601 5500 nemo
629 5447 1068 5514 lransgrediatur.

329 5517 441 5586 (l2)
475 5519 517 5569 Α
556 5515 1150 5586 tartareis_cruciatibus
1181 5515 1247 5566 sit
1279 5513 1515 5586 inridere
1541 5515 1590 5566 in
1633 5516 1821 5583 gehen-

257 5581 385 5644 nam
418 5581 576 5656 ignis.
603 5584 1249 5656 MultisPiuedaade,
1284 5599 1405 5637 xxrv
1436 5581 1558 5646 Job,
1599 5581 1709 5656 quo
1743 5586 1823 5634 vi—

259 5659 419 5713 detur
440 5653 634 5709 auctor
661 5654 964 5722 respicere;
1010 5653 1076 5706 de
1119 5654 1236 5707 illa’
1264 5668 1546 5720 pmnarum
1590 5655 1826 5707 alterna-

261 5729 430 5782 tione.
466 5723 692 5778 Videtur
717 5724 860 5791 quod
887 5724 974 5777 hic
1009 5724 1187 5777 innuit
1215 5722 1553 5787 Theodorus,
1587 5738 1707 5777 esse
1738 5738 1825 5777 res

265 5798 446 5850 minus
475 5803 654 5860 certa;
681 5795 861 5848 minus
906 5803 1049 5847 certe
1092 5792 1310 5847 coniicit
1350 5793 1437 5844 ille
1467 5792 1636 5857 locus,
1666 5808 1822 5861 quem

262 5867 412 5920 varie
445 5875 742 5934 exponunt.
793 5861 984 5932 Magna
1028 5872 1204 5918 tamen
1258 5861 1654 5934 probabilitate,
1679 5863 1826 5917 velut

1927 5045 2163 5086 consona
2203 5028 2336 5083 satis
2377 5026 2709 5096 Scriptum,
2772 5043 2872 5082 nec
2921 5028 3126 5082 habens
3154 5027 3355 5097 aliquid
3397 5025 3493 5083 abi-

1928 5103 2098 5166 surdi,
2131 5099 2497 5168 Patribusque
2525 5098 2802 5168 nonnullis
2829 5113 2891 5151 ac
2919 5099 3182 5168 theologis
3215 5100 3335 5150 aliis
3369 5117 3494 5168 pro-

1930 5174 2074 5233 bata,
2110 5167 2316 5222 admitti
2351 5175 2525 5234 potest
2579 5181 2642 5219 ac
2674 5167 2896 5237 timeri:
2933 5167 3254 5236 Quanquam
3301 5167 3491 5237 parum

1932 5239 2117 5300 refert,
2150 5240 2472 5306 timeaturne
2497 5237 2636 5303 ipsa,
2674 5239 2752 5290 vel
2784 5236 2933 5291 solus
2959 5239 3113 5306 ignis.

2003 5310 2110 5377 (ιδ)
2152 5307 2302 5360 Velut
2331 5305 2580 5377 sui/furati
2610 5305 3182 5377 οὸεάίεηιὶαιηζοὶονεὶ
3204 5308 3493 5374 ἀπονοσφί-

1933 5374 2019 5430 σει
2043 5374 2137 5444 τῆς
2174 5376 2469 5443 ὑποταγῆς.
2497 5374 2776 5441 Tanquam
2801 5376 3005 5430 alludat
3034 5378 3098 5429 ad
3123 5379 3321 5430 factum
3349 5378 3496 5431 Aua-

1931 5449 2032 5501 nite
2064 5458 2114 5500 et
2147 5444 2389 5513 Saphirae
2419 5444 2535 5495 Act.
2574 5459 2626 5501 ν,
2658 5459 2766 5510 quo
2795 5446 3070 5507 dicuntur,
3104 5447 3492 5514 νοσφίσασθαιδ

1927 5516 2253 5584 subtraxisse
2281 5529 2341 5565 ac
2370 5514 2716 5584 defraudasse
2747 5514 2810 5566 de
2848 5517 3018 5578 pretio
3043 5516 3195 5584 agri;
3227 5516 3373 5570 velut
3412 5517 3498 5570 di-

1929 5597 2014 5640 cat
2069 5605 2079 5638 :
2131 5583 2523 5638 Substractione
2576 5581 2882 5653 obedientire
2927 5600 2944 5637 :
2995 5581 3097 5652 qua
3151 5586 3496 5653 sacrilegium

1931 5658 2169 5710 immane
2218 5661 2440 5720 peccant
2483 5652 2668 5723 devoti
2718 5653 2825 5708 Deo
2896 5655 3182 5716 homines,
3230 5652 3498 5723 siquidem

1931 5727 2080 5795 quasi
2113 5722 2672 5795 peccatum_ar_iolandi
2705 5736 2805 5795 est,
2839 5739 3153 5795 repugnare,
3179 5722 3341 5779 eth
3372 5723 3496 5794 Reg.

1931 5791 2020 5857 iv,
2053 5791 2241 5861 nempe
2271 5792 2324 5844 in
2359 5791 2577 5864 debitis.
2609 5793 2789 5859 qualia
2830 5793 2956 5849 iacit
2999 5793 3084 5847 vel
3120 5793 3300 5862 ipsum
3329 5791 3494 5864 spon-

1933 5860 2184 5928 dentem,
2202 5861 2426 5929 sponsio
2457 5860 2725 5926 religiosa.
