3968 6468
527 385 666 451 1839

1445 382 1843 443 APPENDIX.
1872 403 1942 414 --
1981 378 2395 439 NAUCRATII
2429 381 2836 443 ENCYCLICA

3633 388 3765 452 1840

523 507 555 550 a
584 488 782 548 vestris
812 488 1207 546 conventibus:
1237 490 1368 546 estis
1402 492 1718 557 mulierosi;
1747 491 1836 544 alii
1873 489 2088 559 quidem

2198 488 2532 562 φιλάργυρον
2561 492 2808 564 γνώμην.
2837 492 2911 547 Ού
2937 495 3093 562 φοϐεῖ
3123 496 3286 565 ὑμας,
3319 495 3446 550 οὔτε
3476 497 3590 567 ἀρὰ
3625 517 3763 571 προ-

523 584 753 643 solitarii
777 584 950 648 estis;
982 584 1073 639 alii
1093 594 1271 639 autem
1303 585 1512 640 emistis
1547 598 1775 649 servos;
1809 582 1899 636 alii
1937 579 2085 634 deni-

522 691 652 748 que,
697 690 808 746 pra:
849 674 1018 731 animi
1061 675 1314 731 sordibus
1345 691 1411 732 ac
1451 673 1702 740 avaritia,
1727 680 2088 728 mercaturam

524 766 826 823 assumitis.
874 765 996 820 Non
1042 781 1140 821 vos
1185 774 1408 831 terrent,
1439 765 1523 820 vel
1561 765 1693 819 dira:
1738 763 2086 834 prophetica;

523 858 607 911 vel
654 858 962 926 apostolica
1007 858 1196 924 mina;
1239 856 1321 912 vel
1369 871 1502 912 mea:
1528 856 1698 925 ipsius
1743 853 2087 916 humilitatis,

523 948 602 1004 uti
633 950 797 1003 etiam
835 949 981 1011 novi,
1020 947 1342 1014 admonitio,
1374 949 1592 1016 quando
1620 947 1785 1001 etiam
1821 944 2088 1015 ejusmodi

522 1040 758 1110 aliquis,
788 1040 1084 1094 amicitiam
1129 1040 1305 1094 iniens
1339 1055 1461 1094 cum
1507 1039 1706 1108 puella,
1735 1046 1960 1107 excepto
1999 1052 2090 1090 ra-

521 1141 641 1199 ptu.
673 1130 837 1184 etiam
879 1129 1077 1183 divinae
1125 1129 1496 1196 aspernationi
1529 1129 1694 1199 pedes
1722 1129 1925 1198 aptavit
1952 1126 2087 1198 (14).

525 1219 662 1287 Quid
683 1219 765 1274 ais
794 1219 982 1274 infelix
1008 1234 1073 1276 ac
1094 1221 1293 1275 miser?
1319 1220 1543 1287 Quoties
1564 1220 1795 1276 cantasti
1823 1237 1835 1274 :
1862 1217 1977 1284 Quo
2006 1219 2090 1271 ibo

521 1325 555 1362 a
587 1308 778 1378 spiritu
817 1316 928 1375 tuo,
970 1317 1145 1378 etquo
1189 1323 1222 1361 a
1269 1309 1404 1377 facie
1448 1318 1539 1361 tua
1575 1309 1778 1377 fugiam
1809 1308 1849 1338 "
1874 1308 1897 1360 ?
1927 1305 2091 1361 Plane

525 1396 798 1466 impulsus
829 1410 890 1452 es
917 1397 970 1451 in
1000 1409 1265 1461 amorem,
1300 1399 1613 1468 serpentino
1636 1397 1730 1452 illo
1751 1397 1954 1461 alliam,
1981 1411 2091 1465 quo

523 1490 746 1544 seducta
777 1486 909 1553 Eva,
944 1503 1049 1543 una
1090 1503 1213 1542 cum
1249 1489 1426 1557 primo
1459 1496 1684 1559 parente
1713 1489 1905 1551 Adam,
1936 1489 2090 1557 pulsa

520 1586 604 1632 est
633 1577 908 1648 paradiso.
950 1577 1171 1646 Cogitas
1217 1578 1442 1632 omnino
1477 1577 1756 1633 Christum
1798 1578 2087 1646 abnegare,

521 1664 610 1720 cui
660 1680 861 1721 vovens
905 1667 1274 1736 virginitatem
1305 1667 1672 1738 desponsatus
1702 1683 1782 1733 es,
1816 1678 1876 1721 ut
1908 1668 2090 1722 adhae-

2191 582 2392 649 φητική
2427 598 2442 613 ο
2467 581 2590 636 οὔτε
2645 584 2974 655 ἀποστολικὴ
3009 586 3247 658 ἀπειλή·
3287 586 3413 641 οὔτε
3471 591 3575 659 τῆς
3628 591 3768 661 ἐμῆς

2189 670 2568 736 ταπεινώσεως
2599 675 2630 744 ἠ
2661 674 2978 746 παραίνεσις
3004 691 3018 707 ·
3047 676 3123 739 ὡς
3180 677 3496 748 μεμάθηκα,
3546 680 3628 732 ὅτι
3673 681 3769 733 καί

2189 777 2271 824 τις
2300 762 2410 815 τῶν
2443 762 2717 829 τοιούτων,
2755 767 2850 819 καὶ
2881 765 3018 839 κόρῃ
3046 768 3431 838 συμφιλιάσας,
3466 769 3603 838 πρὸς
3627 770 3766 840 αὑτῇ

2190 855 2254 922 τῇ
2286 855 2528 926 ἁρπαγῇ,
2558 857 2654 910 καὶ
2674 859 2739 928 τῇ
2768 857 3021 928 ἀθετήσει
3071 860 3163 913 τοῦ
3198 860 3356 928 Θεοῦ,
3408 861 3536 926 τοὺς
3600 863 3770 925 πόδας

2191 944 2580 1016 εὐτρέπισε.Τί
2606 948 2804 1016 λέγεις,
2830 943 2874 1002 ὦ
2901 949 3049 1004 ἄθλιε
3075 953 3167 1004 καὶ
3194 953 3508 1023 ταλαίπωρε
3531 971 3546 1019 ;
3593 957 3768 1009 ποσά-

2191 1054 2278 1100 κις
2311 1038 2538 1106 suam;
2564 1055 2577 1069 ·
2608 1039 2732 1093 Ποῦ
2782 1041 3051 1108 πορευθῶ
3086 1041 3205 1097 ἀπὸ
3260 1043 3365 1098 τοῦ
3427 1047 3770 1115 πνεύματός

2192 1143 2346 1192 σονς
2377 1129 2475 1184 καί
2529 1130 2649 1184 ἀπὸ
2684 1130 2793 1186 τοῦ
2848 1131 3172 1200 προσώπου
3219 1150 3336 1189 σου
3386 1135 3506 1190 ποῦ
3556 1140 3768 1207 501571»;

2195 1220 2464 1285 Φιλιάζειν
2489 1220 2623 1282 ὅλως
2646 1221 2820 1292 ἧχθης
2851 1223 2992 1275 κατὰ
3021 1222 3116 1276 τοῦ
3154 1224 3327 1290 δφεως
3353 1226 3446 1279 τοῦ
3485 1227 3771 1298 ἠπατηκό-

2192 1327 2283 1371 τος
2329 1312 2426 1380 τὴν
2456 1311 2618 1374 Εὕαν,
2649 1314 2745 1365 καὶ
2779 1314 3198 1379 ωνεκϐαλόντος
3227 1318 3290 1369 ἐκ
3311 1317 3403 1370 τοῦ
3435 1319 3768 1388 παραδείσου

2206 1400 2374 1470 Ἀδὰμ
2399 1402 2489 1454 ⁴τὸν
2528 1403 2847 1473 προπάτορα
2894 1405 3063 1473 ἡμῶν.
3109 1405 3346 1477 Ἐνθυμῇ
3407 1407 3546 1472 ὅλως
3599 1411 3771 1480 ἀρνή-

2195 1490 2391 1545 σασθαι
2441 1485 2486 1560 ᾧ
2532 1493 2812 1564 ὴρμόσθης
2843 1493 3087 1565 Χριστῷ,
3143 1495 3232 1548 διὰ
3289 1496 3382 1549 τοῦ
3436 1497 3768 1569 παρθενικοῦ

2194 1583 2630 1653 ἐπαγγέλματος,
2664 1585 2758 1638 καὶ
2791 1585 3128 1655 συναφθῆναι
3157 1589 3222 1657 τῇ
3269 1587 3533 1658 ἁμαρτίᾳ,
3594 1589 3664 1642 δι’
3703 1584 3769 1661 ἧς

2197 1674 2421 1738 Θάνατος
2453 1676 2532 1738 είς
2554 1674 2646 1727 τὸν
2674 1675 2875 1746 κόσμον
2910 1676 3158 1746 εἰσῆλθεν
3187 1694 3202 1743 ;
3241 1678 3344 1730 οὐκ
3400 1678 3622 1742 ἀκούεις
3671 1680 3771 1750 τῆς

523 1771 648 1812 reas
677 1766 1044 1828 peccato,quo
1061 1772 1205 1814 mors
1231 1759 1284 1812 in
1318 1759 1581 1814 mundum
1611 1758 1858 1827 ingressa
1889 1765 1973 1815 est
2001 1758 2086 1811 "‘2

2192 1765 2411 1836 Γραφῆς
2462 1763 2672 1835 βοώσης
2719 1768 2848 1837 περὶ
2900 1768 3008 1821 τῶν
3069 1767 3210 1821 οὕτω
3260 1769 3652 1839 πραττόντων
3715 1772 3770 1824 Ὀ

522 1837 642 1897 Non
675 1842 833 1898 audis
863 1843 1188 1900 clamantem
1229 1843 1563 1915 Scripturam
1608 1846 1665 1901 in
1692 1861 1810 1912 eos,
1837 1847 1932 1917 qui
1960 1846 2089 1901 talia

523 1943 689 2006 agunt
723 1951 737 1987 :
788 1933 985 1989 Vermis
1013 1952 1194 1990 eorum
1231 1951 1334 1990 non
1360 1938 1634 2002 morietur,
1662 1947 1712 1992 et
1749 1937 1885 2009 ignis
1909 1953 2090 1993 eorum

524 2039 628 2079 non
659 2025 1025 2095 exstinguetur
1055 2025 1098 2057 "
1123 2026 1146 2078 ‘!
1175 2023 1295 2081 Non
1329 2027 1487 2083 audis
1515 2026 1783 2083 dicentem
1816 2026 2046 2083 Paulum
2074 2048 2086 2084 :

525 2111 902 2187 Fornjcatores
928 2124 979 2170 et
1017 2117 1290 2172 adulteros
1324 2117 1592 2186 judicabit
1622 2117 1765 2172 Deus
1796 2119 1881 2171 "‘2
1905 2119 1970 2172 Et
1994 2118 2091 2173 ite-

523 2221 642 2261 rum
677 2220 693 2259 :
732 2205 790 2261 Si
823 2208 939 2276 quis
981 2207 1232 2277 (emplum
1272 2207 1366 2262 Dei
1405 2208 1699 2272 violaverit,
1734 2209 1998 2277 disperdat
2021 2208 2091 2260 il-

518 2296 632 2352 lum
683 2296 826 2353 Deus
876 2299 960 2352 “?
1005 2298 1148 2364 Quid
1192 2314 1252 2354 es
1290 2300 1632 2364 inventurus,
1669 2314 1794 2354 cum
1830 2315 2090 2355 consum-

520 2390 758 2445 maveris
785 2389 1166 2458 iniquitatem?
1216 2387 1406 2444 Nonne
1435 2390 1689 2445 tenebras
1743 2389 2090 2460 gladiumque

520 2479 914 2535 dissecaturum
956 2494 1050 2535 cor
1096 2480 1293 2534 tuum?
1333 2477 1525 2535 Nonne
1560 2480 1957 2550 desperationis
1989 2497 2088 2552 pu-

520 2579 668 2627 teum
691 2569 718 2625 τ
753 2570 944 2627 Nonne
970 2572 1148 2640 ipsum
1186 2569 1446 2625 Satanam
1478 2572 1570 2642 qui
1600 2571 1854 2639 seduxit,
1894 2589 2090 2643 urgen-

517 2671 626 2717 tem
672 2670 733 2717 ut
780 2661 965 2716 restim
1010 2661 1357 2729 amplexeris,
1397 2662 1453 2715 in
1491 2677 1657 2731 quam
1693 2661 1823 2716 olim
1871 2662 2091 2730 impulit

513 2749 758 2808 Judam?
787 2750 1064 2822 Resipisce
1090 2752 1184 2820 qui
1219 2752 1458 2808 tenebris
1487 2753 1796 2808 obcaacatus
1823 2767 1918 2807 es:
1944 2752 2092 2823 Fuge

517 2844 709 2899 mortis
736 2843 1007 2913 laqueum,
1035 2842 1130 2913 qui
1171 2843 1320 2900 fuisti
1355 2844 1771 2914 supplantatus:
1800 2859 1868 2900 nc
1893 2844 2090 2900 inferni

517 2943 751 3014 capiaris
794 2951 1022 3014 petauro
1051 2943 1186 3014 (t5),
1215 2945 1271 2998 in
1306 2958 1437 3015 quo,
1477 2945 1642 3001 etiam
1679 2947 1934 3016 praesenti
1970 2962 2088 3001 aevo

519 3035 675 3090 Caini
706 3035 911 3092 vixeris
939 3037 1139 3102 vitam;
1172 3034 1452 3106 fuerisque
1485 3048 1724 3091 tremens
1755 3052 1820 3092 ac
1845 3052 2087 3106 gemens,

518 3135 822 3194 omnesque
842 3132 999 3177 notos
1025 3122 1270 3193 fugiens:
1292 3124 1346 3177 in
1365 3104 1562 3177 futuro
1587 3132 1794 3188 autem,
1815 3104 2090 3177 damneris
2116 3104 2160 3165 Ο

520 3217 575 3270 in
622 3214 868 3286 gehenna
907 3214 1067 3284 ignis.
1101 3213 1242 3280 Quid
1270 3229 1432 3280 vero,
1460 3214 1627 3269 miser
1669 3228 1798 3284 ego,
1826 3213 1944 3268 loco
1979 3229 2090 3268 uno

518 3303 771 3361 definitus
805 3306 860 3359 in
885 3320 1076 3361 omnes
1105 3305 1360 3375 prmfatos
1387 3304 1590 3376 agam?
1634 3304 1797 3371 Quid,
1842 3305 2088 3374 inquam,

518 3395 703 3460 aliud,
746 3411 914 3466 quam
965 3405 1027 3451 ut
1065 3397 1264 3467 gemitu
1311 3397 1556 3466 lugeam,
1599 3402 2000 3464 contesterque,
2028 3408 2093 3449 ac

523 3496 810 3542 venturum
845 3487 1088 3556 gladium
1127 3487 1486 3542 annuntiem?
1519 3485 1648 3542 Etsi
1672 3486 1944 3541 audierint
1971 3487 2094 3556 qui-

517 3578 666 3644 dem,
699 3578 1008 3649 fuerintque
1033 3578 1284 3633 conversi
1323 3593 1355 3632 a
1392 3579 1481 3632 via
1509 3577 1716 3632 erroris
1753 3577 1859 3644 sui,
1883 3585 1937 3632 et
1972 3591 2094 3646 quae

517 3667 586 3723 ad
619 3667 978 3738 perditionem
1011 3668 1200 3733 ducit,
1233 3668 1337 3723 sibi
1385 3668 1521 3737 ipsis
1567 3683 1808 3737 meaeque
1872 3668 2094 3722 humili-

518 3759 641 3827 tati,
668 3760 830 3814 saluti
860 3759 1065 3815 fuerint
1093 3777 1107 3815 :
1148 3759 1231 3815 sin
1267 3768 1449 3814 autem
1477 3799 1491 3824 ,
1517 3759 1616 3814 soli
1643 3759 1898 3814 haurient
1925 3761 2089 3827 mala,

518 3849 622 3905 soli
642 3850 793 3904 ibunt
811 3850 865 3904 in
885 3851 1091 3920 ignem,
1109 3863 1270 3919 quem
1293 3848 1630 3904 suoceuderu
1641 3856 1699 3902 nt
1720 3862 1734 3915 ;
1753 3849 1835 3903 sol
1844 3851 1860 3902 i
1885 3865 2088 3919 pamam

520 3940 698 4003 luent;
748 3949 1003 3992 (sternam
1043 3938 1315 3993 interitum
1347 3953 1380 3991 a
1410 3938 1550 4006 facie
1601 3937 1735 4005 Dei,
1775 3948 1826 3993 et
1859 3956 1890 3992 a
1920 3940 2090 4010 gloria

517 4025 728 4082 virtutis
761 4025 897 4095 ejus,
929 4041 1046 4080 cum
1073 4026 1270 4080 verterit
1306 4025 1599 4095 gloriﬁcari
1637 4028 1693 4081 in
1726 4028 1922 4082 sanctis
1954 4028 2083 4090 suis,

515 4134 565 4177 ct
593 4124 931 4178 admirabilis
973 4125 1091 4194 fieri
1129 4126 1186 4178 in
1224 4124 1460 4179 omnibus
1487 4126 1548 4189 “,
1585 4126 1677 4195 qui
1705 4138 1771 4180 ex
1802 4123 2084 4177 mandato-

517 4237 639 4277 rum
670 4223 844 4293 ipsius
872 4223 1190 4293 prtescripto
1222 4223 1452 4277 fideliter
1492 4221 1890 4275 ambulaverint
1922 4234 1940 4271 :
1977 4218 2084 4273 illis

532 4315 754 4384 quidem
804 4314 1110 4371 retribuens
1154 4314 1432 4387 condigna_
1467 4311 1709 4383 praemia;
1758 4309 2084 4365 adversariis

2192 1854 2440 1921 σκώληξ
2468 1856 2667 1911 αὐτῶν
2693 1859 2766 1912 οὐ
2800 1859 3168 1925 τελευτήσει,
3208 1860 3306 1914 καὶ
3336 1862 3402 1914 τὸ
3428 1861 3551 1930 πῦρ
3573 1861 3774 1916 αὐτῶν

2191 1947 2261 2000 οὐ
2294 1947 2733 2014 σϐεσθήσεται;
2781 1949 2895 2003 Οὐκ
2923 1951 3135 2014 ὲπαΐεις
3153 1952 3248 2004 τοῦ
3301 1952 3635 2006 Ἀποστόλου
3683 1954 3774 2007 λέ-

2191 2054 2379 2104 γοντος
2398 2056 2412 2071 ο
2443 2040 2714 2107 Πόρνους
2733 2040 2834 2094 καὶ
2855 2042 3115 2109 μοιχοὺς
3144 2043 3338 2113 κρινεῖ
3395 2047 3428 2098 ό
3455 2045 3643 2110 Θεός;
3679 2047 3773 2099 καὶ

2191 2131 2345 2195 αὖθις
2371 2148 2384 2160 ο
2422 2131 2489 2185 EI
2513 2149 2603 2198 τις
2635 2132 2743 2185 τὸν
2769 2133 2919 2186 ναὸν
2951 2134 3058 2188 τοῦ
3090 2136 3238 2190 Θεοῦ
3269 2139 3514 2206 φθεφει,
3570 2138 3777 2208 φθερεῖ

2191 2219 2404 2274 τοῦτον
2442 2223 2474 2274 ό
2502 2220 2686 2286 Θεός;
2726 2221 2790 2274 Τί
2818 2222 3070 2294 εὑρήσεις
3107 2227 3165 2279 ὲν
3194 2226 3271 2295 τῷ
3311 2227 3628 2282 συντελέσαι
3673 2231 3771 2299 τὴν

2193 2309 2458 2380 ἀνομίαν;
2493 2311 2616 2380 ούχὶ
2647 2311 2838 2376 σκότος
2864 2316 2958 2367 καὶ
2988 2317 3265 2385 μάχαιραν
3318 2317 3630 2385 τέμνουσάν
3676 2339 3769 2375 σου

2190 2401 2288 2471 τὴν
2316 2401 2543 2471 καρδίαν
2569 2418 2583 2466 ;
2615 2403 2737 2473 ούχὶ
2765 2405 3127 2473 ἀπογνώσεως
3160 2405 3350 2477 βόθρον
3376 2425 3390 2474 ;
3441 2409 3546 2464 οὐκ
3612 2415 3773 2466 αὐτὸν

2190 2490 2512 2559 ὴπατηκότα
2538 2508 2596 2544 σε
2623 2494 2892 2558 Σατανᾶν,
2914 2493 3012 2562 τὴν
3033 2494 3267 2565 ἀγχόνην
3287 2511 3347 2548 σε
3374 2501 3773 2569 κατεπείγοντα

2191 2580 2559 2644 ἀσπάσασθαι,
2583 2583 2829 2651 καθάπερ
2894 2583 2983 2636 τὸν
3021 2585 3218 2638 Ἰούδαν
3240 2588 3405 2656 ποτέ;
3447 2590 3769 2665 Ἀνάνηψον,

2189 2673 2218 2722 ό
2261 2671 2675 2743 ὲσκοτισμένοςο
2711 2673 2847 2742 φύγε
2868 2673 2967 2744 τὴν
3001 2676 3206 2744 παγῖδα
3262 2677 3355 2732 τοῦ
3427 2679 3688 2748 θανάτου,
3742 2689 3769 2738 ό

2191 2761 2570 2833 ὲσκελισμένος
2595 2781 2608 2795 ·
2643 2765 2716 2833 μὴ
2751 2764 2894 2831 ἁλῷς
2950 2768 3030 2829 εἰς
3082 2767 3355 2839 πέταυρον
3413 2771 3568 2842 ᾅδου,
3594 2777 3685 2843 ὑφ’
3711 2769 3769 2829 οὗ

2193 2856 2470 2909 κάνταῦθα
2505 2855 2598 2908 τοῦ
2628 2855 2765 2909 Καῒν
2794 2856 2890 2922 τὴν
2940 2857 3088 2929 ζωὴν
3135 2858 3348 2928 ζήσεις·
3413 2864 3638 2934 τρέμων
3678 2870 3770 2919 καὶ

2194 2948 2394 3000 στένων
2435 2947 2553 3017 ἔσῃ,
2591 2948 2687 2999 καὶ
2731 2947 3062 3016 ἀποφεύγων
3103 2952 3390 3021 πρόσωπον
3443 2954 3726 3027 γνώριμον
3754 2973 3767 2987 ·

2192 3043 2248 3096 ἐν
2279 3059 2339 3095 τε
2360 3043 2436 3113 τῷ
2465 3043 2710 3112 μέλλοντι
2745 3044 2922 3110 αἰῶνι,
2957 3047 3451 3116 καταδικαζόμενος
3474 3051 3532 3102 ἐν
3549 3053 3617 3120 τῇ
3676 3069 3769 3120 γε-

2194 3135 2318 3206 έννῃ
2346 3133 2440 3186 τοῦ
2476 3135 2662 3203 πυρός.
2695 3134 2759 3188 Τί
2788 3135 2880 3188 οὖν
2933 3135 3060 3190 ἄλλο
3086 3138 3295 3206 ποιήσω
3328 3140 3355 3191 ό
3381 3139 3589 3204 τάλας,
3621 3159 3771 3213 περι-

2193 3225 2492 3295 ωρισμένος
2514 3227 2570 3277 ἐν
2601 3227 2680 3278 ἐνὶ
2714 3227 2882 3297 τόπῳ,
2901 3227 3035 3298 πρὸς
3067 3227 3312 3291 ἅπαντας
3334 3231 3460 3292 τοὺς
3497 3247 3769 3304 προειρη-

2198 3315 2390 3384 μένους
2421 3333 2435 3380 ;
2468 3317 2532 3368 Τί
2564 3317 2823 3388 ἓτερον,ἢ
2855 3319 2912 3370 τὸ
2929 3318 3132 3370 στένειν
3171 3318 3264 3369 καὶ
3293 3319 3768 3392 διαμαρτύρασθαι

2193 3405 2286 3456 καὶ
2311 3405 2410 3474 τὴν
2439 3407 2740 3476 ἐρχομένην
2774 3406 3050 3476 ῥομφαίαν
3069 3407 3420 3475 ὰναγγέλλειν
3447 3427 3461 3476 ;
3491 3412 3588 3464 καὶ
3607 3415 3656 3465 εί
3674 3413 3770 3482 μὲν

2192 3497 2497 3562 ἀκούσοιεν,
2528 3500 2623 3550 καὶ
2653 3497 3040 3568 ἐπιστρέψαιεν
3073 3497 3179 3550 ἀπὸ
3209 3497 3312 3566 τῆς
3343 3501 3591 3572 πεπλανη
3602 3503 3770 3572 μένης

2193 3586 2374 3639 αὐτῶν
2397 3586 2538 3650 ὁδοῦ,
2569 3585 2838 3655 φερούσης
2869 3586 2948 3648 εἰς
2975 3585 3196 3656 ὄλεθρον
3227 3602 3242 3617 ο
3277 3589 3488 3650 ἑαυτοῖς
3553 3591 3769 3646 ἔσονται

2197 3678 2481 3747 σωτήριον,
2513 3677 2608 3729 καὶ
2637 3679 2702 3744 τῇ
2736 3677 2840 3746 ἐμῇ
2869 3676 3233 3730 ταπεινώσει·
3268 3680 3314 3730 εὶ
3345 3679 3404 3731 δὲ
3461 3681 3558 3750 μὴ,
3619 3684 3768 3753 μόνοι

2193 3767 2513 3836 ἀντλήσουσι
2558 3768 2626 3819 τὰ
2653 3768 2823 3831 κακὰ,
2860 3768 3007 3838 μόνοι
3034 3769 3392 3840 πορεύσονται
3443 3776 3512 3844 τῇ
3555 3770 3768 3848 φλογὶῇ

2193 3857 2505 3923 ἐξέκαυσαν,
2547 3859 2729 3911 Μόνοι
2760 3858 3323 3928 τίσουσινοδλεθρον
3353 3863 3595 3917 αἰώνιον
3653 3866 3768 3919 ἀπὸ

2189 3947 2511 4014 προσώπου
2551 3948 2659 4002 τοῦ
2718 3949 2885 4014 Θεοῦ,
2935 3949 3033 4003 καὶ
3094 3951 3211 4004 ἀπὸ
3251 3952 3362 4020 τῆς
3419 3953 3611 4022 δόξης
3659 3955 3768 4024 τῆς

2191 4039 2402 4105 ἰσχύος
2425 4037 2630 4102 αὑτοῦ,
2667 4039 2812 4093 ὅταν
2844 4040 2989 4107 ἕλοῃ
3035 4041 3476 4111 ἐνδοξασθῆναι
3537 4047 3606 4098 ἐν
3638 4048 3768 4112 τοῖς

2187 4128 2374 4196 ἁγίοις
2403 4129 2720 4191 aetatium!
2742 4130 3158 4199 θαυμασθῆναι
3187 4133 3254 4183 ἐν
3283 4132 3431 4187 πᾶσι
3458 4139 3571 4198 τοῖς
3628 4142 3767 4190 κατὰ

2186 4219 2284 4283 τὰς
2322 4219 2538 4283 ἐντολὰς
2573 4222 2737 4274 αὐτοῦ
2781 4223 2984 4286 πιστῶς
3039 4225 3378 4295 πορευθεῖσιν
3412 4244 3424 4255 ·
3461 4227 3646 4291 αὐτοῖς
3674 4231 3768 4299 μὲν

2191 4310 2476 4374 ἀποδιδοὺς
2508 4311 2580 4365 τὰ
2613 4309 2738 4376 ἄξια
2768 4313 2903 4383 γέρα
2923 4327 2937 4341 ’
2969 4315 3080 4376 τοῖς
3096 4315 3152 4366 δὲ
3183 4316 3466 4378 ἐναντίοις,
3498 4317 3595 4378 τὰς
3623 4321 3768 4387 ἡτοιο

526 4418 733 4468 autem,
760 4415 946 4477 parata
976 4417 1180 4462 aeterna
1212 4405 1497 4475 supplicia.
1529 4403 1638 4458 Vos
1665 4411 1868 4464 autem,
1894 4400 2086 4454 fratres

2194 4404 2479 4472 μασμένας
2507 4405 2690 4466 αὐτοῖς
2717 4405 3108 4476 ἀτελευτήτους
3141 4394 3409 4468 κολάσεις.
3465 4408 3664 4478 Ὑμεῖς
3687 4411 3764 4476 δὲ,

515 4501 622 4556 mei
646 4541 662 4564 ,
708 4503 845 4556 bene
889 4515 1074 4572 quaeso
1125 4499 1532 4556 ambulaveritis
1557 4536 1572 4563 ,
1611 4508 1669 4553 ut
1698 4496 2009 4564 di/Tamarus
2047 4497 2080 4547 ὰ

2192 4489 2409 4558 ἀδελφοί
2434 4507 2557 4559 μου,
2589 4490 2650 4543 εὖ
2689 4491 3029 4561 πορεύοισθε,
3063 4495 3384 4564 παρακαλῶ,
3437 4497 3513 4562 ὡς
3553 4500 3619 4551 ἂν
3670 4500 3769 4570 ἀφ’

583 4680 626 4716 ²¹¹
651 4679 796 4737 Psal.
817 4695 1078 4745 cxxxvm,
1098 4680 1151 4734 7.
1193 4680 1236 4720 ιθ
1265 4679 1309 4734 ll
1334 4679 1460 4735 Cor.
1497 4694 1556 4744 ιι,
1583 4679 1637 4732 2.
1717 4679 1758 4709 ¹⁹
1789 4678 1890 4733 lsa.
1916 4694 2058 4732 vai.
2086 4715 2088 4724 ι

2213 4680 2258 4711 ¹⁰
2280 4677 2442 4732 llcbr.
2468 4691 2591 4739 xm,
2615 4676 2673 4730 ιι.
2750 4678 2790 4708 ’⁸
2819 4676 3083 4740 1Cor.m.
3109 4681 3192 4733 l7.
3268 4682 3313 4713 “
3344 4680 3384 4734 Il
3412 4682 3557 4738 Thes
3595 4701 3636 4748 ι,
3680 4685 3763 4742 10.

2012 4815 2247 4873 NOTAE.

582 4930 715 4998 (l4).
763 4929 994 5000 Excepto
1043 4941 1199 5000 raptu
1231 4969 1246 4992 ,
1292 4933 1453 4986 etiam
1506 4932 1696 4986 divinm
1742 4933 2085 5001 ηψπ-ηιαιίοηὶ

513 4997 680 5072 pedes
705 4997 928 5072 aptavit.
956 5001 1092 5072 πρὸς
1109 4997 1252 5072 ἀὐτῇ
1269 5005 1334 5072 τῇ
1362 5005 1606 5072 ἁρπαγῇ,
1632 4997 1810 5072 καὶτῇ
1828 4997 2083 5072 ἀθετήσει

510 5069 604 5142 τοῦ
623 5069 774 5142 ’θεοῦ
798 5072 925 5142 τους
965 5071 1132 5134 πόδας
1155 5069 1462 5142 εὐτρέπισε.
1481 5069 1710 5142 Videtur
1729 5069 1954 5124 inhuere
1982 5069 2083 5126 ‘ne-

511 5137 704 5191 fundas
748 5139 988 5204 nuptias,
1033 5157 1170 5209 quas
1225 5137 1373 5196 velut
1421 5144 1476 5194 in
1518 5141 1612 5195 Dei
1672 5149 2039 5209 contemptum
2067 5182 2080 5205 ,

510 5216 696 5274 aposta
724 5221 882 5276 quem
915 5220 1088 5274 notat,
1132 5212 1507 5265 contraxerit:
1548 5210 1734 5280 quales
1779 5209 1891 5265 fere
1946 5225 2079 5264 con-

510 5285 796 5348 traxerunt
838 5290 1098 5346 apostata:
1157 5282 1358 5344 nostri,
1409 5296 1548 5334 novo
1591 5289 1713 5334 orto
1766 5280 2083 5348 Evangelio,

510 5343 747 5418 L_t_t_thero
777 5343 1105 5414 praidicante
1153 5367 1166 5402 :
1204 5343 1349 5418 quod
1400 5358 1727 5412 monstrum,
1773 5343 2083 5417 quanquam

508 5412 598 5484 alii
629 5412 947 5470 assuescere
975 5427 1160 5473 coacta
1191 5412 1364 5472 Gallia
1399 5429 1610 5481 nostra,
1657 5412 1805 5471 haud
1855 5412 2079 5484 ita-pri-

508 5481 656 5554 dem,
687 5487 948 5540 severiori
981 5489 1269 5542 sanctione
1296 5489 1348 5540 in
1389 5503 1509 5542 eam
1542 5503 1652 5542 rem
1690 5489 1856 5549 edita,
1901 5481 2080 5554 depel-

509 5550 619 5627 |__ere
647 5565 840 5627 conata
881 5565 984 5627 est.
1010 5555 1193 5627 Potest
1218 5558 1333 5627 ipse
1361 5556 1906 5627 Theodorus_consuli
1939 5550 2078 5627 apud

509 5619 825 5687 Baronium,
859 5624 946 5677 ubi
974 5619 1322 5680 nonnulla'de
1351 5627 1501 5681 falsis
1541 5627 1646 5680 illis
1680 5619 2080 5679 fratriliusCEst

511 5690 655 5758 apud
684 5691 1071 5765 Theophanem
1097 5697 1163 5750 de
1200 5698 1505 5760 monachis,
1536 5711 1672 5765 quos
1704 5695 1945 5748 nonnulli
1977 5695 2082 5747 iui-

513 5769 791 5829 peratores
820 5764 1164 5820 icouoclastae
1193 5768 1458 5834 cogebant
1499 5764 1773 5820 coronari.
1818 5780 1857 5818 ι.
1904 5765 2079 5818 sacri-

2193 4929 2476 5051 legainirle
2500 4928 2778 5051 lconiugia,
2812 4939 2872 4984 ut
2901 4930 3062 4987 docto
3093 4938 3385 5006 συμμυστῇ
3431 4937 3555 5007 ejus
3598 4939 3766 4994 inter-

2195 5013 2330 5051 DI‘CII
2375 5016 2422 5051 Vl
2465 5014 2493 5051 θ
2522 5014 2608 5051 lll‘.

2234 5009 2330 5055 I‘Cli
2375 5009 2608 5052 \‘ldellll‘.

2195 5017 2330 5071 preu
2375 5017 2608 5052 uuetur.

2211 5140 2224 5146 Α
2264 5070 2398 5146 (iii).
2428 5066 2510 5121 Ne
2534 5067 2727 5146 inferni
2758 5067 2989 5146 capiaris
3013 5080 3250 5146 petauro.
3287 5071 3448 5126 Plura
3488 5073 3756 5146 Stephan.

2192 5138 2380 5194 de‘illa
2413 5153 2546 5192 voce
2577 5138 2630 5191 in
2671 5138 2987 5207 appendice.
3027 5139 3124 5194 Hic
3157 5141 3368 5195 videtur
3392 5138 3766 5202 auctor'acci-

2194 5224 2318 5278 pere
2364 5221 2470 5282 pr0_
2503 5207 2595 5282 tali
2639 5221 2833 5275 genere
2871 5208 3071 5282 laquei,
3118 5225 3228 5282 quo
3267 5226 3364 5265 ceu
3407 5227 3627 5269 carcere
3669 5232 3761 5271 ca-

2195 5277 2342 5345 ptum
2385 5277 2903 5352 animal‘teneatur'
2929 5295 2943 5331 :
2974 5279 3076 5352 sic
3116 5280 3259 5352 enim
3298 5282 3529 5350 quadrat
3559 5287 3766 5352 optime

2193 5345 2701 5423 exemplumhcaini,
2726 5347 2794 5423 ab
2840 5347 3094 5423 omnibus
3126 5345 3369 5423 timentis
3403 5361 3458 5404 et
3492 5345 3639 5423 vagi.
3675 5354 3761 5408 Vel

2190 5409 2687 5488 etiam'zb,'0<p'_oia.
2737 5416 2943 5488 Fuerit,
2994 5421 3142 5488 velut
3182 5434 3293 5488 quo
3339 5409 3653 5486 deﬂuente,
3696 5440 3761 5478 eo

2190 5485 2354 5558 modo
2387 5499 2494 5552 quo
2516 5485 2654 5548 avis,
2689 5487 2824 5552 pede
2847 5497 2941 5558 aut
2963 5487 3048 5558 ala
3079 5485 3352 5542 detinetur
3392 5485 3646 5558 laqueo,
3678 5493 3760 5546 fu-

2191 5555 2432 5626 gitatque
2467 5568 2530 5606 ac
2572 5565 2729 5626 pavet
2769 5556 2968 5608 omnia.
3009 5555 3582 5626 Eamamplitudinem
3612 5555 3760 5618 satis

2188 5624 2660 5692 rel‘ertfnostru'm,
2697 5625 2750 5675 in
2793 5640 2916 5692 quo,
2966 5634 3071 5678 etc.
3118 5624 3297 5680 Utitur
3327 5643 3387 5681 ea
3421 5645 3554 5683 voce
3585 5632 3754 5686 Andr.

2187 5693 2332 5748 Cret.
2367 5691 2733 5771 Encomiget;
2769 5691 3170 5771 τὴνὰποτομὴν
3201 5695 3294 5749 τοῦ
3325 5699 3479 5771 ἁγίου
3523 5701 3757 5771 Προδρό-

2189 5780 2314 5830 μου,
2344 5763 2574 5818 necdum
2600 5761 2783 5819 ercc
2800 5761 2963 5820 edito.
2981 5761 3443 5838 yuqutppwv‘obx
3461 5761 3757 5824 ἐπίσταται
