3968 6436
261 389 392 454 1841

1202 388 1299 446 DE
1340 387 1562 446 OBITU
1603 388 1663 447 s.
1713 387 2101 449 THEODORI
2137 363 2479 451 STUDITIE

3341 391 3474 455 1842

254 495 422 565 ὑμῶν
447 495 850 565 ἑξηχούμενος
883 497 914 549 ὁ
944 494 1124 563 λόγος
1149 489 1259 561 τῆς
1300 491 1534 561 ἀρετῆς,
1577 495 1670 548 καὶ
1723 493 1802 548 ἐπί

1916 496 2057 551 vobis
2104 499 2316 552 virtutis
2363 513 2532 551 sermo
2565 497 2648 563 ³³,
2687 498 2769 554 vel
2807 499 2946 568 apud
2978 500 3123 570 ipsos
3160 499 3473 564 sceleratos.

253 587 380 648 τοὺς
410 585 764 648 ἁτασθάλους,
792 583 1193 654 ἁγάγοιαύτοὺς
1219 585 1304 649 είς
1318 583 1644 652 ἐπίγνωσιν
1668 585 1813 652 ἀλη-

253 677 418 742 θείας
441 691 454 706 ο
503 672 698 728 πάντα
729 675 1150 743 ὑπομένοντες,
1191 674 1276 728 ἵνα
1315 673 1516 737 πάντες
1549 675 1608 727 ὲν
1649 675 1812 729 πᾶσιν

253 766 718 836 εὐαρεστήσαντες
750 764 829 833 τῷ
873 765 1081 835 Κυρίῳ,
1119 764 1382 834 φύγοιμεν
1406 764 1678 829 κολάσεως
1712 782 1813 818 κα-

251 861 501 928 ταδίκην,
528 859 623 912 καὶ
649 857 906 928 τύχοιμεν
941 857 1217 928 βασιλείας
1241 858 1506 928 οὐρανῶν,
1558 859 1616 911 ὲν
1667 857 1812 927 αὐτῷ

252 950 475 1020 Χριστῷ
497 948 578 1019 τῷ
605 948 793 1020 Κυρίῳ
823 949 998 1018 ἡμῶν,
1035 943 1079 1017 ᾧ
1112 950 1146 1018 ἡ
1177 948 1303 1015 δόξα
1330 951 1422 1002 καὶ
1473 948 1536 1002 τὸ
1590 949 1810 1020 κράτος,

251 1040 351 1094 σὺν
379 1039 458 1110 τῷ
508 1039 686 1110 Πατρὶ
713 1039 808 1092 ml
832 1037 911 1108 τῷ
959 1039 1098 1109 ἁγίῳ
1132 1038 1427 1108 Πνεύματι,
1457 1038 1552 1093 νῦν
1586 1039 1682 1092 καὶ
1702 1040 1809 1107 ἀεὶ,

251 1130 347 1184 καὶ
375 1131 456 1193 είς
482 1130 608 1192 τοὺς
637 1128 838 1192 αίῶνας
879 1129 987 1182 τῶν
1013 1127 1242 1182 αἰώνων.
1289 1127 1486 1199 Ἀμήν.

320 1221 473 1275 Μετὰ
503 1221 559 1273 δὲ
585 1221 682 1290 τὴν
705 1218 1062 1289 τετράριθμον
1088 1218 1195 1272 τῶν
1218 1219 1437 1289 ἡμερῶν
1461 1221 1526 1290 τῇ
1558 1217 1682 1290 ἑξῆς
1705 1234 1717 1248 ·
1744 1215 1813 1290 ἦν

249 1310 358 1380 γὰρ
387 1310 755 1379 ἀναστάσιμος
788 1307 925 1378 αὕτη
952 1323 968 1340 ⁸
996 1309 1080 1376 ἐφ’
1181 1308 1322 1362 κατὰ
1352 1308 1414 1361 τὸ
1443 1308 1632 1372 είωθδς
1675 1326 1810 1379 προ-

248 1397 540 1460 καθεσθεὶς
571 1399 600 1449 6
631 1395 961 1466 μακαρίτης,
993 1395 1088 1448 καὶ
1122 1394 1559 1465 ἀναγνωσθείσης
1591 1395 1690 1463 τῆς
1718 1396 1812 1448 αύ-

247 1487 352 1556 τῆς
389 1489 740 1557 κατηχήσεως
804 1484 858 1538 τί
877 1486 1121 1552 γίνεται;
1155 1484 1418 1553 ῥώννυται
1443 1487 1510 1555 τῇ
1536 1485 1810 1556 προθυμία

249 1579 373 1632 ἐπεὶ
401 1579 516 1641 καὶ,
546 1576 620 1640 ὥς
638 1591 769 1645 φησι
790 1618 804 1642 ,
849 1576 1007 1638 πόνος
1037 1574 1224 1643 ὑγείαν
1247 1575 1550 1644 χαρίζεται,
1583 1575 1675 1628 ml
1688 1591 1810 1646 προ·

249 1662 422 1732 θυμία
466 1663 691 1732 νεκροὺς
735 1662 1032 1732 ἀνίστησιν.
1073 1661 1218 1714 Ἐπεὶ
1243 1662 1299 1715 δὲ
1341 1662 1445 1715 ἔδει
1476 1663 1567 1715 ml
1607 1679 1808 1732 μυστα-

248 1751 457 1820 γωγίαν
494 1751 768 1818 γενέσθαι,
800 1751 866 1822 ἢν
916 1753 1170 1804 ἑκάστοτε
1224 1752 1310 1805 διὰ
1343 1752 1543 1820 πολλῆς
1603 1754 1632 1804 6
1658 1770 1809 1824 τρισο

1914 599 2007 640 eos
2032 585 2102 640 du
2113 596 2202 640 cat
2230 585 2297 639 ad
2322 588 2624 655 ignitionem
2647 603 2662 635 ι
2684 588 2886 641 eritatis
2909 589 2975 641 ".
3026 586 3339 658 Str/ferentes
3360 607 3475 644 om-

1913 675 2001 728 nia
2034 674 2166 744 (i6);
2199 675 2382 729 omnia
2413 675 2729 741 credentes;
2755 678 2935 731 omnia
2960 678 3292 736 sustinentes
3323 681 3389 748 ",
3415 693 3475 736 ut

1912 778 2100 819 omnes
2131 765 2186 818 in
2225 765 2480 820 omnibus
2518 765 2792 834 placentes
2833 766 3091 835 Domino,
3120 770 3382 839 gehennae
3408 785 3474 826 ac

1912 853 2160 923 supplicii
2187 854 2593 910 damnationem
2621 855 2960 926 eﬁ‘ugiamus,
2988 872 3051 912 ac
3075 873 3472 927 consequamur

1912 946 2173 998 caelorum
2207 959 2456 1013 regnum,
2477 944 2528 999 in
2552 945 2742 1000 eodem
2768 945 2985 1002 Christo
3011 946 3239 1003 Domino
3262 960 3468 1014 nostro,
3496 1022 3500 1025 _

1911 1035 1995 1090 cui
2027 1034 2197 1105 gloria
2225 1045 2279 1090 et
2307 1036 2620 1106 imperium,
2655 1053 2777 1093 cum
2804 1037 2962 1093 Patre
2989 1046 3043 1093 et
3078 1046 3266 1094 sancto
3297 1037 3470 1110 Spiri-

1913 1131 1992 1190 tu,
2011 1139 2157 1180 nunc
2180 1135 2234 1179 et
2251 1138 2486 1195 semper,
2505 1135 2558 1181 et
2579 1127 2632 1181 in
2657 1129 2852 1183 saecula
2880 1129 3220 1186 saeculorum.
3239 1133 3464 1187 Amen.»

1987 1212 2158 1270 Porro
2195 1224 2385 1269 exacta
2433 1226 2626 1285 quarta
2680 1219 2804 1283 die;
2856 1218 3145 1288 postridie,
3203 1236 3323 1289 qua:
3375 1221 3471 1276 fuit

1912 1303 2190 1360 Dominica
2236 1321 2300 1361 ac
2339 1321 2492 1361 sacra
2520 1306 2953 1366 Resurrectionis
2982 1311 3118 1376 dies,
3153 1326 3276 1366 cum
3319 1315 3471 1378 prius

1911 1406 2008 1460 pro
2046 1407 2194 1448 more
2239 1395 2324 1448 vir
2363 1395 2553 1452 beatus
2592 1397 2823 1453 sedisset
2863 1399 3160 1471 fuissetque
3185 1401 3325 1457 lecta
3354 1403 3468 1458 hac

1909 1482 2025 1552 ipsa
2057 1484 2356 1540 eatechesis
2389 1524 2406 1551 ,
2441 1486 2570 1555 quid
2605 1488 2798 1542 accidit
2832 1489 2854 1542 ?
2880 1489 3185 1545 Animatior
3215 1492 3272 1546 fit
3301 1493 3469 1547 animi

1910 1574 2187 1629 alacritate
2221 1593 2234 1629 :
2270 1590 2392 1629 nam
2442 1585 2496 1631 et
2522 1576 2691 1643 labor,
2725 1579 2899 1644 aiunt,
2932 1581 3215 1636 sanitatem
3247 1583 3463 1652 prabet,

1909 1665 2189 1734 animique
2222 1665 2476 1721 alacritas
2505 1681 2568 1721 ac
2598 1668 2896 1738 impensius
2929 1670 3190 1735 studium,
3221 1679 3467 1728 mortuos

1911 1755 2153 1813 suscitat.
2196 1749 2332 1820 Quia
2377 1770 2504 1810 vero
2532 1771 2643 1811 rem
2696 1771 2906 1812 sacram
2941 1760 3122 1830 peragi
3159 1751 3464 1831 oportebat,

250 1843 439 1911 μάκαρ
467 1843 674 1903 ἐκεῖνος
713 1839 854 1910 εἶχεν
899 1840 1212 1910 ἐπιθυμίας,
1235 1842 1459 1893 εἴσεισιν
1487 1843 1565 1904 εἰς
1589 1842 1649 1894 τὸ
1666 1841 1802 1911 ἱερὸν

1909 1837 2065 1913 c'ujus
2100 1844 2183 1898 vir
2212 1853 2293 1899 ter
2321 1845 2536 1912 beatus,
2561 1847 2733 1902 multo
2757 1849 2998 1918 quotidie
3021 1849 3292 1906 desiderio
3319 1861 3466 1908 tene-

247 1930 506 2001 καθαρῶς
536 1929 845 2003 λατρεύσων
871 1930 946 1999 τῷ
976 1930 1185 1999 Κυρίῳ,
1217 1932 1309 1982 καὶ
1340 1931 1439 2000 τὴν
1473 1931 1806 2002 ἀναίμακτον

247 2020 573 2091 προσφέρων
599 2019 806 2072 θυσίαν.

317 2109 430 2161 Kal
458 2108 658 2176 ταύτην
685 2106 1082 2176 πεπληρωκὼς,
1118 2107 1210 2160 καὶ
1235 2106 1491 2176 μεταδοὺς
1519 2110 1629 2170 τοῖς
1661 2123 1801 2176 παρ·

245 2197 387 2263 οὖσι,
421 2199 516 2250 καὶ
572 2197 749 2250 πάντα
781 2195 1136 2260 ὲκτετελεκὼς
1169 2195 1568 2267 ἁρμοδιώτατα,
1597 2197 1804 2250 ἐκεῖθεν

245 2289 341 2342 ἐπὶ
368 2289 468 2359 τὴν
495 2287 774 2359 τράπεζαν
805 2286 1200 2355 ἀνακέκληται·
1236 2287 1320 2355 ἐφ’
1429 2289 1519 2341 ml
1550 2286 1804 2352 δεξιωσά-

249 2381 413 2449 μενός
450 2395 599 2441 τινας
636 2378 743 2430 τῶν
776 2377 1227 2446 παραγενομένων
1263 2378 1521 2449 Πατέρων
1555 2379 1648 2431 καὶ
1673 2381 1802 2449 ὁμο-

244 2465 511 2536 λογητῶν,
543 2468 637 2519 καὶ
669 2457 1004 2535 φιλοφρόνως
1037 2463 1270 2530 ξενίσας,
1298 2465 1363 2518 τὰ
1393 2465 1492 2536 τῆς
1535 2467 1804 2536 μεταστά-

247 2573 385 2618 σεως
413 2556 499 2609 διὰ
530 2555 769 2619 πάντων,
801 2554 893 2607 καὶ
927 2553 1454 2624 προσφθεγγόμενος,
1485 2555 1574 2607 καὶ
1604 2555 1802 2624 ὁμιλῶν

244 2644 478 2706 τούτοις,
518 2642 930 2712 παρεπέμπετο.
959 2640 1062 2693 Καί
1089 2657 1150 2708 γε
1171 2641 1329 2693 τοῦτο
1358 2641 1478 2710 οὐχὶ
1506 2647 1802 2710 τηνικαῦτα

247 2734 432 2806 μόνον,
472 2732 547 2796 ὣς
593 2734 736 2794 ἐστε,
772 2731 884 2784 ἀλλ’
926 2730 1044 2794 ὅλος
1093 2732 1120 2783 6
1161 2729 1348 2800 χρόνος
1381 2731 1478 2800 τῆς
1529 2731 1802 2800 μακαρίας

243 2823 340 2878 τοῦ
368 2822 611 2891 ἀοιδίμου
640 2820 803 2888 ζωῆς,
834 2819 983 2872 οὐδὲν
1011 2820 1169 2872 πλέον
1207 2815 1295 2890 ἦν,
1341 2818 1373 2890 ἢ
1404 2820 1599 2888 μελέτη
1635 2820 1797 2873 θανά-

246 2932 342 2969 του
365 2955 380 2980 ,
401 2914 497 2966 καὶ
535 2908 800 2982 ἐπιθυμία
833 2909 938 2963 τοῦ
957 2911 1276 2974 ἀναλῦσαι,
1301 2911 1398 2963 καί
1426 2910 1546 2964 σὺν
1572 2911 1800 2978 Χριστῷ

243 3001 419 3058 εἶναι.
469 3000 556 3066 Ἐξ
597 2997 663 3072 ἧς
699 3000 939 3071 μνήμης,
982 3001 1172 3062 ὁπόσος
1203 2998 1369 3068 αὐτῷ,
1413 3001 1502 3052 καὶ
1545 2999 1729 3069 ἡλίκος
1773 3003 1801 3053 6

243 3092 591 3160 καθεκάστην
642 3091 818 3158 ἁγώνς
868 3091 960 3141 καὶ
993 3091 1059 3142 τὰ
1107 3091 1192 3142 διὰ
1232 3080 1461 3159 σπουδῆς
1513 3091 1799 3160 κατορθού-

1906 1936 2067 1989 batur
2094 1935 2227 2005 (i7),
2258 1937 2562 2007 ingreditur
2595 1940 3084 2008 templum,munde
3113 1942 3337 2000 Domino
3358 1945 3464 2000 mi—

1905 2023 2253 2088 nistraturus,
2285 2039 2350 2079 ac
2375 2025 2659 2080 oblaturus
2690 2027 3026 2082 incruentam
3060 2031 3312 2085 hostiam.

1957 2108 2147 2176 Porro,
2167 2120 2384 2180 peracta
2408 2127 2465 2166 re
2482 2128 2654 2175 sacra,
2672 2113 3083 2184 impertitusque
3107 2117 3192 2180 iis,
3212 2117 3305 2186 qui
3321 2118 3468 2172 ades-

1904 2208 2049 2261 sent,
2085 2197 2299 2251 vivifica
2330 2208 2691 2262 sacramenta,
2723 2213 2786 2253 ac
2813 2200 3068 2253 omnibus
3090 2201 3466 2270 congruentis-

1903 2287 2040 2342 sime
2074 2289 2484 2355 consummatis;
2521 2289 2669 2344 illinc
2701 2290 2765 2348 ad
2794 2305 3034 2347 mensam
3068 2305 3322 2347 reversus
3337 2299 3460 2347 est:

1905 2377 1994 2432 ubi
2029 2379 2192 2432 etiam
2225 2380 2536 2444 nonnullos,
2561 2382 2650 2450 qui
2677 2381 2947 2447 adessent,
2968 2382 3150 2438 Patres
3178 2392 3230 2437 et
3251 2380 3465 2437 confes-

1905 2478 2080 2529 sores,
2112 2465 2474 2534 amplexatus,
2513 2482 2575 2522 ac
2613 2476 2862 2522 amanter
2901 2468 3200 2537 excipiens,
3240 2468 3328 2522 vix
3360 2468 3462 2523 nisi

1903 2553 1970 2607 de
2008 2563 2180 2607 morte
2224 2566 2475 2610 conserto
2517 2571 2768 2610 sermone
2810 2571 2874 2611 ac
2920 2557 3214 2627 colloquio,
3257 2557 3463 2613 dimisit

1901 2656 2014 2696 eos.
2047 2642 2155 2697 Nec
2199 2658 2347 2709 sane,
2381 2646 2451 2699 ita
2495 2651 2625 2699 tunc
2655 2645 2851 2710 solum,
2881 2655 2942 2699 ut
2980 2646 3166 2711 scitis;
3201 2647 3292 2701 sed
3323 2656 3463 2702 tem-

1903 2743 2004 2797 pus
2036 2738 2208 2784 totum
2245 2732 2414 2785 beata:
2450 2732 2549 2785 viri
2576 2733 2760 2803 inclyti
2795 2734 2917 2788 vita:
2941 2771 2956 2798 ,
2999 2734 3136 2788 nihil
3167 2735 3335 2804 magis
3365 2735 3464 2790 ha-

1901 2819 2038 2884 buit,
2067 2835 2228 2890 quam
2251 2823 2441 2877 mortis
2467 2823 2892 2885 meditationem,
2917 2833 2970 2878 ct
2997 2825 3311 2883 desiderium
3350 2827 3462 2880 dis-

1901 2910 2028 2964 solui
2075 2919 2125 2963 et
2162 2926 2269 2963 esse
2311 2926 2428 2962 cum
2473 2910 2679 2966 Christo
2701 2913 2765 2966 ".
2791 2911 2868 2966 Ex
2900 2928 2963 2968 ea
3001 2917 3282 2981 memoria,
3305 2915 3462 2982 quale

1903 3001 2003 3068 ipsi
2037 3015 2100 3054 ac
2124 3009 2387 3069 quantum
2416 3003 2659 3070 quotidie
2691 3013 2963 3058 certamen
3000 3003 3135 3059 fuit?
3166 3003 3303 3072 Quid
3330 3021 3460 3062 vero

1901 3104 2062 3158 opus,
2095 3089 2300 3144 referre
2323 3106 2388 3146 eo
2418 3093 2600 3147 studio
2643 3103 2794 3163 gesta
2820 3095 3032 3164 egregia
3068 3105 3180 3151 tum
3208 3098 3458 3167 privatim

248 3193 390 3248 μενα
437 3158 557 3228 ίδιάί
589 3192 649 3227 τε
697 3176 792 3229 καὶ
819 3176 992 3244 κοινῇ.
1037 3176 1086 3227 τί
1123 3177 1203 3228 δεῖ
1249 3177 1342 3229 καὶ
1376 3158 1573 3244 λέγειν,
1623 3158 1801 3231 αὐτῶν

1909 3189 2019 3234 tum
2051 3181 2288 3248 publice,
2326 3197 2446 3236 cum
2475 3183 2561 3236 vix
2596 3183 2711 3252 ipsa
2742 3199 2849 3238 non
2875 3184 3155 3240 clament?
3187 3184 3341 3250 Nunc
3363 3203 3459 3241 au-

244 3268 456 3323 τούτων
513 3266 837 3336 μονονουχὶ,
894 3265 988 3318 ml
1037 3265 1181 3337 ἔργῳ
1238 3267 1515 3336 βοώντων;
1565 3269 1700 3321 Νυνὶ
1747 3269 1800 3321 δὲ

245 3358 432 3427 πολλῷ
491 3356 684 3410 πλέον’
740 3355 815 3419 ώς
868 3355 1061 3425 μικροῦ
1112 3358 1351 3421 ἐνιαυτὸς
1401 3358 1798 3428 παρθιπευσεν,

247 3450 490 3520 ὁπηνίκα
518 3449 740 3511 τελείως
774 3446 907 3518 πρὸς
929 3447 1025 3515 τὴν
1057 3446 1231 3514 ἔξοδον
1268 3450 1674 3520 παρεσκεύαστο
1694 3467 1707 3482 ·
1731 3451 1804 3513 ώς

247 3540 530 3601 πολλάκις,
568 3539 660 3592 ml
701 3537 789 3590 ἐπὶ
818 3536 993 3606 συχνῷ
1040 3539 1420 3608 παρεδρεύοντί
1457 3557 1545 3609 μοι
1575 3538 1739 3609 αὐτῷ.
1776 3541 1804 3591 6

246 3633 430 3683 πάντα
479 3629 730 3699 βουλήσει
785 3626 918 3679 Θεοῦ
969 3625 1064 3680 καὶ
1110 3629 1249 3698 δρῶν
1293 3633 1385 3682 m‘t
1425 3630 1615 3698 λέγων,
1658 3631 1804 3700 ὅμως

245 3719 682 3790 Χριστομιμήτῳ
713 3715 1036 3772 ταπεινώσει
1083 3719 1180 3771 οὐκ
1216 3720 1442 3788 ἀπηξίου
1494 3721 1802 3790 προσφθέγ-

247 3810 464 3880 γεσθαι,
494 3810 588 3862 ml
628 3811 692 3878 τῇ
725 3809 970 3879 ἡμετέρᾳ
996 3808 1322 3863 ταπεινώσει
1356 3813 1413 3864 ὲν
1437 3812 1648 3874 τούτοις
1670 3828 1683 3843 ⁶
1709 3813 1798 3881 Μή

245 3918 301 3954 τι
331 3899 643 3967 ὲνελίπομεν
668 3894 774 3967 ἆρα
795 3897 902 3951 τῶν
925 3898 1243 3966 ὀφειλόντων
1262 3900 1558 3972 λαληθῆναι
1583 3901 1719 3955 κατὰ
1741 3903 1799 3955 τὸ

247 3991 580 4057 ἀναγκαῖον;
615 3989 690 4058 μή
726 4004 778 4041 τι
824 3987 931 4040 τῶν
976 3991 1468 4060 κεχρεωστημένων
1504 3994 1636 4062 ἡμῖν
1662 4010 1798 4063 παρ-

246 4077 549 4150 ημέληται;
591 4076 731 4130 οὕτω
770 4077 866 4131 καὶ
920 4078 1044 4146 περὶ
1081 4079 1186 4132 τῶν
1219 4080 1472 4134 τοιούτων
1499 4083 1531 4152 ἡ
1557 4084 1797 4153 μακαρία

246 4170 432 4239 ἐκείνη
482 4168 883 4238 πολυμέριμνος
926 4167 1070 4236 ψυχη
1117 4169 1430 4237 ἠγωνίζετο,
1466 4173 1559 4224 καὶ
1606 4173 1795 4241 ἐφρόν-

247 4261 405 4324 τιζεο
446 4259 539 4311 καὶ
573 4258 710 4328 μετὰ
732 4258 830 4328 τὴν
872 4257 1026 4325 ἑξῆς·
1080 4254 1145 4328 ἦν
1186 4257 1292 4328 γὰρ
1321 4261 1476 4329 τρίτη
1524 4261 1630 4313 τῶν
1662 4264 1794 4331 ἡμε-

1903 3283 2008 3326 tem
2038 3271 2196 3342 longe
2233 3273 2465 3342 amplius
2501 3290 2514 3326 :
2546 3274 2732 3341 utjam
2767 3272 2880 3330 fere
2911 3274 2979 3329 ab
3007 3290 3173 3341 anno,
3205 3278 3369 3332 murti
3401 3269 3461 3334 se

1903 3359 2142 3430 perfecte
2187 3371 2558 3431 comparasset
2591 3381 2601 3416 :
2635 3363 2782 3418 Adeo
2815 3375 2909 3426 ιιι,
2937 3364 3059 3418 cum
3089 3365 3136 3419 ei
3173 3367 3372 3436 saepius
3397 3383 3461 3422 ac

1907 3450 2160 3520 frequens
2201 3452 2467 3516 adessem,
2499 3453 2591 3521 qui
2630 3453 2811 3510 omnia
2850 3452 2941 3508 Dei
2972 3456 3249 3513 voluntate
3282 3468 3337 3513 et
3375 3459 3460 3514 fa-

1909 3552 2053 3599 ceret
2081 3549 2132 3595 ct
2166 3544 2505 3611 loqueretur;
2550 3556 2648 3599 nec
2685 3545 2763 3598 sic
2804 3552 3007 3613 tamen,
3039 3547 3243 3604 Christi
3275 3550 3458 3606 humi-

1909 3636 2074 3690 litatis
2101 3635 2348 3696 aemulus,
2376 3632 2736 3686 humilitatem
2768 3648 2940 3688 meam
2971 3650 3134 3704 super
3153 3637 3238 3693 his
3259 3638 3459 3710 alloqui

1908 3727 2316 3798 dedignaretur:
2340 3721 2480 3777 Num
2500 3733 2768 3791 superest,
2795 3725 2992 3791 aiebat,
3016 3727 3220 3797 aliquid
3247 3743 3457 3791 eorum.
3489 3757 3493 3761 ι

1908 3827 2027 3882 quae
2073 3809 2377 3866 necessarie
2425 3809 2570 3878 loqui
2613 3809 2942 3865 habuimus?
2982 3812 3236 3882 Nunquid
3271 3829 3459 3872 eorum

1905 3903 2109 3972 aliquid
2161 3900 2520 3970 negleximus,
2567 3914 2794 3968 quorum
2845 3916 3087 3958 essemus
3148 3907 3462 3963 debitores?

1907 3993 1996 4050 Sic
2028 3994 2078 4047 in
2112 3992 2378 4061 ejusmodi
2405 3991 2764 4046 contendebat
2786 4003 2840 4047 et
2865 3995 3057 4064 agebat
3076 4010 3286 4062 curam,
3305 3996 3457 4052 beata

1906 4085 2014 4150 illa,
2048 4097 2112 4138 ac
2135 4083 2318 4137 multae
2351 4081 2731 4137 sollicitudinis
2756 4083 2959 4138 anima.
2997 4082 3196 4140 Verum
3226 4097 3347 4154 post
3369 4101 3457 4144 se-

1901 4184 2156 4247 quentem
2187 4175 2327 4229 diem
2361 4191 2376 4228 :
2417 4174 2520 4229 fuit
2555 4177 2699 4229 enim
2728 4177 2882 4230 tertia
2923 4176 3059 4241 dies,
3091 4193 3197 4247 qua
3224 4179 3457 4234 occurrit

1904 4267 2159 4322 memoria
2188 4264 2298 4334 (18)
2349 4267 2527 4334 magni
2575 4265 2901 4326 confessoris
2940 4265 3124 4332 Pauli;
3159 4270 3242 4323 vir
3271 4269 3460 4325 beatus

321 4391 367 4423 ’³
399 4389 419 4444 Ι
452 4385 614 4442 Thes.
650 4405 687 4452 ι,
719 4390 770 4443 8.
846 4390 891 4420 ³⁵
925 4390 940 4441 l
972 4389 1107 4443 Tim.
1153 4405 1210 4453 ιι,
1241 4394 1294 4454 4.
1370 4392 1414 4424 ’⁸
1464 4392 1478 4445 l
1527 4390 1653 4446 Cor.
1705 4409 1798 4446 xm

1909 4433 1917 4446 .
1994 4397 2039 4428 "
2066 4393 2296 4464 Philipp.
2350 4393 2504 4458 1,23.

249 4484 541 4558 αἰσχύνην·
594 4482 838 4558 ἁλλ’-ἐπὶ
879 4484 1304 4558 πεταυρονῂᾲξου
1350 4487 1615 4558 συναντᾷ,
1662 4503 1802 4558 ΠΜ,

1909 4498 1950 4542 el
1991 4505 2018 4542 τι
2050 4490 2158 4542 Dco
2193 4504 2222 4542 ιι
2251 4503 2358 4557 quo
2406 4487 2558 4556 ipse;
2589 4490 2907 4558 inspectanti
2977 4489 3169 4545 fratres
3212 4506 3459 4549 sorores-

248 4550 412 4607 verba
430 4550 855 4622 itabeuturProu.
876 4567 953 4607 XI.
975 4550 1179 4606 Occurit
1192 4550 1245 4605 in
1257 4550 1571 4622 profundunt
1589 4550 1798 4622 inferni.

251 4621 484 4692 Βρεμι).
518 4617 651 4692 εῖδῖς
692 4621 949 4692 παγίδος-ξ
981 4633 1166 4692 auctor
1198 4617 1414 4691 quoque
1455 4624 1575 4675 vita:
1599 4617 1801 4678 Nicolai

253 4688 579 4760 Studitaede
597 4688 865 4757 Cypriane
891 4689 1091 4743 Nicolai
1120 4688 1401 4759 diseipulo,
1433 4707 1553 4744 cum
1587 4693 1802 4760 juvenis

252 4761 394 4814 inter
424 4759 713 4829 Scholares
760 4759 872 4812 alas
908 4760 1162 4822 militans,
1193 4778 1219 4812 ιι
1251 4762 1473 4814 muliere
1531 4759 1798 4829 impudica

249 4831 359 4898 jam
403 4829 560 4881 tertio
600 4827 665 4898 ad
705 4828 1399 4898 libidinemprovocaretur
1440 4845 1454 4880 :
1496 4831 1569 4890 ώς
1608 4827 1668 4882 δὲ
1705 4833 1798 4883 καὶ

250 4897 434 4969 τρίτον
453 4897 773 4969 Δἐπιστᾶσαν,
803 4897 898 4949 καὶ
919 4897 1054 4969 προς
1064 4899 1240 4969 Απέ-ταυ
1249 4915 1338 4966 ρον
1355 4897 1479 4967 ᾃδου
1499 4899 1799 4968 κατασῦραί

255 4963 680 5044 μξεβουλομένην
713 4963 976 5044 εώρακα.’
1007 4963 1485 5044 ιζίιὶλιηηινετιίιιιιιι
1519 4963 1800 5044 instauicm

251 5035 592 5104 uir/iameque
625 5035 676 5086 in
706 5035 897 5102 inferni
926 5037 1239 5104 profundum
1281 5037 1532 5088 volentem
1576 5039 1794 5090 (ra/tere.

323 5103 435 5174 (16)
486 5103 797 5170 Str/ferentes
835 5103 1031 5157 omnia.
1084 5105 1219 5157 Sunt
1256 5107 1410 5157 verba
1447 5104 1596 5158 Pauli
1627 5108 1644 5157 ι
1678 5105 1798 5159 Cor.

255 5190 373 5230 xm.
410 5175 636 5241 soloque
659 5175 945 5241 antiquarii
980 5176 1130 5241 lapsu
1160 5175 1364 5227 videtur
1394 5175 1454 5225 τὸ
1487 5176 1799 5242 στέργοντες

255 5244 560 5312 irrepsisse,
592 5242 714 5295 ἀντὶ
733 5244 825 5294 τοῦ
853 5244 1302 5309 στέγοντεςριιιό
1326 5245 1368 5298 si
1393 5244 1464 5295 ita
1485 5243 1611 5311 legit
1631 5242 1806 5296 Theo-

255 5311 443 5379 dorus,
476 5311 678 5381 vetita
729 5313 1079 5381 apostolicam
1115 5328 1298 5368 vocem
1351 5314 1594 5375 detorsit,
1638 5323 1694 5366 ut
1731 5313 1804 5364 si—

255 5383 540 5452 gnificaret
568 5380 658 5452 illa
688 5380 956 5452 iustorum
989 5383 1214 5444 viscera,
1255 5383 1452 5450 quibus
1480 5397 1601 5434 vere
1624 5383 1806 5435 omnia

254 5451 504 5504 videntur
539 5451 805 5519 στέργειν,
850 5451 1122 5513 adamare,
1154 5462 1207 5505 ct
1232 5453 1463 5519 quadam
1516 5452 1798 5514 charitate,

256 5535 356 5590 pro
388 5524 657 5590 cujusque
701 5521 778 5573 rei
820 5521 1044 5583 ratione,
1087 5522 1338 5588 prosequi
1379 5538 1391 5572 :
1434 5520 1588 5586 Nam,
1640 5520 1802 5572 Novit

250 5589 426 5655 justus
461 5589 817 5656 jumentorum
858 5605 1070 5641 suorum
1120 5591 1345 5653 animus,
1392 5590 1587 5642 uiscera
1628 5601 1798 5643 aulem

253 5661 531 5725 impiorum
585 5658 838 5710 crudelia.
875 5658 1030 5711 Prov.
1064 5675 1158 5721 xu,
1188 5674 1326 5711 vers.
1377 5659 1458 5712 10.
1504 5657 1798 5714 Praecelluit

253 5723 582 5782 Franciscus
610 5728 852 5783 Asisinas
880 5743 940 5782 ea
972 5729 1250 5793 charitatc,
1284 5728 1370 5782 cui
1401 5730 1578 5783 omnia
1605 5737 1661 5782 ut
1685 5727 1795 5794 Dei,

1910 4574 2013 4626 que
2042 4558 2292 4626 audirent
2337 4575 2351 4610 :
2397 4571 2515 4610 eam
2558 4559 2654 4610 viri
2693 4559 2944 4626 pietatem
2973 4598 2988 4623 ,
3045 4563 3460 4618 commendante

1912 4628 2040 4692 Deo,
2084 4625 2312 4679 mirabili
2341 4627 2570 4696 quadarn
2600 4627 2650 4678 in
2682 4625 2766 4680 res
2790 4641 2980 4682 omnes
3022 4630 3368 4696 auctoritate,
3401 4643 3460 4687 ut

1910 4699 2103 4750 nedum
2127 4696 2302 4758 bruta,
2332 4697 2421 4770 sed
2447 4695 2529 4770 vel
2553 4695 2846 4770 insensata,
2871 4697 3016 4770 velut
3051 4697 3266 4770 fratrem
3292 4714 3460 4770 agno-

1908 4774 2138 4828 scerent,
2162 4777 2226 4817 ac
2251 4779 2351 4818 nec
2380 4763 2524 4831 ignis
2537 4769 2831 4827 cruciarer,
2847 4766 3144 4820 crueiatum
3169 4763 3460 4837 deprecan-

1907 4843 2032 4888 lem.

1967 4900 2288 4972 (i7)71l_Inlto
2313 4901 2541 4972 quotidie
2577 4892 3153 4972 desideriotenebatur.
3188 4906 3252 4971 ἣν
3294 4906 3458 4959 ἑκάσ-

1896 4965 2016 5045 τοςὲε
2062 4965 2167 5022 νδιὰ
2208 4965 2406 5045 πολλῇς
2447 4965 2590 5039 εἷχεν
2640 4970 2948 5045 ἐπιθυμίας,
2996 4965 3313 5045 NonAl'urte
3365 4991 3463 5045 per

1900 5040 2135 5106 seipsum
2172 5042 2410 5106 quotidie
2438 5047 2773 5107 peracturus,
2804 5039 2948 5108 quod
2984 5055 3082 5096 nec
3116 5039 3300 5097 Graeca
3324 5039 3454 5098 satis

1907 5110 2215 5178 signiﬁcant
2257 5111 2387 5162 :vel
2432 5109 2672 5180 quotidie
2715 5118 3034 5180 peracturus
3083 5112 3319 5180 quidem,
3365 5113 3458 5167 sed

1912 5188 2078 5232 voto:
2112 5192 2284 5248 reque,
2322 5180 2457 5242 ipsa,
2498 5178 2737 5248 Aquotics
2786 5179 3027 5233 licuisset
3077 5178 3114 5242 ,ἡ
3146 5195 3307 5248 quam
3356 5181 3462 5235 fre-

1913 5249 2131 5317 quentis
2160 5246 2540 5301 celebrationis
2566 5248 2910 5314 cupiditatem
2936 5257 3134 5301 tantam
3151 5246 3460 5303 habuerunt

1915 5319 2090 5398 sancti
2133 5318 2464 5398 nonpauci,
2506 5326 2562 5368 ut
2592 5320 2768 5398 “velut
2801 5317 3048 5398 desolati,
3089 5332 3194 5398 qua
3238 5317 3324 5372 die
3353 5335 3459 5397 non

1915 5385 2301 5447 celebrassent,
2336 5387 2416 5438 vix
2465 5385 2720 5455 gaudium
2757 5386 3012 5440 haberent
3045 5403 3057 5438 :
3107 5385 3187 5440 ira
3228 5393 3462 5443 maxime

1916 5467 2099 5509 noster
2131 5455 2456 5518 Ludovicus,
2490 5465 2594 5509 etc.

1979 5524 2088 5593 (18)
2123 5524 2298 5592 Magni
2330 5525 2640 5592 confessoris
2665 5521 2846 5576 Pauli.
2880 5522 3037 5578 Ponit
3065 5523 3290 5593 Michael
3320 5525 3462 5579 hunc

1907 5591 2048 5646 diem
2072 5591 2116 5646 ’(i
2146 5591 2481 5659 Novembris,
2515 5612 2543 5648 a
2574 5610 2682 5662 quo
2713 5605 2988 5661 superstes
3022 5593 3119 5646 fuit
3148 5592 3463 5661 Theodorus

1909 5677 2080 5734 usque
2115 5665 2178 5734 ad
2211 5663 2572 5734 diemsnncto
2599 5663 2814 5734 martyri
2859 5662 3024 5718 Mena:
3058 5679 3274 5718 sacrum
3306 5704 3320 5728 ,
3365 5679 3463 5718 no—

1907 5733 1989 5788 bis
2013 5733 2184 5788 sancti
2215 5732 2428 5788 Martini
