3968 6444
527 371 665 437 1843

1429 370 1833 432 APPENDIX.
1874 391 1938 405 ·-
1970 363 2384 427 NAUCRATII
2419 364 2823 428 ENCYCLICA

3599 351 3733 417 1866

528 486 669 540 velut
724 482 819 554 qui
847 481 941 539 Dei
998 490 1052 537 et
1076 489 1389 538 sanctorum
1436 492 1584 538 esset
1610 498 1821 547 amans,
1882 482 2077 536 iterum

2191 475 2310 545 ρῶν,
2346 478 2405 530 ὲν
2439 472 2471 550 ᾖ
2504 478 2801 547 ἐφέστηκεν
2837 477 2871 546 ἡ
2922 474 3114 545 μνήμη
3152 470 3246 525 τοῦ
3277 468 3513 538 μεγαλου
3546 468 3738 539 ὁμολο-

527 570 760 641 nnplens
789 568 1147 640 apostolicum
1184 568 1404 633 scitum,
1439 584 1554 622 rem
1590 582 1801 624 sacram
1832 567 2075 638 peragit,

526 658 583 711 in
637 656 810 712 sancti
844 654 1144 723 defungens
1188 653 1504 708 memoriam
1547 653 1682 723 (i9).
1719 642 1840 707 Jam
1893 662 2076 708 autem

526 742 669 799 facto
712 757 962 812 vespere,
998 756 1121 797 cum
1160 756 1259 810 pro
1292 755 1442 796 more
1479 741 1685 808 secum]
1712 741 2077 807 considentes,

526 831 714 884 multis
750 830 1020 885 allocutus
1046 835 1218 891 esset,
1254 827 1531 896 multaque
1563 827 1810 888 dixisset.
1841 827 1965 881 inde
1992 827 2080 880 in-

527 930 747 986 gressus
777 914 831 968 in
853 914 1121 977 cellulam,
1142 921 1516 981 eonsuetoque
1544 912 1879 980 psalmorum
1911 926 2079 980 penso

526 1017 591 1057 ac
619 1002 870 1072 precibus
915 998 1205 1065 absolutis,
1254 1013 1313 1053 se
1347 1000 1398 1051 iu
1428 999 1686 1053 lectulum
1723 999 1890 1054 dedit.
1921 997 2078 1052 Circa

526 1097 707 1142 autem
740 1087 931 1140 horam
959 1092 1235 1154 quartam,
1262 1083 1429 1137 subiit
1453 1084 1646 1139 solitus
1671 1099 1736 1139 ex
1757 1084 2080 1155 aegritudine

526 1175 699 1239 dolor,
731 1182 1031 1241 vocatoque
1056 1186 1166 1225 uno
1202 1171 1431 1225 fratrum
1459 1173 1841 1227 excubantium
1874 1173 1941 1226 ad
1968 1175 2079 1227 cel-

529 1266 656 1326 lam,
682 1278 839 1316 suum
869 1261 1506 1330 eidolorem,statimque
1529 1261 1757 1315 fratrum
1787 1278 2080 1317 accurren-

528 1353 660 1405 tium
696 1366 927 1414 coronte,
967 1351 1272 1406 denuntiat.
1302 1349 1437 1405 Cum
1478 1366 1640 1419 porro
1680 1352 1823 1406 haud
1858 1353 1928 1407 ita
1966 1368 2081 1408 mo-

526 1442 656 1494 leste
685 1455 803 1493 eam
827 1440 968 1493 diem
996 1440 1215 1509 egisset,
1252 1440 1511 1508 postridie
1552 1442 1755 1497 accitos
1777 1457 1965 1497 omnes
1986 1442 2079 1512 qui

526 1527 795 1591 adessent,
838 1527 1104 1595 supremis
1143 1529 1507 1590 sermonibus,
1540 1544 1635 1582 ceu
1671 1530 1781 1597 jam
1826 1530 2085 1600 migratu-

528 1632 658 1680 rus,
712 1618 932 1671 eosdem
985 1617 1180 1672 affatus
1208 1629 1309 1672 est.
1357 1617 1567 1683 Quibus
1606 1620 1747 1673 illis?
1773 1618 1845 1675 iis
1873 1621 2081 1691 utique,

527 1722 664 1776 quos
694 1706 935 1776 qu0tidie
962 1721 1071 1761 non
1098 1708 1344 1762 cessabat
1377 1708 1549 1778 loqui,
1574 1708 1777 1779 diuque
1815 1725 1878 1764 ac
1916 1724 2080 1767 noctu

529 1796 583 1851 in
615 1810 928 1850 memoriam
961 1797 1283 1861 revocabat;
1324 1798 1400 1852 ita
1445 1812 1570 1852 eum
1606 1797 1799 1868 primis
1837 1799 2025 1855 dicens
2058 1818 2075 1855 :

533 1901 556 1945 ᾳ
598 1880 818 1937 Fratres
866 1892 1154 1953 patresque
1183 1902 1195 1937 :
1230 1882 1492 1937 Poculqu
1532 1885 1635 1939 hoe
1660 1899 1949 1942 commune
1976 1896 2082 1953 est,

530 1976 673 2043 quod
710 1974 961 2028 biberunt
1004 1988 1196 2027 omnes
1227 1987 1407 2042 patres
1442 1976 1629 2029 nostri.
1662 1975 1843 2045 Ipsum
1868 1992 1971 2047 ego
2000 1979 2085 2032 bi-

531 2063 745 2117 biturus
783 2077 924 2126 sum,
964 2062 1208 2130 vadoque
1244 2063 1310 2115 ad
1351 2072 1534 2131 patres
1562 2077 1733 2117 meos.
1770 2062 1959 2119 Videte
2009 2074 2086 2119 te-

530 2160 853 2208 stamentum
879 2151 1018 2219 quod
1036 2152 1249 2205 condidi
1273 2152 1426 2208 vobis
1452 2170 1469 2219 ;
1494 2151 1680 2206 Fidem
1710 2164 1941 2209 vestram
1969 2169 2083 2208 ser-

533 2248 652 2292 vate
679 2237 1093 2301 inconcussam,
1135 2246 1189 2291 et
1260 2238 1425 2292 vitam
1479 2238 1905 2294 immaculatam.
1940 2240 2085 2294 Nihil

530 2325 675 2380 enim
719 2325 860 2379 ultra
904 2325 1077 2380 habeo
1116 2326 1316 2391 dicere,
1347 2327 1490 2395 quod
1521 2327 1633 2395 jam
1665 2328 1794 2381 olim
1824 2329 2085 2397 quidquid

531 2428 707 2482 operae
735 2412 962 2481 pretium
987 2420 1123 2477 erat,
1166 2412 1599 2466 annuntiaverim
1650 2414 1827 2477 vobis,
1879 2430 2089 2485 vosque

532 2498 712 2553 omnia
741 2498 1147 2567 prtedocuerim.
1193 2515 1212 2546 ι

603 2752 868 2809 Praeterea
896 2752 1041 2807 istud
1078 2752 1297 2822 adjecit,
1330 2768 1456 2808 vere
1494 2751 1641 2810 ﬁlius
1664 2753 1819 2825 pacis
1867 2766 1921 2810 et
1949 2756 2091 2813 dile-

536 2843 730 2897 ctionis
756 2859 772 2896 :
796 2859 814 2892 ι
850 2841 1079 2895 Domino
1104 2853 1290 2896 nostro
1316 2842 1592 2911 episcopo,
1617 2845 1845 2898 salutem
1870 2856 1923 2900 et
1936 2861 2096 2900 oscu-

535 2935 647 2988 lum
684 2948 808 2987 cum
848 2933 1146 2986 reverentia
1182 2942 1237 2986 et
1272 2933 1503 2995 honore,
1529 2948 1559 2986 a
1594 2948 1681 2987 me
1715 2934 2091 3004 impertimini.

539 3019 784 3088 Reliquis
820 3018 943 3072 item
974 3016 1221 3071 Patribus
1244 3058 1258 3081 ,
1287 3018 1669 3087 episcopisque
1700 3030 1751 3073 et
1806 3022 2097 3076 sacerdoti-

2177 564 2345 632 γητοῦ
2377 564 2589 617 Παύλου
2609 581 2625 595 ο
2675 564 2750 626 ὡς
2782 561 3046 629 φιλόθεος,
3079 561 3170 613 καὶ
3206 559 3455 629 φιλάγιος
3489 559 3553 611 τὺ
3597 558 3743 609 ἀποπ

2179 658 2418 711 στολικδν
2451 657 2692 729 πληρῶν,
2721 658 2816 711 καὶ
2842 653 3017 722 αὖθις,
3034 654 3241 709 έκτελεϊ
3268 652 3366 722 τὴν
3388 650 3540 704 θείαν
3569 663 3739 719 μυστ·

2177 749 2444 817 αγωγίαν,
2474 750 2542 818 τῇ
2597 748 2691 801 τοῦ
2748 747 2903 815 ἁγίου
2957 748 3145 817 μνήμη
3183 742 3597 812 ἀφοσιούμενος.
3627 737 3737 791 Kal.

2178 840 2417 910 ἑσπέρας
2448 839 2549 909 ἠδη
2591 837 3032 907 καταλαϐούσης,
3063 835 3290 887 πλεῖστα
3322 832 3417 885 καὶ
3448 830 3736 901 ὁμιλήσας,

2178 930 2275 983 καὶ
2318 927 2825 1000 προσφθεγξάμενος
2867 929 2976 990 τοῖς
3038 924 3525 993 συγκαθεζομένοις
3565 918 3735 989 αὐτῷ,

2181 1022 2321 1075 κατὰ
2346 1021 2408 1073 τὸ
2440 1020 2650 1085 είωθδς,
2680 1019 2936 1073 κάκεῖθεν
2965 1018 3060 1070 ἐπὶ
3081 1018 3144 1070 τὸ
3182 1016 3391 1069 κελλίον
3414 1012 3581 1067 αὑτοῦ
3625 1015 3739 1066 είσ-

2180 1113 2373 1177 ελθὼν,
2411 1114 2507 1168 καὶ
2558 1114 2656 1183 τὴν
2688 1112 2891 1181 συνήθη
2935 1109 3251 1180 ψαλμῳδίαν
3293 1108 3389 1160 καὶ
3433 1106 3531 1166 τὰς
3575 1104 3741 1173 εὑχάς

2179 1203 2560 1267 ἑκτετελεκὼς,
2588 1202 2851 1257 ἀνέπεσεν
2884 1201 2977 1254 ἐπὶ
3002 1198 3098 1253 τοῦ
3142 1197 3414 1251 κλινιδίου.
3462 1196 3574 1248 Καὶ
3611 1194 3740 1264 περὶ

2179 1293 2329 1363 ὤραν
2353 1294 2632 1365 τετάρτην,
2670 1291 2993 1360 ύπεισῆλθεν
3039 1289 3186 1359 αὐτῷ
3211 1290 3240 1341 6
3269 1287 3412 1340 κατά
3449 1285 3743 1355 συνήθειαν

2180 1386 2376 1448 πόνοςο
2424 1385 2518 1437 καὶ
2556 1384 2620 1453 δὴ
2666 1383 2921 1452 φωνήσας
2952 1382 3073 1435 τινὰ
3107 1379 3215 1433 τῶν
3261 1379 3367 1450 πρὸ
3404 1378 3505 1442 τῆς
3541 1376 3741 1447 πέλλης

2182 1472 2348 1527 αὐτοῦ
2403 1471 2765 1526 καθευδόντων
2802 1469 3066 1537 ἀδελφῶν,
3104 1466 3434 1536 ἀπαγγέλλει
3481 1466 3633 1536 αὐτῷ
3681 1466 3744 1518 τὺ

2182 1565 2421 1633 ἄλγημα,
2445 1563 2541 1616 καὶ
2583 1564 2648 1631 τῇ
2686 1563 2821 1631 αὐτῇ
2867 1560 3138 1631 συνδρομῇ
3185 1558 3294 1611 τῶν
3324 1557 3592 1626 ἀδελφῶν.
3632 1557 3744 1609 Καὶ

2181 1652 2546 1724 διημερεύσας
2599 1652 3005 1721 μετριοπόνως,
3053 1653 3117 1719 τῇ
3164 1648 3289 1718 ἑξῆς
3350 1647 3745 1717 προσκαλεῖται

2181 1746 2306 1809 τοὺς
2328 1745 2597 1815 παρόντας
2628 1742 2871 1804 ἅπαντας
2902 1742 2997 1794 καὶ
3027 1741 3153 1803 τοὺς
3175 1740 3479 1809 ὲξιτηρίους
3504 1741 3745 1791 ποιεῖται

2107 1808 2155 1867 Β
2181 1836 2393 1904 λόγους.
2408 1808 2578 1897 ’Τίνες
2603 1833 2660 1887 δὲ
2692 1826 2872 1895 οὓτοις
2907 1829 3001 1893 οὒς
3031 1830 3293 1883 ἑκάστοτε
3316 1808 3382 1880 οὗ
3409 1826 3619 1880 διέλιπε
3648 1826 3746 1879 καὶ

2182 1927 2383 1993 λαλεῖν,
2436 1926 2531 1978 καὶ
2585 1923 3023 1992 ὑπομιμνήσκειν
3074 1920 3290 1990 νύκτωρ
3342 1935 3403 1971 τε
3470 1918 3568 1971 καὶ
3624 1916 3745 1988 μεθ’

2184 2018 2428 2088 ἡμέραν·
2470 2014 2629 2069 τοῦτο
2672 2014 2729 2067 δὲ
2774 2013 2893 2066 κατ’
2944 2012 3249 2084 ἐξαίρετον·
3304 2030 3324 2064 ι
3368 2010 3614 2080 ’Ᾱδελφοὶ
3649 2010 3747 2064 καὶ

2187 2107 2455 2177 Πατέρες·
2489 2106 2550 2158 τδ
2596 2106 2854 2175 ποτήριον
2888 2103 3047 2155 τοῦτο
3092 2104 3270 2156 κοινόν
3301 2106 3471 2166 ἐστιν,
3518 2101 3546 2153 δ
3592 2100 3747 2153 ἔπιον

2188 2198 2384 2259 πάντες
2411 2197 2461 2249 οἱ
2496 2198 2725 2266 πατέρες
2758 2197 2935 2265 ἡμῶν.
2961 2194 3035 2247 Τὸ
3062 2194 3192 2246 αὐτὸ
3219 2194 3430 2263 πίνοιμι
3453 2189 3635 2260 κάγὼ,
3653 2192 3748 2245 καὶ

2187 2288 2491 2358 πορεύομαι
2537 2287 2675 2357 πρὸς
2725 2287 2851 2349 τοὺς
2899 2286 3143 2355 πατέρας
3193 2302 3316 2353 μου.
3359 2282 3601 2337 Βλέπετε
3648 2281 3748 2350 τὴν

2188 2378 2512 2450 παραθήκην
2552 2377 2621 2446 ἣν
2653 2375 2974 2446 παρεθέμην
3023 2375 3179 2443 ὑμῖν·
3223 2374 3322 2442 τὴν
3373 2372 3561 2427 πίστιν
3593 2372 3750 2443 ὑμῶν

2188 2470 2455 2538 φυλάξατε
2489 2468 2806 2532 ἀσάλευτον,
2830 2465 2921 2519 καὶ
2946 2465 3037 2518 τὸν
3068 2465 3181 2535 βίον
3211 2462 3561 2534 ἀκηλίδωτον.
3583 2463 3750 2517 Πλέον

2188 2563 2297 2632 γάρ
2327 2579 2380 2614 τι
2407 2561 2583 2629 λέγειν
2611 2562 2711 2613 οὐκ
2740 2560 2866 2629 ἔχω,
2908 2557 2997 2611 διά
3043 2557 3105 2609 τὸ
3134 2557 3312 2609 πάντα
3341 2556 3411 2608 τὰ
3441 2555 3747 2622 ὀφείλοντα,

2190 2654 2281 2709 καὶ
2315 2652 2736 2723 προαναγγεῐλαι
2767 2652 2916 2718 ὑμῖν,
2957 2648 3050 2701 καὶ
3079 2644 3414 2717 προδιδάξαι.
3453 2664 3472 2695 ι

2260 2745 2528 2815 Προσθεὶς.
2556 2744 2650 2798 καὶ
2678 2740 2858 2806 τοῦτο,
2889 2743 2917 2793 ὁ
2956 2740 3056 2808 τῆς
3092 2738 3313 2810 εἰρήνης
3337 2738 3506 2799 ὅντως
3532 2735 3632 2789 καὶ⁵
3654 2752 3750 2808 της

2192 2837 2413 2905 ἀγάπης
2453 2836 2599 2897 υἱός·
2633 2853 2653 2885 ι
2688 2833 2777 2903 Τῷ
2821 2832 3058 2903 δεσπότῃ
3085 2830 3241 2901 ημῶν
3269 2829 3348 2899 τῷ
3387 2830 3637 2899 ἀρχιερεῖ
3662 2828 3755 2881 τὸν

2194 2927 2259 2979 δι’
2286 2927 2465 2988 αἰδοῦς
2506 2925 2602 2979 καὶ
2635 2925 2797 2994 τιμῆς
2822 2923 3110 2991 ἀσπασμὸν
3137 2923 3195 2986 ἐξ
3224 2921 3358 2992 ἐμοῦ
3378 2920 3714 2990 ἀπονείματε
3735 2932 3751 2948 ⁸

2194 3020 2304 3079 τοῖς
2331 3017 2532 3079 λοιποῖς
2558 3015 2855 3085 Πατράσιν,
2883 3015 3162 3084 ίεράρχαις
3190 3028 3249 3065 τε
3278 3012 3371 3064 καὶ
3402 3011 3609 3082 ἱερεῦσι
3644 3014 3757 3073 τοῖς

541 3114 644 3164 bus
658 3105 855 3162 Christi
870 3103 1305 3172 ;coufessoribus
1319 3117 1539 3175 propter
1554 3104 1839 3161 Dominum
1857 3124 2090 3178 persecu-

2201 3106 2459 3178 Χριστοῦ,
2485 3105 2841 3175 ὁμολογηταῖς
2873 3105 2984 3164 τοῖς
3010 3101 3099 3155 διὰ
3124 3100 3328 3171 Κύριον
3351 3100 3757 3169 δεδιωγμένοις,

542 3199 745 3255 tionem
763 3196 1154 3253 sustinentibus
1179 3214 1193 3251 :
1220 3196 1475 3252 fratribus
1494 3199 1784 3265 universis,
1802 3201 2100 3273 amicisque

540 3296 595 3342 et
610 3286 775 3351 uotis,
808 3285 972 3348 aciis,
990 3286 1085 3355 qui
1104 3286 1386 3341 nobiscum
1414 3287 1821 3343 eollaborarunt
1852 3289 1906 3341 in
1926 3299 2103 3343 certa-

542 3377 688 3430 mine
715 3375 859 3441 ﬁdei,
895 3384 1011 3430 tum
1050 3376 1253 3444 parvis,
1287 3387 1398 3430 tum
1440 3377 1673 3445 magnis.
1718 3394 1743 3429 ι
1784 3376 2098 3444 Enimvero,

540 3466 761 3520 beatum
792 3465 944 3520 illum
975 3482 1040 3522 ae
1069 3468 1372 3521 studiosum
1403 3468 1644 3521 animum
1666 3469 1682 3521 ί
1706 3477 1765 3523 ut
1796 3484 1969 3539 neque
2000 3471 2105 3525 sub

542 3572 664 3611 eam
687 3558 902 3621 horam,
927 3557 1075 3611 aliud
1106 3557 1237 3626 quid
1259 3566 1354 3611 aut
1374 3558 1746 3623 meditaretur,
1769 3568 1862 3613 aut
1881 3570 2103 3615 conten-

543 3647 716 3709 deret,
747 3661 912 3717 quam
946 3655 1008 3700 ut
1045 3648 1224 3702 solum
1258 3649 1495 3716 placeret
1528 3648 1660 3714 Deo,
1686 3649 1963 3721 Deumque
1990 3654 2106 3724 εισι

544 3735 797 3791 riﬁcaret.
827 3736 1088 3805 Denique,
1110 3746 1459 3806 pei‘coutante
1485 3753 1602 3791 mea
1630 3738 1959 3806 humilitate,
1973 3741 2104 3809 quid

545 3827 612 3879 de
643 3826 748 3880 illis
774 3822 1013 3895 juberet,
1043 3827 1125 3881 vel
1164 3826 1448 3891 fratribus,
1479 3828 1563 3883 vel
1600 3829 1755 3883 laieis
1778 3830 1872 3899 qui
1930 3836 2107 3900 pmuis

546 3916 764 3970 obnoxii
815 3927 1000 3971 essent
1057 3932 1121 3972 ac
1162 3919 1549 3987 paenitentibus
1590 3918 1705 3988 (20)
1746 3937 1762 3971 :
1808 3918 2103 3988 Respondit

2199 3198 2369 3252 ἅπασι
2396 3200 2509 3258 τοῖς
2540 3194 2785 3261 ἀδελφοῖς
2809 3235 2827 3257 ,
2862 3193 3035 3261 φίλοις
3073 3208 3133 3244 τε
3160 3194 3255 3245 καὶ
3296 3190 3627 3260 γνωρίμοις,
3666 3191 3758 3247 καὶ

2198 3291 2310 3347 τοῖς
2338 3289 2396 3340 ὲν
2426 3286 2502 3356 τῷ
2534 3286 2675 3354 ὑπὲρ
2700 3285 2798 3351 τῆς
2830 3285 3065 3345 πίστεως
3088 3282 3260 3351 ἀγῶνι
3292 3283 3759 3349 συγκεκοπιακὸσι

2199 3380 2355 3449 ἡμῖν,
2386 3379 2598 3448 μικροῖς
2626 3393 2685 3427 τε
2716 3375 2813 3428 καὶ
2849 3374 3124 3443 μεγάλοις.
3156 3392 3177 3424 ι
3196 3373 3335 3426 Ἀλλ’
3358 3372 3485 3441 εὖγε
3514 3373 3620 3442 τῆς
3656 3390 3759 3443 μα-

2200 3469 2395 3539 καριας
2419 3467 2634 3533 ἐκείνης
2662 3467 2757 3519 καὶ
2798 3466 3088 3535 φιλαρέτου
3119 3463 3323 3534 ψυχῆς,
3352 3464 3471 3534 ἥτις
3499 3466 3623 3518 οὐδὲ
3670 3465 3759 3517 ἐπ’

2201 3560 2371 3627 αὐτῆς
2414 3560 2511 3628 τῆς
2551 3559 2699 3629 ὧρας
2728 3558 2916 3628 ἕτερόν
2941 3574 2994 3608 τι
3026 3556 3061 3626 ἦ
3088 3555 3339 3625 ἐμελέτα,
3367 3556 3401 3625 ἢ
3434 3557 3758 3626 ἠγωνίζετο,

2198 3648 2234 3720 ἢ
2268 3649 2427 3721 μόνον
2447 3648 2526 3718 τῷ
2566 3648 2683 3703 8εῶ
2710 3650 2903 3720 ἀρέσαι
2923 3688 2938 3712 ,
2966 3648 3060 3701 καὶ
3106 3646 3237 3700 Θεδν
3267 3646 3505 3711 δοξάσαι.
3542 3647 3761 3715 Ἀμέλει

2197 3735 2493 3807 ιρωτηθεὶς
2542 3736 2693 3806 παρά
2737 3737 2835 3805 τῆς
2879 3733 3259 3798 ταπεινώσεως
3303 3736 3458 3805 ἡμῶν
3490 3739 3622 3806 περν⁵
3652 3736 3761 3788 τῶν

2198 3827 2259 3879 ὲν
2284 3825 2579 3896 ἐπιτιμίοις
2610 3826 2777 3879 ὄντων
2804 3826 3065 3894 ἀδελφῶν,
3098 3826 3133 3897 ἦ
3159 3826 3253 3877 καὶ
3286 3826 3469 3892 ξένων,
3494 3827 3545 3879 τί
3574 3827 3640 3880 ἂν
3664 3845 3755 3880 κε-

2198 3916 2341 3969 λεύοι
2361 3915 2660 3987 ’ἀπεκρίθη
2690 3916 2719 3967 ὁ
2749 3916 2920 3976 ὅντως
2948 3915 3364 3985 φιλοσυμπαθὴς
3402 3916 3501 3969 καὶ
3526 3918 3757 3987 Χριστο⁹

544 4018 669 4058 vere
697 4008 1030 4074 compatiens
1076 4008 1317 4061 medicus
1358 4016 1411 4061 et
1445 4007 1650 4062 Christi
1681 4008 1921 4063 imitator
1950 4028 1963 4063 :
1996 4007 2090 4063 Iu-

2202 4004 2437 4075 μίμητος
2493 4004 2707 4074 ίατρὸςθ
2759 4002 2822 4054 '0
2861 4004 3072 4070 Κύριος
3119 4004 3497 4071 συγχωρήσει
3544 4002 3754 4068 πᾶσιν,

544 4095 772 4163 dulgebit
799 4095 1054 4150 Dominus
1082 4097 1335 4151 universis
1361 4098 1405 4129 ’⁷
1426 4115 1443 4160 ;
1467 4098 1798 4167 subjungens
1825 4098 1893 4154 ad
1936 4099 2090 4155 fidem

2202 4093 2512 4161 ἐπενεγκὼν
2540 4096 2673 4162 πρὺς
2699 4092 2982 4157 πίστωσιν,
3012 4096 3039 4146 ὁ
3065 4092 3138 4155 ὡς
3173 4092 3388 4164 ἀληθῶς
3422 4096 3752 4159 ἀξιόπιστος,

544 4182 892 4235 astruendam
921 4225 937 4249 ,
981 4198 1107 4239 vere
1138 4185 1185 4237 is
1230 4184 1335 4238 fide
1384 4185 1601 4253 dignus,
1643 4184 1809 4240 etiam
1851 4186 2090 4241 divinam

2200 4185 2296 4237 καὶ
2312 4184 2412 4254 τὴν
2438 4184 2529 4236 τοῦ
2556 4183 2689 4236 Θεοῦ
2714 4183 2802 4236 διὰ
2825 4183 2918 4236 τοῦ
2944 4184 3273 4253 θεράποντος
3294 4186 3454 4238 αὐτοῦ
3476 4188 3754 4251 Μωΰσέως

545 4287 640 4341 per
684 4271 905 4342 Moysen
951 4274 1072 4343 ejus
1120 4274 1378 4329 famulum
1408 4317 1422 4341 ,
1462 4275 1898 4330 ordinationem:
1927 4291 2090 4345 seque

2196 4273 2451 4341 διαταγήν
2532 4273 2627 4324 καὶ
2660 4273 2723 4325 ὲκ
2760 4272 2944 4341 τρίτου
2977 4275 3449 4343 καταστραγίσας,
3482 4275 3756 4347 ἐπηύξατο

545 4362 720 4430 ipsum
771 4364 928 4418 tertio
966 4366 1319 4435 consignatis,
1365 4366 1687 4436 adprecatus
1713 4376 1820 4433 est,
1844 4367 2033 4423 dicens
2073 4384 2089 4423 :

2198 4364 2395 4419 είπών*
2436 4363 2499 4417 '0
2534 4364 2746 4431 Κύριος
2794 4362 2904 4431 τῆς
2950 4364 3197 4431 εἰρήνης
3240 4365 3413 4421 ἔσται
3452 4370 3605 4437 μετὰ
3651 4368 3753 4423 τοῦ

623 4494 669 4527 ⁸⁷
700 4492 804 4549 isa.
844 4511 994 4563 xxvi,
1030 4497 1110 4551 15.

2025 4590 2258 4646 ΝΟΤλΕ.

614 4697 747 4773 (l9).
815 4696 878 4773 in
1054 4702 1094 4753 li
1140 4701 1423 4773 defringe":
1474 4703 1812 4773 memoriam,
1862 4706 1929 4773 τῇ
1994 4704 2090 4756 τοῦ

543 4767 697 4834 ἁγίου
734 4770 917 4839 μνήμῃ
964 4767 1347 4839 κφοσιούμενος
1368 4787 1383 4801 ·
1411 4771 1556 4823 velut
1594 4767 1927 4825 calefaciens"
1959 4774 2095 4827 satis

546 4838 819 4908 memoer
868 4839 1065 4908 sancti,
1112 4838 1278 4908 seque
1311 4840 1566 4907 religione
1604 4843 1668 4892 ad
1709 4842 1874 4907 ipsam
1912 4842 2093 4896 absol-

541 4921 696 4959 vens.
756 4903 917 4959 Piura
970 4907 1101 4959 Bud.
1161 4903 1265 4960 col.
1306 4903 1436 4972 587;
1456 4919 1558 4962 etc.
1599 4903 1767 4962 Porro
1796 4912 1925 4963 dicit
1952 4911 2093 4963 cclc-

545 4975 751 5047 hrasse,
791 4975 1193 5047 πληροῦντατὺ
1236 4978 1603 5029 ἀποστολικὼ.
1656 4979 1809 5031 Velut
1848 4979 2093 5047 Apostoli

547 5043 747 5095 scitum
786 5059 801 5094 :
837 5043 943 5097 non
976 5046 1268 5101 sancientis
1291 5086 1305 5108 ,
1347 5048 1442 5099 sed
1478 5048 1619 5113 quod
1656 5048 1873 5101 haberet
1896 5043 2097 5101 'Domi-

544 5114 664 5185 nica
692 5114 919 5185 sanctio,
954 5116 1370 5185 promulgantis.
1406 5114 1517 5179 Ego
1541 5118 1676 5169 enim
1705 5118 1882 5185 accepi
1914 5134 1947 5169 α
1986 5117 2099 5171 Do-

546 5181 724 5255 mino,
760 5183 928 5255 quod,
968 5192 1070 5236 etc.
1107 5182 1133 5235 1
1183 5184 1304 5239 Cor.
1342 5201 1398 5238 ιι.
1426 5185 1706 5255 Chrysost.
1741 5181 1846 5239 non
1888 5200 2011 5240 raro
2048 5187 2099 5240 id

546 5250 809 5322 privilegii
840 5254 1016 5322 ellert.
1050 5262 1106 5305 ut
1130 5255 1305 5316 miles,
1337 5270 1518 5308 coram
1539 5250 1895 5322 'imperatore
1928 5257 2104 5310 uomi-

547 5327 727 5383 netur,
766 5321 1145 5392 habeaturque
1168 5324 1270 5376 sub
1317 5325 1486 5392 ipsam
1530 5321 1658 5376 rem,
1691 5340 1901 5377 sacram
1974 5342 2105 5380 san-

544 5395 754 5508 εισινιὸιιι
802 5391 1061 5444 memoria
1112 5409 1127 5445 :
1162 5391 1360 5462 quibus
1384 5403 1562 5448 tamen
1605 5408 1711 5446 non
1745 5394 1990 5459 facimus,
2012 5395 2108 5449 sed

550 5472 640 5508 um
716 5473 801 5508 eo.

550 5472 640 5509 alii
673 5472 801 5513 UCO.

616 5526 774 5599 (ιω).-
794 5526 899 5592 Qui
952 5540 1122 5584 essent
1158 5530 1323 5599 prunis
1364 5530 1575 5585 obnoxii
1622 5548 1686 5583 ac
1714 5532 2099 5599 penitentibus,

553 5598 682 5668 περὶ
708 5596 814 5668 τῶν
840 5600 896 5668 ἐν
919 5596 1235 5668 ἐπιτιμίοις.
1263 5602 1610 5655 Desciverant
1642 5596 1799 5654 multi
1831 5616 1859 5655 a
1888 5600 2012 5663 ﬁde,
2036 5596 2099 5656 ut

548 5666 684 5743 solet
714 5666 767 5719 in
802 5666 1083 5743 ejusmodi
1120 5671 1508 5743 te_ntationibus
1532 5687 1547 5734 ;
1573 5672 1627 5743 in
1663 5686 1803 5739 quos
1848 5684 2099 5743 magnam

553 5730 1087 5794 lenitatem'exbibet
1145 5735 1487 5796 Theodorus.
1532 5730 1781 5799 animans
1832 5741 1898 5794 ad
1940 5730 2096 5809 Spem

2196 4708 2384 4769 veniae,
2419 4706 2582 4759 etiam
2617 4705 2798 4776 Moyse
2835 4709 3005 4762 ascito
3029 4709 3080 4761 in
3121 4718 3311 4763 testem
3359 4711 3556 4768 divinae
3589 4717 3750 4768 mise-

2196 4778 2441 4851 ricordiae
2468 4794 2480 4830 :
2503 4776 2661 4851 Forte
2690 4790 2818 4851 vero
2845 4780 3061 4851 respicit
3088 4796 3140 4832 v.
3159 4780 3225 4832 45
3246 4797 3293 4832 c.
3313 4787 3480 4835 XXXII.
3506 4785 3756 4851 Deuter.;

2197 4862 2304 4915 quo
2326 4846 2487 4898 etiam
2516 4862 2572 4899 se
2609 4843 2898 4899 Machabzei
2936 4843 3065 4900 eum
3115 4859 3287 4901 matre
3324 4852 3669 4916 solabamur,
3703 4843 3756 4909 ei

2196 4916 2509 4967 anitnabant
2548 4916 2615 4968 ad
2653 4917 3009 4967 constantiam
3056 4916 3110 4969 Il
3152 4916 3399 4972 Machab.
3461 4936 3559 4974 vtt.
3590 4925 3758 4977 Aliter

2197 4983 2467 5059 Meietius,
2494 4997 2549 5038 ut
2578 4994 2659 5037 est
2690 4985 2831 5049 apud
2858 4984 3053 5059 Epiph.
3088 4989 3217 5041 ha‘r.
3255 4991 3342 5051 48,
3364 4990 3438 5041 al.
3463 4992 3553 5051 68,
3580 5009 3758 5059 quau-

2198 5068 2367 5131 quam.
2400 5055 2906 5131 minuseonsonent
2939 5056 3051 5131 alii,
3081 5070 3253 5131 eo,_et
3279 5060 3444 5131 nimia
3477 5062 3533 5111 in
3577 5055 3759 5131 lapsos

2201 5123 2511 5195 severitate,
2532 5123 2821 5195 schismate
2859 5124 3064 5195 divisus
3097 5141 3125 5178 a
3169 5126 3331 5179 Petro
3367 5123 3757 5195 Alexandrino,

2204 5208 2267 5269 ac
2294 5193 2509 5269 demum
2545 5194 2597 5243 in
2628 5192 2774 5269 suis,
2790 5191 2970 5269 factus
2997 5194 3109 5247 Arii
3130 5195 3354 5269 fautor:
3373 5208 3431 5249 ut
3454 5191 3755 5269 martyrum

2208 5261 2447 5338 Ecclesia
2472 5260 2871 5338 pronioveritin
2891 5267 3326 5338 conventiculum
3347 5260 3757 5338 vtsvnaxogam

2209 5332 2581 5384 haereticorum
2618 5350 2632 5383 ε
2665 5330 2743 5383 sic
2771 5331 2966 5397 ubique
2991 5333 3311 5400 periculum,
3343 5330 3519 5389 scindi
3554 5338 3624 5391 ab
3640 5330 3758 5393 Ἐο-

2209 5400 2371 5472 clesia
2406 5400 2714 5472 Catholica,
2752 5402 2929 5472 qualis
2962 5404 3118 5472 velut
3168 5405 3390 5472 proprio
3438 5407 3759 5461 charactere

2213 5471 2490 5532 distincta,
2535 5471 2787 5524 audiebat
2830 5470 2919 5541 illa
2962 5469 3107 5524 Petri
3150 5469 3369 5538 legit—imi
3411 5476 3757 5541 patriarchae,

2207 5554 2515 5610 quanquam
2554 5542 2729 5610 mittor
2754 5556 2768 5603 ;
2797 5540 3065 5610 plerisque
3088 5546 3266 5610 specie
3302 5540 3423 5595 zeli,
3450 5540 3760 5601 deﬁcienti;

2205 5606 2309 5732 chius
2322 5612 2397 5733 ἐιὲ
2418 5606 2710 5675 Μείειίωη,
2741 5606 2807 5663 ιιι
2827 5606 3094 5681 nusquam
3114 5606 3301 5667 desunt
3330 5613 3542 5669 colores
3560 5616 3757 5671 volenti

2244 5694 2319 5733 περ
2392 5694 2502 5733 ere.

2244 5694 2416 5735 iSCBﬂE
2425 5694 2502 5733 re.
