3968 6442
275 369 412 433 1845

1257 377 1355 436 DE
1386 377 1612 440 OBITU
1654 383 1715 442 S.
1746 384 2139 446 THEODORI
2179 389 2543 452 ΞΤΠΟΙΤίΕ.

3378 402 3510 464 Ῑὸίθ

269 477 611 544 πνεύματος
649 476 815 545 ὑμῶν
834 492 848 507 ο
884 478 976 531 καὶ
1002 479 1386 552 ἀσπασάμενος
1422 488 1548 549 τοὺς
1573 489 1811 556 παρόντα

1951 493 2212 549 Dominus
2243 499 2388 564 pacis
2418 501 2518 553 erit
2550 516 2667 554 cum
2696 505 2886 571 spiritu
2918 515 3086 560 vestro
3109 508 3175 562 ’⁸.
3201 508 3512 579 Omnesque

270 569 539 631 ἅπαντας,
568 567 838 636 διέμεινεν
871 568 1062 634 οὕτως.
1093 573 1202 625 Καὶ
1233 573 1332 644 τὴν
1360 576 1526 648 αὐτὴν
1545 568 1837 634 διαδίδοται

265 662 299 726 ὴ
331 662 490 727 ἀκοὴ,
539 659 637 710 καὶ
681 661 1044 730 παραγίνεται
1087 663 1216 716 λαοῦ
1260 667 1465 736 πλῆθος
1513 670 1611 722 οὐκ
1639 670 1838 739 ὀλίγον.

267 749 380 802 Καὶ
428 748 572 801 οὓτω
617 749 1041 820 δισημερεύσας,
1092 754 1320 808 ἕκαστον
1376 757 1486 810 τῶν
1511 760 1840 829 ἐρχομένων,

266 841 364 893 καὶ
392 843 874 910 κατασφραγίζων,
911 846 1004 897 καὶ
1053 846 1312 914 εὐλογῶν,
1352 851 1445 903 καὶ
1492 855 1840 919 κατασπαζό-

268 947 448 1000 μενος,
481 934 576 984 καὶ
617 934 798 1002 ἠρέμα
831 936 1368 1007 προσφθεγγόμενος,
1411 943 1504 994 καὶ
1533 945 1838 1015 ἐπευχόμε-

264 1039 354 1084 νος
398 1023 427 1074 ό
476 1025 897 1094 τρισμακάριος,
938 1027 1180 1082 ἀπέλυεν
1229 1031 1288 1082 ἐν
1335 1033 1526 1102 εἰρήνῃ
1555 1071 1572 1097 ,
1621 1036 1838 1107 ἑκάστῳ

267 1117 487 1181 μνήμης
518 1112 665 1177 ἀξιον
699 1114 790 1166 καὶ
822 1117 1093 1185 σωτηρίας
1147 1119 1356 1185 ἐφόδιον
1387 1123 1832 1192 καταλιμπάνων.

338 1203 446 1254 Καὶ
467 1205 531 1272 τῇ
565 1204 817 1274 κυριακῇ
847 1206 904 1259 ἐν
1003 1207 1035 1275 ἡ
1071 1208 1261 1278 μνήμη
1295 1211 1590 1275 ἐξετελεῖτο
1619 1213 1713 1266 τοῦ
1736 1232 1834 1284 με-

260 1290 430 1357 γάλου
469 1293 743 1362 μάρτυρος
793 1294 992 1362 Μηνᾶ,
1044 1295 1294 1365 ἐψαλκὼς
1327 1298 1396 1351 τὰ
1441 1301 1646 1372 συνήθη
1670 1319 1685 1333 ’
1735 1299 1835 1357 εἷθ’

259 1380 451 1443 οὕτως
490 1381 775 1452 μετασχὼν
822 1384 929 1436 τῶν
976 1386 1335 1456 ἀγιασμόιτων
1393 1391 1499 1443 τῶν
1552 1390 1834 1455 ζωοποιῶν

260 1472 520 1537 ἐκείνων,
571 1472 664 1524 καὶ
708 1472 847 1525 κατὰ
890 1474 948 1526 τὸ
1001 1476 1192 1540 εἰωθὸς
1256 1479 1689 1550 ἐπαλειψάμενος
1740 1484 1833 1538 καὶ

257 1561 872 1629 κατασφραγισάμενος,
929 1562 1063 1631 ὑψοῦ
1121 1566 1220 1626 τὰς
1275 1569 1462 1635 χεῖρας
1521 1570 1680 1639 ἄρας,
1738 1572 1833 1624 καὶ

258 1649 722 1720 προσευξάμενος,
755 1656 882 1722 περὶ
908 1651 1057 1724 ὥραν
1084 1654 1250 1724 ἕκτην
1280 1659 1602 1728 αἰσθόμενος
1633 1662 1828 1714 ἑαυτοῦ

257 1741 654 1810 ἡσθενηκότος,
710 1742 1042 1810 προστάσσει
1101 1745 1283 1814 ἡρέμα
1338 1748 1613 1817 κηραψίαν
1673 1753 1826 1819 γενέο

1942 587 2036 656 qui
2071 588 2298 643 aderant
2319 593 2685 662 amplexatus,
2709 598 2780 651 ita
2804 599 3083 655 remansit.
3133 599 3353 657 Interim
3380 617 3511 658 vero

1940 676 2118 744 gliscit
2144 677 2312 744 fama,
2332 681 2594 754 adestque
2621 687 2803 756 populi
2828 689 3118 745 multitudo
3143 707 3251 748 non
3273 693 3509 752 modica.

1943 766 2046 822 Ubi
2078 769 2159 856 sic
2183 771 2266 824 vir
2297 781 2378 827 ter
2407 774 2600 831 beatus
2626 777 2766 833 duos
2796 781 3066 850 exegisset
3098 783 3233 848 dies,
3265 785 3510 856 singulos

1940 855 2260 912 accedentes
2303 863 2654 932 consignans,
2696 878 2762 919 ac
2805 867 3133 926 benedicens
3179 881 3234 927 et
3276 855 3510 930 deoscu-

1939 951 2076 1008 lans,
2109 946 2338 1017 leneque
2367 966 2432 1006 ac
2455 954 2731 1009 submisse
2761 957 3045 1027 alloquens
3064 969 3118 1015 et
3149 960 3505 1032 adprecatus;

1938 1041 2100 1100 atque
2142 1036 2353 1106 signum
2403 1046 2687 1110 memoria,
2722 1055 2778 1100 et
2817 1048 3088 1104 salubrem
3143 1063 3506 1110 commeatum

1937 1125 2266 1196 reliquisset,
2296 1132 2505 1189 dimisit
2539 1137 2590 1190 in
2623 1153 2774 1206 pace.

2013 1219 2184 1276 Porro
2225 1222 2313 1277 die
2356 1222 2661 1292 Dominica,
2691 1244 2800 1298 qua
2843 1233 3027 1302 magni
3060 1237 3313 1307 martyris
3341 1236 3508 1294 Mene

1935 1311 2199 1365 memoria
2236 1311 2562 1375 celebratur.
2596 1315 2688 1369 ubi
2728 1327 2989 1377 consueta
3028 1322 3252 1376 Cantica
3277 1335 3330 1376 et
3353 1322 3506 1378 Psal-

1936 1412 2055 1451 mos
2107 1399 2427 1463 recitasset;
2467 1409 2690 1469 tumque
2727 1405 3001 1475 particeps
3039 1422 3322 1464 sacrorum
3379 1412 3506 1467 οιτο-

1935 1495 2058 1538 etus
2084 1483 2216 1554 (2i);
2242 1498 2548 1551 sacrorum,
2582 1489 2829 1557 inquam,
2863 1508 2985 1561 quae
3010 1493 3223 1550 viviﬁca
3252 1506 3410 1564 sunt;
3440 1515 3505 1554 ac

1936 1585 2034 1640 pro
2065 1587 2216 1626 more
2273 1573 2534 1628 intinctus
2611 1577 3075 1650 cousignatusque
3115 1599 3130 1635 :
3171 1583 3400 1640 sublatis
3447 1587 3502 1640 in

1933 1662 2170 1717 sublime
2197 1663 2469 1730 manibus,
2496 1679 2790 1734 oransque;
2811 1683 2958 1735 cum,
2986 1671 3132 1726 circa
3152 1672 3345 1729 horam
3377 1691 3503 1732 sex.-

1933 1757 2066 1814 tam,
2111 1765 2171 1804 se
2208 1749 2414 1804 sensim
2456 1750 2686 1806 deﬁcere
2717 1757 2999 1823 sensisset,
3029 1773 3161 1814 voce
3187 1775 3342 1817 cassa
3370 1765 3500 1820 sub-

256 1832 417 1884 σθαι·
470 1831 746 1884 κάνταῦθα
804 1833 1212 1904 προσϐάλλομεν
1251 1840 1316 1907 τῇ
1364 1838 1652 1910 ψαλμῳδίᾳ
1682 1857 1696 1872 ·
1733 1845 1811 1895 κα¹

1935 1834 2208 1905 missaque
2237 1850 2426 1891 cereos
2457 1837 2679 1891 accendi
2708 1838 2863 1907 jubet
2909 1858 2923 1894 :
2965 1842 3325 1916 deincepsque
3348 1845 3503 1903 Psal-

253 1927 314 1978 ὲν
352 1923 429 1993 τῷ
477 1925 671 1993 στίχῳ,
705 1926 762 1976 ὲν
873 1942 1071 1994 φησιν,
1107 1931 1211 1993 Εἰς
1251 1931 1356 1983 τὸν
1398 1931 1584 1985 αἰῶνα
1625 1935 1697 1987 οὺ
1737 1933 1823 2002 μὴ

250 2016 623 2083 ἐπιλάθωμαι
650 2015 766 2068 τῶν
795 2015 1201 2086 δικαιωμάτων
1227 2035 1368 2087 σου,
1406 2021 1494 2075 ὅτι
1523 2024 1595 2076 ἐν
1619 2025 1825 2091 αὐτοῖς

249 2106 472 2174 ἐζησὰς
525 2124 622 2175 με,
668 2107 1136 2177 ὲνδιατριῦόντων,
1185 2111 1469 2183 παρέδωκε
1505 2113 1601 2183 τὴν
1640 2133 1823 2185 μακα-

254 2199 378 2269 ρίαν
433 2198 525 2251 καὶ
570 2197 816 2266 καθαρὰν
865 2198 1030 2252 αὑτοῦ
1058 2199 1234 2272 ψυχὴν
1282 2205 1393 2266 τοῖς
1451 2205 1628 2272 ἁγίοις
1657 2206 1824 2274 ἀγγέ-

248 2289 384 2351 λοις.
414 2288 568 2340 Οὕτω
601 2287 698 2357 μὲν
734 2282 826 2340 οὖν
860 2289 933 2351 ὡς
959 2289 1016 2341 ὲν
1050 2290 1310 2362 συντομία
1337 2295 1368 2361 ὴ
1397 2293 1489 2346 τοῦ
1515 2297 1823 2365 τρισμάκαο

252 2395 346 2447 ρος
378 2378 662 2448 κοίμησις,
713 2379 808 2430 καὶ
840 2378 934 2430 τοῦ
965 2379 1258 2448 ἀθλητικοῦ
1293 2383 1494 2453 δρόμου
1523 2385 1582 2437 τὸ
1612 2386 1817 2457 πέρας

248 2472 348 2523 καὶ
394 2470 600 2540 αὖτηή
645 2470 752 2522 τῶν
788 2471 994 2524 πολλῶν
1042 2472 1291 2540 ἀγώνων,
1336 2476 1430 2527 καὶ
1479 2477 1676 2544 πόνων,
1727 2481 1821 2533 καὶ

250 2559 492 2630 ἱδρώτων
517 2560 595 2621 είς
625 2560 796 2612 αίῶνα
830 2560 1025 2624 αίῶνος
1061 2564 1424 2628 κατάπαυσις.

337 2648 477 2704 Ἀλλ’
524 2650 591 2716 ὣ,
636 2651 755 2714 πῶς
796 2653 924 2721 ὑμῖν
990 2655 1251 2724 ἀδακρυτὶ
1283 2657 1353 2708 τὰ
1399 2657 1526 2729 ἑξῆς
1575 2660 1665 2713 ὑπ’
1697 2661 1818 2731 δψιν

243 2741 462 2810 ἀγάγω,
519 2743 960 2812 πυρπολούμενος
995 2748 1106 2807 τοῖς
1159 2746 1460 2817 λογισμοῖς,
1512 2751 1607 2803 καὶ
1655 2753 1817 2806 οἱονεὶ

243 2832 558 2903 ἐξεστηκὼς
588 2837 650 2902 τῇ
686 2834 879 2904 καρδίᾳ
902 2851 916 2899 ;
943 2834 1037 2887 καί
1073 2852 1162 2904 μοι
1190 2835 1307 2889 δότε
1334 2839 1526 2909 μικρὸν
1556 2840 1814 2914 ἐνδιατρί-

242 2923 345 2992 ea:
376 2923 454 2994 τῷ
478 2924 798 2993 διηγήματι.
849 2924 1065 2977 ’Έκειτο
1093 2921 1185 2978 οὖν
1213 2926 1241 2978 ό
1272 2931 1589 3002 τρισμάκαρ
1620 2930 1816 3001 (καλὸν

241 3014 354 3082 γὰρ
431 3014 564 3083 μηδὲ
613 3014 770 3066 τοῦτο
827 3015 1240 3085 παραδραμεῖν,
1292 3018 1482 3090 ὥσπερ
1559 3039 1610 3074 τι
1666 3021 1816 3088 ξένον

242 3108 468 3175 θέαμα),
506 3105 780 3175 αἰδέσιμος
801 3110 864 3176 τῇ
900 3107 1041 3177 ὄψει,
1068 3109 1416 3180 ἁγγελοειδὴς
1448 3111 1525 3180 τῷ
1549 3115 1811 3183 σχήματι,

238 3197 343 3266 τῆς
382 3197 764 3266 ὲνδημησὰσης
795 3197 930 3268 πρὸς
983 3198 1186 3269 Κύριον
1229 3200 1404 3270 ψυχῆς
1442 3201 1629 3272 ὤσπερ
1659 3205 1811 3268 τινὰς

241 3290 552 3358 φωτοειδεῖς
602 3290 825 3352 ἀκτῖνας
881 3289 1376 3362 ἑναπομαξαμένης
1414 3291 1492 3362 τῷ
1540 3295 1668 3364 ἱερῷ
1702 3296 1812 3348 σώ-

242 3397 396 3449 ματι,
421 3381 537 3448 μεθ’
570 3372 630 3431 οὗ
661 3380 755 3432 καὶ
780 3381 866 3449 ἐφ’
887 3373 930 3448 ᾧ
961 3381 1287 3453 λελάτρευκε
1319 3385 1382 3453 τῇ
1414 3383 1546 3454 ἁγίᾳ
1596 3384 1807 3454 Τριάδι.

241 3471 628 3532 Προστέθειται
668 3469 926 3542 ἐξαπίνης
947 3473 1060 3535 τοῖς
1082 3472 1414 3543 προλαϐοῦσι
1450 3473 1657 3542 πλῆθος
1694 3475 1810 3528 ἓτε-

241 3581 361 3635 ρον,
389 3563 523 3632 ὁμοῦ
557 3564 652 3632 μὲν
683 3563 985 3631 μοναστῶν,
1011 3563 1146 3632 ὁμοῦ
1170 3565 1226 3618 δὲ
1261 3564 1352 3617 καὶ
1383 3565 1644 3634 μιγάδωνο
1674 3567 1808 3619 πολ-

236 3655 322 3709 ).ol.
348 3657 429 3708 ὅτι
467 3654 721 3724 μάλιστα,
767 3655 860 3707 καλ⁹
888 3655 992 3708 τῶν
1026 3655 1248 3725 ἐξόχων,
1297 3656 1418 3725 μεθ’
1446 3649 1521 3710 ὧν
1555 3657 1650 3710 καὶ
1696 3661 1808 3728 ἱερ-

236 3747 439 3815 ἀρχαι,
489 3747 582 3798 καὶ
638 3746 837 3814 ίερείς,
894 3747 1287 3817 ἐπιφερόμενος
1325 3746 1552 3808 ἕκαστος
1598 3747 1667 3800 τὰ
1707 3748 1807 3816 τῆς

239 3836 519 3907 μακαρίας
554 3837 769 3905 ἐκείνης
813 3835 1033 3904 κηδείας
1073 3836 1167 3888 καὶ
1215 3835 1396 3904 ταφῆς
1447 3837 1717 3907 ἀρμόδια’
1756 3839 1805 3889 οἱ

239 3925 337 3994 μὲν
359 3926 560 3993 κηροὺς
591 3924 893 3993 ὲξάσπρους
923 3926 1014 3978 καὶ
1043 3925 1368 3994 πολυτίμους
1389 3944 1400 3956 ·
1431 3929 1459 3979 ό
1487 3929 1562 3992 δὲ,
1585 3929 1797 3982 σινδόνα

237 4015 671 4083 πεποικιλμένην
691 4031 704 4046 ο
735 4016 919 4086 ἕτερος
949 4016 1346 4085 καταπέτασμα
1369 4019 1801 4089 περιπόρφυρον

234 4110 330 4162 καὶ
363 4109 510 4162 ἄλλοι
552 4108 720 4177 σκεύη
754 4112 993 4181 ἀργυρᾶ,
1033 4111 1125 4163 καὶ
1151 4112 1528 4182 χρυσάργυρα,
1567 4113 1660 4165 καὶ
1690 4113 1805 4181 ὴλε-

233 4198 503 4268 κτριὼδη·
538 4199 630 4252 καὶ⁵
672 4200 719 4250 oi
756 4201 852 4268 μὲν
883 4199 1171 4269 ἀρώματα,
1201 4201 1293 4253 καὶ
1336 4201 1674 4272 θυμιάματα,
1708 4205 1802 4255 καὶ

229 4291 389 4352 ἄλλος
425 4291 571 4352 ἄλλο,
604 4294 695 4343 καὶ
729 4292 917 4361 ἕτερος
953 4294 1157 4364 ἕτερον,
1201 4295 1286 4346 ἴνα
1318 4294 1393 4364 μὴ
1441 4296 1796 4365 μακρηγορῶ.

232 4385 445 4446 Πάντες
475 4383 518 4435 δ’
542 4382 633 4436 οὖν
664 4383 812 4452 ὅμως
846 4384 1026 4436 πίστει
1056 4385 1374 4447 σπεύδοντες
1405 4385 1555 4450 ἄξιον
1579 4387 1799 4455 μνήμης

1929 1939 2048 1978 mos
2081 1925 2367 1994 incipimus
2404 1941 2418 1977 :
2459 1933 2619 1994 atque
2649 1927 2714 1978 ad
2747 1926 2900 1980 illum
2933 1942 3149 1984 versum
3181 1948 3196 1985 :
3245 1931 3312 1985 In
3344 1943 3499 1988 teter-

1926 2032 2050 2069 num
2079 2032 2181 2069 non
2215 2016 2498 2071 obliviscar
2523 2017 2932 2087 iustiﬁcationes
2969 2031 3107 2086 tuas,
3137 2026 3262 2094 quia
3291 2026 3344 2079 in
3369 2027 3497 2095 ipsis

1924 2106 2199 2174 viviﬁcasti
2211 2123 2288 2160 me
2301 2107 2346 2138 ”
2365 2125 2378 2161 :
2395 2106 2817 2164 immorantibus
2834 2110 2990 2166 nobis
3006 2109 3348 2182 Psalmodiaa,
3371 2116 3498 2172 bea-

1926 2205 2033 2250 tam
2059 2197 2429 2267 mundamque
2454 2213 2608 2253 suam
2661 2198 2901 2253 animam
2929 2205 3132 2258 sanctis
3153 2206 3358 2275 angelis
3385 2215 3496 2263 tra-

1923 2283 2080 2337 didit.
2111 2284 2202 2337 Sic
2242 2298 2375 2339 sane
2407 2285 2550 2338 velut
2576 2287 2898 2356 compendio
2927 2299 3144 2344 narrata
3173 2291 3361 2348 habuit
3394 2296 3494 2349 viri

1923 2383 2003 2428 ter
2046 2375 2185 2430 beati
2232 2375 2508 2430 dormitio.
2547 2375 2664 2429 Tali
2709 2379 2945 2432 termino
3001 2380 3206 2436 athleta
3265 2385 3494 2440 absolvit

1921 2480 2167 2520 cursum.
2194 2466 2319 2520 Fuit
2347 2467 2459 2522 lucc
2485 2469 2778 2524 multorum
2805 2474 3185 2537 certaminum,
3215 2475 3493 2529 laborum-

1920 2571 2024 2628 que
2047 2568 2100 2613 et
2132 2557 2418 2624 sudorum,
2452 2561 2707 2615 sazculum
2743 2563 2796 2615 in
2829 2563 3010 2618 saeculi
3046 2565 3283 2636 requies.

1993 2650 2306 2715 Enimvero,
2344 2666 2452 2720 qua
2479 2651 2637 2706 vobis
2660 2653 2890 2719 ratione,
2916 2669 3033 2721 quae
3063 2666 3188 2709 sunt
3210 2655 3490 2728 deinceps.

1918 2735 2038 2790 sine
2079 2736 2333 2806 lacrymis
2382 2740 2451 2792 ob
2493 2738 2681 2793 oculos
2722 2754 2942 2809 ponam,
2986 2757 3146 2810 quem
3195 2758 3293 2799 ceu
3354 2744 3490 2815 ignis

1918 2827 2286 2897 cogitationes
2314 2827 2617 2894 devastent,
2651 2831 2854 2900 quique
2891 2830 3036 2886 velut
3073 2835 3257 2889 animo
3278 2834 3489 2890 deiece-

1917 2917 2042 2971 rim.
2085 2916 2281 2971 Verum
2345 2916 2509 2972 liceat
2553 2920 2801 2973 nonnihil
2859 2922 3159 2977 narrationi
3215 2925 3487 2981 insistere.

1915 3008 2140 3064 Jacebat
2180 3009 2345 3076 igitur
2387 3009 2472 3064 vir
2511 3018 2590 3065 ter
2631 3010 2822 3066 beatus
2855 3029 2867 3066 :
2903 3012 3124 3070 Prestat
3151 3017 3330 3083 enim,
3390 3033 3490 3075 nec

1918 3099 2048 3153 illud
2099 3099 2247 3155 velut
2296 3115 2498 3155 novum
2542 3102 2892 3172 insolensque
2929 3107 3295 3173 spectaculum
3329 3110 3485 3164 omit-

1920 3197 2033 3243 tere
2073 3207 2086 3244 :
2115 3189 2351 3258 iacebat,
2385 3190 2628 3260 inquam,
2685 3192 2824 3247 facie
2893 3195 3218 3251 venerabilis
3247 3215 3261 3250 :
3291 3196 3483 3268 ﬁgura,

1919 3281 2068 3334 velut
2150 3281 2450 3348 angelicam
2501 3284 2734 3351 speciem
2785 3283 3063 3353 referens,
3109 3288 3311 3355 anima,
3365 3306 3488 3360 quas

1917 3380 2066 3427 esset
2103 3373 2444 3443 peregrinata
2479 3374 2545 3427 ad
2581 3372 2894 3439 Dominum,
2929 3378 3074 3431 velut
3108 3381 3374 3448 quosdam
3406 3383 3486 3435 lu-

1917 3465 1996 3519 cis
2051 3465 2254 3529 radios,
2310 3479 2468 3519 sacro
2525 3467 2765 3533 corpori,
2821 3481 2944 3522 cum
2992 3483 3122 3538 quo,
3156 3485 3219 3524 ac
3269 3471 3323 3525 in
3374 3489 3484 3542 quo

1915 3563 2119 3610 sancta:
2151 3553 2403 3610 Trinitati
2452 3556 2732 3622 servisset,
2767 3573 2832 3612 ex
2868 3573 2948 3624 se,
2979 3575 3044 3615 ac
3089 3561 3204 3617 suis
3250 3561 3484 3635 fulgori-

1913 3647 2038 3712 bus,
2061 3647 2403 3716 imprimente
2433 3648 2567 3718 (εἰ).
2589 3647 2872 3704 Prioribus
2897 3651 3210 3720 confestim,
3239 3669 3359 3711 sese
3383 3672 3480 3726 po-

1914 3739 2027 3807 puli
2056 3738 2146 3791 alii
2170 3739 2559 3806 adjunxerunt,
2595 3754 2702 3808 qua
2753 3741 3168 3806 monachorum,
3211 3761 3314 3815 qua
3351 3761 3481 3815 pro-

1915 3829 2140 3883 miscua:
2200 3828 2563 3884 multitudinis
2621 3849 2632 3885 :
2683 3830 2951 3901 multique
3006 3832 3060 3887 in
3112 3835 3323 3904 primis,
3377 3839 3478 3894 viri

1913 3920 2145 3985 nobiles,
2175 3935 2238 3974 ac
2262 3931 2564 3990 magnates,
2596 3937 2700 3975 una
2734 3938 2858 3978 eum
2886 3924 3158 3995 episcopis
3208 3937 3262 3982 et
3298 3944 3481 3985 sacer-

1910 4014 2156 4080 dotibus;
2221 4012 2452 4083 singulis
2509 4013 2901 4078 inferentibus,
2972 4033 3093 4086 qua:
3138 4019 3317 4076 beatis
3373 4021 3480 4078 illis

1912 4105 2192 4175 exsequiis
2215 4119 2279 4159 ac
2311 4104 2488 4159 funeri
2515 4120 2751 4176 congrua
2769 4116 2972 4162 essent.
3024 4109 3338 4167 Aﬂ‘erebant
3384 4113 3480 4169 alii

1908 4198 2124 4267 quidem
2185 4196 2337 4251 albos
2397 4211 2459 4250 ac
2515 4197 2694 4265 magni
2749 4199 2906 4268 pretii
2937 4214 3125 4255 cereos
3178 4202 3326 4272 (25);
3387 4203 3478 4261 hic

1908 4289 2140 4358 Phrygio
2170 4302 2332 4357 Opere
2358 4287 2557 4358 pictam
2599 4288 2922 4356 sindonem;
2951 4291 3040 4346 ille
3093 4303 3473 4362 praetextatum

1905 4383 2124 4447 velum;
2157 4380 2247 4434 alii
2281 4388 2463 4434 autem
2528 4394 2660 4434 vasa
2713 4389 2966 4451 argentea
3011 4392 3066 4437 et
3111 4384 3390 4449 deaurata,
3421 4395 3475 4442 et

231 4475 310 4546 τῷ
351 4473 479 4544 ἱερῷ
514 4475 750 4544 λειψάνῳ
781 4478 1085 4544 προσοῖσαι,
1111 4475 1205 4527 καὶ
1229 4476 1306 4544 τῷ
1335 4476 1502 4544 τιμίῳ
1527 4476 1680 4546 τάφῳ
1704 4478 1798 4527 ἐπ-

1923 4474 2160 4530 ιυοοίιιειι
2196 4490 2210 4527 :
2246 4486 2310 4527 ac
2340 4471 2429 4526 alii
2461 4471 2680 4542 quidem
2728 4485 2969 4528 aromata
3009 4484 3062 4530 et
3096 4476 3333 4544 sumtus;
3377 4479 3471 4534 alii

229 4566 550 4621 αποθέσθαι.
581 4566 775 4633 Γέγονε
820 4566 876 4617 δὲ
920 4566 1126 4634 χειμὼν
1161 4566 1302 4619 κατὰ
1351 4566 1412 4617 τὸ
1455 4569 1796 4636 νυχθήμερον

227 4661 406 4714 ἐκεῖνο
449 4657 694 4728 σφοδρὸς,
730 4657 802 4718 ὼς
850 4657 1012 4707 πάλαι
1042 4658 1133 4709 ἐπὶ
1163 4656 1256 4709 τοῦ
1307 4657 1541 4726 μεγάλου
1588 4659 1795 4728 Πέτρου

241 4752 666 4822 Ἀλεξανδρείας.
701 4750 810 4804 Καὶ
840 4747 905 4820 ἦν
928 4751 1052 4802 ἰδεῖν
1085 4751 1359 4821 ὑπερφυὲς
1389 4751 1449 4803 τὸ
1479 4751 1787 4822 γενόμενον.

297 4867 342 4898 ’⁸
372 4864 530 4921 Num.
562 4883 635 4928 vt,
669 4867 759 4918 26.
837 4867 880 4898 ²⁹
907 4865 1048 4920 Psal.
1079 4881 1268 4926 cxvm,
1298 4865 1386 4919 9'5.

1904 4565 2069 4630 aliud,
2097 4572 2158 4619 ut
2189 4579 2257 4618 ne
2285 4563 2338 4617 in
2389 4563 2606 4634 longum
2650 4578 2958 4619 sermonem
3014 4568 3351 4636 protraham.
3397 4568 3468 4625 Ita

1905 4654 2257 4709 nihilominus
2287 4662 2346 4707 ut
2371 4663 2718 4709 occurrentes
2752 4669 2940 4710 omnes
2970 4656 3141 4713 sacris
3165 4657 3370 4728 aliquid
3387 4676 3471 4716 re-

1907 4745 2068 4817 iquiis
2099 4760 2200 4814 pro
2225 4745 2486 4798 memoria
2528 4745 2902 4808 admoverent,
2938 4762 3001 4802 ac
3029 4749 3327 4804 venerabili
3381 4760 3469 4806 tu-

1731 4960 1960 5016 ΝΟΤᾺΕ.

301 5096 436 5165 (ΞΙ).
493 5097 758 5165 Particeps
789 5111 1060 5149 sacrorum
1110 5096 1304 5162 factus,
1365 5096 1650 5164 μετασχὼν
1681 5096 1791 5148 τῶν

225 5164 608 5234 ἁγιασμάτων.
626 5164 780 5219 Velut
799 5175 1288 5234 sacramentorum,
1314 5181 1344 5218 a
1369 5166 1653 5227 sacranda,
1677 5181 1798 5234 qua:

227 5217 352 5289 id'co
385 5217 654 5298 dicantur,
991 5233 1204 5301 Vivi/ica
1243 5217 1597 5298 sacramenta,
1635 5217 1795 5289 iiiini-

227 5304 718 5360 rumEucharistim
745 5322 756 5356 :
782 5314 892 5357 tum
911 5303 1057 5357 addit
1083 5310 1147 5358 de
1178 5305 1295 5358 solo
1325 5313 1664 5359 sacramento
1697 5320 1796 5357 uno

225 5375 446 5438 ctionis,
487 5389 593 5443 quo
612 5375 721 5443 jam
754 5375 1099 5442 migraturus,
1135 5384 1193 5427 ut
1224 5384 1306 5428 est.
1330 5375 1498 5429 moris
1530 5375 1675 5426 velut
1698 5389 1794 5443 pro

226 5459 482 5512 supremo
503 5459 674 5513 agone
698 5444 949 5497 inunctus
973 5444 1074 5495 sit:
1100 5444 1548 5512 ἐπαλειψάμενος.
1567 5443 1792 5497 Michael

224 5515 400 5592 litem,
437 5523 491 5592 ut
525 5513 1113 5592 expressitninterpres
1149 5513 1385 5592 paronii,
1415 5513 1587 5592 magis
1629 5513 1781 5592 vide-

227 5596 313 5636 tur
339 5583 729 5637 Eucharistiam
774 5582 950 5636 dicere
987 5597 998 5634 :
1070 5582 1266 5636 Deinde
1346 5582 1606 5651 mysteriis
1645 5583 1779 5634 diri-

226 5655 328 5716 nis,
356 5665 409 5706 ut
440 5654 628 5706 anima:
651 5653 893 5705 viaticum
913 5661 959 5703 et
987 5653 1244 5705 munimen
1263 5663 1452 5715 essent,
1471 5653 1773 5719 participat.

229 5725 302 5775 lie
325 5724 428 5776 ritu
472 5722 794 5776 sacramenti
843 5720 1130 5782 unctionis.
1181 5723 1426 5775 nonnihil
1473 5722 1672 5775 Graacis
1711 5737 1774 5774 ac

230 5793 436 5848 Latinis
465 5792 699 5858 diverso,
731 5792 975 5860 utrisque
1014 5791 1365 5848 nihilominus
1401 5805 1556 5857 sano,
1600 5805 1772 5860 quan-

1904 5112 2070 5166 quam
2111 5098 2163 5149 in
2206 5097 2322 5150 suis
2354 5096 2561 5151 Graecis
2625 5098 2982 5165 improbante.
3015 5108 3063 5150 et
3102 5108 3155 5152 ut
3194 5101 3464 5158 novellum

1903 5181 2146 5241 errorem
2177 5182 2205 5220 a
2231 5167 2501 5241 sordibus,
2544 5166 2838 5241 damnante
2863 5166 3120 5241 Arcudio,
3171 5184 3276 5222 non
3314 5180 3462 5241 sp‘cr-

1904 5237 2080 5290 nenda
2121 5236 2174 5288 in
2229 5237 2342 5289 suis
2368 5235 2744 5303 Euchologicis
2783 5247 2964 5288 noster
2997 5235 3160 5292 Goar.

1976 5305 2113 5374 (ἳὲ).
2156 5303 2246 5376 Ex!
2290 5321 2363 5366 se,
2416 5321 2476 5357 ac
2519 5307 2630 5376 suis
2679 5305 3029 5376 fulgoribus,
3111 5309 3459 5376 imprimente.

1907 5374 1996 5445 Sic
2023 5374 2516 5445 circumloquimur
2547 5375 2641 5445 τὸ,
2674 5374 3357 5445 ὲναπομαξαμένηςοηυοά
3390 5382 3461 5434 sit

1903 5444 2050 5523 velut
2087 5460 2116 5523 a_
2157 5460 2213 5498 se
2249 5443 2609 5523 abstergendo
2631 5443 2958 5523 imprimere,
2999 5443 3060 5499 ac
3087 5443 3316 5523 quadam
3351 5465 3381 5523 a
3403 5466 3462 5504 se

1890 5513 2229 5586 derivatione
2261 5531 2273 5564 :
2305 5514 2412 5586 alia
2454 5527 2592 5586 voce
2617 5521 2671 5565 et
2719 5513 2905 5586 simili,
2931 5513 3460 5586 ἐναπομόργνυσθαι’

1888 5583 2046 5651 plane
2079 5583 2552 5650 signantissimum
2581 5583 2633 5634 in
2669 5584 2891 5636 materia
2928 5583 3189 5650 subjecta;

1958 5652 2118 5722 (237).;
2137 5651 2296 5704 Atbos
2325 5666 2534 5722 cereos,
2580 5654 2782 5722 κηροὺς
2823 5653 3156 5722 ἐξάσπρουςι
3211 5654 3323 5709 Vox
3378 5672 3464 5712 se-

1881 5719 2056 5790 quiuri
2081 5719 2301 5774 Graeciae
2329 5721 2712 5784 usitatissima,
2737 5732 2794 5774 ut
2832 5719 3344 5781 etiam'numismata
3373 5744 3464 5782 ar-

1879 5800 2069 5862 gentea
2112 5804 2142 5843 a
2171 5791 2355 5846 colore
2387 5791 2631 5860 ἄσπρους
2672 5791 2874 5846 dicant.
