3968 6444
502 363 638 430 1847
1897 360 2072 419 ΑΡΡΕ

2182 360 2302 418 ιίΧ.
3605 353 3739 416 1848

496 479 650 535 mulo
667 484 1118 546 superponerent.
1134 475 1307 533 Porro
1333 472 1478 529 facta
1491 480 1576 527 est
1598 472 1688 527 die
1709 471 1800 526 illa
1819 485 1885 527 ac
1909 477 2069 525 nocte

2182 469 2377 531 Πάντες
2427 465 2534 537 γὰρ
2567 465 2980 538 κατεφρόνησαν
3015 466 3107 519 καὶ
3157 465 3435 536 θαλάσσης
3456 505 3472 531 ,
3518 467 3613 518 καὶ
3645 466 3738 518 ἀι-

497 577 793 640 ιειιιιιοειοε
851 567 1061 633 valida,
1113 567 1297 638 qualis
1361 565 1493 622 olim
1555 565 1611 619 in
1677 563 1863 634 magni
1919 559 2068 620 Petri

2182 575 2282 626 ρος,
2324 555 2434 611 καὶ⁶
2469 555 2805 617 ἑπικλύσεως
2843 556 3126 625 ποταμῶν.
3167 557 3263 610 καὶ
3291 554 3598 627 πειρασμοῦ
3632 556 3739 608 τῶν

495 659 848 716 Alexandrini
876 658 1064 714 funere
1101 657 1236 729 (26).
1285 657 1525 726 Eratque
1579 654 1762 710 videre
1807 669 1921 708 rem
1961 653 2068 708 mi-

2182 647 2534 721 ιρατούντων,
2563 649 2658 703 καὶ
2685 648 2740 702 εῐ
2763 665 2906 712 τινος
2934 648 3119 712 ἄλλον,
3137 646 3368 718 δεύτερα
3397 646 3575 700 πάντα
3599 648 3740 716 ήγη-

495 750 746 808 rabiiem.
801 749 1014 822 Quippe
1056 758 1380 821 spreverunt
1425 763 1641 812 omnes,
1692 762 1972 817 mareque,
2013 757 2069 802 et

2182 741 2410 814 τάμενοι.
2455 740 2616 794 Ἀλλὰ
2641 742 2736 794 καὶ
2771 740 2949 794 δοῦλοι
2976 740 3253 794 δεσποτῶν
3281 739 3578 811 θεραπείαν
3601 777 3616 803 ,
3651 739 3742 792 καὶ

497 857 704 908 aerem,
741 850 798 898 et
847 841 1260 897 inundationem
1306 839 1616 904 ﬂuminum,
1653 838 2070 908 principumque

2182 833 2422 904 τεηπόνοι
2463 833 2561 902 τὴν
2600 832 2865 904 ἐργασίαν
2888 870 2904 896 ,
2955 833 3047 884 καὶ
3073 831 3364 902 ἐπίτροποι
3391 830 3494 900 τὴν
3521 832 3742 884 ἐπιστα-

495 934 874 999 tentationem,
911 947 976 988 ac
1008 933 1054 989 si
1078 933 1211 1004 quid
1244 931 1390 987 aliud
1414 941 1500 987 est
1538 941 1804 986 terrorem
1836 927 2063 990 habens,

2182 925 2315 991 τίαν,
2343 915 2437 978 κα).
2469 922 2754 992 πλωτῆρας
2805 923 2900 975 καὶ
2929 920 3162 991 ἔμποροι
3194 919 3291 990 τήν
3325 918 3618 989 ἐμπορίαν,
3651 919 3744 971 καὶ

494 1024 881 1094 posthabuere.
899 1022 1042 1090 Quin
1071 1034 1126 1079 et
1148 1025 1312 1079 servi.
1337 1022 1684 1078 dominorum
1705 1019 2063 1088 obsequium;

2182 1015 2340 1094 56km
2384 1013 2593 1068 οίκείαν
2617 1012 2764 1067 ὁδόν⁹
2797 1014 2893 1065 καὶ
2921 1010 3329 1082 περιεκέχυντο,
3359 1011 3438 1072 εἰς
3465 1009 3632 1062 αὐτὸν
3670 1010 3744 1070 ὡς

495 1123 552 1170 et
575 1114 847 1185 agricolae,
881 1114 1112 1170 cultura:
1147 1120 1400 1185 operam;
1431 1122 1824 1181 curatoresque
1849 1120 1905 1166 et
1929 1124 2068 1180 prat-

495 1201 645 1269 fecti,
668 1205 1007 1260 curationem
1055 1219 1120 1260 ac
1163 1198 1577 1275 praefecturam;
1633 1212 1814 1258 nauta:
1859 1201 1988 1256 item
2015 1207 2072 1255 et

499 1308 858 1376 mercatores,
893 1309 1304 1365 mercaturam;
1358 1314 1424 1357 ac
1464 1299 1723 1365 viatores,
1783 1298 1886 1354 iter
1941 1313 1957 1352 :

2172 1090 2254 1169 είς
2283 1105 2426 1175 ἱερὸν
2451 1105 2739 1175 κειμήλιον
2764 1101 3186 1166 ἀποϐλέποντες,
3219 1101 3255 1170 ἢ
3309 1100 3508 1171 μᾶλλον
3549 1100 3744 1152 οἰκειό-

2186 1213 2246 1250 τε
2257 1213 2349 1268 ρον
2389 1196 2585 1258 εἰπεῖν,
2609 1194 2684 1259 ώς
2710 1194 2954 1265 ἔμπνουν
2981 1193 3075 1246 καὶ
3101 1193 3298 1262 φωνεῖν
3323 1191 3640 1261 δυνάμενον.

2011 1302 2072 1351 ιιι
2109 1307 2300 1349 omnes
2365 1291 2683 1348 circumfusi
2763 1298 2981 1357 essent,
3026 1290 3200 1345 oculis
3233 1289 3287 1346 in
3334 1303 3483 1352 eum,
3542 1302 3643 1343 ceu
3693 1285 3748 1342 in

496 1392 797 1463 pretiosum
835 1394 1034 1452 mobile
1072 1395 1264 1450 intenti
1304 1411 1318 1450 :
1361 1395 1446 1451 vel
1470 1402 1529 1450 ut
1551 1394 1764 1464 proprie
1810 1391 1986 1462 magis
2022 1389 2223 1455 dicam,
2255 1387 2402 1442 velut
2424 1387 2478 1441 in
2511 1387 2807 1456 spirantem
2839 1400 2905 1441 ac
2942 1385 3243 1440 etiamnum
3281 1385 3427 1453 loqui
3451 1382 3744 1439 valentem.

567 1487 830 1556 Proinde,
860 1503 929 1544 ea
965 1489 1306 1545 Psalmorum
1349 1488 1724 1544 modulatione
1780 1501 1844 1542 ac
1899 1485 2060 1540 lumi-

495 1591 629 1636 num
656 1578 1012 1643 accensione;
1051 1578 1229 1648 iisque
1263 1578 1485 1649 vigiliis,
1530 1591 1594 1632 ac
1629 1577 1802 1631 sacris
1833 1575 2063 1630 inclina-

503 1668 774 1734 tionibus;
803 1677 1018 1738 postera
1055 1669 1162 1734 die,
1197 1684 1255 1723 re
1285 1683 1441 1724 sacra
1488 1668 1556 1721 de
1617 1681 1768 1722 more
1825 1673 2062 1734 peracta,

2231 1484 2341 1536 Καὶ
2381 1481 2524 1536 οὕτω
2571 1482 2667 1535 σὺν
2713 1479 3056 1550 ψαλμῳδίαις
3118 1480 3214 1533 καὶ
3277 1478 3590 1548 φωταψίαις
3629 1479 3749 1541 ταῖς

2165 1573 2538 1643 καθηκούσαις
2559 1612 2574 1637 ,
2594 1572 2880 1642 παννυχίσι
2903 1588 2962 1623 τε
2992 1571 3086 1624 καὶ
3105 1569 3426 1641 ἐπικλήσεσι
3456 1571 3653 1642 ἱεραῖς,
3679 1571 3745 1638 τῇ

2164 1665 2291 1734 ἑξῆς
2326 1664 2468 1720 κατὰ
2510 1666 2572 1717 τὸ
2625 1663 2853 1733 σύνηθες
2886 1662 3409 1734 λειτουργήσαντες,
3442 1662 3574 1729 περὶ
3601 1661 3749 1731 ῶραν

498 1757 719 1811 circiter
758 1758 890 1810 hora
931 1756 1186 1826 septima,
1224 1755 1456 1810 traditus
1490 1762 1575 1809 est
1636 1753 1890 1823 sepulcro
1953 1751 2067 1805 sive

2182 1755 2423 1825 πέμπτην
2446 1752 2715 1825 παρεδόθη
2737 1754 2815 1823 τῷ
2847 1752 2975 1824 ίερῷ
2988 1751 3168 1822 τάφῳ,
3212 1754 3333 1821 ήτοι
3354 1751 3748 1822 γλωσσοκὸμῳ,

495 1847 709 1902 tumulo
741 1846 854 1916 (25)
891 1865 904 1901 :
936 1861 1038 1901 nec
1069 1847 1122 1900 id
1164 1847 1324 1914 plane
1373 1859 1480 1899 non
1524 1859 1689 1914 aegre,
1737 1857 1801 1896 ac
1855 1840 2065 1908 labore,

2182 1848 2270 1898 26x
2302 1847 2571 1914 ἀκαματὶ,
2624 1831 2731 1896 οὐδ’
2779 1844 2839 1896 οὐ
2882 1841 2988 1912 μὴν
3029 1844 3296 1910 ἀπονητὶ,
3329 1834 3418 1895 διὰ
3451 1843 3512 1895 τὺ
3560 1845 3752 1906 ἐπιπε-

498 1939 742 1992 irrueute
777 1938 960 2006 pepuli
1012 1936 1384 1999 multitudine,
1420 1944 1481 1989 ut
1513 1936 1618 1989 sibi
1653 1935 1908 2003 quisque,
1963 1931 2060 1984 ali-

497 2028 628 2098 quid
666 2029 732 2084 de
759 2029 930 2084 sacris
951 2028 1220 2084 demortui
1253 2027 1513 2089 exsnviis,
1554 2025 1918 2095 pretiosisque
1946 2023 2071 2077 reli-

499 2121 668 2190 quiis,
701 2119 933 2175 tolleret.
969 2118 1235 2174 Traditus
1258 2116 1619 2172 nihilominus
1648 2125 1754 2178 eet,
1781 2129 1845 2168 ac
1881 2114 1934 2166 in
1969 2111 2068 2166 do-

497 2215 756 2266 muncula
785 2226 883 2266 sua
918 2209 1222 2280 depositus,
1269 2224 1378 2279 quo
1425 2209 1545 2263 loco
1587 2207 1668 2261 vir
1721 2205 2072 2260 beatissimus

499 2302 693 2358 solitus
725 2312 869 2358 esset
907 2302 1074 2357 libros
1102 2315 1288 2356 sacros
1318 2301 1584 2364 scribere,
1622 2315 1685 2356 ac
1717 2298 1948 2353 Domino
1972 2296 2071 2350 mi-

503 2393 760 2448 nistrare.
787 2391 900 2448 Hoc
922 2393 1065 2446 enim
1081 2392 1236 2462 juxta
1266 2391 1609 2462 Apostolum,
1632 2391 1796 2446 etiam
1820 2390 1888 2444 ah
1943 2388 2070 2443 alie-

502 2485 611 2538 ctis
641 2483 869 2549 viribus,
899 2492 952 2538 et
983 2483 1122 2538 mala
1157 2483 1484 2548 valetudine,
1510 2499 1541 2537 a
1579 2483 1954 2553 persecutione
1986 2496 2073 2536 se-

501 2573 726 2644 nioque,
754 2587 892 2643 opus
911 2589 1171 2629 manuum
1189 2573 1442 2630 habebat.
1471 2574 1615 2629 Sane
1641 2587 1768 2628 vero
1790 2571 2073 2642 appositus

499 2673 605 2730 cst,
635 2662 818 2729 Pater,
849 2665 1108 2720 Patribus
1140 2681 1157 2732 ;
1190 2665 1476 2728 sacerdos,
1525 2663 1898 2726 Pontiﬁcibus,
1944 2673 2075 2716 ante

500 2758 663 2811 etiam
700 2755 1008 2811 unctionem
1055 2756 1167 2824 (‘26)
1209 2774 1225 2824 ;
1274 2737 1576 2822 confessor,
1613 2753 2073 2819 confeSsoribns;

502 2847 853 2918 martyribus,
882 2847 1162 2916 proposito
1187 2857 1393 2918 martyr
1420 2864 1434 2912 ;
1464 2846 1928 2916 praedicatoribus,
1957 2860 2074 2906 ma-

502 2950 617 3006 gna
659 2935 907 2990 veritatis
933 2938 1085 2990 tuha.
1116 2933 1221 2990 Sed
1272 2946 1326 2989 et
1371 2937 1472 2990 hoc
1513 2935 1813 2990 addiderim
1847 2954 1857 2988 :
1889 2934 2077 2990 Conti-

503 3041 640 3082 neus
669 3026 781 3092 ille,
810 3026 1250 3092 continentibus;
1284 3036 1510 3090 castus,
1535 3029 1801 3082 castitatis
1848 3027 2080 3080 amanti-

503 3119 607 3176 bus
635 3137 651 3185 ;
683 3120 986 3190 hospitalis,
1021 3121 1111 3185 iis,
1146 3121 1240 3191 qui
1288 3121 1626 3177 studuissent
1667 3122 2022 3192 hospitalitati
2064 3139 2076 3187 ;

2172 1936 2448 1990 πτωκέναι
2477 1935 2538 1988 τὸ
2580 1932 2676 1987 τοῦ
2722 1933 2847 1988 λαοῦ
2897 1933 3122 2002 πλῆθος,
3172 1930 3302 2003 ἆραί
3333 1949 3388 1986 τι
3440 1933 3553 1986 τῶν
3585 1933 3752 2013 ίερῶν

2170 2027 2460 2095 ἐνταφίων,
2510 2025 2542 2094 ἢ
2589 2023 2683 2077 τοῦ
2728 2024 2909 2094 τιμίου
2937 2024 3216 2094 λειψάνου.
3263 2025 3549 2096 Παροδόθη
3581 2027 3626 2078 δ’
3661 2023 3753 2080 οὖν

2171 2120 2340 2188 ὅμως,
2390 2118 2484 2170 καὶ
2510 2115 2750 2186 ἀπετὲθη
2782 2117 2842 2168 ὲν
2869 2115 2948 2186 τῷ
2979 2116 3164 2187 οἰκείῳ
3212 2115 3491 2187 δωματίῳ.
3529 2117 3656 2170 καθ’
3695 2117 3752 2171 ὃν

2171 2209 2336 2261 τόπον
2365 2207 2546 2260 εἰώθει
2579 2209 2607 2260 6
2651 2207 3054 2276 τρισμακάριος
3075 2207 3177 2270 τὰς
3211 2207 3362 2278 ἱερὰς
3388 2207 3626 2276 γράφειν
3666 2206 3754 2262 Βί-

2174 2301 2354 2366 ϐλους,
2401 2299 2497 2352 καὶ
2539 2298 2878 2367 λειτουργεῖν
2917 2298 3132 2368 Κυρίῳ.
3165 2297 3337 2350 Τοῦτο
3366 2298 3476 2368 γὰρ
3510 2294 3582 2368 ἦν
3605 2299 3752 2370 αὑτῷ

2173 2388 2567 2453 ἁποστολικῶς,
2599 2389 2694 2442 καὶ
2730 2389 2869 2458 μετὰ
2905 2388 3197 2458 διωκτικήν
3228 2388 3475 2441 κάκωσιν
3527 2390 3624 2443 καὶ
3653 2391 3750 2460 γῆ-

2180 2499 2295 2553 ρας,
2336 2479 2670 2551 ὲργόχειρον.
2722 2481 2832 2534 Καί
2866 2497 2929 2548 γε
2986 2478 3292 2550 προσετέθη
3332 2480 3359 2531 6
3404 2479 3598 2551 Πατὴρ
3642 2485 3753 2547 τοῖς

2178 2577 2491 2649 Πατράσιν·
2537 2578 2567 2630 6
2603 2561 2784 2648 ίερείὶς
2839 2560 2954 2638 τοῖς
3004 2573 3308 2645 ίεράρχαις,
3356 2574 3450 2626 καὶ
3499 2573 3607 2643 πρὸ
3657 2575 3751 2645 τῆς

2177 2668 2409 2740 χρίσεως
2432 2689 2444 2701 ·
2476 2671 2504 2722 6
2531 2668 2872 2740 ὁμολογητὴς
2901 2669 3014 2729 τοῖς
3039 2666 3400 2734 ὁμολογηταῖς
3420 2681 3433 2693 ο
3467 2668 3583 2730 τοῖς
3617 2666 3753 2736 μάρο

2179 2775 2360 2821 τυσιν,
2391 2761 2420 2813 6
2449 2761 2832 2831 προαιρετικὸς
2867 2759 3106 2827 μάρτυς⁹
3139 2759 3167 2809 6
3191 2756 3507 2819 διδάσκαλος
3536 2760 3650 2820 τοῖς
3673 2758 3752 2810 δι-

2181 2850 2504 2915 δασκάλοιςο
2556 2853 2668 2913 τοῖς
2716 2850 2966 2918 κήρυξιν,
3011 2852 3044 2918 ἡ
3098 2849 3308 2918 μεγάλη
3357 2850 3455 2918 τῆς
3491 2847 3754 2918 ἀληθείας

2185 2941 2438 3010 σάλπιγξ.
2487 2940 2788 3012 Προσθείην
2849 2940 2894 2992 δ’
2925 2939 2990 2992 ἂν
3023 2939 3119 2991 καὶ
3151 2937 3324 2992 ταῦτα
3349 2955 3362 2970 ο
3410 2941 3439 2992 6
3480 2938 3755 3009 ἐγκρατὴς

2181 3034 2294 3094 τοῖς
2341 3031 2686 3101 ὲγκρατέσιν,
2736 3033 2764 3082 ὁ
2804 3029 2965 3099 ἁγνὸς
3033 3031 3146 3100 τοῖς
3187 3029 3488 3098 ψιλάγνοις,
3538 3030 3568 3081 6
3608 3029 3755 3097 φιλό-

2186 3123 2334 3188 ξενος
2364 3125 2474 3186 τοῖς
2526 3121 2857 3190 φιλοξένοις.·
2901 3123 2929 3174 6
2977 3121 3218 3191 μέτριος,
3262 3126 3374 3185 τοῖς
3431 3122 3757 3192 μετριόφροο

503 3209 805 3273 modestus,
849 3225 1035 3286 sensu,
1063 3209 1325 3264 modestis
1353 3225 1417 3264 ac
1453 3211 1774 3265 humilibus.
1811 3211 1912 3276 Qui
1945 3212 2072 3266 bene

2183 3230 2300 3266 σιν·
2336 3214 2595 3267 Ἂπαντα
2641 3213 2764 3279 τοῖς
2812 3211 3000 3267 πᾶσιν
3040 3209 3109 3268 εὖ
3150 3213 3429 3283 γεγονὼς,
3479 3212 3605 3266 καθ’
3639 3213 3758 3266 ὅσον

504 3301 681 3354 omnia
713 3300 950 3354 omnibus
980 3301 1046 3363 ⁸⁸,
1066 3301 1248 3370 quoad
1271 3301 1385 3356 ﬁeri
1409 3311 1614 3372 posset,
1638 3301 1821 3356 divina
1845 3303 2072 3372 quadam

2183 3299 2292 3359 οἷόν
2342 3324 2399 3359 τε
2454 3305 2807 3374 θεοπρεπῶς,
2862 3306 2964 3358 Ira
3020 3306 3162 3372 τοὺς
3205 3305 3437 3371 πάντας
3467 3348 3482 3372 ,
3534 3304 3574 3372 ἣ
3619 3303 3759 3370 τοὺς

508 3391 716 3444 ratione
751 3389 937 3458 fuisse!
966 3391 1161 3459 factus,
1195 3401 1255 3446 ut
1285 3409 1482 3456 omnes,
1511 3401 1673 3447 autve
1691 3392 1876 3461 plures
1908 3393 2072 3446 saluo:

2183 3395 2469 3460 πλείονας
2497 3393 2692 3462 σώσῃ,
2714 3391 3092 3460 ἀποστολικοίς
3115 3393 3538 3465 κατορθώμασιν
3554 3396 3761 3465 ὲπερειο

503 3487 701 3555 [accret
724 3481 791 3548 ⁸³,
825 3471 1253 3551 apostolicorum
1287 3490 1562 3554 gestorum
1598 3482 2072 3540 informationibus

2183 3487 2425 3556 δόμενος.
2457 3487 2568 3539 Καὶ
2617 3486 2710 3538 νῦν
2770 3487 2930 3549 αὐτὸς
2977 3486 3098 3555 μὲν,
3133 3483 3492 3539 ἀποστολικὺν
3536 3487 3756 3538 ἐκτετε-

506 3574 688 3628 nixus.
716 3572 793 3627 Ac
818 3574 1035 3640 quidem
1079 3573 1241 3628 modo
1287 3588 1302 3630 :
1345 3585 1726 3630 consummato
1783 3577 2072 3646 apostolico

2183 3575 2355 3639 λεκὼς
2398 3576 2621 3648 δρόμον,
2652 3578 2797 3629 ἐστιν
2830 3576 3094 3647 οὐρανοὺς
3136 3574 3478 3646 ἐμϐατεύων,
3529 3577 3625 3630 καὶ
3663 3577 3759 3645 ἀγα

504 3678 691 3726 eursu,
732 3663 902 3719 cmlos
928 3679 1126 3734 pompa
1157 3664 1478 3735 ingreditur,
1516 3681 1579 3720 ac
1607 3681 1714 3720 una
1751 3681 1875 3720 cum
1913 3682 2080 3736 ange-

504 3755 573 3808 lis
609 3755 774 3809 t‘estos
802 3754 1000 3810 choros
1032 3755 1202 3819 ducit,
1241 3757 1296 3809 in
1337 3756 1450 3810 loco
1487 3757 1816 3811 tabernaculi
1839 3757 2076 3811 admira-

506 3841 651 3907 bilis,
696 3842 752 3897 in
799 3843 1125 3911 epulantium
1177 3857 1306 3896 sono
1367 3844 1681 3908 ",tetcrnis
1735 3844 1788 3896 in
1849 3843 2078 3898 Domino

506 3931 694 3990 fruens
727 3935 885 3989 bouis
926 3953 940 3990 :
977 3941 1187 4003 Imaque
1222 3936 1348 3990 inde
1383 3935 1649 4004 propitius
1685 3936 1924 4000 intuens,
1951 3950 2078 3989 snas

505 4044 602 4095 pro
627 4027 924 4083 humilibus
962 4027 1120 4082 nobis
1153 4027 1578 4097 supplicationes
1626 4028 1734 4081 Deo
1779 4025 2076 4081 ferventius

503 4117 678 4173 offert.
706 4117 822 4173 Nos
850 4133 1013 4188 porro
1039 4117 1272 4173 humiles
1316 4118 1645 4188 ahjeetique,
1689 4133 1783 4187 spe
1833 4118 1885 4171 in
1940 4119 2076 4173 alios

503 4210 720 4276 mutati,
754 4210 1010 4275 feramus,
1043 4212 1247 4280 gratias
1281 4227 1527 4280 agentes,
1557 4213 1599 4265 si
1622 4210 1749 4280 quid
1787 4211 2072 4266 molestum

504 4304 729 4374 ingruit,
758 4305 1029 4374 egregiam
1076 4293 1221 4358 illam
1257 4303 1521 4373 prolocu—ti
1556 4318 1780 4357 vocem:
1819 4301 2072 4355 Dominus

505 4395 672 4460 dedit,
711 4395 964 4449 Dominus
1012 4396 1230 4450 abstulit
1262 4412 1278 4448 :
1309 4397 1445 4448 sicut
1484 4394 1701 4448 Domino
1739 4395 1960 4463 placuit,
2000 4396 2074 4448 ita

2183 3667 2358 3745 γέλων
2389 3667 2892 3737 συμπανηγυρίζων
2924 3666 3186 3749 χορείαις,
3204 3667 3308 3747 Ἐγ
3336 3668 3500 3734 τόπῳ
3521 3667 3758 3736 σκηνῆς

2182 3754 2556 3825 θαυμαστῆς,
2600 3755 2669 3807 ἐν
2693 3754 2821 3822 ἤχῳ
2853 3754 3274 3822 ἑορταζόντων,
3313 3757 3371 3809 ὲν
3399 3757 3593 3828 Κυρίῳ
3624 3758 3756 3811 67:0-

2179 3847 2356 3907 λαύων
2403 3848 2510 3899 τῶν
2560 3847 2793 3899 αἰωνίων
2847 3846 3097 3914 ἀγαθῶν·
3153 3847 3411 3900 κάκεῖθεν
3462 3849 3614 3917 ἡμᾶς
3662 3850 3757 3900 Ett-

2184 3937 2429 3989 οπτεύων
2469 3937 2646 4000 ἵλεως,
2672 3935 2771 3999 τὰς
2798 3936 2937 4008 ὑπὲρ
2964 3939 2994 4007 ή
3006 3935 3122 4006 μῶν
3161 3938 3271 3991 τῶν
3301 3940 3577 3992 ταπεινῶν
3608 3939 3758 4001 λιτὰς

2183 4027 2262 4097 τῷ
2294 4026 2482 4098 Κυρίῳ
2520 4027 2821 4101 προσφέρει
2857 4027 3211 4099 θερμότερον.
3239 4028 3433 4099 Ἡμεῖς
3475 4029 3532 4082 δὲ
3565 4032 3614 4083 oi
3657 4048 3754 4083 τα-

2190 4121 2385 4186 πεινοὶ,
2415 4122 2482 4190 τῇ
2518 4119 2617 4189 μὲν
2648 4120 2825 4174 ἑλπίδι
2858 4119 3340 4191 μεταϐαλλόμενοι,
3375 4121 3638 4192 φέρωμεν
3666 4123 3749 4174 εὖ·

2181 4209 2455 4279 χαρίστως
2480 4209 2540 4261 τὸ
2584 4208 2846 4278 λυπηρὸν,
2881 4209 2978 4278 τήν
3007 4209 3251 4278 ἀοίδιμον
3275 4210 3490 4278 ἐκείνην
3522 4211 3756 4278 φθεγγό-

2181 4317 2332 4372 μενοι
2365 4302 2576 4372 φωνήψ
2629 4302 2681 4352 '0
2723 4301 2934 4368 Κύριος
2965 4300 3207 4367 ἔδωκεν,
3252 4303 3284 4354 ό
3333 4304 3552 4368 Κύριος
3584 4303 3750 4371 ἀφείς

2175 4398 2315 4445 dsco
2336 4409 2349 4422 ·
2379 4393 2458 4457 ὡς
2492 4391 2568 4456 τῷ
2601 4393 2793 4460 Κυρίῳ
2811 4391 3062 4456 ἔδοξεν,
3082 4392 3235 4445 οὕτω
3258 4393 3359 4446 καί
3387 4393 3659 4462 ἐγένετο.
3692 4393 3756 4446 Εἴ

502 4495 553 4542 et
589 4487 789 4556 factum
819 4497 897 4541 est
928 4487 994 4540 ³⁸.
1032 4487 1088 4540 Si
1119 4486 1247 4555 quid
1275 4489 1420 4541 enim
1448 4485 1552 4557 fuit
1595 4487 1815 4545 factum,
1861 4487 2070 4539 homini

2182 4501 2225 4535 τι
2267 4483 2374 4554 γὰρ
2409 4484 2617 4550 γέγονε,
2659 4483 2928 4554 θελήματι
2957 4484 3163 4554 Κυρίου
3199 4485 3412 4550 γέγονε,
3470 4484 3566 4536 τοῦ
3623 4502 3756 4553 συμ-

503 4577 704 4632 factum
736 4587 817 4632 est
856 4578 1154 4642 voluntate,
1186 4578 1279 4645 qui
1311 4578 1490 4630 omnia
1525 4577 2067 4644 utiliterdispensat:

515 4662 786 4720 Voluntati
809 4673 980 4718 autem
1017 4664 1152 4734 ejus,
1186 4665 1361 4728 inquit
1388 4663 1724 4718 admirabilis
1756 4664 2064 4732 Apostolus,

573 4780 618 4811 ⁸⁸
667 4777 709 4832 ιι
751 4777 880 4832 Cor.
937 4794 1016 4841 ιι,
1071 4778 1162 4831 22.
1239 4779 1279 4810 ³³
1334 4776 1375 4830 ll
1417 4776 1555 4830 Tim.
1600 4793 1670 4830 tv.
1705 4777 1755 4830 7.
1836 4775 1878 4807 ³³
1919 4777 2060 4830 Psal.
2097 4793 2205 4843 xu,
2252 4778 2304 4832 5.

2102 4542 2149 4599 Ι)

2177 4575 2448 4644 φερόντως
2489 4575 2666 4626 πάντα
2700 4573 3139 4644 οἰκονομοῦντος’
3182 4560 3263 4638 Τῷ
3302 4575 3370 4626 δὲ
3393 4574 3741 4644 ,ϐουλήματι

2175 4663 2381 4728 αὐτοῦ,
2439 4663 2513 4726 ὥς
2567 4680 2730 4734 φησιν
2776 4666 2805 4717 6
2849 4664 2988 4728 θεῖος
3074 4665 3404 4731 Δπόστο).ος,
3464 4667 3556 4732 τίς
3599 4667 3750 4722 ἀνθ-

2385 4778 2428 4808 ³³
2465 4776 2564 4831 Joh
2598 4796 2635 4842 t,
2666 4778 2755 4832 21.

2016 4913 2249 4968 NOTAE.

575 5008 712 5078 (Si).
749 5009 816 5062 In
843 5011 1021 5077 magni
1057 5006 1208 5063 Petri
1235 5009 1593 5078 Alexandrini
1617 5009 1817 5076 funere,
1860 5008 1951 5060 ἐπὶ
1984 5007 2077 5060 τοῦ

507 5076 745 5150 μεγάλου
777 5076 986 5150 Πέτρου
1004 5079 1444 5150 ΔἈλεξανδρείας.
1479 5076 1593 5150 Non
1625 5079 1836 5147 videtur
1867 5085 2079 5150 exstare

506 5147 671 5218 quam
698 5147 1158 5203 auctor'insinuat
1188 5149 1493 5218 historiam,
1513 5148 1716 5218 obortae
1745 5149 2078 5214 tempestatis

508 5217 574 5272 ad
624 5217 914 5272 elationem
957 5217 1161 5272 funeris
1213 5217 1400 5282 Petri;
1449 5217 1744 5285 probanda:
1819 5218 2076 5269 nimirum

508 5287 785 5341 devotioni
813 5288 982 5356 plebis
1033 5287 1434 5358 Alexandrinae.
1484 5288 1536 5338 in
1585 5301 1910 5339 coronarum
1962 5286 2075 5354 jam

505 5366 780 5426 pastorem
814 5373 992 5416 suum,
1032 5357 1266 5425 inquem
1302 5356 1368 5409 ad
1388 5368 1651 5410 coronam
1694 5367 2075 5424 properantem

483 5425 582 5482 εἰς
607 5425 835 5480 fuissent
857 5427 1080 5487 assidui.
1103 5437 1161 5480 ut
1183 5427 1269 5479 vix
1296 5441 1400 5478 non
1421 5426 1764 5492 impedierint
1782 5441 2071 5488 coronam;

507 5497 628 5563 ipso
676 5496 810 5548 adeo
860 5497 1042 5558 Petro,
1078 5512 1144 5550 ne
1185 5497 1276 5550 illa
1319 5495 1724 5548 desiderantem
1768 5494 2028 5563 eﬂ‘ugeret
2057 5534 2069 5552 .

506 5567 810 5619 clancitlum
846 5575 900 5619 et
938 5567 1022 5632 pia
1063 5566 1249 5618 fraude
1274 5605 1287 5628 ,
1313 5566 1701 5633 Spit-uiatorem
1726 5565 2069 5627 admittente,

504 5635 888 5697 tlato.eonsilio
921 5636 1244 5689 sntiodiendi
1268 5649 1430 5688 noctu
1471 5649 1706 5694 murum,
1733 5636 1912 5702 quo‘is
1935 5643 2070 5695 tttto,

509 5706 736 5771 lusoque
768 5705 984 5772 populo.
1019 5718 1178 5770 caput
1226 5715 1605 5772 amputaturus
1648 5705 1943 5761 accederet.
1979 5704 2071 5759 Mi-

507 5777 690 5829 randze
721 5776 942 5829 omnino
977 5779 1150 5838 artes,
1178 5775 1270 5830 sed
1302 5775 1611 5828 amantibus
1635 5783 1793 5828 noue.

2252 5007 2386 5078 (25).
2425 5007 2527 5063 Seu
2553 5010 2790 5089 tumulo,”
2822 5010 2940 5089 ήτοι
2982 5005 3534 5089 γλωσσοκόμῳεηῖτοκ
3571 5009 3754 5089 minus

2177 5077 2438 5146 frequens
2494 5093 2560 5132 eo
2618 5077 2940 5145 signiﬁcato.
3004 5078 3165 5133 Forte
3234 5077 3507 5146 signiﬁcat
3567 5077 3749 5148 ipsum

2180 5149 2512 5216 pheretrum,
2569 5150 2713 5217 quod
2756 5148 2917 5202 fuerit
2955 5149 3224 5213 clausum,
3270 5148 3561 5202 condendo
3600 5160 3755 5202 terra:

2178 5232 2340 5270 sacro
2373 5219 2722 5284 corpusculo,
2771 5219 2913 5285 quod
2969 5221 3232 5272 hactenus
3266 5217 3523 5271 omnibus
3567 5219 3750 5270 vison-

2178 5288 2305 5340 dunt
2334 5287 2662 5355 prostitisset
2691 5305 2703 5351 ;
2747 5298 2803 5340 ιιι
2829 5288 3148 5350 etiamnum,
3179 5288 3412 5340 maxime
3450 5302 3504 5339 tn
3536 5285 3648 5340 Deo
3671 5305 3755 5342 sa-

2179 5371 2397 5426 crurum
2431 5357 2712 5426 hominum
2744 5358 3041 5426 exsequiis,
3076 5359 3187 5415 lieri
3214 5358 3368 5412 solet.

2253 5425 2385 5501 (9.6).
2417 5425 2673 5501 Sacerdos
2702 5425 3068 5501 pontiﬁcibus,
3101 5437 3228 5501 ante
3248 5430 3407 5501 etiam
3432 5433 3756 5501 unctionem,

2177 5494 2204 5547 δ
2231 5495 2410 5566 ἱερεὺς
2446 5499 2556 5557 τοῖς
2581 5494 3001 5566 ιεράρχαις,καὶ
3022 5497 3126 5566 πρὸ
3155 5498 3271 5566 τῆς.
3293 5499 3546 5566 κρίσεως·
3567 5494 3757 5557 δίηιῖιέ

2180 5563 2339 5617 habet
2368 5563 2528 5618 Joan.
2575 5563 3095 5636 liierOS‘OIymitanus
3153 5563 3215 5619 in'
3249 5563 3515 5622 Joannem
3563 5571 3752 5626 Dama-

2178 5650 2422 5697 seenttm,
2466 5650 2744 5702 exponens
2766 5639 2943 5704 sancti
2987 5636 3501 5704 Stcplmnijunioris
3544 5641 3752 5696 dictum

2179 5705 2305 5779 illud
2339 5705 2389 5755 in
2435 5701 2770 5779 ipsum,_quo
2801 5701 2942 5758 θέἰον
2967 5706 3060 5779 καί
3084 5701 3342 5779 θεοιξὸρον
3376 5717 3536 5761 vocat
3563 5728 3576 5772 ;
3636 5727 3753 5779 qua

2178 5775 2434 5829 nimirum
2466 5776 2692 5844 ιιι-ομνια,
2722 5785 2848 5832 sunt
2876 5776 3188 5844 pontiﬁcum
3209 5816 3221 5839 ,
3254 5775 3376 5841 κᾶν,
3432 5775 3746 5850 inquiunt}
