3968 6438
246 393 384 457 1849
1198 377 1201 380 ’
1295 396 1394 454 ne
1427 395 1849 455 scmsma'rs
1897 397 2415 460 STUDITARUM.
3337 407 3472 469 1350

239 496 501 572 ἐστηκε;
571 503 717 573 Πλὴν
767 503 852 557 ὅτι
903 504 998 557 καὶ
1052 503 1112 557 τὸ
1172 505 1272 574 τῆς
1318 504 1534 572 φύσεως
1602 504 1780 557 πανθά

1912 505 2030 571 quis
2064 505 2259 558 restitit
2290 507 2367 559 ³δῖ
2397 506 2687 571 Caeterum,
2720 507 2847 577 quia
2875 509 3037 563 etiam
3103 519 3308 564 natura:
3353 512 3476 578 jura

241 611 408 667 νομεν
433 633 451 659 ,
521 593 618 647 καὶ
693 592 1010 664 όρφανικῶς
1090 593 1516 664 ἀποδυρόμενοι,
1578 591 1670 645 τὸν
1740 591 1780 644 ὠ

1915 594 2163 649 subimus
2193 592 2327 666 (27),
2348 595 2669 664 pupillorum
2698 612 2850 652 more
2869 597 3231 667 deplorantes,
3263 613 3390 672 vero
3425 607 3482 653 et

240 687 456 759 ἀληθῶς
479 725 497 752 ,
566 686 660 740 καὶ
719 685 968 755 φιλόθεον
994 727 1010 753 ,
1069 687 1166 740 καὶ
1230 685 1543 754 φιλότεκνον
1591 685 1780 755 Πατέρ

1914 682 2010 738 Dei
2057 695 2110 740 et
2149 685 2384 740 filiorum
2453 687 2689 742 amantis
2729 685 2938 753 Patris,
2988 703 3076 743 res
3135 702 3475 744 enarramus.

238 778 632 850 διεξερχόμεθα
650 793 667 810 ο
691 778 783 833 καί
811 795 879 847 γε
920 778 1156 849 μάλιστα
1184 777 1419 848 ὁρῶντες
1441 776 1809 846 καθεκάστην,

239 871 494 941 καθάπερ
571 871 836 940 πετηνοὺς
900 870 1027 931 τοὺς
1083 869 1346 936 ἀδελφοὺς
1394 868 1552 939 ῄμῶν
1616 868 1811 932 ἀλλους

237 961 553 1033 ἀλλαχόθεν,
605 961 730 1024 τοὺς
789 960 887 1031 μὲν
935 959 1189 1028 ἐγγύθεν,
1235 958 1361 1022 τοὺς
1410 959 1468 1013 δὲ
1520 958 1808 1030 πόρρωθεν

235 1053 674 1127 προστρέχοντας
723 1049 806 1121 τῷ
856 1049 1110 1122 πατρικῷ
1168 1051 1325 1121 τάφῳ
1346 1091 1361 1115 ,
1429 1051 1675 1119 ἀμειδετς
1727 1049 1808 1121 τῷ

235 1146 538 1216 προσώπῳ,
569 1143 994 1216 ἑρικνωμένους,
1033 1143 1374 1214 αὐχμηροὺς,
1403 1140 1806 1214 δακρυῤῥοοῦνο

233 1256 358 1305 τας,
402 1235 895 1309 συστρεφομένους,
929 1233 1026 1287 καὶ
1049 1237 1114 1288 ὲκ
1140 1233 1338 1304 βάθους
1366 1233 1766 1304 ποτνιωμένους
1786 1247 1804 1266 ο

232 1332 312 1395 ὥς
343 1331 438 1385 καὶ
476 1316 739 1398 ὲξάὐτῆς
769 1325 947 1391 ὅψεως
978 1325 1345 1396 γνωρίζεσθαι
1386 1326 1522 1379 πᾶσι
1555 1325 1646 1378 τὸν
1678 1323 1804 1394 τρό-

232 1439 372 1478 πον·
405 1420 543 1476 ἀλλά
573 1419 679 1492 μὴν
711 1420 804 1472 καὶ
839 1417 1058 1488 ἑτέρους
1101 1416 1350 1478 πλείονας
1380 1415 1489 1468 τῶν
1518 1413 1802 1484 πατρικῶν

231 1511 686 1569 ἀπολελαυκότων
715 1508 1043 1578 εὐεργεσιῶν
1094 1505 1212 1560 κατ’
1247 1505 1556 1576 ἀμφότερα.
1611 1503 1800 1574 Ὑμεῖς

229 1606 310 1669 δὲ,
343 1598 389 1658 ὧ
418 1600 854 1673 μακαριώτατοι,
888 1599 954 1651 τά
989 1597 1081 1651 ἴσα
1112 1600 1160 1650 εἰ
1193 1598 1290 1650 καὶ
1320 1595 1540 1648 πλείονα
1570 1594 1796 1659 εἴποιτε,

228 1697 306 1760 ὠς
343 1691 762 1762 ἀπολειφθέντες
808 1693 902 1743 καὶ
943 1692 1041 1758 τῆς
1089 1689 1182 1741 ἐπὶ
1227 1691 1293 1757 τῇ
1336 1686 1665 1756 μεταστάσει
1701 1684 1797 1739 τοῦ

1916 772 2060 830 Sane
2087 776 2172 831 vel
2211 775 2470 842 maxime,
2508 792 2630 832 eum
2675 777 2773 832 ceu
2808 777 3071 843 avieulas,
3134 778 3329 834 fratres
3378 793 3476 833 no-

1911 875 2080 932 stros,
2108 868 2244 923 alios
2275 869 2544 940 aliosque,
2563 887 2629 923 ex
2661 871 2782 925 aliis
2813 870 3044 940 aliisque
3070 871 3474 941 prepinquiori-

1910 959 2014 1015 bus
2032 974 2095 1014 ac
2120 960 2506 1016 remotioribus
2537 960 2692 1026 locis,
2715 963 2779 1015 ad
2812 973 3097 1032 paternum
3157 964 3467 1032 sepulcrum

1908 1061 2278 1116 aecurrentes,
2311 1053 2364 1106 in
2399 1053 2515 1108 dies
2543 1053 2848 1119 videamus,
2872 1053 3026 1108 vultu
3061 1054 3338 1120 tetricoso,
3367 1055 3474 1108 im-

1909 1143 2141 1199 maniter
2169 1144 2394 1199 amictos
2418 1160 2484 1201 ac
2515 1145 2696 1200 tristes
2730 1146 2866 1217 (28).
2911 1147 3223 1217 squalidos,
3296 1149 3473 1217 laery-

1906 1237 2012 1292 mis
2044 1237 2387 1304 difﬂuentes,
2446 1253 2567 1294 sese
2631 1249 3086 1308 contorquentes,
3131 1256 3306 1310 exque
3361 1243 3473 1297 imo

1905 1339 2126 1399 pectore
2157 1339 2457 1400 gementes,
2487 1339 2548 1384 ut
2579 1332 2662 1385 vel
2703 1348 2769 1386 ex
2822 1331 2946 1401 ipso
2991 1343 3239 1404 aspectu,
3274 1335 3465 1404 quivis

1903 1421 2088 1476 statim
2143 1431 2405 1492 agnoscat
2461 1421 2736 1477 aﬂ‘eetum.
2786 1423 2928 1488 Quin
2976 1432 3029 1478 et
3080 1424 3220 1479 alios
3266 1424 3468 1494 plures.

1901 1511 1997 1579 qui
2033 1510 2087 1566 in
2136 1519 2368 1581 utroque
2413 1523 2637 1581 paterna
2695 1512 2956 1568 beneficia
3012 1513 3289 1568 consecuti
3337 1512 3468 1566 sint.

1903 1602 2011 1658 Vos
2043 1617 2227 1672 porro,
2267 1603 2592 1668 beatissimi,
2622 1604 2833 1666 eadem,
2873 1620 2939 1658 ac
2969 1604 3033 1659 iis
3065 1605 3221 1672 plura
3265 1603 3469 1658 dixeri-

1903 1692 1992 1757 tis,
2024 1693 2128 1748 hoc
2152 1694 2217 1748 ad
2253 1693 2355 1747 alia
2397 1693 2763 1763 deplorantes,
2806 1694 2950 1763 quod
2989 1694 3061 1749 sit
3091 1703 3368 1760 negatum,
3412 1703 3471 1747 ut

226 1786 604 1857 παμμάκαρος
659 1780 921 1849 αύτοψίας
947 1818 963 1843 .
1031 1780 1124 1833 καὶ
1185 1779 1606 1848 ἀποκλαιόμενοι
1631 1817 1646 1843 ,
1705 1778 1780 1830 κα¹

1902 1789 1983 1837 ter
2013 1783 2154 1838 beati
2187 1785 2286 1838 viri
2312 1785 2565 1839 transilui
2599 1794 2893 1854 praesentes
2915 1785 3124 1839 essetis.
3154 1785 3467 1851 Enimvero,

224 1852 646 1947 ἀποδυρόμενοι.
704 1871 830 1926 AM’
863 1865 956 1924 οὖν
984 1870 1074 1922 διὰ
1121 1869 1231 1922 τῶν
1267 1867 1662 1932 ἀκουσθέντων,
1702 1867 1780 1921 κα¹

1899 1873 2275 1940 consolamini,
2303 1889 2398 1944 per
2419 1889 2481 1929 ea
2513 1889 2633 1944 qua:
2665 1875 2895 1930 audistis
2938 1883 2992 1929 et
3019 1877 3275 1944 speratis,
3308 1874 3468 1928 refri-

221 1967 598 2038 ὲλπιζομένων
661 1961 1089 2034 παρηγορήθητε
1145 1959 1241 2014 καὶ
1288 1958 1625 2024 ἀναψύξατι,
1703 1958 1797 2012 καὶ

223 2060 365 2130 πρὸς
384 2058 446 2112 τδ
471 2056 596 2126 ἑξῆς
628 2055 816 2124 ἔχεσθε
847 2053 946 2106 τοῦ
977 2051 1142 2106 καλοῦ
1176 2051 1330 2119 ὑμῶν
1345 2049 1549 2122 δρόμου
1582 2049 1795 2117 ἀνολιγ-

217 2151 416 2222 ώρως·
456 2150 741 2218 εὐχόμενοι
775 2146 883 2213 xuii
912 2145 1052 2214 ὑπὲρ
1093 2144 1191 2214 τῆς
1217 2141 1597 2204 ταπεινώσεως
1636 2143 1792 2211 ἡμῶν

219 2239 606 2302 ἀδιαλείπτως,
657 2239 778 2290 ἐπεὶ
825 2235 920 2288 καὶ
959 2236 1118 2305 ἡμεῖς
1161 2233 1301 2304 ὑπὲρ
1349 2231 1448 2302 τῆς
1483 2232 1792 2302 τιμιότητος

220 2331 381 2402 ὑμῶν
402 2370 417 2396 ,
457 2331 507 2382 εί
540 2330 637 2383 καὶ
658 2325 970 2396 τολμηρῶς.
1003 2326 1190 2378 Πᾶσαν
1221 2321 1376 2394 ὑμῶν
1405 2323 1503 2390 τὴν
1543 2321 1788 2375 συνοδίαν

221 2425 363 2496 μιτά
419 2425 514 2478 καὶ
556 2422 665 2478 τῶν
708 2419 910 2493 λοιπῶν
955 2417 1265 2484 ἀδελφικῶς
1314 2415 1794 2486 προσαγορεύομεν

216 2519 287 2573 δι’
318 2517 493 2588 ὑμῶν.
529 2517 592 2568 Οἱ
628 2517 723 2567 σὺν
755 2514 908 2583 ἡμῖν,
941 2511 1170 2564 πλεῖστα
1193 2509 1657 2580 προσαγορεύουσι
1694 2507 1794 2560 τὶην

218 2609 532 2681 ἁγιωσύνην
572 2605 746 2678 ὑμῶν.

289 2747 338 2780 ³⁵
369 2743 526 2799 Boni.
562 2758 638 2808 ιι,
677 2740 761 2796 l9.

1895 1963 2152 2032 gerioque
2176 1964 2403 2029 aiacres,
2437 1965 2707 2033 reliquum
2746 1965 2947 2018 bonum
2974 1980 3192 2020 cursum
3224 1973 3465 2019 vestrum

1897 2053 2128 2123 impigre
2157 2056 2546 2124 prosequimini
2577 2072 2590 2108 :
2624 2056 2789 2110 etiam
2831 2054 3200 2110 indesinenter
3237 2071 3336 2125 pro
3365 2070 3466 2108 no-

1892 2153 2002 2198 stra
2033 2145 2337 2200 humilitate
2365 2156 2670 2216 precantes,
2699 2145 2921 2218 quando
2950 2156 3004 2201 et
3025 2163 3125 2202 nos
3151 2161 3250 2216 pro
3283 2147 3465 2200 hono-

1893 2233 2058 2288 randa
2097 2245 2274 2288 vestra
2301 2236 2566 2290 eharitate
2600 2256 2612 2291 :
2652 2252 2967 2305 quanquam
2998 2237 3247 2291 videatur
3279 2238 3331 2291 id
3363 2251 3464 2289 au-

1895 2321 2207 2379 daciuscule
2233 2325 2434 2379 dictum
2459 2341 2475 2377 :
2499 2325 2600 2379 Per
2627 2343 2743 2390 vos,
2770 2328 3007 2383 fraterne
3028 2329 3205 2384 saluto
3221 2339 3462 2384 vestrum

1895 2430 2114 2469 omnem
2171 2404 2496 2470 conventum
2540 2429 2664 2469 cum
2716 2418 2962 2486 reliquis.
3018 2419 3120 2485 Qui
3175 2418 3460 2473 nobiseum

1895 2517 2025 2562 sunt
2089 2506 2285 2563 fratres
2335 2507 2629 2577 plurimum
2684 2510 2922 2564 salutant
2975 2511 3319 2566 sanctitatem
3375 2525 3459 2565 ve-

1895 2609 2084 2656 stram.

304 2898 3414 2926 ___________________________________________._

928 3051 1011 3112 IN
1054 3026 1682 3117 SUBSEQUENTEM
1732 3042 2730 3105 NABRATIONEMMONITUM.

285 3194 367 3248 Ad
399 3207 514 3248 rem
545 3193 864 3250 canonicam
897 3193 1053 3249 valde
1084 3192 1318 3263 pertinet
1366 3191 1609 3246 narratio
1667 3187 1911 3265 quaedam
1957 3186 2166 3241 rlissidii
2212 3187 2297 3241 vel
2349 3187 2533 3256 potius
2571 3186 2882 3243 schismatis
2915 3185 3186 3241 Theodori
3230 3183 3454 3238 Studitze

213 3297 242 3336 a
275 3281 494 3335 duabus
525 3281 849 3350 patriarchis
885 3279 1113 3336 Tarasio
1132 3290 1186 3335 et
1221 3280 1561 3349 Nicephoro,
1589 3279 1730 3347 quod
1766 3293 1797 3331 a
1837 3275 2015 3329 Studii
2056 3275 2249 3330 deinde
2307 3276 2590 3330 monachis
2649 3275 2811 3344 paulo
2864 3273 3030 3328 ditius
3074 3273 3451 3328 continuatum

213 3367 339 3424 fuit.
371 3366 448 3421 Ea
479 3381 603 3421 cum
635 3367 770 3421 mihi
798 3376 1088 3437 conspecta
1124 3365 1286 3421 fuerit
1314 3368 1368 3420 in
1408 3365 1541 3420 Cod.
1581 3365 1697 3418 Vat.
1732 3363 1956 3433 praecisa
1988 3364 2280 3420 admodum
2317 3373 2370 3418 et
2402 3364 2536 3418 satis
2563 3362 2732 3428 utilis,
2774 3361 2901 3417 nolo
2924 3361 3174 3416 fraudare
3196 3361 3448 3427 lectores,

213 3470 368 3511 meos
395 3455 463 3509 de
493 3454 596 3508 hac
627 3454 1008 3509 ecclesiasticae
1028 3454 1268 3509 historiae
1298 3453 1582 3523 particula.
1615 3480 1683 3492 -—-
1711 3451 1844 3504 Anc.
1881 3448 1987 3504 MAI
2019 3449 2269 3522 Spicileg.
2306 3449 2462 3504 Rom.
2505 3460 2542 3505 t.
2582 3449 2695 3516 νη,
2730 3466 2785 3519 p.
2827 3466 2978 3504 ιιιι.

211 3673 355 3742 Περὶ
397 3669 690 3740 Ταρασιου
717 3669 813 3723 καὶ
836 3670 1176 3748 Νικηφόρον
1209 3668 1421 3724 τῶνὲν
1453 3672 1643 3741 ἁγίοις
1666 3688 1777 3726 πα·-
1804 3681 1847 3738 c

830 3755 1141 3807 τριαρχων.

282 3855 409 3909 Ὅτι
438 3855 710 3926 Ταράσιος
755 3855 848 3906 καὶ
886 3854 1198 3923 Νικηφόρος
1232 3855 1281 3906 οἱ
1312 3854 1544 3924 ἀοίδιμοι
1585 3872 1779 3925 πατρι-

213 3948 384 4018 άρχαι
455 3946 766 4014 οἰκονομίας
827 3943 979 4007 τινὰς
1041 3946 1353 4011 ἀναγκαίοις
1411 3948 1773 4018 ἐποιήσαντο,

207 4036 278 4090 δι’
312 4035 380 4097 ἃς
408 4035 503 4088 καὶ
532 4035 826 4107 ἀπέσχισεν
851 4035 1128 4090 ἐαυτδνὲκ
1166 4037 1267 4107 τῆς
1318 4037 1523 4091 τούτων
1579 4053 1772 4092 κοινω-

206 4129 326 4191 νίας
365 4129 394 4180 ὁ
434 4129 493 4180 ἒν
546 4127 721 4194 ἁγίοις
776 4127 1052 4198 Θεόδωρος
1109 4130 1136 4180 ὁ
1186 4129 1498 4200 Στουδίτης,
1542 4129 1617 4193 ὼς
1673 4131 1770 4201 ἤδη

207 4215 676 4288 παρεδηλώσαμεν
700 4233 714 4248 ο
779 4218 1026 4288 βούλεται
1060 4215 1152 4273 οὖν
1200 4221 1229 4272 ό
1257 4218 1413 4287 λόγος
1445 4219 1649 4282 ταύτας
1695 4221 1768 4273 δι-

203 4308 536 4381 ηγήσασθαι.
578 4309 636 4361 '0
690 4309 800 4380 γὰρ
831 4310 1082 4380 βασιλεὺς
1130 4312 1554 4377 Κωνσταντίνος,
1603 4313 1630 4364 ὁ
1675 4311 1772 4380 τῆς

2005 3670 2080 3724 De
2107 3671 2303 3724 sanctis
2334 3670 2650 3737 patriarchis
2679 3668 2897 3723 Tarasio
2920 3679 2971 3722 et
2999 3669 3054 3723 Ν
3059 3672 3321 3740 icephoro.

1955 3855 2287 3909 Patriarcha:
2325 3852 2566 3908 celebres
2599 3851 2860 3906 Tarasius
2910 3860 3072 3921 atque
3107 3851 3446 3923 Nicephorus

1882 3942 2318 4011 dispensationes
2355 3941 2619 4010 quasdam
2670 3940 2934 4005 fecerunt,
2996 3958 3229 4011 quarum
3276 3959 3442 3998 causa

1890 4034 2163 4104 separavit
2194 4046 2253 4086 se
2283 4032 2351 4086 ab
2385 4032 2602 4085 illorum
2622 4032 3003 4088 communione
3032 4045 3251 4090 sanctus
3269 4035 3444 4090 Theo-

1879 4127 2046 4180 dorus
2075 4115 2314 4186 Studita,
2357 4132 2417 4178 ut
2454 4123 2566 4192 jam
2619 4123 3065 4193 significavimus.
3116 4125 3217 4182 Rei
3280 4127 3442 4198 igitur

1881 4214 2110 4268 historia
2160 4197 2444 4284 pandenda
2502 4224 2605 4267 est.
2662 4212 2962 4281 Imperator
3024 4197 3440 4280 Constantinus,

1880 4307 2146 4378 religiosa
2192 4306 2372 4360 trenes
2395 4306 2557 4372 filius,
2588 4321 2759 4359 uxore
2791 4320 2888 4361 sua
2911 4305 3102 4375 ejecta,
3127 4289 3180 4361 et
3203 4308 3439 4376 pervim

1726 4403 1956 4461 NOTAE.

202 4521 563 4594 κεχρισμένος
590 4516 658 4594 ἦν
688 4520 1096 4591 ἀρχιερωσύνης
1113 4521 1507 4594 τῷ-χρίσματιῄ
1525 4521 1602 4576 sic
1624 4521 1768 4576 enim

202 4590 472 4665 ega'cu‘m‘
490 4590 598 4645 "ms.
619 4590 926 4665 iungerem,
951 4607 1070 4665 non
1098 4590 1170 4665 ιιλιί
1198 4590 1403 4665 hab?“
1446 4591 1612 4665 edit",
1640 4607 1767 4665 ἕψῃ

203 4659 562 4733 ιὲιιιιθιιιίῢυε
619 4659 686 4733 de
712 4659 1023 4733 fmartyrio,
1061 4661 1143 4733 ad
1177 4660 1332 4730 quod
1357 4660 1594 4733 chrisma
1639 4661 1768 4733 illud

206 4729 527 4799 pontificum
573 4730 942 4784 accidentario
985 4729 1165 4792 habet,
1211 4731 1487 4783 communi
1521 4730 1766 4798 martyrii

205 4805 392 4858 laurea
433 4802 581 4853 omni
627 4800 906 4853 hominum
937 4800 1104 4852 statui
1133 4808 1186 4852 et
1213 4799 1420 4863 ordini;
1454 4800 1553 4853 nec
1588 4801 1767 4853 minus

179 4874 270 4942 .ad
299 4884 491 4925 omnes
531 4868 783 4929 habente,
813 4883 977 4942 quam
1009 4868 1205 4942 habeat
1230 4868 1431 4922 Christi
1460 4867 1762 4942 eharitas,ta

243 4957 310 4996 ua
355 4950 460 5004 est,
499 4947 560 4992 ut
627 4937 944 5009 martyrium
987 4937 1090 5002 sit;
1146 4947 1406 5009 operante
1459 4939 1515 5009 in
1563 4952 1657 5009 eo,
1691 4946 1767 5009 _ut

243 4957 310 4996 ua
355 4957 460 5004 εει,
500 4957 560 4992 ιιι
627 4957 944 5009 martyrium
987 4957 1090 5002 Sil;
1146 4957 1406 5006 operante
1463 4957 1515 4991 Ill
1563 4957 1657 5000 80,
1707 4957 1763 4991 ιιι

202 4957 406 5074 ἓιιτίειί
435 5009 688 5078 passione
714 5023 808 5078 per
836 5005 1418 5078 imitationeni'operis,
1457 5006 1530 5059 ita
1561 5006 1763 5078 Spiritu

202 5092 395 5132 saneto
420 5075 512 5145 per
539 5076 880 5143 potissimum
908 5075 1213 5130 dilectionis
1239 5075 1508 5145 all'ectum,
1535 5085 1584 5145 ut
1633 5077 1767 5131 scite

201 5148 396 5201 doctor
423 5144 636 5214 noster
680 5146 957 5214 angelit-us
985 5145 1036 5198 5.
1080 5161 1130 5212 ιι.
1161 5162 1217 5212 q.
1248 5144 1335 5198 66.
1369 5161 1399 5197 a
1430 5145 1517 5198 12.
1542 5144 1658 5198 Non
1686 5148 1764 5200 sic

201 5216 282 5280 τὸ,
335 5213 594 5283 θεοφόρον
675 5213 775 5268 δρᾶ
815 5217 878 5269 iis
915 5215 1058 5266 velut
1096 5216 1371 5284 proprium
1422 5224 1524 5280 est,
1565 5216 1763 5284 quibus

201 5285 495 5354 Apostolus
515 5284 816 5337 doctrinam
859 5293 917 5336 ut
969 5283 1240 5352 propriam
1284 5285 1468 5337 tribuit
1515 5305 1527 5338 :
1574 5283 1765 5354 nempe

202 5353 512 5422 paStoribus
540 5362 592 5406 et
620 5354 889 5422 episcopis
923 5371 934 5404 :
963 5369 1101 5423 quos
1127 5362 1376 5422 Oporteat
1418 5354 1484 5423 ab
1531 5355 1642 5422 ipsa
1677 5353 1766 5408 ra-

204 5425 350 5477 tioue
377 5423 537 5476 ollieii
577 5438 696 5476 ρειδο
742 5424 848 5476 Deo
874 5422 1101 5486 amatos,
1135 5439 1199 5476 ac
1244 5438 1340 5476 ceu
1385 5422 1599 5477 amante
1655 5423 1764 5479 Dco

202 5494 398 5547 docere
422 5491 691 5560 subjectas
724 5494 924 5561 plebes;
957 5504 1013 5546 ut
1036 5492 1127 5546 alii
1149 5506 1372 5554 omnes,
1410 5496 1452 5548 si
1467 5510 1522 5546 ve
1566 5492 1764 5551 Dama:

203 5577 422 5626 scenus,
441 5563 903 5630 siveffheodorus,
927 5563 1038 5616 sive
1065 5563 1348 5625 Maximus,
1379 5572 1472 5618 aut
1493 5564 1760 5630 Ephrzem,

202 5643 515 5702 nosterque
540 5629 924 5700 Hieronymus.
955 5648 1019 5685 ac
1047 5642 1314 5700 quotquot
1337 5649 1442 5686 non
1495 5635 1755 5702 episcopi,

202 5716 326 5756 vere
359 5701 606 5771 θεοφόροι
641 5711 693 5754 et
719 5702 816 5770 ipsi
844 5702 1080 5764 fuerunt,
1137 5704 1278 5755 velut
1321 5701 1552 5770 quadam
1591 5705 1753 5771 parti-

199 5771 475 5841 cipatione
522 5773 812 5839 pastoralis
840 5772 984 5826 illius
1043 5772 1287 5841 spiritus,
1335 5773 1599 5841 ejusmodi
1636 5773 1753 5828 fuc-

202 5839 310 5896 riut
349 5859 364 5897 :
400 5841 544 5896 velut
569 5842 812 5899 seniores
841 5841 1041 5913 quibus
1071 5839 1330 5898 Dominus
1364 5839 1428 5898 de
1450 5843 1613 5900 Mosis
1642 5845 1752 5913 spi-

1871 4520 1999 4580 rittt,
2040 4517 2283 4572 subsidio
2307 4517 2479 4571 eidem
2505 4515 2721 4577 futuris,
2748 4514 2978 4570 dederit.

1941 4590 2054 4655 (27)
2087 4589 2222 4650 Ouia
2277 4598 2324 4641 et
2373 4596 2618 4640 naturam
2655 4586 2938 4655 discimus,
2982 4583 3041 4636 τὸ
3081 4583 3179 4655 τῆς
3208 4584 3429 4655 φύσεως

1869 4653 2228 4736 πανθάνομνεν.
2244 4657 2400 4736 Velut
2419 4657 2583 4736 dicat,
2600 4653 3029 4736 ofﬁciornaturaz
3044 4653 3430 4736 afer-tionibus,

1868 4744 1929 4782 ne
1950 4724 2237 4796 praesentit)
2261 4730 2309 4779 in
2350 4728 2433 4780 his
2464 4724 2724 4786 adversis,
2745 4733 2798 4777 et
2824 4725 3096 4796 communi
3122 4724 3430 4796 afﬂictione,

1865 4793 2011 4866 quod
2037 4807 2117 4850 est
2147 4797 2401 4858 hominis,
2438 4809 2753 4866 quanquam
2787 4793 3122 4866 propositum
3145 4794 3309 4866 animi
3329 4809 3430 4866 su-

1867 4860 2032 4921 blime
2080 4875 2163 4919 est
2185 4907 2199 4932 ,
2228 4881 2292 4920 ac
2336 4866 2400 4918 ad
2432 4860 2673 4920 sanetam
2703 4860 3148 4932 illatndndesuzv
3179 4863 3426 4932 impellit.

1791 4919 1843 4978 D
1871 4919 2081 4990 Simiiia
2110 4919 2222 4989 fer'e
2257 4919 2452 5003 Sulpit.
2485 4935 2551 4988 de
2571 4933 2825 5002 lacrymis
2858 4931 2909 4984 in
2933 4930 3083 4984 obitu
3117 4919 3429 5003 beati'Marf

1872 5007 1998 5071 tini;
2025 5021 2123 5060 nee
2143 5001 2590 5073 vero.Apostolus
2611 5001 2702 5055 eas
2729 5003 3000 5073 lacrymas
3031 5001 3299 5068 prohibet,
3331 5002 3426 5073 sed

1870 5070 2206 5149 qualessunt
2235 5070 2422 5149 eorum
2453 5075 2546 5144 qui
2570 5087 2718 5141 spem
2756 5070 2864 5125 non
2903 5070 3254 5149 tiaberit,"atit
3285 5071 3428 5149 velut

1872 5139 1976 5198 non
2004 5145 2263 5199 haberent
2287 5139 2740 5210 minus'eastigate
2761 5149 2816 5196 et
2837 5139 3101 5210 modestia
3116 5139 3422 5192 Christiana

1871 5216 2237 5285 Iaerymautur
2277 5223 2332 5268 et
2363 5208 2748 5285 lamentantur,
2791 5211 2937 5264 velut
2975 5208 3116 5262 facto
3166 5218 3423 5285 negantes

1871 5278 2326 5357 resurrectionem
2367 5284 2461 5357 :__in
2491 5298 2634 5357 quos
2666 5282 3129 5357 9hrysostomus,_
3165 5279 3325 5357 hom.
3352 5278 3413 5330 2|

1868 5354 1922 5408 in
1954 5356 2111 5416 Acta,
2143 5363 2196 5408 et
2223 5355 2248 5408 ι
2279 5354 2331 5406 in
2367 5347 2537 5422 Epist.
2572 5353 2636 5405 ad
2666 5347 2829 5405 Hebr.
2857 5349 2944 5402 tibi
2977 5358 3029 5400 et
3067 5347 3420 5422 Adivinissime

1867 5433 2106 5486 enarrat,
2141 5424 2287 5492 quod
2333 5418 2569 5477 Ecclesia
2602 5423 2749 5475 velut
2791 5418 3245 5492 resurrectionem
3283 5431 3422 5483 pra!-

1865 5495 2054 5565 dicans
2081 5496 2132 5546 in
2155 5489 2387 5565 fidelium:
2413 5492 2705 5565 exsequiis,
2727 5489 3111 5565 suavissimum
3135 5493 3416 5565 personat:

1866 5563 2192 5628 Convertere,
2207 5564 2406 5626 anima,
2425 5563 2477 5615 in
2494 5555 2720 5632 requiem
2740 5574 2882 5613 tuam
2895 5599 2909 5626 ,
2923 5557 3046 5627 quia
3065 5555 3316 5607 Dominus
3331 5555 3417 5606 be-

1864 5636 2047 5699 nefecit
2075 5635 2187 5686 tibi.

1933 5691 2043 5774 (‘28)
2087 5703 2392 5774 Intlltattilcrr
2418 5701 2645 5774 afﬂictos
2677 5719 2738 5754 ac
2769 5703 2968 5774 tristes,
2993 5691 3412 5774 ὲρικνωμένους.

1860 5762 1980 5840 Οιίο
2001 5762 2163 5843 sensu
2184 5762 2584 5843 llesycliiti"'l‘o,
2610 5772 2925 5842 κνωμένων,
2944 5762 3036 5824 est
3046 5762 3410 5833 πονουμένων.

1858 5856 1910 5900 ct
1934 5845 2011 5911 τὸ,
2040 5842 2536 5913 κνῆσαι,⁷λυπῆσαι.
