3968 6446
536 369 666 435 1851

1951 381 2352 444 ΑΡΡΕΝΒΙΧ.

3632 379 3771 443 1852

529 494 715 550 tonsa,
745 486 907 541 aliam
939 488 1369 546 subintroduxit.
1399 489 1465 544 Et
1493 499 1716 546 sanctus
1744 491 1962 561 quidem
1988 491 2091 547 Ta-

2199 496 2546 568 φιλοχρίστου
2591 494 2828 564 Εἰρήνης
2875 491 3010 559 υἱὸς,
3059 491 3155 562 τὴν
3183 489 3376 544 ἑαυτοῦ
3411 487 3642 558 σύμϐιον
3680 490 3766 553 ἐξ·

528 576 729 642 rasius,
759 578 853 645 qui
889 585 1020 632 tunc
1049 579 1312 648 temporis
1339 577 1964 649 Constantinopolitanae
1994 579 2095 634 Ee-

527 665 707 719 clesia:
728 666 938 719 clavum
975 668 1386 732 moderabatur,
1423 683 1646 737 prorsus
1669 685 1774 723 uon
1794 670 2092 734 consensit;

530 756 625 811 sed
650 757 892 811 ecclesia:
920 758 1202 828 presbyter
1237 759 1483 829 quidam,
1532 760 1753 814 nomine
1799 759 2092 830 Josephus,

528 846 650 900 illos
678 849 979 901 coronavit.
1017 847 1059 900 Τ
1067 864 1171 903 unc
1207 864 1336 918 ergo
1366 864 1594 920 magnus
1633 848 1956 906 Theodorus
1995 852 2094 904 im-

525 945 832 1006 peratorem
868 938 1052 992 divino
1081 939 1197 992 zelo
1230 950 1538 994 commotus
1573 943 2087 1006 excommunicavit,

525 1039 579 1083 et
617 1044 715 1083 ceu
744 1031 983 1098 graviter
1009 1039 1198 1085 contra
1228 1031 1318 1100 jus
1344 1041 1592 1100 agentem
1633 1032 1931 1101 redarguit,
1969 1035 2092 1089 aliis

525 1120 714 1174 multis
752 1123 1085 1190 prepositum
1116 1123 1235 1191 ejus
1283 1123 1570 1191 zelumque
1593 1125 1926 1178 sectantibus
1964 1143 1976 1177 :
2017 1126 2092 1179 si-

525 1212 748 1280 mulque
803 1214 1073 1281 separavit
1105 1229 1162 1267 se
1211 1213 1278 1268 ab
1304 1212 1547 1268 Ecclesia
1581 1223 1634 1267 et
1676 1230 1704 1267 a
1746 1218 2090 1286 patriarcha;

525 1303 653 1371 quia
698 1304 909 1358 etiamsi
954 1305 1158 1374 nuptiis
1203 1305 1405 1359 illicitis
1449 1321 1554 1360 non
1602 1318 1954 1364 consenserat
1995 1325 2091 1378 pa-

525 1387 785 1460 triarcha,
813 1396 954 1450 haud
994 1405 1172 1449 tamen
1206 1405 1395 1449 contra
1419 1396 1610 1461 iverat,
1644 1415 1817 1468 neque
1845 1401 2088 1453 divinum

526 1487 700 1539 zelum
741 1487 1000 1542 adversus
1032 1490 1408 1557 imperatorem
1453 1493 1584 1544 tanti
1613 1491 1795 1561 flagitii
1821 1508 1971 1546 reum
1995 1507 2091 1546 ex-

525 1579 886 1647 prompserat.
919 1577 1023 1633 Sed
1054 1591 1339 1650 postquam
1375 1582 1484 1637 Deo
1528 1583 1740 1638 vindice
1773 1583 2090 1637 Constanti-

513 1669 631 1724 'nus
667 1681 969 1725 excaecatus
1023 1671 1146 1737 fuit,
1177 1684 1230 1726 et
1286 1674 1447 1742 hujus
1488 1690 1705 1744 quoque
1741 1683 1912 1729 mater
1939 1675 2116 1730 lrene'

527 1760 756 1828 imperio
784 1763 1002 1826 excidit,
1057 1763 1102 1818 is
1135 1764 1225 1832 qui
1260 1764 1398 1818 hanc
1455 1766 1670 1820 insidiis
1717 1769 2089 1821 exauctoravit

525 1846 868 1918 Nicephorus
914 1862 1127 1921 sceptro
1177 1854 1402 1922 potitus,
1455 1854 1597 1910 inter
1648 1856 1753 1910 alia
1803 1871 2086 1926 perperam

526 1949 854 2009 perpetrata,
895 1958 1114 2012 operam
1164 1945 1312 1997 dedit
1364 1952 1422 1998 ut
1463 1946 1754 2013 praedictus
1806 1949 2090 2018 presbyter

526 2025 816 2095 Iosephus,
851 2029 962 2098 jam
996 2033 1168 2087 sacris
1187 2036 1465 2098 exclusus,
1506 2051 1698 2090 rursus
1721 2036 1774 2090 in
1800 2038 2088 2091 ecclesiam

528 2118 883 2186 reciperetur.
911 2120 1048 2175 Tum
1077 2135 1296 2180 sanctus
1329 2125 1692 2195 Nieephorus,
1739 2129 1938 2181 mortui
1977 2129 2088 2197 jam

528 2207 739 2262 Tarasii
769 2226 1078 2279 successor,
1119 2215 1411 2285 Nicephori
1449 2218 1794 2287 imperatoris
1823 2222 2090 2274 voluntati

527 2301 933 2366 condescendit,
959 2313 1012 2358 et
1045 2305 1343 2375 Josephum
1373 2309 1615 2362 admisit.
1672 2309 1844 2375 Quam
1875 2311 1944 2363 ob
1979 2327 2090 2365 rem

529 2404 724 2444 rursus
767 2407 995 2460 magnus
1032 2394 1354 2451 Theodorus
1390 2399 1458 2451 ah
1503 2399 1668 2466 hujus
1698 2415 1912 2469 quoque
1943 2415 2094 2454 eom-

531 2483 790 2537 munione
830 2494 1002 2538 semet
1042 2491 1293 2542 secrevit.
1344 2489 1410 2544 Et
1457 2492 1675 2559 quidem
1713 2493 1825 2559 jam
1859 2493 1982 2547 inde
2025 2495 2094 2548 ab

532 2571 688 2625 initio
732 2586 955 2630 sanctus
1003 2577 1322 2634 Theodorus
1386 2582 1729 2650 iniquitatetu
1787 2583 1931 2636 illam
1984 2600 2092 2638 non

535 2664 774 2730 tulerat;
826 2683 1139 2738 quanquam
1196 2671 1588 2728 Constantinus
1638 2675 1935 2743 imperator
1983 2692 2097 2730 mu-

533 2770 661 2808 nera
727 2771 944 2826 quoque
997 2760 1288 2828 obtulerat,
1342 2778 1574 2832 eumque
1625 2766 1848 2821 omnino
1883 2768 2098 2836 placare

532 2855 799 2914 sategerat
821 2858 932 2902 tum
962 2853 1074 2918 ipse
1095 2867 1188 2920 per
1207 2867 1284 2915 se,
1312 2862 1423 2906 tum
1441 2868 1534 2921 per
1560 2855 1785 2918 alios,et
1811 2872 1905 2926 per
1924 2858 2096 2925 ipsam

533 2934 768 3004 denique
796 2936 1132 3007 illegitimam
1171 2941 1485 3009 conjugem,
1519 2959 1640 3010 quae
1662 2943 1952 3000 Theodoro
1982 2957 2098 3001 erat

532 3026 708 3082 affinis
745 3047 757 3082 :
796 3046 972 3099 neque
1002 3032 1152 3095 item,
1188 3036 1510 3103 gravissima
1551 3039 1619 3091 ab
1647 3039 1737 3092 illo
1780 3055 2096 3108 perpessus,

2198 588 2364 653 ὡσας,
2386 588 2480 640 καὶ
2497 586 2797 654 ἀποκείρας
2813 586 3051 639 ἄκουσαν
3070 584 3162 636 καὶ
3176 584 3249 652 μὴ
3275 581 3628 652 βουλομένην,
3650 581 3767 632 ἐτέ-

2201 699 2299 752 ραν
2330 681 2441 732 ἀντ’
2463 679 2632 746 αὐτῆς
2659 678 2898 746 ἠγάγετο
2923 692 2935 706 ⁸
2962 676 3064 728 καὶ
3084 677 3110 726 6
3143 675 3240 743 μὲν
3291 673 3446 741 ἅγιος
3489 672 3766 741 Ταράσιος

2203 765 2376 840 (οὗτος
2407 769 2514 839 γάρ
2536 765 2605 839 ἦν
2629 767 2930 838 τηνικαῦτα
2957 766 3084 828 τοὺς
3109 765 3300 825 οἴακας
3337 763 3530 816 ἰθύνων
3582 761 3688 830 τῆς
3712 762 3766 812 ὲν

2197 858 2773 914 Κωνσταντινουπὸλει
2819 856 3167 924 Ἐκκλησίας.
3203 855 3339 916 ὅλως
3364 856 3443 915 είς
3489 851 3652 904 τοῦτο
3703 850 3763 902 ού

2197 952 2587 1019 συνευδόκησεν
2608 966 2622 982 ’
2651 949 2785 1002 ἀλλά
2803 945 3172 1017 πρεσδύτερὸς
3201 962 3285 1006 τις
3307 947 3406 1013 τῆς
3435 941 3765 1008 Ἐκκλησω

2195 1045 2367 1114 δνομα
2413 1043 2632 1112 Ἰωσὴφ,
2660 1039 3036 1107 ἐστεφάνωσεν
3066 1035 3261 1097 αὐτούς
3293 1051 3306 1064 ⁸
3339 1037 3463 1086 τότε
3521 1033 3704 1084 τοίνυν
3737 1033 3764 1082 6

2199 1135 2368 1204 μέγας
2405 1133 2676 1202 Θεόδωρος
2702 1131 2790 1183 τὸν
2827 1128 3049 1198 βασιλέα
3080 1127 3178 1196 μὲν
3215 1124 3565 1195 ἀπεκήρυξεν
3618 1124 3766 1192 ζήλῳ

2195 1226 2323 1295 θείῳ
2353 1224 2501 1277 κινού
2512 1222 2803 1291 μενος,καὶ
2831 1222 2906 1283 ὡς
2931 1221 2991 1272 ού
3026 1218 3260 1288 μετρίως
3289 1216 3764 1284 παρανομήσαντα

2195 1316 2443 1386 ἤλεγξεν,
2482 1312 2960 1380 ἀκολουθησάντων
2989 1309 3068 1378 τῷ
3097 1307 3262 1362 αὑτοῦ
3319 1305 3509 1375 σκοπῷ
3564 1323 3624 1357 τε
3671 1305 3764 1356 καὶ

2193 1407 2336 1476 ζήλῳ
2359 1407 2451 1457 καὶ
2469 1405 2642 1458 ἄλλων
2669 1402 2949 1455 πλειόνων·
2974 1398 3281 1470 ἀφώρισεδὲ
3309 1397 3499 1449 ἑαυτὸν
3511 1396 3611 1462 τῆς
3641 1395 3765 1446 Ἐκ-

2193 1497 2420 1567 κλησίας
2451 1496 2544 1549 καὶ
2567 1495 2661 1547 τοῦ
2687 1495 3030 1564 πατριάρχου
3067 1507 3081 1521 ο
3110 1491 3243 1544 διότι
3271 1492 3318 1541 εί
3345 1490 3440 1542 καὶ
3469 1489 3545 1557 μὴ
3567 1504 3758 1541 συνευ-

2192 1589 2418 1658 δόκησεν
2464 1589 2543 1648 εἰς
2601 1587 2691 1638 τὸν
2737 1585 3053 1654 παράνομον
3107 1583 3284 1650 γάμον
3316 1583 3344 1633 6
3388 1579 3763 1649 πατριάρχης,

2192 1681 2304 1734 ἀλλ’
2329 1680 2435 1732 οὐδ’
2467 1678 2779 1746 ἐπεξῆλθεν,
2796 1676 2914 1728 οὐδὲ
2933 1675 3090 1743 ζῆλον
3107 1673 3248 1726 θεῖον
3273 1671 3589 1736 ἐπεδείξατο
3624 1670 3765 1720 κατά

2191 1771 2284 1822 τοῦ
2333 1768 2650 1838 τηλικοῦτον
2703 1769 2855 1831 μῖσος
2885 1765 3260 1834 ἐργασαμένου
3293 1762 3581 1830 βασιλέως.
3623 1759 3767 1812 Ἀλλ’

2195 1861 2330 1931 μετά
2385 1861 2484 1928 τὴν
2540 1862 2603 1911 ἐκ
2656 1858 2805 1919 Θείας
2857 1857 3010 1925 δίκης
3058 1855 3136 1923 τῷ
3175 1852 3567 1920 Κωνσταντίνῳ
3602 1853 3765 1904 ἐπεν-

2191 1950 2440 2021 εχθεῖσαν
2463 1947 2756 2016 τύφλωσιν,
2773 1947 2867 1997 καὶ
2882 1946 2980 2013 τὴν
2999 1947 3062 1996 ὲκ
3085 1943 3182 2012 τῆς
3201 1940 3479 2010 βασιλείας
3501 1937 3764 2005 καθαίρε-

2194 2060 2278 2096 σιν
2311 2043 2542 2112 Εἰρήνης
2569 2041 2668 2107 τῆς
2702 2039 2887 2091 τούτου
2918 2037 3142 2106 μητρὸς,
3168 2036 3196 2086 6
3223 2032 3428 2102 ταύτην
3452 2030 3513 2093 ἐξ
3543 2027 3765 2080 ἐπίθου·

2192 2136 2289 2204 λῆς
2317 2133 2560 2188 καθελὼν
2613 2130 2926 2199 Νικηφόρος
2983 2127 3091 2180 τῶν
3127 2127 3420 2196 σκήπτρων
3484 2119 3767 2190 ἐγκρατὴς

2192 2225 2502 2293 γενόμενος,
2534 2224 2668 2292 μετὰ
2695 2221 2804 2272 τῶν
2833 2219 3007 2273 ἄλλων
3032 2210 3105 2269 ὧν
3135 2218 3234 2269 οὐκ
3259 2213 3475 2280 εύαγῶς
3503 2209 3762 2278 ἔπραξεν,

2194 2313 2488 2376 ἐσπούδαζε
2521 2313 2613 2365 καὶ
2644 2313 2735 2362 τὸν
2763 2308 3130 2380 προλεχθὲντα
3159 2303 3534 2375 πρεσϐύτερον
3563 2297 3765 2367 Ἰωσὴφ

2193 2403 2578 2477 καθῃρημένον
2617 2402 2739 2471 ήδη,
2767 2399 3023 2469 δεχθῆναι
3051 2397 3211 2450 πάλιν
3244 2397 3303 2448 ὲν
3352 2396 3421 2462 τῇ
3450 2389 3724 2457 ἐκκλησία
3747 2403 3761 2416 ο

2194 2501 2221 2551 6
2258 2499 2313 2550 δὲ
2357 2500 2415 2549 ὲν
2441 2496 2613 2562 ἁγίοις
2639 2493 2974 2562 Νικηφόρος,
3010 2490 3388 2557 διαδεξάμενος
3423 2484 3524 2553 ἥδη
3573 2481 3764 2532 τελευ-

2194 2589 2436 2658 τήσαντα
2460 2587 2550 2638 τὸν
2577 2586 2866 2654 Ταράσιον,
2901 2580 3210 2650 συγκατέϐη
3260 2579 3326 2646 τῇ
3356 2573 3451 2627 τοῦ
3497 2571 3767 2641 βασιλέως

2196 2679 2512 2748 Νικηφόρον
2551 2677 2771 2746 σπουδῇ,
2811 2676 2903 2727 καὶ
2933 2672 3235 2735 εἰσεδέξατο
3256 2667 3345 2719 τὸν
3386 2665 3588 2732 Ἰωσήφ
3609 2678 3622 2691 ·
3644 2661 3766 2714 ὅθεν

2197 2770 2359 2822 πάλιν
2389 2771 2416 2821 ὁ
2452 2768 2630 2837 μέγας·
2645 2766 2915 2832 Θεόδωρος
2934 2763 3025 2813 καὶ
3055 2761 3118 2811 ὲκ
3145 2759 3243 2826 τῆς
3268 2757 3458 2808 τούτου
3479 2751 3765 2815 κοινωνίας

2198 2859 2637 2929 ἀπορῤήγνυται’
2657 2854 2769 2906 ἀλλ’
2800 2852 2962 2911 αὐτὸς
2989 2849 3088 2918 μὲν
3139 2850 3167 2901 6
3191 2849 3246 2899 ὲν
3276 2845 3451 2913 ἁγίοις
3487 2842 3767 2910 Θεόδωρος

2200 2951 2322 3004 οὒτε
2357 2950 2416 3014 ἐξ
2448 2949 2706 3018 ἀρχῆςτῇ
2751 2943 3067 3013 παρανομίᾳ
3121 2939 3411 2993 συνθέσθαι
3467 2935 3766 3005 ἠνέσχετο,

2203 3043 2408 3110 καίπερ
2437 3040 2530 3092 τοῦ
2561 3036 2825 3107 βασιλέως
2851 3033 3265 3087 Κωνσταντίνου
3291 3030 3386 3082 καὶ
3414 3027 3562 3096 δῶρα
3627 3043 3766 3096 προ-

532 3119 725 3173 exsilia
770 3122 998 3187 scilicet,
1047 3137 1324 3188 carceres,
1377 3127 1590 3196 longam
1646 3128 1863 3193 famem,
1928 3131 2095 3200 plagis

2201 3133 2486 3193 τείνοντος,
2527 3129 2620 3180 καὶ
2650 3125 2918 3187 παντοίως
2947 3120 3286 3176 τιθασσεύειν
3334 3118 3499 3170 αὐτὸν
3564 3118 3770 3184 ἐπιχει-

533 3210 696 3263 etiam
723 3211 883 3265 dorso
915 3213 1153 3277 inflictis,
1199 3225 1251 3269 et
1287 3217 1619 3272 omnimodis
1645 3221 1999 3288 cruciatibus,
2032 3224 2099 3279 de

532 3301 716 3355 divino
746 3303 861 3356 zelo
893 3305 1188 3373 quidquam
1221 3309 1449 3375 remisit,
1474 3326 1648 3378 neque
1682 3314 1902 3381 segnius
1965 3315 2100 3370 resi-

533 3404 681 3450 stere
721 3396 874 3450 visus
903 3406 1005 3452 est.
1049 3397 1301 3454 Profecto
1358 3403 1472 3457 leve
1533 3404 1700 3458 videri
1730 3420 1836 3458 non
1886 3415 2097 3474 poterat

535 3496 699 3541 tautae
730 3488 946 3542 virtutis
983 3489 1099 3542 viro
1130 3490 1474 3549 Constantini
1515 3495 1804 3566 flagitium,
1841 3499 1985 3569 quod
2028 3500 2097 3553 ab

536 3583 863 3650 imperatore
908 3586 1179 3655 inceptum
1251 3586 1316 3640 ad
1367 3588 1723 3656 plurimarum
1786 3591 2093 3644 animarum

536 3668 942 3723 subversionem
984 3672 1096 3740 jam
1137 3671 1496 3727 redundabat.
1557 3673 1770 3728 Etenim
1836 3677 2094 3731 mortales

537 3758 714 3825 mulli,
757 3761 1054 3828 praesertim
1098 3763 1161 3816 ad
1199 3764 1477 3817 libidinem
1519 3765 1697 3833 proni,
1745 3781 1932 3820 ansam
1975 3768 2098 3822 inde

537 3847 864 3916 ahripientes
892 3851 954 3902 ad
990 3865 1118 3906 suas
1144 3853 1435 3920 explendas
1479 3855 1904 3922 intemperantes
1941 3857 2097 3924 cupi-

534 3935 748 4002 ditates,
790 3938 902 4006 jam
943 3951 1198 4010 tanquam
1234 3944 1402 4012 legem
1447 3942 1707 4012 ﬂagitium
1755 3945 2101 4014 imperatoris

534 4027 902 4094 sectabantur,
967 4031 1232 4099 legitimas
1284 4033 1530 4102 pellendo
1574 4048 1794 4097 uxores,
1848 4044 1902 4088 et
1961 4036 2095 4092 alias

534 4126 697 4186 prout
720 4120 916 4190 cuique
949 4122 1119 4190 magis
1139 4123 1424 4190 placebant
1450 4124 1552 4178 sibi
1589 4126 1924 4194 copulantes.
1948 4127 2098 4183 llanc

535 4220 739 4277 pestem
769 4210 880 4278 jam
917 4213 983 4265 ad
1004 4213 1185 4282 plures
1229 4215 1478 4282 regiones
1512 4226 1821 4270 manantem
1868 4233 2097 4272 cernens

536 4313 769 4367 magnus
800 4300 1141 4367 Theodorus,
1174 4306 1470 4359 commovit
1502 4307 1616 4375 ipse
1651 4323 1806 4360 suum
1836 4309 2097 4365 adversus

539 4388 925 4458 imperatorem
959 4394 1200 4447 divinum
1238 4397 1431 4460 zelum,
1467 4405 1525 4449 ut
1561 4397 1819 4461 diximus,
1857 4407 1909 4452 et
1933 4400 1998 4452 ad
2031 4403 2095 4454 fi-

2206 3222 2419 3292 ροῦντος
2452 3218 2541 3272 διά
2569 3234 2628 3270 τε
2657 3214 2873 3279 ἑαυτοῦ,
2906 3213 3000 3266 καὶ
3027 3214 3091 3265 δι’
3117 3209 3342 3280 ἐτέρων,
3373 3207 3466 3259 καὶ
3493 3206 3562 3258 δι’
3598 3204 3768 3272 αὐτῆς

2199 3313 2263 3380 δὴ
2294 3311 2389 3381 τῆς
2413 3310 2666 3377 ἀθέσμως
2696 3305 2842 3376 αὐτῷ
2870 3303 3287 3370 συνοικησάσης,
3321 3297 3620 3365 συγγενοῦς
3675 3293 3769 3346 ob-

2202 3421 2301 3474 σης
2339 3402 2430 3455 τοῦ
2463 3402 2670 3470 Πατρῦς
2695 3416 2708 3428 ·
2738 3397 2860 3451 οὔτε
2908 3393 3061 3457 αὖθις
3089 3393 3153 3444 τὰ
3191 3389 3469 3444 δεινότατα
3527 3385 3766 3447 ὑποστὰς

2200 3497 2330 3565 παρ’
2355 3492 2516 3546 αὐτοῦ
2534 3495 2588 3543 ὲν
2606 3490 2860 3561 ὲξορίαις,
2877 3488 2967 3540 καὶ
2989 3486 3247 3551 εἱρκταῖς,
3267 3481 3360 3532 καὶ
3386 3478 3531 3548 λιμῷ
3549 3474 3766 3544 μακρῷ,

2200 3589 2434 3660 πληγαῖς
2469 3603 2526 3640 τε
2556 3589 2675 3648 ταῖς
2702 3584 2842 3638 κατὰ
2874 3582 2981 3634 τῶν
3008 3578 3214 3640 νώτων,
3238 3577 3333 3629 καὶ
3363 3574 3647 3633 παντοίαις
3669 3588 3771 3622 κα-

2203 3679 2426 3743 κώσεσι,
2457 3674 2738 3745 καθυφῆκέ
2764 3692 2814 3726 τι
2849 3671 2943 3724 τοῦ
2976 3670 3118 3723 θείου
3144 3667 3328 3738 ζήλου,
3365 3667 3398 3734 ἢ
3423 3665 3561 3725 ὅλως
3591 3664 3770 3732 ἥττων

2201 3769 2353 3839 ὤφθη
2384 3771 2483 3837 τὴν
2513 3768 2777 3819 ἔνστασιν.
2799 3764 2873 3815 (ὶύ
2903 3761 3010 3832 γάρ
3036 3757 3101 3830 ἦν
3141 3758 3372 3827 ἐλαφρὸν
3413 3757 3589 3808 δοκεῖν
3618 3751 3771 3822 ἀνδρὶ

2201 3859 2437 3928 τοσούτῳ
2453 3858 2547 3926 τὴν
2565 3854 2762 3925 ἀρετὴν
2781 3853 2840 3905 τὸ
2856 3852 2948 3905 τοῦ
2963 3848 3369 3904 Κωνσταντίνου
3392 3846 3767 3914 παράπτωμαο

2205 3954 2298 4006 καὶ
2328 3950 2436 4019 γάρ
2469 3950 2560 4000 ἀπ’
2591 3946 2754 3999 αὑτοῦ
2788 3945 2979 3996 τούτου
3009 3941 3102 3994 τοῦ
3137 3938 3398 4008 βασιλέως
3461 3936 3768 4006 ἀρξάμενον

2202 4045 2279 4105 είς
2307 4038 2690 4108 καταστροφὴν
2724 4035 2933 4105 μυρίων
2971 4031 3155 4102 ψυχῶν
3212 4031 3313 4099 ἤδη
3370 4027 3724 4098 προέὁαινειν
3749 4041 3764 4055 ·

2202 4132 2248 4182 οἱ
2277 4130 2384 4196 γὰρ
2416 4127 2598 4179 πολλοὶ
2625 4125 2734 4178 τῶν
2765 4124 2858 4176 ἀνθ
2870 4123 3085 4194 ρώπων,
3137 4121 3229 4172 καὶ
3256 4119 3453 4188 μᾶλλον
3480 4120 3530 4170 o'.
3582 4120 3765 4186 ἐμπα-

2201 4222 2464 4290 θέστεροι,
2495 4219 2825 4289 ἀφορμὴνὲκ
2847 4217 3034 4269 τούτου
3063 4213 3426 4284 λαμϐάνοντες
3455 4212 3535 4273 είς
3562 4209 3768 4279 ἐκπλή-

2206 4329 2372 4383 ρωσιν
2420 4310 2528 4362 τῶν
2561 4308 2872 4361 ἀκολάστων
2904 4305 3080 4358 αὐτῶν
3111 4301 3437 4371 ἐπιθυμιῶν,
3488 4299 3566 4361 ῶς
3622 4300 3770 4369 νόμῳ

2200 4399 2360 4469 δῆθεν
2390 4401 2454 4468 τῇ
2517 4396 2828 4467 παρανομίᾳ
2854 4395 2947 4447 τοῦ
2982 4393 3242 4464 βασιλέως
3271 4391 3506 4452 εἵποντο,
3544 4391 3646 4451 τὰς
3673 4387 3767 4457 μὲν

540 4497 663 4535 nem
706 4500 876 4552 usque
923 4485 1199 4540 dissensit.
1235 4487 1404 4539 Porro
1437 4502 1503 4540 ex
1547 4489 1708 4542 dictis
1751 4491 2095 4560 patriarcbis,

2204 4496 2344 4547 κατὰ
2377 4493 2540 4561 νόμον
2576 4493 2676 4561 ήδη
2727 4489 3113 4556 συζευχθείσας
3154 4487 3337 4546 αὐτοῖς
3361 4485 3631 4550 γυναῖκας
3676 4481 3768 4530 Ex-

539 4574 696 4629 divus
732 4577 944 4644 quidem
993 4576 1251 4632 Tarasius
1292 4578 1413 4632 ideo
1449 4580 1854 4647 condescendit,
1901 4591 1954 4636 et
1997 4583 2101 4638 hoc

539 4665 786 4734 iniquum
844 4666 1186 4721 Constantini
1249 4668 1462 4724 facinus
1530 4671 1914 4736 dissimulavit,
1970 4676 2097 4743 quia

537 4757 848 4809 minabatur
879 4757 1015 4811 idem
1038 4759 1429 4815 Constantinus
1484 4762 1803 4830 imperator,
1848 4764 1953 4818 nisi
1987 4779 2099 4818 suae

535 4847 799 4901 voluntati
828 4849 1042 4902 cederet
1064 4851 1394 4917 patriarcha,
1427 4868 1484 4906 se
1511 4853 1845 4921 superiorem
1866 4855 2098 4924 impera-

536 4946 716 4991 torum
741 4939 990 4992 haeresim
1015 4942 1465 5004 instauraturum,
1500 4953 1552 4997 et
1578 4945 1912 4999 venerandas
1972 4962 2098 4999 san-

536 5039 767 5098 ctasque
815 5031 1078 5098 imagines
1120 5034 1299 5087 denuo
1328 5033 1756 5088 destructurum.
1809 5035 2097 5105 Propterea

536 5118 701 5187 igitur
736 5120 910 5173 visum
941 5129 1023 5174 est
1049 5122 1098 5176 ei
1126 5122 1462 5192 aliquantum
1494 5124 1560 5178 de
1587 5125 1837 5179 districto
1860 5127 1983 5195 jure
2011 5143 2095 5181 re-

538 5211 772 5274 mittere,
813 5227 880 5266 ne
918 5214 995 5267 rei
1022 5228 1292 5268 summam
1329 5216 1725 5283 pessumdaret.
1772 5218 1839 5270 At
1876 5227 2097 5272 sanctus

536 5298 897 5370 Nicephorus,
947 5319 1069 5358 cum
1118 5306 1271 5358 valde
1317 5315 1474 5359 antea
1519 5307 1809 5362 restitisset
1855 5311 2098 5378 regnanti

538 5400 662 5458 post
691 5390 1107 5446 Constantinum
1149 5392 1453 5464 Nicephoro
1481 5414 1494 5462 ;
1545 5406 1728 5466 postea
1758 5409 1939 5452 tamen
1969 5414 2098 5453 con-

538 5484 832 5535 tumaciam
893 5485 1057 5553 hujus
1104 5488 1410 5557 mentisque
1471 5491 1792 5558 pravitatem
1857 5493 2100 5560 apprime

538 5573 738 5636 sciens,
769 5576 1074 5644 timensque
1108 5593 1172 5631 ne
1199 5578 1488 5647 aliquando
1521 5595 1606 5634 res
1630 5595 1821 5634 omnes
1841 5581 2099 5636 ecclesia-

539 5663 706 5719 5ticas
756 5666 997 5723 turbaret
1038 5684 1102 5723 ac
1135 5672 1507 5739 permisceret,
1554 5672 1942 5727 eondeseendit
1985 5673 2099 5742 ipse

536 5770 777 5826 quoque,
822 5767 875 5814 et
934 5770 1343 5817 exauctoratum
1406 5761 1699 5833 Josephum
1747 5762 1968 5833 recepit,
2014 5761 2093 5818 uti

2202 4583 2506 4646 ϐάλλοντες,
2538 4580 2729 4649 ἑτέρας
2774 4579 2832 4630 δὲ
2869 4579 3045 4647 ἇσπερ
3078 4568 3221 4644 εἶχον
3250 4571 3620 4638 καταθυμίους
3659 4566 3770 4618 εἰσ-

2201 4675 2530 4742 οικιζόμενοι
2576 4685 2588 4698 '
2646 4667 2850 4736 ταύτην
2914 4667 3012 4736 τὴν
3063 4665 3241 4734 λύμην
3290 4665 3370 4725 είς
3417 4661 3620 4720 πολλάς
3667 4658 3766 4728 ήδη

2201 4765 2605 4835 διαδραμοῦσαν
2622 4760 2802 4831 χώρας
2819 4762 2844 4812 6
2852 4759 2959 4829 ρῶν
2977 4761 3002 4810 6
3031 4759 3201 4827 μέγας
3218 4756 3516 4824 Θεόδωρος,
3543 4750 3766 4820 ὲκίνησέ

2199 4875 2257 4910 τε
2288 4855 2427 4908 κατὰ
2470 4852 2566 4905 τοῦ
2608 4851 2867 4920 βασιλέως
2896 4849 2986 4902 τὸν
3014 4848 3155 4901 θεῖον
3201 4847 3384 4916 ζῆλον,
3411 4846 3486 4906 ὡς
3515 4843 3765 4912 εἴπομεν,

2199 4947 2294 4999 καὶ
2342 4945 2501 5015 μέχρι
2532 4943 2714 5004 τέλους
2750 4941 2909 4993 αὑτὸν
2939 4940 3260 5010 διετήρησεν
3287 4954 3303 4971 ο
3353 4938 3449 4990 καὶ
3481 4931 3637 4998 οὗτος
3674 4935 3768 5004 μὲν

2198 5039 2358 5092 οὕτω.

2269 5130 2389 5182 Τῶν
2412 5129 2468 5181 δὲ
2496 5125 2972 5198 μνημονευθέντων
3001 5122 3355 5194 πατριαρχῶν
3410 5123 3438 5174 6
3471 5120 3573 5191 μὲν
3627 5120 3765 5181 θεῖος

2200 5220 2470 5290 Ταράσιος
2510 5219 2596 5270 διὰ
2618 5217 2773 5269 τοῦτο
2806 5216 3115 5285 συγκατέὸη
3174 5215 3267 5267 καὶ
3316 5212 3635 5281 ὲφησύχασε
3693 5208 3768 5279 τῷ

2198 5311 2422 5378 τοιούτῳ
2441 5308 2662 5380 άθέσμῳ
2678 5308 2769 5361 τοῦ
2794 5307 3199 5360 Κωνσταντίνου
3218 5305 3496 5375 δραματου
3506 5303 3608 5373 ργή
3619 5317 3766 5371 ματι,

2201 5399 2390 5468 ἐπειδὴ
2426 5397 2640 5467 ἠπείλει
2671 5399 2700 5450 6
2728 5396 2889 5460 αὐτὸς
2921 5398 3328 5457 Κωνσταντίνος
3355 5395 3383 5445 6
3415 5391 3692 5462 βασιλεὺς,
3717 5390 3763 5440 εἰ

2205 5492 2304 5560 μὲν
2335 5491 2411 5559 τῷ
2475 5488 2638 5542 αὐτοῦ
2684 5487 2947 5557 θελήματι
3009 5485 3275 5554 ύποκύψει
3316 5487 3343 5537 6
3396 5483 3764 5552 πατριάρχης,

2196 5583 2303 5635 τῶν
2338 5581 2561 5650 ἔναγχος
2597 5579 3026 5649 βασιλευσάντων
3059 5577 3153 5648 τὴν
3196 5577 3405 5645 αἵρεσιν
3457 5572 3764 5626 ἀνανεώσα-

2200 5673 2345 5735 σθαι,
2394 5673 2484 5725 κα).
2529 5672 2624 5734 τὰς
2658 5671 2857 5734 σεπτὰς
2885 5671 2979 5724 καὶ
3004 5669 3165 5736 ἁγίας
3200 5666 3412 5728 εἰκόνας
3443 5664 3607 5717 πάλιν
3638 5662 3766 5714 καθ-

2199 5765 2472 5835 αιρήσειν·
2524 5764 2714 5818 τούτου
2764 5761 2857 5819 οὺν
2912 5761 3088 5828 ἔδοξεν
3139 5762 3323 5815 ἕνεκεν
3364 5756 3513 5828 αὐτῷ
3573 5755 3765 5827 μικρὲν
