3968 6452
263 417 409 477 1853

1316 427 1412 487 DE
1451 425 1870 487 SCHISMATE
1908 421 2403 483 S'l‘UDlTARUM

3356 425 3490 487 1854

253 527 506 582 ινδοῦναι
534 527 634 599 τῆς
659 529 961 601 ἀκριϐείας,
981 532 1067 586 ἵνα
1099 531 1173 603 μὴ
1188 532 1449 586 ἀπολέσαι
1475 533 1544 585 τὰ
1576 531 1804 602 μέγιστα

1925 527 2128 582 dictum
2173 537 2274 582 est.
2314 526 2694 583 Verumtamen
2734 539 2916 585 utrum
2965 546 3190 602 magnus
3230 532 3480 590 Theodo-

257 621 287 668 ὀ
320 617 379 670 δὲ
408 620 465 670 ὲν
499 619 674 686 ἁγίοις
698 620 1012 694 Νικηφόρος
1042 623 1214 676 πολλὰ
1243 625 1507 693 πρότερον
1538 623 1826 675 ἀντικατα-

257 709 398 770 στάς
436 709 514 779 τῷ
544 709 680 778 μετά
700 713 872 766 ταῦτα
894 713 1268 783 βασιλεύσαντι
1289 714 1604 784 Νικηφόρῳ,
1636 713 1827 766 ἔπειτα

253 797 321 848 τὸ
386 796 687 866 δύστροπον
727 801 894 854 αὐτοῦ
932 804 1023 854 καὶ
1055 803 1115 855 τὸ
1151 803 1250 872 τῆς
1283 803 1507 872 γνώμης
1534 801 1825 863 κακοθελὲς

253 888 506 957 ἀκριϐῶς
531 890 908 960 ἐπιστάμενος,
941 893 1034 944 καὶ
1064 891 1415 962 ὑφορώμενος
1470 893 1544 961 μή
1576 907 1710 944 ποτε
1728 907 1825 943 τα-

257 978 404 1050 ράξῃ
435 979 530 1031 καὶ
561 980 761 1050 συγχέῃ
805 981 981 1034 πάντα
1007 983 1074 1034 τὰ
1105 981 1548 1050 ἐκκλησιαπικά,
1577 995 1826 1048 συγκατ-

250 1068 359 1136 ἑϐη
401 1069 495 1121 καὶ
535 1069 715 1136 αὐτὸς,
757 1072 852 1123 καὶ
899 1071 1114 1136 ἐδέξατο
1167 1071 1258 1122 τὸν
1287 1069 1663 1139 καθῃρημένον
1716 1069 1825 1121 Ἰω-

254 1159 393 1228 σὴφ,
423 1158 499 1222 ῶς
531 1161 851 1229 προείρηται
879 1177 893 1190 ’
928 1161 1065 1229 πλὴν
1099 1162 1205 1212 εἴτε
1253 1163 1280 1213 6
1337 1161 1509 1229 μέγας
1551 1159 1822 1228 Θεόδωρος

249 1251 505 1318 κρεῖττον
555 1249 760 1314 ἔπραξε
793 1250 1314 1319 παρρησιασάμενος
1344 1249 1484 1303 κατὰ
1513 1252 1610 1315 τῆς
1645 1265 1822 1317 παρα·

247 1339 448 1406 νομίας
489 1338 583 1390 καὶ
607 1339 764 1408 μέχρι
795 1340 978 1402 τέλους
1005 1339 1194 1401 ἐνστὰς
1215 1379 1230 1403 ,
1261 1339 1313 1391 εί
1330 1357 1388 1392 τε
1414 1340 1465 1390 οἱ
1486 1341 1819 1407 πατριάρχαι

249 1429 699 1494 συγκαταϐάντες
727 1429 813 1482 διά
864 1431 964 1493 τὰς
1003 1431 1298 1500 εἰρημένας
1354 1430 1550 1494 αἰτίας,
1617 1427 1820 1496 ἑτέροις

248 1517 566 1586 δοκιμάζειν
584 1520 1002 1590 καταλείψομεν,
1029 1522 1140 1583 τοῖς
1180 1521 1360 1588 ἔχουσι
1388 1521 1477 1572 τὸν
1508 1518 1699 1587 λύχνον
1720 1517 1818 1584 τῆς

248 1606 507 1675 γνώσεως
540 1609 596 1660 ἐν
635 1611 849 1672 ἑαυτοῖς
897 1611 1175 1678 φαίνοντα,
1222 1612 1317 1662 καὶ
1372 1609 1702 1679 ἐρρωμένοις
1749 1609 1819 1662 τά

247 1701 349 1768 τῆς
377 1698 550 1768 ψυχῆς
568 1701 890 1770 αἰσθητήρια
917 1700 1047 1770 πρὸς
1062 1704 1160 1770 τὴν
1189 1701 1297 1752 τῶν
1323 1699 1578 1753 τοιούτων
1607 1701 1816 1769 διάκρι-

250 1806 337 1841 σιν
369 1805 384 1818 ’
419 1789 542 1841 ἐπεὶ
570 1791 664 1843 καὶ
689 1793 778 1843 τὸν
811 1791 965 1859 ἅγιον
1012 1791 1324 1858 Ἐπιφάνιον
1359 1791 1450 1843 τὸν
1469 1789 1695 1858 Κύπρου
1724 1789 1817 1842 εύ-

1925 634 2021 672 rus
2051 618 2244 671 melius
2283 633 2341 672 se
2374 621 2603 688 gesserit
2645 620 2848 688 ﬂagitio
2883 622 3176 680 adversans
3211 634 3264 680 et
3313 643 3487 697 usque

1925 707 1993 762 ad
2050 708 2209 761 ﬁnem
2258 707 2550 775 resistens;
2602 726 2667 763 an
2729 711 2911 780 potius
2967 713 3076 767 duo
3136 715 3481 783 patriarchae,

1923 801 2099 855 dictas
2131 801 2200 851 ob
2240 814 2437 854 causas
2476 801 2992 866 condescendentes,
3027 803 3149 858 aliis
3174 804 3484 873 dijudican-

1923 893 2051 946 dum
2097 890 2494 959 permittemus,
2547 892 2639 960 qui
2668 893 2908 946 scientia:
2952 892 3230 948 lucernam
3281 897 3482 952 habent

1923 983 2065 1051 apud
2094 997 2153 1036 se
2179 983 2528 1044 relucentem,
2565 983 2836 1050 tinuoque
2865 984 3058 1037 anima:
3075 999 3241 1038 sensu
3270 987 3478 1054 praediti

1923 1080 2052 1126 sunt
2098 1073 2163 1126 ad
2215 1073 2330 1126 haec
2377 1073 2756 1128 discernenda.
2813 1071 3055 1142 Namque
3112 1084 3166 1128 et
3228 1085 3477 1131 sanctum

1921 1161 2077 1230 Cypri
2147 1161 2505 1230 Epiphaniam
2579 1164 2965 1230 comperimus,
3038 1180 3219 1233 parem
3281 1181 3480 1237 magno

1921 1249 2202 1304 Theodoro
2248 1252 2444 1316 zelum,
2507 1261 2560 1306 et
2605 1253 2862 1306 invictum
2901 1253 3187 1308 resistendi
3236 1256 3476 1324 vigorem

1919 1341 2324 1408 exprompsisse
2375 1350 2562 1396 contra
2614 1341 2915 1396 Eudoxiam
2967 1355 3300 1414 augustam:
3358 1361 3479 1413 qua:

1917 1429 2046 1483 dum
2074 1430 2365 1499 aliquando
2388 1434 2687 1485 minaretur
2726 1433 2994 1487 idolorum
3041 1435 3237 1502 templa
3264 1450 3323 1489 se
3360 1435 3478 1489 fore

1918 1527 2305 1583 reseraturam,
2345 1520 2448 1574 nisi
2480 1520 2638 1574 divus
2689 1521 3107 1591 Chrysostomus
3143 1524 3197 1576 in
3223 1523 3474 1578 exsilium

1920 1605 2225 1674 pelleretur,
2253 1606 2393 1659 haud
2412 1607 2595 1659 animo
2618 1608 2858 1662 concidit
2875 1623 3048 1678 neque
3069 1611 3235 1664 cessit
3252 1612 3476 1666 omnino

1919 1695 2001 1747 vir
2033 1704 2288 1760 sanctus;
2322 1697 2414 1750 sed
2447 1697 2634 1751 dicens
2673 1715 2687 1750 :
2721 1696 2954 1752 Mundus
2983 1713 3083 1767 ego
3114 1715 3234 1754 sum
3277 1701 3344 1755 ab
3371 1702 3475 1758 hoc

1915 1781 2143 1850 judicio,
2177 1783 2448 1846 discessit,
2479 1785 2690 1852 plenam
2717 1785 3113 1856 irarumipsam
3134 1789 3471 1858 relinquens.

249 1877 535 1947 ρίσκομεν,
567 1877 658 1930 τὸν
685 1877 846 1931 αὑτὸν
869 1877 948 1948 τῷ
985 1879 1203 1948 μεγάλῳ
1242 1877 1498 1948 Θεοδώρῳ
1533 1863 1692 1946 ζῆλον
1718 1878 1804 1930 καὶ

1917 1871 2090 1924 Aliam
2123 1887 2340 1940 quoque
2369 1872 2440 1927 oh
2474 1887 2694 1926 causam
2723 1873 2943 1936 dicitur,
2973 1875 3042 1928 ab
3065 1875 3360 1930 illustribus
3384 1892 3477 1945 pa-

245 1967 499 2020 ἔνστασιν
527 1967 792 2037 ἀήττητον
832 1967 1201 2036 ἐνδειξάμενον
1234 1968 1370 2036 πρὸς
1413 1968 1511 2037 τὴν
1569 1968 1814 2037 βασίλισ-

247 2073 349 2110 σαν
383 2057 635 2121 Εὑδοξίαν
659 2072 674 2088 ο
708 2056 1037 2127 ἀπειλούσης
1081 2057 1189 2128 γὰρ
1217 2059 1475 2128 κάκείνης
1510 2059 1661 2121 ποτὲ,
1689 2059 1815 2120 τοὺς

242 2148 357 2201 τῶν
378 2147 609 2201 εἰδώλων
643 2151 802 2212 ναοὺς
845 2149 1099 2217 ἀνοίγειν,
1131 2151 1179 2202 εί
1219 2149 1291 2220 μὴ
1348 2153 1376 2202 6
1419 2150 1558 2212 θεῖος
1608 2151 1814 2219 Χρυσό-

247 2253 448 2307 στομος
474 2238 744 2309 ὲξορισθῇ,
775 2238 836 2291 οὐ
865 2238 1222 2307 κατέπτηξεν,
1241 2238 1359 2290 οὐδὲ
1392 2239 1652 2291 ἐνέδωκεν
1675 2240 1811 2301 ὅλως

241 2327 272 2378 6
300 2324 490 2392 ἆγιοςο
525 2326 636 2378 ἀλλ’
678 2326 868 2390 εἰπὼν,
903 2325 1104 2387 Ἀθῶός
1132 2329 1246 2393 εἰμι
1285 2327 1392 2379 ἀπὸ
1445 2325 1543 2395 τῆς
1578 2326 1811 2397 κρίσεως

240 2415 471 2485 ταύτης,
513 2415 724 2482 ἐξῆλθε,
746 2415 917 2485 θυμοῦ
957 2417 1224 2470 πνέουσαν
1250 2417 1582 2484 καταλείψας
1611 2418 1804 2487 αὑτήν.

243 2507 484 2574 Λέγεται
517 2507 573 2559 δὲ
602 2508 682 2560 ὅτι
705 2505 771 2558 δι’
807 2507 996 2576 ἑτέραν
1033 2508 1211 2559 αἰτίαν
1255 2507 1363 2560 ἀπὸ
1399 2507 1508 2560 τῶν
1552 2507 1809 2576 ἀοιδίμων

243 2597 604 2668 πατριαρχῶν
637 2599 664 2650 6
705 2598 762 2648 ἐν
793 2597 969 2665 ἁγίοις
997 2597 1273 2667 Θεόδωρος
1307 2598 1595 2669 ἁπεῤῥάγη
1621 2614 1635 2629 ⁹
1671 2599 1703 2667 ἡ
1752 2597 1808 2651 δὲ

236 2686 328 2756 ἦν,
367 2689 474 2752 ὅτι,
501 2688 684 2757 φησὶν,
719 2688 826 2740 ἀπὸ
848 2688 1051 2741 λαϊκῶν
1080 2689 1237 2749 εὐθὺς
1260 2691 1340 2751 εἰς
1361 2690 1454 2742 τὸν
1479 2705 1801 2759 πατριαρχι-

240 2777 338 2829 κὸν
372 2776 562 2846 θρόνον
594 2775 1051 2844 ἀνεϐιϐάσθησαν,
1085 2777 1175 2827 καὶ
1225 2777 1284 2828 ού
1316 2777 1455 2829 κάτά
1489 2776 1689 2845 θεσμὸν
1713 2780 1803 2829 ὲκ-

234 2868 626 2936 κλησιαστικὸν
653 2867 867 2934 ἐγένετο
919 2869 949 2934 ἡ
976 2866 1179 2919 τούτων
1211 2867 1514 2937 χειροτονία
1537 2885 1550 2898 ο
1588 2867 1722 2936 πρὸς
1749 2867 1803 2919 δὲ

234 2957 394 3015 τοῦτο
422 2957 766 3024 ἀπολογεῖται
800 2959 827 3009 6
855 2957 922 3009 τὰ
950 2959 1070 3010 κατ’
1098 2958 1294 3018 αὐτοὺς
1328 2957 1800 3027 συγγραψάμενος,

235 3047 320 3098 ὅτι
352 3046 402 3096 οἰ
438 3044 571 3096 θεῖοι
601 3047 824 3106 κανόνες
853 3045 952 3096 οὐκ
979 3044 1325 3098 ἀποκλείουσι
1357 3045 1533 3111 πάντη
1561 3044 1621 3095 τὸ
1670 3044 1804 3112 πρᾶο

233 3152 267 3203 γ
275 3148 374 3203 μα’
389 3134 504 3186 ἀλλ’
528 3133 867 3203 ὑφορώμενοι
882 3134 953 3202 μή
972 3152 1086 3195 πως
1105 3134 1326 3204 ἄπειρος
1339 3133 1412 3185 ὢν
1431 3136 1458 3186 ὁ
1473 3134 1802 3203 χειροτονού-

235 3243 402 3296 μενος
433 3225 541 3278 τῶν
565 3229 629 3295 τῇ
672 3222 936 3295 ἱερωσύνῃ
969 3223 1333 3293 καθηκόντων,
1362 3226 1440 3286 εἰς
1489 3225 1691 3276 πτῶσιν
1714 3226 1799 3275 ἐν-

236 3320 377 3386 έγκῃ
406 3316 475 3368 τὰ
502 3314 953 3382 ὲκκλητιαστικά·
973 3305 1119 3366 οὗτοι
1141 3313 1217 3376 δὲ,
1237 3316 1265 3366 6
1285 3314 1476 3382 μέγας,
1507 3314 1670 3382 φημὶ,
1697 3314 1795 3364 Ta-

235 3407 426 3476 ράσιος
451 3405 542 3456 καὶ
571 3406 598 3457 6
630 3403 770 3464 θεῖος
803 3401 1133 3474 Νικηφόρος,
1173 3404 1252 3464 εἰς
1273 3402 1339 3458 τά
1369 3402 1554 3472 πρόσω
1599 3402 1801 3470 βαίνειν

233 3497 333 3567 τὴν
381 3494 703 3565 Ἐκκλησίαν
737 3492 1089 3562 πεποιήκασι,
1137 3497 1231 3546 καὶ
1261 3494 1435 3545 πάντα
1478 3493 1654 3556 καλῶς
1707 3495 1800 3546 καὶ

235 3586 515 3654 ἐνθέσμως
549 3584 818 3657 ἔπραττον
840 3598 854 3611 ο
883 3585 974 3634 καὶ
995 3583 1081 3635 διὰ
1115 3583 1269 3636 τοῦτο
1296 3584 1393 3652 οὐχ
1421 3585 1648 3636 ἆπτεται
1697 3585 1798 3635 αύ-

233 3679 345 3730 τῶν
405 3678 433 3730 ὀ
471 3675 668 3728 κανών.
718 3674 908 3726 Ίστέον
960 3675 1142 3742 μέντοι
1176 3676 1256 3727 ὅτι
1302 3675 1362 3726 τὸ
1432 3674 1797 3744 προσκροῦσαι

232 3769 347 3830 τοῖς
374 3766 633 3835 ἀοιδίμοις
668 3757 1032 3834 πατριάρχαις
1071 3764 1163 3816 τὸν
1210 3765 1381 3833 μέγαν
1408 3764 1679 3834 Θεόδωρον
1734 3765 1797 3814 ὲκ

232 3855 369 3909 Θεοῦ
400 3855 901 3925 κεκινημένοις,κα“ι
919 3854 1110 3924 μικρὸν
1138 3855 1344 3907 ἐνδοῦσι
1368 3855 1464 3922 τῆς
1491 3853 1792 3921 ἀκριϐείας,

231 3948 321 4000 διὰ
344 3947 408 4000 τὸ
448 3947 522 4016 μὴ
540 3945 790 4014 γενέσθαι
824 3947 1043 4013 μείζονα
1079 3945 1296 4015 βλάϐην,
1326 3946 1418 3996 καὶ
1450 3945 1636 3996 ἑαυτὸν
1662 3945 1796 3995 ἁπο-

235 4037 420 4107 σχίσαι
448 4038 546 4106 τῆς
584 4036 924 4099 Ἐκκλησίας,
965 4037 1024 4088 ού
1063 4036 1256 4105 μικρὸν
1286 4035 1485 4104 πτῶμα
1518 4037 1630 4098 τοῖς
1677 4036 1790 4087 Πα-

232 4130 428 4198 τράσιν
471 4127 646 4191 ἔδοξεν
673 4143 687 4156 ο
721 4125 836 4178 ἀλλ’
884 4127 1034 4195 ὅμως
1072 4125 1232 4178 πάλιν
1288 4124 1653 4195 διωρθώσατο,
1717 4125 1793 4187 ὡς

232 4218 558 4290 προείρηται
593 4235 608 4251 ο
641 4217 735 4270 καὶ
756 4217 905 4284 δηλοῖ
937 4219 1033 4285 μὲν
1067 4218 1225 4272 τοῦτο
1254 4220 1285 4286 ἡ
1311 4218 1419 4270 τῶν
1464 4219 1583 4270 κατ’
1633 4217 1792 4268 αὑτὸν

234 4311 447 4380 ἱστορία
475 4327 489 4339 ·
523 4311 670 4380 δηλοῖ
693 4309 748 4360 δὲ
776 4309 871 4360 καὶ
915 4311 942 4361 6
986 4309 1155 4376 μέγας
1185 4309 1443 4370 Μεθόδιος
1479 4311 1534 4360 ἐν
1562 4308 1637 4377 τῷ
1690 4307 1788 4376 ἤδη

234 4415 343 4466 μνη
355 4397 663 4468 μονευθέντι
687 4397 826 4466 λόγῳ
849 4395 1010 4448 αὑτοῦ
1043 4397 1120 4465 τῷ
1146 4397 1279 4465 πρὸς
1304 4397 1428 4458 τοὺς
1469 4397 1751 4470 Στουδίτας
1773 4412 1786 4425 ·

1918 1960 2172 2014 triarchis
2194 1959 2481 2014 dissidium
2508 1959 2703 2014 fecisse
2724 1970 2942 2016 sanctus
2963 1963 3318 2028 Theodorus;
3343 1965 3474 2032 quia

1914 2049 2161 2102 videlicet
2189 2049 2253 2102 de
2285 2058 2429 2103 cuitu
2465 2049 2666 2114 laicali,
2712 2059 2772 2104 ut
2798 2051 2998 2115 aiebat,
3040 2051 3105 2105 ad
3136 2053 3474 2120 patriarcha-

1913 2141 2016 2192 lem
2047 2141 2224 2193 sedem
2252 2139 2464 2192 fuerant
2498 2140 2785 2207 assumpti,
2821 2155 2995 2208 neque
3036 2156 3225 2196 eorum
3275 2143 3474 2198 electio

1912 2228 1976 2280 ad
2006 2227 2147 2296 juris
2169 2226 2522 2281 ecclesiastici
2546 2227 2814 2280 tramitem
2844 2226 3004 2282 facta.
3028 2227 3146 2283 Jam
3173 2247 3304 2285 vero
3340 2233 3472 2288 huic

1911 2327 2226 2385 argumento
2257 2316 2549 2385 respondet
2586 2317 2676 2371 ille
2735 2319 2827 2386 qui
2877 2319 3070 2373 horum
3135 2337 3226 2375 res
3288 2333 3468 2392 gestas

1910 2407 2146 2477 scripsit,
2181 2421 2374 2478 nempe
2401 2422 2590 2463 sacros
2613 2424 2850 2464 canones
2875 2411 3015 2464 haud
3050 2412 3296 2466 dislricte
3325 2415 3470 2470 hanc

1906 2512 2019 2552 rem
2042 2507 2224 2553 vetare
2257 2517 2271 2553 :
2305 2499 2395 2553 sed
2441 2509 2686 2554 verentes
2731 2508 2968 2565 tantum,
3013 2517 3081 2555 ne
3115 2501 3160 2556 si
3202 2503 3340 2556 forte
3376 2519 3468 2558 sa-

1907 2589 2201 2644 cerdotalis
2229 2589 2385 2644 oﬁicii
2418 2591 2641 2661 ignarus
2671 2592 2985 2660 eligeretur,
3023 2608 3110 2647 res
3135 2594 3475 2648 ecclesiasti-

1905 2694 1997 2731 eas
2039 2683 2433 2749 pessumdaret.
2472 2683 2539 2735 At
2586 2682 2730 2734 enim
2785 2681 2864 2747 hi,
2920 2697 3172 2751 magnus,
3215 2683 3461 2752 inquam,

1907 2767 2165 2823 Tarasius
2195 2779 2249 2822 et
2275 2770 2432 2823 divus
2463 2768 2819 2838 Nicephorus,
2850 2785 2963 2825 rem
2994 2771 3103 2824 imo
3131 2772 3467 2825 ecclesiasti-

1904 2874 2020 2911 cam
2045 2860 2096 2910 in
2120 2861 2311 2912 melius
2347 2868 2727 2926 provexerunt,
2763 2870 2923 2930 atque
2945 2863 3126 2914 omnia
3150 2872 3296 2915 recte
3328 2862 3465 2930 legi-

1905 2947 2142 3016 timeque
2169 2957 2472 3016 gesserunt.
2504 2948 2739 3018 Ideoque
2771 2951 2917 3018 ipsos
2940 2965 3115 3003 canon
3149 2965 3258 3003 non
3289 2950 3465 3005 attin-

1903 3038 1998 3106 git.
2026 3038 2313 3093 Sciendum
2346 3055 2475 3093 vero
2509 3048 2609 3101 est,
2642 3041 2824 3110 magni
2855 3039 3122 3102 Theodori
3143 3042 3465 3096 obluctatio-

1906 3141 2028 3179 nem
2052 3126 2310 3181 adversus
2333 3127 2571 3182 illustres
2588 3129 2949 3197 patriarchas,
2973 3132 3067 3200 qui
3090 3131 3181 3186 Dei
3200 3131 3464 3187 instinctu

1904 3217 2235 3284 aliquantum
2267 3217 2335 3270 de
2379 3219 2555 3288 rigore
2584 3219 2913 3274 remiserunt
2965 3237 3030 3274 ne
3074 3223 3254 3291 majus
3298 3223 3466 3277 detri-

1904 3315 2140 3358 mentum
2170 3305 2343 3373 ﬁeret,
2379 3315 2544 3375 atque
2574 3308 2817 3375 eiusdem
2841 3310 2906 3364 ab
2931 3310 3172 3365 Ecclesia
3199 3313 3467 3368 secessio-

1903 3407 2048 3457 nem,
2088 3391 2258 3446 visam
2285 3409 2404 3449 esse
2423 3394 2672 3451 Patribus
2702 3399 2842 3451 haud
2868 3401 3194 3454 mediocrem
3227 3417 3459 3458 noxam.

1904 3478 2007 3534 Sed
2051 3491 2229 3536 tamen
2262 3492 2443 3538 actum
2496 3487 2749 3551 correxit,
2793 3498 2850 3540 ut
2889 3503 3059 3555 supra
3109 3488 3314 3543 dictum
3353 3500 3460 3557 est,

1900 3585 2064 3641 atque
2105 3585 2163 3628 ut
2202 3576 2392 3629 horum
2450 3577 2677 3631 historia
2723 3579 3080 3634 demonstrat.
3119 3581 3368 3637 ()stcndit
3409 3583 3462 3638 id

1899 3679 2128 3734 magnus
2159 3681 2377 3735 quoque
2411 3666 2722 3723 Methodius
2765 3671 2817 3724 in
2855 3683 3156 3726 memorato
3204 3689 3459 3729 sermone

1900 3768 2000 3807 suo
2040 3755 2106 3808 ad
2135 3752 2419 3811 Studitas:
2456 3768 2643 3812 narrat
2671 3761 2815 3813 enim
2858 3759 3201 3817 Theodorum
3237 3774 3460 3819 senten-

1901 3846 2029 3898 tiam
2069 3861 2222 3899 suam
2248 3846 2592 3914 immutasse,
2627 3865 2735 3918 qua
2771 3851 3030 3921 abreptus
3073 3852 3269 3917 fuerat,
3309 3861 3363 3908 et
3399 3869 3461 3909 se

1898 3951 2021 3990 cum
2069 3936 2310 3991 Ecclesia
2357 3941 2790 3995 recunciliasse:
2832 3951 2884 3995 et
2931 3943 3075 3997 circa
3123 3945 3249 3998 vitae
3297 3946 3459 3999 ﬁnem

1896 4029 2121 4081 multam
2149 4029 2318 4082 animi
2351 4032 2816 4100 conjunctionem,
2851 4035 3171 4090 charitatem
3207 4051 3272 4092 ac
3299 4035 3453 4090 fami-

1897 4120 2182 4174 liaritatem
2215 4135 2528 4190 perpetuam
2583 4140 2705 4178 cum
2735 4127 2930 4180 illustri
2952 4129 3258 4197 patriarcha
3287 4127 3458 4185 Nice-

1895 4214 2066 4281 phoro
2102 4213 2322 4268 fovisse.
2369 4212 2532 4285 Igitur
2561 4216 2613 4269 in
2664 4233 2728 4271 eo
2759 4221 3086 4289 completum
3136 4232 3218 4276 est
3262 4224 3459 4291 psalmi

1894 4303 2025 4356 illud
2057 4305 2122 4358 de
2145 4305 2295 4372 justo
2340 4307 2560 4361 homine
2593 4308 2820 4377 dictum,
2860 4315 3003 4380 quod
3041 4330 3158 4364 cum
3188 4313 3455 4369 reciderit.

1894 4410 1995 4448 non
2013 4395 2309 4458 collidelur,
2325 4398 2448 4465 quia
2461 4397 2718 4452 Dominus
2732 4405 2972 4468 supponit
2994 4420 3206 4456 manum
3221 4421 3372 4457 suam
3388 4405 3454 4458 ³⁸.

229 4490 496 4558 διηγεῖται
526 4489 632 4558 γὰρ
660 4490 741 4540 ὅτι
773 4487 934 4540 πάλιν
959 4488 1190 4558 ἠθέτησε
1216 4487 1310 4557 τὴν
1328 4489 1548 4556 γνώμην
1578 4490 1642 4558 ἣν
1669 4488 1791 4557 ἔσχε

1907 4486 2032 4538 Nam
2071 4486 2118 4539 si
2145 4487 2228 4540 vel
2255 4488 2475 4542 cuilibet
2502 4493 2770 4545 sacerdoti
2794 4493 3090 4557 adversari,
3123 4506 3346 4564 excepta
3372 4496 3457 4549 ni-

230 4580 376 4632 κατά
417 4579 789 4648 συναρπαγὴν,
820 4579 914 4630 καὶ
942 4580 1005 4647 τῇ
1056 4579 1346 4648 Ἐκκλησία
1379 4579 1626 4648 συνήφθη
1656 4598 1669 4609 ·
1695 4579 1791 4631 καὶ

226 4670 312 4722 ὅτι
345 4670 481 4740 πρὸς
509 4669 586 4738 τῷ
616 4669 758 4722 τέλει
784 4667 942 4721 αὑτοῦ
969 4668 1166 4737 πολλὴν
1197 4669 1388 4721 ἕνωσιν
1440 4671 1536 4722 καὶ
1572 4669 1790 4741 ἀγάπην

229 4760 325 4812 καὶ
354 4759 664 4829 συνομιλίαν
699 4761 917 4812 ἀένναον
945 4759 1083 4828 μετὰ
1123 4760 1437 4830 Νικηφόρον
1481 4761 1572 4812 τοῦ
1624 4761 1790 4814 ἀοιδί-

233 4867 338 4919 μου
375 4850 713 4919 πατριάρχου
747 4851 1011 4920 ἐκέκτητο
1037 4864 1050 4878 ⁶
1083 4849 1372 4920 ἐπληρώθη
1409 4850 1538 4916 γοῦν
1570 4852 1655 4903 ἐπ’
1686 4853 1787 4904 αὑ·-

228 4938 308 5008 τῷ
360 4939 421 4992 τὸ
447 4941 502 4991 ὲν
533 4940 780 5009 Ψαλμοῖς
814 4939 1099 5008 εἰρημένον
1131 4940 1258 5008 περὶ
1293 4938 1384 4989 τοῦ
1412 4939 1650 5007 δικαίου,
1709 4941 1790 4992 ὅτι

231 5027 419 5081 Ὅταν
447 5027 715 5095 πέσῃ,οὑ
733 5024 1299 5093 καταρῤαχθήσεται,
1328 5026 1417 5078 ὅτι
1442 5028 1654 5094 Κύριος
1683 5028 1790 5081 ἀν-

231 5115 544 5185 τιστηρίζει
605 5116 769 5184 χεῷα
826 5115 1048 5170 αὐτοῦ·
1099 5118 1146 5167 εἰ
1170 5115 1277 5185 γὰρ
1304 5116 1364 5167 τὸ
1422 5117 1790 5187 προσκροῦσαι

230 5207 326 5258 καὶ
352 5206 430 5274 τῷ
458 5206 671 5273 τυχόντι
697 5205 854 5273 ἰερεῖ,
898 5203 1024 5256 ἀνευ
1052 5203 1248 5272 δηλαδὴ
1276 5203 1559 5272 αἱρέσεως,
1617 5204 1788 5273 μέγαν

231 5297 345 5366 ἔχει
376 5299 469 5349 τὸν
512 5297 774 5359 κίνδυνον,
820 5296 1048 5363 πηλίκον
1103 5291 1171 5362 ἦν
1222 5295 1281 5347 τὸ
1335 5296 1468 5365 πρὸς
1516 5297 1786 5364 τοιούτους

1901 4577 2099 4631 mirum
2131 4578 2344 4642 han-esi,
2371 4595 2698 4650 magnopere
2727 4583 3095 4651 periculosum
3126 4595 3229 4650 est,
3262 4587 3452 4654 quanti

1900 4669 2157 4722 momenti
2177 4668 2394 4723 demum
2428 4670 2530 4723 fuit
2558 4672 2754 4726 talibus
2777 4672 3054 4729 adversari
3085 4677 3454 4744 pontiﬁcibus,

1897 4757 2235 4823 pontiﬁcum,
2266 4760 2507 4828 inquam,
2530 4759 2899 4829 pontiﬁcibus,
2928 4763 3008 4816 vel
3040 4765 3220 4832 potius
3239 4773 3457 4833 aposto-

1897 4849 1986 4913 lis,
2029 4858 2088 4902 ut
2128 4866 2353 4918 magnus
2383 4852 2625 4921 loquitur
2652 4853 2985 4924 Dionysius?
3016 4853 3129 4909 Hoc
3156 4866 3336 4910 autem
3371 4857 3456 4911 di-

1895 4955 1995 4994 vus
2029 4957 2246 5011 quoque
2278 4943 2582 4998 Mcthodius
2614 4946 2788 4999 sancti
2816 4947 2918 4999 viri
2951 4947 3247 5016 discipulis,
3281 4949 3333 5002 id
3369 4958 3454 5003 est

1899 5029 2146 5096 Studitis,
2169 5033 2316 5101 juste
2340 5035 2556 5102 obiecit,
2576 5034 2654 5089 sic
2673 5037 2856 5090 dicens
2890 5055 2904 5090 :
2937 5035 3017 5089 Tu
3048 5038 3343 5092 monachus
3369 5055 3452 5101 es,

1896 5137 2070 5190 neque
2099 5123 2193 5177 tibi
2222 5125 2347 5180 licet
2363 5127 2704 5180 sacerdotum
2733 5143 2818 5181 res
2838 5129 3103 5194 scrutari;
3128 5130 3220 5184 sed
3246 5138 3295 5184 te
3317 5129 3451 5184 sub-

1890 5213 2092 5281 jectum
2132 5231 2252 5270 esse
2273 5227 2503 5286 oportet,
2529 5233 2637 5271 non
2663 5219 2798 5274 alios
2821 5219 3090 5286 subjicere
3115 5230 3209 5275 aut
3232 5220 3447 5275 eventi-

1897 5307 2033 5362 lare.

231 5391 506 5458 ἀρχιερεῖς
538 5389 696 5442 τοῦτο
752 5389 1022 5456 γενέσθαι,
1055 5388 1149 5440 καὶ
1183 5388 1481 5456 ἀρχιερέων
1521 5392 1815 5462 ἀρχιερεῖς,
1860 5399 2057 5465 μᾶλλον
2086 5401 2141 5454 δὲ
2179 5404 2273 5454 καὶ
2307 5401 2633 5465 ἀποστόλους
2667 5404 2884 5468 αὐτοὺς,
2933 5403 3075 5458 κατά
3135 5403 3229 5457 τὸν
3274 5401 3447 5473 μέγαν

224 5478 544 5542 Διονύσιον;
597 5477 754 5530 τοῦτο
800 5479 908 5547 γάρ
954 5480 1092 5530 καὶὸ
1128 5479 1268 5540 θεῖος
1317 5479 1576 5542 Μεθὸδιος
1629 5483 1763 5550 πρὸς
1796 5488 1918 5551 τοὺς
1964 5490 2056 5543 τοῦ
2122 5493 2277 5560 ἁγίου
2323 5493 2588 5562 μαθητὰς,
2640 5496 2765 5556 τοὺς
2805 5495 3088 5558 Στουδίτας
3143 5495 3307 5564 φημὶ,
3361 5493 3444 5545 διο

226 5572 400 5632 καίως
428 5569 787 5639 προτείνεται,
822 5569 992 5636 λέγων
1013 5570 1183 5630 οὕτως
1208 5586 1220 5598 ·
1258 5569 1328 5620 Σὺ
1372 5570 1601 5638 μοναχὸς
1627 5568 1696 5636 εἴ,
1734 5577 1824 5626 καὶ
1861 5581 1957 5632 οὐκ
1989 5582 2164 5646 ἔξεστί
2235 5600 2316 5637 σοι
2351 5583 2622 5648 ἐξετάζειν
2671 5584 2740 5637 τὰ
2782 5582 2890 5637 τῶν
2928 5586 3109 5655 ἱερῶν,
3156 5583 3270 5637 ἀλλ’
3316 5583 3450 5636 ὑπο-

227 5659 527 5717 τάσσεσθαι
557 5674 617 5710 σε
662 5657 787 5727 χρὴ,
821 5659 913 5710 καὶ
961 5658 1057 5728 οὐχ
1087 5655 1413 5713 ύποτάσσειν
1447 5660 1565 5714 οὐδὲ
1596 5662 1868 5728 ἐξετάζειν
1899 5671 2114 5735 αύτούς.

304 5777 348 5807 ³⁸
371 5772 518 5828 Psal.
545 5786 727 5830 XXM‘I.
761 5773 850 5828 Ἡ.
