3968 6436
513 376 647 440 1859
1702 377 1939 436 INDEX
1978 376 2525 437 EPISTOLARUM.
3600 367 3741 433 1860

1247 661 1807 724 EPISTOLARUM
1831 662 2278 723 EARUMDEM
2313 663 2499 724 ALlA
2532 661 3036 724 DISTRIBUTIO

1805 843 1867 881 ex
1901 827 2069 896 Regio
2096 827 2282 882 codice
2319 827 2438 881 709.

577 939 634 996 In
671 940 775 997 hac
803 940 976 996 sancti
1006 939 1282 996 Theodori
1327 941 1481 997 Stud.
1517 943 1870 1012 epistolarum
1908 943 2146 997 editione
2180 944 2350 998 secuti
2389 943 2606 1013 quidem
2639 961 2830 1000 sumus
2859 947 3103 1000 ordinem
3150 953 3203 999 et
3236 953 3453 999 modum
3484 961 3596 1015 quo
3630 953 3726 1001 de-

509 1030 724 1099 scriptae
771 1038 898 1084 sunt
936 1029 990 1082 in
1019 1029 1399 1086 Columnensis
1438 1019 1778 1086 bibliothecae
1807 1030 2015 1092 codice,
2048 1045 2210 1099 quem
2251 1031 2454 1099 passim
2499 1031 2684 1086 laudat
2728 1042 2782 1087 et
2833 1043 3094 1102 perpetuo
3134 1033 3383 1102 sequitur
3424 1033 3734 1088 Canlinalis

510 1115 800 1171 Baronius.
826 1115 1052 1170 Gratum
1101 1127 1282 1172 tamen
1321 1117 1616 1172 lectoribus
1658 1132 1757 1172 nec
1793 1132 2254 1186 supervacaneum
2297 1117 2413 1171 fore
2459 1118 2772 1188 putavimus
2820 1120 2984 1174 aliam
3021 1120 3338 1175 earumdem
3375 1120 3734 1190 epistolarum

511 1203 977 1269 distributionem,
1006 1220 1170 1274 quam
1201 1203 1423 1260 Graecus
1448 1205 1627 1276 Regia:
1655 1206 1997 1260 bibliotheca
2024 1205 2193 1260 codex
2227 1193 2465 1270 exhibet,
2503 1206 2592 1260 hic
2621 1208 2783 1260 etiam
2828 1207 3092 1275 conspici.

581 1289 703 1360 Ipso
733 1293 1085 1362 epistolarum
1142 1296 1387 1349 omnium
1435 1295 1588 1349 initio
1617 1296 1784 1350 codex
1833 1293 2035 1361 Regius
2081 1295 2147 1346 ha

2168 1308 2220 1346 tc
2263 1293 2424 1346 habet
2466 1293 2865 1362 inscriptionem
2907 1313 2919 1347 :
2965 1295 3130 1365 Ἀρχὴ
3153 1293 3246 1348 τοῦ
3274 1295 3492 1364 πρώτου
3530 1294 3735 1364 βιϐλίου

512 1375 605 1429 τοῦ
627 1377 789 1430 αὑτοῦ
824 1380 886 1431 ὲκ
912 1378 1019 1431 τῶν
1073 1378 1342 1451 διαφόρων
1371 1379 1534 1434 αὑτοῦ
1567 1380 1860 1434 ἐπιστολῶν
1892 1399 1905 1411 ·
1938 1381 2079 1445 ὲκλοτ

2165 1381 2263 1449 τῆς
2311 1381 2498 1450 τρίτης
2531 1382 2764 1450 ὲξορίας.
2804 1383 2881 1436 Ac
2916 1394 3218 1452 sequuntur
3257 1383 3501 1452 epistolas
3541 1385 3732 1435 decem

514 1478 746 1530 quarum
778 1480 1117 1534 unaquaeque
1151 1467 1466 1521 inscribitur
1501 1485 1513 1520 :
1546 1467 1859 1536 Δογματικὴ
1886 1468 2012 1536 περ).
2046 1483 2081 1518 τε

2187 1469 2432 1522 εἰκόνων.
2475 1468 2566 1523 liae
2593 1478 2722 1524 sunt
2752 1470 2803 1523 in
2827 1470 3063 1526 editione
3102 1479 3310 1536 nostra,
3364 1471 3460 1525 lib.
3516 1470 3582 1535 ll,
3618 1471 3735 1540 epi-

515 1555 652 1608 stola
674 1556 726 1619 1,
753 1555 807 1621 4,
834 1557 887 1620 6,
919 1556 973 1622 8,
1015 1556 1101 1621 10,
1131 1559 1219 1622 21,
1249 1559 1338 1622 25,
1362 1558 1449 1621 26,
1482 1560 1547 1613 55
1575 1570 1625 1612 et
1655 1557 1743 1611 56.

585 1641 779 1696 Postea
802 1643 854 1696 in
903 1641 1072 1713 Regio
1110 1643 1308 1699 Codice
1349 1645 1540 1713 legitur
1568 1645 1850 1713 inscriptio
1891 1644 2041 1698 hazc:
2079 1644 2150 1695 To

2169 1642 2183 1694 3
2217 1641 2469 1709 δευτέρου
2519 1640 2743 1710 βιὸλίου.
2788 1639 2924 1695 Tum
2962 1650 3268 1712 sequuntur
3317 1640 3562 1710 epistola:
3601 1657 3736 1710 qua-

516 1727 782 1795 draginta,
813 1743 1039 1797 quarum
1067 1728 1292 1798 singula:
1319 1731 1692 1784 inscribuntur
1729 1731 1892 1784 etiam
1923 1748 1935 1782 :
1967 1732 2083 1798 Δογι

2170 1728 2278 1796 τικὴ
2304 1730 2431 1796 περὶ
2451 1728 2558 1780 τῶν
2582 1728 2750 1796 ἁγίων
2789 1729 3031 1780 εἰκόνων·
3075 1738 3202 1784 sunt
3232 1739 3415 1783 autem
3449 1730 3502 1782 in
3549 1737 3737 1782 nostra

517 1810 778 1874 editione,
821 1811 943 1864 libri
985 1813 1209 1865 secundi
1236 1814 1462 1879 epistola
1487 1814 1574 1876 41,
1605 1814 1694 1874 42,
1717 1812 1806 1877 65,
1839 1812 1926 1877 72,
1960 1812 2047 1876 84,
2077 1816 2084 1862 1

2199 1814 2625 1878 151.198,156,
2664 1817 2787 1875 158,
2824 1816 3253 1883 161,162,165,
3290 1817 3566 1881 166,167,
3609 1817 3734 1880 169,

517 1896 644 1958 290,
675 1897 795 1959 194,
831 1897 950 1961 199,
978 1898 1104 1965 204,
1139 1898 1264 1962 212,
1293 1898 1420 1964 217,
1446 1899 1573 1966 218,
1609 1900 1730 1962 152,
1760 1900 1880 1965 155,
1917 1901 2037 1966 154,
2065 1902 2184 1968 155,
2221 1903 2343 1968 157,
2367 1901 2490 1966 159,
2521 1901 2643 1968 160,
2671 1901 2792 1966 164,
2825 1903 2949 1970 165,
2979 1905 3104 1967 168,
3134 1903 3258 1969 170,
3291 1903 3416 1968 171,
3450 1904 3578 1968 172,
3615 1903 3738 1966 175,

519 1983 643 2048 195,
665 1983 792 2050 215,
823 1983 927 2038 219

587 2069 719 2136 Quae
740 2073 984 2140 proxime
1020 2082 1324 2140 sequuntur
1344 2074 1586 2142 epistola:
1613 2089 1839 2130 numero
1860 2075 2255 2147 quinquaginta
2281 2096 2394 2145 sex,
2435 2082 2635 2137 habent
2665 2081 2806 2136 hanc
2833 2079 3242 2148 inscriptionem
3275 2095 3288 2132 :
3328 2077 3436 2131 Τοῦ
3462 2077 3630 2131 αὑτοῦ
3679 2077 3740 2129 ἐκ

518 2158 627 2210 τῶν
670 2158 943 2228 διαφόρων
983 2160 1144 2214 αὑτοῦ
1181 2161 1476 2214 ἐπιστολῶν
1506 2161 1703 2232 ἐκλογὴ
1739 2163 1836 2232 τῆς
1870 2163 2085 2233 πρώτης

2173 2167 2217 2219 ιὶ
2241 2167 2499 2240 δευτέρας
2537 2167 2771 2240 ὲξορῐας.
2810 2170 2888 2223 Ac
2916 2167 3132 2222 easdem
3161 2180 3410 2236 prorsus,
3440 2163 3740 2233 eodemque

520 2244 659 2298 inter
691 2245 837 2313 ipsas
875 2246 1086 2311 ordine,
1123 2248 1174 2300 in
1201 2257 1386 2300 nostra
1408 2248 1644 2301 editione
1670 2259 2021 2316 reprasentat
2053 2253 2188 2308 liber
2224 2256 2453 2322 primus.

592 2331 686 2386 llis
719 2332 1037 2400 subjunctus
1069 2343 1152 2388 est
1181 2334 1234 2386 in
1274 2335 1461 2388 codice
1505 2335 1597 2388 illo
1626 2334 1815 2389 Graeco
1842 2334 2000 2390 Index
2037 2340 2104 2393 ad
2139 2351 2426 2409 sequentes
2455 2341 2716 2411 epistolas
2758 2341 3055 2411 pertinens,
3086 2349 3248 2409 atque
3289 2338 3362 2392 ita
3396 2337 3697 2406 inscriptus
3725 2352 3742 2388 :

522 2416 631 2470 Τοῦ
674 2418 837 2471 αὑτοῦ
871 2421 935 2472 ἐκ
966 2418 1072 2472 τῶν
1110 2419 1377 2490 διαφόρων
1427 2420 1592 2473 αὐτοῦ
1636 2421 1935 2475 ἐπιστολῶν
1968 2424 2167 2496 ἐκλογὴ
2208 2428 2306 2495 τῆς
2336 2426 2524 2498 τρίτης
2581 2427 2815 2500 ὲξορῐας.
2858 2427 2996 2481 Tum
3050 2428 3106 2480 in
3139 2424 3318 2478 Indice
3354 2425 3447 2479 illo
3479 2432 3742 2478 ηοιτιηιυτ

522 2506 784 2561 continua
817 2508 958 2562 serie
983 2509 1338 2564 ducentarum
1377 2518 1432 2564 et
1461 2510 1622 2564 unius
1655 2510 2009 2578 epistolarum
2048 2515 2210 2579 tituli,
2240 2515 2560 2571 exhibentes
2595 2515 2794 2586 singuli
2824 2529 3022 2569 nomen
3056 2513 3200 2568 illius
3227 2512 3295 2566 ad
3320 2527 3484 2581 quem
3511 2510 3740 2581 epistola

521 2594 780 2650 mittitur.

594 2680 725 2737 Post
765 2682 1000 2739 Iudicem
1047 2685 1330 2756 descriptae
1383 2696 1512 2741 sunt
1560 2687 1804 2757 epistola:
1857 2689 1963 2742 illae
2009 2688 2255 2742 ducentae
2286 2696 2338 2743 et
2363 2704 2493 2755 una,
2528 2688 2632 2744 sub
2666 2689 2771 2744 hoc
2811 2687 3103 2742 lemmate:
3148 2685 3379 2756 Ἐκλογὴ
3415 2687 3517 2756 τῆς
3559 2685 3742 2755 τρίτης

525 2768 760 2836 ἑξορεας.
792 2770 928 2825 Tum
963 2773 1016 2826 in
1051 2784 1285 2842 quatuor
1312 2774 1479 2830 libros
1518 2776 1855 2829 tribuuntur.

599 2856 778 2910 Prima
830 2857 994 2926 igitur
1033 2875 1102 2912 ex
1132 2860 1198 2914 iis
1238 2861 1518 2929 epistolis,
1566 2872 1762 2930 praeter
1817 2861 1988 2930 ipsius
2038 2861 2446 2930 inscriptionem
2492 2861 2785 2930 propriam,
2842 2861 3004 2915 habet
3038 2861 3184 2915 hunc
3213 2872 3433 2928 quoque
3473 2857 3690 2912 titulum
3723 2875 3738 2909 :

527 2943 716 2996 ΑΡΧΗ
745 2943 1022 2998 ΒΙΒΛΙΟΥ
1059 2945 1139 3000 Δ’.
1182 2945 1285 3011 Qui
1333 2947 1524 3002 titulus
1577 2950 1807 3016 pertinet
1838 2949 2093 3002 nimirum
2144 2948 2209 3001 ad
2260 2948 2517 3017 epistolas
2571 2947 2789 3016 triginta
2823 2963 2915 3001 sex
2951 2962 3116 3016 :quaa
3147 2947 3562 3015 subsequuntur
3591 2962 3603 2997 :
3637 2944 3738 2997 nisi

528 3031 674 3098 quod
706 3047 813 3087 una
843 3032 1026 3096 deest;
1065 3033 1221 3101 cujus
1273 3043 1457 3088 tamen
1493 3049 1702 3089 vacuus
1745 3035 1966 3089 relictus
2013 3044 2096 3087 est
2143 3035 2317 3088 locus.
2370 3034 2479 3088 Has
2528 3042 2731 3096 autem,
2780 3034 3080 3103 eodemque
3111 3034 3326 3098 ordine,
3361 3041 3549 3088 nostra
3579 3031 3746 3086 editio

528 3115 786 3182 exhibet,
821 3117 889 3170 ab
921 3116 1073 3172 initio
1101 3133 1293 3186 nempe
1322 3119 1443 3172 libri
1467 3120 1690 3173 secundi
1719 3135 1891 3186 usque
1919 3120 1984 3173 ad
2018 3120 2342 3173 tricesimam
2399 3121 2683 3188 septimam
2726 3121 3052 3188 epistolam;
3086 3131 3312 3190 excepta
3360 3129 3544 3176 tamen
3589 3118 3746 3173 tertia

534 3203 751 3256 numeri
775 3202 954 3270 illius;
981 3213 1144 3274 atque
1170 3205 1284 3259 haec
1313 3213 1398 3259 est
1417 3221 1515 3275 pro
1535 3221 1640 3275 qua
1662 3221 1892 3260 vacuum
1922 3206 2098 3260 locum
2135 3204 2295 3260 habet
2328 3205 2494 3260 codex
2522 3203 2756 3276 Regius;
2786 3207 2877 3276 qui
2905 3207 3263 3263 nihilominus
3293 3210 3348 3264 in
3381 3208 3561 3263 indice
3584 3220 3746 3276 supra

534 3296 856 3355 memorato,
895 3289 1038 3344 illius
1073 3291 1321 3360 epistolae
1351 3291 1761 3360 inscriptionem
1799 3291 2017 3345 exhibet
2051 3306 2113 3345 ac
2142 3291 2352 3346 numeri
2385 3302 2591 3356 notam,
2629 3293 2878 3349 videlicet
2903 3295 2962 3348 Γ.
2992 3295 3302 3365 ἡγουμένῳ.

597 3395 803 3451 Deinde
852 3397 908 3451 in
964 3397 1165 3454 Codice
1217 3397 1406 3453 Graeco
1455 3410 1674 3452 notatur
1703 3398 1890 3451 ΑΡΧΗ
1931 3399 2202 3453 ΒΙΒΛΙΟΥ
2235 3401 2310 3457 B'.
2355 3403 2431 3454 Ae
2472 3410 2770 3470 sequuntur
2825 3400 3215 3470 quinquaginta
3259 3399 3503 3467 epistolae
3551 3414 3566 3450 :
3616 3411 3751 3466 quas

535 3492 721 3540 nostra
751 3485 919 3540 editio
955 3486 1118 3541 simili
1146 3500 1374 3556 prorsus
1403 3486 1594 3540 ordine
1623 3485 1863 3556 subjicit,
1894 3500 1925 3539 a
1960 3486 2228 3542 tricesima
2248 3499 2398 3543 sexta
2425 3489 2633 3543 scilicet
2663 3486 2783 3541 libri
2809 3487 3031 3541 secundi
3062 3501 3236 3555 usque
3265 3485 3332 3540 ad
3356 3485 3750 3554 octogesimam

537 3575 847 3642 septimam.

608 3663 738 3718 Inde
789 3665 844 3718 in
883 3662 1081 3719 Codice
1117 3663 1306 3720 Grmco
1339 3664 1527 3719 ΑΡΧΗ
1568 3667 1840 3719 ΒΙΒΛΙΟΥ
1871 3667 1945 3720 I".
1981 3673 2035 3720 et
2065 3669 2366 3732 sequuntur
2391 3663 2634 3731 epistolae
2677 3664 2954 3732 sexaginta
2999 3669 3233 3730 quatuor
3280 3674 3402 3730 qua:
3431 3659 3488 3712 in
3515 3658 3752 3713 editione

541 3757 747 3815 nostra,
807 3749 999 3806 eodem
1051 3750 1214 3806 etiam
1264 3751 1475 3819 ordine,
1528 3753 1595 3807 ab
1643 3752 1966 3821 octogesima
2021 3761 2172 3805 sexta
2221 3752 2429 3806 scilicet
2485 3769 2658 3823 usque
2716 3755 2784 3808 ad
2835 3753 3191 3809 centesimam
3240 3751 3748 3822 quinquagesimae]

541 3852 795 3905 primam.

607 3945 745 4001 Tum
795 3947 1029 4019 denique
1061 3950 1249 4003 ΑΡΧΗ
1305 3949 1576 4002 ΒΙΒΛΙΟΥ
1608 3947 1681 4000 Δ’.
1718 3946 1782 4000 Et
1811 3956 2113 4016 sequuntur
2142 3947 2382 4016 epistolae
2407 3949 2648 4017 quinque
2690 3956 2743 4002 et
2791 3946 3014 4017 triginta
3063 3963 3182 4016 quae
3213 3946 3266 3999 in
3303 3953 3486 3999 nostra
3518 3944 3750 3998 editione

543 4045 672 4089 sunt
723 4035 842 4089 libri
893 4037 1114 4090 secundi
1145 4037 1372 4105 epistola
1403 4036 1523 4098 174,
1568 4034 1690 4097 175,
1727 4032 1997 4096 176,177,
2037 4033 2110 4086 171

2183 4035 2455 4099 179,180,
2488 4035 2612 4096 181,
2645 4034 2766 4097 182,
2800 4033 2920 4097 185,
2961 4033 3241 4096 181,185,
3282 4030 3406 4093 186,
3459 4031 3582 4093 187,
3629 4029 3745 4090 188,

545 4120 666 4187 199,
698 4122 786 4186 91,
812 4122 900 4188 99,
933 4122 1023 4188 95,
1053 4122 1144 4188 96,
1177 4121 1265 4185 97,
1285 4121 1409 4189 900,
1435 4122 1559 4186 901,
1594 4121 1720 4185 909,
1757 4121 1883 4186 901,
1907 4120 2034 4185 205,
2064 4120 2191 4184 206,
2224 4117 2350 4182 207,
2382 4117 2507 4183 909,
2538 4117 2663 4184 909,
2683 4117 2808 4181 910,
2835 4116 2960 4183 919,
2996 4116 3122 4180 213,
3149 4116 3274 4182 211,
3301 4115 3428 4180 215,
3455 4113 3585 4166 916.

1485 4460 1674 4521 ALIA
1703 4459 1901 4519 ITEM
1939 4457 2313 4518 PARTITIO
2369 4454 2818 4516 EARUMDEM

1785 4623 1853 4680 Ut
1889 4629 2086 4677 notatae
2124 4630 2251 4677 sunt
2290 4622 2340 4673 in
2382 4637 2514 4674 mss.

1831 4805 2099 4846 EPISTOLIE
2130 4802 2462 4844 DOGMATIC‘.

619 4910 782 4966 Libro
807 4908 874 4975 Il,
907 4907 1079 4979 Epist.
1111 4907 1164 4975 1,
1195 4909 1250 4969 4,
1292 4910 1346 4974 6,
1394 4909 1481 4971 10,
1511 4908 1599 4972 21,
1622 4905 1712 4970 25,
1749 4904 1839 4968 26,
1871 4904 1962 4968 55,
1988 4901 2075 4967 56,
2109 4902 2186 4969 41,

2182 4904 2310 4969 ,42,
2337 4903 2424 4963 45,
2458 4903 2545 4968 72,
2585 4902 2676 4966 84,
2708 4902 2798 4966 85,
2836 4900 2960 4964 151,
2999 4899 3121 4966 152,
3154 4899 3276 4962 155,
3315 4899 3440 4965 154,
3483 4900 3607 4965 155,
3647 4899 3739 4955 156

552 4997 983 5064 157,158,159,
1035 4996 1156 5062 160,
1209 4997 1332 5060 161,
1388 4997 1509 5056 162,
1566 4995 1687 5058 165,
1737 4991 1858 5056 164,
1891 4989 2014 5055 165,
2057 4990 2119 5043 16

2174 5033 2180 5054 ,
2214 4991 2329 5054 167,
2372 4990 2494 5056 168,
2530 4989 2650 5054 169,
2685 4989 2806 5054 170,
2848 4988 2971 5056 171,
3009 4989 3130 5055 172,
3169 4987 3292 5054 175,
3330 4987 3452 5056 190,
3491 4989 3741 5044 193.191

552 5088 674 5149 198,
707 5085 827 5152 199,
855 5085 982 5152 904,
1006 5083 1132 5153 919,
1159 5083 1286 5150 215,
1316 5082 1440 5150 217,
1466 5082 1590 5146 218,
1626 5078 1751 5134 219.

1960 5199 2363 5240 CATECHETICE.

621 5279 784 5335 Libro
806 5279 850 5346 Ι,
885 5279 1052 5350 Epist.
1087 5280 1176 5345 51,
1219 5277 1379 5334 Libro
1407 5278 1472 5345 11,
1503 5279 1671 5348 Epist.
1702 5276 1756 5345 8,
1787 5274 1875 5341 21,
1909 5275 1996 5335 57,
2029 5273 2118 5333 58,
2149 5274 2188 5326 61

1845 5316 1875 5341 λ,
1909 5275 1996 5335 57,
2029 5273 2118 5333 58,
2149 5273 2237 5334 62,
2271 5270 2468 5339 64,90,
2501 5272 2620 5340 112,
2654 5271 2778 5339 124,
2813 5271 2940 5339 151,
2971 5268 3096 5336 155,
3136 5269 3257 5334 140,
3294 5269 3412 5323 142.

1969 5376 2354 5416 ΡΛΒᾹΞΝΕΤΙΟᾹΞ.

622 5458 783 5513 Libro
811 5457 872 5525 ll,
910 5456 1083 5528 Epist.
1116 5459 1204 5523 55,
1249 5459 1366 5524 102,
1408 5458 1522 5523 105,
1560 5455 1678 5511 109.

1933 5547 2364 5589 οομδοιιλτοιιιε.

622 5623 781 5680 Libro
811 5625 851 5689 1,
890 5625 1056 5694 Epist.
1098 5627 1182 5692 12,
1212 5627 1298 5681 59.

2015 5785 2282 5806 W
