4172 6472
698 405 802 468 715

1880 399 1940 458 S-
1981 395 2372 459 THEODORI
2427 394 2773 454 STUDszE

3867 392 3986 457 716

771 519 823 574 5.
849 515 953 572 Sed
981 531 1045 570 ne
1075 514 1226 585 plura
1248 513 1482 569 dicendo
1504 512 1785 569 videamur
1810 511 2112 567 orationem
2145 523 2273 578 pro-

2447 516 2509 564 e'.
2545 509 2653 563 Καὶ
2683 509 2768 562 ἵνα
2814 506 2889 578 μὴ
2922 504 3092 560 πολλά
3142 503 3390 574 λέγοντες
3437 503 3680 576 δόξωμεν
3727 507 3989 577 μηκῦναι

698 613 916 671 ducere,
956 607 1020 660 ad
1050 608 1222 675 ipsam
1257 621 1437 660 rerum
1497 618 1766 660 summam
1799 601 2108 656 veniamus.
2146 598 2281 654 Pos-

700 714 877 755 tremo
916 699 1082 767 igitur
1115 697 1262 751 cruci
1288 696 1515 765 necique
1541 695 1774 749 traditus
1793 694 1894 748 l'uit
1924 694 2110 762 gloria:
2140 693 2278 760 Rex,

699 807 752 848 ct
785 795 838 846 in
883 793 1032 862 ligno
1073 790 1244 845 clavis
1282 788 1532 844 conlisus
1569 788 1661 855 qui
1692 802 1722 840 a
1766 786 2098 841 Cherubinis
2123 786 2282 840 Sera-

702 885 996 956 phinisque
1024 883 1350 953 hymnorum
1370 889 1531 933 cantu
1566 877 1892 937 celebratur.
1934 885 1988 932 et
2016 891 2045 930 a
2071 877 2284 933 cunctis

706 975 1003 1030 virtutibus
1030 971 1345 1042 angelisque
1375 970 1651 1024 adoratur.
1704 968 1827 1023 Haec
1853 969 2083 1038 benigne
2117 970 2284 1024 susti-

702 1073 822 1126 nuit
854 1086 917 1124 ac
961 1082 1158 1139 passus
1202 1073 1309 1131 est,
1357 1064 1514 1120 nobis
1567 1061 1874 1132 exemplum
1922 1061 2188 1131 praebens,
2231 1070 2287 1115 et

703 1162 1140 1219 mansuetudinis
1206 1158 1382 1213 factus
1443 1155 1722 1226 magister.
1791 1153 2132 1221 Quapropter
2186 1166 2286 1206 nos

702 1270 924 1325 quoque
960 1254 1222 1308 debemus
1249 1247 1623 1319 improborum
1653 1245 1936 1300 hominum
1963 1244 2139 1298 minas
2169 1241 2284 1296 for-

704 1351 828 1401 titer
863 1345 1024 1399 ferre.
1043 1343 1184 1409 Quin
1214 1339 1350 1394 adeo
1369 1339 1421 1392 in
1448 1351 1610 1392 cruce
1634 1334 1877 1405 pendens
1895 1332 2102 1396 majora
2121 1346 2287 1401 opera

703 1451 758 1491 et
793 1438 948 1507 plura
990 1432 1253 1488 miracula
1298 1431 1491 1495 edidit,
1521 1439 1582 1482 ut
1620 1428 1693 1481 ita
1731 1426 1837 1482 Deo
1876 1424 2164 1479 odibilium
2195 1438 2288 1479 ve-

704 1531 913 1584 saniam
968 1527 1204 1590 sedaret,
1262 1536 1438 1592 neque
1464 1519 1871 1575 excusationem
1919 1514 2286 1570 incredulitati

703 1636 816 1674 sua:
849 1618 1267 1688 praatendercnt,
1298 1612 1444 1683 quod
1471 1610 1770 1680 simplicem
1803 1607 2077 1660 hominem
2108 1603 2289 1660 cruci-

709 1711 978 1764 lixisscnt.
1021 1705 1207 1759 Primo
1239 1703 1424 1770 itaque
1463 1713 1658 1768 passus
1687 1693 2036 1752 estChristus
2065 1710 2125 1750 se
2163 1709 2290 1750 cru-

705 1802 875 1871 ciligi,
896 1810 948 1853 et
973 1799 1022 1852 in
1051 1809 1228 1850 aerem
1255 1791 1450 1855 attolli,
1475 1801 1526 1843 ut
1546 1804 1736 1843 aereos
1757 1789 2030 1841 daemones
2053 1784 2285 1853 fugaret.

709 1854 1027 1961 Suspensus
1067 1894 1150 1941 cst
1189 1886 1354 1953 ligno,
1391 1891 1449 1935 ut
1486 1880 1702 1950 culpam
1738 1878 1868 1947 ligni
1906 1891 2071 1930 causa
2111 1875 2284 1928 liomi~
2319 1854 2361 1909 Β

706 1985 870 2039 nibus
909 1981 1040 2034 olim
1101 1976 1361 2031 inllictam
1386 1973 1706 2040 corrigeret.
1741 1968 1955 2023 Lancea
1992 1967 2136 2020 latus
2165 1965 2286 2034 ejus

707 2075 1041 2147 perfossum,
1070 2078 1286 2141 prOpter
1312 2072 1586 2134 sumptam
1615 2063 1682 2116 de
1707 2061 1900 2115 Adami
1933 2058 2102 2112 latere
2125 2055 2284 2110 femi-

709 2182 854 2221 nam.
913 2163 1049 2217 Nam
1113 2170 1299 2231 postea
1353 2170 1517 2225 quam
1575 2168 1799 2222 serpens
1852 2150 2020 2205 Evam
2052 2147 2284 2216 decepit,

709 2259 928 2328 [iraque
951 2254 1219 2309 Adamuni
1255 2249 1320 2303 ad
1355 2245 1845 2315 transgressionem
1879 2241 2111 2312 impulit,
2145 2240 2286 2295 edita

707 2357 791 2404 est
836 2353 1027 2402 contra
1080 2351 1375 2408 utrumque
1418 2336 1710 2400 sententia,
1781 2334 2118 2403 regnat-itque
2146 2347 2286 2385 mors

720 2442 786 2495 ab
847 2439 1052 2491 Adamo
1103 2448 1266 2502 usque
1302 2433 1368 2484 ad
1417 2428 1635 2499 Moysen
1683 2441 1839 2494 super
1868 2441 1953 2479 eos
1988 2425 2147 2478 etiam
2198 2425 2288 2492 qui

711 2553 814 2589 non
865 2536 1202 2603 peccaverant
1238 2526 1301 2578 ”.
1358 2523 1645 2592 PrOpterea
1680 2521 1994 2573 vulneratur
2024 2517 2187 2580 latus,
2231 2525 2290 2569 ut

710 2628 990 2682 discamus
1032 2636 1137 2675 non
1184 2618 1315 2672 viris
1362 2613 1703 2673 tantumodo,
1737 2625 1925 2664 verum
1969 2610 2133 2663 etiam
2172 2625 2290 2661 mu-

713 2719 938 2774 lieribus
972 2713 1277 2784 paSsioneni
1305 2705 1524 2761 Christi-
1570 2703 1816 2756 attulisse
1859 2701 2110 2754 salutem.
2139 2698 2287 2752 Ada-

713 2828 830 2864 mus
863 2809 1002 2863 enim
1029 2804 1174 2873 prior
1200 2801 1459 2870 formatus
1491 2795 1615 2864 fuit,
1667 2793 1849 2846 deinde
1880 2790 1990 2843 Eva
2016 2805 2033 2842 :
2066 2799 2113 2844 et
2144 2791 2291 2842 Ada-

712 2919 828 2958 mus
853 2898 1061 2970 quidem
1095 2910 1195 2947 non
1235 2900 1312 2946 est
1351 2891 1616 2958 deceptus.
1656 2886 1744 2938 sed
1783 2883 1970 2937 mulier
1996 2886 2206 2951 decepta
2237 2883 2292 2934 in

714 2992 1180 3064 transgressionem
1219 2984 1442 3038 incurrit
1477 2983 1541 3036 ”.
1585 2979 1894 3034 Salvabitur
1941 2988 2122 3031 tamen
2163 2990 2290 3046 pro-

715 3099 835 3158 pter
882 3091 1084 3138 sanctee
1141 3077 1324 3131 Maria:
1354 3082 1590 3145 partum.
1631 3068 1753 3125 l‘lzec
1777 3071 1920 3124 enim
1946 3068 2290 3123 Servatoreni

2379 603 2471 657 τὸν
2502 602 2681 671 λόγον,
2715 599 2959 671 ἔλθωμεν
3011 599 3109 652 καὶ
3151 599 3232 662 είς
3269 597 3411 652 αύτά
3439 599 3507 653 τά
3540 598 3816 668 κεφάλαια
3863 601 3988 653 τῶν

2380 694 2726 766 πραγμάτων
2753 707 2767 722 ⁸
2819 691 2973 753 τέλος
3005 685 3100 744 οὖν
3133 690 3302 760 ἤγετο
3329 690 3424 743 ἐπὶ
3473 689 3568 744 τὸν
3602 692 3841 761 σταυρὸν
3879 694 3990 744 καὶ

2383 781 2614 836 θάνατον
2641 781 2670 832 6
2698 778 2799 848 τῆς
2846 776 3006 848 δόξης
3041 775 3314 846 βασιλεὺς,
3365 777 3462 830 καὶ
3518 777 3842 848 προσήλωτο
3900 777 3990 847 τῷ

2383 873 2527 944 ξύλῳ
2556 875 2584 926 6
2615 871 2720 924 ὑπὸ
2750 870 2860 923 τῶν
2897 868 3179 941 Χερουϐὶμ
3217 869 3310 922 καὶ
3342 868 3593 940 Σεραφὶμ
3621 869 3988 939 ἀνυμνούμε-

2385 982 2495 1028 νος,
2530 964 2624 1018 καὶ
2645 961 2752 1016 ὑπὸ
2781 960 2969 1015 πασῶν
2994 957 3279 1030 δυνάμεων
3308 976 3368 1013 τε
3403 961 3495 1014 καὶ
3522 960 3771 1028 ἀγγέλων
3805 977 3995 1030 προσ-

2384 1053 2736 1123 κυνούμενοςο
2771 1050 2946 1105 ταῦτα
2988 1050 3046 1104 δέ
3075 1050 3296 1120 πραέως
3330 1050 3571 1120 ὑπέμενέ
3614 1068 3672 1103 τε
3706 1052 3802 1103 καὶ
3830 1052 3989 1104 επα-

2388 1162 2536 1217 σχεν,
2587 1147 2725 1218 ἡμῖν
2776 1141 3142 1215 ὑπογραμμὸν
3184 1142 3464 1212 παρέχων,
3511 1143 3607 1196 καὶ
3651 1141 3993 1206 διδάσκαλος

2386 1237 2686 1300 ἐπιεικείας
2710 1235 3005 1306 γινόμενος
3026 1249 3040 1264 ·
3069 1233 3160 1287 διά
3182 1233 3340 1288 τοῦτο
3370 1229 3465 1288 οὖν
3493 1235 3589 1288 καὶ
3624 1237 3788 1306 ἡμεῖς
3816 1236 3989 1304 ὀφεί-

2386 1327 2553 1397 λομεν
2591 1326 2857 1396 γενναίως
2897 1326 3089 1397 φέρειν
3113 1325 3215 1389 τὰς
3239 1325 3349 1378 τῶν
3381 1325 3637 1397 πονηρῶν
3664 1325 3990 1397 ἀνθρώπων

2387 1419 2623 1482 ἀπειλάς
2647 1435 2663 1449 ·
2702 1416 2840 1470 άλλά
2870 1417 2979 1486 γάρ
3005 1417 3102 1469 καὶ
3137 1415 3232 1468 ἐπὶ
3254 1415 3349 1469 τοῦ
3378 1412 3614 1488 σταυροῦ
3639 1418 3990 1489 κρεμασθεὶς

2392 1512 2616 1584 μείζονα
2665 1509 2803 1580 ἔργα
2840 1510 2937 1562 καὶ
2977 1507 3202 1561 πλείονα
3245 1507 3501 1578 θαύματα
3525 1508 3850 1574 ἐνεδείξατο,
3897 1509 3993 1564 ἵνα

2387 1607 2455 1662 ἂν
2483 1606 2655 1669 οὕτως
2689 1603 2875 1676 παύσῃ
2905 1602 3014 1657 τῶν
3061 1601 3369 1671 θεοστυγῶν
3406 1603 3530 1674 τὴν⁶
3566 1603 3786 1674 μανίαν,
3830 1600 3989 1657 ὥστε

2393 1697 2467 1768 μὴ
2494 1697 2640 1766 ἔχειν
2660 1695 2856 1758 αὐτοὺς
2881 1695 3156 1765 πρόφασιν
3181 1693 3280 1764 τῆς
3308 1693 3588 1758 ἀπιστίας,
3623 1695 3762 1766 μήτε
3788 1695 3986 1763 λέγειν

2392 1791 2475 1843 ὅτι
2504 1788 2676 1843 Ψιλὸν
2703 1787 2990 1858 ἄνθρωπον
3015 1785 3472 1858 ἐσταυρὼσαμεν·
3503 1787 3721 1859 πρῶτον
3749 1788 3852 1858 μὲν
3886 1783 3991 1840 οὖν

2389 1881 2650 1951 ἠνέσχετο
2693 1881 2722 1932 6
2763 1878 2998 1948 Χριστὸς
3029 1877 3432 1949 σταυρωθῆναι,
3466 1881 3563 1933 καὶ
3600 1880 3682 1942 είς
3711 1880 3806 1932 τὸν
3834 1878 3990 1948 ἀέρα.

2387 1971 2645 2044 ἀρθῆναι,
2687 1970 2774 2022 ἵνα
2802 1970 2929 2032 τοὺς
2962 1970 3020 2021 ἐν
3043 1968 3120 2038 τῷ
3155 1968 3277 2039 ἀέρι
3308 1969 3568 2038 δαίμονας
3610 1968 3938 2039 φυγαδεύσῃ
3969 1986 3983 1998 .

2388 2061 2703 2135 ἐκρεμάσθη
2733 2059 2826 2114 ἐπὶ
2857 2060 3038 2128 ξύλου,
3069 2061 3159 2115 ἵνα
3190 2061 3288 2130 τὴν
3314 2061 3481 2114 πάλαι
3505 2060 3594 2114 διά
3616 2061 3776 2127 ξύλου
3807 2077 3989 2131 προσ-

2387 2159 2685 2230 γενομένην
2722 2158 2835 2221 τοῖς
2865 2155 3178 2228 ἀνθρώποις
3205 2156 3479 2226 ἁμαρτίαν
3515 2156 3734 2226 ίάσηται
3755 2173 3768 2188 ⁸
3807 2155 3989 2227 ἐνύγη

2388 2248 2484 2303 καὶ
2515 2247 2682 2319 λόγχῃ
2716 2247 2813 2318 τὴν
2836 2245 3094 2317 πλευράν,
3125 2245 3212 2299 διὰ
3251 2245 3348 2317 τὴν
3381 2248 3446 2301 ἐκ
3485 2248 3586 2318 τῆς
3609 2247 3853 2317 πλευρᾶς
3883 2245 3987 2300 τοῦ

2400 2340 2574 2410 Ἀδάμ
2602 2338 2899 2408 ληφθεῖσαν
2931 2339 3163 2405 γυναῖκα
3191 2354 3206 2368 ο
3265 2338 3458 2410 ἐπειδὴ
3492 2338 3599 2410 γάρ
3623 2340 3650 2392 6
3701 2338 3826 2406 δφις
3882 2338 3989 2407 τὴν

2390 2433 2533 2488 Εὕαν
2563 2431 2864 2502 ἠπάτησεν,
2891 2429 2924 2499 ἡ
2948 2429 3004 2483 δὲ
3037 2429 3151 2482 Εὕα
3176 2429 3266 2483 τδν
3288 2429 3459 2501 Ἀδάμ
3489 2429 3803 2500 παραϐῆναι
3835 2446 3990 2499 παρ-

2390 2524 2704 2587 εσκεύασεν,
2732 2521 2954 2592 ἐξῆλθεν
3016 2521 3081 2591 δὴ
3120 2521 3393 2588 ἀπόφασις
3425 2521 3564 2574 κατά
3596 2521 3706 2573 τῶν
3737 2521 3989 2590 ἀμφοτέ-

2395 2636 2523 2688 ρων,
2549 2615 2659 2672 Καί
2680 2615 3086 2669 ἐϐασίλευσεν
3110 2614 3143 2665 d
3167 2611 3425 2677 θάνατος
3446 2612 3566 2665 ἀπὸ
3600 2610 3782 2680 Ἀδὰμ
3803 2611 3989 2679 μέχρι

2391 2707 2689 2772 Μωῦσέως
2732 2705 2830 2759 καί
2882 2703 2982 2758 ἐπὶ
3029 2703 3168 2769 τοὺς
3203 2701 3290 2772 μὴ
3344 2703 3833 2771 ἁμαρτήσαντας.
3883 2701 3989 2754 Διά

2391 2797 2548 2852 τοῦτο
2595 2795 3017 2866 τιτρώσκεταιή
3069 2794 3300 2864 πλευρά,
3335 2793 3423 2846 ἵνα
3457 2791 3721 2863 μάθωμεν
3775 2792 3860 2844 ὅτι
3915 2790 3980 2842 ού

2396 2891 2558 2960 μόνον
2587 2887 2845 2956 ἀνδράσιν
2890 2887 3087 2956 ἤνεγκε
3125 2885 3402 2956 σωτηρίαν
3431 2885 3492 2938 τὸ
3523 2883 3693 2947 πάθος
3720 2883 3818 2937 τοῦ
3846 2884 3986 2952 Χρι-

2398 2981 2544 3046 στοῦ,
2569 2981 2703 3034 ἀλλά
2746 2979 2840 3032 καὶ
2868 2977 3113 3046 γυναιξί·
3153 2975 3335 3043 Ἀδὰμ
3366 2976 3474 3044 γὰρ
3521 2973 3752 3043 πρῶτος
3791 2971 3985 3026 ἐπλά-

2394 3077 2536 3138 σθη,
2583 3066 2710 3125 εἶτα
2760 3069 2888 3122 Εὕα
2919 3083 2933 3098 ·
2991 3066 3092 3119 καί
3126 3065 3310 3134 Ἀδὰμ
3358 3067 3471 3118 οὐκ
3502 3063 3807 3133 ἠπατήθη,
3843 3063 3882 3131 ἠ
3913 3062 3988 3117 δὲ

714 3155 994 3233 Christum
1030 3170 1236 3242 peperit
1261 3168 1379 3223 sine
1420 3165 1521 3218 viri
1556 3176 1876 3232 congressu,
1909 3159 2044 3213 Isaia
2073 3158 2292 3220 teste",

2398 3163 2552 3234 γυνὴ
2592 3159 2968 3227 ἀπατηθεῖσα
3000 3159 3070 3212 ἐν
3101 3157 3432 3226 παραϐάσει
3464 3156 3693 3228 γέγονε.
3742 3155 3988 3226 mea“.

717 3274 809 3326 sed
841 3269 1012 3324 sancti
1041 3263 1272 3334 Spiritus
1296 3256 1732 3318 obumbratione,
1765 3255 1908 3310 sicut
1931 3251 2294 3321 archangelus

717 3360 937 3418 Gabriel
997 3355 1359 3411 nuntiaverat.
1443 3347 1809 3415 Quamobrem
1861 3346 2005 3402 latus
2074 3359 2296 3414 quoque

718 3454 920 3511 Christi
951 3451 1288 3512 vulneratur,
1322 3452 1382 3499 ut
1418 3441 1674 3514 praedicta
1711 3439 2113 3508 dispensatorio
2135 3436 2296 3492 modo

721 3548 930 3609 tierent,
959 3541 1210 3611 baptismi
1243 3535 1559 3608 mysterium
1596 3532 2005 3603 praedicaretur,
2033 3540 2087 3585 et
2113 3529 2294 3582 futura

720 3638 893 3709 gratia
925 3634 1286 3688 illucesceret.
1319 3626 1619 3681 Eliciuntur
1646 3625 1790 3679 enim
1825 3622 2047 3692 sanguis
2076 3631 2130 3676 et
2156 3635 2295 3690 aqua

720 3747 784 3785 cx
825 3726 1029 3781 Christi
1066 3724 1250 3785 latere,
1288 3726 1346 3774 ut
1387 3716 1594 3789 peccati
1632 3714 2054 3784 chirographum
2099 3723 2291 3767 contra

724 3837 821 3874 nos
865 3818 1124 3887 scriptum
1171 3814 1404 3878 eluatur,
1441 3809 1708 3878 sanguine
1742 3806 1889 3860 illius
1916 3804 2292 3875 purificemur,

721 3922 775 3967 ct
813 3909 1126 3982 paradisum
1165 3904 1558 3973 adipiscamur.

2400 3273 2489 3308 ται
2516 3255 2571 3306 δέ
2596 3251 2684 3305 διά
2715 3251 2816 3318 τῆς
2842 3248 3184 3316 τεκνογονίας
3225 3249 3324 3317 τῆς
3354 3247 3518 3315 ἁγίας
3540 3247 3760 3319 Μαρίας
3791 3264 3805 3278 ·
3839 3245 3983 3315 αῦτη

2402 3346 2508 3416 γὰρ
2553 3345 2644 3396 τὸν
2700 3341 2930 3412 Σωτῆρα
2984 3340 3220 3410 Χριστὸν
3255 3337 3611 3403 ἐτεκνώσατο,
3671 3338 3772 3390 ούκ
3828 3337 3986 3407 ἀνδρὶ

2403 3433 2753 3497 συνελθοῦσα,
2784 3432 2858 3496 ὡς
2899 3431 3128 3492 Ἠσαίας
3165 3433 3472 3500 μαρτυρεῖ,
3501 3428 3638 3482 ἀλλά
3666 3426 3984 3497 ΙῙνεύματος

2401 3529 2558 3598 ἀγίου
2584 3546 2593 3556 ·
2618 3525 2949 3588 ἐπισκιάσει,
2982 3521 3165 3585 καθὼς
3216 3523 3245 3575 6
3297 3520 3535 3591 Γαϐριὴλ
3567 3520 3596 3573 6
3641 3518 3984 3591 ἀρχάγγελος

2399 3616 2786 3688 εὐηγγελίσατο
2815 3631 2828 3644 ο
2859 3613 2949 3667 διὰ
2993 3611 3203 3683 ταύτην
3230 3605 3323 3664 οὖν
3355 3609 3452 3680 τὴν
3499 3609 3773 3680 πρόφασιν
3808 3606 3902 3660 καὶ
3943 3607 3978 3677 η

2399 3710 2612 3780 πλευρά
2641 3708 2942 3780 πλήσσεται
2973 3704 3068 3757 τοῦ
3094 3703 3356 3774 Χριστοῦ,
3382 3702 3472 3755 ἵνα
3497 3701 3591 3754 καὶ
3623 3699 3692 3752 τά
3715 3714 3980 3768 προειρη-

2403 3805 2537 3875 μένα
2563 3799 2915 3871 οίκονομηθῇ,
2947 3797 3041 3850 καὶ
3068 3797 3130 3849 τὸ
3155 3796 3454 3866 μυστήριον
3481 3791 3573 3845 τοῦ
3613 3789 3982 3860 βαπτίσματος

2402 3894 2673 3966 κηρυχθῇ,
2721 3891 2817 3946 καὶ⁹
2866 3892 2901 3961 ὴ
2945 3890 3103 3960 χάρις
3128 3889 3162 3958 ἡ
3193 3886 3466 3957 μέλλουσα
3503 3884 3716 3955 λάμψῃο
3745 3879 3980 3950 πηγάζει

723 3973 831 4075 γὰρ
855 3999 992 4072 αἷμα
1017 4000 1110 4054 mi.
1143 3997 1288 4066 ὕδωρ
1317 3996 1381 4048 ἐκ
1403 3993 1500 4063 τῆς
1534 3978 1772 4061 πλευρᾶς
1799 3986 1892 4041 τοῦ
1924 3986 2186 4058 Χριστοῦ,
2217 3987 2305 4040 ἴνα
2344 3991 2440 4041 καὶ
2468 3986 2526 4039 τὸ
2581 3982 2703 4039 καθ’
2761 3982 2918 4052 ἡμῶν
2941 3979 3302 4052 χειρόγραφον
3330 3977 3430 4046 τῆς
3460 3974 3733 4046 ἁμαρτίας
3758 3973 3980 4027 ἀπαλεί-

721 4072 818 4171 ψῃ,
867 4098 964 4149 καὶ
1003 4091 1079 4162 τῷ
1131 4090 1323 4161 αἵματι
1367 4083 1532 4140 αὑτοῦ
1573 4079 2020 4151 καθαρισθῶμεν,
2075 4079 2168 4133 καὶ
2217 4079 2311 4132 τὸν
2344 4078 2671 4151 παράδεισον
2699 4072 3081 4142 ἀπολάϐωμεν.

879 4188 923 4243 Ο
971 4151 1588 4258 grande-mysterium!
1635 4175 1799 4232 Latro
1852 4173 2112 4244 resipuit,
2162 4186 2294 4242 opus

2471 4177 2547 4236 ς’.
2584 4169 2647 4223 Ὢ
2680 4164 2980 4238 μυστηρίου
3017 4162 3288 4233 μεγάλουῐ
3335 4158 3661 4230 μετενόησεν
3701 4157 3731 4210 ό
3759 4151 3974 4229 λῃστής.

723 4288 842 4337 crat
877 4247 1017 4347 aquva
1041 4247 1504 4344 utbaptiiaretur,
1531 4270 1585 4322 in
1610 4281 1773 4322 cruce
1803 4264 2091 4335 pendebat,
2118 4261 2294 4316 nullus

2397 4262 2554 4334 χρεία
2568 4255 2635 4331 ἦν
2665 4259 2855 4321 ὓδατος
2887 4258 2971 4310 ἵνα
2990 4252 3258 4324 βαπτισθῇ
3285 4266 3299 4280 ·
3327 4250 3419 4304 ἐπὶ
3445 4250 3536 4303 τοῦ
3566 4248 3800 4320 σταυροῦ
3823 4247 3978 4318 ἐκρί-

725 4383 843 4430 crat
896 4371 1037 4426 alius
1083 4367 1314 4423 idoneus
1345 4362 1616 4433 baptismo
1659 4359 1836 4420 locus,
1875 4371 1981 4410 non
2013 4355 2155 4420 fons,
2193 4368 2294 4406 non

2401 4371 2558 4426 ματο·
2593 4353 2692 4406 οὐκ
2723 4351 2789 4422 ἦν
2820 4351 3001 4420 ἕτερος
3033 4346 3196 4409 τόπος
3263 4343 3660 4414 βαπτίσματος,
3689 4339 3750 4393 ού
3808 4339 3974 4410 πηγὴ,

726 4479 1000 4538 stagnum,
1037 4475 1144 4516 non
1176 4458 1390 4523 imber;
1428 4467 1587 4509 nemo
1620 4459 1877 4522 praeterea
1902 4449 1994 4518 qui
2023 4445 2294 4515 liturgiam

2397 4447 2459 4499 ού
2487 4445 2673 4515 λίμνη,
2717 4443 2817 4497 οὐκ
2843 4440 3070 4512 ὄμϐρος,
3106 4439 3203 4508 ούχ
3238 4439 3265 4490 6
3295 4434 3396 4506 τὴν
3433 4431 3824 4502 μυσταγωγίαν
3854 4433 3974 4483 ἐπι-

727 4522 1042 4630 perageret:
1079 4553 1262 4610 cuncti
1294 4522 1461 4612 enim,
1493 4556 1637 4603 metu
1671 4544 2009 4606 Judaaorum,
2043 4538 2294 4609 discipuli

2402 4537 2610 4592 τελῶνο
2662 4535 2865 4597 πάντες
2897 4532 3004 4602 γὰρ
3063 4531 3152 4584 διὰ
3206 4528 3301 4582 τὸν
3356 4526 3522 4597 φόϐον
3575 4524 3684 4577 τῶν
3713 4522 3978 4578 Ἰουδαίων

727 4650 1052 4720 dill‘ugerant
1093 4645 1200 4704 Sed
1236 4659 1343 4699 non
1371 4641 1592 4699 carebat
1612 4636 1864 4693 laticibus
1892 4634 2052 4689 Jesus
2086 4650 2098 4686 :
2135 4631 2299 4687 etiam

729 4740 785 4794 in
809 4752 971 4792 cruce
994 4749 1315 4806 suspensus,
1343 4743 1461 4788 erat
1485 4729 1842 4786 nihilominus
1866 4739 2131 4794 aquarum
2162 4737 2306 4779 crea-

730 4843 834 4886 tor.
854 4827 986 4882 Nam
1015 4828 1140 4899 quia
1163 4825 1274 4900 lieri
1308 4840 1413 4878 non
1441 4828 1669 4891 poterat,
1696 4828 1752 4872 ut
1786 4830 2011 4888 regnum
2041 4815 2304 4870 ccelorum

734 4925 1110 4995 ingrederetur
1140 4919 1282 4973 latro
1325 4917 1530 4985 absque
1567 4911 1860 4982 baptismo,
1906 4908 2225 4978 sanguinem
2252 4915 2305 4960 et

732 5030 932 5086 aquam
971 5012 1154 5067 emisit
1195 5011 1261 5064 de
1303 5006 1537 5063 suﬁ‘osso
1581 5004 1753 5058 latere
1786 5015 1887 5056 suo
1921 4997 2199 5061 Servator,
2246 5006 2305 5050 ut

732 5112 935 5163 dictum
995 5105 1258 5158 latronem
1330 5095 1766 5167 impendentibus
1815 5091 1974 5145 malis
2030 5088 2302 5149 liberaret,

733 5212 1004 5268 sumnque
1072 5193 1391 5261 sanguinem
1459 5184 1848 5253 redemptionis
1891 5181 2126 5252 pretium
2184 5192 2306 5232 esse

733 5293 1136 5345 demonstraret
1166 5284 1404 5343 illorum,
1454 5279 1548 5349 qui
1589 5278 1644 5332 in
1681 5277 1798 5346 ipso
1831 5289 1981 5344 spem
2013 5272 2302 5326 collocant.

733 5385 867 5438 Nam
900 5379 958 5436 Si
1005 5389 1278 5432 taurorum
1309 5373 1522 5444 sanguis
1555 5381 1706 5439 atque
1752 5368 2035 5430 hircorum,
2085 5373 2132 5416 et
2173 5363 2303 5416 cinis

731 5476 913 5529 vitulw
939 5488 1184 5542 aspersus
1206 5469 1505 5539 inquinatos
1525 5464 1828 5530 sanctiﬁcat
1855 5459 1922 5513 ad
1944 5459 2119 5513 carnis
2155 5457 2306 5525 puri-

733 5568 1055 5638 ficationem,
1076 5571 1271 5634 quanto
1303 5562 1469 5629 magis
1495 5559 1710 5626 sanguis
1745 5553 2041 5610 Saluatoris
2073 5551 2306 5605 nostri"

736 5661 980 5714 omnium
1030 5656 1192 5711 simul
1243 5652 1680 5708 Christianorum
1737 5646 2109 5718 purgatoriunt
2166 5642 2309 5697 liet?

740 5752 796 5807 Si
826 5751 949 5820 quis
987 5764 1114 5818 ergo
1146 5745 1240 5800 tibi
1266 5744 1413 5798 dicat
1444 5741 1678 5795 infidelis
1713 5757 1725 5792 :
1757 5738 1866 5792 Cur
1896 5736 2192 5792 cruciﬁxus
2224 5743 2306 5786 est

2403 4631 2606 4700 ἔφυγον
2653 4630 2701 4681 oi
2736 4625 2997 4698 μαθηταίο
3024 4624 3243 4678 ἀλλὀὐκ
3275 4621 3555 4692 ἠπόρησεν
3601 4618 3630 4671 6
3652 4614 3860 4682 Ἰησοῦς
3888 4632 3974 4667 να-

2407 4723 2615 4792 μάτων,
2647 4719 2782 4773 ἀλλά
2812 4718 2910 4772 καὶ
2941 4717 3033 4770 ἐπὶ⁸
3072 4713 3306 4787 σταυροῦ
3330 4707 3974 4792 κρεμάμενος.δημιουρ-

2402 4791 2498 4881 γδς
2531 4810 2741 4864 ὑδάτων
2766 4808 2978 4876 γέγονε·
3008 4804 3196 4874 ἐπειδὴ
3219 4804 3329 4873 γάρ
3353 4801 3451 4870 ούχ
3475 4793 3587 4852 οἷόν
3615 4814 3674 4850 τε
3697 4791 3765 4866 ἦν
3804 4795 3972 4849 εἰσελ-

2403 4902 2516 4956 θεῖν
2548 4903 2628 4966 είς
2657 4900 2756 4971 τὴν
2794 4896 3071 4970 βασιλείαν
3101 4897 3193 4948 τὸν
3215 4893 3416 4967 λῃστὴν
3439 4892 3561 4962 δίχα
3582 4889 3970 4960 βαπτίσματος,

2402 4987 2544 5064 αἷμα
2581 4993 2678 5046 καὶ
2713 4992 2860 5062 ὕδωρ
2890 4990 3202 5061 προσήκατο
3237 4986 3336 5056 τῆς
3355 4984 3611 5052 νυγείσης
3640 4981 3805 5034 αὐτοῦ
3829 4981 3973 5032 πλευ·

2413 5085 2514 5157 ρᾶς
2569 5085 2598 5136 6
2649 5084 2859 5154 Σωτὴρ,
2900 5083 2991 5136 ἵνα
3041 5080 3204 5134 αὑτὸν
3250 5077 3456 5150 λῃστὴν
3503 5072 3844 5146 ἐλευθερώσῃ
3876 5072 3973 5125 τῶν

2411 5177 2740 5248 ἐπηρμένων
2798 5173 2987 5228 κακῶν
3016 5213 3030 5240 ,
3088 5171 3182 5224 καὶ
3230 5170 3291 5223 τὸ
3335 5164 3476 5238 αἷμα
3505 5167 3701 5237 λύτρον
3730 5163 3972 5234 ἀποδείξῃ

2409 5274 2699 5343 γενόμενον
2747 5272 2854 5322 τῶν
2892 5269 2971 5332 είς
3004 5266 3167 5319 αὑτὸν
3196 5265 3293 5326 τὰς
3325 5261 3551 5324 ἐλπίδας
3598 5258 3830 5329 ἐχόντων
3862 5272 3876 5286 ⁸
3910 5254 3974 5308 Ei

2409 5366 2518 5436 γὰρ
2550 5365 2615 5416 τὸ
2653 5357 2797 5430 αἷμα
2826 5359 3056 5427 ταύρων
3093 5356 3188 5410 καί
3221 5353 3454 5423 τράγων
3497 5351 3597 5405 καί
3626 5348 3856 5425 σποδὸς
3883 5346 3974 5399 δα-

2408 5457 2643 5528 μάλεως
2686 5452 3048 5522 ῥαντίζουσα
3080 5449 3220 5515 τοὺς
3248 5444 3722 5515 κεκοινωμένους
3771 5439 3972 5528 ἁγιάζει

2411 5527 2561 5614 ,πρὸς
2603 5543 2718 5611 τὴν
2762 5541 2874 5610 τῆς
2921 5539 3149 5606 σαρκὸς
3185 5537 3502 5604 κάθαρσιν,
3544 5533 3712 5593 πόσῳ
3747 5527 3974 5598 μᾶλλον

2409 5637 2477 5692 τὸ
2509 5631 2652 5706 alga
2686 5634 2793 5689 τοῦ
2824 5630 3094 5700 Σωτῆρος
3117 5627 3286 5698 ἡμῶν
3309 5626 3609 5696 καθάρσιον
3638 5619 3830 5690 γέγονε
3854 5615 3972 5671 πάν-

2411 5747 2519 5784 των
2551 5727 2684 5798 ὁμοῦ
2721 5725 3062 5799 Χριστιανῶν
3094 5740 3109 5788 ;
3151 5723 3279 5776 Ἐὰν
3306 5718 3398 5774 οὖν
3450 5715 3583 5788 εἴπῃ
3626 5713 3711 5769 σοί
3747 5728 3830 5776 τις
3874 5709 3970 5764 τῶν

811 5862 854 5894 ⁸⁵
895 5861 1053 5915 liom.
1097 5873 1144 5920 ι’,
1176 5856 1264 5909 15.
1339 5854 1380 5884 ¹⁶
1413 5851 1431 5905 l
1460 5850 1600 5906 Tim.
1636 5849 1809 5915 ",15,
1853 5848 1938 5901 H.
2016 5847 2056 5877 ¹⁷
2088 5843 2189 5900 lsa.
2226 5859 2294 5898 ru

2394 5841 2440 5895 4.
2521 5840 2562 5871 ’⁸
2597 5836 2759 5894 llcbr.
2783 5851 2858 5901 ιι,
2893 5834 3093 5900 12,13.
