4172 6508
168 441 260 502 71⁸1

1057 437 1338 498 ORATIO
1368 438 1466 498 IV.
1496 461 1565 472 ·-
1603 437 1683 496 ΙΝ
1739 437 2090 496 SANCTUM
2145 437 2455 497 PASCHA.

3327 429 3432 494 718

166 547 403 603 ἀπίστων
429 587 444 614 ,
470 547 579 602 Διὰ
608 545 664 601 τί
688 542 1007 616 ἐσταυρώθη
1036 547 1066 598 6
1097 545 1331 616 Χριστός
1356 563 1371 612 ;
1425 545 1545 599 είπέ
1589 543 1760 614 αὐτῷ,

1875 541 2152 596 Christus?
2175 541 2260 596 dic
2290 541 2341 596 ei
2378 556 2393 594 :
2425 537 2497 595 Ut
2531 536 2808 594 diabolum
2837 536 3196 609 cruciﬁgeret.
3230 535 3290 594 Si
3333 537 3432 595 tibi

171 635 279 689 Ἵνα
331 635 635 706 σταυρώσῃ
689 635 782 688 τὸν
805 633 1064 688 διάϐολονο
1102 635 1198 688 ἐὰν
1236 635 1366 709 εἴπῃ
1399 651 1518 699 σοι,
1575 635 1675 688 Διὰ
1705 634 1758 688 τί

171 724 486 795 ἐκρεμάσθη
522 724 623 777 ἐπὶ
662 723 821 790 ξύλου
850 742 864 791 ;
897 724 1017 778 είπέ
1051 721 1355 795 αὑτῷ,⁶Ὶνα
1382 724 1482 789 τὰς
1516 725 1758 790 ἀκάνθας

168 815 258 870 καὶ
303 813 613 884 τριϐόλους-
656 813 930 886 ἐκριζὼσῃ
985 814 1083 868 τοῦ
1132 814 1342 885 Ἀδάμο
1387 816 1594 880 ἐκεῖνος
1634 815 1744 889 γάρ

173 906 404 975 στένειν⁸
432 906 536 960 καὶ
596 907 822 978 τρέμειν
871 907 1232 980 κατεδικάσθη
1259 952 1274 976 ,
1332 909 1428 963 καὶ
1477 910 1761 979 τριϐόλους

172 1002 458 1069 γεωργεῐνο
483 999 697 1072 Ἰησοῦς
721 999 817 1054 οὖν
840 1000 1223 1072 φιλάνθρωπος
1246 1002 1344 1068 ὢν,
1376 1003 1473 1056 καὶ
1498 1001 1594 1056 τοῦ
1627 1004 1758 1057 ίδίου

174 1092 492 1162 πλάσματος
533 1094 706 1148 θέλων
749 1093 1175 1164 προνοήσασθαι,
1216 1094 1396 1148 πάντα
1444 1095 1649 1166 ὑπέστη
1691 1095 1761 1148 δι’

178 1185 344 1255 ἡμᾶς,
401 1185 496 1241 ἴνα
549 1187 715 1257 ἡμεῖς
769 1185 870 1255 τῆς
933 1185 1231 1257 καταδίκης
1281 1185 1757 1259 ἐλευθερωθῶμεψ

179 1275 365 1349 ὥσπερ
398 1277 516 1350 γὰρ
553 1278 820 1349 ἐγεννήθη
857 1278 961 1332 ὑπὸ
996 1278 1282 1347 γυναικὸς,
1314 1279 1399 1331 ἵνα
1430 1279 1528 1349 τὴν
1565 1281 1630 1333 ἐκ
1659 1297 1760 1349 γυ-

173 1375 348 1436 ναικὸς
379 1375 837 1446 προσγενομένην
866 1375 1138 1446 ἁμαρτίαν
1164 1377 1276 1439 τοῖς
1299 1374 1603 1444 ἀνθρώποις
1630 1375 1762 1427 άπα-

173 1467 348 1540 λείψη,
399 1467 583 1528 οὕτως
621 1468 716 1520 καὶ
773 1471 893 1531 ταῖς
931 1468 1196 1529 ἀκάνθαις
1242 1466 1622 1536 στεφανοῦται,
1675 1467 1762 1519 ἵνα

175 1559 268 1630 τὴν
308 1559 510 1623 κακῶς
556 1559 966 1629 γεωργηθεῖσαν
1022 1559 1128 1611 ὑπὸ
1176 1559 1274 1628 τῆς
1322 1558 1598 1630 ἁμαρτίας
1633 1557 1762 1627 γῆν,

172 1649 256 1704 διὰ
304 1651 409 1720 τῆς
472 1651 612 1714 ίδίας
645 1651 893 1721 ὑπακοῆς
925 1652 1282 1722 ήμερωτέραν
1309 1652 1631 1722 ἐργάσηται’
1665 1650 1760 1703 ἐὰν

174 1745 298 1814 εἴπῃ
335 1759 444 1808 σοι,
503 1742 602 1796 Διὰ
641 1744 695 1796 τί
727 1742 890 1813 χολὴν
925 1744 1016 1796 καὶ
1041 1742 1160 1806 ὅξος
1195 1741 1385 1808 ἕπιενζ
1440 1737 1757 1813 εἶπὲάὺτῷν

178 1833 292 1888 Ἰνα
321 1835 494 1904 ἡμεῖς
513 1834 602 1887 τδν
629 1834 1004 1905 θανατηφόρον
1034 1833 1110 1886 ίὸν
1138 1834 1224 1898 ἐξε
1236 1835 1490 1903 μέσωμεν
1516 1833 1606 1887 τοῦ
1630 1833 1758 1905 δρά-

1867 634 2014 690 dicat
2046 651 2058 686 :
2084 634 2195 687 Cur
2231 633 2483 703 pependit
2517 631 2572 687 in
2602 631 2749 702 ligno
2777 632 2800 684 ?
2825 632 2912 686 dic
2942 633 2990 686 ei
3020 649 3033 684 :
3065 631 3132 688 Ut
3162 632 3347 702 spinas
3377 642 3437 686 et

1867 726 2099 782 tribulos
2145 725 2336 780 Adami
2421 724 2784 794 exstirparet:
2816 723 2904 778 hic
2929 724 3073 778 enim
3106 725 3170 778 ad
3199 724 3435 795 gemitus

1866 832 2208 888 pavoresque
2258 818 2551 871 damnatus
2579 815 2702 880 fuit,
2735 823 2789 870 et
2824 816 2890 869 ad
2919 816 3149 872 tribulos
3179 816 3434 871 excolen-

1866 910 1967 965 dos
1987 929 1999 964 :
2019 907 2178 964 Jesus
2204 924 2333 978 ergo
2353 923 2476 963 cum
2499 911 2571 962 sit
2591 905 3039 972 humanissimus,
3069 917 3124 961 et
3152 923 3265 963 sua:
3281 923 3437 962 crea-

1873 1011 2011 1055 turae
2035 1001 2192 1054 vellet
2216 1014 2400 1053 curam
2426 1013 2629 1068 gerere,
2659 1007 2852 1052 cuncta
2871 1010 2968 1066 pro
2995 997 3151 1051 nobis
3184 996 3442 1052 sustinuit

1870 1101 1930 1146 ut
1966 1105 2069 1146 nos
2097 1090 2448 1145 damnatione
2499 1090 2753 1158 eriperet.
2789 1089 2938 1144 Sicut
2958 1089 3100 1144 enim
3122 1104 3186 1142 ex
3213 1089 3442 1143 muliere

1869 1195 2030 1239 natus
2063 1193 2168 1248 est,
2205 1193 2264 1237 ut
2295 1181 2557 1237 inllictum
2585 1196 2616 1235 a
2652 1181 2881 1236 muliere
2905 1181 3218 1236 hominibus
3246 1196 3441 1252 pecca-

1871 1285 1982 1329 tum
2020 1274 2244 1339 deleret,
2296 1275 2369 1329 ita
2405 1275 2568 1329 etiam
2625 1275 2793 1346 spinis
2825 1284 3140 1339 coronatur,
3194 1285 3254 1329 ut
3301 1273 3441 1328 male

1867 1368 2140 1423 excultam
2164 1383 2192 1421 a
2211 1377 2433 1437 peccato
2462 1376 2685 1432 terram,
2709 1367 3015 1423 obedientia
3038 1382 3135 1422 sua
3166 1368 3437 1422 mitiorem

1869 1459 2137 1516 redderet.
2194 1460 2249 1515 Si
2291 1460 2437 1516 dicat
2493 1459 2768 1516 tibizCur
2819 1460 2887 1515 fel
2911 1469 2961 1514 et
3011 1469 3222 1514 acetum
3255 1459 3440 1514 bibit?

1869 1551 1957 1607 die
1991 1551 2039 1605 ei
2074 1569 2086 1604 :
2115 1551 2185 1607 Ut
2221 1566 2322 1607 nos
2353 1551 2695 1607 mortiferum
2729 1551 2982 1607 draconis
3016 1566 3282 1606 venenum
3313 1566 3442 1605 evo-

1869 1659 2189 1699 meremus:
2239 1644 2368 1699 illud
2404 1645 2548 1699 enim
2584 1644 2676 1709 fel,
2733 1645 2963 1700 dulcedo
2992 1659 3113 1698 mea
3150 1643 3325 1699 evasit
3353 1661 3367 1696 :
3393 1653 3448 1696 et

1869 1747 2083 1791 acetum
2111 1735 2263 1803 illud,
2298 1736 2428 1790 mihi
2453 1735 2693 1791 suavitas
2721 1734 2823 1790 fuit
2855 1747 2908 1790 et
2956 1735 3256 1791 medela.Si
3288 1734 3445 1790 deni—

1869 1841 1974 1898 que
2007 1826 2104 1880 tibi
2129 1827 2272 1882 dicat
2296 1826 2530 1881 infidelis
2564 1843 2577 1880 :
2610 1824 2720 1881 Cur
2747 1826 2814 1880 ad
2847 1826 2995 1881 illum
3014 1827 3334 1882 accedentes
3355 1841 3448 1897 ge-

177 1942 360 1988 κοντος
382 1941 396 1954 ·
434 1927 470 1996 ἢ
503 1926 611 1995 γάρ
644 1923 796 1995 χολὴ,
827 1925 955 1994 ἐμὸν
982 1924 1172 1992 γέγονε
1211 1923 1504 1994 γλύκασμα
1534 1940 1548 1954 ο
1575 1925 1670 1976 καὶ
1702 1923 1763 1977 τὸ

1875 1936 1944 1975 nu
2001 1919 2290 1974 flectebant
2332 1917 2503 1974 Judaei
2533 1919 2557 1972 ?
2589 1919 2678 1974 dic
2715 1919 2764 1973 ei
2801 1937 2814 1974 :
2844 1917 2915 1973 Ut
2970 1921 3216 1974 nolentes
3281 1920 3445 1974 etiam

176 2009 292 2082 ὑξος
324 2019 534 2081 ἐκεῖνο,
582 2019 703 2088 ἐμοὶ
732 2018 952 2086 γέγονεν
983 2018 1062 2079 είς
1109 2015 1400 2086 γλύκασμα
1452 2016 1545 2068 καὶ
1589 2016 1724 2086 [αμα
1749 2032 1762 2045 ·

177 2113 269 2165 ἐὰν
301 2112 359 2164 δέ
396 2129 487 2165 σοι
527 2113 687 2165 πάλιν
718 2112 844 2182 είπῃ
873 2112 1122 2174 ἄπιστος,
1163 2110 1262 2163 Διὰ
1307 2110 1361 2162 τί
1405 2109 1765 2178 ἐγονυπέτουν

177 2204 341 2258 αὑτὸν
384 2205 711 2275 προσιόντες
741 2203 889 2274 αὺτῷ
917 2221 932 2270 ;
963 2203 1084 2256 είπέ
1108 2202 1276 2272 αὑτῷ,
1313 2201 1430 2257 Ἵνα
1452 2204 1545 2256 καὶ
1575 2202 1650 2275 μὴ
1673 2201 1761 2255 θέ-

178 2296 360 2360 λοντες
414 2299 866 2370 προσκυνήσωσιν
917 2294 1081 2349 αὑτὸν
1129 2295 1180 2348 οί
1205 2294 1472 2358 Ἰουδαῖοι,
1514 2294 1610 2347 καὶ
1663 2294 1763 2364 τὴν

181 2386 468 2457 βασιλείαν
511 2389 676 2442 αὑτοῦ
715 2387 941 2451 ἄκοντες
980 2387 1075 2440 ἐπὶ
1106 2386 1206 2456 τὴν
1239 2385 1348 2454 γῆν
1373 2384 1768 2455 ὁμολογήσωσι’

180 2480 270 2532 νῦν
299 2480 397 2549 μέν
432 2479 545 2549 γάρ
573 2478 928 2550 χλευάζοντες
948 2477 1342 2551 προσεκύνουν,
1376 2477 1451 2549 μὴ
1495 2477 1697 2539 είδότες
1743 2475 1772 2528 6

181 2571 477 2641 ἔπραττον,
503 2573 560 2625 ἐν
599 2571 654 2624 δὲ
681 2573 748 2641 τῇ
793 2570 1063 2640 μελλούσῃ
1103 2569 1400 2625 ἀναστάσει
1436 2588 1454 2620 ‹
1494 2571 1604 2622 πᾶν
1638 2569 1768 2636 γόνυ

181 2663 393 2731 κάμψει
428 2663 768 2733 ἐπουρανίων
802 2663 896 2715 καὶ
932 2663 1194 2730 ἐπιγείων
1234 2663 1330 2715 καὶ
1376 2660 1770 2731 καταχθονίων,

183 2753 275 2804 καὶ
309 2754 464 2805 πᾶσα
487 2752 705 2820 γλῶσσα
727 2752 1201 2822 ἐξομολογήσεται,
1229 2753 1308 2806 ὅτι
1330 2752 1532 2822 Κύριος
1566 2749 1772 2820 Ἰησοῦς

1872 2013 2051 2082 ipsum
2106 2012 2420 2078 adorarent,
2473 2023 2527 2068 et
2571 2028 2797 2083 regnum
2828 2014 2946 2082 ejus
2992 2014 3074 2068 vel
3101 2014 3254 2071 inviti
3283 2014 3448 2070 humo

1869 2105 2024 2160 strati
2047 2106 2455 2160 confiterentur.
2485 2105 2639 2162 Nunc
2664 2106 2883 2176 quidem
2910 2123 3032 2162 cum
3055 2107 3305 2164 irrisione
3320 2123 3446 2163 eum

1870 2197 2190 2263 adorabant,
2210 2199 2518 2254 nescientes
2542 2199 2671 2268 quid
2703 2210 2946 2270 agerent,
2981 2201 3034 2256 in
3055 2201 3238 2258 futura
3265 2211 3445 2258 autem

1869 2292 2266 2346 resurrectione
2326 2311 2344 2342 ι
2405 2306 2565 2347 omne
2619 2308 2757 2361 genu
2820 2294 3064 2351 ﬂectetur
3119 2297 3447 2361 cmlestium,

1870 2382 2212 2437 terrestrium
2238 2391 2291 2438 et
2317 2383 2679 2449 infernorum,
2709 2394 2763 2440 et
2777 2388 3152 2453 omnislingua
3175 2389 3452 2444 contltebi-

1870 2482 1960 2526 tur
1993 2472 2282 2529 Dominum
2324 2473 2511 2530 Jesum
2568 2477 2853 2532 Christum
2901 2477 2956 2532 in
2989 2477 3160 2548 gloria
3190 2495 3314 2536 esse
3348 2479 3447 2536 Dei

1869 2570 2064 2626 Patris.
2101 2569 2273 2623 Amen
2299 2568 2398 2623 κδ.
2434 2587 2452 2621 ι
2494 2569 2665 2624 Habet
2687 2569 2849 2625 etiam
2883 2571 2974 2626 illa
3000 2571 3251 2643 chlamys
3302 2572 3450 2628 aliud

1870 2661 2100 2728 aenigma
2129 2674 2265 2713 :non
2282 2659 2426 2713 enim
2450 2659 2598 2729 regni
2623 2661 2999 2716 tantummodo
3019 2663 3282 2717 indicium
3309 2673 3448 2728 erat,

1877 2765 2068 2803 verum
2131 2750 2291 2804 etiam
2360 2758 2651 2804 cruentum
2695 2759 2748 2804 et
2795 2751 3085 2806 exitiosum
3135 2752 3451 2810 Judaaorum

183 2844 424 2914 Χριστὸς
445 2844 526 2906 είς
547 2842 848 2909 δόξανΘεοῦ
876 2843 1112 2913 Πατρός.
1140 2842 1371 2912 Ἀμήν.»
1400 2841 1554 2910 Ἔχει
1585 2841 1641 2893 δέ
1671 2841 1767 2892 καὶ

1880 2841 2158 2911 ingenium
2199 2841 2626 2896 demonstrabat.
2683 2839 2962 2896 Calamum
3009 2859 3230 2914 quoque
3266 2848 3451 2900 manui

185 2937 219 3006 ή
247 2936 465 3007 χλαμὺς
512 2935 694 3006 ἐκείνη
739 2936 834 2988 καὶ
876 2936 1063 3006 ἕτερον
1101 2933 1350 3003 αἴνιγμα·
1379 2933 1439 2985 οὑ
1475 2934 1635 3002 μόνον
1663 2932 1771 3002 γὰρ

1877 2933 1996 3002 ejus
2032 2932 2393 2996 tradiderunt,
2427 2943 2485 2986 ut
2523 2933 2764 3003 ipsorum
2805 2934 3176 2991 scriberentur
3202 2947 3426 3002 peccata

184 3027 285 3100 τὴν
321 3026 608 3098 βασιλείαν
642 3025 974 3089 ὑπετύπουν,
1011 3023 1148 3079 άλλὰ
1186 3025 1292 3094 γὰρ
1319 3025 1414 3077 καὶ
1446 3022 1504 3076 τὸ
1544 3021 1835 3093 αἱμοϐόρον
1858 3023 1951 3076 καὶ
1982 3022 2218 3091 φονῶδες
2271 3021 2382 3076 τῶν
2446 3021 2716 3076 Ἰουδαίων
2773 3023 3173 3080 ἐπεδείκνυντο⁶
3240 3028 3452 3087 ἔδωκαν

185 3119 243 3173 δέ
279 3121 378 3174 καὶ
413 3117 660 3187 κάλαμον
709 3119 767 3170 ἐν
819 3119 885 3188 τῇ
915 3116 1059 3186 χειρὶ
1116 3115 1303 3180 αὑτοῦ,
1354 3116 1440 3168 ἵνα
1479 3113 1767 3184 γραφῶσιν
1797 3115 1978 3168 αὑτῶν
2011 3115 2067 3167 αἱ
2099 3114 2396 3186 ἁμαρτίαι.
3051 3191 3056 3196 ι

255 3211 323 3277 ζ’.
365 3210 552 3264 Ταῦτα
571 3209 669 3280 μέν
684 3209 776 3262 οὖν
791 3209 839 3261 οἱ
857 3209 1230 3279 Χριστομάχοι
1249 3208 1486 3270 ἐποίουν,
1508 3207 1766 3274 ἀγνοοῦν-

1944 3208 1994 3261 7.
2030 3206 2154 3262 Haec
2172 3207 2353 3278 itaque
2378 3207 2564 3263 hostes
2587 3207 2790 3265 Christi
2818 3220 3125 3280 patrarunt,
3146 3229 3307 3283 quem
3331 3230 3453 3272 cru-

187 3318 276 3363 τες
310 3301 407 3355 τὸν
443 3300 860 3370 ἐσταυρωμένον
879 3314 892 3328 ·
929 3301 963 3368 ή
989 3299 1046 3352 δέ
1077 3299 1256 3361 κτίσις
1285 3297 1385 3351 οὑκ
1411 3297 1647 3367 ἠγνόησε
1683 3297 1774 3349 τὸν

188 3392 396 3462 ἑαυτῆς
429 3391 708 3462 ᾼεσπότην
737 3393 831 3444 καὶ
860 3390 1204 3462 Δημιουργόν
1225 3406 1239 3422 ο
1273 3389 1355 3442 ἐτι
1388 3389 1498 3460 γὰρ
1531 3388 1626 3442 τοῦ
1660 3389 1766 3441 Σωο

186 3485 356 3552 τῆρος
389 3484 482 3538 ἐπὶ
508 3483 602 3536 τοῦ
639 3481 871 3552 σταυροῦ
901 3482 1251 3554 κρεμαμένου
1277 3522 1292 3547 ,
1321 3479 1602 3553 θεωρήσας
1634 3479 1662 3530 ὁ
1692 3481 1776 3533 ati-

191 3577 390 3644 σθητδς
442 3577 593 3647 ἥλιος
627 3576 718 3629 τὸν
751 3574 937 3630 Ἥλιον
983 3573 1083 3643 τῆς
1125 3573 1472 3643 δικαιοσύνης
1515 3574 1619 3627 ὑπὸ
1666 3572 1776 3626 τῶν

190 3668 414 3738 ἀνόμων
464 3667 845 3738 ὑϐριζόμενον,
883 3666 978 3719 καὶ
1029 3665 1102 3736 μὴ
1152 3667 1332 3736 φέρων
1377 3666 1438 3718 τὸ
1492 3665 1773 3735 τόλμημα,

191 3761 388 3830 φεύγει
428 3761 681 3820 σκοτίσας
727 3758 826 3828 τὴν
873 3758 1000 3826 γῆν,
1032 3759 1231 3812 ἄτοπον
1265 3757 1611 3828 ἡγησάμενος
1647 3774 1776 3810 συν-

189 3854 380 3923 εργεῖν
425 3850 519 3903 καὶ
570 3847 825 3918 φωτίζειν
856 3848 1166 3919 ὀφθαλμοὺς
1210 3848 1310 3919 τὴν
1355 3848 1617 3919 μεγίστην
1647 3851 1776 3902 ἀσε-

190 3942 428 4005 δοῦντας
451 3941 702 3994 ἀσέϐειαν
723 3958 735 3972 ·
769 3939 831 3992 οὑ
869 3939 1030 4009 μόνον
1056 3939 1114 3992 δέ
1135 3941 1162 3992 ὁ
1190 3939 1342 4010 ἥλιος
1371 3938 1619 4007 ἔφευγεν,
1643 3939 1778 3992 ἀλλὰ

192 4038 289 4088 καὶ
310 4037 345 4103 ἠ
381 4034 453 4102 γῆ
486 4035 716 4086 ἐκινεῖτο
751 4034 824 4102 μὴ
855 4032 1094 4102 φέρουσα
1113 4031 1213 4102 τὴν
1245 4030 1478 4100 ἀνομίαν
1504 4031 1612 4083 τῶν
1633 4031 1775 4100 δρω-

197 4125 400 4194 μένων,
430 4121 813 4192 ἐνδεικνυμένη
847 4121 903 4174 δέ
937 4121 1028 4174 καὶ
1062 4121 1411 4183 διδάσκουσα,
1442 4121 1524 4174 ὅτι
1557 4119 1690 4182 Θεὸς
1710 4115 1778 4189 ἦν

193 4218 222 4269 ὁ
257 4215 662 4283 σταυρούμενος
682 4230 696 4244 ο
727 4212 810 4266 διδ
839 4213 960 4265 οὐδὲ
984 4213 1256 4283 ἠνείχετο,
1287 4212 1778 4285 ἀλλ’ἐχαλαίπαινε

199 4307 274 4379 μὴ
308 4307 543 4359 θέλουσα
572 4305 761 4375 φέρειν
793 4303 878 4372 ἐφ’
905 4305 1106 4374 ἐαυτῆς
1133 4305 1257 4366 τοὺς
1288 4305 1598 4372 θεοστυγεῖς
1643 4304 1776 4356 ἰου-

195 4399 415 4460 δαίουςο
451 4397 548 4465 οὑχ
581 4395 755 4459 οὑτως
795 4394 905 4465 γάρ
947 4395 1414 4465 ἀδελφοκτονήσας
1453 4394 1649 4464 ἐχρανε
1679 4395 1779 4465 τὴν

196 4491 304 4560 γῆν
352 4493 380 4543 6
429 4487 590 4550 Καῖν,
616 4487 728 4541 οὐδ’
756 4487 925 4550 οὕτως
971 4485 1240 4556 ἐϐάρησεν
1287 4487 1458 4557 αὐτὴν
1491 4489 1524 4557 ή
1552 4487 1660 4540 τῶν
1696 4503 1780 4555 γι-

1876 3296 2171 3365 citigebant
2198 3298 2530 3369 ignorantes.
2575 3297 2801 3369 Reliqua
2838 3311 3017 3357 tamen
3065 3313 3314 3360 creatura
3349 3307 3453 3362 Do-

1877 3390 2083 3444 minum
2117 3406 2275 3444 suum
2326 3406 2432 3445 non
2487 3391 2716 3446 nescivit
2747 3400 2801 3447 et
2852 3392 3191 3450 Creatorem.
3259 3399 3452 3455 Adhuc

1879 3480 2164 3536 Servatore
2186 3482 2254 3536 de
2291 3499 2452 3539 cruce
2473 3485 2760 3554 pendente,
2788 3487 2868 3541 sol
2909 3487 2996 3543 hic
3030 3489 3305 3546 sensibilis
3331 3507 3450 3548 cer-

1878 3590 2014 3629 nens
2044 3576 2268 3646 justitize
2301 3574 2484 3630 Solem
2516 3579 2584 3632 ab
2620 3579 2802 3649 impiis
2833 3581 3033 3650 injuria
3057 3573 3331 3651 alfectum,
3353 3602 3452 3641 nec

1879 3663 2090 3734 facinus
2122 3668 2350 3737 patiens,
2408 3670 2653 3726 tellurem
2707 3671 3073 3730 obtenebrans
3119 3675 3276 3747 fugit,
3309 3679 3452 3734 indi-

1878 3775 2042 3829 gnum
2071 3770 2270 3830 putans
2303 3762 2487 3817 favere
2518 3772 2571 3818 et
2593 3765 2784 3819 oculos
2807 3765 3114 3824 illuminare
3139 3771 3452 3828 hominibus

1877 3852 1971 3921 qui
1995 3867 2052 3907 se
2085 3868 2300 3909 summo
2333 3857 2536 3910 scelere
2568 3857 2946 3927 impiaverant.
2991 3860 3178 3931 Neque
3211 3864 3294 3918 sol
3351 3879 3452 3919 an-

1881 3952 1993 3998 tum
2023 3945 2173 4016 fugit,
2197 3963 2383 4002 verum
2407 3950 2568 4002 etiam
2607 3958 2750 4004 terra
2777 3960 2922 4006 mota
2952 3962 3056 4018 est,
3104 3954 3317 4013 facinus
3351 3959 3447 4012 im-

1877 4040 2026 4108 pium
2051 4053 2159 4092 non
2191 4037 2396 4104 ferens,
2428 4039 2598 4094 Deum
2630 4041 2780 4096 illum
2810 4059 2932 4100 esse
2973 4047 3176 4102 docens
3205 4050 3296 4117 qui
3335 4060 3454 4105 erat

1879 4128 2194 4185 crucifixus.
2236 4129 2416 4199 Quare
2434 4147 2530 4185 nec
2563 4130 2792 4189 ulterius
2821 4135 2962 4197 tulit.
2996 4139 3451 4208 atqueindignata

1878 4229 1963 4274 est
1991 4220 2201 4289 pondus
2233 4220 2374 4276 ferre
2398 4221 2507 4276 Deo
2541 4224 2822 4279 odibilium
2851 4224 3188 4282 Iudaeorum.
3227 4227 3344 4284 Non
3381 4233 3452 4288 ita

1879 4309 2066 4366 fratris
2090 4311 2406 4367 interfector
2434 4313 2567 4368 Cain
2612 4315 2756 4369 illam
2792 4320 3204 4384 contaminavit,
3243 4339 3348 4377 non
3378 4324 3452 4378 ita

1881 4403 2152 4472 gigantum
2187 4402 2447 4458 fabricata
2481 4408 2645 4463 turris
2682 4423 2801 4462 eam
2832 4414 3207 4481 przegravavit,
3241 4431 3349 4469 non
3381 4417 3452 4472 ita

1882 4493 2024 4547 illam
2059 4494 2365 4564 polluerunt
2386 4496 2600 4551 nefandi
2626 4498 3117 4573 Sodomitaemeque
3141 4505 3174 4559 ii
3191 4507 3282 4576 qui
3311 4509 3451 4564 idola

198 4586 413 4652 γάντων
443 4580 796 4653 πυργοποιία,
813 4579 921 4632 οὐδ’
942 4578 1113 4642 οὑτως
1139 4579 1309 4649 αὑτὴν
1338 4580 1568 4649 ἐμίαναν
1596 4578 1772 4650 άθεμι-

1885 4600 1948 4639 ex
1981 4587 2224 4655 ejusdem
2263 4589 2487 4644 materia
2551 4590 2866 4656 effecerunt,
2917 4562 3042 4649 non.
3069 4598 3140 4652 ita
3172 4562 3238 4653 ei:
3288 4601 3457 4657 Abele

197 4673 605 4742 τουργήσαντες
636 4670 939 4739 Σοδομῖται,
975 4669 1082 4722 οὐδ’
1109 4670 1264 4722 αὑτοὶ
1299 4669 1348 4721 οἱ
1376 4668 1443 4720 τά
1483 4667 1674 4721 εἴδωλα
1720 4669 1779 4736 ἐξ

199 4767 372 4835 αὑτῆς
399 4765 726 4829 πλάσαντες,
753 4763 815 4815 οὑ
849 4764 909 4815 τὸ
938 4755 1079 4833 αἷμα
1109 4762 1216 4815 ἀπὸ
1245 4761 1411 4815 Ἀϐελ
1457 4761 1562 4825 ἕως
1607 4763 1777 4832 Ζαχα-

203 4858 324 4928 ρίου
364 4857 592 4928 ἐκχυθὲν
621 4853 878 4926 ἐποίησεν
926 4853 1096 4923 αὑτὴν
1146 4853 1338 4916 οὑτως,
1376 4853 1498 4906 ὅσον
1549 4855 1598 4906 οἱ
1643 4854 1776 4905 Ἰου-

200 4949 341 5002 δαίοι
375 4949 435 5001 τὸ
467 4948 607 5018 μέγα
631 4949 792 5000 τοῦτο
822 4947 1194 5017 τολμήσαντες
1224 4944 1480 5016 ἀσέϐημα
1502 4959 1514 4973 °
1557 4944 1644 4998 διὰ
1668 4945 1775 5013 γὰρ

200 5042 361 5094 τοῦτο
386 5043 478 5095 καὶ
505 5043 560 5094 αἱ
592 5039 830 5111 σκληραὶ
863 5039 1064 5111 πέτραι
1095 5038 1389 5108 ἐσχίζοντο,
1421 5039 1506 5091 ἵνα
1534 5037 1778 5107 μάθωσιν

203 5137 286 5190 ὅτι
340 5131 492 5197 οὗτός
545 5135 692 5186 ἐστιν
753 5134 787 5203 ή
834 5132 1177 5202 πνευματικὴ
1229 5131 1326 5184 καὶ
1355 5129 1504 5195 ζῶσα
1563 5131 1772 5199 πέτρα·

207 5229 456 5279 Ἐπινον
479 5227 608 5294 γὰρ,
628 5224 792 5295 φησὶν
807 5225 870 5288 ",
885 5224 952 5277 ἐκ
980 5220 1386 5292 πνευματικῆς
1408 5222 1774 5277 ἀκολουθούο

204 5335 322 5384 σης
362 5316 602 5384 πέτρας,
637 5315 676 5383 ἠ
719 5313 787 5368 δὲ
829 5316 1014 5383 πέτρα
1062 5311 1139 5384 ἦν
1180 5317 1213 5367 ὁ
1248 5314 1521 5382 Χριστός.
1574 5315 1637 5366 Ὦ
1681 5314 1777 5384 τῆς

217 5407 490 5460 Ἰουδαίων
524 5406 917 5476 ἀγνωμοσύνης
943 5407 955 5460 l
983 5406 1049 5458 At
1093 5406 1287 5476 πέτραι
1330 5407 1774 5477 διαρῤήγνυνται,

205 5502 303 5556 καὶ
331 5501 488 5554 αὑτοὶ
514 5497 928 5569 άναισθητοῦσι’
968 5497 1035 5550 τά
1069 5496 1249 5567 ἄψυχα
1285 5496 1583 5565 κλονεῖται,
1610 5499 1706 5551 καὶ
1727 5500 1778 5552 oi

205 5590 442 5662 ἐμψυχοι
491 5587 814 5643 ἀπιστοῦσιν
863 5586 924 5640 τὸ
958 5586 1360 5656 καταπέτασμα
1387 5586 1483 5640 τοῦ
1513 5587 1639 5640 ναοῦ
1683 5590 1779 5660 ῥή-

204 5699 423 5752 γνυται,
453 5680 541 5735 ἵνα
576 5680 761 5734 λοιπὸν
792 5681 826 5749 ή
866 5680 1144 5751 ἐρήμωσις
1173 5678 1351 5733 αὑτῶν
1380 5678 1563 5751 δειχθῇ
1586 5697 1599 5710 ο
1634 5681 1780 5750 ἐσχί-

208 5777 311 5847 σθη
357 5773 465 5845 γὰρ
508 5773 572 5827 τὸ
616 5772 1016 5843 καταπέτασμα
1061 5773 1155 5825 καὶ
1197 5770 1486 5843 ἐγυμνώθη
1515 5775 1584 5827 τὰ
1613 5774 1671 5825 ἐν
1702 5773 1779 5842 τῷ

1887 4682 2061 4748 us’que
2091 4678 2156 4732 ad
2200 4678 2518 4736 Zachariam
2563 4683 2783 4753 sanguis
2816 4685 3040 4754 effusus,
3065 4701 3328 4760 quantum
3355 4691 3454 4749 Ju-

1884 4771 1984 4824 da>i
2046 4770 2147 4825 hoc
2200 4772 2387 4842 ingens
2426 4773 2639 4830 facinus
2692 4775 2831 4830 ausi.
2868 4773 3096 4846 Propter
3141 4782 3244 4836 hoc
3305 4782 3453 4838 enim

1883 4860 2035 4916 dura:
2084 4878 2301 4932 quoque
2363 4872 2527 4931 petrae
2565 4866 2749 4920 scissae
2797 4877 2944 4935 sunt,
2981 4879 3040 4923 ut
3094 4870 3130 4924 ii
3185 4872 3456 4930 discerent

1882 4953 2026 5007 hanc
2058 4967 2180 5008 esse
2226 4953 2523 5022 spiritalem
2587 4955 2874 5026 vivamque
2924 4970 3156 5028 petram.
3193 4962 3451 5021 Bibebant

1883 5046 2042 5110 enim,
2066 5046 2258 5115 inquit,
2291 5047 2354 5102 de
2379 5047 2614 5116 spiritali
2646 5060 2887 5120 sequente
2938 5069 3026 5107 eos
3058 5064 3207 5121 petra
3234 5075 3253 5122 ;
3305 5068 3455 5127 petra

1887 5143 2059 5189 autem
2091 5135 2334 5191 Christus
2365 5141 2565 5195 erat".
2617 5139 2662 5194 Ο
2698 5141 2937 5211 ingratos
2973 5143 3283 5204 Judaeorum
3337 5155 3455 5206 ani-

1885 5226 2038 5280 mos!
2071 5235 2234 5295 petra:
2263 5227 2603 5291 scinduntur,
2625 5238 2680 5284 et
2709 5230 2806 5300 ipsi
2836 5233 3200 5291 obdurescunt
3231 5256 3244 5292 :
3281 5241 3456 5294 inani-

1885 5327 2031 5371 mata
2089 5329 2397 5382 moventur,
2441 5329 2495 5374 et
2529 5321 2631 5391 ipsi
2662 5323 3013 5380 discredunt:
3054 5329 3237 5398 templi
3275 5334 3453 5386 velum

1885 5408 2175 5476 scinditur,
2212 5421 2271 5464 ut
2329 5412 2572 5481 ipsorum
2618 5413 2798 5469 futura
2845 5417 3072 5474 vastitas
3117 5421 3454 5491 designetur.

1889 5500 2132 5555 Scissum
2167 5503 2367 5572 quippe
2408 5505 2582 5558 velum
2621 5514 2725 5573 est,
2755 5518 2810 5562 et
2850 5524 3049 5564 arcana
3091 5513 3276 5582 templi
3305 5525 3451 5584 pate-

1884 5591 2048 5658 facta,
2081 5608 2295 5664 propter
2322 5596 2518 5652 Christi
2554 5599 2757 5654 dictum
2785 5619 2797 5654 :
2828 5601 2910 5656 En
2933 5603 3247 5674 relinquitur
3267 5608 3453 5663 domus

1884 5695 2056 5739 vestra
2085 5687 2288 5741 deserta
2313 5689 2398 5743 ὀε
2433 5705 2620 5760 reapse
2662 5695 2807 5748 enim
2854 5695 3127 5752 desertata
3174 5711 3304 5755 sunt
3334 5712 3457 5771 post

1886 5775 2090 5834 Christi
2120 5791 2307 5834 necem
2335 5777 2648 5838 Judaeorum
2680 5800 2841 5842 sacra
2893 5789 3073 5844 omnia
3106 5807 3119 5845 :
3157 5798 3212 5846 et
3243 5792 3336 5862 qni
3370 5791 3453 5848 in-

281 5890 324 5922 "
366 5886 384 5942 Ι
418 5887 544 5945 Cor.
583 5903 637 5953 ι,
667 5887 719 5944 4.
798 5888 842 5920 ²⁰
877 5885 1008 5942 Luc.
1054 5902 1168 5952 χιιι,
1197 5887 1283 5942 '55.
1348 5887 1697 5970 '"fltilipp.
1736 5905 1794 5958 ιι,
1821 5890 1905 5946 10.
