4172 6502
730 413 833 476 719
1905 424 1963 482 S.
2000 422 2391 482 THEODORI
2455 425 2802 486 STUDITr‘E
3872 436 3984 499 720

720 529 972 585 colebant
1005 530 1191 586 urbem
1212 531 1582 603 templumque
1609 534 1805 604 angeli,
1835 535 1982 592 illine
2017 538 2270 594 abscesse

2393 538 2524 608 ναῷ,
2551 539 2641 591 διὰ
2666 538 2756 591 τδν
2785 540 3008 593 εἰπόντα
3039 540 3272 611 Χριστὸν
3292 543 3358 607 ’⁸,
3377 542 3532 598 ἰδοὺ
3556 545 3789 613 ἀφίεται
3828 551 3864 603 ὀ
3898 545 3988 603 οῖ-

718 631 864 686 runt,
896 630 1060 692 atque
1108 622 1175 676 ad
1225 620 1522 678 Ecclesiam
1554 625 2048 695 transmigrarunt:
2083 626 2270 681 multa-

2399 648 2504 696 κος
2545 630 2712 701 ὑμῶν
2752 633 3002 701 ἕρημος·
3053 634 3147 686 καὶ
3197 635 3306 704 γὰρ
3351 636 3647 706 ἠρήμωται
3695 640 3836 708 μετά
3882 644 3988 714 τήν

715 731 822 784 que
849 730 1079 784 corpora
1113 730 1305 770 eorum
1361 715 1456 786 qui
1502 717 1834 772 dormieraut
1882 733 2268 773 resurrexerun

2397 723 2818 791 Χριστοκτονίαν
2853 723 3033 776 πάντα
3059 724 3130 777 τά
3167 723 3280 777 τῶν
3311 723 3578 779 Ἰουδαίων
3628 729 3840 796 σεμνά*
3888 717 3989 784 κει.ὶ

715 822 842 863 cum
868 806 1130 862 Christo:
1183 815 1243 862 ut
1273 821 1371 862 nos
1430 808 1706 863 discamus
1729 808 2012 864 Christum
2051 824 2079 862 a
2114 818 2270 862 morti

2401 813 2453 866 οἰ
2483 813 2898 882 παραμένοντες
2929 817 2997 886 τῇ
3029 815 3183 868 πόλει
3209 816 3302 869 καὶ
3327 816 3407 887 τῷ
3435 817 3566 888 ἰερῷ
3594 817 3814 886 ἄγγελοι
3852 839 3989 890 μετ-

716 897 856 950 baud
886 897 1061 951 solum
1092 910 1395 968 resurgere,
1439 897 1532 951 scd
1564 906 1792 953 cunctos
1846 897 1950 968 ipsi
2007 897 2270 954 credente:

2392 903 2598 971 έσησαν
2630 905 2863 967 ἐκεῖθεν,
2883 907 2977 959 καὶ
3005 901 3171 977 ἦλθον
3191 908 3270 970 εἰς
3297 907 3396 977 τὴν
3425 909 3753 979 Ἐκκλησίαν
3773 927 3788 942 ο
3807 911 3989 966 πολλά

712 1005 779 1042 ex
810 989 1036 1043 mortuis
1067 1003 1222 1058 aque
1259 989 1674 1045 suscitaturum.

2391 995 2448 1049 δὲ
2493 996 2588 1048 καὶ
2641 995 2872 1064 σώματα
2915 995 3024 1050 τῶν
3075 999 3499 1070 κεκοιμημένων
3539 1001 3840 1075 συνανέστη
3901 1006 3987 1077 τῷ

714 1079 957 1149 Χριστῷ,
998 1078 1084 1132 ἵνα
1117 1079 1378 1150 μάθωμεν
1411 1081 1567 1150 ἡμεῖς
1596 1081 1681 1135 ὅτι
1710 1082 1945 1153 Χριστὸς
1974 1083 2282 1148 ἀποθανὼν,
2311 1085 2470 1156 μόνος
2499 1087 2600 1140 οὐκ
2639 1087 2925 1141 ἀνίσταται
2946 1125 2960 1150 ,
2991 1087 3130 1141 ἀλλά
3165 1089 3373 1154 πάντας
3401 1091 3530 1154 τοὺς
3583 1091 3664 1157 εἰς
3690 1092 3856 1146 αὐτὸν
3886 1110 3984 1147 su.

713 1170 1002 1233 στεύοντας
1042 1172 1106 1224 ἐκ
1143 1171 1352 1240 νεκρῶν
1389 1171 1660 1243 ἀνίστησι.

798 1261 854 1316 8.
894 1260 1018 1316 llaec
1039 1262 1354 1316 summatim
1385 1271 1470 1318 est
1516 1265 1821 1320 veneranda
1869 1265 2152 1322 Paschalis
2204 1283 2270 1322 so

2471 1265 2541 1336 η’.
2583 1263 2732 1334 Αὕτη
2765 1263 2840 1328 ὡς
2871 1267 2929 1318 tv
2958 1264 3237 1334 κεφαλαίῳ
3267 1265 3414 1319 ἐστὶν
3444 1267 3477 1335 ή
3515 1267 3689 1336 σεμνή
3730 1265 3827 1320 τοῦ
3861 1269 3980 1324 Πά“

711 1352 1008 1408 lemuitas:
1053 1354 1167 1409 haec
1220 1353 1657 1410 Christianorum
1711 1359 1967 1428 mysteria
1996 1361 2062 1414 de
2107 1376 2270 1414 resur‘

2399 1375 2503 1428 σχα
2532 1358 2691 1428 ἑορτή
2709 1373 2722 1387 ·
2759 1358 2853 1410 καὶ
2885 1355 3059 1410 ταῦτα
3086 1356 3425 1427 Χριστιανῶν
3448 1357 3517 1411 τά
3542 1357 3819 1429 μυστήρια
3847 1363 3980 1431 περὶ

710 1445 946 1499 rectione
964 1455 1303 1500 mortuorum
1321 1447 1533 1517 vitaque
1548 1456 1748 1503 aeterna
1766 1450 2123 1506 celebramus.
2149 1451 2270 1522 Ergt

2395 1449 2746 1507 ἀναστάσεως
2791 1447 3000 1518 νεκρῶν
3033 1447 3129 1500 καὶ⁵
3159 1447 3302 1518 ζωῆς
3332 1448 3556 1502 αἰωνίου
3605 1450 3979 1521 πανηγυρίζο-

709 1535 976 1590 solemnia
1029 1552 1262 1606 agamus
1312 1553 1417 1593 non
1455 1537 1721 1596 fermento
1748 1542 1968 1597 malitiae
2000 1553 2053 1597 et
2093 1543 2270 1614 nequi.

2397 1557 2495 1610 μεν
2515 1556 2529 1570 ο
2558 1539 2844 1610 τοιγαροῦν
2879 1539 3226 1609 ἐορτάσωμεν
3268 1539 3343 1608 μὴ
3371 1540 3430 1594 ἐν
3461 1539 3609 1611 ζύμῃ
3637 1542 3837 1603 κακίας
3879 1543 3977 1595 καὶ

708 1625 814 1688 tia),
855 1627 945 1681 sed
985 1629 1192 1698 azymis
1232 1628 1559 1684 sinceritatis
1586 1640 1639 1684 et
1684 1631 1947 1698 veritatis,
1987 1635 2270 1689 credentes

2388 1633 2673 1702 πονηρίας,
2692 1632 2805 1684 ἀλλ’
2830 1634 2886 1683 tv
2918 1629 3148 1699 ἀζύμοις
3173 1629 3526 1700 εἰλικρινείας
3555 1632 3651 1685 καὶ
3680 1631 3970 1702 ἀληθείας,

710 1719 762 1771 in
804 1716 1038 1782 Patrem,
1072 1719 1269 1773 Filium
1335 1736 1400 1776 ac
1435 1719 1697 1791 Spiritum
1729 1735 2000 1791 sanetum,
2048 1727 2100 1779 in
2142 1741 2270 1781 con-

2385 1724 2732 1786 πιστεύοντες
2774 1725 2854 1786 είς
2897 1723 3136 1792 Πατέρα,
3168 1723 3262 1776 καὶ
3292 1723 3440 1787 Υἰδν,
3490 1724 3585 1776 καὶ
3634 1723 3864 1794 Πνεῦμα
3911 1726 3974 1778 τὸ

707 1810 1117 1864 substantialem
1152 1811 1557 1882 increatamque
1609 1814 1955 1882 Trinitatem,
2001 1819 2270 1873 credentes

2386 1817 2559 1885 ἅγιον,
2586 1817 2666 1878 εἰς
2698 1815 2906 1886 Τριάδα
2935 1815 3224 1884 όμοούσιον
3247 1814 3340 1866 καὶ
3369 1815 3643 1879 άκτιστον,
3680 1815 3972 1869 πιστεύον-

707 1901 1117 1968 resurrectioni,
1167 1914 1544 1974 exspectantes
1601 1906 1890 1962 Dominum
1924 1910 2101 1964 denuo
2147 1926 2278 1964 ven-

709 2002 911 2058 turum,
959 2009 1135 2064 neque
1179 1996 1289 2062 jam
1340 1996 1638 2065 humiliter,
1685 2001 1778 2055 sed
1849 2002 2089 2072 gloriose
2150 2017 2277 2057 cum

706 2085 913 2141 caelesti
939 2087 1239 2155 majestate,
1269 2104 1392 2143 cum
1419 2091 1713 2159 splendidis
1737 2093 1965 2162 angelis,
1987 2109 2110 2148 cum
2137 2093 2279 2150 tubis

704 2187 867 2248 atque
925 2188 1132 2234 terrore
1173 2179 1334 2235 simul
1394 2191 1448 2237 et
1477 2183 1718 2252 gaudio:
1757 2186 1976 2255 gaudio,
2027 2186 2276 2256 inquam,

704 2279 1044 2332 εοηοιοι-υιιι,
1105 2279 1313 2326 terrore
1367 2286 1713 2342 peccatorum
1764 2292 1828 2331 ac
1867 2277 2274 2333 damnatorum.

703 2360 847 2418 Deus
876 2369 1057 2416 autem
1105 2364 1254 2434 pacis
1283 2364 1476 2434 dignos
1517 2381 1617 2421 nos
1672 2381 1868 2423 omnes
1905 2369 2070 2424 faciat
2095 2386 2279 2424 resur-

702 2451 858 2521 gendi
886 2466 1008 2507 cum
1041 2454 1266 2518 sanctis,
1287 2470 1521 2524 quorum
1555 2471 1741 2527 opera,
1760 2469 1813 2513 et
1831 2461 2072 2523 verba,et
2088 2462 2278 2517 ortho-

701 2541 899 2597 doxam
933 2542 1093 2598 iidem
1121 2543 1315 2599 imitati
1347 2545 1613 2604 fuerimus
1644 2553 1656 2602 ἰ
1709 2550 1838 2619 quia
1867 2552 1967 2622 ipsi
1989 2562 2072 2607 est
2105 2553 2276 2625 gloria

701 2643 757 2690 et
791 2636 1031 2708 potentia
1057 2651 1153 2706 per
1189 2639 1388 2694 secula
1418 2641 1766 2698 saeculorum.
1799 2644 1990 2700 Amen.

1457 2729 1520 2785 ν.

741 2813 1008 2870 Laudatio
1038 2819 1095 2873 in
1131 2819 1500 2944 dormitilofem
1538 2833 1736 2880 sancta:
1766 2825 2006 2881 Domiuw
2035 2838 2227 2883 nostra

1395 2909 1610 2944 ειυανω.

1395 2909 1610 2955 «parte.

771 2979 824 3032 1.
863 2977 1032 3034 Tuba
1061 2995 1276 3049 vocem,
1295 2981 1538 3039 buccina!
1566 2987 1899 3056 clangorem,
1933 2988 2094 3043 solito
2124 3004 2276 3046 reso-

702 3074 924 3127 nantius
954 3073 1307 3141 clamantem,
1349 3085 1402 3132 et
1448 3079 1599 3132 orliis
1628 3078 1762 3134 iiues
1793 3081 2027 3151 strepitu
2068 3097 2268 3138 concu-

701 3166 946 3232 tientem,
980 3181 1164 3223 sermo
1203 3182 1360 3224 meus
1388 3184 1512 3225 cum
1551 3175 1792 3241 postulet
1837 3175 1908 3230 ob
1940 3175 2080 3232 hanc
2129 3177 2273 3232 sacri

699 3257 957 3327 praeconii
991 3258 1134 3314 diem
1170 3260 1590 3328 celebrandam;
1625 3264 1736 3330 vix,
1776 3279 1810 3320 ο
1845 3266 1970 3330 viri,
2009 3282 2104 3336 per
2133 3269 2269 3336 pho-

699 3350 864 3406 netici
916 3352 1093 3407 nostri
1139 3354 1334 3424 organi
1387 3355 1634 3410 intirmas
1670 3357 1814 3414 vires
1844 3359 2111 3428 procedit.
2167 3359 2270 3414 Sed

699 3442 908 3512 Regina
940 3457 1004 3499 ac
1035 3443 1266 3500 Domina
1302 3445 1568 3510 universi,
1601 3456 1863 3520 tanquam
1893 3449 2119 3503 minime
2151 3464 2270 3502 am-

699 3530 918 3598 bitiosa,
955 3533 1200 3603 recipiet,
1218 3534 1551 3606 spero,hunc
1581 3555 1799 3610 quoque
1828 3539 2064 3602 brevem,
2093 3537 2272 3595 iamu-

698 3621 818 3677 lilio
848 3622 969 3693 eius
999 3623 1298 3696 addictum,
1339 3633 1731 3701 pauperculum
1775 3639 2024 3685 nostrum
2065 3645 2272 3686 sermo-

701 3738 849 3790 nem,
893 3722 1037 3777 liaud
1075 3738 1233 3779 secus
1271 3739 1435 3794 quam
1476 3725 1796 3780 sublimium
1827 3733 2110 3780 oratorum
2151 3726 2271 3780 lon-

701 3828 797 3884 gas
848 3813 1268 3884 splendidasque
1320 3814 1636 3881 orationes,
1685 3815 1806 3885 ejus
1867 3817 1960 3886 qui
2021 3815 2154 3870 mihi
2217 3815 2271 3871 id

700 3903 1073 3969 demandavit,
1133 3904 1391 3975 precibus
1441 3906 1732 3975 propitiata
1788 3925 1802 3961 :
1852 3915 2051 3977 praeter
2105 3923 2269 3977 quam

701 3990 868 4062 quod,
913 3991 1074 4046 unice
1109 3992 1310 4062 aspicit
1352 3995 1552 4050 mentis
1602 3997 1944 4066 propositum
1991 3996 2270 4067 benignis-

701 4085 840 4137 sima
869 4083 1039 4154 virgo.
1082 4086 1195 4155 Age
1227 4100 1372 4142 nunc
1403 4087 1536 4141 mihi
1564 4087 1670 4143 huc
1699 4089 1866 4145 simul
1896 4090 2106 4155 adesto,
2147 4091 2270 4144 uni-

703 4190 859 4230 versa
901 4191 1024 4246 qua;
1059 4176 1197 4232 caelo
1229 4178 1392 4234 subes
1429 4187 1593 4245 terra,
1629 4191 1893 4249 quantum
1930 4191 2013 4238 est
2051 4182 2270 4252 pontiﬁ-

702 4282 826 4322 cum
882 4284 946 4324 ac
997 4270 1368 4338 sacerdotum,
1423 4273 1819 4328 monachorum
1873 4284 1928 4330 et
1979 4275 2265 4338 laicoruin,

705 4375 890 4429 regum
923 4370 976 4414 et
1004 4360 1336 4431 principum,
1375 4363 1616 4418 virorum
1654 4379 1718 4418 ac
1759 4363 2109 4428 feminarum,
2139 4367 2270 4420 ado-

2379 1924 2469 1968 τες
2503 1909 2568 1977 τῇ
2616 1905 2931 1969 ἀναστάσει,
2969 1903 3378 1974 προσδοκῶντες
3409 1903 3500 1956 τὸν
3545 1904 3750 1974 Κύριον
3801 1906 3968 1959 πάλιν

2379 1997 2692 2067 ἐρχόμενον,
2725 1997 2909 2049 οὐκέτι
2944 1996 3042 2065 μὲν
3074 1993 3381 2058 ταπεινῶς,
3415 1994 3530 2046 ἀλλ’
3561 1995 3789 2061 ἐνδόξως
3821 1997 3966 2066 μετά

2378 2088 2760 2159 λαμπρότητος
2807 2086 3059 2156 οὐρανίου
3085 2124 3100 2148 ,
3150 2083 3287 2154 μετὰ
3348 2084 3624 2151 φωτεινῶν
3683 2083 3963 2152 ἀγγέλων,

2381 2181 2520 2252 μετά
2554 2177 2871 2252 σαλπίγγων
2915 2176 3007 2230 καὶ
3056 2175 3220 2243 φόϐου
3268 2177 3362 2229 καὶ
3410 2177 3606 2247 χαρᾶς,
3640 2177 3812 2246 χαρᾶς
3860 2177 3963 2246 μὲν

2377 2273 2484 2325 τῶν
2509 2272 2700 2341 ἁγίων,
2731 2270 2896 2340 φόϐου
2919 2269 2977 2321 δέ
3003 2267 3111 2320 τῶν
3134 2267 3438 2321 καταδίκων
3462 2268 3554 2320 καὶ
3581 2267 3956 2337 ἁμαρτωλῶν·

2376 2366 2404 2418 ό
2431 2365 2488 2418 δέ
2519 2364 2650 2426 Θεὸς
2679 2363 2780 2433 τῆς
2811 2363 3032 2431 εἰρήνης
3059 2358 3374 2433 καταξιὼση
3402 2359 3608 2423 πάντας
3632 2361 3783 2430 ἡμᾶς
3819 2359 3962 2428 μετά

2378 2459 2548 2526 ἁγίων
2580 2456 2948 2516 ἀναστάσεως,
2977 2455 3035 2506 ἐν
3078 2452 3259 2522 ἔργοις
3303 2452 3395 2506 καὶ
3424 2451 3602 2521 λόγοις
3633 2452 3960 2523 εὑρεθέντας

2377 2547 2473 2601 καὶ
2505 2547 2682 2599 πίστει
2711 2540 3008 2612 όρθοδόξῳί
3041 2542 3125 2594 ὅτι
3151 2539 3301 2611 αὐτῷ
3327 2543 3361 2612 ὴ
3387 2536 3516 2610 δόξα
3546 2541 3641 2595 καὶ
3666 2543 3725 2595 τὸ
3753 2541 3958 2614 κράτος

2378 2641 2456 2704 εἰς
2490 2638 2615 2700 τοὺς
2643 2635 2846 2697 αἰῶνας
2874 2633 2983 2686 τῶν
3010 2631 3243 2688 αἰώνων.
3259 2633 3455 2706 ’Δμήν.

3137 2731 3214 2784 Ε’.

2389 2825 2710 2895 ’Ξῖ-κώμιον
2735 2825 2823 2890 εἰς
2848 2823 3267 2895 τὴν-κοιμησικ
3294 2819 3595 2895 τὴς-άτιας
3615 2819 3957 2889 Δεσποίνης

2863 2893 3033 2966 ἡμῶν
3067 2894 3356 2947 Θεοτόκου
3379 2892 3476 2962 (5).

2446 2988 2516 3045 α’.
2541 2987 2728 3059 Φωνὴν
2752 2985 3071 3054 σάλπιγγος,
3103 2983 3394 3055 κερατίνης
3425 2981 3556 3053 βοῆς
3580 2981 3955 3048 ἀλαλάζουσαν

2375 3079 2742 3150 γεγωνότερον
2779 3077 2873 3131 καὶ
2903 3073 3302 3130 καταδονοῦσαν
3334 3073 3404 3127 τά
3440 3073 3670 3144 πέρατα,
3698 3074 3954 3127 ἀπαιτῶν

2302 3141 2345 3201 C
2430 3141 2586 3238 λόγος
2630 3141 2767 3239 πρὸς
2797 3166 3075 3237 εὐφημίαν
3118 3164 3220 3235 τῆς
3248 3141 3530 3236 παρούσης
3559 3164 3953 3236 ἰεροκηρύκτου

2371 3262 2604 3332 ἡμέρας,
2639 3259 2962 3324 κινδυνεύει,
2991 3252 3035 3312 ὧ
3077 3258 3288 3329 ἄνδρες,
3316 3257 3382 3310 δι’
3415 3255 3674 3320 ἀσθενοῦς
3701 3257 3796 3311 τοῦ
3830 3275 3951 3327 φω-

2371 3351 2590 3423 νητικοῦ
2635 3351 2793 3422 ήμῶν
2835 3350 3070 3422 ὀργάνου
3103 3351 3537 3422 προερχόμενος·
3579 3349 3694 3403 ἀλλ’
3721 3351 3756 3420 ή
3793 3348 3952 3419 βασίο

2370 3443 2534 3498 λισσα
2573 3444 2664 3496 καὶ
2694 3443 2856 3510 κυρία
2885 3443 2978 3497 τοῦ
3011 3442 3230 3506 παντὸς,
3267 3441 3344 3506 ὡς
3371 3435 3459 3496 οἷά
3488 3459 3572 3505 τις
3601 3441 3949 3511 ἀφιλότιμος,

2369 3536 2579 3600 δέξαιτο
2600 3535 2738 3605 τάχα
2764 3536 2858 3588 καὶ
2884 3534 2974 3588 τὸν
3004 3535 3132 3604 τῇδε
3157 3534 3400 3588 δουλικὸν
3427 3534 3596 3604 αὐτῆς
3621 3534 3827 3605 βραχὺν
3853 3536 3952 3589 καὶ

2371 3628 2623 3698 πενιχρὸν
2678 3628 2834 3698 ἡμῶν
2861 3627 3039 3695 λόγον,
3079 3626 3152 3689 ὡς
3194 3626 3302 3680 τῶν
3337 3626 3627 3697 ὑψηγόρων
3671 3627 3799 3690 τοὺς
3843 3644 3951 3697 μα-

2371 3719 2536 3789 κρούς
2565 3735 2623 3771 τε
2669 3722 2762 3771 καὶ
2791 3717 3240 3788 ὐπερλάμπρους,
3273 3721 3392 3780 ταῖς
3432 3716 3524 3771 τοῦ
3575 3718 3951 3788 προστάσσον-

2369 3829 2459 3874 τος
2507 3811 2688 3881 εὐχαῖς
2755 3811 3185 3880 εὐμενιζομένη·
3263 3809 3491 3878 ἐπείπερ
3559 3808 3834 3878 καὶπρὸς
3889 3807 3950 3859 ἓν

2375 3903 2534 3972 μόνον
2572 3902 2756 3972 βλέπει
2796 3902 2856 3954 τὸ
2903 3902 2999 3971 τῆς
3028 3900 3338 3969 προθέσεως
3378 3902 3410 3970 ἡ
3444 3899 3742 3968 φιλάγαθος
3763 3916 3776 3930 ·
3807 3900 3950 3953 άλλά

2373 4013 2462 4066 μοι
2484 3994 2663 4064 δεῦρο,
2685 3994 3066 4065 συναγέρθητι,
3087 3994 3122 4065 ἡ
3145 3993 3243 4050 ὑπ’
3262 3992 3488 4063 οὐρανὸν
3505 3993 3711 4057 ἅπασα,
3737 3994 3863 4046 ὅσον
3885 3993 3948 4045 ἐν

2373 4086 2654 4157 ἰεράρχαις
2683 4101 2742 4137 τε
2787 4085 2882 4137 καὶ
2914 4081 3170 4152 ἱερεῦσιν,
3202 4085 3258 4136 ἐν
3287 4083 3595 4153 μοναδικοτς
3635 4099 3692 4136 τε
3727 4085 3818 4137 καὶ
3853 4101 3948 4152 μι-

2369 4178 2552 4246 γάσιν,
2579 4179 2636 4229 ἐν
2670 4174 2945 4246 βασιλεῦσί
2990 4192 3048 4228 τε
3083 4176 3174 4229 καὶ
3215 4176 3494 4246 ἄρχουσιν,
3527 4176 3585 4228 ἐν
3622 4175 3850 4246 ἀνδράσι
3881 4191 3945 4228 τε

2370 4269 2466 4323 καὶ
2494 4267 2757 4338 γυναιξὶν,
2791 4269 2848 4320 ἐν
2874 4267 3176 4330 νεανίσκοις
3204 4283 3264 4318 τε
3295 4268 3388 4319 καὶ
3413 4265 3723 4337 παρθένοις,
3757 4268 3816 4319 ἐν
3845 4284 3947 4334 φυο

2369 4361 2488 4425 λαίς
2521 4378 2579 4414 τε
2613 4360 2708 4413 καὶ
2731 4357 3024 4427 γλώσσαις,
3070 4357 3336 4425 παγγενεί
3373 4373 3432 4409 τε
3465 4357 3560 4409 καὶ
3597 4356 3941 4427 παμπληθεὶ,

702 4448 1128 4504 lescentulorum
1158 4467 1224 4507 ac
1255 4453 1552 4523 virginum,
1574 4456 1816 4509 tribuum
1850 4465 1904 4509 et
1936 4457 2266 4527 linguarum,

2374 4455 2467 4508 καὶ
2496 4453 2595 4515 τὰς
2619 4451 2727 4505 τῶν
2748 4450 2957 4520 ἀρετῶν
2990 4449 3222 4518 ἐσθῆτας
3251 4448 3750 4514 ἐξυπαλλάσσουσα,
3779 4448 3856 4510 ὡς
3884 4449 3944 4500 ἐν

700 4558 768 4595 ex
821 4542 966 4597 omni
1018 4559 1214 4614 genere
1263 4559 1328 4599 ac
1379 4547 1617 4617 populo;
1676 4549 2056 4619 virtutumque
2109 4552 2264 4620 quasi

700 4635 1013 4688 mutatoriis
1060 4637 1317 4705 sumptis,
1361 4639 1542 4693 aureis
1592 4639 1824 4696 ﬁmbriis
1857 4641 2264 4696 circumamicta

699 4736 756 4780 et
787 4727 1012 4792 variata,
1048 4728 1203 4796 prodi
1249 4728 1496 4784 hilariter
1527 4732 1790 4803 gestiens,
1818 4743 1875 4788 ut
1902 4732 2266 4803 Dominiparm

698 4816 885 4870 Maria:
909 4814 1159 4872 funebria
1189 4827 1242 4872 et
1273 4819 1566 4874 transitum
1598 4822 1864 4877 celebres.
1897 4821 2093 4892 Migrat
2119 4823 2265 4878 enim

697 4926 760 4962 ex
788 4909 870 4963 his
902 4910 1259 4965 terrestribus
1287 4920 1341 4965 et
1372 4914 1775 4983 appropinquat
1804 4915 2083 4970 montibus
2111 4925 2267 4970 aeter-

701 5002 811 5065 nis,
868 5015 1030 5056 verus
1089 5000 1274 5056 Sionis
1327 5017 1510 5066 mons,
1571 5005 1625 5058 in
1687 5021 1796 5074 quo
1854 5005 1964 5060 Deo
2022 5007 2268 5065 habitare

699 5094 924 5162 placuit,
967 5102 1026 5148 ut
1080 5091 1384 5149 Psalmistaa
1433 5094 1550 5167 lyra
1593 5099 1832 5153 canit".
1885 5097 2055 5154 Hodie
2105 5101 2268 5171 igitur

701 5194 977 5239 terrenum
1006 5184 1203 5240 caelum
1241 5184 1779 5257 incorruptibilitatis
1805 5190 2131 5245 vestimento
2166 5191 2266 5245 eir-

769 5299 810 5331 ⁸¹
838 5296 981 5354 Psal.
1011 5314 1193 5366 cum,
1229 5298 1314 5353 14.

768 5493 846 5565 (5)
889 5495 966 5548 Ad
979 5496 1212 5553 notatio.
1237 5498 1297 5552 In
1317 5497 1503 5553 codice
1525 5495 1860 5566 priscmVat.
1884 5496 2008 5560 t55,
2036 5496 2074 5550 i.
2095 5497 2199 5550 226
2221 5499 2272 5560 ὁ,

698 5566 893 5638 legitur
918 5566 1021 5638 alia
1038 5568 1225 5638 oratio
1254 5583 1377 5638 cum
1402 5568 1505 5622 hoc
1531 5567 1690 5638 titulo
1718 5586 1732 5622 :
1754 5567 1860 5620 Τοῦ
1883 5568 2274 5638 άγίουγπατρὸς

696 5636 852 5726 ήμῶν
885 5636 1159 5721 ρεοδώρου
1194 5636 1286 5726 τοῦ
1308 5637 1737 5726 ἐδέουιὼμοὶλογη
1768 5636 2269 5726 τρῦτίς-τᾉὸνγενέ-

699 5707 844 5778 θλιον
863 5707 961 5776 τῆς
985 5707 1083 5759 ύπε
1094 5708 1286 5778 ραγίας
1307 5707 1567 5762 Θεοτόκου
1596 5709 1652 5773 ἐν
1671 5707 2062 5777 ᾧτὸὲξήκοντα
2094 5711 2268 5778 χαῖρε.

697 5777 886 5831 Sancti
932 5777 1104 5843 patris
1145 5779 1314 5834 nostri
1353 5777 1631 5843 Theodori,
1676 5782 1791 5833 novi
1833 5777 2148 5846 confessoris
2191 5777 2269 5841 (id

696 5856 774 5902 est
817 5846 1093 5919 Studtta’),
1144 5851 1198 5904 in
1245 5851 1576 5906 nativitatem
1614 5850 1968 5904 sanctissima:
1999 5847 2265 5916 Deiparw,

2375 4546 2706 4617 κροσσωτοϊς
2751 4543 2970 4613 χρυσοῖς
3026 4539 3489 4610 περιϐεϐλημένη,
3517 4539 3940 4608 πεποικιλμένη,

2374 4637 2604 4710 πρόελθε
2655 4635 2894 4704 φαιδρῶς
2929 4632 3194 4702 γεγηθυῖα
3233 4633 3332 4702 τῆς
3361 4630 3693 4700 Κυριοτόκου
3719 4629 3942 4698 Μαρίας

2372 4725 2563 4799 ἑορτήν
2591 4722 2924 4795 ἑορτάζουσα
2951 4722 3018 4774 τὰ
3043 4719 3328 4790 ἐπικήδειά
3351 4736 3415 4771 τε
3446 4721 3541 4772 καὶ
3573 4719 3930 4791 διαδατήριαε

2376 4819 2691 4891 μεταϐαίνει
2739 4816 2848 4886 γὰρ
2894 4817 2958 4868 ἐκ
2999 4815 3105 4866 τῶν
3138 4811 3346 4865 ἐνθένδε
3393 4812 3488 4865 καὶ
3519 4811 3726 4880 ἐγγίζει
3755 4813 3939 4884 ὄρεσιν

2373 4912 2636 4971 αἰωνίοις,
2661 4909 2721 4963 τδ
2753 4909 2877 4978 ὅρος
2909 4907 3074 4968 ὄντως
3096 4905 3158 4957 τὸ
3191 4903 3349 4966 Σιὼν,
3381 4903 3410 4956 ὅ
3434 4904 3730 4973 ηὐδόκησεν
3756 4907 3783 4958 ό
3808 4906 3940 4968 θεὸς

2375 5007 2648 5060 κατοικεῖν
2675 5005 2732 5055 ἐν
2763 4999 2930 5069 αὐτῷ,
2962 4999 3034 5061 ὡς
3064 5000 3096 5069 ἡ
3123 4997 3214 5050 τοῦ
3243 4996 3534 5066 ψάλλοντος
3560 4995 3697 5066 λύρα
3715 5013 3728 5026 ·
3768 5013 3938 5067 σημε-

2375 5118 2469 5172 ρον
2492 5095 2781 5167 τοιγαροῦν
2807 5094 2836 5145 ὁ
2865 5092 3108 5160 ἐπίγειος
3139 5089 3363 5161 οὐρανὸς
3392 5090 3471 5160 τῷ
3497 5092 3594 5160 τῆς
3631 5090 3939 5161 ἀφθαρσίας

2377 5189 2707 5262 περιϐολαίῳ
2741 5185 3104 5253 ἑλισσόμενος,
3141 5182 3521 5248 ἐξαλλάττεται
3566 5183 3644 5243 εἰς
3676 5181 3938 5254 διαμονὴν

2375 5501 2462 5578 ubi
2486 5505 2761 5578 sexaginta
2795 5521 2906 5558 ave.
2937 5505 3145 5578 Incipit.
3182 5503 3862 5578 Λαμπρῶςπανηγυρίξει
3901 5509 3935 5578 ἡ

2372 5572 2548 5633 κτίσις
2586 5576 2825 5645 τήμερον
2842 5593 2876 5645 _:
2913 5572 3180 5641 splendide
3215 5572 3369 5630 hodie
3406 5572 3793 5630 solemnitatem
3823 5572 3933 5643 agit

2371 5651 2551 5694 creata
2585 5643 2806 5714 natura.
2839 5643 3100 5713 Equidem
3142 5646 3226 5700 vix
3277 5645 3464 5700 dubito
3508 5645 3638 5714 quin
3674 5647 3930 5714 praedicta

2371 5715 2548 5783 gratio
2580 5710 2805 5768 Sludita:
2839 5710 3005 5768 nostri
3043 5717 3145 5778 sit;
3185 5715 3276 5770 sed
3311 5715 3436 5783 quia
3472 5710 3574 5768 sub
3606 5710 3930 5783 S_.'Joannis

2370 5777 2687 5836 Damasceni
2718 5786 2936 5838 neruine
2967 5777 3140 5838 edidit
3162 5801 3279 5839 eam
3311 5777 3606 5852 Lequinius
3625 5781 3761 5852 Opp.
3796 5796 3834 5838 t.
3862 5783 3926 5851 ll,

2369 5863 2421 5919 p.
2458 5852 2559 5908 849
2590 5867 2766 5922 seqq.,
2802 5869 2830 5906 a
2872 5871 2955 5908 me
2985 5856 3320 5924 praetermitti
3346 5855 3551 5910 debuit.
