4172 6522
195 441 293 509 721

1034 446 1315 509 ORATIO
1344 450 1388 510 V
1440 474 1505 486 -
1541 450 1622 511 IN
1661 450 2199 514 DORMlTIONEM
2237 451 2609 516 DEIPARIE.

3356 457 3466 524 722

196 555 294 626 τὴν
335 551 598 624 βελτίονά
640 568 702 606 τε
744 552 840 607 καὶ
867 553 1194 624 μακραίωνα
1218 570 1235 588 ο
1267 557 1508 626 σήμερον
1549 557 1585 628 ή
1621 557 1787 630 νοητή

1900 561 2282 615 cumamictum
2317 561 2651 618 transfertur
2667 564 2742 642 ad
2782 562 3063 622 meliorem
3089 575 3464 642 aeternamque

199 647 292 702 καὶ
348 644 722 716 θεοφώτιστος
769 643 972 717 σελήνη
1007 645 1086 716 τῷ
1125 647 1230 717 τῆς
1267 647 1618 719 δικαιοσύνης
1655 648 1793 721 ήλίφ

1900 651 2259 707 mansionem.
2307 654 2483 708 Hodie
2531 655 2797 724 spiritalis
2839 670 3006 728 atque
3053 675 3082 714 a
3120 661 3228 716 Deo
3269 663 3465 718 illumi-

199 739 685 806 συνεισϐάλλουσα,
733 739 980 794 ικλείπει
1042 741 1142 810 μὲν
1185 739 1281 794 τοῦ
1321 740 1424 807 τῆς
1471 742 1791 812 παραυτίκα

198 831 347 900 ζωῆς
387 831 757 902 προσκαίρου,
789 833 850 885 ἑν
876 830 1095 902 τάὑτῷ
1122 830 1182 886 δὲ
1221 831 1590 886 ἀνατέλλουσα
1616 849 1789 885 κατα-

1888 751 2017 800 nata
2051 744 2181 799 luna
2222 744 2276 799 in
2307 746 2537 816 iustitia:
2567 747 2751 804 Solem
2786 749 3101 816 incurrens,
3128 753 3310 809 deﬁcit
3335 755 3464 825 qui-

1885 835 2008 889 dem
2044 851 2074 890 a
2098 839 2356 907 praesenti
2398 840 2684 910 temporali
2715 841 2853 907 vita,
2895 844 3175 914 simulque
3207 847 3466 902 exoriens

198 924 590 995 λαμπρύνεται
621 924 701 996 τῷ
741 924 842 996 τῆς
885 925 1189 989 ἀθανασίας
1210 923 1512 996 ἀξιώματι·
1550 925 1791 996 σήμερον

1900 929 2323 984 immortalitatis
2355 933 2618 1002 dignitate
2643 933 2970 989 illustratur.
3002 933 3180 992 Hodie
3210 937 3464 994 inaurata

196 1020 230 1085 ἡ
261 1016 666 1088 χρυσότευκτος
709 1016 808 1070 καὶ
847 1015 1386 1079 θεοκατασκεύαστος
1416 1016 1647 1078 κιϐωτὸς
1687 1015 1783 1069 τοῦ

197 1111 548 1181 ἀγιάσματος
601 1111 668 1165 ὲκ
724 1110 834 1164 τῶν
885 1109 1210 1181 ἐπιχθονίων
1257 1108 1635 1180 σκηνωμάτων
1673 1108 1785 1161 ἀπ-

198 1203 432 1275 αίρουσα
477 1202 615 1274 πρὸς
655 1202 758 1274 τήν
814 1203 926 1256 ἀνω
969 1201 1322 1274 Ἰερουσαλὴμ
1357 1199 1787 1272 μετακομίζεται

199 1299 281 1359 είς
319 1296 670 1351 κατάπαυσιν
705 1294 1065 1363 ἀτελεύτητον
1084 1307 1100 1322 ·
1133 1294 1230 1348 καὶ
1253 1294 1282 1347 6
1311 1293 1600 1364 θεοπάτωρ
1625 1290 1788 1345 Δαυῒδ

202 1385 290 1443 οἷά
339 1406 429 1453 τις
506 1387 807 1459 κιθαρίζων
878 1387 1068 1441 εκεῖνα
1132 1387 1266 1457 ἡμῖν
1339 1383 1596 1457 μελῳδῶν
1658 1386 1790 1439 ἀνα-

1889 1028 1942 1075 et
1971 1020 2238 1077 divinitus
2276 1021 2546 1079 fabricata
2600 1028 2911 1082 sanctitatis
2960 1044 3084 1084 area
3119 1029 3187 1085 de
3230 1033 3464 1086 terrenis

1892 1113 2259 1169 tabernaculis
2285 1115 2351 1168 ad
2378 1131 2674 1185 supernam
2692 1117 3002 1175 Jerusalem
3027 1123 3379 1193 commigrat.
3405 1125 3462 1177 in

1890 1204 2135 1273 requiem
2175 1204 2282 1259 fine
2310 1216 2619 1274 carentem;
2648 1208 2700 1263 id
2730 1210 2876 1280 quod
2910 1212 3068 1267 nobis
3096 1221 3151 1267 et
3180 1214 3464 1284 tlieopater

1893 1290 2086 1354 David,
2119 1293 2332 1351 cithara
2369 1296 2535 1350 veluti
2586 1312 2790 1354 canens
2821 1299 2896 1353 ait
2925 1342 2939 1354 .
2969 1301 3317 1355 Adducentur
3352 1303 3464 1373 regi

1890 1382 2118 1452 virgines
2140 1385 2222 1452 “;
2249 1385 2300 1439 id
2330 1395 2414 1441 est
2438 1387 2656 1452 animae,
2683 1399 2806 1459 post
2829 1391 2977 1445 illam
3009 1392 3102 1446 tibi
3127 1393 3443 1448 aﬂ‘erentur.

194 1478 503 1547 φθέγγεται
529 1492 544 1507 ·
605 1475 1163 1545 Ἀπσνεχθήσονται,
1199 1475 1387 1548 φησιν,
1440 1473 1523 1540 τῷ
1561 1469 1817 1539 ,βασιλεῖ
1869 1473 2154 1540 παρθένοι
2177 1479 2193 1494 ⁶
2257 1475 2460 1547 δηλαδή
2519 1479 2712 1550 ψυχαὶ,
2765 1479 2944 1535 ὀπίσω
2989 1481 3163 1551 αὐτῆς
3230 1484 3466 1552 ἀπενεχ-

205 1570 468 1641 θήσονταί
504 1585 611 1623 σοι.

275 1661 345 1733 β’.
371 1661 490 1716 Νῦν
517 1661 613 1716 οῦν
639 1661 934 1732 αἰσθητοὺς
959 1660 1330 1732 όφθαλμοὺςή
1357 1657 1620 1721 Θεοτόκος
1645 1672 1784 1726 συμ-

208 1754 454 1824 μύσασα,
478 1755 607 1818 τοὺς
633 1753 861 1825 νοητοὺς
885 1753 1020 1824 ήμῖν
1054 1751 1131 1817 ὡς
1166 1751 1456 1824 λαμπροὺς
1482 1750 1579 1804 καὶ
1609 1747 1785 1820 μεγά-

204 1845 328 1908 λους
361 1845 578 1916 ἀνίσχει
612 1845 929 1917 φωστῆρας,
962 1847 1132 1916 μήπω
1157 1843 1590 1906 καταδύσαντας,
1620 1842 1702 1904 είς
1725 1839 1787 1893 τὸ

203 1940 504 2010 τρηγορεῖν
554 1955 618 1991 τε
671 1935 1232 2028 καὶῗγιξιλάσκεσθαι-
1256 1934 1335 2028 τῷ
1367 1932 1646 2028 προστυπιρ
1688 1931 1786 2028 τοῦ
1818 1973 1861 2028 Β

204 2029 341 2082 Θεοῦ
388 2030 535 2100 ὑπὲρ
579 2029 678 2097 τῆς
712 2027 810 2082 τοῦ
852 2027 1060 2098 κόσμου
1096 2026 1436 2096 ἀντιλήψεως
1459 2040 1474 2055 ·
1504 2023 1601 2077 νῦν
1632 2025 1690 2076 ὲν
1715 2025 1783 2094 τῇ

203 2120 458 2192 ἑνάρθρῳ
501 2121 652 2191 φωνῇ
699 2119 770 2174 τὰ
813 2118 1102 2190 θεοκίνητα
1140 2117 1292 2190 χείλη
1330 2117 1784 2187 ὑποσιωπήσασα,

201 2211 454 2266 ἁείλαλον
475 2211 646 2281 αὐτῆς
672 2210 732 2264 τὸ
754 2210 1148 2282 πρεσϐευτικδν
1176 2209 1318 2280 ὑπὲρ
1343 2208 1440 2263 τοῦ
1464 2208 1668 2270 παντὸς
1697 2208 1789 2278 γέ-

205 2319 331 2367 νους
362 2302 634 2370 ἑξανοίγει
661 2301 836 2374 στόμα
857 2317 874 2333 ο
909 2302 1006 2356 νῦν
1050 2302 1150 2365 τὰς
1190 2301 1511 2369 σωματικὰς
1544 2301 1641 2356 καὶ
1669 2300 1789 2354 θεο-

202 2394 408 2466 φόρους
472 2393 736 2465 παλάμας
789 2393 1183 2460 ύποστείλασα,
1233 2394 1560 2465 ἀειρομίνας
1618 2393 1788 2457 αὐτὰς

203 2485 639 2554 ἀφθαρτισθεῖσα
663 2486 801 2558 πρὸς
827 2486 920 2539 τὸν
945 2485 1224 2556 Δεσπότην
1253 2486 1397 2558 ὑπὲρ
1418 2488 1519 2556 τῆς
1539 2488 1686 2541 οίκου
1695 2486 1790 2557 μέ-

203 2597 306 2650 νης
338 2581 560 2649 ἀπάσης
584 2579 946 2652 παρίστησιν·
979 2579 1104 2650 ἀρτι
1132 2580 1225 2634 τὸν
1251 2580 1487 2652 ἡλιοειδῆ
1514 2582 1608 2635 καὶ
1635 2597 1790 2650 φυσι-

205 2673 304 2726 κδν
331 2674 660 2744 χαρακτῆρα
694 2670 988 2744 ἀποκρύψω
999 2689 1089 2739 σα,
1113 2671 1517 2744 ἀκτινολαμπετ
1537 2676 1600 2745 τῇ
1630 2690 1789 2727 σκια-

205 2765 460 2835 γραφικῇ
506 2763 679 2834 αὐτῆς
706 2763 898 2832 εἰκόνι,
924 2764 1020 2818 καὶ
1041 2765 1368 2837 προστίθησι
1390 2768 1508 2829 τοϊς
1533 2766 1684 2830 λαοῖς
1709 2767 1790 2829 είς

205 2852 510 2922 ἀσπασμὸν
539 2851 888 2923 εὐεργετικὸν
920 2855 1178 2927 σχετικῖκ
1218 2857 1662 2928 προσκυνήσεως,
1689 2856 1791 2911 κᾶν

211 2942 288 3014 μὴ
302 2941 664 3013 βούλωνταιοί
680 2942 1044 3016 αίρετίζοντες
1063 2945 1208 3018 (6-7)
1257 2945 1371 3002 ἀνω
1405 2946 1471 3018 δὴ
1500 2947 1790 3002 ἀναπτᾶσα

208 3037 244 3105 ή
267 3035 548 3104 πάναγνος
579 3036 902 3108 περιστερὰ,
925 3038 996 3093 τά
1021 3039 1171 3094 κάτω
1206 3039 1496 3111 φυλάττειν
1526 3040 1588 3095 ού
1620 3041 1793 3095 παύε-

208 3122 343 3182 ται·
405 3126 502 3182 τοῦ
555 3126 809 3199 σώματος
858 3129 1181 3197 ἱξελθοῦσα,
1231 3131 1312 3203 τῷ
1364 3131 1639 3202 πνεύματι
1692 3134 1792 3188 σὺν

208 3220 346 3290 ήμῖν
391 3219 576 3273 ἔστιν·
621 3221 704 3286 είς
740 3221 1004 3294 οὐρανοὺς
1034 3223 1370 3294 είσαχθεϊσα,
1416 3223 1791 3295 ὲξοστρακίζει

1961 1654 2014 1709 2.
2058 1652 2213 1712 Nunc
2258 1673 2390 1729 ergo
2439 1661 2754 1718 materiales
2808 1663 2997 1718 oculos
3030 1663 3258 1733 Deipara
3310 1665 3466 1720 clau-

1890 1742 2049 1810 dens,
2087 1747 2358 1814 spiritalia
2390 1748 2547 1805 nobis
2579 1757 2635 1805 et
2677 1767 2874 1821 magna
2908 1752 3109 1805 attollit
3147 1752 3463 1815 luminaria,

1892 1851 2172 1907 nunquam
2214 1855 2501 1907 occasura,
2554 1852 2682 1896 ante
2729 1843 2940 1899 scilicet
2981 1854 3333 1913 conspectum
3371 1843 3464 1897 Dei

1890 1943 1990 1998 pro
2043 1930 2234 1985 mundi
2283 1933 2453 1987 tutela
2503 1934 2888 2005 pervigilantia
2930 1953 2944 1990 :
2980 1951 3127 1990 nunc
3179 1951 3302 1990 cum
3361 1950 3467 1990 vox

1893 2021 2179 2077 articulata
2225 2022 2280 2076 in
2314 2023 2436 2092 ejus
2480 2025 2778 2080 commotis
2821 2042 2850 2080 a
2885 2023 2996 2082 Deo
3028 2026 3187 2082 labiis
3217 2027 3360 2089 silet,
3398 2027 3466 2081 ad

1893 2124 2156 2172 aeternam
2216 2115 2487 2187 loquelam
2553 2119 2784 2190 supplex
2842 2135 3004 2176 suum
3056 2135 3158 2192 pro
3210 2121 3467 2176 universo

1894 2207 2180 2262 hominum
2235 2225 2435 2281 genere
2489 2226 2553 2268 os
2600 2212 2904 2282 adaperit:
2953 2227 3102 2267 nunc
3153 2211 3468 2282 corporales

1893 2314 2045 2368 suas,
2077 2317 2202 2372 quae
2232 2301 2399 2359 Deum
2440 2315 2722 2374 gestavere
2747 2320 2944 2360 manus
2971 2303 3285 2370 dcmittens,
3325 2301 3470 2359 facta

1894 2391 2244 2458 immortalis,
2278 2395 2343 2449 ad
2382 2394 2676 2449 Dominum
2720 2410 2820 2465 pro
2855 2394 3043 2449 mundi
3084 2395 3261 2450 salute
3307 2395 3471 2448 attol-

1895 2485 2004 2541 lit:
2039 2501 2185 2540 nunc
2231 2486 2336 2541 soli
2388 2501 2576 2557 parem
2626 2486 2956 2544 subtrahens
3003 2489 3303 2543 naturalem
3352 2485 3469 2541 for-

1897 2593 2063 2641 mam.
2111 2577 2360 2648 splendet
2408 2588 2590 2635 tamen
2639 2580 2692 2635 in
2731 2582 2875 2651 picta
2916 2581 3074 2638 leone
3133 2597 3254 2644 sua.
3304 2595 3470 2652 quant

1898 2668 2115 2738 populis
2145 2667 2211 2722 ad
2246 2684 2503 2739 congruae
2535 2671 2905 2728 venerationis
2945 2671 3244 2727 salutarem
3279 2679 3472 2725 conta-

1897 2770 2044 2814 ctum
2073 2760 2326 2829 exhibet;
2355 2761 2575 2817 etiamsi
2611 2761 2662 2816 id
2695 2761 2924 2818 minime
2954 2763 3156 2817 vellent
3187 2761 3425 2816 lizeretici
3455 2779 3468 2814 :

1897 2860 1951 2909 et
1982 2867 2108 2907 cum
2147 2852 2200 2906 in
2233 2868 2432 2923 supera
2464 2854 2765 2910 evolaverit
2809 2852 3064 2910 columba
3097 2853 3472 2919 sanctissima,

1899 2945 2161 3001 inferiora
2227 2945 2344 3002 haec
2406 2955 2692 3027 protegere
2754 2961 2865 3014 non
2921 2947 3127 3003 desinit
3183 2964 3196 3001 :
3244 2961 3474 3015 corpore

1898 3053 2142 3109 egressa,
2177 3038 2374 3110 spiritu
2417 3039 2702 3096 nobiscum
2737 3049 2823 3095 est
2853 3058 2868 3094 :
2901 3039 3041 3096 caelo
3070 3038 3239 3102 illata,
3268 3040 3474 3094 daemo-

1899 3144 1998 3184 nes
2047 3128 2199 3200 fugat
2255 3129 2394 3186 facta
2446 3130 2587 3201 apud
2633 3130 2929 3186 Dominum
2981 3131 3292 3187 mediatrix.
3333 3130 3474 3185 Olim

1899 3219 2122 3291 quidem
2171 3234 2269 3291 per
2319 3221 2746 3291 progenitricem
2800 3221 2970 3278 Evam
3023 3239 3174 3279 mors
3227 3222 3474 3293 ingressa

208 3311 342 3376 τοὺς
393 3310 653 3383 δαίμονας
699 3313 1058 3386 μεσιτεύουσα
1086 3314 1156 3369 τὰ
1187 3314 1322 3387 πρὸς
1358 3315 1583 3389 Κύριον.
1615 3317 1793 3371 Πάλαι

1904 3314 2168 3369 mundum
2217 3314 2450 3384 imperio
2488 3315 2808 3386 premebat;
2848 3332 2996 3372 nunc
3046 3325 3226 3371 tamen
3259 3317 3476 3371 beatam

213 3402 320 3474 μιν
362 3401 454 3457 διὰ
505 3403 608 3474 τῆς
653 3406 1004 3478 προμήτορος
1031 3405 1178 3470 Εὐας
1215 3407 1245 3461 6
1277 3408 1508 3473 θάνατος
1534 3409 1795 3464 εἰσελθὼν

211 3495 689 3566 ἑκοσμοκράτησε,
721 3497 819 3553 νῦν
859 3497 919 3552 δὲ
956 3499 1024 3569 τῇ
1072 3499 1322 3572 μακαρίᾳ
1355 3500 1588 3574 θυγατρὶ
1624 3501 1797 3571 αὐτῆς

211 3585 489 3656 ὁμιλήσας
530 3587 991 3657 ἀποκέκρουσται,
1017 3590 1231 3645 ἐκεῖθεν
1274 3592 1642 3663 ἐκνικώμενος
1672 3592 1796 3646 δθεν

213 3673 277 3727 τδ
317 3674 524 3746 κράτος
561 3676 900 3743 εἰσεδέξατο·
934 3679 1283 3750 ἀγαλλιάσθω
1307 3680 1490 3735 τοίνυν
1516 3681 1578 3736 τδ
1605 3699 1797 3752 γυναι-

216 3767 368 3821 κεῖον
409 3767 570 3836 γένος
623 3770 739 3824 ἀντ’
762 3769 999 3837 ὀνείδους
1038 3771 1199 3840 δόξαν
1243 3774 1794 3848 κατακληρούμενον·

215 3859 596 3928 εύφραινέσθω
627 3863 660 3932 ή
703 3860 820 3917 Εὔα
842 3878 856 3893 ⁸
889 3863 1075 3919 οὐκέτι
1113 3865 1222 3937 γάρ
1255 3868 1532 3934 ἐπάρατος
1551 3867 1800 3935 εὐλογίας

219 3950 380 4020 γόνον
392 3951 496 4022 τήν
517 3952 737 4022 Μαρίαν
759 3953 1150 4024 περιφέρουσα·
1180 3958 1456 4028 σκιρτάτω
1481 3958 1514 4028 ή
1538 3957 1802 4030 σύμπασα

218 4042 527 4113 κτίσιςιτά
561 4043 662 4114 τῆς
691 4043 1007 4117 ἀφθαρσίας
1034 4046 1254 4119 νάματα
1289 4050 1568 4120 μυστικῶς
1599 4050 1665 4104 ἑκ
1700 4051 1802 4122 τῆς

221 4135 565 4209 παρθενικῆς
598 4137 785 4208 πηγῆς
815 4138 1119 4212 ἀρυομένη,
1160 4139 1258 4196 καὶ
1292 4141 1388 4195 τοῦ
1421 4141 1801 4215 θανατηφόρου

217 4228 412 4300 δίψους
441 4228 834 4284 ἀποπαύουσα·
882 4229 1112 4286 τοιαῦτα
1161 4233 1293 4304 ήμῖν
1329 4233 1401 4287 τὰ
1432 4235 1802 4305 ἑορταζόμενα

219 4321 502 4392 σήμερον·
538 4320 842 4393 τηλικαῦτα
897 4321 969 4376 τὰ
1023 4324 1486 4396 ύμνολογούμενα,
1523 4326 1560 4382 ἀ
1591 4329 1723 4400 ήμῖν
1767 4328 1802 4398 ή

219 4410 601 4483 Χριστοανθὴς
626 4411 753 4485 ῥίζα
777 4413 872 4468 τοῦ
916 4415 1133 4481 Ἰεσσαὶ,
1156 4417 1189 4488 ή
1236 4418 1583 4487 ίερόὸλαστος
1609 4419 1804 4491 ῥάϐδος

218 4505 316 4559 τού
352 4503 588 4577 ⁹Δαρὼν,
615 4505 646 4559 6
674 4507 866 4577 νοητὸς
893 4508 1224 4579 παράδεισος
1269 4510 1364 4564 τοῦ
1391 4514 1488 4582 τῆς
1520 4511 1666 4583 ζωῆς
1700 4513 1804 4578 ξύ-

219 4598 339 4664 λου,
363 4599 394 4652 6
416 4598 656 4670 ἔμψυχος
679 4599 884 4670 λειμὼν
911 4600 1021 4654 τῶν
1047 4602 1390 4674 παρθενικῶν
1410 4605 1739 4675 ἀρωμάτων,
1769 4608 1802 4678 ή

222 4688 568 4760 κυπρὶζουσα
591 4689 999 4762 θεογεώργητος
1024 4693 1267 4763 ἄμπελος
1291 4695 1386 4747 τοῦ
1415 4696 1678 4767 πεπείρου
1709 4697 1804 4751 καὶ

224 4778 570 4846 ζωοσταγοῦς
590 4779 837 4849 βότρυος,
864 4782 891 4834 6
914 4780 1116 4852 ὑψηλὸς
1144 4785 1239 4838 καὶ
1266 4785 1580 4856 ἐπηρμένος
1595 4789 1804 4858 Χερου-

224 4870 380 4934 δικδς
410 4870 602 4943 θρόνος
644 4870 741 4926 τοῦ
775 4871 1186 4940 παμϐασιλέως,
1214 4877 1244 4929 6
1285 4877 1498 4950 πλήρης
1526 4875 1675 4942 οἷκος
1703 4880 1804 4952 τῆς

222 4961 384 5031 δόξης
411 4962 641 5032 Κυρίου,
670 4963 732 5017 τὸ
751 4964 844 5017 τοῦ
874 4965 1110 5035 Χριστοῦ
1143 4966 1298 5034 ἅγιον
1329 4970 1747 5041 καταπέτασμα,
1775 4973 1806 5025 6

221 5055 324 5125 τῆς
349 5055 640 5126 ’Δνατολῆς
663 5058 1013 5126 φαεινότατος
1031 5059 1547 5132 τόπος,κοιμηθεῖσα
1569 5065 1628 5117 ὲν
1650 5064 1804 5135 είρή-

222 5164 291 5218 νῃ
322 5147 418 5201 καὶ
441 5147 760 5221 δικαιοσύνῃ
788 5151 1106 5222 χαρίζεται·
1127 5152 1474 5224 κοιμηθεῖσα,
1496 5174 1568 5226 φη
1580 5157 1662 5226 μὶ,
1687 5155 1804 5211 ἀλλ’

221 5238 326 5291 οὐκ
372 5237 756 5294 ἀποθανοῦσα·
804 5244 1140 5311 μεταστᾶσα,
1184 5245 1300 5300 ἀλλ’
1329 5247 1389 5300 ού
1432 5248 1806 5304 καταλιποῦσα

223 5333 699 5405 ύπερασπίζεσθαι
719 5337 814 5391 τοῦ
833 5340 1024 5407 γένους
1041 5356 1056 5371 ο
1085 5341 1223 5412 ποίῳ
1251 5342 1429 5397 τοίνυν
1457 5341 1601 5416 λόγῳ
1623 5363 1802 5415 παρα-

225 5426 500 5498 στήσομέν
527 5444 624 5482 σου
659 5431 977 5502 μυστήριον,
1005 5433 1322 5507 ἀποροῦμεν
1353 5436 1625 5509 ἐννοῆσαι,
1650 5439 1804 5493 ἀσθε-

222 5516 429 5590 νοῦμεν
479 5521 776 5593 ἐκφράσαι,
821 5524 1138 5597 ίλιγγιῶμεν
1173 5528 1488 5600 διαγράψαι,
1525 5531 1608 5585 ὅτι
1654 5531 1804 5600 ξένον

225 5610 325 5664 καὶ
369 5610 577 5683 ὑψηλὸν
622 5615 720 5667 καὶ
761 5617 1071 5688 ἐπηρμένον
1109 5618 1372 5685 διανοίαις
1410 5623 1652 5687 ἀπάσαις
1676 5642 1690 5657 ο
1741 5623 1805 5676 ού

299 5730 344 5762 ⁸⁸
368 5729 513 5786 Psal.
539 5748 666 5800 ην,
698 5731 786 5787 l5.

1901 3405 2052 3468 illius
2087 3405 2254 3460 ﬁliam
2298 3422 2580 3478 aggressa,
2623 3407 2850 3478 depulsa
2890 3417 2996 3475 est;
3035 3407 3274 3462 indidem
3310 3411 3474 3474 victa,

1899 3495 2047 3551 unde
2101 3497 2232 3551 olim
2272 3499 2576 3567 potentiam
2634 3509 2969 3568 sumpserat.
3023 3498 3260 3554 Laetetur
3311 3499 3478 3570 igitur

1901 3589 2196 3644 femineum
2222 3605 2418 3660 genus.
2462 3604 2560 3660 pro
2597 3589 2899 3660 ignominia
2936 3589 3168 3660 gloriam
3198 3590 3475 3647 sortitum.

1901 3681 2151 3738 Gaudeat
2186 3682 2318 3748 Eva,
2352 3698 2473 3754 qua»
2512 3681 2623 3752 jam
2664 3681 2924 3752 deinceps
2973 3697 3081 3737 non
3122 3690 3206 3736 est
3250 3682 3479 3736 maledi-

1901 3773 2068 3836 dicta,
2127 3783 2417 3843 postquam
2482 3771 2881 3827 benedictionis
2943 3771 3187 3827 sobolem
3250 3769 3477 3824 Mariam

1902 3861 2152 3931 protulit.
2195 3860 2442 3916 Exsultet
2480 3870 2735 3915 creatura
2769 3860 3052 3925 universa,
3084 3873 3206 3928 quae
3247 3857 3478 3913 immur-

1901 3955 2132 4011 talitatis
2173 3953 2373 4009 fluenta
2414 3969 2476 4008 ex
2519 3953 2768 4023 virgineo
2805 3952 2955 4009 fonte
2996 3954 3230 4024 mystice
3269 3953 3474 4019 haurit,

1902 4050 2104 4121 quibus
2134 4063 2165 4103 a
2201 4047 2487 4102 mortifera
2538 4048 2628 4103 siti
2666 4047 2952 4102 liberatur.
2997 4046 3122 4102 Haec
3161 4057 3350 4101 nostra
3397 4055 3481 4102 est

1902 4141 2168 4197 hodierna
2225 4140 2590 4194 solemnitas:
2627 4140 2740 4193 hare
2791 4146 2876 4194 est
2915 4138 3266 4210 hymnologia
3317 4154 3479 4208 quam

1903 4233 2062 4290 nobis
2095 4232 2409 4302 suppeditat
2439 4230 2608 4287 Jessae
2640 4231 2794 4285 radix
2822 4245 2949 4302 quae
2979 4230 3167 4285 liorem
3199 4217 3479 4286 Christum

1903 4325 2119 4390 extulit,
2171 4339 2326 4379 saera
2358 4323 2592 4378 Aaronis
2637 4323 2786 4393 virga
2838 4322 3216 4388 frondescens,
3270 4324 3482 4379 intelle-

1903 4418 2101 4473 ctualis
2129 4415 2418 4486 paradisus
2445 4415 2534 4470 ubi
2568 4415 2688 4470 vita:
2720 4415 2952 4486 lignum,
2988 4414 3233 4485 spiritale
3262 4425 3482 4486 pratum

1905 4510 2256 4581 virginalium
2309 4516 2638 4572 aromatum,
2695 4506 2889 4564 ﬂorida
2938 4516 2993 4562 et
3035 4522 3065 4562 a
3106 4506 3216 4562 Deo
3266 4508 3483 4563 exculta

1905 4604 2033 4659 vitis
2069 4603 2269 4658 maturi
2302 4601 2520 4671 vitaque
2561 4599 2836 4655 manantis
2876 4599 3078 4656 racemi
3117 4617 3131 4655 :
3163 4600 3345 4657 celsus
3374 4602 3484 4656 ele-

1909 4706 2177 4766 vatusque
2207 4695 2437 4749 thronus
2463 4693 2805 4749 Cberubicus
2837 4693 2984 4764 regis
3009 4691 3358 4756 universalis,
3387 4693 3483 4747 do-

1910 4803 2033 4843 mus
2060 4786 2231 4859 gloria
2258 4785 2468 4840 Domini
2498 4785 2678 4856 plena,
2703 4793 2953 4840 sanctum
2976 4783 3179 4840 Christi
3209 4785 3481 4856 velamen,

1910 4878 2251 4935 lucidissima
2274 4876 2515 4933 Orientis
2531 4875 2702 4948 regio,
2721 4891 2843 4946 qua:
2865 4876 2920 4932 in
2942 4890 3075 4946 pace
3093 4891 3156 4931 ac
3170 4863 3381 4946 iustitia
3397 4877 3488 4930 ob-

1910 4969 2240 5034 dormivisti,
2268 4967 2668 5032 obdormivisti,
2685 4968 2932 5038 inquam,
2950 4965 3136 5036 potius
3153 4983 3316 5037 quam
3347 4968 3486 5023 obii-

1911 5062 1977 5118 sti
2005 5077 2018 5114 :
2047 5061 2309 5117 translata
2335 5075 2414 5122 es,
2441 5074 2617 5130 neque
2641 5067 2824 5114 tamen
2847 5059 3146 5112 humanum
3175 5073 3344 5128 genus
3367 5074 3488 5130 pro-

1911 5162 2094 5225 tegere
2121 5152 2350 5208 desinis.
2383 5151 2722 5218 Quibusnam
2757 5151 2943 5220 itaque
2964 5149 3146 5205 verbis
3167 5151 3484 5221 mysterium

1912 5257 2066 5302 tuum
2111 5246 2490 5315 explanemus,
2543 5251 2728 5299 mente
2764 5243 3116 5314 ambigimus,
3173 5243 3358 5312 lingua
3398 5245 3485 5298 in-

1911 5341 2068 5395 firma
2096 5356 2204 5396 non
2237 5337 2535 5408 eloquitur,
2568 5335 2808 5391 scribere
2835 5335 3157 5399 tituhamus,
3188 5336 3315 5404 quia
3335 5350 3487 5404 pere-

1909 5437 2126 5509 grinum
2153 5434 2543 5505 excelsumque
2574 5441 2679 5498 est,
2704 5439 2870 5501 atque
2894 5443 3088 5486 omnes
3118 5428 3486 5500 cogitationes

1911 5527 2268 5585 transcendit.
2318 5525 2504 5596 Neque
2557 5525 2706 5581 enim
2759 5523 2894 5578 illud
2938 5530 3231 5578 Commune
3282 5519 3484 5588 aliquid

1913 5623 2076 5678 habet
2103 5630 2200 5677 aut
2229 5620 2686 5692 comparativum,
2721 5625 2782 5672 ut
2808 5613 2967 5672 facile
2989 5629 3056 5671 ex
3079 5613 3244 5670 rebus
3279 5611 3489 5668 nostris

306 5850 451 5921 (6-7)
492 5850 749 5920 intelligit
779 5852 1165 5911 lconornachos
1204 5851 1431 5910 Mariaui
1460 5853 1648 5927 ;cultus
1681 5853 2080 5912 iufensissimos
2116 5853 2318 5911 hostes.
