4172 6480
679 405 786 471 723

1841 413 1903 474 S.
1949 415 2343 478 THEODORI
2408 419 2756 481 STUDIT/E

3834 421 3951 486 724

678 517 1202 574 demonstrationem
1248 519 1395 578 illius
1437 519 1738 587 faciamus;
1771 523 1866 576 sed
1915 538 1980 577 ex
2027 524 2095 578 iis
2137 539 2261 594 qua:

2372 526 2468 598 γὰρ
2491 527 2568 592 ὡς
2592 528 2686 582 ἐπὶ
2719 526 2826 580 τῶν
2855 526 3032 582 ἄλλων
3055 528 3304 582 κοινωνεῖ
3330 527 3426 581 καὶ
3461 526 3821 599 συμφέρεται,
3853 528 3952 583 ἵνα

679 624 844 680 supra
885 626 987 667 nus
1020 622 1170 677 sunt,
1209 614 1407 668 decora
1440 624 1531 669 tua
1566 616 1651 685 pie
1683 616 2254 686 comprehendentes;

681 704 774 756 uni
809 703 904 758 tibi
940 720 1063 774 qua:
1111 695 1395 775 superiora
1444 708 1654 761 homini
1705 717 1835 762 sunt
1877 708 2256 764 concedimus.

681 792 992 852 lmmutasti
1060 797 1226 868 igitur
1286 810 1538 853 naturain
1595 799 1857 854 ineffabili
1919 806 2078 868 partu
2141 808 2256 855 tuo.

686 886 1050 953 Quandonam
1091 890 1237 944 enim
1269 891 1478 946 audivit
1510 894 1800 961 quisquam
1835 891 2102 960 virginem
2140 893 2262 946 sine

683 981 892 1036 semine
943 983 1386 1052 concipientem?
1415 983 1460 1038 Ο
1498 1000 1609 1038 rem
1655 985 1886 1038 miram!
1927 999 2052 1054 qua
2088 992 2262 1038 mater

683 1083 767 1128 est
794 1074 1034 1142 pariens,
1071 1089 1192 1128 eam
1221 1076 1372 1130 vides
1401 1076 1668 1143 virginem
1700 1074 2097 1143 incorruptam,
2133 1075 2261 1142 quia

685 1165 897 1220 scilicet
941 1167 1086 1235 quod
1135 1166 1488 1236 pariebatur,
1546 1166 1684 1221 Deus
1734 1176 1873 1221 erat.
1924 1164 2039 1220 Hoc
2089 1181 2259 1219 unum

687 1255 871 1324 itaque
912 1258 1074 1310 etiam
1118 1259 1172 1311 in
1204 1257 1354 1311 vitali
1386 1257 1737 1320 dormitione,
1789 1271 1820 1311 a
1861 1256 2074 1311 caeteris
2110 1255 2262 1310 dill‘e-

687 1361 837 1410 rens,
878 1349 1074 1402 merito
1098 1350 1213 1402 sola
1256 1350 1445 1413 habes,
1479 1350 1769 1418 utriusque
1799 1347 1962 1404 simul
1999 1348 2262 1418 (corporis

686 1446 740 1492 et
773 1439 993 1508 animae)
1031 1439 1479 1509 incorruptelam.

759 1609 814 1666 3.
859 1609 964 1665 Sed
988 1612 1100 1680 jam
1139 1613 1298 1668 nobis
1332 1612 1462 1668 Sion
1513 1627 1735 1671 enarret
1763 1619 1868 1673 diei
1917 1619 2064 1675 illius
2097 1621 2260 1676 mira-

691 1701 842 1756 bilia.
871 1702 1186 1771 Completus
1216 1717 1334 1758 erat
1361 1708 1483 1761 vita:
1511 1711 1811 1775 terminus;
1843 1713 2030 1766 aderat
2057 1714 2264 1768 resolu-

692 1793 858 1850 tionis
885 1796 1038 1849 hora.
1070 1795 1540 1867 Prxcognoverat,
1582 1809 1640 1854 ut
1669 1815 1764 1869 par
1795 1810 1931 1866 erat,
1973 1801 2064 1857 Dei
2093 1802 2264 1857 Mater

690 1885 1041 1940 sanctissima
1084 1889 1460 1945 translationis
1500 1906 1612 1945 sua:
1651 1892 1911 1945 stadium.
1953 1892 2086 1957 Quis
2117 1894 2263 1946 enim
2296 1870 2336 1923 Β

693 1973 795 2029 hoc
829 1975 1004 2030 multo
1038 1979 1235 2047 magis,
1273 1993 1306 2033 ο
1330 1977 1705 2045 Pliilocbristi,
1736 1997 1844 2050 pra:
1897 1983 2082 2052 aliquo
2129 1999 2266 2052 quo-

692 2065 823 2122 libet
841 2069 1056 2124 servilis
1078 2071 1410 2126 conditionis
1439 2082 1579 2136 vate,
1617 2073 1769 2126 Matri
1812 2073 1901 2126 Dei
1943 2083 1996 2128 et
2037 2076 2265 2144 principi

691 2157 1081 2226 prophetarum
1134 2176 1240 2214 non
1273 2161 1571 2215 attribuat?
1617 2162 1909 2231 Postquam
1946 2164 2110 2232 igitur
2157 2165 2268 2219 haec

693 2249 866 2303 sensit
905 2261 958 2304 et
990 2251 1232 2318 agnovit,
1267 2253 1449 2322 qualia
1495 2253 1666 2321 ipsam
1713 2254 1853 2308 elata
1903 2270 2032 2310 voce
2062 2256 2267 2311 dixisse

695 2341 832 2396 ratio
861 2342 1024 2399 nobis
1058 2345 1294 2399 suadet?
1320 2342 1499 2406 Venit,
1534 2346 1733 2415 inquit,
1769 2346 1949 2400 exitus
1973 2348 2073 2401 mei
2105 2347 2221 2401 dies
2249 2367 2262 2401 :

696 2433 842 2488 venit
884 2445 1098 2505 tempus
1137 2452 1269 2490 mea:
1302 2435 1368 2490 ad
1399 2445 1450 2492 te
1499 2439 1860 2493 transitionis.
1896 2440 2094 2494 Adsint
2134 2441 2266 2493 mihi

693 2526 790 2593 qui
843 2543 992 2582 meas
1039 2529 1328 2598 exsequias
1384 2540 1603 2595 curent,
1663 2531 1936 2586 Domine:
1973 2533 2266 2596 assistant,

696 2614 861 2671 l’uuus
897 2632 1075 2672 meum
1112 2619 1355 2673 curaturi
1405 2620 1668 2686 ministri;
1711 2628 1765 2674 et
1814 2621 1866 2674 in
1908 2635 2105 2674 manus
2147 2628 2270 2674 tuas

697 2709 948 2777 spiritum
995 2725 1174 2764 meum
1224 2710 1641 2764 commendabo.
1679 2709 1928 2765 Manibus
1967 2711 2269 2781 discipulo-

698 2817 817 2854 rum
844 2810 1084 2866 tuorum,
1116 2801 1382 2856 intactum
1413 2800 1615 2872 Deique
1645 2804 2042 2872 receptaculum
2071 2819 2270 2874 corpus

699 2910 904 2957 meum,
932 2909 996 2950 ex
1035 2911 1146 2966 quo
1179 2905 1237 2950 tu
1270 2895 1364 2966 qui
1397 2911 1457 2951 es
1503 2896 1620 2966 ipsa
1649 2896 2032 2950 immortalitas
2066 2898 2270 2964 prodii-

698 2990 792 3055 sti,
821 2990 1096 3044 ell’eratur.
1135 2991 1327 3046 Adsint
1365 2992 1496 3046 mihi
1530 2991 1593 3045 ad
1626 2991 1880 3046 solatium
1911 2991 2004 3062 qui
2051 2991 2103 3045 in
2137 3007 2273 3046 cun-

700 3084 803 3137 ctis
833 3093 990 3138 terrae
1018 3083 1214 3138 ﬁnibus
1239 3085 1469 3154 dispersi
1512 3094 1660 3148 sunt,
1691 3100 1970 3154 praecones
2013 3099 2077 3138 ac
2110 3084 2273 3138 mini-

2359 617 2540 686 δῶμεν
2573 617 2881 688 προχείρως
2911 621 2977 671 ὲκ
3015 618 3125 671 τῶν
3155 617 3275 672 καθ’
3306 619 3455 688 ἡμᾶς
3487 617 3585 680 τὰς
3615 617 3949 684 ἀποδείξεις,

2360 709 2474 761 ἀλλ’
2528 712 2592 762 ὲκ
2652 708 2762 762 τῶν
2821 710 2963 781 ὑπὲρ
3017 711 3163 780 ἡμᾶς
3227 709 3296 762 τά
3353 710 3482 780 περὶ
3536 708 3632 762 σοῦ
3701 709 3948 773 εὐσεϐῶς

2359 798 2822 868 διαλαμϐάνοντες
2878 799 3324 870 παραχωροῦμέν
3379 816 3464 852 σοι
3513 799 3650 870 μόνῃ
3693 800 3764 852 τὰ
3797 800 3951 868 ὑπὲρ

2360 889 2684 959 ἄνθρωπον
2745 889 3035 960 διήλλαξας
3086 890 3363 960 τοιγάρτοι
3428 889 3526 960 τὴν
3585 889 3750 957 φύσιν
3799 892 3954 943 κατὰ

2360 983 2459 1050 τὴν
2483 982 2721 1052 ᾶρρητον
2746 982 3000 1051 γέννησιν
3022 995 3037 1011 ⁶
3077 981 3184 1034 ποῦ
3223 983 3330 1052 γὰρ
3372 982 3514 1050 ἔγνω
3555 998 3644 1044 τις
3675 979 3955 1051 παρθένον

2363 1073 2618 1143 ἀσπόρως
2671 1072 3195 1142 συλλαμϐάνουσανς
3239 1073 3304 1126 Ὠ
3330 1072 3426 1126 τοῦ
3483 1072 3801 1142 θαύματοςί
3845 1073 3955 1142 τὴν

2362 1163 2438 1226 ὠς
2466 1165 2677 1233 μητέρα
2700 1164 3049 1234 λοχεύουσαν,
3080 1165 3182 1236 ὁρᾷ
3210 1165 3286 1228 ῶς
3314 1164 3553 1234 ἄφθορον
3580 1162 3955 1234 παρθενεύου-

2366 1271 2484 1319 σαν,
2519 1257 2705 1327 ἐπειδὴ
2741 1256 2874 1322 Θεὸς
2910 1254 2978 1329 ἦν
3008 1259 3069 1311 τὸ
3092 1258 3453 1328 γεννώμενον.
3491 1257 3665 1332 Τοῦτο
3705 1254 3802 1312 οὖν
3850 1259 3962 1311 και

2364 1349 2459 1401 ἐπὶ
2504 1351 2570 1418 τῇ
2623 1348 2885 1420 ζωοφόρῳ
2925 1352 3204 1420 κοιμήσει,
3235 1350 3632 1417 ἑξαλλάττουσα
3675 1351 3786 1404 τῶν
3831 1351 3948 1402 λοι-

2365 1439 2504 1505 πῶν,
2565 1441 2789 1505 είκότως
2851 1442 2987 1512 μόνη
3052 1442 3196 1512 ἔχεις
3252 1441 3347 1495 τοῦ
3409 1443 3822 1513 συναμφοτέρου
3882 1442 3951 1494 τὸ

2365 1533 2663 1603 ἄφθαρτον.

2434 1626 2505 1693 γ’.
2553 1625 2692 1678 Ἀλλ’
2735 1626 2768 1695 ἡ
2813 1625 2951 1678 Σιὼν
2979 1626 3112 1698 ἡμῖν
3145 1625 3465 1696 άφηγείσθω
3505 1625 3574 1680 τά
3603 1626 3702 1695 τῆς
3730 1627 3950 1697 ἡμέρας

2365 1717 2643 1789 παράδοξα
2665 1717 2740 1788 (8)
2766 1733 2779 1746 ο
2819 1718 3142 1788 πεπλήρωτο
3169 1717 3347 1771 τοίνυν
3393 1719 3451 1770 τὸ
3482 1717 3581 1787 τῆς
3627 1716 3773 1788 ζωῆς
3820 1721 3952 1789 ὁρο-

2369 1809 2546 1862 θέσιον
2568 1826 2582 1839 ⁸
2621 1810 2804 1880 παρῆν
2841 1811 2873 1880 ή
2907 1812 3006 1880 τῆς
3045 1810 3358 1872 ἀναλύσεως
3396 1811 3513 1882 ὥρα
3538 1828 3551 1841 ο
3587 1811 3842 1879 προέγνω
3873 1811 3955 1872 ὡς

2367 1894 2454 1952 οἷα
2475 1899 2610 1952 Θεοῦ
2642 1901 2879 1970 μήτηρή
2916 1901 3157 1967 παναγία
3187 1899 3246 1952 τὸ
3273 1901 3370 1968 τῆς
3403 1900 3790 1968 μεταστάσεως
3826 1901 3954 1954 στά-

2366 1991 2502 2044 διονσ
2542 1993 2705 2044 πόσον
2737 1991 2846 2060 γάρ
2875 1991 2991 2062 δοίη
3031 2008 3114 2054 τις
3151 1991 3214 2044 τὸ
3261 1991 3465 2061 μεῖζον,
3499 1985 3544 2043 ὦ
3588 1992 3949 2060 φιλόχριστοι,

2370 2086 2505 2154 πρὸς
2560 2084 2734 2137 πάντα
2787 2083 2876 2136 τὸν
2934 2083 3197 2145 δουλικῶς
3239 2082 3473 2152 ὁρῶντα,
3511 2085 3576 2152 τῇ
3617 2084 3802 2154 Μητρὶ
3853 2082 3951 2135 τοῦ

2368 2176 2503 2229 Θεοῦ
2533 2178 2626 2230 καὶ
2653 2175 3110 2246 άρχιπροφήτιδι;
3169 2175 3317 2227 Ἐπεί
3347 2174 3404 2227 δὲ
3430 2173 3599 2226 ταῦτα
3629 2174 3825 2243 ᾔσθετο
3855 2175 3954 2227 καὶ

2373 2268 2712 2338 μεμάθηκεν,
2745 2264 2832 2320 οἷα
2883 2270 3012 2337 ἡμῖν
3068 2270 3096 2320 ὁ
3142 2267 3298 2334 λόγος
3345 2267 3733 2320 ἀνακαλεῖσθαι
3781 2267 3954 2336 αὐτὴν

2370 2361 2659 2429 ὑποφαίνει
2681 2354 3070 2429 ςἯκενήμέρα
3095 2357 3194 2426 τῆς
3218 2357 3400 2422 ἐξόδου
3433 2375 3533 2427 μου
3556 2375 3570 2389 ο
3601 2352 3736 2428 ἧκεν
3766 2359 3795 2409 ὁ
3826 2358 3954 2426 χρό-

2371 2471 2460 2516 νος
2502 2453 2602 2520 τῆς
2634 2453 2765 2520 πρὸς
2800 2452 2856 2502 σὲ
2887 2452 3155 2519 ἐκδημίας
3185 2467 3286 2518 μου
3317 2467 3330 2480 ο
3375 2451 3734 2520 παρέστωσάν
3771 2467 3861 2517 μοι
3900 2451 3952 2500 οί

2370 2545 2851 2614 λειτουργήσοντες
2892 2543 2960 2593 τά
2999 2543 3246 2608 ἐντάφια,
3281 2542 3562 2596 Δέσποταο
3589 2540 3954 2609 ἐπισταίησαν

2372 2639 2421 2689 οἱ
2452 2639 2548 2707 τὴν
2595 2636 2815 2705 κηδείαν
2848 2632 3256 2694 συντελέσοντες
3290 2631 3529 2684 διάκονοι
3553 2648 3567 2660 ο
3615 2633 3711 2683 καὶ
3740 2635 3820 2694 είς
3854 2634 3954 2700 μὲν

2372 2731 2562 2800 χεῖράς
2603 2745 2696 2780 σου
2732 2725 3119 2798 παραθήσομαι
3152 2724 3212 2776 τὸ
3244 2723 3465 2790 Πνεῦμα
3506 2737 3638 2792 μου’
3671 2723 3955 2792 παλάμαις

2373 2823 2428 2876 δὲ
2457 2823 2564 2873 τῶν
2591 2820 2846 2889 μαθητῶν
2873 2836 2965 2871 σου
2993 2817 3051 2870 τὸ
3083 2817 3358 2886 ἄψαυστον
3386 2814 3479 2867 καὶ
3507 2813 3762 2883 Θεοδόχον
3793 2814 3955 2884 σῶμά

2377 2930 2500 2982 μου,
2537 2910 2596 2974 ἐξ
2623 2904 2794 2979 οῦπερ
2843 2909 2906 2960 σὺ
2951 2909 2984 2977 ἡ
3018 2905 3286 2960 ἀθανασία
3322 2902 3692 2964 άνατέταλκας
3726 2903 3954 2972 ἐκκομί-

2377 3003 2612 3056 σασθαιο
2673 2998 3111 3070 παραστήτωσάν
3159 3014 3248 3066 μοι
3306 2997 3355 3048 οί
3401 2995 3455 3046 ὲν
3488 2996 3599 3056 τοῖς
3630 2994 3830 3064 πέρασι
3872 2995 3954 3047 δι-

2378 3095 2713 3164 εσπαρμένοι
2758 3092 2892 3161 πρὸς
2946 3089 3284 3160 εὐφροσύνην
3334 3105 3456 3163 μου,
3494 3087 3541 3138 οἱ
3586 3087 3828 3154 κήρυκες
3860 3087 3955 3139 καὶ

701 3175 798 3229 stri
834 3173 1107 3246 Evangelii
1137 3177 1236 3232 tui.
1263 3177 1416 3240 Quod
1450 3177 1494 3231 si
1530 3177 1741 3244 justum
1772 3175 2052 3232 Enochum
2086 3177 2270 3231 viven-

2377 3184 2646 3252 ὑπηρέται
2700 3181 2790 3235 τοῦ
2844 3180 3179 3248 Εὑαγγελίου
3212 3196 3302 3232 σου
3331 3194 3344 3207 ·
3395 3179 3490 3230 καὶ
3529 3175 3577 3227 εί
3627 3175 3715 3227 τὸν
3745 3176 3955 3229 δίκαιον

702 3277 810 3321 tem
867 3267 1046 3322 adhuc
1108 3277 1329 3336 propter
1394 3283 1549 3322 suam
1615 3267 1916 3322 bonitatem
1984 3268 2268 3323 transferri

703 3359 953 3427 voluisti;
975 3369 1030 3414 et
1057 3359 1226 3414 Eliam
1242 3356 1552 3414 Tliesbitem
1584 3359 1741 3430 igneo
1773 3375 1938 3414 curru
1968 3361 2177 3414 sustolli
2205 3376 2270 3414 ex

705 3450 808 3505 liac
863 3452 1077 3520 cognita
1131 3451 1199 3505 ad
1255 3451 1467 3520 ignotas
1512 3453 1783 3522 regiones,
1834 3452 2026 3508 ambos
2069 3454 2274 3508 scilicet

707 3545 971 3598 tremendi
1025 3544 1103 3598 tui
1155 3559 1219 3599 ac
1272 3543 1695 3614 splendidissimi
1749 3545 2012 3602 adventus
2062 3558 2273 3616 tempus

707 3645 1128 3706 exspectantes:
1165 3637 1210 3690 si
1254 3646 1515 3706 praeterea
1569 3637 1885 3706 prophetam
1932 3635 2272 3690 llabacucmu

706 3744 773 3782 ex
825 3726 1215 3798 Hierosolymis
1275 3728 1602 3798 Babylonem
1665 3744 1860 3799 usque,
1917 3729 1986 3783 ob
2039 3727 2275 3784 Danielis

708 3821 1110 3882 necessitatem,
1143 3833 1252 3873 uno
1287 3819 1548 3888 temporis
1580 3831 1856 3873 momento
1885 3819 2194 3880 transferri,
2223 3830 2276 3874 et

709 3910 835 3967 inde
880 3910 1079 3964 reverti
1113 3910 1434 3964 mirabiliter
1467 3911 1674 3975 fecisti;
1710 3912 1838 3980 quid
1881 3912 1975 3964 tibi
2023 3912 2275 3980 impossi-

709 4005 815 4059 liile
842 4004 936 4066 sit,
969 4005 1130 4058 modo
1168 4003 1340 4058 velis?
1370 4002 1470 4057 Vix
1511 4003 1627 4058 haec
1661 4004 1870 4056 dixerat
1900 4004 2275 4059 laudatissima

710 4093 898 4166 Virgo,
928 4111 1051 4151 cum
1078 4095 1366 4149 duodecim
1391 4094 1619 4164 apostoli
1653 4104 2106 4163 supervenerunt,
2138 4097 2278 4151 alius

709 4187 928 4242 aliunde
971 4202 1069 4241 ceu
1099 4186 1308 4241 nebulae
1337 4187 1442 4241 alis
1471 4186 1698 4255 spiritus
1728 4186 1794 4240 ad
1834 4185 1970 4241 lucis
2022 4187 2275 4241 nebulam

710 4279 927 4349 (nempe
964 4294 1083 4347 quae
1123 4278 1296 4333 lucem
1330 4276 1539 4348 fulgore
1587 4291 1689 4332 suo
1734 4278 2082 4345 obscurabat)
2115 4278 2276 4332 delati

711 4371 886 4424 donec
929 4369 1041 4424 illic
1087 4369 1276 4438 pedem
1323 4369 1568 4438 ﬁgerent.
1617 4367 1758 4432 Quid
1789 4383 1920 4437 ergo
1964 4368 2099 4422 dixit
2130 4371 2279 4438 virgo

711 4464 1027 4534 tlieonyma,
1073 4461 1425 4531 polyonyma,
1478 4460 1895 4530 megalonyma?
1924 4459 2124 4515 Oculus
2170 4463 2278 4515 cir-

2388 3274 2558 3343 Ἐνὼχ
2588 3274 2665 3325 ἔτι
2695 3273 2871 3336 ζῶντα
2933 3269 3264 3342 μεταθέσθαι
3290 3270 3380 3324 διά
3409 3270 3469 3322 τὸ
3494 3265 3752 3338 χρειῶδες
3799 3267 3958 3335 ηὐδό-

2374 3386 2579 3440 κησας·
2615 3368 2706 3419 τόν
2739 3383 2799 3418 τε
2844 3365 3112 3434 Θεσδίτην
3159 3364 3346 3418 Ἠλίαν
3378 3363 3695 3435 ιὲπαρθῆναι
3744 3360 3954 3430 πυρίνῳ

2375 3461 2579 3530 ἅρματι
2612 3460 2676 3511 ὲκ
2699 3456 2788 3509 τοῦ
2811 3455 3087 3526 ἐμφανοῦς
3116 3455 3250 3522 πρὸς
3279 3454 3506 3522 ἀδήλους
3537 3452 3743 3523 χώρας.
3773 3453 3954 3519 ἀμφο-

2373 3554 2564 3620 τέρους
2596 3549 2686 3602 τὸν
2718 3549 2820 3618 τῆς
2854 3546 3086 3618 φρικτῆς
3123 3561 3216 3598 σου
3247 3546 3340 3597 καὶ⁵
3368 3543 3662 3614 παμφαοῦς
3690 3543 3955 3613 δευτέρας

2376 3647 2678 3715 παρουσίας
2712 3643 3078 3712 ἀναμένοντας
3121 3638 3352 3710 χρόνον⁶
3389 3637 3484 3690 καὶ
3527 3633 3681 3699 αὖθις
3730 3637 3809 3702 είς
3863 3634 3955 3688 τὸν

2376 3738 2660 3805 προφήτην
2695 3734 3017 3805 Ἀμὸακοὺμ
3051 3733 3158 3786 άπὸ
3198 3728 3552 3801 Ἰερουσαλὴμ
3585 3729 3664 3791 είς
3693 3727 3949 3780 Βαϐυλῶ-

2376 3845 2441 3880 να
2473 3826 2560 3879 διὰ
2591 3827 2779 3896 χρείαν
2806 3825 2900 3878 τοῦ
2935 3824 3130 3895 Δανιὴλ
3157 3825 3213 3876 ὲν
3243 3824 3341 3894 μιᾷ
3372 3819 3564 3892 καιροῦ
3609 3821 3748 3890 ῥοπῇ
3783 3835 3950 3887 μετα-

2377 3918 2573 3987 στῆσαι
2635 3918 2728 3971 καὶ
2767 3918 3090 3972 ἁναποδίσαι
3133 3915 3604 3986 ὲτερατούργησας
3628 3928 3643 3942 ο
3677 3910 3729 3963 τί
3762 3927 3846 3962 σοι
3889 3910 3952 3963 οὗ

2377 4009 2602 4062 δυνατὸν
2632 4009 2916 4078 θελήσαντι
2945 4010 3136 4079 μόνον;
3161 4007 3334 4061 ταῦτα
3359 4007 3482 4059 ἐπεὶ
3509 4005 3726 4074 λέλεχεν
3755 4004 3789 4074 ἡ
3822 4020 3955 4054 παν-

2379 4101 2637 4170 ύμνητος,
2670 4102 2761 4152 καὶ
2793 4101 2825 4170 ή
2866 4100 3199 4170 ἀποστολικὴ
3238 4097 3477 4161 suam;
3529 4097 3755 4165 ἐπέστη.
3792 4094 3951 4157 ἄλλος

2379 4192 2670 4262 ἀλλαχόθεν
2695 4192 2770 4254 ὠς
2801 4192 3020 4260 νεφέλαι
3047 4192 3122 4261 τῷ
3147 4191 3328 4261 πτερῷ
3352 4189 3447 4243 τοῦ
3478 4189 3791 4258 πνεύματος
3820 4188 3954 4258 πρὸς

2377 4285 2476 4356 ﬁt:
2508 4283 2601 4337 τοῦ
2638 4284 2812 4351 φωτὸς
2839 4281 3066 4350 νεφέλην
3096 4279 3413 4342 ἐλασθέντες
3439 4280 3535 4333 καὶ
3565 4279 3955 4336 καταπαύσω-

2379 4394 2470 4439 τες
2495 4393 2508 4405 ·
2542 4377 2592 4428 τί
2626 4371 2718 4429 οὖν
2748 4390 2913 4444 φησιν
2959 4375 2992 4442 ἡ
3033 4371 3313 4442 θεώνυμος
3354 4370 3447 4422 καὶ
3478 4369 3830 4440 πολυώνυμος
3864 4369 3953 4423 καὶ

2385 4465 2810 4536 μεγαλώνυμος;
2849 4465 3028 4533 ἄρασα
3060 4461 3241 4532 κύκλῳ
3264 4462 3390 4523 τοὺς
3424 4459 3736 4530 ὀφθαλμοὺς
3767 4463 3954 4514 ἀνακε-

712 4557 1023 4611 cumferens
1071 4556 1138 4610 de
1183 4570 1284 4609 suo
1333 4552 1616 4617 recubitu,
1677 4553 1972 4622 vidensque
2014 4555 2272 4622 expetitos

2383 4558 2610 4628 κλιμένη
2643 4557 2734 4610 καὶ
2759 4555 2940 4609 ίόοῦσα
2968 4557 3088 4619 τοὺς
3121 4553 3506 4624 ζητουμένους,
3524 4553 3894 4620 Ἀγαλλιάσθω
3920 4556 3952 4624 ὴ

711 4649 1013 4720 discipulos
1038 4667 1050 4702 :
1075 4647 1328 4712 Latetur,
1354 4646 1555 4716 inquit,
1581 4645 1766 4700 anima
1800 4662 1916 4699 mea
1946 4646 1996 4698 in
2031 4646 2278 4709 Domino,

712 4741 892 4812 sitque
924 4741 1011 4796 hic
1037 4741 1166 4795 milii
1193 4739 1374 4811 gaudii
1412 4739 1626 4804 titulus,
1661 4748 1714 4792 et
1741 4737 2076 4793 laudationis
2119 4751 2281 4808 atque

712 4831 1092 4900 amplitudinis
1127 4829 1269 4899 apud
1306 4843 1499 4883 omnes
1534 4837 1692 4882 terra:
1720 4835 1972 4897 populos,
2005 4829 2133 4897 quia
2161 4845 2281 4883 con-

712 4923 959 4995 gregavit
975 4922 1106 4976 milii
1131 4919 1396 4976 Dominus
1418 4919 1672 4975 Ecclesia:
1691 4919 2067 4984 fundamenta,
2095 4922 2280 4974 mundi

713 5015 994 5086 principes
1043 5011 1336 5075 aduuavit,
1389 5010 1666 5065 mirabiles
1709 5008 1917 5064 funeris
1965 5012 2066 5064 mei
2123 5012 2282 5065 mini-

713 5114 880 5160 stros.
918 5100 962 5157 Ο
999 5099 1204 5171 grande
1241 5103 1588 5168 portentum!
1626 5115 1659 5154 o
1686 5108 1944 5154 materna
1975 5101 2283 5156 sanctifica-

714 5198 884 5252 tionis
921 5193 1092 5265 opus!
1138 5208 1170 5247 ο
1212 5192 1392 5248 lilialis
1436 5191 1743 5248 dilectionis
1795 5193 2034 5248 donum!
2073 5195 2282 5250 leum

714 5287 852 5344 milii
897 5295 1041 5358 patet
1073 5287 1393 5357 hospitium,
1427 5286 1570 5356 quod
1596 5286 1784 5341 mundi
1819 5286 2112 5342 luminaria
2153 5303 2282 5342 con-

716 5383 885 5442 tinet;
917 5381 1176 5450 templum
1220 5378 1452 5443 Domini,
1486 5379 1708 5433 caeleste
1740 5379 1986 5443 lacunar,
2021 5380 2284 5449 aperitur,

718 5474 875 5529 divos
914 5483 1116 5544 mystas
1162 5471 1582 5542 sacerdotesque
1615 5470 1746 5524 milii
1789 5471 2101 5526 ostendens.
2131 5469 2284 5526 llaud

797 5652 872 5721 (8)
916 5651 991 5704 De
1022 5651 1266 5718 Deiparae
1304 5646 1480 5711 obitu,
1513 5646 1742 5721 ejusque
1774 5644 1911 5708 loco,
1946 5653 2001 5699 et
2028 5647 2287 5721 apostolis

725 5715 903 5792 ut'pie
962 5715 1368 5792 crediturn_e_s_t
1417 5718 1832 5792 assistentibus,
1882 5725 2050 5792 _elc.,_
2079 5715 2288 5792 prolixe

722 5785 1040 5856 eruditeque
1075 5788 1440 5846 Trombellius
1486 5789 1537 5840 in
1577 5787 1692 5840 Vita
1739 5786 1982 5856 ejusdem
2023 5785 2282 5854 Deiparae,

726 5871 860 5920 tom.
897 5857 988 5928 IV,
1023 5862 1242 5919 dissert.
1283 5859 1367 5924 85,
1414 5857 1638 5928 prolatis
1671 5857 1833 5911 variis
1865 5873 1930 5911 ex
1963 5857 2284 5925 antiquitate

2381 4650 2526 4719 ψυχή
2578 4667 2678 4718 μου
2731 4648 2824 4699 ἐπὶ
2871 4647 2947 4717 τῷ
2981 4647 3201 4716 Κυρίῳ,
3238 4647 3332 4698 καὶ
3378 4644 3529 4698 ἔσται
3568 4661 3656 4713 μοι
3699 4644 3858 4698 τοῦτο
3880 4647 3953 4706 είς

2380 4735 2548 4809 ὄνομα
2583 4737 2940 4809 εὐφροσύνης,
2976 4739 3067 4790 καὶ
3090 4740 3171 4800 είς
3201 4738 3406 4790 αίνεσιν
3434 4736 3528 4790 καὶ
3563 4735 3954 4806 μεγαλειότητα

2380 4829 2531 4899 παρὰ
2576 4829 2710 4880 πᾶσι
2755 4831 2866 4890 τοῖς
2908 4827 3085 4880 ἔθνεσι
3134 4827 3232 4897 τῆς
3264 4826 3388 4896 γῆς,
3425 4826 3508 4879 ὅτι
3551 4826 3828 4895 συνήγαγί
3869 4842 3952 4895 μοι

2384 4922 2508 4983 τοὺς
2534 4919 2814 4987 θεμελίους
2848 4918 2946 4987 τῆς
2987 4917 3330 4987 Ἐκκλησίας,
3375 4918 3466 4970 ὅτι·
3504 4915 3826 4986 συνήθροισέ
3867 4933 3952 4985 μοι

2382 5013 2507 5074 τοὺς
2563 5011 2830 5080 ἄρχοντας
2883 5013 2981 5080 τῆς
3033 5010 3381 5080 οἰκουμένης,
3429 5008 3556 5071 τοὺς
3607 5007 3953 5077 θαυμαστοὺς

2385 5101 2663 5171 ὑπηρέτας
2690 5101 2788 5170 τῆς
2814 5100 2954 5171 ἐμῆς
2988 5100 3228 5168 κηδείας.
3270 5101 3333 5152 Ὢ
3363 5097 3740 5170 μεγαλοφυοῦς
3761 5115 3952 5168 τερατ-

2383 5193 2764 5263 ουργήματοςί
2798 5192 2843 5246 ὣ
2871 5192 3145 5263 μητρικῆς
3169 5190 3518 5260 ἀφοσιώσεως
3551 5190 3714 5261 ἔργον
3739 5189 3752 5241 ι
3782 5188 3826 5242 ῶ
3849 5187 3956 5258 σχέο

2393 5300 2530 5347 σεως
2561 5285 2742 5354 υίῖκῆς
2773 5284 2976 5353 δῶρονι
3026 5284 3252 5356 οὐρανός
3292 5299 3381 5350 μοι
3425 5281 3486 5334 τὸ
3520 5280 3792 5351 δωμάτιον
3826 5297 3954 5332 κατ-

2392 5378 2588 5447 εφάνη,
2626 5380 2751 5440 τοὺς
2787 5379 3079 5446 φωστῆρας
3111 5376 3204 5429 τοῦ
3244 5377 3451 5445 κόσμου
3493 5377 3553 5428 ὲν
3583 5371 3763 5442 ἑαυτῷ
3805 5389 3953 5444 περι-

2393 5471 2609 5540 φέρωνο
2661 5470 2786 5533 ναὸς
2839 5470 3045 5540 Κυρίου
3096 5472 3129 5538 ή
3177 5469 3350 5538 ὀροφὴ
3397 5467 3575 5536 ὤφθη,
3611 5467 3739 5529 τοὺς
3783 5465 3954 5529 θείους

2396 5648 2624 5702 testibus
2672 5660 2734 5701 ac
2763 5644 3124 5708 documentis,
3169 5657 3290 5714 quae
3324 5643 3408 5699 hic
3434 5651 3689 5714 repetere
3727 5658 3834 5714 non
3866 5659 3951 5696 va-

2394 5728 2499 5772 cat.
2532 5717 2685 5772 Nunc
2723 5726 2900 5771 autem
2936 5726 3118 5788 noster
3155 5712 3372 5788 quoque
3423 5712 3632 5771 Studita
3653 5712 3804 5770 testis
3850 5728 3949 5769 non

2392 5788 2824 5845 contemnendus
2854 5784 3082 5843 accedit.
