4172 6472
666 384 770 448 727

1857 398 1897 456 S
1949 396 2340 458 THEODORI
2382 395 2728 458 STUDIT/‘E

3814 392 3925 457 728

739 479 828 533 ll“
856 479 988 546 Ave,
1025 480 1195 552 janua
1228 484 1435 550 clausa,
1487 500 1582 556 per
1626 502 1788 557 quam
1837 489 1980 545 Deus
2022 488 2235 545 lsraelis

2410 487 2499 541 ια’.
2542 487 2787 557 Χαίροις.
2832 482 2978 554 πύλη
3022 483 3401 555 κεκλεισμένη,
3434 484 3500 537 δι’
3541 478 3609 557 ἦς
3649 482 3857 554 Κύριος
3895 486 3926 537 ὁ

671 573 952 640 ingressus
984 584 1066 629 est
1095 584 1148 630 et
1175 591 1451 645 egressus,
1491 580 1634 634 sicut
1662 595 1905 636 summus
1934 581 2024 637 Dei
2057 597 2244 652 specu-

671 663 811 717 lator
833 665 1083 722 Ezechiel
1106 670 1297 725 scribit
1326 672 1391 725 ”.

741 753 839 807 12°
873 755 1005 824 Ave,
1031 759 1178 813 nulla
1211 760 1630 817 manulaborate
1659 779 1817 820 mons
1839 763 2155 828 celsissime.
2177 782 2240 822 ex

672 858 781 913 quo
810 847 1085 915 angularis
1111 851 1381 908 abscissus
1407 853 1509 908 fuit
1535 852 1693 924 lapis,
1723 856 1868 912 sicut
1902 855 1978 912 ait
1997 872 2246 915 summus

675 934 955 1007 theologus
989 940 1174 996 Daniel
1198 942 1264 997 ³ο.

745 1027 800 1081 5.
834 1028 939 1086 Sed
967 1032 1110 1086 enim
1128 1047 1372 1103 quaenam
1398 1050 1552 1091 mens
1576 1037 1985 1107 complectatur,
2008 1041 2090 1094 vel
2122 1055 2246 1094 ora-

675 1114 754 1170 tio
792 1127 1060 1188 exaequet,
1094 1133 1226 1191 quot
1257 1134 1571 1194 quantaque
1617 1127 1689 1181 ibi
1732 1131 2067 1193 cecinerunt,
2095 1131 2248 1186 dixe-

677 1216 827 1275 runt,
854 1209 1129 1268 laudativo
1158 1216 1431 1283 praeconio
1474 1217 1788 1273 extulerunt
1821 1220 2052 1290 theologi
2101 1217 2247 1275 viri?

677 1296 748 1351 At
778 1310 1062 1371 postquam
1085 1303 1247 1372 justis
1277 1308 1446 1362 sacris
1467 1307 1636 1362 functi
1687 1308 1924 1376 fuerunt,
1955 1323 2248 1383 sancteque

679 1397 870 1444 sancta
912 1405 1259 1460 peregerunt,
1306 1411 1433 1451 ecce
1465 1396 1638 1452 adfuit
1671 1398 1785 1467 ipse
1814 1398 2081 1453 Dominus
2121 1415 2246 1454 cum

679 1480 846 1546 gloria
874 1479 1213 1540 fortitudinis
1246 1501 1359 1541 sua:
1389 1489 1647 1559 omnique
1676 1492 1940 1546 caelorum
1980 1494 2244 1550 exercitu.

682 1570 746 1622 Et
786 1570 1130 1630 invisibiliter
1165 1576 1381 1645 quidem
1423 1579 1726 1653 incorporei
1770 1583 2025 1654 (angeli),
2050 1601 2246 1656 corpo-

680 1659 869 1716 raliter
898 1674 1080 1720 autem
1117 1669 1351 1737 apostoli
1390 1669 1701 1727 divinorum
1737 1675 2067 1744 magnalium
2092 1677 2248 1747 Itym-

2344 578 2476 639 Θεὸς
2503 575 2597 630 τοῦ
2638 575 2854 647 Ἰσραὴλ
2895 575 3236 644 εἰσελήλυθεν
3275 577 3367 628 καὶ
3400 574 3739 647 ἐξελήλυθεν,
3780 575 3926 627 κατά

2358 667 2616 738 Ἰεζεκιὴλ
2645 667 2736 720 τὸν
2761 667 3211 721 θεοπτικώτατον.

2418 760 2501 830 ιβ’.
2533 761 2778 830 Χαίροις,
2827 761 2886 813 τὸ
2918 761 3211 825 ἀλάξευτον
3259 759 3746 830 χειροῦψηλότατον
3772 759 3924 829 ὅρος,

2344 852 2404 916 ἐξ
2427 847 2487 906 οὗ
2513 852 2540 903 ὁ
2560 853 2951 922 ἀκρογωνιαῖος
2972 850 3343 922 ἀποτέτμηται
3371 852 3533 917 λίθος,
3559 849 3699 905 κατὰ
3722 850 3927 920 Δανιὴλ

2345 949 2435 1001 τὸν
2465 948 2941 1016 θεολογικώτατον.

2417 1047 2479 1094 ε’.
2510 1041 2620 1094 Καὶ
2654 1043 2803 1106 ποῖος
2836 1039 2959 1104 νοῦς
2992 1043 3315 1113 χωρήσειεν,
3345 1040 3379 1112 ἢ
3409 1040 3495 1104 τίς
3527 1040 3683 1109 λόγος
3709 1039 3926 1109 ἐφίκοι-

2347 1149 2428 1196 το,
2453 1133 2552 1185 ὅσα
2575 1131 2752 1185 ἐκεῖσε
2777 1127 2937 1204 ᾖσαν,
2958 1133 3184 1204 ἔφασαν,
3211 1133 3553 1204 ἑμακάρισαν
3575 1135 3623 1186 οἰ
3649 1133 3928 1199 θεολόγοι;

2361 1222 2502 1276 Ἀλλ’
2528 1223 2714 1294 ἐπειδὴ
2737 1224 2806 1278 τά
2834 1225 3018 1279 εἰκότα
3046 1225 3408 1296 ἰερούργησαν
3433 1225 3614 1295 ἰερῶς,
3634 1225 3727 1279 καὶ
3751 1224 3929 1293 ἀγίως

2344 1315 2414 1368 τὰ
2456 1317 2588 1384 άγια
2624 1317 2972 1382 ἐπετέλεσαν,
3003 1318 3111 1372 ἰδοὺ
3151 1318 3482 1389 παρεγένετο
3514 1318 3606 1371 καὶ
3645 1318 3675 1370 ὁ
3718 1317 3930 1388 Κύριος

2349 1408 2486 1479 μετά
2518 1408 2676 1478 δόξης
2711 1407 2892 1479 ἰσχύος
2936 1409 3102 1466 αὐτοῦ
3132 1412 3225 1464 καὶ
3255 1410 3435 1480 πάσης
3461 1411 3720 1482 στρατιᾶς
3760 1411 3929 1480 οὐρα·

2347 1500 2460 1554 νοῦο
2511 1501 2608 1554 καὶ
2657 1502 2904 1572 ἀοράτως
2950 1503 3046 1572 μὲν
3105 1503 3480 1574 ἐλειτούργουν
3525 1504 3575 1557 οἰ
3615 1503 3927 1574 ἀσώματοι,

2347 1593 2678 1662 σωματικῶς
2698 1593 2755 1646 δὲ
2783 1593 2832 1645 οἰ
2858 1593 3144 1648 ἀπόστολοι
3178 1594 3416 1666 ὑμνῳδοὶ
3445 1596 3544 1658 τᾶς
3575 1593 3723 1658 θείας
3758 1611 3933 1664 μεγα-

2347 1683 2624 1756 λειότητος
2679 1686 3018 1743 ἐδείκνυντο·
3087 1687 3367 1760 συμμιγὴς
3425 1683 3526 1759 ἦν,
3588 1687 3833 1756 ἀδελφοὶ,
3895 1690 3928 1753 ἠ

681 1752 839 1808 nistte
863 1766 1038 1811 erant.
1071 1757 1226 1814 Mista
1251 1771 1390 1828 erat,
1432 1779 1465 1818 ο
1493 1763 1685 1820 fratres
1711 1805 1726 1830 ,
1771 1769 2058 1839 panegyris
2085 1781 2248 1840 atque

2351 1752 2659 1848 πανήγυρις
2721 1777 2815 1831 καὶ
2854 1781 2883 1832 ὁ
2929 1779 3112 1842 θίασος
3156 1752 3404 1849 οὐράνιός
3439 1752 3497 1832 τε
3553 1780 3646 1832 καὶ
3688 1752 3933 1846 ἐπίγειος

681 1840 881 1899 chorus
908 1846 1208 1902 caelestium
1233 1865 1297 1904 ac
1324 1860 1662 1909 terrenorum
1692 1835 1810 1926 (nec
1831 1857 2120 1928 quisquam
2150 1860 2249 1914 mi-

2351 1835 2856 1939 (xat'ph'eéwcéw
2883 1871 2912 1926 ὁ
2943 1835 3109 1938 λόγος.
3133 1871 3202 1924 τὰ
3223 1835 3516 1940 ’θεοπρεπῆ
3545 1835 3928 1940 eumdem).

682 1941 831 1986 retur
847 1943 1089 1991 nostram
1109 1939 1218 1994 Deo
1238 1939 1429 2010 dignas
1449 1959 1536 2000 res
1559 1955 1868 2001 narrantem
1899 1949 2246 2018 orationem),

680 2021 1036 2092 Angelorum,
1067 2029 1556 2102 Arcltangelorum,
1587 2033 2046 2106 Dominationum,
2076 2039 2250 2095 Thro-

681 2128 900 2180 norum,
930 2117 1359 2190 Principatuum,
1398 2122 1755 2190 Potestatum,
1778 2126 2072 2196 Virtutum,
2104 2129 2249 2186 Che-

681 2208 1024 2278 t'ubinnrum,
1045 2212 1490 2284 Seraphinorum,
1507 2222 1900 2290 apostolorum,
1929 2234 2246 2295 martyrum,

676 2300 955 2367 justorum
993 2322 1006 2358 :
1047 2321 1282 2376 quorum
1315 2309 1406 2363 alii
1439 2310 1799 2379 deducebant,
1846 2315 1937 2370 alii
1981 2317 2252 2385 praecede-

681 2393 830 2457 bant,
858 2394 948 2448 alii
980 2398 1476 2468 subsequebantur,
1507 2403 1596 2457 alii
1619 2405 1888 2472 stipabant
1913 2446 1928 2472 ,
1956 2408 2250 2478 cunctique

682 2499 788 2537 una
820 2500 952 2540 voce
983 2503 1106 2542 cum
1141 2490 1329 2560 jubilis
1361 2494 1710 2550 clamabant:
1742 2495 1970 2553 Caritate
1996 2499 2248 2565 Domino,

679 2572 896 2630 laudate
929 2577 1240 2641 Dominum.
1284 2582 1595 2642 benedictus
1624 2587 1886 2645 Dominus
1913 2607 2076 2661 super
2100 2593 2252 2662 justo

681 2675 868 2720 monte
909 2679 1102 2724 sancto
1124 2671 1264 2740 ejus,
1291 2683 1344 2729 et
1369 2678 1636 2733 exaltetur
1667 2681 1864 2736 cmlum
1897 2681 1949 2738 in
1995 2685 2248 2740 sublime.

683 2753 817 2821 Quis
840 2773 969 2829 ergo
1002 2763 1208 2819 audivit
1244 2781 1341 2835 par
1367 2771 1634 2825 canticum
1665 2787 1696 2827 a
1730 2776 1962 2839 sacttlo,
1993 2790 2026 2829 ο
2063 2776 2251 2831 Philo-

683 2847 916 2938 cltristi?
962 2853 1086 2921 quis
1134 2854 1450 2926 lmjnsmodi
1513 2865 1898 2933 exsequiarum
1951 2870 2254 2938 pompam?

681 2936 817 3005 Quis
847 2959 1085 3014 unquam
1119 2948 1277 3006 talem
1317 2953 1606 3009 transitum
1656 2961 1848 3024 novit,
1899 2962 2044 3030 quali
2083 2936 2254 3019 Mater

683 3031 896 3127 Domini
929 3038 1032 3092 mei
1073 3040 1232 3111 digna
1270 3042 1408 3098 fuit?
1437 3044 1624 3117 Neque
1653 3050 1704 3104 id
1742 3051 2036 3118 immerito,
2073 3071 2252 3127 quan-

2361 1961 2651 2029 Ἀγγέλων,
2667 1961 3675 2033 ’Δρχαγγέλων,Κυριοτήτωνβρόνων,
3688 1960 3932 2030 ’Δρχῶν,

2349 2051 2659 2118 Ἐξουσιῶν,
2693 2053 3009 2122 Δυνάμεων,
3032 2052 3142 2107 τῶν
3171 2053 3548 2124 Χερουὸικῶν,
3575 2053 3666 2105 καὶ
3693 2052 3933 2121 Σεραφιο

2351 2141 2485 2206 κῶν,
2514 2141 2848 2203 ἀποστόλων,
2884 2140 3198 2212 μαρτύρων,
3234 2141 3484 2206 δικαίων,
3515 2140 3621 2193 τῶν
3657 2140 3756 2211 μὲν
3791 2157 3932 2210 προσ

2349 2233 2674 2303 τρεχόντων,
2701 2232 2808 2285 τῶν
2834 2231 2890 2285 δὲ
2933 2230 3463 2302 προσυπαντῶντων,
3488 2230 3596 2283 τῶν
3627 2231 3722 2302 μὲν
3760 2231 3931 2301 ἡγου-

2353 2325 2552 2394 μένων,
2580 2325 2688 2378 τῶν
2719 2325 2776 2378 δὲ
2801 2325 3247 2395 προηγουμένων,
3275 2323 3385 2376 τῶν
3406 2323 3463 2377 δὲ
3493 2323 3796 2393 ἑπομένων,
3818 2323 3932 2375 τῶν

2350 2415 2407 2470 δὲ
2461 2416 2885 2488 παρεπομένων,
2943 2415 3164 2469 πάντων
3211 2417 3362 2486 φωνῇ
3399 2416 3496 2486 μιᾷ
3534 2415 3592 2467 ὲν
3619 2413 3931 2485 εὐφροσύνῃ

2354 2507 2628 2577 βοώντων·
2671 2508 2871 2577 ’ᾼσατε
2910 2505 2988 2574 τῷ
3027 2506 3212 2576 Κυρίῳ
3234 2523 3248 2537 ο
3280 2507 3527 2560 αἰνέσατε
3553 2506 3642 2558 τὸν
3682 2504 3886 2574 Κύριον
3912 2522 3927 2535 θ

2352 2599 2716 2670 εὐλογημένος
2755 2600 2959 2668 Κύριος
3004 2599 3096 2652 ἐπὶ
3129 2598 3340 2657 δίκαιον
3372 2600 3497 2671 ὅρος
3538 2599 3597 2652 τὸ
3628 2598 3782 2664 άγιον
3821 2598 3924 2650 αὐ-

2351 2692 2444 2746 τοῦ
2470 2709 2482 2721 ·
2519 2693 2613 2746 καὶ
2639 2692 2977 2762 ἀνυψωθήτω
3003 2693 3032 2744 ὀ
3054 2691 3280 2762 οὐρανὸς
3311 2693 3392 2755 εἰς
3418 2691 3479 2744 τὸ
3513 2690 3784 2760 μετέωρον
3801 2707 3814 2718 ·
3841 2690 3928 2752 τίς

2350 2779 2446 2839 οῦν
2482 2786 2714 2856 ἤκουσεν
2757 2785 2816 2850 ὲξ
2847 2786 3038 2849 αἰῶνος
3082 2786 3319 2839 τοιοῦτον
3345 2784 3568 2850 ἐξόδιον,
3596 2777 3641 2837 ὦ
3674 2783 3925 2853 φιλόχρι-

2356 2893 2504 2940 στοις
2531 2877 2614 2941 τίς
2652 2877 2791 2946 ἔγνω
2816 2879 3147 2950 τηλικαύτης
3175 2877 3396 2946 κηδείας
3437 2877 3773 2948 προπομπήν
3798 2894 3812 2940 ;
3842 2877 3927 2939 τίς

2354 2968 2550 3040 ᾔσθετο
2572 2972 2825 3041 τοιαύτης
2851 2969 3202 3039 μεταϐάσεως
3235 2968 3454 3024 πώποτε
3479 3007 3496 3032 ,
3525 2969 3645 3032 οἵας
3672 2969 3706 3039 ἡ
3727 2969 3926 3038 Μήτηρ

2354 3061 2449 3115 τοῦ
2483 3063 2692 3133 Κυρίου
2726 3081 2827 3132 μου
2861 3063 3086 3131 ἠξίωται
3112 3078 3126 3128 ;
3163 3063 3255 3114 καὶ
3282 3061 3380 3114 οὐκ
3411 3061 3636 3125 ἀπεικός
3663 3079 3677 3091 ·
3704 3061 3925 3130 ἐπειδή-

681 3125 974 3196 doquidem
1003 3147 1164 3187 nemo
1189 3133 1276 3188 illa
1303 3138 1589 3208 excelsior,
1611 3157 1730 3210 qua:
1751 3144 1994 3200 omnium
2019 3125 2249 3202 maxima

2360 3173 2465 3226 περ
2498 3125 2616 3209 οὐδέ
2645 3125 2737 3218 τις·
2752 3125 3049 3225 ὑπέρτερος
3065 3125 3263 3224 λαύτῆς
3285 3153 3573 3218 δέδεικται,
3605 3125 3924 3224 μειζοτέρας

683 3215 809 3272 fuit.
830 3219 1025 3278 Horret
1054 3225 1278 3295 spiritus
1295 3244 1471 3295 meus,
1493 3233 1622 3289 dum
1638 3235 1899 3293 transitus
1924 3240 1999 3293 tui
2031 3255 2252 3310 magna-

683 3309 776 3370 lia.
796 3326 829 3366 o
858 3311 1038 3384 Virgo,
1063 3320 1343 3390 recogitat.
1377 3323 1750 3381 Perliorrescit
1779 3343 1930 3383 mens
1955 3345 2097 3391 mea.
2125 3309 2252 3385 dum

684 3410 790 3456 tua:
834 3404 1180 3463 dormitionis
1240 3411 1715 3470 admirabilitatem
1771 3430 2004 3486 reputat.
2073 3421 2260 3480 Haeret

687 3496 865 3566 lingua
901 3499 1189 3562 mea,dum
1227 3501 1304 3555 tui
1345 3506 1715 3563 reviviscentis
1742 3514 2057 3581 mysterium
2094 3529 2254 3568 enar-

684 3592 791 3642 rat.
811 3581 945 3640 Nam
966 3590 1089 3657 quis
1111 3589 1272 3662 digne
1287 3593 1501 3650 auditas
1519 3594 1676 3652 faciet
1697 3615 1884 3656 omnes
1905 3601 2091 3660 laudes
2110 3614 2251 3670 tuas,

683 3688 740 3732 et
786 3680 1031 3735 narrabit
1081 3693 1276 3740 cuncta
1308 3687 1576 3742 mirabilia
1611 3692 1742 3746 tua?
1791 3692 2050 3758 Quaenam
2101 3712 2253 3755 mens

683 3769 816 3823 satis
845 3770 1065 3826 sublimi
1111 3772 1364 3831 facundia
1403 3779 1724 3849 eloquetur?
1776 3800 2024 3854 quasnam
2070 3787 2252 3858 lingua

685 3861 1000 3929 magnisona
1021 3865 1363 3933 praedicabit?
1382 3879 1491 3934 tua,
1512 3871 1751 3942 inquam,
1771 3877 1962 3931 decora
1981 3877 2252 3946 eﬂ‘abitur,

683 3967 772 4007 res
798 3962 918 4009 tuas
955 3953 1248 4020 describet,
1282 3958 1478 4015 merita
1514 3970 1604 4016 tua
1632 3965 1811 4020 verbis
1849 3967 2137 4036 exprimet,
2171 3971 2254 4026 vel

685 4056 777 4098 tua
810 4046 1076 4102 mirabilia
1104 4051 1412 4119 exaequabit
1446 4055 1730 4124 mysteria,
1759 4057 2099 4114 celebritates
2119 4099 2133 4123 ,
2173 4059 2254 4114 fe-

681 4145 798 4191 stos
826 4137 944 4192 dies
964 4179 978 4202 ,
1025 4139 1369 4197 laudationes
1390 4181 1404 4204 ,
1451 4147 1696 4201 encomia
1722 4147 1745 4199 ?
1788 4145 2154 4212 Quamobrem
2184 4149 2252 4204 ad

681 4225 784 4291 lioc
834 4241 1052 4297 quoque
1097 4232 1410 4301 mysterium
1444 4235 1828 4290 celebrandum
1874 4237 2091 4294 inﬁrma
2145 4249 2249 4304 est,

679 4315 890 4372 viribus
917 4318 1112 4389 impar,
1142 4331 1197 4376 et
1227 4323 1544 4392 attingendo
1571 4341 1738 4394 scopo
1767 4326 1942 4398 inepta
1970 4331 2252 4387 convinci-

682 4419 791 4464 tur.
815 4409 895 4464 Tu
916 4412 1057 4465 enim
1093 4416 1490 4483 superemines,
1519 4418 1756 4483 excedis,
1784 4419 2254 4490 incorporabiliter

2357 3245 2522 3314 οὔσης
2562 3245 2815 3298 ἁπάντων
2836 3261 2850 3276 ·
2885 3246 3096 3316 φρίττει
3130 3262 3232 3315 μου
3261 3243 3352 3298 οὖν
3384 3245 3446 3296 τὸ
3474 3245 3686 3316 πνεῦμα
3725 3245 3786 3298 τὸ
3832 3262 3926 3315 με-

2355 3336 2570 3405 γαλεῖον
2607 3336 2704 3406 τῆς
2751 3336 3132 3406 μεταστάσεως
3169 3353 3291 3400 σου,
3330 3329 3376 3389 ὧ
3415 3337 3678 3407 Πάρθενε,
3720 3336 3930 3390 δενθυ-

2357 3427 2652 3498 μούμενος’
2689 3427 3048 3499 ἐκπλήττεταί
3076 3447 3179 3498 μου
3210 3431 3237 3483 ὁ
3264 3429 3387 3493 νοῦς
3417 3430 3476 3483 τὸ
3502 3430 3602 3499 τῆς
3623 3429 3927 3501 κοιμήσεὼς

2357 3536 2450 3571 σου
2510 3519 2816 3588 Θαυμάσιον
2862 3521 3342 3590 ἀναλογιζόμενος⁹
3390 3521 3690 3575 συνδέδεταί
3740 3541 3844 3593 μου
3889 3525 3923 3592 ὴ

2353 3609 2566 3678 γλῶττα
2603 3611 2663 3664 τὸ
2702 3612 2801 3682 τῆς
2848 3611 3178 3676 παλινζωῖας
3213 3614 3324 3682 (10)
3368 3631 3461 3668 σου
3505 3615 3802 3683 μυστήριον
3831 3615 3923 3667 ὲκ-

2355 3702 2724 3774 διηγουμένη’
2781 3705 2863 3768 τίς
2917 3708 3025 3775 γάρ
3081 3706 3230 3758 ἐστιν
3280 3708 3507 3768 ἐκεῖνος,
3571 3706 3629 3768 δς
3687 3706 3926 3772 ἐπαξίως

2355 3794 2626 3858 ἀκουστάς
2653 3795 2866 3864 ποιήσει
2888 3797 3064 3859 πάσας
3087 3791 3184 3859 τάς
3204 3797 3434 3859 αἰνέσεις
3458 3813 3552 3848 σου
3571 3837 3586 3861 ,
3617 3797 3927 3867 διηγήσοιτο

2354 3887 2533 3940 πάντα
2569 3888 2638 3942 τὰ
2671 3889 2950 3958 Θαυμάσιά
2982 3907 3113 3952 σονς
3145 3892 3295 3952 ποῖος
3331 3888 3456 3952 νοῦς
3487 3890 3783 3960 ὑψηγορῶν
3828 3893 3925 3962 ῥη-

2352 3977 2636 4049 τορεύσει;
2687 3982 2814 4033 ποία
2855 3980 3076 4048 γλῶσσα
3128 3981 3579 4051 μεγαληγοροῦσα
3611 3982 3925 4051 φθέγξεται,

2355 4071 2450 4123 καὶ
2503 4071 2570 4123 τὰ
2621 4071 2688 4124 ait
2739 4071 2968 4136 ἐξείποι,
2999 4072 3082 4135 ,τά
3131 4072 3198 4126 σὰ
3257 4075 3615 4145 παραστήσει,
3653 4077 3766 4139 toi;
3818 4079 3927 4138 σοῖς

2356 4165 2683 4232 προσϐάλλει
2731 4168 2988 4237 ῥήμασιν,
3020 4168 3052 4237 ἢ
3096 4167 3203 4220 τῶν
3235 4169 3344 4221 σῶν
3380 4169 3680 4238 ἐφικνεῖται
3713 4170 3924 4241 θαυμαο

2357 4255 2487 4308 σίων
2548 4256 2800 4320 τελετῶν,
2860 4257 3244 4328 πανηγύρεων,
3313 4257 3534 4329 ἑορτῶν,
3600 4260 3922 4329 διηγήσεων,

2355 4347 2681 4420 ὲγκωμίων;
2726 4348 2844 4418 μεθ’
2882 4341 2957 4402 ῶν
3009 4350 3104 4403 καὶ
3155 4348 3252 4403 τοῦ
3311 4350 3578 4421 παρόντος
3627 4351 3924 4424 μυστηρίου

2355 4439 2592 4504 ἀσθενεῖ,
2653 4441 2855 4504 ἀτονεῖ,
2923 4442 3306 4511 ἀποτυγχάνει,
3375 4441 3767 4511 ἀπελέγχεται·
3833 4444 3927 4495 καὶ

680 4517 908 4571 superas
938 4543 954 4567 ,
995 4504 1303 4571 altitudine,
1360 4507 1748 4578 magnitudine,
1801 4511 2248 4568 sublimissimam

2355 4531 2465 4599 γάρ
2518 4531 2827 4600 ύπερέχεις,
2886 4504 3264 4601 ὑπερϐάλλεις,
3320 4504 3704 4603 ὑπερτερεύεις
3752 4535 3923 4602 ἀσυγο

679 4594 975 4662 quamlibet
1020 4596 1144 4650 caeli
1198 4607 1403 4666 partem
1435 4616 1450 4653 :
1482 4601 1786 4654 sanctitatis
1822 4603 2037 4672 quidem
2083 4605 2254 4672 splen-

678 4689 811 4740 dore
836 4687 1010 4740 luccm
1042 4687 1192 4750 solis,
1224 4688 1539 4743 meritorum
1575 4689 1699 4758 jure
1727 4694 2040 4761 angelorum
2073 4695 2252 4762 digni-

678 4784 869 4842 tatem,
890 4776 1246 4846 etcujuslibct
1276 4779 1609 4849 incorporea:
1637 4781 1914 4837 rationalis
1935 4784 2252 4840 substantiae

681 4866 1131 4924 intellectualium
1169 4877 1223 4924 et
1255 4870 1671 4943 intelligibilium
1715 4873 1993 4929 virtutum.

748 5067 802 5123 6.
835 5065 963 5136 Sed,
991 5083 1024 5126 ο
1053 5068 1321 5129 illustrem
1350 5071 1832 5144 splendidamque,
1861 5075 1942 5132 sic
1980 5078 2125 5135 enim
2159 5079 2253 5134 lae-

748 5250 795 5282 ”
823 5247 1024 5307 Ezech.
1058 5264 1206 5318 thv,
1245 5248 1303 5305 2.
1376 5248 1422 5283 ³⁸
1455 5249 1590 5306 Dan.
1625 5268 1686 5319 ιι,
1727 5253 1818 5310 45.

751 5405 870 5476 (t0)
900 5403 979 5460 De
1011 5403 1254 5474 Delparas
1277 5419 1509 5477 corpore
1551 5409 1875 5466 resuscitato
1902 5419 1957 5466 et
1991 5411 2044 5465 in
2075 5413 2244 5470 celos

674 5484 980 5552 assumpto,
1013 5477 1234 5552 copiose
1269 5477 1796 5552 item_'_l_‘r0tttbellius
1831 5481 1884 5534 in
1917 5483 2084 5552 citato
2111 5498 2243 5552 ope-

673 5547 749 5600 ris
797 5556 946 5618 torno
999 5546 1218 5618 dissert.
1269 5545 1357 5618 46.
1406 5545 1686 5604 Videndus
1736 5550 1960 5618 insuper
2007 5545 2238 5608 Benedi-

671 5625 793 5691 etus
821 5614 981 5691 XlV;
1013 5615 1087 5691 De
1132 5617 1280 5691 festis
1326 5617 1516 5691 lib._tt,
1558 5632 1679 5688 cap.
1731 5619 1785 5673 8.
1828 5614 1970 5691 item
2019 5624 2240 5691 attingit

677 5687 836 5740 etiam
865 5687 992 5740 Atto
1023 5685 1376 5742 Vercellensis
1421 5689 1474 5742 in
1520 5685 1776 5744 sermone
1819 5689 1906 5753 l7,
1943 5691 2082 5746 inter
2116 5685 2238 5749 illos

673 5772 722 5840 an
733 5755 891 5836 nobis
924 5756 1120 5840 editos.
1151 5757 1501 5840 Inter-vetera
1537 5759 1740 5840 scripta
1765 5761 1970 5840 eminet
1997 5759 2237 5840 Pseudo:

681 5825 1044 5898 Hieronymus
1093 5835 1251 5885 tract.
1283 5826 1362 5884 De
1410 5825 1766 5898 assumptione
1809 5829 1874 5887 B.
1913 5829 2122 5901 Mariw,
2167 5834 2234 5889 ad

2351 4623 2572 4692 κρίτως,
2605 4623 2664 4674 ὲν
2690 4622 2812 4689 ὕψει
2839 4623 2933 4675 καὶ
2955 4622 3177 4691 μεγέθει
3205 4623 3299 4676 τοῦ
3331 4625 3608 4679 ἀνωτάτου
3647 4626 3836 4688 πόλου,
3867 4629 3925 4679 ἐν

2349 4710 2569 4778 άγνείας
2623 4709 2970 4779 λαμπρότητι
3023 4709 3117 4763 τοῦ
3163 4710 3391 4780 ἡλιακοῦ
3436 4714 3630 4781 φάους,
3667 4714 3728 4766 ὲν
3784 4719 3926 4781 παῤ-

2349 4802 2544 4874 ρησίας
2601 4801 2877 4854 οἰκειώσει
2929 4802 3030 4872 τῆς
3069 4803 3365 4876 ἀγγελικῆς
3409 4804 3590 4870 ἀξίας,
3619 4807 3798 4875 πάσης
3826 4809 3922 4876 τῆς

2345 4895 2510 4949 ἀΰλου
2542 4892 2636 4946 καὶ
2666 4893 2890 4964 λογικῆς
2913 4895 3101 4958 οὐσίας
3127 4895 3334 4968 νοητῶν
3359 4913 3422 4951 τε
3464 4898 3561 4951 καὶ
3589 4899 3791 4968 νοερῶν
3823 4899 3918 4952 δυ-

2357 4985 2596 5056 νάμεων.

2430 5078 2505 5144 ς’.
2549 5077 2690 5131 Ἀλλ’
2720 5077 2767 5131 ὣ
2806 5081 2905 5152 τῆς
2949 5080 3248 5151 ἐπιφανοῦς
3283 5100 3378 5140 σου
3416 5085 3510 5143 καὶ
3541 5085 3802 5163 λαμπρᾶς
3836 5088 3921 5159 (δι’

2349 5415 2727 5474 Eustochium.
2767 5417 2978 5474 Studita
3029 5428 3209 5475 autem
3262 5429 3448 5476 noster
3485 5419 3914 5475 ecclesiasticam

2347 5489 2694 5544 traditionem
2729 5499 2914 5544 tenore
2941 5504 3000 5545 se
3027 5505 3174 5545 nunc
3207 5490 3412 5545 indicat
3440 5491 3706 5544 vocabulo
3729 5489 3915 5543 παλιν-

2345 5557 2650 5630 ζωϊαςηΕι
2699 5561 2917 5630 quidem
2976 5560 3222 5629 pluribus
3277 5559 3458 5615 verbis
3512 5558 3914 5630 Damascenus,

2343 5638 2486 5683 orat.
2521 5628 2616 5700 772,
2675 5628 2741 5685 de
2793 5628 3123 5685 dormitione
3181 5631 3461 5700 Deiparaa,
3512 5646 3568 5684 ιι.
3620 5629 3705 5684 ll.
3765 5629 3916 5700 Nunc

2343 5699 2479 5824 agile
2513 5699 2876 5772 Epiphanium
2908 5702 3235 5759 monachum
3266 5699 3438 5773 nuper
3467 5715 3497 5757 a
3527 5701 3596 5760 cl.
3642 5699 3911 5760 Dresselio

2342 5783 2372 5824 e
2414 5787 2425 5823 |
2459 5785 2567 5824 um.
2665 5790 2669 5794 ·

2414 5785 2567 5825 Ilum.
2665 5790 2669 5794 '
