4172 6480
211 395 312 462 ’129

1141 414 1421 476 ORATIO
1453 416 1556 479 VI.
1588 443 1657 454 -
1678 419 1758 480 IN
1795 421 2124 483 SANCTOS
2161 424 2524 488 ANGELOS.

3370 440 3478 506 730

207 535 399 647 ἠξονῆς
433 538 542 647 γάὶρ
561 538 676 647 Exeo
703 542 899 617 λέγειν)
927 551 1316 625 πανηγύρεωςι
1355 557 1422 608 Ὦ
1439 557 1540 627 τῆς
1565 576 1779 630 σημειο-

1893 569 2071 617 tanter
2131 564 2240 628 aio,
2294 566 2690 622 solemnitatem
2741 573 2931 626 tuaml
2999 573 3043 628 Ο
3099 576 3470 647 prodigiosum

209 628 379 697 φόρου
424 632 522 684 καὶ
563 631 972 704 θαυματοποιοῦ
1015 645 1405 712 μεταστάσεώς
1435 650 1563 703 σουι
1601 628 1666 703 Ὦ
1692 653 1792 722 τῆς

207 720 567 794 ζωοπαρόχου
603 728 702 782 καὶ
729 730 1266 807 ἀειφθαρτοὸωρήτου
1290 739 1667 810 ὲνταφιάσεώς
1696 720 1792 796 σου

207 814 308 882 τῆς
358 820 816 892 φωτοκυήτοροςί
853 823 993 878 ἀλλά
1044 826 1144 891 τὰς
1195 830 1426 900 νεφέλας
1471 833 1789 904 διασχοῦσα,

207 909 304 960 καὶ
333 912 417 974 είς
442 911 672 983 οὐρανὸν
705 916 953 985 ἀνιοῦσα,
979 921 1072 975 καὶ
1101 924 1182 986 είς
1200 924 1272 978 τά
1294 927 1461 995 Ἀγια
1486 929 1594 981 τῶν
1620 930 1792 998 ἀγίων

207 1000 456 1092 εἰσιοῦσα
480 1005 537 1056 ἐν
558 1009 710 1078 φωνῇ
738 1009 1110 1076 ἀγαλλιάσεώς
1136 1032 1193 1068 τε
1219 1017 1313 1070 καὶ
1352 1018 1792 1092 ὲξομολογήσεως

209 1091 613 1163 κατευλογῆσαι
647 1097 897 1164 ἀξίωσον,
941 1101 1191 1169 Θεοτόκε,
1219 1107 1289 1160 τὰ
1318 1108 1418 1177 τῆς
1462 1091 1789 1182 οἰκουμένης

209 1184 460 1254 πέρατα·
513 1188 833 1257 πρεσϐείαις
885 1209 981 1246 σου
1035 1196 1162 1259 τοὺς
1209 1198 1378 1269 ἀέρας
1422 1201 1791 1274 εὐκρατοῦσα,

207 1275 335 1340 τοὺς
395 1275 635 1347 ὄμϐρους
693 1280 963 1353 εὐκαίρως
1005 1284 1344 1360 δωρουμένη,
1380 1292 1510 1356 τοὺς
1550 1295 1789 1363 ἀνέμους

208 1367 530 1434 εὑθετοῦσα,
582 1369 682 1442 τὴν
729 1373 832 1444 γῆν
889 1376 1262 1446 εὐκαρποῦσα.
1309 1379 1407 1451 τὴν
1455 1382 1787 1456 Ἐκκλησίαν

208 1460 590 1530 εἰρηνεύουσα,
621 1462 724 1534 τὴν
753 1464 1061 1537 ὀρθοδοξίαν
1107 1470 1478 1541 κρατύνουσα,
1508 1475 1605 1547 τὴν
1633 1477 1787 1548 βασι-

206 1550 356 1605 λείαν
406 1551 774 1621 φυλάττουσα,
819 1557 888 1611 τά
940 1559 1192 1632 βάρόαρα
1242 1563 1372 1636 ιθνη
1414 1567 1784 1636 ἀποσοϐοῦσα,

207 1643 356 1699 ἅπαν
383 1645 447 1698 τὸ
471 1646 814 1719 Χριστιανῶν
842 1650 1010 1720 φῦλον
1031 1655 1368 1726 περιέπουσα
1386 1675 1400 1690 ο
1425 1654 1544 1713 εἶτα
1568 1664 1660 1716 καὶ
1685 1665 1785 1733 τῆς

207 1733 345 1803 ἐμῆς
393 1736 695 1808 τολμηρίας
746 1741 1228 1810 συγγινώσκουσα·
1278 1748 1372 1803 σοῦ
1415 1751 1524 1823 γάρ
1570 1753 1687 1807 ἐστι
1722 1756 1785 1809 τὸ

207 1823 404 1918 λὸ-γιον,
435 1829 528 1881 καὶ
552 1829 642 1894 σὺ,
663 1824 708 1886 ὧ
741 1833 944 1906 Μήτηρ
971 1836 1104 1892 Θεοῦ
1130 1839 1191 1893 τὸ
1221 1841 1481 1912 ἐσόμενον
1512 1863 1783 1918 προφητι-

1893 652 2223 725 pleuumque
2257 667 2480 727 stupore
2509 661 2801 716 transitum
2833 669 3015 719 tuum!
3060 663 3106 720 0
3131 667 3255 723 vitae
3294 670 3475 726 incor-

1898 747 2232 816 ruptelazque
2259 749 2519 805 datrleem
2563 755 2896 820 sepulturam
2923 767 3090 823 tuam,
3138 776 3171 816 ο
3204 763 3338 817 lucis
3372 762 3475 818 Pa-

1891 839 2054 892 rensl
2088 836 2191 893 Sed
2228 842 2399 895 nuhes
2431 857 2738 911 permeans,
2785 848 2918 902 etin
2959 853 3154 904 cmlum
3204 866 3470 909 conscen-

1890 926 2059 993 dens,
2123 938 2178 982 et
2217 929 2270 983 iu
2322 928 2521 987 Sancta
2568 944 2880 990 sanctorum
2936 938 3180 1006 ingressa
3233 943 3285 997 in
3341 959 3473 1000 voce

1889 1019 2268 1076 exsultationis
2298 1032 2352 1078 et
2394 1025 2780 1092 confessionis,
2805 1027 3126 1085 benedicere
3150 1032 3408 1099 digneris.
3436 1049 3472 1090 ο

1890 1107 2142 1180 Deipara,
2168 1114 2288 1168 orhi
2310 1125 2579 1171 terrarum
2603 1135 2618 1185 ;
2650 1119 3138 1178 intercessionibus
3157 1123 3265 1179 tuis
3287 1139 3469 1181 aerem

1890 1204 2185 1259 salubriter
2219 1214 2567 1277 temperans,
2618 1211 2821 1268 imbres
2856 1213 3051 1268 idoneo
3086 1225 3326 1285 tempore
3366 1217 3470 1273 doc

1889 1309 2047 1359 nans,
2067 1306 2258 1352 ventos
2275 1309 2397 1368 apte
2422 1317 2636 1372 regens,
2666 1312 2863 1357 terram
2891 1303 3204 1374 frugiferam
3235 1307 3465 1374 faciens.

1887 1384 2188 1443 Ecclesiam
2217 1394 2592 1461 tranquillam,
2623 1395 3003 1451 orthodoxiam
3031 1398 3269 1463 ﬁrmam,
3298 1400 3470 1470 impe-

1887 1478 2025 1530 rium
2060 1487 2272 1547 tutum;
2309 1482 2570 1539 barbaras
2612 1495 2790 1541 autem
2823 1497 3010 1558 gentes
3045 1489 3201 1560 longe
3245 1493 3471 1547 submo-

1887 1579 2039 1632 veus,
2072 1568 2387 1625 universum
2408 1571 2609 1629 Christi
2631 1579 2888 1644 populum
2915 1587 3236 1648 protegens;
3263 1591 3472 1648 postre-

1887 1668 1979 1708 mo
2002 1671 2135 1710 meae
2163 1672 2382 1729 quoque
2419 1663 2663 1717 audacia:
2692 1679 2940 1733 parcens.
2976 1665 3154 1721 Tuum
3192 1670 3332 1724 enim
3364 1671 3466 1726 hoc

1893 1743 2001 1799 fuit
2027 1747 2248 1803 effatum
2277 1768 2291 1804 :
2325 1749 2428 1817 Tu,
2461 1752 2634 1808 Mater
2669 1753 2784 1819 Dei,
2814 1757 3128 1826 prophetice
3153 1762 3296 1829 quod
3329 1760 3473 1816 futu-

1884 1852 2004 1892 rum
2028 1847 2144 1893 erat
2158 1841 2403 1898 cecinisti
2435 1860 2448 1896 :
2484 1843 2619 1899 Ecce
2647 1845 2813 1907 enim,
2834 1847 3106 1917 inquiens,
3134 1865 3198 1904 ex
3217 1851 3312 1904 hor.
3337 1862 3474 1906 tem-

209 1915 319 1978 κῶς
369 1917 719 1993 ὲμελῲδησας
742 1939 759 1954 ·
806 1924 952 1983 Ἰδοὺ
989 1928 1117 1998 γὰρ,
1163 1933 1348 2002 φησὶν,
1376 1934 1493 1988 ἀπὸ
1520 1915 1626 1990 τοῦ
1662 1915 1779 1993 κῦν

1883 1944 2012 1998 pore
2043 1929 2249 1984 beatam
2289 1949 2369 1987 me
2411 1935 2581 1988 dicent
2613 1952 2790 1989 omnes
2823 1939 3178 2005 generalium:
3211 1940 3309 1996 ³⁸⁸.
3335 1939 3470 2007 Quia

201 2009 572 2076 μακαριοῦσί
586 2029 666 2081 με
697 2012 888 2072 πᾶσαι
915 2019 977 2070 αι
1005 2021 1205 2087 γενεαί
1230 2038 1243 2052 ⁸
1279 2024 1402 2077 ἐπεὶ
1432 2023 1526 2080 οῦν
1549 2028 1646 2099 οὐχ
1671 2026 1784 2084 οἷόν

206 2114 265 2151 τε
319 2099 633 2156 διαπῖπτειν
683 2121 777 2162 σου
845 2106 938 2161 τὸν
989 2108 1325 2182 θεόφραστον
1373 2115 1550 2183 λόγον,
1604 2118 1784 2185 δέξαιο

208 2191 389 2262 κάμοῦ
429 2193 525 2248 τοῦ
566 2196 788 2262 ἀναξίου
839 2216 936 2253 σου
970 2202 1182 2257 οἰκέτου
1223 2206 1322 2276 τὴν
1361 2209 1503 2263 κατὰ
1554 2210 1785 2284 δύναμιν

208 2285 542 2355 πρόσρησιν·
566 2289 660 2342 καὶ
701 2291 955 2359 Ἀπόδος
992 2293 1108 2362 τὴν
1134 2297 1503 2367 ἀγαλλίασιν
1532 2303 1640 2358 τοῦ
1670 2321 1785 2359 σω-

205 2378 413 2445 τηρίου
444 2393 592 2435 σου·
627 2381 807 2439 σθένει
833 2401 893 2439 τε
930 2385 1038 2440 τῶν
1070 2390 1378 2458 πρεσϐειῶν
1413 2410 1505 2446 σου
1534 2397 1788 2467 ατήριξόν

207 2471 403 2538 με,σὺν
421 2473 499 2544 τῷ
513 2473 823 2550 διαφέροντί
852 2496 942 2548 μοι
964 2481 1158 2550 Πατρὶ,
1178 2485 1272 2536 καὶ
1297 2487 1362 2557 τῇ
1387 2486 1784 2562 ἀνατεθειμένῃ

206 2564 413 2637 ποίμνῃ
434 2580 450 2595 ⁶
474 2568 532 2621 ὲν
553 2569 772 2641 Χριστῷ
802 2571 977 2641 Ἰησοῦ
1004 2573 1081 2644 τῷ
1107 2576 1298 2647 Κυρίῳ
1323 2579 1499 2649 ἡμῶν,
1523 2573 1568 2649 ᾧ
1600 2583 1633 2653 ἡ
1660 2582 1786 2648 δόξα

206 2657 300 2709 καὶ
331 2659 366 2728 ἡ
398 2659 532 2729 τιμὴ
558 2665 652 2715 καἸ⁵
675 2663 734 2715 τὸ
765 2663 969 2734 κράτος
1023 2667 1120 2720 σὺν
1146 2667 1224 2738 τῷ
1247 2673 1645 2745 παντοκράτορι
1672 2677 1786 2729 Πα-

202 2748 292 2818 τρὶ
322 2751 419 2804 καὶ
443 2750 521 2822 τῷ
555 2750 806 2826 ζωοποιῷ
833 2756 1136 2829 Πνεύματι,
1171 2759 1267 2816 νῦν
1297 2763 1392 2816 καὶ
1434 2766 1521 2819 ἀεὶ
1555 2767 1653 2820 καὶ
1699 2769 1780 2833 είς

201 2841 329 2904 τοὺς
359 2841 566 2908 αίῶνας
591 2843 702 2900 τῶν
729 2845 960 2905 αἰώνων.
1002 2849 1194 2922 Ἀμήν.

944 2966 1037 3032 (τι.

299 3047 405 3116 Ε’ίς
427 3051 543 3119 τὴν
572 3052 836 3118 σύναξιγ
856 3053 976 3109 τῶν
1004 3058 1303 3127 οὐρανίων
1337 3062 1669 3134 ταγμάτων.

1889 2019 2054 2092 igitur
2069 2019 2328 2076 divinitus
2345 2021 2606 2092 inspirata
2624 2025 2786 2080 verba
2804 2035 2892 2080 tua
2908 2027 3155 2084 excidere
3173 2039 3468 2099 nequeunt,

1889 2109 2074 2176 recipe
2114 2109 2222 2163 mei
2270 2126 2492 2181 quoque
2522 2112 2726 2183 indigni
2771 2113 2960 2170 famuli
2991 2118 3103 2181 tui,
3153 2132 3316 2186 quam
3370 2133 3471 2188 pro

1889 2199 2097 2254 viribus
2130 2201 2265 2268 dixi,
2288 2204 2594 2260 orationem
2632 2223 2644 2259 :
2680 2219 2732 2262 et
2755 2205 2927 2262 Redde
2947 2207 3188 2263 lwtitiam
3214 2210 3470 2264 salutaris

1891 2289 1972 2344 tui
1993 2290 2129 2347 “‘P‘.
2158 2289 2388 2348 Precum
2416 2302 2632 2350 tuarum
2671 2297 2867 2351 robore
2897 2297 3158 2353 conﬁrma
3186 2314 3273 2354 me
3297 2339 3313 2363 ,
3345 2315 3469 2355 cum

1889 2384 2120 2452 praesule
2158 2400 2283 2440 meo
2322 2397 2569 2456 parante,
2605 2397 2658 2443 et
2687 2394 2810 2444 cum
2839 2405 2999 2461 grege
3037 2391 3334 2446 commisso
3363 2409 3376 2444 :
3412 2393 3465 2446 in

1887 2473 2108 2529 Christo
2147 2473 2274 2530 Jesu
2327 2474 2556 2531 Domino
2609 2490 2815 2542 nostro,
2852 2479 2941 2533 cui
2975 2479 3146 2546 gloria
3197 2489 3250 2532 et
3292 2481 3467 2532 honor

1887 2574 2050 2636 atque
2078 2566 2386 2622 dominatio
2424 2583 2546 2623 cum
2574 2571 2733 2624 Patre
2764 2572 3158 2641 omnipotente,
3175 2580 3228 2626 et
3251 2570 3468 2626 viviﬁco

1889 2653 2094 2726 Spiritu
2127 2674 2275 2716 nunc
2319 2668 2377 2715 et
2407 2675 2625 2731 semper
2671 2671 2726 2717 et
2766 2661 2824 2718 in
2867 2664 3069 2720 saecula
3114 2663 3463 2720 saeculorum.

1885 2752 2082 2806 Amen.

2233 3063 2298 3120 In
2329 2974 2890 3124 calestiurzldrdinum
2921 3078 3131 3126 caelum.

1291 3153 1467 3225 (ANG.
1501 3155 1629 3211 MAI.
1670 3155 1927 3211 Biblioth.
1965 3154 2102 3212 Νου.
2125 3164 2168 3213 ι.
2199 3155 2290 3224 IV,
2316 3159 2431 3229 μί.
2459 3156 2478 3229 )

267 3255 342 3315 α’.
371 3257 856 3332 ’Δρχιστρατήγων
883 3265 1032 3337 ἡμᾶς
1051 3269 1257 3341 νοερῶν
1276 3273 1622 3344 περιήχησαν
1651 3275 1779 3329 σάλ-

1952 3277 2004 3331 1.
2043 3275 2396 3332 Summorum
2430 3276 2630 3332 dueum
2670 3274 2997 3345 spiritalium
3032 3290 3138 3332 nos
3178 3274 3324 3332 tubze
3351 3276 3464 3333 cir-

196 3365 430 3420 πιγγες,
475 3353 570 3406 καὶ
600 3352 762 3408 θείων
793 3355 955 3428 ίερῶν
985 3359 1314 3433 λειτουργῶν
1352 3367 1776 3438 περιήστραψαν

197 3440 458 3513 χάριτεςο
502 3441 820 3514 ὐμνολόγων
863 3447 1156 3520 γρηγόρων
1201 3451 1340 3521 πρὸς
1373 3450 1577 3522 ῦμνους
1605 3455 1776 3527 ἐγρη-

203 3533 431 3603 γορέναι
479 3534 840 3607 συνήθροισαν
884 3538 1172 3608 τάγματα,
1220 3542 1316 3598 καὶ
1361 3543 1544 3611 τάξεις
1593 3547 1777 3600 άΰλων

198 3624 407 3688 ὑλικοίς
454 3623 714 3696 σύνυμνοι
756 3627 977 3699 χορείαν
1022 3631 1389 3703 συνέστησαν·
1433 3635 1462 3688 ὁ
1504 3635 1615 3690 τῶν
1661 3638 1775 3692 ἄνω

197 3717 534 3787 χοροστάτης
562 3716 658 3770 καὶ
687 3718 797 3772 τῶν
828 3719 1004 3786 κάτω,
1025 3721 1086 3774 δν
1111 3721 1189 3794 τῷ
1214 3722 1364 3795 αὐτῷ
1391 3725 1530 3797 οίκῳ
1554 3729 1777 3799 ταξιαρ-

197 3811 286 3878 χεῖ
313 3810 555 3880 σήμερον
577 3825 592 3840 θ
623 3809 721 3864 καὶ
747 3811 834 3876 τίς
858 3811 968 3884 γὰρ
993 3808 1148 3878 οὗτος
1168 3857 1185 3882 ,
1212 3817 1240 3869 ὁ
1266 3817 1522 3882 τοσοῦτος
1555 3821 1776 3891 Μιχαὴλ

198 3900 338 3972 πρὸς
395 3901 619 3972 χάριτος
668 3901 806 3956 Θεοῦ
870 3902 1364 3976 λαμπρυνάμενος,
1417 3909 1514 3963 καὶ
1564 3909 1777 3981 βροτοῖς

199 3991 360 4045 θείων
383 3991 704 4063 ὲλλάμψεων
739 3994 968 4067 μεσίτης
1013 3997 1339 4067 γενόμενος;
1367 3999 1523 4071 νόμοι
1552 4001 1651 4071 μὲν
1682 3999 1776 4056 οὖν

199 4085 296 4138 δια)⁸
331 4084 624 4153 θεοπαγεῖς
651 4085 790 4157 ὁμοῦ
821 4089 918 4141 καὶ
943 4088 1278 4154 πανδίκαιοι,
1319 4093 1440 4154 ταῖς
1467 4092 1777 4164 ἀρχιδότοις

198 4177 337 4248 πρὸς
363 4176 562 4248 ἄνδρας
586 4176 960 4250 ιξεφάνθησαν
995 4179 1311 4246 θεοτυπίαις
1337 4181 1504 4254 (10⁸),
1529 4183 1624 4238 καὶ
1665 4183 1772 4254 μὰο

197 4269 361 4324 λιστα
384 4268 670 4334 πλείστους
703 4268 762 4335 ἐξ
791 4272 1096 4343 εὐεργετῶν
1115 4272 1324 4344 δωρεὰς
1345 4268 1772 4344 ’κομιζομένους,

201 4360 278 4432 μὴ
302 4361 628 4430 ἀμνήμονας
662 4361 800 4433 ὁμοῦ
827 4379 888 4416 τε
926 4364 1024 4417 καὶ
1061 4363 1384 4436 ἀγνώμονας
1415 4365 1772 4419 καθίστασθαι

197 4453 337 4523 πρὸς
359 4455 489 4516 τοὺς
517 4453 681 4508 αὑτοῦ
707 4457 1042 4526 προστάτας,
1074 4456 1211 4511 ἀλλά
1247 4456 1355 4528 μὴν
1387 4458 1525 4522 τέως
1555 4460 1620 4530 ἦν
1659 4459 1772 4528 ἔχει

197 4548 308 4610 πᾶς
335 4547 517 4600 πᾶσαν
548 4545 765 4615 φύσεως
805 4547 1037 4619 δύναμιν
1064 4549 1357 4620 κηρύττειν
1381 4551 1481 4613 τὰς
1506 4550 1736 4620 χάριτας
1753 4565 1766 4580 ·

198 4635 503 4704 προστάται
527 4636 708 4690 τοίνυν
732 4636 874 4703 ὀξεῖς
906 4636 1045 4708 ὁμοῦ
1077 4639 1176 4693 καὶ
1206 4640 1400 4711 θερμοὶ
1428 4641 1564 4712 πρὸς
1617 4641 1771 4708 Θεὸν,

199 4725 294 4776 καὶ
336 4725 594 4795 πρέσϐεις
635 4727 847 4799 θνητῶν
875 4727 1063 4782 άοκνοι
1089 4728 1224 4800 ὁμοῦ
1255 4747 1314 4784 τε
1350 4731 1447 4785 καὶ
1476 4731 1772 4799 ἄπαυστοι,

198 4816 251 4868 οἱ
278 4816 344 4869 ἐκ
373 4817 760 4889 φιλανθρώπου
786 4821 1060 4874 Δεσπότου
1090 4821 1348 4886 λασόντες
1370 4823 1431 4878 τὸ
1455 4824 1767 4897 φιλάνθρω-

200 4927 326 4976 πον,
353 4909 724 4984 φιλάνθρωποι
750 4911 996 4984 ἄγγελοι,
1013 4912 1077 4966 τὸ
1105 4915 1510 4987 πρωτόκτιστον
1535 4916 1595 4983 ἐξ
1621 4918 1776 4972 ἀκτί-

199 5021 328 5058 στου
363 5004 544 5073 φωτὸς
593 5005 956 5077 μεταδοτικῶς
1004 5005 1098 5060 τοῦ
1147 5008 1325 5076 φωτὸς
1371 5010 1771 5081 φωτιζόμενον

197 5095 446 5164 ἄγγελοι,
475 5096 504 5148 ὀ
526 5095 740 5166 πρῶτος
768 5097 866 5167 μὲν
897 5099 1003 5170 πρὸ
1028 5098 1125 5152 τοῦ
1151 5099 1360 5170 κόσμου
1402 5103 1776 5175 ὑπερκὸσμιος

199 5188 451 5256 κόσμοις,
482 5187 576 5241 καὶ
606 5187 782 5259 τούτῳ
809 5188 887 5259 τῷ
916 5190 1106 5260 κόσμῳ
1136 5191 1230 5245 τὸν
1275 5193 1650 5266 ὐπερκόσμιον
1679 5196 1770 5249 κό-

204 5292 343 5348 σμον
374 5275 609 5347 Χριστὸν
634 5277 1078 5349 προκηρύξαντες
1098 5297 1112 5311 ·
1144 5282 1366 5351 ἄγγελοι
1397 5285 1446 5339 οί
1480 5285 1771 5355 ἀμεσίτευ-

198 5384 282 5421 τοι
308 5371 532 5439 μεσῖται
581 5369 719 5443 πρὸς
750 5368 884 5425 Θεὸν
909 5371 1016 5425 τῶν
1045 5371 1274 5444 βροτῶν,
1306 5374 1420 5431 θεοὶ
1455 5380 1521 5449 τῇ
1575 5377 1770 5432 θεώσει

200 5461 266 5516 ἑκ
307 5459 467 5526 Θεοῦ,
509 5461 627 5515 ἀλλ’
656 5461 718 5516 οὺ
745 5464 814 5535 τῇ
857 5462 1020 5534 φύσει
1053 5462 1373 5537 λεγόμενον
1407 5468 1630 5539 ἄγγελοι
1668 5470 1770 5541 τῆς

272 5601 353 5633 ⁸⁸*
382 5598 518 5657 Luc.
554 5613 596 5664 ι,
624 5596 716 5654 48.
789 5595 904 5631 ³⁸³⁷⁸⁸
933 5595 1077 5654 Psal.
1102 5613 1155 5665 L,
1184 5598 1274 5654 16.

275 5745 421 5815 (10⁸)
457 5743 515 5800 1η
545 5744 839 5816 appendice
875 5745 1006 5800 tomi
1056 5743 1190 5814 VIII,
1219 5745 1418 5815 p.285,
1441 5744 1676 5815 Operum
1708 5744 1765 5801 S.

205 5816 361 5888 Joan,
410 5816 785 5888 Chrysostomi
853 5817 1071 5888 legitur,
1104 5818 1380 5888 mediocre
1429 5829 1768 5888 excerptum,

210 5887 388 5944 verbis
426 5887 746 5958 plerumque
784 5887 1027 5955 mutatis,
1061 5887 1221 5958 hujus
1260 5888 1531 5946 sermonis
1587 5887 1766 5944 Theo-

1873 3375 2349 3434 cumsonuerunt;
2403 3367 2715 3422 divinorum
2751 3366 2819 3421 ad
2867 3381 3022 3422 sacra
3075 3367 3463 3424 ministrorum

1873 3474 1975 3514 nos
2005 3459 2180 3530 gratia
2231 3458 2598 3515 circumfulsit
2637 3475 2652 3524 ;
2686 3457 2908 3529 vigilum
2964 3459 3184 3530 agmina
3235 3461 3466 3532 hymno-

1873 3548 2120 3604 dicorum
2155 3547 2224 3603 ad
2272 3547 2610 3619 vigilandum
2644 3546 2699 3601 in
2753 3545 2989 3602 canticis
3027 3562 3128 3602 uos
3161 3561 3467 3618 congrega-

1874 3648 2003 3695 runt
2035 3656 2050 3706 ;
2086 3641 2304 3696 ordines
2335 3638 2724 3694 immateriales
2756 3653 2882 3693 cum
2911 3638 3294 3693 materialibus
3331 3653 3465 3694 con-

1874 3734 2122 3789 cinentes
2149 3731 2403 3786 choream
2459 3731 2668 3784 ducunt
2697 3745 2713 3794 ;
2738 3730 3040 3785 caelestium
3069 3728 3211 3784 idem
3257 3743 3320 3784 ac
3352 3737 3465 3784 ter-

1874 3823 2126 3878 restrium
2161 3831 2458 3891 praecentor
2491 3820 2546 3874 in
2567 3820 2756 3875 eadem
2786 3819 2902 3875 aede
2925 3836 3119 3876 omnes
3149 3820 3311 3875 hodie
3343 3835 3460 3873 mo-

1873 3917 2113 3972 deratur.
2150 3913 2282 3981 Quis
2315 3913 2404 3969 hic
2438 3913 2635 3982 porro?
2666 3927 2861 3982 nempe
2898 3920 3083 3968 tantus
3114 3912 3204 3966 ille
3234 3910 3464 3966 Michael

1873 4008 2044 4081 gratia
2081 4005 2174 4060 Dei
2225 4005 2563 4076 splendidus,
2601 4013 2656 4058 et
2704 4004 3023 4059 mortalibus
3083 4002 3250 4057 etiam
3312 4002 3461 4057 divi-

1874 4116 2069 4156 norum
2125 4099 2386 4153 luminum
2421 4099 2597 4154 factus
2629 4096 2974 4152 conciliator.
3008 4093 3177 4165 Leges
3212 4095 3375 4166 igitur
3399 4105 3455 4150 et

1874 4208 1903 4247 a
1937 4192 2050 4248 Deo
2077 4193 2201 4247 lata:
2246 4202 2302 4246 et
2323 4190 2662 4260 iustissimae,
2730 4187 3015 4255 supremis
3040 4187 3182 4255 apud
3212 4185 3466 4240 homines

1875 4282 2158 4354 patefactae
2210 4288 2338 4338 sunt
2390 4277 2837 4341 revelationibus,
2887 4285 2946 4330 ut
2985 4276 3021 4330 ii
3046 4275 3140 4345 qui
3169 4275 3403 4344 plurima
3435 4289 3466 4328 a

1873 4372 2310 4430 benefactoribus
2352 4371 2496 4425 dona
2528 4368 2834 4433 retulerint,
2862 4382 2930 4422 ne
2969 4366 3082 4421 sint
3115 4366 3467 4420 immemores

1874 4468 2036 4524 simul
2066 4476 2120 4522 et
2155 4467 2353 4537 ingrati
2385 4463 2647 4519 adversus
2676 4470 2932 4532 patronos
2964 4474 3114 4522 suos.
3149 4459 3242 4515 sed
3277 4469 3334 4512 ut
3369 4475 3468 4527 pro

1877 4559 1960 4614 sui
1999 4557 2231 4628 quisque
2263 4556 2466 4626 ingenii
2512 4554 2718 4608 viribus
2770 4551 2972 4624 gratias
2999 4559 3183 4620 agant.
3238 4547 3464 4603 Patroni

1878 4650 2040 4722 igitur
2081 4647 2311 4719 prompti
2369 4645 2532 4701 simul
2588 4653 2643 4699 et
2697 4642 2890 4699 fervidi
2953 4642 3096 4711 apud
3153 4639 3326 4695 Deum
3362 4677 3379 4704 ,
3412 4648 3468 4691 et

1878 4739 2041 4812 legati
2137 4738 2447 4792 mortalium
2522 4736 2734 4806 impigri
2803 4741 2858 4790 et
2927 4731 3250 4796 assidui,a
3313 4728 3468 4783 beni-

1877 4846 1984 4901 gno
2062 4829 2292 4884 Domino
2389 4826 2724 4897 benignitate
2820 4821 3138 4886 instructi,
3225 4829 3469 4872 amatore

1876 4923 2155 4978 hominum
2205 4920 2382 4991 angeli
2425 4938 2441 4987 ;
2478 4919 2656 4988 primo
2719 4916 2924 4971 lumine
2981 4913 3052 4968 ab
3108 4912 3354 4968 iucreato
3385 4911 3468 4964 lu-

1879 5015 2024 5069 mine
2081 5012 2386 5084 impertiti;
2435 5010 2655 5082 angeli,
2716 5008 2808 5079 qui
2857 5005 3039 5061 fuistis
3079 5004 3288 5072 primus
3339 5012 3466 5056 ante

1878 5106 2023 5161 hunc
2077 5104 2337 5159 mundum
2389 5103 2626 5158 mundus
2710 5095 3214 5169 supermundialis,
3262 5093 3466 5162 quique

1875 5198 2004 5252 huic
2070 5196 2272 5251 mundo
2332 5191 2832 5265 supermuudialem
2906 5188 3084 5244 adhuc
3149 5189 3458 5245 mundum,

1873 5290 1926 5345 id
1955 5300 2037 5344 est
2066 5289 2376 5354 Christum,
2409 5286 2750 5352 nuntiastis;
2813 5281 2990 5353 angeli
3046 5278 3282 5351 proximi
3318 5273 3462 5343 apud

1871 5381 2037 5437 Deum
2069 5395 2167 5450 pro
2194 5378 2514 5434 mortalibus
2549 5377 2938 5432 intercessores
2962 5412 2978 5436 ,
3005 5371 3081 5426 dii
3135 5369 3207 5423 ob
3234 5367 3433 5436 conjun

1870 5472 2106 5530 etionem
2133 5486 2259 5527 cum
2294 5469 2407 5527 Deo
2442 5485 2551 5526 non
2581 5479 2764 5525 tamen
2792 5465 3016 5537 proprie
3044 5460 3178 5518 dicti
3218 5477 3232 5515 :
3265 5465 3463 5513 natura

1876 5744 2014 5801 dori.
2049 5745 2487 5820 Auctorem__non
2515 5742 2667 5796 novit
2703 5737 3185 5820 Moutfaueonius,
3207 5733 3443 5820 idreqfige

1877 5830 2206 5893 sermonem,
2236 5823 2296 5869 ut
2328 5815 2721 5893 Chrysostomo
2766 5815 3108 5883 suppositum
3169 5817 3454 5876 spurium-

1876 5901 2001 5957 que,
2030 5885 2280 5943 incautus
2313 5885 2661 5951 contempsit.
