4172 6490
649 439 754 507 ’131

1833 433 1895 494 S.
1931 424 2326 491 THEODORI
2379 426 2723 487 STUDIT/E

3809 415 3915 477 732

649 553 852 624 angeli,
901 563 1147 618 supernae
1178 546 1363 602 liberae
1419 543 1658 599 civitatis
1687 541 1842 596 liberi
1872 541 2085 604 inculte,
2118 538 2231 593 imo
2261 584 2263 595 ι

2370 553 2445 588 νω
2473 535 2683 598 πόλεως
2711 536 2811 604 τῆς
2851 531 3143 602 ἐλευθέρας
3173 525 3649 600 ὲλευθεροπολῐται
3669 567 3684 590 ,
3715 526 3750 597 ἢ
3780 544 3843 593 γε
3879 526 3914 596 ἡ

649 619 747 715 qui
793 641 926 697 estis
986 654 1222 709 superna
1288 637 1379 691 illa
1431 636 1600 689 libera
1639 633 2052 703 Hierosolyma,
2109 644 2230 698 quae

2373 644 2447 678 νω
2494 626 2755 696 ἐλευθέρα
2793 623 3173 695 Ἰερουσαλὴμ,
3217 624 3252 692 ἡ
3307 623 3490 692 μήτηρ
3534 619 3755 672 πάντων
3807 619 3919 672 τῶν

656 743 832 790 mater
868 742 953 789 est
1001 732 1357 786 liberatorum
1413 728 1655 782 omnium
1685 742 1715 780 a
1767 725 1986 781 Christo
2015 743 2028 786 ;
2055 721 2231 791 angeli

659 823 936 876 animatus
991 817 1373 873 intellectualis
1401 817 1564 887 ignis.
1600 816 1692 870 Dei
1737 815 1956 870 flamma
1989 812 2232 867 rationa-

655 913 722 967 lis
755 930 770 978 ;
802 911 1033 982 angelis,
1067 910 1253 972 lucidi,
1280 908 1502 970 excelsi,
1536 922 1824 975 acremque
1848 903 2239 959 transcenden-

657 1014 744 1059 tcs
778 1003 968 1058 aterni
996 1012 1233 1063 montes,
1279 1001 1423 1054 unde
1455 1013 1556 1053 nos
1595 998 1731 1052 Deus
1763 997 2033 1051 illuminat
2067 996 2237 1048 mira-

656 1096 830 1148 biliter
853 1111 887 1147 a
914 1094 1176 1146 montibus
1203 1093 1418 1146 teternis
1445 1091 1486 1121 "
1515 1104 1534 1144 :
1565 1087 1742 1158 angeli
1767 1089 2034 1158 ianitores
2063 1085 2238 1155 parati

657 1202 1010 1256 supernarum
1047 1185 1256 1241 sedium
1308 1194 1470 1254 atque
1499 1183 1796 1238 stationum
1831 1197 1844 1232 :
1900 1181 2073 1245 Quam
2109 1178 2244 1231 dile-

659 1290 745 1333 cta
771 1289 891 1333 sunt
921 1277 1258 1331 tabernacula
1295 1287 1385 1329 tua
1408 1316 1423 1339 ,
1460 1275 1680 1328 Domine
1719 1273 1980 1327 virtutum
2007 1272 2028 1324 !
2053 1287 2245 1326 concu-

659 1372 814 1440 piscit
842 1379 892 1424 et
917 1369 1092 1438 deﬁcit
1114 1370 1292 1422 anima
1320 1376 1502 1421 nostra
1527 1367 1595 1418 ad
1621 1367 1765 1418 atria
1791 1375 1906 1428 tua,
1935 1365 2154 1418 Domine
2175 1363 2241 1414 ”.

663 1462 926 1527 Quoniam
954 1461 1125 1513 lumen
1165 1458 1536 1514 exsultationis
1567 1467 1616 1511 et
1640 1457 1828 1510 salutis
1894 1457 1948 1509 in
1986 1455 2246 1525 angelicis

654 1557 922 1623 justorum
965 1551 1321 1606 tabernaculis
1353 1550 1437 1613 ³³;
1463 1559 1512 1603 et
1550 1550 1606 1602 in
1643 1565 1765 1602 voce
1799 1549 2172 1606 exsultationis
2195 1560 2248 1606 et

662 1646 1030 1715 confessionis,
1073 1645 1127 1698 in
1148 1643 1338 1712 jnbilis
1368 1643 1686 1707 feriantinm
1715 1659 1733 1706 ;
1764 1642 1820 1694 in
1858 1643 1972 1696 loco
2000 1643 2248 1697 taberna-

663 1739 769 1793 culi
801 1735 1133 1792 admirabilis
1159 1749 1319 1804 usque
1347 1733 1416 1786 ad
1441 1733 1655 1786 domum
1691 1732 1784 1787 Dei
1822 1735 1890 1800 ⁸⁶;
1919 1735 1974 1788 in
1999 1752 2100 1804 quo
2127 1751 2245 1789 om-

665 1849 751 1885 nes
785 1831 957 1900 angeli
1010 1828 1106 1882 Dei
1143 1837 1376 1896 potentes
1409 1827 1636 1890 virtute,
1675 1826 1931 1895 facientes
1958 1843 2250 1882 sermonem

2338 718 2740 787 συνελευθέρων
2784 715 3023 782 Χριστοῦ
3049 731 3062 745 ο
3115 713 3381 783 ἄγγελοι,
3427 711 3491 764 τὸ
3535 709 3779 782 ἔμψυχον
3826 714 3920 764 καὶ

2338 806 2523 875 νοερὸν
2555 805 2689 875 πῦρ,
2715 807 2747 876 η
2779 805 2974 876 λογικὴ
3002 805 3139 858 Θεοῦ
3171 806 3339 875 φλόξ·
3371 805 3595 874 ἄγγελοι
3626 805 3694 860 τά
3721 806 3920 874 φαεινά

2338 896 2433 950 καὶ
2461 896 2741 967 ὑπέρτερα
2764 897 2858 952 καὶ
2890 897 3144 968 μετέωρα
3169 897 3436 968 ὑπερόρια
3457 897 3553 950 καὶ
3575 897 3772 950 αἰώνια
3794 896 3919 966 ὅρη,

2340 989 2420 1042 Δι’
2453 982 2542 1042 ὧν
2568 987 2800 1058 φωτίζει
2825 987 2982 1058 ἡμᾶς
3020 987 3376 1054 θαυααστῶς
3408 987 3528 1042 ἀπὸ
3563 986 3750 1056 ὁρέων
3782 988 3921 1042 alw-

2341 1083 2522 1136 νίωνο
2550 1081 2776 1151 ἄγγελοι
2810 1082 3110 1153 πρόσκηνοι
3143 1081 3470 1152 ἑτοιμασταὶ
3502 1081 3612 1134 τῶν
3641 1082 3754 1135 ἀνω
3787 1095 3924 1149 σκη-

2343 1172 2451 1226 νῶν
2481 1175 2575 1227 καὶ
2605 1171 2784 1242 μονῶν
2803 1188 2817 1203 ο
2869 1171 2962 1238 Ὠς
2985 1172 3261 1240 ἀγαπητὰ
3286 1172 3357 1224 τὰ
3387 1169 3754 1240 σκηνώματά
3775 1183 3923 1235 σου,

2344 1261 2520 1329 Κύριε
2571 1260 2692 1315 τῶν
2718 1258 3036 1330 δυνάμεων
3058 1260 3198 1326 ίΕις
3232 1259 3272 1314 d
3298 1260 3574 1315 ἐπιποθεῖ
3597 1260 3695 1314 καί
3725 1259 3925 1313 ἐκλειο

2345 1367 2441 1406 πει
2478 1351 2516 1419 ἡ
2552 1352 2725 1421 ψυχὴ
2763 1350 2932 1421 ἡμῶν
2971 1352 3060 1416 είς
3109 1353 3217 1416 τὰς
3265 1348 3460 1416 αὐλάς
3502 1365 3618 1404 σου
3643 1390 3660 1416 ,
3723 1349 3924 1416 Κύριε.

2345 1447 2504 1500 Διότι
2557 1443 2685 1515 φῶς
2729 1443 3148 1514 ἀγαλλιάσεως
3201 1441 3303 1497 καί
3345 1442 3648 1512 σωτηρίας
3692 1441 3764 1495 ἐν
3797 1440 3929 1508 ταῖς

2347 1535 2695 1606 άτγελικαῖς
2737 1534 3000 1604 σκηναῖς
3047 1533 3168 1588 τῶν
3205 1533 3491 1587 δικαίωνο
3517 1532 3617 1588 καί
3647 1531 3718 1585 ἐν
3753 1531 3928 1601 φωνῇ

2349 1627 2766 1699 ἀγαλλιάσεως
2790 1628 2887 1682 καὶ
2911 1625 3411 1697 ἐξομολογήσεως
3431 1665 3446 1691 ,
3491 1626 3564 1679 ἐν
3594 1623 3770 1692 ἤχοις
3798 1623 3930 1691 ἆορ-

2350 1721 2665 1784 ταζόντων,
2711 1720 2781 1774 ἐν
2811 1720 2974 1786 τόπῳ
3006 1716 3247 1786 σκηνῆς
3276 1713 3645 1786 θαυμαστῆς,
3674 1715 3786 1782 ἕως
3824 1715 3932 1770 τοῦ

2353 1815 2525 1870 οἴκου
2563 1811 2670 1867 τοῦ
2701 1811 2852 1866 Θεοῦ
2879 1827 2892 1841 ·
2940 1812 3011 1865 ἐν
3033 1804 3082 1878 ᾧ
3110 1809 3339 1875 πάντες
3361 1809 3604 1878 ἄγγελοι
3637 1807 3811 1873 Θεοῦ,
3837 1808 3936 1861 δυο

664 1923 777 1990 ejus
805 1890 894 1987 "v;
920 1915 1113 1990 in'quo
1139 1890 1264 1974 vitae
1297 1919 1642 1985 simplicitas.
1675 1890 1896 1988 paciﬁca
1937 1927 1992 1976 et
2025 1921 2207 1990 quieta
2239 1938 2254 1987 ;

2368 1905 2531 1960 ratol
2575 1904 2770 1973 ισχύτ,
2807 1902 3124 1967 ποιοῦντες
3160 1901 3268 1956 τὸν
3307 1903 3495 1969 λόγον
3531 1898 3755 1953 αὐτοῦ’
3798 1902 3856 1953 ὲν
3891 1891 3938 1965 ᾧ

676 2018 731 2068 in
775 2032 875 2085 quo
921 2023 999 2068 est
1030 2031 1250 2085 magnus
1273 2021 1322 2068 el
1375 2013 1729 2082 formidabilis
1756 2030 1919 2083 supra
1949 2030 2125 2067 omnes
2167 2013 2258 2084 qui

671 2112 724 2161 in
748 2108 973 2161 circuitu
996 2106 1109 2174 ejus
1149 2117 1271 2159 sunt
1329 2105 1375 2136 ³⁸
1414 2104 1508 2168 ;in
1539 2119 1648 2173 quo
1705 2119 1926 2158 sacrum
1978 2103 2254 2158 silentium

672 2199 1082 2267 triumphalium
1115 2197 1440 2266 hymnorum
1473 2213 1488 2262 ;
1519 2195 1572 2249 in
1607 2209 1716 2266 quo
1756 2193 2104 2248 inell‘abllium
2140 2211 2258 2266 my-

670 2291 832 2346 steria
867 2289 1360 2345 sacratissimarum
1393 2287 1610 2341 laudum
1641 2303 1657 2352 ;
1690 2288 1744 2340 in
1785 2302 1898 2355 quo
1961 2287 2263 2342 invisibiles

675 2377 1031 2432 revelationes
1060 2375 1458 2445 ineloquacium
1512 2384 1566 2429 et
1597 2387 1777 2430 tamen
1815 2376 1926 2430 late
1963 2377 2262 2430 audienda-

671 2484 791 2522 rum
835 2467 1310 2539 ltymnologiarum
1344 2485 1359 2530 ;
1395 2468 1450 2522 in
1487 2483 1595 2538 quo
1636 2466 1727 2521 lux
1779 2468 1898 2522 sine
1931 2483 2155 2538 vespere
2185 2467 2264 2520 vi-

672 2559 836 2630 gilum
863 2559 1050 2614 oculos
1081 2559 1350 2623 illustrat;
1386 2559 1440 2612 iu
1472 2574 1583 2627 quo
1631 2557 1722 2612 Dei
1775 2558 2120 2613 intellectuali
2165 2559 2263 2613 ba-

672 2651 931 2712 bitaculo,
964 2650 1178 2705 illorum
1217 2661 1298 2704 est
1328 2659 1604 2704 astrorum
1647 2650 1901 2704 collectio
1925 2692 1940 2713 ,
1975 2650 2256 2719 angelica-

676 2759 822 2803 rum,
861 2743 1103 2812 inquam.
1161 2743 1444 2805 virtutum,
1493 2742 1652 2796 nobis
1693 2744 1756 2794 ad
1799 2742 2024 2796 meliora
2064 2741 2257 2796 laven-

676 2835 810 2888 tium
853 2843 1023 2888 :suut
1062 2835 1206 2887 enim
1268 2833 1446 2902 angeli
1515 2834 1566 2886 in
1618 2833 1979 2888 ministerium
2034 2835 2100 2888 ad
2159 2848 2261 2888 nos

677 2926 831 2980 missi
859 2941 888 2980 a
913 2926 1043 2990 Deo,
1066 2935 1284 2995 propter
1313 2940 1410 2980 eos
1440 2926 1531 2995 qui
1558 2927 1788 2980 salutem
1832 2934 1961 2980 sunt
1984 2925 2258 2997 adepturi.

749 3100 805 3155 2.
839 3101 1223 3170 Angelicarum
1252 3103 1517 3156 virtutum
1551 3103 2022 3171 incorporearum.
2056 3105 2150 3173 qui
2176 3114 2263 3160 est

683 3194 1008 3248 immortalis
1033 3195 1325 3257 exercitus,
1379 3205 1702 3264 cooperator
1730 3196 1893 3250 simul
1925 3196 2018 3251 Dei
2066 3206 2119 3251 et
2145 3199 2251 3252 mi-

2362 2000 2600 2069 ἁπλότης
2627 1996 2775 2067 ζωῆς
2808 1994 3063 2068 εἳρηναία
3087 1994 3180 2048 καὶ
3205 1993 3566 2056 ἀστασίαστος
3584 2031 3599 2056 ,
3635 1992 3735 2044 Ἐν
3754 1983 3805 2057 ᾧ
3828 1990 3937 2059 μέ-

2363 2109 2475 2163 γας
2489 2090 2585 2145 καὶ
2608 2088 2856 2158 φοϐερός
2877 2088 3048 2141 ἐστιν
3068 2084 3166 2139 ἐπί
3182 2084 3414 2150 πάντας
3434 2083 3577 2148 τοὺς
3600 2083 3940 2152 περικύκλῳ

2363 2183 2551 2239 αὑτοῦ
2580 2200 2593 2213 ·
2628 2184 2686 2235 ὲν
2724 2175 2827 2251 ᾧή
2869 2180 3279 2251 κρυφιόμυστος
3320 2174 3468 2247 σιγὴ⁴
3491 2173 3603 2228 τῶν
3653 2174 3941 2228 ἐπινικίων

2364 2277 2582 2347 ὓμνων
2609 2275 2667 2328 ὲν
2698 2269 2742 2342 ᾧ
2774 2274 2832 2327 al
2866 2271 3172 2344 ἀπόρρητοι
3200 2268 3524 2340 Θεομυστίαι
3555 2266 3665 2320 τῶν
3693 2280 3941 2332 παναγε-

2365 2369 2579 2423 στάτων
2638 2368 2838 2421 αῐνων·
2898 2365 2956 2417 ὲν
3009 2355 3054 2430 ᾧ
3100 2363 3157 2415 αι
3204 2360 3430 2432 ἀόρατοι
3487 2358 3783 2427 θεοφωτίαι
3830 2355 3940 2408 τῶν

2363 2463 2690 2532 ἀφθέγκτων
2749 2459 2844 2513 καὶ
2887 2455 3223 2526 διαπρυσίων
3267 2449 3645 2525 ὐμνολογιῶν·
3697 2450 3756 2502 ἐν
3809 2440 3856 2516 ᾧ
3904 2449 3941 2519 ἡ

2360 2555 2659 2624 ἀνέσπερος
2682 2552 2993 2621 φωτοχυσία
3018 2548 3087 2602 τὰ
3113 2547 3298 2601 άῡπνα
3332 2546 3445 2598 τῶν
3474 2542 3787 2613 ἀσωμάτων
3808 2557 3943 2594 κατ-

2363 2645 2678 2714 αυγάςουσα
2709 2643 2970 2712 ὄμματαο
3003 2642 3061 2694 ὲν
3085 2635 3130 2710 ᾧ
3151 2641 3286 2709 οἴκῳ
3315 2634 3452 2691 Θεοῦ
3485 2633 3685 2706 νοερῷ,
3717 2632 3945 2687 ἐκείνων

2361 2735 2469 2790 τῶν
2522 2733 2772 2802 ἀστέρων
2817 2734 3034 2804 άγυρις,
3099 2726 3438 2800 ἀγγελικῶν,
3472 2724 3636 2794 λέγω,
3658 2723 3949 2795 δυνάμεων

2365 2826 2746 2898 συνεργουσῶν
2775 2828 2910 2897 ἡμῖν
2941 2824 3079 2895 πρὸς
3113 2822 3180 2876 τὰ
3212 2821 3519 2891 κρείττονα,
3541 2818 3627 2871 ἀεὶ
3655 2817 3793 2888 πρὸς
3821 2817 3953 2870 δια-

2363 2920 2552 2972 κονίαν
2579 2918 2719 2988 πρὸς
2745 2918 2894 2988 ἡμᾶς
2917 2915 2980 2967 ὲκ
3011 2911 3148 2966 Θεοῦ
3177 2909 3660 2980 ἀποστελλόμενοι,
3696 2907 3786 2961 διὰ
3816 2906 3948 2968 τοὺς

2366 3010 2664 3084 μέλλοντας
2697 3007 3058 3078 κληρονομεῖν
3087 3002 3386 3073 σωτηρίαν.

2437 3102 2502 3172 β’.
2554 3098 2885 3168 Ἀγγελικῶν
2929 3095 3213 3166 δυνάμεων
3256 3092 3367 3145 τῶν
3401 3089 3730 3161 ἀσωμάτων,
3779 3105 3949 3157 στρα-

2367 3193 2657 3264 τευμάτων
2684 3189 2988 3252 ἀθανάτων,
3017 3187 3074 3240 ὲν
3100 3180 3180 3248 οἷς
3212 3182 3348 3236 Θεοῦ
3378 3181 3646 3251 ὑπουργοὶ
3687 3178 3824 3249 ὁμοῦ
3855 3178 3952 3230 καὶ

683 3284 888 3348 nister,’
911 3285 1139 3339 diversa:
1168 3293 1295 3338 sunt
1344 3285 1632 3350 stationes,
1677 3286 1906 3341 diversa
1943 3288 2263 3356 appellatio-

2374 3256 2679 3354 λειτουργοὶ
2721 3280 2976 3349 διάφορος
3003 3279 3038 3349 η
3078 3275 3286 3340 στάσις,
3315 3273 3559 3341 διάφοροι
3588 3270 3644 3323 αἱ
3675 3285 3953 3341 προσηγοο

683 3391 804 3442 nes,
838 3375 1066 3431 diversae
1099 3377 1412 3446 dignitates,
1445 3393 1551 3431 una
1590 3379 1892 3432 substantia
1926 3393 2048 3446 qua:
2089 3379 2270 3433 varias

688 3469 851 3522 habet
881 3467 1229 3537 Operationes
1265 3485 1279 3520 :
1309 3477 1439 3521 sunt
1491 3469 1541 3520 hi
1592 3468 1814 3523 ordines
1877 3469 2265 3539 hymnologici,

686 3561 949 3615 ccelorum
981 3561 1257 3625 custodes,
1288 3559 1396 3614 Deo
1431 3575 1616 3615 coram
1645 3570 1888 3616 astantes
1914 3580 1927 3617 :
1956 3571 2086 3617 sunt
2112 3562 2268 3618 ordi-

688 3668 786 3707 nes
842 3652 1150 3717 iuteriores,
1199 3665 1253 3708 et
1277 3653 1403 3707 item
1452 3653 1749 3708 exteriores
1804 3654 1897 3724 qui
1928 3664 2094 3724 portze
2145 3656 2270 3710 caali

690 3745 1031 3814 appellantur
1066 3762 1081 3810 ;
1111 3755 1233 3800 sunt
1260 3745 1480 3799 ordines
1511 3743 1844 3813 superiores,
1884 3756 1938 3801 et
1981 3747 2107 3800 item
2134 3745 2272 3800 inl’e-

692 3838 868 3891 riores
895 3876 909 3898 ,
942 3836 1036 3906 qui
1080 3837 1457 3906 superioribus
1489 3837 1779 3905 aliquando
1808 3838 2063 3892 aiebant:
2100 3839 2274 3893 Attol-

693 3929 786 3982 lite
811 3938 1026 3998 portas,
1058 3929 1354 3998 principes,
1392 3928 1650 3982 vestras"
1687 3943 1702 3981 :
1732 3939 1860 3985 sunt
1919 3930 2140 3985 ordines
2177 3931 2272 4000 qui

694 4025 940 4088 mittunt,
986 4032 1116 4077 sunt
1159 4024 1323 4078 etiam
1368 4024 1461 4093 qui
1509 4023 1837 4079 mittuntur:
1874 4035 2004 4081 sunt
2050 4027 2272 4081 ordines

694 4117 787 4184 qui
824 4115 1063 4178 initiant,
1086 4125 1140 4170 et
1170 4115 1296 4170 item
1325 4117 1417 4185 qui
1446 4116 1761 4171 initiantur:
1796 4116 2141 4173 diversorum
2177 4133 2275 4172 au-

697 4208 944 4276 gelorum
970 4206 1170 4261 diversi
1202 4214 1330 4262 sunt
1361 4206 1601 4262 ordines.
1632 4207 1820 4277 Angeli
1849 4222 1943 4276 per
1969 4223 2149 4262 aerem
2178 4223 2274 4261 vo-

699 4299 892 4362 litant,
929 4308 1239 4354 sanctorum
1281 4299 1495 4353 animas
1521 4299 1589 4352 ab
1619 4299 1794 4354 aereis
1826 4298 2109 4367 spiritibus
2143 4313 2272 4368 pro-

701 4399 968 4459 tegentes.
1004 4388 1118 4444 lloe
1152 4389 1469 4459 signiﬁcans
1512 4390 1824 4459 patriarcha
1876 4388 2112 4444 Iacobus
2159 4405 2276 4444 mo-

702 4484 851 4538 riens
879 4483 1094 4537 dicebat
1120 4500 1136 4536 :
1165 4484 1394 4552 Angelus
1427 4483 1517 4552 qui
1561 4483 1702 4536 eruit
1730 4499 1810 4536 me
1829 4485 1892 4537 de
1927 4484 2127 4537 cunctis
2157 4499 2274 4535 ma-

2377 3372 2510 3441 ρίαι,
2543 3370 2790 3440 διάφοροι
2820 3368 2876 3422 αί
2904 3367 3050 3432 ἀξίαι
3079 3407 3095 3432 ,
3126 3364 3225 3436 μία
3269 3364 3304 3433 ἡ
3346 3361 3527 3428 οὐσία,
3576 3360 3954 3430 πολυτρόπους

2376 3465 2572 3536 ἔχουσα
2615 3462 2716 3523 τάς
2751 3459 3016 3530 ἐργασίας
3038 3474 3053 3488 ο
3085 3455 3268 3521 τάξεις
3299 3452 3696 3526 ὑμνολογικαὶ,
3727 3456 3822 3505 καὶ
3859 3452 3955 3505 οὐ-

2380 3555 2557 3626 ρανῶν
2587 3552 2921 3622 ιιτιυλακτικαλ⁷
2939 3590 2954 3616 ,
2983 3549 3078 3602 καὶ
3110 3548 3230 3619 Θεῷ
3273 3548 3493 3619 ἀμέσως
3523 3545 3956 3617 παραστατικαὶ,

2375 3646 2561 3714 τάξεις
2594 3647 2882 3715 ἑσώτεραι,
2914 3642 3096 3709 τάξεις
3135 3639 3418 3712 ὲξώτεραι,
3449 3638 3506 3692 αἶ
3540 3639 3636 3692 καὶ
3663 3636 3832 3690 πύλαι
3854 3635 3952 3688 οὒ-

2383 3738 2562 3810 ρανῶν
2592 3736 3126 3810 προσαγορεύονται·
3154 3731 3341 3796 τάξεις
3373 3729 3738 3800 ὑψηλότεραι,
3773 3723 3960 3788 τάξεις

2379 3831 2685 3902 κατώτεραι
2709 3870 2724 3891 ,
2793 3828 2849 3882 αἱ
2903 3827 3040 3896 πρὸς
3091 3825 3188 3887 τὰς
3236 3824 3516 3893 ἀνωτέρας
3561 3817 3693 3871 ποτε
3733 3817 3958 3884 ελεγονο

2383 3925 2587 3992 Ἄρατε
2603 3922 2822 3985 πύλας.
2842 3921 2897 3973 οι
2920 3919 3228 3985 ἄρχοντες,
3249 3912 3415 3983 ὑμῶν
3435 3927 3450 3942 ο
3477 3911 3663 3978 τάξεις
3693 3909 3964 3963 ἀποστελε-

2379 4019 2588 4077 λουσαι,
2621 4014 2801 4078 τάξεις
2834 4007 3319 4076 ἀποστελλόμεναι,
3353 4004 3538 4070 τάξεις
3570 3997 3965 4071 μυσταγωγοῦ-

2382 4082 2502 4167 σαι,
2543 4103 2727 4167 τάξεις
2776 4095 3341 4170 μυσταγωγούμεναιο
3391 4091 3665 4161 διαφόρων
3709 4088 3964 4157 ἀγγέλων

2379 4197 2628 4267 διάφοροι
2658 4193 2714 4247 αι
2745 4192 2928 4258 τάξεις
2949 4206 2964 4221 ο
2993 4187 3216 4256 ἄγγελοι
3248 4184 3327 4256 τῷ
3348 4185 3470 4255 ἀέρι
3495 4178 3960 4253 ὲφίπτανται,τάς

2380 4290 2558 4361 ψυχάς
2583 4286 2692 4340 τῶν
2716 4284 2890 4353 άγίων
2932 4284 2998 4335 ὲκ
3025 4280 3137 4333 τῶν
3172 4277 3500 4347 πνευμάτων
3522 4273 3617 4328 τοῦ
3643 4271 3804 4343 ἀέρος
3841 4269 3963 4361 δια-

2383 4359 2681 4448 σώζοντες’
2739 4377 2834 4431 καὶ
2873 4373 3032 4428 τοῦτο
3061 4370 3239 4442 δηλῶν
3275 4371 3305 4423 ὀ
3345 4367 3692 4437 πατριάρχης
3741 4359 3961 4424 Ἰακὼϐ,

2383 4491 2519 4546 φησι
2547 4470 2817 4527 τελευτῶν
2835 4483 2850 4500 ⁸
2887 4466 2942 4520 '0
2969 4464 3226 4533 ἅγγελος
3251 4463 3284 4516 ό
3301 4457 3600 4529 ρυόμενός
3621 4469 3699 4524 με
3718 4452 3791 4506 ἐκ
3812 4449 3970 4546 πάνυ

704 4574 858 4628 lis“.
922 4572 1291 4640 Quamobrem
1347 4573 1556 4643 angelis
1606 4574 1880 4629 terrestris
1939 4577 2091 4630 orbis
2144 4589 2263 4630 cura

2520 4564 2639 4618 τῶν
2659 4559 2880 4617 κακῶνο
2905 4558 2985 4611 διὸ
3012 4557 3106 4610 καὶ
3126 4553 3346 4624 ἄγγελοι
3366 4553 3464 4623 τὴν
3486 4546 3742 4651 ἐπιγείου.
3760 4544 3968 4649 κόσμου

703 4665 1000 4719 commissa
1036 4675 1150 4725 est,
1179 4663 1272 4718 Dei
1303 4663 1459 4734 jussu
1488 4673 1850 4733 opportunam
1880 4664 2263 4734 providentian

2381 4658 2648 4726 διοίκησιν
2677 4649 3099 4723 ιμπιστεῦονται
3130 4687 3144 4712 ,
3174 4645 3402 4716 νεύματι
3435 4645 3751 4708 Δεσποτικῷ
3781 4645 3970 4690 ποιου-

707 4756 1104 4825 impendeutes.
1140 4757 1382 4826 Angelus
1418 4756 1714 4826 unicuique
1747 4757 1943 4810 animae
1975 4754 2280 4810 Christiani

709 4849 821 4900 veri
854 4848 1016 4901 datus
1038 4856 1123 4902 est
1143 4863 1173 4901 a
1205 4846 1314 4902 Deo
1341 4848 1406 4902 ad
1428 4848 1656 4903 tutelam
1681 4855 1736 4902 et
1764 4846 2237 4902 conservationem
2263 4860 2278 4898 :

710 4937 794 4992 Ne
816 4941 930 5002 des,
966 4937 1167 5008 inquit,
1203 4939 1257 4991 in
1291 4939 1688 4992 commotionem
1714 4937 1895 5007 pedem
1928 4947 2099 5003 tuum,
2123 4952 2286 5008 neque

708 5033 958 5086 dormitet
1001 5035 1092 5102 qui
1127 5031 1357 5084 custodit
1396 5043 1443 5084 te
1463 5031 1528 5084 ³⁹.
1561 5030 1625 5085 Et
1659 5044 1892 5085 rursus:
1946 5027 2124 5083 Videte
2147 5070 2163 5087 .
2198 5030 2286 5083 in—

709 5125 849 5194 quit,
884 5115 946 5177 ne
979 5139 1129 5193 quem
1156 5138 1220 5177 ea:
1247 5121 1327 5175 his
1361 5120 1592 5174 minimis
1620 5119 1970 5174 contemnatis
1999 5121 2090 5190 qui
2124 5118 2181 5172 ln
2208 5133 2290 5173 me

712 5216 932 5269 credunt
958 5231 978 5267 :
1003 5215 1121 5266 dico
1158 5214 1298 5266 enim
1326 5211 1494 5276 vobis,
1526 5211 1653 5279 quia
1700 5209 1872 5278 angeli
1907 5225 2087 5262 eorum
2115 5209 2291 5263 vident

715 5309 901 5377 (aciem
932 5305 1112 5360 Patris
1141 5307 1241 5358 mei
1266 5305 1356 5374 qui
1389 5305 1440 5357 in
1467 5302 1610 5356 calis
1629 5310 1707 5356 est
1725 5299 1790 5354 “.
1821 5299 2290 5366 Quemadmodum

715 5409 898 5453 autem
933 5397 1165 5469 singulis
1203 5397 1319 5452 suis
1350 5394 1642 5449 animabus
1677 5393 1906 5464 angelus
1932 5408 1961 5446 a
1990 5391 2101 5446 Deo
2131 5395 2298 5447 dona-

716 5503 807 5548 tus
837 5502 961 5558 est,
994 5493 1064 5546 ita
1125 5492 1292 5545 etiam
1343 5487 1646 5557 unicuique
1685 5485 1908 5556 integra:
1947 5486 2089 5541 ﬁdeli
2147 5488 2293 5558 genti

718 5600 864 5641 unus
912 5584 1142 5655 angelus
1169 5597 1201 5637 a
1228 5580 1340 5636 Deo
1373 5579 1628 5651 provisor
1657 5577 1894 5633 traditus
1918 5586 2004 5632 est
2031 5594 2044 5631 :
2078 5577 2294 5634 Consti-

2387 4765 2537 4821 μενοι
2567 4747 2666 4816 τὴν
2705 4743 3022 4815 πρέπουσαν
3050 4738 3308 4808 πρόνοιαν
3329 4750 3344 4766 °
3391 4732 3618 4802 ἄγγελος
3819 4727 3968 4821 ψυχῇ

2385 4819 2710 4912 Χριστιανοῦ
2739 4830 2972 4901 ἀληθοῦς
3004 4829 3444 4900 ὲμπεπίστευται
3476 4823 3582 4877 ὑπὸ
3608 4819 3746 4876 Θεοῦ
3769 4821 3850 4883 εἰς
3877 4819 3974 4912 τη-

2390 4909 2549 5006 ρησιν
2581 4930 2675 4984 καὶ
2703 4925 3021 4997 ἀντίληψινο
3050 4921 3148 4990 Μὴ
3180 4918 3341 4990 δῴης
3366 4917 3499 4988 γὰρ.
3531 4915 3716 4986 φησὶν,
3743 4914 3832 4978 εις
3863 4909 3976 4966 σά·

2390 5005 2506 5084 λον
2541 5023 2648 5079 τὸν
2679 5019 2835 5076 πόδα
2858 5034 2998 5082 σου,
3022 5013 3123 5070 καί
3148 5016 3221 5069 οὐ
3252 5010 3545 5076 νυστάεει
3570 5009 3604 5064 ὁ
3631 5005 3976 5078 φυλάσσων

2394 5135 2491 5176 σε.
2523 5116 2634 5171 Καὶ
2659 5113 2854 5168 πάλιν
2897 5107 3127 5178 Ὁρᾶτε,
3165 5106 3323 5176 φησι,
3347 5103 3434 5173 μὴ
3473 5098 3977 5170 καταφρονήσητε

2396 5210 2536 5276 ἐνὸς
2583 5205 2698 5261 τῶν
2749 5201 3092 5272 ἐλαχίστων
3139 5198 3368 5251 τούτων
3406 5191 3525 5248 τῶν
3563 5189 3979 5246 πιστευόντων

2397 5304 2485 5368 είς
2524 5297 2664 5369 ἐμέο
2706 5295 2863 5364 λέγω
2909 5291 3022 5362 τὰρ
3066 5287 3231 5359 ὑμῖν,
3262 5286 3353 5340 ὅτι
3386 5286 3443 5340 οί
3486 5282 3730 5353 ἄγγελοι
3775 5276 3980 5334 αὐτῶν

2395 5397 2702 5468 βλέπουσι
2737 5392 2804 5446 τὸ
2834 5387 3164 5458 πρόσωπον
3190 5381 3299 5438 τοῦ
3330 5380 3564 5449 Πατρός
3599 5393 3720 5449 μου
3739 5373 3874 5468 ⁸τοῦ
3905 5373 3980 5468 εις

2399 5463 2526 5556 τοῖς
2564 5482 2875 5555 οὺρανοῒςο
2914 5479 3030 5534 ἀλλ’
3071 5475 3282 5544 ἑκάστῃ
3315 5471 3416 5543 μὲν
3448 5471 3594 5542 ψυχῇ
3625 5468 3699 5531 ὡς
3733 5463 3982 5556 θεοσεϐεῖ

2399 5553 2766 5653 άγγ-ελοςήὺπδ
2795 5571 2931 5628 Θεοῦ
2964 5566 3298 5639 δεδώρηται’
3334 5563 3551 5633 ἑκάστῳ
3572 5560 3630 5614 δὲ
3657 5558 3767 5629 ὅλῳ
3801 5553 3981 5624 πιστῷ

796 5799 840 5832 ³⁸
875 5799 1015 5855 Psal.
1046 5813 1205 5860 ωιτν,
1227 5797 1280 5852 5.
1338 5797 1382 5828 ⁸⁸
1412 5795 1554 5852 Psal.
1587 5809 1816 5856 unm,
1853 5795 1908 5855 (Ξ.
1930 5795 1986 5849 3.
2061 5794 2108 5826 ³³
2145 5791 2263 5848 Psal

2368 5786 2622 5860 tvn._l3._
2691 5765 2894 5860 “Psal.
2919 5775 3257 5860 μικρά-,⁸³
3297 5772 3443 5860 Psal.
3477 5784 3577 5860 tm,
3609 5766 3702 5824 20.
3761 5767 3806 5800 ⁸⁸
3825 5764 3976 5822 Psal.

729 5840 1430 5939 cxxxiii-iriuv'Vi’sal.‘
1451 5840 1818 5934 XIII-17"“
1859 5840 1994 5922 Heli.
2032 5840 2385 5930 xcviltzml'ii:w
2415 5840 2646 5913 ‘i’i'Psal.
2679 5871 2806 5923 cxx,
2841 5854 2897 5909 5.
2973 5852 3018 5885 ⁸⁸
3040 5840 3254 5904 Μειιίι.
3289 5859 3444 5908 mu,
3486 5840 3575 5895 10.
