4172 6494
1177 437 1460 501 ORATIO
1499 443 1596 505 VI.
1630 470 1700 481 -
1725 448 1806 508 ΙΝ
1850 451 2178 520 SANCTOS
2215 461 2558 524 ANGELOS

3414 477 3523 543 734

263 532 408 586 ἔθνει
448 530 530 596 εἷς
570 536 799 605 ἄγγελος
821 543 901 608 εἱς
935 547 1190 616 πρόνοιαν
1233 552 1338 606 ὑπὸ
1363 552 1500 608 Θεοῦ
1525 558 1811 627 παραδέδω

1939 569 2040 621 tuit
2095 574 2255 636 enim,
2278 575 2474 644 inquit,
2514 577 2643 646 ﬁnes
2674 579 2906 648 gentium
2932 584 3216 640 secundum
3242 604 3517 645 numerum

261 640 389 717 ται·
426 627 690 695 Ἔστησε
719 631 830 699 γὰρ
857 671 872 697 ,
913 638 1099 706 φησιν,
1147 640 1278 708 ὅρια
1305 641 1498 699 ἐθνῶν
1525 648 1682 701 κατὰ
1713 651 1839 717 ἀρι-

261 715 417 784 θμὸν
452 718 727 789 ἀγγέλων
760 725 911 779 Θεοῦ
940 743 952 754 ⁸
985 728 1051 782 δι’
1093 731 1338 800 ἀγγέλων
1368 736 1669 806 οὐρανίων,
1701 715 1838 796 Θεοῦ

264 807 588 878 μυστηρίων
616 812 707 865 ἐπὶ
736 813 840 883 γῆς
872 819 1162 886 μετάδοσις
1186 837 1200 851 ·
1230 822 1298 876 δι’
1329 826 1599 894 ἀγγέλων,
1630 830 1838 886 ὑδάτων

264 897 358 992 καὶ
408 901 602 992 πηγῶν
641 907 869 976 τήρησις
899 910 1035 980 ὁμοῦ
1068 930 1127 966 τε
1156 916 1249 968 καὶ
1279 916 1455 981 τασις·
1485 918 1552 973 δι’
1588 923 1837 992 ἀγγέλων

261 989 386 1084 τοϊς⁸
410 991 582 1084 ἀξίοις
609 1000 930 1068 πειρασμῶν
957 1001 1227 1074 λύτρωσις
1246 1023 1259 1037 ·
1287 989 1684 1079 Παρεμόαλεῗγ
1701 1015 1834 1084 γὰρ,

260 1080 449 1171 φησὶν,
499 1080 755 1152 ἄγγελος
787 1091 1007 1157 Κυρίου
1043 1095 1248 1162 κύκλῳ
1288 1096 1408 1150 τῶν
1451 1080 1836 1171 φοϐουμένων·

259 1170 472 1268 apter,
502 1175 599 1226 καὶ
616 1176 869 1243 ῥύσεται
894 1184 1115 1249 αὐτούς
1138 1201 1153 1214 ·
1185 1187 1253 1240 δι’
1283 1189 1532 1256 ἀγγέλων
1563 1170 1658 1246 καὶ
1690 1212 1833 1268 μαρ-

256 1259 442 1329 τύρων
490 1263 599 1316 τῶν
645 1267 912 1335 λειψάνων
956 1271 1220 1344 τήρησις·
1265 1279 1481 1347 Κύριος
1524 1259 1830 1350 φυλάσσει

255 1351 456 1405 πάντα
498 1354 571 1408 τὰ
612 1357 762 1412 ὀστᾶ
787 1361 1003 1428 αὐτῶν,
1053 1365 1102 1416 ει
1133 1367 1225 1419 καὶ
1266 1371 1670 1443 μυστικώτερός
1712 1393 1830 1438 πως

254 1441 466 1495 τούτων
498 1444 606 1498 τῶν
637 1447 838 1501 ὀστέων
875 1451 903 1502 ό
933 1452 1124 1521 λόγος·
1155 1456 1225 1510 δι’
1255 1459 1504 1527 ἀγγέλων
1553 1441 1648 1516 διαὶ
1691 1465 1826 1518 Θεοῦ

253 1530 550 1600 τηροῦνται
589 1533 980 1609 θυσιαστήρια,
1026 1544 1124 1597 καὶ
1158 1549 1276 1601 ναοὶ
1308 1550 1418 1602 τῶν
1464 1553 1670 1606 πιστῶν
1715 1556 1829 1609 δια-

249 1897 360 1948 πᾶν
391 1898 592 1968 μικροῦ
621 1900 730 1956 δεῖν
759 1903 853 1956 ἐπὶ
889 1904 996 1975 γῆς
1043 1907 1178 1964 Θεοῦ
1207 1911 1275 1965 δι’
1309 1913 1560 1983 ἀγγέλων
1593 1919 1826 1975 τελεῖται
1859 1902 1900 1961 Β

251 1994 572 2062 μυστήριον.

316 2080 386 2147 γ’.
431 2083 586 2138 Οὕτω
609 2089 740 2142 ποτὲ
768 2092 992 2162 τέταχεν
1018 2095 1047 2147 ὁ
1070 2095 1204 2159 Θεὸς
1234 2097 1492 2167 ἀψευστεὶ
1517 2102 1585 2155 τὰ
1611 2102 1821 2172 Χερου-

247 2169 345 2240 ϐὶμ
378 2173 554 2230 εἰδότα
586 2184 775 2248 τηρεῖν
804 2182 866 2234 τὸ
893 2184 1048 2249 ξύλον
1087 2186 1189 2255 τῆς
1224 2186 1399 2259 ζωῆς.
1432 2193 1546 2254 τοῖς
1577 2169 1818 2257 ἀναξίοις

246 2264 580 2334 ἀπρόσιτον·
616 2271 758 2326 οὕτω
809 2277 1136 2347 σχηματίζει
1183 2279 1262 2349 τῷ
1320 2280 1613 2354 Ἀδραὰμ,
1666 2302 1816 2355 τρισο

246 2356 480 2446 άγγελον
509 2361 656 2433 αύτῷ
686 2365 744 2415 ἐν
777 2365 904 2418 εῐδει
944 2368 1152 2438 ἀνδρῶν
1178 2371 1478 2443 ἐπιστήσας
1506 2376 1687 2446 χορὸν,
1727 2378 1819 2430 τὸν

242 2445 530 2514 τρισάγιον
566 2449 665 2520 τῆς
709 2452 937 2518 Τριάδος
984 2456 1255 2524 μηνύοντα
1299 2458 1532 2531 θεσμόν
1573 2463 1716 2518 οὕτω
1755 2483 1816 2518 τε

241 2534 401 2600 αὖθις
430 2539 522 2593 δύο
547 2543 752 2614 ταύτης
780 2546 877 2615 τῆς
899 2547 1195 2620 ἀγγελικῆς
1223 2552 1452 2623 Τριάδος
1473 2558 1531 2608 ὲν
1553 2557 1817 2629 Γομόροις

240 2631 532 2720 ὲμξρανίζει
560 2635 638 2705 τῷ
665 2638 810 2702 Λὼτ,
849 2639 1062 2702 δεικνὺς
1091 2642 1184 2694 ὲπί
1217 2661 1271 2697 τι
1302 2646 1410 2700 τῶν
1446 2651 1624 2702 ἐκεῖσε
1652 2667 1817 2720 τιμω-

243 2718 376 2788 ριῶν
415 2721 496 2774 ὅτι
544 2724 572 2775 ὁ
618 2724 808 2796 Πατὴρ
836 2729 1014 2795 κρίνει
1045 2731 1257 2800 οὐδένα,
1306 2735 1444 2789 ἀλλὰ
1487 2738 1586 2808 τὴν
1633 2718 1816 2794 πᾶσαν

241 2810 425 2879 κρίσιν
469 2814 667 2868 δέδωκε
691 2816 770 2886 τῷ
800 2817 946 2890 Υἱῷ,
983 2824 1363 2894 συμπαρόντος
1391 2828 1542 2900 αὐτῷ
1585 2832 1680 2884 καὶ
1719 2833 1813 2885 τοῦ

239 2901 400 2967 ἁγίου
446 2905 760 2974 ῐινεύματος
789 2912 1065 2977 φυσικῶς·
1104 2914 1246 2969 οὕτω
1289 2918 1382 2971 καὶ
1420 2919 1616 2997 Ἰακὼβ
1643 2923 1812 2976 ὀπτά-

237 3008 391 3045 νεται
426 2994 729 3066 παλαιστὴς
751 3000 1098 3068 ἄγγελος,εις
1120 3006 1284 3075 νόμου
1313 3008 1486 3064 τύπον
1510 2994 1606 3064 τού
1632 3013 1696 3066 δι’
1721 3015 1816 3082 ἀγ-

236 3083 400 3150 γέλου
416 3085 742 3155 λαληθέντος
764 3107 778 3121 ·
799 3091 943 3148 οὕτω
963 3099 1057 3149 καὶ
1074 3098 1300 3153 Mutum-2i
1326 3101 1406 3172 τῷ
1435 3104 1575 3158 πάνυ
1595 3107 1653 3157 ὲν
1678 3109 1813 3177 πυρ)⁵

237 3179 434 3274 φλογὸς
448 3183 697 3250 ἀγγέλων
709 3187 736 3237 ὁ
754 3187 976 3259 πύρινος
988 3193 1230 3263 ποταμὸς
1244 3197 1554 3265 ὀπτάνεται,
1570 3202 1670 3272 τὴν
1683 3220 1812 3274 ποη-

1941 663 2249 730 angelorum
2285 663 2469 722 Dei“.
2507 669 2608 722 Per
2638 669 2892 725 caelestes
2918 665 3166 742 angelos,
3200 675 3291 731 Dei
3314 689 3518 749 myste-

1938 752 2019 805 ria
2052 754 2172 808 orbi
2221 769 2488 812 terrarum
2520 762 3035 830 communicantur;
3069 780 3166 834 per
3193 769 3417 837 arigelos
3456 769 3515 825 tit

1937 858 2203 914 aquarum
2235 844 2576 920 fontiumque
2610 851 2861 906 custodia
2888 854 3050 908 simul
3077 866 3132 910 et
3154 859 3385 923 medela,
3423 877 3517 930 per

1937 935 2159 1005 angelos
2208 940 2596 994 tentationibus
2647 941 2740 1009 qui
2794 944 2942 1010 digni
2993 956 3120 999 sunt
3173 947 3514 1016 liberantur;

1937 1024 2357 1082 Castrametatur
2391 1031 2552 1094 enim,
2583 1031 2778 1101 inquit,
2813 1034 3028 1103 angelus
3069 1037 3281 1091 Domini
3310 1041 3366 1093 in
3404 1044 3514 1094 cir-

1935 1119 2080 1171 cuitu
2110 1121 2402 1174 timentium
2430 1138 2546 1175 eum
2565 1164 2580 1189 ,
2605 1135 2659 1177 ut
2689 1125 2827 1193 ipso:
2857 1125 3038 1180 liberet
3054 1128 3133 1194 “7.
3167 1144 3264 1198 per
3291 1133 3513 1201 angelos

1937 1221 2237 1281 martyrum
2261 1227 2476 1282 quoque
2507 1214 2752 1283 reliquiae
2781 1217 3172 1272 custodiuntur
3199 1235 3213 1271 :
3253 1219 3510 1276 Dominus

1933 1304 2156 1354 custodit
2203 1306 2382 1357 omnia
2429 1320 2549 1357 ossa
2595 1322 2775 1358 eorum
2793 1307 2859 1372 “,
2916 1324 3227 1376 quanquam
3279 1312 3508 1381 mystica

1932 1394 2115 1461 potius
2170 1393 2269 1447 hoc
2305 1395 2426 1448 loco
2454 1405 2537 1449 est
2572 1397 2779 1450 ossium
2811 1399 3130 1467 appellatio;
3162 1416 3256 1469 per
3283 1405 3510 1472 angelos

1929 1485 2122 1538 altaria
2175 1485 2267 1540 Dei
2317 1487 2724 1551 custodiuntur,
2772 1497 2826 1542 et
2872 1490 3110 1544 tidelium
3153 1496 3350 1562 templa
3385 1512 3503 1550 ser-

1930 1855 2151 1909 modum
2195 1855 2288 1909 Dei
2319 1855 2638 1925 mysterium
2674 1871 2768 1924 per
2811 1856 3039 1925 angelos
3067 1857 3119 1911 in
3150 1867 3293 1912 terra
3337 1860 3500 1933 perli-

1931 1948 2097 2002 citur.

1998 2098 2052 2152 3.
2096 2096 2187 2152 Sic
2223 2099 2354 2152 olim
2387 2115 2510 2154 vere
2539 2100 2685 2157 Deus
2715 2104 3001 2160 constituit
3027 2089 3377 2162 Cherubinos
3404 2107 3501 2177 qui

1928 2189 2050 2243 vita:
2083 2189 2286 2260 lignum
2318 2203 2442 2260 apte
2492 2194 2850 2259 custodirent,
2889 2211 2956 2249 ne
3012 2196 3254 2268 indignis
3293 2200 3394 2254 iter
3431 2200 3500 2253 ad

1928 2279 2059 2333 illud
2094 2289 2319 2348 pateret.
2354 2279 2444 2335 Sic
2473 2283 2788 2338 Abrahamo
2815 2286 3049 2354 speciem
3086 2288 3302 2353 obtulit,
3328 2290 3502 2343 misso

1925 2370 1994 2426 ad
2025 2387 2152 2426 eum
2185 2373 2350 2426 trium
2381 2376 2699 2441 angelorum
2733 2377 2786 2427 in
2823 2376 3061 2431 humana
3097 2377 3270 2432 forma
3306 2382 3498 2445 choro,

1924 2463 2018 2532 qui
2051 2463 2454 2517 sanctissimum
2501 2462 2784 2520 Trinitatis
2826 2468 3154 2536 signiticavit
3188 2471 3494 2527 decretum.

1926 2553 2017 2608 Sic
2045 2569 2236 2609 rursus
2271 2555 2407 2608 duos
2433 2571 2498 2609 ex
2533 2555 2618 2608 illa
2682 2557 2924 2627 angelica
2954 2557 3218 2616 'l‘rinitate
3259 2563 3500 2618 ostendit

1923 2642 2059 2697 Loto
2091 2643 2145 2696 in
2180 2641 2613 2698 Gomorrliorum
2652 2647 2806 2710 urbe,
2841 2663 2934 2717 per
2965 2665 3184 2718 poenam
3233 2651 3305 2706 ibi
3351 2652 3496 2706 inlli-

1923 2744 2066 2788 ctam
2097 2734 2503 2800 demonstrans,
2536 2753 2565 2790 a
2602 2736 2762 2792 Patre
2797 2741 3070 2795 neminem
3104 2742 3368 2809 judicari,
3401 2745 3498 2800 sed

1921 2841 2084 2882 omne
2107 2827 2374 2898 judicium
2397 2828 2536 2883 Filio
2582 2844 2703 2884 esse
2735 2831 3017 2890 traditum.
3053 2843 3245 2888 sancto
3283 2851 3498 2904 quoque

1920 2917 2356 2974 substantialiter
2389 2919 2591 2990 Spiritu
2629 2921 3026 2978 intercedente.
3083 2925 3175 2980 Sic
3199 2929 3365 2980 ctiam
3399 2927 3494 2982 Ja-

1921 3012 2058 3067 cobo
2081 3013 2336 3083 apparuit
2365 3014 2599 3069 luctator
2627 3017 2874 3084 angelus,
2895 3018 2960 3070 ad
2993 3017 3126 3086 legis
3161 3029 3344 3089 typum
3371 3036 3495 3090 quae

1921 3119 2018 3173 per
2048 3105 2299 3175 angelum
2326 3108 2504 3161 edicta
2535 3107 2654 3162 fuit.
2677 3105 2768 3162 Sic
2792 3109 2959 3162 etiam
2993 3110 3162 3182 Moysi
3198 3114 3273 3167 illi
3299 3129 3495 3183 magno

1921 3195 1974 3249 in
2011 3196 2150 3266 ignis
2173 3195 2390 3250 ﬂamma
2422 3197 2745 3268 angelorqu
2777 3200 2970 3269 igneus
2992 3201 3186 3257 ﬂuvius
3217 3204 3368 3258 visus
3387 3214 3491 3270 est,

236 3273 405 3342 φόρον
448 3275 816 3344 πυράρδευτον
835 3257 843 3259 ἡ
863 3257 1189 3352 ἀλυμάντως
1237 3257 1584 3359 περιφλέγων
1624 3257 1808 3362 βάτον,

1919 3286 2210 3342 herbidum
2236 3287 2434 3342 rudum
2453 3288 2574 3357 igne
2588 3288 2879 3358 irriganset
2895 3290 3012 3345 sine
3032 3291 3363 3347 detrimento
3381 3310 3495 3348 am-

237 3365 664 3434 προδιαγράφων
681 3369 815 3424 Θεοῦ
837 3374 894 3425 έν
916 3375 1283 3448 ἀκανθηφόρῳ
1297 3380 1396 3450 τῆς
1413 3382 1686 3452 ἁμαρτίας
1710 3387 1812 3453 φύ-

236 3473 320 3510 σει
363 3456 572 3526 βροτῶν
626 3462 930 3534 ἀσύγχυτον
971 3467 1198 3522 ῑνωσιψ
1241 3471 1384 3526 οὕτω
1427 3474 1496 3527 δι’
1557 3477 1810 3544 ἀγγέλων

232 3547 571 3618 ὠλοθρεύετο
589 3553 709 3607 τότε
738 3556 965 3628 ταχίστῃ
993 3559 1100 3612 τινὶ
1127 3560 1366 3632 ἀψοφητὶ
1390 3568 1535 3635 χειρὶ
1557 3567 1712 3638 ἀξιφὶ
1739 3573 1807 3641 τῇ

232 3642 391 3693 νυκτὶ
423 3644 819 3714 Φαραωνίτιδος
862 3649 1027 3719 γονῆς
1065 3651 1135 3705 τὰ
1170 3654 1363 3724 πρῶτα
1389 3658 1606 3727 νεογνὰ,
1640 3661 1810 3716 ἀϐλα-

199 3730 360 3807 ¹σοῦς
386 3737 722 3806 τηρουμένου
771 3737 866 3792 τοῦ
895 3739 999 3794 τῶν
1061 3743 1332 3814 Ἐϐραίων
1388 3747 1590 3816 φύλου·
1635 3750 1809 3815 οὕτως

231 3825 547 3880 συνεδοῦντο
571 3830 630 3881 ὲν
655 3830 861 3901 σχοίνῃ,
893 3832 1158 3905 ἀγγελικῇ
1208 3839 1275 3907 τῇ
1321 3840 1468 3910 χειρὶ
1536 3840 1806 3912 ἁλινήκτῳ

232 3913 403 3985 βυθίῳ
438 3922 588 3989 πηγῇ
610 3958 624 3981 ,
657 3921 845 3986 ἄξονες
878 3924 988 3985 τοῖς
1013 3923 1168 3990 ἄξοσι
1194 3927 1291 3980 σὺν
1315 3930 1629 3999 τριστάταις
1648 3949 1807 4003 στρα-

230 4010 417 4074 τηγοῖς
451 4024 466 4038 ·
495 4009 616 4060 ὅθεν
643 4010 981 4082 καθορῶντες
1007 4013 1072 4085 δὴ
1104 4017 1152 4069 οἱ
1195 4016 1496 4090 ἀλάστορες
1553 4024 1652 4086 τὰς
1700 4026 1802 4093 ἀγ-

230 4098 454 4164 γελικὰς
507 4100 674 4164 αὑτὰς
708 4105 1177 4173 συμποντιζούσας
1235 4109 1515 4180 δυνάμεις,
1571 4114 1799 4184 ελεγον·

229 4191 511 4259 Φύτωμεν
534 4192 652 4246 ἀπὸ
667 4195 994 4262 προσώπου
1020 4199 1291 4269 Ἰσραὴλ,
1321 4201 1635 4272 ὅτιΚύριος
1650 4206 1804 4274 ὑπὲρ

226 4280 428 4334 αὐτῶν
449 4286 704 4353 πολεμεῖ
734 4287 876 4355 τοὺς
897 4291 1281 4359 Αἰγυπτιους.
1300 4293 1458 4348 Οὕτω
1487 4299 1627 4366 μετὰ
1641 4298 1802 4352 τοῦτο

227 4368 385 4434 αὖθις
413 4373 472 4425 έν
507 4375 685 4445 στύλῳ
741 4381 914 4449 πυρὸς
974 4383 1284 4452 μορφωθεὶς
1337 4385 1572 4455 ἄγγελος
1614 4387 1796 4456 Θεῖος,

225 4463 417 4554 sane;
443 4465 519 4529 ὡς
547 4467 785 4537 Χριστὸς
813 4470 909 4523 τοῦ
933 4471 1087 4540 λαοῦ,
1131 4475 1476 4532 ἀνεδείκνυτο
1523 4479 1794 4554 ἀπλανὴς,

1913 3379 2483 3447 burens,portendens
2512 3380 2719 3434 scilicet
2745 3380 2834 3435 Dei
2855 3397 2980 3436 cum
3012 3383 3230 3452 spinosa
3255 3385 3491 3452 peccatis

1912 3470 2227 3526 mortalium
2259 3481 2452 3525 natura
2477 3471 2825 3528 inconfusant
2851 3473 3260 3529 adunationem.
3283 3474 3371 3529 Sic
3395 3492 3491 3547 pcr

1911 3566 2135 3636 angelos
2160 3565 2445 3620 celerrima
2469 3566 2705 3635 quadam
2741 3567 2860 3620 sine
2892 3567 3071 3636 gladio
3094 3569 3491 3633 manu,silente

1910 3665 2089 3721 nocte,
2115 3654 2516 3712 Pbaraonitica:
2560 3657 2822 3727 geniturae
2835 3657 2994 3727 primi
3014 3659 3220 3713 surculi
3239 3675 3491 3729 pessum-

1908 3747 2019 3802 dati
2045 3745 2287 3813 fuerunt,
2325 3747 2588 3801 incolumi
2610 3745 2966 3801 Hebraeorum
3000 3747 3292 3815 p0pulo.Si
3327 3764 3490 3817 ange-

1907 3840 2008 3894 lica
2041 3855 2229 3906 manu,
2260 3838 2391 3893 fune
2420 3840 2607 3901 veluti,
2642 3839 2845 3909 alligati
2882 3838 3123 3902 fuerunt,
3150 3849 3400 3894 natantes
3431 3841 3486 3894 in

1906 3931 2180 4002 profundo
2209 3941 2425 4002 stagno,
2459 3947 2590 3986 axes
2622 3930 2823 3985 axibus
2849 3972 2865 3996 ,
2889 3947 3015 3986 cum
3047 3931 3278 3985 ducibus
3303 3945 3366 3985 ac
3393 3932 3488 3984 tri-

1906 4026 2088 4081 bunis.
2120 4024 2486 4092 Quamobrem
2516 4022 2594 4077 illi
2625 4023 2994 4079 exsecrabiles
3041 4022 3174 4078 visis
3222 4023 3487 4094 angelicis

1903 4134 2026 4191 quae
2068 4116 2491 4188 submergebant
2514 4117 2825 4181 virtutibus,
2877 4117 3169 4171 dixerunt:
3202 4115 3486 4185 Fugiamus

1904 4227 1938 4264 a
1960 4218 2237 4276 conspectu
2261 4206 2481 4261 lsraelis
2500 4246 2516 4273 ,
2556 4208 2683 4275 quia
2716 4205 2975 4258 Dominus
3003 4221 3099 4274 pro
3133 4205 3246 4274 ipso
3286 4212 3486 4274 pugnat

1903 4316 2092 4356 contra
2117 4299 2404 4370 :Egyptios
2443 4299 2513 4354 “.
2563 4298 2654 4353 Sic
2682 4297 2880 4352 deinde
2925 4314 3120 4352 rursus
3170 4298 3271 4353 sub
3318 4299 3487 4368 igneae

1900 4393 2170 4448 columna
2202 4392 2385 4461 specie
2435 4390 2662 4460 angelus
2710 4389 2826 4456 Dei,
2878 4391 2988 4444 dux
3026 4391 3249 4444 minime
3291 4388 3486 4445 devius

1901 4488 2070 4542 veluti
2095 4484 2350 4540 Christus
2379 4483 2586 4553 populi,
2609 4483 2895 4552 apparuit;
2925 4483 3088 4552 cujus
3111 4482 3338 4552 pulcher
3363 4483 3485 4537 vul-

225 4548 288 4607 οὒ
314 4557 391 4646 τὸΔ
414 4557 606 4622 κάλλος
636 4559 731 4614 τοῦ
763 4563 1055 4632 προσώπου
1118 4569 1347 4641 νεφέλης
1405 4548 1803 4646 περιϐαλλόμε-

1914 4588 1995 4633 tus
2027 4577 2237 4632 nebula:
2276 4548 2808 4640 forma-obvolutus,
2863 4548 3129 4629 stationes
3177 4589 3483 4644 pausasque

225 4664 315 4711 νος
344 4641 502 4716 εἶδος,
539 4654 639 4714 τὰς
683 4654 941 4720 ἐπαύθλεις
999 4658 1096 4711 καὶ
1136 4641 1513 4729 καταπαύσεις
1561 4667 1639 4738 τῷ
1688 4641 1803 4740 λαῷ

222 4739 634 4796 διακελεύεται·
669 4742 813 4799 οὕτω
837 4749 1173 4818 προσιόντων
1207 4754 1347 4824 πρὸς
1380 4755 1442 4809 τὸ
1471 4758 1569 4828 τῆς
1635 4739 1800 4831 vapo-

223 4829 411 4922 θεσίας
441 4831 566 4904 δρος
603 4834 715 4888 τῶν
739 4839 1236 4911 νομοθετουμένων,
1271 4846 1361 4901 διὰ
1395 4848 1658 4904 πλειόνων
1696 4829 1800 4922 ἆγ-

220 4920 397 4990 γέλων
416 4923 514 4987 τὰς
535 4925 828 4993 θεοτύπους
840 4931 1083 5003 ἐδέχοντο
1102 4935 1336 5004 πλάκας,
1363 4939 1472 4993 τῶν
1496 4941 1594 5011 μὲν
1604 4920 1799 5013 ἠχούν·

218 5029 330 5066 των
364 5013 676 5085 σάλπιγγας
707 5020 845 5091 ἡχῳ,
880 5023 988 5077 τῶν
1017 5024 1076 5078 δὲ
1099 5025 1159 5079 τὸ
1207 5027 1333 5099 δρος
1381 5034 1797 5105 πυριμορφούν-

217 5121 350 5196 των,
379 5107 474 5161 καὶ
493 5107 669 5162 ἄλλων
700 5113 759 5164 ὲν
789 5113 975 5185 γνόφῳ
990 5115 1085 5170 καὶ
1106 5117 1254 5190 ζόφῳ
1283 5121 1377 5174 καὶ
1408 5122 1602 5196 θυέλλῃ
1631 5127 1793 5196 τοῦτο

217 5195 683 5264 διακαπνιζόντων
711 5205 849 5274 πρὸς
877 5207 939 5260 τὸ
963 5207 1205 5279 ἔμφοσον
1257 5195 1603 5283 καταστῆσαι
1635 5217 1787 5284 λαὸν,

216 5286 358 5340 Θεοῦ
383 5289 618 5358 ἀφοϐίαν
647 5294 937 5350 νοσοῦντα·
969 5295 1126 5364 αὖθις
1146 5307 1216 5356 ’τι
1244 5303 1410 5358 πάλιν
1441 5305 1509 5358 δι’
1556 5308 1791 5376 ἀγγέλου

229 5379 436 5472 Ἰησοῦς
471 5382 500 5434 ὁ
530 5383 624 5437 τοῦ
653 5385 812 5457 Ναυῆ
834 5387 933 5458 τὴν
968 5392 1111 5444 κατὰ
1138 5392 1247 5448 τῶν
1295 5395 1588 5466 ὁμοφύλων
1626 5400 1792 5472 εὐηγ-

213 5471 458 5539 γελίζετο
488 5476 645 5547 νίκην
665 5493 680 5508 ·
699 5479 792 5532 καὶ
815 5482 963 5544 ὅπως
992 5482 1243 5550 πλείονας
1259 5487 1523 5556 ἀγγέλους
1553 5490 1630 5562 τῷ
1656 5471 1795 5564 ἀρχ-

213 5564 434 5635 αγγέλῳ
466 5568 794 5640 συνάψωμεν
842 5572 1128 5644 (πείθομαι
1162 5576 1272 5648 γὰρ
1321 5578 1401 5650 τῷ
1434 5580 1645 5636 ἑαυτῶν
1690 5584 1792 5653 ἀρ-

209 5659 567 5729 χιστρατήγῳ
590 5662 679 5715 ἀεὶ
707 5665 1239 5738 συνευφραίνεσθαι),
1266 5670 1498 5739 ἄγγελος
1521 5672 1620 5742 μέν
1654 5689 1788 5726 ποτε

1904 4671 2078 4725 eidem
2103 4669 2298 4738 populo
2324 4651 2665 4736 designabat.
2701 4667 2775 4721 Ita
2817 4667 3138 4722 accedentes
3159 4667 3225 4721 ad
3257 4667 3481 4735 legisla-

1905 4761 2070 4816 tionis
2103 4772 2344 4814 montem
2373 4759 2431 4825 ii,
2461 4759 2662 4828 quibus
2687 4759 2770 4812 lex
2796 4758 2972 4812 danda
3003 4769 3140 4823 erat,
3173 4773 3269 4828 per
3298 4758 3481 4829 plures

1903 4853 2126 4924 angelos
2152 4867 2184 4907 a
2214 4853 2324 4906 Deo
2346 4852 2579 4921 scriptas
2613 4861 2938 4922 receperunt
2970 4851 3206 4915 tabulas,
3243 4865 3478 4921 quorum

1901 4947 1995 5001 alii
2032 4946 2178 5000 tubis
2217 4943 2624 5013 personabant,
2667 4943 2759 4996 alii
2811 4951 3050 4996 montem
3095 4943 3247 5011 ignea
3300 4940 3480 5011 specie

1899 5037 2227 5099 vestiebant,
2274 5035 2366 5088 alii
2395 5035 2730 5091 obscuritate
2761 5033 3001 5090 tenebris
3039 5044 3202 5103 atque
3240 5031 3475 5103 procella

1893 5133 2194 5183 fumantem
2221 5125 2375 5179 illum
2408 5125 2726 5189 reddebant,
2757 5133 2816 5178 ut
2853 5124 3338 5194 perterrefacerent
3379 5136 3478 5191 po-

1892 5220 2104 5290 pulum,
2137 5217 2225 5272 cui
2254 5217 2452 5273 insitus
2480 5226 2597 5271 erat
2634 5216 2860 5271 morbus
2888 5215 3058 5269 Deum
3085 5230 3192 5268 non
3223 5213 3471 5267 timendi.

1893 5312 2090 5368 Postea
2119 5324 2251 5364 vero
2301 5323 2398 5380 per
2445 5308 2698 5389 angelum
2727 5307 2885 5363 Jesus
2911 5321 3131 5377 quoque
3157 5306 3287 5360 Navi
3329 5304 3476 5362 titius

1895 5400 2179 5460 victoriam
2221 5402 2286 5455 de
2339 5399 2693 5469 popularibus
2735 5399 2852 5454 suis
2904 5398 3127 5453 relatam
3178 5396 3469 5452 nuntiavit.

1892 5493 2070 5563 Atque
2125 5500 2184 5546 ut
2242 5492 2427 5562 plures
2475 5492 2696 5562 angelos
2752 5490 3080 5562 archangelo
3125 5488 3469 5559 copulemus,

1892 5587 2055 5640 credo
2076 5585 2221 5639 enim
2245 5600 2341 5640 eos
2363 5600 2488 5638 cum
2522 5599 2622 5639 suo
2647 5599 2859 5654 semper
2883 5585 3020 5638 duce
3048 5582 3102 5637 in
3127 5581 3324 5653 gaudio
3346 5595 3468 5634 ver-

1896 5676 2029 5741 sari,
2066 5675 2291 5744 angelus
2318 5677 2447 5732 olim
2476 5674 2870 5745 Hierosolymis
2903 5673 3157 5732 lsraelem
3187 5673 3463 5738 vastabat,

281 5839 321 5871 δ’
369 5840 388 5892 l
422 5838 557 5912 Reg.
600 5856 656 5907 ιι,
680 5842 734 5898 8.
811 5843 856 5876 δ’
892 5843 1036 5900 Psal.
1071 5861 1263 5913 χχχιιι,
1294 5848 1346 5902 8.
1416 5849 1472 5881 -⁸³
1511 5850 1643 5906 ibid.
1673 5852 1764 5906 2L

1917 5851 2090 5909 Exod.
2117 5866 2228 5918 χιν,
2255 5851 2344 5909 25.
