4172 6492
622 433 728 497 735

1805 438 1865 498 8.
1903 432 2296 497 THEODORI
2337 433 2686 494 ΞΤῸΒΙΤίΕ

3771 431 3869 494 736

626 569 798 624 donec
827 581 1056 638 magnus
1072 568 1242 624 David
1267 569 1434 626 boves
1463 570 1519 625 in
1543 585 1667 626 area
1700 569 1881 626 Sionis
1911 570 2201 626 immolans

2322 565 2362 602 ιν
2407 545 2759 618 Ἰερουσαλὴμ
2792 545 2886 599 τὸν
2931 544 3142 616 Ἰσραὴλ
3165 543 3540 614 διωλόθρευεν,
3588 543 3694 608 ἕως
3755 546 3870 598 ἇνό

627 675 753 715 cum
785 659 916 729 ipsis
950 662 1338 717 triturantibus
1376 663 1633 719 curribus
1662 678 1757 719 eos
1806 663 2001 718 obtulit
2047 662 2204 717 holo-

627 759 901 806 caustum.
941 752 1120 821 Atque
1155 752 1225 806 ita
1260 753 1442 823 populi
1486 755 1698 824 plagam
1731 753 1988 808 inhibuit.
2021 754 2202 820 Quam

629 840 760 895 hinc
790 840 950 895 nobis
974 842 1359 912 cogitationem
1386 843 1661 912 injiciens,
1693 845 1776 898 vel
1808 859 1973 914 quam
2012 845 2204 898 admo-

630 932 895 986 nitionem
921 933 945 986 2
985 929 1189 1002 Nempe
1211 934 1356 1000 quod
1389 934 1566 988 solum
1591 951 1687 1004 per
1709 935 1890 990 crucis
1923 936 2068 1004 ligna
2106 934 2208 990 ob-

631 1026 800 1079 latum
832 1026 1036 1081 Christi
1067 1027 1422 1092 sacriﬁcium,
1458 1028 1550 1083 Dei
1583 1029 1718 1083 iram
1746 1029 2006 1085 adversus
2046 1046 2206 1083 mun-

631 1121 758 1171 dum
783 1118 1010 1174 sedavit.
1047 1118 1165 1176 Illic
1191 1121 1336 1175 enim
1383 1136 1512 1176 vere
1549 1137 1781 1192 magnus
1832 1121 1924 1177 Dei
1974 1120 2206 1178 Phinees

633 1208 886 1280 (zelator)
919 1213 1188 1280 constitit,
1212 1211 1464 1284 factaque
1491 1229 1588 1284 pro
1613 1213 1772 1270 nobis
1796 1215 2204 1286 prepitiatione,

631 1301 818 1358 clades
845 1304 1104 1358 cessavit.

702 1462 759 1518 6.
788 1461 926 1518 Illud
949 1478 1167 1534 quoque
1188 1465 1622 1522 animadvertere
1670 1481 1886 1536 equum
1914 1476 2020 1533 est,
2070 1483 2237 1548 quo-.

635 1555 781 1608 niam
827 1557 943 1624 ipse
974 1571 1264 1626 supremus
1293 1557 1405 1612 dux
1459 1559 1626 1613 trahit
1664 1574 1764 1615 nos
1792 1560 1860 1615 ad
1899 1562 2207 1616 orationem

635 1643 704 1697 de
766 1644 974 1714 angelis
1047 1646 1512 1714 prosequendam;
1598 1663 1830 1703 curnam
1891 1665 2015 1704 cum
2099 1654 2211 1706 sint

639 1734 802 1788 unius
853 1748 1046 1790 omnes
1111 1736 1451 1804 substantia,
1504 1753 1613 1794 non
1676 1755 1842 1794 unam
1902 1756 2078 1812 neque
2131 1743 2209 1797 si-

638 1825 820 1879 milem
898 1824 1126 1896 ﬁguram
1208 1838 1599 1899 aspectumque
1666 1831 1721 1886 in
1778 1841 1974 1887 terram
2044 1833 2211 1886 adve-

2309 635 2482 705 μέγας
2505 634 2671 688 Δαὸὶδ
2697 635 2822 698 τοὺς
2849 635 2908 687 tv
2933 636 3000 704 τῇ
3034 633 3148 702 ἆλῳ
3188 634 3289 703 τῆς
3341 633 3485 686 Σιὼν
3537 633 3872 704 θεοθυτήσας

2307 727 2457 798 βόας,
2489 730 2547 780 tv
2568 729 2683 791 τοῖς
2721 726 3064 796 άλωηφόροις
3099 726 3322 788 τούτους
3379 725 3742 787 όλοκαύτωσε,
3776 725 3874 778 καὶ

2302 818 2447 873 οῦτω
2495 819 2598 891 τὴν
2651 819 2746 872 τοῦ
2799 817 2929 872 λαοῦ
2983 817 3198 890 πληγὴν
3262 816 3498 870 ἔπαυσεν
3532 833 3547 848 ο
3581 817 3670 869 ἴνα
3698 815 3752 870 τί
3769 816 3873 868 πά-

2305 909 2508 980 θωμεν,
2541 910 2636 963 καὶ
2694 910 2751 962 τί
2779 908 3162 980 παιδευθῶμεν
3186 926 3201 974 ;
3227 910 3308 963 δτι
3333 909 3516 979 μόνηή
3546 909 3633 961 διὰ
3650 909 3758 961 τῶν
3781 908 3872 972 ξό-

2307 1004 2412 1058 λων
2444 1003 2539 1056 τοῦ
2574 1003 2809 1074 σταυροῦ
2841 1003 3269 1074 προσενεχθεῖσα
3301 1000 3539 1072 Χριστοῦ
3567 1001 3731 1054 θυσία
3772 1002 3872 1070 τὴν

2307 1095 2401 1147 τοῦ
2431 1094 2569 1148 Θεοῦ
2597 1093 2832 1162 ἀπειλὴν
2859 1094 2960 1164 τῆς
2985 1092 3316 1162 οἰκουμένης
3348 1091 3696 1144 κατέπαυσεν
3721 1105 3736 1120 ο
3759 1091 3874 1142 ἐκεῖ

2307 1185 2436 1256 γὰρ,
2470 1186 2547 1250 ὠς
2569 1185 2786 1256 άληθῶς
2807 1187 2837 1239 6
2862 1185 3038 1255 μέγας
3061 1183 3198 1237 Θεοῦ
3238 1182 3426 1245 Φινεὲς
3452 1182 3607 1250 ἔστη.
3638 1181 3736 1234 καὶ
3785 1179 3874 1246 εξ-

2310 1274 2528 1328 ιλάσατο
2551 1275 2692 1345 ὑπὲρ
2720 1273 2898 1345 ἡμῶν,
2919 1273 3014 1326 καὶ
3041 1273 3316 1326 ἐκόπασεν
3341 1271 3376 1341 ἡ
3407 1268 3656 1341 θραῦσις.

2377 1449 2442 1504 δ’.
2466 1448 2748 1518 Σκοπῆσαι
2780 1449 2838 1503 δὲ
2867 1447 3029 1519 θέμις
3047 1449 3290 1513 κάκεῖνο,
3312 1444 3408 1501 τοῦ
3433 1446 3874 1518 ἀρχιστρατήγου

2310 1541 2458 1612 ἡμᾶς
2483 1538 2952 1610 χειραγωγοῦντος
2989 1539 3084 1590 ἐπὶ
3108 1537 3206 1592 τοῦ
3255 1537 3364 1592 τῶν
3394 1537 3644 1605 ἀγγέλων
3676 1536 3836 1604 λόγου
3857 1553 3872 1568 ο

2311 1633 2429 1695 πῶς
2453 1626 2547 1685 οῦν
2586 1633 2716 1701 μιᾶς
2743 1630 2933 1692 οὐσίας
2966 1629 3120 1693 ὄντες
3145 1629 3208 1683 o6
3241 1629 3372 1698 μίαν
3403 1627 3525 1681 οὐδὲ
3556 1628 3754 1698 ὁμοίαν
3776 1628 3875 1698 τὴν

2314 1725 2526 1796 μορφὴν
2550 1724 2646 1777 καὶ
2675 1722 2774 1794 τὴν
2797 1722 3062 1776 ὀπτασίαν
3089 1722 3184 1774 επὶ
3208 1721 3311 1791 γῆς
3340 1720 3732 1792 ἐπιδημοῦντες
3755 1723 3876 1774 ἑπι-

2311 1815 2614 1869 δείκνυνται
2649 1813 2996 1885 ἀνθρώποις;
3049 1813 3185 1867 ἀλλὰ
3246 1813 3378 1866 ποτὶ
3428 1814 3528 1883 μὶν
3573 1811 3875 1864 νεανίσκων

639 1917 847 1973 nientes
881 1895 1190 1982 ostendant
1257 1895 1730 1978 Ιιοιηίηἰὺιιεῖεοᾶ
1799 1926 1961 1978 modo
2027 1925 2210 1978 adole-

2322 1907 2529 1978 μορφὴν
2556 1907 2978 1973 ἐπιδείκνυνται,
3014 1906 3146 1958 ποτὶ
3172 1905 3230 1958 δὲ
3259 1905 3632 1974 στρατιωτῶν,
3662 1903 3758 1954 καὶ
3779 1901 3873 1954 άλ-

641 2011 1012 2064 sccntulorum
1045 2012 1280 2081 speciem
1315 2028 1425 2082 prae
1463 2029 1522 2068 se
1551 2012 1747 2079 lerant,
1769 2015 1930 2070 modo
1954 2016 2209 2080 militum,

642 2100 934 2170 aliquando
961 2102 1125 2157 etiam
1151 2103 1419 2172 equitum.
1449 2105 1582 2160 item
1623 2106 1944 2160 animalium
1986 2121 2080 2160 sex
2111 2107 2212 2161 alis

641 2199 694 2244 et
718 2193 902 2247 multis
958 2193 1132 2248 oculis
1178 2194 1595 2261 instructorum,
1672 2197 1896 2265 insuper
1963 2197 2212 2265 leonum,

644 2281 831 2346 boum,
859 2284 1189 2353 aquilarum,
1231 2284 1501 2340 interdum
1546 2287 1708 2341 etiam
1734 2303 1996 2356 equorum
2025 2289 2209 2360 igneo-

644 2386 808 2434 rum,
865 2387 1074 2427 necnon
1135 2383 1377 2429 rotarum
1428 2386 1481 2430 et
1549 2392 1807 2434 curruum
1840 2376 2046 2434 ?Divus
2083 2395 2213 2451 ergo

645 2458 813 2516 Isaias
843 2477 965 2516 cum
991 2463 1230 2518 divinam
1256 2464 1403 2519 illam
1430 2466 1675 2537 adeoque
1708 2469 2046 2523 tremendam
2080 2471 2216 2525 vidit

645 2550 983 2606 Dominicam
1015 2554 1316 2610 sessionem
1363 2557 1417 2611 in
1478 2557 1699 2612 sublimi
1731 2558 1952 2613 throno.
2001 2562 2054 2613 ln
2103 2575 2214 2629 quo

647 2646 730 2712 (ut
769 2642 884 2712 ipse
920 2643 1160 2715 videbat)
1197 2647 1436 2702 universi
1461 2649 1648 2703 mundi
1689 2649 1830 2704 Deus
1880 2650 2215 2714 considebat.

646 2735 887 2790 astitisse
911 2735 1048 2791 dixit
1073 2736 1146 2790 illi
1179 2737 1233 2790 in
1281 2736 1453 2792 forma
1489 2753 1582 2793 sex
1620 2741 1721 2793 alis
1769 2741 2056 2804 instructa,
2109 2742 2218 2796 cel-

646 2826 895 2881 sissimas
921 2827 1289 2897 angelicorum
1319 2828 1482 2884 simul
1525 2837 1579 2883 et
1614 2830 2033 2884 cherubicorum
2064 2832 2215 2885 ordi-

647 2933 778 2971 num
813 2926 1148 2988 potestates;
1189 2927 1244 2973 et
1271 2918 1487 2974 duabus
1512 2919 1732 2990 quidem
1763 2921 1864 2975 alis
1894 2921 2059 2976 facies
2087 2937 2216 2978 suas

648 3009 879 3071 velasse,
915 3010 1036 3066 aliis
1066 3027 1194 3067 vero
1245 3012 1460 3068 duabus
1529 3013 1695 3084 pedes
1747 3029 1879 3068 suos
1931 3015 2217 3083 operuisse

651 3097 890 3170 [duabus
905 3099 1140 3171 denique
1179 3103 1399 3173 reliquis
1437 3105 1653 3160 volasse
1679 3103 1772 3176 ".]
1805 3102 1925 3159 Jam
1957 3105 2089 3160 dum
2124 3122 2218 3160 su-

647 3204 846 3259 pernas
872 3200 1035 3258 atque
1055 3191 1337 3247 inferiores
1353 3203 1536 3262 partes
1553 3195 2026 3264 circumtegerent,
2049 3194 2218 3262 signi-
2244 3228 2288 3288 α

649 3280 884 3336 ﬁcabant
920 3281 1189 3348 videlicet,
1230 3283 1331 3337 hac
1361 3284 1543 3338 oblata
1595 3285 1796 3353 specie,
1845 3295 1958 3339 tum
2003 3286 2218 3355 superis

650 3370 706 3426 iu
735 3373 894 3438 caelo,
951 3382 1063 3427 tum
1098 3373 1286 3430 inferis
1317 3375 1370 3429 in
1398 3383 1540 3429 terra
1578 3375 1852 3430 invisibile
1880 3391 2020 3441 esse,
2062 3392 2219 3432 arca-

649 3478 805 3528 num,
851 3473 907 3517 et
942 3465 1214 3520 obtectum
1259 3465 1562 3521 divinitatis
1613 3467 1951 3538 mysterium.
2001 3467 2096 3522 Vel
2149 3469 2220 3523 ob

651 3554 704 3610 id
736 3555 971 3611 fortasse
1001 3567 1290 3626 utramque
1337 3559 1737 3613 extremitatem
1789 3559 2062 3630 tegebant,
2091 3560 2220 3630 quia

651 3659 742 3700 res
768 3654 894 3700 ante
925 3643 1019 3701 Dei
1075 3644 1236 3701 Verbi
1269 3647 1579 3718 Christique
1620 3651 1687 3704 de
1727 3650 1867 3704 caelo
1925 3652 2220 3704 adventum

653 3735 1230 3804 lncomprehensibiles
1256 3751 1402 3801 sunt,
1433 3738 1670 3810 itemque
1703 3739 1806 3795 illa»
1831 3749 1952 3809 post
1974 3740 2219 3810 ejusdem

654 3827 1106 3895 assumptionem.
1153 3831 1403 3885 Attamen
1441 3831 1632 3885 mediis
1655 3831 1783 3894 illis,
1810 3847 1933 3898 qua:
1962 3833 2219 3887 incarna-

653 3917 822 3974 tionis
848 3928 1089 3990 tempore
1118 3933 1446 3988 evenerunt,
1483 3922 1710 3977 credens
1749 3921 1988 3978 Ecclesia
2021 3923 2077 3978 in
2111 3937 2224 3978 cce-

655 4010 767 4087 llum
804 4021 1062 4081 tanquam
1087 4012 1187 4067 alis
1216 4013 1488 4068 convolat.
1532 4012 1786 4069 Fortasse
1839 4015 1966 4068 item
1998 4029 2093 4083 per
2120 4015 2225 4069 hoc

656 4101 866 4155 vultum
920 4102 1225 4172 pedumque
1300 4103 1687 4171 velamentum,
1753 4105 1912 4159 nobis
1989 4105 2226 4158 innuunt

657 4189 990 4244 sanctissimi
1037 4189 1346 4259 Seraphini,
1382 4208 1557 4262 neque
1602 4193 1813 4249 initium
1855 4209 2032 4265 neque
2059 4194 2224 4249 linem

657 4281 857 4336 divinas.
884 4292 1093 4336 natura:
1122 4286 1378 4353 spectari,
1411 4297 1506 4340 aut
1535 4287 1848 4356 comperiri,
1872 4296 1967 4342 aut
1996 4287 2226 4358 intelligi

658 4386 843 4442 posse.
875 4371 1011 4426 Nam
1049 4375 1204 4430 faciei
1260 4385 1632 4448 tegumentum
1680 4379 2105 4436 invisibilitatem
2133 4380 2230 4436 de-

659 4472 811 4521 notat
846 4466 1097 4522 increatae
1121 4477 1328 4525 natura:
1351 4487 1366 4537 ;
1393 4473 1556 4542 pedes
1577 4482 1754 4527 autem
1773 4473 2012 4530 vicissim
2036 4475 2223 4539 velati,

2311 1999 2432 2051 λοτε
2473 1999 2707 2061 ἱππέων,
2738 1998 2833 2051 καὶ
2862 1997 3026 2052 πάλιν
3058 1995 3440 2068 ιξαπτερύγων
3485 1995 3579 2048 καὶ
3633 1993 3875 2062 πολυομ-

2315 2091 2519 2160 μάτων,
2573 2088 2672 2142 καὶ
2706 2084 2862 2153 αὖθις
2911 2089 3162 2150 λεόντων,
3208 2085 3328 2140 εἶτα
3371 2085 3531 2157 βοῶν,
3585 2085 3680 2138 καὶ
3716 2085 3876 2138 πάλιν

2312 2179 2506 2246 ἀετῶν,
2538 2180 2666 2234 ποτε
2686 2179 2744 2233 δὲ
2784 2181 2880 2234 καὶ
2918 2180 3102 2233 ἵππων
3133 2178 3396 2246 πυρίνων,
3438 2178 3534 2231 καὶ¹
3560 2177 3722 2230 πάλιν
3751 2193 3878 2246 τρο-

2313 2271 2424 2341 χῶν
2455 2270 2551 2324 καὶ
2601 2269 2905 2342 άρμάτων;
2955 2269 3184 2332 Ἦσαῒας
3239 2269 3338 2339 μὲν
3367 2267 3462 2323 οῦν
3510 2269 3540 2320 6
3597 2268 3762 2331 θεῖος,
3791 2267 3880 2320 ὅτε

2312 2364 2412 2434 τὴν
2440 2361 2590 2416 θείαν
2611 2363 2705 2415 καὶ
2734 2362 3182 2431 φρικωδεστάτην
3209 2360 3427 2430 εκείνην
3461 2361 3555 2412 καὶ
3611 2361 3877 2411 Δεσποτι-

2315 2454 2414 2525 κὴν
2442 2453 2736 2526 προεδρίαν
2773 2453 2865 2506 τοῦ
2895 2453 3042 2506 θείου
3100 2452 3420 2522 καθεώρακε
3455 2451 3671 2520 θρόνου,
3699 2452 3758 2502 tv
3814 2442 3880 2518 ᾧ,

2314 2548 2390 2609 ὡς
2417 2545 2586 2616 ἑώρα.
2619 2544 2864 2616 ινίδρυτο
2893 2546 2923 2597 6
2945 2545 3052 2598 τῶν
3090 2545 3227 2598 ὅλων
3286 2543 3441 2608 Θεὸς,
3473 2546 3531 2597 tv
3581 2541 3882 2614 tSampti-

2316 2651 2428 2702 γων
2451 2635 2582 2686 εῐδει
2632 2633 2966 2704 παριστάναι
2999 2634 3234 2702 ἔφασκεν
3290 2633 3437 2703 αὐτῷ
3489 2633 3587 2696 τὰς
3621 2636 3883 2687 ἀνωτάτω

2315 2725 2424 2778 τῶν
2444 2725 2748 2793 ἀγγελικῶν
2759 2725 2894 2796 όμοῦ
2911 2725 3007 2779 καὶ
3026 2724 3361 2796 χερουσικῶν
3375 2724 3580 2789 τάξεων
3600 2726 3878 2794 δυνάμεις·

2317 2817 2411 2869 καὶ
2443 2819 2565 2880 ταῖς
2589 2815 2734 2888 [cod.
2763 2819 2819 2871 αί
2844 2832 2942 2888 pro
2969 2814 3112 2887 ταῖς]
3163 2816 3262 2886 μὲν
3287 2815 3428 2881 δυσὶ,
3468 2819 3622 2884 φησὶ,
3654 2816 3880 2888 πτέρυξι

2316 2909 2384 2961 τὰ
2410 2910 2587 2962 οίκεῖα
2643 2911 3043 2966 συνεκάλυπτον
3074 2909 3365 2982 πρόσωπα,
3415 2910 3537 2972 ταῖς
3592 2909 3650 2962 δὲ
3693 2911 3883 2973 ἄλλαις

2317 3000 2437 3053 δυσὶ
2475 3002 2602 3065 τοὺς
2640 3001 2872 3065 οίκείους
2897 3002 3063 3065 πόδας
3091 3002 3444 3063 συνέσκεπον,
3479 2999 3598 3072 [καὶ
3625 3005 3751 3064 ταῖς
3771 3002 3867 3054 δυ-

2319 3092 2405 3146 σὶν
2431 3092 2751 3166 ἑπέταντοῚ
2787 3094 2855 3147 τὰ
2879 3095 2992 3149 άνω
3019 3094 3202 3148 καὶτὰ
3255 3093 3406 3148 κάτω
3450 3109 3515 3145 πε
3528 3093 3884 3162 ρικαλύπτου-

2322 3203 2410 3238 σαι
2442 3187 2584 3256 μέρη
2606 3201 2620 3217 ·
2655 3186 3017 3256 σημαίνουσαι
3056 3187 3153 3255 μὲν
3196 3185 3284 3239 διὰ
3337 3183 3428 3238 τοῦ
3463 3184 3884 3254 ὑποδείγματος,

2318 3278 2401 3331 ὅτι
2433 3278 2528 3330 καὶ
2554 3279 2666 3340 τοῖς
2688 3278 2802 3331 ἄνω
2823 3279 2882 3330 tv
2931 3278 3168 3349 οὐρανῷ,
3200 3279 3296 3331 καὶ
3323 3279 3435 3342 τοῖς
3489 3277 3638 3332 κάτω
3671 3277 3767 3329 επὶ
3783 3279 3886 3346 γῆς

2318 3368 2546 3439 ἀόρατον
2575 3370 2671 3422 καὶ
2693 3368 3018 3438 ἀπόκρυφον
3041 3371 3138 3422 καὶ
3168 3368 3690 3439 συγκεκαλυμμένον
3716 3369 3890 3439 ὑπάρ-

2318 3475 2404 3530 χει
2433 3458 2492 3512 τὸ
2514 3458 2612 3528 τῆς
2635 3458 2890 3529 θεότητος
2921 3461 3222 3531 μυστήριον
3247 3477 3264 3492 ο
3309 3462 3343 3532 ἢ
3394 3461 3534 3531 τάχα
3583 3459 3671 3514 διὰ
3726 3459 3889 3513 τοῦτο

2318 3553 2420 3618 τὰς
2448 3553 2623 3624 ἀρχὰς
2651 3556 2745 3608 καὶ
2771 3554 2840 3608 τὰ
2870 3553 2999 3622 τέλη
3031 3553 3264 3607 ἔσκεπον
3293 3554 3658 3617 διδάσκοντες,
3686 3554 3770 3608 ὅτι
3794 3553 3891 3606 καὶ

2319 3645 2388 3698 τὰ
2410 3645 2516 3715 πρὸ
2546 3645 2900 3708 κατασάσεως
2932 3644 3026 3698 τοῦ
3053 3644 3228 3711 Λόγου
3252 3645 3344 3699 καὶ
3363 3644 3498 3697 Θεοῦ
3521 3646 3612 3698 καὶ
3647 3641 3888 3713 Χριστοῦ

2323 3736 2702 3806 ἀκατάληπτα,
2735 3735 3000 3800 ὡσαύτως
3026 3736 3121 3790 καὶ
3143 3735 3212 3789 τὰ
3264 3735 3402 3805 μετὰ
3425 3735 3523 3806 τὴν
3563 3734 3730 3788 αὐτοῦ
3761 3735 3893 3789 ἀνά-

2324 3827 2485 3896 ληψιν
2514 3845 2531 3863 ο
2571 3831 2685 3891 τοῖς
2709 3827 2768 3883 δὲ
2797 3828 2856 3883 tv
2885 3831 2951 3900 τῇ
2997 3829 3296 3899 σαρκώσει,
3335 3826 3520 3897 μέσοις
3546 3826 3748 3881 ὡσανεὶ
3765 3843 3893 3880 πτε-

2326 3919 2462 3990 ροῖς,
2503 3918 2836 3972 πιστεύουσα
2877 3918 2912 3988 ἡ
2949 3917 3263 3987 Ἐκκλησία,
3313 3919 3396 3980 εις
3431 3918 3660 3986 οὐρανὸν
3695 3918 3894 3987 ὑψιπεο

2324 4012 2445 4063 τείν
2485 4009 2613 4073 ῑσως
2640 4009 2730 4064 διὰ
2764 4007 2860 4061 τοῦ
2923 4007 3323 4077 ὑποδείγματος
3374 4005 3476 4077 τῆς
3517 4007 3726 4076 σκέπης
3781 4007 3893 4060 τῶν

2328 4101 2647 4175 προσώπων
2677 4101 2774 4156 καὶ⁵
2806 4101 2916 4154 τῶν
2945 4100 3122 4153 ποδῶν
3150 4101 3324 4153 έκεῖνο
3381 4101 3514 4170 ἡμῖν
3565 4098 3895 4152 αίνίττονται

2325 4195 2398 4249 τὰ
2426 4195 2665 4263 πανάγια
2696 4193 2968 4263 Σεραφὶμ,
3005 4194 3087 4246 δτι
3114 4192 3238 4244 οὔτε
3265 4191 3437 4263 ἀρχὴν
3469 4190 3592 4245 οὔτε
3623 4190 3775 4254 τέλος
3793 4191 3898 4261 τῆς

2329 4285 2478 4348 θείας
2529 4285 2743 4353 φύσεως
2771 4285 2906 4354 όρᾷν
2961 4282 3321 4353 ηέξευρεῐνῆ
3379 4285 3580 4336 ἐννοεῖν
3631 4282 3896 4336 δυνατόν·

2330 4379 2365 4447 ἠ
2404 4376 2502 4448 μὲν
2531 4378 2638 4445 γὰρ
2674 4373 2767 4428 τοῦ
2793 4373 3088 4445 προσώπου
3120 4374 3320 4444 σκέπη,
3353 4373 3415 4424 τὸ
3448 4374 3679 4443 ἀόρατον
3704 4374 3899 4443 ἐδήλου

2331 4469 2431 4540 τῆς
2455 4468 2712 4522 ἀκτὶστου
2737 4469 2951 4536 φύσεως
2975 4481 2990 4496 ο
3026 4466 3059 4536 ἡ
3092 4464 3150 4517 δὲ
3202 4463 3311 4517 τῶν
3363 4464 3540 4519 ποδῶν
3595 4466 3784 4531 πάλιν,
3836 4466 3902 4519 τὺ

660 4555 972 4626 signiﬁcant
1027 4558 1172 4614 haud
1204 4575 1366 4631 posse
1405 4577 1737 4634 quemquam
1790 4565 1900 4622 Deo
1952 4567 2219 4623 accedere

2328 4561 2629 4630 ἀπρόσιτον
2658 4561 2752 4614 καὶ
2776 4557 3244 4628 ἀπροσπέλαστον.

660 4659 757 4703 aut
789 4650 1174 4721 propinquare.

732 4741 790 4797 5.
824 4740 1028 4800 Deinde
1057 4745 1134 4801 ait
1163 4746 1321 4803 divus
1351 4749 1637 4819 propheta,
1668 4750 1898 4806 visionis
1926 4750 2088 4822 huius
2109 4767 2233 4822 spe-

661 4843 859 4898 ctator,
890 4837 1103 4906 plenam
1133 4837 1300 4895 fuisse
1317 4840 1539 4896 domum
1557 4842 1724 4913 gloria
1742 4843 1854 4900 Dei.
1888 4842 1942 4898 Ν
1945 4855 2062 4899 atus
2085 4845 2232 4900 enim

663 4927 719 4980 in
751 4926 947 4982 Iudaea
976 4928 1137 4993 Deus,
1166 4940 1222 4986 et
1261 4934 1404 5002 apud
1433 4933 1684 4990 Israelem
1712 4936 2089 4990 tantummodo
2114 4952 2234 4989 ma-

663 5033 824 5085 gnum
856 5035 1041 5075 nomen
1069 5022 1183 5092 ejus
1205 5022 1271 5079 “.
1309 5023 1415 5079 Sed
1452 5034 1631 5080 tamen
1660 5037 1847 5082 notum
1879 5035 1996 5082 erat
2032 5026 2236 5095 spiriti-

666 5107 772 5164 bus
798 5109 1274 5178 intellectualibus.
1328 5116 1571 5184 praesciis
1601 5125 1654 5172 et
1689 5117 2111 5186 perspicacibus.
2147 5117 2233 5172 in-

664 5202 1000 5259 carnationis
1033 5207 1381 5277 sedentisque
1414 5207 1466 5262 in
1496 5208 1694 5263 throno
1723 5206 1882 5263 Verbi
1909 5207 2001 5263 Dei
2033 5215 2235 5279 myste-

668 5289 811 5343 rium
843 5308 858 5345 :
887 5301 942 5346 et
962 5292 1107 5361 quod
1136 5293 1207 5348 ab
1238 5295 1550 5352 hominibus
1578 5313 1677 5354 ceu
1722 5297 1886 5352 homo
1928 5299 2233 5354 cernendus

669 5381 830 5451 foret,
861 5395 916 5440 et
938 5386 1296 5458 incorporeus
1324 5390 1703 5459 corporandus
1726 5431 1741 5457 ,
1777 5399 1834 5446 et
1869 5391 1960 5460 qui
1991 5391 2072 5445 vel
2105 5390 2235 5458 ipsis

672 5474 1128 5535 immaterialibus
1183 5480 1477 5536 invisibills
1522 5491 1674 5547 erat,
1725 5484 1822 5539 abs
1865 5483 2235 5538 materialibus

669 5580 890 5637 quoque
917 5584 1014 5639 per
1050 5586 1269 5626 carnem
1299 5573 1688 5642 aspiciendus;
1727 5584 1889 5646 atque
1923 5575 2233 5629 universam

672 5668 871 5717 terram
889 5663 1064 5733 gloria
1087 5679 1184 5720 sua
1218 5675 1269 5721 et
1301 5666 1557 5724 laudibus
1587 5668 1974 5723 beneﬁciorum
2007 5683 2234 5724 suorum

751 5818 793 5848 δ’
826 5814 929 5872 lsa.
959 5831 999 5886 ι,
1032 5820 1335 5890 u,passim.
1474 5822 1520 5856 “
1559 5821 1702 5879 Psal.
1743 5838 1900 5889 uxv,
1939 5823 1993 5879 2.

2401 4737 2468 4792 ε’.
2502 4729 2637 4790 Εἶτά
2664 4751 2827 4805 φησιν
2849 4733 2878 4785 6
2908 4732 3050 4795 θεῖος
3073 4731 3357 4802 προφήτης
3385 4732 3414 4784 ό
3437 4729 3611 4784 ταῦτα
3631 4730 3792 4801 όρῶν,
3818 4732 3905 4785 δτι

2333 4829 2428 4883 καὶ
2467 4827 2680 4897 πλήρης
2723 4827 2752 4879 6
2796 4820 2945 4886 οἰκος
2986 4823 3085 4892 τῆς
3116 4821 3272 4893 δόξης
3303 4822 3397 4875 τοῦ
3427 4821 3584 4876 Θεοῦ.
3617 4823 3906 4888 Γνωστὸς

2333 4916 2414 4990 ἦν
2436 4921 2572 4974 τότε
2592 4918 2663 4971 ἐν
2690 4915 2766 4986 τῇ
2803 4915 3061 4982 Ἰουδαία
3092 4918 3125 4968 ό
3155 4913 3320 4979 Θεὸς,
3343 4914 3436 4966 καὶ
3459 4913 3530 4966 ἐν
3551 4912 3632 4978 τῷ
3661 4914 3908 4981 Ἰσραὴλ

2339 5013 2485 5082 μόνῳ
2523 5008 2681 5080 μέγα
2723 5009 2791 5063 τὸ
2838 5009 3027 5077 ὄνομα
3075 5005 3263 5060 αὑτοῦ
3341 5006 3453 5058 ἀλλ’
3484 5008 3632 5074 ὅμως
3674 5002 3744 5077 ἦν
3789 5010 3910 5072 τοῖς

2337 5106 2543 5175 νοεροῖς
2571 5101 2962 5173 προεωρακότα
2999 5100 3068 5154 τὰ
3101 5098 3384 5170 διορατικά
3411 5099 3473 5152 τὸ
3506 5099 3604 5168 τῆς
3628 5100 3908 5171 ινανθρω-

2339 5198 2557 5268 πήσεως
2598 5195 2764 5248 αὐτοῦ
2797 5193 2890 5245 επὶ
2924 5192 3112 5264 θρόνου
3154 5189 3516 5260 καθεζομένου
3556 5189 3692 5243 Θεοῦ
3731 5192 3911 5259 Λόγου

2343 5289 2668 5360 μυστήριονο
2703 5286 2800 5340 καὶ
2826 5286 2908 5338 ὅτι
2939 5285 3031 5338 ἐπὶ
3055 5284 3157 5352 γῆς
3183 5282 3488 5353 ἀνθρώποις
3513 5281 3588 5345 ὡς
3619 5283 3914 5353 ἄνθρωπος

2343 5379 2524 5451 μέλλει
2551 5379 2901 5442 όπτάνεσθαι,
2930 5377 3022 5431 καὶ
3047 5378 3076 5429 6
3107 5375 3345 5446 ἄσαρκος
3378 5371 3733 5443 σαρκοῦσθαι,
3757 5376 3853 5429 καὶ
3882 5377 3913 5429 6

2342 5473 2523 5536 αὐτοῖς
2559 5473 2669 5534 τοῖς
2696 5470 2878 5533 ἁθλοις
2901 5470 3150 5540 ἀόρατος,
3175 5467 3278 5520 καὶ
3305 5469 3416 5529 τοϊς
3442 5467 3640 5529 ὑλικοτς
3665 5467 3914 5535 γίνεσθαι

2339 5564 2430 5618 διὰ
2455 5563 2655 5634 σαρκὸς
2690 5563 2880 5633 ὁρατός
2902 5578 2916 5592 ⁸
2944 5562 3040 5615 καὶ
3072 5559 3314 5632 πληροῦν
3345 5561 3524 5613 πᾶσαν
3547 5560 3643 5629 τὴν
3674 5560 3781 5629 γῆν
3810 5560 3914 5629 τῆς

2341 5657 2498 5729 δόξης
2539 5658 2633 5712 καὶ
2662 5655 2761 5725 τῆς
2801 5655 3059 5719 αίνέσεως
3090 5657 3180 5710 καὶ
3211 5653 3312 5725 τῆς
3343 5655 3564 5727 χάριτος
3593 5654 3758 5709 αὑτοῦ
3778 5672 3792 5686 ο
3819 5657 3912 5708 έκ-
