4172 6510
303 430 411 496 73⁵1

1260 441 1542 503 ORATIO
1579 444 1678 505 VI.
1700 469 1768 481 -
1803 444 1884 505 1N
1925 445 2254 508 SANCTOS
2289 449 2652 516 ANGELOS.

3457 468 3564 533 738

305 547 584 618 πλαγέντα
621 549 720 621 τὴν
744 551 1022 622 ἄφραστον
1057 554 1154 609 καὶ
1189 554 1578 628 ἀκατάληπτον
1609 561 1862 627 συγκατάη

1963 609 1966 621 ,
1995 559 2326 629 repleturus.
2361 561 2597 636 Ideoque
2644 567 2859 624 attoniti
2899 570 2968 626 ob
2999 587 3120 629 eam
3147 573 3476 646 insperatam
3506 593 3563 639 et

304 641 489 705 σασιν,
530 644 626 699 καὶ
669 644 1027 716 θαυμάσαντα
1054 649 1155 719 τὴν
1187 650 1425 721 ἄρρητον
1463 653 1529 721 ἢν
1572 653 1652 717 είς
1676 651 1888 724 ἀνθρώ-

303 753 445 801 πους
478 737 704 808 ἔμελλεν
751 741 1123 796 ἐνδείκνυσθαι
1154 741 1255 815 τὴν
1283 744 1479 797 ἑαυτοῦ
1517 745 1882 817 ἀποκάλυψιν,

300 828 655 902 εὐχαριστίας
718 831 858 901 ὁμοῦ
917 834 1012 886 καὶ
1061 834 1377 906 ἐκπλήξεως
1434 836 1884 908 ἀνακεκράγεσαν

302 921 478 990 ῦμνον
525 921 820 992 βοήσαντα,
845 924 1070 995 Ἄγιος,
1109 926 1296 994 ἅγιος,
1328 927 1496 996 ἅγιος
1521 930 1736 996 Κύριος
1772 934 1883 984 Σα-

300 1011 480 1079 ϐαὼθ,
521 1015 762 1082 πλήρης
789 1016 958 1071 πᾶσα
985 1018 1023 1085 ἠ
1063 1015 1138 1088 γῆ
1174 1017 1285 1086 τῆς
1314 1019 1501 1087 δόξης
1533 1022 1748 1076 αὐτοῦ·
1783 1022 1882 1094 τὴν

301 1103 609 1173 μέλλουσαν
634 1107 743 1160 τῶν
777 1108 1113 1176 Ἐκκλησιῶν
1133 1109 1288 1178 δόξαν
1311 1113 1722 1183 προφητεύοντα
1749 1117 1883 1187 Χρι-

299 1195 430 1250 στὸν
465 1196 535 1250 τά
564 1199 956 1270 μακαριώτατα
984 1201 1236 1272 Σεραφίμ
1259 1218 1274 1232 °
1302 1202 1384 1256 6t6
1413 1221 1577 1275 φησιν
1606 1205 1688 1260 ὅτι
1716 1207 1881 1279 ἐπλη-

299 1285 404 1356 σθη
442 1289 592 1341 πᾶσα
639 1290 774 1361 ηγῆ
807 1292 906 1362 τῆς
953 1291 1112 1362 δόξης
1148 1292 1313 1348 αὑτοῦ
1335 1310 1349 1326 ο
1385 1295 1488 1367 ὅρα
1538 1297 1592 1351 τί
1636 1299 1874 1368 γίνεταιο

309 1376 591 1448 Ἐπήρθη,
627 1384 782 1452 φησι,
825 1384 893 1438 τό
938 1384 1277 1456 ὑπέρθυρον
1321 1389 1442 1444 ἀπὸ
1485 1391 1599 1460 τῆς
1645 1394 1875 1462 φωνῆς,

292 1473 577 1528 τουτέστιν
604 1477 820 1548 ἐπήρθη
850 1480 884 1549 ἡ
913 1479 1120 1534 ἀνωθεν
1149 1482 1449 1553 συνέχουσα
1470 1483 1559 1538 τὸν
1587 1485 1875 1541 Ἰουδαϊκὸν

294 1565 425 1620 ναὸν
459 1568 554 1622 καὶ
584 1567 711 1622 λαὸν
755 1570 930 1642 σκέπη
977 1575 1072 1627 καὶ
1097 1574 1403 1646 ἀντίληψις,
1439 1577 1534 1631 καὶ
1565 1577 1810 1651 ἐπλήσθη
1847 1581 1876 1634 6

292 1653 443 1722 οἶκος
469 1661 699 1726 καπνοῦ,
723 1662 890 1733 ήγουν
917 1664 1252 1736 ἐρημώσεως
1272 1670 1365 1722 καὶ
1395 1669 1640 1737 σκότους,
1667 1671 1874 1744 πλάνης

293 1751 391 1802 καὶ
418 1751 694 1818 ἀγνωσίας
717 1769 731 1784 ο
765 1755 1061 1826 προσέχετε
1097 1759 1246 1829 μετὰ
1266 1761 1572 1835 ἀκριϐείας,
1614 1782 1871 1836 παρακα-

291 1839 371 1894 λῶ
392 1859 406 1874 ·
437 1839 628 1932 ὅτεγῆν
654 1846 687 1916 ή
716 1846 789 1916 γῆ
815 1850 967 1903 πᾶσα
993 1849 1180 1916 ἄδοξος
1207 1853 1268 1906 6v
1287 1854 1462 1927 πλάνῃ
1485 1857 1580 1910 καὶ
1601 1858 1866 1932 ἀγνωσίᾳ,

1986 651 2596 719 incomprehensibilem
2617 661 3161 733 condescensionem,
3182 669 3557 744 mirantesque

1985 743 2314 801 ineﬂabilem
2347 764 2510 813 quam
2545 751 2861 810 hominibus
2883 753 3123 812 Verbum
3146 757 3419 816 facturum
3444 743 3561 818 erat

1984 835 2183 892 suimet
2211 839 2626 913 reyelalionem,
2680 847 2978 914 gratiarum
3021 851 3183 905 simul
3211 862 3265 908 et
3315 857 3559 924 stuporis

1985 924 2244 998 hymnum
2297 935 2567 988 canebant
2604 937 2904 996 clamantes
2940 956 2954 993 :
2991 941 3219 999 Sanctus
3248 986 3265 1011 ,
3316 958 3554 1017 sanctus,

1982 1027 2196 1071 sanctus
2213 1018 2470 1074 Dominus
2492 1023 2631 1078 Deus
2650 1023 2904 1093 Sabaoth,
2933 1032 3086 1100 plena
3113 1043 3189 1088 est
3224 1037 3392 1092 omnis
3414 1048 3554 1092 terra

1982 1103 2152 1178 gloria
2175 1113 2289 1182 ejus
2313 1115 2393 1180 ‘7;
2421 1114 2701 1172 Christum
2738 1120 3009 1188 videlicet,
3042 1127 3135 1195 qui
3160 1126 3414 1184 Ecclesia:
3444 1131 3557 1202 glo-

1981 1201 2062 1255 ria
2094 1200 2314 1259 futurus
2345 1213 2486 1272 erat,
2509 1205 2580 1261 ita
2612 1208 3049 1268 vaticinabantur
3073 1216 3369 1273 beatissimi
3395 1200 3557 1275 scra-

1980 1289 2163 1360 phim;
2218 1291 2466 1360 idcirco,
2533 1297 2688 1352 aiunt
2740 1300 2954 1369 plenam
3010 1305 3319 1362 universam
3354 1318 3550 1365 terram

1979 1382 2148 1452 gloria
2204 1383 2378 1441 illius.
2419 1385 2548 1442 Vide
2610 1390 2738 1460 quid
2788 1392 2993 1448 factum
3031 1396 3120 1452 sit.
3163 1397 3440 1455 Eleuatum
3475 1414 3552 1458 est

1976 1475 2376 1542 superliminare
2404 1495 2437 1533 a
2469 1497 2588 1536 voce
2611 1482 2956 1539 clamantium
2981 1487 3049 1556 ⁸⁸,
3084 1489 3136 1544 id
3159 1499 3243 1545 est
3274 1494 3550 1552 sublatum

1977 1564 2116 1630 fuit,
2174 1571 2319 1638 quod
2358 1569 2651 1628 Judaicum
2688 1577 2945 1646 templum
2979 1581 3346 1654 populumque
3380 1589 3552 1642 conti-

1975 1660 2140 1712 nebat
2170 1671 2384 1729 septum
2415 1671 2470 1716 et
2501 1671 2766 1732 tutamen,
2810 1675 2864 1723 et
2905 1669 3101 1725 domus
3144 1670 3295 1728 fumo
3323 1677 3548 1744 repleta,

1975 1748 2026 1802 id
2060 1757 2146 1804 est
2196 1752 2524 1819 solitudine,
2579 1756 2836 1822 tenebris,
2863 1773 3052 1814 errore
3083 1773 3138 1816 et
3171 1763 3408 1820 inscitia.
3448 1766 3548 1820 At-

1975 1843 2177 1898 teudite
2207 1844 2531 1916 diligenter,
2585 1864 2792 1918 quaso.
2837 1850 3067 1917 Quando
3120 1856 3372 1911 universa
3405 1867 3548 1912 terra

290 1933 507 2006 πλήρης
525 1931 594 2006 ἦν
621 1940 649 1990 6
678 1934 826 2002 οἶκος
849 1941 943 1994 τοῦ
971 1943 1101 1996 ναοῦ
1131 1943 1226 1996 τοῦ
1256 1923 1545 2000 Ἰουδαέκοῦ
1577 1923 1753 2018 δόέης

1972 1937 2026 1992 in
2067 1935 2364 2006 ignominia
2393 1954 2582 1996 errore
2607 1951 2660 1996 et
2690 1941 2906 1998 inscitia
2936 1946 3280 2012 versabatur,
3306 1955 3434 2004 tunc
3448 1948 3546 2003 Ju-

287 2024 347 2080 δι
389 2031 539 2081 πᾶσα
571 2029 604 2098 ἠ
633 2032 702 2101 γῆ
737 2032 952 2104 πλήρης
999 2035 1157 2104 δόξης
1205 2038 1304 2089 καὶ
1345 2038 1693 2107 ἐπιγνώσεως
1732 2041 1869 2095 Θεοῦ

287 2119 503 2188 γέγονε,
539 2120 680 2177 Τότε
729 2126 764 2179 ό
812 2120 980 2192 οἶκος
1016 2126 1123 2181 τοῦ
1150 2129 1400 2197 Ἰσραὴλ
1444 2130 1724 2201 ἐπλήσθη
1765 2148 1870 2186 κα-

287 2213 468 2278 πνοῦ,
502 2214 821 2282 σϐεσθέντος
849 2219 1030 2283 αὐτοῖς
1059 2219 1154 2274 τοῦ
1186 2221 1413 2292 νομικοῦ
1456 2222 1648 2291 λύχνου
1677 2240 1691 2256 ο
1719 2225 1869 2289 ὅπως

288 2306 454 2374 φησιν
483 2306 512 2359 6
542 2307 795 2378 Χριστὸς,
826 2311 876 2364 οἱ
911 2311 989 2381 μὴ
1019 2310 1308 2382 βλίττοντες
1341 2315 1522 2385 ἡμεῖς,
1555 2314 1866 2388 βλέψωμεν

286 2400 334 2452 οἱ
382 2399 441 2452 66
494 2400 782 2471 βλέποντες
839 2404 1102 2473 Ἰουδαῖοι,
1144 2405 1337 2476 τυφλοὶ
1378 2408 1682 2476 γένωνται⁶
1728 2409 1868 2465 ἀλλά

285 2491 460 2547 ταῦτα
494 2493 595 2563 μὲν
634 2494 884 2561 Ἡσαΐας.

357 2583 434 2648 ς’.
488 2569 717 2656 Ἰζεκιὴλ
766 2587 823 2641 66
853 2587 1035 2656 πάλιν,
1058 2589 1089 2641 6
1121 2589 1256 2660 πρὸς
1283 2590 1560 2658 θεοπτίας,
1582 2594 1631 2646 εί
1659 2593 1754 2648 καί
1781 2611 1866 2658 τις

284 2675 468 2740 ἄλλος,
496 2677 589 2730 τὸν
625 2677 750 2732 νοῦν
778 2680 1098 2750 ἐπιτηδείοις
1124 2681 1283 2753 ἔχων,
1317 2684 1378 2738 οὐ
1421 2686 1583 2755 μόνον
1608 2688 1690 2752 δὶς
1728 2689 1867 2744 ἀλλὰ

283 2767 641 2839 τετράμορφα
671 2767 787 2834 ζῶα
815 2771 942 2836 τοὺς
971 2773 1236 2828 ἀνωτάτω
1266 2774 1378 2828 τῶν
1415 2777 1722 2848 ἀσωμάτων
1763 2782 1864 2849 ἀγ-

283 2858 458 2927 γέλων
496 2859 806 2930 τεθεώρηκε
836 2861 985 2928 νόας,
1021 2863 1526 2933 προδιατυποῦντας
1567 2862 1721 2936 οῐμαι
1750 2887 1862 2922 οσα-

283 2951 400 3020 φῶς
447 2953 541 3005 καὶ
584 2955 642 3006 ὲν
669 2953 854 3018 αὐτοῖς
880 2953 1346 3027 ὲνανθρωπήσεως
1374 2957 1469 3011 τοῦ
1513 2959 1863 3032 Ἐμμανουὴλ

282 3045 349 3097 ὲκ
401 3043 682 3114 Παρθένου
740 3047 1080 3118 μυστήριονι
1113 3049 1424 3120 περιείχετο
1473 3052 1584 3122 γὰρ
1641 3055 1700 3106 6v
1748 3055 1862 3117 τοῖς

280 3133 443 3197 ζώοις
475 3132 613 3199 εἶδος
651 3135 939 3205 ἀνθρώπου
967 3138 1062 3192 καὶ
1095 3139 1280 3209 σχῆμα
1310 3140 1434 3211 βοὸς
1458 3143 1552 3196 καὶ
1581 3143 1645 3197 τὺ
1672 3145 1860 3216 τρίτον

278 3225 516 3290 λέοντος,
557 3226 617 3280 τὸ
647 3227 692 3281 6’
717 3227 990 3300 ἀνώτερον
1015 3229 1244 3296 τούτοις,
1275 3231 1438 3286 ἀετοῦ
1459 3247 1474 3264 ·
1512 3233 1588 3298 ὠς
1626 3235 1734 3306 γάρ
1765 3236 1856 3290 άν-
1884 3256 1927 3316 C

278 3320 519 3391 θρωπος,
568 3320 784 3392 ἀληθῶς
831 3321 1005 3393 ἐφάνη
1058 3323 1151 3376 ἐπὶ
1197 3322 1303 3392 γῆς
1333 3324 1588 3397 Χριστὸς,
1624 3328 1653 3380 6
1690 3328 1859 3391 ὅντως

276 3411 416 3481 ὁμοῦ
461 3411 594 3476 Θεός
640 3430 700 3466 τε
747 3412 843 3467 καὶ
873 3413 1194 3485 ἄνθρωπος’
1220 3415 1296 3478 ώς
1340 3415 1468 3485 βοῦς
1515 3417 1597 3479 είς
1642 3419 1858 3488 σφαγὴν

277 3503 421 3574 ὑπὲρ
446 3505 542 3573 τῆς
571 3503 666 3558 τοῦ
690 3503 898 3575 κόσμου
923 3505 1198 3577 σωτηρίας
1219 3520 1234 3535 ο
1261 3504 1339 3569 ώς
1361 3505 1518 3571 λέων,
1547 3507 1772 3578 δυνάμει
1794 3510 1858 3562 ἐκ

276 3597 494 3668 νεκρῶν
523 3597 830 3669 ἐξεγερθεὶς
867 3597 1066 3670 ἀνέστη
1091 3614 1106 3629 ·
1147 3599 1224 3663 ὡς
1254 3598 1434 3665 ἀετὸς,
1475 3601 1553 3664 είς
1597 3601 1859 3670 οὐρανοὺς

277 3689 518 3759 ὑψωθεὶς
558 3689 836 3762 ἀνελήφθη
858 3707 872 3722 ο
909 3690 941 3763 ἢ
974 3692 1071 3746 καὶ
1097 3691 1270 3756 οὕτως
1301 3692 1464 3746 πάλιν
1493 3692 1588 3746 ἐπὶ
1615 3693 1855 3763 Χριστοῦ

276 3782 581 3852 ὲκληπτέον
610 3781 678 3836 τὰ
699 3783 846 3847 ζῶα·
878 3783 1188 3853 ἄνθρωπος,
1223 3783 1300 3846 ὡς
1324 3782 1483 3851 λόγος
1515 3783 1733 3853 λογικὸς
1762 3785 1855 3838 καὶ

276 3872 442 3928 εἰκὼν
486 3873 581 3928 τοῦ
623 3874 758 3928 Θεοῦ
791 3875 886 3928 τοῦ
921 3875 1178 3946 ἀοράτου,
1212 3875 1299 3930 διὰ
1336 3875 1396 3928 τὸ
1420 3876 1519 3946 τῆς
1549 3875 1730 3947 ψυχῆς
1758 3878 1855 3932 καὶ

273 3964 370 4020 τοῦ
403 3965 498 4019 νοῦ
535 3967 717 4038 νοερὸν
751 3968 845 4021 καὶ
873 3969 1104 4039 ἀόρατον
1127 3983 1142 3998 ·
1175 3967 1324 4038 βοῦς,
1356 3967 1431 4031 ὼς
1461 3967 1685 4031 δυνατὸς
1713 3969 1851 4040 ἀρχ-

279 4060 458 4127 ιερεὺς
498 4059 594 4112 καὶ
631 4059 724 4113 τὸν
754 4061 916 4129 ζυγὸν
946 4059 1043 4114 τοῦ
1074 4058 1310 4130 σταυροῦ
1341 4060 1436 4113 ἐπὶ
1459 4059 1550 4113 τὸν
1579 4053 1728 4130 ὦμον
1759 4059 1854 4128 φέ-

280 4166 409 4218 ρων,
435 4152 530 4202 καὶ
548 4151 681 4242 ημῖν
705 4153 817 4215 τοῖς
844 4150 1061 4220 ἀλόγοις
1087 4153 1148 4206 6v
1169 4150 1247 4222 τῷ
1267 4152 1413 4222 τόκῳ
1436 4151 1852 4242 συμφατνιάσας

274 4243 334 4294 6v
364 4240 629 4312 Βηθλεὲμ,
663 4241 759 4296 καὶ
804 4241 896 4297 τὸν
926 4243 1128 4313 σπόρον
1157 4242 1252 4296 τοῦ
1287 4241 1640 4311 εὐαγγελικοῦ
1691 4242 1850 4308 λόγου

275 4335 430 4408 πάσῃ
472 4338 540 4406 τῇ
582 4337 651 4407 γῇ
695 4336 1070 4407 κατασπείρας
1138 4337 1276 4390 λέων
1302 4336 1378 4400 ώς
1409 4335 1660 4406 βασιλεὺς
1685 4335 1850 4415 ἠμῶν

273 4426 385 4479 τῶν
425 4442 554 4479 ποτε
582 4426 792 4498 ἀγρίων
825 4428 920 4481 καὶ
951 4427 1245 4500 ἀνημέρων
1287 4429 1383 4482 καὶ
1412 4427 1724 4498 αἱμοὸόρων
1755 4427 1850 4480 καὶ

275 4517 627 4590 σαρκοϐόρων
659 4519 984 4590 ἀκαθάρτων
1013 4521 1184 4574 ἐθνῶν
1209 4537 1223 4552 ο
1287 4521 1679 4577 Ἐϐασίλευσε
1712 4523 1844 4595 γὰρ,

1970 2032 2110 2087 daici
2145 2033 2329 2103 templi
2364 2033 2652 2090 :rdilicium
2693 2037 2915 2105 plenum
2946 2039 3116 2108 gloria
3148 2041 3270 2097 fuit.
3314 2042 3546 2109 Quando

1975 2132 2160 2177 autem
2203 2125 2461 2181 universa
2491 2136 2631 2182 terra
2655 2126 2826 2197 gloria
2857 2141 2910 2184 et
2939 2127 3034 2184 Dei
3058 2132 3365 2203 cognitione
3386 2135 3543 2204 plena

1968 2214 2165 2278 evasit,
2202 2225 2333 2271 tunc
2356 2217 2546 2273 domus
2583 2218 2802 2275 lsraelis
2826 2220 2971 2290 fumo
3002 2222 3201 2292 repleta
3235 2234 3313 2279 est
3341 2226 3407 2291 δ’,
3447 2241 3545 2282 cx-

1967 2305 2172 2362 stincto
2214 2309 2346 2378 ipsis
2395 2309 2552 2380 legali
2583 2311 2950 2377 candelabro;
2992 2323 3074 2381 ul,
3114 2314 3258 2371 sicut
3289 2315 3546 2376 Christus

1966 2398 2104 2452 dixit
2130 2399 2199 2465 ⁸ο,
2245 2415 2348 2455 nos
2382 2413 2540 2457 antea
2579 2403 2714 2458 nihil
2755 2404 3001 2462 videntes
3025 2447 3042 2473 ,
3096 2408 3408 2467 videremus
3441 2429 3454 2466 :
3489 2421 3544 2468 et

1966 2491 2059 2561 qui
2096 2491 2354 2547 videbant
2385 2491 2579 2558 Judaei,
2606 2496 2732 2550 caeci
2764 2497 2975 2552 fierent.
3011 2497 3286 2557 Hactenus
3312 2502 3501 2559 Isaias.

2036 2580 2090 2638 6.
2125 2583 2374 2638 Ezechiel
2409 2586 2536 2640 item
2564 2587 2634 2654 ",
2666 2587 2759 2657 qui
2794 2588 2860 2643 ad
2889 2589 2983 2646 Dei
3009 2591 3269 2659 visiones,
3304 2595 3349 2649 si
3389 2595 3542 2666 quis-

1964 2689 2129 2744 quam
2162 2677 2327 2744 alius,
2354 2687 2588 2734 mentem
2639 2692 3012 2751 comparatam
3049 2683 3286 2750 habuit,
3322 2703 3428 2743 non
3481 2700 3542 2746 ut

1965 2767 2215 2824 biformia
2267 2781 2508 2839 tantum,
2567 2773 2663 2828 sed
2714 2783 2773 2828 ut
2821 2775 3215 2844 quadriformia
3260 2779 3536 2848 animalia,

1962 2875 2231 2931 supernas
2267 2863 2717 2934 incorporeorum
2771 2868 3091 2938 angelorum
3144 2871 3276 2927 vidit
3303 2886 3538 2940 mentes,

1962 2954 2458 3024 praefigurantesmt
2480 2959 2926 3023 reor,manifeste
2951 2961 3035 3016 his
3056 2961 3247 3019 formis
3270 2966 3537 3022 incarnati

1961 3045 2015 3098 in
2052 3042 2277 3116 Virgine
2312 3043 2686 3104 Emmanuelis
2720 3051 3065 3121 mysterium.
3101 3052 3272 3109 Erant
3313 3057 3367 3110 in
3417 3058 3538 3111 ani-

1961 3135 2196 3190 malibus
2236 3134 2412 3190 forma
2449 3136 2709 3205 hominis,
2737 3139 2906 3210 figura
2935 3141 3092 3200 bovis
3124 3153 3290 3216 atque
3330 3146 3535 3213 leonis;

1960 3236 2015 3281 et
2041 3224 2127 3282 his
2158 3226 2471 3296 sublimior,
2504 3231 2719 3299 aquilae.
2767 3231 3013 3305 Namque
3055 3243 3115 3290 ut
3159 3237 3324 3294 homo
3350 3280 3366 3307 ,
3413 3255 3538 3294 vero

1962 3319 2217 3388 apparuit
2271 3321 2325 3374 in
2371 3327 2516 3376 terra
2554 3321 2845 3390 Christus,
2887 3326 2980 3395 qui
3018 3341 3144 3382 vere
3190 3327 3334 3386 Deus
3371 3330 3536 3387 simul

1959 3422 2115 3468 estet
2146 3413 2332 3468 homo.
2364 3411 2434 3468 Ut
2466 3413 2588 3479 bos,
2625 3415 2692 3470 ad
2727 3417 2929 3472 caedem
2965 3430 3188 3489 propter
3219 3422 3409 3478 mundi
3448 3438 3535 3478 sa-

1959 3504 2149 3561 lutem.
2201 3505 2268 3562 Ut
2291 3507 2408 3574 leo,
2446 3516 2695 3578 potenter
2733 3524 2763 3566 a
2823 3511 3057 3568 mortuis
3102 3517 3422 3570 resurrexit.
3463 3513 3537 3571 Ut

1958 3599 2165 3668 aquila,
2209 3599 2261 3654 in
2292 3600 2492 3656 cmlum
2542 3600 2792 3657 sublimis
2845 3605 3186 3661 conscendit.
3235 3605 3330 3662 Vel
3376 3607 3536 3662 aliter

1957 3693 2120 3747 etiam
2153 3692 2221 3748 de
2241 3691 2460 3748 Christo
2492 3693 2818 3763 explicanda
2842 3704 2972 3749 sunt
3001 3696 3258 3752 animalia
3293 3715 3307 3751 :
3345 3697 3532 3764 homo,

1955 3793 2017 3839 ut
2045 3783 2281 3839 Verbum
2315 3784 2585 3840 rationale
2619 3792 2673 3839 et
2704 3785 2879 3854 imago
2907 3785 3000 3840 Dei
3041 3785 3328 3843 invisibilis
3349 3827 3365 3851 ,
3402 3804 3530 3857 pro-

1953 3885 2077 3946 pter
2104 3875 2301 3930 animae
2323 3890 2388 3931 ac
2418 3877 2620 3932 mentis
2653 3876 3075 3931 intellectualem
3109 3877 3216 3931 vim
3246 3889 3304 3933 et
3343 3878 3532 3934 invisi-

1954 3967 2116 4023 bilem
2145 3985 2159 4022 :
2191 3968 2311 4032 bos,
2347 3976 2410 4022 ut
2452 3975 2644 4036 potens
2698 3967 2958 4023 sacerdos
2979 4008 2996 4034 ,
3031 3977 3089 4023 et
3119 3971 3301 4025 crucis
3335 3970 3529 4041 jugum

1953 4061 2195 4115 humeris
2242 4057 2452 4124 ferens,
2501 4067 2557 4113 et
2604 4058 2895 4114 nobiscum
2953 4074 3053 4114 ceu
3089 4058 3528 4126 irrationalibus,

1952 4163 2143 4223 partus
2168 4159 2432 4220 tempore,
2453 4151 2596 4220 apud
2616 4149 2988 4206 Bethleemum
3023 4151 3076 4205 in
3106 4152 3334 4223 prasepi
3369 4168 3530 4223 repo-

1953 4245 2132 4308 situs,
2191 4256 2489 4312 semenque
2529 4241 2826 4311 evangelici
2864 4242 3013 4297 verbi
3065 4257 3162 4311 per
3217 4247 3528 4299 universam

1952 4346 2155 4391 terram
2192 4333 2581 4389 disseminatus.
2618 4331 2749 4400 Leo,
2777 4341 2837 4386 ut
2861 4347 2956 4386 rex
2987 4340 3206 4397 noster,
3253 4334 3348 4403 qui
3395 4343 3528 4393 tunc

1949 4439 2171 4481 eramus
2201 4425 2483 4480 silvestres
2514 4431 2567 4477 et
2599 4424 2725 4477 saevi
2761 4431 2816 4478 et
2847 4423 3247 4493 sanguinolenti
3296 4433 3351 4480 et
3405 4440 3527 4482 car-

1950 4521 2126 4576 nivori
2172 4520 2479 4589 impurique
2529 4517 3053 4588 etlinici:Regnavit
3103 4519 3290 4585 enim,
3343 4519 3521 4589 inquit

274 4612 460 4680 φησὶν,
484 4615 517 4665 ό
539 4611 682 4678 Θεὸς
708 4612 806 4666 ἐπὶ
838 4613 909 4666 τὰ
937 4612 1113 4678 ἔθνηο
1141 4615 1203 4666 ού
1238 4614 1396 4683 μόνον
1426 4614 1482 4667 δὲ
1511 4615 1649 4668 λέων
1673 4617 1701 4669 6
1727 4617 1853 4687 Χρι-

1963 4615 2266 4685 Scriptura,
2304 4613 2444 4668 Deus
2473 4628 2627 4681 super
2647 4621 2825 4681 gentes
2854 4610 2920 4663 “.
2968 4608 3156 4680 Neque
3201 4607 3286 4666 leo
3314 4620 3522 4666 tantum

275 4707 422 4771 στος,
447 4705 583 4759 ἀλλὰ
608 4706 703 4760 καὶ
730 4706 968 4776 σκύμνος
989 4706 1222 4770 λέοντος,
1255 4707 1328 4772 ὥς
1361 4725 1493 4778 φησι
1525 4707 1655 4778 περὶ
1684 4709 1850 4762 αὑτοῦ

286 4796 504 4862 Ἰακὼϐ,
539 4799 786 4853 τουτέστι
835 4799 1105 4869 βασιλέως
1151 4800 1286 4864 υίὸς,
1323 4801 1387 4853 ὲκ
1421 4799 1702 4868 βασιλικοῦ
1746 4817 1852 4854 πα-

272 4891 400 4960 τρὸς
426 4889 732 4960 προελθώνο
755 4892 836 4945 διὸ
859 4891 954 4945 καὶ
980 4891 1136 4956 ἀετὸς
1167 4891 1243 4955 ὡς
1274 4891 1526 4963 βασιλεὺς
1552 4891 1662 4945 τῶν
1686 4892 1853 4962 οὐρα·-

272 4982 400 5035 νίων
439 4983 703 5036 πετεινῶν
746 4983 1064 5055 πτερωτῶν,
1096 4984 1300 5055 νοερῶν
1344 4983 1652 5053 ἀγγελικῶν
1682 4984 1854 5052 ἁγίων

269 5075 586 5144 δυνάμεων·
621 5074 937 5146 πτερωτῶν,
970 5074 1046 5139 ώς
1095 5075 1254 5146 ἡμῶν
1311 5076 1419 5129 τῶν
1471 5075 1568 5128 τοῦ
1608 5073 1845 5147 Χριστοῦ

269 5167 502 5219 νεοττῶν
561 5168 942 5222 σκεπαστικῶν
1017 5168 1192 5223 οὐσῶν
1264 5169 1359 5222 καὶ
1418 5170 1804 5240 φρουρητικῶν
1829 5184 1842 5197 ·

269 5258 695 5341 πτερωτῶνηώς
738 5260 1037 5331 εὐκινήτων
1085 5263 1180 5316 καὶ
1216 5260 1326 5314 τῶν
1365 5260 1572 5330 γηΐνων
1625 5262 1844 5315 πάντων

270 5349 618 5420 ὑψηλοτέρως
658 5350 892 5420 ἑχόντων
913 5367 930 5384 ο
957 5350 1273 5421 πτερωτῶν,
1308 5350 1383 5413 ὡς
1408 5350 1486 5420 τῷ
1521 5348 1650 5420 θείῳ
1679 5349 1842 5418 ἔρωτι

270 5443 595 5509 ἀεικινήτως
628 5441 721 5495 καὶ
749 5441 1061 5509 ἀκορέστως
1105 5442 1336 5510 ἐχόντων
1357 5457 1371 5471 ο
1412 5439 1840 5511 πολυομμάτων,

271 5534 342 5597 ib;
378 5533 459 5605 τῷ
493 5533 623 5604 θείῳ
655 5534 795 5604 φωτὶ
827 5534 1098 5596 πλουσίως
1127 5533 1573 5603 ὲλλαμπομένων,
1613 5533 1710 5587 καὶ
1743 5532 1848 5585 ύπό

269 5642 415 5689 τινος
453 5625 587 5698 ῦλης
623 5627 757 5698 πρὸς
791 5625 1026 5699 θεωρίαν
1054 5625 1155 5679 οὐκ
1195 5625 1696 5695 άντισκοτουμένων
1716 5639 1731 5656 ⁶
1763 5624 1844 5678 διὸ

1947 4707 2219 4769 Christus,
2241 4719 2432 4759 verum
2468 4705 2632 4756 etiam
2661 4703 2833 4755 leonis
2867 4700 3098 4765 catulus,
3145 4710 3205 4753 ut
3231 4699 3306 4755 ait
3334 4700 3401 4754 de
3431 4701 3527 4754 illo

1948 4797 2188 4853 Jacobus
2216 4796 2302 4862 “;
2334 4795 2385 4849 id
2430 4805 2513 4849 est
2540 4794 2682 4863 regis
2713 4791 2876 4856 illius,
2907 4807 2968 4844 cx
3015 4792 3182 4860 regali
3217 4799 3370 4862 patre
3399 4807 3527 4861 pro-

1949 4889 2170 4945 cedens.
2212 4885 2341 4941 ldeo
2367 4887 2529 4941 etiam
2569 4883 2776 4954 aquila,
2808 4891 2868 4936 ut
2900 4880 3206 4936 caelestium
3241 4882 3524 4937 volucrum

1951 4984 2219 5037 alatorum
2253 4995 2371 5047 rex,
2416 4977 2470 5033 id
2509 4985 2594 5032 est
2621 4974 2987 5046 augelicarum
3011 5013 3026 5038 ,
3076 4973 3522 5028 intellectualium

1950 5089 2013 5128 ac
2043 5083 2354 5128 sanctarum
2375 5076 2723 5140 potestatum.
2777 5067 2966 5121 Alatos
2991 5065 3140 5131 dicit,
3164 5078 3262 5119 ceu
3289 5079 3411 5131 nos,
3433 5067 3523 5134 qui

1948 5165 2152 5221 Christi
2188 5179 2380 5219 sumus
2409 5163 2560 5232 pulli,
2589 5166 2939 5230 contegentes
2977 5172 3042 5213 ac
3089 5164 3334 5212 tutantes
3364 5175 3379 5210 :
3413 5158 3526 5212 ala-

1949 5269 2055 5322 tos,
2086 5267 2145 5312 ut
2162 5258 2355 5328 agiles,
2378 5265 2433 5309 ct
2457 5268 2622 5324 supra
2646 5261 2856 5307 terrena
2880 5250 3064 5305 omnia
3105 5249 3213 5304 alte
3239 5249 3519 5304 volantes:

1948 5353 2142 5416 alatos,
2180 5359 2240 5405 ut
2267 5350 2452 5405 divino
2486 5360 2672 5402 amore
2719 5345 3057 5399 incessanter
3101 5350 3158 5398 et
3195 5343 3314 5398 sine
3358 5343 3524 5396 satie-

1950 5454 2056 5498 tate
2085 5441 2347 5496 fruentes.
2389 5438 2737 5495 Multioculos
2770 5449 2991 5506 quoque
3022 5434 3174 5502 dicit,
3201 5449 3301 5490 ceu
3333 5433 3523 5487 divino

1957 5535 2162 5589 lumine
2214 5531 2557 5586 abundanter
2605 5527 2945 5593 illustratos,
2987 5525 3244 5595 nullaque
3295 5523 3520 5578 materia

1950 5627 2246 5698 quominus
2293 5620 2726 5692 contemplemur
2767 5617 3085 5676 infuscatos.
3136 5617 3264 5674 Ideo
3296 5615 3525 5687 spiritus

341 5833 383 5863 "
416 5833 516 5887 lsa.
551 5849 626 5901 vi,
653 5834 708 5888 4.
785 5832 829 5865 ⁸⁸
870 5831 1002 5887 ibid.
1039 5831 1092 5885 5.
1168 5829 1214 5861 δ’
1240 5827 1373 5884 ibid.
1427 5829 1473 5863 '°
1513 5827 1705 5885 Matth.
1741 5843 1861 5894 xm,

1963 5863 1980 5884 .
2057 5827 2100 5858 “
2145 5823 2348 5881 Ezecb.
2382 5839 2419 5890 ι,
2451 5821 2475 5876 1
2511 5835 2664 5890 seqq.
2744 5819 2788 5850 "
2820 5817 2964 5873 Psal.
3028 5831 3176 5882 xui,
3207 5815 3260 5870 9.
3304 5812 3348 5845 ⁸³
3381 5810 3520 5867 Gen.

277 5919 421 5970 thx,
466 5909 518 5959 9.
