4172 6494
233 397 342 469 741
1173 417 1455 480 ORATIO
1486 420 1587 483 VI.
1617 448 1685 458 —
1699 422 1783 483 ΙΝ

1891 423 2175 488 ANCTOS
2219 430 2584 495 ANGELOS.
3418 444 3525 509 742

225 526 519 596 μυριάδες
567 529 994 602 ἐλειτούργουν
1055 534 1217 602 αὐτῷ
1243 554 1256 567 ·
1317 538 1456 592 ἀλλὰ
1510 540 1684 596 ταῦτα
1729 541 1789 611 μέ

1891 567 1903 602 ι
1935 539 2037 597 Sed
2080 545 2193 600 bzec
2225 548 2464 615 quidem,
2493 560 2546 604 et
2572 565 2917 625 quaecunque
2940 552 3254 626 hujusmodi
3283 570 3433 631 sunt,
3462 567 3518 622 in

234 623 336 675 καὶ
364 623 464 676 ὅσα
488 623 714 681 τοιαῦτα
743 627 802 678 ὲν
837 629 902 698 τῇ
934 627 1255 698 ῐΙαλαιᾷ,ὡς
1280 631 1338 684 ἐν
1355 632 1598 703 δράμασι
1621 635 1715 688 καὶ
1736 635 1789 687 61

1945 632 2138 693 Vetere
2157 635 2512 695 Testamento
2530 623 2838 699 visionibus
2859 654 2912 700 et
2935 623 3369 717 apparitionibus
3387 623 3520 726 ligu-

230 713 454 778 τασίαις
477 715 832 770 διετυποῦντο
866 720 1014 773 ἐπεὶ
1028 719 1153 774 οὔτε
1181 722 1370 776 ούσίαν
1397 723 1534 778 Θεοῦ
1560 724 1684 779 οὕτε
1700 745 1789 798 μοι

1941 725 2236 795 rabantur;
2263 735 2521 800 quoniam
2548 734 2641 791 Dei
2665 713 3029 796 substantiam
3054 757 3232 813 neque
3261 713 3516 818 forma‘m,

230 805 366 876 φὴν,
409 807 534 860 οὔτε
577 809 766 880 σχῆμα
794 809 919 864 οὔτε
953 810 1090 877 εἶδος
1127 811 1254 866 οὔτε
1292 813 1488 879 κάλλος
1525 833 1608 880 τις
1641 817 1789 871 τῶνί

1933 830 2113 888 neque
2124 821 2376 891 liguram,
2395 840 2572 896 neque
2588 828 3036 902 spcciem,neque
3051 805 3517 903 pulchritudinem

234 899 408 966 σαρκὶ
452 892 561 952 εἶδε
606 899 978 968 πώποτε,οῦτε
1005 904 1240 959 είδέσθαι
1267 905 1512 974 δύναται,
1537 906 1612 972 ῶς
1640 909 1668 961 ὁ
1693 907 1789 977 ίιρξ

1931 909 2227 981 quisquam
2274 913 2329 967 in
2371 931 2534 972 carne
2565 921 2756 977 vivens
2804 939 3047 993 unquam
3080 931 3312 996 aspexit,
3343 947 3520 1002 neque

229 990 387 1059 ἡμᾶς
442 990 685 1046 διδάσκει
745 994 920 1063 Λόγος
943 1009 958 1024 ⁸
1020 994 1137 1049 ἀλλ’
1194 995 1318 1051 οὔτε
1353 997 1588 1069 ἀγγέλου
1617 998 1717 1070 τὴν
1735 999 1828 1053 06-

229 1082 359 1137 σίαν
391 1083 427 1153 ἧ
457 1100 542 1149 τις
585 1087 802 1157 ῐσχυσεν
834 1087 868 1160 ἢ
896 1088 1177 1146 ἐθεάσατο.

1929 1003 2173 1072 aspicere
2199 1015 2400 1077 potest,
2429 1024 2529 1066 ceu
2561 1027 2732 1068 sacrae
2776 1030 2876 1071 nos
2902 1016 3100 1073 docent
3128 1018 3366 1077 Litterae.
3408 1023 3514 1080 Sed

1929 1109 2000 1150 ne
2025 1099 2200 1169 angeli
2222 1101 2443 1172 quidem
2471 1107 2834 1162 substantiam
2872 1110 3163 1182 quisquam
3208 1115 3388 1184 potuit
3436 1117 3517 1171 vi—

1926 1185 2076 1242 dere.

311 1263 383 1321 0'.
414 1265 628 1320 Οὐκοῦν
653 1267 815 1338 δεῦρο
845 1269 956 1322 ἀπὸ
981 1270 1079 1340 τῆς
1118 1272 1279 1334 σκιᾶς
1308 1273 1401 1327 ἐπὶ
1453 1275 1555 1347 τὴν
1608 1278 1786 1348 Καινὴ

1994 1277 2048 1334 9.
2082 1279 2193 1352 Age
2223 1281 2406 1353 itaque
2434 1284 2504 1339 ab
2530 1285 2739 1345 umbris
2762 1287 2829 1342 ad
2857 1287 3070 1346 Novum
3097 1291 3506 1354 Testamentum

223 1353 508 1426 Διαθήκην
530 1355 771 1426 διάϐηθι,
796 1359 896 1412 καὶ
925 1358 1024 1425 τὰς
1045 1361 1348 1431 ἀγγελικάς
1375 1367 1699 1440 τρανότερον
1714 1370 1789 1425 διο

1923 1370 2117 1432 transi,
2139 1380 2192 1424 et
2220 1374 2460 1441 angelica
2501 1379 2876 1446 perspicacius
2917 1383 3225 1440 ministeria
3260 1398 3508 1443 (νοιιιειηο

222 1446 414 1511 κονίας
435 1448 806 1504 κατόπτευσον
838 1468 854 1483 ·
871 1453 997 1518 ἥκει
1012 1451 1220 1524 μὲνοῦν
1273 1473 1406 1510 ποτε
1431 1459 1707 1530 χοράρχης
1724 1477 1789 1515 κα

1920 1457 2088 1527 plare.
2119 1459 2278 1517 Venit
2308 1464 2607 1534 aliquando
2641 1469 2795 1524 chori
2829 1470 3027 1531 ductor
3051 1512 3067 1537 ,
3119 1485 3174 1531 et
3203 1478 3504 1535 electorum

220 1538 335 1592 τῶν
397 1541 710 1613 προκρίτων
765 1546 795 1598 6
853 1544 1078 1618 ἔξαρχος
1126 1548 1228 1619 τῆς
1304 1550 1566 1606 ἀνωτάτω
1613 1553 1785 1626 φύτλη

1917 1553 2136 1620 superni
2155 1565 2332 1610 cmtus
2352 1556 2805 1628 incorporeorum
2828 1564 3201 1621 ministrorum
3228 1571 3502 1640 princeps,

219 1630 334 1685 τῶν
394 1633 709 1702 ἀσωμάτων
767 1635 1118 1710 λειτουργῶν,
1155 1642 1447 1713 ὲκφάντωρ
1510 1645 1780 1718 θεομύστη

1916 1641 2179 1712 mysticus
2209 1658 2540 1700 arcanorum
2579 1645 2673 1703 Dei
2715 1653 3102 1722 mysteriorum
3151 1658 3294 1726 apud
3328 1659 3507 1713 homi-

218 1719 332 1774 τῶν
384 1723 715 1796 ἀπορρήτων
763 1725 860 1780 τοῦ
915 1727 1054 1781 Θεοῦ
1121 1731 1260 1801 πρὸς
1327 1733 1650 1822 ἀνθρωπους
1711 1754 1789 1806 μυ

1915 1750 2013 1790 nes
2046 1737 2338 1801 revelator,
2370 1738 2621 1805 Gabriel,
2671 1719 2786 1798 Deo
2807 1745 3001 1801 similis
3031 1719 3289 1811 famulus,
3319 1753 3501 1822 gaudii

219 1817 486 1887 στηρίων,
542 1817 786 1890 Γαϐριὴλ
848 1819 879 1874 6
932 1821 1238 1886 Θεοείκελος
1288 1815 1512 1896 λάτρις’
1543 1828 1789 1899 φερέχαι·

1912 1835 1968 1882 et
1987 1827 2185 1883 laetitia:
2208 1830 2436 1886 nuntius
2469 1833 2784 1889 mortalium
2819 1845 3062 1904 naturae,
3104 1841 3171 1896 ad
3219 1815 3502 1915 integerri-

220 1884 323 1980 ρος
335 1884 344 1886 7
369 1884 671 1981 χαροιιιοιδς⁷
728 1884 868 1984 πρὸς
929 1913 1032 1985 τὴν
1111 1884 1363 1987 βροτείαν
1395 1884 1638 1988 ’φτύσινξ
1682 1884 1789 1975 “xui

2413 1884 2430 1886 υ
2567 1884 2784 1889 ηρηη
2819 1884 3062 1904 ----.,...,
3104 1884 3171 1896 ..η
3219 1884 3500 1915 ωπον...-

1909 1934 2054 1973 mam
2084 1920 2364 1989 puellam;
2413 1923 2482 1976 ad
2539 1940 2706 1994 quam
2763 1937 2847 1982 est
2904 1931 3209 2001 ingressus,
3263 1935 3500 1995 formam

215 2002 360 2073 πρὸς
431 2003 779 2076 πανάφθορον
842 2005 1058 2078 κόρην·
1119 2008 1260 2080 πρὸς
1319 2009 1386 2080 ἢν
1449 2010 1623 2081 είσῄει
1699 2013 1789 2082 τὴν

1900 2023 2076 2076 suam,
2111 2012 2292 2079 qualis
2315 2012 2434 2081 ejus
2454 2014 2764 2073 substantia
2795 2029 2898 2086 est,
2940 2026 3262 2080 venerenda‘,
3286 2026 3498 2101 Virgini

218 2095 439 2166 μορφὴν
471 2095 640 2151 αὐτοῦ
680 2095 804 2151 κατ’
837 2099 1046 2167 οὐσίαν,
1089 2100 1162 2164 ὡς
1200 2099 1346 2154 ἔστιν
1389 2102 1696 2166 ἐπιδεικνὺς
1730 2106 1789 2174 τῇ

1900 2101 2212 2156 ostendens.
2234 2101 2364 2184 S_ola
2395 2106 2541 2160 enim
2579 2118 2766 2163 sancta
2802 2110 3055 2181 Deipara,
3095 2126 3154 2170 ut
3187 2119 3360 2184 aiunt,
3387 2095 3498 2176 van?

215 2188 551 2260 πανσέμνῳ⁶
580 2192 717 2261 μόνη
770 2191 881 2261 γὰρ
913 2193 946 2262 ἡ
1003 2193 1134 2260 ἀγία
1172 2193 1554 2259 Θεοτόκος,ῶς
1609 2214 1789 2266 φασιν¹

1899 2184 2126 2253 gelicam
2160 2185 2236 2240 ιιιί
2252 2179 2447 2255 'reapse
2463 2196 2567 2254 est,
2603 2199 2765 2261 utque
2782 2179 2963 2250 creata
2981 2194 3104 2264 fuit,
3124 2179 3371 2256 naturain
3415 2206 3498 2258 vi-

213 2281 520 2352 ἀγγελικὴν
566 2281 642 2346 ὡς
685 2283 800 2337 ἔστι
831 2285 926 2338 καὶ
948 2284 1024 2349 ὡς
1049 2285 1296 2355 γέγονεν,
1332 2289 1534 2343 ἰδέσθαι
1575 2290 1798 2361 δεδύνη-

211 2389 328 2437 ται,
363 2373 434 2426 ἵν’
459 2375 524 2427 ἑκ
542 2373 636 2427 τοῦ
662 2374 892 2439 κάλλους
912 2375 1007 2430 τοῦ
1031 2377 1282 2432 δουλικοῦ
1313 2379 1715 2453 ὑπερθαυμάσῃ
1736 2382 1798 2435 τὸ

212 2465 411 2530 κάλλος
432 2467 495 2520 τὸ
509 2468 843 2524 Δεσποτικόν
873 2486 888 2501 °
915 2469 996 2524 διὸ
1024 2470 1123 2525 καὶ
1150 2472 1446 2544 προστάξει
1478 2474 1599 2546 θείᾳ
1624 2475 1796 2548 εἰσῄει

211 2559 355 2631 πρὸς
419 2560 594 2633 αὐτὴν
647 2562 676 2615 6
726 2562 1191 2635 ἀρχιστράτηγος,
1250 2565 1450 2631 κάλλος
1511 2569 1797 2640 ἀμήχανον

210 2655 353 2725 αὐτῇ
391 2654 825 2726 ἐνδεικνύμενος,
857 2659 954 2711 καὶ
991 2658 1213 2730 μορφὴν
1246 2660 1432 2714 αὐτῶν
1475 2661 1586 2716 τῶν
1637 2663 1794 2735 ἡλια-

209 2747 329 2801 κῶν
384 2747 620 2803 ἀκτίνων
683 2749 1072 2822 λαμπροτέραν
1145 2753 1522 2822 τυγχάνουσαν
1546 2797 1560 2819 ,
1614 2755 1798 2826 ἡρέμα

209 2839 643 2909 προσδιανοίγων
673 2842 738 2911 τῇ
798 2842 1023 2913 ἀφθόρῳ
1053 2841 1152 2914 τὴν
1183 2843 1534 2916 πανάφθορον
1575 2846 1672 2916 τῆς
1719 2847 1798 2899 ol-

207 2931 370 2994 κείας
408 2931 626 3003 μορφῆς
665 2932 905 3004 ἰδιότητα
930 2948 944 2963 ⁸
978 2933 1101 2989 ὅθεν
1134 2934 1232 2988 καὶ
1262 2931 1404 2990 εἶδεν
1434 2932 1572 3001 εἶδος
1598 2939 1796 3009 μικροῦ

206 3027 306 3077 καὶ
329 3025 500 3078 ἀϊδίου
524 3026 802 3097 ἀπορροῆς
821 3026 1269 3099 ἀνταπαύγασμα
1288 3043 1300 3058 ⁸
1326 3023 1466 3083 εἵὸεν
1481 3028 1630 3100 ῶραν
1657 3031 1798 3101 ὑπὲρ

203 3115 360 3187 ῶραν
391 3115 740 3190 ῶραῖσμένην
758 3116 1090 3191 ῶραιότητος
1106 3135 1118 3149 ·
1147 3114 1254 3173 εἶδε
1274 3119 1504 3184 κάλλους
1530 3120 1797 3193 λαμπηδό-

200 3225 276 3262 να
310 3208 472 3278 ξένην
501 3207 534 3278 ἢ
562 3208 702 3263 κατά
743 3208 1031 3280 συνήθειαν
1062 3225 1079 3242 ο
1114 3202 1256 3263 εἶδεν
1289 3210 1476 3273 οὐσίας
1502 3211 1794 3278 ἀσωμάτου
1823 3225 1866 3285 c

207 3299 586 3371 μαρμαρυγὰς
632 3299 1081 3372 ὑπερϐαλλούσας
1123 3302 1224 3366 τὰς
1257 3302 1491 3372 ήλιακάς
1513 3319 1527 3333 ⁸
1565 3299 1674 3357 εἶδε
1704 3305 1791 3356 λο-

206 3392 369 3460 γικοῦ
425 3392 705 3464 έωσφόρου
743 3391 974 3459 ἀείζωον
1004 3393 1188 3464 αὑγήν
1221 3410 1236 3425 ο
1271 3390 1380 3447 εἶδε
1424 3395 1598 3464 φλόγα
1627 3394 1789 3464 ψυχι-

206 3484 311 3556 κὴν
336 3523 353 3548 ,
387 3482 573 3554 νοεροῦ
615 3484 786 3553 φάους
819 3486 1344 3556 συναστράπτουσαν
1393 3486 1586 3556 αῐγλην
1620 3505 1634 3520 ο
1667 3488 1792 3541 ὅθεν

205 3575 283 3639 ὡς
310 3575 412 3630 οὐκ
444 3576 610 3631 ἀῡλον
641 3577 1034 3632 κατατέθεικεν
1066 3580 1099 3650 ἠ
1140 3580 1455 3651 πάνσεμνος
1494 3579 1588 3632 τοῦ
1622 3579 1789 3648 ἀγγέ-

205 3667 298 3723 λου
344 3669 443 3741 τὴν
476 3669 712 3740 θεωρίαν
755 3670 890 3739 όμοῦ
923 3669 1022 3724 καὶ
1074 3671 1388 3744 συντυχίαν,
1421 3670 1497 3736 ὡς
1548 3671 1732 3726 ίδαιῦσα
1763 3671 1791 3726 ὃ

205 3761 338 3832 ἄλλη
380 3763 481 3816 οὐκ
513 3762 736 3828 ἐδέξατο
763 3762 948 3832 φύσις.

281 3852 332 3910 ι’.
364 3857 652 3925 Δεσμεῖται
695 3855 752 3909 δὲ
814 3856 909 3908 καὶ
951 3855 1228 3927 Ζαχαρίας
1272 3857 1340 3925 τῇ
1384 3855 1600 3926 ἀφωνία
1631 3855 1788 3923 ἁγίου

204 3948 519 4018 ἀπιστήσας
577 3946 856 4016 ἀγγέλουι
917 3947 1041 4000 ἐπεὶ
1087 3947 1197 4019 γάρ
1264 3946 1490 4016 ἔμελλεν
1524 3949 1608 4010 εἰς
1671 3947 1790 4015 φῶς

205 4039 574 4113 προέρχεσθαι
607 4040 669 4094 ὲκ
694 4039 936 4111 γαστρὸς
959 4041 987 4093 6
1005 4039 1100 4092 τοῦ
1126 4040 1306 4108 φωτὸς
1333 4039 1645 4112 πρόδρομος
1692 4039 1788 4093 τοῦ

204 4132 462 4205 ἀληθινοῦ
507 4132 781 4204 Ἰωάννης,
817 4133 850 4204 ἡ
879 4131 1048 4202 φωνὴ
1093 4131 1337 4202 δηλονότι
1382 4131 1490 4186 τοῦ
1517 4130 1790 4198 ,βοῶντος

203 4226 276 4279 ἐν
304 4223 380 4293 τῇ
410 4223 609 4295 ἐρήμῳ
642 4225 774 4296 ἡμῖν
806 4226 920 4289 τοῖς
971 4223 1029 4291 ἐξ
1085 4222 1256 4277 ἐθνῶν
1295 4223 1624 4294 Ἐκκλησίας
1644 4264 1659 4288 ,
1691 4222 1787 4276 τοῦ

205 4318 372 4388 νόμου
403 4318 636 4388 γέροντα
669 4317 846 4385 λέγων
870 4334 887 4352 ο
920 4309 983 4371 οὗ
1018 4317 1189 4370 τύπον
1228 4316 1514 4388 ὲκκληρῶν
1546 4318 1573 4369 6
1605 4315 1789 4386 πατὴρ

205 4406 505 4478 Ζαχαρίας,
553 4406 839 4477 προτίκτει
904 4407 998 4461 τοῦ
1057 4407 1297 4477 Χριστοῦ
1353 4409 1530 4479 μῆνας
1580 4406 1639 4473 ἒξ
1697 4407 1789 4459 τὸν

219 4498 475 4570 Ἰωάννην
505 4516 520 4530 ο
558 4502 680 4554 Οὐκ
728 4495 810 4570 ἦν
845 4499 955 4570 γάρ
986 4499 1220 4565 ἐκεῖνος
1250 4500 1317 4554 τὸ
1370 4499 1499 4568 φῶς
1525 4515 1540 4532 ο
1578 4499 1672 4553 καὶ
1701 4499 1789 4553 διὰ

1897 2274 2028 2330 dere
2045 2277 2242 2346 potuit,
2261 2287 2322 2333 ut
2346 2279 2399 2333 in
2432 2278 2620 2336 famuli
2644 2281 2983 2342 formositate
3007 2288 3343 2348 Dominicam
3371 2297 3494 2365 pul-

1899 2367 2265 2424 chritudinem
2281 2371 2796 2432 admiraretur.ldeo
2811 2377 2995 2434 divino
3013 2386 3271 2438 mandato
3287 2386 3497 2457 ingres-

1898 2475 1992 2515 sus
2012 2472 2096 2517 εει
2119 2462 2186 2516 ad
2205 2477 2323 2517 eam
2365 2465 2728 2537 archangelus
2751 2484 3021 2527 summam
3047 2475 3096 2529 ei
3131 2477 3492 2546 pulchritudi-

1897 2565 2020 2606 nem
2035 2554 2702 2629 ostendens,formamque
2727 2562 2857 2630 ipsis
2884 2565 3050 2621 radiis
3066 2569 3178 2623 sola
3188 2571 3338 2628 ribus
3359 2575 3495 2630 luci-

1898 2645 2106 2700 diorem
2129 2685 2144 2711 ,
2184 2648 2390 2703 sensim
2427 2653 2676 2720 aperiens
2703 2669 2852 2724 purae
2893 2659 3097 2730 Virgini
3133 2665 3489 2732 purissimam

1898 2735 2264 2794 formositatis
2310 2756 2425 2796 suae
2465 2745 2876 2814 proprietatem.
2933 2749 3090 2807 Unde
3139 2755 3306 2810 etiam
3357 2758 3492 2813 vidit

1898 2833 2161 2902 speciem,
2180 2834 2366 2890 aeterni
2389 2839 2781 2907 propemodum
2808 2838 2997 2897 ﬂuenti
3023 2845 3284 2900 reflexum
3309 2849 3492 2918 splen-

1897 2921 2109 2980 dorem.
2159 2924 2310 2980 Vidit
2357 2927 2754 2984 formositatem
2812 2932 3155 2990 formositate
3200 2941 3487 3008 majorem,

1899 3025 2154 3071 ornatum
2204 3018 2379 3087 ipsius
2421 3029 2655 3076 ornatus
2691 3040 2705 3077 :
2737 3023 2871 3078 vidit
2919 3028 3269 3096 peregrinum
3311 3031 3489 3100 splen-

1898 3106 2085 3162 dorem
2110 3119 2378 3179 etprazter
2407 3112 2626 3167 solitum
2656 3131 2669 3168 :
2703 3115 2839 3170 vidit
2873 3116 3216 3188 incorporea;
3238 3123 3489 3178 substan-

1899 3199 1986 3253 tia:
2028 3200 2265 3271 fulgores
2319 3202 2594 3260 solaribus
2638 3207 2953 3276 superiores
2986 3226 2999 3264 :
3033 3210 3171 3265 vidit
3201 3214 3485 3272 rationalis

1897 3288 2114 3345 luciferi
2149 3307 2368 3362 semper
2396 3294 2580 3350 vivum
2610 3296 2956 3365 splendorem
2982 3317 2995 3354 :
3022 3301 3157 3357 vidit
3185 3305 3483 3362 animatam

1893 3378 2193 3445 flammam,
2223 3383 2607 3439 intellectualis
2633 3385 2772 3441 lucis
2799 3388 3112 3446 rutilantem
3156 3393 3482 3453 claritatem.

1892 3468 2073 3536 Quare
2100 3481 2361 3544 tanquam
2394 3490 2501 3529 non
2535 3477 2949 3534 immaterialem
2978 3487 3286 3540 veneranda
3320 3486 3483 3560 Virgo

1891 3565 2107 3634 excepit
2143 3568 2322 3636 angeli
2357 3569 2622 3623 visionem
2659 3581 2824 3642 atque
2854 3588 3181 3645 occursum;
3230 3594 3329 3635 ceu
3360 3599 3481 3653 quae

1892 3656 2123 3724 viderat,
2151 3662 2294 3728 quod
2330 3661 2421 3715 alii
2457 3678 2740 3733 nunquam
2774 3667 3004 3739 contigit
3032 3679 3264 3727 natura.

1971 3855 2055 3911 10.
2091 3855 2273 3914 Mutus
2326 3859 2385 3914 lit
2412 3859 2730 3927 Zacharias,
2764 3863 2858 3933 qui
2905 3865 3101 3936 angelo
3131 3879 3325 3926 sancto
3368 3890 3475 3928 non

1889 3946 2197 4003 crediderat
2226 3967 2238 4003 :
2275 3950 2402 4019 quia
2439 3952 2646 4008 scilicet
2675 3969 3037 4023 processurus
3080 3968 3200 4014 erat
3221 3975 3285 4015 ex
3316 3973 3477 4017 utero

1890 4039 1944 4094 in
1980 4041 2183 4106 lucem,
2223 4057 2363 4097 verae
2393 4042 2530 4100 lucis
2567 4060 2878 4115 praecursor
2899 4047 3159 4117 Joannes,
3181 4068 3280 4108 vos:
3313 4055 3476 4109 nimi-

1890 4145 2010 4184 tum
2041 4131 2324 4186 clamantia
2351 4134 2406 4186 in
2440 4136 2646 4188 deserto
2673 4135 2739 4201 °',
2792 4139 2951 4194 nobis
2997 4141 3090 4209 qui
3123 4158 3188 4196 ex
3230 4143 3471 4212 gentium

1890 4221 2134 4276 Ecclesia
2166 4238 2375 4287 sumus,
2401 4224 2536 4296 legis
2560 4237 2898 4283 senectutem
2935 4230 3262 4288 edicturus:
3306 4237 3469 4306 cujus

1889 4322 2076 4384 typum
2132 4330 2326 4385 gerens
2380 4315 2672 4374 Zacharias
2716 4320 3001 4392 gignitsex
3027 4334 3154 4379 ante
3191 4326 3470 4383 Christum

1890 4405 2177 4462 mensibus
2225 4407 2542 4466 Joannem:
2599 4411 2724 4467 Non
2764 4417 2907 4469 enim
2955 4425 3071 4471 erat
3123 4418 3213 4473 ille
3256 4421 3351 4475 lux
3373 4421 3468 4488 “;

1890 4496 2124 4567 ideoque
2157 4512 2283 4554 ante
2303 4516 2395 4556 sex
2435 4517 2654 4559 menses
2683 4509 2933 4577 suscepit
2971 4509 3142 4563 ﬁlium
3173 4509 3467 4568 Joannem.

202 4591 364 4645 τοῦτο
418 4591 527 4663 πρὸ
574 4591 634 4656 ἒξ
672 4590 787 4661 εχει
825 4591 918 4644 τὸν
956 4591 1214 4662 Ἰωάννην
1241 4607 1256 4623 ο
1301 4590 1422 4662 μεθ’
1452 4591 1511 4644 6v
1544 4591 1782 4662 Χριστὸς

1891 4589 2016 4645 Post
2055 4607 2218 4661 quem
2242 4592 2497 4649 Christus
2527 4605 2687 4651 natus
2709 4607 2814 4665 est,
2832 4615 2931 4654 ceu
2965 4602 3193 4671 septima
3218 4607 3468 4673 quaedam

203 4682 420 4753 ιτέχθη,
453 4683 528 4746 ῶς
555 4682 756 4754 ἑϐδόμη
807 4697 894 4745 τις
938 4681 1122 4752 ἡμέρα
1155 4698 1168 4714 ο
1205 4681 1368 4746 αὐτὸς
1396 4681 1505 4753 γάρ
1527 4683 1674 4735 ἐστιν
1703 4682 1779 4746 ὼς

202 4773 420 4844 ἀληθῶς
445 4775 478 4845 ἡ
489 4774 605 4844 μῶν
639 4772 878 4844 μυστικὴ
895 4771 1004 4826 τῶν
1026 4772 1323 4828 Σαδϐάτων
1350 4774 1681 4838 ἀνάπαυσις,
1714 4774 1781 4844 ἦν

203 4864 499 4934 εὐλόγησεν
531 4865 559 4917 6
587 4863 695 4918 τῶν
725 4864 864 4918 ὅλων
892 4863 1026 4922 Θεδς
1059 4863 1153 4915 καὶ
1186 4865 1413 4934 ἡγίασεν
1438 4882 1452 4896 ο
1488 4865 1570 4918 ὅτι
1600 4865 1658 4917 ὲν
1684 4865 1782 4918 αύ-

200 4959 268 5028 τῇ
303 4956 398 5010 καὶ
435 4955 503 5010 δι’
525 4955 694 5027 αὐτῆς
716 4956 1067 5011 κατέπαυσεν
1093 4955 1200 5008 ἀπὸ
1224 4956 1446 5010 πάντων
1471 4955 1579 5010 τῶν
1603 4955 1780 5026 ἔργων

202 5048 369 5104 αὑτοῦ
393 5063 407 5078 ⁸
437 5049 532 5102 καὶ
581 5049 743 5112 αὑτός
787 5049 936 5102 ἐστιν
967 5048 1136 5111 δντως
1170 5046 1376 5119 ἀληθὴς
1400 5047 1501 5117 τῆς
1534 5048 1780 5118 μεγάλης

203 5141 402 5212 βουλῆς
440 5138 532 5193 τοῦ
553 5139 766 5212 Πατρὸς
792 5138 1184 5210 Ἀρχάγγελος,
1209 5140 1304 5194 καὶ
1328 5139 1488 5202 αὐτὸς
1520 5139 1722 5211 Κύριος
1752 5142 1780 5194 6

200 5235 332 5298 Θεὸς
355 5233 640 5304 δυνάμεων
673 5247 686 5261 ·
718 5231 908 5303 διόπερ
943 5231 1090 5303 αὐτῷ
1120 5233 1408 5287 ὑπείκουσι
1439 5234 1531 5286 καὶ
1554 5234 1774 5287 δουλεύ-

199 5343 320 5380 ουσι
376 5325 471 5380 καὶ⁸
531 5322 870 5378 διακονοῦσιν
942 5326 1001 5378 ἐν
1062 5325 1228 5378 παντὶ
1279 5325 1466 5396 τρόπῳ
1522 5326 1616 5379 καὶ
1684 5327 1774 5379 τό-

199 5428 286 5487 πῳ
326 5415 426 5484 τῆς
475 5416 742 5483 ὲνσάρκου
802 5416 1115 5486 οἰκονομίας
1171 5415 1338 5469 αὐτοῦ
1380 5418 1430 5469 οἱ
1468 5417 1615 5486 ἀγιοι
1679 5418 1777 5471 καὶ

199 5507 573 5577 φιλάνθρωποι
601 5507 678 5570 ῶς
722 5506 1088 5577 φιλανθρώπῳ
1114 5509 1360 5579 Δεσπότῃ
1407 5509 1456 5560 οι
1507 5509 1730 5577 ἀγγελοι
1759 5525 1772 5539 ο

199 5601 296 5654 καί
337 5617 466 5653 ποτε
525 5599 626 5671 μὲν
676 5597 844 5652 αὐτοῦ
899 5599 1253 5670 γεννηθέντος
1283 5600 1347 5654 τὸ
1384 5601 1526 5656 κατὰ
1568 5604 1771 5672 σάρκα,

198 5690 426 5761 ἄγγελοι
477 5688 928 5763 πρωτογνῶστως
975 5693 1092 5754 τοῖς
1138 5691 1394 5762 ποιμέσιν
1443 5693 1771 5763 ἐπέστησαν,

203 5782 696 5853 μυσταγωγοῦντες
723 5780 947 5846 τούτους
974 5784 1043 5853 τῇ
1080 5783 1136 5834 ὲν
1163 5781 1408 5855 Βηθλεὲμ
1437 5784 1602 5839 αὑτοῦ
1632 5803 1767 5855 φατ-

271 5899 318 5934 ⁶³
351 5899 455 5954 lsa.
491 5914 576 5964 ιιι,
611 5899 665 5954 3.
745 5900 790 5931 “
817 5897 974 5957 Joan.
1008 5915 1046 5965 t,
1086 5903 1140 5956 8.

1878 4680 2015 4735 dies.
2058 4680 2176 4752 Ipse
2209 4682 2356 4737 enim
2387 4699 2514 4741 vere
2543 4686 2701 4743 nobis
2729 4698 2815 4744 est
2841 4693 3068 4760 mystica
3105 4692 3468 4751 Sabbatornm

1878 4774 2121 4842 requies,
2179 4776 2271 4829 cui
2319 4776 2595 4833 benedixit
2651 4782 2984 4837 universalis
3029 4783 3196 4851 Deus,
3249 4796 3303 4842 et
3345 4804 3465 4843 eam

1879 4867 2278 4935 sanctificavit;
2317 4869 2444 4939 quia
2471 4869 2524 4923 in
2553 4870 2668 4940 ipsa
2690 4879 2744 4924 et
2773 4882 2992 4942 propter
3023 4875 3194 4944 ipsam
3223 4877 3290 4931 ab
3315 4878 3464 4932 omni

1880 4970 2044 5026 opere
2082 4971 2185 5011 suo
2207 4959 2493 5028 requievit.
2531 4959 2592 5013 Et
2627 4959 2744 5029 ipse
2773 4969 2856 5016 est
2885 4977 3076 5032 reapse
3104 4979 3262 5019 verus
3286 4970 3463 5038 magni

1885 5048 2098 5118 paterni
2134 5049 2346 5104 consilii
2373 5050 2755 5121 archangelus,
2791 5052 2905 5123 ipse
2931 5055 3194 5111 Dominus
3224 5072 3288 5112 ac
3320 5058 3464 5116 Deus

1884 5141 2177 5199 virtutum.
2239 5139 2584 5213 Quapropter
2645 5144 2746 5214 ipsi
2798 5145 3188 5215 subjiciuntur,
3231 5158 3285 5203 et
3346 5166 3464 5205 ser-

1885 5234 2063 5297 viunt,
2095 5245 2259 5305 atque
2315 5236 2634 5291 ministrant
2665 5238 2996 5294 omnimodis
3039 5250 3092 5295 et
3142 5243 3290 5295 omni
3338 5243 3462 5298 loco

1884 5344 1980 5397 per
2010 5345 2176 5384 omne
2214 5329 2613 5385 incarnationis
2657 5342 2873 5402 tempus
2927 5335 3100 5389 sancti
3147 5347 3198 5390 et
3237 5337 3458 5408 benigni

1885 5435 1983 5475 ceu
2014 5428 2206 5475 sancto
2230 5429 2283 5474 et
2316 5421 2552 5491 benigno
2586 5421 2815 5478 Domino
2858 5425 3056 5494 angeli.
3093 5425 3305 5481 Etenim
3332 5440 3458 5482 nato

1881 5511 1977 5566 illo
2010 5512 2063 5566 in
2100 5527 2287 5577 carne,
2323 5514 2497 5583 angeli
2527 5514 2716 5583 prima:
2757 5517 2963 5572 notitiae
2993 5529 3245 5573 auctores
3269 5531 3456 5588 pasto-

1880 5602 2032 5656 ribus
2062 5601 2306 5666 fuerunt,
2357 5605 2675 5660 nuntiantes
2717 5606 2882 5675 hujus
2913 5610 3053 5676 apud
3082 5608 3452 5663 Bethleemutn

1878 5693 1935 5748 in
1965 5693 2194 5764 prascpi
2254 5693 2618 5749 nativitatem.
2672 5696 2904 5768 Moxque
2949 5699 3282 5756 admirantes
3335 5717 3453 5758 nia-

1877 5800 2042 5856 gnum
2075 5785 2194 5855 ejus
2224 5794 2277 5839 et
2311 5785 2646 5854 insperatum
2686 5789 2738 5842 in
2782 5790 3111 5859 paupercula
3148 5789 3320 5844 forma
3351 5789 3450 5844 bu-
