4172 6478
682 391 787 458 743

1873 384 1933 444 S.
1967 380 2360 443 THEODORI
2402 380 2751 442 STUDIT/E

3836 378 3944 442 7M

681 496 1015 557 manationis
1075 494 1419 568 mysterium,
1473 492 1658 550 Gloria
1710 494 1764 546 iu
1811 493 2032 546 cxelesis
2093 491 2258 545 Dea"

2373 493 2562 562 νοθέτῳ
2628 493 2928 561 γεννήσει·
2963 494 3058 545 καὶ
3107 487 3264 556 αὖθις
3317 490 3652 560 ἀγασθέντες
3686 491 3749 546 τὸ
3801 494 3947 563 μέγα

681 589 971 660 magnifice
1001 589 1254 658 elataque
1283 602 1414 642 voce
1465 587 1793 641 clamarunt.
1828 585 1960 639 Item
2011 582 2260 654 angelus,

681 699 780 738 ceu
807 681 1078 737 luminare
1103 680 1326 736 caeleste
1376 680 1430 735 in
1473 679 1642 734 stellze
1684 679 1913 748 liguram
1941 690 2260 740 conversus,

683 776 786 829 viae
832 775 940 828 dux
998 773 1103 827 fuit
1133 774 1328 844 magis,
1384 787 1585 826 vocans
1614 770 1681 824 ad
1732 771 1872 824 viam
1914 785 2035 839 quae
2090 768 2261 822 dicit:

684 867 798 936 Ego
822 881 940 919 sum
972 866 1056 920 via
1086 865 1150 918 ‘°.
1182 863 1396 919 Rursus
1419 863 1704 917 oraculum
1734 861 1845 915 edit
1871 859 2118 930 angelus,
2142 864 2266 927 post

683 973 968 1028 magorum
1015 958 1344 1021 discessum,
1409 954 1671 1024 Jusepho,
1717 964 1777 1008 ut
1818 969 1944 1008 eum
1997 952 2166 1006 Matre
2201 967 2266 1006 ac

683 1049 814 1105 Jesu
872 1050 926 1104 in
969 1047 1262 1119 Egyptum
1318 1047 1600 1118 migraret.
1660 1045 2002 1114 Disceditque
2053 1044 2266 1115 fugiens

688 1141 835 1198 Deus
862 1142 930 1196 ah
961 1141 1202 1204 homine,
1252 1154 1454 1194 arcano
1500 1137 1816 1194 oeconomia:
1841 1137 2087 1201 consilio,
2122 1136 2264 1190 haud

683 1235 934 1304 equidem
971 1243 1200 1287 mortem
1259 1232 1475 1296 timens,
1512 1231 1602 1301 qui
1638 1239 1719 1285 est
1766 1230 2048 1284 hominum
2077 1229 2264 1298 judex,

685 1329 778 1384 sed
809 1329 904 1382 tihi
936 1327 1162 1396 figuram
1229 1326 1642 1394 exemplumque
1691 1323 1959 1394 prabens,
2027 1323 2268 1390 liuesque

685 1422 900 1475 timoris
935 1429 988 1473 et
1022 1419 1196 1472 virilis
1231 1417 1420 1482 animi,
1452 1415 1799 1486 quandonam
1833 1414 1993 1470 etuhi
2016 1424 2066 1468 et
2100 1428 2269 1484 quare

685 1511 1089 1583 opportunitate
1142 1511 1197 1564 in
1231 1510 1443 1564 cunctis
1476 1507 1735 1563 utendum
1789 1507 1877 1562 sit.
1928 1506 2044 1560 Non
2086 1516 2264 1561 tamen

687 1621 858 1676 usque
887 1605 952 1658 ad
984 1603 1279 1675 Egyptum
1317 1602 1691 1656 tantummodo
1723 1602 2040 1671 angelorum
2089 1599 2268 1654 laniu-

685 1696 828 1750 latus
870 1695 1158 1748 Dominum
1196 1708 1354 1749 suum
1409 1692 1702 1748 comitatus
1745 1701 1851 1756 est,
1887 1691 1979 1745 sed
2011 1692 2172 1746 etiam
2201 1707 2268 1746 ex

685 1780 922 1853 Egypto
954 1781 1184 1836 reditum
1215 1781 1441 1850 angelus
1464 1778 1703 1848 Josepho
1733 1779 1951 1834 indixit.

2367 587 2464 638 καὶ
2515 586 2817 656 παράδοξον
2866 585 3032 639 αὑτοῦ
3060 586 3160 656 τῆς
3189 587 3629 657 πτωχοπρεποῦς
3665 587 3948 658 ἔνανθρωο

2365 678 2583 746 πήσεως
2619 680 2936 748 μυστήριον,
2952 678 3033 742 τὸ,
3059 679 3232 742 Δόξα,
3253 676 3550 747 λαμπρῶς,
3571 680 3639 732 ὲν
3661 680 3945 749 ὑψίστοις

2368 766 2511 846 Θεῷ,
2534 769 2871 839 διαπρυσίως
2894 769 3195 839 ὲκέκραγον
3218 785 3230 800 ·
3254 770 3349 824 καὶ
3374 770 3601 839 ἄγγελος
3619 771 3692 834 ὡς
3721 773 3952 842 φωστὴρ

2366 862 2616 928 οὐράνιος
2670 861 2751 924 εἰς
2809 862 3039 933 ἀστέρος
3090 863 3264 916 τύπον
3319 863 3650 934 μορφωθεὶς,
3681 866 3784 934 τὴν
3829 866 3950 918 ὁδὸν

2367 951 2618 1006 ὡδοποίει
2685 955 2882 1023 μάγοις
2959 954 3141 1007 καλῶν
3231 955 3367 1026 πρὸς
3456 955 3554 1027 τὴν
3637 957 3756 1010 ὁδὸν
3845 959 3951 1027 τὴν

2367 1043 2631 1112 λέγουσαν
2661 1061 2674 1074 ·
2719 1047 2864 1116 Ἐπτὺ
2927 1048 3043 1116 εἰμι
3106 1046 3246 1114 ὁδός
3276 1063 3290 1078 ⁸
3330 1048 3690 1119 χρησμοτοδεῖ
3735 1050 3794 1103 δὲ
3854 1052 3953 1105 καὶ

2369 1137 2532 1190 πάλιν
2582 1134 2738 1201 αὖθις
2789 1140 3037 1208 ἄγγελος,
3072 1140 3544 1211 ἀναχωρησάντων
3591 1141 3700 1194 τῶν
3729 1144 3948 1212 μάγων,

2384 1228 2601 1299 Ἰωσὴφ,
2654 1231 2749 1282 σὺν
2809 1233 2874 1302 τῇ
2935 1233 3118 1302 Μητρὶ
3172 1233 3266 1286 καὶ
3334 1231 3510 1304 Ἰησοῦ
3566 1234 3666 1303 τὴν
3716 1235 3952 1306 ἔπαρσιν

2371 1320 2645 1372 ποιεῖσθαι
2669 1319 2756 1372 ἐπ’
2790 1320 3065 1386 Αἰγυπτον
3090 1337 3105 1350 ·
3148 1321 3242 1374 καὶ
3267 1321 3476 1393 οἴχεται
3509 1323 3686 1392 φυγὰς
3715 1324 3855 1387 Θεὸς
3883 1328 3952 1378 ἐκ

2373 1409 2567 1481 βροτοῦ
2604 1413 2986 1479 οἰκονομικῶς,
3004 1412 3065 1467 ού
3092 1412 3329 1483 φρίττων
3350 1413 3543 1482 θνητὸν
3571 1416 3600 1469 6
3624 1417 3817 1488 κριτὴς
3837 1418 3953 1470 τῶν

2371 1501 2600 1572 βροτῶν,
2630 1502 2766 1556 άλλά
2794 1520 2877 1554 σοι
2902 1503 3071 1556 τύπον
3098 1504 3191 1556 καὶ
3215 1503 3401 1556 εἰκόνα
3429 1503 3628 1570 διδοὺς,
3652 1506 3746 1558 καὶ
3785 1506 3954 1578 ὅρους

2368 1593 2572 1654 δειλίας
2607 1593 2700 1646 καὶ
2731 1593 3005 1664 ἀνδρείας,
3035 1593 3163 1646 πότε
3189 1595 3285 1648 καὶ
3313 1594 3416 1648 πού
3445 1597 3537 1648 καὶ
3576 1596 3768 1667 καιρὸν
3809 1598 3954 1650 εἰδέ-

2370 1701 2457 1736 ναι
2486 1686 2596 1747 τοῖς
2625 1685 2792 1740 35.3w
2821 1700 2835 1713 ·
2868 1685 2929 1736 οὗ
2961 1683 3125 1752 μέχρι
3151 1683 3208 1737 δὲ
3252 1683 3530 1752 Αἰγύπτου
3559 1687 3592 1756 ή
3631 1686 3740 1738 τῶν
3777 1687 3954 1754 άγγέ-

2370 1773 2476 1826 λων
2499 1774 2631 1844 πρὸς
2654 1773 2745 1826 τδν
2771 1774 2979 1827 ἑαυτῶν
3009 1776 3288 1844 Δεσπότην
3312 1774 3645 1846 λειτουργία,
3682 1775 3818 1830 άλλά
3853 1779 3954 1830 καὶ

885 1873 1085 1927 Deinde
1113 1887 1240 1926 vero
1275 1841 1403 1940 quid
1437 1871 1459 1925 3
1493 1841 1612 1924 Alia
1659 1886 1878 1941 quoque
1939 1874 2008 1926 ab
2065 1871 2269 1941 angelis

2373 1865 2466 1917 ἀπ’
2497 1841 2773 1932 Αἰγύπτου
2797 1865 3028 1933 ἄγγελος
3056 1864 3134 1936 τῷ
3175 1841 3371 1936 Ἰωσήφ
3399 1841 3594 1936 μηνύει
3621 1866 3720 1936 τὴν
3744 1867 3950 1931 ἔξοδον.

689 1964 928 2020 factitata
968 1963 1225 2032 reperies.
1261 1963 1449 2033 Angeli
1486 1961 1754 2031 siquidem
1785 1964 1850 2017 ad
1886 1961 2271 2032 Jesumbnpti-

688 2064 872 2108 zatum
934 2052 1280 2106 ministraudi
1318 2052 1490 2120 gratia
1526 2051 1583 2104 in
1617 2052 1832 2106 deserto
1881 2063 2264 2108 accesserunt:

687 2160 796 2199 non
837 2142 982 2214 quod
1017 2157 1254 2210 unquam
1284 2156 1313 2194 a
1340 2141 1570 2196 Domino
1607 2156 1708 2196 suo
1735 2141 2060 2207 ahfuisseut,
2089 2143 2182 2198 sed
2212 2152 2270 2198 ut

690 2249 834 2302 tu,o
878 2236 1072 2300 fidelis,
1125 2233 1398 2298 crederes,
1469 2235 1752 2289 hominem
1818 2235 2148 2304 baptizatum
2215 2245 2266 2290 et

689 2329 1010 2384 munditiem
1044 2337 1484 2390 eonservantem,
1525 2328 1745 2396 angelos
1789 2328 2133 2380 invisibiliter
2164 2328 2270 2380 mi-

690 2422 894 2475 nis-tros
920 2417 1286 2486 custodesque
1335 2420 1556 2472 habere.
1601 2418 1754 2473 Unde
1785 2426 1838 2471 et
1891 2419 1943 2472 in
1981 2415 2268 2470 Probatica

692 2512 924 2580 piscina,
955 2507 1021 2560 ad
1084 2508 1334 2577 baptismi
1390 2508 1639 2575 figuram,
1677 2508 1902 2578 angelus
1959 2508 2272 2563 sanatiOnes

690 2602 1100 2670 faciebatzqua
1161 2601 1214 2653 in
1270 2599 1478 2667 piscina
1532 2601 1710 2668 magni
1771 2600 1984 2654 consilii
2040 2601 2270 2669 angelus

691 2695 943 2750 Christus
974 2692 1181 2747 homini
1232 2692 1346 2760 jam
1385 2693 1608 2762 triginta
1659 2701 1710 2746 et
1741 2701 1864 2746 octo
1913 2707 2086 2746 annos
2113 2706 2271 2760 para-

692 2787 856 2858 lytico
903 2786 1136 2841 salutem
1189 2785 1458 2840 contulit:
1492 2784 1610 2854 ipse
1660 2782 1942 2837 tricesimo
1985 2781 2109 2835 vitae
2158 2795 2272 2835 suae

690 2895 838 2933 anno
867 2879 1194 2947 baptizatus,
1221 2887 1274 2932 et
1307 2877 1450 2930 illius
1498 2877 1744 2947 quinque
1781 2888 1975 2930 sensus
2003 2872 2108 2928 fide
2147 2873 2272 2926 Tri-

692 2971 878 3025 nitatis
913 2970 1244 3040 prodigiose,
1271 2983 1494 3023 sanans.
1527 2968 1630 3022 Sed
1666 2983 1856 3037 parum
1905 2963 2096 3025 abfuit,
2140 2965 2270 3034 quin

690 3066 836 3135 quod
867 3075 948 3117 est
1002 3078 1110 3132 pra:
1156 3064 1367 3116 caeteris
1411 3078 1686 3116 summum
1726 3073 1782 3117 et
1828 3061 2158 3124 mirabilius,
2216 3060 2272 3113 in

2445 1955 2532 2010 ια’.
2563 1953 2695 2011 Εἶτα
2727 1957 2818 2023 τίς
2859 1958 2956 2011 καὶ
2998 1958 3068 2010 τά
3105 1957 3240 2012 ἄλλα
3268 1959 3397 2030 περὶ
3437 1959 3684 2028 ἀγγέλων
3716 1958 3902 2030 εὕροις
3936 1977 3951 1990 ⁸

2371 2047 2592 2119 άγγελοι
2630 2050 2728 2120 μὲν
2752 2051 2831 2122 τῷ
2874 2050 3050 2122 Ἰησοῦ
3084 2049 3438 2120 βαπτισθέντι
3472 2052 3530 2104 ιν
3557 2053 3625 2124 τῇ
3649 2052 3847 2123 ἐρήμῳ
3873 2054 3957 2117 εἰς

2369 2141 2648 2195 διακονίαν
2670 2142 3067 2213 προσέρχονται
3096 2159 3110 2174 ο
3133 2143 3232 2213 οὐχ
3259 2143 3344 2196 ὅτι
3367 2141 3588 2196 πώποτε
3615 2141 3709 2196 τοῦ
3739 2143 3955 2199 ἑαυτῶν

2370 2234 2641 2286 Δεσπότου
2677 2233 3017 2304 ἀπέστησαν,
3054 2235 3168 2288 ἀλλ’
3192 2236 3342 2299 ὅπως
3380 2237 3446 2290 σὺ
3473 2235 3755 2306 πιστωθῇς
3797 2237 3827 2290 6
3862 2253 3924 2289 πι

2373 2323 2517 2385 στὸς,
2548 2324 2632 2376 ὅτι
2683 2323 3009 2393 βαπτισθεὶς
3055 2324 3150 2377 καὶ
3187 2325 3472 2392 φυλάττων
3498 2325 3600 2394 τὴν
3657 2325 3953 2398 κάθαρσιν,

2371 2413 2636 2481 ἀγγέλους
2665 2413 2914 2484 ἀοράτως
2944 2415 3080 2484 πρὸς
3110 2415 3387 2470 διακονίαν
3413 2417 3506 2471 καὶ
3526 2419 3760 2489 τήρησιν
3788 2421 3956 2490 κομί-

2372 2502 2524 2568 ζεται
2549 2519 2562 2533 ⁸
2593 2504 2713 2558 ὅθεν
2761 2507 2856 2558 καὶ
2908 2507 2967 2560 ὲν
3021 2509 3088 2577 τῇ
3123 2505 3437 2577 Προδατικῇ
3481 2508 3843 2587 κολυμϐήθρα
3873 2513 3957 2573 εἰς

2369 2595 2511 2649 τύπο
2523 2595 2648 2650 ντοῦ
2672 2595 3050 2668 βαπτίσματος
3078 2599 3307 2666 άγγε-λος
3334 2599 3431 2662 τὰς
3460 2600 3629 2664 ἰάσεις
3648 2602 3956 2656 ἐνεδείκνυ-

2368 2703 2430 2740 το
2453 2729 2468 2753 ,
2495 2689 2554 2740 ὲν
2651 2691 2678 2742 6
2704 2690 2805 2760 τῆς
2841 2691 3087 2762 μεγάλης
3116 2691 3314 2762 βουλῆς
3344 2692 3609 2761 Ἀγγελος
3632 2696 3661 2748 6
3689 2695 3951 2766 Χριστὸς.

2369 2779 2456 2832 διὰ
2479 2783 2774 2850 τριάκοντα
2796 2783 2890 2836 καὶ
2914 2782 3060 2837 ὀκτὼ
3081 2783 3220 2838 ἑτῶν
3240 2784 3316 2856 τῷ
3339 2785 3636 2858 παραλύτῳ
3655 2787 3958 2858 ἐχαρίσατο

2373 2872 2518 2925 ῖασιν
2538 2891 2550 2904 ·
2584 2877 3012 2945 τριακονταέτης
3064 2877 3485 2948 βαπτιζόμενος,
3513 2879 3608 2933 καὶ
3639 2880 3739 2944 τὰς
3789 2883 3954 2934 πέντε

2372 2965 2564 3019 τούτου
2590 2967 2871 3039 αἰσθήσεις
2914 2973 2982 3039 τῇ
3028 2970 3210 3024 πίστει
3239 2972 3337 3042 τῆς
3365 2972 3596 3044 Τριάδος
3627 2975 3957 3046 παραδόξως

2379 3057 2629 3127 ἰώμενος.
2661 3060 2860 3131 Μικρῳ
2890 3063 2984 3114 καὶ
3021 3062 3154 3117 αὐτὸ
3174 3063 3236 3116 τὸ
3273 3064 3492 3120 πάντων
3515 3066 3954 3137 κορυφαιότατον

693 3154 865 3210 sacris
896 3153 1145 3208 historiis
1183 3153 1252 3207 de
1299 3153 1512 3222 angelis
1543 3155 1801 3216 relatum,
1835 3153 2097 3207 indictum
2132 3167 2271 3221 prmo

2375 3149 2472 3201 καὶ
2503 3149 2953 3223 θαυμασιώτερον
2984 3156 3041 3206 ὲν
3071 3154 3401 3226 πράγμασιν
3428 3156 3597 3227 ἰεροῖς
3617 3158 3744 3228 περὶ
3779 3157 3957 3226 ἀγγέ-

694 3245 938 3299 terirem.
990 3241 1162 3309 Quale
1216 3257 1346 3297 vero
1401 3252 1486 3298 est
1551 3242 1697 3297 hoc?
1729 3241 1808 3296 Illi
1863 3242 2071 3297 scilicet
2124 3240 2273 3295 circa

691 3335 896 3390 Christi
937 3335 1211 3390 virilicum
1263 3335 1577 3404 sepulcrum
1609 3333 1967 3402 inexspectati
1997 3343 2050 3388 et
2085 3333 2274 3387 multi-

694 3429 899 3485 formes
929 3431 1122 3500 angeli,
1155 3445 1387 3500 quorum
1419 3445 1545 3485 vere
1581 3431 1850 3502 peregrini
1880 3439 1935 3486 et
1952 3431 2121 3487 relatu
2156 3445 2274 3484 ma-

691 3525 841 3594 jores
877 3523 1183 3576 fuerunteo
1233 3523 1287 3576 in
1327 3523 1448 3577 loco
1481 3524 1762 3579 se‘rmones
1793 3534 1955 3594 atque
2007 3522 2271 3592 prodigia.

694 3613 811 3679 Qua
849 3615 899 3665 in
953 3627 1010 3666 re
1046 3612 1172 3665 illud
1235 3611 1290 3665 in
1346 3612 1536 3682 primis
1602 3612 1792 3666 sedulo
1856 3613 2274 3674 animadvertes,

695 3701 972 3775 quomodo
1001 3701 1181 3756 cuncti
1232 3699 1452 3755 Christo
1481 3700 1664 3754 dilecti
1719 3701 2002 3770 terrigena:
2055 3717 2278 3757 currere

695 3795 823 3848 illuc
853 3793 1123 3855 dicantur,
1157 3792 1250 3847 sed
1291 3808 1542 3862 superna:
1589 3802 1796 3848 natura:
1855 3794 2062 3862 alisque
2113 3809 2275 3848 cursu

697 3889 806 3942 illic
853 3887 1112 3941 sedentes
1143 3895 1457 3955 appareant.
1497 3883 1692 3940 Petrus
1747 3884 1930 3954 itaque
1974 3901 2277 3955 exsurgens

695 3981 761 4033 ad
815 3987 1229 4032 monumentum
1287 3977 1591 4042 currebat;
1641 3976 1736 4030 sed
1788 3975 1930 4030 alius
1974 3976 2277 4042 discipulus

698 4071 860 4125 Petro
913 4071 1074 4126 citius
1157 4070 1534 4140 praecucurrit.
1577 4067 1642 4123 Et
1713 4067 1882 4123 Maria
1965 4066 2278 4138 Magdalene

695 4164 890 4227 currit,
925 4162 1175 4232 venitque
1209 4161 1277 4215 ad
1335 4159 1611 4215 Simonem
1646 4159 1883 4216 Petrum.
1923 4160 1987 4214 Et
2035 4161 2151 4214 alia:
2171 4158 2278 4214 Ma-

696 4256 790 4309 riae
828 4254 1125 4308 currebant
1178 4252 1429 4306 nuntium
1469 4252 1703 4307 ferentes
1749 4252 2052 4322 discipulis.
2089 4250 2192 4306 Sed
2226 4252 2273 4306 ei

699 4350 801 4402 illa:
840 4346 980 4415 apud
1010 4343 1252 4398 Marcum
1285 4345 1540 4399 mulieres
1597 4344 1802 4399 cursim
1837 4359 1866 4398 a
1921 4352 2276 4398 monumento

697 4439 968 4510 fugerunt.
1010 4439 1080 4491 At
1108 4453 1214 4492 non
1246 4438 1318 4491 ita
1351 4437 1527 4507 angeli
1559 4453 1724 4492 cursu
1762 4445 2010 4502 utuntur,
2045 4435 2140 4491 sed
2166 4435 2276 4490 illic

698 4533 910 4596 sedent,
946 4531 1085 4584 alius
1119 4531 1184 4584 ad
1210 4539 1395 4600 caput,
1424 4531 1564 4586 alius
1598 4533 1660 4584 ad
1682 4529 1797 4584 saxi
1831 4528 2017 4599 pedes,
2049 4529 2274 4583 ubicor-
2304 4517 2351 4577 D

701 4641 801 4694 pus
832 4622 959 4679 Jesu
997 4623 1264 4693 jacuerat,
1301 4630 1356 4676 et
1392 4622 1483 4676 alii
1511 4623 1732 4693 quidem
1779 4621 1942 4688 intra,
1990 4621 2155 4691 lapidi
2185 4618 2272 4674 in-

697 4717 892 4771 sident.

768 4889 855 4944 12.
903 4887 1040 4956 Quid
1085 4903 1214 4959 ergo
1261 4888 1389 4944 hinc
1433 4888 1743 4944 discimus?
1789 4885 1992 4957 Nempe
2033 4903 2130 4945 eos
2177 4892 2270 4958 qui

699 4986 937 5038 nondum
968 4983 1150 5037 divina
1184 4981 1442 5053 mysteria
1483 4991 1870 5052 susceperunt,
1904 4998 2000 5036 ceu
2049 4983 2274 5054 terrige-

702 5087 800 5128 nas
823 5112 837 5137 ,
869 5071 1069 5126 'merito
1103 5087 1325 5126 currere
1345 5112 1362 5138 ,
1393 5071 1535 5126 sicut
1567 5073 1731 5125 etiam
1769 5069 1971 5125 Paulus
2000 5072 2077 5126 ait
2102 5070 2147 5102 ⁸⁷
2171 5113 2186 5138 ,
2215 5081 2274 5126 ut

701 5163 1180 5232 comprehendant.
1208 5160 1343 5216 Nam
1375 5161 1440 5215 ad
1477 5163 1733 5216 dilectum
1758 5163 1848 5232 qui
1883 5165 2072 5228 currit,
2105 5179 2268 5219 cursu

703 5255 898 5311 utitur.
928 5255 1051 5310 Ideo
1084 5257 1288 5312 sedisse
1325 5257 1582 5311 dicuntur
1604 5259 1746 5328 apud
1791 5259 2100 5328 sepulcrum
2147 5275 2272 5313 san-

702 5345 935 5401 ctissimi
974 5347 1150 5416 angeli
1175 5389 1189 5410 ,
1226 5363 1322 5402 ceu
1355 5347 1462 5416 iam
1497 5349 1649 5419 gnari
1688 5350 1994 5403 divinorum
2029 5366 2274 5405 resurre—

701 5439 898 5494 ctionis
947 5440 1376 5510 mysteriorum:
1424 5445 1517 5495 sed
1567 5441 1705 5495 alius
1747 5442 1966 5510 quidem
2004 5443 2069 5496 ad
2112 5451 2275 5511 caput

703 5532 853 5585 sedet
879 5571 894 5594 ,
928 5535 1054 5600 quia
1089 5531 1324 5589 fortasse
1356 5534 1748 5589 excelsioribus
1781 5536 2056 5604 mysteriis
2094 5536 2275 5589 initia-

702 5631 792 5678 tus
825 5641 840 5678 :
884 5623 1022 5678 alius
1058 5623 1124 5678 ad
1157 5625 1352 5694 pedes,
1393 5626 1520 5695 quia
1562 5629 1791 5681 fortasse
1821 5626 2142 5681 inferiorum
2174 5628 2270 5681 ali-

775 5829 820 5863 "
851 5828 986 5887 Luc.
1011 5847 1068 5897 Il,
1105 5833 1186 5888 Η.
1265 5833 1486 5890 "Joan.
1522 5851 1630 5904 MV,
1661 5835 1718 5906 6,
1813 5837 1857 5869 ⁸⁷
1899 5835 1914 5888 Ι
1947 5837 2074 5891 Cor.
2112 5853 2186 5900 ix,
2217 5834 2310 5890 24.

2375 3239 2482 3292 λων
2535 3240 2856 3311 φερόμενον,
2883 3241 2960 3311 τῷ
3017 3243 3162 3315 λόγῳ
3226 3245 3582 3318 παρέδραμον
3609 3264 3625 3280 ·
3696 3250 3853 3302 ποῖον
3894 3251 3954 3303 δὲ

2373 3332 2570 3398 τοῦτο;
2601 3333 2724 3396 τοὺς
2772 3332 2915 3386 κατὰ
2957 3333 3047 3387 τὸν
3085 3335 3183 3405 τῆς
3214 3334 3362 3407 ζωῆς
3396 3337 3956 3410 Χριστοῦζωηφόρον

2375 3425 2546 3494 τάφον
2574 3425 2913 3499 παραδόξους
2939 3443 3001 3479 τε
3031 3427 3124 3479 καὶ
3148 3427 3526 3498 πολυτρόπους
3553 3431 3844 3500 ἀγγέλους,
3877 3424 3956 3487 ῶν

2375 3519 2451 3582 ὼς
2481 3519 2692 3589 άληθῶς
2722 3519 2845 3584 ξένα
2874 3520 2968 3573 καὶ
2992 3519 3132 3590 ὑπὲρ
3173 3518 3333 3588 λόγον
3361 3519 3430 3573 τὰ
3472 3522 3612 3576 κατὰ
3635 3525 3800 3577 τόπον
3847 3543 3956 3596 κη-

2379 3611 2634 3680 ρύγματα
2663 3613 2758 3664 καὶ
2788 3612 3068 3681 θαυμάσια
3096 3629 3109 3642 ο
3147 3613 3206 3664 ἔν
3233 3605 3315 3674 οἷς
3339 3617 3637 3684 σκοπήσεις
3670 3619 3956 3687 ἔπιμελῶς

2377 3705 2485 3774 πρὸ
2517 3704 2630 3757 τῶν
2674 3706 2850 3758 ἄλλων
2880 3707 3077 3772 έκεῖνο,
3106 3705 3226 3769 πῶς
3255 3706 3354 3777 μὲν
3393 3707 3630 3773 ἅπαντες
3654 3711 3706 3763 οἰ
3730 3712 3957 3782 Χριστῷ

2377 3797 2699 3866 προσφιλεῖς
2730 3802 2989 3868 γηγενεῖς
3011 3801 3229 3870 τρέχειν
3254 3801 3372 3854 ἐκεῖ
3393 3801 3661 3869 λέγονται,
3687 3804 3741 3856 αἰ
3771 3804 3826 3857 δὲ
3852 3806 3958 3874 φύ-

2379 3907 2491 3953 σεις
2539 3892 2594 3942 αἰ
2630 3891 2898 3961 άνώτεραι
2943 3892 3140 3962 άδρομὶ
3190 3893 3518 3958 καθέζεσθαι
3565 3894 3848 3962 φαίνονται
3879 3912 3895 3928 ο
3927 3898 3958 3950 6

2382 3985 2482 4052 μὲν
2512 3983 2605 4036 οὖν
2639 3983 2843 4052 Πέτρος
2869 3985 3109 4048 ἀναστὰς
3158 3985 3392 4057 ἔδραμεν
3420 3985 3516 4039 ἐπὶ
3551 3985 3612 4039 τὸ
3647 3990 3916 4056 μνημεῖον
3940 4005 3953 4018 ·

2377 4076 2405 4127 6
2430 4074 2485 4126 δὲ
2514 4073 2672 4136 ἄλλος
2698 4075 2947 4144 μαθητὴς
2984 4075 3296 4147 προέδραμε
3334 4078 3522 4147 τάχιον
3563 4077 3656 4132 τοῦ
3697 4079 3904 4148 Πέτρου
3940 4097 3955 4112 ’

2379 4167 2472 4219 καὶ
2528 4165 2712 4237 Μαρία
2753 4166 3151 4238 ήΜαγδαληνὴ
3183 4170 3364 4238 τρέχει
3417 4171 3512 4223 καὶ
3546 4170 3763 4240 ἔρχεται
3816 4173 3960 4242 πρὸς

2378 4259 2596 4327 Σίμωνα
2633 4258 2840 4330 Πέτρον
2869 4273 2883 4286 ⁸
2920 4259 3014 4312 καὶ
3049 4260 3106 4312 αἰ
3136 4260 3293 4312 άλλαι
3319 4259 3531 4330 Μαρίαι
3566 4263 3804 4333 ἔδραμον
3841 4265 3957 4317 άπ-

2376 4350 2736 4418 αγγέλλουσαι
2762 4352 2875 4415 τοῖς
2901 4351 3168 4423 μαθηταῖς
3197 4368 3211 4382 ·
3242 4351 3333 4405 καὶ
3361 4353 3415 4404 αἰ
3441 4353 3582 4406 κατὰ
3612 4355 3704 4407 τὸν
3728 4356 3959 4426 Μάρκον

2375 4441 2576 4510 ὁμοίως
2629 4442 2687 4494 ὲν
2724 4443 2909 4514 δρόμῳ
2958 4443 3160 4512 ἔφυγον
3205 4443 3313 4496 ἀπὸ
3359 4443 3452 4497 τοῦ
3486 4447 3752 4514 μνημείου
3785 4463 3798 4476 ·
3836 4447 3958 4500 ἀλλ’

2377 4535 2476 4604 ούχ
2522 4535 2697 4598 οὕτως
2729 4535 2917 4590 ἐνθάδε
2949 4535 3136 4607 δρόμῳ
3181 4537 3535 4606 ἑμφαίνονται
3570 4538 3896 4610 καθήμενοι,
3928 4545 3958 4593 6

2377 4621 2432 4674 δὲ
2489 4621 2626 4691 πρὸς
2677 4625 2742 4694 τῇ
2795 4623 3024 4694 κεφαλῇ,
3058 4625 3150 4676 καὶ
3207 4626 3366 4689 ἄλλος
3418 4627 3555 4697 πρὸς
3609 4633 3722 4692 τοῖς
3772 4631 3954 4694 ποσὶν,

2379 4711 2510 4763 ὅπου
2565 4712 2745 4765 ἔκειτο
2795 4713 2856 4765 τὸ
2888 4717 3044 4781 σῶμα
3073 4714 3167 4767 τοῦ
3207 4715 3381 4780 Ἰησοῦ
3403 4734 3416 4746 ·
3443 4719 3536 4770 καὶ
3565 4718 3616 4769 οἰ
3651 4718 3750 4788 μὲν
3776 4720 3954 4784 ἐντὸς,

2377 4803 2425 4854 οἰ
2455 4801 2510 4855 δὲ
2543 4803 2698 4864 ἐκτὸς
2723 4804 2909 4856 ἐπάνω
2946 4803 3040 4856 τοῦ
3063 4804 3212 4857 λίθου
3244 4806 3566 4875 καθήμενοι.

2454 4893 2539 4963 ιβ’.
2572 4890 2748 4948 Τίοῦν
2774 4895 2863 4948 διά
2901 4895 3106 4948 τούτων
3157 4898 3501 4968 μανθάνομεν
3525 4917 3540 4965 ;
3565 4900 3647 4953 ὄτι
3692 4900 3740 4953 οἰ
3784 4902 3959 4971 μήπω

2376 4984 2445 5038 τὰ
2461 4985 2582 5039 θεῖα
2601 4987 2999 5050 καταλαὸόντες
3025 4990 3320 5058 μυστήρια,
3340 4990 3417 5052 ὡς
3439 4993 3707 5059 γηγενεῖς,
3728 4991 3958 5052 δικαίως

2375 5077 2682 5147 τρέχουσιν,
2715 5076 2788 5139 ὼς
2828 5077 2920 5129 καὶ
2954 5077 3163 5141 nasia;
3209 5096 3400 5147 φησιν,
3431 5081 3518 5132 ἵνα
3561 5081 3910 5136 καταλάσωσι
3938 5099 3954 5116 ·

2379 5168 2513 5238 πρὸς
2539 5168 2645 5238 γὰρ
2673 5167 2732 5220 τὸ
2764 5167 3098 5236 ποθούμενον
3129 5173 3156 5222 6
3189 5173 3400 5242 τρέχων
3439 5174 3657 5243 τρέχει·
3692 5173 3771 5228 διὸ
3819 5175 3957 5228 καθ-

2377 5257 2541 5327 ἧσθαι
2571 5258 2815 5326 λέγονται
2855 5260 2912 5311 ὲν
2943 5260 3019 5329 τῷ
3053 5262 3210 5330 τάφῳ
3233 5262 3280 5313 οἰ
3325 5265 3573 5330 πανάγιοι
3607 5264 3846 5332 ἄγγελοι,
3877 5265 3956 5329 ὡς

2378 5350 2477 5420 ήδη
2507 5350 2866 5417 γινώσκοντες
2890 5351 2956 5403 τά
2981 5350 3100 5404 θεῖα
3134 5351 3232 5422 τῆς
3260 5353 3609 5418 ἀναστάσεως
3639 5361 3916 5427 μυστήρια
3940 5377 3953 5388 ·

2378 5441 2492 5494 ἀλλ’
2523 5445 2551 5494 6
2581 5442 2680 5513 μὲν
2707 5443 2844 5512 πρὸς
2872 5447 2938 5514 τῇ
2968 5445 3176 5515 κεφαλῇ
3204 5445 3457 5515 κάθηται,
3485 5449 3613 5512 ῖσως
3629 5449 3703 5510 ὡς
3729 5450 3795 5501 τά
3819 5449 3956 5521 ὑψη-

2378 5534 2574 5604 λότερα
2612 5536 2958 5606 μεμυημένος
2988 5538 3261 5607 μυστήρια
3286 5555 3299 5568 ο
3337 5539 3364 5590 6
3395 5537 3450 5590 δὲ
3497 5541 3631 5609 πρὶς
3660 5543 3770 5602 τοῖς
3805 5546 3954 5605 ποσὶ,

2378 5628 2516 5696 τάχα
2542 5625 2647 5680 τῶν
2671 5627 2880 5681 κατωτέ
2889 5645 2997 5698 ρων
3028 5628 3190 5682 τινῶν
3217 5631 3647 5702 μυστηρίωψκαὶ
3666 5632 3956 5687 διακονιῶν
