  <div class='ocr_page' id='page_1' title='image "/cluster/home/n/w/nwhite01/storage/ocr_20150623/99/uva.x002264937/396.png"; bbox 0 0 4172 6560; ppageno 0'>
   <div class='ocr_carea' id='block_1_1' title="bbox 212 502 318 570">
    <p class='ocr_par' dir='ltr' id='par_1_1' title="bbox 212 502 318 570">
     <span class='ocr_line' id='line_1_1' title="bbox 212 502 318 570; baseline -0.009 0"><span class='ocrx_word' id='word_1_1' title='bbox 212 502 318 570; x_wconf 75' lang='grc'><strong>745</strong></span> 
     </span>
    </p>
   </div>
   <div class='ocr_carea' id='block_1_2' title="bbox 1160 491 2527 560">
    <p class='ocr_par' dir='ltr' id='par_1_2' title="bbox 1160 491 2527 560">
     <span class='ocr_line' id='line_1_2' title="bbox 1160 491 2527 560; baseline 0.001 -1"><span class='ocrx_word' id='word_1_2' title='bbox 1160 497 1439 560; x_wconf 79' lang='lat' dir='ltr'>ORATIO</span> <span class='ocrx_word' id='word_1_3' title='bbox 1472 496 1646 557; x_wconf 84' lang='lat' dir='ltr'><strong>VI.--</strong></span> <span class='ocrx_word' id='word_1_4' title='bbox 1676 495 1758 555; x_wconf 85' lang='lat' dir='ltr'><strong>IN</strong></span> <span class='ocrx_word' id='word_1_5' title='bbox 1799 491 2125 556; x_wconf 82' lang='lat' dir='ltr'><strong>SANCTOS</strong></span> <span class='ocrx_word' id='word_1_6' title='bbox 2168 498 2527 560; x_wconf 84' lang='lat' dir='ltr'><strong>ANGELOS.</strong></span> 
     </span>
    </p>
   </div>
   <div class='ocr_carea' id='block_1_3' title="bbox 3363 505 3467 570">
    <p class='ocr_par' dir='ltr' id='par_1_3' title="bbox 3363 505 3467 570">
     <span class='ocr_line' id='line_1_3' title="bbox 3363 505 3467 570; baseline 0 0"><span class='ocrx_word' id='word_1_7' title='bbox 3363 505 3467 570; x_wconf 67' lang='lat'><strong>746</strong></span> 
     </span>
    </p>
   </div>
   <div class='ocr_carea' id='block_1_4' title="bbox 213 608 1804 688">
    <p class='ocr_par' dir='ltr' id='par_1_4' title="bbox 213 608 1783 688">
     <span class='ocr_line' id='line_1_4' title="bbox 213 608 1783 688; baseline -0.006 -19"><span class='ocrx_word' id='word_1_8' title='bbox 213 616 527 688; x_wconf 77' lang='grc' dir='ltr'><strong>λειτουργὸς</strong></span> <span class='ocrx_word' id='word_1_9' title='bbox 555 615 835 684; x_wconf 79' lang='grc' dir='ltr'><strong>γινόμενος</strong></span> <span class='ocrx_word' id='word_1_10' title='bbox 854 629 868 644; x_wconf 81' lang='lat'>&#39;</span> <span class='ocrx_word' id='word_1_11' title='bbox 896 612 990 667; x_wconf 73' lang='grc' dir='ltr'>καὶ</span> <span class='ocrx_word' id='word_1_12' title='bbox 1014 611 1062 665; x_wconf 89' lang='grc' dir='ltr'>οἱ</span> <span class='ocrx_word' id='word_1_13' title='bbox 1091 611 1187 681; x_wconf 78' lang='grc' dir='ltr'><strong>μὲν</strong></span> <span class='ocrx_word' id='word_1_14' title='bbox 1204 608 1439 681; x_wconf 77' lang='grc' dir='ltr'>ὁρῶντες</span> <span class='ocrx_word' id='word_1_15' title='bbox 1468 609 1543 671; x_wconf 86' lang='grc' dir='ltr'>ὼς</span> <span class='ocrx_word' id='word_1_16' title='bbox 1559 608 1628 661; x_wconf 90' lang='grc' dir='ltr'><strong>τά</strong></span> <span class='ocrx_word' id='word_1_17' title='bbox 1648 624 1783 677; x_wconf 83' lang='grc' dir='ltr'>κρυ·</span> 
     </span>
    </p>
   </div>
   <div class='ocr_carea' id='block_1_5' title="bbox 1904 608 3464 688">
    <p class='ocr_par' dir='ltr' id='par_1_5' title="bbox 1904 609 3464 680">
     <span class='ocr_line' id='line_1_5' title="bbox 1904 609 3464 680; baseline 0.005 -19"><span class='ocrx_word' id='word_1_18' title='bbox 1904 618 2023 676; x_wconf 66' lang='grc' dir='ltr'>μιοι</span> <span class='ocrx_word' id='word_1_19' title='bbox 2048 611 2451 678; x_wconf 70' lang='lat' dir='ltr'><strong>mysteriorum</strong></span> <span class='ocrx_word' id='word_1_20' title='bbox 2493 619 2653 680; x_wconf 88' lang='lat' dir='ltr'><strong>atque</strong></span> <span class='ocrx_word' id='word_1_21' title='bbox 2696 609 2992 667; x_wconf 84' lang='lat' dir='ltr'><strong>olliciorum</strong></span> <span class='ocrx_word' id='word_1_22' title='bbox 3029 614 3277 671; x_wconf 74' lang='lat' dir='ltr'><strong>minister</strong></span> <span class='ocrx_word' id='word_1_23' title='bbox 3303 628 3422 673; x_wconf 87' lang='lat' dir='ltr'><strong>erat</strong></span> <span class='ocrx_word' id='word_1_24' title='bbox 3449 638 3464 669; x_wconf 84' lang='lat'><strong>:</strong></span> 
     </span>
    </p>
   </div>
   <div class='ocr_carea' id='block_1_6' title="bbox 213 700 1787 780">
    <p class='ocr_par' dir='ltr' id='par_1_6' title="bbox 213 700 1787 780">
     <span class='ocr_line' id='line_1_6' title="bbox 213 700 1787 780; baseline -0.008 -17"><span class='ocrx_word' id='word_1_25' title='bbox 213 709 452 780; x_wconf 79' lang='grc' dir='ltr'>πτότερα</span> <span class='ocrx_word' id='word_1_26' title='bbox 488 706 911 768; x_wconf 78' lang='grc' dir='ltr'><strong>διασκοποῦντες</strong></span> <span class='ocrx_word' id='word_1_27' title='bbox 942 704 1224 773; x_wconf 85' lang='grc' dir='ltr'>θαυμάσια</span> <span class='ocrx_word' id='word_1_28' title='bbox 1275 703 1373 771; x_wconf 82' lang='grc' dir='ltr'>τῆς</span> <span class='ocrx_word' id='word_1_29' title='bbox 1419 701 1669 770; x_wconf 75' lang='grc' dir='ltr'>θεότητος</span> <span class='ocrx_word' id='word_1_30' title='bbox 1695 717 1706 729; x_wconf 73' lang='grc' dir='ltr'><strong>ο</strong></span> <span class='ocrx_word' id='word_1_31' title='bbox 1739 700 1787 751; x_wconf 78' lang='grc' dir='ltr'>οἱ</span> 
     </span>
    </p>
   </div>
   <div class='ocr_carea' id='block_1_7' title="bbox 213 792 1791 867">
    <p class='ocr_par' dir='ltr' id='par_1_7' title="bbox 213 792 1791 867">
     <span class='ocr_line' id='line_1_7' title="bbox 213 792 1791 867; baseline -0.006 -13"><span class='ocrx_word' id='word_1_32' title='bbox 213 800 274 855; x_wconf 62' lang='grc' dir='ltr'>δὲ</span> <span class='ocrx_word' id='word_1_33' title='bbox 300 801 476 863; x_wconf 70' lang='grc' dir='ltr'>ἐκτὸς,</span> <span class='ocrx_word' id='word_1_34' title='bbox 512 800 641 863; x_wconf 85' lang='grc' dir='ltr'>ίσως</span> <span class='ocrx_word' id='word_1_35' title='bbox 666 799 741 863; x_wconf 84' lang='grc' dir='ltr'>ὡς</span> <span class='ocrx_word' id='word_1_36' title='bbox 762 798 824 852; x_wconf 83' lang='grc' dir='ltr'><strong>τὸ</strong></span> <span class='ocrx_word' id='word_1_37' title='bbox 845 798 944 867; x_wconf 84' lang='grc' dir='ltr'><strong>τῆς</strong></span> <span class='ocrx_word' id='word_1_38' title='bbox 982 796 1312 867; x_wconf 85' lang='grc' dir='ltr'>σαρκώσεως</span> <span class='ocrx_word' id='word_1_39' title='bbox 1341 794 1575 865; x_wconf 75' lang='grc' dir='ltr'><strong>Χριστοῦ</strong></span> <span class='ocrx_word' id='word_1_40' title='bbox 1609 792 1791 861; x_wconf 83' lang='grc' dir='ltr'>θαῦμα</span> 
     </span>
    </p>
   </div>
   <div class='ocr_carea' id='block_1_8' title="bbox 215 885 1789 965">
    <p class='ocr_par' dir='ltr' id='par_1_8' title="bbox 215 885 1789 965">
     <span class='ocr_line' id='line_1_8' title="bbox 215 885 1789 965; baseline -0.006 -19"><span class='ocrx_word' id='word_1_41' title='bbox 215 892 579 965; x_wconf 82' lang='grc' dir='ltr'>κηρύττοντες</span> <span class='ocrx_word' id='word_1_42' title='bbox 600 908 614 922; x_wconf 84' lang='grc'><em>’</em></span> <span class='ocrx_word' id='word_1_43' title='bbox 649 892 743 946; x_wconf 73' lang='grc' dir='ltr'><strong>καὶ</strong></span> <span class='ocrx_word' id='word_1_44' title='bbox 764 891 923 953; x_wconf 83' lang='grc' dir='ltr'>ἀλλος</span> <span class='ocrx_word' id='word_1_45' title='bbox 947 890 1006 942; x_wconf 80' lang='grc' dir='ltr'>ὲν</span> <span class='ocrx_word' id='word_1_46' title='bbox 1033 892 1147 951; x_wconf 88' lang='grc' dir='ltr'>τοίς</span> <span class='ocrx_word' id='word_1_47' title='bbox 1186 888 1377 954; x_wconf 77' lang='grc' dir='ltr'><strong>δεξιοῖς</strong></span> <span class='ocrx_word' id='word_1_48' title='bbox 1403 886 1658 956; x_wconf 83' lang='grc' dir='ltr'>κάθηται,</span> <span class='ocrx_word' id='word_1_49' title='bbox 1684 885 1789 953; x_wconf 74' lang='grc' dir='ltr'><strong>ψυ-</strong></span> 
     </span>
    </p>
   </div>
   <div class='ocr_carea' id='block_1_9' title="bbox 216 975 1794 1053">
    <p class='ocr_par' dir='ltr' id='par_1_9' title="bbox 216 975 1794 1053">
     <span class='ocr_line' id='line_1_9' title="bbox 216 975 1794 1053; baseline -0.006 -17"><span class='ocrx_word' id='word_1_50' title='bbox 216 984 330 1053; x_wconf 81' lang='grc' dir='ltr'><strong>χῶν</strong></span> <span class='ocrx_word' id='word_1_51' title='bbox 359 983 586 1037; x_wconf 84' lang='grc' dir='ltr'>δικαίων</span> <span class='ocrx_word' id='word_1_52' title='bbox 610 983 705 1035; x_wconf 75' lang='grc' dir='ltr'><strong>καὶ</strong></span> <span class='ocrx_word' id='word_1_53' title='bbox 757 980 948 1047; x_wconf 79' lang='grc' dir='ltr'>δεξιῶν</span> <span class='ocrx_word' id='word_1_54' title='bbox 997 978 1132 1032; x_wconf 83' lang='grc' dir='ltr'>θεοῦ</span> <span class='ocrx_word' id='word_1_55' title='bbox 1183 977 1541 1048; x_wconf 79' lang='grc' dir='ltr'>μυσταγωγὸς</span> <span class='ocrx_word' id='word_1_56' title='bbox 1573 975 1794 1043; x_wconf 78' lang='grc' dir='ltr'>γινόμε-</span> 
     </span>
    </p>
   </div>
   <div class='ocr_carea' id='block_1_10' title="bbox 214 1065 1794 1140">
    <p class='ocr_par' dir='ltr' id='par_1_10' title="bbox 214 1065 1794 1140">
     <span class='ocr_line' id='line_1_10' title="bbox 214 1065 1794 1140; baseline -0.009 -10"><span class='ocrx_word' id='word_1_57' title='bbox 214 1090 350 1136; x_wconf 85' lang='grc' dir='ltr'><strong>νος·</strong></span> <span class='ocrx_word' id='word_1_58' title='bbox 387 1073 525 1127; x_wconf 87' lang='grc' dir='ltr'><strong>ἀλλά</strong></span> <span class='ocrx_word' id='word_1_59' title='bbox 575 1074 672 1126; x_wconf 81' lang='grc' dir='ltr'>καὶ</span> <span class='ocrx_word' id='word_1_60' title='bbox 733 1072 1029 1126; x_wconf 76' lang='grc' dir='ltr'><strong>νεανίσκων</strong></span> <span class='ocrx_word' id='word_1_61' title='bbox 1090 1071 1401 1140; x_wconf 82' lang='grc' dir='ltr'><strong>προσώποις</strong></span> <span class='ocrx_word' id='word_1_62' title='bbox 1460 1065 1794 1138; x_wconf 81' lang='grc' dir='ltr'>ὡραῖσμένοι</span> 
     </span>
    </p>
   </div>
   <div class='ocr_carea' id='block_1_11' title="bbox 214 1158 1793 1237">
    <p class='ocr_par' dir='ltr' id='par_1_11' title="bbox 214 1158 1793 1237">
     <span class='ocr_line' id='line_1_11' title="bbox 214 1158 1793 1237; baseline -0.006 -17"><span class='ocrx_word' id='word_1_63' title='bbox 214 1166 474 1237; x_wconf 82' lang='grc' dir='ltr'>ὁρῶνται,</span> <span class='ocrx_word' id='word_1_64' title='bbox 514 1165 630 1218; x_wconf 84' lang='grc' dir='ltr'><strong>τῶν</strong></span> <span class='ocrx_word' id='word_1_65' title='bbox 676 1164 975 1218; x_wconf 77' lang='grc' dir='ltr'>νεανίσκων</span> <span class='ocrx_word' id='word_1_66' title='bbox 1018 1162 1112 1215; x_wconf 74' lang='grc' dir='ltr'><strong>καὶ</strong></span> <span class='ocrx_word' id='word_1_67' title='bbox 1150 1160 1479 1231; x_wconf 86' lang='grc' dir='ltr'>ἀθραύστων</span> <span class='ocrx_word' id='word_1_68' title='bbox 1523 1159 1617 1212; x_wconf 73' lang='grc' dir='ltr'><strong>καὶ</strong></span> <span class='ocrx_word' id='word_1_69' title='bbox 1654 1158 1793 1227; x_wconf 87' lang='grc' dir='ltr'>ἀγη-</span> 
     </span>
    </p>
   </div>
   <div class='ocr_carea' id='block_1_12' title="bbox 222 1249 1793 1329">
    <p class='ocr_par' dir='ltr' id='par_1_12' title="bbox 222 1249 1793 1329">
     <span class='ocr_line' id='line_1_12' title="bbox 222 1249 1793 1329; baseline -0.008 -16"><span class='ocrx_word' id='word_1_70' title='bbox 222 1259 401 1329; x_wconf 85' lang='grc' dir='ltr'>ράτων</span> <span class='ocrx_word' id='word_1_71' title='bbox 430 1259 523 1311; x_wconf 73' lang='grc' dir='ltr'>καὶ</span> <span class='ocrx_word' id='word_1_72' title='bbox 562 1256 880 1327; x_wconf 83' lang='grc' dir='ltr'>ἀφθάρτων,</span> <span class='ocrx_word' id='word_1_73' title='bbox 910 1254 1005 1308; x_wconf 56' lang='grc' dir='ltr'><strong>καί⁵</strong></span> <span class='ocrx_word' id='word_1_74' title='bbox 1046 1253 1105 1306; x_wconf 78' lang='grc' dir='ltr'>τὸ</span> <span class='ocrx_word' id='word_1_75' title='bbox 1152 1251 1409 1314; x_wconf 73' lang='grc' dir='ltr'>εὐσταλὲς</span> <span class='ocrx_word' id='word_1_76' title='bbox 1436 1250 1531 1304; x_wconf 77' lang='grc' dir='ltr'><strong>καὶ</strong></span> <span class='ocrx_word' id='word_1_77' title='bbox 1568 1249 1793 1320; x_wconf 83' lang='grc' dir='ltr'>φιλάρε-</span> 
     </span>
    </p>
   </div>
   <div class='ocr_carea' id='block_1_13' title="bbox 214 1343 1793 1417">
    <p class='ocr_par' dir='ltr' id='par_1_13' title="bbox 214 1343 1793 1417">
     <span class='ocr_line' id='line_1_13' title="bbox 214 1343 1793 1417; baseline -0.006 -16"><span class='ocrx_word' id='word_1_78' title='bbox 214 1365 310 1402; x_wconf 77' lang='grc' dir='ltr'><strong>τον</strong></span> <span class='ocrx_word' id='word_1_79' title='bbox 335 1349 435 1417; x_wconf 82' lang='grc' dir='ltr'>τῆς</span> <span class='ocrx_word' id='word_1_80' title='bbox 464 1347 672 1403; x_wconf 72' lang='grc' dir='ltr'>ἑαυτῶν</span> <span class='ocrx_word' id='word_1_81' title='bbox 698 1347 914 1417; x_wconf 84' lang='grc' dir='ltr'>φύσεως</span> <span class='ocrx_word' id='word_1_82' title='bbox 943 1345 1081 1417; x_wconf 83' lang='grc' dir='ltr'>πρὸς</span> <span class='ocrx_word' id='word_1_83' title='bbox 1113 1344 1246 1398; x_wconf 80' lang='grc' dir='ltr'>Θεδν</span> <span class='ocrx_word' id='word_1_84' title='bbox 1267 1343 1355 1397; x_wconf 86' lang='grc' dir='ltr'><strong>διά</strong></span> <span class='ocrx_word' id='word_1_85' title='bbox 1384 1345 1480 1413; x_wconf 82' lang='grc' dir='ltr'>τῆς</span> <span class='ocrx_word' id='word_1_86' title='bbox 1511 1356 1793 1395; x_wconf 90' lang='grc' dir='ltr'>νεανισκο-</span> 
     </span>
    </p>
   </div>
   <div class='ocr_carea' id='block_1_14' title="bbox 217 1434 1795 1511">
    <p class='ocr_par' dir='ltr' id='par_1_14' title="bbox 217 1434 1795 1511">
     <span class='ocr_line' id='line_1_14' title="bbox 217 1434 1795 1511; baseline -0.008 -15"><span class='ocrx_word' id='word_1_87' title='bbox 217 1441 423 1511; x_wconf 79' lang='grc' dir='ltr'>φανούς</span> <span class='ocrx_word' id='word_1_88' title='bbox 452 1440 811 1509; x_wconf 74' lang='grc' dir='ltr'><strong>αἰνιττόμενοι</strong></span> <span class='ocrx_word' id='word_1_89' title='bbox 868 1438 1017 1511; x_wconf 84' lang='grc' dir='ltr'>ὥρας</span> <span class='ocrx_word' id='word_1_90' title='bbox 1043 1455 1056 1468; x_wconf 90' lang='grc'><strong>·</strong></span> <span class='ocrx_word' id='word_1_91' title='bbox 1099 1437 1223 1490; x_wconf 85' lang='grc' dir='ltr'>ὅθεν</span> <span class='ocrx_word' id='word_1_92' title='bbox 1277 1436 1368 1487; x_wconf 71' lang='grc' dir='ltr'><strong>καὶ</strong></span> <span class='ocrx_word' id='word_1_93' title='bbox 1413 1435 1471 1487; x_wconf 86' lang='grc' dir='ltr'>ὲν</span> <span class='ocrx_word' id='word_1_94' title='bbox 1504 1434 1795 1501; x_wconf 76' lang='grc' dir='ltr'>ἐσθήσεσιν</span> 
     </span>
    </p>
   </div>
   <div class='ocr_carea' id='block_1_15' title="bbox 219 1522 1796 1604">
    <p class='ocr_par' dir='ltr' id='par_1_15' title="bbox 219 1522 1796 1604">
     <span class='ocr_line' id='line_1_15' title="bbox 219 1522 1796 1604; baseline -0.008 -17"><span class='ocrx_word' id='word_1_95' title='bbox 219 1533 695 1604; x_wconf 84' lang='grc' dir='ltr'>ἀστραπτούσαις,</span> <span class='ocrx_word' id='word_1_96' title='bbox 726 1530 863 1602; x_wconf 83' lang='grc' dir='ltr'>ὁμοῦ</span> <span class='ocrx_word' id='word_1_97' title='bbox 894 1548 954 1583; x_wconf 84' lang='grc' dir='ltr'><strong>τε</strong></span> <span class='ocrx_word' id='word_1_98' title='bbox 981 1530 1069 1583; x_wconf 80' lang='grc' dir='ltr'>ἵνα</span> <span class='ocrx_word' id='word_1_99' title='bbox 1096 1527 1309 1592; x_wconf 81' lang='grc' dir='ltr'>δείξωσι</span> <span class='ocrx_word' id='word_1_100' title='bbox 1341 1526 1402 1579; x_wconf 80' lang='grc' dir='ltr'><strong>τὸ</strong></span> <span class='ocrx_word' id='word_1_101' title='bbox 1422 1522 1674 1596; x_wconf 80' lang='grc' dir='ltr'>λαμπρὸν</span> <span class='ocrx_word' id='word_1_102' title='bbox 1702 1522 1796 1575; x_wconf 75' lang='grc' dir='ltr'><strong>καὶ</strong></span> 
     </span>
    </p>
   </div>
   <div class='ocr_carea' id='block_1_16' title="bbox 218 1612 1796 1691">
    <p class='ocr_par' dir='ltr' id='par_1_16' title="bbox 218 1612 1796 1691">
     <span class='ocr_line' id='line_1_16' title="bbox 218 1612 1796 1691; baseline -0.008 -14"><span class='ocrx_word' id='word_1_103' title='bbox 218 1622 453 1677; x_wconf 74' lang='grc' dir='ltr'>ἄσπιλον</span> <span class='ocrx_word' id='word_1_104' title='bbox 482 1622 578 1674; x_wconf 77' lang='grc' dir='ltr'><strong>καὶ</strong></span> <span class='ocrx_word' id='word_1_105' title='bbox 602 1619 866 1691; x_wconf 74' lang='grc' dir='ltr'>ἐρωτικὸν</span> <span class='ocrx_word' id='word_1_106' title='bbox 898 1619 996 1690; x_wconf 82' lang='grc' dir='ltr'>τῆς</span> <span class='ocrx_word' id='word_1_107' title='bbox 1023 1616 1263 1688; x_wconf 78' lang='grc' dir='ltr'>Χριστοῦ</span> <span class='ocrx_word' id='word_1_108' title='bbox 1291 1614 1661 1677; x_wconf 77' lang='grc' dir='ltr'>ἀναστάσεως,</span> <span class='ocrx_word' id='word_1_109' title='bbox 1698 1612 1796 1666; x_wconf 71' lang='grc' dir='ltr'><strong>καὶ</strong></span> 
     </span>
    </p>
   </div>
   <div class='ocr_carea' id='block_1_17' title="bbox 216 1703 1797 1785">
    <p class='ocr_par' dir='ltr' id='par_1_17' title="bbox 216 1703 1797 1785">
     <span class='ocr_line' id='line_1_17' title="bbox 216 1703 1797 1785; baseline -0.007 -18"><span class='ocrx_word' id='word_1_110' title='bbox 216 1713 279 1767; x_wconf 82' lang='grc' dir='ltr'>τὺ</span> <span class='ocrx_word' id='word_1_111' title='bbox 307 1713 553 1785; x_wconf 79' lang='grc' dir='ltr'>ἀρῤυπον</span> <span class='ocrx_word' id='word_1_112' title='bbox 583 1713 677 1765; x_wconf 79' lang='grc' dir='ltr'>καὶ</span> <span class='ocrx_word' id='word_1_113' title='bbox 724 1709 929 1773; x_wconf 77' lang='grc' dir='ltr'>ἀπαθὲς</span> <span class='ocrx_word' id='word_1_114' title='bbox 974 1709 1070 1762; x_wconf 78' lang='grc' dir='ltr'>καὶ</span> <span class='ocrx_word' id='word_1_115' title='bbox 1108 1706 1445 1777; x_wconf 87' lang='grc' dir='ltr'>ἀκηλίδωτον</span> <span class='ocrx_word' id='word_1_116' title='bbox 1485 1704 1667 1775; x_wconf 82' lang='grc' dir='ltr'>χάριτι</span> <span class='ocrx_word' id='word_1_117' title='bbox 1700 1703 1797 1773; x_wconf 84' lang='grc' dir='ltr'><strong>τῆς</strong></span> 
     </span>
    </p>
   </div>
   <div class='ocr_carea' id='block_1_18' title="bbox 218 1796 1797 1874">
    <p class='ocr_par' dir='ltr' id='par_1_18' title="bbox 218 1796 1797 1874">
     <span class='ocr_line' id='line_1_18' title="bbox 218 1796 1797 1874; baseline -0.007 -15"><span class='ocrx_word' id='word_1_118' title='bbox 218 1803 431 1859; x_wconf 80' lang='grc' dir='ltr'>ἑαυτῶν</span> <span class='ocrx_word' id='word_1_119' title='bbox 481 1802 731 1874; x_wconf 84' lang='grc' dir='ltr'>φύσεως·</span> <span class='ocrx_word' id='word_1_120' title='bbox 764 1802 887 1856; x_wconf 73' lang='grc' dir='ltr'>ἐπεὶ</span> <span class='ocrx_word' id='word_1_121' title='bbox 946 1802 1056 1873; x_wconf 78' lang='grc' dir='ltr'>γὰρ</span> <span class='ocrx_word' id='word_1_122' title='bbox 1107 1800 1360 1871; x_wconf 83' lang='grc' dir='ltr'>δεύτερον</span> <span class='ocrx_word' id='word_1_123' title='bbox 1413 1799 1530 1868; x_wconf 88' lang='grc' dir='ltr'>φῶς</span> <span class='ocrx_word' id='word_1_124' title='bbox 1571 1796 1709 1868; x_wconf 89' lang='grc' dir='ltr'><strong>μετά</strong></span> <span class='ocrx_word' id='word_1_125' title='bbox 1735 1796 1797 1849; x_wconf 80' lang='grc' dir='ltr'>τὸ</span> 
     </span>
    </p>
   </div>
   <div class='ocr_carea' id='block_1_19' title="bbox 218 1888 1793 1969">
    <p class='ocr_par' dir='ltr' id='par_1_19' title="bbox 218 1888 1793 1969">
     <span class='ocr_line' id='line_1_19' title="bbox 218 1888 1793 1969; baseline -0.005 -21"><span class='ocrx_word' id='word_1_126' title='bbox 218 1895 459 1969; x_wconf 85' lang='grc' dir='ltr'>πρῶτον,</span> <span class='ocrx_word' id='word_1_127' title='bbox 492 1895 521 1947; x_wconf 86' lang='grc' dir='ltr'><strong>ὅ</strong></span> <span class='ocrx_word' id='word_1_128' title='bbox 550 1896 668 1947; x_wconf 74' lang='grc' dir='ltr'>ἐστι</span> <span class='ocrx_word' id='word_1_129' title='bbox 686 1893 746 1947; x_wconf 82' lang='grc' dir='ltr'><strong>τὸ</strong></span> <span class='ocrx_word' id='word_1_130' title='bbox 768 1892 883 1962; x_wconf 83' lang='grc' dir='ltr'>φῶς</span> <span class='ocrx_word' id='word_1_131' title='bbox 905 1892 1012 1947; x_wconf 83' lang='grc' dir='ltr'><strong>τῶν</strong></span> <span class='ocrx_word' id='word_1_132' title='bbox 1043 1892 1259 1962; x_wconf 87' lang='grc' dir='ltr'>φώτων,</span> <span class='ocrx_word' id='word_1_133' title='bbox 1283 1891 1500 1958; x_wconf 81' lang='grc' dir='ltr'>λέγεται</span> <span class='ocrx_word' id='word_1_134' title='bbox 1525 1888 1754 1957; x_wconf 79' lang='grc' dir='ltr'>ἄγγελος</span> <span class='ocrx_word' id='word_1_135' title='bbox 1782 1904 1793 1916; x_wconf 93' lang='grc'><strong>·</strong></span> 
     </span>
    </p>
   </div>
   <div class='ocr_carea' id='block_1_20' title="bbox 1898 698 3468 774">
    <p class='ocr_par' dir='ltr' id='par_1_20' title="bbox 1898 698 3468 774">
     <span class='ocr_line' id='line_1_20' title="bbox 1898 698 3468 774; baseline 0.01 -23"><span class='ocrx_word' id='word_1_136' title='bbox 1898 709 1952 752; x_wconf 88' lang='lat' dir='ltr'><strong>et</strong></span> <span class='ocrx_word' id='word_1_137' title='bbox 1979 698 2070 753; x_wconf 92' lang='lat' dir='ltr'><strong>alii</strong></span> <span class='ocrx_word' id='word_1_138' title='bbox 2105 699 2325 768; x_wconf 86' lang='lat' dir='ltr'><strong>quidem</strong></span> <span class='ocrx_word' id='word_1_139' title='bbox 2360 709 2668 771; x_wconf 90' lang='lat' dir='ltr'><strong>spectantes</strong></span> <span class='ocrx_word' id='word_1_140' title='bbox 2694 741 2709 766; x_wconf 93' lang='lat'><strong>,</strong></span> <span class='ocrx_word' id='word_1_141' title='bbox 2742 704 2899 774; x_wconf 89' lang='lat' dir='ltr'><strong>quasi</strong></span> <span class='ocrx_word' id='word_1_142' title='bbox 2931 706 3226 763; x_wconf 85' lang='lat' dir='ltr'><strong>secretiora</strong></span> <span class='ocrx_word' id='word_1_143' title='bbox 3260 709 3468 766; x_wconf 77' lang='lat' dir='ltr'><strong>riman-</strong></span> 
     </span>
    </p>
   </div>
   <div class='ocr_carea' id='block_1_21' title="bbox 1897 791 3466 872">
    <p class='ocr_par' dir='ltr' id='par_1_21' title="bbox 1897 791 3466 872">
     <span class='ocr_line' id='line_1_21' title="bbox 1897 791 3466 872; baseline 0.01 -28"><span class='ocrx_word' id='word_1_144' title='bbox 1897 798 1977 845; x_wconf 87' lang='lat' dir='ltr'><strong>tes</strong></span> <span class='ocrx_word' id='word_1_145' title='bbox 2002 791 2249 861; x_wconf 88' lang='lat' dir='ltr'><strong>prodigia</strong></span> <span class='ocrx_word' id='word_1_146' title='bbox 2272 792 2573 847; x_wconf 80' lang='lat' dir='ltr'><strong>divinitatis</strong></span> <span class='ocrx_word' id='word_1_147' title='bbox 2604 810 2617 846; x_wconf 92' lang='lat'><strong>:</strong></span> <span class='ocrx_word' id='word_1_148' title='bbox 2666 793 2759 847; x_wconf 84' lang='lat' dir='ltr'><strong>alii</strong></span> <span class='ocrx_word' id='word_1_149' title='bbox 2789 803 2939 851; x_wconf 83' lang='lat' dir='ltr'><strong>extra</strong></span> <span class='ocrx_word' id='word_1_150' title='bbox 2960 836 2975 861; x_wconf 95' lang='lat'><strong>,</strong></span> <span class='ocrx_word' id='word_1_151' title='bbox 3016 796 3250 855; x_wconf 81' lang='lat' dir='ltr'><strong>fortasse</strong></span> <span class='ocrx_word' id='word_1_152' title='bbox 3278 811 3466 872; x_wconf 91' lang='lat' dir='ltr'><strong>utpote</strong></span> 
     </span>
    </p>
   </div>
   <div class='ocr_carea' id='block_1_22' title="bbox 1895 883 3465 957">
    <p class='ocr_par' dir='ltr' id='par_1_22' title="bbox 1895 883 3465 957">
     <span class='ocr_line' id='line_1_22' title="bbox 1895 883 3465 957; baseline 0.008 -21"><span class='ocrx_word' id='word_1_153' title='bbox 1895 883 2291 938; x_wconf 84' lang='lat' dir='ltr'><strong>incarnationis</strong></span> <span class='ocrx_word' id='word_1_154' title='bbox 2344 884 2544 939; x_wconf 86' lang='lat' dir='ltr'><strong>Christi</strong></span> <span class='ocrx_word' id='word_1_155' title='bbox 2592 885 2897 957; x_wconf 77' lang='lat' dir='ltr'><strong>prodigium</strong></span> <span class='ocrx_word' id='word_1_156' title='bbox 2950 890 3305 957; x_wconf 86' lang='lat' dir='ltr'><strong>pradicantes</strong></span> <span class='ocrx_word' id='word_1_157' title='bbox 3347 910 3362 948; x_wconf 91' lang='lat'><strong>:</strong></span> <span class='ocrx_word' id='word_1_158' title='bbox 3411 903 3465 950; x_wconf 91' lang='lat' dir='ltr'><strong>et</strong></span> 
     </span>
    </p>
   </div>
   <div class='ocr_carea' id='block_1_23' title="bbox 1896 975 3461 1051">
    <p class='ocr_par' dir='ltr' id='par_1_23' title="bbox 1896 975 3461 1051">
     <span class='ocr_line' id='line_1_23' title="bbox 1896 975 3461 1051; baseline 0.008 -22"><span class='ocrx_word' id='word_1_159' title='bbox 1896 975 2035 1031; x_wconf 88' lang='lat' dir='ltr'><strong>alius</strong></span> <span class='ocrx_word' id='word_1_160' title='bbox 2064 976 2118 1031; x_wconf 92' lang='lat' dir='ltr'><strong>in</strong></span> <span class='ocrx_word' id='word_1_161' title='bbox 2146 975 2365 1031; x_wconf 83' lang='lat' dir='ltr'><strong>dextera</strong></span> <span class='ocrx_word' id='word_1_162' title='bbox 2398 985 2549 1046; x_wconf 88' lang='lat' dir='ltr'><strong>parte</strong></span> <span class='ocrx_word' id='word_1_163' title='bbox 2595 978 2779 1045; x_wconf 86' lang='lat' dir='ltr'><strong>sedet,</strong></span> <span class='ocrx_word' id='word_1_164' title='bbox 2830 980 2955 1050; x_wconf 86' lang='lat' dir='ltr'><strong>quia</strong></span> <span class='ocrx_word' id='word_1_165' title='bbox 2995 984 3267 1051; x_wconf 85' lang='lat' dir='ltr'><strong>justarum</strong></span> <span class='ocrx_word' id='word_1_166' title='bbox 3308 994 3365 1040; x_wconf 91' lang='lat' dir='ltr'><strong>et</strong></span> <span class='ocrx_word' id='word_1_167' title='bbox 3406 987 3461 1042; x_wconf 90' lang='lat' dir='ltr'><strong>in</strong></span> 
     </span>
    </p>
   </div>
   <div class='ocr_carea' id='block_1_24' title="bbox 1895 1068 3459 1151">
    <p class='ocr_par' dir='ltr' id='par_1_24' title="bbox 1895 1068 3459 1151">
     <span class='ocr_line' id='line_1_24' title="bbox 1895 1068 3459 1151; baseline 0.008 -28"><span class='ocrx_word' id='word_1_168' title='bbox 1895 1068 2116 1124; x_wconf 79' lang='lat' dir='ltr'><strong>dextera</strong></span> <span class='ocrx_word' id='word_1_169' title='bbox 2170 1068 2266 1124; x_wconf 88' lang='lat' dir='ltr'><strong>Dei</strong></span> <span class='ocrx_word' id='word_1_170' title='bbox 2321 1068 2769 1125; x_wconf 88' lang='lat' dir='ltr'><strong>collocandarum</strong></span> <span class='ocrx_word' id='word_1_171' title='bbox 2820 1073 3127 1130; x_wconf 91' lang='lat' dir='ltr'><strong>animarum</strong></span> <span class='ocrx_word' id='word_1_172' title='bbox 3181 1077 3459 1151; x_wconf 73' lang='lat' dir='ltr'><strong>magister.</strong></span> 
     </span>
    </p>
   </div>
   <div class='ocr_carea' id='block_1_25' title="bbox 1897 1160 3464 1241">
    <p class='ocr_par' dir='ltr' id='par_1_25' title="bbox 1897 1160 3464 1241">
     <span class='ocr_line' id='line_1_25' title="bbox 1897 1160 3464 1241; baseline 0.005 -24"><span class='ocrx_word' id='word_1_173' title='bbox 1897 1160 2001 1217; x_wconf 86' lang='lat' dir='ltr'><strong>Sed</strong></span> <span class='ocrx_word' id='word_1_174' title='bbox 2029 1172 2083 1215; x_wconf 89' lang='lat' dir='ltr'><strong>et</strong></span> <span class='ocrx_word' id='word_1_175' title='bbox 2107 1162 2531 1217; x_wconf 87' lang='lat' dir='ltr'><strong>adolescentium</strong></span> <span class='ocrx_word' id='word_1_176' title='bbox 2558 1164 2911 1234; x_wconf 90' lang='lat' dir='ltr'><strong>pulchrorum</strong></span> <span class='ocrx_word' id='word_1_177' title='bbox 2946 1166 3132 1221; x_wconf 87' lang='lat' dir='ltr'><strong>formis</strong></span> <span class='ocrx_word' id='word_1_178' title='bbox 3160 1169 3345 1224; x_wconf 79' lang='lat' dir='ltr'><strong>decori</strong></span> <span class='ocrx_word' id='word_1_179' title='bbox 3370 1187 3464 1241; x_wconf 80' lang='lat' dir='ltr'><strong>ap-</strong></span> 
     </span>
    </p>
   </div>
   <div class='ocr_carea' id='block_1_26' title="bbox 1896 1253 3461 1330">
    <p class='ocr_par' dir='ltr' id='par_1_26' title="bbox 1896 1253 3461 1330">
     <span class='ocr_line' id='line_1_26' title="bbox 1896 1253 3461 1330; baseline 0.008 -23"><span class='ocrx_word' id='word_1_180' title='bbox 1896 1261 2123 1323; x_wconf 89' lang='lat' dir='ltr'><strong>parent,</strong></span> <span class='ocrx_word' id='word_1_181' title='bbox 2154 1253 2578 1309; x_wconf 89' lang='lat' dir='ltr'><strong>adolescentium</strong></span> <span class='ocrx_word' id='word_1_182' title='bbox 2607 1295 2621 1319; x_wconf 92' lang='lat'><strong>,</strong></span> <span class='ocrx_word' id='word_1_183' title='bbox 2657 1257 2878 1327; x_wconf 87' lang='lat' dir='ltr'><strong>inquam</strong></span> <span class='ocrx_word' id='word_1_184' title='bbox 2906 1300 2918 1320; x_wconf 86' lang='lat'><strong>.</strong></span> <span class='ocrx_word' id='word_1_185' title='bbox 2951 1259 3423 1330; x_wconf 86' lang='lat' dir='ltr'><strong>integerritnorum</strong></span> <span class='ocrx_word' id='word_1_186' title='bbox 3445 1302 3461 1326; x_wconf 89' lang='lat'><strong>,</strong></span> 
     </span>
    </p>
   </div>
   <div class='ocr_carea' id='block_1_27' title="bbox 1897 1343 3464 1420">
    <p class='ocr_par' dir='ltr' id='par_1_27' title="bbox 1897 1343 3464 1420">
     <span class='ocr_line' id='line_1_27' title="bbox 1897 1343 3464 1420; baseline 0.009 -22"><span class='ocrx_word' id='word_1_187' title='bbox 1897 1343 2035 1398; x_wconf 85' lang='lat' dir='ltr'><strong>senii</strong></span> <span class='ocrx_word' id='word_1_188' title='bbox 2064 1351 2119 1397; x_wconf 89' lang='lat' dir='ltr'><strong>et</strong></span> <span class='ocrx_word' id='word_1_189' title='bbox 2146 1344 2474 1414; x_wconf 89' lang='lat' dir='ltr'><strong>corruptela</strong></span> <span class='ocrx_word' id='word_1_190' title='bbox 2499 1348 2832 1417; x_wconf 81' lang='lat' dir='ltr'><strong>expertium,</strong></span> <span class='ocrx_word' id='word_1_191' title='bbox 2865 1351 2957 1420; x_wconf 90' lang='lat' dir='ltr'><strong>qui</strong></span> <span class='ocrx_word' id='word_1_192' title='bbox 2990 1362 3331 1409; x_wconf 82' lang='lat' dir='ltr'><strong>constantem</strong></span> <span class='ocrx_word' id='word_1_193' title='bbox 3363 1371 3464 1411; x_wconf 82' lang='lat' dir='ltr'><strong>na-</strong></span> 
     </span>
    </p>
   </div>
   <div class='ocr_carea' id='block_1_28' title="bbox 1896 1436 3465 1509">
    <p class='ocr_par' dir='ltr' id='par_1_28' title="bbox 1896 1436 3465 1509">
     <span class='ocr_line' id='line_1_28' title="bbox 1896 1436 3465 1509; baseline 0.011 -23"><span class='ocrx_word' id='word_1_194' title='bbox 1896 1440 2032 1487; x_wconf 86' lang='lat' dir='ltr'><strong>tura</strong></span> <span class='ocrx_word' id='word_1_195' title='bbox 2063 1448 2176 1488; x_wconf 90' lang='lat' dir='ltr'><strong>sua</strong></span> <span class='ocrx_word' id='word_1_196' title='bbox 2204 1451 2331 1504; x_wconf 88' lang='lat' dir='ltr'><strong>erga</strong></span> <span class='ocrx_word' id='word_1_197' title='bbox 2362 1436 2530 1491; x_wconf 85' lang='lat' dir='ltr'><strong>Deum</strong></span> <span class='ocrx_word' id='word_1_198' title='bbox 2562 1438 2839 1505; x_wconf 81' lang='lat' dir='ltr'><strong>virtutem,</strong></span> <span class='ocrx_word' id='word_1_199' title='bbox 2867 1442 3092 1509; x_wconf 83' lang='lat' dir='ltr'><strong>juvenili</strong></span> <span class='ocrx_word' id='word_1_200' title='bbox 3126 1445 3465 1505; x_wconf 80' lang='lat' dir='ltr'><strong>formositate</strong></span> 
     </span>
    </p>
   </div>
   <div class='ocr_carea' id='block_1_29' title="bbox 1896 1522 3460 1605">
    <p class='ocr_par' dir='ltr' id='par_1_29' title="bbox 1896 1522 3460 1605">
     <span class='ocr_line' id='line_1_29' title="bbox 1896 1522 3460 1605; baseline 0.008 -28"><span class='ocrx_word' id='word_1_201' title='bbox 1896 1522 2205 1594; x_wconf 86' lang='lat' dir='ltr'><strong>designant.</strong></span> <span class='ocrx_word' id='word_1_202' title='bbox 2235 1524 2411 1591; x_wconf 83' lang='lat' dir='ltr'><strong>Quare</strong></span> <span class='ocrx_word' id='word_1_203' title='bbox 2447 1536 2500 1580; x_wconf 89' lang='lat' dir='ltr'><strong>et</strong></span> <span class='ocrx_word' id='word_1_204' title='bbox 2529 1528 2769 1583; x_wconf 88' lang='lat' dir='ltr'><strong>vestibus</strong></span> <span class='ocrx_word' id='word_1_205' title='bbox 2800 1540 3062 1600; x_wconf 85' lang='lat' dir='ltr'><strong>apparent</strong></span> <span class='ocrx_word' id='word_1_206' title='bbox 3093 1531 3425 1605; x_wconf 86' lang='lat' dir='ltr'><strong>fulgentibus</strong></span> <span class='ocrx_word' id='word_1_207' title='bbox 3446 1573 3460 1600; x_wconf 93' lang='lat'><strong>,</strong></span> 
     </span>
    </p>
   </div>
   <div class='ocr_carea' id='block_1_30' title="bbox 1897 1612 3463 1688">
    <p class='ocr_par' dir='ltr' id='par_1_30' title="bbox 1897 1612 3463 1688">
     <span class='ocr_line' id='line_1_30' title="bbox 1897 1612 3463 1688; baseline 0.009 -23"><span class='ocrx_word' id='word_1_208' title='bbox 1897 1620 1957 1665; x_wconf 91' lang='lat' dir='ltr'><strong>ut</strong></span> <span class='ocrx_word' id='word_1_209' title='bbox 2017 1612 2182 1667; x_wconf 86' lang='lat' dir='ltr'><strong>simul</strong></span> <span class='ocrx_word' id='word_1_210' title='bbox 2240 1614 2614 1672; x_wconf 89' lang='lat' dir='ltr'><strong>demonstrent</strong></span> <span class='ocrx_word' id='word_1_211' title='bbox 2660 1618 3018 1688; x_wconf 88' lang='lat' dir='ltr'><strong>splendidam,</strong></span> <span class='ocrx_word' id='word_1_212' title='bbox 3056 1622 3463 1681; x_wconf 86' lang='lat' dir='ltr'><strong>immaculatam</strong></span> 
     </span>
    </p>
   </div>
   <div class='ocr_carea' id='block_1_31' title="bbox 1897 1704 3465 1783">
    <p class='ocr_par' dir='ltr' id='par_1_31' title="bbox 1897 1704 3465 1783">
     <span class='ocr_line' id='line_1_31' title="bbox 1897 1704 3465 1783; baseline 0.01 -26"><span class='ocrx_word' id='word_1_213' title='bbox 1897 1704 2298 1774; x_wconf 87' lang='lat' dir='ltr'><strong>amabilemque</strong></span> <span class='ocrx_word' id='word_1_214' title='bbox 2317 1706 2517 1763; x_wconf 86' lang='lat' dir='ltr'><strong>Christi</strong></span> <span class='ocrx_word' id='word_1_215' title='bbox 2543 1712 2957 1767; x_wconf 85' lang='lat' dir='ltr'><strong>resurrectionis</strong></span> <span class='ocrx_word' id='word_1_216' title='bbox 2978 1716 3244 1783; x_wconf 88' lang='lat' dir='ltr'><strong>speciem;</strong></span> <span class='ocrx_word' id='word_1_217' title='bbox 3275 1729 3329 1772; x_wconf 89' lang='lat' dir='ltr'><strong>et</strong></span> <span class='ocrx_word' id='word_1_218' title='bbox 3352 1720 3465 1774; x_wconf 84' lang='lat' dir='ltr'><strong>col-</strong></span> 
     </span>
    </p>
   </div>
   <div class='ocr_carea' id='block_1_32' title="bbox 1900 1791 3463 1875">
    <p class='ocr_par' dir='ltr' id='par_1_32' title="bbox 1900 1791 3463 1875">
     <span class='ocr_line' id='line_1_32' title="bbox 1900 1791 3463 1875; baseline 0.013 -31"><span class='ocrx_word' id='word_1_219' title='bbox 1900 1791 2062 1846; x_wconf 86' lang='lat' dir='ltr'><strong>latam</strong></span> <span class='ocrx_word' id='word_1_220' title='bbox 2106 1793 2347 1861; x_wconf 88' lang='lat' dir='ltr'><strong>ipsorum</strong></span> <span class='ocrx_word' id='word_1_221' title='bbox 2394 1806 2602 1853; x_wconf 87' lang='lat' dir='ltr'><strong>natura</strong></span> <span class='ocrx_word' id='word_1_222' title='bbox 2640 1813 2669 1853; x_wconf 89' lang='lat' dir='ltr'><strong>a</strong></span> <span class='ocrx_word' id='word_1_223' title='bbox 2709 1800 2888 1855; x_wconf 88' lang='lat' dir='ltr'><strong>divina</strong></span> <span class='ocrx_word' id='word_1_224' title='bbox 2909 1803 3085 1872; x_wconf 85' lang='lat' dir='ltr'><strong>gratia</strong></span> <span class='ocrx_word' id='word_1_225' title='bbox 3110 1807 3463 1875; x_wconf 82' lang='lat' dir='ltr'><strong>munditiem,</strong></span> 
     </span>
    </p>
   </div>
   <div class='ocr_carea' id='block_1_33' title="bbox 1899 1881 3466 1959">
    <p class='ocr_par' dir='ltr' id='par_1_33' title="bbox 1899 1881 3466 1959">
     <span class='ocr_line' id='line_1_33' title="bbox 1899 1881 3466 1959; baseline 0.016 -25"><span class='ocrx_word' id='word_1_226' title='bbox 1899 1881 2419 1952; x_wconf 88' lang='lat' dir='ltr'><strong>impassibilitatem,</strong></span> <span class='ocrx_word' id='word_1_227' title='bbox 2452 1896 2616 1957; x_wconf 89' lang='lat' dir='ltr'><strong>atque</strong></span> <span class='ocrx_word' id='word_1_228' title='bbox 2642 1888 3077 1959; x_wconf 87' lang='lat' dir='ltr'><strong>impeccantiam.</strong></span> <span class='ocrx_word' id='word_1_229' title='bbox 3114 1895 3327 1953; x_wconf 88' lang='lat' dir='ltr'><strong>Etenim</strong></span> <span class='ocrx_word' id='word_1_230' title='bbox 3377 1915 3466 1959; x_wconf 47' lang='lat' dir='ltr'><strong>see</strong></span> 
     </span>
    </p>
   </div>
   <div class='ocr_carea' id='block_1_34' title="bbox 216 1975 1804 2059">
    <p class='ocr_par' dir='ltr' id='par_1_34' title="bbox 216 1979 1799 2059">
     <span class='ocr_line' id='line_1_34' title="bbox 216 1979 1799 2059; baseline -0.004 -18"><span class='ocrx_word' id='word_1_231' title='bbox 216 1988 412 2043; x_wconf 85' lang='grc' dir='ltr'>τούτου</span> <span class='ocrx_word' id='word_1_232' title='bbox 448 1988 606 2059; x_wconf 87' lang='grc' dir='ltr'>χάριν</span> <span class='ocrx_word' id='word_1_233' title='bbox 640 1988 734 2041; x_wconf 69' lang='grc' dir='ltr'><strong>καὶ</strong></span> <span class='ocrx_word' id='word_1_234' title='bbox 764 1987 1051 2057; x_wconf 72' lang='grc' dir='ltr'>ἐσθήσεσιν</span> <span class='ocrx_word' id='word_1_235' title='bbox 1083 1983 1548 2055; x_wconf 87' lang='grc' dir='ltr'>ἀστραπτούσαις.</span> <span class='ocrx_word' id='word_1_236' title='bbox 1590 1982 1684 2035; x_wconf 76' lang='grc' dir='ltr'>καὶ</span> <span class='ocrx_word' id='word_1_237' title='bbox 1724 1979 1799 2044; x_wconf 87' lang='grc' dir='ltr'><strong>ώς</strong></span> 
     </span>
    </p>
   </div>
   <div class='ocr_carea' id='block_1_35' title="bbox 1904 1975 3464 2059">
    <p class='ocr_par' dir='ltr' id='par_1_35' title="bbox 1904 1975 3464 2055">
     <span class='ocr_line' id='line_1_35' title="bbox 1904 1975 3464 2055; baseline 0.012 -27"><span class='ocrx_word' id='word_1_238' title='bbox 1904 1975 2138 2030; x_wconf 91' lang='lat' dir='ltr'><strong>cundum</strong></span> <span class='ocrx_word' id='word_1_239' title='bbox 2171 1976 2355 2033; x_wconf 90' lang='lat' dir='ltr'><strong>lumen</strong></span> <span class='ocrx_word' id='word_1_240' title='bbox 2398 1989 2519 2050; x_wconf 81' lang='lat' dir='ltr'><strong>post</strong></span> <span class='ocrx_word' id='word_1_241' title='bbox 2563 1983 2797 2052; x_wconf 88' lang='lat' dir='ltr'><strong>primum</strong></span> <span class='ocrx_word' id='word_1_242' title='bbox 2825 2023 2839 2047; x_wconf 96' lang='lat'><strong>,</strong></span> <span class='ocrx_word' id='word_1_243' title='bbox 2892 1985 3037 2055; x_wconf 87' lang='lat' dir='ltr'><strong>quod</strong></span> <span class='ocrx_word' id='word_1_244' title='bbox 3078 1997 3164 2043; x_wconf 85' lang='lat' dir='ltr'><strong>est</strong></span> <span class='ocrx_word' id='word_1_245' title='bbox 3197 1988 3464 2045; x_wconf 85' lang='lat' dir='ltr'><strong>luminum</strong></span> 
     </span>
    </p>
   </div>
   <div class='ocr_carea' id='block_1_36' title="bbox 216 2069 1795 2153">
    <p class='ocr_par' dir='ltr' id='par_1_36' title="bbox 216 2069 1795 2153">
     <span class='ocr_line' id='line_1_36' title="bbox 216 2069 1795 2153; baseline -0.005 -18"><span class='ocrx_word' id='word_1_246' title='bbox 216 2082 495 2153; x_wconf 77' lang='grc' dir='ltr'>ἀστραπὴ,</span> <span class='ocrx_word' id='word_1_247' title='bbox 530 2080 628 2133; x_wconf 80' lang='grc' dir='ltr'>καὶ</span> <span class='ocrx_word' id='word_1_248' title='bbox 652 2080 727 2143; x_wconf 86' lang='grc' dir='ltr'><strong>ώς</strong></span> <span class='ocrx_word' id='word_1_249' title='bbox 770 2079 903 2149; x_wconf 86' lang='grc' dir='ltr'>χιὼν</span> <span class='ocrx_word' id='word_1_250' title='bbox 935 2082 986 2133; x_wconf 84' lang='grc' dir='ltr'><strong>οί</strong></span> <span class='ocrx_word' id='word_1_251' title='bbox 1026 2078 1278 2149; x_wconf 88' lang='grc' dir='ltr'>πανίεροι</span> <span class='ocrx_word' id='word_1_252' title='bbox 1311 2069 1457 2130; x_wconf 70' lang='grc' dir='ltr'>οὗτοι</span> <span class='ocrx_word' id='word_1_253' title='bbox 1507 2074 1795 2146; x_wconf 79' lang='grc' dir='ltr'>φωστῆρες</span> 
     </span>
    </p>
   </div>
   <div class='ocr_carea' id='block_1_37' title="bbox 215 2152 1797 2240">
    <p class='ocr_par' dir='ltr' id='par_1_37' title="bbox 215 2152 1797 2240">
     <span class='ocr_line' id='line_1_37' title="bbox 215 2152 1797 2240; baseline -0.007 -13"><span class='ocrx_word' id='word_1_254' title='bbox 215 2152 335 2237; x_wconf 81' lang='grc' dir='ltr'>τοῖς</span> <span class='ocrx_word' id='word_1_255' title='bbox 364 2172 539 2237; x_wconf 83' lang='grc' dir='ltr'>ἀξίοις</span> <span class='ocrx_word' id='word_1_256' title='bbox 563 2170 920 2240; x_wconf 68' lang='grc' dir='ltr'>ἐμφαίνονται</span> <span class='ocrx_word' id='word_1_257' title='bbox 947 2186 960 2199; x_wconf 90' lang='grc'><strong>·</strong></span> <span class='ocrx_word' id='word_1_258' title='bbox 993 2152 1053 2223; x_wconf 81' lang='grc' dir='ltr'>ὲν</span> <span class='ocrx_word' id='word_1_259' title='bbox 1087 2164 1171 2231; x_wconf 75' lang='grc' dir='ltr'>οἷς</span> <span class='ocrx_word' id='word_1_260' title='bbox 1198 2168 1259 2219; x_wconf 79' lang='grc' dir='ltr'><strong>ού</strong></span> <span class='ocrx_word' id='word_1_261' title='bbox 1292 2167 1555 2237; x_wconf 85' lang='grc' dir='ltr'>πάρεστιν</span> <span class='ocrx_word' id='word_1_262' title='bbox 1571 2165 1631 2217; x_wconf 85' lang='grc' dir='ltr'><strong>ού</strong></span> <span class='ocrx_word' id='word_1_263' title='bbox 1654 2165 1797 2234; x_wconf 84' lang='grc' dir='ltr'>χρῶ-</span> 
     </span>
    </p>
   </div>
   <div class='ocr_carea' id='block_1_38' title="bbox 221 2256 1794 2337">
    <p class='ocr_par' dir='ltr' id='par_1_38' title="bbox 221 2256 1794 2337">
     <span class='ocr_line' id='line_1_38' title="bbox 221 2256 1794 2337; baseline -0.008 -18"><span class='ocrx_word' id='word_1_264' title='bbox 221 2283 322 2337; x_wconf 86' lang='grc' dir='ltr'><strong>μα,</strong></span> <span class='ocrx_word' id='word_1_265' title='bbox 362 2265 423 2319; x_wconf 77' lang='grc' dir='ltr'><strong>ού</strong></span> <span class='ocrx_word' id='word_1_266' title='bbox 453 2263 631 2333; x_wconf 82' lang='grc' dir='ltr'>σῶμα,</span> <span class='ocrx_word' id='word_1_267' title='bbox 662 2263 723 2316; x_wconf 82' lang='grc' dir='ltr'><strong>οὐ</strong></span> <span class='ocrx_word' id='word_1_268' title='bbox 762 2261 1052 2332; x_wconf 70' lang='grc' dir='ltr'>πτέρυγες,</span> <span class='ocrx_word' id='word_1_269' title='bbox 1082 2260 1181 2313; x_wconf 80' lang='grc' dir='ltr'>οὐκ</span> <span class='ocrx_word' id='word_1_270' title='bbox 1208 2260 1463 2329; x_wconf 81' lang='grc' dir='ltr'>ὲνπηχείς</span> <span class='ocrx_word' id='word_1_271' title='bbox 1489 2256 1794 2327; x_wconf 80' lang='grc' dir='ltr'>βραχίονες,</span> 
     </span>
    </p>
   </div>
   <div class='ocr_carea' id='block_1_39' title="bbox 217 2344 1798 2424">
    <p class='ocr_par' dir='ltr' id='par_1_39' title="bbox 217 2344 1798 2424">
     <span class='ocr_line' id='line_1_39' title="bbox 217 2344 1798 2424; baseline -0.006 -16"><span class='ocrx_word' id='word_1_272' title='bbox 217 2356 281 2408; x_wconf 76' lang='grc' dir='ltr'><strong>οὐ</strong></span> <span class='ocrx_word' id='word_1_273' title='bbox 323 2353 642 2424; x_wconf 82' lang='grc' dir='ltr'>θριξοφόρος</span> <span class='ocrx_word' id='word_1_274' title='bbox 686 2352 923 2422; x_wconf 84' lang='grc' dir='ltr'>κορυφὴ,</span> <span class='ocrx_word' id='word_1_275' title='bbox 971 2350 1071 2403; x_wconf 83' lang='grc' dir='ltr'><strong>οὐκ</strong></span> <span class='ocrx_word' id='word_1_276' title='bbox 1120 2348 1305 2419; x_wconf 77' lang='grc' dir='ltr'>ὄρθιον</span> <span class='ocrx_word' id='word_1_277' title='bbox 1343 2346 1655 2417; x_wconf 87' lang='grc' dir='ltr'>ἀνάστημα,</span> <span class='ocrx_word' id='word_1_278' title='bbox 1691 2344 1798 2399; x_wconf 81' lang='grc' dir='ltr'>οὐδ’</span> 
     </span>
    </p>
   </div>
   <div class='ocr_carea' id='block_1_40' title="bbox 217 2438 1797 2515">
    <p class='ocr_par' dir='ltr' id='par_1_40' title="bbox 217 2438 1797 2515">
     <span class='ocr_line' id='line_1_40' title="bbox 217 2438 1797 2515; baseline -0.007 -13"><span class='ocrx_word' id='word_1_279' title='bbox 217 2448 360 2510; x_wconf 87' lang='grc' dir='ltr'>ὂλως</span> <span class='ocrx_word' id='word_1_280' title='bbox 386 2464 441 2500; x_wconf 89' lang='grc' dir='ltr'><strong>τι</strong></span> <span class='ocrx_word' id='word_1_281' title='bbox 494 2446 603 2499; x_wconf 86' lang='grc' dir='ltr'>τῶν</span> <span class='ocrx_word' id='word_1_282' title='bbox 634 2443 776 2498; x_wconf 83' lang='grc' dir='ltr'>κατὰ</span> <span class='ocrx_word' id='word_1_283' title='bbox 818 2444 917 2515; x_wconf 79' lang='grc' dir='ltr'>τὴν</span> <span class='ocrx_word' id='word_1_284' title='bbox 946 2441 1131 2495; x_wconf 78' lang='grc' dir='ltr'>ἒνυλον</span> <span class='ocrx_word' id='word_1_285' title='bbox 1159 2439 1452 2510; x_wconf 83' lang='grc' dir='ltr'>ὁρωμένων</span> <span class='ocrx_word' id='word_1_286' title='bbox 1480 2439 1515 2511; x_wconf 78' lang='grc' dir='ltr'>ἢ</span> <span class='ocrx_word' id='word_1_287' title='bbox 1544 2438 1797 2507; x_wconf 81' lang='grc' dir='ltr'>κινουμέ-</span> 
     </span>
    </p>
   </div>
   <div class='ocr_carea' id='block_1_41' title="bbox 218 2528 1797 2607">
    <p class='ocr_par' dir='ltr' id='par_1_41' title="bbox 218 2528 1797 2607">
     <span class='ocr_line' id='line_1_41' title="bbox 218 2528 1797 2607; baseline -0.008 -14"><span class='ocrx_word' id='word_1_288' title='bbox 218 2557 329 2593; x_wconf 82' lang='grc' dir='ltr'><strong>νων</strong></span> <span class='ocrx_word' id='word_1_289' title='bbox 362 2537 543 2607; x_wconf 87' lang='grc' dir='ltr'>φύσιν.</span> <span class='ocrx_word' id='word_1_290' title='bbox 577 2534 641 2590; x_wconf 86' lang='grc' dir='ltr'>Εί</span> <span class='ocrx_word' id='word_1_291' title='bbox 674 2534 933 2596; x_wconf 82' lang='grc' dir='ltr'>πολλάκις</span> <span class='ocrx_word' id='word_1_292' title='bbox 957 2534 1015 2586; x_wconf 76' lang='grc' dir='ltr'>ἐν</span> <span class='ocrx_word' id='word_1_293' title='bbox 1049 2532 1223 2594; x_wconf 79' lang='grc' dir='ltr'>θείαις</span> <span class='ocrx_word' id='word_1_294' title='bbox 1273 2529 1561 2592; x_wconf 87' lang='grc' dir='ltr'>ὀπτασίαις</span> <span class='ocrx_word' id='word_1_295' title='bbox 1585 2528 1797 2601; x_wconf 83' lang='grc' dir='ltr'>ἀνθρω-</span> 
     </span>
    </p>
   </div>
   <div class='ocr_carea' id='block_1_42' title="bbox 220 2620 1799 2700">
    <p class='ocr_par' dir='ltr' id='par_1_42' title="bbox 220 2620 1799 2700">
     <span class='ocr_line' id='line_1_42' title="bbox 220 2620 1799 2700; baseline -0.006 -16"><span class='ocrx_word' id='word_1_296' title='bbox 220 2629 521 2700; x_wconf 81' lang='grc' dir='ltr'>πομόρφως</span> <span class='ocrx_word' id='word_1_297' title='bbox 565 2624 942 2697; x_wconf 71' lang='grc' dir='ltr'>ἐπιφαίνεσθαι</span> <span class='ocrx_word' id='word_1_298' title='bbox 988 2622 1259 2691; x_wconf 72' lang='grc' dir='ltr'>λέγονται,</span> <span class='ocrx_word' id='word_1_299' title='bbox 1329 2621 1444 2675; x_wconf 79' lang='grc' dir='ltr'>ἀλλ’</span> <span class='ocrx_word' id='word_1_300' title='bbox 1488 2620 1597 2675; x_wconf 80' lang='grc' dir='ltr'>οὐδ’</span> <span class='ocrx_word' id='word_1_301' title='bbox 1630 2620 1799 2684; x_wconf 76' lang='grc' dir='ltr'>αὑτὰς</span> 
     </span>
    </p>
   </div>
   <div class='ocr_carea' id='block_1_43' title="bbox 219 2714 1799 2791">
    <p class='ocr_par' dir='ltr' id='par_1_43' title="bbox 219 2714 1799 2791">
     <span class='ocr_line' id='line_1_43' title="bbox 219 2714 1799 2791; baseline -0.008 -13"><span class='ocrx_word' id='word_1_302' title='bbox 219 2723 427 2785; x_wconf 81' lang='grc' dir='ltr'>ταύτας</span> <span class='ocrx_word' id='word_1_303' title='bbox 455 2722 521 2783; x_wconf 78' lang='grc' dir='ltr'><strong>ἀς</strong></span> <span class='ocrx_word' id='word_1_304' title='bbox 548 2720 921 2791; x_wconf 75' lang='grc' dir='ltr'>περικείμενοι</span> <span class='ocrx_word' id='word_1_305' title='bbox 956 2715 1341 2789; x_wconf 77' lang='grc' dir='ltr'>τροσηγορίας,</span> <span class='ocrx_word' id='word_1_306' title='bbox 1365 2717 1464 2785; x_wconf 78' lang='grc' dir='ltr'><strong>τῆς</strong></span> <span class='ocrx_word' id='word_1_307' title='bbox 1480 2714 1686 2769; x_wconf 89' lang='grc' dir='ltr'>τούτων</span> <span class='ocrx_word' id='word_1_308' title='bbox 1705 2715 1799 2767; x_wconf 84' lang='grc' dir='ltr'>ού-</span> 
     </span>
    </p>
   </div>
   <div class='ocr_carea' id='block_1_44' title="bbox 222 2806 1801 2882">
    <p class='ocr_par' dir='ltr' id='par_1_44' title="bbox 222 2806 1801 2882">
     <span class='ocr_line' id='line_1_44' title="bbox 222 2806 1801 2882; baseline -0.005 -16"><span class='ocrx_word' id='word_1_309' title='bbox 222 2814 349 2877; x_wconf 83' lang='grc' dir='ltr'>σίας</span> <span class='ocrx_word' id='word_1_310' title='bbox 396 2810 740 2882; x_wconf 83' lang='grc' dir='ltr'>σημαντικάς</span> <span class='ocrx_word' id='word_1_311' title='bbox 792 2809 1194 2880; x_wconf 82' lang='grc' dir='ltr'>ὑπειλήφαμεν,</span> <span class='ocrx_word' id='word_1_312' title='bbox 1241 2807 1377 2860; x_wconf 86' lang='grc' dir='ltr'>ἀλλὰ</span> <span class='ocrx_word' id='word_1_313' title='bbox 1420 2806 1559 2876; x_wconf 75' lang='grc' dir='ltr'>πρὸς</span> <span class='ocrx_word' id='word_1_314' title='bbox 1600 2806 1699 2871; x_wconf 89' lang='grc' dir='ltr'><strong>τάς</strong></span> <span class='ocrx_word' id='word_1_315' title='bbox 1723 2807 1801 2858; x_wconf 81' lang='grc' dir='ltr'><strong>οἱ·</strong></span> 
     </span>
    </p>
   </div>
   <div class='ocr_carea' id='block_1_45' title="bbox 222 2899 1802 2977">
    <p class='ocr_par' dir='ltr' id='par_1_45' title="bbox 222 2899 1802 2977">
     <span class='ocr_line' id='line_1_45' title="bbox 222 2899 1802 2977; baseline -0.004 -17"><span class='ocrx_word' id='word_1_316' title='bbox 222 2906 381 2970; x_wconf 89' lang='grc' dir='ltr'>κείας</span> <span class='ocrx_word' id='word_1_317' title='bbox 422 2904 623 2977; x_wconf 81' lang='grc' dir='ltr'>μᾶλλον</span> <span class='ocrx_word' id='word_1_318' title='bbox 650 2903 931 2975; x_wconf 72' lang='grc' dir='ltr'>ἐνεργείας</span> <span class='ocrx_word' id='word_1_319' title='bbox 980 2903 1045 2956; x_wconf 71' lang='grc' dir='ltr'>ἐκ</span> <span class='ocrx_word' id='word_1_320' title='bbox 1082 2900 1241 2967; x_wconf 82' lang='grc' dir='ltr'>Θεοῦ,</span> <span class='ocrx_word' id='word_1_321' title='bbox 1270 2901 1362 2955; x_wconf 75' lang='grc' dir='ltr'><strong>καὶ</strong></span> <span class='ocrx_word' id='word_1_322' title='bbox 1396 2900 1505 2954; x_wconf 84' lang='grc' dir='ltr'><strong>τῶν</strong></span> <span class='ocrx_word' id='word_1_323' title='bbox 1536 2899 1802 2967; x_wconf 82' lang='grc' dir='ltr'>θεολόγων</span> 
     </span>
    </p>
   </div>
   <div class='ocr_carea' id='block_1_46' title="bbox 220 2992 1802 3069">
    <p class='ocr_par' dir='ltr' id='par_1_46' title="bbox 220 2992 1802 3069">
     <span class='ocr_line' id='line_1_46' title="bbox 220 2992 1802 3069; baseline -0.005 -17"><span class='ocrx_word' id='word_1_324' title='bbox 220 2994 437 3069; x_wconf 78' lang='grc' dir='ltr'>ἀνδρῶν</span> <span class='ocrx_word' id='word_1_325' title='bbox 471 2995 800 3067; x_wconf 70' lang='grc' dir='ltr'>ἐκομίσαντο</span> <span class='ocrx_word' id='word_1_326' title='bbox 823 3010 836 3024; x_wconf 93' lang='grc'><strong>·</strong></span> <span class='ocrx_word' id='word_1_327' title='bbox 873 2994 965 3049; x_wconf 87' lang='grc' dir='ltr'><strong>καί</strong></span> <span class='ocrx_word' id='word_1_328' title='bbox 996 3010 1060 3062; x_wconf 88' lang='grc' dir='ltr'><strong>γε</strong></span> <span class='ocrx_word' id='word_1_329' title='bbox 1076 2992 1283 3062; x_wconf 78' lang='grc' dir='ltr'>ὤφελον</span> <span class='ocrx_word' id='word_1_330' title='bbox 1303 3009 1317 3023; x_wconf 75' lang='grc'><strong><em>⁸</em></strong></span> <span class='ocrx_word' id='word_1_331' title='bbox 1348 2993 1442 3046; x_wconf 76' lang='grc' dir='ltr'><strong>καὶ</strong></span> <span class='ocrx_word' id='word_1_332' title='bbox 1460 2992 1705 3063; x_wconf 78' lang='grc' dir='ltr'>γάρὲμοί</span> <span class='ocrx_word' id='word_1_333' title='bbox 1738 3008 1802 3061; x_wconf 86' lang='grc' dir='ltr'><strong>γε</strong></span> 
     </span>
    </p>
   </div>
   <div class='ocr_carea' id='block_1_47' title="bbox 223 3082 1802 3156">
    <p class='ocr_par' dir='ltr' id='par_1_47' title="bbox 223 3082 1802 3156">
     <span class='ocr_line' id='line_1_47' title="bbox 223 3082 1802 3156; baseline -0.006 -12"><span class='ocrx_word' id='word_1_334' title='bbox 223 3092 528 3145; x_wconf 85' lang='grc' dir='ltr'>σκόπευσον</span> <span class='ocrx_word' id='word_1_335' title='bbox 548 3087 740 3152; x_wconf 78' lang='grc' dir='ltr'>οὕτως.</span> <span class='ocrx_word' id='word_1_336' title='bbox 758 3088 1035 3156; x_wconf 72' lang='grc' dir='ltr'>Ἄγγελοι,</span> <span class='ocrx_word' id='word_1_337' title='bbox 1047 3085 1486 3155; x_wconf 76' lang='grc' dir='ltr'>ὼςάγγέλλοντες</span> <span class='ocrx_word' id='word_1_338' title='bbox 1496 3082 1802 3156; x_wconf 86' lang='grc' dir='ltr'>ἀνθρώποις</span> 
     </span>
    </p>
   </div>
   <div class='ocr_carea' id='block_1_48' title="bbox 220 3175 1800 3251">
    <p class='ocr_par' dir='ltr' id='par_1_48' title="bbox 220 3175 1800 3251">
     <span class='ocr_line' id='line_1_48' title="bbox 220 3175 1800 3251; baseline -0.006 -15"><span class='ocrx_word' id='word_1_339' title='bbox 220 3184 292 3236; x_wconf 68' lang='grc' dir='ltr'><strong>τὰ</strong></span> <span class='ocrx_word' id='word_1_340' title='bbox 314 3181 437 3236; x_wconf 83' lang='grc' dir='ltr'>θεῖα</span> <span class='ocrx_word' id='word_1_341' title='bbox 454 3180 792 3251; x_wconf 85' lang='grc' dir='ltr'>βουλεύματα</span> <span class='ocrx_word' id='word_1_342' title='bbox 815 3180 910 3232; x_wconf 87' lang='grc' dir='ltr'><strong>καί</strong></span> <span class='ocrx_word' id='word_1_343' title='bbox 926 3177 1148 3233; x_wconf 82' lang='grc' dir='ltr'>ἄλλοθεν</span> <span class='ocrx_word' id='word_1_344' title='bbox 1164 3177 1475 3246; x_wconf 82' lang='grc' dir='ltr'>ἀγοντες.Ἀ</span> <span class='ocrx_word' id='word_1_345' title='bbox 1485 3175 1800 3246; x_wconf 84' lang='grc' dir='ltr'>ρχάγγελοι,</span> 
     </span>
    </p>
   </div>
   <div class='ocr_carea' id='block_1_49' title="bbox 224 3269 1800 3345">
    <p class='ocr_par' dir='ltr' id='par_1_49' title="bbox 224 3269 1800 3345">
     <span class='ocr_line' id='line_1_49' title="bbox 224 3269 1800 3345; baseline -0.004 -17"><span class='ocrx_word' id='word_1_346' title='bbox 224 3276 313 3328; x_wconf 87' lang='grc' dir='ltr'><strong>ῐνα</strong></span> <span class='ocrx_word' id='word_1_347' title='bbox 345 3276 410 3329; x_wconf 75' lang='grc' dir='ltr'><strong>σὺ</strong></span> <span class='ocrx_word' id='word_1_348' title='bbox 431 3273 607 3345; x_wconf 80' lang='grc' dir='ltr'>μάθῃς</span> <span class='ocrx_word' id='word_1_349' title='bbox 622 3272 716 3327; x_wconf 70' lang='grc' dir='ltr'><strong>καὶ</strong></span> <span class='ocrx_word' id='word_1_350' title='bbox 732 3273 789 3325; x_wconf 84' lang='grc' dir='ltr'>ὲν</span> <span class='ocrx_word' id='word_1_351' title='bbox 814 3269 1125 3341; x_wconf 87' lang='grc' dir='ltr'>ἀνθρώποις</span> <span class='ocrx_word' id='word_1_352' title='bbox 1144 3270 1299 3334; x_wconf 77' lang='grc' dir='ltr'>τάξιν</span> <span class='ocrx_word' id='word_1_353' title='bbox 1326 3272 1419 3322; x_wconf 73' lang='grc' dir='ltr'><strong>καὶ</strong></span> <span class='ocrx_word' id='word_1_354' title='bbox 1445 3270 1800 3333; x_wconf 88' lang='grc' dir='ltr'>κατάστασιν,</span> 
     </span>
    </p>
   </div>
   <div class='ocr_carea' id='block_1_50' title="bbox 221 3324 1872 3439">
    <p class='ocr_par' dir='ltr' id='par_1_50' title="bbox 221 3324 1872 3439">
     <span class='ocr_line' id='line_1_50' title="bbox 221 3324 1872 3439; baseline -0.006 -18"><span class='ocrx_word' id='word_1_355' title='bbox 221 3324 312 3439; x_wconf 27' lang='grc' dir='ltr'><strong>ἦ,ςῂ</strong></span> <span class='ocrx_word' id='word_1_356' title='bbox 341 3324 764 3433; x_wconf 48' lang='grc' dir='ltr'><strong>⁵’καλή</strong></span> <span class='ocrx_word' id='word_1_357' title='bbox 825 3324 1135 3431; x_wconf 68' lang='grc' dir='ltr'>Ἐκκλησία</span> <span class='ocrx_word' id='word_1_358' title='bbox 1191 3324 1552 3431; x_wconf 66' lang='grc' dir='ltr'>καθέστηκεν.</span> <span class='ocrx_word' id='word_1_359' title='bbox 1613 3324 1872 3432; x_wconf 55' lang='grc' dir='ltr'><strong>Ἀρχαίί3</strong></span> 
     </span>
    </p>
   </div>
   <div class='ocr_carea' id='block_1_51' title="bbox 221 3450 1805 3523">
    <p class='ocr_par' dir='ltr' id='par_1_51' title="bbox 221 3450 1805 3523">
     <span class='ocr_line' id='line_1_51' title="bbox 221 3450 1805 3523; baseline -0.006 -8"><span class='ocrx_word' id='word_1_360' title='bbox 221 3459 282 3514; x_wconf 69' lang='grc' dir='ltr'>δὲ</span> <span class='ocrx_word' id='word_1_361' title='bbox 326 3457 489 3513; x_wconf 87' lang='grc' dir='ltr'>πάλιν</span> <span class='ocrx_word' id='word_1_362' title='bbox 538 3456 805 3523; x_wconf 79' lang='grc' dir='ltr'>λέγονται,</span> <span class='ocrx_word' id='word_1_363' title='bbox 840 3452 916 3517; x_wconf 85' lang='grc' dir='ltr'>ὡς</span> <span class='ocrx_word' id='word_1_364' title='bbox 938 3450 1265 3523; x_wconf 80' lang='grc' dir='ltr'>ὲξάρχουσαι</span> <span class='ocrx_word' id='word_1_365' title='bbox 1294 3453 1429 3523; x_wconf 76' lang='grc' dir='ltr'>πρὸς</span> <span class='ocrx_word' id='word_1_366' title='bbox 1458 3453 1805 3507; x_wconf 84' lang='grc' dir='ltr'>διδασκαλίαν</span> 
     </span>
    </p>
   </div>
   <div class='ocr_carea' id='block_1_52' title="bbox 227 3542 1796 3617">
    <p class='ocr_par' dir='ltr' id='par_1_52' title="bbox 227 3542 1796 3617">
     <span class='ocr_line' id='line_1_52' title="bbox 227 3542 1796 3617; baseline -0.005 -12"><span class='ocrx_word' id='word_1_367' title='bbox 227 3550 324 3605; x_wconf 72' lang='grc' dir='ltr'>καὶ</span> <span class='ocrx_word' id='word_1_368' title='bbox 354 3546 635 3617; x_wconf 81' lang='grc' dir='ltr'>φωτισμὸν</span> <span class='ocrx_word' id='word_1_369' title='bbox 676 3544 785 3599; x_wconf 85' lang='grc' dir='ltr'>τῶν</span> <span class='ocrx_word' id='word_1_370' title='bbox 812 3542 1107 3617; x_wconf 81' lang='grc' dir='ltr'>κατωτέρω</span> <span class='ocrx_word' id='word_1_371' title='bbox 1130 3543 1588 3615; x_wconf 84' lang='grc' dir='ltr'>προσταγμάτων.</span> <span class='ocrx_word' id='word_1_372' title='bbox 1612 3543 1796 3609; x_wconf 80' lang='grc' dir='ltr'>Ἐξού-</span> 
     </span>
    </p>
   </div>
   <div class='ocr_carea' id='block_1_53' title="bbox 229 3634 1806 3708">
    <p class='ocr_par' dir='ltr' id='par_1_53' title="bbox 229 3634 1806 3708">
     <span class='ocr_line' id='line_1_53' title="bbox 229 3634 1806 3708; baseline -0.004 -14"><span class='ocrx_word' id='word_1_373' title='bbox 229 3642 370 3706; x_wconf 85' lang='grc' dir='ltr'>σίαι,</span> <span class='ocrx_word' id='word_1_374' title='bbox 396 3638 471 3701; x_wconf 86' lang='grc' dir='ltr'><strong>ὡς</strong></span> <span class='ocrx_word' id='word_1_375' title='bbox 485 3636 740 3708; x_wconf 84' lang='grc' dir='ltr'>βασιλικά</span> <span class='ocrx_word' id='word_1_376' title='bbox 763 3637 859 3689; x_wconf 82' lang='grc' dir='ltr'><strong>καὶ</strong></span> <span class='ocrx_word' id='word_1_377' title='bbox 897 3634 1193 3689; x_wconf 83' lang='grc' dir='ltr'>δεσποτικὰ</span> <span class='ocrx_word' id='word_1_378' title='bbox 1227 3634 1605 3705; x_wconf 85' lang='grc' dir='ltr'>περικείμεναι</span> <span class='ocrx_word' id='word_1_379' title='bbox 1641 3634 1806 3701; x_wconf 78' lang='grc' dir='ltr'>ἀξιώ-</span> 
     </span>
    </p>
   </div>
   <div class='ocr_carea' id='block_1_54' title="bbox 230 3723 1805 3802">
    <p class='ocr_par' dir='ltr' id='par_1_54' title="bbox 230 3723 1805 3802">
     <span class='ocr_line' id='line_1_54' title="bbox 230 3723 1805 3802; baseline -0.005 -17"><span class='ocrx_word' id='word_1_380' title='bbox 230 3746 402 3802; x_wconf 80' lang='grc' dir='ltr'>ματα.</span> <span class='ocrx_word' id='word_1_381' title='bbox 440 3727 732 3798; x_wconf 79' lang='grc' dir='ltr'>Δυνάμεις,</span> <span class='ocrx_word' id='word_1_382' title='bbox 752 3725 829 3789; x_wconf 85' lang='grc' dir='ltr'>ὠς</span> <span class='ocrx_word' id='word_1_383' title='bbox 857 3726 1043 3796; x_wconf 88' lang='grc' dir='ltr'>χάριτι</span> <span class='ocrx_word' id='word_1_384' title='bbox 1066 3724 1246 3794; x_wconf 85' lang='grc' dir='ltr'>πάσης</span> <span class='ocrx_word' id='word_1_385' title='bbox 1272 3723 1554 3787; x_wconf 79' lang='grc' dir='ltr'>ἀσθενείας</span> <span class='ocrx_word' id='word_1_386' title='bbox 1582 3726 1677 3778; x_wconf 75' lang='grc' dir='ltr'><strong>καὶ</strong></span> <span class='ocrx_word' id='word_1_387' title='bbox 1698 3726 1805 3778; x_wconf 85' lang='grc' dir='ltr'>πά-</span> 
     </span>
    </p>
   </div>
   <div class='ocr_carea' id='block_1_55' title="bbox 229 3815 1809 3888">
    <p class='ocr_par' dir='ltr' id='par_1_55' title="bbox 229 3815 1809 3888">
     <span class='ocr_line' id='line_1_55' title="bbox 229 3815 1809 3888; baseline -0.009 -9"><span class='ocrx_word' id='word_1_388' title='bbox 229 3824 361 3887; x_wconf 84' lang='grc' dir='ltr'>θους</span> <span class='ocrx_word' id='word_1_389' title='bbox 393 3822 488 3876; x_wconf 81' lang='grc' dir='ltr'><strong>καὶ</strong></span> <span class='ocrx_word' id='word_1_390' title='bbox 521 3819 755 3873; x_wconf 82' lang='grc' dir='ltr'>θανάτου</span> <span class='ocrx_word' id='word_1_391' title='bbox 776 3817 1068 3888; x_wconf 86' lang='grc' dir='ltr'>ἀνώτεραι.</span> <span class='ocrx_word' id='word_1_392' title='bbox 1099 3815 1313 3886; x_wconf 85' lang='grc' dir='ltr'>Θρόνοι,</span> <span class='ocrx_word' id='word_1_393' title='bbox 1352 3815 1427 3879; x_wconf 86' lang='grc' dir='ltr'><strong>ὡς</strong></span> <span class='ocrx_word' id='word_1_394' title='bbox 1466 3820 1809 3871; x_wconf 83' lang='grc' dir='ltr'>ὲπαναπαυο-</span> 
     </span>
    </p>
   </div>
   <div class='ocr_carea' id='block_1_56' title="bbox 233 3905 1803 3987">
    <p class='ocr_par' dir='ltr' id='par_1_56' title="bbox 233 3905 1803 3987">
     <span class='ocr_line' id='line_1_56' title="bbox 233 3905 1803 3987; baseline -0.006 -18"><span class='ocrx_word' id='word_1_395' title='bbox 233 3916 399 3987; x_wconf 71' lang='grc' dir='ltr'>μένου</span> <span class='ocrx_word' id='word_1_396' title='bbox 422 3912 516 3966; x_wconf 90' lang='grc' dir='ltr'><strong>τοῦ</strong></span> <span class='ocrx_word' id='word_1_397' title='bbox 548 3908 685 3965; x_wconf 88' lang='grc' dir='ltr'>Θεοῦ</span> <span class='ocrx_word' id='word_1_398' title='bbox 724 3912 794 3980; x_wconf 74' lang='grc' dir='ltr'>τῇ</span> <span class='ocrx_word' id='word_1_399' title='bbox 832 3907 1037 3962; x_wconf 89' lang='grc' dir='ltr'>τούτων</span> <span class='ocrx_word' id='word_1_400' title='bbox 1066 3906 1313 3976; x_wconf 68' lang='grc' dir='ltr'>πολιτείᾳ</span> <span class='ocrx_word' id='word_1_401' title='bbox 1345 3906 1440 3959; x_wconf 60' lang='grc' dir='ltr'><strong>καὶ¹</strong></span> <span class='ocrx_word' id='word_1_402' title='bbox 1468 3905 1803 3977; x_wconf 72' lang='grc' dir='ltr'>λειτουργία.</span> 
     </span>
    </p>
   </div>
   <div class='ocr_carea' id='block_1_57' title="bbox 231 3998 1807 4079">
    <p class='ocr_par' dir='ltr' id='par_1_57' title="bbox 231 3998 1807 4079">
     <span class='ocr_line' id='line_1_57' title="bbox 231 3998 1807 4079; baseline -0.006 -17"><span class='ocrx_word' id='word_1_403' title='bbox 231 4007 588 4079; x_wconf 77' lang='grc' dir='ltr'>κυριότητες,</span> <span class='ocrx_word' id='word_1_404' title='bbox 629 4004 704 4068; x_wconf 82' lang='grc' dir='ltr'>ὡς</span> <span class='ocrx_word' id='word_1_405' title='bbox 740 3999 1246 4073; x_wconf 72' lang='grc' dir='ltr'>ἐμπεπιστευμέναι</span> <span class='ocrx_word' id='word_1_406' title='bbox 1285 3999 1389 4053; x_wconf 81' lang='grc' dir='ltr'><strong>ὑπὸ</strong></span> <span class='ocrx_word' id='word_1_407' title='bbox 1436 3998 1531 4053; x_wconf 88' lang='grc' dir='ltr'><strong>τοῦ</strong></span> <span class='ocrx_word' id='word_1_408' title='bbox 1565 4000 1702 4053; x_wconf 81' lang='grc' dir='ltr'>Θεοῦ</span> <span class='ocrx_word' id='word_1_409' title='bbox 1726 4001 1807 4063; x_wconf 85' lang='grc' dir='ltr'><strong>είς</strong></span> 
     </span>
    </p>
   </div>
   <div class='ocr_carea' id='block_1_58' title="bbox 230 4089 1808 4171">
    <p class='ocr_par' dir='ltr' id='par_1_58' title="bbox 230 4089 1808 4171">
     <span class='ocr_line' id='line_1_58' title="bbox 230 4089 1808 4171; baseline -0.007 -17"><span class='ocrx_word' id='word_1_410' title='bbox 230 4100 493 4171; x_wconf 86' lang='grc' dir='ltr'>πρόνοιαν</span> <span class='ocrx_word' id='word_1_411' title='bbox 524 4100 619 4149; x_wconf 83' lang='grc' dir='ltr'>καὶ</span> <span class='ocrx_word' id='word_1_412' title='bbox 643 4092 917 4166; x_wconf 85' lang='grc' dir='ltr'>σωτηρίαν</span> <span class='ocrx_word' id='word_1_413' title='bbox 951 4091 1048 4146; x_wconf 73' lang='grc' dir='ltr'><strong>καὶ</strong></span> <span class='ocrx_word' id='word_1_414' title='bbox 1084 4089 1454 4161; x_wconf 84' lang='grc' dir='ltr'>χειραγωγίαν</span> <span class='ocrx_word' id='word_1_415' title='bbox 1489 4090 1567 4162; x_wconf 84' lang='grc' dir='ltr'>τῷ</span> <span class='ocrx_word' id='word_1_416' title='bbox 1598 4091 1808 4161; x_wconf 84' lang='grc' dir='ltr'>ἀνθρω-</span> 
     </span>
    </p>
   </div>
   <div class='ocr_carea' id='block_1_59' title="bbox 231 4181 1808 4262">
    <p class='ocr_par' dir='ltr' id='par_1_59' title="bbox 231 4181 1808 4262">
     <span class='ocr_line' id='line_1_59' title="bbox 231 4181 1808 4262; baseline -0.006 -17"><span class='ocrx_word' id='word_1_417' title='bbox 231 4193 377 4262; x_wconf 75' lang='grc' dir='ltr'>πίνῳ</span> <span class='ocrx_word' id='word_1_418' title='bbox 409 4191 577 4259; x_wconf 80' lang='grc' dir='ltr'>γένει,</span> <span class='ocrx_word' id='word_1_419' title='bbox 608 4188 704 4242; x_wconf 77' lang='grc' dir='ltr'><strong>καὶ</strong></span> <span class='ocrx_word' id='word_1_420' title='bbox 731 4186 806 4250; x_wconf 83' lang='grc' dir='ltr'>ὡς</span> <span class='ocrx_word' id='word_1_421' title='bbox 840 4185 1132 4239; x_wconf 75' lang='grc' dir='ltr'>ἀδούλωτοι</span> <span class='ocrx_word' id='word_1_422' title='bbox 1170 4183 1355 4255; x_wconf 84' lang='grc' dir='ltr'>χάριτι</span> <span class='ocrx_word' id='word_1_423' title='bbox 1399 4181 1582 4253; x_wconf 85' lang='grc' dir='ltr'>πάσης</span> <span class='ocrx_word' id='word_1_424' title='bbox 1622 4183 1808 4236; x_wconf 76' lang='grc' dir='ltr'>λοιπὸν</span> 
     </span>
    </p>
   </div>
   <div class='ocr_carea' id='block_1_60' title="bbox 232 4274 1809 4357">
    <p class='ocr_par' dir='ltr' id='par_1_60' title="bbox 232 4274 1809 4357">
     <span class='ocr_line' id='line_1_60' title="bbox 232 4274 1809 4357; baseline -0.008 -18"><span class='ocrx_word' id='word_1_425' title='bbox 232 4281 516 4357; x_wconf 82' lang='grc' dir='ltr'>ὲμπαθοῦς</span> <span class='ocrx_word' id='word_1_426' title='bbox 544 4282 815 4350; x_wconf 88' lang='grc' dir='ltr'>κινήσεως</span> <span class='ocrx_word' id='word_1_427' title='bbox 861 4279 956 4332; x_wconf 75' lang='grc' dir='ltr'>καὶ</span> <span class='ocrx_word' id='word_1_428' title='bbox 991 4276 1341 4339; x_wconf 78' lang='grc' dir='ltr'>ἐκπτώσεως.</span> <span class='ocrx_word' id='word_1_429' title='bbox 1370 4274 1645 4346; x_wconf 71' lang='grc' dir='ltr'>Σεραφὶμ,</span> <span class='ocrx_word' id='word_1_430' title='bbox 1670 4275 1809 4345; x_wconf 82' lang='grc' dir='ltr'>ὅπερ</span> 
     </span>
    </p>
   </div>
   <div class='ocr_carea' id='block_1_61' title="bbox 232 4366 1809 4451">
    <p class='ocr_par' dir='ltr' id='par_1_61' title="bbox 232 4366 1809 4451">
     <span class='ocr_line' id='line_1_61' title="bbox 232 4366 1809 4451; baseline -0.008 -19"><span class='ocrx_word' id='word_1_431' title='bbox 232 4383 300 4451; x_wconf 73' lang='grc' dir='ltr'>τῇ</span> <span class='ocrx_word' id='word_1_432' title='bbox 336 4375 607 4446; x_wconf 76' lang='grc' dir='ltr'>Ἐϐραίων</span> <span class='ocrx_word' id='word_1_433' title='bbox 633 4373 785 4441; x_wconf 84' lang='grc' dir='ltr'>φωνῇ</span> <span class='ocrx_word' id='word_1_434' title='bbox 811 4369 1059 4441; x_wconf 84' lang='grc' dir='ltr'>πύρωσις</span> <span class='ocrx_word' id='word_1_435' title='bbox 1095 4366 1477 4439; x_wconf 77' lang='grc' dir='ltr'>ἑρμηνεύεται,</span> <span class='ocrx_word' id='word_1_436' title='bbox 1508 4367 1582 4428; x_wconf 85' lang='grc' dir='ltr'>ὡς</span> <span class='ocrx_word' id='word_1_437' title='bbox 1607 4367 1809 4436; x_wconf 76' lang='grc' dir='ltr'>ἐτέρων</span> 
     </span>
    </p>
   </div>
   <div class='ocr_carea' id='block_1_62' title="bbox 232 4459 1808 4540">
    <p class='ocr_par' dir='ltr' id='par_1_62' title="bbox 232 4459 1808 4540">
     <span class='ocr_line' id='line_1_62' title="bbox 232 4459 1808 4540; baseline -0.006 -17"><span class='ocrx_word' id='word_1_438' title='bbox 232 4466 571 4540; x_wconf 62' lang='grc' dir='ltr'><strong>καθαρτικαὶ⁵</strong></span> <span class='ocrx_word' id='word_1_439' title='bbox 613 4464 710 4519; x_wconf 67' lang='grc' dir='ltr'><strong>καὶ</strong></span> <span class='ocrx_word' id='word_1_440' title='bbox 750 4462 1077 4532; x_wconf 71' lang='grc' dir='ltr'>φωτιστικαὶ</span> <span class='ocrx_word' id='word_1_441' title='bbox 1126 4459 1304 4513; x_wconf 81' lang='grc' dir='ltr'>οὐσίαι</span> <span class='ocrx_word' id='word_1_442' title='bbox 1349 4459 1716 4531; x_wconf 70' lang='grc' dir='ltr'>τυγχάνουσι*</span> <span class='ocrx_word' id='word_1_443' title='bbox 1742 4460 1808 4513; x_wconf 89' lang='grc' dir='ltr'><strong>τά</strong></span> 
     </span>
    </p>
   </div>
   <div class='ocr_carea' id='block_1_63' title="bbox 231 4552 1808 4624">
    <p class='ocr_par' dir='ltr' id='par_1_63' title="bbox 231 4552 1808 4624">
     <span class='ocr_line' id='line_1_63' title="bbox 231 4552 1808 4624; baseline -0.008 -7"><span class='ocrx_word' id='word_1_444' title='bbox 231 4562 291 4616; x_wconf 71' lang='grc' dir='ltr'>δὲ</span> <span class='ocrx_word' id='word_1_445' title='bbox 318 4560 573 4616; x_wconf 79' lang='grc' dir='ltr'>ἀνώτατα</span> <span class='ocrx_word' id='word_1_446' title='bbox 615 4557 835 4611; x_wconf 85' lang='grc' dir='ltr'>πάντων</span> <span class='ocrx_word' id='word_1_447' title='bbox 867 4555 962 4607; x_wconf 76' lang='grc' dir='ltr'>καὶ</span> <span class='ocrx_word' id='word_1_448' title='bbox 992 4553 1290 4624; x_wconf 87' lang='grc' dir='ltr'>πλησιόθεα</span> <span class='ocrx_word' id='word_1_449' title='bbox 1324 4552 1607 4623; x_wconf 68' lang='grc' dir='ltr'>Χερουϐὶμ</span> <span class='ocrx_word' id='word_1_450' title='bbox 1627 4592 1641 4617; x_wconf 95' lang='grc'><strong>,</strong></span> <span class='ocrx_word' id='word_1_451' title='bbox 1673 4556 1808 4623; x_wconf 73' lang='grc' dir='ltr'>ὅπερ</span> 
     </span>
    </p>
   </div>
   <div class='ocr_carea' id='block_1_64' title="bbox 234 4645 1309 4723">
    <p class='ocr_par' dir='ltr' id='par_1_64' title="bbox 234 4645 1309 4723">
     <span class='ocr_line' id='line_1_64' title="bbox 234 4645 1309 4723; baseline -0.008 -14"><span class='ocrx_word' id='word_1_452' title='bbox 234 4654 397 4710; x_wconf 78' lang='grc' dir='ltr'>πάλιν</span> <span class='ocrx_word' id='word_1_453' title='bbox 423 4650 624 4723; x_wconf 76' lang='grc' dir='ltr'>πλῆθος</span> <span class='ocrx_word' id='word_1_454' title='bbox 645 4647 1011 4720; x_wconf 68' lang='grc' dir='ltr'>ἑρμηνεύεται</span> <span class='ocrx_word' id='word_1_455' title='bbox 1036 4645 1309 4715; x_wconf 86' lang='grc' dir='ltr'>γνώσεως.</span> 
     </span>
    </p>
   </div>
   <div class='ocr_carea' id='block_1_65' title="bbox 309 4914 1815 4990">
    <p class='ocr_par' dir='ltr' id='par_1_65' title="bbox 309 4914 1815 4990">
     <span class='ocr_line' id='line_1_65' title="bbox 309 4914 1815 4990; baseline -0.003 -15"><span class='ocrx_word' id='word_1_456' title='bbox 309 4920 399 4989; x_wconf 83' lang='grc' dir='ltr'>ιγ’.</span> <span class='ocrx_word' id='word_1_457' title='bbox 428 4917 648 4990; x_wconf 81' lang='grc' dir='ltr'>Ταύτην</span> <span class='ocrx_word' id='word_1_458' title='bbox 670 4919 801 4989; x_wconf 79' lang='grc' dir='ltr'>ἡμῖν</span> <span class='ocrx_word' id='word_1_459' title='bbox 826 4920 853 4972; x_wconf 84' lang='grc' dir='ltr'><em>ὁ</em></span> <span class='ocrx_word' id='word_1_460' title='bbox 869 4917 1305 4989; x_wconf 79' lang='grc' dir='ltr'>ἀρχιστράτηγος</span> <span class='ocrx_word' id='word_1_461' title='bbox 1330 4915 1438 4971; x_wconf 81' lang='grc' dir='ltr'><strong>τῶν</strong></span> <span class='ocrx_word' id='word_1_462' title='bbox 1456 4914 1704 4987; x_wconf 80' lang='grc' dir='ltr'>ἀγγέλων</span> <span class='ocrx_word' id='word_1_463' title='bbox 1724 4917 1815 4988; x_wconf 86' lang='grc' dir='ltr'><strong>σή-</strong></span> 
     </span>
    </p>
   </div>
   <div class='ocr_carea' id='block_1_66' title="bbox 238 5005 1814 5085">
    <p class='ocr_par' dir='ltr' id='par_1_66' title="bbox 238 5005 1814 5085">
     <span class='ocr_line' id='line_1_66' title="bbox 238 5005 1814 5085; baseline -0.002 -20"><span class='ocrx_word' id='word_1_464' title='bbox 238 5029 407 5085; x_wconf 88' lang='grc' dir='ltr'>μερον</span> <span class='ocrx_word' id='word_1_465' title='bbox 426 5010 557 5080; x_wconf 75' lang='grc' dir='ltr'>περὶ</span> <span class='ocrx_word' id='word_1_466' title='bbox 576 5010 823 5078; x_wconf 81' lang='grc' dir='ltr'>ἀγγέλων</span> <span class='ocrx_word' id='word_1_467' title='bbox 838 5012 1009 5063; x_wconf 81' lang='grc' dir='ltr'>εἰπεῖν</span> <span class='ocrx_word' id='word_1_468' title='bbox 1048 5009 1366 5079; x_wconf 86' lang='grc' dir='ltr'>ὑφηγήσατο</span> <span class='ocrx_word' id='word_1_469' title='bbox 1389 5025 1405 5040; x_wconf 76' lang='grc' dir='ltr'>σ</span> <span class='ocrx_word' id='word_1_470' title='bbox 1436 5005 1597 5063; x_wconf 75' lang='grc' dir='ltr'>αῦταί</span> <span class='ocrx_word' id='word_1_471' title='bbox 1617 5027 1675 5062; x_wconf 90' lang='grc' dir='ltr'><strong>τε</strong></span> <span class='ocrx_word' id='word_1_472' title='bbox 1704 5010 1814 5063; x_wconf 84' lang='grc' dir='ltr'><strong>τῶν</strong></span> 
     </span>
    </p>
   </div>
   <div class='ocr_carea' id='block_1_67' title="bbox 235 5100 1813 5175">
    <p class='ocr_par' dir='ltr' id='par_1_67' title="bbox 235 5100 1813 5175">
     <span class='ocr_line' id='line_1_67' title="bbox 235 5100 1813 5175; baseline -0.005 -14"><span class='ocrx_word' id='word_1_473' title='bbox 235 5104 548 5175; x_wconf 75' lang='grc' dir='ltr'>ἀσωμάτων</span> <span class='ocrx_word' id='word_1_474' title='bbox 564 5101 720 5155; x_wconf 64' lang='grc' dir='ltr'>ἐννέα</span> <span class='ocrx_word' id='word_1_475' title='bbox 730 5102 932 5167; x_wconf 78' lang='grc' dir='ltr'>τάξεις,</span> <span class='ocrx_word' id='word_1_476' title='bbox 955 5101 1044 5156; x_wconf 78' lang='grc' dir='ltr'><strong>καὶ</strong></span> <span class='ocrx_word' id='word_1_477' title='bbox 1065 5101 1263 5173; x_wconf 83' lang='grc' dir='ltr'>δεκάτη</span> <span class='ocrx_word' id='word_1_478' title='bbox 1282 5104 1309 5154; x_wconf 86' lang='grc' dir='ltr'><strong>δ</strong></span> <span class='ocrx_word' id='word_1_479' title='bbox 1335 5100 1431 5156; x_wconf 87' lang='grc' dir='ltr'><strong>ἀνθ</strong></span> <span class='ocrx_word' id='word_1_480' title='bbox 1439 5118 1619 5171; x_wconf 77' lang='grc' dir='ltr'>ρωπος</span> <span class='ocrx_word' id='word_1_481' title='bbox 1644 5118 1656 5131; x_wconf 92' lang='grc'><strong>·</strong></span> <span class='ocrx_word' id='word_1_482' title='bbox 1677 5101 1813 5154; x_wconf 75' lang='grc' dir='ltr'>εἰσὶν</span> 
     </span>
    </p>
   </div>
   <div class='ocr_carea' id='block_1_68' title="bbox 238 5188 1810 5265">
    <p class='ocr_par' dir='ltr' id='par_1_68' title="bbox 238 5188 1810 5265">
     <span class='ocr_line' id='line_1_68' title="bbox 238 5188 1810 5265; baseline -0.003 -13"><span class='ocrx_word' id='word_1_483' title='bbox 238 5196 332 5252; x_wconf 84' lang='grc' dir='ltr'><strong>οῦν</strong></span> <span class='ocrx_word' id='word_1_484' title='bbox 350 5192 738 5263; x_wconf 78' lang='grc' dir='ltr'>δέκατάξειςῆ</span> <span class='ocrx_word' id='word_1_485' title='bbox 764 5193 1027 5264; x_wconf 64' lang='grc' dir='ltr'>δραχμαὶ,</span> <span class='ocrx_word' id='word_1_486' title='bbox 1052 5194 1179 5265; x_wconf 73' lang='grc' dir='ltr'>περὶ</span> <span class='ocrx_word' id='word_1_487' title='bbox 1211 5188 1286 5247; x_wconf 82' lang='grc' dir='ltr'>ὧν</span> <span class='ocrx_word' id='word_1_488' title='bbox 1322 5210 1484 5263; x_wconf 83' lang='grc' dir='ltr'>φησιν</span> <span class='ocrx_word' id='word_1_489' title='bbox 1507 5197 1535 5247; x_wconf 83' lang='grc' dir='ltr'>ὁ</span> <span class='ocrx_word' id='word_1_490' title='bbox 1558 5194 1810 5264; x_wconf 82' lang='grc' dir='ltr'>Χριστός.</span> 
     </span>
    </p>
   </div>
   <div class='ocr_carea' id='block_1_69' title="bbox 248 5283 1816 5355">
    <p class='ocr_par' dir='ltr' id='par_1_69' title="bbox 248 5283 1816 5355">
     <span class='ocr_line' id='line_1_69' title="bbox 248 5283 1816 5355; baseline -0.004 -13"><span class='ocrx_word' id='word_1_491' title='bbox 248 5307 268 5341; x_wconf 81' lang='grc' dir='ltr'><strong>ε</strong></span> <span class='ocrx_word' id='word_1_492' title='bbox 292 5288 454 5347; x_wconf 83' lang='grc' dir='ltr'>Εἷτις</span> <span class='ocrx_word' id='word_1_493' title='bbox 476 5286 613 5355; x_wconf 77' lang='grc' dir='ltr'>γυνὴ</span> <span class='ocrx_word' id='word_1_494' title='bbox 634 5283 829 5354; x_wconf 75' lang='grc' dir='ltr'>ἔχουσα</span> <span class='ocrx_word' id='word_1_495' title='bbox 842 5284 1089 5354; x_wconf 79' lang='grc' dir='ltr'>δραχμὰς</span> <span class='ocrx_word' id='word_1_496' title='bbox 1117 5284 1271 5349; x_wconf 77' lang='grc' dir='ltr'>δέκα,</span> <span class='ocrx_word' id='word_1_497' title='bbox 1293 5285 1388 5337; x_wconf 86' lang='grc' dir='ltr'><strong>ὲάν</strong></span> <span class='ocrx_word' id='word_1_498' title='bbox 1429 5285 1667 5355; x_wconf 77' lang='grc' dir='ltr'>ἀπολέσῃ</span> <span class='ocrx_word' id='word_1_499' title='bbox 1688 5286 1816 5354; x_wconf 87' lang='grc' dir='ltr'>μίαν</span> 
     </span>
    </p>
   </div>
   <div class='ocr_carea' id='block_1_70' title="bbox 242 5374 1818 5446">
    <p class='ocr_par' dir='ltr' id='par_1_70' title="bbox 242 5374 1818 5446">
     <span class='ocr_line' id='line_1_70' title="bbox 242 5374 1818 5446; baseline -0.004 -14"><span class='ocrx_word' id='word_1_500' title='bbox 242 5380 302 5446; x_wconf 74' lang='grc' dir='ltr'>ἐξ</span> <span class='ocrx_word' id='word_1_501' title='bbox 323 5377 526 5442; x_wconf 83' lang='grc' dir='ltr'>αὐτῶν,</span> <span class='ocrx_word' id='word_1_502' title='bbox 541 5375 669 5429; x_wconf 76' lang='grc' dir='ltr'>οὐδὲ</span> <span class='ocrx_word' id='word_1_503' title='bbox 688 5375 868 5444; x_wconf 71' lang='grc' dir='ltr'>ἅψασα</span> <span class='ocrx_word' id='word_1_504' title='bbox 886 5374 1077 5444; x_wconf 86' lang='grc' dir='ltr'>λύχνον</span> <span class='ocrx_word' id='word_1_505' title='bbox 1100 5374 1431 5445; x_wconf 73' lang='grc' dir='ltr'>ἀναξητήσει</span> <span class='ocrx_word' id='word_1_506' title='bbox 1454 5374 1657 5445; x_wconf 86' lang='grc' dir='ltr'>ταύτην</span> <span class='ocrx_word' id='word_1_507' title='bbox 1682 5394 1696 5439; x_wconf 85' lang='grc'>;</span> <span class='ocrx_word' id='word_1_508' title='bbox 1725 5374 1818 5429; x_wconf 78' lang='grc' dir='ltr'><strong>καὶ</strong></span> 
     </span>
    </p>
   </div>
   <div class='ocr_carea' id='block_1_71' title="bbox 243 5466 1817 5540">
    <p class='ocr_par' dir='ltr' id='par_1_71' title="bbox 243 5466 1817 5540">
     <span class='ocr_line' id='line_1_71' title="bbox 243 5466 1817 5540; baseline -0.002 -18"><span class='ocrx_word' id='word_1_509' title='bbox 243 5471 340 5524; x_wconf 70' lang='grc' dir='ltr'><strong>ιάν</strong></span> <span class='ocrx_word' id='word_1_510' title='bbox 356 5468 514 5540; x_wconf 79' lang='grc' dir='ltr'>εῦρῃ.</span> <span class='ocrx_word' id='word_1_511' title='bbox 545 5468 896 5535; x_wconf 81' lang='grc' dir='ltr'>συγκαλεῖται</span> <span class='ocrx_word' id='word_1_512' title='bbox 919 5467 1014 5529; x_wconf 71' lang='grc' dir='ltr'>τὰς</span> <span class='ocrx_word' id='word_1_513' title='bbox 1032 5466 1189 5536; x_wconf 82' lang='grc' dir='ltr'>φίλας</span> <span class='ocrx_word' id='word_1_514' title='bbox 1204 5468 1296 5520; x_wconf 74' lang='grc' dir='ltr'><strong>καὶ</strong></span> <span class='ocrx_word' id='word_1_515' title='bbox 1315 5467 1413 5530; x_wconf 81' lang='grc' dir='ltr'>τὰς</span> <span class='ocrx_word' id='word_1_516' title='bbox 1435 5468 1700 5536; x_wconf 85' lang='grc' dir='ltr'>γείτονας,</span> <span class='ocrx_word' id='word_1_517' title='bbox 1732 5467 1817 5520; x_wconf 80' lang='grc' dir='ltr'><strong>λέ-</strong></span> 
     </span>
    </p>
   </div>
   <div class='ocr_carea' id='block_1_72' title="bbox 243 5553 1820 5631">
    <p class='ocr_par' dir='ltr' id='par_1_72' title="bbox 243 5553 1820 5631">
     <span class='ocr_line' id='line_1_72' title="bbox 243 5553 1820 5631; baseline -0.001 -17"><span class='ocrx_word' id='word_1_518' title='bbox 243 5577 439 5629; x_wconf 88' lang='grc' dir='ltr'>γουσα,</span> <span class='ocrx_word' id='word_1_519' title='bbox 488 5558 807 5629; x_wconf 78' lang='grc' dir='ltr'>Συγχάρητέ</span> <span class='ocrx_word' id='word_1_520' title='bbox 863 5575 952 5627; x_wconf 88' lang='grc' dir='ltr'><strong>μοι</strong></span> <span class='ocrx_word' id='word_1_521' title='bbox 980 5560 1061 5612; x_wconf 83' lang='grc' dir='ltr'>ὅτι</span> <span class='ocrx_word' id='word_1_522' title='bbox 1116 5553 1280 5629; x_wconf 78' lang='grc' dir='ltr'>ηῦρον</span> <span class='ocrx_word' id='word_1_523' title='bbox 1326 5560 1424 5628; x_wconf 84' lang='grc' dir='ltr'><strong>τὴν</strong></span> <span class='ocrx_word' id='word_1_524' title='bbox 1469 5559 1720 5630; x_wconf 82' lang='grc' dir='ltr'>δραχμὴν</span> <span class='ocrx_word' id='word_1_525' title='bbox 1754 5562 1820 5631; x_wconf 86' lang='grc' dir='ltr'>ἢν</span> 
     </span>
    </p>
   </div>
   <div class='ocr_carea' id='block_1_73' title="bbox 242 5646 1822 5722">
    <p class='ocr_par' dir='ltr' id='par_1_73' title="bbox 242 5646 1822 5722">
     <span class='ocr_line' id='line_1_73' title="bbox 242 5646 1822 5722; baseline -0.002 -14"><span class='ocrx_word' id='word_1_526' title='bbox 242 5652 505 5708; x_wconf 86' lang='grc' dir='ltr'>ἀπώλεσα</span> <span class='ocrx_word' id='word_1_527' title='bbox 536 5667 550 5681; x_wconf 81' lang='grc'><em>’</em></span> <span class='ocrx_word' id='word_1_528' title='bbox 591 5669 609 5701; x_wconf 70' lang='grc' dir='ltr'><strong>ι</strong></span> <span class='ocrx_word' id='word_1_529' title='bbox 645 5652 679 5721; x_wconf 82' lang='grc' dir='ltr'><strong>ἧ</strong></span> <span class='ocrx_word' id='word_1_530' title='bbox 701 5668 783 5713; x_wconf 90' lang='grc' dir='ltr'><strong>τις</strong></span> <span class='ocrx_word' id='word_1_531' title='bbox 806 5646 873 5721; x_wconf 75' lang='grc' dir='ltr'>ἦν</span> <span class='ocrx_word' id='word_1_532' title='bbox 894 5653 985 5703; x_wconf 78' lang='grc' dir='ltr'><strong>καὶ</strong></span> <span class='ocrx_word' id='word_1_533' title='bbox 1011 5653 1069 5703; x_wconf 83' lang='grc' dir='ltr'><strong>τὸ</strong></span> <span class='ocrx_word' id='word_1_534' title='bbox 1095 5652 1367 5722; x_wconf 73' lang='grc' dir='ltr'>πρόϐατον</span> <span class='ocrx_word' id='word_1_535' title='bbox 1387 5652 1447 5705; x_wconf 80' lang='grc' dir='ltr'><strong>τὸ</strong></span> <span class='ocrx_word' id='word_1_536' title='bbox 1467 5652 1741 5714; x_wconf 73' lang='grc' dir='ltr'>ἀπολωλὸς</span> <span class='ocrx_word' id='word_1_537' title='bbox 1760 5654 1822 5705; x_wconf 78' lang='grc' dir='ltr'>ἐκ</span> 
     </span>
    </p>
   </div>
   <div class='ocr_carea' id='block_1_74' title="bbox 241 5744 1820 5816">
    <p class='ocr_par' dir='ltr' id='par_1_74' title="bbox 241 5744 1820 5816">
     <span class='ocr_line' id='line_1_74' title="bbox 241 5744 1820 5816; baseline -0.004 -14"><span class='ocrx_word' id='word_1_538' title='bbox 241 5748 357 5803; x_wconf 83' lang='grc' dir='ltr'><strong>τῶν</strong></span> <span class='ocrx_word' id='word_1_539' title='bbox 418 5744 928 5816; x_wconf 82' lang='grc' dir='ltr'>ὲννενηκονταεννέα</span> <span class='ocrx_word' id='word_1_540' title='bbox 978 5744 1085 5797; x_wconf 82' lang='grc' dir='ltr'><strong>τῶν</strong></span> <span class='ocrx_word' id='word_1_541' title='bbox 1134 5744 1208 5814; x_wconf 87' lang='grc' dir='ltr'>μὴ</span> <span class='ocrx_word' id='word_1_542' title='bbox 1253 5744 1640 5797; x_wconf 68' lang='grc' dir='ltr'>ἀπολωλότων·</span> <span class='ocrx_word' id='word_1_543' title='bbox 1682 5747 1820 5815; x_wconf 78' lang='grc' dir='ltr'>ὅπερ</span> 
     </span>
    </p>
   </div>
   <div class='ocr_carea' id='block_1_75' title="bbox 243 5835 1821 5908">
    <p class='ocr_par' dir='ltr' id='par_1_75' title="bbox 243 5835 1821 5908">
     <span class='ocr_line' id='line_1_75' title="bbox 243 5835 1821 5908; baseline -0.004 -13"><span class='ocrx_word' id='word_1_544' title='bbox 243 5842 275 5895; x_wconf 78' lang='grc' dir='ltr'><strong>ὁ</strong></span> <span class='ocrx_word' id='word_1_545' title='bbox 299 5838 503 5908; x_wconf 75' lang='grc' dir='ltr'>ποιμὴν</span> <span class='ocrx_word' id='word_1_546' title='bbox 536 5837 563 5887; x_wconf 80' lang='grc' dir='ltr'><strong>δ</strong></span> <span class='ocrx_word' id='word_1_547' title='bbox 591 5836 755 5899; x_wconf 83' lang='grc' dir='ltr'>καλὸς</span> <span class='ocrx_word' id='word_1_548' title='bbox 808 5838 902 5888; x_wconf 67' lang='grc' dir='ltr'><strong>καὶ</strong></span> <span class='ocrx_word' id='word_1_549' title='bbox 943 5835 1142 5904; x_wconf 81' lang='grc' dir='ltr'>ἀγαθὸς</span> <span class='ocrx_word' id='word_1_550' title='bbox 1184 5839 1277 5890; x_wconf 73' lang='grc' dir='ltr'>καὶ</span> <span class='ocrx_word' id='word_1_551' title='bbox 1314 5836 1692 5905; x_wconf 84' lang='grc' dir='ltr'>φιλάνθρωπος</span> <span class='ocrx_word' id='word_1_552' title='bbox 1722 5837 1821 5905; x_wconf 83' lang='grc' dir='ltr'><strong>οὐχ</strong></span> 
     </span>
    </p>
   </div>
   <div class='ocr_carea' id='block_1_76' title="bbox 248 5925 1819 6002">
    <p class='ocr_par' dir='ltr' id='par_1_76' title="bbox 248 5925 1819 6002">
     <span class='ocr_line' id='line_1_76' title="bbox 248 5925 1819 6002; baseline -0.004 -17"><span class='ocrx_word' id='word_1_553' title='bbox 248 5931 553 6002; x_wconf 79' lang='grc' dir='ltr'>ὑπερεῖδεν,</span> <span class='ocrx_word' id='word_1_554' title='bbox 598 5927 713 5982; x_wconf 86' lang='grc' dir='ltr'>ἀλλ’</span> <span class='ocrx_word' id='word_1_555' title='bbox 745 5925 1068 5998; x_wconf 75' lang='grc' dir='ltr'>ἀνεζήτησε,</span> <span class='ocrx_word' id='word_1_556' title='bbox 1122 5931 1216 5981; x_wconf 70' lang='grc' dir='ltr'><strong>καὶ</strong></span> <span class='ocrx_word' id='word_1_557' title='bbox 1270 5930 1442 6000; x_wconf 74' lang='grc' dir='ltr'>εὑρὼν</span> <span class='ocrx_word' id='word_1_558' title='bbox 1490 5932 1579 5982; x_wconf 73' lang='grc' dir='ltr'>ἐπὶ</span> <span class='ocrx_word' id='word_1_559' title='bbox 1616 5930 1682 5983; x_wconf 77' lang='grc' dir='ltr'><strong>τά</strong></span> <span class='ocrx_word' id='word_1_560' title='bbox 1719 5928 1819 5998; x_wconf 73' lang='grc' dir='ltr'>ὅρη</span> 
     </span>
    </p>
   </div>
   <div class='ocr_carea' id='block_1_77' title="bbox 582 6021 1230 6085">
    <p class='ocr_par' dir='ltr' id='par_1_77' title="bbox 582 6021 1230 6085">
     <span class='ocr_line' id='line_1_77' title="bbox 582 6021 1230 6085; baseline -0.003 -3"><span class='ocrx_word' id='word_1_561' title='bbox 582 6024 853 6085; x_wconf 76' lang='grc' dir='ltr'>ΡΑτιιοῐ..</span> <span class='ocrx_word' id='word_1_562' title='bbox 888 6022 1003 6080; x_wconf 76' lang='lat' dir='ltr'><strong>Gn.</strong></span> <span class='ocrx_word' id='word_1_563' title='bbox 1038 6021 1230 6083; x_wconf 68' lang='lat' dir='ltr'><strong>XCIX.</strong></span> 
     </span>
    </p>
   </div>
   <div class='ocr_carea' id='block_1_78' title="bbox 1900 2065 3467 2146">
    <p class='ocr_par' dir='ltr' id='par_1_78' title="bbox 1900 2065 3467 2146">
     <span class='ocr_line' id='line_1_78' title="bbox 1900 2065 3467 2146; baseline 0.013 -28"><span class='ocrx_word' id='word_1_564' title='bbox 1900 2065 2106 2131; x_wconf 89' lang='lat' dir='ltr'><strong>lumen,</strong></span> <span class='ocrx_word' id='word_1_565' title='bbox 2141 2068 2341 2124; x_wconf 89' lang='lat' dir='ltr'><strong>dicitur</strong></span> <span class='ocrx_word' id='word_1_566' title='bbox 2374 2085 2496 2127; x_wconf 89' lang='lat' dir='ltr'><strong>esse</strong></span> <span class='ocrx_word' id='word_1_567' title='bbox 2521 2074 2765 2145; x_wconf 78' lang='lat' dir='ltr'><strong>angelus.</strong></span> <span class='ocrx_word' id='word_1_568' title='bbox 2807 2073 3097 2146; x_wconf 85' lang='lat' dir='ltr'><strong>Propterea</strong></span> <span class='ocrx_word' id='word_1_569' title='bbox 3128 2090 3183 2137; x_wconf 91' lang='lat' dir='ltr'><strong>et</strong></span> <span class='ocrx_word' id='word_1_570' title='bbox 3211 2081 3265 2135; x_wconf 93' lang='lat' dir='ltr'><strong>in</strong></span> <span class='ocrx_word' id='word_1_571' title='bbox 3300 2084 3467 2139; x_wconf 83' lang='lat' dir='ltr'><strong>vesti-</strong></span> 
     </span>
    </p>
   </div>
   <div class='ocr_carea' id='block_1_79' title="bbox 1898 2155 3466 2238">
    <p class='ocr_par' dir='ltr' id='par_1_79' title="bbox 1898 2155 3466 2238">
     <span class='ocr_line' id='line_1_79' title="bbox 1898 2155 3466 2238; baseline 0.015 -28"><span class='ocrx_word' id='word_1_572' title='bbox 1898 2155 2001 2212; x_wconf 90' lang='lat' dir='ltr'><strong>bus</strong></span> <span class='ocrx_word' id='word_1_573' title='bbox 2026 2159 2328 2228; x_wconf 90' lang='lat' dir='ltr'><strong>splendidis</strong></span> <span class='ocrx_word' id='word_1_574' title='bbox 2347 2202 2363 2225; x_wconf 92' lang='lat'><strong>,</strong></span> <span class='ocrx_word' id='word_1_575' title='bbox 2393 2174 2447 2218; x_wconf 89' lang='lat' dir='ltr'><strong>et</strong></span> <span class='ocrx_word' id='word_1_576' title='bbox 2485 2164 2649 2219; x_wconf 88' lang='lat' dir='ltr'><strong>veluti</strong></span> <span class='ocrx_word' id='word_1_577' title='bbox 2679 2164 2889 2238; x_wconf 78' lang='lat' dir='ltr'><strong>fulgur,</strong></span> <span class='ocrx_word' id='word_1_578' title='bbox 2930 2178 3025 2223; x_wconf 92' lang='lat' dir='ltr'><strong>aut</strong></span> <span class='ocrx_word' id='word_1_579' title='bbox 3054 2171 3179 2237; x_wconf 81' lang='lat' dir='ltr'><strong>nix,</strong></span> <span class='ocrx_word' id='word_1_580' title='bbox 3228 2173 3345 2231; x_wconf 86' lang='lat' dir='ltr'><strong>hac</strong></span> <span class='ocrx_word' id='word_1_581' title='bbox 3373 2190 3466 2232; x_wconf 47' lang='lat' dir='ltr'><strong>sae</strong></span> 
     </span>
    </p>
   </div>
   <div class='ocr_carea' id='block_1_80' title="bbox 1898 2248 3469 2331">
    <p class='ocr_par' dir='ltr' id='par_1_80' title="bbox 1898 2248 3469 2331">
     <span class='ocr_line' id='line_1_80' title="bbox 1898 2248 3469 2331; baseline 0.012 -30"><span class='ocrx_word' id='word_1_582' title='bbox 1898 2248 2208 2305; x_wconf 88' lang='lat' dir='ltr'><strong>eratissima</strong></span> <span class='ocrx_word' id='word_1_583' title='bbox 2237 2251 2527 2308; x_wconf 89' lang='lat' dir='ltr'><strong>luminaria</strong></span> <span class='ocrx_word' id='word_1_584' title='bbox 2555 2256 2733 2326; x_wconf 82' lang='lat' dir='ltr'><strong>dignis</strong></span> <span class='ocrx_word' id='word_1_585' title='bbox 2759 2266 3023 2327; x_wconf 85' lang='lat' dir='ltr'><strong>apparent</strong></span> <span class='ocrx_word' id='word_1_586' title='bbox 3053 2277 3067 2313; x_wconf 91' lang='lat'><strong>:</strong></span> <span class='ocrx_word' id='word_1_587' title='bbox 3099 2261 3302 2331; x_wconf 89' lang='lat' dir='ltr'><strong>quibus</strong></span> <span class='ocrx_word' id='word_1_588' title='bbox 3332 2264 3469 2319; x_wconf 57' lang='lat' dir='ltr'><strong>alio»</strong></span> 
     </span>
    </p>
   </div>
   <div class='ocr_carea' id='block_1_81' title="bbox 1899 2342 3468 2424">
    <p class='ocr_par' dir='ltr' id='par_1_81' title="bbox 1899 2342 3468 2424">
     <span class='ocr_line' id='line_1_81' title="bbox 1899 2342 3468 2424; baseline 0.01 -28"><span class='ocrx_word' id='word_1_589' title='bbox 1899 2342 1992 2410; x_wconf 91' lang='lat' dir='ltr'><strong>qui</strong></span> <span class='ocrx_word' id='word_1_590' title='bbox 2021 2358 2198 2413; x_wconf 84' lang='lat' dir='ltr'><strong>neque</strong></span> <span class='ocrx_word' id='word_1_591' title='bbox 2228 2345 2380 2400; x_wconf 88' lang='lat' dir='ltr'><strong>color</strong></span> <span class='ocrx_word' id='word_1_592' title='bbox 2405 2357 2521 2410; x_wconf 87' lang='lat' dir='ltr'><strong>est,</strong></span> <span class='ocrx_word' id='word_1_593' title='bbox 2556 2364 2733 2418; x_wconf 90' lang='lat' dir='ltr'><strong>neque</strong></span> <span class='ocrx_word' id='word_1_594' title='bbox 2761 2366 2981 2422; x_wconf 90' lang='lat' dir='ltr'><strong>corpus,</strong></span> <span class='ocrx_word' id='word_1_595' title='bbox 3016 2367 3191 2424; x_wconf 88' lang='lat' dir='ltr'><strong>neque</strong></span> <span class='ocrx_word' id='word_1_596' title='bbox 3219 2354 3468 2421; x_wconf 16' lang='lat' dir='ltr'><strong>ala,sne-</strong></span> 
     </span>
    </p>
   </div>
   <div class='ocr_carea' id='block_1_82' title="bbox 1899 2433 3468 2513">
    <p class='ocr_par' dir='ltr' id='par_1_82' title="bbox 1899 2433 3468 2513">
     <span class='ocr_line' id='line_1_82' title="bbox 1899 2433 3468 2513; baseline 0.011 -27"><span class='ocrx_word' id='word_1_597' title='bbox 1899 2446 2005 2503; x_wconf 91' lang='lat' dir='ltr'><strong>que</strong></span> <span class='ocrx_word' id='word_1_598' title='bbox 2033 2433 2265 2490; x_wconf 82' lang='lat' dir='ltr'><strong>brachia</strong></span> <span class='ocrx_word' id='word_1_599' title='bbox 2290 2438 2374 2492; x_wconf 91' lang='lat' dir='ltr'><strong>vel</strong></span> <span class='ocrx_word' id='word_1_600' title='bbox 2406 2439 2574 2493; x_wconf 88' lang='lat' dir='ltr'><strong>cubiti</strong></span> <span class='ocrx_word' id='word_1_601' title='bbox 2599 2481 2614 2505; x_wconf 95' lang='lat'><strong>,</strong></span> <span class='ocrx_word' id='word_1_602' title='bbox 2649 2456 2827 2511; x_wconf 90' lang='lat' dir='ltr'><strong>neque</strong></span> <span class='ocrx_word' id='word_1_603' title='bbox 2855 2445 3057 2499; x_wconf 87' lang='lat' dir='ltr'><strong>comati</strong></span> <span class='ocrx_word' id='word_1_604' title='bbox 3082 2446 3334 2513; x_wconf 72' lang='lat' dir='ltr'><strong>vertices,</strong></span> <span class='ocrx_word' id='word_1_605' title='bbox 3368 2464 3468 2505; x_wconf 83' lang='lat' dir='ltr'><strong>ne-</strong></span> 
     </span>
    </p>
   </div>
   <div class='ocr_carea' id='block_1_83' title="bbox 1900 2534 3470 2607">
    <p class='ocr_par' dir='ltr' id='par_1_83' title="bbox 1900 2534 3470 2607">
     <span class='ocr_line' id='line_1_83' title="bbox 1900 2534 3470 2607; baseline 0.011 -26"><span class='ocrx_word' id='word_1_606' title='bbox 1900 2542 2006 2597; x_wconf 90' lang='lat' dir='ltr'><strong>que</strong></span> <span class='ocrx_word' id='word_1_607' title='bbox 2044 2536 2224 2584; x_wconf 81' lang='lat' dir='ltr'><strong>erecta</strong></span> <span class='ocrx_word' id='word_1_608' title='bbox 2264 2539 2507 2595; x_wconf 86' lang='lat' dir='ltr'><strong>statura,</strong></span> <span class='ocrx_word' id='word_1_609' title='bbox 2539 2547 2713 2603; x_wconf 84' lang='lat' dir='ltr'><strong>neque</strong></span> <span class='ocrx_word' id='word_1_610' title='bbox 2745 2534 2893 2589; x_wconf 90' lang='lat' dir='ltr'><strong>aliud</strong></span> <span class='ocrx_word' id='word_1_611' title='bbox 2936 2536 3234 2607; x_wconf 83' lang='lat' dir='ltr'><strong>quidquam</strong></span> <span class='ocrx_word' id='word_1_612' title='bbox 3276 2556 3344 2596; x_wconf 79' lang='lat' dir='ltr'><strong>ex</strong></span> <span class='ocrx_word' id='word_1_613' title='bbox 3385 2542 3470 2599; x_wconf 82' lang='lat' dir='ltr'><strong>his</strong></span> 
     </span>
    </p>
   </div>
   <div class='ocr_carea' id='block_1_84' title="bbox 1899 2620 3466 2688">
    <p class='ocr_par' dir='ltr' id='par_1_84' title="bbox 1899 2620 3466 2688">
     <span class='ocr_line' id='line_1_84' title="bbox 1899 2620 3466 2688; baseline 0.01 -16"><span class='ocrx_word' id='word_1_614' title='bbox 1899 2634 2019 2688; x_wconf 85' lang='lat' dir='ltr'><strong>qua</strong></span> <span class='ocrx_word' id='word_1_615' title='bbox 2057 2620 2111 2674; x_wconf 93' lang='lat' dir='ltr'><strong>in</strong></span> <span class='ocrx_word' id='word_1_616' title='bbox 2148 2622 2414 2676; x_wconf 86' lang='lat' dir='ltr'><strong>materiali</strong></span> <span class='ocrx_word' id='word_1_617' title='bbox 2458 2634 2651 2679; x_wconf 89' lang='lat' dir='ltr'><strong>natura</strong></span> <span class='ocrx_word' id='word_1_618' title='bbox 2683 2635 2986 2682; x_wconf 90' lang='lat' dir='ltr'><strong>cernuntur</strong></span> <span class='ocrx_word' id='word_1_619' title='bbox 3014 2638 3110 2683; x_wconf 89' lang='lat' dir='ltr'><strong>aut</strong></span> <span class='ocrx_word' id='word_1_620' title='bbox 3154 2642 3466 2688; x_wconf 89' lang='lat' dir='ltr'><strong>moventur.</strong></span> 
     </span>
    </p>
   </div>
   <div class='ocr_carea' id='block_1_85' title="bbox 1900 2711 3470 2787">
    <p class='ocr_par' dir='ltr' id='par_1_85' title="bbox 1900 2711 3470 2787">
     <span class='ocr_line' id='line_1_85' title="bbox 1900 2711 3470 2787; baseline 0.011 -22"><span class='ocrx_word' id='word_1_621' title='bbox 1900 2711 1969 2766; x_wconf 87' lang='lat' dir='ltr'><strong>Et</strong></span> <span class='ocrx_word' id='word_1_622' title='bbox 2015 2728 2331 2784; x_wconf 85' lang='lat' dir='ltr'><strong>quanquam</strong></span> <span class='ocrx_word' id='word_1_623' title='bbox 2377 2731 2520 2787; x_wconf 87' lang='lat' dir='ltr'><strong>sape</strong></span> <span class='ocrx_word' id='word_1_624' title='bbox 2560 2717 2614 2772; x_wconf 90' lang='lat' dir='ltr'><strong>in</strong></span> <span class='ocrx_word' id='word_1_625' title='bbox 2654 2717 2854 2775; x_wconf 89' lang='lat' dir='ltr'><strong>divinis</strong></span> <span class='ocrx_word' id='word_1_626' title='bbox 2892 2721 3195 2779; x_wconf 83' lang='lat' dir='ltr'><strong>visionibus</strong></span> <span class='ocrx_word' id='word_1_627' title='bbox 3229 2724 3470 2781; x_wconf 85' lang='lat' dir='ltr'><strong>humana</strong></span> 
     </span>
    </p>
   </div>
   <div class='ocr_carea' id='block_1_86' title="bbox 1903 2804 3472 2886">
    <p class='ocr_par' dir='ltr' id='par_1_86' title="bbox 1903 2804 3472 2886">
     <span class='ocr_line' id='line_1_86' title="bbox 1903 2804 3472 2886; baseline 0.007 -29"><span class='ocrx_word' id='word_1_628' title='bbox 1903 2804 2085 2873; x_wconf 86' lang='lat' dir='ltr'><strong>specie</strong></span> <span class='ocrx_word' id='word_1_629' title='bbox 2106 2820 2368 2875; x_wconf 83' lang='lat' dir='ltr'><strong>apparere</strong></span> <span class='ocrx_word' id='word_1_630' title='bbox 2398 2806 2676 2874; x_wconf 89' lang='lat' dir='ltr'><strong>dicuntur,</strong></span> <span class='ocrx_word' id='word_1_631' title='bbox 2702 2824 2812 2864; x_wconf 89' lang='lat' dir='ltr'><strong>non</strong></span> <span class='ocrx_word' id='word_1_632' title='bbox 2832 2818 3012 2866; x_wconf 87' lang='lat' dir='ltr'><strong>tamen</strong></span> <span class='ocrx_word' id='word_1_633' title='bbox 3042 2812 3141 2868; x_wconf 86' lang='lat' dir='ltr'><strong>bas</strong></span> <span class='ocrx_word' id='word_1_634' title='bbox 3163 2812 3309 2883; x_wconf 85' lang='lat' dir='ltr'><strong>ipsas</strong></span> <span class='ocrx_word' id='word_1_635' title='bbox 3331 2831 3472 2886; x_wconf 80' lang='lat' dir='ltr'><strong>quas</strong></span> 
     </span>
    </p>
   </div>
   <div class='ocr_carea' id='block_1_87' title="bbox 1902 2894 3472 2971">
    <p class='ocr_par' dir='ltr' id='par_1_87' title="bbox 1902 2894 3472 2971">
     <span class='ocr_line' id='line_1_87' title="bbox 1902 2894 3472 2971; baseline 0.007 -24"><span class='ocrx_word' id='word_1_636' title='bbox 1902 2901 2096 2962; x_wconf 85' lang='lat' dir='ltr'><strong>gerunt</strong></span> <span class='ocrx_word' id='word_1_637' title='bbox 2131 2894 2542 2963; x_wconf 82' lang='lat' dir='ltr'><strong>appellationes,</strong></span> <span class='ocrx_word' id='word_1_638' title='bbox 2567 2910 2756 2951; x_wconf 88' lang='lat' dir='ltr'><strong>eorum</strong></span> <span class='ocrx_word' id='word_1_639' title='bbox 2794 2898 3115 2955; x_wconf 85' lang='lat' dir='ltr'><strong>substantiae</strong></span> <span class='ocrx_word' id='word_1_640' title='bbox 3152 2903 3472 2971; x_wconf 58' lang='lat' dir='ltr'><strong>significam-</strong></span> 
     </span>
    </p>
   </div>
   <div class='ocr_carea' id='block_1_88' title="bbox 1902 2986 3470 3062">
    <p class='ocr_par' dir='ltr' id='par_1_88' title="bbox 1902 2986 3470 3062">
     <span class='ocr_line' id='line_1_88' title="bbox 1902 2986 3470 3062; baseline 0.011 -26"><span class='ocrx_word' id='word_1_641' title='bbox 1902 2997 1998 3038; x_wconf 83' lang='lat' dir='ltr'><strong>vas</strong></span> <span class='ocrx_word' id='word_1_642' title='bbox 2033 2992 2289 3053; x_wconf 88' lang='lat' dir='ltr'><strong>putamus</strong></span> <span class='ocrx_word' id='word_1_643' title='bbox 2312 3027 2327 3051; x_wconf 94' lang='lat'><strong>,</strong></span> <span class='ocrx_word' id='word_1_644' title='bbox 2370 2986 2461 3041; x_wconf 90' lang='lat' dir='ltr'><strong>sed</strong></span> <span class='ocrx_word' id='word_1_645' title='bbox 2501 3000 2596 3043; x_wconf 87' lang='lat' dir='ltr'><strong>eas</strong></span> <span class='ocrx_word' id='word_1_646' title='bbox 2637 2988 2821 3058; x_wconf 89' lang='lat' dir='ltr'><strong>potius</strong></span> <span class='ocrx_word' id='word_1_647' title='bbox 2858 3004 2888 3044; x_wconf 90' lang='lat' dir='ltr'><strong>a</strong></span> <span class='ocrx_word' id='word_1_648' title='bbox 2926 2992 3165 3062; x_wconf 82' lang='lat' dir='ltr'><strong>prapriis</strong></span> <span class='ocrx_word' id='word_1_649' title='bbox 3201 2994 3292 3049; x_wconf 87' lang='lat' dir='ltr'><strong>Dei</strong></span> <span class='ocrx_word' id='word_1_650' title='bbox 3334 3006 3470 3052; x_wconf 90' lang='lat' dir='ltr'><strong>nutu</strong></span> 
     </span>
    </p>
   </div>
   <div class='ocr_carea' id='block_1_89' title="bbox 1904 3078 3473 3154">
    <p class='ocr_par' dir='ltr' id='par_1_89' title="bbox 1904 3078 3473 3154">
     <span class='ocr_line' id='line_1_89' title="bbox 1904 3078 3473 3154; baseline 0.008 -23"><span class='ocrx_word' id='word_1_651' title='bbox 1904 3078 2346 3147; x_wconf 83' lang='lat' dir='ltr'><strong>operationibus,</strong></span> <span class='ocrx_word' id='word_1_652' title='bbox 2372 3086 2535 3149; x_wconf 91' lang='lat' dir='ltr'><strong>atque</strong></span> <span class='ocrx_word' id='word_1_653' title='bbox 2582 3096 2612 3135; x_wconf 90' lang='lat' dir='ltr'><strong>a</strong></span> <span class='ocrx_word' id='word_1_654' title='bbox 2650 3082 2919 3154; x_wconf 88' lang='lat' dir='ltr'><strong>theologis</strong></span> <span class='ocrx_word' id='word_1_655' title='bbox 2951 3084 3265 3144; x_wconf 86' lang='lat' dir='ltr'><strong>hominibus</strong></span> <span class='ocrx_word' id='word_1_656' title='bbox 3294 3091 3473 3146; x_wconf 88' lang='lat' dir='ltr'><strong>sortiti</strong></span> 
     </span>
    </p>
   </div>
   <div class='ocr_carea' id='block_1_90' title="bbox 1906 3170 3471 3245">
    <p class='ocr_par' dir='ltr' id='par_1_90' title="bbox 1906 3170 3471 3245">
     <span class='ocr_line' id='line_1_90' title="bbox 1906 3170 3471 3245; baseline 0.009 -22"><span class='ocrx_word' id='word_1_657' title='bbox 1906 3180 2051 3224; x_wconf 88' lang='lat' dir='ltr'><strong>sunt.</strong></span> <span class='ocrx_word' id='word_1_658' title='bbox 2086 3170 2152 3224; x_wconf 84' lang='lat' dir='ltr'><strong>Et</strong></span> <span class='ocrx_word' id='word_1_659' title='bbox 2187 3172 2405 3240; x_wconf 86' lang='lat' dir='ltr'><strong>quidem</strong></span> <span class='ocrx_word' id='word_1_660' title='bbox 2454 3173 2529 3227; x_wconf 91' lang='lat' dir='ltr'><strong>ita</strong></span> <span class='ocrx_word' id='word_1_661' title='bbox 2570 3173 2688 3228; x_wconf 82' lang='lat' dir='ltr'><strong>fieri</strong></span> <span class='ocrx_word' id='word_1_662' title='bbox 2733 3176 2997 3245; x_wconf 87' lang='lat' dir='ltr'><strong>oportuit.</strong></span> <span class='ocrx_word' id='word_1_663' title='bbox 3049 3176 3184 3234; x_wconf 84' lang='lat' dir='ltr'><strong>Nam</strong></span> <span class='ocrx_word' id='word_1_664' title='bbox 3220 3196 3428 3236; x_wconf 92' lang='lat' dir='ltr'><strong>mecum</strong></span> <span class='ocrx_word' id='word_1_665' title='bbox 3456 3221 3471 3243; x_wconf 92' lang='lat'><strong>.</strong></span> 
     </span>
    </p>
   </div>
   <div class='ocr_carea' id='block_1_91' title="bbox 1906 3264 3475 3343">
    <p class='ocr_par' dir='ltr' id='par_1_91' title="bbox 1906 3264 3475 3343">
     <span class='ocr_line' id='line_1_91' title="bbox 1906 3264 3475 3343; baseline 0.007 -25"><span class='ocrx_word' id='word_1_666' title='bbox 1906 3278 2127 3332; x_wconf 89' lang='lat' dir='ltr'><strong>quaso,</strong></span> <span class='ocrx_word' id='word_1_667' title='bbox 2157 3264 2464 3320; x_wconf 86' lang='lat' dir='ltr'><strong>considera.</strong></span> <span class='ocrx_word' id='word_1_668' title='bbox 2514 3264 2706 3338; x_wconf 84' lang='lat' dir='ltr'><strong>Angeli</strong></span> <span class='ocrx_word' id='word_1_669' title='bbox 2737 3266 2953 3337; x_wconf 87' lang='lat' dir='ltr'><strong>(nuntii</strong></span> <span class='ocrx_word' id='word_1_670' title='bbox 2979 3269 2996 3338; x_wconf 97' lang='lat'><strong>)</strong></span> <span class='ocrx_word' id='word_1_671' title='bbox 3022 3270 3315 3335; x_wconf 89' lang='lat' dir='ltr'><strong>dicuntur,</strong></span> <span class='ocrx_word' id='word_1_672' title='bbox 3345 3274 3475 3343; x_wconf 86' lang='lat' dir='ltr'><strong>quia</strong></span> 
     </span>
    </p>
   </div>
   <div class='ocr_carea' id='block_1_92' title="bbox 1907 3355 3476 3426">
    <p class='ocr_par' dir='ltr' id='par_1_92' title="bbox 1907 3355 3476 3426">
     <span class='ocr_line' id='line_1_92' title="bbox 1907 3355 3476 3426; baseline 0.008 -18"><span class='ocrx_word' id='word_1_673' title='bbox 1907 3355 2165 3409; x_wconf 83' lang='lat' dir='ltr'><strong>nuntiant</strong></span> <span class='ocrx_word' id='word_1_674' title='bbox 2217 3355 2531 3412; x_wconf 87' lang='lat' dir='ltr'><strong>hominibus</strong></span> <span class='ocrx_word' id='word_1_675' title='bbox 2575 3357 2757 3413; x_wconf 87' lang='lat' dir='ltr'><strong>divina</strong></span> <span class='ocrx_word' id='word_1_676' title='bbox 2806 3360 3031 3415; x_wconf 87' lang='lat' dir='ltr'><strong>consilia</strong></span> <span class='ocrx_word' id='word_1_677' title='bbox 3064 3400 3080 3426; x_wconf 92' lang='lat'><strong>,</strong></span> <span class='ocrx_word' id='word_1_678' title='bbox 3143 3370 3199 3417; x_wconf 92' lang='lat' dir='ltr'><strong>et</strong></span> <span class='ocrx_word' id='word_1_679' title='bbox 3254 3363 3476 3421; x_wconf 84' lang='lat' dir='ltr'><strong>aliunde</strong></span> 
     </span>
    </p>
   </div>
   <div class='ocr_carea' id='block_1_93' title="bbox 1906 3445 3478 3526">
    <p class='ocr_par' dir='ltr' id='par_1_93' title="bbox 1906 3445 3478 3526">
     <span class='ocr_line' id='line_1_93' title="bbox 1906 3445 3478 3526; baseline 0.008 -27"><span class='ocrx_word' id='word_1_680' title='bbox 1906 3445 2156 3502; x_wconf 73' lang='lat' dir='ltr'><strong>afferunt.</strong></span> <span class='ocrx_word' id='word_1_681' title='bbox 2188 3446 2514 3518; x_wconf 82' lang='lat' dir='ltr'><strong>Archangeli</strong></span> <span class='ocrx_word' id='word_1_682' title='bbox 2540 3489 2555 3513; x_wconf 93' lang='lat'><strong>,</strong></span> <span class='ocrx_word' id='word_1_683' title='bbox 2589 3456 2648 3503; x_wconf 91' lang='lat' dir='ltr'><strong>ut</strong></span> <span class='ocrx_word' id='word_1_684' title='bbox 2671 3449 2852 3506; x_wconf 83' lang='lat' dir='ltr'><strong>discas</strong></span> <span class='ocrx_word' id='word_1_685' title='bbox 2892 3451 2945 3507; x_wconf 90' lang='lat' dir='ltr'><strong>in</strong></span> <span class='ocrx_word' id='word_1_686' title='bbox 2982 3452 3299 3510; x_wconf 88' lang='lat' dir='ltr'><strong>hominibus</strong></span> <span class='ocrx_word' id='word_1_687' title='bbox 3339 3470 3478 3526; x_wconf 80' lang='lat' dir='ltr'><strong>quo-</strong></span> 
     </span>
    </p>
   </div>
   <div class='ocr_carea' id='block_1_94' title="bbox 1906 3538 3476 3612">
    <p class='ocr_par' dir='ltr' id='par_1_94' title="bbox 1906 3538 3476 3612">
     <span class='ocr_line' id='line_1_94' title="bbox 1906 3538 3476 3612; baseline 0.005 -19"><span class='ocrx_word' id='word_1_688' title='bbox 1906 3553 2012 3609; x_wconf 91' lang='lat' dir='ltr'><strong>que</strong></span> <span class='ocrx_word' id='word_1_689' title='bbox 2057 3538 2415 3595; x_wconf 90' lang='lat' dir='ltr'><strong>constitutum</strong></span> <span class='ocrx_word' id='word_1_690' title='bbox 2453 3540 2700 3596; x_wconf 88' lang='lat' dir='ltr'><strong>ordinem</strong></span> <span class='ocrx_word' id='word_1_691' title='bbox 2758 3556 2881 3599; x_wconf 89' lang='lat' dir='ltr'><strong>esse</strong></span> <span class='ocrx_word' id='word_1_692' title='bbox 2928 3543 3158 3608; x_wconf 87' lang='lat' dir='ltr'><strong>debere,</strong></span> <span class='ocrx_word' id='word_1_693' title='bbox 3202 3546 3361 3612; x_wconf 85' lang='lat' dir='ltr'><strong>cujus</strong></span> <span class='ocrx_word' id='word_1_694' title='bbox 3398 3549 3476 3603; x_wconf 89' lang='lat' dir='ltr'><strong>rei</strong></span> 
     </span>
    </p>
   </div>
   <div class='ocr_carea' id='block_1_95' title="bbox 1909 3628 3477 3708">
    <p class='ocr_par' dir='ltr' id='par_1_95' title="bbox 1909 3628 3477 3708">
     <span class='ocr_line' id='line_1_95' title="bbox 1909 3628 3477 3708; baseline 0.006 -25"><span class='ocrx_word' id='word_1_695' title='bbox 1909 3639 2067 3701; x_wconf 82' lang='lat' dir='ltr'><strong>typus</strong></span> <span class='ocrx_word' id='word_1_696' title='bbox 2093 3628 2330 3687; x_wconf 87' lang='lat' dir='ltr'><strong>Ecclesia</strong></span> <span class='ocrx_word' id='word_1_697' title='bbox 2360 3640 2463 3687; x_wconf 91' lang='lat' dir='ltr'><strong>est.</strong></span> <span class='ocrx_word' id='word_1_698' title='bbox 2488 3630 2831 3702; x_wconf 84' lang='lat' dir='ltr'><strong>Principatus</strong></span> <span class='ocrx_word' id='word_1_699' title='bbox 2854 3633 2981 3690; x_wconf 88' lang='lat' dir='ltr'><strong>item</strong></span> <span class='ocrx_word' id='word_1_700' title='bbox 3013 3635 3289 3703; x_wconf 89' lang='lat' dir='ltr'><strong>dicuntur,</strong></span> <span class='ocrx_word' id='word_1_701' title='bbox 3318 3640 3477 3708; x_wconf 87' lang='lat' dir='ltr'><strong>quasi</strong></span> 
     </span>
    </p>
   </div>
   <div class='ocr_carea' id='block_1_96' title="bbox 1906 3722 3481 3793">
    <p class='ocr_par' dir='ltr' id='par_1_96' title="bbox 1906 3722 3481 3793">
     <span class='ocr_line' id='line_1_96' title="bbox 1906 3722 3481 3793; baseline 0.006 -18"><span class='ocrx_word' id='word_1_702' title='bbox 1906 3722 2179 3793; x_wconf 89' lang='lat' dir='ltr'><strong>principes</strong></span> <span class='ocrx_word' id='word_1_703' title='bbox 2213 3723 2281 3777; x_wconf 89' lang='lat' dir='ltr'><strong>ad</strong></span> <span class='ocrx_word' id='word_1_704' title='bbox 2310 3723 2676 3793; x_wconf 84' lang='lat' dir='ltr'><strong>magisterium</strong></span> <span class='ocrx_word' id='word_1_705' title='bbox 2719 3732 2773 3778; x_wconf 87' lang='lat' dir='ltr'><strong>et</strong></span> <span class='ocrx_word' id='word_1_706' title='bbox 2829 3725 3284 3784; x_wconf 88' lang='lat' dir='ltr'><strong>illuminationem</strong></span> <span class='ocrx_word' id='word_1_707' title='bbox 3328 3729 3481 3785; x_wconf 66' lang='lat' dir='ltr'><strong>ordia</strong></span> 
     </span>
    </p>
   </div>
   <div class='ocr_carea' id='block_1_97' title="bbox 1907 3813 3481 3891">
    <p class='ocr_par' dir='ltr' id='par_1_97' title="bbox 1907 3813 3481 3891">
     <span class='ocr_line' id='line_1_97' title="bbox 1907 3813 3481 3891; baseline 0.003 -21"><span class='ocrx_word' id='word_1_708' title='bbox 1907 3830 2037 3870; x_wconf 89' lang='lat' dir='ltr'><strong>num</strong></span> <span class='ocrx_word' id='word_1_709' title='bbox 2065 3813 2408 3870; x_wconf 86' lang='lat' dir='ltr'><strong>inferiorum.</strong></span> <span class='ocrx_word' id='word_1_710' title='bbox 2440 3815 2762 3879; x_wconf 85' lang='lat' dir='ltr'><strong>Potestates,</strong></span> <span class='ocrx_word' id='word_1_711' title='bbox 2794 3824 2853 3870; x_wconf 88' lang='lat' dir='ltr'><strong>ut</strong></span> <span class='ocrx_word' id='word_1_712' title='bbox 2886 3816 3051 3886; x_wconf 82' lang='lat' dir='ltr'><strong>regali</strong></span> <span class='ocrx_word' id='word_1_713' title='bbox 3091 3817 3481 3891; x_wconf 85' lang='lat' dir='ltr'><strong>dominicaque</strong></span> 
     </span>
    </p>
   </div>
   <div class='ocr_carea' id='block_1_98' title="bbox 1907 3904 3476 3979">
    <p class='ocr_par' dir='ltr' id='par_1_98' title="bbox 1907 3904 3476 3979">
     <span class='ocr_line' id='line_1_98' title="bbox 1907 3904 3476 3979; baseline 0.003 -17"><span class='ocrx_word' id='word_1_714' title='bbox 1907 3908 2170 3979; x_wconf 88' lang='lat' dir='ltr'><strong>dignitate</strong></span> <span class='ocrx_word' id='word_1_715' title='bbox 2200 3904 2431 3977; x_wconf 88' lang='lat' dir='ltr'><strong>praditi.</strong></span> <span class='ocrx_word' id='word_1_716' title='bbox 2466 3905 2740 3971; x_wconf 84' lang='lat' dir='ltr'><strong>Virtutes,</strong></span> <span class='ocrx_word' id='word_1_717' title='bbox 2767 3916 2828 3962; x_wconf 94' lang='lat' dir='ltr'><strong>ut</strong></span> <span class='ocrx_word' id='word_1_718' title='bbox 2858 3909 3047 3978; x_wconf 86' lang='lat' dir='ltr'><strong>gratia</strong></span> <span class='ocrx_word' id='word_1_719' title='bbox 3078 3909 3346 3966; x_wconf 81' lang='lat' dir='ltr'><strong>beneficio</strong></span> <span class='ocrx_word' id='word_1_720' title='bbox 3377 3928 3476 3967; x_wconf 85' lang='lat' dir='ltr'><strong>cu-</strong></span> 
     </span>
    </p>
   </div>
   <div class='ocr_carea' id='block_1_99' title="bbox 1903 3998 3477 4069">
    <p class='ocr_par' dir='ltr' id='par_1_99' title="bbox 1903 3998 3477 4069">
     <span class='ocr_line' id='line_1_99' title="bbox 1903 3998 3477 4069; baseline 0.002 -14"><span class='ocrx_word' id='word_1_721' title='bbox 1903 3998 2128 4069; x_wconf 85' lang='lat' dir='ltr'><strong>juslibet</strong></span> <span class='ocrx_word' id='word_1_722' title='bbox 2164 3998 2529 4063; x_wconf 79' lang='lat' dir='ltr'><strong>infirmitatis,</strong></span> <span class='ocrx_word' id='word_1_723' title='bbox 2571 3998 2843 4067; x_wconf 87' lang='lat' dir='ltr'><strong>passionis</strong></span> <span class='ocrx_word' id='word_1_724' title='bbox 2866 4013 2931 4054; x_wconf 87' lang='lat' dir='ltr'><strong>ac</strong></span> <span class='ocrx_word' id='word_1_725' title='bbox 2962 4001 3155 4057; x_wconf 89' lang='lat' dir='ltr'><strong>mortis</strong></span> <span class='ocrx_word' id='word_1_726' title='bbox 3179 4001 3477 4060; x_wconf 87' lang='lat' dir='ltr'><strong>immunes.</strong></span> 
     </span>
    </p>
   </div>
   <div class='ocr_carea' id='block_1_100' title="bbox 1908 4089 3480 4159">
    <p class='ocr_par' dir='ltr' id='par_1_100' title="bbox 1908 4089 3480 4159">
     <span class='ocr_line' id='line_1_100' title="bbox 1908 4089 3480 4159; baseline 0.001 -12"><span class='ocrx_word' id='word_1_727' title='bbox 1908 4092 2112 4147; x_wconf 90' lang='lat' dir='ltr'><strong>Throui</strong></span> <span class='ocrx_word' id='word_1_728' title='bbox 2133 4130 2153 4159; x_wconf 87' lang='lat'><strong>,</strong></span> <span class='ocrx_word' id='word_1_729' title='bbox 2188 4106 2287 4145; x_wconf 90' lang='lat' dir='ltr'><strong>ceu</strong></span> <span class='ocrx_word' id='word_1_730' title='bbox 2321 4089 2432 4145; x_wconf 88' lang='lat' dir='ltr'><strong>Deo</strong></span> <span class='ocrx_word' id='word_1_731' title='bbox 2464 4090 2518 4144; x_wconf 91' lang='lat' dir='ltr'><strong>in</strong></span> <span class='ocrx_word' id='word_1_732' title='bbox 2554 4090 2749 4144; x_wconf 91' lang='lat' dir='ltr'><strong>horum</strong></span> <span class='ocrx_word' id='word_1_733' title='bbox 2786 4092 3203 4148; x_wconf 89' lang='lat' dir='ltr'><strong>conversatione</strong></span> <span class='ocrx_word' id='word_1_734' title='bbox 3231 4104 3287 4149; x_wconf 89' lang='lat' dir='ltr'><strong>et</strong></span> <span class='ocrx_word' id='word_1_735' title='bbox 3316 4094 3480 4149; x_wconf 92' lang='lat' dir='ltr'><strong>mini-</strong></span> 
     </span>
    </p>
   </div>
   <div class='ocr_carea' id='block_1_101' title="bbox 1910 4182 3478 4257">
    <p class='ocr_par' dir='ltr' id='par_1_101' title="bbox 1910 4182 3478 4257">
     <span class='ocr_line' id='line_1_101' title="bbox 1910 4182 3478 4257; baseline 0.001 -15"><span class='ocrx_word' id='word_1_736' title='bbox 1910 4186 2079 4243; x_wconf 91' lang='lat' dir='ltr'><strong>sterio</strong></span> <span class='ocrx_word' id='word_1_737' title='bbox 2112 4184 2449 4241; x_wconf 88' lang='lat' dir='ltr'><strong>considente.</strong></span> <span class='ocrx_word' id='word_1_738' title='bbox 2483 4182 2897 4239; x_wconf 89' lang='lat' dir='ltr'><strong>Dominationes</strong></span> <span class='ocrx_word' id='word_1_739' title='bbox 2924 4225 2939 4249; x_wconf 94' lang='lat'><strong>,</strong></span> <span class='ocrx_word' id='word_1_740' title='bbox 2973 4199 3074 4241; x_wconf 89' lang='lat' dir='ltr'><strong>ceu</strong></span> <span class='ocrx_word' id='word_1_741' title='bbox 3104 4186 3307 4257; x_wconf 86' lang='lat' dir='ltr'><strong>quibus</strong></span> <span class='ocrx_word' id='word_1_742' title='bbox 3340 4188 3478 4245; x_wconf 79' lang='lat' dir='ltr'><strong>Deus</strong></span> 
     </span>
    </p>
   </div>
   <div class='ocr_carea' id='block_1_102' title="bbox 1910 4276 3483 4350">
    <p class='ocr_par' dir='ltr' id='par_1_102' title="bbox 1910 4276 3483 4350">
     <span class='ocr_line' id='line_1_102' title="bbox 1910 4276 3483 4350; baseline 0.001 -16"><span class='ocrx_word' id='word_1_743' title='bbox 1910 4277 2187 4335; x_wconf 86' lang='lat' dir='ltr'><strong>commisit</strong></span> <span class='ocrx_word' id='word_1_744' title='bbox 2222 4291 2433 4341; x_wconf 88' lang='lat' dir='ltr'><strong>curam,</strong></span> <span class='ocrx_word' id='word_1_745' title='bbox 2469 4276 2724 4343; x_wconf 86' lang='lat' dir='ltr'><strong>salutem,</strong></span> <span class='ocrx_word' id='word_1_746' title='bbox 2756 4276 3223 4350; x_wconf 87' lang='lat' dir='ltr'><strong>directionemque</strong></span> <span class='ocrx_word' id='word_1_747' title='bbox 3257 4279 3483 4335; x_wconf 84' lang='lat' dir='ltr'><strong>humani</strong></span> 
     </span>
    </p>
   </div>
   <div class='ocr_carea' id='block_1_103' title="bbox 1912 4368 3486 4444">
    <p class='ocr_par' dir='ltr' id='par_1_103' title="bbox 1912 4368 3486 4444">
     <span class='ocr_line' id='line_1_103' title="bbox 1912 4368 3486 4444; baseline 0 -17"><span class='ocrx_word' id='word_1_748' title='bbox 1912 4372 2150 4444; x_wconf 88' lang='lat' dir='ltr'><strong>generis,</strong></span> <span class='ocrx_word' id='word_1_749' title='bbox 2181 4381 2235 4427; x_wconf 91' lang='lat' dir='ltr'><strong>et</strong></span> <span class='ocrx_word' id='word_1_750' title='bbox 2259 4370 2388 4441; x_wconf 87' lang='lat' dir='ltr'><strong>quia</strong></span> <span class='ocrx_word' id='word_1_751' title='bbox 2418 4370 2605 4441; x_wconf 86' lang='lat' dir='ltr'><strong>gratia</strong></span> <span class='ocrx_word' id='word_1_752' title='bbox 2636 4368 2903 4424; x_wconf 81' lang='lat' dir='ltr'><strong>beneficio</strong></span> <span class='ocrx_word' id='word_1_753' title='bbox 2937 4385 3216 4440; x_wconf 88' lang='lat' dir='ltr'><strong>nunquam</strong></span> <span class='ocrx_word' id='word_1_754' title='bbox 3245 4370 3486 4427; x_wconf 87' lang='lat' dir='ltr'><strong>servient</strong></span> 
     </span>
    </p>
   </div>
   <div class='ocr_carea' id='block_1_104' title="bbox 1913 4460 3484 4533">
    <p class='ocr_par' dir='ltr' id='par_1_104' title="bbox 1913 4460 3484 4533">
     <span class='ocr_line' id='line_1_104' title="bbox 1913 4460 3484 4533; baseline -0.001 -15"><span class='ocrx_word' id='word_1_755' title='bbox 1913 4464 2008 4519; x_wconf 92' lang='lat' dir='ltr'><strong>ulli</strong></span> <span class='ocrx_word' id='word_1_756' title='bbox 2047 4463 2365 4533; x_wconf 86' lang='lat' dir='ltr'><strong>passionum</strong></span> <span class='ocrx_word' id='word_1_757' title='bbox 2401 4462 2571 4516; x_wconf 88' lang='lat' dir='ltr'><strong>motui</strong></span> <span class='ocrx_word' id='word_1_758' title='bbox 2618 4469 2673 4515; x_wconf 86' lang='lat' dir='ltr'><strong>et</strong></span> <span class='ocrx_word' id='word_1_759' title='bbox 2726 4461 2925 4531; x_wconf 90' lang='lat' dir='ltr'><strong>lapsui.</strong></span> <span class='ocrx_word' id='word_1_760' title='bbox 2962 4460 3251 4533; x_wconf 86' lang='lat' dir='ltr'><strong>Scraphim</strong></span> <span class='ocrx_word' id='word_1_761' title='bbox 3278 4500 3294 4525; x_wconf 97' lang='lat'><strong>,</strong></span> <span class='ocrx_word' id='word_1_762' title='bbox 3336 4464 3484 4533; x_wconf 88' lang='lat' dir='ltr'><strong>quod</strong></span> 
     </span>
    </p>
   </div>
   <div class='ocr_carea' id='block_1_105' title="bbox 1915 4552 3486 4625">
    <p class='ocr_par' dir='ltr' id='par_1_105' title="bbox 1915 4552 3486 4625">
     <span class='ocr_line' id='line_1_105' title="bbox 1915 4552 3486 4625; baseline -0.001 -13"><span class='ocrx_word' id='word_1_763' title='bbox 1915 4572 2113 4612; x_wconf 88' lang='lat' dir='ltr'><strong>nomen</strong></span> <span class='ocrx_word' id='word_1_764' title='bbox 2140 4557 2194 4611; x_wconf 91' lang='lat' dir='ltr'><strong>in</strong></span> <span class='ocrx_word' id='word_1_765' title='bbox 2228 4554 2581 4611; x_wconf 84' lang='lat' dir='ltr'><strong>llebraorum</strong></span> <span class='ocrx_word' id='word_1_766' title='bbox 2622 4554 2808 4625; x_wconf 86' lang='lat' dir='ltr'><strong>lingua</strong></span> <span class='ocrx_word' id='word_1_767' title='bbox 2852 4552 3064 4625; x_wconf 85' lang='lat' dir='ltr'><strong>igneam</strong></span> <span class='ocrx_word' id='word_1_768' title='bbox 3105 4555 3486 4611; x_wconf 84' lang='lat' dir='ltr'><strong>accensionem</strong></span> 
     </span>
    </p>
   </div>
   <div class='ocr_carea' id='block_1_106' title="bbox 1838 4645 3489 4741">
    <p class='ocr_par' dir='ltr' id='par_1_106' title="bbox 1838 4645 3489 4741">
     <span class='ocr_line' id='line_1_106' title="bbox 1838 4645 3489 4741; baseline -0.003 -37"><span class='ocrx_word' id='word_1_769' title='bbox 1838 4682 1891 4741; x_wconf 69' lang='grc' dir='ltr'><strong>Β</strong></span> <span class='ocrx_word' id='word_1_770' title='bbox 1917 4649 2340 4720; x_wconf 83' lang='lat' dir='ltr'><strong>interpretamur</strong></span> <span class='ocrx_word' id='word_1_771' title='bbox 2360 4687 2376 4710; x_wconf 91' lang='lat'><strong>,</strong></span> <span class='ocrx_word' id='word_1_772' title='bbox 2409 4657 2668 4717; x_wconf 88' lang='lat' dir='ltr'><strong>tanquam</strong></span> <span class='ocrx_word' id='word_1_773' title='bbox 2702 4645 2933 4701; x_wconf 88' lang='lat' dir='ltr'><strong>aliorum</strong></span> <span class='ocrx_word' id='word_1_774' title='bbox 2961 4646 3260 4716; x_wconf 81' lang='lat' dir='ltr'><strong>purgativa</strong></span> <span class='ocrx_word' id='word_1_775' title='bbox 3284 4655 3337 4701; x_wconf 89' lang='lat' dir='ltr'><strong>et</strong></span> <span class='ocrx_word' id='word_1_776' title='bbox 3360 4646 3489 4701; x_wconf 89' lang='lat' dir='ltr'><strong>illu-</strong></span> 
     </span>
    </p>
   </div>
   <div class='ocr_carea' id='block_1_107' title="bbox 1921 4735 3490 4806">
    <p class='ocr_par' dir='ltr' id='par_1_107' title="bbox 1921 4735 3490 4806">
     <span class='ocr_line' id='line_1_107' title="bbox 1921 4735 3490 4806; baseline -0.004 -10"><span class='ocrx_word' id='word_1_777' title='bbox 1921 4740 2228 4797; x_wconf 86' lang='lat' dir='ltr'><strong>minatoria</strong></span> <span class='ocrx_word' id='word_1_778' title='bbox 2277 4739 2612 4794; x_wconf 86' lang='lat' dir='ltr'><strong>substantia.</strong></span> <span class='ocrx_word' id='word_1_779' title='bbox 2653 4735 2946 4793; x_wconf 86' lang='lat' dir='ltr'><strong>Cherubim</strong></span> <span class='ocrx_word' id='word_1_780' title='bbox 2977 4777 2992 4801; x_wconf 98' lang='lat'><strong>,</strong></span> <span class='ocrx_word' id='word_1_781' title='bbox 3040 4737 3186 4806; x_wconf 91' lang='lat' dir='ltr'><strong>quod</strong></span> <span class='ocrx_word' id='word_1_782' title='bbox 3235 4736 3364 4791; x_wconf 89' lang='lat' dir='ltr'><strong>item</strong></span> <span class='ocrx_word' id='word_1_783' title='bbox 3397 4750 3490 4790; x_wconf 88' lang='lat' dir='ltr'><strong>vo-</strong></span> 
     </span>
    </p>
   </div>
   <div class='ocr_carea' id='block_1_108' title="bbox 1920 4827 3347 4899">
    <p class='ocr_par' dir='ltr' id='par_1_108' title="bbox 1920 4827 3347 4899">
     <span class='ocr_line' id='line_1_108' title="bbox 1920 4827 3347 4899; baseline -0.005 -10"><span class='ocrx_word' id='word_1_784' title='bbox 1920 4833 2171 4889; x_wconf 90' lang='lat' dir='ltr'><strong>cabulum</strong></span> <span class='ocrx_word' id='word_1_785' title='bbox 2206 4833 2627 4899; x_wconf 88' lang='lat' dir='ltr'><strong>interpretamur</strong></span> <span class='ocrx_word' id='word_1_786' title='bbox 2666 4828 3057 4898; x_wconf 90' lang='lat' dir='ltr'><strong>plenitudinem</strong></span> <span class='ocrx_word' id='word_1_787' title='bbox 3084 4827 3347 4883; x_wconf 86' lang='lat' dir='ltr'><strong>scientia.</strong></span> 
     </span>
    </p>
   </div>
   <div class='ocr_carea' id='block_1_109' title="bbox 1991 4916 3493 4977">
    <p class='ocr_par' dir='ltr' id='par_1_109' title="bbox 1991 4916 3493 4977">
     <span class='ocr_line' id='line_1_109' title="bbox 1991 4916 3493 4977; baseline -0.005 0"><span class='ocrx_word' id='word_1_788' title='bbox 1991 4923 2079 4977; x_wconf 76' lang='grc'><strong>15.</strong></span> <span class='ocrx_word' id='word_1_789' title='bbox 2115 4922 2264 4976; x_wconf 84' lang='lat' dir='ltr'><strong>Hanc</strong></span> <span class='ocrx_word' id='word_1_790' title='bbox 2294 4922 2450 4976; x_wconf 86' lang='lat' dir='ltr'><strong>nobis</strong></span> <span class='ocrx_word' id='word_1_791' title='bbox 2482 4920 2642 4975; x_wconf 92' lang='lat' dir='ltr'><strong>hodie</strong></span> <span class='ocrx_word' id='word_1_792' title='bbox 2665 4919 2948 4974; x_wconf 89' lang='lat' dir='ltr'><strong>materiam</strong></span> <span class='ocrx_word' id='word_1_793' title='bbox 2982 4932 3232 4973; x_wconf 88' lang='lat' dir='ltr'><strong>summus</strong></span> <span class='ocrx_word' id='word_1_794' title='bbox 3254 4916 3362 4972; x_wconf 78' lang='lat' dir='ltr'><strong>dux</strong></span> <span class='ocrx_word' id='word_1_795' title='bbox 3395 4932 3493 4972; x_wconf 85' lang='lat' dir='ltr'><strong>an-</strong></span> 
     </span>
    </p>
   </div>
   <div class='ocr_carea' id='block_1_110' title="bbox 1920 5006 3491 5087">
    <p class='ocr_par' dir='ltr' id='par_1_110' title="bbox 1920 5006 3491 5087">
     <span class='ocr_line' id='line_1_110' title="bbox 1920 5006 3491 5087; baseline -0.004 -16"><span class='ocrx_word' id='word_1_796' title='bbox 1920 5015 2164 5087; x_wconf 87' lang='lat' dir='ltr'><strong>gelorum</strong></span> <span class='ocrx_word' id='word_1_797' title='bbox 2203 5029 2268 5069; x_wconf 80' lang='lat' dir='ltr'><strong>ex</strong></span> <span class='ocrx_word' id='word_1_798' title='bbox 2297 5013 2407 5067; x_wconf 89' lang='lat' dir='ltr'><strong>alto</strong></span> <span class='ocrx_word' id='word_1_799' title='bbox 2438 5011 2634 5066; x_wconf 88' lang='lat' dir='ltr'><strong>obtulit</strong></span> <span class='ocrx_word' id='word_1_800' title='bbox 2666 5009 2879 5066; x_wconf 90' lang='lat' dir='ltr'><strong>dicendi</strong></span> <span class='ocrx_word' id='word_1_801' title='bbox 2911 5009 2978 5065; x_wconf 83' lang='lat' dir='ltr'><strong>de</strong></span> <span class='ocrx_word' id='word_1_802' title='bbox 3000 5008 3229 5079; x_wconf 86' lang='lat' dir='ltr'><strong>angelis.</strong></span> <span class='ocrx_word' id='word_1_803' title='bbox 3263 5006 3326 5063; x_wconf 86' lang='lat' dir='ltr'><strong>Hi</strong></span> <span class='ocrx_word' id='word_1_804' title='bbox 3363 5018 3491 5064; x_wconf 84' lang='lat' dir='ltr'><strong>sunt</strong></span> 
     </span>
    </p>
   </div>
   <div class='ocr_carea' id='block_1_111' title="bbox 1924 5100 3490 5174">
    <p class='ocr_par' dir='ltr' id='par_1_111' title="bbox 1924 5100 3490 5174">
     <span class='ocr_line' id='line_1_111' title="bbox 1924 5100 3490 5174; baseline -0.004 -12"><span class='ocrx_word' id='word_1_805' title='bbox 1924 5121 2117 5163; x_wconf 91' lang='lat' dir='ltr'><strong>novem</strong></span> <span class='ocrx_word' id='word_1_806' title='bbox 2166 5104 2617 5174; x_wconf 88' lang='lat' dir='ltr'><strong>iucorporeorum</strong></span> <span class='ocrx_word' id='word_1_807' title='bbox 2674 5101 2949 5157; x_wconf 86' lang='lat' dir='ltr'><strong>ordines:</strong></span> <span class='ocrx_word' id='word_1_808' title='bbox 3007 5100 3253 5156; x_wconf 82' lang='lat' dir='ltr'><strong>decimus</strong></span> <span class='ocrx_word' id='word_1_809' title='bbox 3306 5111 3490 5156; x_wconf 86' lang='lat' dir='ltr'><strong>autem</strong></span> 
     </span>
    </p>
   </div>
   <div class='ocr_carea' id='block_1_112' title="bbox 1922 5191 3490 5264">
    <p class='ocr_par' dir='ltr' id='par_1_112' title="bbox 1922 5191 3490 5264">
     <span class='ocr_line' id='line_1_112' title="bbox 1922 5191 3490 5264; baseline -0.006 -9"><span class='ocrx_word' id='word_1_810' title='bbox 1922 5199 2058 5255; x_wconf 90' lang='lat' dir='ltr'><strong>ordo</strong></span> <span class='ocrx_word' id='word_1_811' title='bbox 2109 5199 2297 5253; x_wconf 89' lang='lat' dir='ltr'><strong>homo.</strong></span> <span class='ocrx_word' id='word_1_812' title='bbox 2353 5196 2493 5250; x_wconf 89' lang='lat' dir='ltr'><strong>Sunt</strong></span> <span class='ocrx_word' id='word_1_813' title='bbox 2539 5195 2723 5264; x_wconf 87' lang='lat' dir='ltr'><strong>itaque</strong></span> <span class='ocrx_word' id='word_1_814' title='bbox 2766 5192 2951 5249; x_wconf 83' lang='lat' dir='ltr'><strong>decem</strong></span> <span class='ocrx_word' id='word_1_815' title='bbox 3000 5191 3219 5247; x_wconf 84' lang='lat' dir='ltr'><strong>ordines</strong></span> <span class='ocrx_word' id='word_1_816' title='bbox 3264 5193 3490 5247; x_wconf 87' lang='lat' dir='ltr'><strong>totidem</strong></span> 
     </span>
    </p>
   </div>
   <div class='ocr_carea' id='block_1_113' title="bbox 1921 5282 3491 5358">
    <p class='ocr_par' dir='ltr' id='par_1_113' title="bbox 1921 5282 3491 5358">
     <span class='ocr_line' id='line_1_113' title="bbox 1921 5282 3491 5358; baseline -0.004 -12"><span class='ocrx_word' id='word_1_817' title='bbox 1921 5290 2215 5352; x_wconf 86' lang='lat' dir='ltr'><strong>drachma,</strong></span> <span class='ocrx_word' id='word_1_818' title='bbox 2247 5290 2313 5342; x_wconf 89' lang='lat' dir='ltr'><strong>de</strong></span> <span class='ocrx_word' id='word_1_819' title='bbox 2343 5288 2543 5358; x_wconf 91' lang='lat' dir='ltr'><strong>quibus</strong></span> <span class='ocrx_word' id='word_1_820' title='bbox 2577 5287 2829 5341; x_wconf 85' lang='lat' dir='ltr'><strong>Christus</strong></span> <span class='ocrx_word' id='word_1_821' title='bbox 2854 5283 2929 5338; x_wconf 86' lang='lat' dir='ltr'><strong>ait</strong></span> <span class='ocrx_word' id='word_1_822' title='bbox 2959 5298 2973 5337; x_wconf 90' lang='lat'>:</span> <span class='ocrx_word' id='word_1_823' title='bbox 3012 5301 3030 5334; x_wconf 81' lang='grc' dir='ltr'><strong>ι</strong></span> <span class='ocrx_word' id='word_1_824' title='bbox 3058 5282 3251 5337; x_wconf 76' lang='lat' dir='ltr'><strong>Mulier</strong></span> <span class='ocrx_word' id='word_1_825' title='bbox 3283 5284 3491 5339; x_wconf 86' lang='lat' dir='ltr'><strong>habens</strong></span> 
     </span>
    </p>
   </div>
   <div class='ocr_carea' id='block_1_114' title="bbox 1922 5372 3493 5443">
    <p class='ocr_par' dir='ltr' id='par_1_114' title="bbox 1922 5372 3493 5443">
     <span class='ocr_line' id='line_1_114' title="bbox 1922 5372 3493 5443; baseline -0.005 -7"><span class='ocrx_word' id='word_1_826' title='bbox 1922 5384 2108 5437; x_wconf 88' lang='lat' dir='ltr'><strong>decem</strong></span> <span class='ocrx_word' id='word_1_827' title='bbox 2146 5379 2459 5439; x_wconf 88' lang='lat' dir='ltr'><strong>drachmas.</strong></span> <span class='ocrx_word' id='word_1_828' title='bbox 2482 5378 2525 5430; x_wconf 84' lang='lat' dir='ltr'><strong>si</strong></span> <span class='ocrx_word' id='word_1_829' title='bbox 2560 5391 2721 5431; x_wconf 83' lang='lat' dir='ltr'><strong>unam</strong></span> <span class='ocrx_word' id='word_1_830' title='bbox 2754 5391 2819 5428; x_wconf 81' lang='lat' dir='ltr'><strong>ex</strong></span> <span class='ocrx_word' id='word_1_831' title='bbox 2854 5372 2935 5428; x_wconf 88' lang='lat' dir='ltr'><strong>his</strong></span> <span class='ocrx_word' id='word_1_832' title='bbox 2958 5373 3277 5443; x_wconf 85' lang='lat' dir='ltr'><strong>perdiderit,</strong></span> <span class='ocrx_word' id='word_1_833' title='bbox 3313 5388 3493 5429; x_wconf 85' lang='lat' dir='ltr'><strong>nonne</strong></span> 
     </span>
    </p>
   </div>
   <div class='ocr_carea' id='block_1_115' title="bbox 1924 5465 3492 5539">
    <p class='ocr_par' dir='ltr' id='par_1_115' title="bbox 1924 5465 3492 5539">
     <span class='ocr_line' id='line_1_115' title="bbox 1924 5465 3492 5539; baseline -0.006 -10"><span class='ocrx_word' id='word_1_834' title='bbox 1924 5489 2152 5534; x_wconf 87' lang='lat' dir='ltr'><strong>accensa</strong></span> <span class='ocrx_word' id='word_1_835' title='bbox 2187 5472 2405 5525; x_wconf 85' lang='lat' dir='ltr'><strong>lucerna</strong></span> <span class='ocrx_word' id='word_1_836' title='bbox 2431 5478 2636 5539; x_wconf 83' lang='lat' dir='ltr'><strong>quaret</strong></span> <span class='ocrx_word' id='word_1_837' title='bbox 2665 5468 2830 5523; x_wconf 89' lang='lat' dir='ltr'><strong>eam?</strong></span> <span class='ocrx_word' id='word_1_838' title='bbox 2864 5465 2927 5521; x_wconf 84' lang='lat' dir='ltr'><strong>Et</strong></span> <span class='ocrx_word' id='word_1_839' title='bbox 2963 5466 3007 5522; x_wconf 89' lang='lat' dir='ltr'><strong>si</strong></span> <span class='ocrx_word' id='word_1_840' title='bbox 3034 5466 3320 5529; x_wconf 89' lang='lat' dir='ltr'><strong>invenerit,</strong></span> <span class='ocrx_word' id='word_1_841' title='bbox 3356 5468 3492 5520; x_wconf 85' lang='lat' dir='ltr'><strong>ami-</strong></span> 
     </span>
    </p>
   </div>
   <div class='ocr_carea' id='block_1_116' title="bbox 1925 5558 3492 5635">
    <p class='ocr_par' dir='ltr' id='par_1_116' title="bbox 1925 5558 3492 5635">
     <span class='ocr_line' id='line_1_116' title="bbox 1925 5558 3492 5635; baseline -0.007 -13"><span class='ocrx_word' id='word_1_842' title='bbox 1925 5580 2017 5621; x_wconf 83' lang='lat' dir='ltr'><strong>cas</strong></span> <span class='ocrx_word' id='word_1_843' title='bbox 2049 5572 2340 5635; x_wconf 85' lang='lat' dir='ltr'><strong>congregat</strong></span> <span class='ocrx_word' id='word_1_844' title='bbox 2370 5562 2721 5631; x_wconf 88' lang='lat' dir='ltr'><strong>vicinasque,</strong></span> <span class='ocrx_word' id='word_1_845' title='bbox 2766 5560 2952 5615; x_wconf 91' lang='lat' dir='ltr'><strong>dicens</strong></span> <span class='ocrx_word' id='word_1_846' title='bbox 2982 5578 2995 5614; x_wconf 88' lang='lat'><strong>:</strong></span> <span class='ocrx_word' id='word_1_847' title='bbox 3029 5558 3492 5628; x_wconf 80' lang='lat' dir='ltr'><strong>Congratulamini</strong></span> 
     </span>
    </p>
   </div>
   <div class='ocr_carea' id='block_1_117' title="bbox 1933 5650 3487 5724">
    <p class='ocr_par' dir='ltr' id='par_1_117' title="bbox 1933 5650 3487 5724">
     <span class='ocr_line' id='line_1_117' title="bbox 1933 5650 3487 5724; baseline -0.005 -13"><span class='ocrx_word' id='word_1_848' title='bbox 1933 5658 2101 5717; x_wconf 88' lang='lat' dir='ltr'><strong>mihi,</strong></span> <span class='ocrx_word' id='word_1_849' title='bbox 2147 5656 2272 5724; x_wconf 88' lang='lat' dir='ltr'><strong>quia</strong></span> <span class='ocrx_word' id='word_1_850' title='bbox 2308 5654 2489 5707; x_wconf 81' lang='lat' dir='ltr'><strong>inveni</strong></span> <span class='ocrx_word' id='word_1_851' title='bbox 2523 5653 2836 5707; x_wconf 76' lang='lat' dir='ltr'><strong>drachmam</strong></span> <span class='ocrx_word' id='word_1_852' title='bbox 2859 5666 3022 5722; x_wconf 87' lang='lat' dir='ltr'><strong>quam</strong></span> <span class='ocrx_word' id='word_1_853' title='bbox 3073 5650 3437 5718; x_wconf 86' lang='lat' dir='ltr'><strong>perdideram.</strong></span> <span class='ocrx_word' id='word_1_854' title='bbox 3468 5670 3487 5702; x_wconf 75' lang='grc' dir='ltr'><strong>ι</strong></span> 
     </span>
    </p>
   </div>
   <div class='ocr_carea' id='block_1_118' title="bbox 1935 5742 3496 5811">
    <p class='ocr_par' dir='ltr' id='par_1_118' title="bbox 1935 5742 3496 5811">
     <span class='ocr_line' id='line_1_118' title="bbox 1935 5742 3496 5811; baseline -0.002 -11"><span class='ocrx_word' id='word_1_855' title='bbox 1935 5751 2076 5804; x_wconf 87' lang='lat' dir='ltr'><strong>Idem</strong></span> <span class='ocrx_word' id='word_1_856' title='bbox 2117 5747 2363 5801; x_wconf 88' lang='lat' dir='ltr'><strong>decimus</strong></span> <span class='ocrx_word' id='word_1_857' title='bbox 2392 5745 2545 5806; x_wconf 87' lang='lat' dir='ltr'><strong>ordo.</strong></span> <span class='ocrx_word' id='word_1_858' title='bbox 2572 5760 2665 5800; x_wconf 86' lang='lat' dir='ltr'><strong>seu</strong></span> <span class='ocrx_word' id='word_1_859' title='bbox 2696 5744 2879 5807; x_wconf 91' lang='lat' dir='ltr'><strong>homo,</strong></span> <span class='ocrx_word' id='word_1_860' title='bbox 2904 5751 2989 5797; x_wconf 88' lang='lat' dir='ltr'><strong>est</strong></span> <span class='ocrx_word' id='word_1_861' title='bbox 3019 5742 3137 5796; x_wconf 88' lang='lat' dir='ltr'><strong>ovis</strong></span> <span class='ocrx_word' id='word_1_862' title='bbox 3163 5756 3285 5810; x_wconf 85' lang='lat' dir='ltr'><strong>qua</strong></span> <span class='ocrx_word' id='word_1_863' title='bbox 3322 5743 3496 5811; x_wconf 49' lang='lat' dir='ltr'><strong>perie‘</strong></span> 
     </span>
    </p>
   </div>
   <div class='ocr_carea' id='block_1_119' title="bbox 1930 5831 3496 5901">
    <p class='ocr_par' dir='ltr' id='par_1_119' title="bbox 1930 5831 3496 5901">
     <span class='ocr_line' id='line_1_119' title="bbox 1930 5831 3496 5901; baseline -0.005 -10"><span class='ocrx_word' id='word_1_864' title='bbox 1930 5848 2013 5891; x_wconf 86' lang='lat' dir='ltr'><strong>rat</strong></span> <span class='ocrx_word' id='word_1_865' title='bbox 2046 5838 2185 5889; x_wconf 89' lang='lat' dir='ltr'><strong>inter</strong></span> <span class='ocrx_word' id='word_1_866' title='bbox 2216 5834 2505 5901; x_wconf 83' lang='lat' dir='ltr'><strong>nonaginta</strong></span> <span class='ocrx_word' id='word_1_867' title='bbox 2536 5848 2729 5887; x_wconf 92' lang='lat' dir='ltr'><strong>novem</strong></span> <span class='ocrx_word' id='word_1_868' title='bbox 2773 5831 3074 5885; x_wconf 89' lang='lat' dir='ltr'><strong>incolumes</strong></span> <span class='ocrx_word' id='word_1_869' title='bbox 3102 5846 3116 5895; x_wconf 92' lang='lat'><strong>;</strong></span> <span class='ocrx_word' id='word_1_870' title='bbox 3153 5843 3316 5898; x_wconf 91' lang='lat' dir='ltr'><strong>quam</strong></span> <span class='ocrx_word' id='word_1_871' title='bbox 3343 5847 3496 5900; x_wconf 74' lang='lat' dir='ltr'><strong>egre-</strong></span> 
     </span>
    </p>
   </div>
   <div class='ocr_carea' id='block_1_120' title="bbox 1930 5920 3493 5997">
    <p class='ocr_par' dir='ltr' id='par_1_120' title="bbox 1930 5920 3493 5997">
     <span class='ocr_line' id='line_1_120' title="bbox 1930 5920 3493 5997; baseline -0.003 -17"><span class='ocrx_word' id='word_1_872' title='bbox 1930 5928 2048 5997; x_wconf 88' lang='lat' dir='ltr'><strong>gius</strong></span> <span class='ocrx_word' id='word_1_873' title='bbox 2095 5936 2276 5997; x_wconf 82' lang='lat' dir='ltr'><strong>pastor</strong></span> <span class='ocrx_word' id='word_1_874' title='bbox 2300 5965 2314 5989; x_wconf 95' lang='lat'><strong>,</strong></span> <span class='ocrx_word' id='word_1_875' title='bbox 2350 5925 2527 5979; x_wconf 87' lang='lat' dir='ltr'><strong>bonus</strong></span> <span class='ocrx_word' id='word_1_876' title='bbox 2567 5933 2728 5995; x_wconf 86' lang='lat' dir='ltr'><strong>atque</strong></span> <span class='ocrx_word' id='word_1_877' title='bbox 2767 5922 3053 5989; x_wconf 87' lang='lat' dir='ltr'><strong>benignus,</strong></span> <span class='ocrx_word' id='word_1_878' title='bbox 3083 5935 3191 5974; x_wconf 92' lang='lat' dir='ltr'><strong>non</strong></span> <span class='ocrx_word' id='word_1_879' title='bbox 3224 5920 3493 5989; x_wconf 83' lang='lat' dir='ltr'><strong>neglexit.</strong></span> 
     </span>
    </p>
   </div>
   <div class='ocr_carea' id='block_1_121' title="bbox 2982 6013 3057 6068">
    <p class='ocr_par' dir='ltr' id='par_1_121' title="bbox 2982 6013 3057 6068">
     <span class='ocr_line' id='line_1_121' title="bbox 2982 6013 3057 6068; baseline -0.013 0"><span class='ocrx_word' id='word_1_880' title='bbox 2982 6013 3057 6068; x_wconf 58' lang='lat'><strong>25</strong></span> 
     </span>
    </p>
   </div>
  </div>
