  <div class='ocr_page' id='page_1' title='image "/cluster/home/n/w/nwhite01/storage/ocr_20150623/99/uva.x002264937/397.png"; bbox 0 0 4170 6524; ppageno 0'>
   <div class='ocr_carea' id='block_1_1' title="bbox 719 419 821 482">
    <p class='ocr_par' dir='ltr' id='par_1_1' title="bbox 719 419 821 482">
     <span class='ocr_line' id='line_1_1' title="bbox 719 419 821 482; baseline -0.01 0"><span class='ocrx_word' id='word_1_1' title='bbox 719 419 821 482; x_wconf 72' lang='grc' dir='ltr'><strong>74Ἰ</strong></span> 
     </span>
    </p>
   </div>
   <div class='ocr_carea' id='block_1_2' title="bbox 1917 419 2795 487">
    <p class='ocr_par' dir='ltr' id='par_1_2' title="bbox 1917 419 2795 487">
     <span class='ocr_line' id='line_1_2' title="bbox 1917 419 2795 487; baseline 0.006 -7"><span class='ocrx_word' id='word_1_2' title='bbox 1917 421 1977 480; x_wconf 89' lang='lat' dir='ltr'><strong>S.</strong></span> <span class='ocrx_word' id='word_1_3' title='bbox 2017 419 2117 481; x_wconf 86' lang='grc' dir='ltr'>ΤΗ</span> <span class='ocrx_word' id='word_1_4' title='bbox 2130 420 2410 482; x_wconf 80' lang='lat' dir='ltr'><strong>EODORI</strong></span> <span class='ocrx_word' id='word_1_5' title='bbox 2447 423 2795 487; x_wconf 74' lang='lat' dir='ltr'><strong>STUDlT/E</strong></span> 
     </span>
    </p>
   </div>
   <div class='ocr_carea' id='block_1_3' title="bbox 3878 434 3978 502">
    <p class='ocr_par' dir='ltr' id='par_1_3' title="bbox 3878 434 3978 502">
     <span class='ocr_line' id='line_1_3' title="bbox 3878 434 3978 502; baseline 0.02 -2"><span class='ocrx_word' id='word_1_6' title='bbox 3878 434 3978 502; x_wconf 70' lang='lat'><strong>748</strong></span> 
     </span>
    </p>
   </div>
   <div class='ocr_carea' id='block_1_4' title="bbox 722 535 2291 627">
    <p class='ocr_par' dir='ltr' id='par_1_4' title="bbox 722 535 2291 608">
     <span class='ocr_line' id='line_1_4' title="bbox 722 535 2291 608; baseline -0.001 -15"><span class='ocrx_word' id='word_1_7' title='bbox 722 539 818 594; x_wconf 84' lang='lat' dir='ltr'><strong>sed</strong></span> <span class='ocrx_word' id='word_1_8' title='bbox 867 535 1230 608; x_wconf 71' lang='lat' dir='ltr'><strong>conquisivit,</strong></span> <span class='ocrx_word' id='word_1_9' title='bbox 1280 535 1666 607; x_wconf 89' lang='lat' dir='ltr'><strong>inventamque</strong></span> <span class='ocrx_word' id='word_1_10' title='bbox 1724 538 1777 591; x_wconf 90' lang='lat' dir='ltr'><strong>in</strong></span> <span class='ocrx_word' id='word_1_11' title='bbox 1823 537 2103 592; x_wconf 89' lang='lat' dir='ltr'><strong>montibus</strong></span> <span class='ocrx_word' id='word_1_12' title='bbox 2142 538 2291 593; x_wconf 92' lang='lat' dir='ltr'><strong>colli-</strong></span> 
     </span>
    </p>
   </div>
   <div class='ocr_carea' id='block_1_5' title="bbox 2393 535 3981 627">
    <p class='ocr_par' dir='ltr' id='par_1_5' title="bbox 2398 541 3981 627">
     <span class='ocr_line' id='line_1_5' title="bbox 2398 541 3981 627; baseline 0.01 -33"><span class='ocrx_word' id='word_1_13' title='bbox 2398 541 2491 595; x_wconf 77' lang='grc' dir='ltr'>καὶ</span> <span class='ocrx_word' id='word_1_14' title='bbox 2516 559 2643 606; x_wconf 87' lang='grc' dir='ltr'>τους</span> <span class='ocrx_word' id='word_1_15' title='bbox 2674 542 2896 614; x_wconf 78' lang='grc' dir='ltr'>βουνοὺς</span> <span class='ocrx_word' id='word_1_16' title='bbox 2932 545 3059 611; x_wconf 76' lang='grc' dir='ltr'>τοὺς</span> <span class='ocrx_word' id='word_1_17' title='bbox 3094 545 3434 619; x_wconf 76' lang='grc' dir='ltr'>Ἑλληνικοὺς</span> <span class='ocrx_word' id='word_1_18' title='bbox 3477 551 3661 616; x_wconf 82' lang='grc' dir='ltr'>κακῶς</span> <span class='ocrx_word' id='word_1_19' title='bbox 3695 554 3981 627; x_wconf 63' lang='grc' dir='ltr'>πλανῶμεν</span> 
     </span>
    </p>
   </div>
   <div class='ocr_carea' id='block_1_6' title="bbox 722 629 2298 701">
    <p class='ocr_par' dir='ltr' id='par_1_6' title="bbox 722 629 2298 701">
     <span class='ocr_line' id='line_1_6' title="bbox 722 629 2298 701; baseline -0.001 -16"><span class='ocrx_word' id='word_1_20' title='bbox 722 632 938 701; x_wconf 88' lang='lat' dir='ltr'><strong>busque</strong></span> <span class='ocrx_word' id='word_1_21' title='bbox 962 629 1198 685; x_wconf 72' lang='lat' dir='ltr'><strong>ethnicis</strong></span> <span class='ocrx_word' id='word_1_22' title='bbox 1228 629 1367 684; x_wconf 88' lang='lat' dir='ltr'><strong>male</strong></span> <span class='ocrx_word' id='word_1_23' title='bbox 1399 638 1673 684; x_wconf 75' lang='lat' dir='ltr'><strong>errantem</strong></span> <span class='ocrx_word' id='word_1_24' title='bbox 1716 639 1769 684; x_wconf 92' lang='lat' dir='ltr'><strong>et</strong></span> <span class='ocrx_word' id='word_1_25' title='bbox 1808 629 1967 685; x_wconf 85' lang='lat' dir='ltr'><strong>idolis</strong></span> <span class='ocrx_word' id='word_1_26' title='bbox 2004 629 2298 684; x_wconf 89' lang='lat' dir='ltr'><strong>immolan-</strong></span> 
     </span>
    </p>
   </div>
   <div class='ocr_carea' id='block_1_7' title="bbox 725 721 2301 793">
    <p class='ocr_par' dir='ltr' id='par_1_7' title="bbox 725 721 2301 793">
     <span class='ocr_line' id='line_1_7' title="bbox 725 721 2301 793; baseline 0.001 -16"><span class='ocrx_word' id='word_1_27' title='bbox 725 731 833 777; x_wconf 91' lang='lat' dir='ltr'><strong>tem</strong></span> <span class='ocrx_word' id='word_1_28' title='bbox 889 724 1166 777; x_wconf 78' lang='lat' dir='ltr'><strong>revocavit</strong></span> <span class='ocrx_word' id='word_1_29' title='bbox 1194 764 1208 787; x_wconf 94' lang='lat'><strong>,</strong></span> <span class='ocrx_word' id='word_1_30' title='bbox 1250 733 1304 777; x_wconf 89' lang='lat' dir='ltr'><strong>et</strong></span> <span class='ocrx_word' id='word_1_31' title='bbox 1344 722 1657 793; x_wconf 73' lang='lat' dir='ltr'><strong>impositam</strong></span> <span class='ocrx_word' id='word_1_32' title='bbox 1699 721 1944 777; x_wconf 87' lang='lat' dir='ltr'><strong>humeris</strong></span> <span class='ocrx_word' id='word_1_33' title='bbox 1986 722 2201 777; x_wconf 82' lang='lat' dir='ltr'><strong>reduxit</strong></span> <span class='ocrx_word' id='word_1_34' title='bbox 2233 723 2301 779; x_wconf 93' lang='lat' dir='ltr'><strong>ad</strong></span> 
     </span>
    </p>
   </div>
   <div class='ocr_carea' id='block_1_8' title="bbox 726 814 2303 887">
    <p class='ocr_par' dir='ltr' id='par_1_8' title="bbox 726 814 2303 887">
     <span class='ocr_line' id='line_1_8' title="bbox 726 814 2303 887; baseline 0.001 -17"><span class='ocrx_word' id='word_1_35' title='bbox 726 830 834 870; x_wconf 91' lang='lat' dir='ltr'><strong>non</strong></span> <span class='ocrx_word' id='word_1_36' title='bbox 863 830 1153 870; x_wconf 89' lang='lat' dir='ltr'><strong>erroneum</strong></span> <span class='ocrx_word' id='word_1_37' title='bbox 1185 831 1411 886; x_wconf 79' lang='lat' dir='ltr'><strong>gregem&#39;</strong></span> <span class='ocrx_word' id='word_1_38' title='bbox 1429 831 1547 870; x_wconf 84' lang='lat' dir='ltr'><strong>eam</strong></span> <span class='ocrx_word' id='word_1_39' title='bbox 1575 829 1699 887; x_wconf 67' lang='lat' dir='ltr'><strong>qua</strong></span> <span class='ocrx_word' id='word_1_40' title='bbox 1720 815 1874 871; x_wconf 87' lang='lat' dir='ltr'><strong>devia</strong></span> <span class='ocrx_word' id='word_1_41' title='bbox 1907 814 2115 881; x_wconf 77' lang='lat' dir='ltr'><strong>fuerat,</strong></span> <span class='ocrx_word' id='word_1_42' title='bbox 2140 825 2303 885; x_wconf 86' lang='lat' dir='ltr'><strong>atque</strong></span> 
     </span>
    </p>
   </div>
   <div class='ocr_carea' id='block_1_9' title="bbox 723 905 2305 972">
    <p class='ocr_par' dir='ltr' id='par_1_9' title="bbox 723 905 2305 972">
     <span class='ocr_line' id='line_1_9' title="bbox 723 905 2305 972; baseline 0 -11"><span class='ocrx_word' id='word_1_43' title='bbox 723 906 867 961; x_wconf 78' lang='lat' dir='ltr'><strong>inter</strong></span> <span class='ocrx_word' id='word_1_44' title='bbox 903 905 1112 960; x_wconf 75' lang='lat' dir='ltr'><strong>caelites</strong></span> <span class='ocrx_word' id='word_1_45' title='bbox 1152 906 1404 961; x_wconf 85' lang='lat' dir='ltr'><strong>reducem</strong></span> <span class='ocrx_word' id='word_1_46' title='bbox 1439 908 1872 972; x_wconf 83' lang='lat' dir='ltr'><strong>connumeravit,</strong></span> <span class='ocrx_word' id='word_1_47' title='bbox 1914 915 1968 961; x_wconf 91' lang='lat' dir='ltr'><strong>et</strong></span> <span class='ocrx_word' id='word_1_48' title='bbox 1999 915 2203 961; x_wconf 76' lang='lat' dir='ltr'><strong>a&gt;terno</strong></span> <span class='ocrx_word' id='word_1_49' title='bbox 2227 922 2305 961; x_wconf 87' lang='lat' dir='ltr'><strong>re-</strong></span> 
     </span>
    </p>
   </div>
   <div class='ocr_carea' id='block_1_10' title="bbox 723 998 2306 1070">
    <p class='ocr_par' dir='ltr' id='par_1_10' title="bbox 723 998 2306 1070">
     <span class='ocr_line' id='line_1_10' title="bbox 723 998 2306 1070; baseline -0.001 -18"><span class='ocrx_word' id='word_1_50' title='bbox 723 1014 830 1070; x_wconf 91' lang='lat' dir='ltr'><strong>gno</strong></span> <span class='ocrx_word' id='word_1_51' title='bbox 861 998 1116 1068; x_wconf 89' lang='lat' dir='ltr'><strong>dignatus</strong></span> <span class='ocrx_word' id='word_1_52' title='bbox 1149 1008 1271 1062; x_wconf 86' lang='lat' dir='ltr'><strong>est;</strong></span> <span class='ocrx_word' id='word_1_53' title='bbox 1312 1014 1423 1068; x_wconf 89' lang='lat' dir='ltr'><strong>quo</strong></span> <span class='ocrx_word' id='word_1_54' title='bbox 1453 1000 1609 1054; x_wconf 89' lang='lat' dir='ltr'><strong>nobis</strong></span> <span class='ocrx_word' id='word_1_55' title='bbox 1632 1000 1885 1053; x_wconf 85' lang='lat' dir='ltr'><strong>omnibus</strong></span> <span class='ocrx_word' id='word_1_56' title='bbox 1907 998 2065 1067; x_wconf 89' lang='lat' dir='ltr'><strong>potiri</strong></span> <span class='ocrx_word' id='word_1_57' title='bbox 2092 1000 2306 1052; x_wconf 86' lang='lat' dir='ltr'><strong>contin-</strong></span> 
     </span>
    </p>
   </div>
   <div class='ocr_carea' id='block_1_11' title="bbox 723 1086 2307 1160">
    <p class='ocr_par' dir='ltr' id='par_1_11' title="bbox 723 1086 2307 1160">
     <span class='ocr_line' id='line_1_11' title="bbox 723 1086 2307 1160; baseline -0.002 -17"><span class='ocrx_word' id='word_1_58' title='bbox 723 1096 834 1160; x_wconf 91' lang='lat' dir='ltr'><strong>gat,</strong></span> <span class='ocrx_word' id='word_1_59' title='bbox 867 1089 1038 1159; x_wconf 87' lang='lat' dir='ltr'><strong>gratia</strong></span> <span class='ocrx_word' id='word_1_60' title='bbox 1060 1096 1114 1142; x_wconf 90' lang='lat' dir='ltr'><strong>et</strong></span> <span class='ocrx_word' id='word_1_61' title='bbox 1139 1087 1467 1157; x_wconf 80' lang='lat' dir='ltr'><strong>benignitate</strong></span> <span class='ocrx_word' id='word_1_62' title='bbox 1494 1089 1709 1143; x_wconf 89' lang='lat' dir='ltr'><strong>Domini</strong></span> <span class='ocrx_word' id='word_1_63' title='bbox 1736 1088 1908 1143; x_wconf 91' lang='lat' dir='ltr'><strong>nostri</strong></span> <span class='ocrx_word' id='word_1_64' title='bbox 1929 1086 2056 1141; x_wconf 82' lang='lat' dir='ltr'><strong>Jesu</strong></span> <span class='ocrx_word' id='word_1_65' title='bbox 2080 1087 2307 1154; x_wconf 84' lang='lat' dir='ltr'><strong>Christi,</strong></span> 
     </span>
    </p>
   </div>
   <div class='ocr_carea' id='block_1_12' title="bbox 723 1178 2308 1249">
    <p class='ocr_par' dir='ltr' id='par_1_12' title="bbox 723 1178 2308 1249">
     <span class='ocr_line' id='line_1_12' title="bbox 723 1178 2308 1249; baseline -0.001 -14"><span class='ocrx_word' id='word_1_66' title='bbox 723 1195 848 1235; x_wconf 92' lang='lat' dir='ltr'><strong>cum</strong></span> <span class='ocrx_word' id='word_1_67' title='bbox 881 1193 989 1249; x_wconf 92' lang='lat' dir='ltr'><strong>quo</strong></span> <span class='ocrx_word' id='word_1_68' title='bbox 1021 1179 1194 1249; x_wconf 88' lang='lat' dir='ltr'><strong>gloria</strong></span> <span class='ocrx_word' id='word_1_69' title='bbox 1236 1180 1307 1234; x_wconf 91' lang='lat' dir='ltr'><strong>sit</strong></span> <span class='ocrx_word' id='word_1_70' title='bbox 1337 1178 1483 1234; x_wconf 80' lang='lat' dir='ltr'><strong>Patri</strong></span> <span class='ocrx_word' id='word_1_71' title='bbox 1514 1190 1570 1235; x_wconf 93' lang='lat' dir='ltr'><strong>et</strong></span> <span class='ocrx_word' id='word_1_72' title='bbox 1604 1191 1795 1235; x_wconf 87' lang='lat' dir='ltr'><strong>sancto</strong></span> <span class='ocrx_word' id='word_1_73' title='bbox 1826 1180 2038 1234; x_wconf 83' lang='lat' dir='ltr'><strong>viviﬁco</strong></span> <span class='ocrx_word' id='word_1_74' title='bbox 2073 1178 2308 1234; x_wconf 88' lang='lat' dir='ltr'><strong>consub-</strong></span> 
     </span>
    </p>
   </div>
   <div class='ocr_carea' id='block_1_13' title="bbox 723 1269 2306 1343">
    <p class='ocr_par' dir='ltr' id='par_1_13' title="bbox 723 1269 2306 1343">
     <span class='ocr_line' id='line_1_13' title="bbox 723 1269 2306 1343; baseline -0.001 -18"><span class='ocrx_word' id='word_1_75' title='bbox 723 1270 963 1326; x_wconf 85' lang='lat' dir='ltr'><strong>stantiali</strong></span> <span class='ocrx_word' id='word_1_76' title='bbox 997 1269 1245 1340; x_wconf 89' lang='lat' dir='ltr'><strong>Spiritui,</strong></span> <span class='ocrx_word' id='word_1_77' title='bbox 1284 1287 1429 1328; x_wconf 90' lang='lat' dir='ltr'><strong>nunc</strong></span> <span class='ocrx_word' id='word_1_78' title='bbox 1458 1284 1513 1327; x_wconf 89' lang='lat' dir='ltr'><strong>et</strong></span> <span class='ocrx_word' id='word_1_79' title='bbox 1543 1287 1758 1343; x_wconf 80' lang='lat' dir='ltr'><strong>semper</strong></span> <span class='ocrx_word' id='word_1_80' title='bbox 1799 1281 1855 1327; x_wconf 91' lang='lat' dir='ltr'><strong>et</strong></span> <span class='ocrx_word' id='word_1_81' title='bbox 1889 1272 1941 1326; x_wconf 91' lang='lat' dir='ltr'><strong>in</strong></span> <span class='ocrx_word' id='word_1_82' title='bbox 1976 1270 2177 1327; x_wconf 62' lang='lat' dir='ltr'><strong>saecula</strong></span> <span class='ocrx_word' id='word_1_83' title='bbox 2205 1284 2306 1325; x_wconf 82' lang='lat' dir='ltr'><strong>sa:-</strong></span> 
     </span>
    </p>
   </div>
   <div class='ocr_carea' id='block_1_14' title="bbox 721 1360 1222 1416">
    <p class='ocr_par' dir='ltr' id='par_1_14' title="bbox 721 1360 1222 1416">
     <span class='ocr_line' id='line_1_14' title="bbox 721 1360 1222 1416; baseline -0.002 0"><span class='ocrx_word' id='word_1_84' title='bbox 721 1361 994 1416; x_wconf 91' lang='lat' dir='ltr'><strong>culorum.</strong></span> <span class='ocrx_word' id='word_1_85' title='bbox 1026 1360 1222 1415; x_wconf 78' lang='lat' dir='ltr'><strong>Amen.</strong></span> 
     </span>
    </p>
   </div>
   <div class='ocr_carea' id='block_1_15' title="bbox 880 1432 2151 1631">
    <p class='ocr_par' dir='ltr' id='par_1_15' title="bbox 880 1432 2151 1631">
     <span class='ocr_line' id='line_1_15' title="bbox 880 1432 2151 1631; baseline -0.002 -72"><span class='ocrx_word' id='word_1_86' title='bbox 880 1503 947 1559; x_wconf 85' lang='lat' dir='ltr'><strong>In</strong></span> <span class='ocrx_word' id='word_1_87' title='bbox 971 1500 1301 1560; x_wconf 75' lang='lat' dir='ltr'><strong>nativitatem</strong></span> <span class='ocrx_word' id='word_1_88' title='bbox 1319 1432 1764 1631; x_wconf 47' lang='grc' dir='ltr'>εῗειξέιορίιειαε</span> <span class='ocrx_word' id='word_1_89' title='bbox 1793 1501 2151 1559; x_wconf 73' lang='grc' dir='ltr'>Ρνιεειιηονὶε</span> 
     </span>
     <span class='ocr_line' id='line_1_16' title="bbox 1415 1586 1640 1631; baseline 0 -4"><span class='ocrx_word' id='word_1_90' title='bbox 1415 1586 1640 1631; x_wconf 63' lang='lat' dir='ltr'><strong>aululae.</strong></span> 
     </span>
    </p>
   </div>
   <div class='ocr_carea' id='block_1_16' title="bbox 1415 1586 1640 1645">
    <p class='ocr_par' dir='ltr' id='par_1_16' title="bbox 1415 1586 1640 1645">
     <span class='ocr_line' id='line_1_17' title="bbox 1415 1586 1640 1645; baseline 0 -18"><span class='ocrx_word' id='word_1_91' title='bbox 1415 1586 1640 1645; x_wconf 74' lang='lat' dir='ltr'><strong>apltslw.</strong></span> 
     </span>
    </p>
   </div>
   <div class='ocr_carea' id='block_1_17' title="bbox 2408 636 3978 723">
    <p class='ocr_par' dir='ltr' id='par_1_17' title="bbox 2408 636 3978 723">
     <span class='ocr_line' id='line_1_18' title="bbox 2408 636 3978 723; baseline 0.008 -34"><span class='ocrx_word' id='word_1_92' title='bbox 2408 653 2497 690; x_wconf 83' lang='lat' dir='ltr'><strong>vov</strong></span> <span class='ocrx_word' id='word_1_93' title='bbox 2559 636 2653 690; x_wconf 73' lang='grc' dir='ltr'>καὶ</span> <span class='ocrx_word' id='word_1_94' title='bbox 2705 636 2961 703; x_wconf 76' lang='grc' dir='ltr'>θυσιάζον</span> <span class='ocrx_word' id='word_1_95' title='bbox 3028 639 3385 709; x_wconf 73' lang='grc' dir='ltr'><strong>ἐπέστρεψεν,</strong></span> <span class='ocrx_word' id='word_1_96' title='bbox 3441 642 3537 695; x_wconf 81' lang='grc' dir='ltr'>καὶ</span> <span class='ocrx_word' id='word_1_97' title='bbox 3595 644 3879 713; x_wconf 79' lang='grc' dir='ltr'><strong>βαστάσας</strong></span> 
     </span>
    </p>
   </div>
   <div class='ocr_carea' id='block_1_18' title="bbox 2409 727 3985 810">
    <p class='ocr_par' dir='ltr' id='par_1_18' title="bbox 2409 727 3985 810">
     <span class='ocr_line' id='line_1_19' title="bbox 2409 727 3985 810; baseline 0.006 -30"><span class='ocrx_word' id='word_1_98' title='bbox 2409 727 2612 799; x_wconf 79' lang='grc' dir='ltr'>ποίμνῃ</span> <span class='ocrx_word' id='word_1_99' title='bbox 2642 730 2709 798; x_wconf 81' lang='grc' dir='ltr'>τῇ</span> <span class='ocrx_word' id='word_1_100' title='bbox 2739 729 2968 783; x_wconf 88' lang='grc' dir='ltr'>ἀπλανεί</span> <span class='ocrx_word' id='word_1_101' title='bbox 3005 729 3068 783; x_wconf 75' lang='grc' dir='ltr'><strong>τὸ</strong></span> <span class='ocrx_word' id='word_1_102' title='bbox 3119 731 3560 802; x_wconf 83' lang='grc' dir='ltr'>πεπλανημένον,</span> <span class='ocrx_word' id='word_1_103' title='bbox 3591 737 3675 799; x_wconf 85' lang='grc' dir='ltr'><strong>είς</strong></span> <span class='ocrx_word' id='word_1_104' title='bbox 3721 738 3985 810; x_wconf 69' lang='grc' dir='ltr'>οὐρανοὺς</span> 
     </span>
    </p>
   </div>
   <div class='ocr_carea' id='block_1_19' title="bbox 2409 817 3986 899">
    <p class='ocr_par' dir='ltr' id='par_1_19' title="bbox 2409 817 3986 899">
     <span class='ocr_line' id='line_1_20' title="bbox 2409 817 3986 899; baseline 0.002 -28"><span class='ocrx_word' id='word_1_105' title='bbox 2409 817 2705 888; x_wconf 88' lang='grc' dir='ltr'>ἀναγαγὼν</span> <span class='ocrx_word' id='word_1_106' title='bbox 2750 822 3143 892; x_wconf 80' lang='grc' dir='ltr'>συνηρίθμησε,</span> <span class='ocrx_word' id='word_1_107' title='bbox 3176 822 3273 874; x_wconf 77' lang='grc' dir='ltr'>καὶ</span> <span class='ocrx_word' id='word_1_108' title='bbox 3325 823 3425 892; x_wconf 88' lang='grc' dir='ltr'><strong>τῆς</strong></span> <span class='ocrx_word' id='word_1_109' title='bbox 3470 823 3748 892; x_wconf 79' lang='grc' dir='ltr'><strong>βασιλείας</strong></span> <span class='ocrx_word' id='word_1_110' title='bbox 3777 829 3882 899; x_wconf 83' lang='grc' dir='ltr'>τῆς</span> <span class='ocrx_word' id='word_1_111' title='bbox 3910 834 3986 885; x_wconf 79' lang='grc' dir='ltr'><strong>αι.</strong></span> 
     </span>
    </p>
   </div>
   <div class='ocr_carea' id='block_1_20' title="bbox 2409 906 3983 985">
    <p class='ocr_par' dir='ltr' id='par_1_20' title="bbox 2409 906 3983 985">
     <span class='ocr_line' id='line_1_21' title="bbox 2409 906 3983 985; baseline -0.001 -22"><span class='ocrx_word' id='word_1_112' title='bbox 2409 910 2573 963; x_wconf 86' lang='grc' dir='ltr'>ωνίου</span> <span class='ocrx_word' id='word_1_113' title='bbox 2604 908 2944 979; x_wconf 74' lang='grc' dir='ltr'><strong>κατηξίωσεν</strong></span> <span class='ocrx_word' id='word_1_114' title='bbox 2968 926 2983 939; x_wconf 87' lang='grc'><strong>·</strong></span> <span class='ocrx_word' id='word_1_115' title='bbox 3009 906 3077 981; x_wconf 83' lang='grc' dir='ltr'><strong>ἧς</strong></span> <span class='ocrx_word' id='word_1_116' title='bbox 3120 912 3329 979; x_wconf 79' lang='grc' dir='ltr'>γένοιτο</span> <span class='ocrx_word' id='word_1_117' title='bbox 3381 913 3589 977; x_wconf 82' lang='grc' dir='ltr'><strong>πάντας</strong></span> <span class='ocrx_word' id='word_1_118' title='bbox 3614 917 3763 985; x_wconf 78' lang='grc' dir='ltr'>ἡμᾶς</span> <span class='ocrx_word' id='word_1_119' title='bbox 3794 920 3983 973; x_wconf 70' lang='grc' dir='ltr'>ὲπιτυ-</span> 
     </span>
    </p>
   </div>
   <div class='ocr_carea' id='block_1_21' title="bbox 2412 1000 3985 1079">
    <p class='ocr_par' dir='ltr' id='par_1_21' title="bbox 2412 1000 3985 1079">
     <span class='ocr_line' id='line_1_22' title="bbox 2412 1000 3985 1079; baseline 0.006 -27"><span class='ocrx_word' id='word_1_120' title='bbox 2412 1002 2548 1070; x_wconf 87' lang='grc' dir='ltr'><strong>χεῖν,</strong></span> <span class='ocrx_word' id='word_1_121' title='bbox 2579 1001 2765 1071; x_wconf 84' lang='grc' dir='ltr'>χάριτι</span> <span class='ocrx_word' id='word_1_122' title='bbox 2795 1000 2890 1053; x_wconf 82' lang='grc' dir='ltr'>καὶ</span> <span class='ocrx_word' id='word_1_123' title='bbox 2924 1001 3307 1074; x_wconf 77' lang='grc' dir='ltr'><strong>φιλανθρωπίᾳ</strong></span> <span class='ocrx_word' id='word_1_124' title='bbox 3325 1003 3421 1055; x_wconf 86' lang='grc' dir='ltr'><strong>τοῦ</strong></span> <span class='ocrx_word' id='word_1_125' title='bbox 3448 1005 3652 1073; x_wconf 83' lang='grc' dir='ltr'>Κυρίου</span> <span class='ocrx_word' id='word_1_126' title='bbox 3682 1010 3714 1077; x_wconf 74' lang='grc' dir='ltr'><strong>ἡ</strong></span> <span class='ocrx_word' id='word_1_127' title='bbox 3724 1008 3845 1077; x_wconf 81' lang='grc' dir='ltr'><strong>μῶν</strong></span> <span class='ocrx_word' id='word_1_128' title='bbox 3882 1010 3985 1079; x_wconf 66' lang='lat'><strong>&#39;11;-</strong></span> 
     </span>
    </p>
   </div>
   <div class='ocr_carea' id='block_1_22' title="bbox 2412 1088 3986 1171">
    <p class='ocr_par' dir='ltr' id='par_1_22' title="bbox 2412 1088 3986 1171">
     <span class='ocr_line' id='line_1_23' title="bbox 2412 1088 3986 1171; baseline 0.008 -28"><span class='ocrx_word' id='word_1_129' title='bbox 2412 1090 2507 1143; x_wconf 85' lang='grc' dir='ltr'><strong>σοῦ</strong></span> <span class='ocrx_word' id='word_1_130' title='bbox 2570 1091 2827 1162; x_wconf 88' lang='grc' dir='ltr'>Χριστοῦ,</span> <span class='ocrx_word' id='word_1_131' title='bbox 2894 1092 3015 1163; x_wconf 81' lang='grc' dir='ltr'>μεθ’</span> <span class='ocrx_word' id='word_1_132' title='bbox 3046 1088 3107 1147; x_wconf 78' lang='grc' dir='ltr'><strong>οὑ</strong></span> <span class='ocrx_word' id='word_1_133' title='bbox 3151 1092 3230 1163; x_wconf 77' lang='grc' dir='ltr'><strong>τῷ</strong></span> <span class='ocrx_word' id='word_1_134' title='bbox 3292 1094 3465 1166; x_wconf 82' lang='grc' dir='ltr'>Πατρὶ</span> <span class='ocrx_word' id='word_1_135' title='bbox 3511 1098 3722 1166; x_wconf 77' lang='grc' dir='ltr'>ήδόξα,</span> <span class='ocrx_word' id='word_1_136' title='bbox 3756 1101 3875 1170; x_wconf 74' lang='grc' dir='ltr'>ἅμα</span> <span class='ocrx_word' id='word_1_137' title='bbox 3908 1103 3986 1171; x_wconf 78' lang='grc' dir='ltr'>τῷ</span> 
     </span>
    </p>
   </div>
   <div class='ocr_carea' id='block_1_23' title="bbox 2410 1180 3983 1261">
    <p class='ocr_par' dir='ltr' id='par_1_23' title="bbox 2410 1180 3983 1261">
     <span class='ocr_line' id='line_1_24' title="bbox 2410 1180 3983 1261; baseline 0.007 -28"><span class='ocrx_word' id='word_1_138' title='bbox 2410 1180 2550 1251; x_wconf 86' lang='grc' dir='ltr'>ἀγίῳ</span> <span class='ocrx_word' id='word_1_139' title='bbox 2583 1182 2671 1233; x_wconf 66' lang='grc' dir='ltr'>καὶ</span> <span class='ocrx_word' id='word_1_140' title='bbox 2702 1180 2952 1251; x_wconf 74' lang='grc' dir='ltr'>ζωοποιῴ</span> <span class='ocrx_word' id='word_1_141' title='bbox 2982 1183 3254 1253; x_wconf 85' lang='grc' dir='ltr'>ὀμοουσίῳ</span> <span class='ocrx_word' id='word_1_142' title='bbox 3286 1184 3588 1255; x_wconf 73' lang='grc' dir='ltr'>Πνεῦματι,</span> <span class='ocrx_word' id='word_1_143' title='bbox 3617 1188 3714 1243; x_wconf 91' lang='grc' dir='ltr'><strong>νῦν</strong></span> <span class='ocrx_word' id='word_1_144' title='bbox 3756 1192 3855 1244; x_wconf 72' lang='grc' dir='ltr'>καὶ</span> <span class='ocrx_word' id='word_1_145' title='bbox 3871 1193 3983 1261; x_wconf 74' lang='grc' dir='ltr'>ἀεὶ,</span> 
     </span>
    </p>
   </div>
   <div class='ocr_carea' id='block_1_24' title="bbox 2407 1270 3627 1350">
    <p class='ocr_par' dir='ltr' id='par_1_24' title="bbox 2407 1270 3627 1350">
     <span class='ocr_line' id='line_1_25' title="bbox 2407 1270 3627 1350; baseline 0.007 -27"><span class='ocrx_word' id='word_1_146' title='bbox 2407 1271 2504 1324; x_wconf 79' lang='grc' dir='ltr'>καὶ</span> <span class='ocrx_word' id='word_1_147' title='bbox 2530 1271 2610 1333; x_wconf 88' lang='grc' dir='ltr'><strong>εἰς</strong></span> <span class='ocrx_word' id='word_1_148' title='bbox 2640 1271 2767 1333; x_wconf 81' lang='grc' dir='ltr'>τοὺς</span> <span class='ocrx_word' id='word_1_149' title='bbox 2792 1270 2999 1333; x_wconf 80' lang='grc' dir='ltr'>αἰῶνας</span> <span class='ocrx_word' id='word_1_150' title='bbox 3021 1273 3129 1324; x_wconf 85' lang='grc' dir='ltr'><strong>τῶν</strong></span> <span class='ocrx_word' id='word_1_151' title='bbox 3149 1272 3383 1329; x_wconf 77' lang='grc' dir='ltr'>αἰώνων.</span> <span class='ocrx_word' id='word_1_152' title='bbox 3430 1276 3627 1350; x_wconf 82' lang='grc' dir='ltr'>Ἀμήν.</span> 
     </span>
    </p>
   </div>
   <div class='ocr_carea' id='block_1_25' title="bbox 2403 1433 3984 1578">
    <p class='ocr_par' dir='ltr' id='par_1_25' title="bbox 2403 1433 3984 1578">
     <span class='ocr_line' id='line_1_26' title="bbox 2403 1433 3984 1578; baseline 0.006 -27"><span class='ocrx_word' id='word_1_153' title='bbox 2403 1498 2505 1564; x_wconf 81' lang='grc' dir='ltr'>Ε’ίς</span> <span class='ocrx_word' id='word_1_154' title='bbox 2542 1498 2608 1552; x_wconf 81' lang='grc' dir='ltr'>τὸ</span> <span class='ocrx_word' id='word_1_155' title='bbox 2645 1497 2921 1568; x_wconf 80' lang='grc' dir='ltr'><strong>γενέσιον</strong></span> <span class='ocrx_word' id='word_1_156' title='bbox 2943 1499 3049 1578; x_wconf 62' lang='grc' dir='ltr'>Ξοῦ</span> <span class='ocrx_word' id='word_1_157' title='bbox 3081 1433 3274 1578; x_wconf 34' lang='lat' dir='ltr'><strong>drt&#39;zoi);</strong></span> <span class='ocrx_word' id='word_1_158' title='bbox 3294 1504 3603 1578; x_wconf 68' lang='grc' dir='ltr'>προφήτου</span> <span class='ocrx_word' id='word_1_159' title='bbox 3636 1505 3984 1578; x_wconf 81' lang='grc' dir='ltr'>Προδρόμου</span> 
     </span>
    </p>
   </div>
   <div class='ocr_carea' id='block_1_26' title="bbox 2937 1572 3449 1645">
    <p class='ocr_par' dir='ltr' id='par_1_26' title="bbox 2937 1572 3449 1645">
     <span class='ocr_line' id='line_1_27' title="bbox 2937 1572 3449 1645; baseline 0.01 -23"><span class='ocrx_word' id='word_1_160' title='bbox 2937 1572 3277 1627; x_wconf 84' lang='grc' dir='ltr'>Βαπτιστοῦ</span> <span class='ocrx_word' id='word_1_161' title='bbox 3318 1572 3449 1645; x_wconf 77' lang='lat' dir='ltr'><strong>(l5).</strong></span> 
     </span>
    </p>
   </div>
   <div class='ocr_carea' id='block_1_27' title="bbox 1946 1660 2756 1736">
    <p class='ocr_par' dir='ltr' id='par_1_27' title="bbox 1946 1660 2756 1736">
     <span class='ocr_line' id='line_1_28' title="bbox 1946 1660 2756 1736; baseline -0.01 -16"><span class='ocrx_word' id='word_1_162' title='bbox 1946 1666 2103 1736; x_wconf 73' lang='lat' dir='ltr'><strong>(Anc.</strong></span> <span class='ocrx_word' id='word_1_163' title='bbox 2142 1664 2268 1725; x_wconf 79' lang='grc' dir='ltr'>ΜΑι,</span> <span class='ocrx_word' id='word_1_164' title='bbox 2304 1662 2405 1715; x_wconf 84' lang='lat' dir='ltr'><strong>loc.</strong></span> <span class='ocrx_word' id='word_1_165' title='bbox 2434 1660 2530 1713; x_wconf 83' lang='lat' dir='ltr'><strong>cit.</strong></span> <span class='ocrx_word' id='word_1_166' title='bbox 2556 1676 2609 1729; x_wconf 91' lang='lat' dir='ltr'><strong>p.</strong></span> <span class='ocrx_word' id='word_1_167' title='bbox 2643 1660 2756 1730; x_wconf 76' lang='lat'><strong>3&#39;5.)</strong></span> 
     </span>
    </p>
   </div>
   <div class='ocr_carea' id='block_1_28' title="bbox 795 1753 2291 1833">
    <p class='ocr_par' dir='ltr' id='par_1_28' title="bbox 795 1757 2291 1828">
     <span class='ocr_line' id='line_1_29' title="bbox 795 1757 2291 1828; baseline -0.003 -15"><span class='ocrx_word' id='word_1_168' title='bbox 795 1760 849 1813; x_wconf 81' lang='lat' dir='ltr'><strong>l.</strong></span> <span class='ocrx_word' id='word_1_169' title='bbox 887 1757 945 1814; x_wconf 90' lang='lat' dir='ltr'><strong>Si</strong></span> <span class='ocrx_word' id='word_1_170' title='bbox 980 1760 1153 1814; x_wconf 78' lang='lat' dir='ltr'><strong>vocali</strong></span> <span class='ocrx_word' id='word_1_171' title='bbox 1186 1759 1347 1814; x_wconf 91' lang='lat' dir='ltr'><strong>alicui</strong></span> <span class='ocrx_word' id='word_1_172' title='bbox 1382 1758 1626 1814; x_wconf 72' lang='lat' dir='ltr'><strong>luscinia:</strong></span> <span class='ocrx_word' id='word_1_173' title='bbox 1678 1772 1848 1812; x_wconf 89' lang='lat' dir='ltr'><strong>verno</strong></span> <span class='ocrx_word' id='word_1_174' title='bbox 1889 1768 2137 1828; x_wconf 88' lang='lat' dir='ltr'><strong>tempore</strong></span> <span class='ocrx_word' id='word_1_175' title='bbox 2170 1772 2291 1811; x_wconf 32' lang='lat' dir='ltr'><strong>suas</strong></span> 
     </span>
    </p>
   </div>
   <div class='ocr_carea' id='block_1_29' title="bbox 2393 1753 3981 1833">
    <p class='ocr_par' dir='ltr' id='par_1_29' title="bbox 2474 1753 3981 1833">
     <span class='ocr_line' id='line_1_30' title="bbox 2474 1753 3981 1833; baseline 0.007 -29"><span class='ocrx_word' id='word_1_176' title='bbox 2474 1759 2545 1805; x_wconf 85' lang='grc' dir='ltr'><strong>α’.</strong></span> <span class='ocrx_word' id='word_1_177' title='bbox 2590 1753 2797 1823; x_wconf 77' lang='grc' dir='ltr'>Ἀηδόνι</span> <span class='ocrx_word' id='word_1_178' title='bbox 2825 1753 2932 1806; x_wconf 77' lang='grc' dir='ltr'>τινὶ</span> <span class='ocrx_word' id='word_1_179' title='bbox 2986 1754 3290 1827; x_wconf 78' lang='grc' dir='ltr'>πολυφώνῳ</span> <span class='ocrx_word' id='word_1_180' title='bbox 3319 1754 3493 1827; x_wconf 83' lang='grc' dir='ltr'>εῦηχα</span> <span class='ocrx_word' id='word_1_181' title='bbox 3525 1757 3825 1831; x_wconf 74' lang='grc' dir='ltr'>κελᾳδούσῃ</span> <span class='ocrx_word' id='word_1_182' title='bbox 3852 1766 3981 1833; x_wconf 72' lang='grc' dir='ltr'>περὶ</span> 
     </span>
    </p>
   </div>
   <div class='ocr_carea' id='block_1_30' title="bbox 719 1848 2295 1914">
    <p class='ocr_par' dir='ltr' id='par_1_30' title="bbox 719 1848 2295 1914">
     <span class='ocr_line' id='line_1_31' title="bbox 719 1848 2295 1914; baseline -0.004 -6"><span class='ocrx_word' id='word_1_183' title='bbox 719 1851 857 1908; x_wconf 75' lang='lat' dir='ltr'><strong>vitor</strong></span> <span class='ocrx_word' id='word_1_184' title='bbox 914 1851 1195 1906; x_wconf 86' lang='lat' dir='ltr'><strong>resonanti</strong></span> <span class='ocrx_word' id='word_1_185' title='bbox 1239 1861 1424 1905; x_wconf 85' lang='lat' dir='ltr'><strong>nostra</strong></span> <span class='ocrx_word' id='word_1_186' title='bbox 1450 1849 1649 1905; x_wconf 87' lang='lat' dir='ltr'><strong>similis</strong></span> <span class='ocrx_word' id='word_1_187' title='bbox 1678 1857 1827 1904; x_wconf 89' lang='lat' dir='ltr'><strong>esset</strong></span> <span class='ocrx_word' id='word_1_188' title='bbox 1846 1849 2043 1914; x_wconf 89' lang='lat' dir='ltr'><strong>oratio,</strong></span> <span class='ocrx_word' id='word_1_189' title='bbox 2070 1848 2295 1902; x_wconf 90' lang='lat' dir='ltr'><strong>laudare</strong></span> 
     </span>
    </p>
   </div>
   <div class='ocr_carea' id='block_1_31' title="bbox 718 1939 2295 2013">
    <p class='ocr_par' dir='ltr' id='par_1_31' title="bbox 718 1939 2295 2013">
     <span class='ocr_line' id='line_1_32' title="bbox 718 1939 2295 2013; baseline -0.001 -18"><span class='ocrx_word' id='word_1_190' title='bbox 718 1940 1059 2011; x_wconf 85' lang='lat' dir='ltr'><strong>aliquantum</strong></span> <span class='ocrx_word' id='word_1_191' title='bbox 1108 1956 1360 2013; x_wconf 86' lang='lat' dir='ltr'><strong>magnam</strong></span> <span class='ocrx_word' id='word_1_192' title='bbox 1419 1940 1565 1995; x_wconf 88' lang='lat' dir='ltr'><strong>illam</strong></span> <span class='ocrx_word' id='word_1_193' title='bbox 1624 1939 1871 1995; x_wconf 83' lang='lat' dir='ltr'><strong>veritatis</strong></span> <span class='ocrx_word' id='word_1_194' title='bbox 1913 1954 2140 2007; x_wconf 91' lang='lat' dir='ltr'><strong>vocem,</strong></span> <span class='ocrx_word' id='word_1_195' title='bbox 2173 1953 2295 2009; x_wconf 76' lang='lat' dir='ltr'><strong>qua:</strong></span> 
     </span>
    </p>
   </div>
   <div class='ocr_carea' id='block_1_32' title="bbox 718 2032 2293 2103">
    <p class='ocr_par' dir='ltr' id='par_1_32' title="bbox 718 2032 2293 2103">
     <span class='ocr_line' id='line_1_33' title="bbox 718 2032 2293 2103; baseline -0.001 -14"><span class='ocrx_word' id='word_1_196' title='bbox 718 2034 881 2090; x_wconf 84' lang='lat' dir='ltr'><strong>hodie</strong></span> <span class='ocrx_word' id='word_1_197' title='bbox 918 2035 1165 2091; x_wconf 88' lang='lat' dir='ltr'><strong>nascitur</strong></span> <span class='ocrx_word' id='word_1_198' title='bbox 1190 2074 1206 2099; x_wconf 95' lang='lat'><strong>,</strong></span> <span class='ocrx_word' id='word_1_199' title='bbox 1263 2033 1490 2090; x_wconf 82' lang='lat' dir='ltr'><strong>forsitan</strong></span> <span class='ocrx_word' id='word_1_200' title='bbox 1518 2040 1706 2103; x_wconf 89' lang='lat' dir='ltr'><strong>posset</strong></span> <span class='ocrx_word' id='word_1_201' title='bbox 1735 2047 1751 2086; x_wconf 91' lang='lat'><strong>:</strong></span> <span class='ocrx_word' id='word_1_202' title='bbox 1787 2032 1880 2087; x_wconf 84' lang='lat' dir='ltr'><strong>sed</strong></span> <span class='ocrx_word' id='word_1_203' title='bbox 1908 2046 2032 2087; x_wconf 91' lang='lat' dir='ltr'><strong>cum</strong></span> <span class='ocrx_word' id='word_1_204' title='bbox 2072 2032 2293 2101; x_wconf 76' lang='lat' dir='ltr'><strong>gracilis</strong></span> 
     </span>
    </p>
   </div>
   <div class='ocr_carea' id='block_1_33' title="bbox 720 2123 2294 2199">
    <p class='ocr_par' dir='ltr' id='par_1_33' title="bbox 720 2123 2294 2199">
     <span class='ocr_line' id='line_1_34' title="bbox 720 2123 2294 2199; baseline -0.003 -16"><span class='ocrx_word' id='word_1_205' title='bbox 720 2137 890 2199; x_wconf 82' lang='lat' dir='ltr'><strong>atque</strong></span> <span class='ocrx_word' id='word_1_206' title='bbox 937 2127 1145 2182; x_wconf 85' lang='lat' dir='ltr'><strong>absona</strong></span> <span class='ocrx_word' id='word_1_207' title='bbox 1177 2125 1250 2181; x_wconf 89' lang='lat' dir='ltr'><strong>sit</strong></span> <span class='ocrx_word' id='word_1_208' title='bbox 1276 2126 1451 2181; x_wconf 90' lang='lat' dir='ltr'><strong>oratio</strong></span> <span class='ocrx_word' id='word_1_209' title='bbox 1477 2136 1664 2180; x_wconf 88' lang='lat' dir='ltr'><strong>nostra</strong></span> <span class='ocrx_word' id='word_1_210' title='bbox 1691 2163 1707 2190; x_wconf 94' lang='lat'><strong>,</strong></span> <span class='ocrx_word' id='word_1_211' title='bbox 1740 2123 2015 2194; x_wconf 86' lang='lat' dir='ltr'><strong>quomodo</strong></span> <span class='ocrx_word' id='word_1_212' title='bbox 2052 2123 2294 2179; x_wconf 87' lang='lat' dir='ltr'><strong>laudabit</strong></span> 
     </span>
    </p>
   </div>
   <div class='ocr_carea' id='block_1_34' title="bbox 719 2214 2294 2288">
    <p class='ocr_par' dir='ltr' id='par_1_34' title="bbox 719 2214 2294 2288">
     <span class='ocr_line' id='line_1_35' title="bbox 719 2214 2294 2288; baseline -0.003 -15"><span class='ocrx_word' id='word_1_213' title='bbox 719 2234 977 2288; x_wconf 82' lang='lat' dir='ltr'><strong>magnum</strong></span> <span class='ocrx_word' id='word_1_214' title='bbox 1009 2219 1174 2273; x_wconf 88' lang='lat' dir='ltr'><strong>decus</strong></span> <span class='ocrx_word' id='word_1_215' title='bbox 1206 2217 1594 2287; x_wconf 86' lang='lat' dir='ltr'><strong>prophetarum</strong></span> <span class='ocrx_word' id='word_1_216' title='bbox 1622 2216 1645 2269; x_wconf 86' lang='lat'><strong>?</strong></span> <span class='ocrx_word' id='word_1_217' title='bbox 1689 2217 1969 2286; x_wconf 90' lang='lat' dir='ltr'><strong>quomodo</strong></span> <span class='ocrx_word' id='word_1_218' title='bbox 1996 2214 2294 2271; x_wconf 86' lang='lat' dir='ltr'><strong>celebrabit</strong></span> 
     </span>
    </p>
   </div>
   <div class='ocr_carea' id='block_1_35' title="bbox 717 2306 2291 2380">
    <p class='ocr_par' dir='ltr' id='par_1_35' title="bbox 717 2306 2291 2380">
     <span class='ocr_line' id='line_1_36' title="bbox 717 2306 2291 2380; baseline -0.004 -15"><span class='ocrx_word' id='word_1_219' title='bbox 717 2310 973 2365; x_wconf 81' lang='lat' dir='ltr'><strong>eximiam</strong></span> <span class='ocrx_word' id='word_1_220' title='bbox 1002 2308 1373 2380; x_wconf 87' lang='lat' dir='ltr'><strong>apostolorum</strong></span> <span class='ocrx_word' id='word_1_221' title='bbox 1406 2307 1723 2378; x_wconf 80' lang='lat' dir='ltr'><strong>dignitatem</strong></span> <span class='ocrx_word' id='word_1_222' title='bbox 1751 2306 1774 2359; x_wconf 83' lang='lat'><strong>?</strong></span> <span class='ocrx_word' id='word_1_223' title='bbox 1819 2308 2097 2374; x_wconf 89' lang='lat' dir='ltr'><strong>quomodo</strong></span> <span class='ocrx_word' id='word_1_224' title='bbox 2125 2306 2291 2375; x_wconf 83' lang='lat' dir='ltr'><strong>glori-</strong></span> 
     </span>
    </p>
   </div>
   <div class='ocr_carea' id='block_1_36' title="bbox 718 2396 2291 2471">
    <p class='ocr_par' dir='ltr' id='par_1_36' title="bbox 718 2396 2291 2471">
     <span class='ocr_line' id='line_1_37' title="bbox 718 2396 2291 2471; baseline -0.003 -14"><span class='ocrx_word' id='word_1_225' title='bbox 718 2402 902 2457; x_wconf 80' lang='lat' dir='ltr'><strong>ﬁeabit</strong></span> <span class='ocrx_word' id='word_1_226' title='bbox 940 2403 1279 2471; x_wconf 88' lang='lat' dir='ltr'><strong>peregrinam</strong></span> <span class='ocrx_word' id='word_1_227' title='bbox 1312 2410 1607 2470; x_wconf 84' lang='lat' dir='ltr'><strong>martyrum</strong></span> <span class='ocrx_word' id='word_1_228' title='bbox 1658 2397 1931 2468; x_wconf 79' lang='lat' dir='ltr'><strong>gloriam?</strong></span> <span class='ocrx_word' id='word_1_229' title='bbox 1978 2396 2149 2453; x_wconf 90' lang='lat' dir='ltr'><strong>Porro</strong></span> <span class='ocrx_word' id='word_1_230' title='bbox 2188 2398 2291 2453; x_wconf 87' lang='lat' dir='ltr'><strong>hoc</strong></span> 
     </span>
    </p>
   </div>
   <div class='ocr_carea' id='block_1_37' title="bbox 716 2489 2290 2563">
    <p class='ocr_par' dir='ltr' id='par_1_37' title="bbox 716 2489 2290 2563">
     <span class='ocr_line' id='line_1_38' title="bbox 716 2489 2290 2563; baseline -0.001 -16"><span class='ocrx_word' id='word_1_231' title='bbox 716 2493 850 2547; x_wconf 89' lang='lat' dir='ltr'><strong>mihi</strong></span> <span class='ocrx_word' id='word_1_232' title='bbox 904 2506 1123 2563; x_wconf 89' lang='lat' dir='ltr'><strong>quoque</strong></span> <span class='ocrx_word' id='word_1_233' title='bbox 1170 2490 1629 2547; x_wconf 90' lang='lat' dir='ltr'><strong>considerandum</strong></span> <span class='ocrx_word' id='word_1_234' title='bbox 1676 2500 1800 2556; x_wconf 89' lang='lat' dir='ltr'><strong>est,</strong></span> <span class='ocrx_word' id='word_1_235' title='bbox 1851 2490 1997 2560; x_wconf 87' lang='lat' dir='ltr'><strong>quod</strong></span> <span class='ocrx_word' id='word_1_236' title='bbox 2045 2489 2098 2544; x_wconf 92' lang='lat' dir='ltr'><strong>in</strong></span> <span class='ocrx_word' id='word_1_237' title='bbox 2168 2490 2290 2546; x_wconf 89' lang='lat' dir='ltr'><strong>aliis</strong></span> 
     </span>
    </p>
   </div>
   <div class='ocr_carea' id='block_1_38' title="bbox 714 2582 2290 2654">
    <p class='ocr_par' dir='ltr' id='par_1_38' title="bbox 714 2582 2290 2654">
     <span class='ocr_line' id='line_1_39' title="bbox 714 2582 2290 2654; baseline -0.003 -14"><span class='ocrx_word' id='word_1_238' title='bbox 714 2586 931 2654; x_wconf 88' lang='lat' dir='ltr'><strong>quidem</strong></span> <span class='ocrx_word' id='word_1_239' title='bbox 964 2584 1171 2639; x_wconf 84' lang='lat' dir='ltr'><strong>sanctis</strong></span> <span class='ocrx_word' id='word_1_240' title='bbox 1199 2625 1214 2649; x_wconf 97' lang='lat'><strong>,</strong></span> <span class='ocrx_word' id='word_1_241' title='bbox 1266 2584 1405 2639; x_wconf 90' lang='lat' dir='ltr'><strong>alios</strong></span> <span class='ocrx_word' id='word_1_242' title='bbox 1446 2582 1611 2636; x_wconf 91' lang='lat' dir='ltr'><strong>alium</strong></span> <span class='ocrx_word' id='word_1_243' title='bbox 1666 2582 1939 2647; x_wconf 84' lang='lat' dir='ltr'><strong>laudavit,</strong></span> <span class='ocrx_word' id='word_1_244' title='bbox 1976 2582 2154 2638; x_wconf 90' lang='lat' dir='ltr'><strong>celsus</strong></span> <span class='ocrx_word' id='word_1_245' title='bbox 2182 2582 2290 2637; x_wconf 90' lang='lat' dir='ltr'><strong>cel-</strong></span> 
     </span>
    </p>
   </div>
   <div class='ocr_carea' id='block_1_39' title="bbox 712 2676 2285 2745">
    <p class='ocr_par' dir='ltr' id='par_1_39' title="bbox 712 2676 2285 2745">
     <span class='ocr_line' id='line_1_40' title="bbox 712 2676 2285 2745; baseline -0.004 -11"><span class='ocrx_word' id='word_1_246' title='bbox 712 2694 861 2745; x_wconf 83' lang='lat' dir='ltr'><strong>sum,</strong></span> <span class='ocrx_word' id='word_1_247' title='bbox 899 2678 1080 2733; x_wconf 88' lang='lat' dir='ltr'><strong>minor</strong></span> <span class='ocrx_word' id='word_1_248' title='bbox 1103 2677 1370 2732; x_wconf 86' lang='lat' dir='ltr'><strong>minorem</strong></span> <span class='ocrx_word' id='word_1_249' title='bbox 1396 2694 1410 2732; x_wconf 88' lang='lat'><strong>:</strong></span> <span class='ocrx_word' id='word_1_250' title='bbox 1437 2678 1531 2731; x_wconf 87' lang='lat' dir='ltr'><strong>sed</strong></span> <span class='ocrx_word' id='word_1_251' title='bbox 1557 2678 1676 2745; x_wconf 83' lang='lat' dir='ltr'><strong>ejus</strong></span> <span class='ocrx_word' id='word_1_252' title='bbox 1706 2676 1801 2745; x_wconf 91' lang='lat' dir='ltr'><strong>qui</strong></span> <span class='ocrx_word' id='word_1_253' title='bbox 1838 2692 1983 2730; x_wconf 90' lang='lat' dir='ltr'><strong>nunc</strong></span> <span class='ocrx_word' id='word_1_254' title='bbox 2012 2677 2285 2741; x_wconf 88' lang='lat' dir='ltr'><strong>laudatur,</strong></span> 
     </span>
    </p>
   </div>
   <div class='ocr_carea' id='block_1_40' title="bbox 713 2768 2288 2840">
    <p class='ocr_par' dir='ltr' id='par_1_40' title="bbox 713 2768 2288 2840">
     <span class='ocr_line' id='line_1_41' title="bbox 713 2768 2288 2840; baseline -0.004 -12"><span class='ocrx_word' id='word_1_255' title='bbox 713 2781 843 2828; x_wconf 89' lang='lat' dir='ltr'><strong>ante</strong></span> <span class='ocrx_word' id='word_1_256' title='bbox 883 2785 1078 2826; x_wconf 86' lang='lat' dir='ltr'><strong>omnes</strong></span> <span class='ocrx_word' id='word_1_257' title='bbox 1110 2772 1226 2840; x_wconf 86' lang='lat' dir='ltr'><strong>ipse</strong></span> <span class='ocrx_word' id='word_1_258' title='bbox 1254 2769 1527 2833; x_wconf 86' lang='lat' dir='ltr'><strong>Christus,</strong></span> <span class='ocrx_word' id='word_1_259' title='bbox 1566 2768 1709 2824; x_wconf 90' lang='lat' dir='ltr'><strong>Deus</strong></span> <span class='ocrx_word' id='word_1_260' title='bbox 1742 2786 1807 2825; x_wconf 90' lang='lat' dir='ltr'><strong>ac</strong></span> <span class='ocrx_word' id='word_1_261' title='bbox 1840 2770 2065 2832; x_wconf 87' lang='lat' dir='ltr'><strong>veritas,</strong></span> <span class='ocrx_word' id='word_1_262' title='bbox 2099 2769 2288 2822; x_wconf 81' lang='lat' dir='ltr'><strong>laudes</strong></span> 
     </span>
    </p>
   </div>
   <div class='ocr_carea' id='block_1_41' title="bbox 711 2860 2288 2935">
    <p class='ocr_par' dir='ltr' id='par_1_41' title="bbox 711 2860 2288 2935">
     <span class='ocr_line' id='line_1_42' title="bbox 711 2860 2288 2935; baseline -0.003 -18"><span class='ocrx_word' id='word_1_263' title='bbox 711 2863 1102 2935; x_wconf 80' lang='lat' dir='ltr'><strong>pronuntiavit.</strong></span> <span class='ocrx_word' id='word_1_264' title='bbox 1126 2863 1214 2916; x_wconf 83' lang='lat' dir='ltr'><strong>Ait</strong></span> <span class='ocrx_word' id='word_1_265' title='bbox 1241 2862 1385 2916; x_wconf 88' lang='lat' dir='ltr'><strong>enim</strong></span> <span class='ocrx_word' id='word_1_266' title='bbox 1410 2878 1422 2913; x_wconf 92' lang='lat'><strong>:</strong></span> <span class='ocrx_word' id='word_1_267' title='bbox 1450 2860 1625 2930; x_wconf 76' lang='lat' dir='ltr'><strong>Major</strong></span> <span class='ocrx_word' id='word_1_268' title='bbox 1646 2860 1853 2915; x_wconf 82' lang='lat' dir='ltr'><strong>Joanne</strong></span> <span class='ocrx_word' id='word_1_269' title='bbox 1876 2861 2120 2930; x_wconf 81' lang='lat' dir='ltr'><strong>Baplista</strong></span> <span class='ocrx_word' id='word_1_270' title='bbox 2148 2862 2288 2914; x_wconf 82' lang='lat' dir='ltr'><strong>inter</strong></span> 
     </span>
    </p>
   </div>
   <div class='ocr_carea' id='block_1_42' title="bbox 713 2950 2287 3021">
    <p class='ocr_par' dir='ltr' id='par_1_42' title="bbox 713 2950 2287 3021">
     <span class='ocr_line' id='line_1_43' title="bbox 713 2950 2287 3021; baseline -0.003 -12"><span class='ocrx_word' id='word_1_271' title='bbox 713 2966 865 3009; x_wconf 78' lang='lat' dir='ltr'><strong>natos</strong></span> <span class='ocrx_word' id='word_1_272' title='bbox 907 2955 1186 3007; x_wconf 83' lang='lat' dir='ltr'><strong>mulierum</strong></span> <span class='ocrx_word' id='word_1_273' title='bbox 1229 2968 1332 3006; x_wconf 84' lang='lat' dir='ltr'><strong>non</strong></span> <span class='ocrx_word' id='word_1_274' title='bbox 1382 2954 1613 3005; x_wconf 70' lang='lat' dir='ltr'><strong>surrexit</strong></span> <span class='ocrx_word' id='word_1_275' title='bbox 1643 2952 1707 3005; x_wconf 76' lang='grc'><strong>³⁸.</strong></span> <span class='ocrx_word' id='word_1_276' title='bbox 1754 2950 1889 3016; x_wconf 78' lang='lat' dir='ltr'><strong>Quia</strong></span> <span class='ocrx_word' id='word_1_277' title='bbox 1938 2954 2101 3021; x_wconf 84' lang='lat' dir='ltr'><strong>igitur</strong></span> <span class='ocrx_word' id='word_1_278' title='bbox 2139 2960 2287 3005; x_wconf 88' lang='lat' dir='ltr'><strong>tanta</strong></span> 
     </span>
    </p>
   </div>
   <div class='ocr_carea' id='block_1_43' title="bbox 713 3044 2287 3117">
    <p class='ocr_par' dir='ltr' id='par_1_43' title="bbox 713 3044 2287 3117">
     <span class='ocr_line' id='line_1_44' title="bbox 713 3044 2287 3117; baseline -0.001 -17"><span class='ocrx_word' id='word_1_279' title='bbox 713 3050 952 3117; x_wconf 89' lang='lat' dir='ltr'><strong>suppetit</strong></span> <span class='ocrx_word' id='word_1_280' title='bbox 1018 3060 1214 3115; x_wconf 82' lang='lat' dir='ltr'><strong>magno</strong></span> <span class='ocrx_word' id='word_1_281' title='bbox 1281 3044 1613 3099; x_wconf 73' lang='lat' dir='ltr'><strong>Praecursori</strong></span> <span class='ocrx_word' id='word_1_282' title='bbox 1665 3044 2039 3115; x_wconf 89' lang='lat' dir='ltr'><strong>sublimisque</strong></span> <span class='ocrx_word' id='word_1_283' title='bbox 2078 3045 2198 3099; x_wconf 87' lang='lat' dir='ltr'><strong>laus</strong></span> <span class='ocrx_word' id='word_1_284' title='bbox 2256 3059 2287 3098; x_wconf 89' lang='lat' dir='ltr'><strong>a</strong></span> 
     </span>
    </p>
   </div>
   <div class='ocr_carea' id='block_1_44' title="bbox 712 3103 2357 3209">
    <p class='ocr_par' dir='ltr' id='par_1_44' title="bbox 712 3103 2357 3209">
     <span class='ocr_line' id='line_1_45' title="bbox 712 3103 2357 3209; baseline -0.004 -15"><span class='ocrx_word' id='word_1_285' title='bbox 712 3103 982 3209; x_wconf 68' lang='lat' dir='ltr'><strong>suprema:</strong></span> <span class='ocrx_word' id='word_1_286' title='bbox 1026 3103 1373 3191; x_wconf 65' lang='lat' dir='ltr'><strong>auctoritatis</strong></span> <span class='ocrx_word' id='word_1_287' title='bbox 1414 3135 1634 3201; x_wconf 83' lang='lat' dir='ltr'><strong>Verbo;</strong></span> <span class='ocrx_word' id='word_1_288' title='bbox 1695 3151 1825 3189; x_wconf 89' lang='lat' dir='ltr'><strong>num</strong></span> <span class='ocrx_word' id='word_1_289' title='bbox 1884 3103 2162 3191; x_wconf 51' lang='lat' dir='ltr'><strong>is-adhuc</strong></span> <span class='ocrx_word' id='word_1_290' title='bbox 2204 3135 2288 3189; x_wconf 86' lang='lat' dir='ltr'><strong>in-</strong></span> <span class='ocrx_word' id='word_1_291' title='bbox 2315 3103 2357 3161; x_wconf 60' lang='grc' dir='ltr'>Ο</span> 
     </span>
    </p>
   </div>
   <div class='ocr_carea' id='block_1_45' title="bbox 714 3225 2291 3301">
    <p class='ocr_par' dir='ltr' id='par_1_45' title="bbox 714 3225 2291 3301">
     <span class='ocr_line' id='line_1_46' title="bbox 714 3225 2291 3301; baseline -0.003 -17"><span class='ocrx_word' id='word_1_292' title='bbox 714 3232 859 3301; x_wconf 90' lang='lat' dir='ltr'><strong>diget</strong></span> <span class='ocrx_word' id='word_1_293' title='bbox 897 3229 1095 3300; x_wconf 81' lang='lat' dir='ltr'><strong>exiguo</strong></span> <span class='ocrx_word' id='word_1_294' title='bbox 1130 3237 1316 3283; x_wconf 90' lang='lat' dir='ltr'><strong>nostro</strong></span> <span class='ocrx_word' id='word_1_295' title='bbox 1346 3243 1620 3292; x_wconf 90' lang='lat' dir='ltr'><strong>sermone,</strong></span> <span class='ocrx_word' id='word_1_296' title='bbox 1650 3241 1684 3281; x_wconf 93' lang='lat' dir='ltr'><strong>o</strong></span> <span class='ocrx_word' id='word_1_297' title='bbox 1718 3225 1950 3281; x_wconf 89' lang='lat' dir='ltr'><strong>studiosi</strong></span> <span class='ocrx_word' id='word_1_298' title='bbox 1978 3226 2291 3282; x_wconf 84' lang='lat' dir='ltr'><strong>auditores?</strong></span> 
     </span>
    </p>
   </div>
   <div class='ocr_carea' id='block_1_46' title="bbox 713 3316 2289 3389">
    <p class='ocr_par' dir='ltr' id='par_1_46' title="bbox 713 3316 2289 3389">
     <span class='ocr_line' id='line_1_47' title="bbox 713 3316 2289 3389; baseline -0.004 -12"><span class='ocrx_word' id='word_1_299' title='bbox 713 3321 905 3389; x_wconf 80' lang='lat' dir='ltr'><strong>Absit;</strong></span> <span class='ocrx_word' id='word_1_300' title='bbox 960 3320 1058 3379; x_wconf 86' lang='lat' dir='ltr'><strong>sed</strong></span> <span class='ocrx_word' id='word_1_301' title='bbox 1090 3321 1286 3378; x_wconf 80' lang='lat' dir='ltr'><strong>servile</strong></span> <span class='ocrx_word' id='word_1_302' title='bbox 1315 3318 1680 3389; x_wconf 86' lang='lat' dir='ltr'><strong>persolventes</strong></span> <span class='ocrx_word' id='word_1_303' title='bbox 1701 3319 1941 3373; x_wconf 87' lang='lat' dir='ltr'><strong>debitum</strong></span> <span class='ocrx_word' id='word_1_304' title='bbox 1969 3361 1983 3383; x_wconf 90' lang='lat'><strong>,</strong></span> <span class='ocrx_word' id='word_1_305' title='bbox 2034 3327 2087 3371; x_wconf 91' lang='lat' dir='ltr'><strong>et</strong></span> <span class='ocrx_word' id='word_1_306' title='bbox 2112 3316 2289 3371; x_wconf 83' lang='lat' dir='ltr'><strong>Patris</strong></span> 
     </span>
    </p>
   </div>
   <div class='ocr_carea' id='block_1_47' title="bbox 710 3408 2289 3482">
    <p class='ocr_par' dir='ltr' id='par_1_47' title="bbox 710 3408 2289 3482">
     <span class='ocr_line' id='line_1_48' title="bbox 710 3408 2289 3482; baseline -0.003 -15"><span class='ocrx_word' id='word_1_307' title='bbox 710 3414 923 3482; x_wconf 76' lang='lat' dir='ltr'><strong>iussum</strong></span> <span class='ocrx_word' id='word_1_308' title='bbox 953 3422 1313 3482; x_wconf 79' lang='lat' dir='ltr'><strong>exsequentes</strong></span> <span class='ocrx_word' id='word_1_309' title='bbox 1335 3450 1352 3477; x_wconf 93' lang='lat'><strong>,</strong></span> <span class='ocrx_word' id='word_1_310' title='bbox 1399 3419 1454 3466; x_wconf 92' lang='lat' dir='ltr'><strong>et</strong></span> <span class='ocrx_word' id='word_1_311' title='bbox 1481 3412 1634 3480; x_wconf 87' lang='lat' dir='ltr'><strong>quasi</strong></span> <span class='ocrx_word' id='word_1_312' title='bbox 1679 3426 1744 3465; x_wconf 75' lang='lat' dir='ltr'><strong>ex</strong></span> <span class='ocrx_word' id='word_1_313' title='bbox 1780 3410 1893 3465; x_wconf 89' lang='lat' dir='ltr'><strong>sola</strong></span> <span class='ocrx_word' id='word_1_314' title='bbox 1928 3408 2289 3463; x_wconf 71' lang='lat' dir='ltr'><strong>Praeeursoris</strong></span> 
     </span>
    </p>
   </div>
   <div class='ocr_carea' id='block_1_48' title="bbox 716 3500 2286 3567">
    <p class='ocr_par' dir='ltr' id='par_1_48' title="bbox 716 3500 2286 3567">
     <span class='ocr_line' id='line_1_49' title="bbox 716 3500 2286 3567; baseline -0.003 -9"><span class='ocrx_word' id='word_1_315' title='bbox 716 3506 991 3559; x_wconf 86' lang='lat' dir='ltr'><strong>mentione</strong></span> <span class='ocrx_word' id='word_1_316' title='bbox 1033 3501 1409 3558; x_wconf 87' lang='lat' dir='ltr'><strong>sanctillcandi</strong></span> <span class='ocrx_word' id='word_1_317' title='bbox 1452 3502 1626 3557; x_wconf 89' lang='lat' dir='ltr'><strong>simus</strong></span> <span class='ocrx_word' id='word_1_318' title='bbox 1651 3543 1665 3567; x_wconf 95' lang='lat'><strong>,</strong></span> <span class='ocrx_word' id='word_1_319' title='bbox 1720 3511 1961 3555; x_wconf 86' lang='lat' dir='ltr'><strong>nostram</strong></span> <span class='ocrx_word' id='word_1_320' title='bbox 2002 3500 2286 3554; x_wconf 90' lang='lat' dir='ltr'><strong>audaciam</strong></span> 
     </span>
    </p>
   </div>
   <div class='ocr_carea' id='block_1_49' title="bbox 713 3596 1084 3653">
    <p class='ocr_par' dir='ltr' id='par_1_49' title="bbox 713 3596 1084 3653">
     <span class='ocr_line' id='line_1_50' title="bbox 713 3596 1084 3653; baseline -0.005 -3"><span class='ocrx_word' id='word_1_321' title='bbox 713 3596 1084 3653; x_wconf 83' lang='lat' dir='ltr'><strong>ostendemus.</strong></span> 
     </span>
    </p>
   </div>
   <div class='ocr_carea' id='block_1_50' title="bbox 793 3684 2286 3758">
    <p class='ocr_par' dir='ltr' id='par_1_50' title="bbox 793 3684 2286 3758">
     <span class='ocr_line' id='line_1_51' title="bbox 793 3684 2286 3758; baseline -0.003 -16"><span class='ocrx_word' id='word_1_322' title='bbox 793 3689 852 3742; x_wconf 74' lang='grc'><strong>2.</strong></span> <span class='ocrx_word' id='word_1_323' title='bbox 885 3688 1129 3758; x_wconf 79' lang='lat' dir='ltr'><strong>Agedum</strong></span> <span class='ocrx_word' id='word_1_324' title='bbox 1178 3688 1342 3755; x_wconf 84' lang='lat' dir='ltr'><strong>igitur</strong></span> <span class='ocrx_word' id='word_1_325' title='bbox 1371 3687 1513 3742; x_wconf 90' lang='lat' dir='ltr'><strong>diem</strong></span> <span class='ocrx_word' id='word_1_326' title='bbox 1542 3684 1738 3741; x_wconf 78' lang='lat' dir='ltr'><strong>festum</strong></span> <span class='ocrx_word' id='word_1_327' title='bbox 1766 3684 1879 3753; x_wconf 86' lang='lat' dir='ltr'><strong>jam</strong></span> <span class='ocrx_word' id='word_1_328' title='bbox 1912 3684 2246 3740; x_wconf 90' lang='lat' dir='ltr'><strong>celebremus</strong></span> <span class='ocrx_word' id='word_1_329' title='bbox 2272 3725 2286 3750; x_wconf 92' lang='lat'><strong>,</strong></span> 
     </span>
    </p>
   </div>
   <div class='ocr_carea' id='block_1_51' title="bbox 711 3774 2289 3844">
    <p class='ocr_par' dir='ltr' id='par_1_51' title="bbox 711 3774 2289 3844">
     <span class='ocr_line' id='line_1_52' title="bbox 711 3774 2289 3844; baseline -0.003 -11"><span class='ocrx_word' id='word_1_330' title='bbox 711 3776 780 3833; x_wconf 85' lang='lat' dir='ltr'><strong>ad</strong></span> <span class='ocrx_word' id='word_1_331' title='bbox 852 3778 1085 3832; x_wconf 87' lang='lat' dir='ltr'><strong>natalem</strong></span> <span class='ocrx_word' id='word_1_332' title='bbox 1142 3776 1519 3831; x_wconf 88' lang='lat' dir='ltr'><strong>honorandum</strong></span> <span class='ocrx_word' id='word_1_333' title='bbox 1594 3774 1864 3844; x_wconf 77' lang='lat' dir='ltr'><strong>frequenti</strong></span> <span class='ocrx_word' id='word_1_334' title='bbox 1941 3775 2289 3829; x_wconf 90' lang='lat' dir='ltr'><strong>multitudine</strong></span> 
     </span>
    </p>
   </div>
   <div class='ocr_carea' id='block_1_52' title="bbox 712 3868 2287 3935">
    <p class='ocr_par' dir='ltr' id='par_1_52' title="bbox 712 3868 2287 3935">
     <span class='ocr_line' id='line_1_53' title="bbox 712 3868 2287 3935; baseline -0.003 -11"><span class='ocrx_word' id='word_1_335' title='bbox 712 3870 1105 3924; x_wconf 86' lang='lat' dir='ltr'><strong>conveniamus</strong></span> <span class='ocrx_word' id='word_1_336' title='bbox 1131 3908 1145 3932; x_wconf 92' lang='lat'><strong>,</strong></span> <span class='ocrx_word' id='word_1_337' title='bbox 1201 3883 1377 3935; x_wconf 84' lang='lat' dir='ltr'><strong>neque</strong></span> <span class='ocrx_word' id='word_1_338' title='bbox 1410 3868 1607 3923; x_wconf 74' lang='lat' dir='ltr'><strong>accola:</strong></span> <span class='ocrx_word' id='word_1_339' title='bbox 1636 3868 2014 3922; x_wconf 89' lang='lat' dir='ltr'><strong>tantummodo</strong></span> <span class='ocrx_word' id='word_1_340' title='bbox 2038 3908 2053 3932; x_wconf 95' lang='lat'><strong>,</strong></span> <span class='ocrx_word' id='word_1_341' title='bbox 2102 3882 2287 3922; x_wconf 89' lang='lat' dir='ltr'><strong>verum</strong></span> 
     </span>
    </p>
   </div>
   <div class='ocr_carea' id='block_1_53' title="bbox 710 3958 2288 4030">
    <p class='ocr_par' dir='ltr' id='par_1_53' title="bbox 710 3958 2288 4030">
     <span class='ocr_line' id='line_1_54' title="bbox 710 3958 2288 4030; baseline -0.003 -12"><span class='ocrx_word' id='word_1_342' title='bbox 710 3962 874 4018; x_wconf 88' lang='lat' dir='ltr'><strong>etiam</strong></span> <span class='ocrx_word' id='word_1_343' title='bbox 923 3962 1175 4016; x_wconf 85' lang='lat' dir='ltr'><strong>universa</strong></span> <span class='ocrx_word' id='word_1_344' title='bbox 1224 3960 1610 4017; x_wconf 86' lang='lat' dir='ltr'><strong>intellectualis</strong></span> <span class='ocrx_word' id='word_1_345' title='bbox 1656 3958 1915 4014; x_wconf 88' lang='lat' dir='ltr'><strong>Jordanis</strong></span> <span class='ocrx_word' id='word_1_346' title='bbox 1966 3961 2137 4030; x_wconf 88' lang='lat' dir='ltr'><strong>regio.</strong></span> <span class='ocrx_word' id='word_1_347' title='bbox 2194 3959 2288 4013; x_wconf 76' lang='lat' dir='ltr'><strong>Vi-</strong></span> 
     </span>
    </p>
   </div>
   <div class='ocr_carea' id='block_1_54' title="bbox 710 4051 2289 4123">
    <p class='ocr_par' dir='ltr' id='par_1_54' title="bbox 710 4051 2289 4123">
     <span class='ocr_line' id='line_1_55' title="bbox 710 4051 2289 4123; baseline -0.001 -16"><span class='ocrx_word' id='word_1_348' title='bbox 710 4055 938 4107; x_wconf 85' lang='lat' dir='ltr'><strong>deamus</strong></span> <span class='ocrx_word' id='word_1_349' title='bbox 988 4051 1331 4123; x_wconf 81' lang='lat' dir='ltr'><strong>peregrinum</strong></span> <span class='ocrx_word' id='word_1_350' title='bbox 1391 4052 1753 4123; x_wconf 87' lang='lat' dir='ltr'><strong>mysterium;</strong></span> <span class='ocrx_word' id='word_1_351' title='bbox 1814 4061 2122 4122; x_wconf 87' lang='lat' dir='ltr'><strong>spectemus</strong></span> <span class='ocrx_word' id='word_1_352' title='bbox 2193 4067 2289 4106; x_wconf 88' lang='lat' dir='ltr'><strong>ne-</strong></span> 
     </span>
    </p>
   </div>
   <div class='ocr_carea' id='block_1_55' title="bbox 710 4144 2285 4217">
    <p class='ocr_par' dir='ltr' id='par_1_55' title="bbox 710 4144 2285 4217">
     <span class='ocr_line' id='line_1_56' title="bbox 710 4144 2285 4217; baseline -0.002 -18"><span class='ocrx_word' id='word_1_353' title='bbox 710 4146 917 4217; x_wconf 86' lang='lat' dir='ltr'><strong>gotium</strong></span> <span class='ocrx_word' id='word_1_354' title='bbox 966 4144 1129 4198; x_wconf 89' lang='lat' dir='ltr'><strong>hodie</strong></span> <span class='ocrx_word' id='word_1_355' title='bbox 1189 4155 1385 4213; x_wconf 80' lang='lat' dir='ltr'><strong>praeter</strong></span> <span class='ocrx_word' id='word_1_356' title='bbox 1451 4159 1669 4198; x_wconf 90' lang='lat' dir='ltr'><strong>omnem</strong></span> <span class='ocrx_word' id='word_1_357' title='bbox 1751 4160 1899 4213; x_wconf 89' lang='lat' dir='ltr'><strong>spem</strong></span> <span class='ocrx_word' id='word_1_358' title='bbox 1974 4150 2285 4211; x_wconf 75' lang='lat' dir='ltr'><strong>patratum,</strong></span> 
     </span>
    </p>
   </div>
   <div class='ocr_carea' id='block_1_56' title="bbox 710 4234 2289 4305">
    <p class='ocr_par' dir='ltr' id='par_1_56' title="bbox 710 4234 2289 4305">
     <span class='ocr_line' id='line_1_57' title="bbox 710 4234 2289 4305; baseline -0.001 -13"><span class='ocrx_word' id='word_1_359' title='bbox 710 4237 1119 4292; x_wconf 83' lang='lat' dir='ltr'><strong>consideremus</strong></span> <span class='ocrx_word' id='word_1_360' title='bbox 1149 4234 1427 4290; x_wconf 60' lang='lat' dir='ltr'><strong>Zachariae</strong></span> <span class='ocrx_word' id='word_1_361' title='bbox 1458 4250 1545 4290; x_wconf 89' lang='lat' dir='ltr'><strong>res</strong></span> <span class='ocrx_word' id='word_1_362' title='bbox 1566 4275 1581 4299; x_wconf 94' lang='lat'><strong>,</strong></span> <span class='ocrx_word' id='word_1_363' title='bbox 1610 4235 1965 4305; x_wconf 86' lang='lat' dir='ltr'><strong>vicissimque</strong></span> <span class='ocrx_word' id='word_1_364' title='bbox 1997 4250 2289 4291; x_wconf 87' lang='lat' dir='ltr'><strong>narremus</strong></span> 
     </span>
    </p>
   </div>
   <div class='ocr_carea' id='block_1_57' title="bbox 711 4324 2289 4399">
    <p class='ocr_par' dir='ltr' id='par_1_57' title="bbox 711 4324 2289 4399">
     <span class='ocr_line' id='line_1_58' title="bbox 711 4324 2289 4399; baseline -0.001 -17"><span class='ocrx_word' id='word_1_365' title='bbox 711 4344 833 4399; x_wconf 67' lang='lat' dir='ltr'><strong>quae</strong></span> <span class='ocrx_word' id='word_1_366' title='bbox 871 4327 1157 4383; x_wconf 75' lang='lat' dir='ltr'><strong>Elisabeta:</strong></span> <span class='ocrx_word' id='word_1_367' title='bbox 1206 4338 1355 4381; x_wconf 89' lang='lat' dir='ltr'><strong>sunt.</strong></span> <span class='ocrx_word' id='word_1_368' title='bbox 1422 4324 1538 4380; x_wconf 85' lang='lat' dir='ltr'><strong>Non</strong></span> <span class='ocrx_word' id='word_1_369' title='bbox 1587 4342 1654 4381; x_wconf 85' lang='lat' dir='ltr'><strong>ex</strong></span> <span class='ocrx_word' id='word_1_370' title='bbox 1697 4328 1955 4382; x_wconf 87' lang='lat' dir='ltr'><strong>obscuris</strong></span> <span class='ocrx_word' id='word_1_371' title='bbox 2009 4343 2139 4399; x_wconf 81' lang='lat' dir='ltr'><strong>ergo</strong></span> <span class='ocrx_word' id='word_1_372' title='bbox 2189 4342 2289 4397; x_wconf 86' lang='lat' dir='ltr'><strong>pa-</strong></span> 
     </span>
    </p>
   </div>
   <div class='ocr_carea' id='block_1_58' title="bbox 712 4417 2364 4515">
    <p class='ocr_par' dir='ltr' id='par_1_58' title="bbox 712 4417 2364 4515">
     <span class='ocr_line' id='line_1_59' title="bbox 712 4417 2364 4515; baseline -0.001 -40"><span class='ocrx_word' id='word_1_373' title='bbox 712 4420 995 4485; x_wconf 85' lang='lat' dir='ltr'><strong>rentibus,</strong></span> <span class='ocrx_word' id='word_1_374' title='bbox 1043 4427 1101 4473; x_wconf 91' lang='lat' dir='ltr'><strong>ut</strong></span> <span class='ocrx_word' id='word_1_375' title='bbox 1149 4420 1275 4473; x_wconf 90' lang='lat' dir='ltr'><strong>hinc</strong></span> <span class='ocrx_word' id='word_1_376' title='bbox 1318 4419 1482 4473; x_wconf 89' lang='lat' dir='ltr'><strong>etiam</strong></span> <span class='ocrx_word' id='word_1_377' title='bbox 1543 4419 1812 4474; x_wconf 78' lang='lat' dir='ltr'><strong>maximus</strong></span> <span class='ocrx_word' id='word_1_378' title='bbox 1845 4427 2106 4489; x_wconf 89' lang='lat' dir='ltr'><strong>appareat</strong></span> <span class='ocrx_word' id='word_1_379' title='bbox 2146 4417 2287 4473; x_wconf 69' lang='lat' dir='ltr'><strong>Prae-</strong></span> <span class='ocrx_word' id='word_1_380' title='bbox 2318 4459 2364 4515; x_wconf 63' lang='grc' dir='ltr'><strong>Β</strong></span> 
     </span>
    </p>
   </div>
   <div class='ocr_carea' id='block_1_59' title="bbox 709 4510 2280 4584">
    <p class='ocr_par' dir='ltr' id='par_1_59' title="bbox 709 4510 2280 4584">
     <span class='ocr_line' id='line_1_60' title="bbox 709 4510 2280 4584; baseline -0.001 -15"><span class='ocrx_word' id='word_1_381' title='bbox 709 4528 926 4580; x_wconf 91' lang='lat' dir='ltr'><strong>cursor,</strong></span> <span class='ocrx_word' id='word_1_382' title='bbox 959 4513 1055 4569; x_wconf 89' lang='lat' dir='ltr'><strong>sed</strong></span> <span class='ocrx_word' id='word_1_383' title='bbox 1079 4528 1146 4568; x_wconf 77' lang='lat' dir='ltr'><strong>ex</strong></span> <span class='ocrx_word' id='word_1_384' title='bbox 1176 4513 1482 4567; x_wconf 82' lang='lat' dir='ltr'><strong>illustribus</strong></span> <span class='ocrx_word' id='word_1_385' title='bbox 1507 4512 1833 4584; x_wconf 84' lang='lat' dir='ltr'><strong>inclytisque</strong></span> <span class='ocrx_word' id='word_1_386' title='bbox 1859 4514 2121 4569; x_wconf 89' lang='lat' dir='ltr'><strong>nascitur.</strong></span> <span class='ocrx_word' id='word_1_387' title='bbox 2146 4510 2280 4567; x_wconf 88' lang='lat' dir='ltr'><strong>Nam</strong></span> 
     </span>
    </p>
   </div>
   <div class='ocr_carea' id='block_1_60' title="bbox 710 4604 2284 4675">
    <p class='ocr_par' dir='ltr' id='par_1_60' title="bbox 710 4604 2284 4675">
     <span class='ocr_line' id='line_1_61' title="bbox 710 4604 2284 4675; baseline -0.001 -16"><span class='ocrx_word' id='word_1_388' title='bbox 710 4605 847 4659; x_wconf 89' lang='lat' dir='ltr'><strong>alter</strong></span> <span class='ocrx_word' id='word_1_389' title='bbox 871 4604 1085 4675; x_wconf 84' lang='lat' dir='ltr'><strong>quidem</strong></span> <span class='ocrx_word' id='word_1_390' title='bbox 1134 4613 1253 4658; x_wconf 90' lang='lat' dir='ltr'><strong>erat</strong></span> <span class='ocrx_word' id='word_1_391' title='bbox 1304 4604 1469 4658; x_wconf 78' lang='lat' dir='ltr'><strong>veluti</strong></span> <span class='ocrx_word' id='word_1_392' title='bbox 1512 4606 1693 4659; x_wconf 87' lang='lat' dir='ltr'><strong>Aaron</strong></span> <span class='ocrx_word' id='word_1_393' title='bbox 1751 4615 1971 4674; x_wconf 90' lang='lat' dir='ltr'><strong>propter</strong></span> <span class='ocrx_word' id='word_1_394' title='bbox 2013 4620 2178 4660; x_wconf 87' lang='lat' dir='ltr'><strong>canos</strong></span> <span class='ocrx_word' id='word_1_395' title='bbox 2232 4614 2284 4658; x_wconf 89' lang='lat' dir='ltr'><strong>et</strong></span> 
     </span>
    </p>
   </div>
   <div class='ocr_carea' id='block_1_61' title="bbox 706 4694 2281 4765">
    <p class='ocr_par' dir='ltr' id='par_1_61' title="bbox 706 4694 2281 4765">
     <span class='ocr_line' id='line_1_62' title="bbox 706 4694 2281 4765; baseline -0.001 -15"><span class='ocrx_word' id='word_1_396' title='bbox 706 4695 1029 4764; x_wconf 79' lang='lat' dir='ltr'><strong>dignitatem</strong></span> <span class='ocrx_word' id='word_1_397' title='bbox 1057 4733 1071 4758; x_wconf 91' lang='lat'><strong>,</strong></span> <span class='ocrx_word' id='word_1_398' title='bbox 1124 4694 1447 4750; x_wconf 86' lang='lat' dir='ltr'><strong>sacerdotali</strong></span> <span class='ocrx_word' id='word_1_399' title='bbox 1494 4704 1643 4750; x_wconf 84' lang='lat' dir='ltr'><strong>veste</strong></span> <span class='ocrx_word' id='word_1_400' title='bbox 1672 4695 1895 4750; x_wconf 91' lang='lat' dir='ltr'><strong>indutus</strong></span> <span class='ocrx_word' id='word_1_401' title='bbox 1930 4714 1944 4749; x_wconf 89' lang='lat'><strong>:</strong></span> <span class='ocrx_word' id='word_1_402' title='bbox 1976 4694 2235 4765; x_wconf 91' lang='lat' dir='ltr'><strong>peetorali</strong></span> <span class='ocrx_word' id='word_1_403' title='bbox 2266 4733 2281 4759; x_wconf 92' lang='lat'><strong>,</strong></span> 
     </span>
    </p>
   </div>
   <div class='ocr_carea' id='block_1_62' title="bbox 705 4786 2280 4858">
    <p class='ocr_par' dir='ltr' id='par_1_62' title="bbox 705 4786 2280 4858">
     <span class='ocr_line' id='line_1_63' title="bbox 705 4786 2280 4858; baseline -0.001 -15"><span class='ocrx_word' id='word_1_404' title='bbox 705 4786 929 4858; x_wconf 81' lang='lat' dir='ltr'><strong>inquam</strong></span> <span class='ocrx_word' id='word_1_405' title='bbox 962 4829 977 4853; x_wconf 94' lang='lat'><strong>,</strong></span> <span class='ocrx_word' id='word_1_406' title='bbox 1035 4795 1090 4841; x_wconf 91' lang='lat' dir='ltr'><strong>et</strong></span> <span class='ocrx_word' id='word_1_407' title='bbox 1145 4786 1581 4857; x_wconf 87' lang='lat' dir='ltr'><strong>superhumerali</strong></span> <span class='ocrx_word' id='word_1_408' title='bbox 1615 4829 1631 4851; x_wconf 85' lang='lat'><strong>,</strong></span> <span class='ocrx_word' id='word_1_409' title='bbox 1702 4787 1944 4857; x_wconf 85' lang='lat' dir='ltr'><strong>pedere,</strong></span> <span class='ocrx_word' id='word_1_410' title='bbox 2010 4787 2280 4841; x_wconf 86' lang='lat' dir='ltr'><strong>limbriata</strong></span> 
     </span>
    </p>
   </div>
   <div class='ocr_carea' id='block_1_63' title="bbox 705 4879 2280 4950">
    <p class='ocr_par' dir='ltr' id='par_1_63' title="bbox 705 4879 2280 4950">
     <span class='ocr_line' id='line_1_64' title="bbox 705 4879 2280 4950; baseline -0.001 -15"><span class='ocrx_word' id='word_1_411' title='bbox 705 4883 917 4942; x_wconf 85' lang='lat' dir='ltr'><strong>tunica,</strong></span> <span class='ocrx_word' id='word_1_412' title='bbox 978 4879 1192 4945; x_wconf 89' lang='lat' dir='ltr'><strong>cidari,</strong></span> <span class='ocrx_word' id='word_1_413' title='bbox 1236 4890 1400 4948; x_wconf 91' lang='lat' dir='ltr'><strong>atque</strong></span> <span class='ocrx_word' id='word_1_414' title='bbox 1456 4895 1614 4946; x_wconf 86' lang='lat' dir='ltr'><strong>zona,</strong></span> <span class='ocrx_word' id='word_1_415' title='bbox 1684 4896 1803 4950; x_wconf 71' lang='lat' dir='ltr'><strong>quae</strong></span> <span class='ocrx_word' id='word_1_416' title='bbox 1860 4880 2042 4934; x_wconf 84' lang='lat' dir='ltr'><strong>omnia</strong></span> <span class='ocrx_word' id='word_1_417' title='bbox 2105 4896 2280 4945; x_wconf 90' lang='lat' dir='ltr'><strong>auro,</strong></span> 
     </span>
    </p>
   </div>
   <div class='ocr_carea' id='block_1_64' title="bbox 705 4972 2282 5045">
    <p class='ocr_par' dir='ltr' id='par_1_64' title="bbox 705 4972 2282 5045">
     <span class='ocr_line' id='line_1_65' title="bbox 705 4972 2282 5045; baseline 0.001 -18"><span class='ocrx_word' id='word_1_418' title='bbox 705 4972 1265 5045; x_wconf 85' lang='lat' dir='ltr'><strong>gemmis,hyacintlto</strong></span> <span class='ocrx_word' id='word_1_419' title='bbox 1287 5011 1301 5036; x_wconf 90' lang='lat'><strong>,</strong></span> <span class='ocrx_word' id='word_1_420' title='bbox 1335 4973 1606 5044; x_wconf 84' lang='lat' dir='ltr'><strong>byssoque</strong></span> <span class='ocrx_word' id='word_1_421' title='bbox 1629 4983 1785 5028; x_wconf 85' lang='lat' dir='ltr'><strong>erant</strong></span> <span class='ocrx_word' id='word_1_422' title='bbox 1832 4974 2039 5028; x_wconf 84' lang='lat' dir='ltr'><strong>variata</strong></span> <span class='ocrx_word' id='word_1_423' title='bbox 2074 4991 2087 5029; x_wconf 87' lang='lat'><strong>:</strong></span> <span class='ocrx_word' id='word_1_424' title='bbox 2118 4983 2282 5045; x_wconf 89' lang='lat' dir='ltr'><strong>atque</strong></span> 
     </span>
    </p>
   </div>
   <div class='ocr_carea' id='block_1_65' title="bbox 703 5065 2280 5137">
    <p class='ocr_par' dir='ltr' id='par_1_65' title="bbox 703 5065 2280 5137">
     <span class='ocr_line' id='line_1_66' title="bbox 703 5065 2280 5137; baseline -0.001 -16"><span class='ocrx_word' id='word_1_425' title='bbox 703 5066 776 5122; x_wconf 89' lang='lat' dir='ltr'><strong>ita</strong></span> <span class='ocrx_word' id='word_1_426' title='bbox 828 5066 879 5119; x_wconf 91' lang='lat' dir='ltr'><strong>in</strong></span> <span class='ocrx_word' id='word_1_427' title='bbox 919 5066 1119 5121; x_wconf 88' lang='lat' dir='ltr'><strong>Sancta</strong></span> <span class='ocrx_word' id='word_1_428' title='bbox 1151 5077 1465 5121; x_wconf 86' lang='lat' dir='ltr'><strong>sanctorum</strong></span> <span class='ocrx_word' id='word_1_429' title='bbox 1498 5065 1904 5137; x_wconf 86' lang='lat' dir='ltr'><strong>ingrediebatur</strong></span> <span class='ocrx_word' id='word_1_430' title='bbox 1939 5080 2033 5136; x_wconf 88' lang='lat' dir='ltr'><strong>per</strong></span> <span class='ocrx_word' id='word_1_431' title='bbox 2067 5074 2280 5136; x_wconf 79' lang='lat' dir='ltr'><strong>tempus</strong></span> 
     </span>
    </p>
   </div>
   <div class='ocr_carea' id='block_1_66' title="bbox 772 5180 1278 5248">
    <p class='ocr_par' dir='ltr' id='par_1_66' title="bbox 772 5180 1278 5248">
     <span class='ocr_line' id='line_1_67' title="bbox 772 5180 1278 5248; baseline 0.008 -13"><span class='ocrx_word' id='word_1_432' title='bbox 772 5183 818 5215; x_wconf 81' lang='lat'>“</span> <span class='ocrx_word' id='word_1_433' title='bbox 852 5183 1041 5239; x_wconf 80' lang='lat' dir='ltr'><strong>Matth.</strong></span> <span class='ocrx_word' id='word_1_434' title='bbox 1080 5198 1155 5248; x_wconf 83' lang='lat' dir='ltr'><strong>xr,</strong></span> <span class='ocrx_word' id='word_1_435' title='bbox 1189 5180 1278 5239; x_wconf 81' lang='grc' dir='ltr'><strong>Η.</strong></span> 
     </span>
    </p>
   </div>
   <div class='ocr_carea' id='block_1_67' title="bbox 773 5290 2266 5372">
    <p class='ocr_par' dir='ltr' id='par_1_67' title="bbox 773 5290 2266 5372">
     <span class='ocr_line' id='line_1_68' title="bbox 773 5290 2266 5372; baseline -0.011 -15"><span class='ocrx_word' id='word_1_436' title='bbox 773 5302 884 5372; x_wconf 74' lang='grc'><strong>(15)</strong></span> <span class='ocrx_word' id='word_1_437' title='bbox 926 5299 1237 5372; x_wconf 81' lang='lat' dir='ltr'><strong>Orationem</strong></span> <span class='ocrx_word' id='word_1_438' title='bbox 1280 5298 1419 5372; x_wconf 83' lang='lat' dir='ltr'><strong>hanc</strong></span> <span class='ocrx_word' id='word_1_439' title='bbox 1446 5294 1776 5372; x_wconf 48' lang='lat' dir='ltr'><strong>euhion-nat</strong></span> <span class='ocrx_word' id='word_1_440' title='bbox 1803 5290 1996 5371; x_wconf 77' lang='lat' dir='ltr'><strong>Latine</strong></span> <span class='ocrx_word' id='word_1_441' title='bbox 2028 5298 2266 5372; x_wconf 75' lang='lat' dir='ltr'><strong>tanturn-</strong></span> 
     </span>
    </p>
   </div>
   <div class='ocr_carea' id='block_1_68' title="bbox 701 5362 2263 5427">
    <p class='ocr_par' dir='ltr' id='par_1_68' title="bbox 701 5362 2263 5427">
     <span class='ocr_line' id='line_1_69' title="bbox 701 5362 2263 5427; baseline -0.008 -1"><span class='ocrx_word' id='word_1_442' title='bbox 701 5362 878 5427; x_wconf 57' lang='lat' dir='ltr'><strong>ntodo&#39;</strong></span> <span class='ocrx_word' id='word_1_443' title='bbox 920 5370 1275 5425; x_wconf 85' lang='lat' dir='ltr'><strong>Combelisius</strong></span> <span class='ocrx_word' id='word_1_444' title='bbox 1335 5370 1387 5419; x_wconf 85' lang='lat' dir='ltr'><strong>in</strong></span> <span class='ocrx_word' id='word_1_445' title='bbox 1438 5363 1764 5417; x_wconf 81' lang='lat' dir='ltr'><strong>Bibliotheca</strong></span> <span class='ocrx_word' id='word_1_446' title='bbox 1820 5362 2263 5423; x_wconf 82' lang='lat' dir='ltr'><strong>concionatoria,</strong></span> 
     </span>
    </p>
   </div>
   <div class='ocr_carea' id='block_1_69' title="bbox 700 5427 2269 5509">
    <p class='ocr_par' dir='ltr' id='par_1_69' title="bbox 700 5427 2269 5509">
     <span class='ocr_line' id='line_1_70' title="bbox 700 5427 2269 5509; baseline -0.009 -13"><span class='ocrx_word' id='word_1_447' title='bbox 700 5452 743 5496; x_wconf 88' lang='lat' dir='ltr'><strong>t.</strong></span> <span class='ocrx_word' id='word_1_448' title='bbox 781 5442 892 5506; x_wconf 80' lang='lat' dir='ltr'><strong>VII,</strong></span> <span class='ocrx_word' id='word_1_449' title='bbox 930 5456 984 5509; x_wconf 91' lang='lat' dir='ltr'><strong>p.</strong></span> <span class='ocrx_word' id='word_1_450' title='bbox 1022 5439 1141 5493; x_wconf 74' lang='grc'><strong>129.</strong></span> <span class='ocrx_word' id='word_1_451' title='bbox 1182 5437 1292 5491; x_wconf 80' lang='lat' dir='ltr'><strong>Nos</strong></span> <span class='ocrx_word' id='word_1_452' title='bbox 1338 5450 1486 5509; x_wconf 72' lang='lat' dir='ltr'><strong>nunc</strong></span> <span class='ocrx_word' id='word_1_453' title='bbox 1524 5434 1709 5509; x_wconf 59' lang='lat' dir='ltr'><strong>Qrwce</strong></span> <span class='ocrx_word' id='word_1_454' title='bbox 1740 5432 1977 5509; x_wconf 69' lang='lat' dir='ltr'><strong>primum</strong></span> <span class='ocrx_word' id='word_1_455' title='bbox 2018 5447 2084 5485; x_wconf 77' lang='lat' dir='ltr'><strong>ex</strong></span> <span class='ocrx_word' id='word_1_456' title='bbox 2120 5427 2269 5509; x_wconf 70' lang='lat' dir='ltr'><strong>Vati-</strong></span> 
     </span>
    </p>
   </div>
   <div class='ocr_carea' id='block_1_70' title="bbox 701 5501 2271 5570">
    <p class='ocr_par' dir='ltr' id='par_1_70' title="bbox 701 5501 2271 5570">
     <span class='ocr_line' id='line_1_71' title="bbox 701 5501 2271 5570; baseline -0.01 -3"><span class='ocrx_word' id='word_1_457' title='bbox 701 5528 838 5568; x_wconf 88' lang='lat' dir='ltr'><strong>cano</strong></span> <span class='ocrx_word' id='word_1_458' title='bbox 869 5501 1051 5566; x_wconf 78' lang='lat' dir='ltr'><strong>codice</strong></span> <span class='ocrx_word' id='word_1_459' title='bbox 1083 5512 1349 5564; x_wconf 88' lang='lat' dir='ltr'><strong>eruimus.</strong></span> <span class='ocrx_word' id='word_1_460' title='bbox 1384 5504 1502 5560; x_wconf 79' lang='lat' dir='ltr'><strong>Jam</strong></span> <span class='ocrx_word' id='word_1_461' title='bbox 1527 5501 1838 5558; x_wconf 83' lang='lat' dir='ltr'><strong>Combelisii</strong></span> <span class='ocrx_word' id='word_1_462' title='bbox 1867 5501 2271 5570; x_wconf 85' lang='lat' dir='ltr'><strong>interpretatio-</strong></span> 
     </span>
    </p>
   </div>
   <div class='ocr_carea' id='block_1_71' title="bbox 702 5573 2269 5650">
    <p class='ocr_par' dir='ltr' id='par_1_71' title="bbox 702 5573 2269 5650">
     <span class='ocr_line' id='line_1_72' title="bbox 702 5573 2269 5650; baseline -0.008 -14"><span class='ocrx_word' id='word_1_463' title='bbox 702 5598 826 5638; x_wconf 89' lang='lat' dir='ltr'><strong>nem</strong></span> <span class='ocrx_word' id='word_1_464' title='bbox 866 5595 1007 5650; x_wconf 66' lang='lat' dir='ltr'><strong>stepe</strong></span> <span class='ocrx_word' id='word_1_465' title='bbox 1035 5579 1267 5634; x_wconf 76' lang='lat' dir='ltr'><strong>libenter</strong></span> <span class='ocrx_word' id='word_1_466' title='bbox 1299 5577 1471 5650; x_wconf 86' lang='lat' dir='ltr'><strong>secuti</strong></span> <span class='ocrx_word' id='word_1_467' title='bbox 1502 5589 1712 5635; x_wconf 83' lang='lat' dir='ltr'><strong>sumus,</strong></span> <span class='ocrx_word' id='word_1_468' title='bbox 1744 5587 1887 5641; x_wconf 74' lang='lat' dir='ltr'><strong>saape</strong></span> <span class='ocrx_word' id='word_1_469' title='bbox 1913 5575 2077 5650; x_wconf 74' lang='lat' dir='ltr'><strong>etiam</strong></span> <span class='ocrx_word' id='word_1_470' title='bbox 2108 5573 2175 5650; x_wconf 58' lang='lat' dir='ltr'><strong>an</strong></span> <span class='ocrx_word' id='word_1_471' title='bbox 2205 5585 2269 5624; x_wconf 90' lang='lat' dir='ltr'><strong>ea</strong></span> 
     </span>
    </p>
   </div>
   <div class='ocr_carea' id='block_1_72' title="bbox 698 5639 2271 5717">
    <p class='ocr_par' dir='ltr' id='par_1_72' title="bbox 698 5639 2271 5717">
     <span class='ocr_line' id='line_1_73' title="bbox 698 5639 2271 5717; baseline -0.01 -10"><span class='ocrx_word' id='word_1_472' title='bbox 698 5639 1075 5717; x_wconf 78' lang='lat' dir='ltr'><strong>discessimus,</strong></span> <span class='ocrx_word' id='word_1_473' title='bbox 1111 5659 1222 5703; x_wconf 90' lang='lat' dir='ltr'><strong>tum</strong></span> <span class='ocrx_word' id='word_1_474' title='bbox 1256 5650 1327 5703; x_wconf 91' lang='lat' dir='ltr'><strong>ob</strong></span> <span class='ocrx_word' id='word_1_475' title='bbox 1371 5648 1505 5701; x_wconf 87' lang='lat' dir='ltr'><strong>alias</strong></span> <span class='ocrx_word' id='word_1_476' title='bbox 1535 5658 1753 5705; x_wconf 87' lang='lat' dir='ltr'><strong>causas,</strong></span> <span class='ocrx_word' id='word_1_477' title='bbox 1797 5639 1908 5717; x_wconf 75' lang='lat' dir='ltr'><strong>tum</strong></span> <span class='ocrx_word' id='word_1_478' title='bbox 1942 5642 2067 5711; x_wconf 79' lang='lat' dir='ltr'><strong>quia</strong></span> <span class='ocrx_word' id='word_1_479' title='bbox 2108 5639 2271 5695; x_wconf 88' lang='lat' dir='ltr'><strong>Com-</strong></span> 
     </span>
    </p>
   </div>
   <div class='ocr_carea' id='block_1_73' title="bbox 695 5713 2270 5782">
    <p class='ocr_par' dir='ltr' id='par_1_73' title="bbox 695 5713 2270 5782">
     <span class='ocr_line' id='line_1_74' title="bbox 695 5713 2270 5782; baseline -0.009 -5"><span class='ocrx_word' id='word_1_480' title='bbox 695 5723 925 5777; x_wconf 83' lang='lat' dir='ltr'><strong>betlsius</strong></span> <span class='ocrx_word' id='word_1_481' title='bbox 956 5713 1173 5775; x_wconf 81' lang='lat' dir='ltr'><strong>Graecas</strong></span> <span class='ocrx_word' id='word_1_482' title='bbox 1211 5718 1478 5773; x_wconf 87' lang='lat' dir='ltr'><strong>dictiones</strong></span> <span class='ocrx_word' id='word_1_483' title='bbox 1508 5728 1615 5769; x_wconf 90' lang='lat' dir='ltr'><strong>non</strong></span> <span class='ocrx_word' id='word_1_484' title='bbox 1654 5728 1761 5767; x_wconf 90' lang='lat' dir='ltr'><strong>una</strong></span> <span class='ocrx_word' id='word_1_485' title='bbox 1802 5713 1919 5766; x_wconf 86' lang='lat' dir='ltr'><strong>vice</strong></span> <span class='ocrx_word' id='word_1_486' title='bbox 1952 5728 2113 5782; x_wconf 83' lang='lat' dir='ltr'><strong>prave</strong></span> <span class='ocrx_word' id='word_1_487' title='bbox 2152 5725 2270 5764; x_wconf 88' lang='lat' dir='ltr'><strong>om-</strong></span> 
     </span>
    </p>
   </div>
   <div class='ocr_carea' id='block_1_74' title="bbox 702 5782 2269 5859">
    <p class='ocr_par' dir='ltr' id='par_1_74' title="bbox 702 5782 2269 5859">
     <span class='ocr_line' id='line_1_75' title="bbox 702 5782 2269 5859; baseline -0.008 -13"><span class='ocrx_word' id='word_1_488' title='bbox 702 5794 831 5846; x_wconf 83' lang='lat' dir='ltr'><strong>nino</strong></span> <span class='ocrx_word' id='word_1_489' title='bbox 875 5787 1373 5859; x_wconf 42' lang='lat' dir='ltr'><strong>explicaveratyid</strong></span> <span class='ocrx_word' id='word_1_490' title='bbox 1407 5787 1555 5857; x_wconf 77' lang='lat' dir='ltr'><strong>quod</strong></span> <span class='ocrx_word' id='word_1_491' title='bbox 1591 5782 1909 5853; x_wconf 82' lang='lat' dir='ltr'><strong>pltilellenes</strong></span> <span class='ocrx_word' id='word_1_492' title='bbox 1952 5797 2075 5837; x_wconf 88' lang='lat' dir='ltr'><strong>vere</strong></span> <span class='ocrx_word' id='word_1_493' title='bbox 2107 5796 2137 5835; x_wconf 92' lang='lat' dir='ltr'><strong>a</strong></span> <span class='ocrx_word' id='word_1_494' title='bbox 2183 5794 2269 5835; x_wconf 90' lang='lat' dir='ltr'><strong>me</strong></span> 
     </span>
    </p>
   </div>
   <div class='ocr_carea' id='block_1_75' title="bbox 698 5862 1198 5931">
    <p class='ocr_par' dir='ltr' id='par_1_75' title="bbox 698 5862 1198 5931">
     <span class='ocr_line' id='line_1_76' title="bbox 698 5862 1198 5931; baseline -0.006 -15"><span class='ocrx_word' id='word_1_495' title='bbox 698 5864 807 5918; x_wconf 87' lang='lat' dir='ltr'><strong>dici</strong></span> <span class='ocrx_word' id='word_1_496' title='bbox 842 5862 1198 5931; x_wconf 80' lang='lat' dir='ltr'><strong>comperient.</strong></span> 
     </span>
    </p>
   </div>
   <div class='ocr_carea' id='block_1_76' title="bbox 2397 1846 3984 1925">
    <p class='ocr_par' dir='ltr' id='par_1_76' title="bbox 2397 1846 3984 1925">
     <span class='ocr_line' id='line_1_77' title="bbox 2397 1846 3984 1925; baseline 0.007 -25"><span class='ocrx_word' id='word_1_497' title='bbox 2397 1846 2497 1910; x_wconf 82' lang='grc' dir='ltr'>τὰς</span> <span class='ocrx_word' id='word_1_498' title='bbox 2544 1847 2766 1917; x_wconf 79' lang='grc' dir='ltr'>ἑαρινὰς</span> <span class='ocrx_word' id='word_1_499' title='bbox 2804 1847 2954 1918; x_wconf 85' lang='grc' dir='ltr'>ὥρας</span> <span class='ocrx_word' id='word_1_500' title='bbox 2995 1847 3188 1912; x_wconf 76' lang='grc' dir='ltr'>ἐοικὼς</span> <span class='ocrx_word' id='word_1_501' title='bbox 3235 1852 3369 1920; x_wconf 75' lang='grc' dir='ltr'>ἡμῖν</span> <span class='ocrx_word' id='word_1_502' title='bbox 3428 1852 3456 1904; x_wconf 99' lang='lat'><strong>6</strong></span> <span class='ocrx_word' id='word_1_503' title='bbox 3498 1850 3674 1921; x_wconf 81' lang='grc' dir='ltr'><strong>λόγος,</strong></span> <span class='ocrx_word' id='word_1_504' title='bbox 3728 1847 3888 1925; x_wconf 78' lang='grc' dir='ltr'>εῦρεν</span> <span class='ocrx_word' id='word_1_505' title='bbox 3914 1856 3984 1911; x_wconf 76' lang='grc' dir='ltr'><strong>ἀν</strong></span> 
     </span>
    </p>
   </div>
   <div class='ocr_carea' id='block_1_77' title="bbox 2395 1937 3982 2018">
    <p class='ocr_par' dir='ltr' id='par_1_77' title="bbox 2395 1937 3982 2018">
     <span class='ocr_line' id='line_1_78' title="bbox 2395 1937 3982 2018; baseline 0.007 -28"><span class='ocrx_word' id='word_1_506' title='bbox 2395 1937 2539 2007; x_wconf 77' lang='grc' dir='ltr'>τάχα</span> <span class='ocrx_word' id='word_1_507' title='bbox 2576 1938 2640 1991; x_wconf 77' lang='grc' dir='ltr'>ἐκ</span> <span class='ocrx_word' id='word_1_508' title='bbox 2679 1937 2875 2009; x_wconf 80' lang='grc' dir='ltr'><strong>μικροῦ</strong></span> <span class='ocrx_word' id='word_1_509' title='bbox 2898 1939 3207 2011; x_wconf 81' lang='grc' dir='ltr'>ἀνυμνῆσαι</span> <span class='ocrx_word' id='word_1_510' title='bbox 3236 1940 3337 2012; x_wconf 84' lang='grc' dir='ltr'>τὴν</span> <span class='ocrx_word' id='word_1_511' title='bbox 3380 1942 3626 2014; x_wconf 81' lang='grc' dir='ltr'><strong>μεγάλην</strong></span> <span class='ocrx_word' id='word_1_512' title='bbox 3664 1946 3851 2017; x_wconf 80' lang='grc' dir='ltr'>φωνὴν</span> <span class='ocrx_word' id='word_1_513' title='bbox 3879 1950 3982 2018; x_wconf 80' lang='grc' dir='ltr'>τῆς</span> 
     </span>
    </p>
   </div>
   <div class='ocr_carea' id='block_1_78' title="bbox 2396 2030 3983 2109">
    <p class='ocr_par' dir='ltr' id='par_1_78' title="bbox 2396 2030 3983 2109">
     <span class='ocr_line' id='line_1_79' title="bbox 2396 2030 3983 2109; baseline 0.008 -27"><span class='ocrx_word' id='word_1_514' title='bbox 2396 2030 2657 2101; x_wconf 75' lang='grc' dir='ltr'><strong>ἀληθείας</strong></span> <span class='ocrx_word' id='word_1_515' title='bbox 2682 2032 2924 2100; x_wconf 86' lang='grc' dir='ltr'>σήμερον</span> <span class='ocrx_word' id='word_1_516' title='bbox 2949 2033 3389 2106; x_wconf 72' lang='grc' dir='ltr'>ἀποκυουμένην*</span> <span class='ocrx_word' id='word_1_517' title='bbox 3406 2036 3530 2089; x_wconf 71' lang='grc' dir='ltr'>ἐπεὶ</span> <span class='ocrx_word' id='word_1_518' title='bbox 3551 2036 3607 2090; x_wconf 82' lang='grc' dir='ltr'>δέ</span> <span class='ocrx_word' id='word_1_519' title='bbox 3638 2039 3786 2092; x_wconf 65' lang='grc' dir='ltr'>ἑστιν</span> <span class='ocrx_word' id='word_1_520' title='bbox 3813 2041 3983 2109; x_wconf 85' lang='grc' dir='ltr'>ίσχνο-</span> 
     </span>
    </p>
   </div>
   <div class='ocr_carea' id='block_1_79' title="bbox 2395 2122 3981 2199">
    <p class='ocr_par' dir='ltr' id='par_1_79' title="bbox 2395 2122 3981 2199">
     <span class='ocr_line' id='line_1_80' title="bbox 2395 2122 3981 2199; baseline 0.007 -25"><span class='ocrx_word' id='word_1_521' title='bbox 2395 2122 2532 2193; x_wconf 78' lang='grc' dir='ltr'>επὴς</span> <span class='ocrx_word' id='word_1_522' title='bbox 2563 2124 2656 2175; x_wconf 78' lang='grc' dir='ltr'>καὶ</span> <span class='ocrx_word' id='word_1_523' title='bbox 2688 2122 2968 2191; x_wconf 82' lang='grc' dir='ltr'>δύσφωνος</span> <span class='ocrx_word' id='word_1_524' title='bbox 3004 2124 3166 2193; x_wconf 80' lang='grc' dir='ltr'>ἄγαν,</span> <span class='ocrx_word' id='word_1_525' title='bbox 3203 2126 3321 2189; x_wconf 85' lang='grc' dir='ltr'><strong>πῶς</strong></span> <span class='ocrx_word' id='word_1_526' title='bbox 3352 2127 3585 2199; x_wconf 80' lang='grc' dir='ltr'><strong>ὑμνήσει</strong></span> <span class='ocrx_word' id='word_1_527' title='bbox 3608 2128 3669 2181; x_wconf 78' lang='grc' dir='ltr'>τὸ</span> <span class='ocrx_word' id='word_1_528' title='bbox 3702 2130 3845 2199; x_wconf 78' lang='grc' dir='ltr'>μέγα</span> <span class='ocrx_word' id='word_1_529' title='bbox 3867 2131 3981 2185; x_wconf 81' lang='grc' dir='ltr'><strong>τῶν</strong></span> 
     </span>
    </p>
   </div>
   <div class='ocr_carea' id='block_1_80' title="bbox 2396 2210 3983 2285">
    <p class='ocr_par' dir='ltr' id='par_1_80' title="bbox 2396 2210 3983 2285">
     <span class='ocr_line' id='line_1_81' title="bbox 2396 2210 3983 2285; baseline 0.006 -21"><span class='ocrx_word' id='word_1_530' title='bbox 2396 2210 2692 2282; x_wconf 82' lang='grc' dir='ltr'>προφητῶν</span> <span class='ocrx_word' id='word_1_531' title='bbox 2719 2212 2902 2277; x_wconf 86' lang='grc' dir='ltr'>κλέος;</span> <span class='ocrx_word' id='word_1_532' title='bbox 2942 2212 3057 2275; x_wconf 84' lang='grc' dir='ltr'><strong>πῶς</strong></span> <span class='ocrx_word' id='word_1_533' title='bbox 3089 2214 3291 2267; x_wconf 83' lang='grc' dir='ltr'>αἰνέσει</span> <span class='ocrx_word' id='word_1_534' title='bbox 3320 2216 3379 2269; x_wconf 81' lang='grc' dir='ltr'>τὸ</span> <span class='ocrx_word' id='word_1_535' title='bbox 3404 2216 3679 2285; x_wconf 69' lang='grc' dir='ltr'>ἐξαίρετον</span> <span class='ocrx_word' id='word_1_536' title='bbox 3710 2219 3818 2273; x_wconf 85' lang='grc' dir='ltr'><strong>τῶν</strong></span> <span class='ocrx_word' id='word_1_537' title='bbox 3843 2222 3983 2274; x_wconf 85' lang='grc' dir='ltr'>ἀπο-</span> 
     </span>
    </p>
   </div>
   <div class='ocr_carea' id='block_1_81' title="bbox 2397 2303 3983 2385">
    <p class='ocr_par' dir='ltr' id='par_1_81' title="bbox 2397 2303 3983 2385">
     <span class='ocr_line' id='line_1_82' title="bbox 2397 2303 3983 2385; baseline 0.008 -28"><span class='ocrx_word' id='word_1_538' title='bbox 2397 2303 2598 2358; x_wconf 86' lang='grc' dir='ltr'>στόλων</span> <span class='ocrx_word' id='word_1_539' title='bbox 2632 2305 2831 2374; x_wconf 82' lang='grc' dir='ltr'>γέρας;</span> <span class='ocrx_word' id='word_1_540' title='bbox 2862 2305 2977 2368; x_wconf 83' lang='grc' dir='ltr'><strong>πῶς</strong></span> <span class='ocrx_word' id='word_1_541' title='bbox 3010 2305 3225 2371; x_wconf 75' lang='grc' dir='ltr'>δοξάσει</span> <span class='ocrx_word' id='word_1_542' title='bbox 3262 2308 3324 2362; x_wconf 79' lang='grc' dir='ltr'>τὸ</span> <span class='ocrx_word' id='word_1_543' title='bbox 3359 2310 3510 2377; x_wconf 81' lang='grc' dir='ltr'>ξένον</span> <span class='ocrx_word' id='word_1_544' title='bbox 3541 2313 3649 2365; x_wconf 82' lang='grc' dir='ltr'>τῶν</span> <span class='ocrx_word' id='word_1_545' title='bbox 3685 2315 3983 2385; x_wconf 85' lang='grc' dir='ltr'>μαρτύρων</span> 
     </span>
    </p>
   </div>
   <div class='ocr_carea' id='block_1_82' title="bbox 2396 2395 3982 2475">
    <p class='ocr_par' dir='ltr' id='par_1_82' title="bbox 2396 2395 3982 2475">
     <span class='ocr_line' id='line_1_83' title="bbox 2396 2395 3982 2475; baseline 0.008 -27"><span class='ocrx_word' id='word_1_546' title='bbox 2396 2395 2601 2463; x_wconf 74' lang='grc' dir='ltr'>σέϐαςς</span> <span class='ocrx_word' id='word_1_547' title='bbox 2657 2396 2765 2449; x_wconf 83' lang='grc' dir='ltr'>Καί</span> <span class='ocrx_word' id='word_1_548' title='bbox 2801 2414 2890 2468; x_wconf 92' lang='grc' dir='ltr'><strong>μοι</strong></span> <span class='ocrx_word' id='word_1_549' title='bbox 2932 2398 3237 2468; x_wconf 82' lang='grc' dir='ltr'>σκοπητέον</span> <span class='ocrx_word' id='word_1_550' title='bbox 3270 2401 3451 2467; x_wconf 87' lang='grc' dir='ltr'>τοῦτο,</span> <span class='ocrx_word' id='word_1_551' title='bbox 3480 2403 3561 2456; x_wconf 87' lang='grc' dir='ltr'>ὅτι</span> <span class='ocrx_word' id='word_1_552' title='bbox 3593 2404 3685 2457; x_wconf 69' lang='grc' dir='ltr'><strong>ἐπὶ</strong></span> <span class='ocrx_word' id='word_1_553' title='bbox 3725 2406 3827 2475; x_wconf 80' lang='grc' dir='ltr'>μὲν</span> <span class='ocrx_word' id='word_1_554' title='bbox 3867 2406 3982 2461; x_wconf 82' lang='grc' dir='ltr'><strong>τῶν</strong></span> 
     </span>
    </p>
   </div>
   <div class='ocr_carea' id='block_1_83' title="bbox 2394 2486 3976 2567">
    <p class='ocr_par' dir='ltr' id='par_1_83' title="bbox 2394 2486 3976 2567">
     <span class='ocr_line' id='line_1_84' title="bbox 2394 2486 3976 2567; baseline 0.006 -26"><span class='ocrx_word' id='word_1_555' title='bbox 2394 2486 2569 2541; x_wconf 78' lang='grc' dir='ltr'>ἄλλων</span> <span class='ocrx_word' id='word_1_556' title='bbox 2608 2487 2805 2555; x_wconf 80' lang='grc' dir='ltr'><strong>ἁγίων,</strong></span> <span class='ocrx_word' id='word_1_557' title='bbox 2855 2488 3015 2553; x_wconf 75' lang='grc' dir='ltr'>ἄλλος</span> <span class='ocrx_word' id='word_1_558' title='bbox 3066 2489 3228 2543; x_wconf 85' lang='grc' dir='ltr'>ἀλλου</span> <span class='ocrx_word' id='word_1_559' title='bbox 3288 2490 3535 2563; x_wconf 80' lang='grc' dir='ltr'>διείληφε</span> <span class='ocrx_word' id='word_1_560' title='bbox 3574 2494 3642 2547; x_wconf 81' lang='grc' dir='ltr'>τὰ</span> <span class='ocrx_word' id='word_1_561' title='bbox 3696 2496 3976 2567; x_wconf 75' lang='grc' dir='ltr'>ἐγκώμια.</span> 
     </span>
    </p>
   </div>
   <div class='ocr_carea' id='block_1_84' title="bbox 2393 2579 3979 2656">
    <p class='ocr_par' dir='ltr' id='par_1_84' title="bbox 2393 2579 3979 2656">
     <span class='ocr_line' id='line_1_85' title="bbox 2393 2579 3979 2656; baseline 0.005 -25"><span class='ocrx_word' id='word_1_562' title='bbox 2393 2579 2594 2650; x_wconf 73' lang='grc' dir='ltr'>ὑψηλὸς</span> <span class='ocrx_word' id='word_1_563' title='bbox 2622 2580 2851 2649; x_wconf 76' lang='grc' dir='ltr'>ὑψηλοῦ,</span> <span class='ocrx_word' id='word_1_564' title='bbox 2873 2582 2967 2634; x_wconf 75' lang='grc' dir='ltr'>καὶ</span> <span class='ocrx_word' id='word_1_565' title='bbox 3001 2583 3225 2652; x_wconf 80' lang='grc' dir='ltr'>μετρίου</span> <span class='ocrx_word' id='word_1_566' title='bbox 3253 2584 3641 2656; x_wconf 77' lang='grc' dir='ltr'>μετριώτεροςο</span> <span class='ocrx_word' id='word_1_567' title='bbox 3672 2586 3765 2639; x_wconf 89' lang='grc' dir='ltr'><strong>τοῦ</strong></span> <span class='ocrx_word' id='word_1_568' title='bbox 3790 2586 3844 2640; x_wconf 87' lang='grc' dir='ltr'>δὲ</span> <span class='ocrx_word' id='word_1_569' title='bbox 3879 2587 3979 2641; x_wconf 91' lang='grc' dir='ltr'><strong>νῦν</strong></span> 
     </span>
    </p>
   </div>
   <div class='ocr_carea' id='block_1_85' title="bbox 2392 2671 3979 2747">
    <p class='ocr_par' dir='ltr' id='par_1_85' title="bbox 2392 2671 3979 2747">
     <span class='ocr_line' id='line_1_86' title="bbox 2392 2671 3979 2747; baseline 0.005 -24"><span class='ocrx_word' id='word_1_570' title='bbox 2392 2671 2809 2741; x_wconf 82' lang='grc' dir='ltr'>εὐφημουμὲνου</span> <span class='ocrx_word' id='word_1_571' title='bbox 2834 2673 2939 2744; x_wconf 80' lang='grc' dir='ltr'>πρὸ</span> <span class='ocrx_word' id='word_1_572' title='bbox 2958 2673 3068 2727; x_wconf 85' lang='grc' dir='ltr'><strong>τῶν</strong></span> <span class='ocrx_word' id='word_1_573' title='bbox 3098 2675 3293 2741; x_wconf 87' lang='grc' dir='ltr'>ἀλλων,</span> <span class='ocrx_word' id='word_1_574' title='bbox 3327 2677 3488 2741; x_wconf 81' lang='grc' dir='ltr'>αὐτὸς</span> <span class='ocrx_word' id='word_1_575' title='bbox 3517 2678 3751 2747; x_wconf 78' lang='grc' dir='ltr'>Χριστὸς</span> <span class='ocrx_word' id='word_1_576' title='bbox 3779 2680 3807 2731; x_wconf 88' lang='lat'><strong>6</strong></span> <span class='ocrx_word' id='word_1_577' title='bbox 3840 2680 3979 2744; x_wconf 71' lang='grc' dir='ltr'>Θεὸς</span> 
     </span>
    </p>
   </div>
   <div class='ocr_carea' id='block_1_86' title="bbox 2391 2763 3978 2836">
    <p class='ocr_par' dir='ltr' id='par_1_86' title="bbox 2391 2763 3978 2836">
     <span class='ocr_line' id='line_1_87' title="bbox 2391 2763 3978 2836; baseline 0.007 -20"><span class='ocrx_word' id='word_1_578' title='bbox 2391 2763 2693 2834; x_wconf 84' lang='grc' dir='ltr'>ήάλήθεια·</span> <span class='ocrx_word' id='word_1_579' title='bbox 2728 2764 2861 2835; x_wconf 83' lang='grc' dir='ltr'>φησὶ</span> <span class='ocrx_word' id='word_1_580' title='bbox 2895 2764 3024 2836; x_wconf 85' lang='grc' dir='ltr'>γάρ·</span> <span class='ocrx_word' id='word_1_581' title='bbox 3057 2767 3281 2827; x_wconf 80' lang='grc' dir='ltr'>Μείζων</span> <span class='ocrx_word' id='word_1_582' title='bbox 3309 2769 3593 2823; x_wconf 79' lang='grc' dir='ltr'>Ἰωάννου</span> <span class='ocrx_word' id='word_1_583' title='bbox 3616 2770 3722 2824; x_wconf 80' lang='grc' dir='ltr'><strong>τοῦ</strong></span> <span class='ocrx_word' id='word_1_584' title='bbox 3753 2774 3978 2827; x_wconf 59' lang='grc' dir='ltr'>Βαίτι-</span> 
     </span>
    </p>
   </div>
   <div class='ocr_carea' id='block_1_87' title="bbox 2391 2853 3972 2931">
    <p class='ocr_par' dir='ltr' id='par_1_87' title="bbox 2391 2853 3972 2931">
     <span class='ocr_line' id='line_1_88' title="bbox 2391 2853 3972 2931; baseline 0.006 -25"><span class='ocrx_word' id='word_1_585' title='bbox 2391 2854 2542 2908; x_wconf 83' lang='grc' dir='ltr'>στοῦ</span> <span class='ocrx_word' id='word_1_586' title='bbox 2592 2853 2663 2907; x_wconf 77' lang='grc' dir='ltr'>ἐν</span> <span class='ocrx_word' id='word_1_587' title='bbox 2719 2857 3031 2925; x_wconf 79' lang='grc' dir='ltr'>γεννητοῖς</span> <span class='ocrx_word' id='word_1_588' title='bbox 3096 2861 3398 2924; x_wconf 77' lang='grc' dir='ltr'>γυναικῶν</span> <span class='ocrx_word' id='word_1_589' title='bbox 3457 2861 3569 2913; x_wconf 69' lang='grc' dir='ltr'><strong>οὐκ</strong></span> <span class='ocrx_word' id='word_1_590' title='bbox 3636 2860 3972 2931; x_wconf 79' lang='grc' dir='ltr'>ἐγήγερται.</span> 
     </span>
    </p>
   </div>
   <div class='ocr_carea' id='block_1_88' title="bbox 2405 2944 3973 3025">
    <p class='ocr_par' dir='ltr' id='par_1_88' title="bbox 2405 2944 3973 3025">
     <span class='ocr_line' id='line_1_89' title="bbox 2405 2944 3973 3025; baseline 0.007 -29"><span class='ocrx_word' id='word_1_591' title='bbox 2405 2945 2556 2998; x_wconf 79' lang='grc' dir='ltr'>Ἐπεὶ</span> <span class='ocrx_word' id='word_1_592' title='bbox 2596 2944 2690 2999; x_wconf 75' lang='grc' dir='ltr'>οὖν</span> <span class='ocrx_word' id='word_1_593' title='bbox 2725 2946 2979 3009; x_wconf 85' lang='grc' dir='ltr'>τοσοῦτος</span> <span class='ocrx_word' id='word_1_594' title='bbox 3014 2947 3297 3017; x_wconf 83' lang='grc' dir='ltr'>περίεστιν</span> <span class='ocrx_word' id='word_1_595' title='bbox 3326 2951 3353 3001; x_wconf 89' lang='grc' dir='ltr'><em>ὁ</em></span> <span class='ocrx_word' id='word_1_596' title='bbox 3395 2948 3615 3013; x_wconf 79' lang='grc' dir='ltr'>ἔπαινος</span> <span class='ocrx_word' id='word_1_597' title='bbox 3640 2951 3718 3021; x_wconf 84' lang='grc' dir='ltr'><strong>τῷ</strong></span> <span class='ocrx_word' id='word_1_598' title='bbox 3749 2953 3973 3025; x_wconf 82' lang='grc' dir='ltr'>μεγάλῳ</span> 
     </span>
    </p>
   </div>
   <div class='ocr_carea' id='block_1_89' title="bbox 2393 3036 3971 3111">
    <p class='ocr_par' dir='ltr' id='par_1_89' title="bbox 2393 3036 3971 3111">
     <span class='ocr_line' id='line_1_90' title="bbox 2393 3036 3971 3111; baseline 0.006 -21"><span class='ocrx_word' id='word_1_599' title='bbox 2393 3036 2691 3108; x_wconf 83' lang='grc' dir='ltr'>Προδρόμῳ</span> <span class='ocrx_word' id='word_1_600' title='bbox 2726 3038 3133 3108; x_wconf 72' lang='grc' dir='ltr'>ἀνυπέρϐλητος</span> <span class='ocrx_word' id='word_1_601' title='bbox 3185 3041 3249 3093; x_wconf 75' lang='grc' dir='ltr'>ἐκ</span> <span class='ocrx_word' id='word_1_602' title='bbox 3300 3039 3395 3093; x_wconf 82' lang='grc' dir='ltr'><strong>τοῦ</strong></span> <span class='ocrx_word' id='word_1_603' title='bbox 3456 3041 3718 3096; x_wconf 84' lang='grc' dir='ltr'>ἀνωτάτω</span> <span class='ocrx_word' id='word_1_604' title='bbox 3767 3043 3971 3111; x_wconf 82' lang='grc' dir='ltr'>Λόγου.</span> 
     </span>
    </p>
   </div>
   <div class='ocr_carea' id='block_1_90' title="bbox 2395 3130 3969 3208">
    <p class='ocr_par' dir='ltr' id='par_1_90' title="bbox 2395 3130 3969 3208">
     <span class='ocr_line' id='line_1_91' title="bbox 2395 3130 3969 3208; baseline 0.006 -27"><span class='ocrx_word' id='word_1_605' title='bbox 2395 3131 2470 3199; x_wconf 87' lang='grc' dir='ltr'><strong>μή</strong></span> <span class='ocrx_word' id='word_1_606' title='bbox 2518 3147 2571 3182; x_wconf 89' lang='grc' dir='ltr'><strong>τι</strong></span> <span class='ocrx_word' id='word_1_607' title='bbox 2610 3130 2717 3199; x_wconf 80' lang='grc' dir='ltr'>ἄρα</span> <span class='ocrx_word' id='word_1_608' title='bbox 2749 3130 2930 3199; x_wconf 77' lang='grc' dir='ltr'>ἐνδεής</span> <span class='ocrx_word' id='word_1_609' title='bbox 2984 3132 3099 3184; x_wconf 80' lang='grc' dir='ltr'>ἐστι</span> <span class='ocrx_word' id='word_1_610' title='bbox 3139 3132 3237 3202; x_wconf 77' lang='grc' dir='ltr'>τῆς</span> <span class='ocrx_word' id='word_1_611' title='bbox 3269 3134 3543 3205; x_wconf 75' lang='grc' dir='ltr'>ἡμετέρας</span> <span class='ocrx_word' id='word_1_612' title='bbox 3580 3134 3969 3208; x_wconf 83' lang='grc' dir='ltr'>βραχυλογίας,</span> 
     </span>
    </p>
   </div>
   <div class='ocr_carea' id='block_1_91' title="bbox 2389 3214 3973 3292">
    <p class='ocr_par' dir='ltr' id='par_1_91' title="bbox 2389 3214 3973 3292">
     <span class='ocr_line' id='line_1_92' title="bbox 2389 3214 3973 3292; baseline 0.006 -20"><span class='ocrx_word' id='word_1_613' title='bbox 2389 3214 2434 3273; x_wconf 79' lang='grc' dir='ltr'><strong>ὦ</strong></span> <span class='ocrx_word' id='word_1_614' title='bbox 2468 3220 2937 3291; x_wconf 85' lang='grc' dir='ltr'>φιλακροάμονες;</span> <span class='ocrx_word' id='word_1_615' title='bbox 2982 3225 3228 3292; x_wconf 76' lang='grc' dir='ltr'>’Λπαγεο</span> <span class='ocrx_word' id='word_1_616' title='bbox 3261 3226 3397 3278; x_wconf 84' lang='grc' dir='ltr'><strong>ἀλλά</strong></span> <span class='ocrx_word' id='word_1_617' title='bbox 3454 3226 3698 3281; x_wconf 81' lang='grc' dir='ltr'>δουλικὸν</span> <span class='ocrx_word' id='word_1_618' title='bbox 3742 3228 3973 3282; x_wconf 80' lang='grc' dir='ltr'>ἀποτιν-</span> 
     </span>
    </p>
   </div>
   <div class='ocr_carea' id='block_1_92' title="bbox 2389 3314 3973 3390">
    <p class='ocr_par' dir='ltr' id='par_1_92' title="bbox 2389 3314 3973 3390">
     <span class='ocr_line' id='line_1_93' title="bbox 2389 3314 3973 3390; baseline 0.004 -23"><span class='ocrx_word' id='word_1_619' title='bbox 2389 3314 2577 3378; x_wconf 85' lang='grc' dir='ltr'>νύντες</span> <span class='ocrx_word' id='word_1_620' title='bbox 2626 3315 2819 3386; x_wconf 79' lang='grc' dir='ltr'>χρέος,</span> <span class='ocrx_word' id='word_1_621' title='bbox 2880 3315 2973 3369; x_wconf 80' lang='grc' dir='ltr'>καὶ</span> <span class='ocrx_word' id='word_1_622' title='bbox 3025 3317 3297 3388; x_wconf 81' lang='grc' dir='ltr'>Πατρικδν</span> <span class='ocrx_word' id='word_1_623' title='bbox 3346 3318 3456 3389; x_wconf 78' lang='lat' dir='ltr'><strong>(M)</strong></span> <span class='ocrx_word' id='word_1_624' title='bbox 3517 3318 3973 3390; x_wconf 85' lang='grc' dir='ltr'>ἀποπληροῦντες</span> 
     </span>
    </p>
   </div>
   <div class='ocr_carea' id='block_1_93' title="bbox 2389 3406 3977 3482">
    <p class='ocr_par' dir='ltr' id='par_1_93' title="bbox 2389 3406 3977 3482">
     <span class='ocr_line' id='line_1_94' title="bbox 2389 3406 3977 3482; baseline 0.005 -24"><span class='ocrx_word' id='word_1_625' title='bbox 2389 3406 2802 3476; x_wconf 73' lang='grc' dir='ltr'>ὲπίταγμα,καὶ</span> <span class='ocrx_word' id='word_1_626' title='bbox 2830 3406 2905 3469; x_wconf 85' lang='grc' dir='ltr'><strong>ὡς</strong></span> <span class='ocrx_word' id='word_1_627' title='bbox 2934 3408 3392 3480; x_wconf 84' lang='grc' dir='ltr'>ἀγιασθησόμενοι</span> <span class='ocrx_word' id='word_1_628' title='bbox 3423 3412 3487 3464; x_wconf 78' lang='grc' dir='ltr'>ὲκ</span> <span class='ocrx_word' id='word_1_629' title='bbox 3520 3412 3686 3482; x_wconf 87' lang='grc' dir='ltr'>μόνης</span> <span class='ocrx_word' id='word_1_630' title='bbox 3718 3412 3815 3482; x_wconf 83' lang='grc' dir='ltr'>τῆς</span> <span class='ocrx_word' id='word_1_631' title='bbox 3841 3413 3977 3481; x_wconf 81' lang='grc' dir='ltr'>περὶ</span> 
     </span>
    </p>
   </div>
   <div class='ocr_carea' id='block_1_94' title="bbox 2387 3502 3977 3577">
    <p class='ocr_par' dir='ltr' id='par_1_94' title="bbox 2387 3502 3977 3577">
     <span class='ocr_line' id='line_1_95' title="bbox 2387 3502 3977 3577; baseline 0.002 -23"><span class='ocrx_word' id='word_1_632' title='bbox 2387 3502 2478 3555; x_wconf 79' lang='grc' dir='ltr'>τὸν</span> <span class='ocrx_word' id='word_1_633' title='bbox 2508 3502 2827 3573; x_wconf 85' lang='grc' dir='ltr'>Πρόδρομον</span> <span class='ocrx_word' id='word_1_634' title='bbox 2855 3503 3240 3575; x_wconf 85' lang='grc' dir='ltr'>ὑπομνήσεως,</span> <span class='ocrx_word' id='word_1_635' title='bbox 3276 3504 3338 3557; x_wconf 79' lang='grc' dir='ltr'>τὸ</span> <span class='ocrx_word' id='word_1_636' title='bbox 3360 3506 3631 3577; x_wconf 80' lang='grc' dir='ltr'>τολμηρὸν</span> <span class='ocrx_word' id='word_1_637' title='bbox 3660 3508 3692 3577; x_wconf 79' lang='grc' dir='ltr'><strong>ή</strong></span> <span class='ocrx_word' id='word_1_638' title='bbox 3703 3506 3818 3576; x_wconf 81' lang='grc' dir='ltr'>μῶν</span> <span class='ocrx_word' id='word_1_639' title='bbox 3850 3507 3977 3558; x_wconf 76' lang='grc' dir='ltr'>ἑπι-</span> 
     </span>
    </p>
   </div>
   <div class='ocr_carea' id='block_1_95' title="bbox 2386 3593 2735 3665">
    <p class='ocr_par' dir='ltr' id='par_1_95' title="bbox 2386 3593 2735 3665">
     <span class='ocr_line' id='line_1_96' title="bbox 2386 3593 2735 3665; baseline 0.009 -19"><span class='ocrx_word' id='word_1_640' title='bbox 2386 3593 2569 3647; x_wconf 84' lang='grc' dir='ltr'>δεικνὺ</span> <span class='ocrx_word' id='word_1_641' title='bbox 2578 3594 2735 3665; x_wconf 80' lang='grc' dir='ltr'>μεθα.</span> 
     </span>
    </p>
   </div>
   <div class='ocr_carea' id='block_1_96' title="bbox 2462 3681 3969 3759">
    <p class='ocr_par' dir='ltr' id='par_1_96' title="bbox 2462 3681 3969 3759">
     <span class='ocr_line' id='line_1_97' title="bbox 2462 3681 3969 3759; baseline 0.001 -20"><span class='ocrx_word' id='word_1_642' title='bbox 2462 3686 2528 3755; x_wconf 85' lang='grc' dir='ltr'><strong>β’.</strong></span> <span class='ocrx_word' id='word_1_643' title='bbox 2569 3686 2739 3758; x_wconf 83' lang='grc' dir='ltr'>Δεῦρο</span> <span class='ocrx_word' id='word_1_644' title='bbox 2766 3686 2830 3758; x_wconf 83' lang='grc' dir='ltr'>δὴ</span> <span class='ocrx_word' id='word_1_645' title='bbox 2859 3681 2956 3741; x_wconf 84' lang='grc' dir='ltr'><strong>οῦν</strong></span> <span class='ocrx_word' id='word_1_646' title='bbox 2990 3687 3179 3741; x_wconf 75' lang='grc' dir='ltr'>λοιπὸν</span> <span class='ocrx_word' id='word_1_647' title='bbox 3214 3687 3314 3758; x_wconf 83' lang='grc' dir='ltr'>τὴν</span> <span class='ocrx_word' id='word_1_648' title='bbox 3356 3688 3566 3759; x_wconf 72' lang='grc' dir='ltr'>ἡμέραν</span> <span class='ocrx_word' id='word_1_649' title='bbox 3597 3687 3969 3758; x_wconf 76' lang='grc' dir='ltr'>ἑορτάσωμεν,</span> 
     </span>
    </p>
   </div>
   <div class='ocr_carea' id='block_1_97' title="bbox 2388 3778 3972 3848">
    <p class='ocr_par' dir='ltr' id='par_1_97' title="bbox 2388 3778 3972 3848">
     <span class='ocr_line' id='line_1_98' title="bbox 2388 3778 3972 3848; baseline 0 -15"><span class='ocrx_word' id='word_1_650' title='bbox 2388 3781 2457 3833; x_wconf 82' lang='grc' dir='ltr'>τὰ</span> <span class='ocrx_word' id='word_1_651' title='bbox 2506 3780 2598 3833; x_wconf 86' lang='grc' dir='ltr'><strong>τοῦ</strong></span> <span class='ocrx_word' id='word_1_652' title='bbox 2652 3780 2896 3847; x_wconf 86' lang='grc' dir='ltr'>γενεσίου</span> <span class='ocrx_word' id='word_1_653' title='bbox 2942 3778 3424 3848; x_wconf 80' lang='grc' dir='ltr'>πανηγυρίσωμεν,</span> <span class='ocrx_word' id='word_1_654' title='bbox 3463 3779 3561 3847; x_wconf 86' lang='grc' dir='ltr'><strong>οὑχ</strong></span> <span class='ocrx_word' id='word_1_655' title='bbox 3608 3778 3659 3831; x_wconf 88' lang='grc' dir='ltr'><strong>οί</strong></span> <span class='ocrx_word' id='word_1_656' title='bbox 3693 3778 3972 3848; x_wconf 76' lang='grc' dir='ltr'>περίοικοι</span> 
     </span>
    </p>
   </div>
   <div class='ocr_carea' id='block_1_98' title="bbox 2393 3868 3971 3941">
    <p class='ocr_par' dir='ltr' id='par_1_98' title="bbox 2393 3868 3971 3941">
     <span class='ocr_line' id='line_1_99' title="bbox 2393 3868 3971 3941; baseline 0 -17"><span class='ocrx_word' id='word_1_657' title='bbox 2393 3873 2573 3941; x_wconf 86' lang='grc' dir='ltr'>μόνον,</span> <span class='ocrx_word' id='word_1_658' title='bbox 2606 3871 2742 3923; x_wconf 85' lang='grc' dir='ltr'>ἀλλὰ</span> <span class='ocrx_word' id='word_1_659' title='bbox 2782 3871 2875 3923; x_wconf 75' lang='grc' dir='ltr'>καὶ</span> <span class='ocrx_word' id='word_1_660' title='bbox 2926 3872 3076 3923; x_wconf 79' lang='grc' dir='ltr'>πᾶσα</span> <span class='ocrx_word' id='word_1_661' title='bbox 3118 3872 3151 3939; x_wconf 85' lang='grc' dir='ltr'><strong>ή</strong></span> <span class='ocrx_word' id='word_1_662' title='bbox 3181 3868 3275 3922; x_wconf 88' lang='grc' dir='ltr'><strong>τοῦ</strong></span> <span class='ocrx_word' id='word_1_663' title='bbox 3321 3869 3511 3941; x_wconf 83' lang='grc' dir='ltr'>νοητοῦ</span> <span class='ocrx_word' id='word_1_664' title='bbox 3541 3870 3805 3941; x_wconf 80' lang='grc' dir='ltr'>Ἰορδάνου</span> <span class='ocrx_word' id='word_1_665' title='bbox 3853 3870 3971 3940; x_wconf 76' lang='grc'><strong>(15)</strong></span> 
     </span>
    </p>
   </div>
   <div class='ocr_carea' id='block_1_99' title="bbox 2390 3962 3971 4034">
    <p class='ocr_par' dir='ltr' id='par_1_99' title="bbox 2390 3962 3971 4034">
     <span class='ocr_line' id='line_1_100' title="bbox 2390 3962 3971 4034; baseline 0 -19"><span class='ocrx_word' id='word_1_666' title='bbox 2390 3965 2714 4034; x_wconf 79' lang='grc' dir='ltr'>περίχωρος·</span> <span class='ocrx_word' id='word_1_667' title='bbox 2742 3963 2939 4034; x_wconf 74' lang='grc' dir='ltr'>ἴδωμεν</span> <span class='ocrx_word' id='word_1_668' title='bbox 2964 3962 3024 4015; x_wconf 83' lang='grc' dir='ltr'>τὸ</span> <span class='ocrx_word' id='word_1_669' title='bbox 3053 3962 3381 4033; x_wconf 79' lang='grc' dir='ltr'>ξενοπρεπὲς</span> <span class='ocrx_word' id='word_1_670' title='bbox 3418 3962 3740 4032; x_wconf 86' lang='grc' dir='ltr'>μυστήριον,</span> <span class='ocrx_word' id='word_1_671' title='bbox 3768 3962 3971 4032; x_wconf 77' lang='grc' dir='ltr'>ἴδωμεν</span> 
     </span>
    </p>
   </div>
   <div class='ocr_carea' id='block_1_100' title="bbox 2388 4057 3983 4129">
    <p class='ocr_par' dir='ltr' id='par_1_100' title="bbox 2388 4057 3983 4129">
     <span class='ocr_line' id='line_1_101' title="bbox 2388 4057 3983 4129; baseline 0.001 -18"><span class='ocrx_word' id='word_1_672' title='bbox 2388 4058 2449 4111; x_wconf 82' lang='grc' dir='ltr'>τὸ</span> <span class='ocrx_word' id='word_1_673' title='bbox 2498 4058 2815 4129; x_wconf 78' lang='grc' dir='ltr'>παραδόξως</span> <span class='ocrx_word' id='word_1_674' title='bbox 2871 4057 3196 4127; x_wconf 85' lang='grc' dir='ltr'>τελούμενον</span> <span class='ocrx_word' id='word_1_675' title='bbox 3246 4059 3507 4129; x_wconf 78' lang='grc' dir='ltr'>σήμερον,</span> <span class='ocrx_word' id='word_1_676' title='bbox 3540 4058 3983 4129; x_wconf 67' lang='grc' dir='ltr'>κατανοήσωμεν</span> 
     </span>
    </p>
   </div>
   <div class='ocr_carea' id='block_1_101' title="bbox 2389 4147 3972 4220">
    <p class='ocr_par' dir='ltr' id='par_1_101' title="bbox 2389 4147 3972 4220">
     <span class='ocr_line' id='line_1_102' title="bbox 2389 4147 3972 4220; baseline 0.001 -18"><span class='ocrx_word' id='word_1_677' title='bbox 2389 4149 2457 4203; x_wconf 80' lang='grc' dir='ltr'><strong>τὰ</strong></span> <span class='ocrx_word' id='word_1_678' title='bbox 2497 4149 2590 4201; x_wconf 85' lang='grc' dir='ltr'><strong>τοῦ</strong></span> <span class='ocrx_word' id='word_1_679' title='bbox 2643 4148 2931 4220; x_wconf 85' lang='grc' dir='ltr'>Ζαχαρίου,</span> <span class='ocrx_word' id='word_1_680' title='bbox 2966 4147 3532 4219; x_wconf 82' lang='grc' dir='ltr'>ἀνθομολογησώμεθα</span> <span class='ocrx_word' id='word_1_681' title='bbox 3566 4149 3632 4202; x_wconf 72' lang='grc' dir='ltr'>τὰ</span> <span class='ocrx_word' id='word_1_682' title='bbox 3675 4149 3774 4218; x_wconf 82' lang='grc' dir='ltr'><strong>τῆς</strong></span> <span class='ocrx_word' id='word_1_683' title='bbox 3822 4147 3972 4203; x_wconf 78' lang='grc' dir='ltr'>Ἑλι-</span> 
     </span>
    </p>
   </div>
   <div class='ocr_carea' id='block_1_102' title="bbox 2392 4238 3970 4307">
    <p class='ocr_par' dir='ltr' id='par_1_102' title="bbox 2392 4238 3970 4307">
     <span class='ocr_line' id='line_1_103' title="bbox 2392 4238 3970 4307; baseline -0.001 -15"><span class='ocrx_word' id='word_1_684' title='bbox 2392 4240 2581 4295; x_wconf 77' lang='grc' dir='ltr'>σάὁετ.</span> <span class='ocrx_word' id='word_1_685' title='bbox 2618 4240 2730 4293; x_wconf 81' lang='grc' dir='ltr'><strong>Οὑκ</strong></span> <span class='ocrx_word' id='word_1_686' title='bbox 2759 4238 2815 4307; x_wconf 79' lang='grc' dir='ltr'>ἐξ</span> <span class='ocrx_word' id='word_1_687' title='bbox 2843 4239 3085 4307; x_wconf 81' lang='grc' dir='ltr'>ἀγεννῶν</span> <span class='ocrx_word' id='word_1_688' title='bbox 3115 4239 3294 4293; x_wconf 84' lang='grc' dir='ltr'>τοίνυν</span> <span class='ocrx_word' id='word_1_689' title='bbox 3319 4239 3540 4307; x_wconf 85' lang='grc' dir='ltr'>γονέων,</span> <span class='ocrx_word' id='word_1_690' title='bbox 3558 4238 3645 4293; x_wconf 81' lang='grc' dir='ltr'>ἵνα</span> <span class='ocrx_word' id='word_1_691' title='bbox 3670 4238 3970 4294; x_wconf 83' lang='grc' dir='ltr'>κάντεῦθεν</span> 
     </span>
    </p>
   </div>
   <div class='ocr_carea' id='block_1_103' title="bbox 2388 4330 3967 4404">
    <p class='ocr_par' dir='ltr' id='par_1_103' title="bbox 2388 4330 3967 4404">
     <span class='ocr_line' id='line_1_104' title="bbox 2388 4330 3967 4404; baseline -0.003 -17"><span class='ocrx_word' id='word_1_692' title='bbox 2388 4332 2573 4404; x_wconf 80' lang='grc' dir='ltr'>δειχθῇ</span> <span class='ocrx_word' id='word_1_693' title='bbox 2607 4332 2863 4403; x_wconf 82' lang='grc' dir='ltr'>μέγιστος</span> <span class='ocrx_word' id='word_1_694' title='bbox 2892 4335 2919 4385; x_wconf 87' lang='lat'><strong>6</strong></span> <span class='ocrx_word' id='word_1_695' title='bbox 2945 4332 3279 4404; x_wconf 74' lang='grc' dir='ltr'>Πρὸδρομος,</span> <span class='ocrx_word' id='word_1_696' title='bbox 3314 4330 3449 4385; x_wconf 87' lang='grc' dir='ltr'><strong>ἀλλά</strong></span> <span class='ocrx_word' id='word_1_697' title='bbox 3497 4332 3590 4383; x_wconf 79' lang='grc' dir='ltr'>καὶ</span> <span class='ocrx_word' id='word_1_698' title='bbox 3619 4331 3742 4384; x_wconf 88' lang='grc' dir='ltr'>λίαν</span> <span class='ocrx_word' id='word_1_699' title='bbox 3766 4332 3967 4400; x_wconf 78' lang='grc' dir='ltr'>ἐπισή-</span> 
     </span>
    </p>
   </div>
   <div class='ocr_carea' id='block_1_104' title="bbox 2396 4418 3970 4497">
    <p class='ocr_par' dir='ltr' id='par_1_104' title="bbox 2396 4418 3970 4497">
     <span class='ocr_line' id='line_1_105' title="bbox 2396 4418 3970 4497; baseline -0.004 -20"><span class='ocrx_word' id='word_1_700' title='bbox 2396 4442 2510 4497; x_wconf 90' lang='grc' dir='ltr'><strong>μων</strong></span> <span class='ocrx_word' id='word_1_701' title='bbox 2543 4424 2636 4477; x_wconf 65' lang='grc' dir='ltr'>καὶ</span> <span class='ocrx_word' id='word_1_702' title='bbox 2662 4422 2977 4493; x_wconf 77' lang='grc' dir='ltr'>περιδόξων·</span> <span class='ocrx_word' id='word_1_703' title='bbox 3019 4425 3047 4476; x_wconf 93' lang='lat'><strong>6</strong></span> <span class='ocrx_word' id='word_1_704' title='bbox 3102 4423 3199 4492; x_wconf 81' lang='grc' dir='ltr'>μὲν</span> <span class='ocrx_word' id='word_1_705' title='bbox 3230 4421 3339 4493; x_wconf 77' lang='grc' dir='ltr'>γὰρ</span> <span class='ocrx_word' id='word_1_706' title='bbox 3372 4421 3581 4491; x_wconf 81' lang='grc' dir='ltr'>Ἀαρών</span> <span class='ocrx_word' id='word_1_707' title='bbox 3610 4438 3693 4484; x_wconf 88' lang='grc' dir='ltr'><strong>τις</strong></span> <span class='ocrx_word' id='word_1_708' title='bbox 3722 4421 3816 4473; x_wconf 83' lang='grc' dir='ltr'>καὶ</span> <span class='ocrx_word' id='word_1_709' title='bbox 3865 4418 3970 4491; x_wconf 78' lang='grc' dir='ltr'>τὴν</span> 
     </span>
    </p>
   </div>
   <div class='ocr_carea' id='block_1_105' title="bbox 2392 4511 3971 4585">
    <p class='ocr_par' dir='ltr' id='par_1_105' title="bbox 2392 4511 3971 4585">
     <span class='ocr_line' id='line_1_106' title="bbox 2392 4511 3971 4585; baseline -0.004 -16"><span class='ocrx_word' id='word_1_710' title='bbox 2392 4518 2583 4570; x_wconf 84' lang='grc' dir='ltr'>πολιὰν</span> <span class='ocrx_word' id='word_1_711' title='bbox 2639 4516 2733 4569; x_wconf 78' lang='grc' dir='ltr'>καὶ</span> <span class='ocrx_word' id='word_1_712' title='bbox 2780 4516 2876 4585; x_wconf 84' lang='grc' dir='ltr'>τὴν</span> <span class='ocrx_word' id='word_1_713' title='bbox 2906 4512 3083 4578; x_wconf 80' lang='grc' dir='ltr'>ἀξίαν,</span> <span class='ocrx_word' id='word_1_714' title='bbox 3121 4513 3220 4583; x_wconf 83' lang='grc' dir='ltr'>τὴν</span> <span class='ocrx_word' id='word_1_715' title='bbox 3252 4511 3533 4583; x_wconf 80' lang='grc' dir='ltr'>ἱερατικὴν</span> <span class='ocrx_word' id='word_1_716' title='bbox 3572 4511 3765 4583; x_wconf 77' lang='grc' dir='ltr'>στολὴν</span> <span class='ocrx_word' id='word_1_717' title='bbox 3790 4512 3971 4581; x_wconf 78' lang='grc' dir='ltr'>ἡμφι-</span> 
     </span>
    </p>
   </div>
   <div class='ocr_carea' id='block_1_106' title="bbox 2390 4601 3969 4677">
    <p class='ocr_par' dir='ltr' id='par_1_106' title="bbox 2390 4601 3969 4677">
     <span class='ocr_line' id='line_1_107' title="bbox 2390 4601 3969 4677; baseline -0.005 -17"><span class='ocrx_word' id='word_1_718' title='bbox 2390 4608 2640 4677; x_wconf 80' lang='grc' dir='ltr'>εσμένος,</span> <span class='ocrx_word' id='word_1_719' title='bbox 2669 4606 2728 4659; x_wconf 76' lang='grc' dir='ltr'><strong>τὸ</strong></span> <span class='ocrx_word' id='word_1_720' title='bbox 2759 4603 3110 4676; x_wconf 84' lang='grc' dir='ltr'>περιστήθιόν</span> <span class='ocrx_word' id='word_1_721' title='bbox 3138 4619 3301 4673; x_wconf 88' lang='grc' dir='ltr'>φημι,</span> <span class='ocrx_word' id='word_1_722' title='bbox 3326 4601 3424 4673; x_wconf 82' lang='grc' dir='ltr'>τὴν</span> <span class='ocrx_word' id='word_1_723' title='bbox 3447 4601 3715 4671; x_wconf 73' lang='grc' dir='ltr'>ἐπωμίδα,</span> <span class='ocrx_word' id='word_1_724' title='bbox 3744 4601 3834 4653; x_wconf 74' lang='grc' dir='ltr'><strong>τὸν</strong></span> <span class='ocrx_word' id='word_1_725' title='bbox 3862 4617 3969 4653; x_wconf 67' lang='grc' dir='ltr'>που</span> 
     </span>
    </p>
   </div>
   <div class='ocr_carea' id='block_1_107' title="bbox 2388 4676 4017 4769">
    <p class='ocr_par' dir='ltr' id='par_1_107' title="bbox 2388 4676 4017 4769">
     <span class='ocr_line' id='line_1_108' title="bbox 2388 4676 4017 4769; baseline -0.006 -16"><span class='ocrx_word' id='word_1_726' title='bbox 2388 4676 2548 4769; x_wconf 80' lang='grc' dir='ltr'>δήρη,</span> <span class='ocrx_word' id='word_1_727' title='bbox 2590 4697 2681 4750; x_wconf 85' lang='grc' dir='ltr'>τόν</span> <span class='ocrx_word' id='word_1_728' title='bbox 2720 4712 2777 4748; x_wconf 90' lang='grc' dir='ltr'><strong>τε</strong></span> <span class='ocrx_word' id='word_1_729' title='bbox 2806 4692 3229 4764; x_wconf 77' lang='grc' dir='ltr'>κοσσὺμὸρωτον</span> <span class='ocrx_word' id='word_1_730' title='bbox 3256 4693 3481 4762; x_wconf 86' lang='grc' dir='ltr'>χιτῶνα.</span> <span class='ocrx_word' id='word_1_731' title='bbox 3520 4691 3619 4761; x_wconf 81' lang='grc' dir='ltr'>τὴν</span> <span class='ocrx_word' id='word_1_732' title='bbox 3650 4690 3863 4760; x_wconf 70' lang='grc' dir='ltr'>κίδαριν</span> <span class='ocrx_word' id='word_1_733' title='bbox 3904 4706 3969 4743; x_wconf 84' lang='grc' dir='ltr'><strong>τε</strong></span> <span class='ocrx_word' id='word_1_734' title='bbox 4001 4676 4017 4683; x_wconf 52' lang='grc'><strong>’</strong></span> 
     </span>
    </p>
   </div>
   <div class='ocr_carea' id='block_1_108' title="bbox 2389 4779 3967 4859">
    <p class='ocr_par' dir='ltr' id='par_1_108' title="bbox 2389 4779 3967 4859">
     <span class='ocr_line' id='line_1_109' title="bbox 2389 4779 3967 4859; baseline -0.008 -15"><span class='ocrx_word' id='word_1_735' title='bbox 2389 4792 2484 4844; x_wconf 73' lang='grc' dir='ltr'>καὶ</span> <span class='ocrx_word' id='word_1_736' title='bbox 2522 4788 2722 4859; x_wconf 77' lang='grc' dir='ltr'>ζώνην,</span> <span class='ocrx_word' id='word_1_737' title='bbox 2752 4785 2820 4840; x_wconf 83' lang='grc' dir='ltr'><strong>τά</strong></span> <span class='ocrx_word' id='word_1_738' title='bbox 2854 4786 2917 4839; x_wconf 80' lang='grc' dir='ltr'>ὲκ</span> <span class='ocrx_word' id='word_1_739' title='bbox 2948 4783 3154 4855; x_wconf 84' lang='grc' dir='ltr'>χρυσοῦ</span> <span class='ocrx_word' id='word_1_740' title='bbox 3178 4801 3235 4837; x_wconf 85' lang='grc' dir='ltr'><strong>τε</strong></span> <span class='ocrx_word' id='word_1_741' title='bbox 3268 4784 3364 4837; x_wconf 75' lang='grc' dir='ltr'>καὶ</span> <span class='ocrx_word' id='word_1_742' title='bbox 3400 4782 3563 4835; x_wconf 90' lang='grc' dir='ltr'>λίθων</span> <span class='ocrx_word' id='word_1_743' title='bbox 3584 4782 3678 4834; x_wconf 76' lang='grc' dir='ltr'>καὶ</span> <span class='ocrx_word' id='word_1_744' title='bbox 3706 4779 3967 4833; x_wconf 76' lang='grc' dir='ltr'>ὑακίνθου</span> 
     </span>
    </p>
   </div>
   <div class='ocr_carea' id='block_1_109' title="bbox 2390 4871 3970 4949">
    <p class='ocr_par' dir='ltr' id='par_1_109' title="bbox 2390 4871 3970 4949">
     <span class='ocr_line' id='line_1_110' title="bbox 2390 4871 3970 4949; baseline -0.005 -16"><span class='ocrx_word' id='word_1_745' title='bbox 2390 4879 2483 4934; x_wconf 67' lang='grc' dir='ltr'>καὶ</span> <span class='ocrx_word' id='word_1_746' title='bbox 2531 4877 2731 4949; x_wconf 78' lang='grc' dir='ltr'>βύσσου</span> <span class='ocrx_word' id='word_1_747' title='bbox 2785 4874 3199 4944; x_wconf 78' lang='grc' dir='ltr'>πεποικιλμένα·</span> <span class='ocrx_word' id='word_1_748' title='bbox 3238 4875 3331 4927; x_wconf 71' lang='grc' dir='ltr'>καὶ</span> <span class='ocrx_word' id='word_1_749' title='bbox 3379 4873 3551 4936; x_wconf 76' lang='grc' dir='ltr'>οὑτως</span> <span class='ocrx_word' id='word_1_750' title='bbox 3579 4873 3657 4935; x_wconf 88' lang='grc' dir='ltr'><strong>είς</strong></span> <span class='ocrx_word' id='word_1_751' title='bbox 3686 4872 3755 4925; x_wconf 81' lang='grc' dir='ltr'><strong>τὰ</strong></span> <span class='ocrx_word' id='word_1_752' title='bbox 3796 4871 3970 4939; x_wconf 74' lang='grc' dir='ltr'>Ἅγια</span> 
     </span>
    </p>
   </div>
   <div class='ocr_carea' id='block_1_110' title="bbox 2388 4964 3969 5039">
    <p class='ocr_par' dir='ltr' id='par_1_110' title="bbox 2388 4964 3969 5039">
     <span class='ocr_line' id='line_1_111' title="bbox 2388 4964 3969 5039; baseline -0.007 -13"><span class='ocrx_word' id='word_1_753' title='bbox 2388 4972 2498 5025; x_wconf 85' lang='grc' dir='ltr'><strong>τῶν</strong></span> <span class='ocrx_word' id='word_1_754' title='bbox 2528 4971 2699 5039; x_wconf 86' lang='grc' dir='ltr'>ἁγίων</span> <span class='ocrx_word' id='word_1_755' title='bbox 2743 4966 2951 5030; x_wconf 79' lang='grc' dir='ltr'>εἰσιὼν,</span> <span class='ocrx_word' id='word_1_756' title='bbox 2982 4966 3122 5020; x_wconf 84' lang='grc' dir='ltr'><strong>κατά</strong></span> <span class='ocrx_word' id='word_1_757' title='bbox 3163 4966 3259 5038; x_wconf 82' lang='grc' dir='ltr'>τὴν</span> <span class='ocrx_word' id='word_1_758' title='bbox 3292 4965 3598 5036; x_wconf 81' lang='grc' dir='ltr'>ὲφημερίαν</span> <span class='ocrx_word' id='word_1_759' title='bbox 3624 4964 3723 5035; x_wconf 82' lang='grc' dir='ltr'>τῆς</span> <span class='ocrx_word' id='word_1_760' title='bbox 3752 4965 3969 5033; x_wconf 89' lang='grc' dir='ltr'>ἱερουρ-</span> 
     </span>
    </p>
   </div>
   <div class='ocr_carea' id='block_1_111' title="bbox 2388 5054 3967 5135">
    <p class='ocr_par' dir='ltr' id='par_1_111' title="bbox 2388 5054 3967 5135">
     <span class='ocr_line' id='line_1_112' title="bbox 2388 5054 3967 5135; baseline -0.008 -15"><span class='ocrx_word' id='word_1_761' title='bbox 2388 5067 2514 5135; x_wconf 90' lang='grc' dir='ltr'>γίας</span> <span class='ocrx_word' id='word_1_762' title='bbox 2546 5081 2559 5095; x_wconf 93' lang='grc'><strong>·</strong></span> <span class='ocrx_word' id='word_1_763' title='bbox 2606 5064 2639 5133; x_wconf 86' lang='grc' dir='ltr'><strong>ή</strong></span> <span class='ocrx_word' id='word_1_764' title='bbox 2684 5061 2739 5114; x_wconf 79' lang='grc' dir='ltr'>δὲ</span> <span class='ocrx_word' id='word_1_765' title='bbox 2791 5060 2889 5130; x_wconf 83' lang='grc' dir='ltr'>τῆς</span> <span class='ocrx_word' id='word_1_766' title='bbox 2922 5059 3139 5129; x_wconf 76' lang='grc' dir='ltr'>Σάρρας</span> <span class='ocrx_word' id='word_1_767' title='bbox 3197 5057 3465 5127; x_wconf 80' lang='grc' dir='ltr'>ίσοκλεὴς,</span> <span class='ocrx_word' id='word_1_768' title='bbox 3520 5056 3615 5109; x_wconf 73' lang='grc' dir='ltr'><strong>καὶ</strong></span> <span class='ocrx_word' id='word_1_769' title='bbox 3674 5054 3871 5127; x_wconf 75' lang='grc' dir='ltr'>μᾶλλον</span> <span class='ocrx_word' id='word_1_770' title='bbox 3907 5054 3967 5108; x_wconf 78' lang='grc' dir='ltr'>δὲ</span> 
     </span>
    </p>
   </div>
   <div class='ocr_carea' id='block_1_112' title="bbox 2448 5282 3969 5374">
    <p class='ocr_par' dir='ltr' id='par_1_112' title="bbox 2448 5282 3969 5374">
     <span class='ocr_line' id='line_1_113' title="bbox 2448 5282 3969 5374; baseline -0.006 -28"><span class='ocrx_word' id='word_1_771' title='bbox 2448 5290 2567 5374; x_wconf 40' lang='grc' dir='ltr'>(ιι),</span> <span class='ocrx_word' id='word_1_772' title='bbox 2601 5289 2747 5345; x_wconf 85' lang='lat' dir='ltr'><strong>Satis</strong></span> <span class='ocrx_word' id='word_1_773' title='bbox 2775 5298 3033 5374; x_wconf 78' lang='lat' dir='ltr'><strong>constare</strong></span> <span class='ocrx_word' id='word_1_774' title='bbox 3066 5288 3281 5369; x_wconf 81' lang='lat' dir='ltr'><strong>videtur</strong></span> <span class='ocrx_word' id='word_1_775' title='bbox 3306 5286 3582 5374; x_wconf 71' lang='lat' dir='ltr'><strong>Stuilitant</strong></span> <span class='ocrx_word' id='word_1_776' title='bbox 3614 5282 3969 5374; x_wconf 33' lang='lat' dir='ltr'><strong>antefere-</strong></span> 
     </span>
    </p>
   </div>
   <div class='ocr_carea' id='block_1_113' title="bbox 2377 5354 3962 5433">
    <p class='ocr_par' dir='ltr' id='par_1_113' title="bbox 2377 5354 3962 5433">
     <span class='ocr_line' id='line_1_114' title="bbox 2377 5354 3962 5433; baseline -0.006 -16"><span class='ocrx_word' id='word_1_777' title='bbox 2377 5354 2473 5417; x_wconf 86' lang='lat' dir='ltr'><strong>nili</strong></span> <span class='ocrx_word' id='word_1_778' title='bbox 2520 5354 2805 5431; x_wconf 80' lang='lat' dir='ltr'><strong>plerasque</strong></span> <span class='ocrx_word' id='word_1_779' title='bbox 2852 5360 2951 5415; x_wconf 87' lang='lat' dir='ltr'><strong>has</strong></span> <span class='ocrx_word' id='word_1_780' title='bbox 2990 5355 3685 5433; x_wconf 69' lang='lat' dir='ltr'><strong>panegyricasorationes</strong></span> <span class='ocrx_word' id='word_1_781' title='bbox 3714 5354 3962 5433; x_wconf 53' lang='lat' dir='ltr'><strong>dixisse;</strong></span> 
     </span>
    </p>
   </div>
   <div class='ocr_carea' id='block_1_114' title="bbox 2376 5424 3965 5502">
    <p class='ocr_par' dir='ltr' id='par_1_114' title="bbox 2376 5424 3965 5502">
     <span class='ocr_line' id='line_1_115' title="bbox 2376 5424 3965 5502; baseline -0.003 -19"><span class='ocrx_word' id='word_1_782' title='bbox 2376 5447 2485 5502; x_wconf 88' lang='lat' dir='ltr'><strong>quo</strong></span> <span class='ocrx_word' id='word_1_783' title='bbox 2521 5424 2776 5499; x_wconf 68' lang='lat' dir='ltr'><strong>tempore</strong></span> <span class='ocrx_word' id='word_1_784' title='bbox 2835 5424 3052 5502; x_wconf 79' lang='lat' dir='ltr'><strong>nonnisi</strong></span> <span class='ocrx_word' id='word_1_785' title='bbox 3098 5424 3255 5502; x_wconf 70' lang='lat' dir='ltr'><strong>jussu</strong></span> <span class='ocrx_word' id='word_1_786' title='bbox 3292 5428 3389 5502; x_wconf 85' lang='lat' dir='ltr'><strong>_vel</strong></span> <span class='ocrx_word' id='word_1_787' title='bbox 3445 5424 3685 5502; x_wconf 77' lang='lat' dir='ltr'><strong>episcopi</strong></span> <span class='ocrx_word' id='word_1_788' title='bbox 3740 5424 3825 5477; x_wconf 90' lang='lat' dir='ltr'><strong>sui</strong></span> <span class='ocrx_word' id='word_1_789' title='bbox 3873 5424 3965 5479; x_wconf 86' lang='lat' dir='ltr'><strong>vel</strong></span> 
     </span>
    </p>
   </div>
   <div class='ocr_carea' id='block_1_115' title="bbox 2377 5497 3961 5564">
    <p class='ocr_par' dir='ltr' id='par_1_115' title="bbox 2377 5497 3961 5564">
     <span class='ocr_line' id='line_1_116' title="bbox 2377 5497 3961 5564; baseline -0.009 -7"><span class='ocrx_word' id='word_1_790' title='bbox 2377 5497 2586 5557; x_wconf 79' lang='lat' dir='ltr'><strong>abbatis</strong></span> <span class='ocrx_word' id='word_1_791' title='bbox 2626 5497 2941 5554; x_wconf 84' lang='lat' dir='ltr'><strong>monasterii</strong></span> <span class='ocrx_word' id='word_1_792' title='bbox 2993 5497 3303 5553; x_wconf 87' lang='lat' dir='ltr'><strong>concionari</strong></span> <span class='ocrx_word' id='word_1_793' title='bbox 3336 5505 3567 5564; x_wconf 82' lang='lat' dir='ltr'><strong>poterat.</strong></span> <span class='ocrx_word' id='word_1_794' title='bbox 3620 5497 3793 5564; x_wconf 89' lang='lat' dir='ltr'><strong>Quem</strong></span> <span class='ocrx_word' id='word_1_795' title='bbox 3837 5508 3961 5564; x_wconf 41' lang='lat' dir='ltr'><strong>mo:</strong></span> 
     </span>
    </p>
   </div>
   <div class='ocr_carea' id='block_1_116' title="bbox 2375 5562 3961 5639">
    <p class='ocr_par' dir='ltr' id='par_1_116' title="bbox 2375 5562 3961 5639">
     <span class='ocr_line' id='line_1_117' title="bbox 2375 5562 3961 5639; baseline -0.006 -11"><span class='ocrx_word' id='word_1_796' title='bbox 2375 5588 2490 5628; x_wconf 89' lang='lat' dir='ltr'><strong>rem</strong></span> <span class='ocrx_word' id='word_1_797' title='bbox 2538 5568 2891 5639; x_wconf 10' lang='lat' dir='ltr'><strong>inicregorio</strong></span> <span class='ocrx_word' id='word_1_798' title='bbox 2917 5583 3133 5639; x_wconf 81' lang='lat' dir='ltr'><strong>quoque</strong></span> <span class='ocrx_word' id='word_1_799' title='bbox 3179 5562 3519 5621; x_wconf 79' lang='lat' dir='ltr'><strong>Antioclteno</strong></span> <span class='ocrx_word' id='word_1_800' title='bbox 3562 5563 3764 5619; x_wconf 88' lang='lat' dir='ltr'><strong>videsis</strong></span> <span class='ocrx_word' id='word_1_801' title='bbox 3812 5562 3961 5633; x_wconf 90' lang='lat' dir='ltr'><strong>apud</strong></span> 
     </span>
    </p>
   </div>
   <div class='ocr_carea' id='block_1_117' title="bbox 2376 5638 3865 5713">
    <p class='ocr_par' dir='ltr' id='par_1_117' title="bbox 2376 5638 3865 5713">
     <span class='ocr_line' id='line_1_118' title="bbox 2376 5638 3865 5713; baseline 0.007 -16"><span class='ocrx_word' id='word_1_802' title='bbox 2376 5638 2879 5713; x_wconf 12' lang='lat' dir='ltr'><strong>nostr.ll_,p.:557.</strong></span> <span class='ocrx_word' id='word_1_803' title='bbox 2922 5706 2935 5713; x_wconf 88' lang='lat'>_</span> <span class='ocrx_word' id='word_1_804' title='bbox 3048 5638 3066 5713; x_wconf 51' lang='grc' dir='ltr'>ξ</span> <span class='ocrx_word' id='word_1_805' title='bbox 3164 5707 3174 5713; x_wconf 93' lang='lat'><strong>_</strong></span> <span class='ocrx_word' id='word_1_806' title='bbox 3363 5705 3375 5713; x_wconf 84' lang='lat'><strong>_</strong></span> <span class='ocrx_word' id='word_1_807' title='bbox 3436 5704 3449 5713; x_wconf 88' lang='lat'><em>_</em></span> <span class='ocrx_word' id='word_1_808' title='bbox 3614 5704 3626 5713; x_wconf 80' lang='grc'><strong>,</strong></span> <span class='ocrx_word' id='word_1_809' title='bbox 3852 5701 3865 5713; x_wconf 90' lang='grc'><strong>,</strong></span> 
     </span>
    </p>
   </div>
   <div class='ocr_carea' id='block_1_118' title="bbox 2450 5702 3962 5781">
    <p class='ocr_par' dir='ltr' id='par_1_118' title="bbox 2450 5702 3962 5781">
     <span class='ocr_line' id='line_1_119' title="bbox 2450 5702 3962 5781; baseline -0.003 -19"><span class='ocrx_word' id='word_1_810' title='bbox 2450 5712 2561 5781; x_wconf 76' lang='grc'><strong>(15)</strong></span> <span class='ocrx_word' id='word_1_811' title='bbox 2612 5702 2877 5781; x_wconf 72' lang='lat' dir='ltr'><strong>Jordanes</strong></span> <span class='ocrx_word' id='word_1_812' title='bbox 2922 5706 3177 5781; x_wconf 79' lang='lat' dir='ltr'><strong>baptismi</strong></span> <span class='ocrx_word' id='word_1_813' title='bbox 3240 5704 3549 5776; x_wconf 84' lang='lat' dir='ltr'><strong>symbolum</strong></span> <span class='ocrx_word' id='word_1_814' title='bbox 3592 5704 3666 5781; x_wconf 86' lang='lat' dir='ltr'><strong>_i_n</strong></span> <span class='ocrx_word' id='word_1_815' title='bbox 3722 5702 3962 5781; x_wconf 51' lang='lat' dir='ltr'><strong>mugivis</strong></span> 
     </span>
    </p>
   </div>
   <div class='ocr_carea' id='block_1_119' title="bbox 2386 5724 3964 5908">
    <p class='ocr_par' dir='ltr' id='par_1_119' title="bbox 2386 5724 3964 5908">
     <span class='ocr_line' id='line_1_120' title="bbox 2450 5724 3962 5834; baseline -0.003 -72"><span class='ocrx_word' id='word_1_816' title='bbox 2450 5724 2561 5781; x_wconf 72' lang='grc'><strong>(15)</strong></span> <span class='ocrx_word' id='word_1_817' title='bbox 2612 5724 2877 5765; x_wconf 77' lang='lat' dir='ltr'><strong>Joroanes</strong></span> <span class='ocrx_word' id='word_1_818' title='bbox 2924 5724 3177 5834; x_wconf 53' lang='lat' dir='ltr'><strong>uagusmt</strong></span> <span class='ocrx_word' id='word_1_819' title='bbox 3240 5724 3549 5776; x_wconf 79' lang='lat' dir='ltr'><strong>symDOIum</strong></span> <span class='ocrx_word' id='word_1_820' title='bbox 3615 5724 3666 5757; x_wconf 84' lang='grc' dir='ltr'><strong>ιιι</strong></span> <span class='ocrx_word' id='word_1_821' title='bbox 3722 5724 3962 5758; x_wconf 79' lang='lat' dir='ltr'><strong>muswts</strong></span> 
     </span>
     <span class='ocr_line' id='line_1_121' title="bbox 2386 5771 3964 5863; baseline -0.006 -26"><span class='ocrx_word' id='word_1_822' title='bbox 2386 5781 2668 5863; x_wconf 76' lang='lat' dir='ltr'><strong>Romanis.</strong></span> <span class='ocrx_word' id='word_1_823' title='bbox 2712 5778 2807 5836; x_wconf 81' lang='lat' dir='ltr'><strong>llic</strong></span> <span class='ocrx_word' id='word_1_824' title='bbox 2839 5780 2970 5836; x_wconf 85' lang='lat' dir='ltr'><strong>dicit</strong></span> <span class='ocrx_word' id='word_1_825' title='bbox 3035 5778 3308 5849; x_wconf 80' lang='lat' dir='ltr'><strong>aptizatos</strong></span> <span class='ocrx_word' id='word_1_826' title='bbox 3337 5789 3550 5833; x_wconf 83' lang='lat' dir='ltr'><strong>omnes.</strong></span> <span class='ocrx_word' id='word_1_827' title='bbox 3590 5774 3643 5828; x_wconf 89' lang='lat' dir='ltr'><strong>id</strong></span> <span class='ocrx_word' id='word_1_828' title='bbox 3677 5782 3763 5829; x_wconf 83' lang='lat' dir='ltr'><strong>est</strong></span> <span class='ocrx_word' id='word_1_829' title='bbox 3796 5771 3964 5827; x_wconf 85' lang='lat' dir='ltr'><strong>Chri-</strong></span> 
     </span>
     <span class='ocr_line' id='line_1_122' title="bbox 2386 5862 2615 5908; baseline -0.013 0"><span class='ocrx_word' id='word_1_830' title='bbox 2386 5862 2615 5908; x_wconf 80' lang='lat' dir='ltr'><strong>sttanos.</strong></span> 
     </span>
    </p>
   </div>
   <div class='ocr_carea' id='block_1_120' title="bbox 2386 5865 2615 5908">
    <p class='ocr_par' dir='ltr' id='par_1_120' title="bbox 2386 5865 2615 5908">
     <span class='ocr_line' id='line_1_123' title="bbox 2386 5865 2615 5908; baseline -0.013 0"><span class='ocrx_word' id='word_1_831' title='bbox 2386 5865 2615 5908; x_wconf 70' lang='grc' dir='ltr'>ειιίιυος.</span> 
     </span>
    </p>
   </div>
  </div>
