4170 6508
249 448 362 514 749

937 451 1216 511 ORATIO
1254 451 1386 515 VII.
1426 479 1493 487 —
1528 454 1609 513 IN
1647 455 1705 513 S.
1729 451 2046 514 JOANNIS
2081 451 2292 512 BAPT.
2321 451 2833 515 NATIVITATEM

3396 464 3497 527 750

252 560 582 635 ὑπερκλεὴς,
640 559 718 625 ώς
763 563 856 615 καὶ
903 566 970 633 τῇ
1031 564 1334 634 Θεομήτορι
1390 566 1826 635 ἀγχιστεύουσα⁶

1936 564 2224 619 ministerii
2255 565 2362 620 sui.
2411 563 2506 620 illa
2551 581 2682 621 vero
2719 568 2866 623 Sarae
2915 569 3083 638 gloria
3113 571 3369 641 aequalis,
3411 580 3497 633 vel

254 654 419 724 γεννᾷ
443 654 552 724 γάρ
577 654 642 705 ὲκ
667 653 1004 722 στειρώσεως
1027 655 1144 706 κατ’
1163 655 1493 722 ἐπαγγελίαν
1516 656 1615 709 οὐκ
1646 656 1829 709 Ἰσαάκ

252 743 440 797 δοῦλον
470 744 604 796 Θεοῦ
634 744 921 811 κληθέντα,
957 744 1074 796 ἀλλ’
1104 744 1358 813 Ἰωάννην
1386 745 1478 798 τὸν
1514 747 1666 814 φίλον
1695 748 1829 816 γνή-

255 856 368 892 σιον
399 837 603 906 Κυρίου
644 835 1081 906 χρηματίσαντα.
1109 837 1171 887 Ὢ
1200 836 1396 902 ἀγόνου
1429 836 1618 903 νηδύος
1652 837 1829 889 τοιοῦ-

251 945 345 982 τον
397 928 816 998 κυοφορησάσης
847 927 1008 980 παῖδα
1035 927 1046 979 l
1077 927 1121 979 ὦ
1172 927 1424 998 ἀκάρπου
1464 929 1702 997 ἀρούρας
1734 945 1828 998 τη-

253 1021 519 1088 λικαύτην
588 1018 969 1089 βλαστησάσης
1026 1019 1301 1089 ἄσταχυν’
1367 1019 1454 1072 διὰ
1515 1019 1670 1072 τοῦτο
1727 1021 1827 1073 οὐκ

253 1112 594 1182 ἀποκνητέον
630 1111 700 1164 τὰ
741 1111 836 1164 τοῦ
893 1111 1407 1180 μεγαλοφωνοτάτου
1449 1113 1673 1166 Ἡσαΐου
1708 1131 1828 1192 καιέ

253 1202 472 1272 πότερόν
526 1219 642 1264 πως
690 1202 782 1253 καὶ
833 1201 968 1272 πρὸς
1001 1202 1170 1273 αὐτὴν
1203 1203 1678 1272 ἀποφθέγξασθαι’
1710 1193 1827 1260 Eff-

251 1292 567 1363 φρὰνθητι,
598 1291 801 1359 στεῖρα
829 1292 867 1359 ἡ
899 1295 972 1346 οὐ
1002 1294 1314 1352 τίκτουσας
1330 1295 1528 1363 ῥῆξον
1555 1297 1654 1348 καὶ
1676 1297 1827 1364 βόη.

251 1403 388 1451 σον,
409 1387 447 1453 ἡ
479 1387 588 1438 οὐκ
616 1384 935 1449 ὠδίνουσα,
963 1387 1041 1438 ὅτι
1077 1385 1376 1456 ἐξήνθησας
1402 1390 1464 1440 ἐκ
1493 1388 1588 1456 τῆς
1616 1388 1824 1458 ἐρήμου

255 1478 472 1548 μήτρας
500 1476 562 1529 τὸ
604 1475 786 1546 κρίνον
815 1475 912 1544 τῆς
945 1476 1188 1542 ἁγνείας,
1228 1475 1289 1528 τὸ
1339 1477 1488 1544 ῥόδον
1525 1477 1626 1546 τῆς
1661 1494 1824 1530 πνευ-

255 1571 495 1638 ματικῆς
551 1566 826 1637 εύοδμίας,
887 1567 978 1619 τὸν
1041 1566 1280 1635 λειμῶνα
1327 1568 1428 1638 τῆς
1482 1569 1824 1638 ἀγαθοφόρου

252 1660 604 1731 ἐγκρατείας,
630 1659 1060 1729 τδνήμεροφανῆ
1105 1660 1404 1732 λαμπτῆρα
1454 1661 1554 1731 τῆς
1588 1662 1823 1733 Χριστοῦ

253 1751 600 1819 ἑπιφανείας,
634 1751 885 1821 Ἰωάννην
929 1752 1019 1806 τὸν
1053 1752 1448 1824 θεοπρόὸλητον
1483 1756 1824 1826 στρατιώτην

253 1842 346 1896 τοῦ
395 1843 648 1913 οὐρανίου
701 1843 982 1913 βασιλέως,
1048 1843 1140 1896 τὸν
1176 1845 1395 1916 ἄριστον
1440 1846 1540 1915 τῆς
1589 1848 1824 1917 Χριστοῦ

252 1939 623 2004 νυμφαγωγὸν
649 1935 1003 2003 Ἐκκλησίας,
1031 1935 1120 1989 τὸν
1147 1937 1410 2007 ἁσίγητον
1442 1938 1695 2008 μάρτυρα
1728 1940 1826 2008 τῆς

251 2020 423 2087 ὄντως
473 2025 750 2096 ἀληθείας,
783 2025 1032 2097 Ἰωάννην
1085 2028 1175 2080 τὸν
1234 2028 1555 2098 διαπρύσιον
1608 2032 1827 2099 κήρυκα

251 2120 355 2188 τῆς
387 2119 699 2189 μετανοίας,
729 2119 822 2172 τὸν
849 2123 908 2173 ὲν
942 2120 1152 2190 σώματι
1181 2119 1410 2188 ἄγγελον
1444 2121 1538 2174 τοῦ
1594 2123 1823 2190 Κυρίου,

251 2212 347 2264 τὸν
386 2211 694 2280 ἑκφάντορα
712 2210 806 2263 τοῦ
828 2212 882 2263 'A
892 2211 1023 2279 μνοῦ
1044 2211 1137 2262 τοῦ
1170 2212 1414 2281 αἴροντος
1436 2211 1531 2282 τὴν
1553 2213 1828 2283 ἁμαρτίαν

249 2300 350 2354 τοῦ
409 2304 635 2372 κόσμου·
686 2303 782 2355 καὶ
825 2302 932 2354 οὐδ’
974 2301 1038 2354 ἂν
1092 2301 1257 2355 αὑτοῦ
1316 2303 1669 2374 περιλάϐοιμι
1731 2305 1829 2367 τὰς

250 2394 431 2458 ἀξίας,
484 2394 587 2446 κᾶν
639 2393 806 2446 πλείω
840 2392 1137 2462 προσθείην
1185 2394 1283 2463 τῆς
1311 2394 1557 2465 κλήσεως
1604 2395 1672 2446 τά
1710 2394 1829 2446 ὀνό-

255 2501 425 2556 ματα’
462 2483 810 2552 πολυώνυμος
858 2483 965 2553 γάρ
991 2483 1072 2547 τίς
1117 2485 1252 2552 ὲστι,
1293 2486 1390 2539 καὶ
1434 2484 1740 2551 πολυάξιος,
1768 2485 1828 2538 τὸ

254 2577 444 2648 μεῖζον
490 2577 639 2647 παρὰ
672 2575 879 2640 πάντας
915 2577 1043 2641 τοὺς
1099 2579 1356 2648 χριστοὺς
1393 2579 1597 2646 Κυρίου
1628 2578 1824 2649 κεκληη

255 2659 523 2742 ρωμένος.

326 2790 396 2852 γ’.
436 2784 546 2837 Καὶ
576 2782 707 2852 γοῦν
740 2785 966 2854 τιμᾶται
996 2783 1092 2836 καὶ
1117 2782 1302 2836 Ἰσαάκ
1333 2781 1429 2835 τοῦ
1483 2783 1827 2852 προπάτορος

251 2881 317 2934 τὸ
341 2878 603 2947 γενέσιον,
642 2879 809 2950 ὅνπερ
854 2879 1042 2949 Σάρῤα
1075 2875 1416 2930 συλλαϐοῦσα
1453 2877 1546 2930 καὶ
1594 2875 1828 2927 τεκοῦσα

253 2973 374 3026 υῐδν
434 2973 515 3034 είς
555 2971 749 3041 γῆρας,
785 2965 904 3022 εἶτα
970 2969 1066 3021 καὶ
1107 2968 1356 3031 εἰποῦσα,
1386 2966 1486 3029 Τίς
1511 2966 1836 3033 ἀναγγελεῖ

265 3064 526 3131 Ἀϐραὰμ
559 3062 647 3114 ὅτι
681 3058 916 3128 θηλάζει
947 3058 1144 3126 Σὰρῤα
1203 3057 1474 3120 παιδίον,
1527 3058 1610 3124 ἐφ’
1639 3050 1684 3122 ᾧ
1736 3055 1831 3108 καὶ

257 3155 503 3225 μεγάλην
543 3153 706 3222 δοχὴν
731 3151 902 3204 ποιῶν
934 3151 1180 3218 φαίνεται
1209 3149 1266 3201 ἐν
1297 3147 1482 3220 ἡμέρᾳ
1519 3149 1618 3217 τῆς
1662 3148 1828 3201 αὑτοῦ

1930 656 2112 724 potius
2158 658 2444 726 superior,
2485 668 2672 728 utpote
2704 658 2798 714 Dei
2835 659 3060 716 Matrem
3095 666 3493 737 prOpinquitate

1931 746 2275 815 contingens.
2331 746 2478 800 Parit
2546 751 2689 802 enim
2751 767 2812 803 ex
2874 753 3158 809 sterilitate
3198 761 3492 814 secundum

1930 834 2394 904 promissionem,
2455 838 2599 892 haud
2661 838 2902 894 Isaacum
2964 842 3059 897 Dei
3114 861 3333 901 servum
3396 865 3496 904 vo-

1929 937 2111 980 catum
2153 928 2234 989 θ’.
2289 928 2382 982 sed
2411 927 2674 985 Joannem
2725 932 2813 1000 qui
2849 949 3010 988 verus
3043 933 3256 991 Domini
3291 940 3500 996 exstitit

1930 1019 2156 1073 amicus.
2213 1017 2256 1072 Ο
2311 1018 2550 1074 sterilem
2597 1031 2853 1090 uterum,
2905 1027 2998 1095 qui
3052 1029 3212 1082 talem
3263 1033 3498 1099 gestavit

1929 1108 2102 1163 ﬁlium
2130 1111 2142 1163 !
2170 1109 2213 1164 Ο
2246 1110 2650 1166 infructuosum
2680 1129 2891 1183 agrum,
2923 1120 3013 1186 qui
3048 1118 3152 1175 tale
3176 1132 3497 1193 tantumque

1929 1199 2137 1266 spicum
2207 1201 2565 1268 germinavit!
2637 1202 3000 1267 Quamobrem
3053 1221 3158 1264 non
3223 1220 3305 1265 est
3361 1227 3496 1267 cun-

1927 1287 2185 1342 ctandum
2216 1291 2380 1344 verba
2412 1292 2498 1344 illa
2545 1295 2874 1350 vocalissimi
2911 1297 3060 1353 Isaiae
3090 1317 3227 1357 novo
3256 1304 3493 1374 quodam

1928 1384 2092 1436 modo
2114 1385 2178 1439 de
2198 1386 2313 1454 ipsa
2342 1387 2555 1442 dicere:
2583 1388 2811 1456 Laztare,
2833 1395 3029 1448 sterilis
3057 1412 3172 1464 qua:
3196 1415 3297 1451 non
3327 1403 3496 1468 paris;

1927 1491 2141 1544 erumpe
2170 1486 2218 1530 et
2259 1478 2588 1548 clama,quw
2614 1498 2713 1533 non
2746 1486 2981 1550 parturis
3015 1482 3096 1550 ⁷ο,
3135 1489 3392 1556 quoniam
3434 1508 3501 1547 ex

1929 1566 2140 1622 deserta
2173 1569 2400 1625 matrice
2431 1579 2520 1626 tua
2551 1572 2726 1627 lilium
2758 1572 2995 1632 efﬂoruit
3017 1580 3349 1648 sanctitatis,
3378 1599 3500 1637 rosa

1930 1657 2191 1725 spiritalis
2233 1660 2537 1725 suavitatis,
2565 1674 2782 1731 pratum
2817 1666 2964 1722 utilis
2989 1672 3335 1725 continentia:
3358 1712 3372 1736 ,
3405 1672 3498 1728 fax

1931 1747 2165 1803 interdiu
2200 1766 2417 1820 quoque
2462 1754 2756 1822 conspicua
2791 1755 2991 1811 Christi
3015 1759 3307 1828 adventus,
3347 1760 3481 1818 Joan

1928 1855 2026 1895 nes
2078 1856 2108 1895 a
2175 1840 2282 1898 Deo
2335 1844 2538 1900 electus
2597 1847 2752 1902 miles
2790 1848 3024 1904 caelestis
3054 1852 3225 1922 regis,
3257 1857 3494 1924 Optimus

1861 1911 1900 1966 Β
1930 1930 2186 1986 Ecclesiae
2261 1933 2463 1990 Christi
2532 1939 2969 2010 paranymphus,
3021 1911 3171 1998 testis
3212 1911 3501 2016 nunquam

1932 2016 2130 2072 tacitus
2156 2017 2275 2088 ejus
2299 2059 2313 2083 ,
2360 2036 2482 2091 qua:
2515 2040 2642 2078 vere
2675 2033 2776 2091 est,
2831 2030 3090 2093 veritatis,
3123 2029 3359 2089 Joannes
3386 2050 3500 2104 p0)-

1930 2110 2170 2165 nitentim
2228 2128 2465 2170 canorus
2525 2133 2734 2184 praeco,
2789 2133 2912 2173 cum
2970 2137 3199 2192 corpore
3280 2127 3505 2196 angelus

1933 2199 2181 2270 Domini,
2229 2205 2563 2276 indenggui
2613 2209 2707 2278 qui
2771 2211 2906 2266 tollit
2960 2225 3234 2282 peccatum
3289 2220 3499 2275 mundi.

1932 2288 2120 2366 Neque
2175 2294 2381 2361 possim
2419 2296 2539 2364 ejus
2589 2298 2875 2367 complecti
2924 2301 3276 2371 dignitatem,
3330 2322 3504 2375 quan-

1935 2384 2133 2437 tumvis
2183 2387 2402 2439 nomina
2445 2388 2871 2458 appellationum
2924 2394 3279 2463 multiplicem
3317 2416 3331 2464 ;
3376 2414 3502 2468 per-

1932 2475 2130 2529 multos
2163 2478 2309 2529 enim
2347 2478 2532 2534 titulos
2559 2480 2958 2554 dignitatesque
2982 2485 3164 2553 habet,
3192 2490 3364 2559 majus
3390 2505 3502 2560 prae

1931 2566 2184 2621 omnibus
2215 2566 2434 2623 Domini
2468 2573 2647 2628 unctis
2681 2572 2922 2629 officium
2956 2578 3201 2634 sortitus.

2002 2767 2054 2821 5.
2095 2767 2238 2825 Sane
2287 2771 2341 2825 in
2380 2771 2587 2827 honore
2617 2774 2850 2829 habetur
2902 2775 3075 2833 lsaaci
3114 2796 3334 2850 quoque
3377 2797 3503 2851 pro-

1931 2859 2193 2927 genitoris
2251 2863 2527 2927 nativitas,
2598 2881 2758 2934 quem
2816 2882 2940 2922 cum
2987 2873 3325 2942 concepisset
3367 2875 3504 2930 Sara

1933 2949 2102 3003 lilium
2136 2959 2190 3006 et
2221 2952 2272 3005 in
2307 2964 2585 3010 senectute
2605 2960 2928 3028 peperisset,
2949 2963 3085 3016 dixit
3119 2982 3131 3016 :
3170 2982 3187 3013 ι
3213 2963 3340 3028 Quis
3372 2983 3505 3019 nun-

1933 3039 2086 3094 tiabit
2116 3041 2416 3098 Abrahamo
2439 3049 2575 3115 quod
2599 3050 2738 3103 Sara
2763 3052 2986 3120 ﬁliolum
3016 3055 3170 3109 Iactet
3189 3057 3232 3087 ⁷¹
3257 3057 3279 3108 ?
3314 3076 3330 3108 ι
3366 3057 3507 3123 Quo-

1933 3133 2078 3188 circa
2113 3150 2368 3203 magnum
2397 3154 2614 3209 quoque
2644 3154 2864 3199 constat
2893 3156 3100 3214 patrem
3147 3147 3340 3204 fecisse
3369 3164 3505 3204 eon-

253 3223 761 3314 ἀπογαλακτίσεως.
815 3244 924 3294 Καὶ
979 3242 1207 3309 τιμᾶται
1252 3240 1413 3293 πάλιν
1473 3239 1709 3309 Σαμψὼν
1750 3239 1829 3312 [τὸ

1936 3223 2133 3278 vivium
2168 3226 2254 3282 die
2275 3228 2655 3286 ablactationis
2679 3234 2818 3302 ejus.
2857 3235 3164 3292 llonoratur
3195 3240 3322 3294 item
3353 3250 3508 3296 nata-

255 3335 521 3408 γενέσιον]
548 3334 642 3388 τοῦ
675 3333 958 3403 τεχθέντος
987 3332 1186 3387 Μανωὲ
1234 3332 1355 3385 κατ’
1385 3331 1738 3400 ἐπαγγελίαν,
1771 3335 1834 3384 ὲκ

257 3429 480 3499 στείρας
509 3426 604 3480 καὶ
630 3425 795 3488 αὐτὸς
825 3424 1226 3494 προερχόμενος
1245 3438 1260 3454 ·
1305 3422 1382 3488 ὃς,
1415 3425 1601 3490 φησὶν,
1627 3423 1688 3474 οὺ
1719 3421 1835 3473 πίει

256 3539 350 3574 ται
379 3515 520 3573 οἶνον
574 3518 668 3570 καὶ
717 3516 929 3584 σίκερα,
960 3514 1052 3566 καὶ
1080 3514 1140 3565 ού
1170 3513 1243 3582 μὴ
1281 3512 1428 3582 φάγῃ
1459 3513 1566 3564 πᾶν
1592 3511 1837 3580 ἀκάθαρ-

255 3630 373 3666 τονο
412 3611 507 3664 καὶ
525 3609 688 3671 αὐτὸς
719 3606 940 3675 ἄρξεται
975 3604 1167 3668 σώζειν
1197 3603 1287 3656 τὸν
1314 3602 1531 3672 Ἰσραὴλ
1562 3604 1625 3654 ὲκ
1655 3603 1838 3672 χειρὸς

256 3703 596 3774 ἀλλοφύλων.
628 3701 746 3753 Ἔτι
775 3699 832 3752 δὲ
866 3697 1002 3768 πρὸς
1040 3696 1269 3761 τούτοις,
1306 3695 1392 3747 ἵνα
1417 3697 1484 3748 τὰ
1523 3695 1630 3748 τῶν
1663 3695 1838 3748 ἄλλων

258 3795 543 3866 παραθέω,
601 3792 696 3847 καὶ
739 3789 995 3857 Σαμουὴλ
1033 3788 1125 3841 τοῦ
1160 3789 1227 3842 τὰ
1270 3788 1581 3858 ἔμπροσθεν
1615 3788 1838 3856 βλέπονο

261 3903 376 3951 τος,
398 3886 456 3939 δν
482 3885 666 3937 ἔτεκεν
698 3885 731 3951 ή
762 3881 1142 3948 πολυΰμνητος
1180 3879 1346 3930 Ἀννα
1373 3877 1449 3946 τῷ
1486 3877 1638 3947 ἀνδρὶ
1665 3876 1839 3945 αὐτῆς

274 3979 530 4047 Ἐλκανᾷ,
560 3973 869 4043 ἀναθεμένη
903 3973 966 4024 ὲκ
997 3970 1230 4042 βρέφους
1280 3969 1357 4040 τῷ
1403 3969 1539 4040 Θεῷ,
1574 3970 1716 4022 Ἀλλ’
1747 3969 1838 4022 οὗ-

260 4091 382 4136 πως
405 4072 503 4141 τῆς
520 4069 766 4122 Ἰωάννου
787 4065 1121 4135 τετυχήκασι
1151 4063 1589 4133 μεγαλειότητος,
1623 4065 1840 4130 ἀγαπη-

259 4165 366 4220 τοί·
408 4164 541 4217 διότι
569 4163 619 4214 οἱ
656 4161 754 4231 μὲν
794 4158 900 4228 πρὸ
930 4157 1096 4225 νόμου
1120 4155 1214 4207 τοῦ
1237 4152 1508 4222 γραπτοῦ,
1537 4155 1582 4204 οἱ
1613 4153 1667 4205 δὲ
1704 4153 1841 4221 μετὰ

262 4261 429 4328 νόμον
453 4273 466 4285 ·
498 4255 751 4322 Ἰωάννης
777 4251 832 4302 δὲ
861 4252 888 4302 6
933 4249 1047 4310 υίὸς
1081 4247 1350 4317 Ζαχαρίου
1385 4246 1478 4298 τοῦ
1526 4247 1716 4314 ἱερέως
1748 4247 1840 4296 καὶ

274 4350 554 4405 Ἐλισάὸετ
602 4348 698 4415 τῆς
757 4341 1102 4412 θαυμασίας,
1155 4340 1489 4410 προεισόδιον
1537 4338 1695 4400 ἄνθος
1744 4339 1842 4407 τῆς

262 4441 504 4514 Χριστοῦ
530 4435 852 4508 παρουσίας,
883 4433 1138 4486 ἀνέθαλλε
1182 4433 1345 4503 μέσον
1369 4431 1533 4500 νόμου
1563 4429 1660 4483 καὶ
1687 4429 1842 4499 χάρι-

265 4555 358 4598 τος
389 4531 682 4603 ἀναφανείς
706 4545 721 4558 ο
754 4526 1072 4598 προηύγασε
1111 4525 1217 4595 γὰρ
1245 4526 1272 4576 6
1301 4521 1492 4593 νοητὸς
1541 4521 1838 4590 ἑωσφόρος,

266 4628 550 4699 σημαίνων
574 4625 672 4692 τὴν
704 4618 970 4688 ἀνατολὴν
1002 4616 1096 4669 τοῦ
1138 4616 1320 4668 Ἡλίου
1349 4616 1446 4684 τῆς
1468 4613 1834 4682 δικαιοσύνης·

265 4719 605 4791 προέδραμεν
634 4717 662 4767 6
701 4707 1038 4776 στρατιώτης
1069 4707 1245 4777 δηλῶν
1271 4706 1370 4776 τὴν
1409 4704 1504 4758 τοῦ
1555 4703 1836 4774 παμϐασι-

264 4814 403 4875 λέως
436 4807 729 4877 ἐπιδημίαν
751 4818 764 4832 ⁶
819 4799 980 4868 ἦλθεν
1025 4802 1053 4852 6
1101 4798 1464 4869 νυμφαγωγὸς
1493 4797 1712 4867 μηνύων
1738 4797 1837 4866 τὴν

265 4901 585 4956 ἐπιστασίαν
619 4897 712 4950 τοῦ
742 4896 997 4962 νυμφίου·
1029 4890 1122 4944 καὶ
1154 4891 1202 4942 οἱ
1232 4889 1330 4959 μὲν
1373 4887 1510 4957 μετά
1541 4904 1693 4950 τινας
1719 4903 1841 4939 και-

267 4997 397 5067 ρους
445 4992 546 5061 τῆς
595 4985 1035 5057 ἁποκυήσεως,ἢ
1091 4979 1587 5053 προεφήτευσαν,ἢ
1645 4979 1837 5046 ἐτερα-

263 5088 596 5156 τούργησαν⁶
639 5084 666 5134 6
709 5081 764 5133 δὲ
814 5081 893 5132 ἐτι
952 5071 1472 5144 ὲγκυοφορούμενος,
1521 5070 1833 5138 Πνεύματος

268 5180 428 5248 ἁγίου
483 5173 885 5246 ἐμπέπλησται,
947 5171 1038 5221 καὶ
1091 5162 1504 5235 θαυματουργὸς
1559 5161 1836 5215 ὰναδὲδει-

268 5291 416 5327 κται.

337 5478 404 5533 ἃ.
439 5472 737 5545 Τοιγαροῦν
772 5469 914 5524 ἔοικέ
963 5485 1052 5539 μοι
1083 5461 1320 5518 τοιοῦτόν
1364 5477 1437 5525 τι,
1473 5458 1537 5511 ἵν’
1568 5457 1643 5521 ὡς
1671 5457 1728 5509 ὲν
1764 5455 1844 5506 είο

268 5572 390 5628 κόνι
418 5567 760 5638 παραστήσω
790 5562 850 5615 τὸ
913 5556 1328 5631 μεγαλοπρεπὲς
1369 5551 1459 5648 τοῦ
1508 5548 1843 5648 Προδρόμοοο

268 5665 461 5733 ὥσπερ
477 5678 559 5723 τις
579 5655 671 5713 οῦν
704 5653 954 5728 βασιλεὺς
976 5654 1039 5705 ὲκ
1071 5651 1179 5703 τῶν
1207 5645 1521 5714 ἀνακτόρων
1549 5639 1842 5711 βασιλικως

1939 3317 2005 3372 lis
2046 3317 2351 3387 Samsonis,
2393 3339 2554 3392 quem
2589 3326 2783 3382 Manue
2829 3329 2996 3384 tilium
3028 3334 3266 3402 suscepit
3311 3349 3506 3389 secun-

1937 3409 2065 3462 dum
2116 3413 2558 3481 promissionem,
2597 3418 2663 3471 de
2699 3429 2871 3474 matre
2903 3421 3073 3476 sterili
3123 3425 3375 3478 similiter
3416 3439 3508 3480 or—

1940 3509 2051 3554 tum
2088 3507 2246 3572 ;qui,
2279 3514 2338 3561 ut
2370 3505 2445 3560 ait
2492 3505 2774 3578 Scriptura
2795 3512 2862 3576 τ’,
2913 3514 3182 3570 bibiturus
3227 3531 3335 3571 non
3391 3527 3511 3573 erat

1939 3597 2127 3651 vinum
2179 3612 2356 3667 neque
2407 3599 2658 3664 siceram,
2702 3617 2800 3656 nec
2831 3603 3173 3658 immundum
3210 3607 3509 3677 quidquam

1940 3689 2368 3744 manducaturus
2399 3708 2414 3754 ;
2445 3691 2698 3760 idemque
2729 3692 2942 3748 initium
2982 3695 3226 3751 facturus
3262 3698 3511 3753 salvandi

1943 3780 2154 3836 Israelis
2203 3781 2270 3836 de
2323 3782 2752 3853 alienigenarum
2791 3802 2976 3841 manu.
3026 3789 3223 3844 Prmter
3279 3791 3399 3853 hos,
3453 3800 3514 3845 ut

1941 3872 2076 3926 alios
2123 3873 2394 3938 omittam,
2438 3873 2730 3940 Samuelis,
2782 3877 2877 3945 qui
2932 3893 3016 3933 res
3068 3879 3119 3932 in
3167 3889 3511 3936 antecessum

1942 3964 2176 4027 videbat,
2208 3966 2509 4019 honoratur
2539 3967 2738 4022 natalis
2764 3986 2778 4032 ;
2801 3984 2960 4037 quem
2991 3973 3198 4038 peperit
3226 3973 3514 4027 celeberri-

1942 4069 2029 4108 ma
2059 4055 2212 4109 Anna
2249 4056 2365 4110 viro
2412 4072 2512 4112 suo
2556 4056 2827 4122 Helcanae.
2856 4069 2909 4115 et
2935 4061 3005 4116 ab
3035 4061 3265 4116 infantia
3297 4062 3406 4118 Deo
3435 4064 3516 4118 di-

1944 4149 2105 4204 cavit.
2141 4148 2244 4204 Sed
2278 4150 2366 4205 isti
2399 4167 2506 4205 non
2536 4157 2770 4208 assecuti
2806 4163 2934 4208 sunt
2975 4152 3203 4209 Joannis
3241 4157 3514 4211 excellen-

1945 4237 2099 4301 tiam,
2132 4254 2164 4290 o
2190 4239 2378 4292 dilecti
2409 4256 2423 4304 ;
2471 4255 2597 4293 nam
2639 4244 2835 4310 partim
2887 4253 3012 4298 ante
3050 4243 3220 4315 legem
3253 4249 3514 4314 scriptam

1946 4328 2184 4397 fuerunt,
2217 4333 2410 4400 partim
2435 4343 2560 4402 post
2589 4335 2778 4406 legem.
2821 4335 3059 4392 Joannes
3090 4348 3269 4394 autem
3303 4338 3514 4395 Zacha-

1947 4423 2040 4476 τῖλε
2071 4425 2371 4479 sacerdotis
2396 4435 2449 4480 et
2481 4427 2723 4482 mirifica:
2766 4427 3052 4484 Elisahetae.
3081 4431 3246 4499 ﬁlius;
3278 4433 3516 4501 pullula-

1947 4518 2022 4568 vit
2053 4514 2153 4570 llos
2187 4518 2500 4585 praecedens
2534 4518 2736 4574 Christi
2783 4522 3100 4584 adventum,
3131 4525 3344 4580 medius
3375 4526 3518 4581 inter

1946 4604 2116 4674 legem
2145 4616 2198 4661 et
2226 4609 2452 4677 gratiam
2511 4624 2796 4679 apparens.
2859 4613 3114 4667 Praeluxit
3142 4615 3285 4668 enim
3311 4615 3518 4669 intelle-

1945 4697 2139 4751 ctualis
2194 4698 2406 4765 lucifer,
2456 4709 2636 4754 ortum
2688 4700 2831 4757 Solis
2878 4703 3102 4771 justitiaz
3154 4705 3515 4774 significans:

1945 4789 2224 4857 praeessit
2258 4789 2413 4844 miles
2445 4791 2586 4860 regis
2636 4793 2960 4847 universalis
2990 4793 3280 4848 adventum
3305 4795 3517 4850 denun-

1948 4881 2090 4934 tians
2132 4899 2144 4934 :
2206 4882 2354 4935 venit
2405 4884 2813 4953 paranymphus
2872 4900 3131 4953 sponsum
3174 4886 3365 4940 adesse
3391 4902 3516 4955 por-

1947 4974 2174 5027 tendens
2207 5013 2221 5029 .
2279 4973 2343 5028 Et
2390 4975 2478 5028 alii
2528 4977 2744 5044 quidem
2811 4978 3088 5046 aliquanto
3150 4985 3276 5046 post
3324 4979 3520 5032 nativi-

1948 5072 2110 5116 tatem
2147 5075 2408 5134 tempore,
2460 5065 2546 5120 vel
2595 5067 3075 5134 prOphetaverunt,
3125 5069 3206 5121 vel
3256 5067 3518 5122 miracula

1944 5156 2279 5220 ediderunt;
2341 5158 2430 5212 hic
2488 5166 2669 5212 autem
2726 5159 2903 5213 adhuc
2959 5170 3200 5230 gestatus
3257 5161 3312 5215 in
3340 5171 3519 5225 utero,

1947 5247 2150 5317 Spiritu
2180 5256 2369 5303 sancto
2398 5251 2635 5318 repletus
2667 5259 2804 5308 erat.
2838 5259 2892 5305 et
2921 5252 3293 5321 prodigiorum
3324 5261 3519 5306 auctor

1947 5343 2218 5411 apparuit.

2018 5456 2072 5509 4.
2102 5454 2468 5520 Quamobrem
2491 5455 2638 5511 venit
2663 5457 2794 5510 mihi
2828 5457 2882 5511 in
2908 5467 3166 5526 mentem,
3199 5468 3256 5514 ut
3281 5459 3518 5530 imagine

1949 5549 2182 5617 quadam
2218 5546 2673 5616 magnificentiam
2711 5547 3074 5604 Precursoris
3106 5558 3513 5620 repraesentem.

1956 5641 2109 5695 Sicut
2138 5641 2282 5695 enim
2318 5656 2412 5694 rex
2445 5655 2510 5695 ex
2544 5640 2745 5710 palatio
2778 5644 3034 5713 regaliter
3072 5644 3388 5715 procedens,
3423 5643 3520 5697 ha-

345 5862 388 5892 "
419 5858 558 5913 Gen.
618 5870 766 5919 utv,
822 5853 927 5915 H;
959 5851 1089 5902 Dan.
1118 5863 1199 5909 ιιι,
1235 5845 1306 5900 35
1401 5843 1446 5875 ⁷ο
1483 5841 1584 5894 lsa.
1623 5852 1728 5902 Liv,
1769 5838 1816 5891 ί.

1966 5839 2307 5904 Gcn.xxn,7,
2387 5836 2621 5893 "Judic.
2650 5855 2766 5903 xm,
2805 5842 2889 5896 H.
