4170 6484
639 470 737 544 751

638 595 729 648 bet
782 589 960 660 primo
1022 580 1389 653 praecedentes
1459 570 1680 625 lictores
1733 571 1787 617 et
1836 555 2208 628 sceptriferos,
2241 557 2288 614 Α

641 652 837 741 deinde
879 652 1156 740 consules,
1197 668 1482 743 praefectos
1537 669 1590 715 et
1632 656 1884 711 ordinum
1931 652 2206 710 ductores,

1826 445 1886 502 S.
1923 435 2316 500 THEODORI
2354 433 2700 493 STUDl'l‘.‘E

3784 415 3894 481 752

2318 550 2738 620 προερχόμενος,
2772 548 2882 617 ἔχει
2913 533 3009 617 μὲν
3043 543 3232 614 πρῶτα
3280 540 3614 612 ἡγουμένους
3667 537 3894 609 ραὁδούυ

2315 640 2602 711 χουςτινάς
2623 639 2714 691 καὶ
2743 638 3216 706 σκηπτροφόρους,
3235 633 3425 685 ἔπειτα
3444 631 3702 691 ὑπάτους,
3723 630 3898 698 ὑπάρ-

642 783 921 846 postremo
948 722 1182 836 aliquem
1202 722 1418 829 rmajore
1446 752 1708 823 dignitate
1738 745 2020 818 praeditum
2044 758 2059 807 ;
2093 748 2215 806 post

2340 749 2442 801 [ους
2492 748 2551 782 τε
2589 731 2681 783 καὶ
2741 728 3064 798 ταξιάρχους
3095 768 3108 789 ,
3153 727 3382 794 ἔσχατον
3406 723 3466 776 δέ
3494 739 3613 776 τινα
3647 722 3899 789 ἀξιωμα-

2340 822 2609 846 ..-..r._---..
2672 818 2787 846 ..-η’
2811 818 2869 846 ι..
2902 818 3061 846 ..-.n:...
3086 817 3113 846 λ
3139 815 3287 846 ρηρὴ
3304 815 3394 846 εξιρ
3425 812 3644 846 ληέηωρ
3679 810 3899 846 ξρσρηηῖ,

642 880 805 937 quem
841 861 1026 917 statim
1077 872 1191 918 rex,

644 923 698 1013 et
748 954 910 1012 claris
958 948 1232 1020 lapidibus
1275 942 1528 1012 fulgens;
1576 937 1647 989 ita
1672 944 1888 987 mecum
1938 926 2116 997 cogita
2152 923 2216 976 de

645 1064 777 1105 vero
813 1046 1088 1110 unicoqne
1123 1037 1365 1093 omnium
1419 1046 1545 1101 rege
1585 1027 1802 1082 Christo
1851 1021 1959 1074 Deo
1998 1026 2211 1070 nostro.

647 1141 788 1196 Huic
841 1138 983 1191 enim
1040 1147 1133 1203 per
1191 1139 1409 1183 carnem
1453 1121 1509 1175 in
1564 1117 1824 1172 mundum
1878 1112 2213 1178 ingressuro,

651 1200 1056 1306 praecesserunt
1115 1217 1461 1292 patriarchas,
1531 1208 1876 1264 Abrahamus
1940 1200 2216 1260 videlicet,

649 1295 890 1385 lsaacus,
941 1317 1222 1372 Jacohus:
1269 1307 1465 1364 deinde
1509 1301 1723 1372 Moyses
1785 1297 1880 1352 Dei
1926 1295 2219 1362 interpres,

651 1418 828 1470 Aaron
851 1422 1014 1482 atque
1047 1402 1289 1464 Samuel,
1315 1409 1369 1454 et
1393 1396 1648 1451 universa
1683 1388 2070 1460 prophetarum
2106 1394 2224 1437 tur-

651 1513 743 1565 ba.
793 1477 1114 1561 Postremus
1155 1493 1402 1567 apparuit
1453 1488 1718 1547 Joannes,
1758 1494 1994 1550 moxque
2041 1477 2223 1534 statim

651 1602 900 1659 Christus
935 1593 1196 1650 Dominus
1225 1607 1240 1654 ;
1279 1587 1346 1642 de
1385 1599 1494 1654 quo
1521 1581 1610 1636 ille
1639 1579 1776 1634 dixit
1808 1595 1820 1629 :
1858 1574 1958 1639 Qui
1987 1581 2099 1640 post
2147 1583 2227 1621 me

653 1703 899 1749 venturus
925 1697 1025 1750 est,
1048 1695 1167 1737 ante
1190 1697 1268 1734 me
1285 1679 1456 1748 factus
1486 1681 1583 1738 est,
1611 1672 1735 1742 quia
1758 1669 1902 1737 prior
1923 1682 2001 1717 me
2027 1672 2138 1717 erat
2157 1660 2222 1713 ⁷⁸.

656 1787 722 1840 Et
752 1784 844 1855 qui
875 1781 1103 1836 ultimus
1138 1773 1329 1829 ordine
1349 1778 1452 1831 est,
1481 1765 1745 1835 dignitate
1771 1759 1945 1826 major
1974 1771 2071 1826 pro
2103 1769 2228 1823 pro-

656 1878 909 1950 portione
938 1869 1166 1927 exstitit.
1186 1865 1274 1921 Sic
1302 1876 1431 1931 ergo
1450 1869 1502 1914 et
1527 1856 1983 1957 prophetarumﬁet
2008 1855 2223 1950 aposto-
2257 1897 2302 1957 Β

656 1939 836 2025 lorum
884 1973 938 2020 et
968 1962 1200 2018 aliorum
1260 1954 1505 2010 omnium
1550 1948 1859 2020 praecipuus
1905 1942 2027 2004 fuit,
2072 1939 2227 2008 juxta

661 2075 824 2117 verax
849 2055 1085 2112 Verbum
1122 2062 1351 2118 magnus
1384 2045 1694 2099 Praseursor
1722 2056 1736 2103 ;
1772 2037 1986 2089 illorum
2010 2031 2227 2100 quidem

663 2164 722 2208 ut
764 2152 1128 2216 subsequens,
1181 2142 1374 2195 horum
1424 2143 1483 2187 ut
1527 2143 1842 2202 praecessor.
1902 2125 2008 2177 Sed
2054 2121 2231 2191 agesis

661 2240 1026 2308 evangelicam
1071 2233 1373 2303 aperientes
1414 2223 1722 2284 historiam,
1767 2218 2054 2272 audiamus
2091 2228 2232 2281 quie—

663 2349 789 2388 nam
820 2327 1097 2384 Zachariae
1125 2323 1376 2378 nuntiata
1403 2317 1535 2373 sint.

735 2598 791 2653 5.
838 2592 1098 2663 Apparuit
1141 2590 1209 2654 ei,
1252 2586 1452 2656 inquit,
1494 2581 1710 2650 angelus
1757 2576 1992 2635 Domini.
2025 2583 2170 2627 stans
2203 2588 2237 2624 a

664 2688 868 2744 dextris
906 2684 1095 2738 altaris
1140 2679 1359 2733 incensi.
1416 2673 1484 2726 Et
1533 2669 1873 2724 conturbatus
1906 2675 1982 2719 est
2027 2663 2238 2717 Zacha-

665 2781 778 2836 rias
823 2778 1018 2838 videns,
1068 2781 1117 2826 et
1175 2771 1335 2823 timor
1367 2765 1520 2819 irruit
1555 2777 1711 2831 super
1745 2759 1995 2828 ipsum“.
2035 2755 2238 2824 Nempe

664 2873 796 2944 quia
834 2866 1094 2924 terribilis
1125 2872 1207 2918 est
1235 2860 1479 2930 angelica
1506 2856 1664 2919 visio,
1697 2862 1751 2908 et
1782 2850 2005 2907 terribili
2031 2850 2083 2904 in
2116 2849 2236 2902 loco

665 2941 909 3019 ostensa.
941 2958 1113 3023 Quam
1154 2952 1402 3008 terribilis
1437 2959 1536 3013 est,
1567 2947 1761 3018 inquit,
1794 2946 1940 2998 locus
1969 2941 2102 2997 iste!
2135 2959 2238 2996 non

667 3065 745 3111 est
773 3055 858 3108 hic
903 3049 1058 3104 aliud.
1093 3048 1200 3102 nisi
1241 3047 1427 3099 domus
1461 3041 1637 3096 Dei".
1672 3038 1856 3108 Neque
1901 3045 1984 3092 est
2032 3037 2238 3090 miran-

670 3148 822 3210 dum,
881 3143 926 3198 si
979 3156 1105 3196 cum
1147 3139 1328 3209 justus
1376 3133 1633 3189 sacerdos
1671 3138 1836 3195 esset,
1878 3132 2128 3182 turbatus
2159 3135 2241 3182 est

1226 852 1446 906 nemine
1475 843 1761 912 interiecto
1803 842 2045 906 apparet,
2080 844 2216 886 auro

2340 822 2631 887 τικώτερον,
2671 818 2787 887 μεθ’
2810 818 2869 870 ὃν
2901 818 3061 879 εὐθὺς
3086 817 3114 867 6
3139 815 3394 884 βασιλεὺς
3425 812 3644 881 άμέσως
3677 810 3901 878 ἐπιφαίο

2319 929 2465 963 νεται
2500 911 2684 980 χρυσῷ
2723 911 2819 962 καὶ
2868 909 3035 969 λίθοις
3085 902 3335 973 διαυγέσι
3384 903 3897 972 καταλαμπόμενος,

2319 1004 2465 1057 οὕτω
2502 1022 2589 1072 μοι
2622 1005 2729 1057 νόει
2761 1004 2854 1056 καὶ
2896 1003 2988 1054 ἐπὶ
3025 999 3120 1052 τοῦ
3150 996 3406 1068 ἀληθινοῦ
3460 997 3553 1048 καὶ
3595 998 3757 1064 μόνου
3791 994 3902 1045 τῶν

2321 1097 2456 1148 ὅλων
2511 1095 2775 1164 βασιλέως
2821 1084 3059 1160 Χριστοῦ
3098 1091 3192 1143 τοῦ
3234 1087 3368 1143 Θεοῦ
3400 1087 3581 1157 ἡμῶν·
3615 1086 3903 1154 μέλλοντος

2323 1188 2430 1257 γάρ
2465 1186 2628 1240 αὑτοῦ
2677 1187 2763 1238 διὰ
2824 1186 3026 1255 σαρκὸς
3078 1183 3302 1235 εἰσιέναι
3352 1182 3409 1232 ὲν
3457 1181 3522 1249 τῇ
3583 1180 3903 1248 οἰκουμένῃ,

2326 1282 2710 1349 προηγήσαντο
2734 1278 2832 1347 μὲν
2868 1278 3227 1344 πατριάρχαι,
3253 1266 3365 1325 οἷον
3390 1270 3660 1339 ’Δδραάμ,
3690 1270 3904 1331 Ἰσαάκ,

2338 1371 2549 1426 Ἰακώϐ·
2585 1372 2772 1422 ἔπειτα
2802 1369 3042 1437 Μωῦσῆς
3065 1371 3092 1419 6
3122 1365 3458 1435 Θεοφάντωρ,
3484 1360 3694 1432 Ἀαρών
3723 1376 3781 1411 τε
3808 1360 3908 1411 καὶ

2327 1463 2601 1532 Σαμουὴλ,
2641 1462 2735 1515 καὶ
2770 1462 2879 1524 πᾶς
2918 1462 2946 1512 6
2979 1461 3088 1512 τῶν
3118 1457 3411 1528 προφητῶν
3435 1455 3642 1524 ὅμιλος*
3676 1451 3907 1515 ὕστατος

2327 1557 2382 1609 δέ
2412 1573 2527 1618 πως
2564 1555 2948 1623 πεφανέρωται
2977 1552 3252 1618 Ἰωάννης·
3286 1548 3379 1601 καὶ
3405 1547 3566 1609 εὐθὺς
3585 1545 3908 1614 ὁΔεσπὸτης

2329 1649 2562 1720 Χριστὸς
2599 1649 2727 1718 περὶ
2765 1641 2826 1700 οὗ
2860 1661 3044 1714 φησιν’
3090 1643 3151 1696 '0
3187 1642 3378 1694 ὀπίσω
3406 1657 3524 1707 μου
3558 1639 3906 1706 ἐρχόμενος,

2329 1740 2670 1810 ἔμπροσθέν
2697 1756 2815 1808 μου
2849 1739 3117 1806 γέγονεν,
3151 1735 3240 1788 ὅτι
3274 1731 3505 1800 πρῶτός
3534 1747 3652 1800 μου
3686 1728 3784 1796 ἦν·
3814 1728 3910 1781 καὶ

2329 1837 2357 1886 ὁ
2396 1834 2619 1904 ἔσχατος
2648 1836 2714 1904 τῇ
2762 1831 2914 1896 τάξει
2947 1830 3147 1900 μείζων
3180 1831 3244 1898 τῇ
3285 1827 3435 1893 ἀξίᾳ,
3463 1823 3601 1877 κατά
3631 1822 3692 1875 τὸ
3719 1820 3912 1875 ἀνάλοο

2331 1944 2426 1995 γον
2455 1926 2864 1979 ἀποδέδεικταιο
2923 1922 3065 1976 οὕτω
3095 1921 3274 1973 τοίνυν
3317 1918 3412 1970 καὶ
3461 1913 3760 1985 προφητῶν
3816 1913 3912 1963 καὶ

2332 2017 2645 2069 ἀποστόλων
2673 2017 2767 2069 καὶ
2797 2014 2904 2067 τῶν
2927 2014 3103 2066 ἄλλων
3154 2012 3408 2064 ἁπάντων
3440 2005 3740 2076 πρώτιστος
3771 2002 3914 2055 κατὰ

2332 2109 2422 2161 τὸν
2475 2107 2648 2178 ἀληθῆ
2703 2107 2872 2174 Λόγον
2905 2107 2932 2157 ὁ
2974 2105 3146 2173 μέγας
3199 2101 3535 2170 Πρόδρομος,
3563 2098 3670 2148 τῶν
3701 2095 3798 2164 μὲν
3835 2094 3914 2155 ὡς

2336 2200 2688 2269 ἐφεπόμενος,
2719 2199 2824 2250 τῶν
2854 2197 2912 2249 δὲ
2939 2197 3013 2258 ὼς
3048 2191 3478 2264 προηγούμενος·
3510 2186 3647 2241 ἀλλά
3677 2185 3784 2254 γάρ
3813 2182 3914 2251 τὴν

2336 2291 2701 2360 εὑαγγελικὴν
2750 2288 2988 2359 ἱστορίαν
3037 2285 3441 2347 ἀναπτύξαντες
3471 2321 3486 2346 ,
3548 2275 3914 2345 ἀκουσώμεθα

2336 2383 2455 2435 τίνα
2489 2383 2558 2435 τὰ
2587 2382 2681 2435 τοῦ
2713 2379 2950 2451 Γαϐριὴλ
3000 2379 3137 2448 πρὸς
3183 2374 3276 2429 τὸν
3326 2372 3605 2444 Ζαχαρίαν
3636 2367 3916 2437 ἀπαγγελ-

2336 2472 2558 2542 λόμενα.

2411 2566 2470 2619 ε’.
2518 2567 2707 2634 Ὠφθη
2747 2560 2926 2629 αὐτῷ,
2965 2563 3148 2630 φησιν,
3177 2559 3433 2628 ἄγγελος
3457 2556 3697 2623 Κυρίου.
3723 2553 3916 2620 ἑστὼς

2340 2659 2407 2710 ἐκ
2438 2656 2653 2720 δεξιῶν
2673 2655 2778 2708 τοῦ
2796 2653 3174 2722 θυμιάματος·
3196 2652 3293 2705 καὶ
3308 2649 3599 2718 ἐταράχθη
3613 2649 3915 2716 Ζαχαρίας

2344 2749 2504 2814 ίὸὼν,
2541 2749 2637 2802 καὶ
2681 2750 2865 2817 φόϐος
2893 2745 3193 2801 ἐπέπεσεν
3219 2743 3311 2796 ἐπ’
3333 2743 3520 2796 αὐτόν
3540 2758 3555 2772 ο
3586 2741 3664 2803 ὡς
3708 2740 3917 2810 φοὸερά

2341 2862 2422 2907 τις
2457 2844 2550 2896 καὶ
2600 2844 2632 2912 ἠ
2666 2839 2932 2909 άγγελικὴ
2965 2836 3224 2899 ὀπτασία,
3274 2836 3367 2887 καὶ
3423 2835 3480 2887 ἐν
3515 2832 3730 2904 φοϐερῷ
3766 2834 3917 2904 τόπῳ

2342 2937 2734 3003 καταφανεῖσα·
2760 2933 2849 2998 Ὠς
2882 2931 3132 3001 φοϐερὸς
3163 2929 3292 2996 γὰρ,
3317 2930 3500 2996 φησιν,
3537 2929 3570 2980 ὀ
3595 2927 3779 2992 τόπος
3812 2921 3918 2981 οὖ-

2341 3048 2444 3096 τος
2465 3032 2484 3084 !
2515 3033 2626 3084 οὐκ
2671 3028 2801 3081 ἐστι
2851 3025 3048 3087 τοῦτο,
3080 3026 3214 3077 ἀλλ’
3246 3022 3281 3089 ἦ
3326 3021 3487 3083 οἶκος
3518 3019 3688 3073 Θεοῦ.
3713 3019 3823 3072 Καὶ
3852 3019 3915 3071 οὐ

2343 3121 2652 3192 θαυμαστὸν
2709 3120 2758 3172 εἰ
2805 3119 3008 3181 δίκαιος
3047 3116 3122 3169 ὢν
3177 3118 3205 3168 6
3253 3115 3431 3184 ἱερεὺς
3479 3109 3776 3181 ἐταράχθη,
3825 3111 3920 3163 καὶ

670 3201 942 3304 timorque
973 3232 1028 3285 in
1058 3201 1181 3285 eum
1215 3227 1404 3292 irruit;
1435 3223 1700 3291 siquidem
1733 3228 1785 3273 et
1818 3217 2004 3271 Daniel
2025 3218 2238 3272 deside-

2345 3214 2508 3283 φόϐος
2551 3212 2819 3264 ἐπέπεσεν
2867 3213 2950 3263 ἐπ’
2977 3209 3158 3270 αὑτὸν,
3201 3208 3335 3260 ὅπου
3375 3204 3470 3258 καὶ
3515 3201 3766 3272 Δανιὴλδ
3807 3201 3920 3254 τῶν

671 3329 879 3383 riorum
914 3323 1016 3386 vir,
1062 3321 1251 3374 videns
1296 3315 1596 3384 obstupuit,
1621 3321 1672 3365 et
1705 3311 1757 3364 in
1795 3308 1988 3363 faciem
2041 3308 2244 3364 cadens

672 3434 766 3475 ore
810 3417 994 3472 hiante
1026 3413 1148 3476 fuit,
1177 3418 1394 3480 pr0pter
1424 3407 1682 3476 angelica:
1720 3400 2030 3458 eminentia!
2056 3401 2242 3470 splen-

672 3511 861 3567 dorem
907 3502 1471 3574 incomparabilem".
1499 3500 1764 3567 Apparuit
1797 3499 1864 3561 ei,
1911 3495 2108 3564 inquit,
2143 3512 2243 3547 an-

673 3602 819 3675 gelus
867 3598 1099 3653 Domini.
1132 3595 1272 3662 Quid
1304 3593 1370 3648 ad
1403 3593 1516 3646 haec
1571 3590 1726 3644 nobis
1767 3588 1957 3643 dicunt
1999 3587 2054 3642 hi
2082 3588 2245 3642 semi-

673 3691 985 3753 christiani,
1010 3689 1100 3759 qui
1129 3686 1444 3757 angelorum
1483 3683 1746 3752 imagines
1781 3679 1898 3735 ﬁeri
1923 3679 2156 3735 nolunt?
2187 3680 2244 3732 Si

674 3785 898 3856 angelus
929 3781 997 3834 ab
1029 3778 1244 3832 homine
1273 3776 1424 3829 visus
1463 3773 1580 3834 fuit,
1603 3786 1732 3841 ergo
1762 3771 1989 3825 omnino
2015 3770 2241 3840 ﬁguram

676 3875 950 3934 induerat,
967 3866 1110 3923 haud
1131 3867 1286 3921 aliter
1302 3879 1466 3934 quam
1490 3863 1837 3918 cernebatur.
1861 3861 2023 3916 Visus
2042 3868 2125 3915 est
2141 3876 2242 3914 au-

674 3977 784 4023 tem
805 3964 898 4020 tali
916 3963 1107 4033 ﬁgura,
1124 3958 1270 4031 quali
1295 3965 1455 4013 antea
1477 3956 1645 4027 Moysi
1665 3957 1716 4010 in
1741 3964 1924 4010 monte
1947 3954 2077 4010 Sina
2097 3955 2245 4010 circa

672 4054 1140 4128 propitiatorium,
1188 4048 1485 4104 Cherubini
1511 4049 1564 4102 in
1596 4057 1723 4118 typo
1764 4048 1966 4104 ostensi
2001 4045 2243 4102 fuerunt.

675 4146 831 4214 Quod
861 4145 908 4199 si
936 4144 1310 4211 incorporeum
1333 4148 1385 4194 et
1407 4153 1511 4193 non
1542 4139 1855 4208 ﬁguratum,
1879 4136 2034 4205 juxta
2065 4143 2247 4190 osten-

676 4253 797 4294 sum
814 4228 1517 4307 typumdelineatur,quidni
1531 4242 1851 4297 corporeum
1865 4235 1919 4282 et
1933 4229 2242 4296 ﬁguratum,

675 4329 870 4391 colori,
905 4325 1094 4392 tactui,
1131 4324 1414 4393 tribusque
1449 4320 1887 4376 dimensionibus
1917 4319 2241 4382 obnoxium,

675 4423 855 4495 qualis
894 4419 996 4475 fuit
1023 4416 1329 4473 Servatoris
1356 4414 1586 4484 species,
1619 4427 1728 4468 non
1761 4412 2139 4483 ﬁgurabimus,
2176 4410 2244 4465 ad

2345 3302 2648 3372 ἐπιθυμιῶν
2677 3301 2840 3370 ἀνὴρ,
2883 3301 3007 3352 ἰδὼν
3038 3296 3344 3367 ἐθαμϐήθη,
3391 3295 3484 3348 ἐπὶ
3520 3292 3812 3364 πρόσωπόν
3857 3308 3920 3344 τε

2345 3393 2648 3456 πεπτωκὼς
2675 3392 2771 3446 καὶ
2801 3391 3006 3460 ἀχανὴς
3060 3389 3320 3457 γεγονὼς,
3350 3388 3416 3458 τῇ
3463 3389 3563 3458 τῆς
3621 3384 3923 3455 ἀγγελικῆς

2344 3490 2617 3560 ὑπεροχῆς
2641 3484 2958 3556 άσυγκρίτφ
2994 3482 3358 3551 λαμπρότητι.
3396 3481 3584 3548 Ὠφθη
3610 3478 3794 3545 αὐτῷ,
3819 3496 3926 3549 φη-

2345 3578 2448 3639 σιν,
2485 3577 2740 3642 ἅγγελος
2770 3574 3009 3640 Κυρίου.
3032 3571 3094 3623 Τί
3123 3570 3284 3638 φάσιν
3316 3571 3450 3638 ἡμῖν
3480 3568 3614 3638 πρὸς
3643 3568 3839 3632 ταῦτα,
3870 3569 3924 3619 οί

2349 3668 2423 3735 μὴ
2464 3664 2815 3726 είκονίζοντες
2871 3665 3186 3732 ἡμίχριστοι
3215 3661 3324 3729 (16)
3349 3679 3361 3724 ;
3390 3663 3436 3712 εί
3463 3655 3644 3714 ὦπται
3694 3659 3926 3728 ἄγγελος

2346 3758 2648 3828 ἀνθρώπῳ,
2682 3756 2898 3816 πάντως
2939 3756 3031 3806 καὶ
3076 3757 3369 3806 εικόνισται
3393 3751 3645 3822 οὐδαμῶς
3668 3751 3842 3815 ἄλλως
3886 3754 3922 3822 ἢ

2346 3851 2420 3913 ὼς
2467 3844 2676 3902 ὦπται·
2710 3841 2890 3900 ῶπται
2937 3845 2996 3898 δὲ
3043 3846 3102 3898 ὲν
3144 3844 3319 3916 τοιᾷδε
3378 3846 3582 3915 μορφῇ.
3615 3843 3738 3896 καθ’
3768 3841 3806 3896 ἃ
3831 3843 3928 3896 καὶ

2346 3945 2553 4012 Μωῦσῇ
2591 3941 2855 4010 πρότερον
2885 3941 2942 3992 ὲν
2976 3938 3056 4009 τῷ
3091 3939 3206 4010 δρει
3241 3939 3369 4009 Σινᾷ
3401 3939 3471 3990 τὰ
3529 3936 3660 4007 περὶ
3690 3936 3753 3989 τὺ
3807 3934 3924 3988 ἱλα-

2350 4037 2568 4106 στήριον
2625 4033 2905 4104 Χερουϐὶμ
2949 4035 3008 4086 ὲν
3052 4031 3208 4099 τύπῳ
3251 4031 3612 4100 δεικνύμενα’
3659 4029 3754 4082 καὶ
3783 4030 3833 4081 εί
3864 4029 3928 4082 τὸ

2348 4127 2639 4197 ἀσώματον
2693 4125 2789 4178 καὶ
2827 4124 3235 4194 ἀσχημάτιστον
3266 4122 3406 4174 κατά
3443 4121 3535 4173 τὸν
3581 4118 3926 4188 δεδειγμένου

2348 4220 2516 4274 τύπον
2539 4218 2956 4290 περιγράφεται,
2986 4216 3101 4279 πῶς
3127 4215 3188 4268 τὸ
3218 4217 3533 4284 ἐνσώματον
3560 4214 3656 4266 καὶ
3707 4229 3927 4283 σχημαο

2349 4311 2630 4378 τιζόμενον
2659 4309 2960 4361 ὑποπίπτον
2987 4307 3143 4376 χροιᾷ
3170 4313 3226 4358 τε
3255 4305 3348 4358 καὶ
3374 4306 3506 4374 ἁφῇ.
3529 4305 3622 4357 καὶ
3636 4307 3757 4367 ταῖς
3776 4305 3927 4374 τρισὶ

2349 4403 2717 4466 διαστάσεσιν,
2749 4394 2861 4454 οἷον
2885 4404 2944 4453 τὸ
2978 4399 3071 4452 τοῦ
3105 4400 3359 4469 Σωτῆρος
3407 4395 3568 4464 εἶδος,
3597 4398 3698 4450 οὐκ
3729 4399 3928 4453 εἰκονί-

674 4490 978 4573 evidentem
1021 4526 1129 4566 non
1168 4509 1524 4580 phantasticae
1562 4505 1956 4561 incarnationis
2003 4504 2123 4575 ejus
2152 4504 2238 4559 de-

2353 4511 2518 4565 σομεν
2556 4495 2692 4566 πρὸς
2721 4494 2927 4564 ἐναργῆ
2975 4495 3076 4564 τῆς
3120 4492 3560 4562 ἀφαντασιάστου
3591 4490 3757 4545 αὑτοῦ
3788 4507 3926 4560 σαρ-

676 4601 1170 4663 monstrationem?
1213 4596 1398 4670 Neque
1445 4599 1527 4653 sic
1586 4613 1618 4653 a
1667 4597 1823 4652 nobis
1869 4597 2238 4652 circumscribi

2354 4562 2575 4651 κῶσεως
2602 4562 2882 4651 ’ἀπόδειξιν
2940 4562 3049 4639 Kal.
3078 4587 3152 4655 μὴ
3185 4584 3663 4656 συμπεριγράφειν
3689 4585 3836 4655 ἡμᾶς
3865 4562 3940 4638 ὲνχ

670 4703 870 4771 putent
892 4694 945 4748 hi
974 4692 1125 4748 stulti
1157 4690 1433 4752 deitatem,
1459 4703 1579 4757 quae
1600 4702 1777 4757 neque
1807 4685 1984 4740 verbis
2015 4684 2238 4755 exprimi

2349 4682 2524 4752 τούτῳ
2558 4682 2869 4752 ἡγήσωνται
2915 4681 2962 4732 οἱ
3010 4678 3242 4749 ἄφρονες
3288 4677 3385 4748 τὴν
3433 4675 3688 4748 θεότητα,
3716 4671 3785 4748 ἧς
3825 4676 3926 4728 οὒκ

675 4795 876 4861 potest,
893 4798 1071 4854 neque
1093 4779 1504 4850 comprehendi,
1529 4778 1686 4847 cujus
1707 4778 1851 4833 nulla
1873 4786 1955 4832 est
1979 4777 2243 4847 positura,

677 4877 827 4934 nulla
880 4874 1076 4946 ﬁgura,
1108 4871 1288 4926 nullus
1343 4871 1518 4934 locus,
1565 4869 1711 4924 nulla
1767 4867 2064 4938 quantitas,
2099 4870 2244 4922 nulla

674 4967 934 5042 qualitas,
985 4978 1085 5019 nec
1119 4961 1320 5029 aliquid
1351 4959 1500 5014 aliud
1545 4975 1610 5014 ex
1655 4959 1743 5022 iis,
1775 4973 1897 5028 qua:
1932 4967 2061 5013 sunt
2104 4959 2247 5012 intra

675 5061 814 5117 ﬁnes
842 5053 1392 5124 circumscriptionis,
1421 5060 1703 5120 propterea
1735 5051 1881 5120 quod
1919 5050 1988 5105 sit
2037 5051 2246 5105 inﬁnita

675 5163 732 5210 et
758 5145 1344 5217 incomprehensibilis.
1377 5142 1510 5197 Nam
1537 5159 1682 5198 nunc
1711 5144 1872 5198 etiam
1909 5143 1954 5198 si
1985 5143 2248 5214 simplicis

677 5244 916 5303 hominis
948 5241 1238 5310 imaginem
1267 5238 1599 5309 efﬁngimus,
1627 5238 1769 5292 haud
1823 5247 1970 5293 certe
2006 5237 2244 5292 animam

677 5336 1092 5395 immaterialem
1116 5343 1171 5388 et
1197 5333 1380 5401 ﬁgura:
1410 5331 1720 5400 incapacem
1755 5331 2074 5400 ﬁguramus,
2099 5331 2245 5400 quod

676 5432 795 5487 ﬁeri
837 5443 1064 5500 prorsus
1104 5426 1318 5493 nequit;
1351 5422 1444 5478 sed
1476 5424 1691 5492 utrique
1721 5425 2105 5478 convenienter
2126 5439 2247 5493 qua!

679 5530 808 5577 sunt
863 5518 1080 5588 pr0pria
1134 5515 1469 5579 tribuimus;
1525 5529 1714 5583 nempe
1775 5515 2246 5584 incircumscripto

678 5609 1320 5678 incircumscriptionem,
1348 5606 1760 5676 circumscripto
1779 5608 2246 5676 circumsrriptio-

2351 4775 2639 4843 ἔκφρασις,
2663 4774 2724 4828 οὑ
2755 4771 3075 4842 κατάληψις,
3111 4772 3170 4824 οὐ
3208 4771 3377 4835 Θέσις,
3405 4770 3465 4824 οὐ
3501 4770 3708 4840 σχῆμα,
3745 4770 3809 4823 οὐ
3834 4769 3924 4822 τό-

2353 4883 2473 4931 πος,
2504 4867 2565 4919 οὐ
2611 4865 2864 4935 ποσότης,
2902 4866 2962 4918 οὺ
3017 4865 3340 4935 πηλικότης,
3389 4865 3488 4916 οὐκ
3539 4863 3668 4918 ἄλλο
3715 4880 3770 4917 τι
3814 4861 3928 4916 τῶν

2354 4959 2700 5030 περιγραφῆς
2733 4958 2879 5010 ἔνδον
2925 4957 3011 5009 διὰ
3049 4957 3109 5010 τὸ
3138 4957 3366 5024 ἄπειρον
3407 4957 3498 5009 καὶ
3528 4956 3924 5025 ἀπερίληπτον·

2356 5052 2477 5104 ἐπεὶ
2511 5051 2607 5104 καὶ
2635 5049 2864 5105 ἐνταῦθα
2892 5049 2982 5102 τὸν
3011 5049 3191 5111 ἁπλῶς
3225 5049 3508 5117 ἄνθρωπον
3547 5047 3926 5112 εἰκονίζοντες,

2356 5147 2416 5198 οὐ
2463 5145 2524 5197 τδ
2551 5143 2652 5213 τῆς
2675 5142 2855 5213 ψυχῆς
2885 5142 3046 5194 άῦλον
3079 5143 3170 5193 καὶ
3213 5142 3452 5194 ἀνείδεον
3492 5140 3930 5210 συνεικονίζομεν

2357 5238 2593 5300 πάντως,
2624 5236 2682 5288 οὐ
2712 5235 2818 5304 γὰρ
2854 5233 3144 5303 ἐνδέχεται,
3186 5233 3318 5286 ἀλλά
3364 5233 3712 5302 καταλλήλως
3755 5232 3822 5284 τά
3851 5233 3932 5285 ol-

2357 5333 2478 5383 κεία
2535 5329 2811 5398 ἑκατέρως
2858 5327 3241 5396 ἀπονέμομεν·
3327 5324 3404 5394 τῷ
3459 5324 3825 5393 ἀπεριγράφῳ
3869 5323 3932 5374 τὸ

2358 5417 2759 5488 ἀπερίγραφον,
2791 5415 2882 5468 καὶ
2913 5416 2988 5484 τῷ
3026 5415 3379 5486 περιγραπτῷ
3403 5418 3461 5468 τὸ
3491 5415 3929 5484 ἀπερίγραπτον,

2357 5513 2430 5574 ὡς
2461 5511 2488 5561 6
2510 5510 2606 5578 τῆς
2640 5509 2898 5579 ἀληθείας
2936 5509 3090 5575 λόγος
3134 5509 3486 5577 παρίστησιν.
3526 5508 3844 5560 Ἐπανιτέον
3874 5505 3931 5557 δὲ

2359 5601 2512 5664 αὖθις
2542 5604 2618 5661 είς
2647 5603 2707 5652 τὸ
2742 5601 3120 5670 προκείμενον.

679 5721 823 5771 nem,
861 5714 1020 5774 prout
1068 5700 1309 5754 veritatis
1365 5700 1500 5752 ratio
1535 5699 1692 5754 nobis
1749 5701 1958 5756 suadet.
1995 5701 2101 5755 Sed
2151 5704 2216 5756 ad
2250 5702 2586 5772 proiiOsitum
2615 5697 2794 5752 denuo
2827 5697 3200 5751 revertendum
3234 5708 3334 5750 est.

746 5819 970 5872 "Joan.
1002 5833 1037 5877 ι,
1074 5813 1160 5867 15.
1238 5811 1282 5840 ⁷⁸
1313 5810 1443 5864 Luc.
1489 5827 1524 5874 ι,
1562 5812 1645 5875 ll,
1681 5811 1764 5866 l2.
1843 5814 1884 5845 "'
1915 5812 2052 5868 Gen.
2100 5830 2238 5869 xxvii

2342 5813 2430 5868 l7.
2507 5814 2550 5843 ⁷⁸
2596 5811 2729 5863 Dan.
2773 5826 2826 5875 ι,
2859 5810 2911 5864 8.

744 5915 856 5988 (l6)
885 5914 1157 5969 lnvehitur
1191 5912 1243 5965 in
1271 5911 1683 5975 lconomachos,
1727 5919 1915 5965 contra
1966 5925 2098 5980 quos
2159 5921 2334 5967 exstat
2368 5911 2530 5968 etiam
2563 5908 2838 5978 peculiare
2879 5907 3106 5964 Studitze
3135 5909 3304 5964 nostri
3333 5924 3489 5978 opus.
