4170 6530
302 458 410 523 ’153

945 459 1224 520 ORATIO
1247 459 1379 519 VII.
1422 483 1489 492 —
1527 457 1607 518 IN
1645 457 1707 516 S.
1741 455 2060 516 JOANNIS
2110 459 2316 520 BAP'I‘.
2360 461 2891 524 NATIVITATEM.

3437 458 3542 525 754

376 580 450 638 ς’.
488 567 634 626 Eine
667 570 734 623 δὲ
776 571 924 639 πρὸς
949 570 1133 624 αὐτὸν
1157 572 1189 623 d
1217 568 1470 639 ἅγγελος
1491 584 1504 598 ·
1529 567 1624 635 Μὴ
1670 565 1877 636 φοϐοῦ.

2053 570 2105 624 6.
2144 571 2289 625 Dixit
2334 583 2507 626 autem
2539 574 2585 626 ei
2621 574 2876 644 angelus:
2909 571 2990 628 Ne
3017 575 3224 639 timeas,
3253 572 3538 638 Zacharia,

301 664 590 733 Ζαχαρία,
618 661 767 716 διότι
804 664 1170 729 εἰσηκούσθη
1200 662 1235 728 ἠ
1285 660 1498 725 δέησίς
1525 674 1662 712 σου.
1701 657 1874 720 Εὐθὺς

304 754 618 807 κατέστειλε
668 754 758 806 τὸν
808 753 971 822 φόϐον
1019 755 1084 822 τῇ
1121 752 1331 816 πεύσει,
1388 745 1476 804 οἷα
1523 752 1556 820 ἡ
1607 749 1874 818 ἀγγελικὴ

302 844 542 896 ὀπτασία
584 846 721 914 μετά
755 845 814 898 τὸ
865 845 1117 913 φοϐῆσαι,
1167 845 1228 897 τὸ
1257 843 1429 895 δειλὸν
1475 840 1871 912 ἀφαιρουμένη·

304 937 399 988 καὶ
432 937 692 999 ἐναντίως
745 940 873 1007 περὶ
901 937 999 1008 τὴν
1025 937 1341 1006 δαιμονικὴν
1372 935 1575 1002 ἔφοδον.
1647 933 1741 1001 Μὴ
1771 950 1876 1001 φο-

303 1028 436 1096 ϐοῦ,
475 1031 628 1100 φησὶ,
667 1030 947 1098 Ζαχαρία,
987 1027 1136 1082 διότι
1181 1029 1547 1094 εἰσηκούσθη
1576 1025 1613 1093 ὴ
1665 1024 1876 1090 δέησίς

303 1138 457 1176 σου·
495 1123 592 1176 καί
644 1122 682 1188 ἡ
732 1121 884 1192 γυνή
933 1138 1049 1176 σου
1102 1121 1414 1176 Ἐλισάόετ
1452 1118 1732 1189 γεννήσει
1775 1132 1874 1171 σοι

303 1213 458 1268 υἱόν.
489 1214 555 1267 ’Ὡ
578 1214 676 1283 τῆς
709 1213 1150 1285 ἐπιθυμουμένης
1181 1213 1516 1284 θεοπαρόχου
1549 1211 1869 1276 ἐπιτάξεωςὲ

300 1303 349 1357 ῶ
418 1305 517 1376 τῆς
584 1304 915 1358 πολυεύκτου
973 1302 1433 1372 ἀγγελοκομίστου
1488 1302 1869 1371 ὑποσχέσεωςί

303 1397 568 1466 ἐπέτυχεν
592 1392 652 1452 οὗ
685 1395 976 1451 ἐπεπόθειί
1011 1395 1208 1466 ῆνυσεν
1249 1395 1278 1448 ὃ
1305 1393 1574 1464 ἠντιϐόλει
1604 1410 1619 1426 ο
1654 1387 1812 1458 εὗρεν
1845 1391 1874 1445 δ

302 1484 584 1558 ἐπεζήτει·
617 1485 710 1540 τὸν
732 1486 834 1557 τῆς
859 1487 1082 1554 ἀγονίας
1115 1483 1420 1553 καινισμὸν,
1443 1483 1534 1536 τὸν
1563 1483 1659 1553 τῆς
1685 1484 1874 1535 εὐπαι-

301 1578 422 1643 δίας
456 1576 600 1652 [cod_.
633 1576 909 1652 ἀπαιδίας]
937 1577 1226 1649 πορισμὸν,
1272 1578 1374 1631 οὐκ
1428 1574 1720 1646 ἀκολουθίᾳ
1772 1575 1874 1644 φύ-

305 1686 465 1736 σεως,
497 1671 612 1726 ἀλλ’
644 1669 898 1742 ἐπιτυχίᾳ
950 1669 1242 1734 ἐντεύξεως
1263 1684 1277 1700 ·
1308 1668 1428 1722 οὑδέ
1477 1668 1586 1739 γάρ
1626 1667 1870 1737 κατάρας

301 1758 370 1831 ῆν
402 1764 744 1834 ἐπιτίμιονὴ
796 1764 1106 1832 στείρωσις,
1147 1763 1348 1830 άπαγε,
1385 1759 1521 1815 ἀλλὰ
1569 1759 1868 1831 μυστηρίου

304 1853 545 1921 μεγάλου
596 1855 1065 1926 παρασημείωσις·
1102 1853 1192 1907 τοῦ
1221 1853 1327 1924 γάρ
1353 1852 1623 1924 Ζαχαρίου
1655 1853 1867 1905 ἐπικει-

303 1907 470 2016 μένου
495 1907 617 2008 ταῖς
639 1907 869 2011 «Lini;
905 1907 1043 2016 πρὸς
1067 1945 1199 1999 Θεὸν
1229 1907 1533 2014 inscriptam
1557 1943 1870 2014 διαλυθῆναι
1901 1907 1945 1968 Β

299 2037 401 2108 τὴν
431 2037 738 2107 στείρωσιν,
773 2039 913 2109 τάχα
943 2037 1315 2108 ἐπακηκοέναι
1337 2035 1500 2089 αὐτὸν
1527 2034 1687 2088 δοκῶ·
1721 2033 1874 2087 οὔπω

302 2129 718 2184 συντετέλεσται
765 2131 795 2183 ό
847 2129 1074 2200 καιρός·
1136 2126 1288 2182 οὖπω
1343 2125 1763 2197 συνετμήθησαν
1819 2125 1873 2178 at

299 2219 510 2290 ἡμέραι
531 2223 628 2290 τῆς
659 2219 999 2288 ἐπιφανείας·
1031 2218 1153 2272 τότε
1192 2213 1283 2271 οὖν
1309 2215 1526 2269 ἐλπισον
1553 2216 1653 2286 τὴν
1683 2231 1871 2268 τεκνο-

300 2311 512 2381 γονίαν,
573 2310 838 2383 Ζαχαρία,
892 2311 1126 2381 ὁπηνίκα
1170 2309 1297 2381 ἔλθῃ
1340 2310 1373 2380 ὴ
1412 2307 1708 2379 προσδοκία
1765 2306 1873 2360 τῶν

299 2403 472 2458 ἐθνῶν
495 2421 512 2437 ·
539 2404 659 2458 τότε
689 2405 910 2476 ἐκδέχου
942 2404 1040 2475 τὴν
1071 2404 1484 2472 ἀποστείρωσιν,
1511 2403 1712 2456 ὁπόταν
1755 2403 1873 2474 ἥξει

303 2497 340 2566 ή
375 2494 530 2558 ἐλπὶς
559 2496 780 2549 πάντων
831 2496 939 2549 τῶν
986 2494 1240 2563 περάτων
1271 2494 1373 2565 τῆς
1401 2497 1501 2566 γῆς
1523 2510 1536 2525 ·
1579 2494 1764 2566 ἐπειδὴ
1818 2494 1873 2548 δὲ

301 2580 442 2654 ἦκεν
479 2586 508 2639 ό
532 2585 740 2655 καιρὸς,
770 2585 901 2639 λάϐε
931 2586 992 2639 τὸ
1023 2585 1362 2656 καταθύμιόν
1391 2585 1476 2640 διὰ
1509 2588 1608 2656 τῆς
1643 2586 1738 2639 τοῦ
1770 2587 1807 2638 Γ
1810 2603 1872 2640 α-

303 2676 470 2747 ϐριὴλ
501 2678 861 2748 προρρήσεως
881 2692 896 2706 ·
928 2676 1339 2748 ἀνακαινίσθητι
1363 2677 1437 2740 ὼς
1477 2678 1631 2740 ἀετὸς
1660 2679 1724 2748 τῇ
1759 2678 1874 2731 νεό-

301 2783 449 2838 τητι·
479 2767 764 2838 γνώρισον,
809 2767 963 2839 φησὶ,
1010 2769 1109 2840 τὴν
1161 2767 1450 2837 όμόξυγον·
1487 2769 1872 2843 Είσηκρύσθη

302 2859 417 2928 γὰρ
463 2859 500 2926 ἠ
551 2859 760 2928 δέησίς
801 2876 939 2915 σου·
983 2861 1082 2915 καὶ
1128 2860 1166 2926 τι
1217 2861 1368 2929 γυνή
1410 2875 1527 2914 σου
1568 2860 1874 2916 Ἐλισάϐετ

305 2952 585 3022 γεννήσει
617 2968 715 3006 σοι
739 2954 892 3019 υίὸν,
922 2955 1018 3007 καὶ
1061 2956 1338 3020 καλέσεις
1363 2955 1431 3007 τὸ
1462 2954 1648 3023 ὄνομα
1684 2955 1872 3011 αὑτοῦ

315 3043 626 3110 Ἰωάννην.
652 3043 946 3115 Ἐγνώρισε
981 3045 1073 3098 καὶ
1098 3044 1332 3116 τοῦνομα
1354 3045 1383 3098 ὃ
1411 3044 1742 3115 κληθήσεται
1771 3046 1875 3112 κάξ

301 3131 474 3202 αὐτῆς
503 3132 602 3202 τῆς
625 3132 978 3202 ἐτυμολογίας
1016 3133 1092 3186 Iov
1115 3134 1340 3189 ἄνωθεν.

1977 664 2224 732 quoniam
2247 666 2502 718 exaudita
2549 675 2624 719 est
2650 667 2821 718 oratio
2852 668 3024 719 tua".
3067 665 3262 720 Statim
3290 667 3540 721 timorem

1975 771 2040 810 eo
2071 757 2260 810 nuntio
2295 759 2634 827 compressit,
2671 759 2796 827 quia
2833 758 2970 812 visio
3003 759 3245 828 angelica
3287 766 3411 828 post
3446 773 3541 827 pa-

1977 862 2162 901 vorem
2193 863 2419 903 causam
2451 849 2676 903 timendi
2706 849 2844 903 solet
2883 851 3120 918 eripere;
3152 851 3296 919 quod
3344 851 3397 904 in
3429 850 3540 904 dre-

1975 938 2240 993 moniacis
2264 941 2584 995 occursibus
2614 950 2800 995 contra
2823 942 2900 997 fit.
2921 941 3002 995 Ne
3024 943 3231 1009 timeas,
3251 941 3539 1005 Zacharia.

1974 1031 2220 1100 quoniam
2248 1031 2501 1085 exaudita
2531 1041 2605 1085 est
2642 1035 2814 1087 oratio
2844 1043 2955 1097 tua,
2983 1044 3029 1088 et
3059 1050 3193 1088 uxor
3239 1043 3330 1087 tua
3363 1034 3542 1088 Elisa-

1975 1123 2092 1177 beth
2116 1123 2288 1190 ﬁlium
2317 1123 2412 1176 tibi
2436 1125 2630 1194 pariet.
2685 1125 2728 1178 0
2773 1126 3137 1179 desideratum
3174 1126 3317 1195 quod
3358 1140 3388 1179 a
3431 1125 3542 1180 Deo

1977 1215 2034 1268 fit
2073 1216 2419 1270 mandatum!
2458 1231 2491 1270 ο
2541 1216 2693 1270 valde
2743 1217 3032 1286 optabilem
3064 1233 3185 1286 quae
3238 1218 3306 1272 ab
3347 1217 3541 1288 angelo

1975 1306 2196 1362 aﬂ‘ertur
2225 1309 2673 1377 promissionem!
2707 1311 3003 1364 Assecutus
3038 1320 3121 1364 est
3146 1311 3289 1380 quod
3323 1319 3545 1380 optave-

1976 1412 2061 1457 rat
2090 1421 2103 1457 :
2131 1403 2389 1469 obtinuit,
2433 1403 2578 1473 quod
2613 1405 2838 1474 rogabat
2869 1420 2882 1456 :
2915 1404 3121 1458 invenit
3156 1405 3302 1475 quod
3327 1419 3542 1474 quaere-

1976 1492 2098 1558 bat;
2149 1493 2446 1548 sterilitatis
2484 1495 2862 1559 mutationem,
2909 1493 3260 1550 fecunditatis
3303 1495 3539 1562 donum;

1975 1597 2083 1637 non
2146 1591 2355 1637 naturae
2415 1584 2655 1654 sequela,
2717 1584 2809 1639 sed
2873 1599 3096 1654 precum
3139 1584 3541 1653 impctratioue.

1976 1671 2092 1727 Non
2126 1673 2270 1727 enim
2302 1674 2697 1728 maledictionis
2719 1687 2876 1742 ptena
2902 1683 3021 1729 erat
3063 1675 3344 1738 sterilitas,
3375 1672 3540 1737 absit,

1975 1763 2067 1818 sed
2112 1765 2291 1832 magni
2322 1764 2564 1834 mysterii
2597 1764 2943 1834 significatio.
2976 1762 3186 1818 Etenim
3219 1761 3542 1818 Zachariam

1977 1855 2355 1924 frequentibus
2384 1857 2450 1910 ad
2491 1854 2660 1911 Deum
2706 1855 2960 1926 precibus
2993 1854 3313 1920 instantem,
3344 1861 3404 1908 ut
3435 1853 3545 1908 sol-

1979 1957 2196 2004 veretur
2221 1947 2499 2013 sterilitas,
2533 1946 2648 2002 ltaec
2680 1945 2917 2001 fortasse
2961 1945 3238 2000 inaudisse
3267 1944 3372 2000 sibi
3399 1942 3546 1998 dicta

1978 2051 2110 2110 puto
2161 2041 2444 2095 :nondum
2495 2040 2826 2109 completum
2871 2047 2954 2094 est
3002 2048 3264 2108 tempus:
3303 2037 3546 2092 nondum

1977 2133 2116 2188 ﬁniti
2153 2141 2283 2188 sunt
2311 2132 2426 2188 dies
2452 2132 2718 2187 adventus
2750 2149 2762 2185 :
2791 2141 2919 2187 tunc
2945 2131 3164 2186 demum
3192 2130 3362 2200 prolis
3392 2129 3546 2200 geni-

1977 2230 2154 2277 turam
2183 2238 2360 2293 spera,
2385 2239 2418 2279 o
2448 2221 2732 2290 Zacharia,
2770 2224 2989 2294 quando
3030 2224 3236 2279 venerit
3263 2231 3548 2293 exspecta-

1976 2313 2053 2365 tio
2077 2311 2316 2380 gentium
2344 2331 2357 2366 :
2393 2322 2524 2367 tunc
2545 2322 2802 2382 exspecta
2829 2312 3132 2369 sterilitatis
3159 2312 3546 2376 cessationem,

1977 2418 2099 2458 cum
2119 2403 2399 2459 advenerit
2415 2419 2541 2475 spes
2567 2407 2811 2460 omnium
2834 2407 3022 2460 finium
3053 2415 3228 2460 terras.
3248 2406 3400 2460 Nunc
3423 2407 3548 2474 quia

1977 2505 2191 2565 tempus
2210 2497 2383 2563 adest,
2416 2511 2570 2552 sume
2597 2513 2709 2552 rem
2737 2507 2974 2568 optatam
3007 2513 3099 2566 per
3124 2498 3387 2553 Gabrielis
3409 2512 3548 2566 prai-

1976 2588 2267 2643 dictionem
2297 2606 2310 2642 :
2343 2598 2632 2644 renovetur
2659 2599 2717 2642 ut
2759 2590 2950 2660 aquila:
2979 2590 3240 2660 juventus
3287 2599 3377 2645 tua
3411 2608 3423 2643 :
3457 2604 3551 2644 co-

1977 2695 2208 2749 gnosce,
2264 2679 2476 2750 inquit,
2531 2696 2759 2736 uxorem
2810 2691 2978 2738 tuam.
3042 2681 3248 2736 Etenim
3299 2681 3549 2735 exaudita

1974 2785 2050 2827 est
2097 2773 2267 2825 oratio
2296 2782 2408 2836 tua,
2451 2780 2500 2826 et
2538 2789 2671 2826 uxor
2701 2782 2791 2827 tua
2813 2771 3077 2827 Elisabeth
3117 2774 3212 2826 tibi
3249 2771 3418 2841 ﬁlium
3450 2787 3552 2840 pa-

1975 2865 2096 2930 riet,
2138 2863 2444 2932 vocabisque
2491 2879 2675 2918 nomen
2734 2862 2848 2932 ejus
2895 2861 3172 2916 Joannem.
3221 2859 3554 2931 Significavit

1974 2958 2138 3012 etiam
2165 2971 2384 3021 nomen,
2419 2970 2529 3025 quo
2571 2954 2873 3020 vocabitur,
2911 2967 2976 3008 ex
3013 2953 3063 3007 vi
3096 2952 3266 3023 ipsius
3287 2951 3556 3022 etymolo-

1976 3045 2076 3116 giae
2097 3043 2387 3113 procedere
2411 3042 2481 3097 ab
2507 3043 2636 3096 alto.

379 3221 446 3286 ζ’.
479 3219 626 3278 Eine
660 3223 728 3277 δὲ
754 3225 1053 3294 Ζαχαρίας
1105 3225 1251 3294 πρὸς
1305 3226 1414 3280 τὸν
1440 3227 1719 3296 ἄγγελον.
1747 3229 1876 3282 Λοι-

2052 3227 2102 3281 7.
2133 3227 2288 3281 Dixit
2335 3235 2511 3281 autem
2562 3225 2848 3280 Zacharias
2878 3224 3086 3295 angelo.
3130 3223 3266 3279 Exin
3299 3237 3425 3278 cum
3454 3237 3554 3277 an-

304 3315 409 3368 πὸν
456 3315 564 3386 γὰρ
613 3316 760 3388 αὑτῷ
797 3316 872 3380 ὡς
913 3317 1189 3387 ὁμοδούλῳ
1224 3320 1506 3391 παρρησίᾳ
1545 3319 1876 3388 διαλέγεται·

306 3408 470 3462 Κατὰ
495 3408 554 3462 τι
577 3406 882 3478 γνώσομαι
917 3410 1116 3475 τοῦτο;
1146 3411 1297 3480 Ἐγὼ
1326 3411 1437 3481 γάρ
1470 3413 1586 3483 ειμι
1611 3413 1877 3480 πρεσϐύ-

304 3517 436 3568 της,
480 3500 580 3553 καὶ
608 3501 647 3568 ἠ
684 3500 835 3570 γυνή
868 3518 988 3570 μου
1043 3503 1438 3570 προϐεϐηκυῖα
1476 3503 1545 3556 ἐν
1573 3504 1703 3569 ταῖς
1735 3505 1878 3574 ἠμέ-

296 3609 439 3661 ραις
463 3591 673 3660 αὐτῆς.
717 3593 778 3645 Ἡ
815 3593 914 3664 μὲν
944 3594 1232 3664 πρόχειρος
1265 3595 1356 3647 καὶ
1389 3597 1630 3666 πατρικὴ
1661 3598 1878 3650 ἀπόδει-

306 3684 412 3747 ξις,
453 3682 710 3746 ἀπιστίας
763 3683 1017 3754 ἔγκλημα
1059 3687 1402 3756 καταγράφει
1436 3685 1516 3756 τῷ
1567 3688 1736 3756 ἱερεῖο
1767 3691 1794 3742 ὁ
1826 3689 1882 3742 δὲ

304 3773 501 3846 παρὼν
541 3775 697 3844 λόγος
747 3776 846 3847 οὐχ
904 3777 1258 3841 ὑποπίπτων,
1327 3778 1442 3832 ἀλλ’
1484 3780 1541 3831 ἐν
1587 3779 1882 3851 δοκιμασίᾳ

305 3866 732 3937 προερχόμενος,
778 3867 973 3921 ταυτὸν
1029 3868 1356 3922 πεπονθέναι
1387 3870 1521 3939 φησὶ
1556 3871 1633 3941 τῷ
1665 3872 1884 3942 μεγάλῳ

305 3959 481 4030 Θωμᾷ
514 3961 608 4012 καὶ
629 3960 718 4014 τὸν
743 3961 1037 4030 Ζαχαρίαν·
1065 3961 1125 4013 οὐ
1151 3959 1313 4014 τοῦτο
1331 3962 1439 4032 γὰρ
1458 3957 1525 4032 ἦν
1556 3962 1718 4015 αὐτὸν
1738 3963 1882 4028 είκὸς

307 4052 642 4120 ἠγνοηκέναι
693 4054 979 4125 προφήτην
1014 4071 1075 4107 τε
1118 4052 1247 4108 ὄντα
1287 4055 1380 4107 καὶ
1409 4056 1476 4106 τὰ
1521 4054 1641 4108 θεῖα
1679 4071 1883 4108 πεπαιο

305 4143 589 4213 δευμένον,
611 4144 800 4214 ὅτιπερ
830 4145 1037 4198 δύναιτ’
1061 4145 1126 4199 ἀν
1153 4147 1285 4210 Θεὸς
1306 4146 1399 4199 καὶ
1433 4146 1596 4217 φύσιν
1632 4164 1883 4216 καινουρ-

307 4236 500 4306 ⁴γῆσαι,
551 4235 645 4289 κα)⁸
676 4237 852 4306 γῆρας
882 4239 1218 4306 νεοποιῆσαι,
1243 4236 1339 4290 καὶ
1369 4238 1535 4306 πόρον
1581 4239 1638 4289 ἐν
1664 4236 1884 4306 ἀμηχά-

1980 3318 2100 3389 gelo
2145 3326 2403 3387 tanquam
2453 3333 2718 3374 conservo
2764 3317 3004 3386 loquitur
3053 3333 3068 3370 :
3122 3314 3398 3382 Quomodo
3458 3315 3554 3369 hoc

1981 3411 2328 3479 cognoscam?
2346 3425 2437 3480 ego
2460 3412 2600 3464 enim
2628 3425 2783 3463 senex
2803 3424 2940 3472 sum,
2965 3417 3014 3462 et
3041 3423 3177 3461 uxor
3201 3424 3316 3460 mea
3346 3423 3554 3475 proces-

1980 3503 2049 3556 sit
2091 3503 2147 3557 in
2192 3503 2372 3558 diebus
2409 3501 2604 3557 suis".
2636 3501 2956 3557 Communis
2990 3500 3210 3571 quidem
3242 3510 3296 3554 et
3327 3498 3552 3553 Patrum

1982 3595 2331 3664 explanatio,
2376 3595 2776 3650 incredulitatis
2823 3609 2976 3647 reum
3029 3592 3160 3647 dicit
3194 3592 3551 3647 sacerdotem.

1983 3687 2051 3741 At
2081 3697 2269 3741 noster
2317 3703 2496 3742 sermo
2525 3687 2610 3740 his
2647 3701 2755 3740 non
2795 3685 3170 3755 acquiescens,
3198 3682 3292 3738 sed
3337 3682 3554 3752 experi-

1987 3781 2149 3833 menti
2199 3795 2365 3835 causa
2430 3779 2664 3833 ulterius
2717 3776 3092 3848 progrediens,
3149 3775 3288 3830 idem
3334 3788 3553 3844 passum

1986 3867 2302 3924 Zachariam
2328 3869 2425 3935 ait,
2447 3871 2588 3939 quod
2622 3883 2876 3937 magnum
2912 3863 3204 3919 Thomam.
3230 3863 3382 3918 Haud
3410 3864 3554 3918 enim

1984 3962 2277 4018 verisimile
2306 3970 2406 4024 est,
2431 3961 2745 4029 prophetam
2782 3959 2858 4013 rei
2892 3957 3088 4012 divinte
3137 3971 3366 4028 gnarum
3401 3957 3554 4026 igno-

1987 4069 2158 4118 rasse,
2191 4067 2354 4122 posse
2396 4051 2564 4106 Deum
2603 4061 2656 4104 et
2695 4060 2945 4105 naturam
2988 4049 3273 4113 innovare,
3315 4057 3370 4102 et
3399 4062 3558 4102 sene-

1985 4148 2120 4201 ctuti
2153 4148 2292 4200 vires
2318 4148 2646 4209 instaurare,
2675 4153 2728 4198 et
2760 4145 2962 4197 bonum
3005 4141 3208 4197 exitum
3255 4138 3559 4209 desperatis

1986 4234 2151 4289 rebus
2177 4233 2482 4299 ostendere,
2519 4243 2579 4287 ut
2622 4234 2673 4286 in
2704 4231 3014 4286 Abrahamo
3042 4231 3287 4300 Saraque
3327 4229 3476 4293 fecit,
3505 4239 3561 4283 et

309 4345 422 4388 vet;
446 4327 754 4397 διεκφᾶναι,
778 4327 852 4391 ὡς
880 4328 971 4380 ἐπὶ
997 4327 1249 4399 ’Δϐραάμ
1283 4328 1375 4382 καὶ
1400 4329 1638 4399 Σάρρας,
1687 4327 1763 4390 ὡς
1793 4328 1879 4379 ἐπὶ

1986 4328 2040 4382 in
2105 4326 2466 4393 Sunamitidc,
2499 4335 2551 4379 et
2579 4326 2631 4378 in
2657 4325 2777 4380 aliis
2816 4325 3108 4390 cujuslibet
3134 4323 3351 4393 generis
3371 4322 3559 4393 prodi-

309 4419 414 4488 τῆς
441 4419 848 4490 Σουναμίτιδος,
872 4422 966 4473 καὶ
992 4421 1100 4473 τῶν
1136 4420 1309 4475 ἄλλων
1334 4420 1597 4474 ποικίλων
1628 4419 1721 4472 καὶ
1748 4437 1879 4472 παν-

1989 4421 2201 4488 giorum
2253 4420 2492 4475 casibus.
2522 4417 2628 4472 Sed
2673 4418 2801 4487 quia
2843 4423 3258 4487 magnarum,et
3286 4429 3406 4485 quae
3433 4421 3563 4469 sunt

307 4509 558 4568 τοδαπῶν
579 4506 744 4564 αὐτοῦ
775 4510 1095 4578 τεραστίων.
1123 4509 1260 4561 Ἀλλ’
1294 4508 1480 4579 ἐπειδὴ
1505 4510 1558 4561 at
1587 4507 1691 4561 τῶν
1713 4507 1879 4578 μεγά-

1989 4524 2187 4584 prmter
2217 4513 2553 4583 opinionem,
2578 4510 3043 4580 exspectationum
3074 4507 3486 4578 promissiones,
3513 4506 3560 4560 si

309 4601 421 4655 λων
451 4600 546 4654 καὶ
577 4599 899 4672 παραδόξων
931 4599 1268 4670 προσδοκιῶν
1295 4599 1617 4668 ἐπαγγελίαι
1659 4600 1879 4664 ἐξάπινα

1994 4612 2215 4676 repente
2250 4604 2542 4657 audiantur
2565 4601 2890 4657 conturbare
2931 4598 3044 4654 fere
3075 4598 3322 4652 animum
3354 4597 3559 4660 solent;

308 4695 642 4764 ἀκουόμεναι
685 4695 973 4753 ταράττειν
1030 4711 1144 4756 πως
1193 4691 1413 4746 εἰώθασι
1449 4694 1546 4763 τὴν
1589 4691 1789 4764 ψυχὴν,
1825 4694 1879 4746 οὐ

1992 4696 2286 4752 Zacharias
2314 4710 2418 4749 non
2451 4694 2832 4749 incredulitate
2865 4692 3146 4755 haesitans,
3181 4699 3242 4744 ut
3286 4703 3431 4752 reor,
3466 4687 3561 4742 sed

311 4786 452 4856 πρὸς
491 4786 746 4840 ἀπιστίαν
776 4784 1232 4854 ἀναϐαλλόμενος,
1268 4780 1444 4856 οἶμαι,
1474 4785 1610 4839 ἀλλὰ
1637 4786 1771 4855 πρὸς
1798 4803 1886 4838 τε-

311 4878 532 4931 λείωσιν
558 4879 1036 4949 ἐπισπευδόμενος,
1065 4877 1226 4939 εὐθὺς
1260 4873 1348 4932 οἷα
1384 4878 1475 4948 ὑφ’
1505 4879 1697 4951 ἡδονῆς
1728 4881 1889 4944 ἁλοὺς

309 4971 587 5037 ἁναφωνεῖ
616 4972 708 5022 καὶ
731 4969 947 5040 φράζει,
971 4969 1132 5026 Κατὰ
1161 4970 1219 5023 τί
1233 4969 1531 5040 γνώσομαι
1563 4971 1738 5025 τοῦτο
1763 4973 1888 5042 ;Μὴ

310 5064 379 5130 δὴ
427 5061 788 5135 παραλογίσῃ,
845 5061 1109 5132 μηδαμῶς
1155 5061 1445 5133 διαψεύσῃ,
1501 5064 1641 5116 δίδου
1703 5082 1789 5133 μοι
1827 5066 1886 5117 τὸ

309 5153 606 5222 ἐπίσημον,
643 5153 850 5223 πάρεχὲ
881 5170 968 5222 μοι
987 5154 1048 5205 τὸ
1074 5154 1350 5224 ἐνέχυρον·
1381 5153 1456 5217 ὡς
1498 5155 1664 5208 πάλαι
1693 5157 1721 5207 ό
1756 5157 1884 5219 Θεὸς

311 5243 392 5310 τῷ
413 5243 668 5313 Ἀϐραὰμ
695 5248 830 5315 πρὸς
861 5245 921 5296 τὸ
953 5245 1201 5312 γενέσθαι
1239 5247 1400 5298 αὑτὸν
1426 5247 1636 5316 πατέρα
1675 5247 1886 5299 πολλῶν

313 5336 507 5401 ἐθνῶν,
532 5339 626 5390 καὶ
667 5340 730 5391 ἐκ
755 5338 852 5407 τῆς
875 5338 1074 5405 ὀσφύος
1104 5338 1270 5392 αὑτοῦ
1308 5339 1680 5403 ἐξελεύσεσθαι
1734 5341 1887 5410 βασι-

313 5427 447 5491 λεῖς,
472 5430 532 5480 τὸ
559 5429 658 5498 τῆς
684 5430 984 5499 περιτομῆς
1014 5432 1236 5500 σημεῖον
1269 5447 1279 5458 ·
1319 5431 1410 5484 καὶ
1439 5433 1544 5503 πρὸ
1569 5433 1781 5498 τούτου,
1810 5433 1883 5497 ὼς

311 5519 394 5591 τῷ
434 5522 555 5574 Νῶε
607 5523 741 5593 πρὸς
770 5525 831 5576 τὸ
867 5523 940 5593 μὴ
981 5525 1179 5590 ἐ’πάξαι
1217 5525 1600 5596 κατακλυσμὸν
1645 5528 1738 5581 ἐπὶ
1789 5531 1886 5598 τῆς

313 5615 442 5687 γῆς,
465 5616 606 5670 τὸέν
642 5618 709 5687 τῇ
743 5617 938 5689 νεφέλῃ
966 5618 1135 5683 τόξον·
1166 5618 1298 5689 πρὸς
1322 5618 1527 5684 τούτοις
1558 5620 1648 5673 καὶ
1679 5621 1885 5692 Μωῡσῇ

411 5869 455 5899 ’⁷
493 5867 625 5928 Luc.
661 5883 700 5931 t,
739 5869 820 5922 15.
930 5870 970 5900 τ’
1007 5867 1136 5933 ibid,
1180 5870 1258 5922 l8.

1992 4793 2058 4847 ad
2084 4791 2160 4846 rei
2187 4789 2572 4861 perfectionem
2601 4788 2886 4850 festinans,
2910 4786 3052 4840 illico
3077 4794 3335 4853 tanquam
3363 4780 3562 4852 gaudio

1991 4890 2274 4951 correptus
2299 4881 2567 4935 exclamat
2605 4878 2787 4947 aitque
2820 4895 2833 4930 :
2869 4875 3154 4942 Quomodo
3211 4874 3315 4929 hoc
3364 4887 3564 4941 cogno-

1993 4973 2184 5028 scam?
2221 4970 2298 5026 Ne
2334 4987 2420 5025 me
2454 4970 2713 5040 dccipias,
2746 4983 2812 5022 ne
2841 4982 2927 5021 me
2954 4965 3132 5028 fallas,
3161 4965 3229 5019 da
3261 4963 3396 5018 mihi
3425 4963 3563 5018 iudi-

1993 5068 2160 5131 cium,
2197 5063 2375 5134 praebe
2424 5061 2558 5116 mihi
2619 5060 2872 5124 arrham;
2926 5067 2986 5112 ιιι
3034 5056 3163 5111 olim
3199 5055 3341 5109 Deus
3387 5053 3562 5108 Abra-

1997 5162 2178 5225 hamo,
2202 5167 2263 5211 ut
2287 5155 2636 5227 persuaderet
2668 5153 2783 5207 fore
2813 5152 2964 5205 illum
2996 5148 3287 5202 multarum
3317 5147 3560 5215 gentium

1996 5261 2226 5322 patrem,
2255 5259 2308 5304 et
2340 5264 2406 5303 ex
2436 5249 2556 5317 ejus
2610 5245 2811 5300 lumbis
2844 5257 2996 5314 reges
3041 5241 3305 5300 orituros.
3343 5237 3564 5292 tradidit

1996 5341 2430 5400 circumcisionis
2484 5340 2696 5408 signum
2733 5355 2746 5391 :
2777 5345 2830 5389 et
2884 5343 3008 5389 ante
3062 5335 3208 5386 hunc
3251 5328 3470 5384 Noacho
3504 5341 3562 5384 ut

1997 5436 2156 5491 fidem
2187 5433 2404 5497 faceret,
2441 5444 2719 5497 nunquam
2754 5433 2936 5496 postea
2971 5425 3262 5480 adductum
3297 5420 3362 5474 iri
3397 5435 3562 5488 super

1997 5537 2198 5583 terrain
2238 5523 2732 5588 diluvium,arcum
2757 5518 2993 5574 ostendit
3018 5517 3069 5570 in
3102 5516 3244 5570 nube
3281 5531 3294 5567 :
3327 5511 3562 5579 denique

1996 5619 2164 5690 Moysi
2195 5619 2400 5686 virgam
2431 5617 2484 5669 in
2509 5628 2737 5683 anguem
2766 5617 3054 5675 mutatam,
3082 5617 3134 5663 et
3159 5621 3284 5662 mox
3313 5617 3414 5659 suo
3446 5611 3559 5659 sta-
