4170 6528
629 448 735 514 755

1822 448 1881 508 S.
1922 440 2311 507 THEODORI
2341 440 2685 502 STUDITE

3763 444 3867 508 756

632 565 710 619 tui
738 563 1068 628 restitutam,
1104 570 1163 617 ut
1193 561 1431 635 Egyptii
1477 562 1778 632 crederent,
1801 564 1850 618 ci
1882 561 2202 633 apparuisse

2313 560 2401 632 τὴν
2444 560 2771 628 ὀφιωθείσαν
2840 560 2928 614 καὶ
2958 560 3153 614 θᾶττον
3194 558 3738 613 ἀποκατασταθεῖσαν
3771 562 3866 629 ράο

634 654 785 709 illum
815 654 906 725 qui
935 651 1049 707 Est.

705 830 758 885 8.
787 829 853 884 Et
879 828 1190 899 respondens
1211 828 1425 899 angelus
1455 828 1592 882 dixit
1621 829 1667 882 ei
1696 844 1713 881 :
1744 828 1879 882 Ecce
1897 828 2001 882 eris
2025 839 2199 882 tacens

637 920 799 991 nequé
840 922 984 991 loqui
1028 920 1225 982 valens,
1259 927 1534 988 propterea
1568 918 1705 985 quod
1749 917 1916 970 verbis
1944 917 2068 969 meis
2100 932 2200 969 non

638 1014 912 1068 credidisti
965 1010 1294 1081 (addendum
1362 1020 1487 1075 est,
1550 1009 1695 1078 quod
1760 1007 2201 1078 subintelligitur,

638 1120 856 1176 nempe.
894 1104 1220 1174 simpliciter
1251 1114 1298 1159 el
1336 1105 1455 1158 sine
1495 1104 2032 1173 inquisitione),quae
2073 1110 2205 1155 tem-

636 1214 763 1267 pore
810 1213 908 1251 suo
941 1196 1419 1257 complebantur".
1453 1195 1675 1264 Recepit
1721 1210 1853 1263 ergo
1910 1194 2204 1250 Zacharias

638 1290 854 1360 signum
889 1289 937 1343 ei
972 1293 1051 1344 rei
1080 1300 1533 1350 consentaneum,
1570 1302 1765 1356 nempe
1802 1289 1955 1342 vocis
1986 1288 2205 1341 caducze

637 1380 935 1445 silentium,
964 1395 1060 1448 pro
1096 1396 1224 1434 voce
1244 1380 1365 1433 viva
1392 1394 1455 1433 ac
1484 1379 1829 1434 substantiali
1857 1394 1977 1448 qua:
2005 1393 2129 1432 mox
2155 1379 2205 1433 ei

637 1471 895 1542 parienda
952 1482 1088 1525 erat.
1153 1471 1369 1526 Interim
1434 1472 1771 1540 complicatis
1814 1470 1993 1534 labiis,
2023 1470 2209 1524 laudat

638 1564 866 1617 vocibus
898 1564 1106 1617 auditui
1145 1564 1424 1632 imperviis
1454 1564 1622 1633 prolis
1655 1564 1931 1617 datorem:
1956 1561 2207 1631 Egressus

639 1655 802 1718 enim,
832 1654 1030 1724 inquit,
1048 1655 1193 1724 loqui
1224 1672 1324 1709 non
1346 1664 1591 1724 poterat:
1617 1665 1665 1709 et
1697 1663 2047 1726 cognoverunt
2074 1655 2210 1724 quod

638 1747 889 1801 uisionem
943 1746 1156 1801 vidisset
1187 1748 1239 1799 in
1272 1748 1462 1817 templo
1496 1762 1513 1799 .'
1542 1760 1591 1801 et
1652 1748 1761 1816 ipse
1800 1757 1910 1801 erat
1962 1749 2207 1811 innuens,

638 1839 939 1908 mansitque
993 1840 1251 1893 mutus”.
1287 1838 1489 1893 Partim
1542 1839 1758 1908 quidem
1799 1854 1866 1893 ne
1911 1839 2211 1906 interroga-

2301 653 2423 706 ὁδον
2452 654 2531 715 είς
2550 652 2609 705 τὸ
2638 652 2928 705 πιστεῦσαι
2950 654 3062 715 τοῖς
3085 651 3403 719 Αἰγυπτίοις
3424 644 3697 704 {inﬁrmat
3719 650 3867 722 αὐτῷ

2300 745 2328 797 ὁ
2358 745 2486 798 Ὧν.

2370 840 2441 903 η’.
2479 834 2584 889 Καὶ
2615 832 2977 903 ἀποκριθεὶς,
3000 832 3183 901 φησὶν,
3208 835 3240 886 ό
3263 832 3518 901 ἄγγελος
3555 827 3727 885 εἶπεν
3763 832 3871 886 αὒ-

2302 925 2400 991 τῷο
2427 925 2585 981 Ἰδοὺ
2640 926 2757 993 ἔσῃ
2808 922 3051 977 σιωπῶν
3088 923 3188 1009 καί
3230 922 3318 993 μὴ
3376 922 3715 992 δυνάμενος
3759 925 3869 976 ,ια-

2302 1018 2522 1087 λῆσαι,
2582 1018 2713 1073 ἀνθ’
2747 1011 2835 1071 ὧν
2895 1016 3275 1083 ἠπίστευσας
3331 1014 3455 1080 τοῖς
3517 1017 3723 1084 λόγοις
3753 1030 3871 1083 μου

2308 1108 2655 1182 (προσθετέον
2712 1108 2851 1161 κατά
2900 1108 2961 1160 τὸ
3017 1107 3370 1177 σιωπώμενον
3428 1105 3618 1168 ἁπλῶς
3662 1121 3725 1157 τε
3777 1104 3872 1157 καὶ

2306 1200 2717 1265 ἀνεξετάστως),
2783 1199 2999 1263 οἵτινες
3060 1197 3563 1266 πληρωθήσονται
3620 1197 3708 1262 είς
3768 1197 3876 1247 τὸν

2306 1290 2513 1357 καιρὸν
2540 1288 2758 1342 αὐτῶν.
2786 1287 2985 1341 Ἐλαὸε
3015 1288 3193 1340 τοίνυν
3224 1288 3285 1340 τὸ
3314 1288 3582 1357 σημεῖονὸ
3600 1285 3875 1354 Ζαχαρίας

2306 1381 2642 1450 κατάλληλον
2684 1378 2764 1449 τῷ
2819 1380 3125 1449 πράγματι,
3165 1378 3377 1448 σιωπὴν
3406 1378 3646 1447 φθογγῆς
3675 1375 3876 1445 λυομέ-

2308 1491 2425 1545 νης,
2458 1474 2590 1542 πρὸς
2632 1471 2873 1542 φθογγὴν
2907 1471 3087 1534 ζῶσαν
3109 1471 3201 1523 καὶ
3228 1469 3587 1524 ὲνυπόστατον
3615 1466 3879 1537 τεχθησο-

2312 1564 2479 1633 μένην
2508 1561 2675 1631 αὐτῷ·
2713 1562 2807 1614 καὶ
2839 1579 2903 1613 συ
2913 1560 3160 1631 μπτύξας
3178 1562 3247 1613 τά
3282 1558 3435 1629 χείλη
3481 1557 3645 1627 ὑμνεῖ
3670 1556 3878 1625 φωναῖς

2308 1654 2663 1716 ἀνακούστοις
2691 1652 2781 1704 τὸν
2823 1651 2917 1705 τοῦ
2955 1651 3112 1703 τόκου
3142 1650 3341 1721 δοτῆρα
3366 1666 3382 1679 ·
3417 1646 3713 1712 Ἐξελθὼν
3744 1646 3875 1712 γὰρ,

2312 1746 2494 1816 φησὶν,
2530 1748 2639 1798 οὐκ
2665 1744 2927 1810 ἠδύνατο
2958 1741 3250 1810 λαλῆσαν
3274 1740 3371 1794 καί
3409 1739 3763 1810 ἐπέγνωσαν
3790 1737 3881 1790 ὅτι

2312 1838 2610 1891 omna/ar
2631 1834 2891 1904 ἑώρακεν
2913 1836 2980 1888 ἐν
3008 1833 3087 1898 τῷ
3119 1831 3267 1897 ναῷ·
3299 1832 3399 1886 καί
3422 1832 3606 1896 αὐτὸς
3635 1825 3716 1901 ἦν
3747 1828 3879 1881 δια-

641 1939 814 1995 retur,
843 1931 973 2000 quia
1002 1929 1286 1985 ferendum
1335 1946 1445 1985 non
1475 1942 1591 1986 erat
1617 1941 1675 1984 ut
1704 1931 1842 1985 visio
1872 1932 2075 1999 passim
2110 1946 2209 1985 au-

2313 1932 2523 1993 νεύων,
2566 1930 2662 1982 καί
2698 1928 2872 1997 ἔμενε
2900 1928 3119 1995 κωφός.
3149 1926 3223 1978 Τὸ
3251 1925 3351 1994 μὲν
3378 1923 3513 1995 πρὸς
3536 1923 3597 1976 τὸ
3640 1922 3717 1992 μὴ
3745 1923 3884 1993 ἐρω-

639 2020 849 2075 diretur
884 2022 1122 2090 :partim
1176 2037 1327 2085 vero,
1364 2030 1423 2075 ut
1452 2020 1543 2090 qui
1590 2022 1992 2091 quodammodo
2018 2037 2210 2077 exces-

641 2116 791 2163 serat
841 2124 907 2163 ex
962 2110 1238 2173 sensibus,
1282 2120 1537 2180 totusque
1590 2111 1644 2164 in
1686 2125 1745 2165 se
1791 2110 1909 2179 ipso
1942 2110 2206 2165 visionem

640 2200 1062 2264 ruminabatur,
1117 2210 1302 2257 mutus
1362 2211 1507 2257 esset
1548 2201 1615 2255 ad
1661 2202 2008 2256 verberantes
2030 2216 2208 2256 aerem

642 2304 947 2345 sermones.
1002 2290 1113 2346 Nec
1160 2292 1513 2347 inverisimile
1548 2302 1633 2347 est
1679 2291 1952 2360 propheta:
1979 2304 2209 2361 patrem,

643 2380 941 2448 prophetia
976 2390 1356 2451 argumentum
1410 2384 1499 2437 hic
1526 2385 1856 2454 significare.
1895 2386 1947 2439 id
1983 2394 2066 2439 est
2100 2384 2211 2440 ior-

642 2478 789 2524 tasse
822 2470 1011 2541 legalis
1056 2474 1237 2529 cultus
1284 2475 1667 2537 cessationem,
1705 2491 1817 2543 pne
1846 2477 2213 2542 divulgatione

643 2559 823 2614 cultus
847 2562 1148 2617 secundum
1179 2566 1410 2635 gratiam
1439 2565 1492 2618 in
1529 2564 1756 2620 Joannis
1784 2568 2083 2622 nativitale.
2107 2568 2211 2621 Sed

639 2648 776 2719 iam,
804 2652 1147 2708 intermediis
1175 2655 1419 2721 omissis,
1452 2671 1572 2725 qua:
1601 2658 1666 2711 ad
1696 2667 2017 2727 praesentem
2064 2659 2206 2713 diem

645 2756 755 2797 non
815 2744 1106 2812 pertinent,
1134 2760 1365 2814 quaeque
1414 2748 1558 2803 vires
1602 2758 1802 2803 nostra:
1830 2751 2083 2820 persequi
2116 2767 2211 2807 no-

646 2842 874 2902 queunt,
903 2850 1097 2891 rursus
1125 2838 1190 2890 ad
1221 2838 1272 2892 id
1306 2839 1453 2908 quod
1484 2840 1652 2895 instat
1680 2843 1981 2900 veniamus.

716 3017 769 3071 9.
810 3017 878 3070 Et
913 3018 1115 3085 factum
1158 3029 1258 3087 est,
1292 3022 1489 3092 inquit,
1518 3040 1635 3076 cum
1666 3026 1897 3079 audisset
1941 3024 2214 3080 Elisabeth

645 3103 1026 3159 salutationem
1042 3108 1544 3172 Mariw,exsuilavit
1568 3112 1744 3181 infans
1764 3114 1958 3183 gaudio
1986 3115 2039 3167 in
2065 3124 2213 3168 utero

644 3197 833 3291 ejus".
871 3195 915 3251 0
947 3196 1206 3261 Joannes,
1245 3200 1369 3254 felix
1397 3202 1600 3267 infans,
1627 3205 1755 3273 vigil
1783 3207 2079 3277 embryon!
2107 3207 2210 3273 Qui
2239 3231 2284 3291 ρ

644 3300 705 3339 es
760 3287 811 3339 in
856 3295 1030 3349 utero,
1063 3292 1338 3358 quomodo
1386 3292 1439 3345 in
1489 3294 1732 3348 mundo?
1758 3297 1852 3364 qui
1881 3298 2121 3351 nondum
2153 3312 2212 3351 es

646 3379 941 3448 perfectus,
977 3382 1255 3451 quomodo
1285 3400 1342 3439 es
1374 3387 1861 3445 absolutissimus?
1892 3391 1984 3459 qui
2036 3406 2213 3448 seme-

645 3468 796 3533 stris,
840 3470 1114 3539 quomodo
1173 3473 1485 3543 longaevus?
1535 3478 1627 3546 qui
1676 3480 1913 3533 nondum
1974 3481 2214 3551 cogitare

647 3566 823 3625 potes,
854 3561 1129 3627 quomodo
1165 3578 1223 3616 cs
1254 3563 1756 3631 prudentissimus?
1785 3567 1879 3637 qui
1912 3567 2059 3637 loqui
2103 3584 2211 3624 non

646 3659 825 3719 potes,
866 3653 1141 3720 quomodo
1170 3654 1419 3723 expedite
1457 3656 1719 3711 disseris?
1761 3657 1850 3711 dic
1896 3658 2075 3721 nobis,
2101 3659 2211 3725 dic,

644 3756 774 3811 age;
799 3745 1087 3798 tenebroso
1116 3747 1347 3800 materni
1378 3748 1517 3801 uteri
1548 3748 1668 3802 loco
1698 3747 1878 3803 adhuc
1900 3750 2213 3815 conclusus,

643 3833 909 3889 vlsuaiem
956 3837 1066 3889 vim
1124 3837 1363 3892 nondum
1420 3854 1705 3904 exercens,
1752 3856 1883 3897 aure
1926 3844 2212 3913 strepitum

644 3924 853 3980 nidlum
878 3926 1157 3993 hauriens,
1175 3930 1418 3984 vocalem
1438 3945 1636 3986 sonum
1670 3932 1910 3986 nondum
1934 3934 2211 3995 emittens,

644 4015 998 4071 ambulatorii
1046 4028 1227 4074 motus
1262 4022 1503 4075 nondum
1551 4024 1849 4092 particeps,
1887 4026 2058 4080 risum
2114 4027 2212 4080 ho-

642 4104 810 4161 minis
862 4108 1140 4175 pr0prium
1198 4110 1376 4164 adhuc
1422 4127 1535 4166 non
1588 4128 1874 4181 exserens;
1937 4117 2213 4185 quomodo

644 4198 1146 4269 audisiquomodo
1194 4216 1281 4256 res
1333 4202 1547 4259 divinas
1602 4204 1911 4273 eloqueris?
1936 4208 2213 4278 quomodo

642 4288 871 4344 exsilis?
900 4290 1173 4358 quomodo
1218 4292 1498 4349 exsultas?
1530 4296 1820 4366 responde,
1856 4312 1889 4353 ο
1921 4299 2215 4357 mirabilis-

645 4381 802 4435 sime.
836 4380 1089 4454 Magnum
1149 4394 1251 4449 est,
1302 4385 1411 4451 ait,
1442 4390 1786 4459 mysterium,
1824 4400 1878 4446 et
1936 4401 2091 4449 actus
2147 4394 2215 4449 ab

644 4471 884 4527 humana
935 4484 1177 4529 remotus
1208 4480 1718 4547 comprehensione.
1770 4481 1961 4540 Merito
2012 4485 2215 4541 innovo

2310 2020 2528 2086 τᾶσθαι,
2550 2021 2625 2081 ὡς
2656 2020 2715 2073 οὐ
2743 2018 3008 2071 καθεκτὸν
3045 2018 3113 2070 τὰ
3159 2017 3259 2086 τῆς
3285 2015 3550 2077 ὀπτασίας
3593 2011 3882 2075 ἀκουτίζε-

2314 2114 2458 2167 σθαι*
2492 2113 2559 2166 τά
2588 2113 2643 2165 δὲ
2676 2112 2750 2175 ὡς
2778 2106 2889 2165 οἷον
2934 2108 3251 2180 ἐκδεδηκὼς
3288 2107 3396 2160 τῶν
3437 2106 3762 2177 αἰσθήσεων,
3786 2104 3882 2157 καὶ

2312 2204 2387 2265 είς
2425 2201 2616 2254 ἑαυτὸν
2656 2201 2773 2264 ὅλος
2818 2200 2878 2253 τὸ
2902 2200 3097 2271 δραθὲν
3123 2198 3579 2267 συστρεφόμενος,
3612 2194 3884 2263 κωφεύειν

2311 2294 2422 2355 τοῖς
2460 2291 2818 2362 ἀεροκτύποις
2847 2292 3157 2360 λαλήμασιν
3184 2304 3196 2317 ·
3233 2289 3387 2343 οὐδὲν
3410 2288 3466 2341 δὲ
3498 2282 3608 2341 οἷον
3640 2287 3715 2348 ὠς
3744 2301 3882 2355 προ-

2314 2383 2669 2454 φητοπάτορα
2694 2382 2787 2434 καὶ
2810 2378 3147 2452 προφητείας
3191 2378 3351 2449 ἔργον
3381 2376 3659 2431 κάνταῦθα
3689 2379 3883 2443 ἐπιση-

2317 2476 2549 2545 μαίνειν’
2577 2474 2669 2525 καὶ
2696 2472 2853 2525 τοῦτό
2880 2474 3024 2523 ἐστιν
3046 2470 3178 2533 ἴσως
3204 2471 3237 2539 ἡ
3262 2470 3360 2539 τῆς
3383 2466 3612 2538 νομικῆς
3628 2464 3884 2537 λατρείας

2318 2565 2517 2627 παῦλα,
2536 2563 2673 2633 πρὸς
2701 2564 2799 2632 τὴν
2830 2564 2887 2615 ὲν
2915 2563 2981 2632 τῇ
3011 2562 3193 2631 χάριτι
3213 2560 3301 2613 διὰ
3332 2559 3431 2628 τῆς
3455 2558 3760 2628 γεννήσεως
3786 2554 3880 2607 τοῦ

2328 2628 2591 2709 Ἰωάννου
2616 2628 2936 2722 ἀνάρρησιν.
2956 2628 3165 2705 ’Τοίνυν
3194 2648 3643 2720 παραδραμόντες
3673 2644 3742 2697 τά
3792 2644 3884 2697 διὰ

2320 2747 2507 2817 μέσου,
2545 2744 2620 2809 ῶς
2652 2743 2776 2797 οἷστε
2825 2746 2891 2815 τῇ
2928 2743 3112 2814 ἡμέρᾳ⁸
3156 2742 3447 2809 ἀνήκοντα,
3475 2738 3583 2791 οὐδ’
3613 2738 3749 2808 αὐτῇ
3786 2736 3883 2788 δυ-

2314 2838 2475 2907 νάμει
2510 2835 2668 2906 ἡμῶν
2697 2835 2917 2904 ἐφικτὰ,
2954 2831 3107 2895 αὖθις
3138 2834 3230 2885 ἐπὶ
3266 2832 3326 2885 τὸ
3360 2832 3682 2896 κατεπεῖγον
3729 2828 3885 2880 ὲλευ-

2316 2927 2560 3000 σώμεθα.

2386 3024 2450 3076 θ’.
2493 3022 2600 3076 Καὶ
2623 3020 2875 3089 ἐγένετο,
2897 3018 3082 3086 φησὶν,
3108 3016 3187 3082 ὡς
3210 3015 3479 3084 ἤκουσεν
3508 3015 3541 3083 ἡ
3569 3012 3883 3069 Ἐλισάόετ

2315 3115 2421 3169 τὸν
2456 3111 2784 3179 ἀσπασμὸν
2807 3110 2919 3177 τῆς
2948 3111 3191 3178 Μαρίας,
3220 3108 3544 3177 ἐσκίρτησε
3573 3108 3636 3160 τὸ
3653 3105 3885 3175 ,ϐρέφος

2314 3204 2383 3258 ἐν
2408 3200 2759 3272 ἀγαλλιάσει
2786 3200 2855 3253 ἐν
2892 3199 2965 3267 τῇ
3004 3200 3203 3265 κοιλίᾳ
3232 3196 3442 3266 αὐτῆς.
3473 3192 3545 3249 Ὠ
3571 3196 3790 3266 Ἰωάννη
3821 3194 3887 3247 τὸ

2318 3296 2590 3365 μακάριον
2631 3293 2847 3363 βρέφος,
2895 3292 2957 3344 τὸ
2987 3291 3286 3360 ἀκοίμητον
3311 3289 3583 3360 ἔμϐρυονί
3636 3288 3692 3341 Ὀ
3717 3287 3887 3356 ἐγγά-

2316 3401 2518 3455 στριος,
2564 3384 2681 3446 πῶς
2730 3385 3051 3452 ὲγκόσμιοςς
3098 3384 3126 3435 ό
3179 3381 3483 3445 ἀτέλεστος,
3524 3380 3642 3444 πῶς
3683 3380 3890 3450 πληρέ-

2316 3492 2539 3539 στατος;
2564 3477 2592 3527 ὁ
2616 3474 2987 3544 ἑξαμηνιαῖος,
3015 3473 3129 3535 πῶς
3174 3470 3522 3541 πολυχρόνιος
3542 3488 3555 3537 ;
3576 3472 3604 3523 ό
3632 3468 3887 3539 ἀδιανόηο

2313 3585 2424 3632 τος,
2447 3567 2562 3631 πῶς
2584 3566 3055 3637 ὲμφρονέστατοςς
3082 3564 3112 3616 ὁ
3142 3563 3479 3628 ἀδιάλεκτος,
3497 3562 3613 3624 πῶς
3642 3559 3887 3626 εὖλαλοςς

2314 3660 2524 3731 φράσον
2557 3661 2707 3731 ἡμῖν,
2740 3659 3038 3729 φράσον,ὲν
3056 3655 3270 3727 ζοφερῷ
3296 3655 3479 3725 χωρίῳ
3498 3654 3593 3723 τῆς
3629 3650 3891 3721 μητρῴας

2314 3754 2505 3825 νηδύος
2538 3752 2911 3822 συνεχόμενος,
2944 3750 3042 3820 τὴν
3086 3748 3348 3820 ὁρατικὴν
3394 3746 3506 3812 ἕξιν
3539 3744 3691 3798 οὔπω
3733 3746 3861 3812 ὲνερ

2314 3846 2448 3915 γῶν,
2507 3844 2597 3898 τὸν
2625 3841 2952 3896 ἀκουστικὸν
2980 3841 3154 3912 ψόφον
3192 3839 3344 3893 οὓπω
3372 3836 3766 3909 εἰσδεχόμενος,
3794 3835 3895 3887 τὸν

2315 3935 2617 4006 φωνητικὸν
2651 3932 2887 4003 φθόγγον
2920 3930 3072 3984 οὔπω
3122 3929 3351 3996 ἐκϐοῶν,
3379 3929 3478 4000 τὴν
3526 3942 3894 3997 περιπατητι-

2314 4025 2416 4095 κὴν
2444 4024 2657 4094 κίνησιν
2686 4021 2840 4075 οὔπω
2871 4020 3233 4092 μετειληφὼς,
3263 4020 3323 4073 τὸ
3344 4017 3667 4088 γελαστικὸν
3690 4016 3893 4087 ίδίωμα

2313 4116 2466 4169 οὔπω
2514 4113 2951 4184 ἐπιτετηδευκὼς
2980 4129 2995 4145 ο
3027 4113 3144 4176 πῶς
3172 4112 3409 4184 ⁵διορᾷς;
3460 4111 3577 4175 πῶς
3636 4109 3888 4174 ὲπαῖειςς

2316 4208 2433 4272 πῶς
2458 4208 2763 4274 θεολογεῐςς
2796 4206 2913 4269 πῶς
2941 4206 3339 4276 περισκιρτᾷς;
3370 4203 3627 4266 ποταπῶς
3652 4201 3887 4271 ἀγάλλῃ;

2315 4298 2608 4369 ἀπόκριναι
2628 4300 2782 4369 ἡμῖν,
2817 4298 3129 4369 ἀπόκριναι,
3148 4290 3192 4349 ὦ
3218 4296 3549 4364 πανάγαστε·
3580 4294 3760 4361 Μέγα,
3780 4310 3891 4364 φη-

2318 4392 2425 4454 σὶν,
2457 4391 2516 4445 τὸ
2543 4390 2865 4459 τελούμενον
2896 4391 3215 4461 μυστήριον,
3253 4389 3347 4441 καὶ
3404 4387 3509 4452 ἔξω
3539 4385 3892 4457 ἀνθρωπίνης

2317 4482 2675 4552 καταλήψεως
2694 4482 2755 4533 τὸ
2782 4482 2984 4551 δρᾶμα·
3018 4478 3328 4547 καινοτομῶ
3357 4478 3581 4540 είκότως
3604 4476 3704 4546 τὴν
3724 4475 3894 4544 φύσιν

645 4572 920 4630 naturam,
946 4577 1166 4636 propter
1188 4584 1310 4623 eum
1336 4571 1427 4640 qui
1456 4581 1539 4627 est
1560 4574 1920 4632 innovaturus
1942 4560 2027 4633 res
2045 4595 2211 4649 supra

2314 4574 2402 4628 διὰ
2443 4574 2533 4626 τὸν
2585 4573 2924 4639 καινοτομεῐν
2970 4570 3236 4640 μέλλοντα
3265 4569 3405 4640 ὑπὲρ
3438 4568 3618 4637 φύσινο
3650 4568 3895 4638 ἔμϐρυος

644 4666 917 4711 naturam.
952 4656 1192 4730 Embryo
1236 4676 1361 4716 cum
1397 4663 1522 4729 sim,
1555 4674 1795 4721 attamen
1850 4682 2039 4733 cerno,
2084 4671 2210 4740 quia

2318 4672 2488 4739 [retro
2518 4663 2779 4736 ἔμϐρυον]
2806 4662 2882 4716 ὢν
2923 4662 3054 4734 ὁρῶ,
3090 4661 3389 4732 ἐπειδήπερ
3436 4661 3526 4714 τὸν
3556 4660 3658 4730 τῆς
3683 4662 3894 4713 δικαιο-

636 4746 863 4816 iustitiae
904 4748 1074 4803 solem
1124 4749 1180 4803 in
1221 4761 1374 4805 utero
1432 4763 1697 4823 gestatum
1746 4754 1923 4810 video.
1979 4757 2210 4812 Aurium

2319 4758 2483 4830 σύνης
2539 4758 2688 4827 ἥλιον
2744 4756 2925 4825 βλέπω
2979 4754 3420 4826 κυοφορούμενον
3453 4769 3467 4784 ·
3537 4752 3892 4822 ὲνωτίζομαι,

642 4854 805 4894 sensu
823 4839 1021 4909 polleo,
1049 4843 1307 4911 quoniam
1336 4845 1500 4901 audio
1524 4861 1611 4900 me
1631 4862 1819 4903 vocem
1842 4848 2025 4918 magni
2053 4846 2212 4904 Verbi

2317 4850 2616 4920 ἐπειδήπερ
2641 4848 2838 4909 ἐπαΐω,
2858 4847 2929 4907 ὼς
2955 4848 3105 4917 φωνὴ
3135 4845 3231 4899 τοῦ
3251 4831 3487 4920 μεγάλου
3513 4844 3686 4912 Λόγου
3710 4844 3899 4898 τικτό-

644 4931 816 4987 nasci.
862 4932 1049 4988 Clamo
1080 4934 1207 5004 quia
1253 4936 1594 5006 unigenitum
1632 4936 1828 4992 Filium
1874 4936 2053 4995 Patris
2082 4954 2212 4994 con-

2324 4918 2505 5014 μενοςέ
2540 4918 2777 5001 ἀναδοῶ,
2807 4938 3104 5009 ἐπειδήπερ
3155 4938 3245 4991 τὸν
3298 4918 3562 5007 μονογενῆ
3612 4936 3741 4989 Υίὸν
3792 4934 3897 4989 τοῦ

641 5023 823 5079 sidero
882 5024 1246 5082 incarnatum.
1301 5026 1538 5095 Exsilio,
1574 5032 1704 5099 quia
1740 5046 1924 5085 rerum
1963 5031 2210 5087 omnium

2321 5034 2533 5106 Πατρὸς
2584 5031 2831 5085 κατανοῶ
2862 5028 3235 5101 σαρκούμενον
3259 5045 3274 5062 '
3331 5028 3560 5098 σκιρτῶ,
3592 5027 3898 5099 ιπειδήπερ

640 5114 954 5170 Creatorem
1018 5119 1196 5173 sentio
1259 5120 1497 5176 hominis
1580 5120 1810 5177 formam
1887 5124 2210 5193 sumpsisse.

641 5207 891 5275 Exsulta,
929 5208 1057 5278 quia
1112 5208 1532 5282 Redemptorem
1591 5215 1778 5268 mundi
1810 5214 2053 5285 intelligo
2092 5230 2215 5269 cor-

643 5310 917 5370 poratum.
954 5300 1290 5374 Principium
1321 5307 1497 5369 vobis,
1528 5306 1727 5377 inquit,
1756 5306 2005 5377 signiﬁco
2036 5306 2129 5359 Dei
2158 5307 2213 5360 in

644 5395 905 5449 mundum
946 5396 1243 5466 ingressus,
1296 5410 1354 5454 et
1384 5401 1682 5471 corporalis
1720 5415 2008 5471 processus
2038 5418 2052 5455 :
2081 5416 2216 5470 ρηο-

642 5502 806 5542 curro
854 5488 1132 5551 adventui,
1164 5501 1218 5545 et
1244 5492 1645 5561 quodammodo
1673 5493 1828 5549 vobis
1858 5508 2035 5564 prmeo
2077 5509 2213 5548 con-

643 5577 961 5637 fessionem.
983 5580 1192 5639 Sumite
1212 5585 1505 5654 psalmum,
1538 5595 1599 5641 ut
1618 5602 1744 5643 cum
1771 5585 1976 5643 Davide
1999 5587 2211 5657 loquar,

640 5680 697 5727 ct
740 5682 1080 5743 tympanum,
1100 5682 1161 5731 ut
1182 5691 1307 5733 cum
1352 5681 1637 5750 prapbeta,
1668 5678 1985 5750 psalterium
2011 5679 2212 5751 jucun-

712 5862 756 5895 ⁷⁵
790 5864 921 5922 Luc.
955 5866 1047 5922 20.
1125 5869 1169 5901 ⁸⁸
1195 5867 1328 5925 Ibid.
1355 5868 1444 5932 9.2.
1521 5871 1586 5927 ⁸⁸.
1620 5870 1755 5938 ibid,
1789 5872 1879 5929 6|.

2318 5128 2412 5182 τὸν
2448 5124 2543 5179 τοῦ
2576 5124 2773 5187 παντὸς
2810 5124 3047 5194 Ποιητὴν
3100 5123 3432 5194 αἰσθάνομαι
3489 5121 3895 5193 ἀνθρωπομορ-

2322 5220 2625 5289 φούμενονο
2661 5217 2987 5287 ἀγάλλομαι,
3021 5216 3319 5287 ἐπειδήπερ
3350 5213 3764 5284 τὸνιΛυτρωτὴν
3792 5211 3896 5265 τοῦ

2326 5310 2529 5381 κόσμου
2564 5308 2878 5379 διανοοῦμαι
2906 5306 3348 5377 σωματούμενον·
3379 5306 3553 5376 ἀρχὴν
3581 5306 3730 5375 ὑμῖν,
3780 5319 3896 5372 φη-

2324 5402 2428 5468 σὶν,
2462 5400 2799 5471 σημαίνομαι
2826 5400 2925 5468 τῆς
2956 5398 3049 5452 τοῦ
3075 5398 3209 5452 θεοῦ
3241 5400 3299 5451 ἐν
3344 5398 3534 5467 κόσμῳ
3577 5395 3898 5473 είσαχωγῆς

2319 5491 2413 5546 καὶ
2444 5491 2764 5561 σωματικῆς
2800 5490 3229 5561 προσελεύσεως·
3264 5488 3548 5560 προτρέχω
3573 5489 3671 5555 τῆς
3700 5486 3899 5556 ἐπιδη-

2322 5585 2470 5656 μίας,
2504 5584 2599 5639 καὶ
2620 5578 2731 5637 οἷον
2759 5582 2973 5653 ἐξάρχω
3004 5582 3131 5653 ὑμίν
3163 5581 3260 5651 τῆς
3285 5580 3725 5652 ἔξομολογήσεως
3747 5594 3759 5605 ·
3792 5577 3895 5632 λά-

2320 5679 2442 5735 ϐετε
2475 5677 2707 5750 ψαλμὸν,
2738 5677 3033 5742 Δαυῖτικῶς
3059 5677 3254 5742 εἰπεῖν,
3279 5675 3374 5729 κα)⁸
3405 5672 3708 5744 τύμπανον,
3749 5687 3899 5744 προ-
