  <div class='ocr_page' id='page_1' title='image "/cluster/home/n/w/nwhite01/storage/ocr_20150623/99/uva.x002264937/402.png"; bbox 0 0 4170 6536; ppageno 0'>
   <div class='ocr_carea' id='block_1_1' title="bbox 283 453 392 517">
    <p class='ocr_par' dir='ltr' id='par_1_1' title="bbox 283 453 392 517">
     <span class='ocr_line' id='line_1_1' title="bbox 283 453 392 517; baseline 0.055 -5"><span class='ocrx_word' id='word_1_1' title='bbox 283 453 392 517; x_wconf 77' lang='lat'><strong>757</strong></span> 
     </span>
    </p>
   </div>
   <div class='ocr_carea' id='block_1_2' title="bbox 829 443 2908 521">
    <p class='ocr_par' dir='ltr' id='par_1_2' title="bbox 829 443 2908 521">
     <span class='ocr_line' id='line_1_2' title="bbox 829 443 2908 521; baseline -0.004 -7"><span class='ocrx_word' id='word_1_2' title='bbox 829 451 1106 514; x_wconf 81' lang='lat' dir='ltr'><strong>ORATIO</strong></span> <span class='ocrx_word' id='word_1_3' title='bbox 1142 452 1306 514; x_wconf 92' lang='lat' dir='ltr'>VIII.</span> <span class='ocrx_word' id='word_1_4' title='bbox 1338 481 1406 494; x_wconf 90' lang='lat'><strong><em>—</em></strong></span> <span class='ocrx_word' id='word_1_5' title='bbox 1446 454 1527 518; x_wconf 90' lang='lat' dir='ltr'>IN</span> <span class='ocrx_word' id='word_1_6' title='bbox 1577 446 2205 521; x_wconf 81' lang='lat' dir='ltr'><strong>DECOLLATIONEM</strong></span> <span class='ocrx_word' id='word_1_7' title='bbox 2234 446 2298 507; x_wconf 94' lang='lat' dir='ltr'><strong>S.</strong></span> <span class='ocrx_word' id='word_1_8' title='bbox 2335 443 2654 508; x_wconf 84' lang='lat' dir='ltr'><strong>JOANNIS</strong></span> <span class='ocrx_word' id='word_1_9' title='bbox 2702 444 2908 506; x_wconf 81' lang='lat' dir='ltr'><strong>BAPT.</strong></span> 
     </span>
    </p>
   </div>
   <div class='ocr_carea' id='block_1_3' title="bbox 3395 442 3503 508">
    <p class='ocr_par' dir='ltr' id='par_1_3' title="bbox 3395 442 3503 508">
     <span class='ocr_line' id='line_1_3' title="bbox 3395 442 3503 508; baseline 0.019 -2"><span class='ocrx_word' id='word_1_10' title='bbox 3395 442 3503 508; x_wconf 85' lang='lat'><strong>758</strong></span> 
     </span>
    </p>
   </div>
   <div class='ocr_carea' id='block_1_4' title="bbox 284 553 1853 642">
    <p class='ocr_par' dir='ltr' id='par_1_4' title="bbox 284 564 1853 642">
     <span class='ocr_line' id='line_1_4' title="bbox 284 564 1853 642; baseline 0.004 -24"><span class='ocrx_word' id='word_1_11' title='bbox 284 564 554 636; x_wconf 82' lang='grc' dir='ltr'>φητικῶς,</span> <span class='ocrx_word' id='word_1_12' title='bbox 585 564 880 638; x_wconf 77' lang='grc' dir='ltr'>ψαλτήριον</span> <span class='ocrx_word' id='word_1_13' title='bbox 912 569 1140 638; x_wconf 83' lang='grc' dir='ltr'>τερπνὸν</span> <span class='ocrx_word' id='word_1_14' title='bbox 1188 568 1326 638; x_wconf 86' lang='grc' dir='ltr'><strong>μετά</strong></span> <span class='ocrx_word' id='word_1_15' title='bbox 1369 569 1598 641; x_wconf 81' lang='grc' dir='ltr'>κιθάρας</span> <span class='ocrx_word' id='word_1_16' title='bbox 1621 586 1635 600; x_wconf 88' lang='grc'><strong>·</strong></span> <span class='ocrx_word' id='word_1_17' title='bbox 1687 573 1853 642; x_wconf 76' lang='grc' dir='ltr'>ᾆσατε</span> 
     </span>
    </p>
   </div>
   <div class='ocr_carea' id='block_1_5' title="bbox 1955 553 3519 642">
    <p class='ocr_par' dir='ltr' id='par_1_5' title="bbox 1958 553 3519 625">
     <span class='ocr_line' id='line_1_5' title="bbox 1958 553 3519 625; baseline -0.003 -8"><span class='ocrx_word' id='word_1_18' title='bbox 1958 562 2086 618; x_wconf 92' lang='lat' dir='ltr'><strong>dum</strong></span> <span class='ocrx_word' id='word_1_19' title='bbox 2135 574 2260 615; x_wconf 90' lang='lat' dir='ltr'><strong>cum</strong></span> <span class='ocrx_word' id='word_1_20' title='bbox 2292 558 2521 621; x_wconf 88' lang='lat' dir='ltr'><strong>cithara,</strong></span> <span class='ocrx_word' id='word_1_21' title='bbox 2551 565 2765 612; x_wconf 89' lang='lat' dir='ltr'><strong>cantate</strong></span> <span class='ocrx_word' id='word_1_22' title='bbox 2795 564 2848 610; x_wconf 86' lang='lat' dir='ltr'><strong>et</strong></span> <span class='ocrx_word' id='word_1_23' title='bbox 2889 555 3101 625; x_wconf 88' lang='lat' dir='ltr'><strong>psallite</strong></span> <span class='ocrx_word' id='word_1_24' title='bbox 3163 553 3260 622; x_wconf 83' lang='lat' dir='ltr'><strong>illi,</strong></span> <span class='ocrx_word' id='word_1_25' title='bbox 3298 568 3519 613; x_wconf 78' lang='lat' dir='ltr'><strong>narrate</strong></span> 
     </span>
    </p>
   </div>
   <div class='ocr_carea' id='block_1_6' title="bbox 283 657 1851 730">
    <p class='ocr_par' dir='ltr' id='par_1_6' title="bbox 283 657 1851 730">
     <span class='ocr_line' id='line_1_6' title="bbox 283 657 1851 730; baseline 0.001 -17"><span class='ocrx_word' id='word_1_26' title='bbox 283 657 438 727; x_wconf 84' lang='grc' dir='ltr'><strong>αὒτῷ</strong></span> <span class='ocrx_word' id='word_1_27' title='bbox 475 660 571 712; x_wconf 78' lang='grc' dir='ltr'>καὶ</span> <span class='ocrx_word' id='word_1_28' title='bbox 601 657 806 728; x_wconf 74' lang='grc' dir='ltr'>ψάλατε</span> <span class='ocrx_word' id='word_1_29' title='bbox 841 657 1010 728; x_wconf 79' lang='grc' dir='ltr'>αὐτῷ’</span> <span class='ocrx_word' id='word_1_30' title='bbox 1044 659 1378 730; x_wconf 82' lang='grc' dir='ltr'>διηγήσασθε</span> <span class='ocrx_word' id='word_1_31' title='bbox 1424 661 1602 716; x_wconf 87' lang='grc' dir='ltr'>πάντα</span> <span class='ocrx_word' id='word_1_32' title='bbox 1626 662 1694 715; x_wconf 79' lang='grc' dir='ltr'>τὰ</span> <span class='ocrx_word' id='word_1_33' title='bbox 1719 661 1851 716; x_wconf 85' lang='grc' dir='ltr'>Θαυ-</span> 
     </span>
    </p>
   </div>
   <div class='ocr_carea' id='block_1_7' title="bbox 285 749 664 818">
    <p class='ocr_par' dir='ltr' id='par_1_7' title="bbox 285 749 664 818">
     <span class='ocr_line' id='line_1_7' title="bbox 285 749 664 818; baseline 0.005 -16"><span class='ocrx_word' id='word_1_34' title='bbox 285 750 459 818; x_wconf 88' lang='grc' dir='ltr'>μάσια</span> <span class='ocrx_word' id='word_1_35' title='bbox 478 749 664 805; x_wconf 80' lang='grc' dir='ltr'>αὐτοῦ.</span> 
     </span>
    </p>
   </div>
   <div class='ocr_carea' id='block_1_8' title="bbox 359 835 1850 912">
    <p class='ocr_par' dir='ltr' id='par_1_8' title="bbox 359 835 1850 912">
     <span class='ocr_line' id='line_1_8' title="bbox 359 835 1850 912; baseline 0.001 -18"><span class='ocrx_word' id='word_1_36' title='bbox 359 847 408 896; x_wconf 86' lang='grc' dir='ltr'>ι’.</span> <span class='ocrx_word' id='word_1_37' title='bbox 435 837 560 906; x_wconf 68' lang='grc' dir='ltr'><strong>*Δρ*</strong></span> <span class='ocrx_word' id='word_1_38' title='bbox 595 835 709 904; x_wconf 82' lang='grc' dir='ltr'>οῦν,</span> <span class='ocrx_word' id='word_1_39' title='bbox 747 839 991 910; x_wconf 85' lang='grc' dir='ltr'>Ἰωάννη,</span> <span class='ocrx_word' id='word_1_40' title='bbox 1048 841 1423 912; x_wconf 84' lang='grc' dir='ltr'>ὐπερανέστης</span> <span class='ocrx_word' id='word_1_41' title='bbox 1477 843 1547 896; x_wconf 76' lang='grc' dir='ltr'><strong>τὰ</strong></span> <span class='ocrx_word' id='word_1_42' title='bbox 1596 843 1850 910; x_wconf 83' lang='grc' dir='ltr'>ὲπίγεια;</span> 
     </span>
    </p>
   </div>
   <div class='ocr_carea' id='block_1_9' title="bbox 281 930 1852 1003">
    <p class='ocr_par' dir='ltr' id='par_1_9' title="bbox 281 930 1852 1003">
     <span class='ocr_line' id='line_1_9' title="bbox 281 930 1852 1003; baseline 0.003 -20"><span class='ocrx_word' id='word_1_43' title='bbox 281 930 602 1003; x_wconf 78' lang='grc' dir='ltr'>προέκυψας</span> <span class='ocrx_word' id='word_1_44' title='bbox 633 933 714 994; x_wconf 89' lang='grc' dir='ltr'><strong>είς</strong></span> <span class='ocrx_word' id='word_1_45' title='bbox 735 932 807 985; x_wconf 92' lang='grc' dir='ltr'><strong>τά</strong></span> <span class='ocrx_word' id='word_1_46' title='bbox 834 931 1063 1002; x_wconf 83' lang='grc' dir='ltr'>οὐράνια</span> <span class='ocrx_word' id='word_1_47' title='bbox 1095 947 1110 996; x_wconf 87' lang='grc'>;</span> <span class='ocrx_word' id='word_1_48' title='bbox 1145 932 1632 1001; x_wconf 78' lang='grc' dir='ltr'>ὑπεραναδέϐηκας</span> <span class='ocrx_word' id='word_1_49' title='bbox 1679 935 1852 1002; x_wconf 81' lang='grc' dir='ltr'>ἀγγε-</span> 
     </span>
    </p>
   </div>
   <div class='ocr_carea' id='block_1_10' title="bbox 281 1021 1851 1094">
    <p class='ocr_par' dir='ltr' id='par_1_10' title="bbox 281 1021 1851 1094">
     <span class='ocr_line' id='line_1_10' title="bbox 281 1021 1851 1094; baseline 0.004 -22"><span class='ocrx_word' id='word_1_50' title='bbox 281 1021 444 1082; x_wconf 84' lang='grc' dir='ltr'>λικάς</span> <span class='ocrx_word' id='word_1_51' title='bbox 477 1023 576 1076; x_wconf 56' lang='grc' dir='ltr'><strong>καὶ⁵</strong></span> <span class='ocrx_word' id='word_1_52' title='bbox 607 1022 1027 1094; x_wconf 87' lang='grc' dir='ltr'>πρωτουργικάς</span> <span class='ocrx_word' id='word_1_53' title='bbox 1063 1024 1493 1092; x_wconf 85' lang='grc' dir='ltr'>διακοσμήσεις;</span> <span class='ocrx_word' id='word_1_54' title='bbox 1526 1024 1642 1087; x_wconf 87' lang='grc' dir='ltr'><strong>πώς</strong></span> <span class='ocrx_word' id='word_1_55' title='bbox 1671 1021 1762 1078; x_wconf 74' lang='grc' dir='ltr'>οὖν</span> <span class='ocrx_word' id='word_1_56' title='bbox 1787 1041 1851 1093; x_wconf 86' lang='grc' dir='ltr'><strong>γε</strong></span> 
     </span>
    </p>
   </div>
   <div class='ocr_carea' id='block_1_11' title="bbox 281 1105 1853 1186">
    <p class='ocr_par' dir='ltr' id='par_1_11' title="bbox 281 1105 1853 1186">
     <span class='ocr_line' id='line_1_11' title="bbox 281 1105 1853 1186; baseline 0.002 -20"><span class='ocrx_word' id='word_1_57' title='bbox 281 1105 472 1184; x_wconf 80' lang='grc' dir='ltr'>ὦνπερ</span> <span class='ocrx_word' id='word_1_58' title='bbox 515 1113 616 1185; x_wconf 81' lang='grc' dir='ltr'>τὴν</span> <span class='ocrx_word' id='word_1_59' title='bbox 666 1113 830 1183; x_wconf 84' lang='grc' dir='ltr'>φύσιν</span> <span class='ocrx_word' id='word_1_60' title='bbox 859 1114 960 1167; x_wconf 84' lang='grc' dir='ltr'>οὐκ</span> <span class='ocrx_word' id='word_1_61' title='bbox 1006 1113 1294 1177; x_wconf 76' lang='grc' dir='ltr'>ὲπελάόου,</span> <span class='ocrx_word' id='word_1_62' title='bbox 1331 1113 1538 1166; x_wconf 80' lang='grc' dir='ltr'>τούτων</span> <span class='ocrx_word' id='word_1_63' title='bbox 1569 1115 1667 1186; x_wconf 83' lang='grc' dir='ltr'>τὴν</span> <span class='ocrx_word' id='word_1_64' title='bbox 1697 1115 1853 1180; x_wconf 82' lang='grc' dir='ltr'><strong>τάξιν</strong></span> 
     </span>
    </p>
   </div>
   <div class='ocr_carea' id='block_1_12' title="bbox 281 1203 1853 1276">
    <p class='ocr_par' dir='ltr' id='par_1_12' title="bbox 281 1203 1853 1276">
     <span class='ocr_line' id='line_1_12' title="bbox 281 1203 1853 1276; baseline 0.002 -20"><span class='ocrx_word' id='word_1_65' title='bbox 281 1205 381 1258; x_wconf 70' lang='grc' dir='ltr'>καὶ</span> <span class='ocrx_word' id='word_1_66' title='bbox 409 1204 566 1269; x_wconf 82' lang='grc' dir='ltr'>ἀξίαν</span> <span class='ocrx_word' id='word_1_67' title='bbox 591 1203 968 1276; x_wconf 84' lang='grc' dir='ltr'>ἀπεκληρώσω</span> <span class='ocrx_word' id='word_1_68' title='bbox 993 1221 1008 1268; x_wconf 92' lang='lat'><strong>;</strong></span> <span class='ocrx_word' id='word_1_69' title='bbox 1042 1203 1098 1257; x_wconf 86' lang='grc' dir='ltr'>τὸ</span> <span class='ocrx_word' id='word_1_70' title='bbox 1126 1204 1310 1266; x_wconf 78' lang='grc' dir='ltr'>αὐτοῖς</span> <span class='ocrx_word' id='word_1_71' title='bbox 1340 1203 1399 1269; x_wconf 81' lang='grc' dir='ltr'><strong>ὲξ</strong></span> <span class='ocrx_word' id='word_1_72' title='bbox 1428 1203 1622 1267; x_wconf 78' lang='grc' dir='ltr'>αἰῶνος</span> <span class='ocrx_word' id='word_1_73' title='bbox 1660 1205 1853 1276; x_wconf 82' lang='grc' dir='ltr'>ἄδηλον</span> 
     </span>
    </p>
   </div>
   <div class='ocr_carea' id='block_1_13' title="bbox 280 1294 1854 1367">
    <p class='ocr_par' dir='ltr' id='par_1_13' title="bbox 280 1294 1854 1367">
     <span class='ocr_line' id='line_1_13' title="bbox 280 1294 1854 1367; baseline 0.001 -18"><span class='ocrx_word' id='word_1_74' title='bbox 280 1297 378 1350; x_wconf 83' lang='grc' dir='ltr'>καὶ</span> <span class='ocrx_word' id='word_1_75' title='bbox 420 1297 723 1363; x_wconf 86' lang='grc' dir='ltr'>ἀδίδακτον,</span> <span class='ocrx_word' id='word_1_76' title='bbox 757 1296 918 1359; x_wconf 76' lang='grc' dir='ltr'>εὐθὺς</span> <span class='ocrx_word' id='word_1_77' title='bbox 975 1294 1050 1359; x_wconf 81' lang='grc' dir='ltr'><strong>ὡς</strong></span> <span class='ocrx_word' id='word_1_78' title='bbox 1097 1295 1235 1366; x_wconf 88' lang='grc' dir='ltr'><strong>μετά</strong></span> <span class='ocrx_word' id='word_1_79' title='bbox 1279 1295 1411 1348; x_wconf 83' lang='grc' dir='ltr'>Θεὸν</span> <span class='ocrx_word' id='word_1_80' title='bbox 1487 1297 1854 1367; x_wconf 77' lang='grc' dir='ltr'>διαπορθμεύ-</span> 
     </span>
    </p>
   </div>
   <div class='ocr_carea' id='block_1_14' title="bbox 280 1385 1852 1458">
    <p class='ocr_par' dir='ltr' id='par_1_14' title="bbox 280 1385 1852 1458">
     <span class='ocr_line' id='line_1_14' title="bbox 280 1385 1852 1458; baseline 0.001 -18"><span class='ocrx_word' id='word_1_81' title='bbox 280 1404 384 1451; x_wconf 89' lang='grc' dir='ltr'><strong>σας</strong></span> <span class='ocrx_word' id='word_1_82' title='bbox 479 1388 574 1442; x_wconf 82' lang='grc' dir='ltr'>καὶ</span> <span class='ocrx_word' id='word_1_83' title='bbox 658 1387 968 1456; x_wconf 79' lang='grc' dir='ltr'><strong>διαγγείλας</strong></span> <span class='ocrx_word' id='word_1_84' title='bbox 1049 1388 1182 1458; x_wconf 79' lang='grc' dir='ltr'>ἡμῖν</span> <span class='ocrx_word' id='word_1_85' title='bbox 1244 1385 1421 1440; x_wconf 88' lang='grc' dir='ltr'>ταῦτα</span> <span class='ocrx_word' id='word_1_86' title='bbox 1475 1385 1554 1439; x_wconf 74' lang='grc' dir='ltr'>ἔτι</span> <span class='ocrx_word' id='word_1_87' title='bbox 1630 1388 1852 1457; x_wconf 85' lang='grc' dir='ltr'>μαιευό-</span> 
     </span>
    </p>
   </div>
   <div class='ocr_carea' id='block_1_15' title="bbox 283 1477 1854 1549">
    <p class='ocr_par' dir='ltr' id='par_1_15' title="bbox 283 1477 1854 1549">
     <span class='ocr_line' id='line_1_15' title="bbox 283 1477 1854 1549; baseline -0.002 -16"><span class='ocrx_word' id='word_1_88' title='bbox 283 1495 486 1548; x_wconf 84' lang='grc' dir='ltr'>μενος;</span> <span class='ocrx_word' id='word_1_89' title='bbox 533 1477 647 1532; x_wconf 85' lang='grc' dir='ltr'><strong>Οὐκ</strong></span> <span class='ocrx_word' id='word_1_90' title='bbox 676 1477 1044 1548; x_wconf 88' lang='grc' dir='ltr'>ἀεροπόνησα,</span> <span class='ocrx_word' id='word_1_91' title='bbox 1081 1478 1266 1548; x_wconf 76' lang='grc' dir='ltr'>φησὶν,</span> <span class='ocrx_word' id='word_1_92' title='bbox 1300 1479 1400 1531; x_wconf 82' lang='grc' dir='ltr'>οὐκ</span> <span class='ocrx_word' id='word_1_93' title='bbox 1426 1479 1854 1549; x_wconf 85' lang='grc' dir='ltr'>ὲνεφελοδρόμη-</span> 
     </span>
    </p>
   </div>
   <div class='ocr_carea' id='block_1_16' title="bbox 280 1569 1850 1642">
    <p class='ocr_par' dir='ltr' id='par_1_16' title="bbox 280 1569 1850 1642">
     <span class='ocr_line' id='line_1_16' title="bbox 280 1569 1850 1642; baseline 0.001 -21"><span class='ocrx_word' id='word_1_94' title='bbox 280 1586 372 1633; x_wconf 89' lang='grc' dir='ltr'><strong>σα,</strong></span> <span class='ocrx_word' id='word_1_95' title='bbox 401 1569 501 1640; x_wconf 83' lang='grc' dir='ltr'>οὐχ</span> <span class='ocrx_word' id='word_1_96' title='bbox 536 1569 940 1641; x_wconf 87' lang='grc' dir='ltr'>ὐπερουράνισα</span> <span class='ocrx_word' id='word_1_97' title='bbox 960 1612 975 1635; x_wconf 92' lang='grc'><strong>,</strong></span> <span class='ocrx_word' id='word_1_98' title='bbox 1008 1571 1107 1640; x_wconf 86' lang='grc' dir='ltr'>οὐχ</span> <span class='ocrx_word' id='word_1_99' title='bbox 1131 1569 1551 1642; x_wconf 85' lang='grc' dir='ltr'>ὑπερανέστηκα</span> <span class='ocrx_word' id='word_1_100' title='bbox 1587 1570 1695 1624; x_wconf 84' lang='grc' dir='ltr'><strong>τῶν</strong></span> <span class='ocrx_word' id='word_1_101' title='bbox 1723 1571 1850 1639; x_wconf 73' lang='grc' dir='ltr'>φλοο</span> 
     </span>
    </p>
   </div>
   <div class='ocr_carea' id='block_1_17' title="bbox 278 1660 1855 1734">
    <p class='ocr_par' dir='ltr' id='par_1_17' title="bbox 278 1660 1855 1734">
     <span class='ocr_line' id='line_1_17' title="bbox 278 1660 1855 1734; baseline 0.003 -22"><span class='ocrx_word' id='word_1_102' title='bbox 278 1660 461 1731; x_wconf 84' lang='grc' dir='ltr'>γερῶν</span> <span class='ocrx_word' id='word_1_103' title='bbox 480 1661 576 1715; x_wconf 78' lang='grc' dir='ltr'>καὶ</span> <span class='ocrx_word' id='word_1_104' title='bbox 609 1662 922 1732; x_wconf 78' lang='grc' dir='ltr'><strong>ἀσωμάτων</strong></span> <span class='ocrx_word' id='word_1_105' title='bbox 944 1662 1228 1731; x_wconf 83' lang='grc' dir='ltr'><strong>δυνάμεων</strong></span> <span class='ocrx_word' id='word_1_106' title='bbox 1255 1679 1269 1694; x_wconf 70' lang='grc'><em>⁸</em></span> <span class='ocrx_word' id='word_1_107' title='bbox 1309 1664 1385 1734; x_wconf 78' lang='grc' dir='ltr'>μὴ</span> <span class='ocrx_word' id='word_1_108' title='bbox 1423 1663 1582 1717; x_wconf 88' lang='grc' dir='ltr'>τοῦτο</span> <span class='ocrx_word' id='word_1_109' title='bbox 1610 1664 1855 1717; x_wconf 81' lang='grc' dir='ltr'>ὑπονοεί-</span> 
     </span>
    </p>
   </div>
   <div class='ocr_carea' id='block_1_18' title="bbox 281 1752 1856 1824">
    <p class='ocr_par' dir='ltr' id='par_1_18' title="bbox 281 1752 1856 1824">
     <span class='ocr_line' id='line_1_18' title="bbox 281 1752 1856 1824; baseline 0.001 -18"><span class='ocrx_word' id='word_1_110' title='bbox 281 1752 421 1821; x_wconf 79' lang='grc' dir='ltr'>σθω,</span> <span class='ocrx_word' id='word_1_111' title='bbox 455 1752 570 1808; x_wconf 80' lang='grc' dir='ltr'>ἀλλ’</span> <span class='ocrx_word' id='word_1_112' title='bbox 595 1755 625 1808; x_wconf 91' lang='lat'><strong>6</strong></span> <span class='ocrx_word' id='word_1_113' title='bbox 651 1753 840 1808; x_wconf 76' lang='grc' dir='ltr'>ἐπάνω</span> <span class='ocrx_word' id='word_1_114' title='bbox 873 1753 1090 1807; x_wconf 85' lang='grc' dir='ltr'>πάντων</span> <span class='ocrx_word' id='word_1_115' title='bbox 1135 1753 1232 1817; x_wconf 83' lang='grc' dir='ltr'>ὢν,</span> <span class='ocrx_word' id='word_1_116' title='bbox 1270 1754 1365 1808; x_wconf 82' lang='grc' dir='ltr'>καὶ</span> <span class='ocrx_word' id='word_1_117' title='bbox 1424 1755 1601 1824; x_wconf 81' lang='grc' dir='ltr'>μένων</span> <span class='ocrx_word' id='word_1_118' title='bbox 1652 1755 1710 1808; x_wconf 78' lang='grc' dir='ltr'>ἐν</span> <span class='ocrx_word' id='word_1_119' title='bbox 1743 1757 1856 1818; x_wconf 79' lang='grc' dir='ltr'>τοῖς</span> 
     </span>
    </p>
   </div>
   <div class='ocr_carea' id='block_1_19' title="bbox 279 1842 1856 1914">
    <p class='ocr_par' dir='ltr' id='par_1_19' title="bbox 279 1842 1856 1914">
     <span class='ocr_line' id='line_1_19' title="bbox 279 1842 1856 1914; baseline 0.001 -19"><span class='ocrx_word' id='word_1_120' title='bbox 279 1842 558 1914; x_wconf 79' lang='grc' dir='ltr'><strong>πατρῴοις</strong></span> <span class='ocrx_word' id='word_1_121' title='bbox 592 1843 809 1906; x_wconf 83' lang='grc' dir='ltr'><strong>κόλποις</strong></span> <span class='ocrx_word' id='word_1_122' title='bbox 839 1843 935 1896; x_wconf 82' lang='grc' dir='ltr'>σὺν</span> <span class='ocrx_word' id='word_1_123' title='bbox 975 1842 1115 1914; x_wconf 87' lang='grc' dir='ltr'>ἀγίῳ</span> <span class='ocrx_word' id='word_1_124' title='bbox 1162 1843 1465 1914; x_wconf 77' lang='grc' dir='ltr'>Πνεῦματι,</span> <span class='ocrx_word' id='word_1_125' title='bbox 1497 1844 1674 1897; x_wconf 85' lang='grc' dir='ltr'>λαθὼν</span> <span class='ocrx_word' id='word_1_126' title='bbox 1706 1844 1856 1898; x_wconf 80' lang='grc' dir='ltr'>ἀδια-</span> 
     </span>
    </p>
   </div>
   <div class='ocr_carea' id='block_1_20' title="bbox 1958 648 2610 718">
    <p class='ocr_par' dir='ltr' id='par_1_20' title="bbox 1958 648 2610 718">
     <span class='ocr_line' id='line_1_20' title="bbox 1958 648 2610 718; baseline -0.005 -13"><span class='ocrx_word' id='word_1_127' title='bbox 1958 651 2144 705; x_wconf 79' lang='lat' dir='ltr'><strong>Omnia</strong></span> <span class='ocrx_word' id='word_1_128' title='bbox 2170 648 2440 703; x_wconf 82' lang='lat' dir='ltr'><strong>mirabilia</strong></span> <span class='ocrx_word' id='word_1_129' title='bbox 2471 649 2610 718; x_wconf 85' lang='lat' dir='ltr'><strong>ejus.</strong></span> 
     </span>
    </p>
   </div>
   <div class='ocr_carea' id='block_1_21' title="bbox 2024 841 3520 911">
    <p class='ocr_par' dir='ltr' id='par_1_21' title="bbox 2024 841 3520 911">
     <span class='ocr_line' id='line_1_21' title="bbox 2024 841 3520 911; baseline -0.002 -12"><span class='ocrx_word' id='word_1_130' title='bbox 2024 845 2111 899; x_wconf 84' lang='grc'><strong>10.</strong></span> <span class='ocrx_word' id='word_1_131' title='bbox 2146 841 2284 898; x_wconf 88' lang='lat' dir='ltr'><strong>Num</strong></span> <span class='ocrx_word' id='word_1_132' title='bbox 2318 858 2470 911; x_wconf 84' lang='lat' dir='ltr'><strong>ergo,</strong></span> <span class='ocrx_word' id='word_1_133' title='bbox 2510 857 2542 896; x_wconf 91' lang='grc' dir='ltr'><strong>ο</strong></span> <span class='ocrx_word' id='word_1_134' title='bbox 2574 841 2839 905; x_wconf 81' lang='lat' dir='ltr'><strong>Joannes,</strong></span> <span class='ocrx_word' id='word_1_135' title='bbox 2869 855 3034 909; x_wconf 86' lang='lat' dir='ltr'><strong>supra</strong></span> <span class='ocrx_word' id='word_1_136' title='bbox 3073 849 3288 895; x_wconf 88' lang='lat' dir='ltr'><strong>terrena</strong></span> <span class='ocrx_word' id='word_1_137' title='bbox 3330 856 3520 896; x_wconf 76' lang='lat' dir='ltr'><strong>exces-</strong></span> 
     </span>
    </p>
   </div>
   <div class='ocr_carea' id='block_1_22' title="bbox 1954 930 3520 1002">
    <p class='ocr_par' dir='ltr' id='par_1_22' title="bbox 1954 930 3520 1002">
     <span class='ocr_line' id='line_1_22' title="bbox 1954 930 3520 1002; baseline -0.004 -10"><span class='ocrx_word' id='word_1_138' title='bbox 1954 935 2115 992; x_wconf 82' lang='lat' dir='ltr'><strong>sisti?</strong></span> <span class='ocrx_word' id='word_1_139' title='bbox 2147 935 2393 991; x_wconf 66' lang='lat' dir='ltr'><strong>caelestia</strong></span> <span class='ocrx_word' id='word_1_140' title='bbox 2427 933 2752 1002; x_wconf 72' lang='lat' dir='ltr'><strong>inspexisti?</strong></span> <span class='ocrx_word' id='word_1_141' title='bbox 2783 931 2923 986; x_wconf 89' lang='lat' dir='ltr'><strong>ultra</strong></span> <span class='ocrx_word' id='word_1_142' title='bbox 2951 930 3229 1001; x_wconf 89' lang='lat' dir='ltr'><strong>angelicas</strong></span> <span class='ocrx_word' id='word_1_143' title='bbox 3253 940 3306 986; x_wconf 88' lang='lat' dir='ltr'><strong>et</strong></span> <span class='ocrx_word' id='word_1_144' title='bbox 3331 932 3520 1001; x_wconf 89' lang='lat' dir='ltr'><strong>primi-</strong></span> 
     </span>
    </p>
   </div>
   <div class='ocr_carea' id='block_1_23' title="bbox 1955 1022 3518 1098">
    <p class='ocr_par' dir='ltr' id='par_1_23' title="bbox 1955 1022 3518 1098">
     <span class='ocr_line' id='line_1_23' title="bbox 1955 1022 3518 1098; baseline -0.003 -15"><span class='ocrx_word' id='word_1_145' title='bbox 1955 1029 2138 1098; x_wconf 76' lang='lat' dir='ltr'><strong>genias</strong></span> <span class='ocrx_word' id='word_1_146' title='bbox 2184 1034 2465 1082; x_wconf 89' lang='lat' dir='ltr'><strong>creaturas</strong></span> <span class='ocrx_word' id='word_1_147' title='bbox 2511 1023 2839 1080; x_wconf 83' lang='lat' dir='ltr'><strong>ascendisti?</strong></span> <span class='ocrx_word' id='word_1_148' title='bbox 2871 1022 3152 1088; x_wconf 85' lang='lat' dir='ltr'><strong>Quomodo</strong></span> <span class='ocrx_word' id='word_1_149' title='bbox 3184 1023 3352 1092; x_wconf 82' lang='lat' dir='ltr'><strong>igitur</strong></span> <span class='ocrx_word' id='word_1_150' title='bbox 3378 1039 3518 1094; x_wconf 89' lang='lat' dir='ltr'><strong>quo-</strong></span> 
     </span>
    </p>
   </div>
   <div class='ocr_carea' id='block_1_24' title="bbox 1956 1113 3522 1181">
    <p class='ocr_par' dir='ltr' id='par_1_24' title="bbox 1956 1113 3522 1181">
     <span class='ocr_line' id='line_1_24' title="bbox 1956 1113 3522 1181; baseline -0.001 -8"><span class='ocrx_word' id='word_1_151' title='bbox 1956 1134 2074 1173; x_wconf 91' lang='lat' dir='ltr'><strong>rum</strong></span> <span class='ocrx_word' id='word_1_152' title='bbox 2116 1128 2372 1171; x_wconf 86' lang='lat' dir='ltr'><strong>naturam</strong></span> <span class='ocrx_word' id='word_1_153' title='bbox 2408 1131 2518 1170; x_wconf 89' lang='lat' dir='ltr'><strong>non</strong></span> <span class='ocrx_word' id='word_1_154' title='bbox 2549 1130 2610 1170; x_wconf 92' lang='lat' dir='ltr'><strong>es</strong></span> <span class='ocrx_word' id='word_1_155' title='bbox 2643 1114 2894 1181; x_wconf 85' lang='lat' dir='ltr'><strong>sortitus,</strong></span> <span class='ocrx_word' id='word_1_156' title='bbox 2941 1114 3134 1167; x_wconf 89' lang='lat' dir='ltr'><strong>horum</strong></span> <span class='ocrx_word' id='word_1_157' title='bbox 3174 1113 3420 1168; x_wconf 87' lang='lat' dir='ltr'><strong>ordinem</strong></span> <span class='ocrx_word' id='word_1_158' title='bbox 3455 1131 3522 1172; x_wconf 88' lang='lat' dir='ltr'><strong>ac</strong></span> 
     </span>
    </p>
   </div>
   <div class='ocr_carea' id='block_1_25' title="bbox 1954 1204 3519 1279">
    <p class='ocr_par' dir='ltr' id='par_1_25' title="bbox 1954 1204 3519 1279">
     <span class='ocr_line' id='line_1_25' title="bbox 1954 1204 3519 1279; baseline -0.001 -17"><span class='ocrx_word' id='word_1_159' title='bbox 1954 1207 2272 1279; x_wconf 82' lang='lat' dir='ltr'><strong>dignitatem</strong></span> <span class='ocrx_word' id='word_1_160' title='bbox 2298 1205 2597 1275; x_wconf 86' lang='lat' dir='ltr'><strong>recepisti?</strong></span> <span class='ocrx_word' id='word_1_161' title='bbox 2636 1206 2706 1259; x_wconf 93' lang='lat' dir='ltr'><strong>ita</strong></span> <span class='ocrx_word' id='word_1_162' title='bbox 2739 1215 2797 1258; x_wconf 93' lang='lat' dir='ltr'><strong>ut</strong></span> <span class='ocrx_word' id='word_1_163' title='bbox 2821 1204 2963 1273; x_wconf 93' lang='lat' dir='ltr'><strong>quod</strong></span> <span class='ocrx_word' id='word_1_164' title='bbox 2995 1220 3025 1258; x_wconf 91' lang='lat' dir='ltr'><strong>a</strong></span> <span class='ocrx_word' id='word_1_165' title='bbox 3059 1204 3256 1259; x_wconf 62' lang='lat' dir='ltr'><strong>saeculo</strong></span> <span class='ocrx_word' id='word_1_166' title='bbox 3271 1205 3519 1276; x_wconf 83' lang='lat' dir='ltr'><strong>ignotum</strong></span> 
     </span>
    </p>
   </div>
   <div class='ocr_carea' id='block_1_26' title="bbox 1953 1295 3520 1365">
    <p class='ocr_par' dir='ltr' id='par_1_26' title="bbox 1953 1295 3520 1365">
     <span class='ocr_line' id='line_1_26' title="bbox 1953 1295 3520 1365; baseline -0.002 -11"><span class='ocrx_word' id='word_1_167' title='bbox 1953 1309 2071 1355; x_wconf 90' lang='lat' dir='ltr'><strong>erat</strong></span> <span class='ocrx_word' id='word_1_168' title='bbox 2111 1309 2167 1352; x_wconf 87' lang='lat' dir='ltr'><strong>et</strong></span> <span class='ocrx_word' id='word_1_169' title='bbox 2202 1313 2308 1352; x_wconf 89' lang='lat' dir='ltr'><strong>non</strong></span> <span class='ocrx_word' id='word_1_170' title='bbox 2352 1297 2633 1361; x_wconf 88' lang='lat' dir='ltr'><strong>traditum,</strong></span> <span class='ocrx_word' id='word_1_171' title='bbox 2666 1296 2848 1351; x_wconf 91' lang='lat' dir='ltr'><strong>statim</strong></span> <span class='ocrx_word' id='word_1_172' title='bbox 2887 1296 3042 1365; x_wconf 83' lang='lat' dir='ltr'><strong>quasi</strong></span> <span class='ocrx_word' id='word_1_173' title='bbox 3079 1305 3273 1365; x_wconf 72' lang='lat' dir='ltr'><strong>praater</strong></span> <span class='ocrx_word' id='word_1_174' title='bbox 3307 1295 3402 1350; x_wconf 87' lang='lat' dir='ltr'><strong>Dei</strong></span> <span class='ocrx_word' id='word_1_175' title='bbox 3435 1297 3520 1351; x_wconf 86' lang='lat' dir='ltr'><strong>in-</strong></span> 
     </span>
    </p>
   </div>
   <div class='ocr_carea' id='block_1_27' title="bbox 1955 1387 3520 1456">
    <p class='ocr_par' dir='ltr' id='par_1_27' title="bbox 1955 1387 3520 1456">
     <span class='ocr_line' id='line_1_27' title="bbox 1955 1387 3520 1456; baseline -0.001 -10"><span class='ocrx_word' id='word_1_176' title='bbox 1955 1390 2207 1446; x_wconf 79' lang='lat' dir='ltr'><strong>stitutum</strong></span> <span class='ocrx_word' id='word_1_177' title='bbox 2248 1390 2356 1443; x_wconf 91' lang='lat' dir='ltr'><strong>huc</strong></span> <span class='ocrx_word' id='word_1_178' title='bbox 2385 1388 2656 1451; x_wconf 80' lang='lat' dir='ltr'><strong>attuleris,</strong></span> <span class='ocrx_word' id='word_1_179' title='bbox 2688 1387 2959 1456; x_wconf 84' lang='lat' dir='ltr'><strong>nobisque</strong></span> <span class='ocrx_word' id='word_1_180' title='bbox 2989 1388 3349 1454; x_wconf 90' lang='lat' dir='ltr'><strong>nuntiaveris,</strong></span> <span class='ocrx_word' id='word_1_181' title='bbox 3395 1404 3520 1445; x_wconf 90' lang='lat' dir='ltr'><strong>cum</strong></span> 
     </span>
    </p>
   </div>
   <div class='ocr_carea' id='block_1_28' title="bbox 1954 1479 3521 1549">
    <p class='ocr_par' dir='ltr' id='par_1_28' title="bbox 1954 1479 3521 1549">
     <span class='ocr_line' id='line_1_28' title="bbox 1954 1479 3521 1549; baseline 0 -14"><span class='ocrx_word' id='word_1_182' title='bbox 1954 1489 2010 1535; x_wconf 92' lang='lat' dir='ltr'><strong>tu</strong></span> <span class='ocrx_word' id='word_1_183' title='bbox 2055 1482 2232 1536; x_wconf 88' lang='lat' dir='ltr'><strong>adhuc</strong></span> <span class='ocrx_word' id='word_1_184' title='bbox 2267 1479 2587 1535; x_wconf 88' lang='lat' dir='ltr'><strong>obstetricio</strong></span> <span class='ocrx_word' id='word_1_185' title='bbox 2633 1493 2798 1547; x_wconf 82' lang='lat' dir='ltr'><strong>Opere</strong></span> <span class='ocrx_word' id='word_1_186' title='bbox 2856 1479 3122 1549; x_wconf 82' lang='lat' dir='ltr'><strong>indigeas.</strong></span> <span class='ocrx_word' id='word_1_187' title='bbox 3184 1479 3303 1534; x_wconf 86' lang='lat' dir='ltr'><strong>Non</strong></span> <span class='ocrx_word' id='word_1_188' title='bbox 3338 1495 3521 1536; x_wconf 90' lang='lat' dir='ltr'><strong>aerem</strong></span> 
     </span>
    </p>
   </div>
   <div class='ocr_carea' id='block_1_29' title="bbox 1955 1573 3522 1641">
    <p class='ocr_par' dir='ltr' id='par_1_29' title="bbox 1955 1573 3522 1641">
     <span class='ocr_line' id='line_1_29' title="bbox 1955 1573 3522 1641; baseline 0 -13"><span class='ocrx_word' id='word_1_189' title='bbox 1955 1575 2132 1639; x_wconf 85' lang='lat' dir='ltr'><strong>inquit</strong></span> <span class='ocrx_word' id='word_1_190' title='bbox 2161 1575 2424 1641; x_wconf 85' lang='lat' dir='ltr'><strong>verbero,</strong></span> <span class='ocrx_word' id='word_1_191' title='bbox 2467 1589 2576 1628; x_wconf 90' lang='lat' dir='ltr'><strong>non</strong></span> <span class='ocrx_word' id='word_1_192' title='bbox 2617 1574 2867 1628; x_wconf 87' lang='lat' dir='ltr'><strong>discurro</strong></span> <span class='ocrx_word' id='word_1_193' title='bbox 2920 1573 3092 1628; x_wconf 87' lang='lat' dir='ltr'><strong>nubes</strong></span> <span class='ocrx_word' id='word_1_194' title='bbox 3118 1613 3132 1638; x_wconf 95' lang='lat'><strong>,</strong></span> <span class='ocrx_word' id='word_1_195' title='bbox 3195 1589 3302 1628; x_wconf 88' lang='lat' dir='ltr'><strong>non</strong></span> <span class='ocrx_word' id='word_1_196' title='bbox 3353 1573 3522 1629; x_wconf 59' lang='lat' dir='ltr'><strong>caelos</strong></span> 
     </span>
    </p>
   </div>
   <div class='ocr_carea' id='block_1_30' title="bbox 1957 1659 3523 1730">
    <p class='ocr_par' dir='ltr' id='par_1_30' title="bbox 1957 1659 3523 1730">
     <span class='ocr_line' id='line_1_30' title="bbox 1957 1659 3523 1730; baseline -0.002 -14"><span class='ocrx_word' id='word_1_197' title='bbox 1957 1664 2293 1726; x_wconf 87' lang='lat' dir='ltr'><strong>transcendi,</strong></span> <span class='ocrx_word' id='word_1_198' title='bbox 2331 1677 2440 1717; x_wconf 90' lang='lat' dir='ltr'><strong>non</strong></span> <span class='ocrx_word' id='word_1_199' title='bbox 2473 1660 2680 1716; x_wconf 84' lang='lat' dir='ltr'><strong>excessi</strong></span> <span class='ocrx_word' id='word_1_200' title='bbox 2716 1675 2878 1730; x_wconf 85' lang='lat' dir='ltr'><strong>supra</strong></span> <span class='ocrx_word' id='word_1_201' title='bbox 2915 1659 3102 1729; x_wconf 80' lang='lat' dir='ltr'><strong>igneas</strong></span> <span class='ocrx_word' id='word_1_202' title='bbox 3149 1659 3523 1727; x_wconf 82' lang='lat' dir='ltr'><strong>incorporeas-</strong></span> 
     </span>
    </p>
   </div>
   <div class='ocr_carea' id='block_1_31' title="bbox 1956 1745 3525 1822">
    <p class='ocr_par' dir='ltr' id='par_1_31' title="bbox 1956 1745 3525 1822">
     <span class='ocr_line' id='line_1_31' title="bbox 1956 1745 3525 1822; baseline -0.006 -16"><span class='ocrx_word' id='word_1_203' title='bbox 1956 1768 2064 1822; x_wconf 86' lang='lat' dir='ltr'><strong>que</strong></span> <span class='ocrx_word' id='word_1_204' title='bbox 2097 1754 2348 1807; x_wconf 82' lang='lat' dir='ltr'><strong>virtutes.</strong></span> <span class='ocrx_word' id='word_1_205' title='bbox 2396 1750 2566 1807; x_wconf 87' lang='lat' dir='ltr'><strong>Nemo</strong></span> <span class='ocrx_word' id='word_1_206' title='bbox 2596 1750 2648 1804; x_wconf 88' lang='lat' dir='ltr'><strong>id</strong></span> <span class='ocrx_word' id='word_1_207' title='bbox 2680 1747 2988 1818; x_wconf 88' lang='lat' dir='ltr'><strong>suspicetur</strong></span> <span class='ocrx_word' id='word_1_208' title='bbox 3021 1765 3035 1802; x_wconf 90' lang='lat'><strong>:</strong></span> <span class='ocrx_word' id='word_1_209' title='bbox 3069 1760 3190 1801; x_wconf 88' lang='lat' dir='ltr'><strong>nam</strong></span> <span class='ocrx_word' id='word_1_210' title='bbox 3222 1745 3312 1815; x_wconf 89' lang='lat' dir='ltr'><strong>qui</strong></span> <span class='ocrx_word' id='word_1_211' title='bbox 3360 1759 3525 1815; x_wconf 81' lang='lat' dir='ltr'><strong>supra</strong></span> 
     </span>
    </p>
   </div>
   <div class='ocr_carea' id='block_1_32' title="bbox 1959 1838 3523 1908">
    <p class='ocr_par' dir='ltr' id='par_1_32' title="bbox 1959 1838 3523 1908">
     <span class='ocr_line' id='line_1_32' title="bbox 1959 1838 3523 1908; baseline -0.006 -10"><span class='ocrx_word' id='word_1_212' title='bbox 1959 1858 2044 1898; x_wconf 79' lang='lat' dir='ltr'><strong>res</strong></span> <span class='ocrx_word' id='word_1_213' title='bbox 2091 1858 2284 1898; x_wconf 92' lang='lat' dir='ltr'><strong>omnes</strong></span> <span class='ocrx_word' id='word_1_214' title='bbox 2335 1850 2436 1907; x_wconf 91' lang='lat' dir='ltr'><strong>est,</strong></span> <span class='ocrx_word' id='word_1_215' title='bbox 2490 1849 2778 1907; x_wconf 87' lang='lat' dir='ltr'><strong>manetque</strong></span> <span class='ocrx_word' id='word_1_216' title='bbox 2835 1838 2890 1892; x_wconf 89' lang='lat' dir='ltr'><strong>in</strong></span> <span class='ocrx_word' id='word_1_217' title='bbox 2945 1847 3174 1908; x_wconf 88' lang='lat' dir='ltr'><strong>paterno</strong></span> <span class='ocrx_word' id='word_1_218' title='bbox 3228 1838 3352 1892; x_wconf 86' lang='lat' dir='ltr'><strong>sinu</strong></span> <span class='ocrx_word' id='word_1_219' title='bbox 3402 1850 3523 1890; x_wconf 91' lang='lat' dir='ltr'><strong>cum</strong></span> 
     </span>
    </p>
   </div>
   <div class='ocr_carea' id='block_1_33' title="bbox 282 1911 1853 2004">
    <p class='ocr_par' dir='ltr' id='par_1_33' title="bbox 282 1911 1853 2004">
     <span class='ocr_line' id='line_1_33' title="bbox 282 1911 1853 2004; baseline 0.001 -18"><span class='ocrx_word' id='word_1_220' title='bbox 282 1911 500 1997; x_wconf 84' lang='grc' dir='ltr'>στάτως</span> <span class='ocrx_word' id='word_1_221' title='bbox 529 1934 776 1997; x_wconf 76' lang='grc' dir='ltr'>ἅπαντας</span> <span class='ocrx_word' id='word_1_222' title='bbox 805 1934 933 1998; x_wconf 82' lang='grc' dir='ltr'>τοὺς</span> <span class='ocrx_word' id='word_1_223' title='bbox 967 1911 1229 2004; x_wconf 87' lang='grc' dir='ltr'>πυρίνους</span> <span class='ocrx_word' id='word_1_224' title='bbox 1267 1911 1614 2004; x_wconf 78' lang='grc' dir='ltr'>λειτουργοὺς</span> <span class='ocrx_word' id='word_1_225' title='bbox 1663 1935 1853 1998; x_wconf 77' lang='grc' dir='ltr'>αὑτοῦ,</span> 
     </span>
    </p>
   </div>
   <div class='ocr_carea' id='block_1_34' title="bbox 1955 1911 3526 2004">
    <p class='ocr_par' dir='ltr' id='par_1_34' title="bbox 1959 1927 3526 2003">
     <span class='ocr_line' id='line_1_34' title="bbox 1959 1927 3526 2003; baseline -0.006 -13"><span class='ocrx_word' id='word_1_226' title='bbox 1959 1943 2155 1990; x_wconf 88' lang='lat' dir='ltr'><strong>sancto</strong></span> <span class='ocrx_word' id='word_1_227' title='bbox 2184 1932 2414 2003; x_wconf 87' lang='lat' dir='ltr'><strong>Spiritu,</strong></span> <span class='ocrx_word' id='word_1_228' title='bbox 2443 1931 2588 1990; x_wconf 87' lang='lat' dir='ltr'><strong>.clam</strong></span> <span class='ocrx_word' id='word_1_229' title='bbox 2628 1944 2855 2000; x_wconf 88' lang='lat' dir='ltr'><strong>prorsus</strong></span> <span class='ocrx_word' id='word_1_230' title='bbox 2897 1928 3151 1984; x_wconf 88' lang='lat' dir='ltr'><strong>omnibus</strong></span> <span class='ocrx_word' id='word_1_231' title='bbox 3201 1927 3373 1999; x_wconf 87' lang='lat' dir='ltr'><strong>igneis</strong></span> <span class='ocrx_word' id='word_1_232' title='bbox 3419 1927 3526 1981; x_wconf 88' lang='lat' dir='ltr'><strong>mi-</strong></span> 
     </span>
    </p>
   </div>
   <div class='ocr_carea' id='block_1_35' title="bbox 277 2024 1858 2098">
    <p class='ocr_par' dir='ltr' id='par_1_35' title="bbox 277 2024 1858 2098">
     <span class='ocr_line' id='line_1_35' title="bbox 277 2024 1858 2098; baseline 0.002 -22"><span class='ocrx_word' id='word_1_233' title='bbox 277 2024 361 2089; x_wconf 81' lang='grc' dir='ltr'>ὡς</span> <span class='ocrx_word' id='word_1_234' title='bbox 392 2025 480 2078; x_wconf 66' lang='grc' dir='ltr'><strong>ἐπ’</strong></span> <span class='ocrx_word' id='word_1_235' title='bbox 516 2025 675 2080; x_wconf 83' lang='grc' dir='ltr'>ἄλλον</span> <span class='ocrx_word' id='word_1_236' title='bbox 699 2025 926 2096; x_wconf 83' lang='grc' dir='ltr'>οὐρανὸν</span> <span class='ocrx_word' id='word_1_237' title='bbox 949 2024 1312 2095; x_wconf 84' lang='grc' dir='ltr'>είσεληλυοὼς</span> <span class='ocrx_word' id='word_1_238' title='bbox 1345 2025 1403 2077; x_wconf 83' lang='grc' dir='ltr'>ἐν</span> <span class='ocrx_word' id='word_1_239' title='bbox 1430 2029 1496 2097; x_wconf 76' lang='grc' dir='ltr'><strong>τῇ</strong></span> <span class='ocrx_word' id='word_1_240' title='bbox 1529 2025 1727 2097; x_wconf 79' lang='grc' dir='ltr'>γαστρὶ</span> <span class='ocrx_word' id='word_1_241' title='bbox 1761 2028 1858 2098; x_wconf 78' lang='grc' dir='ltr'><strong>τῆς</strong></span> 
     </span>
    </p>
   </div>
   <div class='ocr_carea' id='block_1_36' title="bbox 279 2116 1858 2190">
    <p class='ocr_par' dir='ltr' id='par_1_36' title="bbox 279 2116 1858 2190">
     <span class='ocr_line' id='line_1_36' title="bbox 279 2116 1858 2190; baseline 0 -19"><span class='ocrx_word' id='word_1_242' title='bbox 279 2118 642 2190; x_wconf 83' lang='grc' dir='ltr'>ἀειπαρθένου</span> <span class='ocrx_word' id='word_1_243' title='bbox 657 2117 896 2189; x_wconf 82' lang='grc' dir='ltr'><strong>Μαρίας,</strong></span> <span class='ocrx_word' id='word_1_244' title='bbox 914 2116 1239 2186; x_wconf 76' lang='grc' dir='ltr'>ἑνεφάνησεν</span> <span class='ocrx_word' id='word_1_245' title='bbox 1258 2116 1446 2168; x_wconf 77' lang='grc' dir='ltr'>ἑαυτὸν</span> <span class='ocrx_word' id='word_1_246' title='bbox 1468 2117 1562 2170; x_wconf 73' lang='grc' dir='ltr'>καὶ</span> <span class='ocrx_word' id='word_1_247' title='bbox 1578 2134 1644 2184; x_wconf 88' lang='grc' dir='ltr'><strong>με</strong></span> <span class='ocrx_word' id='word_1_248' title='bbox 1652 2135 1722 2186; x_wconf 91' lang='grc' dir='ltr'><strong>μυ</strong></span> <span class='ocrx_word' id='word_1_249' title='bbox 1731 2134 1858 2170; x_wconf 90' lang='grc' dir='ltr'>στα-</span> 
     </span>
    </p>
   </div>
   <div class='ocr_carea' id='block_1_37' title="bbox 279 2203 1856 2279">
    <p class='ocr_par' dir='ltr' id='par_1_37' title="bbox 279 2203 1856 2279">
     <span class='ocr_line' id='line_1_37' title="bbox 279 2203 1856 2279; baseline -0.001 -18"><span class='ocrx_word' id='word_1_250' title='bbox 279 2209 506 2279; x_wconf 70' lang='grc' dir='ltr'>γώγηκέ</span> <span class='ocrx_word' id='word_1_251' title='bbox 533 2226 622 2279; x_wconf 90' lang='grc' dir='ltr'><strong>μοι</strong></span> <span class='ocrx_word' id='word_1_252' title='bbox 658 2209 724 2262; x_wconf 81' lang='grc' dir='ltr'><strong>τά</strong></span> <span class='ocrx_word' id='word_1_253' title='bbox 749 2206 1070 2278; x_wconf 80' lang='grc' dir='ltr'>τηλικαῦταο</span> <span class='ocrx_word' id='word_1_254' title='bbox 1090 2203 1434 2276; x_wconf 78' lang='grc' dir='ltr'>μηνυτὴςοῦν</span> <span class='ocrx_word' id='word_1_255' title='bbox 1470 2207 1586 2277; x_wconf 65' lang='grc' dir='ltr'>είμὶ</span> <span class='ocrx_word' id='word_1_256' title='bbox 1611 2205 1702 2259; x_wconf 88' lang='grc' dir='ltr'><strong>τοῦ</strong></span> <span class='ocrx_word' id='word_1_257' title='bbox 1729 2207 1856 2277; x_wconf 83' lang='grc' dir='ltr'><strong>βρέ-</strong></span> 
     </span>
    </p>
   </div>
   <div class='ocr_carea' id='block_1_38' title="bbox 281 2292 1859 2365">
    <p class='ocr_par' dir='ltr' id='par_1_38' title="bbox 281 2292 1859 2365">
     <span class='ocr_line' id='line_1_38' title="bbox 281 2292 1859 2365; baseline -0.001 -15"><span class='ocrx_word' id='word_1_258' title='bbox 281 2313 439 2365; x_wconf 80' lang='grc' dir='ltr'>φους,</span> <span class='ocrx_word' id='word_1_259' title='bbox 467 2299 570 2363; x_wconf 78' lang='grc' dir='ltr'>ὅτι,</span> <span class='ocrx_word' id='word_1_260' title='bbox 608 2296 852 2351; x_wconf 78' lang='grc' dir='ltr'>Παιδίον</span> <span class='ocrx_word' id='word_1_261' title='bbox 887 2292 1166 2362; x_wconf 71' lang='grc' dir='ltr'>γεννᾶται</span> <span class='ocrx_word' id='word_1_262' title='bbox 1201 2295 1365 2364; x_wconf 72' lang='grc' dir='ltr'>ἡμῖν,</span> <span class='ocrx_word' id='word_1_263' title='bbox 1395 2296 1526 2363; x_wconf 80' lang='grc' dir='ltr'>υίὸς</span> <span class='ocrx_word' id='word_1_264' title='bbox 1573 2297 1670 2355; x_wconf 80' lang='grc' dir='ltr'><strong>καί</strong></span> <span class='ocrx_word' id='word_1_265' title='bbox 1717 2295 1859 2365; x_wconf 81' lang='grc' dir='ltr'><strong>ὑμῖν</strong></span> 
     </span>
    </p>
   </div>
   <div class='ocr_carea' id='block_1_39' title="bbox 278 2389 1851 2460">
    <p class='ocr_par' dir='ltr' id='par_1_39' title="bbox 278 2389 1851 2460">
     <span class='ocr_line' id='line_1_39' title="bbox 278 2389 1851 2460; baseline 0 -16"><span class='ocrx_word' id='word_1_266' title='bbox 278 2389 462 2459; x_wconf 78' lang='grc' dir='ltr'>ἐδόθη</span> <span class='ocrx_word' id='word_1_267' title='bbox 487 2391 628 2445; x_wconf 80' lang='grc' dir='ltr'>κατὰ</span> <span class='ocrx_word' id='word_1_268' title='bbox 655 2391 746 2444; x_wconf 83' lang='grc' dir='ltr'>τὸν</span> <span class='ocrx_word' id='word_1_269' title='bbox 773 2391 945 2458; x_wconf 78' lang='grc' dir='ltr'>μέγαν</span> <span class='ocrx_word' id='word_1_270' title='bbox 985 2389 1233 2455; x_wconf 79' lang='grc' dir='ltr'>Ἡσαΐαν,</span> <span class='ocrx_word' id='word_1_271' title='bbox 1267 2391 1294 2443; x_wconf 99' lang='lat'><strong>6</strong></span> <span class='ocrx_word' id='word_1_272' title='bbox 1323 2391 1430 2460; x_wconf 81' lang='grc' dir='ltr'>πρὸ</span> <span class='ocrx_word' id='word_1_273' title='bbox 1456 2392 1667 2446; x_wconf 77' lang='grc' dir='ltr'>αἰώνων</span> <span class='ocrx_word' id='word_1_274' title='bbox 1695 2392 1851 2454; x_wconf 84' lang='grc' dir='ltr'>Θεός⁶</span> 
     </span>
    </p>
   </div>
   <div class='ocr_carea' id='block_1_40' title="bbox 285 2481 1858 2554">
    <p class='ocr_par' dir='ltr' id='par_1_40' title="bbox 285 2481 1858 2554">
     <span class='ocr_line' id='line_1_40' title="bbox 285 2481 1858 2554; baseline 0.001 -20"><span class='ocrx_word' id='word_1_275' title='bbox 285 2482 620 2554; x_wconf 81' lang='grc' dir='ltr'>στειροφυὴς</span> <span class='ocrx_word' id='word_1_276' title='bbox 654 2482 809 2550; x_wconf 88' lang='grc' dir='ltr'>γόνος</span> <span class='ocrx_word' id='word_1_277' title='bbox 845 2481 1121 2551; x_wconf 81' lang='grc' dir='ltr'><strong>τυγχάνω,</strong></span> <span class='ocrx_word' id='word_1_278' title='bbox 1155 2483 1236 2535; x_wconf 87' lang='grc' dir='ltr'>ὅτι</span> <span class='ocrx_word' id='word_1_279' title='bbox 1272 2482 1601 2553; x_wconf 75' lang='grc' dir='ltr'>παρθενικὸς</span> <span class='ocrx_word' id='word_1_280' title='bbox 1638 2485 1666 2536; x_wconf 89' lang='lat'><strong>6</strong></span> <span class='ocrx_word' id='word_1_281' title='bbox 1697 2483 1858 2546; x_wconf 82' lang='grc' dir='ltr'>τόκος</span> 
     </span>
    </p>
   </div>
   <div class='ocr_carea' id='block_1_41' title="bbox 281 2572 1857 2645">
    <p class='ocr_par' dir='ltr' id='par_1_41' title="bbox 281 2572 1857 2645">
     <span class='ocr_line' id='line_1_41' title="bbox 281 2572 1857 2645; baseline 0.001 -21"><span class='ocrx_word' id='word_1_282' title='bbox 281 2572 697 2644; x_wconf 78' lang='grc' dir='ltr'><strong>προελεύσεται.</strong></span> <span class='ocrx_word' id='word_1_283' title='bbox 730 2572 794 2624; x_wconf 85' lang='grc' dir='ltr'><strong><em>Ὦ</em></strong></span> <span class='ocrx_word' id='word_1_284' title='bbox 848 2574 947 2643; x_wconf 77' lang='grc' dir='ltr'>τῆς</span> <span class='ocrx_word' id='word_1_285' title='bbox 979 2572 1294 2643; x_wconf 82' lang='grc' dir='ltr'>ὑπερφυοῦς</span> <span class='ocrx_word' id='word_1_286' title='bbox 1340 2573 1742 2645; x_wconf 83' lang='grc' dir='ltr'>μεγαλουργίας</span> <span class='ocrx_word' id='word_1_287' title='bbox 1769 2590 1783 2605; x_wconf 85' lang='grc'><strong>·</strong></span> <span class='ocrx_word' id='word_1_288' title='bbox 1812 2573 1857 2626; x_wconf 85' lang='grc' dir='ltr'><strong>ὢ</strong></span> 
     </span>
    </p>
   </div>
   <div class='ocr_carea' id='block_1_42' title="bbox 279 2660 1857 2737">
    <p class='ocr_par' dir='ltr' id='par_1_42' title="bbox 279 2660 1857 2737">
     <span class='ocr_line' id='line_1_42' title="bbox 279 2660 1857 2737; baseline 0.002 -20"><span class='ocrx_word' id='word_1_289' title='bbox 279 2665 385 2734; x_wconf 85' lang='grc' dir='ltr'>τῆς</span> <span class='ocrx_word' id='word_1_290' title='bbox 413 2664 719 2736; x_wconf 80' lang='grc' dir='ltr'>παραδόξου</span> <span class='ocrx_word' id='word_1_291' title='bbox 755 2665 1154 2737; x_wconf 81' lang='grc' dir='ltr'>τερατουργίας</span> <span class='ocrx_word' id='word_1_292' title='bbox 1188 2682 1200 2696; x_wconf 76' lang='grc' dir='ltr'><strong><em>ο</em></strong></span> <span class='ocrx_word' id='word_1_293' title='bbox 1229 2660 1317 2719; x_wconf 74' lang='grc' dir='ltr'>οἷα</span> <span class='ocrx_word' id='word_1_294' title='bbox 1366 2667 1498 2735; x_wconf 80' lang='grc' dir='ltr'>ἡμῖν</span> <span class='ocrx_word' id='word_1_295' title='bbox 1527 2666 1587 2718; x_wconf 75' lang='grc' dir='ltr'><strong>τὸ</strong></span> <span class='ocrx_word' id='word_1_296' title='bbox 1638 2667 1857 2721; x_wconf 76' lang='grc' dir='ltr'>ἅτικτον</span> 
     </span>
    </p>
   </div>
   <div class='ocr_carea' id='block_1_43' title="bbox 284 2751 1856 2829">
    <p class='ocr_par' dir='ltr' id='par_1_43' title="bbox 284 2751 1856 2829">
     <span class='ocr_line' id='line_1_43' title="bbox 284 2751 1856 2829; baseline 0.003 -23"><span class='ocrx_word' id='word_1_297' title='bbox 284 2751 488 2824; x_wconf 78' lang='grc' dir='ltr'>βρέφος</span> <span class='ocrx_word' id='word_1_298' title='bbox 543 2754 958 2823; x_wconf 76' lang='grc' dir='ltr'>εὐαγγελίζεται</span> <span class='ocrx_word' id='word_1_299' title='bbox 1013 2758 1299 2828; x_wconf 78' lang='grc' dir='ltr'>σήμερον;</span> <span class='ocrx_word' id='word_1_300' title='bbox 1365 2757 1570 2827; x_wconf 85' lang='grc' dir='ltr'>πηλίκα</span> <span class='ocrx_word' id='word_1_301' title='bbox 1630 2760 1762 2829; x_wconf 80' lang='grc' dir='ltr'>ἡμῖν</span> <span class='ocrx_word' id='word_1_302' title='bbox 1827 2760 1856 2812; x_wconf 93' lang='lat'><strong>6</strong></span> 
     </span>
    </p>
   </div>
   <div class='ocr_carea' id='block_1_44' title="bbox 295 2845 1855 2920">
    <p class='ocr_par' dir='ltr' id='par_1_44' title="bbox 295 2845 1855 2920">
     <span class='ocr_line' id='line_1_44' title="bbox 295 2845 1855 2920; baseline 0.001 -20"><span class='ocrx_word' id='word_1_303' title='bbox 295 2845 576 2902; x_wconf 76' lang='grc' dir='ltr'>Ἐλισάδετ</span> <span class='ocrx_word' id='word_1_304' title='bbox 604 2846 765 2910; x_wconf 88' lang='grc' dir='ltr'>τόκος</span> <span class='ocrx_word' id='word_1_305' title='bbox 799 2846 1067 2916; x_wconf 83' lang='grc' dir='ltr'>θεολογῶν</span> <span class='ocrx_word' id='word_1_306' title='bbox 1101 2849 1532 2920; x_wconf 87' lang='grc' dir='ltr'>προμεμήνυκε;</span> <span class='ocrx_word' id='word_1_307' title='bbox 1575 2850 1855 2920; x_wconf 82' lang='grc' dir='ltr'>σκιρτάτω</span> 
     </span>
    </p>
   </div>
   <div class='ocr_carea' id='block_1_45' title="bbox 285 2936 1850 3011">
    <p class='ocr_par' dir='ltr' id='par_1_45' title="bbox 285 2936 1850 3011">
     <span class='ocr_line' id='line_1_45' title="bbox 285 2936 1850 3011; baseline 0.001 -19"><span class='ocrx_word' id='word_1_308' title='bbox 285 2938 514 3008; x_wconf 81' lang='grc' dir='ltr'>ὑφήλιος</span> <span class='ocrx_word' id='word_1_309' title='bbox 536 2936 722 2992; x_wconf 67' lang='grc' dir='ltr'>ἅπασα</span> <span class='ocrx_word' id='word_1_310' title='bbox 743 2975 760 3003; x_wconf 83' lang='grc'><strong>,</strong></span> <span class='ocrx_word' id='word_1_311' title='bbox 789 2939 1068 3009; x_wconf 85' lang='grc' dir='ltr'>χορευέτω</span> <span class='ocrx_word' id='word_1_312' title='bbox 1109 2941 1159 3011; x_wconf 34' lang='grc' dir='ltr'><strong>ἡ.</strong></span> <span class='ocrx_word' id='word_1_313' title='bbox 1187 2939 1482 3009; x_wconf 83' lang='grc' dir='ltr'>Ἐκκλησία</span> <span class='ocrx_word' id='word_1_314' title='bbox 1516 2941 1812 3011; x_wconf 85' lang='grc' dir='ltr'>προεόρτια</span> <span class='ocrx_word' id='word_1_315' title='bbox 1836 2981 1850 3006; x_wconf 93' lang='grc'><strong>,</strong></span> 
     </span>
    </p>
   </div>
   <div class='ocr_carea' id='block_1_46' title="bbox 282 3027 1854 3099">
    <p class='ocr_par' dir='ltr' id='par_1_46' title="bbox 282 3027 1854 3099">
     <span class='ocr_line' id='line_1_46' title="bbox 282 3027 1854 3099; baseline 0.002 -18"><span class='ocrx_word' id='word_1_316' title='bbox 282 3027 602 3099; x_wconf 81' lang='grc' dir='ltr'>προεισόδια</span> <span class='ocrx_word' id='word_1_317' title='bbox 626 3029 695 3082; x_wconf 84' lang='grc' dir='ltr'>τὰ</span> <span class='ocrx_word' id='word_1_318' title='bbox 723 3029 941 3096; x_wconf 81' lang='grc' dir='ltr'>γενέσια</span> <span class='ocrx_word' id='word_1_319' title='bbox 972 3029 1080 3082; x_wconf 82' lang='grc' dir='ltr'>τῶν</span> <span class='ocrx_word' id='word_1_320' title='bbox 1111 3031 1346 3099; x_wconf 80' lang='grc' dir='ltr'>Χριστοῦ</span> <span class='ocrx_word' id='word_1_321' title='bbox 1378 3029 1672 3097; x_wconf 79' lang='grc' dir='ltr'>γενεθλίων</span> <span class='ocrx_word' id='word_1_322' title='bbox 1715 3047 1854 3084; x_wconf 81' lang='grc' dir='ltr'>παν·-</span> 
     </span>
    </p>
   </div>
   <div class='ocr_carea' id='block_1_47' title="bbox 280 3119 1853 3192">
    <p class='ocr_par' dir='ltr' id='par_1_47' title="bbox 280 3119 1853 3192">
     <span class='ocr_line' id='line_1_47' title="bbox 280 3119 1853 3192; baseline 0.001 -19"><span class='ocrx_word' id='word_1_323' title='bbox 280 3119 644 3192; x_wconf 77' lang='grc' dir='ltr'>ηγυρίζουσα,</span> <span class='ocrx_word' id='word_1_324' title='bbox 662 3122 758 3174; x_wconf 77' lang='grc' dir='ltr'>καὶ</span> <span class='ocrx_word' id='word_1_325' title='bbox 786 3123 959 3191; x_wconf 81' lang='grc' dir='ltr'>χαρᾶς</span> <span class='ocrx_word' id='word_1_326' title='bbox 991 3119 1322 3191; x_wconf 85' lang='grc' dir='ltr'>πληρούσθω</span> <span class='ocrx_word' id='word_1_327' title='bbox 1350 3121 1418 3174; x_wconf 85' lang='grc' dir='ltr'><strong>τά</strong></span> <span class='ocrx_word' id='word_1_328' title='bbox 1444 3121 1737 3191; x_wconf 76' lang='grc' dir='ltr'>σύμπαντα</span> <span class='ocrx_word' id='word_1_329' title='bbox 1762 3121 1853 3175; x_wconf 75' lang='grc' dir='ltr'>τὸν</span> 
     </span>
    </p>
   </div>
   <div class='ocr_carea' id='block_1_48' title="bbox 1962 2020 3529 2094">
    <p class='ocr_par' dir='ltr' id='par_1_48' title="bbox 1962 2020 3529 2094">
     <span class='ocr_line' id='line_1_48' title="bbox 1962 2020 3529 2094; baseline -0.003 -17"><span class='ocrx_word' id='word_1_330' title='bbox 1962 2024 2151 2078; x_wconf 91' lang='lat' dir='ltr'><strong>nistris</strong></span> <span class='ocrx_word' id='word_1_331' title='bbox 2177 2024 2313 2091; x_wconf 84' lang='lat' dir='ltr'><strong>suis,</strong></span> <span class='ocrx_word' id='word_1_332' title='bbox 2339 2023 2498 2094; x_wconf 88' lang='lat' dir='ltr'><strong>quasi</strong></span> <span class='ocrx_word' id='word_1_333' title='bbox 2523 2023 2575 2076; x_wconf 93' lang='lat' dir='ltr'><strong>in</strong></span> <span class='ocrx_word' id='word_1_334' title='bbox 2605 2020 2752 2074; x_wconf 87' lang='lat' dir='ltr'><strong>aliud</strong></span> <span class='ocrx_word' id='word_1_335' title='bbox 2781 2020 2978 2075; x_wconf 75' lang='lat' dir='ltr'><strong>ccelum</strong></span> <span class='ocrx_word' id='word_1_336' title='bbox 3004 2030 3220 2074; x_wconf 90' lang='lat' dir='ltr'><strong>uterum</strong></span> <span class='ocrx_word' id='word_1_337' title='bbox 3249 2020 3529 2089; x_wconf 84' lang='lat' dir='ltr'><strong>ingressus</strong></span> 
     </span>
    </p>
   </div>
   <div class='ocr_carea' id='block_1_49' title="bbox 1961 2111 3530 2185">
    <p class='ocr_par' dir='ltr' id='par_1_49' title="bbox 1961 2111 3530 2185">
     <span class='ocr_line' id='line_1_49' title="bbox 1961 2111 3530 2185; baseline -0.003 -15"><span class='ocrx_word' id='word_1_338' title='bbox 1961 2130 2175 2185; x_wconf 90' lang='lat' dir='ltr'><strong>semper</strong></span> <span class='ocrx_word' id='word_1_339' title='bbox 2198 2113 2445 2184; x_wconf 79' lang='lat' dir='ltr'><strong>Virginis</strong></span> <span class='ocrx_word' id='word_1_340' title='bbox 2472 2115 2675 2178; x_wconf 67' lang='lat' dir='ltr'><strong>Mariae,</strong></span> <span class='ocrx_word' id='word_1_341' title='bbox 2705 2112 3074 2168; x_wconf 87' lang='lat' dir='ltr'><strong>manifestavit</strong></span> <span class='ocrx_word' id='word_1_342' title='bbox 3103 2127 3162 2166; x_wconf 84' lang='lat' dir='ltr'><strong>se</strong></span> <span class='ocrx_word' id='word_1_343' title='bbox 3193 2111 3347 2174; x_wconf 90' lang='lat' dir='ltr'><strong>mihi,</strong></span> <span class='ocrx_word' id='word_1_344' title='bbox 3367 2118 3530 2179; x_wconf 88' lang='lat' dir='ltr'><strong>atque</strong></span> 
     </span>
    </p>
   </div>
   <div class='ocr_carea' id='block_1_50' title="bbox 1962 2202 3528 2276">
    <p class='ocr_par' dir='ltr' id='par_1_50' title="bbox 1962 2202 3528 2276">
     <span class='ocr_line' id='line_1_50' title="bbox 1962 2202 3528 2276; baseline -0.003 -16"><span class='ocrx_word' id='word_1_345' title='bbox 1962 2209 2076 2261; x_wconf 69' lang='lat' dir='ltr'><strong>haec</strong></span> <span class='ocrx_word' id='word_1_346' title='bbox 2112 2207 2239 2260; x_wconf 83' lang='lat' dir='ltr'><strong>talia</strong></span> <span class='ocrx_word' id='word_1_347' title='bbox 2297 2217 2556 2276; x_wconf 86' lang='lat' dir='ltr'><strong>tantaque</strong></span> <span class='ocrx_word' id='word_1_348' title='bbox 2609 2205 2846 2261; x_wconf 88' lang='lat' dir='ltr'><strong>edocuit.</strong></span> <span class='ocrx_word' id='word_1_349' title='bbox 2907 2203 3047 2275; x_wconf 86' lang='lat' dir='ltr'><strong>Ergo</strong></span> <span class='ocrx_word' id='word_1_350' title='bbox 3084 2202 3314 2258; x_wconf 81' lang='lat' dir='ltr'><strong>infantis</strong></span> <span class='ocrx_word' id='word_1_351' title='bbox 3363 2203 3528 2257; x_wconf 82' lang='lat' dir='ltr'><strong>index</strong></span> 
     </span>
    </p>
   </div>
   <div class='ocr_carea' id='block_1_51' title="bbox 1960 2294 3528 2367">
    <p class='ocr_par' dir='ltr' id='par_1_51' title="bbox 1960 2294 3528 2367">
     <span class='ocr_line' id='line_1_51' title="bbox 1960 2294 3528 2367; baseline -0.004 -14"><span class='ocrx_word' id='word_1_352' title='bbox 1960 2315 2108 2363; x_wconf 89' lang='lat' dir='ltr'><strong>sum,</strong></span> <span class='ocrx_word' id='word_1_353' title='bbox 2160 2313 2357 2367; x_wconf 80' lang='lat' dir='ltr'><strong>nempe</strong></span> <span class='ocrx_word' id='word_1_354' title='bbox 2397 2299 2539 2366; x_wconf 92' lang='lat' dir='ltr'><strong>quod</strong></span> <span class='ocrx_word' id='word_1_355' title='bbox 2589 2297 2734 2351; x_wconf 83' lang='lat' dir='ltr'><strong>Puer</strong></span> <span class='ocrx_word' id='word_1_356' title='bbox 2769 2297 3007 2350; x_wconf 78' lang='lat' dir='ltr'><strong>nascitur</strong></span> <span class='ocrx_word' id='word_1_357' title='bbox 3053 2295 3234 2360; x_wconf 77' lang='lat' dir='ltr'><strong>nobis,</strong></span> <span class='ocrx_word' id='word_1_358' title='bbox 3287 2302 3335 2348; x_wconf 79' lang='lat' dir='ltr'><strong>et</strong></span> <span class='ocrx_word' id='word_1_359' title='bbox 3383 2294 3528 2364; x_wconf 79' lang='lat' dir='ltr'><strong>ﬁlius</strong></span> 
     </span>
    </p>
   </div>
   <div class='ocr_carea' id='block_1_52' title="bbox 1957 2383 3531 2457">
    <p class='ocr_par' dir='ltr' id='par_1_52' title="bbox 1957 2383 3531 2457">
     <span class='ocr_line' id='line_1_52' title="bbox 1957 2383 3531 2457; baseline 0 -17"><span class='ocrx_word' id='word_1_360' title='bbox 1957 2388 2117 2441; x_wconf 79' lang='lat' dir='ltr'><strong>datus</strong></span> <span class='ocrx_word' id='word_1_361' title='bbox 2162 2397 2237 2441; x_wconf 82' lang='lat' dir='ltr'><strong>est</strong></span> <span class='ocrx_word' id='word_1_362' title='bbox 2274 2387 2442 2451; x_wconf 77' lang='lat' dir='ltr'><strong>nobis,</strong></span> <span class='ocrx_word' id='word_1_363' title='bbox 2480 2397 2639 2456; x_wconf 88' lang='lat' dir='ltr'><strong>prout</strong></span> <span class='ocrx_word' id='word_1_364' title='bbox 2680 2402 2911 2457; x_wconf 88' lang='lat' dir='ltr'><strong>magnus</strong></span> <span class='ocrx_word' id='word_1_365' title='bbox 2957 2385 3130 2440; x_wconf 86' lang='lat' dir='ltr'><strong>Isaias</strong></span> <span class='ocrx_word' id='word_1_366' title='bbox 3163 2387 3329 2451; x_wconf 79' lang='lat' dir='ltr'><strong>ait&quot;,</strong></span> <span class='ocrx_word' id='word_1_367' title='bbox 3384 2383 3531 2440; x_wconf 89' lang='lat' dir='ltr'><strong>Deus</strong></span> 
     </span>
    </p>
   </div>
   <div class='ocr_carea' id='block_1_53' title="bbox 1959 2476 3529 2555">
    <p class='ocr_par' dir='ltr' id='par_1_53' title="bbox 1959 2476 3529 2555">
     <span class='ocr_line' id='line_1_53' title="bbox 1959 2476 3529 2555; baseline 0 -25"><span class='ocrx_word' id='word_1_368' title='bbox 1959 2485 2084 2531; x_wconf 90' lang='lat' dir='ltr'><strong>ante</strong></span> <span class='ocrx_word' id='word_1_369' title='bbox 2115 2477 2338 2533; x_wconf 83' lang='lat' dir='ltr'><strong>saecula.</strong></span> <span class='ocrx_word' id='word_1_370' title='bbox 2375 2477 2553 2532; x_wconf 86' lang='lat' dir='ltr'><strong>Natus</strong></span> <span class='ocrx_word' id='word_1_371' title='bbox 2585 2478 2650 2532; x_wconf 90' lang='lat' dir='ltr'><strong>de</strong></span> <span class='ocrx_word' id='word_1_372' title='bbox 2689 2477 2862 2532; x_wconf 88' lang='lat' dir='ltr'><strong>sterili</strong></span> <span class='ocrx_word' id='word_1_373' title='bbox 2899 2493 3044 2555; x_wconf 70' lang='lat' dir='ltr'><strong>sum,</strong></span> <span class='ocrx_word' id='word_1_374' title='bbox 3078 2478 3205 2546; x_wconf 87' lang='lat' dir='ltr'><strong>quia</strong></span> <span class='ocrx_word' id='word_1_375' title='bbox 3246 2491 3375 2531; x_wconf 78' lang='lat' dir='ltr'><strong>mox</strong></span> <span class='ocrx_word' id='word_1_376' title='bbox 3414 2476 3529 2532; x_wconf 83' lang='lat' dir='ltr'><strong>vir-</strong></span> 
     </span>
    </p>
   </div>
   <div class='ocr_carea' id='block_1_54' title="bbox 1957 2568 3528 2640">
    <p class='ocr_par' dir='ltr' id='par_1_54' title="bbox 1957 2568 3528 2640">
     <span class='ocr_line' id='line_1_54' title="bbox 1957 2568 3528 2640; baseline 0 -18"><span class='ocrx_word' id='word_1_377' title='bbox 1957 2570 2148 2639; x_wconf 83' lang='lat' dir='ltr'><strong>gineus</strong></span> <span class='ocrx_word' id='word_1_378' title='bbox 2179 2583 2397 2640; x_wconf 86' lang='lat' dir='ltr'><strong>quoque</strong></span> <span class='ocrx_word' id='word_1_379' title='bbox 2428 2573 2620 2640; x_wconf 87' lang='lat' dir='ltr'><strong>partus</strong></span> <span class='ocrx_word' id='word_1_380' title='bbox 2649 2570 2909 2640; x_wconf 88' lang='lat' dir='ltr'><strong>prodibit.</strong></span> <span class='ocrx_word' id='word_1_381' title='bbox 2939 2568 2983 2623; x_wconf 92' lang='grc' dir='ltr'>Ο</span> <span class='ocrx_word' id='word_1_382' title='bbox 3012 2583 3149 2638; x_wconf 88' lang='lat' dir='ltr'><strong>opus</strong></span> <span class='ocrx_word' id='word_1_383' title='bbox 3180 2568 3528 2638; x_wconf 81' lang='lat' dir='ltr'><strong>magnificum</strong></span> 
     </span>
    </p>
   </div>
   <div class='ocr_carea' id='block_1_55' title="bbox 1956 2658 3526 2731">
    <p class='ocr_par' dir='ltr' id='par_1_55' title="bbox 1956 2658 3526 2731">
     <span class='ocr_line' id='line_1_55' title="bbox 1956 2658 3526 2731; baseline -0.001 -17"><span class='ocrx_word' id='word_1_384' title='bbox 1956 2668 2010 2714; x_wconf 90' lang='lat' dir='ltr'><strong>et</strong></span> <span class='ocrx_word' id='word_1_385' title='bbox 2065 2661 2514 2731; x_wconf 87' lang='lat' dir='ltr'><strong>supernaturalel</strong></span> <span class='ocrx_word' id='word_1_386' title='bbox 2577 2676 2611 2716; x_wconf 89' lang='grc' dir='ltr'><strong>ο</strong></span> <span class='ocrx_word' id='word_1_387' title='bbox 2663 2661 3095 2728; x_wconf 80' lang='lat' dir='ltr'><strong>inexspectatum</strong></span> <span class='ocrx_word' id='word_1_388' title='bbox 3159 2658 3526 2714; x_wconf 85' lang='lat' dir='ltr'><strong>miraculum!</strong></span> 
     </span>
    </p>
   </div>
   <div class='ocr_carea' id='block_1_56' title="bbox 1956 2751 3530 2819">
    <p class='ocr_par' dir='ltr' id='par_1_56' title="bbox 1956 2751 3530 2819">
     <span class='ocr_line' id='line_1_56' title="bbox 1956 2751 3530 2819; baseline -0.001 -13"><span class='ocrx_word' id='word_1_389' title='bbox 1956 2751 2150 2819; x_wconf 87' lang='lat' dir='ltr'><strong>Qualia</strong></span> <span class='ocrx_word' id='word_1_390' title='bbox 2182 2753 2341 2809; x_wconf 87' lang='lat' dir='ltr'><strong>nobis</strong></span> <span class='ocrx_word' id='word_1_391' title='bbox 2398 2753 2580 2809; x_wconf 88' lang='lat' dir='ltr'><strong>infans</strong></span> <span class='ocrx_word' id='word_1_392' title='bbox 2631 2752 2869 2807; x_wconf 91' lang='lat' dir='ltr'><strong>nondum</strong></span> <span class='ocrx_word' id='word_1_393' title='bbox 2918 2760 3081 2808; x_wconf 88' lang='lat' dir='ltr'><strong>natus</strong></span> <span class='ocrx_word' id='word_1_394' title='bbox 3117 2752 3279 2807; x_wconf 82' lang='lat' dir='ltr'><strong>hodie</strong></span> <span class='ocrx_word' id='word_1_395' title='bbox 3314 2767 3530 2806; x_wconf 88' lang='lat' dir='ltr'><strong>annun-</strong></span> 
     </span>
    </p>
   </div>
   <div class='ocr_carea' id='block_1_57' title="bbox 1957 2843 3529 2922">
    <p class='ocr_par' dir='ltr' id='par_1_57' title="bbox 1957 2843 3529 2922">
     <span class='ocr_line' id='line_1_57' title="bbox 1957 2843 3529 2922; baseline -0.001 -22"><span class='ocrx_word' id='word_1_396' title='bbox 1957 2845 2092 2900; x_wconf 89' lang='lat' dir='ltr'><strong>tiatl</strong></span> <span class='ocrx_word' id='word_1_397' title='bbox 2127 2855 2366 2922; x_wconf 83' lang='lat' dir='ltr'><strong>quantas</strong></span> <span class='ocrx_word' id='word_1_398' title='bbox 2400 2846 2558 2901; x_wconf 89' lang='lat' dir='ltr'><strong>nobis</strong></span> <span class='ocrx_word' id='word_1_399' title='bbox 2590 2855 2779 2914; x_wconf 91' lang='lat' dir='ltr'><strong>partns</strong></span> <span class='ocrx_word' id='word_1_400' title='bbox 2816 2843 3147 2900; x_wconf 69' lang='lat' dir='ltr'><strong>Elisabetbte</strong></span> <span class='ocrx_word' id='word_1_401' title='bbox 3195 2859 3284 2899; x_wconf 88' lang='lat' dir='ltr'><strong>res</strong></span> <span class='ocrx_word' id='word_1_402' title='bbox 3315 2843 3529 2898; x_wconf 80' lang='lat' dir='ltr'><strong>divinas</strong></span> 
     </span>
    </p>
   </div>
   <div class='ocr_carea' id='block_1_58' title="bbox 1956 2935 3530 3007">
    <p class='ocr_par' dir='ltr' id='par_1_58' title="bbox 1956 2935 3530 3007">
     <span class='ocr_line' id='line_1_58' title="bbox 1956 2935 3530 3007; baseline -0.001 -15"><span class='ocrx_word' id='word_1_403' title='bbox 1956 2938 2237 3006; x_wconf 78' lang='lat' dir='ltr'><strong>praediciti</strong></span> <span class='ocrx_word' id='word_1_404' title='bbox 2283 2939 2536 2995; x_wconf 83' lang='lat' dir='ltr'><strong>Exsultet</strong></span> <span class='ocrx_word' id='word_1_405' title='bbox 2579 2946 2720 2993; x_wconf 86' lang='lat' dir='ltr'><strong>terra</strong></span> <span class='ocrx_word' id='word_1_406' title='bbox 2762 2939 3054 3001; x_wconf 89' lang='lat' dir='ltr'><strong>universa,</strong></span> <span class='ocrx_word' id='word_1_407' title='bbox 3101 2935 3387 3007; x_wconf 84' lang='lat' dir='ltr'><strong>pervigilio</strong></span> <span class='ocrx_word' id='word_1_408' title='bbox 3427 2935 3530 2990; x_wconf 91' lang='lat' dir='ltr'><strong>hoc</strong></span> 
     </span>
    </p>
   </div>
   <div class='ocr_carea' id='block_1_59' title="bbox 1956 3025 3532 3100">
    <p class='ocr_par' dir='ltr' id='par_1_59' title="bbox 1956 3025 3532 3100">
     <span class='ocr_line' id='line_1_59' title="bbox 1956 3025 3532 3100; baseline -0.001 -17"><span class='ocrx_word' id='word_1_409' title='bbox 1956 3029 2204 3084; x_wconf 85' lang='lat' dir='ltr'><strong>Ecclesia</strong></span> <span class='ocrx_word' id='word_1_410' title='bbox 2233 3031 2392 3100; x_wconf 88' lang='lat' dir='ltr'><strong>quasi</strong></span> <span class='ocrx_word' id='word_1_411' title='bbox 2421 3025 2636 3086; x_wconf 82' lang='lat' dir='ltr'><strong>chereis</strong></span> <span class='ocrx_word' id='word_1_412' title='bbox 2663 3030 2907 3099; x_wconf 87' lang='lat' dir='ltr'><strong>plaudat,</strong></span> <span class='ocrx_word' id='word_1_413' title='bbox 2947 3029 3296 3083; x_wconf 80' lang='lat' dir='ltr'><strong>festivitatem</strong></span> <span class='ocrx_word' id='word_1_414' title='bbox 3322 3027 3532 3084; x_wconf 88' lang='lat' dir='ltr'><strong>scilicet</strong></span> 
     </span>
    </p>
   </div>
   <div class='ocr_carea' id='block_1_60' title="bbox 1957 3120 3532 3194">
    <p class='ocr_par' dir='ltr' id='par_1_60' title="bbox 1957 3120 3532 3194">
     <span class='ocr_line' id='line_1_60' title="bbox 1957 3120 3532 3194; baseline 0 -19"><span class='ocrx_word' id='word_1_415' title='bbox 1957 3120 2160 3176; x_wconf 80' lang='lat' dir='ltr'><strong>Christi</strong></span> <span class='ocrx_word' id='word_1_416' title='bbox 2201 3122 2479 3180; x_wconf 84' lang='lat' dir='ltr'><strong>natalibus</strong></span> <span class='ocrx_word' id='word_1_417' title='bbox 2511 3123 2770 3191; x_wconf 84' lang='lat' dir='ltr'><strong>praeviam</strong></span> <span class='ocrx_word' id='word_1_418' title='bbox 2815 3121 3045 3177; x_wconf 89' lang='lat' dir='ltr'><strong>solemni</strong></span> <span class='ocrx_word' id='word_1_419' title='bbox 3084 3121 3351 3194; x_wconf 88' lang='lat' dir='ltr'><strong>concione</strong></span> <span class='ocrx_word' id='word_1_420' title='bbox 3389 3120 3532 3175; x_wconf 91' lang='lat' dir='ltr'><strong>cele-</strong></span> 
     </span>
    </p>
   </div>
   <div class='ocr_carea' id='block_1_61' title="bbox 280 3209 1853 3297">
    <p class='ocr_par' dir='ltr' id='par_1_61' title="bbox 280 3210 1851 3286">
     <span class='ocr_line' id='line_1_61' title="bbox 280 3210 1851 3286; baseline 0.001 -19"><span class='ocrx_word' id='word_1_421' title='bbox 280 3211 533 3286; x_wconf 76' lang='grc' dir='ltr'>μηνυτὴν</span> <span class='ocrx_word' id='word_1_422' title='bbox 574 3210 842 3284; x_wconf 63' lang='grc' dir='ltr'>δεξάμενοι</span> <span class='ocrx_word' id='word_1_423' title='bbox 890 3214 988 3284; x_wconf 83' lang='grc' dir='ltr'>τῆς</span> <span class='ocrx_word' id='word_1_424' title='bbox 1033 3212 1128 3266; x_wconf 86' lang='grc' dir='ltr'><strong>τοῦ</strong></span> <span class='ocrx_word' id='word_1_425' title='bbox 1182 3213 1573 3284; x_wconf 78' lang='grc' dir='ltr'>παμϐασιλέως</span> <span class='ocrx_word' id='word_1_426' title='bbox 1628 3215 1851 3268; x_wconf 81' lang='grc' dir='ltr'>ἐπελεύ-</span> 
     </span>
    </p>
   </div>
   <div class='ocr_carea' id='block_1_62' title="bbox 1955 3209 3532 3297">
    <p class='ocr_par' dir='ltr' id='par_1_62' title="bbox 1955 3209 3532 3285">
     <span class='ocr_line' id='line_1_62' title="bbox 1955 3209 3532 3285; baseline 0.001 -19"><span class='ocrx_word' id='word_1_427' title='bbox 1955 3209 2125 3268; x_wconf 84' lang='lat' dir='ltr'><strong>brans</strong></span> <span class='ocrx_word' id='word_1_428' title='bbox 2161 3233 2173 3268; x_wconf 88' lang='lat'>:</span> <span class='ocrx_word' id='word_1_429' title='bbox 2211 3216 2396 3270; x_wconf 90' lang='lat' dir='ltr'><strong>omnia</strong></span> <span class='ocrx_word' id='word_1_430' title='bbox 2440 3230 2666 3285; x_wconf 87' lang='lat' dir='ltr'><strong>prorsus</strong></span> <span class='ocrx_word' id='word_1_431' title='bbox 2695 3215 2892 3284; x_wconf 89' lang='lat' dir='ltr'><strong>gaudio</strong></span> <span class='ocrx_word' id='word_1_432' title='bbox 2924 3214 3194 3278; x_wconf 85' lang='lat' dir='ltr'><strong>diflluant,</strong></span> <span class='ocrx_word' id='word_1_433' title='bbox 3223 3214 3352 3269; x_wconf 90' lang='lat' dir='ltr'><strong>dum</strong></span> <span class='ocrx_word' id='word_1_434' title='bbox 3386 3212 3532 3268; x_wconf 89' lang='lat' dir='ltr'><strong>indi-</strong></span> 
     </span>
    </p>
   </div>
   <div class='ocr_carea' id='block_1_63' title="bbox 281 3321 442 3368">
    <p class='ocr_par' dir='ltr' id='par_1_63' title="bbox 281 3321 442 3368">
     <span class='ocr_line' id='line_1_63' title="bbox 281 3321 442 3368; baseline -0.012 -10"><span class='ocrx_word' id='word_1_435' title='bbox 281 3321 442 3368; x_wconf 84' lang='grc' dir='ltr'>σεως.</span> 
     </span>
    </p>
   </div>
   <div class='ocr_carea' id='block_1_64' title="bbox 359 3390 1853 3468">
    <p class='ocr_par' dir='ltr' id='par_1_64' title="bbox 359 3390 1853 3468">
     <span class='ocr_line' id='line_1_64' title="bbox 359 3390 1853 3468; baseline 0.001 -20"><span class='ocrx_word' id='word_1_436' title='bbox 359 3401 450 3450; x_wconf 88' lang='grc' dir='ltr'>ια’.</span> <span class='ocrx_word' id='word_1_437' title='bbox 513 3394 675 3465; x_wconf 75' lang='grc' dir='ltr'>’Δλλ’,</span> <span class='ocrx_word' id='word_1_438' title='bbox 710 3390 755 3452; x_wconf 79' lang='grc' dir='ltr'><strong>ὦ</strong></span> <span class='ocrx_word' id='word_1_439' title='bbox 792 3396 1028 3468; x_wconf 84' lang='grc' dir='ltr'>μακάριε</span> <span class='ocrx_word' id='word_1_440' title='bbox 1075 3397 1317 3468; x_wconf 78' lang='grc' dir='ltr'>Ἰωάννη,</span> <span class='ocrx_word' id='word_1_441' title='bbox 1352 3399 1380 3450; x_wconf 88' lang='grc' dir='ltr'><strong>ό</strong></span> <span class='ocrx_word' id='word_1_442' title='bbox 1423 3398 1531 3451; x_wconf 87' lang='grc' dir='ltr'><strong>τῶν</strong></span> <span class='ocrx_word' id='word_1_443' title='bbox 1579 3398 1853 3467; x_wconf 86' lang='grc' dir='ltr'>μεγίστων</span> 
     </span>
    </p>
   </div>
   <div class='ocr_carea' id='block_1_65' title="bbox 285 3488 1856 3562">
    <p class='ocr_par' dir='ltr' id='par_1_65' title="bbox 285 3488 1856 3562">
     <span class='ocr_line' id='line_1_65' title="bbox 285 3488 1856 3562; baseline 0.002 -20"><span class='ocrx_word' id='word_1_444' title='bbox 285 3488 516 3558; x_wconf 76' lang='grc' dir='ltr'>μέγιστε</span> <span class='ocrx_word' id='word_1_445' title='bbox 571 3491 882 3562; x_wconf 76' lang='grc' dir='ltr'>προφήτης,</span> <span class='ocrx_word' id='word_1_446' title='bbox 911 3493 938 3544; x_wconf 90' lang='lat'><strong>6</strong></span> <span class='ocrx_word' id='word_1_447' title='bbox 989 3488 1300 3561; x_wconf 87' lang='grc' dir='ltr'>πρώτιστος</span> <span class='ocrx_word' id='word_1_448' title='bbox 1351 3492 1409 3544; x_wconf 79' lang='grc' dir='ltr'>ὲν</span> <span class='ocrx_word' id='word_1_449' title='bbox 1433 3491 1754 3555; x_wconf 86' lang='grc' dir='ltr'>ἀποστόλοις</span> <span class='ocrx_word' id='word_1_450' title='bbox 1781 3507 1796 3522; x_wconf 70' lang='grc'><strong><em>⁸</em></strong></span> <span class='ocrx_word' id='word_1_451' title='bbox 1825 3492 1856 3545; x_wconf 91' lang='lat'><strong>6</strong></span> 
     </span>
    </p>
   </div>
   <div class='ocr_carea' id='block_1_66' title="bbox 278 3581 1854 3655">
    <p class='ocr_par' dir='ltr' id='par_1_66' title="bbox 278 3581 1854 3655">
     <span class='ocr_line' id='line_1_66' title="bbox 278 3581 1854 3655; baseline 0.001 -20"><span class='ocrx_word' id='word_1_452' title='bbox 278 3581 391 3636; x_wconf 80' lang='grc' dir='ltr'><strong>τῶν</strong></span> <span class='ocrx_word' id='word_1_453' title='bbox 449 3582 742 3655; x_wconf 85' lang='grc' dir='ltr'>μαρτύρων</span> <span class='ocrx_word' id='word_1_454' title='bbox 787 3583 1122 3654; x_wconf 80' lang='grc' dir='ltr'>ἐξοχώτατος</span> <span class='ocrx_word' id='word_1_455' title='bbox 1178 3584 1602 3655; x_wconf 86' lang='grc' dir='ltr'>μεγαλόμαρτυς</span> <span class='ocrx_word' id='word_1_456' title='bbox 1631 3625 1645 3649; x_wconf 95' lang='grc'><strong>,</strong></span> <span class='ocrx_word' id='word_1_457' title='bbox 1681 3585 1709 3636; x_wconf 93' lang='lat'><strong>6</strong></span> <span class='ocrx_word' id='word_1_458' title='bbox 1753 3584 1854 3654; x_wconf 85' lang='grc' dir='ltr'>τῆς</span> 
     </span>
    </p>
   </div>
   <div class='ocr_carea' id='block_1_67' title="bbox 279 3673 1853 3746">
    <p class='ocr_par' dir='ltr' id='par_1_67' title="bbox 279 3673 1853 3746">
     <span class='ocr_line' id='line_1_67' title="bbox 279 3673 1853 3746; baseline 0.002 -20"><span class='ocrx_word' id='word_1_459' title='bbox 279 3673 494 3745; x_wconf 66' lang='grc' dir='ltr'>ἐρήμου</span> <span class='ocrx_word' id='word_1_460' title='bbox 561 3674 927 3746; x_wconf 82' lang='grc' dir='ltr'>θεοκόσμητος</span> <span class='ocrx_word' id='word_1_461' title='bbox 972 3673 1278 3744; x_wconf 80' lang='grc' dir='ltr'>πολιοῦχος,</span> <span class='ocrx_word' id='word_1_462' title='bbox 1313 3677 1342 3729; x_wconf 90' lang='grc' dir='ltr'><strong>ό</strong></span> <span class='ocrx_word' id='word_1_463' title='bbox 1369 3675 1462 3728; x_wconf 87' lang='grc' dir='ltr'><strong>τοῦ</strong></span> <span class='ocrx_word' id='word_1_464' title='bbox 1513 3675 1853 3742; x_wconf 87' lang='grc' dir='ltr'>ὡραιοτάτου</span> 
     </span>
    </p>
   </div>
   <div class='ocr_carea' id='block_1_68' title="bbox 279 3761 1854 3834">
    <p class='ocr_par' dir='ltr' id='par_1_68' title="bbox 279 3761 1854 3834">
     <span class='ocr_line' id='line_1_68' title="bbox 279 3761 1854 3834; baseline 0.001 -17"><span class='ocrx_word' id='word_1_465' title='bbox 279 3763 523 3833; x_wconf 84' lang='grc' dir='ltr'>νυμφίου</span> <span class='ocrx_word' id='word_1_466' title='bbox 551 3764 705 3833; x_wconf 84' lang='grc' dir='ltr'>φίλος</span> <span class='ocrx_word' id='word_1_467' title='bbox 737 3763 1119 3833; x_wconf 70' lang='grc' dir='ltr'>ἠγαπημένος,</span> <span class='ocrx_word' id='word_1_468' title='bbox 1148 3765 1177 3815; x_wconf 89' lang='lat'><strong>6</strong></span> <span class='ocrx_word' id='word_1_469' title='bbox 1221 3761 1318 3816; x_wconf 85' lang='grc' dir='ltr'><strong>τοῦ</strong></span> <span class='ocrx_word' id='word_1_470' title='bbox 1351 3764 1633 3832; x_wconf 88' lang='grc' dir='ltr'>ἀφράστου</span> <span class='ocrx_word' id='word_1_471' title='bbox 1675 3765 1854 3834; x_wconf 81' lang='grc' dir='ltr'>φωτὸς</span> 
     </span>
    </p>
   </div>
   <div class='ocr_carea' id='block_1_69' title="bbox 279 3853 1854 3930">
    <p class='ocr_par' dir='ltr' id='par_1_69' title="bbox 279 3853 1854 3930">
     <span class='ocr_line' id='line_1_69' title="bbox 279 3853 1854 3930; baseline 0 -19"><span class='ocrx_word' id='word_1_472' title='bbox 279 3857 477 3927; x_wconf 77' lang='grc' dir='ltr'>λύχνος</span> <span class='ocrx_word' id='word_1_473' title='bbox 532 3853 949 3927; x_wconf 69' lang='grc' dir='ltr'>ἡτοιμασμένος,</span> <span class='ocrx_word' id='word_1_474' title='bbox 981 3855 1011 3906; x_wconf 83' lang='grc' dir='ltr'><strong>ό</strong></span> <span class='ocrx_word' id='word_1_475' title='bbox 1036 3853 1130 3908; x_wconf 87' lang='grc' dir='ltr'><strong>τοῦ</strong></span> <span class='ocrx_word' id='word_1_476' title='bbox 1161 3854 1394 3925; x_wconf 81' lang='grc' dir='ltr'>ἀμώμου</span> <span class='ocrx_word' id='word_1_477' title='bbox 1447 3856 1647 3928; x_wconf 81' lang='grc' dir='ltr'>’Δμνοῦ</span> <span class='ocrx_word' id='word_1_478' title='bbox 1677 3856 1854 3930; x_wconf 83' lang='grc' dir='ltr'>κήρυξ</span> 
     </span>
    </p>
   </div>
   <div class='ocr_carea' id='block_1_70' title="bbox 281 3946 1852 4019">
    <p class='ocr_par' dir='ltr' id='par_1_70' title="bbox 281 3946 1852 4019">
     <span class='ocr_line' id='line_1_70' title="bbox 281 3946 1852 4019; baseline 0 -17"><span class='ocrx_word' id='word_1_479' title='bbox 281 3948 740 4017; x_wconf 78' lang='grc' dir='ltr'>πεπιστευμένος,</span> <span class='ocrx_word' id='word_1_480' title='bbox 771 3947 801 3999; x_wconf 87' lang='lat'><strong>6</strong></span> <span class='ocrx_word' id='word_1_481' title='bbox 827 3946 927 4017; x_wconf 82' lang='grc' dir='ltr'>τῆς</span> <span class='ocrx_word' id='word_1_482' title='bbox 960 3947 1229 4018; x_wconf 82' lang='grc' dir='ltr'>πατρικῆς</span> <span class='ocrx_word' id='word_1_483' title='bbox 1256 3948 1440 4018; x_wconf 84' lang='grc' dir='ltr'>φωνῆς</span> <span class='ocrx_word' id='word_1_484' title='bbox 1492 3949 1714 4019; x_wconf 78' lang='grc' dir='ltr'>ἀριστος</span> <span class='ocrx_word' id='word_1_485' title='bbox 1751 3951 1852 4002; x_wconf 79' lang='grc' dir='ltr'><strong>ἑπ-</strong></span> 
     </span>
    </p>
   </div>
   <div class='ocr_carea' id='block_1_71' title="bbox 279 4038 1854 4112">
    <p class='ocr_par' dir='ltr' id='par_1_71' title="bbox 279 4038 1854 4112">
     <span class='ocr_line' id='line_1_71' title="bbox 279 4038 1854 4112; baseline -0.001 -17"><span class='ocrx_word' id='word_1_486' title='bbox 279 4041 606 4112; x_wconf 84' lang='grc' dir='ltr'>ακροάμων,</span> <span class='ocrx_word' id='word_1_487' title='bbox 648 4040 678 4093; x_wconf 89' lang='lat'><strong>6</strong></span> <span class='ocrx_word' id='word_1_488' title='bbox 727 4038 1029 4110; x_wconf 79' lang='grc' dir='ltr'>βαπτιστὴς</span> <span class='ocrx_word' id='word_1_489' title='bbox 1071 4038 1312 4108; x_wconf 82' lang='grc' dir='ltr'>Χριστοῦ</span> <span class='ocrx_word' id='word_1_490' title='bbox 1357 4039 1793 4109; x_wconf 85' lang='grc' dir='ltr'>κεκηρυγμένος,</span> <span class='ocrx_word' id='word_1_491' title='bbox 1825 4042 1854 4094; x_wconf 91' lang='grc' dir='ltr'><strong>ό</strong></span> 
     </span>
    </p>
   </div>
   <div class='ocr_carea' id='block_1_72' title="bbox 295 4131 1854 4205">
    <p class='ocr_par' dir='ltr' id='par_1_72' title="bbox 295 4131 1854 4205">
     <span class='ocr_line' id='line_1_72' title="bbox 295 4131 1854 4205; baseline -0.001 -18"><span class='ocrx_word' id='word_1_492' title='bbox 295 4131 546 4205; x_wconf 79' lang='grc' dir='ltr'>Ἡρώδου</span> <span class='ocrx_word' id='word_1_493' title='bbox 597 4131 883 4200; x_wconf 79' lang='grc' dir='ltr'>ἀσελγείας</span> <span class='ocrx_word' id='word_1_494' title='bbox 931 4131 1150 4199; x_wconf 76' lang='grc' dir='ltr'>ἐλεγχος</span> <span class='ocrx_word' id='word_1_495' title='bbox 1204 4131 1786 4202; x_wconf 66' lang='grc' dir='ltr'>πεπαρρησιασμένος,</span> <span class='ocrx_word' id='word_1_496' title='bbox 1825 4133 1854 4184; x_wconf 88' lang='grc' dir='ltr'><strong>ό</strong></span> 
     </span>
    </p>
   </div>
   <div class='ocr_carea' id='block_1_73' title="bbox 280 4222 1852 4295">
    <p class='ocr_par' dir='ltr' id='par_1_73' title="bbox 280 4222 1852 4295">
     <span class='ocr_line' id='line_1_73' title="bbox 280 4222 1852 4295; baseline -0.001 -17"><span class='ocrx_word' id='word_1_497' title='bbox 280 4226 396 4287; x_wconf 74' lang='grc' dir='ltr'>τοῖς</span> <span class='ocrx_word' id='word_1_498' title='bbox 423 4227 484 4278; x_wconf 70' lang='grc' dir='ltr'>ἐν</span> <span class='ocrx_word' id='word_1_499' title='bbox 525 4222 654 4295; x_wconf 60' lang='grc' dir='ltr'>ᾅδου</span> <span class='ocrx_word' id='word_1_500' title='bbox 684 4223 781 4293; x_wconf 81' lang='grc' dir='ltr'>τὴν</span> <span class='ocrx_word' id='word_1_501' title='bbox 812 4223 958 4294; x_wconf 79' lang='grc' dir='ltr'>ζωὴν</span> <span class='ocrx_word' id='word_1_502' title='bbox 981 4222 1380 4293; x_wconf 82' lang='grc' dir='ltr'>προμηνύσας,</span> <span class='ocrx_word' id='word_1_503' title='bbox 1417 4224 1448 4294; x_wconf 75' lang='grc' dir='ltr'>ἡ</span> <span class='ocrx_word' id='word_1_504' title='bbox 1481 4223 1852 4293; x_wconf 85' lang='grc' dir='ltr'>Θεοσήμαντος</span> 
     </span>
    </p>
   </div>
   <div class='ocr_carea' id='block_1_74' title="bbox 284 4314 1848 4387">
    <p class='ocr_par' dir='ltr' id='par_1_74' title="bbox 284 4314 1848 4387">
     <span class='ocr_line' id='line_1_74' title="bbox 284 4314 1848 4387; baseline -0.012 -4"><span class='ocrx_word' id='word_1_505' title='bbox 284 4315 521 4385; x_wconf 74' lang='grc' dir='ltr'>σάλπιγξ</span> <span class='ocrx_word' id='word_1_506' title='bbox 546 4316 646 4384; x_wconf 81' lang='grc' dir='ltr'>τῆς</span> <span class='ocrx_word' id='word_1_507' title='bbox 677 4314 1021 4385; x_wconf 73' lang='grc' dir='ltr'>οἰκουμένης.</span> <span class='ocrx_word' id='word_1_508' title='bbox 1053 4315 1255 4385; x_wconf 77' lang='grc' dir='ltr'>ἡχησον</span> <span class='ocrx_word' id='word_1_509' title='bbox 1279 4314 1376 4368; x_wconf 81' lang='grc' dir='ltr'>καὶ</span> <span class='ocrx_word' id='word_1_510' title='bbox 1405 4314 1500 4367; x_wconf 88' lang='grc' dir='ltr'><strong>νῦν</strong></span> <span class='ocrx_word' id='word_1_511' title='bbox 1529 4316 1661 4387; x_wconf 71' lang='grc' dir='ltr'>ἡμῖν</span> <span class='ocrx_word' id='word_1_512' title='bbox 1689 4315 1848 4385; x_wconf 74' lang='grc' dir='ltr'>οὑραο</span> 
     </span>
    </p>
   </div>
   <div class='ocr_carea' id='block_1_75' title="bbox 280 4406 1855 4478">
    <p class='ocr_par' dir='ltr' id='par_1_75' title="bbox 280 4406 1855 4478">
     <span class='ocr_line' id='line_1_75' title="bbox 280 4406 1855 4478; baseline -0.001 -15"><span class='ocrx_word' id='word_1_513' title='bbox 280 4407 458 4475; x_wconf 80' lang='grc' dir='ltr'>νόθεν,</span> <span class='ocrx_word' id='word_1_514' title='bbox 485 4407 604 4470; x_wconf 74' lang='grc' dir='ltr'>ταῖς</span> <span class='ocrx_word' id='word_1_515' title='bbox 630 4407 948 4478; x_wconf 83' lang='grc' dir='ltr'>ίερωτάταις</span> <span class='ocrx_word' id='word_1_516' title='bbox 973 4406 1292 4477; x_wconf 76' lang='grc' dir='ltr'>πρεσϐείαις</span> <span class='ocrx_word' id='word_1_517' title='bbox 1311 4446 1324 4467; x_wconf 85' lang='grc'><strong>,</strong></span> <span class='ocrx_word' id='word_1_518' title='bbox 1361 4407 1454 4459; x_wconf 77' lang='grc' dir='ltr'>καὶ</span> <span class='ocrx_word' id='word_1_519' title='bbox 1477 4406 1711 4478; x_wconf 82' lang='grc' dir='ltr'>εὐμενὴς</span> <span class='ocrx_word' id='word_1_520' title='bbox 1762 4406 1855 4461; x_wconf 73' lang='grc' dir='ltr'>ἔσο</span> 
     </span>
    </p>
   </div>
   <div class='ocr_carea' id='block_1_76' title="bbox 280 4497 1848 4570">
    <p class='ocr_par' dir='ltr' id='par_1_76' title="bbox 280 4497 1848 4570">
     <span class='ocr_line' id='line_1_76' title="bbox 280 4497 1848 4570; baseline 0.001 -19"><span class='ocrx_word' id='word_1_521' title='bbox 280 4500 362 4570; x_wconf 80' lang='grc' dir='ltr'><strong>τῷ</strong></span> <span class='ocrx_word' id='word_1_522' title='bbox 413 4499 666 4570; x_wconf 74' lang='grc' dir='ltr'>ὲπᾴδοντί</span> <span class='ocrx_word' id='word_1_523' title='bbox 716 4516 798 4552; x_wconf 90' lang='grc' dir='ltr'><strong>σοι</strong></span> <span class='ocrx_word' id='word_1_524' title='bbox 846 4497 964 4570; x_wconf 89' lang='grc' dir='ltr'>λαῷ</span> <span class='ocrx_word' id='word_1_525' title='bbox 997 4501 1064 4569; x_wconf 78' lang='grc' dir='ltr'>τῇ</span> <span class='ocrx_word' id='word_1_526' title='bbox 1099 4515 1157 4550; x_wconf 90' lang='grc' dir='ltr'><strong>τε</strong></span> <span class='ocrx_word' id='word_1_527' title='bbox 1187 4498 1450 4567; x_wconf 73' lang='grc' dir='ltr'>ἐλαχίστῃ</span> <span class='ocrx_word' id='word_1_528' title='bbox 1481 4515 1577 4552; x_wconf 94' lang='grc' dir='ltr'><strong>σου</strong></span> <span class='ocrx_word' id='word_1_529' title='bbox 1621 4498 1848 4570; x_wconf 82' lang='grc' dir='ltr'>ποίμνῃ,</span> 
     </span>
    </p>
   </div>
   <div class='ocr_carea' id='block_1_77' title="bbox 1958 3305 3289 3377">
    <p class='ocr_par' dir='ltr' id='par_1_77' title="bbox 1958 3305 3289 3377">
     <span class='ocr_line' id='line_1_77' title="bbox 1958 3305 3289 3377; baseline 0.002 -19"><span class='ocrx_word' id='word_1_530' title='bbox 1958 3319 2075 3358; x_wconf 82' lang='lat' dir='ltr'><strong>cem</strong></span> <span class='ocrx_word' id='word_1_531' title='bbox 2119 3305 2403 3374; x_wconf 86' lang='lat' dir='ltr'><strong>excipiunt</strong></span> <span class='ocrx_word' id='word_1_532' title='bbox 2447 3306 2717 3360; x_wconf 85' lang='lat' dir='ltr'><strong>adventus</strong></span> <span class='ocrx_word' id='word_1_533' title='bbox 2759 3307 2903 3377; x_wconf 89' lang='lat' dir='ltr'><strong>regis</strong></span> <span class='ocrx_word' id='word_1_534' title='bbox 2940 3306 3289 3362; x_wconf 87' lang='lat' dir='ltr'><strong>universalis.</strong></span> 
     </span>
    </p>
   </div>
   <div class='ocr_carea' id='block_1_78' title="bbox 2028 3397 3531 3471">
    <p class='ocr_par' dir='ltr' id='par_1_78' title="bbox 2028 3397 3531 3471">
     <span class='ocr_line' id='line_1_78' title="bbox 2028 3397 3531 3471; baseline 0 -19"><span class='ocrx_word' id='word_1_535' title='bbox 2028 3399 2113 3452; x_wconf 79' lang='lat' dir='ltr'><strong>ll.</strong></span> <span class='ocrx_word' id='word_1_536' title='bbox 2153 3397 2280 3467; x_wconf 86' lang='lat' dir='ltr'><strong>Sed,</strong></span> <span class='ocrx_word' id='word_1_537' title='bbox 2300 3415 2332 3455; x_wconf 91' lang='grc' dir='ltr'><strong>ο</strong></span> <span class='ocrx_word' id='word_1_538' title='bbox 2354 3400 2512 3454; x_wconf 85' lang='lat' dir='ltr'><strong>beate</strong></span> <span class='ocrx_word' id='word_1_539' title='bbox 2541 3399 2801 3465; x_wconf 86' lang='lat' dir='ltr'><strong>Joannes,</strong></span> <span class='ocrx_word' id='word_1_540' title='bbox 2831 3400 2924 3471; x_wconf 90' lang='lat' dir='ltr'><strong>qui</strong></span> <span class='ocrx_word' id='word_1_541' title='bbox 2951 3400 3319 3456; x_wconf 73' lang='lat' dir='ltr'><strong>maximorum</strong></span> <span class='ocrx_word' id='word_1_542' title='bbox 3352 3397 3531 3453; x_wconf 79' lang='lat' dir='ltr'><strong>maxi-</strong></span> 
     </span>
    </p>
   </div>
   <div class='ocr_carea' id='block_1_79' title="bbox 1957 3492 3533 3562">
    <p class='ocr_par' dir='ltr' id='par_1_79' title="bbox 1957 3492 3533 3562">
     <span class='ocr_line' id='line_1_79' title="bbox 1957 3492 3533 3562; baseline -0.001 -17"><span class='ocrx_word' id='word_1_543' title='bbox 1957 3506 2081 3546; x_wconf 91' lang='lat' dir='ltr'><strong>mus</strong></span> <span class='ocrx_word' id='word_1_544' title='bbox 2111 3493 2379 3562; x_wconf 87' lang='lat' dir='ltr'><strong>propheta</strong></span> <span class='ocrx_word' id='word_1_545' title='bbox 2423 3507 2517 3559; x_wconf 90' lang='lat' dir='ltr'><strong>es,</strong></span> <span class='ocrx_word' id='word_1_546' title='bbox 2560 3493 2767 3562; x_wconf 91' lang='lat' dir='ltr'><strong>primus</strong></span> <span class='ocrx_word' id='word_1_547' title='bbox 2802 3493 2944 3547; x_wconf 89' lang='lat' dir='ltr'><strong>inter</strong></span> <span class='ocrx_word' id='word_1_548' title='bbox 2984 3492 3278 3561; x_wconf 89' lang='lat' dir='ltr'><strong>apostolos,</strong></span> <span class='ocrx_word' id='word_1_549' title='bbox 3325 3498 3533 3562; x_wconf 83' lang='lat' dir='ltr'><strong>marty-</strong></span> 
     </span>
    </p>
   </div>
   <div class='ocr_carea' id='block_1_80' title="bbox 1957 3581 3532 3654">
    <p class='ocr_par' dir='ltr' id='par_1_80' title="bbox 1957 3581 3532 3654">
     <span class='ocr_line' id='line_1_80' title="bbox 1957 3581 3532 3654; baseline 0.001 -20"><span class='ocrx_word' id='word_1_550' title='bbox 1957 3596 2078 3634; x_wconf 90' lang='lat' dir='ltr'><strong>rum</strong></span> <span class='ocrx_word' id='word_1_551' title='bbox 2109 3597 2360 3637; x_wconf 88' lang='lat' dir='ltr'><strong>summus</strong></span> <span class='ocrx_word' id='word_1_552' title='bbox 2395 3598 2738 3652; x_wconf 90' lang='lat' dir='ltr'><strong>magnusque</strong></span> <span class='ocrx_word' id='word_1_553' title='bbox 2768 3591 2995 3654; x_wconf 82' lang='lat' dir='ltr'><strong>martyr,</strong></span> <span class='ocrx_word' id='word_1_554' title='bbox 3035 3583 3235 3637; x_wconf 87' lang='lat' dir='ltr'><strong>deserti</strong></span> <span class='ocrx_word' id='word_1_555' title='bbox 3267 3581 3532 3636; x_wconf 90' lang='lat' dir='ltr'><strong>divinitus</strong></span> 
     </span>
    </p>
   </div>
   <div class='ocr_carea' id='block_1_81' title="bbox 1955 3673 3533 3744">
    <p class='ocr_par' dir='ltr' id='par_1_81' title="bbox 1955 3673 3533 3744">
     <span class='ocr_line' id='line_1_81' title="bbox 1955 3673 3533 3744; baseline 0.001 -18"><span class='ocrx_word' id='word_1_556' title='bbox 1955 3682 2254 3729; x_wconf 81' lang='lat' dir='ltr'><strong>exornatus</strong></span> <span class='ocrx_word' id='word_1_557' title='bbox 2300 3683 2584 3744; x_wconf 87' lang='lat' dir='ltr'><strong>patronus,</strong></span> <span class='ocrx_word' id='word_1_558' title='bbox 2635 3675 3024 3731; x_wconf 89' lang='lat' dir='ltr'><strong>formosissimi</strong></span> <span class='ocrx_word' id='word_1_559' title='bbox 3071 3673 3262 3742; x_wconf 87' lang='lat' dir='ltr'><strong>sponsi</strong></span> <span class='ocrx_word' id='word_1_560' title='bbox 3298 3673 3533 3733; x_wconf 83' lang='lat' dir='ltr'><strong>dilectus</strong></span> 
     </span>
    </p>
   </div>
   <div class='ocr_carea' id='block_1_82' title="bbox 1954 3763 3531 3830">
    <p class='ocr_par' dir='ltr' id='par_1_82' title="bbox 1954 3763 3531 3830">
     <span class='ocr_line' id='line_1_82' title="bbox 1954 3763 3531 3830; baseline 0.002 -14"><span class='ocrx_word' id='word_1_561' title='bbox 1954 3763 2186 3827; x_wconf 90' lang='lat' dir='ltr'><strong>amicus,</strong></span> <span class='ocrx_word' id='word_1_562' title='bbox 2206 3764 2496 3820; x_wconf 79' lang='lat' dir='ltr'><strong>ineﬂ&#39;abilis</strong></span> <span class='ocrx_word' id='word_1_563' title='bbox 2526 3766 2664 3821; x_wconf 89' lang='lat' dir='ltr'><strong>lucis</strong></span> <span class='ocrx_word' id='word_1_564' title='bbox 2695 3766 2965 3821; x_wconf 89' lang='lat' dir='ltr'><strong>instructa</strong></span> <span class='ocrx_word' id='word_1_565' title='bbox 2987 3766 3230 3830; x_wconf 88' lang='lat' dir='ltr'><strong>lucerna,</strong></span> <span class='ocrx_word' id='word_1_566' title='bbox 3259 3765 3531 3820; x_wconf 86' lang='lat' dir='ltr'><strong>immacu-</strong></span> 
     </span>
    </p>
   </div>
   <div class='ocr_carea' id='block_1_83' title="bbox 1954 3855 3531 3928">
    <p class='ocr_par' dir='ltr' id='par_1_83' title="bbox 1954 3855 3531 3928">
     <span class='ocr_line' id='line_1_83' title="bbox 1954 3855 3531 3928; baseline 0.003 -20"><span class='ocrx_word' id='word_1_567' title='bbox 1954 3855 2050 3908; x_wconf 86' lang='lat' dir='ltr'><strong>lati</strong></span> <span class='ocrx_word' id='word_1_568' title='bbox 2079 3855 2215 3926; x_wconf 81' lang='lat' dir='ltr'><strong>Agni</strong></span> <span class='ocrx_word' id='word_1_569' title='bbox 2245 3871 2425 3926; x_wconf 55' lang='lat' dir='ltr'><strong>praeco</strong></span> <span class='ocrx_word' id='word_1_570' title='bbox 2453 3858 2647 3922; x_wconf 86' lang='lat' dir='ltr'><strong>fidelis,</strong></span> <span class='ocrx_word' id='word_1_571' title='bbox 2681 3867 2920 3927; x_wconf 62' lang='lat' dir='ltr'><strong>paterna;</strong></span> <span class='ocrx_word' id='word_1_572' title='bbox 2956 3859 3110 3914; x_wconf 85' lang='lat' dir='ltr'><strong>vocis</strong></span> <span class='ocrx_word' id='word_1_573' title='bbox 3154 3859 3405 3928; x_wconf 88' lang='lat' dir='ltr'><strong>egregius</strong></span> <span class='ocrx_word' id='word_1_574' title='bbox 3433 3873 3531 3913; x_wconf 86' lang='lat' dir='ltr'><strong>au-</strong></span> 
     </span>
    </p>
   </div>
   <div class='ocr_carea' id='block_1_84' title="bbox 1955 3945 3532 4020">
    <p class='ocr_par' dir='ltr' id='par_1_84' title="bbox 1955 3945 3532 4020">
     <span class='ocr_line' id='line_1_84' title="bbox 1955 3945 3532 4020; baseline 0.002 -19"><span class='ocrx_word' id='word_1_575' title='bbox 1955 3945 2245 4012; x_wconf 78' lang='lat' dir='ltr'><strong>scultator,</strong></span> <span class='ocrx_word' id='word_1_576' title='bbox 2311 3947 2513 4004; x_wconf 88' lang='lat' dir='ltr'><strong>Christi</strong></span> <span class='ocrx_word' id='word_1_577' title='bbox 2566 3949 2870 4020; x_wconf 84' lang='lat' dir='ltr'><strong>baptizator</strong></span> <span class='ocrx_word' id='word_1_578' title='bbox 2924 3951 3151 4016; x_wconf 89' lang='lat' dir='ltr'><strong>electus,</strong></span> <span class='ocrx_word' id='word_1_579' title='bbox 3208 3949 3532 4006; x_wconf 75' lang='lat' dir='ltr'><strong>Herodiana:</strong></span> 
     </span>
    </p>
   </div>
   <div class='ocr_carea' id='block_1_85' title="bbox 1957 4038 3532 4113">
    <p class='ocr_par' dir='ltr' id='par_1_85' title="bbox 1957 4038 3532 4113">
     <span class='ocr_line' id='line_1_85' title="bbox 1957 4038 3532 4113; baseline 0.002 -21"><span class='ocrx_word' id='word_1_580' title='bbox 1957 4038 2197 4094; x_wconf 89' lang='lat' dir='ltr'><strong>libidinis</strong></span> <span class='ocrx_word' id='word_1_581' title='bbox 2237 4055 2362 4095; x_wconf 92' lang='lat' dir='ltr'><strong>cum</strong></span> <span class='ocrx_word' id='word_1_582' title='bbox 2394 4040 2590 4096; x_wconf 81' lang='lat' dir='ltr'><strong>fiducia</strong></span> <span class='ocrx_word' id='word_1_583' title='bbox 2627 4046 3008 4113; x_wconf 89' lang='lat' dir='ltr'><strong>reprehensor,</strong></span> <span class='ocrx_word' id='word_1_584' title='bbox 3036 4045 3157 4097; x_wconf 76' lang='lat' dir='ltr'><strong>vita:</strong></span> <span class='ocrx_word' id='word_1_585' title='bbox 3185 4044 3413 4097; x_wconf 87' lang='lat' dir='ltr'><strong>nuntius</strong></span> <span class='ocrx_word' id='word_1_586' title='bbox 3445 4040 3532 4095; x_wconf 85' lang='lat' dir='ltr'><strong>bis</strong></span> 
     </span>
    </p>
   </div>
   <div class='ocr_carea' id='block_1_86' title="bbox 1955 4128 3527 4204">
    <p class='ocr_par' dir='ltr' id='par_1_86' title="bbox 1955 4128 3527 4204">
     <span class='ocr_line' id='line_1_86' title="bbox 1955 4128 3527 4204; baseline 0.005 -24"><span class='ocrx_word' id='word_1_587' title='bbox 1955 4130 2044 4197; x_wconf 87' lang='lat' dir='ltr'><strong>qui</strong></span> <span class='ocrx_word' id='word_1_588' title='bbox 2081 4128 2134 4182; x_wconf 90' lang='lat' dir='ltr'><strong>in</strong></span> <span class='ocrx_word' id='word_1_589' title='bbox 2167 4128 2355 4184; x_wconf 85' lang='lat' dir='ltr'><strong>inferis</strong></span> <span class='ocrx_word' id='word_1_590' title='bbox 2376 4139 2552 4198; x_wconf 89' lang='lat' dir='ltr'><strong>erant,</strong></span> <span class='ocrx_word' id='word_1_591' title='bbox 2581 4135 2736 4185; x_wconf 88' lang='lat' dir='ltr'><strong>turba</strong></span> <span class='ocrx_word' id='word_1_592' title='bbox 2761 4134 2964 4187; x_wconf 90' lang='lat' dir='ltr'><strong>mundo</strong></span> <span class='ocrx_word' id='word_1_593' title='bbox 2990 4133 3161 4187; x_wconf 83' lang='lat' dir='ltr'><strong>Deum</strong></span> <span class='ocrx_word' id='word_1_594' title='bbox 3190 4132 3527 4204; x_wconf 76' lang='lat' dir='ltr'><strong>significans,</strong></span> 
     </span>
    </p>
   </div>
   <div class='ocr_carea' id='block_1_87' title="bbox 1955 4222 3532 4296">
    <p class='ocr_par' dir='ltr' id='par_1_87' title="bbox 1955 4222 3532 4296">
     <span class='ocr_line' id='line_1_87' title="bbox 1955 4222 3532 4296; baseline 0.004 -23"><span class='ocrx_word' id='word_1_595' title='bbox 1955 4235 2102 4274; x_wconf 90' lang='lat' dir='ltr'><strong>nunc</strong></span> <span class='ocrx_word' id='word_1_596' title='bbox 2133 4235 2352 4291; x_wconf 89' lang='lat' dir='ltr'><strong>quoque</strong></span> <span class='ocrx_word' id='word_1_597' title='bbox 2389 4222 2547 4277; x_wconf 89' lang='lat' dir='ltr'><strong>nobis</strong></span> <span class='ocrx_word' id='word_1_598' title='bbox 2580 4224 2798 4280; x_wconf 66' lang='lat' dir='ltr'><strong>coalitus</strong></span> <span class='ocrx_word' id='word_1_599' title='bbox 2843 4239 3067 4282; x_wconf 86' lang='lat' dir='ltr'><strong>resones</strong></span> <span class='ocrx_word' id='word_1_600' title='bbox 3101 4240 3194 4296; x_wconf 92' lang='lat' dir='ltr'><strong>per</strong></span> <span class='ocrx_word' id='word_1_601' title='bbox 3225 4224 3532 4282; x_wconf 84' lang='lat' dir='ltr'><strong>sacratissi-</strong></span> 
     </span>
    </p>
   </div>
   <div class='ocr_carea' id='block_1_88' title="bbox 1955 4313 3531 4390">
    <p class='ocr_par' dir='ltr' id='par_1_88' title="bbox 1955 4313 3531 4390">
     <span class='ocr_line' id='line_1_88' title="bbox 1955 4313 3531 4390; baseline 0.005 -24"><span class='ocrx_word' id='word_1_602' title='bbox 1955 4327 2072 4368; x_wconf 86' lang='lat' dir='ltr'><strong>mas</strong></span> <span class='ocrx_word' id='word_1_603' title='bbox 2111 4313 2566 4383; x_wconf 75' lang='lat' dir='ltr'><strong>intercessiones;</strong></span> <span class='ocrx_word' id='word_1_604' title='bbox 2609 4317 2881 4387; x_wconf 91' lang='lat' dir='ltr'><strong>propitius</strong></span> <span class='ocrx_word' id='word_1_605' title='bbox 2915 4328 3032 4374; x_wconf 89' lang='lat' dir='ltr'><strong>esto</strong></span> <span class='ocrx_word' id='word_1_606' title='bbox 3060 4317 3302 4374; x_wconf 89' lang='lat' dir='ltr'><strong>laudanti</strong></span> <span class='ocrx_word' id='word_1_607' title='bbox 3343 4330 3395 4374; x_wconf 89' lang='lat' dir='ltr'><strong>te</strong></span> <span class='ocrx_word' id='word_1_608' title='bbox 3433 4333 3531 4390; x_wconf 90' lang='lat' dir='ltr'><strong>po-</strong></span> 
     </span>
    </p>
   </div>
   <div class='ocr_carea' id='block_1_89' title="bbox 1955 4403 3530 4478">
    <p class='ocr_par' dir='ltr' id='par_1_89' title="bbox 1955 4403 3530 4478">
     <span class='ocr_line' id='line_1_89' title="bbox 1955 4403 3530 4478; baseline 0.006 -22"><span class='ocrx_word' id='word_1_609' title='bbox 1955 4403 2104 4473; x_wconf 88' lang='lat' dir='ltr'><strong>pulo,</strong></span> <span class='ocrx_word' id='word_1_610' title='bbox 2157 4413 2211 4459; x_wconf 89' lang='lat' dir='ltr'><strong>et</strong></span> <span class='ocrx_word' id='word_1_611' title='bbox 2260 4407 2458 4475; x_wconf 89' lang='lat' dir='ltr'><strong>pusillo</strong></span> <span class='ocrx_word' id='word_1_612' title='bbox 2505 4409 2651 4478; x_wconf 88' lang='lat' dir='ltr'><strong>gregi</strong></span> <span class='ocrx_word' id='word_1_613' title='bbox 2712 4420 2834 4473; x_wconf 84' lang='lat' dir='ltr'><strong>tuo,</strong></span> <span class='ocrx_word' id='word_1_614' title='bbox 2884 4427 3008 4465; x_wconf 90' lang='lat' dir='ltr'><strong>cum</strong></span> <span class='ocrx_word' id='word_1_615' title='bbox 3045 4412 3342 4466; x_wconf 79' lang='lat' dir='ltr'><strong>excellente</strong></span> <span class='ocrx_word' id='word_1_616' title='bbox 3370 4410 3530 4466; x_wconf 84' lang='lat' dir='ltr'><strong>Patre</strong></span> 
     </span>
    </p>
   </div>
   <div class='ocr_carea' id='block_1_90' title="bbox 1957 4489 3528 4567">
    <p class='ocr_par' dir='ltr' id='par_1_90' title="bbox 1957 4489 3528 4567">
     <span class='ocr_line' id='line_1_90' title="bbox 1957 4489 3528 4567; baseline 0.003 -20"><span class='ocrx_word' id='word_1_617' title='bbox 1957 4489 2078 4548; x_wconf 88' lang='lat' dir='ltr'><strong>meo</strong></span> <span class='ocrx_word' id='word_1_618' title='bbox 2115 4510 2129 4547; x_wconf 90' lang='lat'><strong>:</strong></span> <span class='ocrx_word' id='word_1_619' title='bbox 2161 4494 2267 4549; x_wconf 90' lang='lat' dir='ltr'><strong>mei</strong></span> <span class='ocrx_word' id='word_1_620' title='bbox 2304 4511 2520 4566; x_wconf 90' lang='lat' dir='ltr'><strong>quoque</strong></span> <span class='ocrx_word' id='word_1_621' title='bbox 2562 4499 2874 4567; x_wconf 87' lang='lat' dir='ltr'><strong>pauperculi</strong></span> <span class='ocrx_word' id='word_1_622' title='bbox 2915 4499 3113 4554; x_wconf 89' lang='lat' dir='ltr'><strong>audaci</strong></span> <span class='ocrx_word' id='word_1_623' title='bbox 3157 4499 3314 4557; x_wconf 87' lang='lat' dir='ltr'><strong>ausui</strong></span> <span class='ocrx_word' id='word_1_624' title='bbox 3345 4499 3528 4553; x_wconf 90' lang='lat' dir='ltr'><strong>indul-</strong></span> 
     </span>
    </p>
   </div>
   <div class='ocr_carea' id='block_1_91' title="bbox 284 4574 1853 4663">
    <p class='ocr_par' dir='ltr' id='par_1_91' title="bbox 284 4589 1850 4663">
     <span class='ocr_line' id='line_1_91' title="bbox 284 4589 1850 4663; baseline -0.003 -18"><span class='ocrx_word' id='word_1_625' title='bbox 284 4593 384 4646; x_wconf 68' lang='grc' dir='ltr'><strong>σὺν</strong></span> <span class='ocrx_word' id='word_1_626' title='bbox 411 4590 489 4663; x_wconf 83' lang='grc' dir='ltr'><strong>τῷ</strong></span> <span class='ocrx_word' id='word_1_627' title='bbox 518 4591 827 4660; x_wconf 71' lang='grc' dir='ltr'>διαφέροντι</span> <span class='ocrx_word' id='word_1_628' title='bbox 866 4606 955 4660; x_wconf 90' lang='grc' dir='ltr'><strong>μοι</strong></span> <span class='ocrx_word' id='word_1_629' title='bbox 994 4589 1170 4660; x_wconf 85' lang='grc' dir='ltr'>Πατρί</span> <span class='ocrx_word' id='word_1_630' title='bbox 1207 4589 1320 4660; x_wconf 86' lang='lat' dir='ltr'><strong>(l7)</strong></span> <span class='ocrx_word' id='word_1_631' title='bbox 1358 4589 1760 4660; x_wconf 86' lang='grc' dir='ltr'>συγγνωμονῶν</span> <span class='ocrx_word' id='word_1_632' title='bbox 1791 4607 1850 4642; x_wconf 91' lang='grc' dir='ltr'><strong>τε</strong></span> 
     </span>
    </p>
   </div>
   <div class='ocr_carea' id='block_1_92' title="bbox 1955 4574 3527 4663">
    <p class='ocr_par' dir='ltr' id='par_1_92' title="bbox 1957 4589 3527 4661">
     <span class='ocr_line' id='line_1_92' title="bbox 1957 4589 3527 4661; baseline 0.003 -22"><span class='ocrx_word' id='word_1_633' title='bbox 1957 4601 2087 4656; x_wconf 85' lang='lat' dir='ltr'><strong>gens</strong></span> <span class='ocrx_word' id='word_1_634' title='bbox 2116 4603 2129 4639; x_wconf 87' lang='lat'><strong>:</strong></span> <span class='ocrx_word' id='word_1_635' title='bbox 2156 4601 2256 4642; x_wconf 90' lang='lat' dir='ltr'><strong>nec</strong></span> <span class='ocrx_word' id='word_1_636' title='bbox 2285 4589 2447 4642; x_wconf 87' lang='lat' dir='ltr'><strong>veluti</strong></span> <span class='ocrx_word' id='word_1_637' title='bbox 2471 4589 2714 4644; x_wconf 84' lang='lat' dir='ltr'><strong>oblatum</strong></span> <span class='ocrx_word' id='word_1_638' title='bbox 2743 4606 2966 4656; x_wconf 77' lang='lat' dir='ltr'><strong>munus,</strong></span> <span class='ocrx_word' id='word_1_639' title='bbox 2986 4593 3078 4646; x_wconf 86' lang='lat' dir='ltr'><strong>sed</strong></span> <span class='ocrx_word' id='word_1_640' title='bbox 3104 4592 3261 4661; x_wconf 83' lang='lat' dir='ltr'><strong>quasi</strong></span> <span class='ocrx_word' id='word_1_641' title='bbox 3286 4591 3527 4646; x_wconf 89' lang='lat' dir='ltr'><strong>debitum</strong></span> 
     </span>
    </p>
   </div>
   <div class='ocr_carea' id='block_1_93' title="bbox 282 4679 1852 4753">
    <p class='ocr_par' dir='ltr' id='par_1_93' title="bbox 282 4679 1852 4753">
     <span class='ocr_line' id='line_1_93' title="bbox 282 4679 1852 4753; baseline -0.002 -17"><span class='ocrx_word' id='word_1_642' title='bbox 282 4681 352 4738; x_wconf 83' lang='grc' dir='ltr'>αὖ</span> <span class='ocrx_word' id='word_1_643' title='bbox 372 4684 469 4753; x_wconf 79' lang='grc' dir='ltr'>τῆς</span> <span class='ocrx_word' id='word_1_644' title='bbox 480 4682 756 4753; x_wconf 78' lang='grc' dir='ltr'>τολμηρᾶς</span> <span class='ocrx_word' id='word_1_645' title='bbox 781 4698 883 4751; x_wconf 84' lang='grc' dir='ltr'><strong>μου</strong></span> <span class='ocrx_word' id='word_1_646' title='bbox 903 4679 997 4733; x_wconf 90' lang='grc' dir='ltr'><strong>τοῦ</strong></span> <span class='ocrx_word' id='word_1_647' title='bbox 1021 4680 1234 4751; x_wconf 85' lang='grc' dir='ltr'>πτωχοῦ</span> <span class='ocrx_word' id='word_1_648' title='bbox 1253 4682 1642 4751; x_wconf 77' lang='grc' dir='ltr'>ἐγχειρήσεως,</span> <span class='ocrx_word' id='word_1_649' title='bbox 1660 4681 1757 4750; x_wconf 83' lang='grc' dir='ltr'>οὐχ</span> <span class='ocrx_word' id='word_1_650' title='bbox 1777 4681 1852 4745; x_wconf 82' lang='grc' dir='ltr'><strong>ὡς</strong></span> 
     </span>
    </p>
   </div>
   <div class='ocr_carea' id='block_1_94' title="bbox 281 4771 1851 4846">
    <p class='ocr_par' dir='ltr' id='par_1_94' title="bbox 281 4771 1851 4846">
     <span class='ocr_line' id='line_1_94' title="bbox 281 4771 1851 4846; baseline -0.001 -18"><span class='ocrx_word' id='word_1_651' title='bbox 281 4775 643 4846; x_wconf 85' lang='grc' dir='ltr'>δωροφορίαν,</span> <span class='ocrx_word' id='word_1_652' title='bbox 681 4773 796 4827; x_wconf 87' lang='grc' dir='ltr'>ἀλλ’</span> <span class='ocrx_word' id='word_1_653' title='bbox 822 4772 896 4836; x_wconf 84' lang='grc' dir='ltr'>ὡς</span> <span class='ocrx_word' id='word_1_654' title='bbox 929 4771 1080 4842; x_wconf 91' lang='grc' dir='ltr'><strong>παρά</strong></span> <span class='ocrx_word' id='word_1_655' title='bbox 1111 4772 1302 4826; x_wconf 86' lang='grc' dir='ltr'>δούλου</span> <span class='ocrx_word' id='word_1_656' title='bbox 1351 4773 1576 4843; x_wconf 87' lang='grc' dir='ltr'>ἀχρείου</span> <span class='ocrx_word' id='word_1_657' title='bbox 1614 4772 1851 4844; x_wconf 83' lang='grc' dir='ltr'>ώφειλὴν</span> 
     </span>
    </p>
   </div>
   <div class='ocr_carea' id='block_1_95' title="bbox 283 4857 1850 4937">
    <p class='ocr_par' dir='ltr' id='par_1_95' title="bbox 283 4857 1850 4937">
     <span class='ocr_line' id='line_1_95' title="bbox 283 4857 1850 4937; baseline -0.001 -16"><span class='ocrx_word' id='word_1_658' title='bbox 283 4884 368 4936; x_wconf 84' lang='grc' dir='ltr'><strong>σοι</strong></span> <span class='ocrx_word' id='word_1_659' title='bbox 398 4869 494 4922; x_wconf 79' lang='grc' dir='ltr'>σὺν</span> <span class='ocrx_word' id='word_1_660' title='bbox 523 4866 676 4937; x_wconf 89' lang='grc' dir='ltr'>φόρῳ</span> <span class='ocrx_word' id='word_1_661' title='bbox 713 4882 773 4919; x_wconf 81' lang='grc' dir='ltr'><strong>τε</strong></span> <span class='ocrx_word' id='word_1_662' title='bbox 812 4865 905 4919; x_wconf 73' lang='grc' dir='ltr'>καὶ</span> <span class='ocrx_word' id='word_1_663' title='bbox 924 4863 1073 4935; x_wconf 81' lang='grc' dir='ltr'>πόθῳ</span> <span class='ocrx_word' id='word_1_664' title='bbox 1100 4864 1519 4937; x_wconf 83' lang='grc' dir='ltr'>προσαγομένην</span> <span class='ocrx_word' id='word_1_665' title='bbox 1545 4882 1558 4894; x_wconf 76' lang='grc' dir='ltr'><strong>ο</strong></span> <span class='ocrx_word' id='word_1_666' title='bbox 1586 4857 1630 4933; x_wconf 85' lang='grc' dir='ltr'><strong>ᾧ</strong></span> <span class='ocrx_word' id='word_1_667' title='bbox 1658 4868 1690 4936; x_wconf 74' lang='grc' dir='ltr'>ἡ</span> <span class='ocrx_word' id='word_1_668' title='bbox 1723 4866 1850 4931; x_wconf 80' lang='grc' dir='ltr'>δόξα</span> 
     </span>
    </p>
   </div>
   <div class='ocr_carea' id='block_1_96' title="bbox 280 4954 1850 5034">
    <p class='ocr_par' dir='ltr' id='par_1_96' title="bbox 280 4954 1850 5034">
     <span class='ocr_line' id='line_1_96' title="bbox 280 4954 1850 5034; baseline -0.002 -21"><span class='ocrx_word' id='word_1_669' title='bbox 280 4960 378 5013; x_wconf 81' lang='grc' dir='ltr'>καὶ</span> <span class='ocrx_word' id='word_1_670' title='bbox 403 4959 537 5030; x_wconf 83' lang='grc' dir='ltr'>τιμὴ</span> <span class='ocrx_word' id='word_1_671' title='bbox 564 4959 660 5011; x_wconf 73' lang='grc' dir='ltr'>καὶ</span> <span class='ocrx_word' id='word_1_672' title='bbox 704 4959 738 5028; x_wconf 78' lang='grc' dir='ltr'><strong>ἡ</strong></span> <span class='ocrx_word' id='word_1_673' title='bbox 767 4956 1168 5026; x_wconf 82' lang='grc' dir='ltr'>προσκύνησις,</span> <span class='ocrx_word' id='word_1_674' title='bbox 1193 4956 1291 5034; x_wconf 76' lang='grc' dir='ltr'>σὺν</span> <span class='ocrx_word' id='word_1_675' title='bbox 1338 4954 1416 5023; x_wconf 87' lang='grc' dir='ltr'>τῷ</span> <span class='ocrx_word' id='word_1_676' title='bbox 1444 4958 1850 5028; x_wconf 84' lang='grc' dir='ltr'>παντοκράτορι</span> 
     </span>
    </p>
   </div>
   <div class='ocr_carea' id='block_1_97' title="bbox 280 5047 1850 5120">
    <p class='ocr_par' dir='ltr' id='par_1_97' title="bbox 280 5047 1850 5120">
     <span class='ocr_line' id='line_1_97' title="bbox 280 5047 1850 5120; baseline 0.002 -21"><span class='ocrx_word' id='word_1_677' title='bbox 280 5051 461 5120; x_wconf 72' lang='lat' dir='ltr'><strong>lla-cpi.</strong></span> <span class='ocrx_word' id='word_1_678' title='bbox 498 5050 594 5103; x_wconf 77' lang='grc' dir='ltr'>καὶ</span> <span class='ocrx_word' id='word_1_679' title='bbox 635 5049 887 5118; x_wconf 86' lang='grc' dir='ltr'>παναγίῳ</span> <span class='ocrx_word' id='word_1_680' title='bbox 920 5047 1221 5117; x_wconf 70' lang='grc' dir='ltr'>Πνεῦματι,</span> <span class='ocrx_word' id='word_1_681' title='bbox 1255 5048 1348 5101; x_wconf 91' lang='grc' dir='ltr'><strong>νῦν</strong></span> <span class='ocrx_word' id='word_1_682' title='bbox 1379 5048 1473 5102; x_wconf 71' lang='grc' dir='ltr'>καὶ</span> <span class='ocrx_word' id='word_1_683' title='bbox 1502 5049 1615 5111; x_wconf 78' lang='grc' dir='ltr'>ἀεὶ,</span> <span class='ocrx_word' id='word_1_684' title='bbox 1651 5050 1745 5103; x_wconf 76' lang='grc' dir='ltr'><strong>καὶ</strong></span> <span class='ocrx_word' id='word_1_685' title='bbox 1772 5053 1850 5112; x_wconf 80' lang='grc' dir='ltr'>εἰς</span> 
     </span>
    </p>
   </div>
   <div class='ocr_carea' id='block_1_98' title="bbox 278 5137 1285 5207">
    <p class='ocr_par' dir='ltr' id='par_1_98' title="bbox 278 5137 1285 5207">
     <span class='ocr_line' id='line_1_98' title="bbox 278 5137 1285 5207; baseline -0.004 -12"><span class='ocrx_word' id='word_1_686' title='bbox 278 5142 411 5204; x_wconf 75' lang='grc' dir='ltr'>τοὺς</span> <span class='ocrx_word' id='word_1_687' title='bbox 439 5141 641 5200; x_wconf 77' lang='grc' dir='ltr'>αἰῶνας</span> <span class='ocrx_word' id='word_1_688' title='bbox 673 5139 782 5194; x_wconf 82' lang='grc' dir='ltr'><strong>τῶν</strong></span> <span class='ocrx_word' id='word_1_689' title='bbox 816 5137 1048 5192; x_wconf 79' lang='grc' dir='ltr'>αἰώνων.</span> <span class='ocrx_word' id='word_1_690' title='bbox 1091 5139 1285 5207; x_wconf 81' lang='grc' dir='ltr'>Ἀμήν.</span> 
     </span>
    </p>
   </div>
   <div class='ocr_carea' id='block_1_99' title="bbox 1027 5231 1109 5284">
    <p class='ocr_par' dir='ltr' id='par_1_99' title="bbox 1027 5231 1109 5284">
     <span class='ocr_line' id='line_1_99' title="bbox 1027 5231 1109 5284; baseline 0.024 -2"><span class='ocrx_word' id='word_1_691' title='bbox 1027 5231 1109 5284; x_wconf 81' lang='lat' dir='ltr'><strong>H’.</strong></span> 
     </span>
    </p>
   </div>
   <div class='ocr_carea' id='block_1_100' title="bbox 297 5319 1852 5403">
    <p class='ocr_par' dir='ltr' id='par_1_100' title="bbox 297 5319 1852 5403">
     <span class='ocr_line' id='line_1_100' title="bbox 297 5319 1852 5403; baseline 0.001 -28"><span class='ocrx_word' id='word_1_692' title='bbox 297 5321 619 5403; x_wconf 57' lang='grc' dir='ltr'><strong>Ἐτκὼμιᾳτ</strong></span> <span class='ocrx_word' id='word_1_693' title='bbox 649 5322 876 5403; x_wconf 47' lang='grc' dir='ltr'><strong>ειετὴν</strong></span> <span class='ocrx_word' id='word_1_694' title='bbox 902 5319 1353 5403; x_wconf 60' lang='grc' dir='ltr'>ἀποςοέιὴνιτῆς</span> <span class='ocrx_word' id='word_1_695' title='bbox 1385 5320 1547 5403; x_wconf 45' lang='lat' dir='ltr'><strong>terni?</strong></span> <span class='ocrx_word' id='word_1_696' title='bbox 1578 5321 1852 5403; x_wconf 56' lang='grc' dir='ltr'>κεφαλῆς</span> 
     </span>
    </p>
   </div>
   <div class='ocr_carea' id='block_1_101' title="bbox 282 5390 1840 5463">
    <p class='ocr_par' dir='ltr' id='par_1_101' title="bbox 282 5390 1840 5463">
     <span class='ocr_line' id='line_1_101' title="bbox 282 5390 1840 5463; baseline -0.001 -15"><span class='ocrx_word' id='word_1_697' title='bbox 282 5390 393 5449; x_wconf 81' lang='grc' dir='ltr'><strong>τοῦ</strong></span> <span class='ocrx_word' id='word_1_698' title='bbox 418 5390 685 5463; x_wconf 67' lang='grc' dir='ltr'>μετά-ζου</span> <span class='ocrx_word' id='word_1_699' title='bbox 712 5391 1052 5445; x_wconf 83' lang='grc' dir='ltr'>Βαπτιστοῡ</span> <span class='ocrx_word' id='word_1_700' title='bbox 1084 5393 1339 5462; x_wconf 82' lang='grc' dir='ltr'>Χριστοῦ</span> <span class='ocrx_word' id='word_1_701' title='bbox 1361 5391 1458 5444; x_wconf 76' lang='grc' dir='ltr'>καὶ</span> <span class='ocrx_word' id='word_1_702' title='bbox 1479 5390 1784 5460; x_wconf 78' lang='grc' dir='ltr'>Προδρόμο</span> <span class='ocrx_word' id='word_1_703' title='bbox 1795 5410 1840 5447; x_wconf 85' lang='grc' dir='ltr'><strong>υ.</strong></span> 
     </span>
    </p>
   </div>
   <div class='ocr_carea' id='block_1_102' title="bbox 1949 4678 3525 4754">
    <p class='ocr_par' dir='ltr' id='par_1_102' title="bbox 1949 4678 3525 4754">
     <span class='ocr_line' id='line_1_102' title="bbox 1949 4678 3525 4754; baseline 0.004 -24"><span class='ocrx_word' id='word_1_704' title='bbox 1949 4678 2090 4731; x_wconf 88' lang='lat' dir='ltr'><strong>servi</strong></span> <span class='ocrx_word' id='word_1_705' title='bbox 2146 4679 2354 4734; x_wconf 91' lang='lat' dir='ltr'><strong>inutilis</strong></span> <span class='ocrx_word' id='word_1_706' title='bbox 2393 4681 2660 4737; x_wconf 87' lang='lat' dir='ltr'><strong>tributum</strong></span> <span class='ocrx_word' id='word_1_707' title='bbox 2727 4684 2822 4737; x_wconf 89' lang='lat' dir='ltr'><strong>tibi</strong></span> <span class='ocrx_word' id='word_1_708' title='bbox 2879 4693 3126 4738; x_wconf 87' lang='lat' dir='ltr'><strong>amanter</strong></span> <span class='ocrx_word' id='word_1_709' title='bbox 3168 4684 3525 4754; x_wconf 88' lang='lat' dir='ltr'><strong>persolutum,</strong></span> 
     </span>
    </p>
   </div>
   <div class='ocr_carea' id='block_1_103' title="bbox 1948 4771 3526 4844">
    <p class='ocr_par' dir='ltr' id='par_1_103' title="bbox 1948 4771 3526 4844">
     <span class='ocr_line' id='line_1_103' title="bbox 1948 4771 3526 4844; baseline 0.004 -20"><span class='ocrx_word' id='word_1_710' title='bbox 1948 4771 2158 4840; x_wconf 82' lang='lat' dir='ltr'><strong>excipe.</strong></span> <span class='ocrx_word' id='word_1_711' title='bbox 2206 4771 2304 4827; x_wconf 91' lang='lat' dir='ltr'><strong>Cui</strong></span> <span class='ocrx_word' id='word_1_712' title='bbox 2355 4774 2525 4844; x_wconf 89' lang='lat' dir='ltr'><strong>gloria</strong></span> <span class='ocrx_word' id='word_1_713' title='bbox 2572 4783 2626 4828; x_wconf 92' lang='lat' dir='ltr'><strong>et</strong></span> <span class='ocrx_word' id='word_1_714' title='bbox 2673 4774 2847 4828; x_wconf 89' lang='lat' dir='ltr'><strong>honor</strong></span> <span class='ocrx_word' id='word_1_715' title='bbox 2891 4781 3055 4844; x_wconf 87' lang='lat' dir='ltr'><strong>atque</strong></span> <span class='ocrx_word' id='word_1_716' title='bbox 3105 4777 3372 4841; x_wconf 90' lang='lat' dir='ltr'><strong>adoratio,</strong></span> <span class='ocrx_word' id='word_1_717' title='bbox 3401 4790 3526 4831; x_wconf 93' lang='lat' dir='ltr'><strong>cum</strong></span> 
     </span>
    </p>
   </div>
   <div class='ocr_carea' id='block_1_104' title="bbox 1947 4862 3528 4935">
    <p class='ocr_par' dir='ltr' id='par_1_104' title="bbox 1947 4862 3528 4935">
     <span class='ocr_line' id='line_1_104' title="bbox 1947 4862 3528 4935; baseline 0.003 -20"><span class='ocrx_word' id='word_1_718' title='bbox 1947 4862 2324 4933; x_wconf 84' lang='lat' dir='ltr'><strong>omnipotente</strong></span> <span class='ocrx_word' id='word_1_719' title='bbox 2358 4863 2519 4919; x_wconf 86' lang='lat' dir='ltr'><strong>Patre</strong></span> <span class='ocrx_word' id='word_1_720' title='bbox 2559 4873 2615 4919; x_wconf 90' lang='lat' dir='ltr'><strong>et</strong></span> <span class='ocrx_word' id='word_1_721' title='bbox 2659 4865 3002 4920; x_wconf 88' lang='lat' dir='ltr'><strong>sanctissimo</strong></span> <span class='ocrx_word' id='word_1_722' title='bbox 3035 4864 3262 4935; x_wconf 88' lang='lat' dir='ltr'><strong>Spiritu,</strong></span> <span class='ocrx_word' id='word_1_723' title='bbox 3294 4882 3438 4923; x_wconf 89' lang='lat' dir='ltr'><strong>nunc</strong></span> <span class='ocrx_word' id='word_1_724' title='bbox 3473 4877 3528 4921; x_wconf 86' lang='lat' dir='ltr'><strong>et</strong></span> 
     </span>
    </p>
   </div>
   <div class='ocr_carea' id='block_1_105' title="bbox 1950 4955 3206 5025">
    <p class='ocr_par' dir='ltr' id='par_1_105' title="bbox 1950 4955 3206 5025">
     <span class='ocr_line' id='line_1_105' title="bbox 1950 4955 3206 5025; baseline -0.001 -17"><span class='ocrx_word' id='word_1_725' title='bbox 1950 4967 2167 5025; x_wconf 88' lang='lat' dir='ltr'><strong>semper</strong></span> <span class='ocrx_word' id='word_1_726' title='bbox 2198 4964 2254 5010; x_wconf 88' lang='lat' dir='ltr'><strong>et</strong></span> <span class='ocrx_word' id='word_1_727' title='bbox 2282 4969 2377 5025; x_wconf 91' lang='lat' dir='ltr'><strong>per</strong></span> <span class='ocrx_word' id='word_1_728' title='bbox 2406 4955 2605 5010; x_wconf 76' lang='lat' dir='ltr'><strong>saecula</strong></span> <span class='ocrx_word' id='word_1_729' title='bbox 2639 4956 2984 5012; x_wconf 83' lang='lat' dir='ltr'><strong>saeculorum.</strong></span> <span class='ocrx_word' id='word_1_730' title='bbox 3016 4955 3206 5009; x_wconf 81' lang='lat' dir='ltr'><strong>Amen.</strong></span> 
     </span>
    </p>
   </div>
   <div class='ocr_carea' id='block_1_106' title="bbox 2680 5238 2809 5292">
    <p class='ocr_par' dir='ltr' id='par_1_106' title="bbox 2680 5238 2809 5292">
     <span class='ocr_line' id='line_1_106' title="bbox 2680 5238 2809 5292; baseline 0 0"><span class='ocrx_word' id='word_1_731' title='bbox 2680 5238 2809 5292; x_wconf 73' lang='lat' dir='ltr'><strong>Vill.</strong></span> 
     </span>
    </p>
   </div>
   <div class='ocr_carea' id='block_1_107' title="bbox 1959 5324 3528 5402">
    <p class='ocr_par' dir='ltr' id='par_1_107' title="bbox 1959 5324 3528 5402">
     <span class='ocr_line' id='line_1_107' title="bbox 1959 5324 3528 5402; baseline 0.004 -24"><span class='ocrx_word' id='word_1_732' title='bbox 1959 5324 2221 5381; x_wconf 83' lang='lat' dir='ltr'><strong>Laudatio</strong></span> <span class='ocrx_word' id='word_1_733' title='bbox 2251 5331 2301 5382; x_wconf 86' lang='lat' dir='ltr'><strong>in</strong></span> <span class='ocrx_word' id='word_1_734' title='bbox 2325 5331 2693 5402; x_wconf 68' lang='lat' dir='ltr'><strong>abscissionem</strong></span> <span class='ocrx_word' id='word_1_735' title='bbox 2713 5332 3053 5402; x_wconf 67' lang='lat' dir='ltr'><strong>sarricapitis</strong></span> <span class='ocrx_word' id='word_1_736' title='bbox 3083 5333 3257 5401; x_wconf 80' lang='lat' dir='ltr'><strong>magni</strong></span> <span class='ocrx_word' id='word_1_737' title='bbox 3270 5329 3528 5402; x_wconf 76' lang='lat' dir='ltr'><strong>Baptista:</strong></span> 
     </span>
    </p>
   </div>
   <div class='ocr_carea' id='block_1_108' title="bbox 2343 5399 3072 5456">
    <p class='ocr_par' dir='ltr' id='par_1_108' title="bbox 2343 5399 3072 5456">
     <span class='ocr_line' id='line_1_108' title="bbox 2343 5399 3072 5456; baseline 0.003 -4"><span class='ocrx_word' id='word_1_738' title='bbox 2343 5414 2346 5418; x_wconf 82' lang='lat'><strong><em>&#39;</em></strong></span> <span class='ocrx_word' id='word_1_739' title='bbox 2401 5410 2450 5452; x_wconf 80' lang='lat' dir='ltr'><strong>et</strong></span> <span class='ocrx_word' id='word_1_740' title='bbox 2473 5400 2823 5456; x_wconf 68' lang='lat' dir='ltr'><strong>Prwcursoris</strong></span> <span class='ocrx_word' id='word_1_741' title='bbox 2855 5399 3072 5455; x_wconf 74' lang='lat' dir='ltr'><strong>Christi.</strong></span> 
     </span>
    </p>
   </div>
   <div class='ocr_carea' id='block_1_109' title="bbox 1469 5535 2327 5611">
    <p class='ocr_par' dir='ltr' id='par_1_109' title="bbox 1469 5535 2327 5611">
     <span class='ocr_line' id='line_1_109' title="bbox 1469 5535 2327 5611; baseline 0.008 -24"><span class='ocrx_word' id='word_1_742' title='bbox 1469 5535 1622 5603; x_wconf 69' lang='lat' dir='ltr'><strong>(Anc.</strong></span> <span class='ocrx_word' id='word_1_743' title='bbox 1672 5535 1824 5602; x_wconf 62' lang='lat' dir='ltr'><strong>Man,</strong></span> <span class='ocrx_word' id='word_1_744' title='bbox 1858 5539 1955 5593; x_wconf 87' lang='lat' dir='ltr'><strong>loc.</strong></span> <span class='ocrx_word' id='word_1_745' title='bbox 1995 5541 2086 5594; x_wconf 84' lang='lat' dir='ltr'><strong>cit.</strong></span> <span class='ocrx_word' id='word_1_746' title='bbox 2127 5556 2179 5608; x_wconf 91' lang='lat' dir='ltr'><strong>p.</strong></span> <span class='ocrx_word' id='word_1_747' title='bbox 2214 5541 2327 5611; x_wconf 72' lang='grc'>43.)</span> 
     </span>
    </p>
   </div>
   <div class='ocr_carea' id='block_1_110' title="bbox 355 5628 1852 5701">
    <p class='ocr_par' dir='ltr' id='par_1_110' title="bbox 355 5628 1852 5701">
     <span class='ocr_line' id='line_1_110' title="bbox 355 5628 1852 5701; baseline -0.001 -18"><span class='ocrx_word' id='word_1_748' title='bbox 355 5638 427 5684; x_wconf 88' lang='grc' dir='ltr'><strong>α’.</strong></span> <span class='ocrx_word' id='word_1_749' title='bbox 459 5629 657 5700; x_wconf 54' lang='lat' dir='ltr'><strong>tenvi)</strong></span> <span class='ocrx_word' id='word_1_750' title='bbox 709 5629 804 5683; x_wconf 77' lang='grc' dir='ltr'>καὶ</span> <span class='ocrx_word' id='word_1_751' title='bbox 853 5628 1181 5701; x_wconf 78' lang='grc' dir='ltr'>Θεοχαρὴςὴ</span> <span class='ocrx_word' id='word_1_752' title='bbox 1253 5629 1649 5700; x_wconf 85' lang='grc' dir='ltr'>συναγείρουσα</span> <span class='ocrx_word' id='word_1_753' title='bbox 1706 5631 1852 5700; x_wconf 77' lang='grc' dir='ltr'>ἡμᾶς</span> 
     </span>
    </p>
   </div>
   <div class='ocr_carea' id='block_1_111' title="bbox 356 5745 745 5814">
    <p class='ocr_par' dir='ltr' id='par_1_111' title="bbox 356 5745 745 5814">
     <span class='ocr_line' id='line_1_111' title="bbox 356 5745 745 5814; baseline 0.003 -15"><span class='ocrx_word' id='word_1_754' title='bbox 356 5749 404 5780; x_wconf 66' lang='grc' dir='ltr'><strong>δ’</strong></span> <span class='ocrx_word' id='word_1_755' title='bbox 443 5747 544 5801; x_wconf 81' lang='lat' dir='ltr'><strong>Isa.</strong></span> <span class='ocrx_word' id='word_1_756' title='bbox 581 5761 659 5814; x_wconf 78' lang='lat' dir='ltr'><strong>Ix,</strong></span> <span class='ocrx_word' id='word_1_757' title='bbox 693 5745 745 5801; x_wconf 89' lang='lat'>6.</span> 
     </span>
    </p>
   </div>
   <div class='ocr_carea' id='block_1_112' title="bbox 2035 5633 3518 5708">
    <p class='ocr_par' dir='ltr' id='par_1_112' title="bbox 2035 5633 3518 5708">
     <span class='ocr_line' id='line_1_112' title="bbox 2035 5633 3518 5708; baseline 0.003 -23"><span class='ocrx_word' id='word_1_758' title='bbox 2035 5634 2084 5686; x_wconf 88' lang='lat' dir='ltr'><strong>l.</strong></span> <span class='ocrx_word' id='word_1_759' title='bbox 2132 5634 2420 5704; x_wconf 83' lang='lat' dir='ltr'><strong>Splendida</strong></span> <span class='ocrx_word' id='word_1_760' title='bbox 2456 5647 2508 5691; x_wconf 90' lang='lat' dir='ltr'><strong>ct</strong></span> <span class='ocrx_word' id='word_1_761' title='bbox 2563 5638 2649 5692; x_wconf 82' lang='lat' dir='ltr'><strong>Dei</strong></span> <span class='ocrx_word' id='word_1_762' title='bbox 2704 5638 2901 5708; x_wconf 82' lang='lat' dir='ltr'><strong>gaudio</strong></span> <span class='ocrx_word' id='word_1_763' title='bbox 2938 5637 3091 5707; x_wconf 76' lang='lat' dir='ltr'><strong>plena</strong></span> <span class='ocrx_word' id='word_1_764' title='bbox 3122 5637 3232 5691; x_wconf 69' lang='lat' dir='ltr'><strong>lucc</strong></span> <span class='ocrx_word' id='word_1_765' title='bbox 3268 5645 3351 5691; x_wconf 87' lang='lat' dir='ltr'><strong>cst</strong></span> <span class='ocrx_word' id='word_1_766' title='bbox 3380 5633 3518 5689; x_wconf 74' lang='lat' dir='ltr'><strong>celo-</strong></span> 
     </span>
    </p>
   </div>
   <div class='ocr_carea' id='block_1_113' title="bbox 365 5865 2564 5941">
    <p class='ocr_par' dir='ltr' id='par_1_113' title="bbox 365 5865 2564 5941">
     <span class='ocr_line' id='line_1_113' title="bbox 365 5865 2564 5941; baseline 0 -19"><span class='ocrx_word' id='word_1_767' title='bbox 365 5867 476 5939; x_wconf 78' lang='lat'><strong>(17)</strong></span> <span class='ocrx_word' id='word_1_768' title='bbox 513 5865 586 5922; x_wconf 89' lang='lat' dir='ltr'><strong>De</strong></span> <span class='ocrx_word' id='word_1_769' title='bbox 648 5867 751 5924; x_wconf 83' lang='lat' dir='ltr'><strong>hoc</strong></span> <span class='ocrx_word' id='word_1_770' title='bbox 819 5869 1135 5925; x_wconf 86' lang='lat' dir='ltr'><strong>monasterii</strong></span> <span class='ocrx_word' id='word_1_771' title='bbox 1188 5869 1365 5938; x_wconf 78' lang='lat' dir='ltr'><strong>Patre,</strong></span> <span class='ocrx_word' id='word_1_772' title='bbox 1431 5871 1514 5927; x_wconf 84' lang='lat' dir='ltr'><strong>vel</strong></span> <span class='ocrx_word' id='word_1_773' title='bbox 1573 5871 1824 5941; x_wconf 79' lang='lat' dir='ltr'><strong>episc0pe</strong></span> <span class='ocrx_word' id='word_1_774' title='bbox 1895 5873 2054 5928; x_wconf 84' lang='lat' dir='ltr'><strong>etiam</strong></span> <span class='ocrx_word' id='word_1_775' title='bbox 2092 5872 2242 5928; x_wconf 86' lang='lat' dir='ltr'><strong>initio</strong></span> <span class='ocrx_word' id='word_1_776' title='bbox 2282 5871 2564 5926; x_wconf 87' lang='lat' dir='ltr'><strong>orationis.</strong></span> 
     </span>
    </p>
   </div>
  </div>
