4170 6550
264 476 369 540 757

806 475 1082 537 ORATIO
1118 475 1282 537 VIII.
1314 505 1382 516 —
1423 478 1504 541 IN
1554 470 2182 544 DECOLLATIONEM
2211 469 2274 531 S.
2312 467 2630 531 JOANNlS
2679 467 2885 529 BAPT.

3371 465 3479 532 758

264 588 532 659 φητικῶς,
563 588 856 662 ψαλτήριον
888 593 1116 661 τερπνὸν
1164 592 1303 661 μετὰ
1345 593 1574 665 κιθάρας
1598 610 1612 624 ⁸
1663 597 1829 666 ᾄσατε

1935 585 2063 642 dum
2111 597 2237 638 cum
2269 582 2498 644 cithara,
2528 588 2741 636 cantate
2771 587 2824 634 et
2865 578 3077 648 psallite
3139 576 3236 644 illi,
3275 591 3495 636 narrate

263 680 414 750 αὑτῷ
453 683 548 735 καὶ
578 680 783 751 ψάλατε
817 681 986 752 αὐτῷ’
1020 682 1355 754 διηγήσασθε
1401 685 1579 739 πάντα
1603 685 1672 738 τά
1696 685 1828 738 θαυ-

266 774 436 841 μάσια
455 773 641 828 αὑτοῦ.

336 871 385 920 ι’.
412 860 538 930 'Ap‘
572 858 686 928 οῦν,
725 862 968 932 Ἰωάννη,
1025 864 1399 934 ὑπερανέστης
1453 867 1524 920 τὰ
1573 867 1827 934 έπίγεια;

262 954 579 1026 προέκυψας
610 956 690 1017 είς
712 955 783 1008 τὰ
811 954 1039 1026 οὐράνια
1072 971 1086 1020 ;
1121 955 1608 1025 ὑπερανασέόηκας
1655 958 1829 1025 ἀγγε-

263 1044 422 1105 λικὰς
455 1047 552 1099 καὶ
584 1046 1004 1116 πρωτουργικὰς
1039 1047 1470 1116 διακοσμήσεις;
1502 1047 1619 1111 πῶς
1648 1045 1739 1101 οὖν
1764 1065 1828 1116 γε

262 1129 449 1206 ὧνπερ
492 1136 593 1207 τὴν
642 1137 806 1206 φύσιν
836 1138 937 1190 οὐκ
982 1136 1271 1200 έπελάδου,
1308 1136 1514 1190 τούτων
1546 1138 1644 1209 τὴν
1674 1138 1830 1204 τάξιν

261 1228 359 1281 καὶ
386 1227 542 1292 ἀξίαν
567 1227 945 1298 ἁπεκληρώσω
970 1243 985 1292 ;
1018 1227 1075 1280 τὸ
1102 1227 1287 1289 αὐτοῖς
1317 1227 1375 1293 ὲξ
1405 1227 1598 1291 αἰῶνος
1637 1228 1830 1299 ἄδηλον

262 1319 356 1373 καὶ
397 1320 700 1386 ἀδίδακτον,
734 1319 896 1382 εὐθὺς
952 1318 1028 1382 ὡς
1074 1318 1212 1389 μετὰ
1255 1318 1388 1372 Θεὸν
1464 1321 1831 1391 διαπορθμεῦ-

262 1427 362 1474 σας
455 1410 551 1465 καὶ
635 1409 944 1479 διαγγείλας
1026 1411 1159 1481 ἡμῖν
1221 1408 1398 1464 ταῦτα
1452 1409 1531 1462 ἐτι
1607 1411 1829 1481 μαιευό-

264 1518 463 1571 μενος;
510 1501 624 1554 Οὐκ
652 1500 1021 1572 ἀεροπόνησα,
1057 1502 1242 1571 φησὶν,
1276 1503 1376 1554 οὐκ
1403 1502 1831 1572 ὲνεφελοδρόμη-

261 1609 350 1656 σα,
378 1592 478 1663 οὐχ
513 1592 918 1664 ὑπερουράνισα
937 1635 952 1659 ,
985 1594 1084 1663 οὐχ
1107 1593 1528 1665 ὑπερανέστηκα
1564 1593 1671 1647 τῶν
1699 1594 1827 1662 φλοο

259 1683 438 1754 γερῶν
457 1685 553 1738 καὶ
586 1686 898 1755 ἀσωμάτων
921 1686 1206 1754 δυνάμεων
1232 1702 1246 1717 ·
1286 1687 1362 1758 μὴ
1400 1687 1559 1740 τοῦτο
1586 1687 1832 1740 ὑπονοεί-

263 1775 398 1844 σθω,
432 1775 546 1831 ἀλλ’
572 1778 601 1831 6
627 1776 816 1831 ἐπάνω
850 1777 1067 1831 πάντων
1112 1776 1208 1840 ὢν,
1247 1777 1342 1831 καὶ
1401 1778 1578 1847 μένων
1628 1778 1687 1831 ἐν
1719 1780 1832 1842 τοῖς

261 1865 534 1937 πατρῴοις
568 1866 786 1929 κόλποις
816 1867 912 1920 σὺν
951 1866 1092 1937 ἁγίῳ
1140 1867 1442 1937 Πνεύματι,
1474 1867 1651 1920 λαθὼν
1683 1868 1833 1922 ἀδια-

1934 675 2121 729 oinnia
2146 672 2416 727 mirabilia
2447 672 2587 741 ejus.

2001 868 2088 922 l0.
2123 864 2261 922 Num
2295 881 2446 935 ergo,
2487 880 2519 920 0
2551 864 2815 929 Joannes,
2846 878 3011 932 supra
3050 872 3265 919 terrena
3307 879 3496 920 exces-

1931 959 2091 1016 sisti?
2123 959 2369 1014 cmleStia
2404 956 2729 1026 inspexisti?
2759 954 2899 1010 ultra
2928 954 3206 1024 angelicas
3229 964 3282 1009 et
3308 956 3496 1025 primi-

1931 1053 2115 1122 genias
2161 1059 2442 1106 creaturas
2487 1047 2815 1104 ascendisti?
2847 1045 3129 1112 Quomodo
3162 1047 3329 1115 igitur
3354 1063 3494 1118 quo-

1933 1157 2051 1196 rum
2093 1152 2348 1195 naturam
2385 1154 2495 1194 non
2525 1153 2586 1194 es
2619 1137 2871 1204 sortitus,
2917 1137 3110 1190 horum
3151 1137 3397 1192 ordinem
3431 1155 3499 1195 ac

1931 1231 2249 1303 dignitatem
2275 1229 2573 1299 recepisti?
2612 1230 2682 1283 ita
2715 1239 2774 1282 ut
2798 1228 2940 1297 quod
2971 1243 3002 1282 a
3035 1227 3232 1282 ειεειιιο
3248 1229 3496 1300 ignotum

1930 1332 2048 1378 erat
2088 1332 2144 1376 et
2179 1337 2284 1375 non
2329 1321 2610 1384 traditum,
2642 1319 2825 1374 statim
2863 1319 3018 1389 quasi
3056 1328 3250 1388 praeter
3283 1318 3378 1374 Dei
3412 1321 3497 1374 in-

1931 1414 2183 1470 stitutum
2225 1413 2333 1466 huc
2361 1411 2632 1474 attuleris,
2664 1410 2935 1480 nobisque
2965 1412 3326 1478 nuntiaveris,
3372 1428 3498 1468 cum

1931 1512 1987 1558 tu
2031 1505 2208 1559 adhuc
2244 1502 2564 1558 obstetricio
2609 1517 2774 1570 opere
2832 1502 3099 1572 indigeas.
3161 1503 3280 1557 Non
3315 1518 3498 1559 aerem

1931 1598 2108 1663 inquit
2137 1599 2401 1665 verbero,
2444 1613 2552 1651 non
2594 1597 2843 1652 discurro
2897 1596 3108 1662 nubes,
3173 1613 3280 1651 non
3329 1597 3499 1653 caelos

1933 1687 2270 1750 transcendi,
2308 1701 2417 1740 non
2449 1683 2656 1740 excessi
2693 1699 2855 1754 supra
2891 1683 3079 1752 igneas
3126 1683 3500 1752 incorporeas-

1933 1791 2040 1845 que
2074 1777 2325 1830 virtutes.
2373 1774 2543 1830 Nemo
2572 1773 2624 1828 id
2657 1771 2965 1842 suspicetur
2998 1789 3012 1825 :
3046 1783 3167 1824 nam
3199 1769 3289 1839 qui
3337 1782 3501 1839 supra

1936 1882 2021 1922 res
2068 1881 2261 1921 omnes
2312 1874 2413 1930 est,
2467 1873 2755 1931 manetque
2811 1862 2867 1916 in
2921 1871 3150 1931 paterno
3205 1862 3328 1916 sinu
3379 1874 3499 1914 cum

263 1957 476 2020 στάτως
506 1957 752 2020 ἅπαντας
782 1958 910 2021 τοὺς
944 1957 1206 2027 πυρίνους
1243 1958 1592 2028 λειτουργοὺς
1639 1959 1829 2021 αὑτοῦ,

1937 1967 2131 2013 sancto
2160 1956 2390 2026 Spiritu,
2420 1955 2565 2014 .clam
2604 1968 2832 2024 prorsus
2874 1951 3128 2008 clunibus
3177 1951 3350 2022 igneis
3396 1951 3502 2004 mi-

259 2048 339 2113 ὡς
370 2048 457 2102 ἐπ’
493 2048 652 2104 ἄλλον
676 2049 902 2119 οὐρανὸν
925 2047 1289 2118 εἰσεληλυθώς
1322 2049 1380 2100 έν
1407 2052 1472 2120 τῇ
1506 2049 1703 2120 γαστρὶ
1738 2051 1835 2121 τῆς

260 2141 619 2213 άειπαρθένου
634 2141 873 2213 Μαρίας,
890 2139 1216 2210 ὲνεφάνησεν
1235 2139 1423 2192 ἑαυτὸν
1445 2140 1538 2192 καὶ
1554 2157 1620 2208 με
1629 2157 1834 2210 μυστα-

261 2233 482 2303 γώγηκέ
510 2250 600 2303 μοι
635 2233 701 2286 τὰ
725 2229 1046 2301 τηλικαῦτω
1067 2226 1410 2300 μηνυτὴςοῦν
1447 2231 1563 2300 εἰμὶ
1587 2229 1679 2283 τοῦ
1705 2230 1832 2300 βρέ-

261 2337 415 2388 φους,
444 2323 546 2387 ὅτι,
585 2320 829 2374 Παιδίον
864 2315 1143 2386 γεννᾶται
1178 2318 1342 2387 ἡμῖν,
1371 2319 1503 2386 υίὸς
1550 2320 1646 2375 καί
1693 2319 1835 2388 ὑμῖν

258 2413 439 2483 ἐδόθη
463 2414 605 2468 κατὰ
632 2414 723 2468 τὸν
750 2415 922 2482 μέγαν
962 2412 1209 2478 Ἡσαΐαν,
1243 2415 1271 2467 6
1299 2414 1408 2483 πρὸ
1433 2415 1644 2469 αίώνων
1671 2415 1828 2478 Θεός’

265 2505 597 2577 στειροφυὴς
631 2506 786 2574 γόνος
822 2505 1098 2575 τυγχάνω,
1131 2506 1212 2559 ὅτι
1249 2505 1578 2576 παρθενικὸς
1615 2508 1643 2559 6
1674 2507 1834 2570 τόκος

261 2595 674 2667 προελεύσεται.
706 2595 771 2648 Ὠ
825 2598 924 2666 τῆς
956 2596 1271 2666 ὑπερφυοῦς
1317 2597 1718 2668 μεγαλουργίας
1746 2614 1760 2628 ·
1788 2597 1833 2650 ὣ

259 2689 362 2757 τῆς
390 2687 696 2759 παραδόξου
731 2688 1130 2760 τερατουργίας
1164 2705 1177 2719 ·
1205 2683 1294 2742 οἶα
1342 2691 1475 2759 ἡμῖν
1504 2690 1564 2741 τὸ
1615 2691 1833 2744 ἅτικτον

263 2775 465 2847 βρέφος
520 2777 935 2846 εὐαγγελίζεται
989 2781 1276 2851 σήμερον;
1341 2780 1546 2849 πηλίκα
1607 2784 1739 2852 ἡμῖν
1803 2783 1832 2835 ὁ

275 2868 554 2925 Ἐλισάσετ
581 2869 742 2932 τόκος
776 2869 1044 2939 Θεολογών
1077 2873 1508 2942 προμεμήνυκε;
1551 2873 1832 2943 σκιρτάτω

265 2961 491 3031 ὑφήλιος
513 2959 699 3014 ἅπασα
720 2998 736 3025 ,
767 2961 1045 3031 χορευέτω
1087 2964 1136 3034 τί)ι
1164 2962 1459 3032 Ἐκκλησία
1493 2964 1788 3034 προεόρτια
1812 3005 1826 3029 ,

263 3050 578 3122 προεισόδια
603 3051 672 3105 τὰ
700 3052 918 3119 γενέσια
949 3052 1057 3105 τῶν
1088 3053 1323 3122 Χριστοῦ
1355 3052 1648 3120 γενεθλίων
1691 3069 1831 3106 παν-

261 3142 621 3215 ηγυρίζουσα,
639 3144 735 3197 καὶ
763 3146 936 3214 χαρᾶς
969 3143 1299 3213 πληρούσΘω
1327 3143 1394 3197 τὰ
1421 3144 1714 3214 σύμπαντα
1739 3144 1830 3198 τὸν

1938 2048 2127 2101 nistris
2154 2047 2290 2114 suis,
2316 2047 2475 2117 quasi
2499 2046 2552 2100 in
2582 2043 2729 2098 aliud
2758 2044 2955 2099 coelum
2981 2054 3197 2098 uterum
3226 2044 3506 2112 ingressus

1937 2153 2151 2209 semper
2175 2137 2422 2208 Virginis
2449 2138 2652 2201 Mariae,
2681 2136 3050 2192 manifestavit
3080 2151 3139 2189 se
3169 2134 3324 2198 mihi,
3343 2142 3506 2203 atque

1938 2233 2052 2284 haec
2089 2230 2215 2284 talia
2274 2239 2532 2300 tantaque
2585 2228 2823 2285 edocuit.
2883 2227 3023 2298 Ergo
3061 2226 3291 2282 infantis
3340 2227 3504 2281 index

1936 2338 2084 2385 sum,
2136 2337 2334 2391 nempe
2373 2322 2516 2390 quod
2566 2321 2710 2374 Puer
2745 2321 2983 2373 nascitur
3030 2319 3211 2383 nobis,
3264 2326 3312 2372 et
3360 2318 3504 2387 ﬁlius

1934 2411 2093 2464 datus
2138 2420 2214 2464 est
2251 2410 2418 2474 nobis,
2456 2421 2616 2479 prout
2657 2425 2887 2480 magnus
2933 2409 3106 2465 Isaias
3140 2410 3306 2475 ait",
3361 2407 3506 2464 Deus

1935 2509 2061 2554 ante
2091 2501 2315 2557 saecula.
2352 2501 2530 2555 Natus
2561 2501 2626 2556 de
2666 2501 2839 2556 sterili
2875 2516 3021 2579 sum,
3055 2502 3181 2570 quia
3223 2515 3351 2555 mox
3391 2500 3505 2556 vir-

1934 2593 2124 2662 gineus
2155 2607 2374 2663 quoque
2405 2602 2597 2663 partus
2625 2593 2886 2664 prodibit.
2915 2592 2959 2646 Ο
2989 2607 3126 2661 opus
3156 2591 3505 2662 magnificum

1932 2692 1987 2738 et
2042 2685 2490 2754 supernaturalel
2554 2700 2587 2739 o
2640 2685 3072 2752 inexspectatum
3135 2682 3502 2737 miraculum!

1933 2774 2126 2842 Qualia
2158 2777 2318 2833 nobis
2375 2776 2557 2833 infans
2608 2776 2846 2831 nondum
2895 2785 3057 2831 natus
3095 2776 3255 2830 hodie
3290 2790 3506 2830 annun-

1933 2868 2069 2923 tiat!
2104 2878 2342 2946 quantas
2376 2869 2534 2925 nobis
2567 2878 2755 2938 partus
2793 2867 3123 2923 Elisabethte
3171 2883 3260 2922 res
3291 2867 3506 2922 divinas

1933 2961 2214 3029 praedicit!
2260 2963 2513 3018 Exsultet
2556 2970 2696 3016 terra
2739 2962 3030 3025 universa,
3078 2959 3363 3031 pervigilio
3403 2960 3507 3014 hoc

1933 3053 2181 3108 Ecclesia
2210 3055 2368 3124 quasi
2397 3054 2613 3109 choreis
2640 3054 2883 3122 plaudat,
2924 3053 3272 3107 festivitatem
3298 3051 3508 3108 scilicet

1933 3143 2136 3199 Christi
2178 3145 2456 3203 natalibus
2488 3147 2747 3215 prmviam
2792 3145 3022 3200 solemni
3060 3145 3326 3218 concione
3365 3143 3508 3199 cele-

260 3234 510 3308 μηνυτὴν
551 3233 819 3307 δεξάμενα
867 3236 965 3307 τῆς
1010 3235 1106 3289 τοῦ
1159 3237 1550 3307 παμὸασιλέως
1605 3238 1828 3291 ἐπελεύ-

1932 3231 2102 3291 brans
2138 3256 2150 3290 :
2188 3239 2373 3293 omnia
2417 3253 2643 3308 prorsus
2672 3238 2867 3306 gaudio
2900 3238 3171 3302 dimuant,
3199 3238 3328 3292 dum
3362 3236 3508 3292 indi-

261 3344 418 3390 σεως.

337 3424 426 3473 ια’.
489 3416 652 3488 Ἀλλ’,
687 3413 733 3475 ὧ
769 3419 1005 3491 μακάριε
1053 3420 1294 3491 Ἰωάννη,
1329 3422 1356 3474 6
1399 3420 1508 3474 τῶν
1556 3421 1830 3490 μεγίστων

265 3510 492 3582 μέγιστε
547 3514 858 3585 προφήτης,
887 3516 915 3567 6
966 3511 1277 3584 πρώτιστος
1327 3515 1386 3566 έν
1410 3513 1730 3578 ἀποστόλοις
1757 3530 1772 3544 °
1801 3515 1832 3568 6

257 3604 368 3658 τῶν
425 3605 720 3678 μαρτύρων
765 3605 1099 3676 ἐξοχώτατος
1155 3607 1579 3678 μεγαλόμαρτυς
1607 3648 1622 3672 ,
1657 3607 1686 3660 6
1729 3606 1830 3677 τῆς

259 3697 471 3767 ὶρήμου
538 3697 904 3768 θεοκόσμητος
949 3696 1254 3767 πολιοῦχος,
1290 3700 1318 3752 6
1345 3699 1440 3752 τοῦ
1489 3699 1829 3765 ὡραιοτάτου

259 3786 500 3856 νυμφίου
528 3786 682 3856 φίλος
715 3786 1096 3856 ὴγαπημένος,
1125 3787 1154 3838 6
1198 3785 1295 3840 τοῦ
1328 3787 1609 3856 ἀφράστου
1651 3788 1830 3857 φωτὸς

257 3879 454 3950 λῦχνος
508 3876 926 3950 ⁴ίιτοιμασι.ι.ένος,
958 3878 988 3930 6
1013 3876 1107 3930 τοῦ
1138 3878 1370 3948 ἀμώμου
1424 3879 1623 3950 ’Δμνοῦ
1653 3879 1831 3952 κῆρυξ

260 3970 718 4040 πεπιστευμένος,
748 3969 778 4022 6
804 3969 905 4040 τῆς
937 3969 1206 4041 πατρικῆς
1233 3971 1417 4040 φωνῆς
1469 3971 1690 4042 ἄριστος
1728 3974 1829 4025 έπ-

258 4063 583 4135 ακροάμων,
625 4063 655 4116 6
704 4061 1006 4133 βαπτιστὴς
1049 4061 1288 4131 Χριστοῦ
1333 4062 1769 4132 κεκηρυγμένος,
1801 4065 1830 4117 6

273 4153 522 4228 *Ηρώδου
574 4153 861 4222 ἀσελγείας
909 4154 1127 4222 ἐλεγχος
1181 4154 1762 4224 πεπαρῤησιασμένος,
1801 4157 1829 4207 6

258 4249 373 4310 τοῖς
399 4250 460 4301 ὲν
502 4245 631 4318 ᾂδου
661 4245 759 4316 τὴν
789 4246 935 4317 ζωὴν
958 4245 1356 4316 προμηνύσας,
1392 4247 1425 4317 ἡ
1458 4246 1828 4316 Θεοσήμαντος

261 4339 498 4408 σάλπιγξ
523 4339 622 4407 τῆς
654 4337 998 4408 οἰκουμένης.
1030 4338 1232 4408 ἧχησον
1257 4337 1352 4391 καὶ
1381 4337 1476 4390 νῦν
1507 4339 1637 4410 ἡμῖν
1665 4338 1825 4408 οὐρα⁴

257 4430 434 4497 νόθεν,
462 4430 581 4493 ταῖς
607 4431 926 4501 ίερωτάταις
950 4429 1269 4499 πρεσϐείαις
1287 4469 1301 4490 ,
1338 4430 1430 4483 καὶ
1454 4429 1687 4502 εὐμενὴς
1738 4430 1831 4484 ἔσο

257 4523 337 4593 τῷ
388 4522 642 4594 ὲπᾴδοντί
693 4539 776 4575 σοι
822 4520 940 4592 λαῷ
973 4524 1041 4592 τῇ
1075 4538 1134 4574 τε
1164 4521 1427 4590 ἐλαχίστῃ
1458 4538 1554 4574 σου
1597 4521 1824 4594 ποίμνῃ,

1934 3342 2051 3382 cem
2095 3327 2380 3398 excipiunt
2423 3329 2693 3383 adventus
2735 3330 2879 3400 regis
2916 3329 3265 3385 universalis.

2005 3421 2090 3476 ll.
2130 3419 2309 3489 Sed,o
2330 3422 2489 3478 beate
2517 3422 2777 3487 Joannes,
2808 3423 2902 3494 qui
2927 3423 3295 3479 maximorum
3329 3421 3507 3477 maxi-

1934 3529 2057 3568 mus
2088 3517 2356 3585 propheta
2399 3530 2494 3581 es,
2537 3515 2744 3585 primus
2779 3516 2921 3570 inter
2960 3515 3254 3585 apostolos,
3302 3522 3509 3586 marty-

1933 3619 2054 3657 rum
2086 3620 2337 3660 summus
2372 3621 2715 3676 magnusque
2745 3614 2972 3677 martyr,
3012 3606 3211 3660 deserti
3244 3605 3508 3660 divinitus

1931 3705 2230 3752 exornatus
2276 3706 2561 3767 patronus,
2612 3698 3000 3754 formosissimi
3048 3697 3238 3766 sponsi
3275 3697 3510 3756 dilectus

1931 3786 2162 3851 amicus,
2182 3787 2472 3843 iueﬂ‘ahilis
2503 3789 2640 3844 lucis
2671 3789 2942 3844 instructa
2963 3789 3206 3854 lucerna,
3237 3789 3507 3843 immacu-

1931 3878 2026 3932 lati
2055 3878 2192 3949 Agni
2222 3895 2401 3949 praaco
2429 3880 2624 3944 fidelis,
2657 3890 2896 3950 paterna:
2932 3882 3087 3937 vocis
3131 3883 3381 3951 egregius
3409 3896 3508 3936 au-

1931 3968 2221 4036 scultator,
2287 3971 2490 4027 Christi
2543 3972 2847 4043 baptizator
2901 3974 3128 4039 electus,
3185 3972 3508 4028 Herodiana

1933 4061 2173 4117 libidinis
2213 4078 2339 4118 cum
2369 4064 2567 4119 fiducia
2603 4069 2984 4136 reprehensor,
3013 4068 3134 4120 vitae
3162 4067 3389 4121 nuntius
3421 4063 3508 4119 his

1931 4154 2022 4220 qui
2057 4152 2111 4206 in
2143 4152 2332 4207 inferis
2352 4163 2529 4221 erant,
2558 4157 2713 4209 turba
2737 4157 2941 4210 mundo
2967 4156 3138 4210 Deum
3167 4156 3503 4227 signiﬁcans,

1930 4258 2079 4298 nunc
2109 4258 2328 4314 quoque
2365 4245 2523 4300 nobis
2556 4247 2774 4303 ccelitus
2820 4263 3044 4305 resones
3077 4263 3171 4319 per
3201 4247 3508 4304 sacratissi-

1931 4351 2048 4391 mas
2087 4336 2543 4407 intercessiones;
2586 4341 2858 4410 propitius
2891 4352 3008 4397 esto
3037 4341 3279 4397 laudanti
3320 4353 3371 4397 te
3409 4356 3507 4414 po-

1931 4427 2080 4496 pulo,
2133 4437 2187 4482 et
2236 4431 2434 4498 pusillo
2481 4433 2628 4501 gregi
2689 4444 2811 4496 tuo,
2861 4450 2985 4489 cum
3022 4435 3319 4489 excellente
3346 4433 3507 4489 Patre

1933 4531 2054 4571 meo
2091 4533 2105 4570 :
2138 4518 2244 4572 mei
2280 4535 2496 4589 quoque
2538 4522 2851 4591 pauperculi
2892 4522 3089 4577 audaci
3133 4523 3290 4580 ausui
3321 4522 3505 4576 indul-

260 4617 359 4669 σὺν
387 4613 466 4686 τῷ
494 4614 803 4683 διαφέροντί
843 4629 932 4683 μοι
970 4612 1146 4683 Πατρί
1184 4612 1297 4683 (17)
1334 4612 1737 4683 συγγνωμονῶν
1768 4630 1826 4665 τε

1933 4624 2064 4679 gens
2092 4627 2105 4663 :
2132 4625 2232 4666 nec
2262 4612 2423 4665 veluti
2447 4613 2690 4667 oblatum
2719 4629 2946 4680 munus,
2963 4617 3055 4670 sed
3081 4616 3236 4684 quasi
3263 4614 3503 4669 debitum

257 4704 326 4762 αὖ
346 4707 446 4776 τῆς
457 4706 626 4776 τολμη
634 4706 733 4776 ρᾶς
757 4721 860 4774 μου
880 4703 974 4756 τοῦ
997 4703 1212 4774 πτωχοῦ
1229 4705 1618 4774 ἐγχειρήσεως,
1637 4703 1733 4774 οὐχ
1754 4704 1829 4768 ὡς

256 4797 620 4870 δωροφορίαν,
658 4796 773 4850 ἀλλ’
798 4795 872 4860 ὼς
905 4794 1056 4865 παρὰ
1089 4794 1279 4850 δούλου
1328 4796 1552 4866 ἀχρείου
1591 4795 1828 4867 ώφειλήν

257 4907 340 4945 σοι
372 4892 471 4945 σὺν
500 4889 654 4960 φόρῳ
689 4905 750 4942 τε
789 4888 881 4942 καὶ
901 4886 1049 4958 πόθῳ
1078 4887 1496 4960 προσαγομένην
1521 4905 1534 4918 ο
1562 4881 1607 4956 ᾧ
1635 4891 1667 4960 ἡ
1699 4890 1827 4955 δόξα

255 4983 352 5036 καὶ
377 4983 514 5053 τιμὴ
541 4982 637 5034 καὶ
681 4982 715 5052 ἡ
744 4979 1145 5050 προσκύνησις,
1170 4979 1268 5057 σὺν
1315 4977 1393 5046 τῷ
1421 4981 1827 5051 παντοκράτορι

253 5074 437 5144 Πατρὶ⁸
475 5073 572 5126 καὶ
613 5072 864 5141 παναγίῳ
897 5069 1198 5140 Πνεῦματι,
1231 5071 1325 5124 νῦν
1355 5071 1450 5125 καὶ
1479 5073 1592 5134 ἀεὶ,
1628 5074 1722 5126 καὶ
1749 5077 1828 5136 εἰς

251 5166 385 5228 τοὺς
415 5164 618 5223 αἰῶνας
650 5163 758 5217 τῶν
793 5161 1024 5215 αἰώνων.
1068 5162 1262 5230 Ἀμήν.

1004 5254 1085 5307 H'.

268 5345 596 5415 Ἐτκώμιον
626 5347 712 5410 εις
737 5345 853 5411 τὴν
878 5343 1330 5415 ἀποτομὴντῆς
1362 5343 1524 5410 ἱερᾶς
1555 5345 1829 5415 κεφαλῆς

252 5415 367 5472 τοῦ
392 5414 661 5484 μεγάλου
689 5414 1028 5468 Βαπτιστοῦ
1061 5415 1316 5484 Χριστοῦ
1339 5415 1435 5467 καὶ
1457 5414 1760 5484 Προδρόμο
1771 5434 1816 5470 υ.

1926 4701 2066 4755 servi
2121 4703 2331 4758 inutilis
2369 4705 2636 4761 tributum
2704 4707 2799 4760 tibi
2855 4715 3102 4760 amanter
3145 4707 3502 4777 persolutum,

1925 4795 2134 4864 excipe.
2182 4795 2280 4850 Cui
2332 4797 2500 4867 gloria
2547 4806 2602 4851 et
2649 4798 2824 4852 honor
2867 4805 3031 4867 atque
3080 4800 3349 4864 adoratio,
3378 4813 3503 4854 cum

1924 4886 2300 4956 omnipotente
2334 4887 2495 4943 Patre
2535 4896 2592 4942 et
2634 4889 2979 4943 sanctissimo
3011 4887 3239 4958 Spiritu,
3271 4905 3414 4947 nunc
3450 4901 3505 4944 et

1927 4991 2143 5048 semper
2174 4987 2230 5034 et
2258 4994 2353 5048 per
2382 4978 2581 5034 saecula
2615 4980 2960 5036 saeculorum.
2992 4978 3182 5032 Amen.

2656 5262 2785 5316 VIII.

1937 5348 2197 5405 Laudatio
2228 5355 2277 5406 in
2301 5355 2669 5426 abacis_sionem
2689 5356 2827 5426 sacri
2845 5356 3029 5426 capitis
3059 5352 3504 5426 magniBaptista:

2319 5438 2322 5442 '
2377 5433 2426 5476 et
2449 5423 2799 5479 Prwcursoris
2831 5423 3048 5479 Christi.

1446 5558 1599 5626 (Asc.
1649 5558 1800 5625 Man,
1834 5563 1931 5616 loc.
1971 5564 2062 5618 cit.
2103 5579 2156 5632 p.
2190 5564 2303 5634 43.)

327 5661 402 5708 α’.
435 5652 634 5723 οαεινὴ
685 5652 781 5706 καὶ
829 5652 1095 5723 θεοχαρὴς
1125 5653 1159 5722 ἡ
1229 5653 1626 5723 συναγείρουσα
1683 5654 1828 5723 ἡμᾶς

327 5772 377 5803 ⁸⁸
418 5769 520 5824 lsa.
557 5784 634 5836 ix,
669 5767 722 5824 6.

2011 5658 2061 5710 1.
2108 5657 2394 5727 Splendida
2431 5669 2484 5714 ct
2538 5661 2625 5715 Dei
2680 5661 2877 5731 gaudio
2915 5661 3067 5731 plena
3098 5660 3208 5715 haec
3244 5667 3327 5714 cst
3356 5657 3494 5713 cclc-

335 5891 452 5961 (ιτ)
488 5889 561 5946 De
625 5890 728 5947 hoc
796 5891 1111 5949 monasterii
1165 5891 1342 5961 Patre,
1408 5894 1491 5950 vel
1549 5895 1800 5964 episcopo
1871 5896 2030 5952 etiam
2068 5895 2218 5951 initio
2258 5894 2538 5949 orationis.
