4170 6506
691 391 796 453 759
1851 404 1912 460 S.
1969 404 2358 463 THEODORI
2421 405 2762 463 STUDITAE
3819 399 3930 464 760

691 500 881 568 britas,
916 517 1036 570 qua:
1069 517 1169 558 uos
1195 504 1260 558 ad
1293 505 1394 560 huc
1432 507 1676 576 spiritale
1720 508 1913 565 festum
1945 514 2102 567 hodie
2130 530 2259 567 con-
2290 525 2330 576 Α

2290 525 2330 576 Α
2366 514 2501 582 πρὸς
2532 515 2836 582 ἐορτασμὸν
2868 515 3236 583 πνευματικὸν
3264 517 3567 586 πανήγυρις
3594 514 3850 583 σήμερον,
3878 503 3927 563 ὦ

692 599 897 660 gregat,
926 606 958 644 0
997 592 1687 665 philocltristi.Splendida,
1726 600 1968 670 inquam,
1987 604 2056 655 ob
2083 603 2256 670 ipsum

2363 605 2702 674 φιλόχριστοι
2735 623 2748 635 ·
2776 607 2969 674 φαεινὴ
2996 607 3052 658 δέ
3084 608 3177 660 καὶ
3207 605 3266 672 ἐξ
3291 608 3458 675 αὐτῆς
3493 605 3807 673 ἐπωνυμίας
3828 599 3925 653 τοῦ

693 684 977 738 memorati
1004 699 1218 748 uomeu,
1241 687 1334 756 qui
1364 689 1586 743 lucerna
1622 691 1806 745 lucens
1846 703 1898 744 et
1927 704 2009 746 est
2045 704 2096 746 et
2126 694 2258 747 dici-

2365 697 2862 764 μνημονευομένου,
2894 697 2974 748 ὅτι
3001 697 3186 766 λύχνος
3219 699 3394 765 φωτός
3426 698 3541 750 ἐστί
3569 713 3631 762 γε
3656 696 3748 748 καὶ
3768 695 3926 761 λέγε-

695 784 805 839 tur,
833 782 884 828 et
904 775 1030 844 jure
1065 779 1366 848 meritoque
1391 780 1468 834 sic
1491 780 1901 848 donominatur;
1939 798 2044 837 non
2077 793 2256 837 autem

2361 801 2471 846 ται,
2504 785 2728 845 είκότως
2759 786 3292 855 προσαγορευομένη·
3320 786 3380 837 οὑ
3410 785 3473 855 δή
3509 801 3606 837 που
3632 783 3696 835 τὸ
3717 782 3928 844 ὑλικαῖς

691 866 816 934 quia
855 867 1226 924 materialibus
1269 869 1460 928 faculis
1505 889 1795 943 corporeos
1821 877 2010 931 oculos
2042 886 2260 930 nostros

2366 878 2762 945 μαρμαρυγαῖς
2814 875 3209 946 περιαυγάζειν
3257 875 3354 939 τὰς
3408 876 3722 945 σωματικάς
3767 871 3928 943 ήμῶν

694 955 951 1011 illustrat.
989 957 1119 1012 Nam
1166 960 1375 1015 illarum
1429 965 1644 1031 quidem
1699 983 1804 1020 uon
1843 978 1928 1022 est
1972 979 2260 1038 perpetuus

2361 965 2510 1034 ὄψεις
2539 983 2550 995 ο
2584 967 2667 1037 εἴη
2699 967 2806 1036 γὰρ
2834 967 3040 1024 τούτων
3078 968 3178 1020 οὐκ
3216 966 3482 1036 ἀειφανής
3515 967 3549 1036 ἡ
3588 965 3790 1036 λάμψις
3811 1005 3825 1029 .
3849 962 3930 1032 τῷ

694 1047 970 1114 splendor,
1005 1051 1129 1119 quia
1166 1054 1439 1108 contraria
1468 1071 1680 1125 semper
1707 1058 2044 1127 abrumpitur
2068 1061 2262 1115 obscu-

2363 1059 2780 1127 ἀντιφράσσοντι
2833 1060 3128 1128 σκιάσματι
3177 1059 3434 1112 ἑκάστοτε
3475 1057 3875 1126 διακοπτομένη
3914 1073 3928 1087 ·

694 1137 884 1204 ritate;
922 1140 1014 1193 sed
1069 1143 1182 1196 hate
1238 1145 1601 1217 (solemnitas)
1648 1148 1844 1202 divina;
1885 1152 2068 1219 gratia:
2097 1150 2263 1205 radiis

2364 1149 2498 1204 ἀλλὰ
2523 1152 2580 1202 τὸ
2609 1153 2730 1214 ταῖς
2757 1152 2936 1206 ἀκτῖσι
2972 1155 3070 1221 τῆς
3101 1152 3250 1216 θείας
3285 1153 3507 1222 χάριτος
3533 1150 3932 1221 ἐναστράπτειν

695 1240 1143 1301 congregatorum
1197 1237 1359 1292 corda
1417 1252 1634 1308 semper
1671 1239 1968 1302 illuminat,
2001 1251 2161 1309 atque
2195 1241 2262 1295 ad

2365 1242 2462 1304 τὰς
2503 1241 2726 1311 καρδίας
2762 1243 2870 1294 τῶν
2912 1244 3349 1312 συνεληλυθότων
3389 1243 3496 1306 ἀεὶ,
3528 1242 3624 1296 καὶ
3665 1240 3804 1311 πρὸς
3830 1241 3934 1307 τὴν

691 1319 915 1390 iustitiae
965 1325 1280 1379 exercitium
1333 1339 1543 1384 mentes
1577 1340 1798 1386 nostras
1848 1332 2263 1387 meditabundas

2364 1334 2457 1387 τοῦ
2502 1334 2714 1395 ,δικαίου
2766 1335 2993 1405 ἄθλησιν
3045 1337 3392 1405 ἀναπέμπειν
3444 1335 3543 1397 τὰς
3585 1331 3935 1403 διανοητικάς

694 1409 943 1479 impellit,
973 1424 1030 1467 ut
1056 1414 1264 1470 beatam
1300 1416 1444 1472 illam
1470 1421 1779 1489 passionem
1828 1423 2264 1478 intellectualiter

2366 1425 2521 1496 ήμῶν
2581 1424 2853 1495 θεωρίας,
2917 1427 2983 1479 ἵν’
3049 1427 3232 1479 ἐκεῖνο
3297 1428 3359 1479 τὸ
3423 1426 3691 1496 μακάρων
3763 1422 3938 1485 πάθος

694 1503 1098 1570 quodammodo
1126 1517 1456 1576 spectantes,
1487 1527 1706 1567 causam
1729 1513 1858 1569 hinc
1887 1516 2080 1570 laetitiae
2106 1517 2264 1572 nobis

2367 1518 2569 1587 νοερῶς
2595 1517 2714 1581 πῶς
2743 1518 3022 1588 ὀψόμενοι,
3051 1519 3307 1572 ὑπόθεσιν
3337 1518 3675 1588 εὐφροσύνης
3720 1515 3938 1576 ἑαυτοῖς

695 1593 1112 1648 constituamus.
1168 1594 1417 1654 Profecto
1469 1601 1693 1658 alterius
1740 1604 2030 1674 cujuslibet
2087 1608 2266 1676 gladio

2368 1609 2819 1680 ῦποστησόμεθασ
2861 1609 3021 1664 ἄλλου
3060 1611 3160 1680 μὲν
3209 1608 3318 1679 γὰρ
3353 1603 3492 1678 αἷμα
3535 1609 3660 1678 ρυἐν
3701 1608 3808 1660 ὑπὸ
3831 1607 3939 1675 γῆν

694 1679 906 1736 el'l'usus
941 1684 992 1736 in
1023 1692 1220 1740 terram
1261 1691 1484 1759 sanguis
1507 1732 1520 1756 ,
1557 1693 1758 1749 nullius
1818 1695 2050 1753 hominis
2090 1700 2263 1753 visum

2369 1698 2532 1768 ξίφει,
2560 1700 2657 1752 οὒκ
2687 1699 2752 1753 ἂν
2782 1700 3034 1770 τέρψειεν
3061 1679 3351 1770 ἀνθρώπω
3373 1699 3522 1762 θέαν,
3547 1698 3748 1762 οὐδἐίς
3764 1697 3940 1766 ἀκοὴν

694 1772 1055 1842 exhilararet;
1087 1792 1261 1847 neque
1287 1778 1354 1834 ad
1388 1795 1574 1836 aurem
1621 1783 1830 1840 delatus
1859 1796 2093 1841 mentem
2130 1789 2265 1844 solet

2369 1790 2535 1844 ἐλθὼν
2582 1795 2892 1844 σεπτοποιεί
2928 1792 3025 1863 τὴν
3058 1795 3278 1862 μνήμην
3307 1791 3400 1845 τοῦ
3439 1791 3762 1861 τεθνηκότος
3795 1791 3823 1842 ό
3851 1788 3941 1840 λό-

694 1861 970 1920 Ιειιιίῧςοτε
1008 1882 1188 1923 sermo
1225 1872 1529 1928 morientis.
1576 1872 1819 1948 Namque
1861 1880 1948 1932 ubi
1987 1881 2266 1950 sanguinis
2298 1866 2339 1922 Β

2298 1866 2339 1922 Β
2368 1900 2461 1950 γος
2487 1900 2499 1912 '
2527 1877 2587 1935 οὗ
2618 1885 2723 1952 γὰρ
2753 1889 2785 1954 ἠ
2816 1887 2912 1955 ῥοὴ
2945 1861 3090 1953 ςέυῆξ
3119 1887 3373 1958 στέρησιν
3397 1885 3576 1956 φέρει,
3609 1884 3727 1947 πῶς
3754 1883 3824 1936 ἀν
3847 1882 3942 1934 τδν

695 1953 891 2012 eﬂ'usio
941 1958 1365 2030 vitari-acturam
1420 1963 1542 2030 fert,
1597 1969 1872 2037 quomodo
1924 1971 2262 2043 id,inquam,

2370 1980 2529 2047 φύσει
2575 1953 2837 2046 φιλόζωον
2879 1953 3084 2044 ἐλξειεν
3121 1953 3282 2031 τοῦτο
3310 1994 3325 2043 ;
3357 1953 3665 2030 τουναντίον
3709 1974 3765 2028 δὲ
3801 1975 3941 2044 μᾶλ-

695 2047 973 2105 homiuem
1008 2067 1104 2122 per
1131 2068 1188 2108 se
1216 2058 1341 2111 vlta
1376 2066 1653 2116 amantem
1699 2061 2027 2130 delectabit;
2070 2073 2122 2118 et
2155 2080 2264 2120 non

2367 2077 2460 2130 λον
2507 2077 2565 2129 ἐν
2626 2071 2946 2142 στυγνότητι
2976 2065 3269 2139 προσώπου
3312 2069 3392 2131 είς
3415 2062 3595 2120 οἶκτον
3621 2067 3821 2134 ἀγάγοι
3847 2066 3943 2120 καὶ

697 2140 878 2210 potius
908 2157 1030 2197 cum
1081 2145 1263 2202 vultus
1300 2147 1518 2202 tristitia
1547 2150 1615 2204 ad
1647 2151 1853 2206 luctum
1901 2153 2074 2208 trahet
2104 2165 2267 2226 atque

2367 2164 2756 2232 ἑλεεινολογίαν
2780 2140 2886 2216 τοῦ
2919 2161 3144 2224 πάθους,
3173 2161 3222 2213 εί
3259 2159 3335 2228 μή
3369 2175 3421 2211 τι
3457 2175 3519 2226 γε
3547 2157 3654 2228 ἀρα
3678 2157 3783 2222 ἔξω
3810 2174 3945 2227 φρε-

696 2227 762 2280 ad
806 2229 924 2298 ejus
953 2233 1227 2300 passionis
1266 2235 1716 2294 miserationem?
1749 2241 1855 2296 nisi
1896 2241 2033 2298 forte
2069 2244 2268 2314 aliquis

2368 2256 2532 2325 νῶνῆ
2567 2227 2810 2323 θηριώδη
2855 2251 2946 2303 τὸν
2974 2250 3174 2320 τρόπον
3207 2227 3358 2318 εῦροι
3389 2247 3481 2300 τὸν
3519 2247 3761 2300 τοιοῦτον
3797 2247 3945 2299 κατὰ

694 2320 922 2378 exsistat
951 2325 1033 2378 vel
1059 2335 1240 2382 mente
1273 2329 1543 2387 alienatus
1574 2334 1658 2388 vel
1705 2333 1882 2390 ferino
1909 2353 2056 2392 more
2085 2339 2263 2393 imbu-

2369 2348 2466 2417 τὴν
2494 2320 2602 2399 τῶν
2621 2320 2838 2411 κτηνῶν
2865 2343 3025 2410 φύσιν
3056 2338 3500 2408 ἀλογισταίνοντα
3523 2341 3635 2401 τοῖς
3659 2339 3904 2410 όραθιῖσι
3926 2355 3937 2368 ⁸

697 2422 805 2474 tus.
837 2423 896 2469 ut
926 2416 1210 2474 brutorum
1260 2421 1468 2492 aliquot
1517 2433 1709 2480 natura
1747 2438 1846 2492 est,
1881 2445 2003 2498 utne
2055 2440 2267 2500 specta-

2371 2416 2624 2506 καθάπερ
2653 2437 2744 2488 ἐπὶ
2769 2436 2876 2486 τῶν
2910 2433 3285 2503 ἀλεκτρυόνων
3311 2435 3360 2485 οί
3397 2431 3508 2485 τῶν
3557 2430 3819 2502 ὁμοειδῶν
3845 2432 3943 2483 αὒ-

694 2508 834 2564 culis
871 2509 972 2564 sibi
1004 2512 1234 2582 objectis
1268 2514 1546 2572 insaniunt
1577 2535 1590 2579 ;
1623 2519 1787 2575 veluti
1821 2522 1968 2590 galli,
2001 2523 2093 2591 qui
2138 2527 2266 2576 dum

2369 2531 2482 2590 τοῖς
2528 2525 2916 2596 σφαττομένων
2947 2523 3253 2593 χαίρουσιν,
3281 2522 3500 2592 ᾅδουσιν
3521 2562 3536 2585 ,
3562 2521 3939 2591 ἀποπηδῶσιν,

695 2601 782 2658 sui
842 2601 1049 2659 similes
1106 2605 1534 2674 interﬁciuntur,
1577 2614 1832 2684 gaudent,
1861 2626 2098 2681 cantant,
2124 2618 2269 2672 exsi-

2372 2617 2620 2688 αἰσθήσει
2650 2615 2808 2686 μόνον
2837 2611 3132 2683 χρώμενοι,
3161 2612 3256 2665 καὶ
3278 2612 3339 2664 οῦ
3372 2612 3834 2680 συλλογιζόμενοι,
3860 2612 3942 2665 ὅτι

695 2695 836 2752 liunt
861 2712 926 2753 eo
955 2700 1275 2771 simpliciter
1295 2705 1412 2763 visu
1441 2706 1707 2775 fruentes,
1731 2725 1908 2781 neque
1929 2722 2267 2783 reputantes,

2372 2711 2464 2762 καὶ
2517 2708 2602 2761 ἐπ’
2629 2708 2825 2770 αὐτοὺς
2856 2707 2976 2776 ήξει
3025 2707 3083 2758 τδ
3125 2704 3295 2768 πάθος
3316 2720 3330 2734 ·
3367 2700 3506 2773 αἷμα
3551 2703 3606 2754 δὲ
3635 2703 3830 2773 ἀνδρὸς
3859 2704 3940 2755 δι-

694 2804 822 2843 mox
848 2792 1092 2848 eamdem
1118 2795 1318 2852 eadem
1342 2800 1408 2854 ad
1437 2801 1584 2869 ipsus
1617 2814 2018 2872 perventuram.
2040 2806 2110 2860 At
2142 2822 2268 2863 vero

2371 2799 2525 2853 καίου
2557 2799 2652 2860 καὶ
2681 2799 2801 2867 δψει
2832 2798 3082 2863 ἐραστὸν,
3115 2798 3209 2850 καὶ
3242 2796 3376 2850 ὠσὶν
3401 2795 3814 2864 εὐαγγελιστδν,
3845 2797 3939 2849 καὶ

690 2880 822 2948 justi
854 2883 957 2937 viri
1002 2887 1226 2957 sanguis
1255 2896 1310 2943 et
1340 2891 1476 2946 visui
1532 2893 1890 2960 delectabilis,
1940 2907 1993 2952 et
2043 2901 2268 2956 auribus

2371 2892 2575 2962 χείλεσι
2613 2891 2992 2961 προσκυνητόν
3022 2907 3036 2921 ο
3072 2892 3106 2960 ή
3132 2890 3242 2961 γὰρ
3275 2888 3468 2942 τούτου
3497 2886 3812 2958 ἀφαίρεσις,
3841 2887 3940 2955 τῆς

693 2976 832 3045 grati
865 2975 1038 3033 instar
1079 2982 1254 3036 nuntii
1285 2992 1390 3047 est,
1414 2992 1469 3038 et
1515 2986 1673 3041 labiis
1708 2986 2082 3047 honorabilis:
2114 3007 2266 3046 nam-

2371 2984 2565 3054 ἀγήρω
2589 2984 2679 3036 καὶ
2708 2983 2915 3052 ἀμείνω
2942 2981 3088 3050 ζωῆς
3115 2983 3213 3053 τὴν
3237 2981 3452 3052 μέθεξιν
3475 2978 3939 3049 ἀποκληροῦνται·

696 3081 803 3136 que
869 3068 1032 3139 hujus
1074 3071 1340 3140 amissio,
1383 3075 1711 3133 immortalis
1748 3081 2098 3149 meliorisque
2149 3085 2268 3137 vita:

2370 3076 2463 3129 καὶ
2515 3076 2576 3128 οὐ
2632 3075 2790 3143 μόνον
2848 3075 2911 3144 δή
2966 3091 3107 3143 φημι
3160 3075 3317 3144 ῥανὶς
3370 3075 3623 3142 αἵματος,
3663 3069 3800 3123 άλλά
3845 3069 3941 3121 καὶ

696 3153 905 3210 confert
936 3159 1376 3225 acquisitionem.
1398 3161 1576 3232 Neque
1595 3175 1767 3234 gutta,
1792 3167 2034 3237 inquam,
2061 3180 2265 3223 tantum
2295 3211 2340 3272 Ω

2295 3211 2340 3272 C
2371 3168 2548 3220 ὁτιοῦν
2591 3169 2745 3235 ἀγίου
2772 3167 2864 3220 καὶ
2895 3166 3138 3235 λάκισμα
3173 3165 3390 3236 μέλους,
3419 3165 3513 3218 καὶ
3537 3164 3724 3272 Ιτὶριχδς
3751 3161 3939 3232 λείψα-

698 3244 1010 3314 sanguinis,
1047 3262 1231 3302 verum
1284 3251 1448 3305 etiam
1503 3269 1566 3308 os
1616 3264 1887 3320 sanctum,
1937 3269 1990 3310 et
2042 3244 2340 3314 membri“

2295 3244 2340 3272 υ
2376 3277 2480 3324 νον,
2541 3259 2636 3310 καὶ
2694 3260 2867 3310 ὁτιοῦν
2895 3259 2976 3325 ἐφ’
3009 3253 3094 3320 οἷς
3131 3256 3498 3312 ἐνεδιδύσκετο
3541 3257 3572 3327 ἢ
3621 3258 3897 3324 ὲφάπτετο
3923 3296 3937 3320 ,

698 3334 930 3404 alicujus
969 3337 1257 3406 particula,
1283 3349 1335 3394 et
1367 3344 1684 3412 capillorum
1734 3346 2000 3414 reliquiae,
2026 3356 2079 3401 et
2110 3350 2270 3405 vesti-

2373 3347 2845 3418 περισπούδαστόν
2887 3350 3005 3399 ἐστι
3037 3347 3131 3400 καὶ
3163 3347 3563 3418 ἐκζητούμενον
3592 3347 3668 3417 τῷ
3694 3347 3943 3400 εὐσεϐεῖν

697 3436 1002 3481 mentorum
1027 3444 1149 3496 qua:
1191 3429 1281 3486 ille
1304 3436 1528 3500 gestavit
1571 3444 1664 3488 aut
1699 3437 2122 3507 attigitlrustum
2156 3456 2270 3509 per-

2372 3438 2752 3509 προελομένῳ·
2781 3438 2868 3490 διὰ
2916 3437 3076 3491 τοῦτο
3119 3439 3278 3502 ἀλλος
3329 3439 3458 3492 ἄλλο
3508 3457 3559 3492 τι
3589 3438 3780 3506 ὥσπερ
3814 3439 3941 3498 τινὰ

700 3527 908 3586 gratum
928 3529 1011 3573 est
1031 3529 1082 3575 et
1099 3523 1388 3590 expetibile
1401 3525 1573 3579 cuivis
1593 3528 1803 3595 pietatis
1821 3530 2085 3586 studioso.
2103 3530 2270 3600 Prop-

2371 3531 2644 3602 θησαυρὸν
2686 3529 2851 3600 μέρος
2875 3529 2906 3599 ἢ
2945 3529 3130 3598 μόριον
3160 3530 3192 3599 ἢ
3220 3529 3280 3582 τὸ
3309 3529 3428 3582 ὅλον
3452 3531 3572 3582 κατ’
3605 3531 3786 3594 οἴκους
3815 3531 3846 3601 ἢ
3881 3533 3941 3584 ἐν

702 3618 846 3666 terea
894 3610 1032 3666 alius
1056 3614 1242 3676 aliam,
1271 3616 1511 3673 thesauri
1536 3621 1728 3687 instar,
1757 3633 1962 3690 partem
1991 3626 2071 3679 vel
2095 3644 2267 3683 mem-

2369 3625 2498 3684 ταῖς
2538 3620 2876 3690 ἐκκλησίαις,
2935 3621 3072 3692 πρὸς
3121 3620 3447 3691 άγιαστικὴν
3503 3621 3782 3691 ἐνέργειαν
3840 3624 3938 3675 καὶ

698 3702 855 3758 brum
885 3704 964 3759 vel
986 3719 1182 3774 corpus
1210 3717 1376 3762 totum
1402 3711 1454 3764 in
1481 3711 1731 3768 domibus
1753 3714 1834 3767 vel
1852 3717 2114 3783 ecclesiis,
2141 3736 2268 3774 sau-

2370 3714 2642 3785 σωστικὴν
2719 3714 3019 3784 ἀσφάλειαν
3102 3714 3347 3784 κατέχων
3435 3713 3938 3782 ἐγκαλλωπίζεται,

698 3790 985 3848 ctitlcantis
997 3794 1209 3849 virtutis
1225 3807 1431 3863 ergo,et
1446 3799 1698 3855 salutaris
1711 3801 1908 3867 tutelae,
1927 3801 2126 3860 habere
2137 3821 2268 3875 gau-

2370 3807 2807 3877 προσερχόμενος
2851 3806 2970 3877 μετ’
3007 3805 3187 3870 αἰδοῦς
3219 3809 3284 3878 τῇ
3340 3806 3737 3878 τεθαυρισμένῃ
3770 3808 3940 3871 κόνει,

698 3874 806 3943 det,
831 3886 884 3933 et
912 3895 1036 3936 cum
1063 3883 1360 3938 reverentia
1377 3886 1440 3939 ad
1464 3887 1706 3942 cinerum
1730 3889 2014 3947 thesauros
2037 3874 2262 3960 accedit,

2371 3874 2466 3948 atat
2529 3874 2904 3966 ἐσαπτόμενος
2962 3897 3111 3968 φόσῳ
3159 3874 3615 3964 τῶννάψαύστωντ
3657 3874 3943 3969 ἀναθημάο

697 3977 751 4025 et
776 3970 1037 4038 impervia
1059 3975 1221 4027 tactui
1252 3975 1477 4032 donaria
1509 3981 1922 4037 venerabundus
1953 3985 2233 4054 contingit.
2369 4005 2474 4040 των
2511 3989 2647 4059 (l8).

767 4059 822 4116 2.
852 4059 999 4118 Talis
1025 4065 1182 4119 nobis
1215 4077 1298 4122 est
1323 4067 1454 4138 justi
1475 4070 1659 4125 Abelis
1683 4075 1928 4143 sanguis,
1953 4090 2264 4146 quanquam

2441 4082 2505 4150 β’.
2532 4082 2783 4135 Τοιοῦτον
2815 4084 2945 4152 ήμίν
2977 4082 3036 4134 τὸ
3066 4081 3159 4134 τοῦ
3199 4079 3410 4134 δικαίου
3447 4081 3612 4133 Ἀδελ
3638 4076 3800 4149 αἷμα,
3835 4080 3946 4133 κᾶν

696 4154 787 4212 hic
838 4166 1125 4226 parentum
1174 4168 1298 4214 tunc
1345 4162 1557 4217 noviter
1607 4164 1781 4220 oculis
1835 4167 2048 4223 oblatus
2099 4184 2263 4225 causa

2363 4176 2587 4242 γονεῦσι
2639 4174 2938 4243 τηνικαῦτα
2971 4173 3258 4241 ξενοφανές
3296 4173 3577 4226 ὼπτάνετο
3618 4170 3944 4243 θρηνολόγης

697 4246 880 4302 luctus
906 4248 1008 4304 fuit
1031 4269 1043 4302 :
1065 4266 1187 4304 cum
1213 4253 1357 4306 enim
1389 4256 1672 4311 morientis
1699 4258 1930 4328 alicujus
1959 4262 2262 4328 passionem

2371 4281 2446 4335 μα
2467 4280 2481 4296 ·
2513 4266 2674 4334 μήπω
2701 4263 2808 4330 γάρ
2839 4261 3151 4333 ἑωρακότες
3173 4261 3467 4323 τεθνεῶτος
3497 4260 3688 4324 πάθος,
3721 4260 3838 4324 πῶς
3870 4259 3941 4314 ἂν

697 4338 938 4394 nondum
975 4345 1337 4412 aspexissent,
1389 4347 1577 4417 quidni
1618 4349 1710 4402 lilii
1743 4361 2009 4419 patratam
2064 4356 2262 4410 ςιειιειη

2367 4354 2462 4408 ἐπὶ
2485 4357 2552 4425 τῇ
2588 4354 2682 4408 τοῦ
2720 4353 2837 4407 υἱοῦ
2869 4355 3047 4424 σφαγῇ
3089 4353 3187 4405 οὐκ
3217 4351 3536 4420 ἐξέστησαν,
3558 4352 3656 4405 οὐκ
3703 4351 3939 4421 ἐδάκρυ-

694 4431 1166 4499 exhorrescerent,
1201 4436 1653 4508 lacrymarentur,
1715 4443 2097 4500 lamentatione
2135 4463 2261 4517 pro-

2369 4464 2489 4513 σαν,
2512 4448 2572 4501 οὐ
2605 4447 2773 4518 γοερὰ
2793 4448 3026 4515 ἔφασαν,
3059 4446 3286 4510 ἐξάπινα
3318 4446 3457 4515 τάχα
3499 4443 3939 4514 προσϐλέψαντες

695 4535 1072 4594 sequerentur,
1103 4527 1231 4584 dum
1264 4531 1555 4598 improviso
1585 4533 1818 4589 fortasse
1856 4545 2088 4591 stratum
2117 4539 2264 4596 ltutui
2303 4551 2341 4607 ι)

2303 4551 2341 4607 ι)
2369 4541 2508 4594 κατὰ
2562 4541 2664 4608 γῆς
2725 4539 3034 4610 ἐρῤιμένον,
3067 4539 3261 4606 αἵματί
3294 4555 3354 4606 γε
3403 4537 3830 4605 πεφοινιγμένον
3877 4536 3938 4601 ἐξ

692 4615 862 4670 ﬁlium
893 4617 1172 4685 vidissent,
1193 4621 1447 4678 fraternis
1477 4634 1823 4682 cruentatum
1847 4629 2066 4695 ictibus,
2089 4641 2139 4686 et
2168 4646 2260 4686 ea-

2368 4633 2662 4703 ἁδελφικῆς
2699 4632 3034 4702 μιαιφονίας,
3064 4630 3356 4685 κάντεῦθεν
3390 4630 3490 4700 τῆς
3522 4627 3758 4698 ζωτικῆς
3785 4628 3937 4697 ἐνερ-

690 4717 912 4778 propter
942 4709 1064 4764 vitae
1099 4727 1201 4766 usu
1227 4714 1498 4782 privatum
1523 4717 1536 4770 ί
1561 4714 1709 4772 Talis
1743 4719 1869 4773 item
1903 4731 1958 4776 et
1985 4723 2260 4791 prophetae

2368 4727 2519 4793 γείας
2587 4726 3007 4794 ἐστερημένονς
3064 4721 3303 4775 τοιοῦτον
3369 4723 3430 4774 τὺ
3489 4720 3583 4773 τοῦ
3655 4722 3937 4792 προφήτου

688 4798 878 4854 Amosi
909 4811 1130 4856 sanctus
1168 4805 1409 4874 sanguis,
1438 4821 1597 4875 quem
1633 4809 1725 4862 diu
1752 4810 1986 4868 fustibus
2014 4815 2258 4869 verbera-

2379 4815 2557 4885 ’Λμὼς
2605 4817 2758 4883 ἅγιον
2813 4811 2974 4887 αἷμα,
3004 4815 3064 4867 δν
3098 4813 3305 4883 συχνῶς
3347 4814 3699 4882 τυμπανίσας
3755 4813 3933 4864 ἀνεῖλε

690 4899 805 4942 tum
855 4888 1002 4945 ferro
1044 4895 1304 4950 exstinxit
1354 4911 1448 4950 rex
1480 4897 1727 4954 Amasias
1759 4902 1902 4972 (l9);
1936 4904 2028 4973 qui
2070 4905 2258 4960 vatici-

2367 4908 2507 4975 ξίφει
2550 4906 2808 4975 ’Λμασίας
2840 4907 2950 4973 (19)
2990 4906 3018 4956 ό
3074 4903 3360 4974 βασιλεύςο
3403 4903 3589 4970 ἐπειδὴ
3657 4902 3768 4971 γάρ
3834 4901 3933 4969 τῆς

688 4979 902 5034 nierum
943 4981 1064 5037 telis
1106 4999 1135 5037 a
1167 4987 1429 5055 propheta
1457 4991 1748 5058 appetitus,
1773 4993 1982 5062 justum
2013 4995 2161 5049 clava
2200 4996 2252 5049 in

2367 5000 2703 5070 προφητείας
2760 5001 2879 5060 ταῖς
2938 4996 3142 5066 βολίσιν
3188 4995 3516 5064 ἐπλήττετο,
3580 4992 3785 5063 πλήξας
3840 4993 3931 5045 τὸν

687 5072 1021 5140 temporibus
1049 5091 1372 5144 percussum
1405 5079 1549 5135 letho
1588 5083 1832 5138 tradidit.
1859 5084 2007 5141 Talis
2051 5088 2255 5156 pariter

2361 5092 2568 5144 δίκαιον
2593 5093 2648 5143 ἐν
2673 5089 2890 5160 ῥοπάλῳ
2921 5087 3062 5140 κατά
3083 5085 3176 5138 τοῦ
3213 5089 3488 5157 κροτάφου
3515 5086 3730 5155 θανάτῳ
3756 5101 3931 5155 παρα-

684 5165 962 5234 prophetat
989 5165 1226 5222 Michaaze
1249 5181 1474 5225 sanctus
1507 5174 1749 5243 sanguis,
1771 5191 1930 5244 quem
1958 5177 2256 5247 praecipitio

2361 5183 2574 5236 δίδωσιν
2601 5199 2614 5214 ·
2650 5181 2886 5234 τοιοῦτον
2919 5180 2978 5233 τὸ
3028 5180 3120 5233 τοῦ
3157 5181 3434 5250 προφήτου
3471 5178 3708 5249 Μιχαίου
3770 5177 3924 5244 ἅγιον

685 5253 960 5310 interemit
989 5253 1241 5313 Joramus
1266 5261 1504 5315 Achaabi
1528 5263 1690 5328 (ilius,
1709 5265 1890 5321 divina
1919 5268 2254 5324 confidenter

2362 5267 2501 5340 αἷμα
2526 5313 2539 5335 ,
2568 5272 2625 5323 ὃν
2659 5270 2834 5323 ἀνεῖλε
2881 5272 3186 5341 κρημνίσας
3231 5272 3434 5338 Ἰωρὰμ
3469 5269 3582 5332 υἱὸς
3623 5267 3829 5337 ’Δχαὰὁ
3857 5266 3925 5321 τὰ

684 5345 1025 5401 nuntiantem
1060 5350 1304 5406 :eteuim
1357 5353 1426 5408 ab
1481 5356 1605 5422 hoc,
1638 5363 1696 5410 ut
1740 5358 1816 5411 ait
1863 5357 2254 5429 Scriptura,de

2362 5363 2475 5414 θεῖα
2527 5361 3054 5431 παρρησιαζόμενον.
3081 5361 3313 5430 Ἦλεγχε
3356 5361 3462 5431 γάρ
3492 5359 3654 5413 αὐτὸν
3687 5358 3779 5410 ἐπὶ
3807 5359 3925 5420 ταῖς

684 5448 968 5503 parentum
1000 5442 1296 5499 sceleribus
1322 5449 1670 5517 arguebatur.
1696 5449 1842 5506 Talis
1875 5467 2091 5522 quoque
2122 5470 2248 5524 pro-

2357 5453 2632 5516 ἀσεϐείαις
2664 5453 2772 5508 τῶν
2829 5455 3079 5524 πατέρων
3122 5452 3309 5517 αὐτοῦ,
3347 5453 3467 5506 καθ’
3489 5451 3524 5505 ἃ
3561 5452 3869 5521 γέγραπται
3901 5489 3914 5513 ,

754 5576 864 5646 (l8)
908 5575 1066 5659 Vides
1111 5577 1210 5633 SS.
1266 5583 1619 5659 reliquiarum
1672 5586 1878 5643 laudari
1907 5607 1937 5642 a
1967 5587 2254 5644 Theodoro
2361 5600 2412 5645 ct
2443 5590 2593 5644 obitu
2653 5589 3037 5659 prophetarum
3069 5590 3230 5643 variae
3253 5600 3305 5644 et
3350 5589 3616 5644 interdum
3653 5587 3923 5642 contradi-

682 5654 740 5703 υι
769 5658 1085 5728 sanandam
1113 5660 1167 5701 et
1198 5654 1412 5728 spiritui
1447 5658 2106 5728 utilemgvett‘erationent.
2359 5670 2545 5714 centes
2570 5654 2815 5728 vet—erum
2873 5669 3156 5712 auctorum
3190 5665 3471 5716 sententiae
3514 5661 3755 5720 fuerunt,
3785 5673 3920 5728 quas

753 5722 767 5781 ι
787 5717 866 5799 l9)
893 5716 1008 5770 lmo
1040 5734 1168 5772 vero
1189 5716 1438 5799 amasias
1469 5726 1725 5782 sacerdos
1759 5725 1996 5784 Bethelis
2020 5745 2247 5785 accusa-
2359 5746 2425 5784 ne
2459 5731 2664 5799 prolixe
2714 5727 2966 5791 referam,
3001 5730 3224 5784 lectores
3258 5748 3410 5787 meos
3455 5732 3518 5784 ad
3554 5730 3780 5784 Caltncti
3834 5727 3920 5783 Bi-

681 5785 754 5844 vit
785 5787 1043 5842 Amosum
1077 5792 1216 5858 apud
1244 5791 1626 5850 Jeruhonmum
1660 5811 1860 5869 regem.
1895 5799 2000 5855 Sed
2026 5801 2092 5854 de
2136 5802 2243 5855 vita
2358 5785 2554 5855 Ι›Ιίι;ὐιιι
2593 5785 2980 5854 Dictionariutn
3009 5799 3220 5870 ablvgo.
