4170 6504
273 959 526 1017 Τοιοῦτον
557 965 619 1020 τὸ
642 969 739 1022 τοῦ
767 973 1015 1039 γενναίου
1054 977 1318 1052 Ἐλεάζαρ
1350 983 1446 1037 σὺν
1473 985 1619 1040 ἑπτὰ
1657 988 1847 1043 παισὶν
1947 997 2115 1052 divini

272 1053 368 1107 καὶ
402 1059 577 1129 μητρὶ
606 1059 858 1133 θεόφρονι
882 1067 1037 1135 ἆγιον
1069 1065 1230 1141 αἷμα,
1260 1073 1289 1125 ὃ
1312 1074 1526 1146 ἐξέχεεν
1575 1080 1590 1129 ἴ

272 1144 330 1198 ἐν
364 1148 635 1214 ποικίλοις
665 1152 945 1224 βασάνοις,
978 1160 1054 1231 μὴ
1088 1160 1273 1233 φέρων

1282 1254 1303 1274 η

1822 743 1849 755 -
1954 720 2313 782 insanientem
2349 730 2507 787 facile
2551 739 2954 813 volubilemque
3009 748 3283 821 lsraelem,
3322 762 3528 831 quique

276 777 687 851 παροίστρωτον
726 788 821 842 καὶ
874 790 1351 863 εὐπαρακόμιστον
1392 799 1626 872 Ἰσραὴλ,
1653 804 1713 857 οὐ
1753 805 1849 875 φέ-

279 884 464 966 ροντος
509 874 727 930 ἀκούειν
770 879 867 943 τὰς
925 882 1027 954 τῆς
1121 891 1462 960 προφητείας
1532 874 1847 966 ἑκφάνσεις.

1951 814 2295 882 propheticas
2323 824 2645 882 rvelatioues
2667 830 2857 887 audire
2885 848 2992 891 non
3022 814 3353 900 sustinebat:
3374 814 3525 905 Talis

1948 905 2113 960 etiam
2151 908 2308 966 fortis
2340 911 2584 971 Eleazari
2610 934 2733 975 cum
2761 934 2967 995 septem
3002 930 3440 995 adolescentibus
3469 950 3524 997 et

267 1236 403 1291 Θεοῦ
438 1238 690 1299 ἔνστασιν
743 1247 851 1301 τῶν
906 1250 1214 1323 ἀηττήτων,
1251 1254 1345 1321 οὓς
1388 1259 1569 1314 πίστει
1611 1262 1816 1319 θανάτοτ

268 1331 510 1369 cumvir
553 1334 834 1369 διεδ-τωρ.
860 1355 878 1369 ι
913 1341 1158 1369 _-.-:'._-..
1203 1349 1257 1369 ,ι
1297 1348 1388 1369 ..Αμ-
1432 1368 1461 1369 ,,
1588 1355 1601 1369 ι
1742 1359 1777 1369 .-

2507 1236 2786 1253 mum-um-
2842 1236 2939 1271 μιν
2990 1236 3081 1261 υιτι
3130 1236 3246 1280 regis
3298 1236 3520 1273 moleste

1946 1272 2070 1337 fert,
2109 1290 2247 1345 quos
2291 1279 2343 1332 iu
2404 1281 2507 1336 ﬁde
2555 1286 2782 1353 perfecit
2834 1295 3028 1349 mortis
3079 1298 3340 1369 sigillum.
3374 1306 3520 1364 'l’alis

268 1331 510 1399 σφραγὶς
552 1334 835 1425 ἐτελείωσε
860 1355 878 1374 ο
913 1341 1159 1398 τοιοῦτον
1200 1349 1263 1400 τὺ
1294 1348 1390 1403 τοῦ
1424 1355 1707 1425 προφήτου
1740 1359 1844 1411 Ζα-

265 1421 458 1489 χαρίου
493 1424 651 1493 ἆγιον
683 1423 821 1499 αἷμα
844 1430 872 1485 ὅ
904 1434 1011 1505 πρὸ
1039 1436 1137 1491 τοῦ
1160 1421 1609 1517 θυσιαστηρίουῆ
1649 1449 1839 1519 πάροιο

262 1527 354 1574 νος
406 1513 516 1607 των
565 1516 833 1575 Ἰουδαίων
878 1524 1099 1598 ὠμότης
1167 1513 1677 1607 μαχαίρᾳτὲξὲχεε,
1731 1513 1837 1595 οὐκ

260 1604 563 1697 ἐνεγκοῦσα
596 1610 695 1675 τὰς
725 1613 827 1685 τῆς
862 1623 1204 1691 προφητείας
1235 1604 1505 1696 ἐμφάσεις
1549 1604 1835 1697 ἀκουτίζε-

261 1695 386 1752 σθαι
418 1715 433 1729 ·
472 1703 567 1754 καὶ
603 1703 655 1755 τί
677 1702 761 1758 δετ
806 1724 897 1778 μοι
937 1710 1168 1767 πλείστα
1194 1715 1499 1786 ἀναλόγειν,
1538 1722 1669 1793 παρ’
1700 1695 1837 1792 ᾧήτδ

257 1789 364 1843 τῶν
395 1792 709 1849 ἀποστόλων
735 1800 1033 1871 προφητῶν
1064 1821 1124 1857 τε
1167 1807 1264 1860 καὶ
1306 1811 1599 1882 μαρτύρων
1621 1789 1833 1886 -συλλή-

257 1882 389 1956 ϐδην
409 1886 585 1941 είπεῖν
607 1888 760 1957 ἅγιον
780 1886 944 1964 αἷμα,
961 1894 990 1949 δ
1011 1898 1197 1953 πολλοὶ
1212 1872 1545 1973 παλαμναίοι
1569 1872 1833 1979 πολυτρό-
1868 1872 1909 1927 Β

253 1992 373 2042 πως
397 1977 640 2051 ἐξέχεαν,
674 1984 750 2049 ὡς
784 1986 931 2061 ὕδωρ
956 1990 1095 2045 πολὺ
1128 1992 1364 2048 κυκλοῦν
1408 1995 1509 2067 τὴν
1542 1998 1634 2051 ὑπ’
1666 1977 1829 2071 οὐρα-

252 2070 363 2136 νὸν,
394 2074 615 2146 καὶτῆς
641 2077 899 2145 ἀσεϐείας
927 2082 1171 2153 ὑπάρχον
1208 2085 1563 2159 σϐεστήριονς

321 2171 393 2232 γ’.
434 2166 694 2224 Τοιοῦτον
716 2170 788 2255 τὸ
804 2172 898 2226 τοῦ
937 2172 1248 2229 Βαπτιστοῦ
1277 2179 1515 2249 Χριστοῦ
1558 2183 1652 2237 καὶ
1685 2185 1827 2255 Προ-

246 2249 453 2323 δρόμου
484 2255 643 2324 ἅγιον
675 2254 836 2325 αἷμα,
866 2261 994 2331 περὶ⁵
1020 2254 1083 2315 οὗ
1113 2264 1247 2335 ἡμῖν
1283 2267 1311 2319 ό
1346 2270 1708 2340 προκείμενος
1738 2249 1827 2329 λό-

245 2360 342 2413 γος
363 2360 379 2378 ο
408 2345 439 2399 δ
465 2347 771 2403 κεκένωκεν
801 2350 879 2414 ὡς
910 2352 1083 2424 μύρον
1106 2355 1397 2423 πολυτελὲς
1420 2359 1479 2425 ἐξ
1516 2363 1662 2432 ίεροῦ
1691 2380 1820 2434 τρα-

246 2437 415 2509 χήλου
446 2440 739 2505 εὐωδιάζον
762 2443 864 2513 τὴν
893 2444 1224 2520 οἰκουμένην
1246 2466 1261 2482 ο
1290 2448 1450 2522 αἷμα,
1479 2453 1508 2506 δ
1540 2455 1824 2527 συνήθροι-

248 2545 341 2582 σεν
365 2529 429 2583 οὐ
448 2532 685 2603 γαστρὸς
700 2534 884 2607 ἡδονὴ,
910 2537 1011 2591 οὐκ
1042 2538 1186 2593 οῐνου
1212 2543 1533 2614 μετάληψις,
1551 2546 1612 2599 οὐ
1647 2548 1821 2618 κρεῶν

240 2620 448 2694 ἐδωδὴ,
475 2622 578 2677 οὐκ
618 2623 780 2679 ἄλλου
826 2628 971 2693 τινὸς
1018 2630 1127 2684 τῶν
1171 2631 1442 2690 λιπαίνειν
1483 2638 1577 2691 καὶ
1605 2639 1821 2710 ἡδύνειν

238 2712 512 2768 είωθότων
546 2714 647 2780 τὰς
691 2717 920 2788 ὀρέξεις,
955 2720 1071 2775 ἀλλ’
1101 2722 1160 2789 ἐξ
1200 2726 1382 2780 αὐτῶν
1425 2728 1531 2782 τῶν
1568 2734 1819 2803 σπαργά-

236 2821 344 2858 νων
371 2807 536 2876 μέχρι
566 2808 753 2873 τέλους
781 2810 813 2880 ἡ
840 2810 940 2881 τῆς
974 2814 1305 2885 ἐγκρατείας
1341 2818 1685 2892 ἐμπεποίηκε
1716 2824 1819 2893 χά-

238 2911 325 2968 ρις
347 2912 365 2928 ο
390 2891 573 2952 Ἦλθε
614 2899 742 2969 γὰρ,
776 2902 963 2971 φησὶν,
1004 2906 1039 2958 ό
1079 2905 1361 2975 Ἰωάννης
1398 2911 1552 2978 μήτε
1573 2891 1815 2979 ἐσθίων,

233 2982 389 3051 μήτε
418 2985 643 3039 πίνων·
679 2980 823 3057 αἷμα
847 2988 910 3043 τὸ
952 2994 1296 3062 προκενωθὲν
1338 2996 1435 3051 τοῦ
1484 3001 1815 3055 Δεσποτικοῦ

235 3074 333 3127 καὶ
365 3072 639 3127 ἀθανάτου
684 3079 949 3150 ποτηρίου
977 3096 991 3111 ο
1034 3084 1203 3154 ἐχρῆν
1244 3084 1352 3156 γὰρ
1391 3088 1483 3142 τὸν
1516 3089 1610 3142 τοῦ
1638 3092 1817 3158 φωτὸς

235 3165 543 3235 πρόδρομον
577 3165 662 3219 διὰ
688 3168 787 3239 τῆς
803 3172 868 3224 ὲκ
894 3172 1114 3243 στείρας
1134 3176 1475 3250 αὐγαστικῆς
1492 3180 1656 3234 αὐτοῦ
1676 3200 1810 3254 προ-

232 3255 355 3309 όδου
405 3258 517 3319 τοῖς
557 3257 699 3330 ὑπὲρ
737 3263 840 3331 γῆς
890 3262 1146 3333 ὀφθέντα,
1178 3268 1273 3321 καὶ
1308 3272 1421 3335 τοῖς
1465 3270 1578 3325 ὑπὸ
1598 3273 1699 3344 γῆν
1728 3274 1816 3329 διὰ

233 3346 470 3401 θανάτου
520 3349 739 3419 κήρυκα
780 3355 1045 3427 φωτοειδῆ
1090 3360 1429 3430 χρηματίσαι
1475 3362 1622 3434 (20»-
1652 3359 1813 3437 αἷμα,

233 3441 265 3495 δ
283 3441 389 3511 τῆς
413 3440 509 3495 τοῦ
532 3442 701 3497 Ἀϐελ
729 3447 947 3515 σφαγῆς
969 3447 1353 3514 πολυπλασίως
1375 3454 1455 3513 είς
1483 3453 1551 3507 τὰ
1568 3449 1681 3509 ὦτα
1702 3459 1807 3510 Κυ-

238 3532 355 3603 ρίου
394 3533 628 3588 Σαϐαὼθ
653 3536 1009 3609 διαϐεϐόηται
1035 3555 1049 3570 ·
1084 3541 1178 3595 τοῦ
1199 3544 1307 3613 γὰρ
1326 3544 1489 3614 ἔργου
1520 3547 1551 3616 ἡ
1575 3548 1811 3618 ποίησις,

233 3625 422 3694 φωνῆς
457 3630 726 3699 μυστικῆς
756 3631 906 3684 ἐστιν
944 3632 1356 3705 ἀναϐόμϐησις,
1392 3639 1452 3692 οὐ
1490 3639 1578 3693 διὰ
1631 3659 1814 3713 φωνη-

232 3717 405 3770 τικῶν
428 3717 676 3787 ὀργάνων
707 3720 996 3791 προϊοῦσα,
1024 3723 1162 3779 ἀλλὰ
1196 3728 1262 3797 τῇ
1287 3730 1385 3798 τῆς
1418 3731 1694 3799 ἐνεργείας
1724 3734 1814 3785 δυ-

230 3810 394 3880 νάμει
422 3810 823 3881 ἀκουτιζομένη
849 3828 864 3844 ⁸
895 3809 1057 3883 αἷμα,
1101 3817 1161 3869 τὸ
1194 3822 1551 3891 πατριαρχῶν
1590 3825 1689 3893 μὲν
1726 3828 1814 3879 αξ-

228 3900 625 3972 δεσιμώτερον,
662 3902 960 3972 προφητῶν
989 3904 1044 3958 δὲ
1083 3908 1548 3980 τιμαλφέστερον,
1591 3915 1687 3967 καὶ
1731 3916 1812 3969 δι-

232 3990 407 4047 καίων
436 3988 730 4062 ὁσιώτερον
754 4008 770 4023 ·
800 3993 924 4046 ἐπεὶ
955 3994 1051 4047 καὶ
1091 3997 1406 4052 ἀποστόλων
1438 4006 1810 4073 προφερέστε-

234 4101 350 4155 ρον,
390 4084 485 4138 καὶ
528 4084 827 4157 μαρτύρων
866 4087 1274 4162 εὐκλεέστερον,
1296 4092 1372 4157 ὡς
1402 4094 1430 4145 ό
1460 4094 1617 4163 λόγος
1660 4100 1810 4169 παρὰ

230 4174 327 4231 τοῦ
377 4175 832 4246 μεγάλου,Λόγου
868 4179 966 4251 τὴν
998 4184 1305 4253 μαρτυρίαν
1332 4185 1521 4256 φέρει·
1555 4183 1711 4258 αἷμα,
1747 4190 1807 4243 τὸ

232 4269 415 4338 πάσης
461 4267 832 4339 ἀνθοϐαφικῆς
871 4270 1123 4342 εὐχροίας
1166 4277 1523 4351 χαριέστερον
1571 4281 1806 4353 ὠραῒζον

225 4363 329 4431 τὴν
369 4359 464 4414 τοῦ
510 4361 748 4431 Χριστοῦ
792 4363 1142 4434 Ἐκκλησίαν,
1181 4368 1321 4435 ὑπὲρ
1376 4370 1588 4425 δικαίου
1633 4392 1804 4428 κενω-

228 4452 320 4505 θὲν
356 4453 450 4505 ἐπὶ
492 4453 635 4506 τέλει
664 4453 756 4507 τοῦ
798 4455 1029 4508 παλαιοῦ
1080 4458 1269 4526 νόμου,
1305 4461 1524 4529 καὶτῆς
1554 4463 1798 4533 Χριστοῦ

226 4546 531 4616 παρουσίας
557 4547 891 4617 προεισόδιον
932 4548 1091 4611 ἄνθος
1127 4552 1417 4621 τυγχάνον.

295 4636 359 4692 δ’.
399 4636 537 4690 Ἀλλ’
583 4638 729 4700 ὅπως
772 4637 950 4701 τοῦτο,
1006 4642 1102 4692 καὶ
1151 4640 1218 4693 δι’
1260 4637 1320 4695 οὗ
1378 4660 1541 4708 τινος,
1577 4646 1672 4698 καὶ
1711 4647 1795 4716 ἐφ’

224 4724 369 4806 ᾗπερ
407 4730 666 4782 ὑποθέσει
704 4730 1025 4792 κεκένωται,
1077 4732 1485 4801 μεθαρμοστέος
1527 4739 1658 4805 ἡμῖν
1688 4738 1796 4792 ἀπὸ

224 4824 331 4876 τῶν
388 4822 550 4891 ἱερῶν
598 4821 946 4888 ΕὑαγγεΧίων
983 4821 1227 4890 όλόγος·
1278 4824 1340 4877 '0
1364 4825 1476 4893 γὰρ
1520 4826 1794 4895 Ἡρώδης,

224 4913 382 4983 φησὶ,
413 4911 720 4981 κρατήσας
748 4914 855 4965 τὸν
896 4911 1187 4981 Ἰωάννην
1210 4914 1433 4981 ἔδησεν
1474 4920 1661 4973 αὐτὸν
1695 4921 1795 4975 καί

222 5004 389 5059 ἔθετο
412 5004 483 5058 ἐν
502 5002 748 5073 φυλακῇ
769 5004 864 5057 διὰ
910 5004 1235 5071 Ἡρωδιάδα
1263 5007 1379 5075 τὴν
1404 5010 1656 5078 γυναῖκα
1698 5015 1794 5065 Φι-

220 5096 452 5151 λίππου
477 5096 583 5150 τοῦ
622 5096 888 5165 ἀδελφοῦ
920 5097 1133 5151 αὐτοῦ.
1166 5100 1373 5169 Ἔλεγε
1417 5121 1527 5171 γαρ
1566 5103 1726 5169 αὐτῷ
1766 5108 1799 5159 ὀ

233 5186 546 5257 Ἰωάννης,
588 5191 709 5242 Οὐκ
741 5189 947 5253 ἔξεστί
982 5204 1080 5244 σοι
1110 5191 1272 5259 ἔχειν
1312 5196 1653 5261 αὑτήν-’καὶ
1704 5203 1797 5253 θέ-

220 5284 346 5335 λων
376 5282 565 5334 αὐτὸν
611 5281 981 5344 ἀποκτεῖναι,
1028 5283 1289 5352 ἐφοϐήθη
1335 5289 1444 5340 τὸν
1477 5288 1682 5357 ὄχλον,
1708 5291 1798 5345 ὅτι

220 5371 424 5440 ὥσπερ
444 5372 762 5442 προφήτην
794 5375 983 5427 αὐτὸν
1028 5371 1213 5443 εἶχον.
1264 5378 1487 5447 Πρῶτον
1528 5379 1795 5450 ζητείσθω

289 5485 334 5517 ⁸³
370 5484 563 5540 Matth.
597 5503 675 5552 XI,
710 5486 795 5541 18.
871 5487 1119 5542 “Matth.
1150 5506 1258 5554 xw,
1290 5490 1322 5543 5
1358 5490 1411 5544 5.

289 5601 404 5683 (ἢο)
436 5602 591 5683 Quod
644 5604 884 5683 Baptista
937 5610 1240 5683 exstinctus
1290 5614 1659 5683 prmdiraverit
1701 5617 1788 5671 de.

220 5672 393 5730 tentis
444 5672 585 5743 apud
644 5674 849 5730 inferos
895 5679 1200 5741 animabus.
1247 5672 1514 5740 sententia
1564 5686 1782 5741 Patrum

221 5744 431 5823 aliquot
447 5744 573 5823 fuit,
599 5760 791 5823 nempe
819 5744 1133 5823 _Hi_ppol):ti,
1167 5749 1440 5823 Origenis,
1474 5767 1528 5809 et
1569 5758 1785 5812 Eusebii

220 5814 594 5877 Alexandrini,
636 5817 773 5871 utin
810 5814 1002 5885 Spieit.
1037 5814 1193 5877 Rom.
1232 5814 1391 5889 ιΪΙΧ,
1415 5814 1467 5894 p.
1497 5826 1623 5894 685,
1650 5827 1790 5884 dixi-

1943 1364 2176 1436 denique
2206 1370 2480 1439 propheta:
2503 1373 2781 1435 Zachariae
2806 1395 3032 1442 sanctus
3075 1364 3319 1462 sanguis,
3353 1413 3517 1465 quem

1941 1468 2065 1513 ante
2080 1460 2250 1517 altare
2268 1478 2468 1521 vesano
2483 1464 3113 1537 Judaeorumcrudelitas
3154 1460 3331 1555 gladio
3374 1460 3517 1546 etfu-

1938 1551 2036 1616 dit,
2074 1552 2199 1608 dum
2258 1558 2639 1617 vaticiniorum
2690 1567 2940 1625 notitiam
2973 1577 3163 1633 audire
3210 1596 3512 1642 recusaret.

1941 1643 2047 1701 Sed
2078 1661 2177 1702 cur
2204 1664 2292 1705 me
2320 1652 2474 1721 plura
2529 1670 2812 1714 recensere
2852 1676 3085 1734 oportet,
3122 1683 3317 1740 praeter
3348 1692 3512 1746 quam

1938 1736 2263 1804 compendio
2306 1739 2488 1797 dicere
2514 1742 2580 1798 de
2604 1747 2997 1818 apostolorum,
3029 1736 3417 1826 prophetarum
3449 1778 3515 1818 ac

1940 1840 2236 1898 martyrum
2287 1841 2480 1889 sancto
2540 1842 2823 1909 sanguine,
2878 1858 3038 1913 quem
3096 1848 3307 1906 scelesti
3356 1856 3511 1910 multi

1940 1919 2227 1977 homicida:
2272 1922 2600 1995 eﬂ'uderunt,
2631 1932 2787 2000 quasi
2843 1950 2997 2005 aqua:
3030 1942 3239 2010 copiam
3271 1944 3325 1999 in
3355 1955 3513 2004 terrm

1935 2010 2187 2078 circuitu,
2206 2015 2409 2087 quique
2424 2018 2716 2090 impietatis
2740 2028 3149 2101 exstinguenda:
3163 2035 3271 2090 vim
3288 2037 3512 2096 habuit?

2006 2168 2059 2224 5.
2099 2168 2245 2227 Talis
2275 2183 2359 2229 est
2392 2174 2750 2247 Baptizaturis
2787 2182 2989 2241 Christi
3040 2187 3511 2266 Prtecursorisque

1932 2270 2155 2318 sanctus
2220 2267 2464 2336 sanguis,
2512 2270 2577 2325 de
2629 2288 2739 2341 quo
2785 2277 2945 2331 nobis
2984 2278 3072 2335 hic
3102 2281 3384 2339 institutus
3424 2296 3510 2343 est

1932 2367 2112 2408 sermo
2142 2372 2157 2415 ξ
2193 2358 2285 2427 qui
2333 2359 2634 2417 exhaustus
2669 2363 2771 2419 fuit
2827 2376 2884 2421 ut
2906 2370 3201 2436 pretiosum
3263 2390 3507 2446 unguen-

1930 2453 2047 2499 tum
2078 2463 2141 2501 ex
2183 2463 2339 2504 sacra
2371 2452 2606 2517 cervice.
2644 2464 2700 2510 et
2729 2465 2995 2515 terrarum
3021 2463 3208 2519 orbem
3242 2470 3509 2524 suavitate

1928 2535 2167 2603 perfudit
2200 2554 2213 2590 :
2247 2542 2491 2611 sanguis,
2520 2558 2680 2613 quem
2712 2562 2821 2601 non
2851 2551 3058 2606 ventris
3092 2554 3340 2625 voluptas
3373 2560 3506 2614 adu-

1928 2629 2095 2692 navit,
2133 2644 2240 2683 non
2298 2632 2408 2687 vini
2468 2638 2727 2705 sumptio,
2764 2655 2871 2694 non
2936 2644 3182 2699 carnium
3211 2662 3361 2713 esus,
3394 2667 3502 2705 non

1927 2718 2072 2773 aliud
2131 2721 2428 2792 quidquam
2471 2726 2853 2795 piitgttefacere
2900 2734 3122 2791 solitum
3168 2747 3223 2792 et
3258 2754 3504 2796 commo-

1929 2812 2170 2867 tionibus
2230 2815 2433 2871 nostris
2468 2817 2748 2887 blandiri;
2784 2823 2878 2876 sed
2935 2841 3097 2895 quem
3161 2830 3231 2883 ab
3274 2831 3503 2889 incuna-

1926 2902 2068 2958 bulis
2100 2918 2270 2974 usque
2302 2908 2370 2962 ad
2400 2908 2523 2963 vitat
2577 2911 2738 2969 tinem
2769 2915 3113 2975 abstinentia:
3157 2923 3328 2992 gratia
3366 2940 3500 2981 con-

1925 2992 2095 3052 l‘ecit:
2130 2994 2281 3051 Venit
2330 3000 2489 3065 enim,
2538 3001 2815 3071 Scriptura
2850 3008 3044 3079 inquit,
3073 3011 3306 3070 Joannes
3341 3033 3502 3086 neque

1925 3086 2253 3142 manducans
2288 3101 2449 3160 neque
2502 3091 2678 3147 bibens
2701 3095 2747 3126 ⁸³
2777 3114 2789 3150 :
2819 3100 3064 3168 sanguis,
3104 3105 3197 3172 qui
3233 3104 3500 3164 Douiinici

1927 3177 2249 3235 immortalis
2283 3184 2463 3251 poculi
2490 3183 2741 3241 etlusioni
2771 3191 3002 3258 prazivit.
3035 3192 3329 3263 Oportebat
3350 3200 3495 3253 enim

1923 3270 2061 3324 lucis
2115 3269 2528 3341 pmcursore’m,
2590 3286 2879 3347 postquam
2931 3284 3210 3353 splendida
3273 3302 3398 3342 sua.
3430 3290 3498 3343 de

1917 3362 2086 3416 sterili
2124 3372 2296 3418 matre
2347 3366 2625 3423 nativitate
2657 3379 2814 3426 terra:
2843 3385 3189 3442 apparuerat,
3217 3378 3497 3434 subterra-

1917 3455 2033 3509 neis
2060 3469 2281 3525 quoque
2329 3456 2465 3513 locis
2516 3474 2612 3529 per
2639 3472 2866 3517 mortem
2901 3479 3055 3519 suam
3090 3468 3496 3536 praedicatorem

1915 3542 2185 3600 illustrem
2247 3547 2384 3601 ﬁeri.
2448 3543 2705 3622 Sanguis,
2741 3554 2834 3622 qui
2883 3556 3057 3610 multo
3119 3559 3295 3629 magis
3325 3576 3493 3631 quam

1914 3636 2098 3692 Abelis
2160 3639 2358 3704 caedes,
2393 3640 2461 3695 ad
2506 3656 2666 3698 aures
2704 3643 2916 3701 Domini
2972 3647 3210 3704 Sabaoth
3246 3652 3494 3711 clamat:

1913 3743 2039 3783 nam
2077 3731 2319 3799 peractio
2354 3732 2557 3801 operis,
2592 3736 2837 3806 mysticae
2896 3738 3185 3808 cujusdam
3223 3744 3372 3797 vocis
3405 3754 3491 3799 est

1913 3822 2248 3886 resonantia,
2289 3837 2397 3877 non
2440 3839 2535 3892 per
2560 3826 2767 3881 VOCalia
2817 3843 3020 3898 organa
3074 3832 3351 3900 prodiens,
3394 3836 3491 3890 sed

1910 3912 1982 3967 ob
2018 3926 2133 3967 sua:
2175 3913 2427 3969 ellicacia:
2474 3917 2729 3972 virtutem
2762 3921 2970 3978 audita.
3000 3919 3234 3992 Sanguis
3260 3930 3495 3995 patriar-

1909 4002 2029 4058 chis
2060 4004 2457 4073 venerabilior,
2518 4009 2799 4077 prophetis
2855 4011 3267 4082 honorabilior,
3324 4016 3493 4086 justis

1909 4096 2188 4150 sanctior:
2225 4112 2345 4151 nam
2383 4106 2437 4152 et
2467 4102 2724 4167 apostolis
2782 4106 3126 4171 praestantior
3148 4118 3324 4174 est,et
3347 4125 3493 4163 mar-

1909 4188 2119 4258 tyribus
2170 4190 2425 4257 nobilior,
2458 4202 2517 4246 ut
2548 4194 2725 4258 magni
2760 4192 2922 4249 Verbi
2956 4198 3182 4253 verbum
3223 4208 3478 4257 testatur.

1907 4284 2140 4354 Sanguis
2177 4284 2420 4354 qualibet
2455 4286 2661 4342 coloria
2719 4288 2956 4345 tinctura
3012 4292 3234 4363 gratior,
3264 4290 3475 4348 Christi

1910 4373 2212 4428 Ecclesiam
2270 4386 2587 4439 venustans,
2635 4392 2732 4446 pro
2780 4379 2995 4448 justitia
3046 4383 3346 4438 exhaustus
3376 4384 3482 4437 sub

1907 4464 2106 4519 veteris
2167 4464 2301 4534 legis
2335 4464 2519 4529 linem,
2547 4476 2600 4520 et
2650 4466 2851 4523 Christi
2883 4472 3219 4527 advenientis
3268 4474 3484 4544 ingres-

1834 4568 1874 4619 ο
1905 4572 2024 4611 sum
2057 4556 2207 4611 ﬂoris
2252 4558 2424 4611 instar
2444 4572 2748 4614 exornans.

1975 4649 2027 4703 4.
2068 4649 2171 4703 Sed
2202 4648 2313 4718 jam
2342 4650 2618 4718 quomodo
2645 4650 2734 4704 hic
2760 4652 3005 4721 sanguis,
3032 4662 3085 4707 et
3105 4655 3263 4724 cujus
3290 4670 3479 4725 opera,

1898 4752 1950 4796 et
1975 4757 2141 4811 quam
2202 4742 2272 4795 ob
2302 4756 2524 4795 causam
2584 4744 2881 4799 exhaustus
2929 4743 3113 4811 fuerit,
3158 4748 3474 4816 explanabit

1900 4842 2083 4884 nostra
2104 4832 2169 4885 de
2187 4831 2360 4885 sacris
2376 4828 2685 4901 Evangeliis
2709 4833 2937 4886 deducta
2966 4835 3160 4889 oratio.
3192 4854 3211 4887 ι
3244 4835 3478 4892 Herodes

1898 4926 2064 4985 enim,
2105 4922 2281 4991 inquit
2305 4921 2605 4992 Scriptura,
2649 4926 2809 4978 tenuit
2852 4925 3132 4989 Joannem,
3156 4936 3204 4981 et
3235 4928 3476 4998 alligauit

1898 5029 2016 5066 eum
2052 5053 2067 5078 ,
2099 5023 2147 5066 et
2180 5013 2352 5079 posuit
2374 5014 2430 5067 in
2460 5030 2667 5068 carcere
2717 5026 2927 5084 propter
2958 5015 3313 5071 Herodiadem
3345 5034 3475 5073 uxo-

1904 5122 2011 5159 rem
2038 5103 2271 5173 Philippi
2306 5105 2491 5174 fratris
2541 5107 2646 5159 sui.
2688 5106 2900 5161 Dicebat
2925 5111 3062 5161 enim
3090 5108 3174 5162 illi
3204 5107 3473 5165 Joannes:

1900 5196 2019 5251 Non
2052 5197 2169 5250 licet
2222 5197 2314 5251 tibi
2336 5213 2450 5251 eam
2482 5199 2671 5252 habere
2694 5214 2712 5251 :
2741 5209 2789 5251 et
2823 5199 2993 5253 volens
3022 5199 3175 5253 illum
3218 5202 3469 5265 occidere,

1900 5292 2072 5345 timuit
2093 5292 2364 5359 populum,
2386 5293 2506 5360 quia
2519 5292 2655 5344 sicut
2674 5293 2977 5358 prmi/letam
3000 5308 3116 5345 eum
3131 5292 3384 5346 habebant
3399 5291 3467 5349 ⁸⁵.

1898 5380 2184 5448 Quaeratur
2208 5380 2443 5452 primum
2461 5382 2585 5449 quis
2613 5381 2713 5435 iste
2741 5381 2999 5446 Herodes,
3034 5383 3239 5437 etenim
3274 5383 3466 5437 homo—

1893 5633 2017 5674 mus
2052 5636 2066 5684 ;
2108 5618 2310 5688 quibus
2334 5617 2612 5697 adilendus
2638 5626 2943 5698 est-auctor
2994 5626 3254 5698 tractatus
3285 5618 3360 5698 _De
3395 5633 3469 5698 ζει

1894 5687 2259 5741 nmneratione
2312 5687 2493 5740 statim
2534 5698 2656 5756 post
2687 5688 2898 5742 obitum
2948 5687 3236 5743 animabus
3268 5687 3465 5752 danda,

1894 5759 2020 5812 item
2058 5758 2199 5827 apud
2237 5772 2334 5810 nos
2365 5755 2561 5825 Script.
2612 5771 2711 5811 vet.
2741 5768 2778 5810 ι.
2815 5755 2927 5823 νη,
2972 5772 3026 5827 p.
3056 5758 3185 5825 266,
3218 5768 3273 5814 ct
3319 5773 3466 5814 nunc

1901 5828 2135 5898 denique
2177 5827 2516 5881 Theodorus.
