4170 6472
689 382 794 445 763

1868 384 1926 444 S.
1964 385 2352 448 THEODORI
2401 389 2745 450 STUDsz‘E

3821 377 3924 442 764

692 494 870 564 nymia
905 494 1311 566 ambiguitatem
1362 493 1568 548 inducit
1625 495 1921 564 quominus
1971 512 2093 551 vera
2143 513 2261 566 per—

2367 499 2448 562 τίς
2484 494 2638 563 οὗτος
2671 501 2699 551 δ
2745 498 3006 569 Ἡρώδης,
3052 497 3150 567 τῆς
3183 496 3506 567 ὁμωνυμίας
3535 493 3807 562 ἀσάφειαν
3829 493 3924 561 ἐμ-

691 601 824 640 sona
853 585 1222 655 dignoscatur.
1260 585 1522 640 Nimirum
1556 595 1638 641 est
1664 586 1750 639 hic
1779 587 2066 640 tetrarcha.
2098 586 2257 642 Nam-

690 691 796 746 que
843 677 1003 741 hujus
1035 686 1187 745 pater
1222 678 1310 745 qui
1349 676 1579 732 infantes
1627 677 1919 740 interemit,
1943 678 2108 731 multo
2137 689 2261 734 ante

691 769 918 822 obierat.
951 768 1060 822 Cur
1098 767 1186 822 hic
1209 778 1388 822 autem
1417 784 1445 821 a
1477 767 1687 822 Joanne
1736 751 2264 837 reprehendebatur?

690 857 838 928 quia.
873 859 1108 928 legitima
1137 858 1306 927 ejecta
1330 858 1580 928 conjuge,
1608 858 1784 910 Areue
1814 857 1956 926 regis
1975 857 2098 920 lilia,
2135 855 2262 911 Phi-

691 947 819 1017 lippi
883 947 1064 1002 fratris
1129 963 1350 1002 uxorem
1387 948 1741 1003 Herodiadem
1772 949 1874 1002 sibi
1931 959 2119 1002 contra
2183 948 2264 1004 fas

693 1040 1129 1106 desponsaverat.
1199 1038 1468 1094 Licuisset
1519 1040 1567 1093 ei
1609 1040 1796 1109 utique
1843 1039 2136 1092 liberorum
2170 1055 2264 1093 ex-

693 1140 895 1199 pertem
932 1130 1127 1185 ducere
1163 1131 1216 1185 in
1260 1132 1574 1201 conjugium
1635 1132 1705 1185 ob
1745 1130 2119 1185 suscitandum
2155 1130 2262 1186 fra—

695 1221 760 1273 tri
798 1235 1005 1283 semen,
1030 1221 1184 1289 juxta
1234 1220 1525 1276 Mosaicam
1580 1222 1754 1290 legem
1797 1239 1812 1285 ;
1844 1221 1938 1275 sed
1971 1220 2262 1276 liberorum

689 1312 800 1380 jam
861 1323 1086 1367 matrem
1124 1329 1229 1367 non
1287 1314 1484 1368 licebat
1517 1331 1528 1366 :
1564 1327 1727 1382 porro
1758 1321 1875 1366 erat
1931 1313 2054 1367 huic
2100 1313 2262 1368 filiola

694 1402 1023 1472 homonyma
1099 1400 1385 1466 Herodias,
1443 1403 1646 1473 aspidis
1706 1403 1881 1466 fetus,
1934 1403 2260 1459 diabolicum

692 1493 1008 1562 perditionis
1064 1509 1176 1548 suae
1237 1494 1678 1548 instrumentum.
1741 1492 1889 1547 Justa
1945 1494 2106 1563 igitur
2167 1495 2262 1549 abs

692 1583 898 1639 Joanne
919 1585 1264 1654 reprehensio
1293 1585 1489 1648 liebat;
1519 1594 1571 1639 et
1596 1583 1810 1653 quidem
1841 1586 2128 1638 monitoria
2157 1600 2259 1638 non

695 1675 1107 1738 contumeliosa,
1145 1674 1479 1728 medicinalis
1508 1689 1613 1727 non
1643 1671 1917 1727 vulnifica.
1948 1672 2086 1738 Quid
2118 1674 2260 1726 enim

696 1766 908 1820 aiebat?
943 1764 1060 1820 Non
1097 1765 1215 1818 licet
1244 1765 1336 1817 tibi
1362 1781 1475 1817 eam
1509 1763 1694 1817 habere
1728 1781 1746 1828 ;
1776 1774 1937 1832 atque
1992 1764 2058 1818 ad
2089 1763 2258 1832 legem

2363 590 2622 660 ποιούσης
2643 589 2733 642 τοῦ
2755 589 3103 658 ὀφειλομένου
3128 586 3419 658 προσώπου
3443 584 3732 656 δηλοῦσθαι
3753 600 3767 614 ο
3792 583 3925 635 ὀτε-

2361 681 2606 750 τράρχης
2630 679 2873 750 δηλονότι
2894 696 2908 711 ο
2938 683 2966 732 ὁ
3003 679 3112 746 γάρ
3140 678 3327 732 τούτου
3376 679 3577 746 πατὴρ,
3618 677 3647 728 ὁ
3675 675 3783 728 τῶν
3832 691 3924 743 νη-

2364 774 2500 824 πίων
2551 772 2845 841 ἀναιρέτης
2890 768 3292 839 τετελευτηκὼς
3340 764 3425 840 ἦν.
3449 769 3645 821 πάλαι·
3679 765 3824 828 τίνος
3869 765 3925 817 δὲ

2363 861 2521 930 χάριν
2549 861 2810 928 ἠλέγχετο
2856 858 3008 929 παρὰ
3056 857 3150 911 τοῦ
3201 856 3446 910 Ἰωάννου
3474 857 3592 922 ςότι
3634 855 3736 922 τὴν
3772 853 3927 922 νομί-

2366 967 2478 1019 μως
2514 949 2872 1017 συναφθείσαν
2897 945 3045 1016 αύτῷ
3092 948 3325 1015 γυναῖκα
3370 942 3722 1006 ἐκδεδιωκὼς,
3759 943 3927 1010 ἡγουν

2361 1039 2457 1106 τὴν
2505 1038 2783 1106 θυγατέρα
2826 1037 3019 1106 Ἀρέτα
3063 1035 3154 1088 τοῦ
3209 1033 3626 1104 βασιλέως,τὴν
3653 1030 3748 1084 τοῦ
3777 1031 3928 1084 ἀδελ-

2370 1125 2471 1193 φοῦ
2495 1127 2765 1178 Φιλίππου
2809 1127 3113 1197 Ἡρωδιάδα
3139 1125 3471 1196 παρανόμως
3492 1124 3736 1192 ἐγήματο
3759 1139 3772 1152 °
3801 1121 3928 1192 ἐξῆν

2363 1217 2471 1284 γὰρ
2499 1217 2660 1269 αὑτὸν
2689 1217 2892 1271 ἄπαιδα
2929 1212 3095 1270 οὖσαν
3125 1215 3426 1284 ἀγαγέσθαι
3466 1216 3544 1276 είς
3575 1213 3762 1283 βίωσιν
3790 1213 3930 1281 πρὸς

2362 1306 2658 1360 ἀνάστασιν
2697 1307 2984 1376 ἀδελφικοῦ
3008 1307 3344 1377 σπέρματος,
3370 1306 3508 1358 κατά
3531 1305 3620 1356 τὸν
3647 1302 3930 1373 μωσαῖκδν

2362 1397 2556 1465 νόμον·
2591 1398 2864 1451 ὑπόπαιδα
2913 1399 2970 1451 δὲ
3017 1398 3428 1467 τυγχάνουσαν,
3473 1394 3722 1464 οὐδαμῶς
3775 1393 3926 1463 (21)”

2360 1484 2428 1558 ἦν
2465 1490 2522 1542 δὲ
2559 1490 2695 1560 αὐτῇ
2739 1489 3066 1560 θυγάτριον,
3092 1491 3126 1558 ἠ
3174 1487 3461 1559 ὁμώνυμος
3530 1487 3824 1558 Ἡρωδιὰς,
3871 1485 3931 1538 τὸ

2363 1581 2580 1647 ἔγγονον
2611 1582 2709 1651 τῆς
2743 1582 2989 1645 ἀσπίδος,
3026 1582 3088 1634 τὸ
3115 1580 3423 1634 διαδολικὸν
3454 1580 3685 1650 ὄργανον
3717 1581 3818 1648 τῆς
3847 1578 3930 1629 ol-

2363 1671 2514 1732 κείας
2540 1671 2818 1734 ἀπωλείας
2837 1686 2851 1700 ·
2884 1670 3078 1723 ούκοῦν
3108 1670 3333 1733 είκότως
3359 1672 3387 1723 ὀ
3413 1669 3632 1738 ἐλεγχος
3663 1667 3814 1738 παρά
3833 1664 3930 1719 τοῦ

2375 1762 2620 1815 Ἰωάννου
2641 1779 2654 1793 ⁸
2686 1764 2780 1816 καὶ
2803 1759 2956 1825 οὗτος
2993 1762 3466 1833 ὑπομνηματικδς,
3498 1761 3614 1814 ἀλλ’
3641 1761 3740 1828 ούχ
3771 1758 3930 1828 ὑδρι-

696 1856 1043 1925 provocabat,
1087 1855 1166 1911 sic
1198 1853 1308 1908 fere
1331 1854 1518 1908 dicens
1555 1872 1568 1907 :
1608 1853 1804 1908 videsis
1852 1863 1905 1906 et
1934 1868 2096 1907 nosce
2127 1854 2254 1922 quid

2367 1853 2563 1917 ττικδς,
2600 1853 2964 1921 ίατρευτικδς,
3000 1853 3114 1906 ἀλλ’
3152 1853 3213 1906 ού
3242 1851 3704 1922 τραυματοποιὸς.
3727 1851 3792 1902 Τί
3821 1849 3937 1918 γάρ

695 1946 788 2001 tibi
826 1947 910 2001 lex
941 1946 1186 2016 imperet.
1230 1943 1288 1998 Si
1335 1944 1526 2013 fratres
1572 1943 1730 1996 simul
1759 1942 2015 2007 habitent,
2045 1953 2092 1997 et
2123 1961 2257 1997 unus

693 2054 757 2090 ea:
794 2036 875 2090 bis
921 2038 1200 2100 moriatur,
1245 2051 1334 2087 nec
1373 2051 1543 2088 semen
1582 2036 1628 2087 ei
1674 2034 1878 2102 fuerit;
1905 2050 2007 2086 non
2048 2035 2260 2087 dabitur

692 2129 938 2183 exstincti
978 2144 1113 2182 uxor
1150 2131 1257 2181 viro
1306 2127 1444 2180 haud
1478 2128 1765 2196 propinquo
1791 2127 1920 2190 ;sed
1972 2128 2069 2180 viri
2113 2127 2258 2180 illius

693 2221 860 2286 frater
913 2218 1235 2287 ingredietur
1265 2219 1334 2269 ad
1357 2233 1492 2279 eam,
1520 2225 1784 2286 sumetque
1814 2217 1912 2270 sibi
1948 2233 2181 2278 uxorem,
2209 2227 2258 2270 et

691 2325 809 2362 cum
843 2308 939 2362 illa
978 2309 1230 2361 habitabit
1257 2325 1274 2361 :
1301 2316 1349 2361 et
1379 2309 1425 2361 si
1465 2308 1638 2375 ﬁlium
1690 2310 1881 2376 pariet,
1917 2311 2260 2363 constituetur

691 2415 756 2454 ea:
786 2399 1020 2468 defuncti
1070 2401 1298 2464 nomine,
1332 2410 1377 2453 et
1417 2415 1521 2452 non
1548 2398 1805 2452 delebitur
1837 2417 2020 2452 nomen
2057 2401 2168 2468 ejus
2197 2416 2260 2454 ετ

695 2492 871 2546 Israel
902 2493 968 2545 ".
1016 2491 1140 2545 Haec
1196 2491 1287 2544 tibi
1336 2491 1420 2544 lex
1460 2491 1808 2560 imperat;tu
1855 2506 1984 2545 vero
2037 2507 2258 2545 uxorem

694 2583 927 2647 duxisti,
965 2599 1084 2652 qua:
1115 2583 1280 2636 filiam
1313 2598 1378 2635 ex
1417 2581 1582 2636 fratre
1618 2591 1713 2636 tuo
1743 2591 2045 2651 susceptam
2077 2583 2257 2637 habet.

693 2672 769 2728 Ne
799 2675 980 2742 itaque
1019 2674 1342 2744 legislatoris
1365 2674 1737 2743 praescriptum
1774 2674 2257 2743 praetergrediaris;

693 2783 870 2834 neque
903 2782 1195 2836 purpuram
1238 2767 1479 2820 maculcs
1513 2766 1780 2835 sanguine
1809 2767 2035 2829 illicito;
2061 2777 2257 2819 etcum

694 2859 905 2912 ueteris
931 2857 1178 2927 exemplo
1198 2873 1318 2912 esse
1335 2858 1553 2921 debeas,
1587 2873 1715 2912 cave
1743 2873 1808 2910 ne
1839 2857 2073 2911 subditis
2093 2872 2256 2911 causa

694 2948 950 3017 peccandi
988 2947 1237 3004 elliciaris
1271 2966 1284 3002 :
1315 2950 1540 3018 ideoque
1598 2949 1800 3017 justam
1853 2948 2256 3002 damnationem

692 3039 936 3108 patiaris,
972 3041 1220 3108 quoniam
1253 3042 1547 3093 districtum
1585 3039 1859 3108 judicium
1893 3055 1978 3092 eos
2007 3040 2096 3108 qui
2127 3041 2256 3092 emi-

695 3136 844 3179 nente
869 3127 1126 3196 dignitate
1161 3139 1278 3180 sunt
1310 3140 1481 3181 manet
1504 3129 1568 3182 ⁸⁸.

2365 1961 2560 2015 φησινς
2592 1946 2711 1997 Οὐκ
2735 1943 2939 2004 ἔξεστί
2963 1961 3062 1998 σοι
3089 1946 3253 2013 ἔχειν
3279 1943 3473 2009 αὐτήν
3501 1959 3514 1972 ·
3547 1943 3642 1993 ἐπὶ
3657 1941 3757 2012 τὴν
3779 1939 3932 1992 θείαν

2363 2036 2523 2088 αὐτὸν
2559 2036 2876 2106 νομοθεσίαν
2911 2037 3115 2101 ἄνεισι,
3145 2034 3372 2089 τοιαῦτά
3407 2051 3523 2097 πως
3562 2033 3739 2100 λέγων
3765 2047 3779 2062 ·
3823 2029 3933 2084 Ἰδε

2364 2127 2458 2180 καὶ
2482 2125 2745 2194 ἐπίγνωθι
2776 2127 2828 2180 τί
2859 2144 2940 2179 σοι
2981 2129 3009 2180 ὁ
3060 2128 3222 2196 νόμος
3263 2123 3740 2195 παρακελεύεται·
3790 2123 3935 2175 Ἐὰν

2363 2219 2430 2272 δὲ
2473 2218 2861 2274 κατοικοῦσιν
2915 2219 3163 2288 ἀδελφοί
3205 2219 3302 2271 ἐπί
3335 2218 3400 2270 τὸ
3437 2218 3606 2279 αὐτὸ,
3640 2215 3742 2269 καὶ
3781 2215 3933 2267 ἀπο-

2366 2310 2515 2378 θάνῃ
2544 2305 2632 2376 εἷς
2667 2311 2735 2375 ἐξ
2769 2310 2989 2373 αὐτῶν,
3023 2310 3260 2377 σπέρμα
3293 2308 3360 2361 δὲ
3383 2307 3467 2374 μὴ
3503 2307 3596 2374 εἴη
3618 2305 3799 2370 αὐτῷ,
3821 2308 3935 2359 οὐκ

2365 2402 2592 2468 ἐστινὴ
2628 2402 2782 2471 γυνὴ
2826 2401 2930 2454 τοῦ
2964 2403 3318 2466 τεθνηκότος
3361 2400 3477 2462 ἔξω
3509 2397 3680 2464 ἀνδρί
3721 2395 3802 2463 μὴ
3834 2396 3934 2464 ἐγ-

2366 2491 2580 2560 γίζοντι
2603 2509 2617 2523 ο
2653 2495 2685 2545 ὁ
2711 2492 2976 2560 ἀδελφὸς
3003 2489 3109 2543 τοῦ
3129 2489 3349 2558 ἀνδρὸς
3375 2487 3563 2556 αὐτῆς
3584 2490 3941 2542 εἰσελεύσε-

2367 2600 2458 2636 ται
2479 2583 2627 2650 πρὸς
2669 2583 2863 2650 αὐτὴν
2885 2626 2899 2648 ,
2928 2584 3025 2637 καί
3072 2583 3330 2650 λήψεται
3382 2583 3573 2648 αὐτὴν
3598 2579 3791 2645 ἑαυτῴ
3833 2599 3939 2650 τυ-

2364 2673 2560 2737 ναῖκα,
2575 2675 2669 2726 καί
2685 2674 3038 2742 συνοικήσει
3056 2673 3211 2741 αὐτῇ
3221 2689 3233 2702 ·
3254 2674 3350 2727 καί
3369 2673 3538 2725 ἐσται
3562 2673 3648 2736 τὸ,
3673 2671 3936 2736 παιδίον,

2366 2766 2397 2819 ὃ
2457 2765 2533 2820 ἂν
2570 2767 2782 2836 τεχθῇ,
2821 2767 3336 2833 κατασταθήσεται
3372 2766 3442 2819 ἐκ
3489 2764 3595 2818 τοῦ
3647 2766 3940 2833 ὀνόματος

2366 2857 2471 2910 τοῦ
2511 2861 3022 2926 τετελευτηκότος,
3051 2860 3150 2912 καί
3186 2861 3299 2913 οὐκ
3336 2857 3838 2926 ἐξαλειφθήσεται
3875 2857 3944 2910 τὸ

2367 2946 2553 3016 ὄνομα
2601 2950 2786 3004 αὑτοῦ
2833 2951 2901 3014 ἐξ
2943 2950 3215 3018 Ἰσραήλ.
3251 2949 3441 3004 Ταῢτά
3483 2950 3800 3018 σοιόνόμος
3838 2965 3942 2999 πα-

2371 3037 2718 3105 ρακελεύεται
2744 3055 2758 3071 ο
2792 3044 2854 3093 σὺ
2881 3039 2936 3092 δὲ
2975 3040 3271 3108 είσοικήσω
3314 3038 3412 3109 τὴν
3461 3039 3688 3108 ἔχουσαν
3728 3035 3954 3089 παιδίον-

2365 3128 2431 3178 ἐκ
2458 3127 2552 3180 τοῦ
2577 3129 2805 3198 ἀδελφοῦ
2843 3148 2962 3183 σου.
3008 3129 3100 3199 Μὴ
3133 3129 3189 3182 δὲ
3230 3128 3483 3198 παραθῇς
3526 3128 3617 3182 τοῦ
3650 3127 3944 3195 νομοθέτου

691 3221 784 3271 τὶν
807 3221 928 3292 ὅρον
948 3235 962 3248 °
994 3218 1116 3289 μηδ’
1150 3219 1317 3289 αὐτὴν
1334 3219 1622 3289 ἁλουργίδα
1653 3219 1884 3291 μολύνῃς
1909 3219 2100 3290 αἵματι
2125 3219 2325 3288 ἀνοσίῳ
2351 3235 2365 3248 ·
2421 3222 2558 3289 μήτε
2581 3220 2686 3291 μὴν
2705 3223 2732 3273 ὁ
2757 3221 2936 3285 ἄλλοις
2995 3222 3164 3283 τύπος
3204 3219 3467 3289 εὐνομίας
3527 3221 3756 3288 ὀφείλων
3809 3219 3944 3271 καθ’

693 3313 934 3377 εστάναι,
953 3314 1064 3374 τοῖς
1091 3312 1195 3363 ὑπὸ
1220 3314 1375 3382 χεῖρα
1399 3311 1569 3374 αἴτιος
1607 3312 1830 3382 ὀφθείης
1860 3311 2238 3384 παρανομίας·
2279 3311 2384 3363 κάν
2447 3315 2620 3383 τούτῳ
2688 3313 2930 3376 ὑποίσοις
2971 3313 3032 3366 τὺ
3090 3315 3265 3383 κρῖμα
3305 3312 3538 3376 ἐνδικον,
3566 3311 3686 3364 Ὅτι
3746 3313 3951 3380 κρίσις

705 3405 1005 3470 ἀπότομος
1026 3403 1096 3454 ἐν
1117 3402 1241 3468 τοῖς
1265 3401 1627 3470 ὑπερέχουσι
1667 3403 1908 3471 γίνεται.

768 3499 821 3553 5.
862 3497 955 3551 llle
1011 3505 1190 3551 autem
1240 3497 1477 3564 potentia
1518 3498 1725 3561 elatus,
1785 3495 1954 3552 Deum
2004 3500 2271 3556 exsistere

695 3589 916 3649 oblitus,
951 3587 1184 3647 furebat,
1221 3587 1299 3639 ira
1338 3587 1619 3648 aestuabat,
1657 3589 2128 3655 reprehensionem
2179 3607 2266 3647 re-

698 3680 947 3750 pellebat.
977 3676 1094 3732 Non
1124 3688 1206 3733 est
1235 3677 1478 3733 imitatus
1510 3677 1792 3745 Davidem,
1825 3680 1914 3749 qui
1944 3695 1974 3734 a
2005 3683 2266 3751 prOpheta

696 3770 940 3825 Nathane
966 3769 1031 3822 de
1079 3769 1328 3823 adulterii
1375 3769 1608 3824 crimine
1651 3779 1964 3840 coargutus,
1994 3771 2047 3825 in
2077 3787 2267 3827 vocem

697 3863 844 3918 illam
875 3860 1050 3930 erupit
1079 3877 1092 3913 :
1126 3859 1345 3914 Peccavi
1377 3860 1599 3915 Domino
1623 3862 1704 3914 ’τε
1724 3861 1883 3928 cujus
1922 3861 1993 3916 ob
2047 3860 2272 3917 humili-

698 3961 862 4006 tatem
890 3950 1150 4005 Dominus
1181 3960 1458 4020 peccatum
1481 3951 1782 4006 transtulit.
1818 3951 1921 4006 Sed
1953 3951 2062 4017 hic,
2095 3953 2272 4024 inquit

701 4041 1000 4113 Scriptura,
1054 4041 1476 4111 comprehensum
1538 4040 1801 4096 Joannem
1855 4043 2076 4097 vinculis
2147 4060 2269 4098 con-

698 4136 914 4188 strinxit
936 4145 982 4188 et
1008 4134 1207 4188 carceri
1253 4135 1475 4187 tradidit
1498 4135 1564 4188 ⁸⁸.
1597 4133 1879 4189 Hominem
1928 4135 2271 4206 philosophia

698 4227 959 4281 invictum
999 4224 1412 4294 comprehendit
1449 4225 1496 4279 is
1525 4225 1618 4294 qui
1650 4225 1883 4281 luxuria:
1911 4228 2163 4296 passione
2199 4238 2274 4285 te-

699 4317 926 4372 nebatur
958 4333 971 4369 :
1016 4315 1290 4370 hominem
1317 4314 1573 4379 liberum,
1604 4324 1790 4382 utpote
1835 4316 1985 4369 omni
2021 4318 2272 4385 passione

707 4409 981 4472 solutum,
1015 4406 1260 4475 alligavit
1318 4407 1365 4460 is
1403 4406 1496 4476 qui
1551 4407 1983 4475 intemperantia
2045 4408 2272 4464 vinculis

700 4499 1028 4553 constrictus
1045 4507 1160 4552 erat
1193 4516 1206 4550 :
1231 4496 1508 4551 custodem
1537 4497 2057 4568 praedicatoremque
2084 4498 2259 4555 Eccle

699 4590 795 4645 sia:
855 4589 1072 4644 tradidit
1101 4589 1382 4653 custodiae,
1411 4590 1457 4643 is
1509 4589 1602 4658 qui
1660 4589 1994 4658 impurorum
2051 4600 2272 4647 actuum

699 4682 1030 4750 mancipium
1084 4690 1218 4737 erat.
1282 4679 1504 4749 Propter
1558 4679 1845 4734 Herodiam
1899 4680 2130 4750 Philippi
2164 4684 2273 4752 fra-

2439 3505 2500 3553 e'.
2540 3495 2598 3550 '0
2627 3494 2685 3548 δὲ
2721 3493 2836 3562 ἅμα
2874 3489 2952 3560 τῷ
2997 3489 3208 3558 κράτει,
3237 3486 3330 3540 καὶ
3355 3487 3416 3539 τὸ
3458 3481 3598 3539 εἶναι
3641 3484 3775 3537 Θεὸν
3820 3487 3954 3540 ἐπι-

2368 3588 2723 3660 λελησμένος,
2768 3582 2982 3653 ἐμάνη,
3015 3579 3224 3652 ἐξήφθη
3263 3578 3339 3649 τῷ
3389 3576 3570 3647 θυμῷ,
3614 3577 3948 3632 ἀπεσείσατο

2368 3683 2456 3736 τὸν
2488 3680 2714 3748 ἔλεγχον
2738 3691 2751 3705 ·
2781 3675 2882 3726 οὐκ
2939 3673 3253 3741 ἐμιμήσατο
3288 3669 3381 3722 τὸν
3425 3667 3612 3733 Δασὶδ,
3653 3666 3712 3730 ὃς
3753 3668 3946 3739 ἐπιιδὴ

2371 3771 2617 3842 ἠλέγχθη
2671 3768 2823 3838 παρὰ
2879 3764 3068 3818 Νάθαν
3116 3762 3210 3816 τοῦ
3265 3763 3542 3833 προφήτου
3575 3761 3667 3813 ἐπὶ
3699 3759 3950 3829 μοιχείας

2370 3862 2703 3930 ἐγκλήματι,
2745 3857 2963 3928 ἐκείνην
2991 3853 3325 3926 προεϐάλετο
3354 3854 3453 3920 τὴν
3481 3850 3685 3922 φωνὴν,
3730 3850 3949 3920 Ἦμάρ-

2371 3965 2524 4015 mna
2553 3944 2632 4011 τῷ
2661 3946 2856 4014 Κυρίῳ
2883 3960 2896 3972 °
2931 3936 2995 3997 οὗ
3031 3941 3120 3996 διά
3147 3941 3246 4012 τὴν
3273 3941 3602 3995 ταπείνωσιν
3629 3942 3722 3994 καὶ
3738 3941 3949 4010 Κύριος

2371 4036 2743 4110 παρεκδίδασε
2765 4035 2824 4086 τὸ
2847 4033 3148 4105 ἁμάρτημα
3174 4047 3188 4063 ο
3223 4032 3365 4086 ἀλλά
3427 4035 3766 4101 Κρατήσας,
3787 4031 3945 4102 φησὶ,

2371 4131 2479 4185 τὸν
2520 4127 2832 4194 Ἰωάννην,
2867 4124 3094 4191 ἔδησεν
3131 4125 3318 4177 αὐτὸν
3356 4125 3453 4176 καί
3489 4123 3709 4191 ἔθηκεν
3739 4124 3810 4176 ὲν
3835 4140 3922 4190 φυ

2370 4221 2553 4289 λακῇ.
2619 4218 2925 4289 Ἐκράτησε
2977 4215 3068 4268 τὸν
3112 4212 3401 4283 φιλοσοφίᾳ
3462 4214 3950 4284 ἀκράτητον,ὁκε.

2372 4311 2713 4383 κρατημένος
2737 4310 2816 4380 τῷ
2852 4306 3012 4362 πάθει
3042 4305 3138 4374 τῆς
3170 4302 3458 4371 ἀσελγείας
3485 4321 3499 4334 ο
3519 4304 3676 4374 ἔδησε
3699 4303 3790 4356 τὸν
3811 4304 3948 4355 ano-

2371 4406 2664 4474 λελυμένον
2708 4406 2774 4473 τῇ
2824 4399 3230 4472 ἀπροσπαθείᾳ,
3260 4399 3288 4450 ὁ
3315 4396 3600 4466 δεδεμένος
3635 4399 3701 4467 τῇ
3733 4411 3949 4466 μαγγαο

2371 4498 2462 4568 vlq.
2487 4497 2583 4567 τῆς
2603 4495 2896 4556 ἀκολασίας
2923 4507 2936 4521 ·
2973 4492 3127 4544 ἔθετο
3159 4492 3214 4542 ὲν
3247 4489 3463 4559 φυλακῇ
3487 4489 3578 4542 τὸν
3610 4489 3827 4556 φύλακα
3853 4489 3950 4541 καὶ¹

2371 4591 2590 4659 κήρυκα
2620 4586 2719 4655 τῆς
2745 4583 3100 4654 Ἐκκλησίας,
3130 4585 3156 4636 ὁ
3201 4581 3598 4652 καθειργμένος
3644 4582 3710 4651 τῇ
3751 4579 3948 4650 πράξει

2371 4682 2470 4750 τῆς
2527 4678 2906 4746 ἀκαθαρσίας’
2953 4676 3055 4729 Διά
3107 4673 3432 4742 Ἡρωδιάδα
3494 4673 3795 4726 Φιλίππου
3840 4672 3955 4726 τοῦ

701 4772 796 4825 tris
814 4772 896 4824 sui
911 4771 954 4803 ⁸⁹
978 4768 1385 4836 ;Herodiadem,
1407 4770 1650 4839 inquam,
1671 4769 1853 4825 Dalilae
1874 4773 2118 4827 moribus
2136 4773 2260 4827 simi

2380 4770 2647 4840 ἀδελφοῦ
2672 4769 2892 4823 αὐτοῦ’
2943 4766 3243 4836 Ἡρωδιάδα
3292 4765 3390 4834 τὴν
3409 4765 3506 4834 τῆς
3561 4763 3759 4816 Δαλιδά
3821 4763 3950 4832 ὁμό-

698 4863 832 4927 lem,
859 4869 912 4916 et
938 4861 1139 4916 diaboli
1166 4861 1484 4930 complicem
1513 4879 1526 4914 :
1549 4863 1665 4930 ipsa
1684 4861 1827 4916 enim
1849 4862 2175 4918 torisocium
2199 4882 2260 4920 ve

2384 4880 2606 4934 τροπον,
2644 4861 2738 4914 καὶ
2766 4860 2860 4912 τοῦ
2901 4858 3148 4912 διαϐόλου
3199 4857 3630 4926 συμπράκτορα·
3661 4855 3801 4927 αὕτη
3839 4857 3949 4926 γὰρ

700 4952 883 5021 potius
903 4952 1193 5007 ascititium
1208 4952 1275 5005 ad
1290 4949 1517 5005 Joannis
1535 4952 1716 5006 odium
1744 4951 1980 5020 impulit.
2000 4951 2120 5007 Non
2139 4953 2274 5019 fero,

701 5041 900 5111 inquit,
925 5041 1217 5110 vituperari
1252 5055 1374 5110 qua:
1401 5055 1521 5094 sum
1549 5041 1736 5110 regina
1767 5056 1797 5095 a
1827 5039 2105 5096 Zachariae
2138 5043 2269 5097 lilio.

701 5130 875 5185 Trade
928 5130 1134 5185 carceri
1169 5130 1406 5200 linguam
1449 5145 1572 5199 quae
1622 5144 1709 5184 me
1746 5128 1988 5184 dill'amat
2020 5148 2032 5184 :
2064 5131 2268 5200 perime

702 5221 885 5275 statim
927 5221 1137 5290 spiculo
1181 5219 1332 5274 illum
1365 5220 1458 5290 qui
1503 5219 1618 5276 suis
1653 5221 1891 5274 animam
1945 5236 2123 5276 meam
2155 5235 2266 5276 sero

703 5315 956 5370 monibus
982 5330 1080 5389 ceu
1111 5315 1230 5370 telis
1250 5314 1522 5369 vulnerat.
1559 5315 1791 5386 Cumque
1833 5331 1951 5369 eum
1995 5315 2143 5369 vellet
2187 5331 2270 5369 oc.

702 5412 892 5476 cidere,
919 5411 1093 5464 timuit
1131 5412 1404 5481 populum,
1426 5415 1552 5481 quia
1579 5411 1842 5480 propheta:
1864 5411 1976 5464 loco
2009 5427 2127 5464 eum
2174 5410 2267 5464 Ita-

703 5503 886 5556 bebant
911 5503 978 5557 ’°.
1005 5502 1124 5559 Non
1153 5505 1296 5559 enim
1323 5505 1368 5560 si
1393 5505 1610 5574 quando
1640 5504 1825 5561 volunt
1863 5519 2013 5576 reges
2040 5518 2262 5573 pravum

2379 4956 2471 5007 τὸν
2505 4953 2812 5022 σύγκοιτον,
2850 4940 3132 5021 μᾶλλονδὲ
3162 4949 3414 5002 σύνθετον
3446 4948 3655 5019 ὤτρυνε
3686 4948 3824 5019 πρὸς
3847 4948 3947 5020 τὴν

2373 5045 2469 5098 τοῦ
2493 5045 2741 5097 Ἰωάννου
2785 5043 2980 5113 μανίαν
3001 5057 3016 5071 ·
3046 5039 3121 5093 Oi)
3147 5039 3314 5109 φέρω,
3350 5038 3503 5109 φησὶν,
3534 5036 3937 5108 κωμῳδεῖσθαι,

2374 5135 2661 5205 βασίλισσα
2711 5133 3072 5203 τυγχάνουσα,
3108 5130 3212 5183 ὑπὸ
3259 5129 3351 5182 τοῦ
3400 5128 3589 5191 παιδὸς
3630 5127 3940 5199 Ζαχαρίου’

2377 5229 2541 5291 κάθες
2570 5227 2670 5297 τὴν
2700 5225 2953 5295 γλῶσσαν
2985 5225 3043 5276 ἐν
3072 5222 3286 5292 φυλακῇ
3318 5221 3418 5293 τὴν
3461 5220 3562 5290 ἐμὲ
3596 5219 3940 5290 στηλ.τεύου-

2375 5335 2503 5371 σαψ
2537 5321 2750 5372 κτεῖνον
2773 5318 2829 5368 ὲν
2849 5316 3004 5384 τάχει
3057 5316 3228 5384 αἰχμῇ
3273 5313 3363 5366 τὸν
3419 5309 3555 5382 ἐμοῦ
3611 5311 3712 5380 τὴν
3764 5310 3942 5382 ψυχὴν

2371 5412 2484 5471 τοῖς
2534 5411 2714 5477 λόγοις
2766 5408 2840 5471 ὡς
2880 5407 3056 5476 βέλεσι
3098 5404 3561 5476 τραυματίζοντα.
3604 5403 3712 5458 Καί
3748 5403 3940 5457 θέλων

2371 5502 2556 5557 αὑτὸν
2585 5499 2948 5564 ἀποκτεῖναι,
2971 5497 3232 5568 ἐφοϐήθη
3264 5496 3371 5550 τὸν
3391 5495 3600 5564 ὄχλον,
3628 5494 3713 5548 ὅτι
3739 5494 3938 5561 ὥσπερ

768 5616 814 5650 ⁸⁸
847 5616 999 5672 Deut.
1034 5634 1156 5683 xxv,
1190 5619 1243 5673 5.
1305 5617 1497 5688 "Sap.
1527 5633 1602 5683 v1,
1633 5619 1685 5675 6.
1757 5621 1800 5653 ³⁷
1828 5620 1957 5691 Reg.
1987 5637 2085 5687 xu,
2118 5621 2202 5676 15.

2367 5617 2526 5675 lalth.
2605 5632 2711 5683 xw,
2737 5616 2789 5670 ὅ.
2861 5613 2907 5646 ⁸⁸
2937 5613 3065 5671 ibid.
3098 5612 3155 5668 9.
3225 5613 3270 5643 '°
3294 5611 3421 5667 ibid.
3453 5611 3506 5667 5.

775 5707 885 5778 (2|)
915 5707 1183 5778 Josephus
1215 5710 1374 5765 Hebr.
1411 5711 1530 5765 loco
1562 5726 1686 5766 mox
1713 5712 1950 5767 citando.

774 5777 884 5846 (2'2)
920 5777 1076 5835 Errat
1106 5777 1447 5846 Theodorus,
1478 5796 1602 5837 nam
1662 5782 1860 5839 diserte
1914 5782 2052 5839 hanc
2088 5781 2259 5839 llero-

2371 5711 2547 5766 tliadis
2570 5709 2734 5764 filiam
2785 5706 3016 5778 appellat
3075 5703 3352 5767 Salomen,
3387 5717 3493 5778 non
3557 5701 3931 5761 Herodiadetn.

2367 5779 2562 5851 Joseph
2595 5779 2772 5846 Antia.
2809 5775 2904 5832 lib.
2927 5791 3082 5843 xvnt,
3139 5790 3260 5842 cap.
3290 5789 3362 5840 vr,
3395 5775 3447 5830 4.
