4170 6480
711 406 813 471 767

1887 410 1945 468 S-
2007 404 2400 468 THEODORI
2456 407 2802 469 STUDszE

3854 417 3961 483 768

712 520 886 587 Quam
916 519 1193 575 terrificus
1225 520 1483 575 nuntius!
1526 533 1689 588 quam
1717 518 1999 573 horribilis
2054 520 2130 572 rei
2160 533 2281 571 nar-

2399 515 2478 569 isv
2530 514 2671 583 οἶνος
2725 520 2912 589 ἐχέετο
2962 521 3221 593 ἄκρατος,
3264 523 3515 579 ἐντεῦθεν
3570 521 3710 598 αἷμα
3758 529 3968 588 δίκαιον

714 613 879 668 ratio!
914 613 1211 682 Datumque
1242 622 1317 667 est
1342 611 1623 681 παίεται
1647 611 1741 665 illa
1765 612 1954 665 detulit
1975 612 2043 665 ad
2068 622 2286 665 matrem

712 720 881 758 suam.
921 703 1053 759 Hem
1119 721 1390 762 summam
1459 704 1883 759 absurditatem!
1943 704 2135 758 Datum
2206 716 2291 762 est

715 796 1095 852 inaestimabile
1149 808 1313 869 caput
1343 812 1438 867 pro
1480 797 1573 849 vili
1598 804 1764 862 actu;
1815 797 2042 867 impurae
2096 798 2287 866 profa-

715 904 905 957 meque
942 888 1180 951 feminae.
1216 906 1302 945 res
1330 899 1518 944 sancta
1560 896 1615 943 et
1661 888 1887 950 intacta,
1921 888 2052 957 ipsis
2079 890 2288 957 angelis

716 980 1075 1035 honorabilis.
1122 982 1319 1035 Attulit
1377 980 1443 1035 ad
1493 989 1723 1035 matrem
1782 996 1979 1041 suam;
2039 980 2290 1036 videlicet

713 1068 914 1122 obtulit
963 1069 1122 1137 quasi
1173 1070 1415 1125 edulium
1467 1069 1721 1140 ingluviei
1777 1070 1971 1124 matris
2014 1086 2135 1140 qua:
2166 1086 2291 1141 pro-

714 1163 891 1232 pheta
935 1179 1122 1218 necem
1168 1163 1576 1233 discupiverat:
1615 1161 1873 1229 Comede,
1930 1164 2203 1233 inquiens,
2256 1182 2290 1220 ο

716 1264 913 1321 mater,
947 1271 1142 1312 carnes
1167 1257 1268 1310 viri
1316 1256 1407 1325 qui
1440 1255 1560 1311 sine
1580 1270 1747 1311 carne
1781 1256 1919 1310 vixit
1952 1273 1966 1321 ;
2005 1256 2130 1312 bibe
2158 1272 2288 1312 san-

714 1348 933 1416 guinem
982 1350 1123 1421 ejus,
1158 1350 1251 1420 qui
1286 1348 1577 1419 exsanguis
1627 1348 1681 1402 in
1747 1349 1858 1403 vita
1895 1348 2016 1403 fuit.
2046 1350 2289 1405 Tandem

714 1440 1015 1512 aliquando
1048 1444 1297 1497 silentem
1341 1442 1607 1497 habemus
1632 1442 1873 1515 linguam
1917 1442 2159 1499 hominis
2192 1443 2289 1515 qui

715 1546 815 1588 nos
843 1534 1058 1603 publica
1099 1534 1319 1589 infamia
1342 1534 1680 1604 aspergebat.

783 1623 838 1678 8.
878 1623 942 1677 Et
966 1626 1286 1690 accedentes,
1318 1625 1492 1694 inquit
1512 1624 1816 1697 Scriptura,
1841 1627 2093 1697 discipuli
2119 1628 2288 1697 illius,

714 1714 981 1770 sublatum
1028 1733 1216 1787 corpus
1266 1717 1549 1786 sepultum
1614 1719 2026 1774 tradiderunt“.
2095 1720 2289 1792 Specta

718 1822 953 1873 mecum,
988 1808 1235 1866 studiose
1267 1811 1506 1875 auditor,
1549 1810 1748 1881 pictam
1787 1814 1839 1865 in
1894 1813 2129 1880 imagine
2154 1814 2287 1882 justi

718 1898 817 1954 viri
866 1900 1228 1969 sepulturam,
1284 1901 1558 1972 simulque
1637 1903 2031 1961 lconomacbos
2083 1908 2286 1979 castiga
2324 1876 2366 1932 Β

715 2005 815 2046 ceu
864 1993 1110 2049 veritatis
1162 1994 1369 2050 hostes.
1427 1993 1675 2067 Cumque
1737 1998 1927 2053 sedulo
2004 2000 2289 2056 historiam

716 2082 917 2150 pictam
978 2084 1305 2154 inspexeris,
1362 2086 1488 2142 hinc
1539 2088 1636 2142 tibi
1698 2086 1935 2144 fructum
1996 2105 2288 2162 compara:

714 2172 988 2243 quomodo
1008 2190 1075 2229 ex
1108 2190 1332 2231 carcere
1364 2178 1685 2247 producitur
1719 2190 1942 2237 sanctus
1969 2183 2050 2236 vir
2086 2184 2293 2239 catenis

716 2267 967 2322 vinctus:
998 2268 1273 2337 quomodo
1316 2267 1561 2324 carnifex
1597 2268 1835 2341 gladium
1871 2273 2165 2329 crudeliter
2196 2276 2285 2330 in-

716 2357 889 2413 tendit
918 2358 973 2413 in
1011 2374 1229 2414 sacrum
1255 2360 1515 2415 verticem
1544 2379 1558 2416 :
1588 2363 1867 2432 quomodo
1898 2365 2204 2421 abscissum
2240 2375 2295 2422 et

713 2450 941 2505 odorato
964 2464 1158 2507 cruore
1193 2467 1425 2508 manans
1450 2463 1612 2524 caput
1643 2453 1842 2510 furenti
1868 2456 2156 2513 Herodiadi
2182 2470 2295 2515 tra-

713 2539 900 2595 ditur:
932 2543 1210 2611 quomodo
1250 2558 1467 2597 sacrum
1509 2559 1716 2613 corpus
1757 2547 2009 2603 manibus
2046 2548 2292 2618 discipu-

713 2633 891 2688 lorum
926 2634 1205 2704 sepelitur,
1261 2643 1609 2697 titmstorutn.
1652 2639 2141 2710 illacrymantium,
2176 2645 2293 2713 glo-

712 2724 880 2780 batim
928 2727 1224 2781 astantium
1257 2743 1272 2791 ;
1303 2728 1433 2782 dum
1488 2728 1627 2785 alius
1679 2731 1843 2799 pedes
1899 2733 2091 2802 tangit,
2152 2734 2293 2789 alius

713 2827 877 2887 caput
904 2820 1115 2888 reliquo
1129 2818 1340 2888 corpori
1364 2834 1557 2875 rursus
1574 2824 1971 2887 accommodat,
2002 2826 2142 2880 alius
2164 2828 2291 2881 thu-

714 2909 911 2975 riticat,
942 2920 996 2964 et
1022 2908 1272 2966 funebria
1308 2912 1512 2981 psallit.
1556 2912 1668 2967 Illic
1717 2930 1859 2980 sum,
1900 2930 1934 2971 ο
1992 2917 2289 2986 auditores,

714 3003 912 3057 mentis
939 3018 1073 3057 mea:
1102 3004 1335 3069 visione,
1368 3018 1648 3074 cernoque
1687 3009 2027 3077 sepulturam
2070 3011 2205 3082 justi
2236 3012 2291 3069 in

715 3109 849 3165 pace
894 3105 1231 3163 versantem,
1274 3106 1335 3152 ut
1387 3099 1467 3153 ait
1501 3097 1786 3171 Scriptura
1814 3102 1883 3155 ”.
1915 3102 2093 3159 Cerno
2125 3121 2293 3178 ange-

717 3187 877 3241 licam
914 3186 1059 3241 illam
1096 3186 1313 3254 faciem,
1353 3191 1512 3259 cujus
1537 3194 1681 3246 oculi
1710 3208 1808 3248 ceu
1861 3194 1971 3249 duo
2001 3196 2290 3252 luminaria
2320 3215 2362 3273 (ς

715 3280 1114 3343 occubuerunt.
1142 3290 1196 3335 et
1220 3281 1378 3351 cujus
1430 3291 1539 3338 tota
1566 3285 1745 3339 vultus
1777 3288 1987 3355 species
2036 3290 2291 3347 bonitatis

717 3380 877 3441 typus
906 3370 1136 3424 videtur.
1171 3371 1342 3426 Video
1391 3374 1721 3439 exanimem,
1766 3376 1910 3445 quod
1964 3380 2160 3434 attinet
2225 3380 2291 3435 ad

714 3461 1030 3531 temporalis
1072 3462 1193 3517 vita:
1242 3464 1536 3530 actionem,
1590 3466 1832 3537 apprime
1864 3478 2046 3523 tamen
2084 3471 2295 3527 anima-

716 3562 831 3608 tum
868 3555 1013 3624 quod
1044 3556 1234 3611 attinet
1274 3557 1337 3611 ad
1370 3558 1572 3613 divinae
1601 3562 1788 3629 gratiae
1816 3562 2120 3631 pretiosum
2160 3565 2296 3619 odo-

716 3662 852 3701 rem.
889 3648 1086 3703 Sacras
1111 3650 1231 3704 illas
1263 3651 1553 3707 deosculer
1582 3668 1799 3716 manus,
1838 3664 2070 3723 Quarum
2116 3666 2297 3715 tactus

715 3746 939 3805 pet-cato
990 3738 1091 3791 fuit
1140 3741 1400 3805 intactus,
1442 3750 1496 3795 et
1538 3756 1771 3810 quarum
1829 3744 1998 3814 digito
2058 3745 2145 3799 ille
2204 3747 2295 3816 qui

716 3830 855 3884 tollit
911 3839 1191 3899 peccatum
1255 3833 1441 3886 mundi
1522 3834 1837 3891 hominibus
1888 3838 2298 3893 demonstratus

716 3919 839 3975 fuit.
880 3922 1059 3977 Adoro
1106 3922 1359 3991 pulchros
1395 3924 1558 3994 pedes
1594 3926 1736 3991 illos,
1763 3942 2000 3997 quorum
2034 3929 2137 3983 fuit
2180 3930 2299 3985 otii-

717 4014 862 4069 cimn
890 4014 1031 4069 bona
1058 4016 1343 4071 nuntiandi
1369 4018 1563 4073 incolis
1593 4028 1770 4084 terra,
1803 4030 1858 4075 et
1886 4036 1914 4075 a
1954 4021 2165 4091 quilms
2200 4038 2299 4092 pa-

718 4115 833 4160 rata
867 4104 965 4159 fuit
990 4107 1071 4159 via
1115 4106 1325 4160 Domini
1370 4108 1649 4165 adventui.
1681 4108 1911 4179 Jamque
1942 4112 2191 4166 omittam
2219 4114 2302 4167 di—

719 4212 844 4250 cere
875 4197 941 4250 de
970 4198 1265 4252 venerabili
1299 4207 1513 4264 catena,
1545 4217 1650 4271 qua
1700 4202 1977 4257 revinctus
2031 4204 2133 4259 fuit
2165 4221 2301 4274 prte-

720 4290 1097 4345 stantissimus
1129 4291 1269 4346 inter
1318 4292 1568 4349 homines
1619 4294 1885 4365 angelus:
1920 4297 2114 4352 omitto
2171 4298 2298 4353 item

721 4380 1099 4435 bonorabilem
1132 4383 1365 4451 discum;
1396 4385 1449 4439 in
1485 4401 1593 4456 quo
1627 4386 1729 4441 fuit
1783 4390 2083 4457 repositum
2127 4406 2302 4461 augu-

722 4480 863 4526 stum
890 4472 1022 4527 illud
1053 4484 1103 4527 et
1134 4489 1268 4530 auro
1308 4477 1600 4545 pretiosius
1625 4489 1809 4547 caput.
1837 4479 1980 4547 Quin
2016 4484 2152 4541 adeo
2180 4501 2302 4540 car-

2397 609 2691 678 κρουνηδὸν
2720 610 2969 680 ἐφέρετο.
3010 610 3101 674 Ὠς
3134 611 3400 686 φοδερὰή
3434 614 3685 686 ἀγγελία,
3722 620 3819 673 καὶ
3849 639 3972 691 φρι-

2397 700 2499 769 κτὴ
2534 703 2567 770 ή
2601 702 2878 770 ἐξηγορῖα.
2898 702 3004 757 Kal
3032 703 3210 770 ἐδόθη
3244 704 3322 771 τῷ
3350 708 3631 776 κορασίῳ,
3658 712 3756 764 καὶ
3787 712 3971 783 ἤνεγ-

2397 810 2467 845 κε
2528 792 2604 860 τῇ
2626 795 2805 862 μητρί
2830 795 3042 863 αὐτῆς.
3064 796 3170 850 Φεῦ
3196 799 3295 868 τῆς
3312 800 3542 864 ἀτοπίας
3564 819 3576 830 ·
3602 803 3759 873 ἐδόθη
3792 808 3829 877 ή
3861 808 3975 860 άτί-

2399 902 2566 955 μητος
2600 886 2743 956 κάρα
2773 888 2912 957 ὺπέρ
2942 889 3140 959 ἀτίμου
3164 890 3441 963 πράξεως,
3466 896 3533 964 τῇ
3564 897 3749 963 ἐναγεῖ
3770 900 3867 951 καὶ
3891 902 3976 969 βε-

2396 976 2602 1049 ϐήλῳή
2634 978 2772 1049 ἁγνὴ
2818 981 2913 1033 καὶ
2951 980 3230 1050 ἄψαυστος
3267 986 3362 1038 καὶ
3392 988 3505 1049 τοῖς
3541 986 3795 1056 ἀγγέλοις
3826 992 3977 1045 αξδέ..

2396 1086 2557 1140 σιμος
2582 1085 2595 1099 ⁸
2628 1071 2723 1124 καὶ
2748 1071 2948 1141 ήνεγκε
2990 1074 3057 1143 τῇ
3087 1075 3258 1143 μητρὶ
3306 1074 3499 1144 αὐτῆς,
3529 1077 3694 1129 οἱονεὶ
3724 1081 3978 1151 παρέθη-

2396 1180 2493 1216 κεν
2529 1163 2605 1225 ὡς
2650 1164 2910 1234 ἐδέσματι
2951 1165 3335 1237 ἐμφορηθῆναι
3380 1170 3446 1239 τῇ
3492 1169 3711 1243 ὀργὼσῃ
3753 1172 3849 1228 τὸν
3883 1174 3978 1229 τοῦ

2395 1256 2677 1326 προφήτου
2696 1256 2927 1310 θάνατον
2951 1258 3136 1327 ’Φάγε,
3165 1258 3419 1328 λέγουσα,
3468 1280 3513 1316 ω
3538 1262 3740 1335 μῆτερ,
3765 1266 3979 1338 σάρκας

2395 1348 2492 1403 τοῦ
2520 1349 2783 1422 άσάρκως
2831 1350 3132 1420 βιώσαντος
3155 1369 3171 1384 ο
3208 1354 3300 1406 πίε
3333 1349 3477 1425 αἷμα
3522 1354 3615 1409 τοῦ
3644 1356 3943 1428 άναίμονος
3962 1375 3977 1391 θ

2396 1442 2595 1513 ἐχομεν
2632 1442 2722 1496 διὰ
2777 1444 2980 1508 παντὸς
3028 1446 3401 1520 σεσιγημένην
3448 1446 3549 1519 τήν
3584 1448 3837 1517 γλῶτταν
3882 1453 3978 1506 τοῦ

2397 1535 2546 1605 ήμᾶς
2577 1533 3049 1604 στηλιτεύσαντος.

2464 1627 2537 1691 η’.
2558 1622 2666 1677 Kal
2694 1626 3166 1693 προσελθόντες,
3188 1629 3377 1697 φησιν,
3405 1631 3458 1683 οι
3480 1628 3740 1697 μαθηταί
3759 1629 3976 1694 αὐτοῦ.

2402 1711 2553 1781 {war
2573 1713 2640 1767 τὸ
2660 1713 2850 1784 σῶμα,
2885 1716 2984 1770 καὶ
3013 1716 3250 1787 ἔθαψαν
3288 1721 3456 1775 αὑτό.
3488 1720 3630 1790 Ὀρα
3662 1738 3776 1791 μοι,
3810 1716 3860 1776 ὦ
3888 1738 3978 1790 φι-

2395 1804 2651 1877 λοῖστωρ,
2686 1808 3257 1881 είκονογραφουμένην
3272 1811 3371 1882 τὴν
3401 1812 3581 1882 ταφήν
3609 1813 3701 1867 τοῦ
3735 1814 3977 1878 δικαίου,

2392 1897 2487 1949 καὶ
2523 1898 2778 1975 τοὺςιμέν
2799 1901 3194 1971 είκονομάχους
3230 1903 3571 1975 ἐπιρῤάπιζε
3612 1904 3688 1969 ὡς
3712 1905 3980 1975 ἀληθείας

2393 1987 2621 2059 ἐχθρούς
2642 1966 2941 2059 anno;
3066 1966 3162 2046 δπ⁹
3188 1993 3312 2063 δψιν
3329 1966 3649 2066 ’λαμϐάνων
3669 1966 3980 2067 silv-icto;

2397 2082 2539 2150 ρίαν,
2571 2080 2799 2153 πορίζου
2840 2084 2901 2137 τὸ
2934 2083 3213 2155 ὠφέλιμον
3238 2100 3252 2115 ·
3286 2083 3405 2149 πῶς
3435 2086 3499 2139 ἐκ
3540 2085 3792 2157 φυλακῆς
3833 2087 3981 2159 αἵρε-

2393 2189 2481 2225 ται
2520 2173 2549 2227 6
2577 2171 2732 2240 ἅγιος
2784 2173 3378 2245 σιδηροδέσμιοςοπῶς
3424 2176 3454 2229 6
3500 2176 3847 2247 παλαμναῖος
3895 2178 3979 2232 ἐν·

2393 2266 2593 2319 ατείνει
2615 2266 2677 2319 τὸ
2711 2266 2859 2335 ξίφος
2886 2267 3226 2338 άπηνοειδῶς
3267 2270 3411 2323 κατὰ
3438 2270 3539 2340 τῆς
3564 2270 3719 2339 ίερᾶς
3738 2270 3977 2340 κορωνί-

2393 2357 2515 2421 δος·
2550 2357 2670 2422 πῶς
2722 2358 3164 2431 ἀποτμηθεῖσαή
3196 2359 3511 2431 μυροφόρος
3539 2361 3686 2431 κάρα
3732 2360 3981 2414 ἐπιδέδο-

2394 2467 2485 2503 ται
2513 2453 2580 2521 τῇ
2612 2450 3030 2523 κορυδαντιώσῃ
3076 2450 3369 2523 Ἡρωδιάδι
3388 2469 3402 2483 ’
3445 2454 3593 2517 ὅπως
3621 2452 3677 2506 δέ
3705 2452 3979 2509 θάπτεται

2394 2542 2456 2593 τὸ
2487 2542 2631 2609 ἱερὸν
2680 2541 2845 2611 σῶμα
2872 2543 3029 2613 χερσὶ
3080 2541 3190 2596 τῶν
3233 2544 3452 2597 οίκείων
3500 2543 3786 2614 μαθητῶν,
3815 2546 3982 2600 οἱονεὶ

2394 2630 2765 2703 δακρυόντων,
2813 2632 3265 2703 ψυχαλγούντων,
3295 2633 3577 2704 στοιχηδὸν
3614 2637 3982 2707 περιϊσταμὲο

2395 2735 2529 2774 νων·
2558 2722 2653 2775 καὶ
2688 2721 2785 2775 τοῦ
2837 2722 2936 2793 μέν
2980 2725 3365 2795 ἐφαπτομένου
3406 2724 3622 2790 ποδῶν,
3654 2723 3751 2779 τοῦ
3783 2724 3844 2780 δέ
3884 2724 3983 2797 τήν

2396 2813 2643 2885 κεφαλήν
2669 2814 3079 2886 ἐφαρμόζοντος
3110 2814 3187 2884 τῷ
3213 2814 3390 2885 λοιπῷ
3436 2816 3649 2885 σκήνει,
3678 2817 3870 2888 ἐτέρου
3898 2816 3986 2871 θυ·

2400 2906 2632 2975 μιῶντος
2660 2908 2751 2960 καὶ
2772 2908 2843 2960 τά
2872 2906 3157 2977 ἐπικήδεια
3201 2907 3609 2978 ἐπιψάλλοντος.
3652 2909 3804 2963 Ἐκεῖ
3834 2910 3981 2981 είμὶ,

2396 2995 2440 3053 ὦ
2472 3003 2766 3074 ἀκροαταὶ,
2808 3004 2875 3071 τῇ
2911 3001 3233 3074 διανοητικῇ
3271 3002 3496 3075 θεωρίᾳ,
3530 3004 3625 3058 καὶ
3672 3004 3859 3076 βλέπω
3884 3004 3985 3076 τὴν

2395 3092 2576 3165 ταφὴν
2604 3093 2699 3145 τοῦ
2724 3092 2938 3146 δικαίου
2973 3092 3032 3146 ἐν
3058 3094 3251 3166 εἰρήνῃ
3285 3088 3455 3147 οὖσαν
3474 3094 3619 3149 κατὰ
3642 3094 3704 3148 τδ
3727 3111 3984 3165 γεγραμ-

2399 3188 2561 3253 μένον
2586 3199 2601 3217 ο
2632 3182 2743 3255 ὁρῶ
2790 3184 2852 3237 τὸ
2898 3184 3194 3255 ἁγγελικὺν
3240 3186 3420 3239 ἐκεῖνο
3455 3186 3775 3258 πρόσωπον,
3805 3178 3871 3239 οὗ
3927 3187 3979 3240 oi

2394 3274 2667 3343 ὀφθαλμοί⁵
2794 3272 2889 3327 δύο
2912 3274 3204 3347 φωστῆρες
3228 3275 3512 3343 δύσαντες,
3551 3277 3646 3331 καὶ
3671 3268 3737 3330 οὗ
3771 3277 3832 3330 τὸ
3861 3278 3983 3333 ὅλον

2366 3374 2380 3409 λ
2395 3362 2534 3429 εἶδος
2554 3366 2655 3435 τῆς
2674 3366 2851 3435 ὅψεως
2874 3368 3268 3438 χρηστοφανῶς
3290 3370 3714 3423 άποτετύπωται
3734 3386 3749 3399 ·
3773 3368 3986 3424 ἄπνουν

2400 3458 2501 3529 μὲν
2542 3458 2641 3527 τῆς
2685 3461 2954 3531 ὲπικήρου
3012 3458 3253 3532 ζωτικῆς
3294 3463 3582 3533 ἐνεργείας
3609 3501 3623 3526 ,
3655 3460 3891 3515 εὔπνουν
3928 3462 3986 3517 δέ

2397 3551 2479 3603 ὅτι
2513 3550 2753 3621 μάλιστα
2777 3554 2842 3622 τῇ
2865 3554 2965 3623 τῆς
3010 3551 3165 3616 θείας
3201 3552 3429 3625 χάριτος
3474 3553 3725 3624 μυρωδίᾳ
3753 3569 3767 3583 ·
3804 3554 3989 3608 ἀσπά-

2398 3642 2566 3713 ζομαι
2613 3641 2713 3706 τὰς
2757 3642 2910 3715 ἱερὰς
2959 3647 3146 3714 χεῖρας
3189 3645 3425 3709 ἐκείνας,
3455 3637 3532 3700 ὧν
3566 3646 3599 3715 ή
3631 3643 3745 3715 ἁφὴ
3775 3644 3987 3700 ἀνέπα-

2400 3753 2499 3803 φος
2525 3738 2591 3806 τῇ
2638 3736 2905 3807 ἁμαρτίᾳ,
2938 3737 3032 3790 καὶ
3074 3729 3150 3789 ὧν
3195 3735 3275 3804 τῷ
3318 3733 3569 3807 δακτύλῳ
3595 3737 3625 3789 6
3658 3737 3832 3806 αῐρων
3886 3737 3987 3809 τὴν

2399 3825 2673 3898 ἁμαρτίαν
2700 3826 2793 3880 τοῦ
2818 3826 3022 3896 κόσμου
3046 3829 3159 3889 τοῖς
3175 3824 3484 3896 ἀνθρώποις
3515 3825 3932 3898 καθυπεδείχθη
3955 3845 3972 3862 ·

2403 3919 2695 3990 προσκυνῶ
2743 3918 2872 3981 τοὺς
2909 3918 3145 3989 ὡραίους
3186 3918 3355 3983 πόδας
3390 3919 3659 3985 ἐκείνους,
3690 3914 3767 3975 ὧν
3795 3920 3859 3974 τὸ
3890 3922 3985 3974 εὐ-

2402 4009 2787 4079 αγγελίζεσθαι
2815 4011 2882 4064 τὰ
2900 4009 3085 4078 ἀγαθά
3109 4013 3217 4073 τοῖς
3250 4011 3345 4064 ἐπὶ
3382 4008 3509 4080 γῆς.
3536 4012 3630 4064 καὶ
3657 4010 3724 4065 δι’
3746 4004 3822 4065 ὧν
3851 4028 3991 4081 προσ

2404 4103 2738 4175 κατηρτίσθη
2768 4105 2798 4175 ἡ
2825 4103 2945 4167 ὁδὸς
2978 4107 3076 4175 τῆς
3111 4102 3208 4157 τοῦ
3241 4104 3447 4171 Κυρίου
3479 4104 3819 4175 παρουσίαςο
3846 4122 3989 4175 παρ-

2404 4197 2532 4249 είτω
2567 4212 2659 4266 μοι
2703 4195 2841 4266 πρὸς
2884 4196 3259 4267 προσκύνησιν
3289 4196 3380 4249 καὶ
3412 4196 3445 4267 ή
3481 4196 3642 4266 τιμία
3672 4195 3867 4260 ἅλυσις
3901 4198 3987 4266 ἐφ’

2402 4283 2438 4363 ᾗ
2472 4288 2747 4361 ἐδεσμήθη
2782 4292 2810 4343 6
2842 4289 3219 4359 πολυτίμητος
3252 4290 3311 4342 ἐν
3360 4288 3673 4359 ἀνθρώποις
3713 4288 3948 4356 ἄγγελος
3970 4306 3985 4320 ’

2406 4382 2651 4454 παρείτω
2701 4400 2792 4453 μοι
2836 4384 2932 4437 καὶ
2981 4384 3014 4453 ή
3047 4382 3323 4451 σεδασμία
3356 4380 3538 4444 πίναξ,
3571 4381 3657 4450 ἐφ’
3688 4374 3987 4453 ᾖέπετέθη

2406 4477 2440 4545 ή
2467 4474 2693 4545 χρυσίου
2743 4473 3154 4544 τιμαλφεστέρα
3200 4471 3579 4535 πανσέδαστος
3633 4472 3783 4542 κάρα
3811 4487 3825 4501 ·
3858 4472 3984 4527 οὐδέ

723 4561 898 4616 nilicis
922 4579 1138 4633 quoque
1164 4582 1373 4628 ensem,
1401 4570 1491 4636 qui
1535 4586 1633 4639 per
1665 4586 1878 4626 sacrum
1911 4574 2112 4627 collum
2150 4585 2297 4631 actus

2408 4584 2469 4636 γε
2504 4566 2603 4637 τὴν
2650 4566 2929 4637 μάχαιραν
2972 4564 3065 4618 τοῦ
3111 4564 3463 4632 παλαμναίου
3506 4561 3607 4633 τήν
3654 4560 3987 4617 διελάσασαν

724 4650 845 4714 iuit,
874 4652 1045 4705 sicubi
1071 4656 1348 4716 invenero,
1380 4658 1519 4711 haud
1550 4659 1935 4715 inhonoratum
1969 4664 2296 4735 relinquam.

724 4741 909 4798 Sedet
932 4745 1104 4813 ipsam
1148 4746 1391 4813 humum,
1448 4752 1500 4805 in
1558 4768 1663 4822 qua
1722 4756 2013 4813 thesaurus
2063 4758 2153 4813 hic
2201 4757 2303 4813 fuit.

723 4846 1102 4899 conservatus,
1152 4839 1197 4893 si
1243 4843 1462 4909 quando
1514 4843 1812 4911 incurram,
1866 4850 2185 4918 amplectar,
2244 4862 2302 4907 ut

722 4929 897 4996 gratia
923 4928 1171 4984 fertilem.
1206 4931 1251 4986 0
1281 4932 1494 4987 beatum
1530 4938 1864 5006 sepulcrum,
1900 4950 1955 4994 et
1984 4956 2093 4996 non
2139 4943 2297 4999 triste

724 5031 939 5084 saxum,
996 5021 1137 5088 quod
1202 5023 1577 5080 beatissimum
1609 5026 1743 5082 illud
1802 5043 2002 5099 corpus
2054 5032 2302 5087 contines

722 5110 1136 5180 smaragdorum
1203 5118 1738 5188 margaritarumque
1796 5124 2015 5177 cumulo
2075 5125 2305 5179 rutilan-

726 5200 836 5257 tius
862 5203 876 5256 l
912 5203 1024 5259 Illic
1050 5205 1235 5275 itaque
1264 5208 1548 5263 visibiliter
1575 5212 1795 5279 quidem
1825 5214 2013 5268 aderat
2057 5216 2303 5287 discipu-

724 5297 902 5351 lorum
938 5298 1110 5363 turba,
1144 5299 1487 5355 invisibiliter
1516 5310 1695 5357 autem
1741 5306 2056 5375 angelorum
2106 5310 2295 5364 multi-

736 5390 892 5455 tudo,
925 5388 1017 5459 qui
1051 5391 1437 5463 homonymum
1490 5395 1592 5449 sibi
1656 5397 1707 5449 in
1754 5413 1983 5469 corpore
2018 5402 2292 5470 angelum,

798 5482 846 5516 ⁸⁸
876 5480 1068 5537 Matth.
1096 5495 1209 5549 xrv,
1250 5484 1335 5538 l3.
1413 5486 1458 5517 ”
1484 5484 1589 5541 lsa.
1625 5503 1751 5554 Lm,
1784 5488 1838 5543 2.

803 5637 916 5712 (9.3)
958 5639 1112 5695 Patet
1173 5643 1477 5711 expositam
1531 5642 1698 5699 fuisse
1753 5643 1804 5697 in
1853 5643 2057 5711 templo
2108 5643 2302 5712 pictam

733 5710 1027 5778 imaginem
1082 5710 1322 5783 martyrii
1384 5714 1801 5783 sepulturaeque:
1854 5710 2129 5783 Baptistze,
2165 5715 2304 5766 unde

733 5787 917 5844 captat
966 5781 1308 5836 occasionem
1362 5781 1716 5837 concinnatot‘
1762 5781 2084 5841 Theodorus
2134 5786 2303 5839 increc

742 5848 905 5921 pandi
940 5866 1088 5909 more
1117 5867 1219 5908 suo
1257 5853 1666 5911 iconomachos.

2406 4660 2545 4713 κατὰ
2576 4658 2669 4712 τοῦ
2703 4658 2851 4728 ίεροῦ
2893 4654 3169 4727 τραχήλου
3202 4658 3250 4708 εἰ
3287 4654 3527 4726 εὕροιμι,
3568 4652 3988 4725 άπροσκὺνητον

2405 4750 2630 4820 ἐάσαιμι
2656 4749 2789 4820 (‘26),
2824 4749 2942 4802 οὐδέ
2966 4765 3029 4817 γε
3077 4747 3343 4815 τοῦδαφος
3380 4747 3470 4815 ὑφ’
3502 4739 3564 4798 οὗ
3610 4747 3932 4817 ἐφρουρήθη
3962 4749 3989 4801 6

2405 4842 2681 4914 θησαυρὸς
2728 4845 2777 4896 εί
2824 4841 3111 4911 ἐπέτυχον,
3152 4841 3227 4911 μὴ
3256 4840 3379 4909 οὐχὶ
3416 4838 3890 4910 προσεπτυξάμῆν
3915 4839 3988 4903 ὡς

2407 4936 2760 5006 μεταδοτικὸν
2785 4936 3030 5006 χάριτος.
3050 4931 3125 4985 Ὠ
3159 4933 3403 5004 μακάριε
3434 4932 3576 5001 τάφε
3604 4931 3700 4985 καὶ
3730 4932 3792 4985 οὐ
3821 4933 3987 5001 πικρέ

2404 5028 2543 5093 λίθε,
2571 5029 2629 5092 δς
2662 5030 2809 5100 ἔχεις
2836 5029 2897 5081 τδ
2922 5027 3327 5099 τρισμακάριον
3357 5026 3536 5079 ἐκεῖνο
3575 5024 3799 5095 σκῆνος,
3846 5024 3989 5095 ὺπέρ

2407 5125 2737 5197 σμαράγδων
2768 5124 2862 5178 καὶ
2904 5121 3208 5195 μαργάρων
3229 5120 3467 5191 σωρείας
3500 5117 3651 5172 ἐνδον
3677 5117 3978 5188 συνειλημσ

2410 5220 2572 5289 μένον
2597 5236 2608 5248 ·
2644 5220 2763 5272 ἐκεῖ
2784 5216 3083 5290 τοιγαροῦν
3106 5217 3291 5289 παρῆν
3309 5214 3519 5287 ὁρατῶς
3548 5213 3648 5283 μέν
3673 5214 3702 5267 6
3734 5212 3847 5265 τῶν
3878 5230 3987 5281 μα-

2408 5311 2586 5380 θητῶν
2614 5312 2821 5383 ὅμιλος,
2850 5312 3099 5384 ἀοράτως
3118 5311 3175 5365 δὲ
3203 5310 3451 5379 ἀγγέλων
3475 5306 3707 5376 πληθὺς,
3726 5306 3818 5359 τὸν
3840 5305 3987 5377 δμῶ’

2408 5422 2577 5475 νυμον
2608 5404 2770 5459 αὑτὸν
2798 5404 3028 5474 ἄγγελον
3057 5406 3117 5457 ὲν
3144 5401 3381 5472 σώματι,
3413 5398 3503 5454 τὸν
3532 5394 3628 5452 τοῦ
3656 5396 3869 5469 Κυρίου
3899 5396 3988 5466 φί-

2484 5643 2598 5713 (Ξέ)
2626 5640 2791 5728 Yides
2830 5641 3059 5728 Studitaa
3100 5653 3286 5728 nostro
3307 5644 3845 5728 cegnitaslanquam
3892 5661 3981 5699 sa-

2414 5730 2538 5770 cras
2564 5716 2824 5783 reliquias
2860 5725 3105 5785 catenam
3132 5715 3455 5785 discumque
3476 5715 3543 5769 ad
3563 5714 3816 5785 Baptista
3847 5732 3988 5769 utar-

2416 5787 2612 5857 tﬁyrium
2647 5786 3017 5857 ριῖνιίεινηιιξς)
3046 5783 3113 5839 de
3141 5786 3342 5853 quibus
3366 5783 3606 5857 aliisque
3632 5783 3983 5855 Paciaudius,

2415 5851 2489 5909 Dc
2518 5851 2659 5911 cuitu
2685 5851 2741 5913 δ.
2771 5854 2928 5910 Jan».
2966 5854 3119 5921 Bapt.
3160 5851 3377 5912 dissert.
3413 5857 3467 5910 ϐ.
