4170 6480
199 421 304 484 769

850 429 1129 490 ORATIO
1157 428 1499 490 \'III.—IN
1525 425 2155 488 DECOLLATION’EM
2197 431 2261 490 S.
2284 431 2548 493 JOANN.
2593 435 2798 496 BAPT.

3363 443 3468 506 770

199 543 288 594 λον
317 544 576 610 γνήσιον,
614 543 707 596 τὸν
737 545 1106 615 νυμφαγωγὸν
1148 545 1243 598 τοῦ
1273 545 1532 617 νυμφίου,
1562 544 1654 596 τὸν
1679 542 1784 596 ἀεί-

1899 558 2216 613 germanum
2239 547 2455 602 Domini
2482 550 2739 616 amicum,
2766 550 2958 621 Sponsi
2991 558 3420 626 paranymphum
3449 577 3461 626 ;

199 652 378 703 φωτον
414 634 619 705 λύχνον
666 636 759 690 τοῦ
795 639 1074 709 άφράστου
1105 638 1304 707 φωτὸς,
1337 639 1435 708 τήν
1468 638 1646 701 ζῶσαν
1672 656 1786 706 φω-

198 729 293 796 νήν
318 727 417 780 τοῦ
448 729 694 797 μεγάλου
730 730 912 797 λόγου,
933 731 1026 783 τὸν
1056 733 1340 802 προφήτου
1373 733 1786 803 περισσότερον,

192 818 289 870 τὸν
317 818 554 886 μείζονα
605 822 664 871 ὲν
711 823 997 890 γεννητοῖς
1039 823 1319 890 γυναικῶν
1370 823 1787 892 εὐφημούντων,

199 909 604 979 γεραιρόντων,
631 911 946 978 ἀναγόντων
979 912 1115 983 πρὸς
1143 913 1395 984 οὐρανὸν,
1425 913 1523 967 καὶ
1571 916 1655 975 είς
1687 914 1787 983 τὴν

198 1002 397 1071 ἀγήρω
433 1002 618 1074 χαράν
659 1005 1108 1074 ἀποκομιζόντων
1135 1022 1149 1037 ·
1183 1006 1407 1075 τοιαύτη
1452 1007 1549 1076 μὲν
1590 1003 1684 1058 οὖν
1716 1007 1790 1069 ὡς

201 1093 426 1160 εἴρηται
451 1094 711 1165 εἰρηναία
746 1095 951 1165 ήταφὴ
991 1096 1086 1148 τοῦ
1121 1097 1357 1163 δικαίου,
1393 1094 1789 1167 ἀγαλλιάσιμός

197 1200 256 1235 τε
289 1187 392 1238 καὶ
415 1185 499 1256 τῷ
527 1187 719 1258 κόσμῳ
745 1189 1034 1258 σωτήριος.

270 1277 337 1330 θ’.
385 1279 754 1349 Ἡρώδηςδὲὸ
777 1281 1083 1349 παράφρων
1105 1276 1214 1350 ἆρά
1247 1297 1311 1350 γε
1353 1281 1650 1336 κάντεῦθεν
1691 1283 1790 1352 τῆς

199 1367 356 1436 δίκης
374 1370 438 1421 τὸ
475 1371 761 1438 ἀπόκριμα
782 1370 1036 1437 διέφυγεν
1059 1388 1072 1437 ;
1101 1372 1161 1423 οὑ
1187 1373 1283 1439 μὲν
1312 1367 1405 1425 οὖν
1424 1389 1437 1400 ·
1464 1372 1581 1424 ἀλλ’
1610 1372 1686 1434 ώς
1709 1373 1790 1424 εῖ-

201 1477 366 1530 ρηται
388 1461 505 1530 (9.5)
523 1461 610 1513 διά
625 1462 796 1513 ταῦτα
826 1462 928 1514 ὑπὸ
947 1462 1142 1524 παντὸς
1169 1462 1260 1515 τοῦ
1307 1463 1550 1532 ὑπηκόου
1584 1465 1789 1532 ἀνταρ-

203 1553 325 1604 σίαν
361 1553 609 1614 ἀποστάς
630 1553 1070 1621 κατασφάττεται
1091 1569 1105 1584 ⁶
1138 1553 1230 1606 τοῦ
1273 1553 1408 1606 Θεοῦ
1432 1556 1511 1617 είς
1541 1554 1789 1607 παιδείαν

201 1646 314 1708 τοῖς
351 1647 435 1708 εἰς
505 1643 729 1714 ὕστερον
785 1644 1162 1714 βασιλεύσουσι
1215 1646 1282 1699 τά
1336 1646 1452 1699 κατ’
1492 1647 1654 1700 αὐτὸν
1695 1648 1790 1700 ἐκ·

206 1736 623 1806 δειματοῦντος,
643 1736 717 1800 ώς
749 1736 813 1790 ἂν
846 1739 922 1807 μὴ
943 1741 1054 1801 τοῖς
1083 1738 1288 1808 ὁμοίοις
1323 1739 1520 1792 πάθεσι
1561 1740 1789 1810 περιπέ-

203 1841 372 1879 σειεν.
411 1825 556 1877 Ἀλλ’
579 1825 825 1878 ἐντεῦθεν
849 1825 1538 1898 ὲπανε).θὼν,ἀρμόζουσαν
1559 1831 1620 1899 τῇ
1651 1846 1790 1898 παρ-

201 1915 338 1986 ούσῃ
361 1917 548 1986 ἡμέρᾳ
568 1919 750 1988 φωνήν
768 1915 926 1986 δεῦρο
942 1916 1276 1987 ὲκϐοήσομαι
1302 1936 1317 1950 ο
1342 1919 1587 1988 Σήμερον
1610 1922 1790 1973 Ἰωάν-

202 2024 300 2075 νης
327 2010 356 2058 6
387 2008 700 2079 Πρόδρομος
725 2007 865 2078 ὑπὲρ
881 2008 1141 2077 ἀληθείας
1160 2011 1256 2080 τὴν
1288 2011 1531 2081 κεφαλὴν
1552 2013 1790 2082 ἀποτεμ-

203 2100 262 2149 νό
270 2116 434 2167 μενος
456 2101 843 2170 μακαρίςεται,
867 2101 962 2153 καὶ
993 2099 1238 2172 Ἡρώδης
1257 2103 1285 2153 6
1304 2104 1616 2172 παράνομος
1635 2122 1790 2172 κωμ-

202 2190 515 2262 ῳδούμενος
551 2192 871 2264 διασύρεται
896 2210 910 2222 ·
940 2193 1178 2263 σήμερον
1217 2195 1474 2265 Ἰωάννης
1498 2197 1525 2247 6
1554 2197 1788 2267 Πρόδρο-

209 2299 310 2350 μος
338 2283 400 2335 ἐν
417 2286 539 2346 ταῖς
561 2283 817 2338 ἁπάντων
830 2283 1107 2350 γλώσσαις
1144 2284 1219 2355 τῷ
1236 2284 1329 2337 τοῦ
1346 2285 1582 2371 ὲλεγμοῦ
1598 2287 1788 2359 διηγή-

209 2391 345 2443 ματι
375 2375 687 2445 τετίμηται,
711 2376 806 2427 καὶ
838 2373 1080 2445 Ἡρώδης
1109 2376 1136 2428 6
1161 2377 1495 2450 πανέκφρων
1534 2379 1624 2449 ὑφ’
1657 2381 1786 2432 ἑκά-

207 2483 337 2520 στου
378 2467 490 2520 τῶν
527 2468 877 2537 φοϐουμένων
897 2466 989 2520 τδν
1019 2468 1221 2540 Κύριον
1244 2473 1315 2541 τῇ
1357 2473 1573 2542 μοιχείᾳ
1599 2473 1785 2543 στηλι-

205 2559 504 2629 τευόμενος
552 2559 844 2630 ἠτίμωται.
895 2562 1143 2633 Σήμερον
1197 2565 1228 2634 ή
1284 2564 1493 2635 κεφαλὴ
1539 2565 1781 2620 Ἰωάννου

205 2649 300 2702 τοῦ
340 2651 660 2722 Προδρ6μου
695 2652 789 2704 ἐπὶ
844 2653 1036 2708 πίνακι
1090 2657 1420 2727 προφέρεται
1472 2658 1613 2726 ίερδν
1642 2660 1779 2728 σφά-

207 2758 347 2808 γιον,
378 2743 473 2795 καὶ
513 2743 780 2812 Ἡρωδιὰς
828 2745 862 2816 ἡ
897 2745 1220 2818 μοιχεύτρια
1265 2747 1638 2817 στηλιτεύεται
1688 2751 1785 2804 καὶ

209 2833 284 2904 μὴ
316 2831 613 2904 βουλομένη
663 2833 882 2889 αἰώνια.
930 2837 1177 2909 Σήμερον
1217 2839 1463 2892 Ἰωάννου
1512 2840 1604 2892 τοῦ
1651 2844 1787 2912 Προ.

205 2923 414 2994 δρόμου
442 2924 500 2976 τὸ
532 2919 671 2994 αἷμα
720 2927 862 2996 ὑπὲρ
907 2927 1158 2997 φυλακῆς
1189 2928 1332 2982 θείου
1375 2931 1538 3001 νόμου
1579 2932 1782 3002 χέεται,

208 3017 305 3068 καὶ
337 3017 366 3068 6
390 3017 483 3069 τοῦ
522 3017 836 3088 Προδρόμου
873 3018 1152 3083 άντίθετος
1181 3019 1266 3073 διὰ
1295 3022 1391 3091 τῆς
1421 3024 1786 3093 ἀντιπραγίας

209 3105 433 3169 ἐνδίκως
461 3107 856 3178 θριαμϐεύεται
881 3125 896 3140 ⁸
930 3112 1172 3182 σήμερον
1211 3114 1463 3183 Ἰωάννης
1488 3117 1515 3168 6
1545 3115 1782 3187 Πρόδρο-

211 3217 310 3270 μος
337 3202 428 3254 διὰ
452 3201 550 3270 τήν
577 3202 712 3271 πρὸς
751 3203 996 3274 Ἡρώδην
1020 3205 1160 3275 ὑπὲρ
1208 3207 1421 3260 δικαίου
1469 3211 1781 3279 παρρησίαν
1810 3237 1854 3297 C

207 3292 611 3356 άποκτείνεται,
652 3295 744 3346 καὶ
777 3294 1019 3364 βασιλεῖς
1063 3295 1164 3365 τῆς
1204 3297 1307 3367 γῆς
1343 3297 1449 3351 τῶν
1482 3300 1626 3352 ἰδίων
1655 3317 1781 3353 συν-

209 3381 418 3449 θρόνων
454 3384 528 3453 μὴ
549 3383 969 3454 διαζεύγνυσθαι
1031 3388 1409 3459 παιδευόμενοι
1453 3391 1543 3444 τὸν
1570 3391 1783 3455 διαζευ-

209 3472 408 3544 χθέντα
433 3476 807 3532 ἀποπτύουσιο
847 3480 1087 3550 σήμερον
1125 3481 1379 3552 Ἰωάννης
1405 3485 1433 3534 6
1471 3483 1782 3554 Πρόὸρομος

210 3567 357 3640 αῐρει
394 3573 622 3639 σημεῖον
667 3572 762 3624 ἐπὶ
804 3572 903 3642 τῆς
928 3573 1056 3640 γῆς,
1090 3575 1184 3625 καὶ
1217 3575 1650 3644 παραγγέλλεται
1675 3579 1779 3639 πᾶς

209 3661 495 3732 ἄνθρωπος
530 3664 815 3733 ἀρκεῖσθαι
850 3668 915 3736 τῇ
957 3665 1061 3738 ίδίᾳ
1088 3668 1307 3733 γυναικὶ⁵
1325 3669 1421 3720 καὶ
1467 3669 1781 3739 περαιτέρω

213 3754 287 3826 μὴ
313 3758 511 3826 χωρεῖν
539 3772 551 3785 ⁸
587 3758 827 3828 σήμερον
873 3757 1121 3830 Ἰωάννης
1145 3762 1172 3811 6
1203 3760 1517 3831 Πρόδρομος
1544 3762 1624 3825 είς
1653 3760 1779 3832 ᾅδου

210 3848 445 3909 κάτεισι.
483 3850 576 3902 καὶ
607 3852 655 3902 οί
686 3851 871 3920 νεκροὶ
892 3854 1063 3922 χαρὰν
1098 3855 1197 3922 τῆς
1223 3853 1457 3924 Χριστοῦ
1480 3853 1782 3926 παρουσίας

208 3940 574 4012 ἀνεκλὰλητον
648 3941 1057 4005 ἀκουτίζονται·
1105 3943 1345 4013 σήμερον
1390 3944 1642 4014 Ἰωάννην
1687 3944 1779 3997 τὸν

210 4031 522 4103 Πρόδρομον
550 4032 1008 4103 καρατομηθέντα
1051 4033 1138 4086 διὰ
1175 4033 1524 4104 δικαιοσύνην
1551 4035 1685 4088 Θεοῦ
1729 4036 1778 4088 οί

209 4126 427 4198 οὐρανοὶ
454 4123 933 4196 ἑπευφράνθησαν,
965 4125 1240 4196 ἄνθρωποι
1269 4127 1324 4180 δὲ
1353 4129 1447 4180 ἐπὶ
1483 4129 1586 4196 γῆς
1618 4130 1781 4199 ὑμνο-

209 4219 456 4288 λογοῦσιν
484 4219 670 4288 ἑόρτια
696 4235 710 4248 ·
741 4219 836 4273 καί
887 4236 978 4289 μοι
1016 4219 1163 4272 δοκεῖ
1183 4222 1211 4273 6
1243 4222 1418 4290 μέγας
1457 4222 1550 4275 τοῦ
1577 4224 1778 4295 Κυρίου

210 4313 518 4386 Πρὸδρομος
570 4311 927 4382 ὲξ“οὐρανῶν
988 4313 1136 4381 ἡμᾶς
1190 4314 1531 4380 ἐποπτεύειν,
1567 4317 1661 4368 καὶ
1704 4315 1780 4378 ὡς

210 4405 491 4475 ὑμνῳδοὺς
541 4402 707 4457 αὑτοῦ
750 4402 917 4466 θείοις
965 4403 1301 4476 χαρίσμασιν
1329 4405 1686 4475 ἀμείϐεσθαιο
1721 4406 1780 4459 ἐν

209 4502 520 4575 προφήταις
554 4498 631 4562 ὡς
660 4499 835 4571 ἀστὴρ
873 4500 1096 4564 ἑωθινὸς
1139 4500 1371 4572 διᾴττων
1401 4517 1460 4554 τε
1489 4502 1585 4555 καὶ
1606 4501 1777 4572 ὑπερ-

1891 639 2277 694 candelabrum
2309 657 2520 710 semper
2553 644 2790 699 lucidum
2835 645 3123 702 inelfahilis
3173 648 3332 709 lucis,
3373 666 3466 704 vo-

1890 746 2008 783 ccm
2039 731 2212 785 vivam
2255 735 2435 802 magni
2469 733 2651 798 Verbi,
2685 737 2837 790 illum
2873 738 2993 805 plus
3025 754 3186 806 quam
3229 743 3465 809 prophe-

1894 834 2023 888 tam,
2054 825 2316 894 majorem
2349 827 2500 881 illum
2551 828 2602 881 in
2644 829 2786 885 natis
2830 830 3142 895 mulierum,
3187 833 3466 886 collauda-

1892 913 2041 977 baut,
2079 916 2444 981 celebrabant,
2477 920 2530 970 in
2551 919 2744 972 coelum
2779 920 3056 984 tollebant,
3079 929 3132 974 et
3152 921 3217 974 ad
3246 923 3466 976 immor-

1895 1007 2000 1059 tale
2034 1007 2290 1076 gaudium
2317 1009 2734 1065 transferebant.
2778 1009 2925 1066 Talis
2960 1012 3144 1082 itaque
3196 1013 3297 1066 fuit
3323 1014 3461 1082 justi

1891 1097 1992 1150 viri
2023 1098 2243 1164 pacifica
2274 1101 2569 1169 sepultura,
2606 1103 2809 1156 mundo
2850 1103 3061 1157 laetifica
3087 1113 3141 1157 et
3186 1104 3462 1160 salutaris.

1961 1275 2014 1329 9.
2042 1270 2182 1326 Num
2223 1289 2387 1344 porro
2417 1275 2644 1332 insanus
2703 1276 2966 1344 Herodes,
3025 1280 3077 1334 in
3139 1282 3240 1335 hac
3300 1282 3464 1337 etiam

1900 1373 2113 1422 terrena
2169 1370 2407 1424 statione
2472 1372 2695 1425 ultionis
2753 1388 2969 1441 poenam
3020 1374 3202 1442 fugit?
3248 1375 3469 1430 Minime

1893 1461 2138 1529 gentium
2174 1476 2189 1526 ;
2229 1462 2346 1524 sed,
2390 1462 2691 1523 utdicilur,
2726 1473 2944 1532 propter
2967 1464 3068 1517 hoc
3094 1464 3303 1519 facinus
3331 1467 3464 1520 sub-

1891 1550 2130 1603 ditorum
2200 1552 2442 1605 omnium
2502 1554 2824 1606 seditionem
2891 1564 3170 1623 expertus,
3245 1558 3466 1614 occisus

1893 1637 2041 1693 fuit:
2074 1638 2184 1695 Deo
2221 1641 2289 1695 ob
2341 1640 2651 1696 futurorum
2705 1658 2892 1711 regum
2957 1645 3320 1701 eruditionem
3376 1666 3466 1705 res

1892 1731 2058 1801 hujus
2103 1733 2166 1786 ad
2198 1741 2460 1788 terrorem
2522 1743 2880 1802 proponente,
2920 1750 2986 1788 ne
3033 1736 3084 1789 in
3119 1740 3270 1807 paria
3331 1740 3464 1795 faci-

1892 1840 2026 1878 nora
2067 1825 2372 1880 incurrant.
2416 1826 2518 1881 Sed
2567 1827 2691 1881 inde
2744 1827 3055 1899 digrediens
3107 1833 3466 1891 conveniente

1821 1901 1863 1956 Β
1893 1919 2141 1986 pra-senti
2166 1918 2270 1973 diei
2297 1934 2431 1976 voce
2457 1921 2682 1991 agejam
2706 1924 3024 1979 exclamabo
3055 1943 3066 1977 :
3094 1925 3260 1982 Hodie
3291 1925 3460 1983 Joan-

1892 2022 1989 2062 nes
2045 2007 2402 2074 Praecursor,
2449 2013 2624 2081 capite
2672 2015 2916 2070 veritatis
2970 2031 3136 2071 causa
3193 2018 3462 2084 minutus,

1890 2099 2082 2153 beatus
2112 2099 2313 2155 dicitur
2337 2121 2348 2156 :
2389 2101 2631 2158 Herodes
2660 2121 2788 2160 vero
2815 2108 3012 2176 impius
3041 2109 3303 2165 conviciis
3331 2111 3464 2166 lace.

1891 2200 2084 2258 ratur;
2129 2193 2290 2249 hodie
2331 2193 2570 2250 Joannes
2607 2195 2916 2253 Praccursor
2971 2201 3215 2256 omnium
3266 2202 3465 2273 linguis

1888 2293 2109 2352 pr0pter
2143 2286 2286 2356 regis
2322 2287 2635 2356 reprehensi
2667 2292 3245 2347 commemorationem
3288 2295 3462 2349 hono-

1889 2383 2080 2429 ratur:
2117 2375 2354 2432 llerodes
2382 2386 2558 2432 autem
2590 2393 2826 2434 vesanus
2870 2380 2938 2434 ab
2985 2384 3242 2439 omnibus
3277 2386 3461 2439 Domi-

1889 2482 2020 2520 num
2054 2469 2391 2532 timentibus,
2451 2469 2705 2525 adulterii
2771 2473 3168 2543 vituperatione
3219 2477 3461 2534 dehone-

1887 2569 2098 2625 statur;
2132 2559 2291 2614 hodie
2311 2559 2538 2618 Joannis
2566 2563 2929 2620 Prtccursm'is
2958 2565 3010 2620 in
3037 2569 3187 2624 disco
3219 2571 3460 2625 circum-

1888 2651 2061 2708 fertur
2111 2669 2268 2708 sacra
2327 2654 2593 2710 laniena:
2639 2656 2904 2713 llerodias
2972 2669 3153 2717 autem
3213 2665 3458 2720 adultera

1886 2754 2089 2800 aeterno
2120 2747 2413 2815 Opprobrio
2469 2749 2553 2804 vel
2619 2751 2810 2807 nolens
2870 2754 3227 2822 cumulatur;
3298 2757 3460 2813 hodie

1885 2833 2112 2892 Joannis
2140 2838 2505 2895 Praecursoris
2567 2843 2793 2912 sanguis
2820 2854 3040 2914 prepter
3083 2848 3281 2902 divina:
3327 2848 3459 2920 legis

1886 2930 2287 2986 observantiam
2333 2931 2602 2995 funditur,
2643 2932 3012 2994 Prazcursoris
3039 2948 3220 2994 autem
3258 2942 3457 2996 adver-

1887 3019 2066 3076 sarius
2095 3031 2319 3091 propter
2347 3024 2620 3077 contraria
2669 3025 2808 3080 facta
2865 3027 3229 3096 ignominiose
3266 3028 3456 3084 tradu-

1887 3110 2066 3178 citur;
2101 3112 2260 3166 hodie
2295 3111 2536 3169 Joannes
2578 3115 2895 3171 Przecursor
2930 3127 3150 3188 propter
3183 3135 3338 3175 suam
3365 3123 3458 3176 de-

1887 3199 2405 3272 fendendzejustitia:
2427 3219 2612 3259 coram
2637 3205 2844 3261 llerode
2871 3206 3126 3263 fiduciam
3149 3209 3416 3265 occiditur
3439 3228 3453 3276 ;

1887 3307 2040 3363 rcges
2067 3302 2246 3348 autem
2281 3304 2456 3359 terrae,
2486 3297 2780 3364 quominus
2809 3311 2839 3350 a
2884 3299 3142 3368 regnandi
3184 3302 3456 3356 consorti-

1885 3385 1985 3438 bus
2040 3385 2407 3440 dissocientur
2466 3388 2688 3452 eruditi,
2723 3404 2846 3442 eum
2894 3390 2988 3459 qui
3032 3405 3091 3445 se
3140 3391 3457 3447 dissociavit

1882 3485 2283 3532 contemnunt:
2325 3477 2502 3541 hodie,
2538 3478 2775 3534 Joannes
2826 3477 3143 3534 Praecursor
3196 3481 3452 3535 vexillum

1884 3569 1936 3622 in
1970 3578 2112 3623 terra
2143 3569 2360 3636 attollit,
2391 3581 2554 3639 atque
2603 3571 2782 3625 omnis
2827 3572 2989 3626 homo
3041 3571 3368 3627 admonetur
3396 3582 3455 3628 ut

1881 3661 2100 3729 prapria
2143 3676 2314 3716 uxore
2359 3671 2666 3726 contentus,
2720 3663 2946 3719 ulterius
3004 3679 3110 3718 non
3151 3666 3449 3734 procedat;

1883 3751 2044 3805 hodie
2071 3750 2309 3806 Joannes
2340 3749 2653 3807 Praecursor
2692 3752 2757 3807 ad
2810 3752 3017 3808 inferos
3071 3753 3369 3820 descendit,
3399 3765 3457 3810 et

1883 3845 2082 3899 mortui
2113 3847 2368 3916 gaudium
2409 3857 2630 3916 propter
2679 3845 2882 3901 Christi
2926 3845 3220 3900 adventum
3275 3848 3454 3918 perci-

1881 3939 2039 4008 piunt
2073 3937 2378 3992 ineffabile:
2412 3939 2672 4000 hodieob
2714 3938 2986 3994 Joannem
3014 3940 3190 4010 capite
3231 3951 3455 4010 Proliter

1880 4029 2146 4100 justitiam
2200 4030 2472 4084 minutum
2513 4030 2638 4084 cceli
2709 4030 2980 4097 laitantur,
3060 4032 3333 4104 simulque
3393 4036 3450 4088 in

1884 4134 2026 4178 terra
2060 4123 2310 4178 homines
2335 4121 2809 4193 festaleshymnos
2826 4125 3032 4178 dicunt.
3074 4124 3140 4178 Et
3180 4125 3456 4197 mihiqui-

1881 4215 2004 4269 dem
2041 4214 2249 4268 videtnr
2297 4228 2527 4284 magnus
2560 4212 2777 4267 Domini
2829 4212 3149 4270 Praecursor
3191 4215 3258 4270 de
3297 4217 3452 4274 caelis

1882 4318 1982 4358 nos
2020 4304 2283 4373 aspicere,
2312 4313 2475 4374 atque
2522 4313 2581 4359 ut
2607 4318 2736 4358 suos
2775 4315 3028 4361 cantores
3061 4306 3265 4362 divinis
3290 4308 3452 4364 donis

1883 4395 2241 4449 remunerari.
2283 4393 2382 4449 Hic
2417 4394 2559 4448 inter
2587 4393 2901 4465 prophetas,
2955 4397 3111 4450 stella
3161 4405 3243 4451 est
3272 4407 3452 4452 matu-

1884 4488 1996 4543 tina
2025 4487 2341 4544 discurrens
2373 4497 2426 4543 et
2457 4488 2806 4544 illuminans:
2837 4491 2975 4544 inter
3018 4492 3321 4559 apostolos.
3368 4495 3451 4548 sol

210 4571 494 4666 αυγάζων·
526 4595 584 4647 ἑν
619 4593 939 4656 ἀποστόλοις
989 4593 1064 4656 ώς
1109 4571 1263 4662 ήλιος
1301 4593 1360 4645 ἐν
1411 4592 1562 4664 μέσῳ
1609 4571 1778 4664 ήλίων

1885 4587 1964 4634 est
1994 4579 2048 4632 in
2075 4579 2271 4632 mediis
2317 4577 2525 4633 solibus
2574 4576 2900 4646 prmfulgens
2927 4587 2980 4632 et
3009 4593 3176 4649 supra
3223 4591 3451 4638 caeteros

209 4687 546 4758 προλάμπων
593 4685 686 4738 καὶ
728 4684 1105 4755 ὑπερλάμπων
1133 4701 1146 4713 ·
1181 4686 1238 4738 ἐν
1272 4685 1540 4755 μάρτυσιν
1583 4685 1657 4750 ώς
1683 4687 1775 4739 οὑ-

210 4779 369 4850 ρανὺς
411 4775 833 4844 πεποικιλμένος
884 4778 998 4838 τοῖς
1043 4777 1261 4847 ἄστροις
1299 4777 1410 4829 τῶν
1442 4776 1735 4847 θαυμάτων
1758 4794 1772 4808 ο

208 4874 265 4925 ἑν
307 4872 540 4935 δικαίοις
587 4871 661 4934 ώς
694 4869 909 4934 πολλοῖς
951 4869 1050 4936 τῆς
1089 4871 1434 4943 δικαιοσύνης
1465 4874 1777 4944 αὐχήμασιν

212 4965 656 5036 ὐψικομώτερος,
712 4964 819 5017 τῶν
855 4964 1061 5033 κέδρων
1100 4963 1195 5016 τοῦ
1235 4965 1468 5018 Λιϐάνου
1508 4966 1778 5037 ὑπερφαί-

209 5077 312 5112 νων
338 5075 351 5087 ·
383 5060 410 5110 6
445 5059 621 5128 χαράν
664 5056 1020 5120 ὲξακουτίσας
1068 5056 1308 5126 σήμερον
1345 5062 1413 5128 τῇ
1458 5059 1770 5129 οἰκουμένῃ.

208 5153 268 5204 Et
301 5151 410 5219 γάρ
453 5149 639 5202 πολλοὶ
672 5149 765 5202 ἐπὶ
810 5151 877 5219 τῇ
926 5149 1178 5217 γεννήσει
1237 5148 1402 5202 αὑτοῦ
1446 5152 1774 5220 χαρήσονται

208 5244 348 5297 κατά
379 5243 446 5295 τά
478 5242 652 5309 λόγια,
680 5240 940 5308 ἀνάλογον
970 5241 1035 5292 ἂν
1059 5242 1145 5311 εἴη
1187 5243 1280 5294 καὶ
1301 5243 1356 5294 ὲν
1387 5245 1452 5310 τῇ
1490 5243 1657 5295 αὑτοῦ
1689 5259 1777 5294 τε-

207 5331 420 5385 λειώσει
445 5332 541 5400 τὴν
569 5329 736 5400 αὐτὴν
775 5329 993 5381 ἔσεσθαι
1039 5330 1399 5399 εὐφροσύνην,
1437 5333 1500 5400 ἣν
1531 5348 1774 5400 πανηγυ-

211 5426 380 5495 ρίζειν
412 5421 712 5492 ἡξιώμεθα,
739 5421 852 5473 ὅσοι
895 5423 950 5471 ἐν
1001 5419 1260 5490 ἱερατικῷ
1285 5437 1342 5471 τε
1380 5421 1473 5472 καὶ
1495 5419 1768 5489 ἐρημικῴ,

208 5519 264 5569 ὲν
301 5513 572 5584 μοναδικῴ
597 5529 656 5563 τε
691 5513 783 5565 καὶ
808 5510 979 5580 tam;
1003 5511 1243 5578 τάγματι
1287 5510 1449 5561 πᾶσιν
1485 5510 1775 5579 ἀνήκοντος

277 5635 324 5666 ⁸⁸
354 5633 486 5685 Luc.
529 5645 588 5694 ιι,
631 5628 717 5681 ll).

281 5729 392 5804 (25)
427 5726 618 5804 Merito
675 5726 815 5804 hanc
852 5730 1067 5804 “narrat
1117 5731 1388 5804 tanquam
1450 5723 1771 5804 popularem

209 5793 556 5855 traditionem
588 5796 654 5850 de
688 5793 917 5848 Herodis
948 5808 1082 5846 nece
1117 5793 1437 5846 Theodorus
1469 5811 1483 5858 ;
1511 5794 1598 5846 ille
1629 5793 1773 5845 enim

212 5885 398 5940 reapse
429 5883 534 5923 non
574 5869 628 5920 in
658 5866 857 5922 civium
878 5865 1168 5919 rebellione
1193 5863 1282 5917 sed
1314 5863 1368 5916 in
1401 5862 1658 5932 Hispania
1677 5875 1776 5916 ex-

1881 4669 2135 4725 radians:
2173 4670 2317 4724 inter
2341 4676 2634 4740 martyres,
2667 4667 2828 4722 veluti
2850 4669 3047 4722 ccelum
3067 4677 3150 4724 est
3179 4671 3451 4728 sideribus

1879 4762 2147 4818 variatum
2197 4762 2625 4817 miraculorum:
2664 4762 2804 4815 inter
2853 4761 3056 4830 justos,
3109 4777 3208 4816 ceu
3265 4764 3448 4819 multis

1876 4855 2104 4926 justitiaa
2131 4857 2467 4910 ornamentis
2496 4854 2602 4910 alte
2623 4853 3002 4919 frondescens,
3040 4854 3231 4909 Libani
3256 4857 3449 4911 cedros

1879 4949 2112 5006 excedit.
2153 4949 2253 5003 Hic
2286 4948 2447 5003 hodie
2477 4947 2682 5001 mundo
2721 4947 2976 5001 universo
3011 4948 3267 5017 gaudium
3322 4951 3447 5004 inti-

1882 5045 2016 5096 mat.
2054 5037 2189 5094 Nam
2221 5039 2264 5093 si
2286 5037 2443 5092 multi
2482 5038 2533 5091 in
2566 5038 2846 5090 nativitate
2891 5036 2981 5105 jus
2999 5038 3235 5107 gavisuri
3269 5050 3443 5105 erant,
3517 5031 3522 5036 ’

1877 5135 2034 5199 juxta
2062 5133 2306 5187 divinum
2341 5131 2560 5185 eﬂ'atum
2585 5130 2665 5197 ⁹⁶;
2701 5143 3124 5184 consentaneum
3146 5131 3214 5184 sit
3247 5131 3299 5184 in
3327 5133 3444 5200 ejus

1883 5239 2098 5295 quoque
2163 5221 2631 5277 consummatione
2698 5220 2941 5272 eamdem
2997 5235 3119 5273 esse
3180 5221 3442 5288 laetitiam,

1883 5333 2044 5387 quam
2077 5330 2174 5369 nos
2208 5313 2550 5367 solemnitate
2581 5312 2678 5364 hac
2711 5311 2984 5363 celebrare
3020 5310 3169 5379 digni
3215 5311 3440 5377 fuimus,

1879 5419 2143 5480 quotquot
2167 5406 2538 5470 sacerdotalis,
2579 5413 2673 5456 aut
2712 5402 2996 5468 eremitici,
3025 5414 3118 5456 aut
3148 5405 3442 5458 monacha-

1886 5504 1971 5564 lis,
1998 5510 2092 5555 aut
2122 5500 2284 5555 etiam
2316 5498 2440 5552 laici
2490 5496 2696 5551 ordinis
2730 5510 2936 5559 sumus,
2999 5495 3180 5548 cuncti
3238 5496 3443 5550 scilicet

1881 5717 1966 5773 sul
2002 5714 2156 5775 obiit,
2192 5709 2476 5835 utgdiserte
2511 5704 2778 5774 Josephus
2807 5713 3013 5767 narrat,
3045 5703 3121 5757 De
3153 5702 3286 5757 bello
3304 5701 3436 5757 Iud.

1882 5789 1974 5835 lib.
2011 5801 2070 5835 ιι.
2099 5798 2219 5835 can.
2281 5819 2295 5833 .

1881 5789 1974 5841 lib.
2011 5801 2070 5850 ιι,
2099 5798 2219 5851 cap.
2242 5789 2295 5835 9.
