4170 6526
654 426 756 488 ΠΙ

1843 429 1902 487 S.
1929 430 2320 489 'I‘HEODORI
2370 430 2717 490 STUDITAZ

3806 424 3927 486 772

657 548 812 589 sacra
863 536 966 590 hac
1024 534 1544 590 commemoratione
1605 536 1860 605 gaudium
1919 539 2262 601 afferentes

2363 540 2424 592 οῦ
2459 541 2806 610 μνημοσὺνου
2833 541 2893 593 τὸ
2923 539 3242 608 ἀγαλλίαμα
3266 553 3280 570 ⁸
3305 537 3670 608 διαφερόντως
3695 535 3753 588 δὲ
3780 537 3924 605 ήμιν

657 629 929 698 pmcipue
948 643 1078 682 vero
1114 627 1273 682 nobis
1302 628 1396 697 qui
1419 643 1589 683 sacra:
1616 630 1762 684 illius
1783 631 1913 686 mdis
1937 633 2230 687 conturber-

661 723 812 778 nales
843 740 857 788 ;
901 721 1056 789 cujus
1079 728 1369 789 propterea
1433 721 1924 778 intercessionibus
1955 724 2232 778 validiori-

660 817 764 871 bus
777 815 981 870 utinam
1014 813 1291 868 fruamur!
1315 813 1366 866 in
1388 811 1610 868 Christo
1629 813 1756 869 Jesu
1777 814 2009 871 Domino
2023 825 2234 871 nostro.

668 906 770 962 Cui
832 905 1002 976 gloria
1029 913 1084 958 et
1121 913 1382 974 potestas,
1413 920 1536 958 cum
1579 904 1742 959 Patre
1791 915 1846 961 et
1890 909 2236 962 sanctissimo

663 996 876 1050 vivifico
903 993 1130 1064 Spiritu,
1171 1009 1314 1047 nunc
1337 1003 1393 1047 et
1415 1010 1632 1064 semper
1659 1004 1714 1049 et
1747 1011 1843 1066 per
1892 996 2108 1052 iutinita
2133 1014 2235 1052 sae-

665 1090 784 1146 cula
818 1089 1164 1145 saeculorum.
1199 1088 1396 1140 Amen.

1405 1178 1499 1233 1X.

666 1273 933 1328 Laudatio
955 1273 1012 1326 in
1046 1271 1105 1326 S.
1137 1270 1400 1324 Joannem
1428 1272 1722 1339 apostolum
1752 1281 1800 1325 et
1841 1275 2238 1342 evangelistam.

2333 631 2549 693 τοῖςτοῦ
2587 631 2735 700 ἱεροῦ
2795 631 2957 683 αὐτοῦ
2983 633 3132 683 οίκου
3153 631 3262 700 (26)
3294 630 3594 692 θιασώταις
3665 622 3726 682 οὑ
3751 645 3924 698 μετα-

2338 722 2602 790 σχοίημεν
2630 721 2738 773 τῶν
2766 721 3070 788 πρεσϐειῶν
3106 721 3185 773 ἐτι
3231 721 3375 790 μάλα
3421 719 3822 787 ἐκτενέστερον,
3861 718 3926 768 ἐν

2341 814 2561 882 Χριστῷ
2604 813 2776 882 Ἰησοῦ
2824 811 2902 881 τῷ
2939 813 3126 882 Κυρίῳ
3171 811 3364 883 ἡμῶνο
3399 805 3442 879 ᾧ
3479 814 3510 881 ή
3552 810 3680 874 δόξα
3722 812 3813 861 καὶ
3857 811 3928 861 τ’)

2342 905 2562 974 κράτος,
2622 905 2721 956 σὺν
2765 903 2843 972 τῷ
2892 904 3068 973 Πατρὶ
3119 905 3212 956 καὶ
3249 903 3326 973 τῷ
3381 902 3632 971 παναγίῳ
3662 901 3758 954 καὶ
3787 898 3930 963 (wo-

2345 995 2482 1064 ποιῷ
2505 996 2807 1064 Πνεὺματι,
2839 994 2934 1048 νῦν
2971 996 3065 1046 καὶ
3091 995 3196 1056 ἀεὶ,
3230 995 3324 1046 καὶ
3368 996 3448 1056 εἰς
3477 995 3603 1058 τοὺς
3629 990 3930 1060 ἀτελευτή-

2346 1104 2471 1149 τους
2495 1087 2697 1149 αἰῶνας
2731 1087 2840 1139 τῶν
2873 1085 3107 1138 αἰώνων.
3153 1086 3343 1154 Ἀμήν.

3101 1173 3156 1227 8’

2344 1270 2672 1346 Ἐγκώμιον
2691 1273 2777 1346 είς
2801 1269 2907 1322 τὸν
2919 1267 3111 1346 μέγαν
3129 1262 3424 1346 Ἰωριζτςην
3445 1266 3551 1344 τὸς
3570 1263 3934 1346 {136070.101-

2555 1344 2651 1394 καὶ
2681 1334 3121 1408 εὐαγγελιστὶιν
3153 1335 3258 1389 τοῦ
3290 1334 3544 1403 Χριστοῦ
3573 1334 3704 1404 (27).

1911 1426 2066 1496 (Asc.
2093 1430 2222 1483 ΜΑι.
2255 1431 2355 1488 loc.
2381 1435 2470 1488 cit.
2507 1450 2560 1503 p.
2587 1433 2699 1502 02.)

739 1523 791 1575 1.
832 1520 969 1573 Cum
1012 1520 1210 1574 coelum
1256 1519 1414 1574 nobis
1462 1519 1526 1573 ad
1574 1518 1907 1576 laudationis
1949 1537 2240 1591 argumen-

669 1621 783 1667 tum
839 1611 1179 1681 pr0positum
1227 1611 1316 1676 sit,
1365 1611 1491 1679 quis
1536 1625 1720 1665 sermo
1770 1612 2095 1677 invenietur,
2147 1613 2239 1683 qui

669 1703 1044 1760 encomiorum
1077 1702 1417 1756 altitudinem
1453 1718 1674 1773 aequare
1703 1703 2088 1773 possit?Quod
2115 1720 2242 1760 vero

676 1795 954 1867 ingenium
997 1793 1062 1848 ad
1092 1794 1523 1864 magnitudinem
1548 1810 1606 1849 se
1641 1796 1862 1849 extollat
1891 1796 2246 1851 nobilissima:

671 1887 890 1942 laudis?
923 1885 1059 1940 Fors
1100 1886 1214 1955 ipsa
1249 1886 1511 1940 duntaxat
1540 1888 1848 1956 argumenti
1896 1889 2246 1957 aggressione

675 1975 1015 2043 fatiscemus,
1048 1987 1306 2048 tanquam
1337 1993 1398 2033 ea
1434 1988 1707 2034 tentantes
1746 1997 1868 2051 qua:
1903 1998 2063 2036 nemo
2097 1998 2247 2038 asse-
2276 1957 2322 2014 Β

674 2072 769 2142 qui
801 2071 996 2141 possit,
1038 2085 1101 2125 ac
1133 2071 1226 2140 qui
1281 2070 1335 2124 in
1386 2071 1708 2126 immensam
1749 2073 2126 2127 celsitudinem
2172 2074 2251 2127 vi-

675 2164 904 2218 deamus
953 2162 1229 2231 prosilire.
1286 2159 1408 2216 Non
1461 2161 1608 2215 hunc
1649 2173 1828 2216 autem
1873 2163 2057 2232 polum
2105 2165 2249 2229 dico,

675 2271 840 2325 quem
871 2253 1154 2310 stellarum
1189 2237 1346 2309 chori
1385 2254 1537 2308 vario
1567 2254 1766 2309 decore
1803 2265 2119 2324 perornant,
2154 2273 2253 2312 nec

677 2363 840 2418 quem
883 2346 965 2401 sol
1010 2345 1270 2414 aurigans
1319 2347 1597 2417 reciproco
1647 2361 1814 2401 cursu
1842 2347 2086 2416 quotidie
2132 2362 2254 2415 per-

677 2448 865 2508 agrat;
922 2449 977 2492 at
1021 2452 1197 2507 neque
1239 2453 1400 2506 quem
1454 2438 1584 2491 luna
1631 2449 1857 2493 cornuta
1905 2455 2251 2507 percurrens,

679 2529 786 2583 diei
839 2527 1051 2597 fulgore
1101 2536 1315 2582 noctem
1375 2527 1735 2583 collucentem
1787 2540 2043 2599 praestat;
2099 2531 2256 2598 cujus

680 2620 934 2676 miraculi
989 2620 1141 2674 visus
1187 2618 1447 2687 magister
1498 2621 1736 2684 exsistit,
1770 2623 1897 2676 dum
1957 2623 2010 2675 in
2069 2638 2254 2676 rerum

680 2720 988 2767 creatarum
1017 2708 1484 2778 pulchritudinem
1516 2719 1787 2778 penetrat,
1814 2713 2168 2781 animumque
2191 2711 2255 2765 ad

681 2801 977 2860 creationis
1016 2806 1296 2854 auctorem
1349 2800 1676 2853 transmittit
1704 2818 1718 2855 :
1751 2801 1880 2870 quin
1916 2802 2096 2870 potius
2125 2801 2254 2854 illud

683 2894 915 2950 dixerim
945 2891 1170 2956 malum,
1197 2891 1355 2960 cujus
1379 2890 1548 2945 stella
1576 2901 1838 2961 perpetuo
1859 2892 2101 2948 lucentes
2129 2901 2259 2947 sunt

684 2986 979 3041 multarum
1055 2984 1314 3038 virtutum
1399 2991 1633 3049 turmm,
1698 2984 1961 3053 bonaeque
2028 2982 2260 3039 actionis

683 3076 969 3147 splendore
996 3075 1264 3146 fulgentes
1296 3089 1310 3127 :
1343 3084 1394 3128 et
1425 3074 1582 3144 cujus
1606 3074 1712 3139 sol,
1734 3075 2039 3144 evangelica
2066 3089 2261 3144 nempe

683 3169 1024 3241 praedicatio,
1082 3167 1150 3221 ad
1208 3166 1358 3220 orbis
1416 3176 1687 3220 terrarum
1738 3166 1876 3221 ﬁnes
1936 3167 2258 3235 pervadens,

2418 1535 2487 1584 α’.
2518 1527 2760 1598 Οὐρανοῦ
2802 1523 3164 1598 προκειμένου
3195 1524 3325 1591 ἡμῖν
3353 1521 3431 1584 εἰς
3466 1521 3724 1574 ὑπόθεσιν
3747 1522 3934 1588 ἐγγω-

2350 1621 2496 1691 μίου,
2530 1621 2613 1682 τίς
2644 1622 2752 1687 ἀρα
2795 1616 3104 1686 ἐξευρεθείη
3160 1616 3313 1682 λόγος
3345 1614 3422 1684 τῷ
3450 1613 3572 1682 ὕψει
3604 1613 3713 1666 τῶν
3735 1613 3932 1681 ⁸ἐγκωι-

2353 1709 2491 1779 μίων
2546 1708 2949 1778 συνεπαρθῆναι
3013 1707 3359 1774 δυνάμενος;
3420 1705 3548 1756 ποία
3608 1704 3662 1756 δὲ
3714 1703 3933 1756 διάνοια

2352 1799 2555 1870 ὑφάψοι
2606 1799 2666 1852 16
2695 1797 2787 1850 τοῦ
2827 1796 3092 1868 μεγέθους
3129 1795 3225 1865 τῆς
3269 1792 3585 1864 ὑπερφυοῦς
3626 1793 3928 1856 αἰνέσεωςς

2351 1893 2492 1961 τάχα
2547 1892 2614 1945 ἂν
2667 1891 3047 1960 ἀποκάμοιμεν
3099 1888 3190 1940 καὶ
3252 1887 3410 1955 μόνον
3462 1885 3560 1956 τῆς
3613 1882 3932 1944 ὑποθέσεως

2351 1983 2743 2052 κατάρξασθαι,
2776 1982 2851 2043 ὡς
2901 1980 3007 2032 τῶν
3063 1978 3366 2048 ἀνεφίκτων
3395 1977 3797 2046 ἐφαπτόμενοι,
3831 1978 3935 2030 καὶ

2352 2077 2429 2140 είς
2457 2073 2854 2143 ἀπειροπληθὲς
2881 2071 3012 2140 ῦψος
3054 2071 3226 2140 πηδᾷν
3250 2068 3651 2138 δοκιμάζοντες
3680 2069 3776 2122 καὶ
3818 2070 3934 2138 μὴν

2351 2169 2411 2221 οὑ
2437 2168 2583 2220 τόνδε
2611 2169 2755 2236 φημὶ
2785 2166 2874 2218 τὸν
2899 2163 3078 2228 πόλον,
3111 2163 3168 2214 ὃν
3203 2161 3440 2231 ἀστρῷοι
3473 2164 3680 2230 χορεῖαι
3720 2162 3897 2232 ὲκπρε
3917 2191 3934 2200 -

2353 2261 2471 2324 πῶς
2530 2258 3038 2320 καταποκίλλουσιν,
3080 2255 3185 2306 οὐδ’
3213 2256 3380 2324 ὅνπερ
3430 2254 3579 2323 ἣλιος
3609 2254 3937 2323 ἁρματηλα,

2353 2354 2459 2406 τῶν
2488 2355 2577 2405 τὸν
2607 2354 2882 2422 ἐφήμερον
2915 2349 3118 2404 διανὺει
3145 2349 3378 2413 δίαυλον,
3412 2348 3592 2400 οὐδὀὐ
3625 2347 3731 2416 μὴν
3759 2349 3938 2417 ὅνπερ

2357 2445 2551 2514 σελήνη
2612 2443 2894 2513 μηνοειδὴς
2940 2441 3228 2494 διαθέουσα
3272 2440 3593 2510 ήμεροφανῆ
3633 2439 3731 2508 τὴν
3758 2439 3940 2495 νύκτα

2357 2535 2748 2606 ἀπεργάζεταιο
2777 2528 2839 2586 οὗ
2860 2533 2953 2585 τοῦ
2977 2533 3252 2601 θαύματος
3273 2535 3365 2584 καὶ
3390 2533 3423 2601 ἡ
3448 2532 3567 2600 ὓζκις
3587 2531 3935 2598 διδάσκαλος,

2357 2634 2468 2692 τοῖς
2498 2630 2596 2698 τῆς
2643 2628 2873 2688 κτίσεως
2907 2625 3291 2694 ἐμϐαθύνουσα
3345 2624 3588 2688 κάλλεσι,
3642 2626 3738 2676 καὶ
3796 2625 3939 2693 πρδς

2356 2723 2446 2775 τὸν
2488 2722 2587 2790 τῆς
2630 2719 2996 2790 δημιουργίας
3024 2717 3196 2769 αἴτιον
3239 2713 3327 2768 τὸν
3353 2714 3476 2768 νοῦν
3511 2716 3938 2784 ἀναπέμπουσαο

2358 2812 2473 2866 ἀλλ’
2503 2813 2730 2882 οὐρανὸν
2761 2812 2965 2862 ἐκεῖνον
2995 2809 3234 2877 λέγοιμι,
3278 2802 3338 2860 οὐ
3384 2805 3609 2875 ἀστέρες
3657 2808 3943 2874 ἀειφανεῖς

2360 2903 2466 2956 τῶν
2495 2901 2704 2972 ἀρετῶν
2733 2899 2940 2953 σύνοδοι
2971 2897 3202 2959 πολλῶν,
3234 2895 3311 2966 τῷ
3351 2897 3476 2965 φάει
3510 2897 3607 2965 τῆς
3636 2896 3943 2966 εὐπραξίας

2361 2992 2831 3054 ἀποστιλϐοῦντες,
2890 2992 2980 3044 καὶ
3017 2986 3188 3060 οὗπερ
3241 2989 3414 3057 ἦλιος,
3471 2989 3531 3040 τὸ
3583 2989 3946 3057 εὐαγγελικὸν

2362 3088 2644 3156 κήρυγμα,
2677 3087 2755 3148 εἰς
2803 3086 2870 3137 τὰ
2915 3086 3014 3152 τῆς
3065 3081 3389 3152 οἰκουμένης
3438 3080 3665 3151 διᾴττων
3704 3084 3943 3151 πέρατα,

2367 3177 2772 3249 μυριοπλασίως
2802 3177 2950 3245 ἡλίου
2982 3176 3372 3245 φωτεινότερον
3397 3175 3711 3243 φρυκτωρεῖ
3735 3175 3946 3243 κόσμον

685 3260 835 3316 mille
875 3259 1131 3328 partibus
1182 3257 1420 3310 lucidius
1478 3256 1587 3308 sole
1637 3257 1902 3310 mundum
1951 3257 2259 3319 collustrat,

2364 3269 2560 3341 ὁρατόν
2591 3285 2650 3320 τε
2685 3270 2777 3319 καὶ
2803 3268 3054 3338 ἀόρατον.
3091 3267 3411 3336 Σεληνιαίου
3437 3265 3546 3335 γὰρ
3579 3263 3755 3332 φωτὸς
3790 3263 3947 3318 οὐπω

687 3361 800 3406 tum
830 3350 973 3404 hunc
1007 3347 1184 3402 oculis
1213 3346 1547 3415 subjectum.
1587 3355 1699 3399 tum
1740 3346 1892 3399 illum
1929 3347 2044 3400 sola
2080 3346 2264 3414 cogni-

690 3455 804 3499 tum
839 3454 1040 3499 mente.
1083 3439 1201 3496 Non
1229 3440 1372 3495 enim
1413 3439 1590 3494 lunari
1636 3439 1843 3494 lumine
1881 3453 2019 3508 Opus
2051 3437 2099 3492 ei
2137 3446 2263 3492 est:

688 3536 891 3606 quippe
929 3551 1052 3590 cum
1103 3547 1171 3588 ne
1220 3547 1329 3586 nox
1373 3531 1594 3601 quidem
1639 3530 1881 3600 excipiat
1930 3529 2099 3593 diem,
2141 3526 2266 3596 quia

689 3627 1072 3698 splendorihus
1105 3627 1418 3680 illustratur
1449 3623 1540 3692 qui
1568 3639 1848 3694 nunquam
1879 3622 2160 3677 occidunt.

760 3719 818 3772 2.
851 3718 920 3773 At
943 3720 1084 3773 scire
1136 3719 1302 3774 vultis
1329 3719 1581 3788 quisnam
1610 3717 1696 3770 hic
1723 3718 1794 3771 sit
1816 3714 2104 3784 magnifice
2135 3711 2269 3767 adeo

691 3810 1020 3882 praedicatus
1066 3811 1089 3864 ?
1139 3809 1404 3864 Nimirum
1470 3807 1708 3864 Joannes
1772 3817 1875 3870 est,
1934 3805 2267 3869 auditores;

693 3902 952 3966 Joannes,
1006 3903 1249 3972 inquam,
1282 3915 1542 3970 perquam
1571 3899 1900 3954 excellenter
1944 3898 2224 3966 apostolus
2253 3915 2267 3962 ;

695 3994 1151 4064 evangelistarum
1184 3991 1664 4061 praestantissimus
1689 4009 1705 4058 ;
1728 3990 1819 4044 Dei
1846 3989 2049 4059 aquila,
2076 4004 2272 4060 magna

697 4087 789 4143 illa
827 4086 1022 4157 pennis
1076 4085 1258 4139 aureis
1289 4084 1514 4154 praedita
1554 4101 1569 4150 ;
1609 4084 1847 4139 crelestis
1896 4081 2150 4152 profundi
2190 4082 2274 4135 in-

697 4181 1015 4249 vestigator,
1044 4192 1205 4248 quem
1245 4177 1433 4232 nullus
1465 4175 1688 4246 assequi
1714 4184 1892 4246 potest
1933 4193 1945 4229 :
1987 4173 2150 4228 homo
2181 4173 2274 4242 qui

698 4272 1044 4328 Cherubinos
1081 4269 1547 4340 contemplatione
1600 4268 1898 4336 superavit,
1937 4267 2033 4336 qui
2084 4265 2274 4320 aeterni

700 4364 866 4419 Verbi
897 4362 1274 4418 exsistentiam
1335 4361 1543 4433 angelis
1589 4360 1726 4429 ipsis
1753 4359 2048 4419 nuntiavit,
2111 4372 2276 4412 voca-

699 4456 947 4511 lissimus
975 4454 1221 4508 veritatis
1247 4467 1424 4524 prmco
1457 4467 1472 4516 ;
1506 4465 1662 4505 mens
1697 4449 1948 4504 sublimia
1981 4459 2272 4518 spectans;

702 4547 887 4616 lingua
921 4547 1078 4617 ignea
1116 4563 1129 4610 ;
1171 4560 1234 4599 os
1264 4544 1451 4598 divino
1487 4556 1737 4597 sermone
1765 4541 2091 4595 instructum
2120 4557 2136 4606 ;
2170 4539 2275 4592 im-

2363 3359 2630 3419 δέδεκται,
2661 3358 2743 3409 ὅτι
2775 3356 2911 3426 μηδὲ
2939 3355 3034 3416 νὺξ
3084 3356 3183 3424 τὴν
3212 3354 3340 3424 περὶ
3370 3354 3502 3408 αὐτὸ
3554 3353 3770 3424 ἡμέραν
3799 3347 3946 3408 οἶδεν

2365 3451 2747 3520 διαδέχεσθαι,
2805 3447 3138 3511 ἀνεπιδὺτως
3203 3449 3297 3501 τοῦ
3365 3449 3537 3516 φάους
3608 3446 3947 3518 μαρμαρὺσο

2371 3557 2576 3604 σοντος.

2444 3720 2510 3787 β’.
2548 3717 2655 3770 Καὶ
2686 3717 2736 3770 τί
2767 3712 2921 3781 οὗτος
2952 3719 2982 3771 6
3015 3716 3582 3789 μεγαληγοροὺμενος,
3615 3717 3806 3786 μαθεῖν
3832 3717 3950 3789 βοῦ-

2371 3809 2562 3873 λεσθε;
2599 3810 2876 3879 Ἰωάννης,
2926 3807 2971 3863 ὦ
3026 3811 3236 3882 ἀνδρες,
3267 3813 3294 3863 6
3324 3809 3588 3880 ὑπερλίαν
3625 3809 3948 3876 ἀπόστολος,

2371 3901 2478 3954 τῶν
2517 3900 2918 3968 εὐαγγελιστῶν
2956 3903 2983 3954 6
3015 3903 3477 3972 προφερέστατος,
3502 3902 3530 3953 6
3564 3900 3658 3952 τοῦ
3689 3900 3824 3954 Θεοῦ
3853 3905 3954 3955 ἀεο

2372 3994 2484 4056 τὸς,
2511 3996 2539 4046 6
2587 3993 2781 4064 μέγας,
2832 3994 2859 4045 6
2904 3995 3304 4063 χρυσοπτέρυξ,
3333 3996 3359 4046 6
3383 3993 3477 4045 τοῦ
3504 3993 3756 4062 οὐρανίου
3786 3993 3950 4064 βυθοῦ

2375 4087 2667 4157 ἐρευνητὴς
2695 4087 2988 4154 ἆφθαστος,
3026 4087 3054 4138 6
3079 4085 3334 4138 ἐπέκεινα
3366 4086 3475 4138 τῶν
3505 4086 3788 4156 Χερουϐὶμ
3813 4087 3949 4140 ἀνα-

2375 4177 2538 4247 νήξας
2561 4180 2625 4247 τῇ
2655 4178 2856 4249 θεωρίᾳ
2885 4178 3192 4248 ἄνθρωπος,
3217 4179 3244 4228 6
3265 4176 3362 4246 τῆς
3389 4176 3481 4228 τοῦ
3506 4177 3681 4244 Λόγου
3711 4178 3948 4247 ἀνάρχοι

2376 4267 2659 4338 ὑπάρξεως
2699 4269 2791 4320 καὶ
2819 4268 3084 4334 ἀγγέλοις
3102 4267 3348 4335 ἄγγελοςο
3376 4269 3403 4319 6
3435 4266 3953 4337 μεγαλοφωνότατος

2375 4363 2473 4432 τῆς
2503 4359 2759 4429 ἀληθείας
2791 4359 2968 4427 κῆρυξ
2998 4361 3024 4411 6
3067 4359 3189 4420 νοῦς
3232 4362 3259 4412 6
3290 4359 3637 4427 ὑψίϐλεπτος,
3663 4361 3694 4429 ἡ
3730 4360 3953 4428 γλῶσσα

2380 4454 2412 4520 ἡ
2444 4451 2684 4524 πύρινος,
2717 4451 2774 4504 τὸ
2800 4451 2971 4522 στόμα
3000 4451 3060 4503 τὸ
3107 4451 3459 4520 θεόφραστον,
3510 4453 3608 4523 τῆς
3665 4453 3857 4521 σοφίας
3895 4453 3955 4507 τὺ

2378 4545 2602 4616 ἄπειρον
2643 4545 2893 4612 πέλαγος,
2917 4543 3022 4596 τῶν
3048 4543 3333 4613 δογμάτων
3360 4545 3388 4596 6
3415 4543 3574 4613 βυθὸς
3597 4546 3624 4596 6
3656 4543 3952 4612 ἀφθαστος,

703 4653 950 4693 mensum
997 4636 1276 4705 sapientiae
1308 4634 1532 4705 pelagus
1567 4650 1583 4700 ;
1613 4635 1923 4703 dogmatum
1956 4631 2262 4699 imperscru‘

2381 4636 2480 4706 τῆς
2505 4635 2758 4704 γνώσεως
2793 4636 2854 4687 τὸ
2885 4637 3087 4706 δοχεϊον
3116 4637 3176 4689 τὺ
3208 4636 3482 4706 μέγιστον,
3529 4638 3563 4706 ἡ
3599 4637 3954 4706 κοσμοφανὴς

702 4729 886 4784 tabilis
913 4743 1109 4798 gurges
1140 4745 1155 4794 ;
1185 4726 1428 4782 scientia:
1454 4725 1905 4794 conceptaculum
1933 4722 2228 4776 maximum
2257 4763 2271 4788 ,

702 4820 888 4890 fulgur
934 4818 1168 4890 Spiritus
1221 4818 1426 4872 mundo
1481 4817 1779 4883 relucens;
1828 4816 2014 4886 gratia;
2072 4815 2274 4870 tonitru

706 4912 967 4967 mundum
993 4920 1338 4980 perstrepens
1361 4928 1375 4976 ;
1398 4911 1646 4965 sublimis
1670 4909 2032 4964 Ecclesiarum
2065 4907 2278 4962 colum-

704 5017 796 5068 na,
834 5003 926 5057 Dei
959 5001 1329 5057 firmissimum
1376 4999 1786 5054 fundamentum
1824 5016 1838 5064 ;
1897 5000 2147 5054 humana:
2178 5012 2277 5052 na-

705 5103 840 5149 tura:
861 5093 1146 5161 praedatrix
1175 5106 1370 5161 sagena
1403 5107 1418 5157 ;
1447 5090 1742 5160 piscatoria
1783 5091 2088 5144 animarum
2114 5104 2280 5142 arun-

705 5185 778 5238 do
829 5182 896 5236 ad
949 5197 1122 5251 usque
1165 5180 1364 5235 caelum
1439 5180 1765 5250 attingens;
1817 5193 1966 5233 serra
2019 5180 2278 5232 adversus

705 5289 894 5331 omnes
933 5275 1188 5338 haereses,
1245 5281 1508 5342 perpetuo
1573 5280 1722 5326 motu
1775 5271 1974 5340 agitata
2020 5287 2036 5337 ;
2083 5279 2278 5324 acutus

707 5365 941 5436 gladius,
1005 5363 1300 5434 impietatis
1360 5362 1572 5416 zizania
1622 5363 1902 5416 dissecans
1959 5378 1974 5427 ;
2025 5361 2268 5416 caelestis

708 5457 875 5512 clavis
899 5456 1193 5527 impietatis
1235 5464 1440 5511 turmas
1466 5453 1762 5508 occludens
1803 5472 1814 5507 :
1863 5453 2048 5508 divino
2079 5453 2276 5507 robore

779 5571 894 5640 (26)
928 5569 1148 5640 Scilicet
1186 5569 1362 5625 Studii
1416 5569 1831 5631 monasterium,
1868 5575 2104 5640 et_sacra
2131 5570 2271 5640 mdes

713 5636 932 5696 titulum
979 5642 1037 5696 S.
1077 5639 1303 5696 Joannis
1331 5641 1584 5707 Baptista:
1612 5640 1889 5707 gerebant.
1919 5637 2122 5691 Confer
2148 5636 2270 5690 Stu-

709 5712 836 5766 diue
900 5713 1068 5767 nostri
1110 5711 1288 5766 Vitam
1319 5719 1372 5765 et
1397 5707 1570 5779 Opera
1602 5710 1688 5763 ed.
1725 5708 2005 5762 Sirmond.
2038 5724 2088 5776 p.
2121 5707 2206 5779 18,
2228 5716 2281 5761 et

712 5782 991 5850 6l8.7ltem
1015 5782 1274 5850 Cangiutn
1300 5778 1700 5846 Consiuntinop.
1726 5781 1905 5850 (ξυνίει,
1935 5779 2028 5830 lib.
2051 5794 2122 5850 ty,
2148 5778 2282 5839 titL,

713 5853 800 5904 ed.
841 5849 1015 5905 Paris.
1071 5847 1296 5919 p.103.
1353 5850 1426 5904 De
1456 5850 1645 5902 eodem
1692 5847 1997 5914 S.llaptista
2052 5847 2286 5912 hymnus

2381 4730 2639 4800 ἀστραπὴ
2670 4729 2764 4781 τοῦ
2799 4729 3135 4798 Πνεῦματος,
3163 4731 3196 4799 ἡ
3226 4729 3577 4798 οἰκουμενικὴ
3617 4727 3815 4797 βροντὴ
3855 4731 3954 4800 τῆς

2381 4820 2623 4891 χάριτος,
2674 4818 2784 4872 τῶν
2817 4818 3154 4888 Ἐκκλησιῶν
3199 4820 3226 4871 6
3279 4819 3467 4881 στὺλος
3504 4820 3531 4871 6
3570 4817 3893 4888 ἀκρότατος,
3927 4820 3955 4873 ό

2380 4912 2474 4964 τοῦ
2503 4911 2636 4964 Θεοῦ
2667 4911 3040 4981 στερεοπαγὴς
3062 4910 3330 4980 θεμέλιος,
3358 4912 3390 4980 ἡ
3414 4910 3713 4980 ἀγρευτικὴ
3742 4914 3954 4980 σαγήνη

2382 5003 2481 5073 τῆς
2514 5001 2860 5072 ἀνθρωπίνης
2895 5002 3130 5070 φύσεως,
3179 5005 3208 5057 6
3260 5003 3566 5065 ἁλιευτικὸς
3614 5002 3722 5053 τῶν
3764 5001 3955 5071 ψυχῶν

2383 5097 2763 5166 οὐρανομήκης
2818 5095 3100 5165 κάλαμος,
3152 5096 3180 5148 6
3233 5095 3374 5147 κατὰ
3443 5093 3633 5147 πασῶν
3687 5095 3954 5164 αἱρέσεων

2383 5187 2559 5258 πρίων
2586 5188 2912 5256 ἀεικίνητος,
2945 5188 2978 5256 ἡ
3006 5185 3073 5238 τά
3113 5186 3210 5256 τῆς
3245 5184 3498 5248 ἀσεϐείας
3530 5185 3744 5249 ζιζάνια
3771 5167 3954 5238 διατέ-

2383 5294 2586 5348 μνουσα
2611 5278 2757 5344 ὀξεῖα
2785 5279 3050 5348 μάχαιρα,
3078 5279 3111 5348 ἡ
3140 5277 3211 5330 τὰ
3230 5278 3327 5345 τῆς
3353 5277 3540 5340 ἀθετας
3567 5277 3953 5348 στρατεύματα

2378 5367 2780 5438 διατειχίξουσα
2829 5369 2975 5429 κλεῖς
3023 5369 3297 5436 οὐράνιος,
3355 5371 3386 5438 ἠ
3445 5368 3780 5435 σφενδονῶσα
3828 5369 3954 5432 τούς

2379 5460 2604 5527 νοητοὺς
2638 5458 2806 5527 θήρας
2849 5457 3133 5527 θεοσθενὴς
3163 5457 3391 5520 διάνοια,
3427 5460 3455 5508 6
3487 5456 3798 5525 πελαγίζων
3856 5474 3953 5510 πο·

2376 5569 2821 5638 quoqneiexstitit
2845 5570 3013 5623 nostri
3039 5567 3328 5623 Theodori.
3360 5567 3464 5622 Val.
3499 5584 3550 5637 p.
3582 5569 3670 5622 τε.

2455 5638 2566 5707 (ΥΙ)
2590 5637 2809 5693 (ἔκρουε
2849 5639 3010 5705 hujus
3031 5641 3293 5694 orationis
3331 5649 3511 5694 textus
3540 5654 3686 5693 nunc
3717 5638 3948 5708 primum

2383 5709 2561 5776 prodit
2594 5726 2608 5771 ;
2641 5710 3016 5778 interpretatio
3051 5721 3232 5763 autem
3262 5709 3448 5763 Latina
3477 5707 3792 5764 Cotnbeti’sii
3845 5719 3946 5772 est,

2388 5793 2415 5829 a
2451 5778 2604 5897 Ilpblls
2646 5788 2824 5832 tamen
2872 5794 2977 5832 non
3014 5795 3228 5846 parum,
3258 5789 3311 5833 et
3339 5780 3559 5849 quidem
3621 5780 3950 5843 necessario,

2391 5861 2533 5897 ναι-ιιι
2565 5861 2614 5897 a.

2391 5861 2614 5898 Vill'lala.
