4170 6518
253 465 359 528 773

1078 464 1359 527 ORATIO
1377 463 1479 525 IX.
1517 491 1586 501 —
1607 463 1982 525 LAUDATIO
2020 463 2081 525 S.
2116 460 2376 523 JOANN.
2402 459 2672 523 EVANG.

3396 459 3499 525 774

253 576 427 647 ταμὸς
464 576 562 646 τῆς
593 574 685 628 τοῦ
717 575 849 629 Θεοῦ
902 576 1098 646 σοφίας
1123 578 1191 630 τά
1223 579 1462 645 νάματα,
1502 579 1529 630 6
1550 576 1651 646 τῆς
1682 592 1824 645 παρ-

1935 573 2151 629 animus
2203 573 2474 643 spiritales
2517 573 2720 628 bestias
2760 572 2907 627 velut
2949 572 3113 628 funda
3178 572 3440 642 impetens
3479 590 3494 639 ;

253 665 436 729 θενίας
481 665 609 729 ναὸς
640 665 1045 737 καθαρώτατος,
1079 669 1108 720 6
1157 667 1234 736 τῷ
1266 668 1434 727 ὅντως
1461 667 1675 736 ἐραστῷ
1708 666 1826 717 λίαν

251 758 536 827 ἀγαπητὸς
573 760 667 811 καὶ
711 760 1041 830 ἐπιστήθιος,
1079 763 1106 814 ὁ
1138 762 1314 829 μέγας
1364 758 1458 810 τοῦ
1493 759 1825 825 Εὐαγγελίου

254 848 624 918 ώραιόδρομος
663 850 830 918 ἥλιος,
877 853 910 921 ή
951 851 1144 920 εὖηχος
1169 850 1306 920 λύρα
1336 849 1430 902 καὶ
1464 849 1696 916 σάλπιγξ
1731 848 1826 901 τοῦ

255 937 592 1007 Πνεῦματος·
650 941 743 992 και
790 941 842 992 τί
893 941 974 992 δεῖ
1021 941 1231 1008 λέγειν;
1278 940 1385 992 οὐδ’
1415 941 1465 992 εί
1539 940 1828 1009 μυριοστὸν

258 1027 426 1096 φαίην
477 1029 775 1096 κατάλογον
807 1030 1093 1100 δυνηθείην
1139 1032 1204 1083 ἂν
1243 1029 1552 1098 ἐξιχνεῦσαι
1599 1029 1706 1080 τῶν
1739 1029 1831 1096 ἐγ-

257 1119 485 1186 κωμίων
523 1122 621 1187 τὴν
647 1120 904 1174 ἄϐυσσονο
939 1121 1069 1189 φέρε
1093 1121 1178 1190 δὴ,
1221 1124 1375 1190 φέρε,
1403 1122 1463 1172 οὑ
1494 1120 1554 1172 τὸ
1584 1121 1702 1172 ὅλον
1748 1121 1825 1171 εί-

258 1213 404 1272 πεῖν,
444 1211 599 1263 τοῦτο
627 1213 733 1281 γάρ
761 1213 860 1283 ἤδη
888 1215 1111 1284 ἄπορον,
1150 1214 1210 1265 οὐ
1268 1217 1334 1283 τῇ
1383 1212 1490 1282 ἐμῇ
1533 1213 1826 1282 ἀγλωττίᾳ,

257 1300 396 1353 ἀλλὰ
423 1302 531 1372 γὰρ
556 1303 649 1355 καὶ
673 1297 752 1365 οἷς
783 1305 1074 1374 ὑψηγορεῖν
1101 1304 1353 1373 δύναμις,
1384 1305 1718 1373 ἡττωμένοις
1753 1303 1830 1372 τῷ

261 1393 486 1462 μεγέθει
534 1394 628 1448 τοῦ
680 1395 976 1465 θαύματος,
1009 1397 1089 1449 ὅτι
1125 1397 1256 1465 μηδὲ
1303 1395 1436 1463 ὕψος
1470 1395 1702 1466 οὐρανοῦ
1735 1412 1832 1465 με·

259 1485 484 1552 τρητόν⁶
516 1485 618 1538 κᾶν
642 1486 756 1554 δοίη
790 1487 872 1550 τίς
917 1486 1195 1557 συναίρειν
1224 1486 1316 1538 τὸν
1354 1485 1594 1549 ἔπαινον,
1625 1485 1832 1556 βραχέα

259 1573 318 1627 δέ
346 1592 468 1629 τινα
507 1579 576 1629 ἐκ
616 1576 724 1629 τῶν
759 1577 1129 1646 εὐαγγελικῶν
1173 1577 1453 1646 λειμώνων
1483 1576 1831 1645 μελισσειδῶς

259 1664 400 1734 ἄνθη
431 1666 779 1737 λογησαντες,
805 1667 1089 1721 καὶταῦτα
1109 1666 1198 1723 οἷά
1227 1685 1346 1722 τινα
1369 1667 1571 1737 σίμὸλα
1599 1668 1832 1735 λογικῶς

261 1756 836 1826 κηροπλαστήσαντες,
867 1759 959 1812 καὶ
1005 1760 1081 1823 ὡς
1136 1760 1554 1830 άπαρτήσαντες
1581 1760 1647 1827 τῇ
1699 1759 1835 1810 ἀπο-

262 1846 482 1919 στολικῇ
529 1850 832 1922 πανηγύρει
861 1850 1047 1922 ὥσπερ
1080 1853 1186 1906 τινὶ
1239 1851 1488 1920 βασιλίδι,
1529 1852 1822 1918 ἐπίκουρον

1929 663 2128 719 fluvius
2155 664 2249 719 Dei
2279 665 2560 734 sapientia:
2602 664 2760 719 latice
2786 664 3070 719 exundans
3106 682 3120 730 ;
3167 664 3498 732 virginitatis

1930 756 2349 810 mundissimum
2400 757 2658 825 templum
2697 756 2816 821 ;ei,
2870 756 2962 826 qui
3009 772 3194 809 revera
3247 755 3498 808 amabilis

1929 855 2033 909 est,
2065 845 2220 899 valde
2249 846 2468 908 charos,
2500 862 2562 900 ac
2594 862 2756 915 supra
2786 848 3028 915 ejusdem
3059 855 3246 916 pectus
3280 862 3496 900 recum-

1932 938 2066 992 bens
2096 955 2110 1002 ;
2157 952 2384 1006 magnus
2415 936 2691 1007 Evangelii
2739 937 2818 992 sol
2853 938 3095 1006 speciose
3130 939 3442 991 discurrens
3478 955 3494 1004 ;

1931 1041 2128 1082 sonora
2163 1027 2400 1096 Spiritus
2455 1029 2571 1098 lyra
2603 1044 2666 1081 ac
2696 1030 2849 1082 tuba.
2881 1031 2948 1080 At
2971 1027 3099 1097 quid
3141 1044 3278 1097 opus
3306 1037 3386 1081 est
3416 1028 3498 1080 di-

1930 1134 2054 1173 cere
2083 1119 2105 1171 ?
2133 1116 2212 1172 Ne
2239 1119 2285 1171 si
2312 1118 2462 1171 mille
2487 1118 2702 1185 quidem
2740 1119 2909 1172 titulis
2947 1126 3165 1171 auctum
3198 1119 3496 1189 catalogum

1930 1221 2232 1274 contexam,
2257 1211 2374 1279 ejus
2391 1211 2590 1280 possim
2610 1212 3198 1280 pervestigarelaudum
3219 1212 3496 1282 abyssum.

1931 1306 2042 1372 Age
2070 1319 2218 1368 vero,
2253 1319 2370 1373 age,
2404 1318 2512 1356 non
2538 1313 2596 1356 ut
2624 1303 2875 1356 universa
2905 1303 3151 1358 dicamus
3180 1305 3198 1376 (
3223 1306 3324 1360 hoc
3351 1305 3494 1359 enim

1931 1394 2332 1458 inconcessum,
2362 1394 2557 1447 nedum
2600 1392 2732 1446 mihi
2782 1393 2873 1461 qui
2917 1394 3186 1448 sermonis
3221 1410 3285 1450 ac
3309 1395 3500 1450 facun-

1935 1485 2040 1540 dlze
2063 1485 2287 1553 penuria
2313 1485 2522 1549 laboro,
2551 1485 2642 1539 sed
2667 1494 2720 1538 et
2745 1485 2812 1538 iis
2829 1486 2922 1555 qui
2953 1486 3215 1556 altiloquii
3246 1487 3498 1541 facultate

1932 1571 2154 1639 pollent,
2203 1588 2340 1639 quos
2377 1579 2582 1625 tantum
2613 1572 2748 1626 illud
2804 1574 3126 1628 miraculum
3162 1575 3364 1644 ingenti
3397 1590 3496 1630 sua

1936 1663 2309 1732 magnitudine
2361 1663 2575 1729 vincit;
2618 1665 2836 1733 quando
2875 1681 3049 1734 neque
3101 1667 3330 1721 altitudo
3375 1668 3498 1722 cmli

1933 1754 2196 1822 ejusmodi
2225 1764 2326 1820 est,
2350 1763 2410 1809 ut
2432 1770 2550 1809 eam
2575 1756 2814 1809 metiaris
2843 1756 2888 1826 ).
2916 1756 3070 1822 Quod
3095 1759 3139 1811 si
3176 1759 3330 1813 nobis
3363 1774 3496 1813 con-

1934 1843 2176 1907 cedatur,
2213 1854 2422 1913 partem
2459 1845 2696 1913 aliquam
2744 1845 2966 1898 laudum
3019 1847 3283 1911 conferre,
3327 1863 3497 1917 pauca

259 1935 353 1988 τὸν
379 1918 510 2004 περὶ
540 1932 600 1989 οῦ
623 1918 830 2009 ὁνλόγος
859 1918 1248 2012 λαμϐάνοντες,
1299 1943 1684 2010 προσενεγκεῖν
1713 1941 1830 2008 ἥδι-

1932 1935 2180 2004 quaedam
2209 1952 2271 1990 ex
2309 1935 2722 2005 Evangeliorum
2771 1939 2940 2005 pratis
2981 1938 3032 1991 in
3086 1940 3302 1993 modum
3334 1956 3496 2008 apum

261 2037 366 2076 στα
395 2023 757 2097 θαρσήσομεν.

1932 2030 2310 2097 decerpentes,
2355 2044 2418 2084 ac
2455 2029 2598 2082 velut
2631 2029 2683 2081 in
2717 2028 3043 2096 quibusdam
3086 2031 3306 2086 alveolis
3344 2047 3498 2087 ceras

260 2111 541 2182 ingeniose
589 2117 875 2189 ﬁngentes,
908 2130 1070 2190 atque
1135 2121 1263 2176 huic
1328 2118 1659 2177 solemnitati
1718 2117 2050 2187 apostolicae,
2123 2128 2381 2182 tanquam
2458 2120 2658 2190 reginae
2714 2117 2952 2183 cuidam,
3007 2119 3495 2190 circumponentes,

257 2206 438 2278 ipsum
470 2213 738 2269 sermonis
769 2215 1045 2283 auspicem
1074 2214 1414 2280 adhibentes,
1470 2212 1536 2268 de
1589 2223 1699 2281 quo
1729 2209 1886 2263 nobis
1921 2218 2005 2264 est
2055 2208 2422 2268 instituendus
2465 2225 2647 2268 sermo
2690 2225 2706 2276 ;
2752 2209 3110 2267 libentissime
3145 2212 3337 2268 offerre
3365 2229 3497 2283 prae

256 2311 564 2357 sumemus.

330 2471 400 2533 γ’.
434 2466 670 2538 Πατρίδα
703 2466 802 2538 μὲν
837 2467 890 2520 εῐ
918 2485 1001 2532 τις
1033 2468 1352 2539 ἐπιζητήσοι
1400 2471 1688 2540 ἐγκωμίων
1745 2469 1830 2521 v6-

259 2574 387 2626 μοις
441 2559 870 2629 ἐπερειδόμενος,
923 2561 1015 2629 ἀφ’
1037 2556 1104 2632 ἧς
1153 2564 1179 2613 6
1229 2561 1526 2624 ἀπόστολος
1573 2564 1651 2625 εἰς
1715 2562 1830 2630 φώς

256 2649 540 2718 ἐλήλυθεν,
575 2650 635 2702 οὐ
689 2653 965 2722 περιφανῆ
1008 2653 1213 2720 ταύτην
1262 2653 1504 2724 εὐρὴσοι,
1542 2653 1675 2706 ἀλλά
1721 2655 1830 2724 γὰρ

257 2737 358 2790 καὶ
409 2738 529 2791 λίαν
574 2739 803 2809 ἄσημον,
849 2741 945 2810 τὴν
990 2741 1304 2793 Γαλιλαίαν⁶
1337 2741 1660 2812 κοινοτέρως
1701 2743 1806 2812 γάρ

259 2829 417 2899 ὅμως
449 2832 725 2885 κάνταῦθα
762 2832 1122 2903 περίϐλεπτος
1150 2834 1176 2884 6
1208 2833 1524 2897 ἀπόστολοςο
1560 2834 1675 2896 πῶς
1738 2834 1832 2885 καὶ

254 2921 370 2974 τίνι
400 2924 617 2994 τρόπῳ;
659 2927 737 2977 ὅτι
771 2925 829 2989 ἐξ
860 2920 926 2995 ἧς
969 2925 1156 2978 οὐδένα
1190 2926 1475 2995 προφήτην
1506 2925 1827 2996 ἐγηγέρθαι,

255 3012 456 3066 οὐδ’οῦ
495 3017 601 3085 μήν
647 3033 699 3068 τι
759 3017 960 3083 ἀγαθὸν
995 3019 1135 3069 εὶναι
1170 3016 1444 3080 Ἰουδαίοις
1504 3036 1562 3070 τε
1610 3021 1702 3072 καὶ
1755 3019 1831 3089 τῷ

257 3104 478 3173 άληθῶς
501 3106 808 3178 Ἰσραηλίτῃ
855 3106 1008 3176 ᾤετο,
1043 3108 1274 3161 ἐνταῦθα
1308 3110 1561 3178 Χριστὸς,
1595 3113 1626 3180 ἡ
1681 3112 1830 3182 πηγὴ

259 3196 446 3265 πάσης
502 3198 855 3268 ἁγαθότητος,
906 3201 962 3250 ἐν
1011 3200 1207 3268 γαστρὶ
1239 3201 1514 3268 Παρθένου
1548 3203 1645 3272 τῆς
1675 3204 1830 3271 ἀρχι-

261 3287 594 3356 ττροφήτιδος
622 3286 1072 3356 συλλαμϐάνεταιο
1108 3282 1208 3340 ὧδε
1241 3290 1552 3359 μορφωθεὶς
1598 3292 1674 3361 τῷ
1707 3291 1828 3346 καθ’

259 3379 414 3448 ἡμᾶς
441 3379 570 3432 εῖδει
605 3380 986 3450 ἐντέθραπται,
1016 3384 1125 3444 τοῖς
1167 3381 1415 3448 γονεῦσιν
1454 3384 1830 3453 ὑποτασσόμε-

258 3486 380 3535 νος,
409 3471 507 3538 τῆς
537 3471 743 3534 πόλεως
768 3472 858 3540 ἀφ’
891 3468 957 3544 ἦς
997 3472 1094 3543 τὴν
1117 3473 1305 3542 κλῆσιν
1353 3476 1588 3544 εἴληφεν
1617 3477 1831 3543 (Ναζω-

261 3564 412 3630 ραῖος
465 3561 590 3631 γὰρ)
633 3563 737 3614 ὑπὸ
766 3562 862 3632 τὴν
898 3563 1210 3629 Γαλιλαίαν,
1242 3565 1316 3628 ὡς
1338 3566 1436 3634 τῆς
1463 3567 1655 3638 κώμης
1690 3567 1831 3639 Βηθ-

262 3654 429 3707 σαῖδα
483 3654 848 3723 ὑποτελούσης
907 3655 1158 3724 μάλιστα.
1225 3657 1313 3720 Ὠς
1374 3659 1702 3726 άξιάγαστον
1772 3660 1832 3712 τὸ

262 3746 494 3814 ἔδαφςί
536 3747 610 3809 ὼς
666 3750 976 3818 μακαριστὴ
1030 3751 1061 3818 ἡ
1110 3749 1334 3818 πατρίςί
1390 3753 1487 3820 τῆς
1511 3724 1906 3821 ἋδοιμιαίαςΟ

263 3837 528 3908 πατρίδος
550 3839 972 3910 αἰδεσιμώτερον
994 3840 1397 3910 διαλάμπουσα,
1433 3842 1508 3905 ώς
1532 3843 1622 3894 τὸν
1649 3843 1707 3908 ἐξ
1740 3843 1830 3894 οὑ-

259 3928 433 3998 ρανοῦ
478 3929 726 4001 δεύτερον
757 3930 932 4000 ’Δδὰμ
965 3931 1060 3983 σὺν
1111 3930 1186 3999 τῷ
1221 3931 1442 4003 Ἰωάννῃ
1474 3935 1843 4004 προικοφορή-

267 4035 432 4073 σασα.
469 4019 627 4082 Γένος
670 4019 778 4071 οὐδ’
810 4019 942 4072 αὐτὸ
995 4019 1470 4090 εὐκαταφρόνητον
1504 4041 1516 4054 ι
1569 4023 1723 4089 πῶς;
1755 4025 1838 4076 ὅτι

264 4110 377 4163 άπὸ
401 4110 686 4164 Ζεϐεδαίου
719 4111 812 4163 καὶ
835 4109 1100 4181 Σαλώμης
1119 4111 1417 4182 όμαίμονος
1437 4114 1673 4183 Χριστοῦ
1698 4115 1836 4168 κατὰ

267 4202 451 4270 σάρκα
495 4202 523 4253 6
575 4201 1003 4272 εὐφημούμενος.
1039 4203 1102 4254 Ὠ
1149 4203 1263 4266 πῶς
1305 4205 1515 4273 εὐαγῶς
1554 4207 1836 4277 ἀμφότερα

264 4294 352 4354 είς
382 4291 572 4345 ταυτὸν
597 4292 951 4361 συνέδραμεν,
983 4293 1072 4345 τὸν
1105 4294 1219 4347 υἱὸν
1250 4297 1344 4347 τοῦ
1376 4298 1664 4364 νυμφῶνος
1695 4299 1838 4351 ἀδελ-

267 4384 457 4454 φιδοῦν
504 4384 737 4454 Χριστοῦ
776 4383 1123 4455 ἐξευρεθῆναι
1168 4387 1606 4457 ἁρμοδιώτατονί
1653 4391 1747 4443 καί
1773 4408 1838 4457 γε

266 4478 379 4530 τῶν
414 4478 505 4545 ἀφ’
537 4478 685 4547 ἡλίου
730 4477 1002 4529 ἀνατολῶν
1039 4475 1289 4546 Ἰωάννης
1318 4481 1718 4550 εὐγενέστερος,
1749 4483 1837 4550 γέ-

269 4588 360 4634 νος
390 4569 523 4623 Θεοῦ
554 4569 951 4639 χρηματίζεται
999 4569 1408 4641 ἀμφοτέρωθεν.
1451 4573 1643 4642 ὐρᾶτε
1678 4575 1838 4644 ἡλίκα

267 4663 511 4732 ἀνεφάνη
541 4663 608 4714 τὰ
657 4661 880 4726 δόξαντα
917 4655 1054 4714 εῖναι
1096 4663 1399 4732 φαυλότερα
1449 4668 1513 4734 τῇ
1568 4667 1838 4738 φιλοπόνῳ

269 4754 504 4824 ἐργασία
534 4753 876 4824 πλεκόμενα;
926 4754 1009 4818 τίς
1053 4758 1086 4826 ῄ
1131 4757 1448 4826 ἀνατροφῆς
1481 4759 1837 4830 ἐπιτήδευμα,

269 4849 396 4917 ἥτις
423 4848 516 4898 καὶ
543 4841 654 4900 οἷον
685 4847 1035 4911 ἐπιδεικτέον,
1068 4848 1117 4900 εἰ
1147 4846 1254 4917 ἄρα
1274 4849 1566 4902 κάντεῦθεν
1589 4851 1842 4922 καθέίρ-

275 4939 377 5008 μὸν
411 4937 584 5007 βαίνει
617 4939 646 4989 6
670 4938 846 5006 λόγος.

348 5203 413 5260 δ’.
449 5204 614 5257 Οὐδὲν
653 5191 998 5273 ἀπορώτερον
1039 5198 1112 5257 ὧν
1158 5207 1314 5274 ἴσμεν
1357 5207 1412 5258 ὲν
1457 5205 1557 5276 βίῳ
1605 5207 1842 5274 μεθόδων

275 5298 588 5366 ἁλιευτικῆς
638 5297 850 5366 τέχνης,
883 5295 1003 5348 οὔτε
1048 5295 1153 5365 μὴν
1200 5297 1300 5363 τῆς
1335 5297 1463 5365 περὶ
1505 5296 1674 5366 αὐτὴν
1711 5299 1844 5351 ἁνα-

276 5391 485 5460 τροφῆς
514 5388 928 5458 ἀγροικότερον·
969 5389 1102 5441 διότι
1146 5388 1255 5440 τῶν
1289 5388 1388 5456 μὲν
1427 5389 1599 5441 ἄλλων
1640 5391 1842 5459 τεχνῶν

278 5485 335 5536 αἱ
360 5482 727 5552 προχειρίσεις
765 5480 902 5549 πρὸς
923 5480 999 5549 τῷ
1029 5478 1476 5548 ἐμπολιτεύεσθαι
1507 5480 1600 5532 καὶ
1629 5480 1845 5534 πλείονα

278 5570 549 5642 πορισμὸν
579 5569 655 5638 τῷ
690 5569 906 5638 τεχνίτῃ
938 5569 1301 5638 εἰσφέρουσιν,
1337 5569 1401 5621 ἄν
1429 5585 1488 5618 τε
1521 5567 1753 5634 λογικῶς
1783 5569 1846 5621 ἄν

276 5681 338 5718 τε
369 5660 688 5734 πρακτικῶς
715 5659 918 5712 εῐποιέν
945 5676 1028 5721 τις
1047 5675 1061 5689 ο
1097 5659 1192 5728 τῆς
1222 5658 1300 5721 δὲ,
1333 5657 1467 5728 πρὸς
1495 5658 1574 5728 τῷ
1609 5659 1842 5723 ίδιάζων,

279 5755 378 5808 καὶ
422 5756 457 5824 ἡ
486 5754 595 5806 τῶν
630 5752 905 5822 ἐδωδίμων
945 5752 1120 5820 σπάνη
1164 5750 1479 5819 ἐφάμιλλος,
1509 5749 1584 5813 ὡς
1613 5751 1845 5822 πληροῦ-

285 5846 404 5902 σθαι
442 5846 504 5899 τὸ
537 5841 631 5898 τοῦ
661 5845 984 5916 γράμματος
1011 5844 1136 5908 πᾶς,
1158 5843 1393 5912 Μόχθος
1420 5841 1732 5909 ἀνθρώπου
1761 5844 1845 5908 είς

2003 2466 2055 2520 5.
2099 2465 2339 2520 Patriam
2392 2467 2633 2536 quidem,
2677 2482 2741 2522 ex
2775 2482 2881 2537 qua
2926 2468 3202 2536 apostolus
3234 2467 3286 2522 in
3324 2468 3495 2525 lucem

1934 2557 2151 2623 prodiit,
2183 2558 2226 2611 si
2255 2557 2379 2626 quis
2415 2559 2801 2612 encomiorum
2849 2559 3060 2628 legibus
3088 2560 3285 2624 nitens,
3319 2561 3499 2628 inqui-

1931 2649 2153 2702 rendam
2189 2649 2405 2711 dixerit,
2440 2649 2581 2703 haud
2615 2651 2760 2703 illam
2793 2650 3086 2704 admodum
3117 2650 3378 2705 illustrem
3412 2652 3497 2705 in-

1931 2740 2138 2792 venerit
2171 2757 2183 2792 :
2225 2739 2355 2807 quin
2385 2739 2550 2792 etiam
2583 2741 2874 2794 obscuram
2904 2742 3059 2794 valde
3088 2751 3141 2794 et
3175 2742 3495 2811 ignobilem,

1932 2844 2124 2897 nempe
2152 2828 2430 2883 Galilaeam
2455 2848 2468 2882 ι
2497 2832 2838 2885 communior
2858 2832 3004 2885 enim
3043 2832 3157 2887 haec
3184 2843 3265 2886 est
3293 2833 3491 2902 Opinio.

1931 2925 2000 2977 At
2029 2923 2153 2977 hinc
2196 2933 2372 2977 tamen
2408 2926 2718 2994 spectabilis
2757 2927 2976 2980 exsistit
3002 2927 3309 2996 apostolus.
3351 2927 3500 2994 Quo-

1933 3015 2124 3079 modo,
2162 3025 2255 3068 aut
2319 3031 2423 3084 qua
2468 3018 2726 3071 ratione?
2780 3017 2916 3084 Quia
2971 3019 3112 3073 unde
3141 3019 3321 3075 nullus
3371 3035 3498 3074 sur-

1932 3106 2138 3159 rexisse
2180 3106 2464 3174 propheta,
2508 3123 2570 3161 ac
2602 3123 2698 3161 nec
2731 3108 2856 3160 boni
2889 3110 3101 3178 quidem
3125 3110 3326 3178 aliquid
3357 3126 3496 3175 esse,

1931 3195 2131 3252 Iudaeis
2149 3197 2352 3266 pariter
2370 3214 2432 3251 ac
2456 3214 2583 3251 vero
2607 3199 2882 3254 lsraelitae.
2902 3201 3205 3265 videbatur,
3223 3201 3501 3256 illicChri-

1933 3296 2048 3341 stus
2072 3288 2238 3341 totius
2269 3287 2524 3341 bonitatis
2573 3287 2694 3342 fons
2729 3290 2782 3342 in
2813 3290 3051 3358 Virginis
3083 3291 3346 3360 principis
3374 3305 3500 3360 pro-

1932 3377 2196 3446 phetissaa
2240 3387 2395 3432 utero
2425 3388 2746 3448 conceptus,
2798 3380 3019 3449 illicque
3051 3397 3174 3434 cum
3207 3384 3500 3436 humanam

1934 3469 2200 3525 induisset
2254 3471 2482 3525 formam
2524 3472 2848 3540 parentibus
2881 3473 3187 3542 subjectus,
3242 3475 3500 3530 educatus

1933 3569 2058 3627 est;
2112 3576 2234 3615 cum
2284 3563 2474 3616 civitas
2524 3578 2588 3616 ex
2656 3578 2762 3632 qua
2815 3563 2906 3619 ille
2952 3580 3250 3636 cognomen
3293 3568 3501 3634 accepit

1935 3651 2277 3723 (Nazarenus
2300 3656 2441 3709 enim
2468 3656 2769 3725 appellatus
2799 3657 2916 3725 est)
2949 3656 3183 3713 Galilaea:
3206 3659 3498 3726 provinciae

1937 3753 2080 3800 esset
2116 3764 2129 3800 :
2162 3748 2248 3801 cui
2273 3748 2492 3815 quidem
2528 3747 2833 3801 Bethsaida:
2860 3762 3030 3816 pagus
3057 3749 3329 3816 subjectus
3357 3760 3498 3805 erat.

1937 3834 2109 3900 Quam
2159 3837 2380 3905 dignum
2426 3836 2782 3890 admiratione
2833 3836 3009 3890 solum
3055 3839 3068 3891 ί
3113 3837 3286 3903 Quam
3341 3840 3501 3894 beata

1938 3926 2115 3993 patria
2163 3926 2175 3977 !
2215 3925 2410 3979 Adami
2471 3926 2646 3995 patria
2709 3927 3076 3982 venerabilius
3112 3928 3392 3998 ell‘ulgens,
3445 3940 3502 3986 ut

1938 4031 2057 4085 quae
2102 4018 2402 4072 secundum
2438 4033 2468 4072 e
2509 4018 2648 4072 coelo
2674 4017 2942 4072 Adamum
2980 4034 3103 4073 cum
3137 4019 3348 4076 Joanne
3378 4038 3502 4091 pro-

1939 4110 2138 4163 tulerit.
2197 4108 2380 4164 Genus
2432 4127 2500 4163 ne
2553 4111 2731 4179 ipsum
2802 4112 3020 4180 quidem
3075 4115 3500 4184 contemptibile.

1938 4198 2221 4264 Quomodo
2242 4201 2264 4252 ?
2285 4199 2576 4264 Nimirum,
2609 4202 2752 4270 quod
2781 4202 2849 4266 is,
2881 4219 3042 4273 quem
3073 4204 3373 4271 laudamus,
3405 4222 3504 4261 na-

1937 4303 2024 4346 tus
2060 4291 2128 4345 sit
2164 4301 2316 4361 patre
2365 4291 2652 4357 Zebedreo,
2682 4309 2746 4348 ac
2786 4303 2960 4348 matre
3009 4294 3243 4361 Salomc,
3279 4284 3502 4364 Christi,

1938 4387 1982 4439 si
2006 4401 2222 4440 carnem
2251 4395 2482 4453 spectes,
2512 4387 2938 4454 consanguinea.
2964 4386 3006 4441 Ο
3026 4404 3186 4457 quam
3229 4399 3414 4445 sancte
3439 4407 3505 4446 ac

1937 4479 2193 4548 praeclare
2217 4479 2377 4532 ambo
2399 4487 2812 4541 concurrerunt,
2841 4488 2898 4532 ut
2921 4481 3142 4532 thalami
3165 4481 3326 4544 (ilius,
3347 4483 3505 4536 Chri-

1938 4571 2004 4624 sti
2037 4569 2396 4624 consobrinus
2443 4568 2777 4622 inveniretur
2812 4569 2824 4621 ί
2862 4569 2998 4622 adeo
3025 4578 3084 4622 ut
3110 4567 3350 4625 Joannes
3379 4571 3501 4625 uni-

1939 4663 2111 4717 versis
2134 4662 2202 4715 ab
2230 4671 2348 4715 ortu
2395 4660 2527 4714 solis
2557 4660 2792 4714 nobilior
2838 4660 3084 4726 exsistat,
3109 4662 3201 4730 qui
3227 4662 3504 4730 utrimque

1939 4752 2032 4806 Dei
2074 4765 2242 4819 genus
2284 4749 2373 4805 sit.
2407 4749 2611 4803 Videtis
2638 4761 2838 4818 quanta
2890 4751 3004 4804 hare
3034 4761 3351 4818 appareant,
3382 4765 3504 4819 qua:

1940 4839 2262 4892 videbantur
2297 4839 2811 4907 contemptibiliora,
2871 4838 3118 4893 studioso
3169 4854 3329 4907 opere
3359 4855 3503 4894 nunc

1939 4939 2191 4984 contexta
2218 4930 2240 4982 ?
2265 4929 2406 4994 Quid
2463 4930 2600 4983 ultra
2627 4929 2648 4981 ?
2678 4928 2812 4984 Vita:
2847 4930 3109 4992 studium,
3141 4930 3412 4999 quodnam
3439 4931 3503 4984 il-

1872 5053 1917 5109 ι)
1945 5021 2036 5075 lud
2086 5035 2151 5075 ac
2197 5020 2355 5089 quale
2404 5021 2568 5072 fuerit
2613 5019 3007 5073 ostendendum
3044 5028 3126 5073 est
3173 5035 3188 5085 ;
3236 5019 3500 5089 siquidem

1950 5112 2075 5166 hinc
2112 5125 2327 5180 quoque
2352 5110 2614 5164 orationis
2641 5111 2811 5164 series
2849 5109 3115 5180 procedit.

2015 5203 2069 5256 6.
2095 5201 2237 5256 Inter
2267 5201 2568 5256 studiorum
2594 5216 2656 5256 ac
2688 5200 3086 5270 professionum
3112 5208 3235 5254 nota
3261 5199 3417 5254 nobis
3447 5200 3503 5254 in

1946 5294 2144 5347 smculo
2193 5308 2411 5361 genera,
2442 5293 2734 5361 piscatoria
2763 5302 2877 5346 arte
2906 5307 3135 5362 egenum
3160 5290 3327 5360 magis
3354 5307 3369 5356 ;
3403 5304 3504 5344 nec

1944 5384 2241 5453 quidquam
2268 5383 2372 5436 vita
2392 5384 2677 5451 piscationi
2701 5384 2914 5438 addicta
2948 5383 3202 5437 rusticius
3226 5380 3501 5435 invenias:

1946 5474 2205 5527 nimirum
2270 5474 2501 5527 aliarum
2537 5475 2734 5528 artium
2791 5475 2988 5538 studia,
3033 5481 3225 5543 praeter
3278 5472 3402 5526 vitae
3439 5485 3505 5526 ac

1947 5564 2380 5618 conversationis
2450 5565 2740 5629 rationem,
2811 5565 2985 5634 majus
3039 5577 3253 5632 quoque
3296 5562 3503 5616 lucrum

1948 5656 2139 5710 artitici
2173 5656 2482 5719 conterunt,
2519 5656 2634 5710 sive
2663 5657 2784 5724 quis
2821 5657 3086 5710 rationem
3111 5653 3360 5717 mstimet,
3394 5652 3506 5707 sive

1951 5748 2253 5802 actionem:
2292 5747 2580 5817 piscatoria
2610 5757 2788 5803 autem
2818 5762 2928 5814 ars,
2955 5761 3136 5816 parem
3162 5761 3283 5800 cum
3313 5744 3504 5801 solitu-

1953 5841 2078 5895 dine
2126 5837 2512 5910 parcimoniam
2561 5840 2743 5904 habet,
2774 5850 2833 5894 ut
2863 5838 3149 5907 impleatur
3193 5835 3334 5906 quod
3373 5834 3506 5890 scri-
