4170 6472
679 389 785 454 775

1877 400 1935 456 Β.
1968 399 2363 460 THEODORI
2398 402 2742 463 STUDITJE

3832 422 3939 483 7'76

679 510 830 572 ptum
861 509 977 555 est:
1013 502 1196 555 Omnis
1230 502 1377 555 labor
1406 503 1628 557 hominis
1659 508 1711 557 in
1744 521 1830 559 ore
1859 508 1971 575 ejus
1998 509 2063 562 9'.
2109 508 2247 565 Sunt

2360 515 2413 568 τὸ
2463 518 2657 584 στόμα
2698 518 2917 571 αὐτοῦ’
2950 521 3042 573 καὶ
3079 522 3185 591 γάρ
3221 525 3323 577 εἰσι
3369 527 3794 595 ρακοδοτοῦντες
3842 534 3937 586 καὶ

679 609 917 663 namque
944 595 1139 664 pannis
1153 595 1337 661 obsiti,
1371 611 1432 650 ac
1447 598 1688 652 vestibus
1707 600 1941 665 detritis,
1968 602 2255 670 squallenti

680 700 860 747 coma,
901 700 963 740 ac
991 685 1183 741 adusta
1220 685 1381 752 facie,
1415 688 1577 743 nudis
1610 690 1837 759 pedibus
1862 692 2256 761 discurrentes,

677 775 969 839 littoribus,
1029 790 1093 831 ac
1150 778 1324 848 magis
1364 779 1623 835 solitariis
1676 782 1809 838 locis
1882 783 2255 851 immorantes,

678 868 843 921 modo
881 867 1100 937 quidem
1159 885 1323 939 super
1374 883 1558 940 petras
1598 873 1872 938 sedentes,
1906 877 2067 929 modo
2118 877 2258 932 imos

680 958 941 1028 gurgites,
1003 960 1148 1016 unde
1204 963 1438 1031 praedam
1474 976 1811 1034 exspectant.
1884 969 2254 1037 dispicientes.

680 1049 954 1117 Quorsum
986 1051 1102 1108 haec
1135 1060 1243 1107 tam
1268 1054 1559 1125 diligenter
1609 1059 1837 1126 exposui
1864 1059 2172 1114 ?Nimirum
2202 1071 2259 1116 ut

679 1142 964 1197 ostendam
1004 1143 1140 1197 nihil
1166 1159 1291 1199 esse
1333 1145 1558 1216 dignum
1591 1149 2009 1218 vituperatione.
2038 1154 2257 1210 tametsi

681 1233 919 1289 Joannes
952 1234 1090 1289 hanc
1110 1237 1415 1290 exercuerit
1447 1246 1640 1293 artem.
1673 1239 1868 1294 Transi
1907 1251 1961 1294 tu
1996 1244 2258 1311 spiritalis

679 1336 877 1377 sensus
902 1322 1254 1391 investigator
1281 1325 1345 1376 ad
1369 1325 1637 1379 visibilem
1660 1327 1993 1395 metaphora:
2015 1328 2256 1395 modum,

683 1428 1048 1484 occurretque
1089 1416 1315 1470 scientia
1344 1417 1528 1486 generi
1560 1433 1885 1486 congruens.
1920 1420 2084 1475 David
2132 1436 2257 1475 cum

681 1506 835 1574 prius
857 1516 1043 1575 pastor
1063 1507 1245 1560 ovium
1277 1517 1442 1572 esset,
1482 1510 1828 1577 postmodum
1858 1525 1887 1563 a
1912 1509 2023 1565 Deo
2054 1511 2259 1567 electus

684 1606 788 1659 est.
819 1612 1031 1666 pascere
1056 1595 1458 1653 Iacob-servum
1480 1615 1657 1664 suum,
1688 1610 1739 1654 et
1776 1600 1947 1654 Israel
1978 1601 2259 1655 haeredita-

684 1698 786 1742 tem
816 1705 967 1742 suam
989 1689 1055 1743 ⁹⁹.
1084 1688 1213 1743 Mihi
1258 1704 1477 1759 quoque
1523 1688 1785 1747 Joannem
1827 1693 2136 1757 considera,
2190 1696 2258 1749 ab

2360 609 2737 681 ὲρικνωμένοι,
2768 611 3045 681 αὐχμηροὶ
3091 615 3189 684 τὴν
3241 616 3415 684 κόμην
3460 619 3553 671 καὶ⁵
3592 620 3937 689 ὁψίκαυστοι,

2358 700 2822 768 γυμνοποδοῦντες
2864 702 2997 771 ὁμοῦ
3031 705 3128 757 καὶ
3154 705 3495 773 ἀναθέοντες,
3526 710 3724 774 ἀκταῖς
3752 731 3814 766 τε
3845 716 3940 769 καὶ

2358 790 2793 859 ἐρημικωτέροις
2843 792 3029 855 τόποις
3074 794 3529 865 ἐνδιατρίϐοντες*
3563 799 3638 867 πῆ
3683 801 3787 869 μὲν
3838 804 3930 855 πέ-

2357 897 2515 950 τραις
2566 880 3089 953 ὑπερκαοεζόμενοι,
3144 886 3223 957 πῆ
3270 887 3327 939 δὲ
3383 889 3576 958 βυθοὺς
3625 892 3934 962 διορῶντες,

2358 972 2650 1024 κάντεῦθεν
2688 973 2785 1043 τὴν
2828 974 3003 1045 ἄγραν
3032 977 3336 1047 ἀνέχοντες.
3376 980 3533 1045 Τίνος
3582 979 3677 1037 οὗν
3730 984 3939 1038 εἵνεκεν

2359 1064 2780 1134 περιεργότερον
2806 1068 3034 1121 ὑπείπον
3063 1070 3265 1133 ταῦτας
3298 1073 3379 1123 ὅτι
3410 1076 3456 1125 εί
3491 1076 3581 1127 καὶ
3604 1076 3813 1145 ταύτην
3843 1078 3937 1149 τὴν

2356 1158 2552 1227 τέχνην
2577 1157 2817 1228 μέτεισιν
2846 1162 2873 1212 6
2912 1161 3184 1231 Ἰωάννης,
3213 1164 3274 1215 οὐ
3305 1168 3621 1236 νεμεσητόν.
3651 1169 3938 1240 Μετάϐηθι

2357 1247 2449 1299 ἐπὶ
2483 1248 2574 1300 τὸν
2598 1249 2698 1317 τῆς
2732 1254 3046 1319 μεταφορᾶς
3077 1254 3277 1321 τρόπον
3305 1255 3598 1327 θεωρητὸν,
3640 1259 3737 1311 καὶ
3768 1261 3936 1330 εὑρή-

2359 1356 2473 1403 σεις
2516 1341 2918 1410 συμϐαίνουσαν
2952 1344 3027 1411 τῷ
3070 1344 3216 1409 γένει
3261 1346 3359 1417 τὴν
3388 1349 3720 1419 ἐπιστήμην.
3772 1354 3939 1407 Δαῖιδ

2358 1432 2560 1501 ποιμὴν
2607 1434 2870 1503 πρότερον
2924 1436 3246 1503 προϐάτιον,
3292 1436 3416 1493 εἶτα
3467 1440 3572 1493 ὑπὸ
3629 1442 3767 1495 Θεοῦ
3817 1460 3938 1498 πο(-

2351 1526 2584 1594 μαίνωγ
2618 1526 2728 1578 τὸν
2751 1526 2975 1581 δοῦλον
3012 1530 3199 1583 αὐτοῦ
3229 1532 3327 1585 καὶ
3373 1533 3610 1600 Ἰσραὴλ
3641 1535 3758 1601 τὴν
3787 1544 3936 1605 κλη-

2352 1617 2643 1683 ρονομίαν
2669 1616 2877 1670 αὐτοῦ.
2910 1617 3115 1686 Σκέψαι
3156 1637 3244 1688 μοι
3274 1622 3367 1674 καὶ
3401 1622 3652 1692 Ἰωάννην
3682 1625 3794 1678 ἀπὸ
3842 1628 3937 1697 τῆς

2356 1708 2552 1775 ἀλόγου
2576 1709 2655 1771 εἰς
2682 1708 2903 1779 λογικὴν
2931 1709 3035 1762 ὑπὸ
3052 1711 3145 1764 τοῦ
3177 1714 3410 1780 μεγάλου
3433 1715 3608 1783 Λόγου
3641 1734 3938 1789 μετενηνεο

682 1780 1083 1835 irrationalium
1149 1781 1410 1849 piscium,
1458 1782 1522 1835 ad
1580 1783 1925 1838 rationalium
1972 1797 2253 1854 capturam

2360 1798 2559 1866 γμένον
2595 1798 2923 1867 θεοπρεπῶς
2970 1798 3186 1854 ἁλείαψ
3210 1803 3271 1854 οὑ
3296 1802 3405 1872 γὰρ
3428 1780 3737 1873 ποιμαίνειν
3775 1780 3936 1876 τήνδε

682 1884 881 1940 magno
911 1868 1090 1925 Verbo
1118 1880 1369 1937 vocante,
1418 1879 1580 1940 prout
1604 1872 1774 1926 Deum
1798 1873 2045 1937 decebat,
2079 1882 2256 1928 trans-

2360 1861 2579 1958 ἧ-τήνδε
2624 1890 2716 1941 καί
2744 1861 2895 1942 ’τισιν
2939 1891 3107 1959 ὁρίοις
3135 1861 3539 1963 διειλημμένας.
3562 1894 3755 1963 φυλὰς,
3796 1861 3935 1951 ἀλλὰ

684 1964 877 2017 latum.
910 1959 1031 2016 Non
1054 1962 1197 2017 enim
1248 1963 1455 2018 electus
1489 1963 1592 2018 fuit
1641 1973 1702 2019 ut
1729 1966 1875 2020 hunc
1896 1964 2116 2019 illumve
2144 1979 2257 2034 gre-

682 2067 801 2122 gem
852 2059 1133 2121 pasceret,
1178 2060 1273 2105 aut
1321 2052 1653 2123 quibusdam
1693 2054 1945 2108 terminis
1991 2053 2256 2108 discretas

685 2142 885 2206 tribus,
916 2141 1006 2197 sed
1050 2152 1109 2195 ut
1133 2142 1321 2197 orbem
1346 2143 1659 2199 universum
1686 2145 1988 2215 piscatione
2015 2155 2254 2215 caperet.

698 2232 873 2289 Venite
894 2236 1062 2300 enim,
1084 2234 1280 2303 inquit,
1297 2243 1412 2303 post
1442 2251 1545 2292 me.
1567 2246 1615 2289 et
1646 2237 1840 2306 faciam
1863 2254 1950 2291 vos
1971 2239 2256 2306 piscatores

683 2327 953 2381 hominum
984 2327 1023 2382 ‘.
1052 2324 1289 2382 Tametsi
1321 2338 1501 2381 autem
1527 2330 1837 2384 communis
1868 2329 1967 2385 fuit
1999 2330 2212 2384 vocatio
2239 2348 2254 2395 ;

685 2421 753 2475 ad
787 2434 912 2476 eum
940 2428 1120 2474 tamen
1166 2434 1197 2475 a
1236 2421 1397 2475 nobis
1436 2420 1742 2476 reducenda
1772 2432 1877 2487 est,
1903 2422 1969 2477 de
2003 2437 2114 2491 quo
2144 2423 2259 2479 haec

682 2523 769 2568 est
832 2513 1080 2568 instituta
1138 2513 1367 2579 oratio;
1418 2514 1563 2583 quod
1614 2516 1778 2569 etiam
1826 2515 1881 2569 in
1928 2515 2255 2585 quibusdam

685 2604 810 2665 aliis
847 2604 1339 2659 uuiversalinribus
1376 2604 1658 2659 vocabulis
1708 2605 1797 2660 (let
1830 2624 1843 2670 ;
1905 2621 2012 2660 non
2060 2615 2117 2659 ut
2151 2621 2259 2676 prae

684 2692 950 2761 apostolis
977 2691 1101 2747 aliis
1124 2691 1374 2762 tlieologo
1404 2692 1497 2762 jus
1530 2693 1891 2756 vindicemus,
1931 2710 1995 2748 ex
2030 2694 2116 2749 his
2137 2710 2258 2764 quae

684 2784 1020 2854 peculiarius
1046 2784 1113 2838 de
1146 2783 1265 2851 ipso
1301 2784 1628 2853 exponimus
1667 2803 1680 2851 ;
1717 2785 1858 2839 absit
1888 2804 1901 2839 :
1936 2800 2060 2839 nam
2083 2800 2259 2855 neque

685 2877 935 2933 accensis
964 2892 994 2932 e
1018 2877 1296 2932 communi
1338 2876 1523 2948 aliquo
1550 2877 1754 2934 lumine
1791 2877 2022 2943 facibus,
2057 2879 2259 2934 idcirco

684 2970 867 3025 minor
888 2978 974 3025 est
997 2969 1302 3040 splendoris
1331 2985 1397 3025 ex
1428 2985 1537 3025 uno
1566 2971 1723 3041 plena
1745 2970 2111 3041 participatio.

756 3061 810 3116 5.
859 3059 1311 3130 Quandoquidem
1356 3075 1487 3115 vero
1513 3076 1746 3131 magnus
1785 3061 1873 3117 hic
1921 3061 2198 3132 apostolus
2229 3076 2258 3115 a

684 3153 797 3209 Deo
839 3154 1080 3223 piscator
1123 3153 1456 3209 constitutus
1513 3162 1615 3217 cst,
1659 3169 1755 3224 age
1810 3154 2092 3210 videamus
2130 3170 2254 3209 eum

682 3244 995 3315 allegorice,
1018 3245 1174 3313 quasi
1209 3244 1266 3299 in
1295 3245 1565 3310 navicula,
1586 3245 1638 3300 in
1668 3247 1990 3315 corpusculo
2010 3261 2106 3299 suo
2130 3244 2256 3299 reli-

684 3336 943 3403 cientem,
965 3352 1075 3391 non
1094 3335 1323 3390 discissa
1344 3335 1499 3398 retia,
1523 3335 1617 3391 sed
1638 3336 1947 3403 evangelica
1968 3335 2256 3389 verricula.

684 3426 944 3495 Quanam
974 3424 1184 3481 arundo
1220 3426 1245 3478 ?
1278 3426 1539 3479 doctrinae
1590 3426 1855 3482 calamus.
1892 3424 2165 3492 Quisnam‘
2182 3426 2259 3495 pi-

685 3518 958 3575 scatorius
1026 3517 1301 3572 l'miiculus
1351 3516 1375 3569 ί
1422 3517 1705 3588 theologia;
1747 3532 1940 3572 nexus.
1994 3517 2255 3582 Quisnam

685 3609 887 3663 hamus
915 3608 939 3663 ἲ
969 3608 1240 3679 tripartita
1283 3623 1439 3662 crux.
1484 3608 1742 3673 Quaenam
1776 3623 1901 3663 esca
1934 3608 1958 3661 ?
1986 3623 2114 3663 caro
2143 3608 2258 3662 dei-

687 3701 824 3765 fera,
861 3715 967 3769 qua
1004 3700 1282 3756 inescatus
1307 3714 1538 3771 magnus
1577 3700 1664 3754 ille
1693 3708 1845 3755 cetus
1867 3700 2044 3755 Beliar
2068 3709 2258 3769 captus

684 3802 788 3849 est.
833 3792 1045 3860 Quaeris
1093 3807 1259 3862 super
1307 3807 1471 3861 quam
1496 3792 1683 3847 sedeat
1720 3802 1926 3862 petram
1958 3794 1982 3846 ?
2011 3792 2255 3847 Firmam

686 3888 819 3942 mihi
846 3886 967 3941 lldei
1000 3884 1286 3941 considera
1309 3885 1508 3941 sedem.
1537 3884 1709 3940 Orem
1731 3886 2031 3939 mirabilem
2068 3888 2081 3939 !
2120 3884 2255 3939 Ver-

685 3978 919 4034 riculum
962 3977 1116 4048 jacit,
1145 3992 1253 4033 non
1288 3976 1345 4031 in
1398 3977 1542 4032 hunc
1578 3976 1799 4032 illumve
1828 3979 2030 4040 sinum,
2074 3976 2169 4032 sed
2203 3976 2257 4029 in

686 4072 872 4128 saeculi
911 4086 1063 4127 mare
1100 4071 1439 4127 universum.
1472 4070 1726 4126 Extendit
1770 4070 2037 4124 calamum
2070 4083 2173 4124 non
2203 4068 2257 4122 in

687 4164 963 4219 modicum
1004 4162 1226 4233 aliquod
1267 4163 1531 4232 spatium,
1572 4164 1664 4216 sed
1702 4162 1755 4215 in
1795 4164 1927 4216 lines
1974 4162 2123 4217 orbis
2150 4172 2258 4215 ter-

687 4269 874 4309 rarum
915 4271 929 4307 :
986 4252 1230 4307 immittit
1278 4250 1581 4307 funiculum
1606 4266 1713 4305 non
1746 4252 1799 4304 in
1858 4252 2123 4321 gurgitem
2157 4250 2259 4303 im-

687 4360 965 4413 mensum,
997 4344 1093 4401 sed
1116 4344 1171 4399 in
1206 4344 1378 4414 ipsam
1402 4344 1695 4414 impietatis
1716 4344 1996 4415 abyssum.
2025 4342 2106 4397 Tu
2124 4341 2256 4397 mihi

686 4438 1013 4509 locupletem
1084 4446 1365 4507 capturam
1417 4436 1699 4491 considera
1773 4451 1835 4490 ex
1893 4434 2260 4507 singularibus

2357 1980 2465 2050 γὰρ
2509 1984 2605 2049 τὴν
2652 1981 2979 2051 οἰκουμένην
3030 1983 3267 2037 ἁλιεύειν
3312 1985 3561 2039 ἅπασαν·
3599 1987 3777 2041 Δεῦτε
3803 1991 3932 2060 γὰρ,

2358 2076 2544 2144 φησὶν,
2593 2074 2785 2129 ὀπίσω
2827 2093 2965 2145 μου,
3021 2080 3117 2131 καὶ
3148 2082 3380 2145 ποιήσω
3416 2080 3572 2150 ὑμᾶς
3615 2082 3804 2149 ἁλιεῖς
3840 2084 3939 2137 ἀν-

2358 2166 2644 2234 θρώπων-⁹
2707 2166 2756 2217 εί
2814 2165 2872 2221 δὲ
2918 2170 2999 2221 ὅτι
3055 2171 3197 2224 κατὰ
3252 2173 3433 2226 κοινοῦ
3484 2176 3517 2245 ἡ
3559 2173 3771 2243 κλῆσις,
3818 2177 3935 2230 ἀλλ’

2357 2261 2489 2329 ἡμῖν
2541 2275 2599 2311 τε
2648 2263 2839 2315 ἀκτέον
2887 2259 3090 2329 ταύτην
3135 2262 3227 2313 ὲπί
3265 2264 3356 2315 τὸν
3405 2266 3529 2336 rapi
3563 2260 3623 2321 οὗ
3665 2269 3694 2321 6
3742 2267 3933 2335 λόγος·

2358 2352 2545 2424 ὥσπερ
2572 2354 2668 2406 καὶ
2693 2356 2783 2407 ὲπί
2810 2371 2949 2406 τισιν
2981 2352 3169 2415 ἄλλαις
3197 2358 3587 2428 γενικωτέραις
3614 2362 3842 2428 φωναῖς,
3874 2364 3934 2415 οὖ

2360 2444 2738 2499 πλεονεκτοῧαι
2773 2445 2919 2515 παρά
2942 2445 3065 2506 τοὺς
3094 2442 3312 2510 λοιποὺς
3338 2448 3671 2513 ἀποστόλους
3704 2450 3784 2521 τῷ
3814 2452 3934 2505 θεοσ-

2358 2536 2502 2606 λόγῳ
2534 2536 2629 2598 τὰς
2669 2536 2724 2588 δὲ
2763 2535 2848 2588 διὰ
2880 2534 2981 2601 τῆς
3017 2538 3398 2608 μερικωτέρας
3440 2540 3783 2611 ἀναλήψεως,
3829 2543 3934 2597 ᾶπ-

2358 2644 2459 2694 αγε
2480 2643 2493 2657 ο
2527 2626 2607 2679 ὅτι
2641 2626 2777 2697 μηδὲ
2807 2625 3087 2692 πλεονεξία
3115 2631 3228 2693 τοῖς
3258 2628 3365 2683 ἀπὸ
3386 2630 3565 2683 κοινοῦ
3594 2632 3773 2699 φωτὸς
3803 2635 3934 2687 ἀνα-

2359 2718 2540 2786 φθείσι
2575 2717 2948 2789 λαμπτῆρσιν,
2982 2721 3015 2789 ἡ
3048 2719 3136 2786 ὑφ’
3167 2721 3285 2783 ἐνὸς
3306 2720 3461 2791 ὑλικὴ
3486 2722 3583 2792 τῆς
3618 2726 3935 2796 λαμπρότηο

2356 2824 2447 2872 τος
2472 2808 2709 2879 μέθεξις.

2429 3062 2490 3112 ε’,
2533 3054 2682 3107 Ἐπεὶ
2706 3054 2762 3107 δὲ
2790 3054 3025 3126 κατέστη
3050 3055 3155 3109 ὑπὸ
3182 3056 3316 3110 Θεοῦ
3348 3057 3531 3122 ἁλιεὺς
3550 3060 3578 3113 6
3600 3060 3776 3131 μέγας
3800 3060 3933 3115 ἀπόο

2362 3146 2565 3208 στολος,
2620 3144 2777 3216 δεῦρο
2830 3145 3029 3216 ἴδωμεν
3088 3148 3252 3201 αὐτὸν
3310 3148 3689 3221 ἀλληγορικῶς
3748 3151 3825 3216 ὡς
3875 3154 3933 3205 ὲν

2361 3235 2528 3305 πλοίῳ
2560 3236 2618 3288 ὲν
2656 3234 2790 3305 τῷδε
2820 3235 2896 3306 τῷ
2930 3238 3140 3307 σαρκίῳ
3169 3241 3565 3310 καταρτίζοντα
3604 3244 3665 3295 οὐ
3704 3242 3933 3312 διερρω-

2358 3332 2489 3398 γότα
2511 3330 2721 3395 δίκτυα,
2746 3331 2882 3383 ἀλλὰ
2914 3332 2983 3384 τά
3015 3333 3346 3402 εὐαγγελικά
3367 3336 3735 3407 ἀπαρτίζοντα
3762 3337 3934 3407 ἀμφί·

2358 3421 2597 3492 ϐληστρα
2617 3438 2631 3452 ο
2666 3421 2748 3484 τίς
2781 3422 2809 3474 ὁ
2839 3422 3119 3494 κάλαμος;
3148 3426 3177 3478 6
3203 3424 3490 3496 δογμάτων
3529 3427 3723 3492 δόναξ·
3771 3428 3856 3491 τίς
3898 3430 3930 3497 ὴ

2356 3512 2563 3583 ὁρμιᾶς
2604 3514 2636 3582 ή
2683 3512 2855 3584 πλοκὴ
2889 3512 2987 3583 τῆς
3018 3514 3294 3584 θεολογίας
3322 3534 3335 3546 ·
3373 3518 3426 3569 τί
3456 3519 3516 3570 τδ
3545 3519 3873 3587 ἀγκιστρον;
3904 3522 3933 3573 6

2357 3607 2618 3679 τρίμερος
2661 3610 2889 3678 σταυρός
2916 3625 2930 3639 ·
2972 3610 3024 3661 τί
3057 3609 3119 3663 τὸ
3146 3610 3371 3681 δέλεαρ;
3411 3613 3444 3682 ἡ
3486 3612 3741 3684 θεοφόρος
3771 3612 3931 3684 σὰρξ,

2358 3700 2415 3752 ἐν
2444 3695 2803 3773 ᾔδελεασθεὶς
2841 3700 3104 3773 ἐχειρώθη
3158 3703 3220 3755 τὸ
3277 3705 3419 3773 μέγα
3451 3704 3615 3775 κῆτος
3653 3707 3683 3759 6
3710 3705 3929 3777 Βελίαρ.

2361 3793 2550 3863 Ζητεῐς
2592 3794 2650 3846 ἐν
2729 3792 3153 3863 ὑπερκαθίζεται
3180 3796 3355 3865 πέτρᾳ
3378 3812 3393 3860 ;
3425 3796 3533 3850 νόει
3566 3814 3658 3866 μοι
3688 3796 3789 3867 τὴν
3814 3815 3933 3851 στε-

2362 3886 2490 3952 ρεὰν
2516 3885 2676 3953 ἕδραν
2701 3884 2799 3954 τῆς
2825 3883 3081 3947 πίστεως.
3108 3885 3171 3937 Ὠ
3197 3884 3291 3937 τοῦ
3318 3882 3628 3957 θαύματὸςί
3663 3888 3846 3960 ῥίπτει
3872 3889 3934 3943 τὸ

2356 3976 2766 4049 ἀμφίϐληστρον
2811 3980 2911 4032 οὑκ
2958 3981 3038 4043 είς
3076 3980 3221 4034 τόνδε
3268 3983 3360 4036 τὸν
3400 3984 3597 4039 κόλπον
3630 3986 3724 4039 καὶ
3756 3986 3930 4052 τόνδε,

2357 4068 2472 4123 ἀλλ’
2512 4071 2592 4132 είς
2619 4069 2710 4123 τοῦ
2747 4070 2861 4140 βίου
2896 4072 2997 4141 τὴν
3031 4063 3332 4127 θάλασσαν·
3369 4076 3598 4130 ἐκτείνει
3630 4078 3721 4130 τδν
3766 4078 3933 4134 κάλα-

2362 4178 2461 4231 μον
2481 4160 2579 4214 οὐκ
2608 4163 2688 4226 εἰς
2723 4164 2919 4233 μικρόν
2944 4181 3046 4217 που
3070 4164 3381 4238 διάμετρον,
3413 4167 3528 4221 ἀλλ’
3552 4172 3631 4234 είς
3664 4170 3804 4224 αὐτά
3837 4172 3932 4240 τῆς

2357 4253 2678 4324 οἰκουμένης
2709 4254 2777 4309 τὰ
2800 4256 3046 4327 τέρματα
3069 4270 3083 4285 ·
3120 4256 3341 4311 ὲνίεισιν
3363 4259 3461 4330 τὴν
3497 4260 3699 4330 ὁρμιὰν
3731 4261 3832 4315 οὒκ
3855 4264 3931 4324 εἰς

2362 4345 2522 4415 βάθος
2562 4346 3047 4418 ἐπιμετρούμενον,
3072 4347 3189 4403 ἀλλ’
3213 4350 3299 4402 ἐπ’
3333 4351 3503 4419 αὐτὴν
3547 4352 3644 4421 τῆς
3676 4352 3933 4416 ἀσεϐείας

2361 4436 2456 4507 τὴν
2477 4436 2726 4491 ἄϐυσσον.
2761 4437 2871 4491 Θέα
2898 4422 2987 4508 μοι
3012 4438 3111 4509 τὴν
3141 4440 3313 4510 ἄγραν
3344 4440 3598 4494 πλούσιον
3626 4442 3691 4495 ἐκ
3722 4444 3936 4513 μοναδι-

688 4528 892 4598 pariter
935 4540 999 4582 ac
1044 4524 1379 4596 promiscuis
1421 4524 1704 4579 collectam
1736 4540 1751 4591 ;
1784 4537 2002 4578 crassos
2042 4522 2164 4577 dico
2191 4522 2258 4576 de

2362 4528 2473 4581 κῶν
2500 4545 2560 4580 τε
2594 4530 2682 4581 καὶ
2718 4528 3019 4597 μιγαδικῶν
3050 4530 3542 4600 συνηθροισμένην,
3578 4532 3704 4595 τοὺς
3738 4534 3933 4603 ἁδρούς

689 4618 893 4690 populo
920 4631 982 4672 ac
1017 4615 1265 4686 gregales
1296 4632 1311 4681 ;
1342 4615 1587 4670 moribus
1603 4614 1810 4670 scilicet
1835 4624 1997 4683 atque
2015 4612 2259 4666 ail'ectio-

688 4712 852 4765 nibus
884 4709 1087 4773 varios,
1132 4722 1198 4762 es
1258 4706 1566 4761 minoribus
1618 4704 2051 4773 majoribusque,
2101 4711 2258 4757 aetate

690 4801 948 4855 nimirum
988 4814 1052 4854 ac
1080 4798 1343 4868 dignitate
1381 4817 1397 4853 :
1442 4798 1580 4852 alios
1618 4797 1835 4867 quidem
1886 4796 2066 4864 pravis
2100 4810 2260 4849 exas-

689 4900 907 4963 peratos
953 4890 1238 4955 doctrinis,
1289 4899 1546 4959 tauquam
1576 4903 1607 4943 e
1635 4888 1803 4957 petris
1858 4887 1960 4941 sub
1991 4887 2151 4941 undis
2177 4886 2257 4939 la-

692 4982 950 5046 tentibus,
984 4982 1052 5036 ab
1084 4981 1362 5051 impietate
1384 4983 1527 5050 capit
1556 4998 1572 5047 ;
1604 4980 1741 5035 alios
1773 4978 1970 5033 mentis
1998 4978 2260 5049 simplici-

691 5083 800 5129 tate
857 5074 1187 5143 interceptos
1245 5082 1503 5143 tanquam
1570 5088 1664 5142 per
1694 5086 1845 5125 mare
1915 5071 2261 5137 cursitantes,

692 5162 964 5219 verriculo
1003 5162 1230 5217 includit
1259 5179 1275 5217 :
1306 5174 1361 5218 et
1417 5162 1635 5232 quidem
1666 5161 1809 5215 haud
1840 5161 1957 5215 neci
2017 5160 2258 5225 tradens,

693 5255 788 5311 sed
816 5252 1248 5317 viviﬁcans,non
1288 5254 1340 5307 in
1356 5254 1511 5309 salsis
1559 5252 1761 5321 peccati
1782 5252 1939 5321 aquis
1956 5251 2261 5317 continens,

694 5348 790 5403 sed
820 5348 872 5400 in
915 5345 1165 5401 dulcibus
1206 5345 1462 5415 baptismi
1531 5344 1746 5399 liuentis
1791 5345 1970 5399 vivere
2016 5343 2260 5399 iaciens:

696 5437 828 5507 quin
860 5450 1033 5505 neque
1053 5436 1393 5505 corruptibili
1424 5437 1652 5505 pecunia
1682 5436 1989 5505 acquirens,
2021 5436 2113 5489 sed
2139 5437 2264 5488 ado-

697 5526 900 5598 ptionis
946 5526 1312 5598 chirographo
1356 5542 1384 5581 a
1438 5527 1638 5581 diaboli
1696 5530 1958 5582 servitute
1998 5527 2264 5591 eximens,

696 5632 820 5673 cum
868 5627 1027 5673 antea
1080 5618 1221 5688 capti
1265 5626 1579 5673 tenerentur
1634 5618 1701 5672 ad
1755 5618 1916 5686 hujus
1954 5617 2262 5671 arbitrium.

698 5710 744 5765 0
778 5724 890 5764 rem
934 5709 1271 5765 mirabilem!
1300 5707 1432 5775 Quis
1469 5723 1499 5763 a
1554 5707 1754 5763 saeculo
1797 5716 2077 5777 capturam
2119 5707 2265 5777 ejus-

2363 4634 2507 4686 φημι
2534 4616 2629 4669 τοῦ
2654 4616 2785 4668 λαοῦ
2811 4617 2904 4669 καὶ
2926 4616 3235 4684 ἀγελαίους,
3271 4617 3521 4688 πολυειδῆ
3547 4635 3603 4671 τε
3639 4620 3731 4671 καὶ
3757 4620 3935 4673 ποικίο

2360 4707 2471 4771 λον,
2501 4708 2646 4761 ἔθεσι
2680 4708 2824 4775 λέγω
2857 4708 2952 4761 καὶ
2978 4708 3229 4772 πάθεσιν,
3266 4712 3330 4763 ὲκ
3364 4712 3578 4781 μικρῶν
3606 4728 3663 4763 τε
3695 4715 3789 4764 καὶ
3838 4729 3935 4783 με·

2362 4797 2562 4865 γάλων,
2591 4798 2829 4860 ἡλικίαις
2862 4798 3061 4869 δηλαδὴ
3096 4802 3189 4852 καὶ
3220 4800 3467 4863 τάξεσιν·
3495 4801 3585 4865 οὓς
3620 4803 3719 4869 μὲν
3745 4819 3932 4874 τετρα-

2362 4886 2686 4957 χυνομένους
2726 4888 2960 4956 δόγμασι
3012 4888 3345 4959 μοχθηριῶν,
3380 4891 3456 4953 ὼς
3488 4890 3547 4955 ἐξ
3586 4891 3807 4961 ὑφάλων
3838 4893 3936 4962 τῆς

2364 4980 2550 5043 ἀθεῖας
2585 4982 2797 5050 πετρῶν
2822 4981 3142 5049 λαμϐάνων·
3172 4982 3265 5045 οὒς
3312 4982 3367 5035 δὲ
3401 4983 3785 5053 λεληῖσμένους
3832 4987 3935 5052 ἀφο

2365 5071 2576 5141 ελότητι
2617 5070 2854 5133 διανοίας
2883 5069 2972 5125 οἷα
3004 5073 3539 5143 πελαγοδρομοῦντας
3584 5076 3899 5144 σαγηνεύων
3919 5090 3935 5106 ·

2367 5164 2460 5217 καὶ
2500 5162 2672 5216 ταῦτα
2702 5164 2761 5214 οὐ
2794 5163 3058 5228 θανατὼν,
3092 5164 3227 5217 ἀλλὰ
3276 5166 3367 5217 καὶ
3402 5165 3701 5234 ζωογονών,
3742 5168 3845 5219 οὐκ
3883 5168 3938 5219 ὲν

2371 5256 2634 5327 ἁλμυροῖς
2668 5255 2821 5308 ὕδασι
2848 5260 2946 5326 τῆς
2975 5258 3245 5326 ἁμαρτίας
3282 5259 3537 5327 συνέχων,
3578 5259 3694 5313 ἀλλ’
3725 5260 3784 5326 ἐν
3813 5260 3941 5329 γλυο

2372 5349 2491 5401 κέσι
2519 5346 2721 5416 νάμασι
2752 5348 2844 5399 τοῦ
2877 5347 3248 5417 βαπτίσματος
3276 5350 3552 5403 ἐνδιαιτιῖεν
3572 5365 3586 5381 ’
3611 5350 3722 5403 οὐδ’
3742 5352 3803 5404 οὐ
3833 5351 3937 5423 μὴν

2372 5438 2653 5507 ἀργυρίοις
2683 5436 2935 5507 φθαρτοῖς
2966 5438 3311 5506 ἐπεμπολῶν,
3346 5440 3457 5492 ἀλλ’
3491 5442 3780 5511 ὑπογραφῇ
3826 5442 3937 5494 olo-

2371 5526 2555 5587 θεςίας
2579 5528 2641 5577 ἐκ
2662 5527 2759 5595 τῆς
2788 5525 2882 5577 τοῦ
2912 5526 3157 5579 διαϐόλου
3183 5528 3426 5593 δουλείας,
3462 5531 3782 5597 ἐλευθερῶν,
3814 5549 3940 5601 προ-

2372 5617 2789 5686 εζωγρημένους
2818 5618 2909 5671 ὑπ’
2945 5618 3105 5671 αὐτοῦ
3137 5622 3215 5681 εἰς
3256 5621 3317 5672 τὸ
3346 5622 3556 5675 ἐκείνου
3605 5623 3836 5693 θέλημα.
3876 5625 3935 5677 Ὢ

2368 5709 2461 5761 τοῦ
2508 5710 2819 5778 δράματοςί
2877 5712 2958 5774 τίς
3009 5712 3301 5784 ὴκουτίσθη
3344 5714 3582 5770 τοιοῦτον
3623 5717 3843 5787 θήραμα
3883 5720 3936 5781 ἐξ

765 5824 811 5858 ⁸⁸
847 5822 1019 5879 Eccle.
1056 5840 1132 5890 vi,
1166 5826 1219 5880 7.
1293 5825 1338 5856 "
1385 5822 1529 5877 Psal.
1561 5838 1767 5887 uxvn,
1794 5822 1880 5877 91.
1963 5825 1975 5853 ⁸
2016 5820 2202 5875 Matth.
2242 5835 2316 5885 tv,
2348 5821 2426 5875 19.
