4170 6476
179 402 270 466 777

985 406 1266 471 ORATIO
1298 413 1490 472 1Χ.-
1529 413 1907 474 LAUDATIO
1946 413 2006 473 S.
2045 412 2362 476 JOANNIS
2388 416 2659 477 EVANG.

3340 418 3445 481 778

172 520 404 585 αἰῶνος;
458 521 549 585 τίς
583 523 727 590 ἔγνω
768 523 1083 594 τηλικοῦτον
1130 527 1546 598 μεγαλέμπορον
1579 529 1769 595 ἁλιέας

1879 527 2024 583 modi
2060 528 2270 584 audiit?
2302 527 2437 594 Quis
2477 529 2662 592 talem,
2708 529 3038 599 copiosaque
3070 530 3207 586 adeo
3243 532 3447 587 instru-

170 615 250 667 ὅτι
291 615 370 684 μὴ
418 615 796 680 ἑκατοντάδας
843 617 1000 685 μόνον
1049 619 1142 671 καὶ
1184 619 1446 688 χιλιάδας,
1494 618 1628 672 ἀλλά
1666 620 1773 690 γὰρ

172 708 354 760 πάντα
383 708 458 760 τὰ
491 707 626 775 ἔθνη
657 708 692 762 ἃ
730 707 1058 778 μαθητεύειν
1087 710 1381 781 ἐπιστεύθη
1425 711 1770 780 προσάγοντα

169 796 249 865 τῷ
308 797 632 866 πρωθαλιεῖ
679 799 922 869 Δεσπότῃ
967 799 1218 870 Χριστῷ·
1262 800 1360 853 οὐκ
1396 795 1505 870 ἆρα
1548 800 1773 864 εἰκότως

171 890 486 959 προῦλεγον
528 892 605 963 μὴ
633 887 744 946 οἷόν
773 893 833 946 τέ
863 909 926 961 με
951 893 1285 962 ἐφικνεῖσθαι
1308 893 1406 962 τῆς
1439 892 1770 956 ὑποθέσεως,

169 981 273 1034 κᾶν
305 981 475 1054 ἄκρῳ
505 985 672 1037 οἱονεὶ
704 984 951 1056 δακτύλῳ
980 1006 994 1054 ;

1879 630 2025 673 ctum
2093 633 2272 674 merce
2326 615 2654 688 piscatorem
2696 621 2956 689 agnovit?
2995 617 3445 690 Quandoquidem

1881 725 1987 764 non
2017 723 2298 774 centenos,
2339 711 2425 764 vel
2469 709 2722 765 millenos
2753 721 2988 776 tantum,
3032 712 3124 765 sed
3162 712 3450 766 universas

1879 812 2087 872 gentes,
2139 817 2368 872 quarum
2399 802 2768 858 docendarum
2802 803 3071 858 creditum
3113 818 3315 857 munus
3361 817 3452 856 ac-

1879 895 2042 964 cepit,
2077 895 2143 948 ad
2179 895 2456 950 Chrisrum
2503 895 2790 949 Dominum
2835 911 2898 950 ac
2934 897 3232 966 principem
3271 896 3451 964 pisca-

1881 991 2059 1036 torum
2096 982 2340 1037 adducit.
2382 983 2574 1039 Nonne
2619 984 2780 1055 igitur
2815 986 2940 1054 jure
2974 987 3280 1056 meritoque
3328 995 3453 1040 ante

169 1081 458 1148 dicebam,
509 1085 692 1154 majus
732 1085 836 1140 hoc
876 1094 1253 1156 argumentum
1297 1099 1418 1140 esse
1469 1098 1632 1153 quam
1670 1094 1767 1151 pro
1806 1095 1922 1135 mea
1957 1080 2236 1144 facultate,
2262 1082 2342 1135 vel
2373 1083 2418 1136 si
2450 1093 2695 1138 extremo
2720 1084 2884 1138 veluti
2949 1083 3119 1153 digito
3175 1083 3446 1155 attingere

168 1176 375 1229 velim?

222 1196 334 1229 ~um
357 1196 374 1229 ε

205 1196 322 1331 ίς’.
367 1265 591 1335 Σκέψαι
628 1269 836 1336 μοικαὶ
868 1267 1040 1322 τᾶλλα
1075 1269 1404 1340 εἱρμολογία
1438 1269 1634 1340 ἀρίστῃ
1678 1267 1773 1319 ἀλ-

1946 1262 2000 1314 6.
2042 1260 2170 1314 Μὶιιί
2197 1275 2415 1331 quoque
2448 1261 2551 1316 alia
2590 1262 2835 1332 expende
2865 1263 3138 1332 egregiam
3183 1279 3281 1334 per
3317 1265 3452 1319 alle-

169 1357 591 1427 ληγορούμενα.
634 1359 820 1427 ἠιείς
847 1361 988 1414 ἐστε
1015 1361 1084 1414 τὸ
1116 1361 1244 1430 φῶς
1276 1361 1384 1416 τοῦ
1417 1365 1649 1430 κόσμου
1679 1374 1691 1388 ·
1714 1358 1775 1411 τὸ

1873 1350 2081 1420 goriam
2135 1351 2378 1405 seriatim
2421 1353 2687 1421 exposita.
2743 1354 2840 1406 Vos
2893 1356 3020 1408 estis
3059 1355 3152 1410 lux
3201 1358 3426 1412 mundi"

171 1449 288 1516 φῶς
323 1449 624 1502 ὲλαστικδν
653 1456 897 1517 σκότους,
946 1454 1250 1524 ὀφθαλμῶν
1311 1454 1452 1522 ὄψις,
1509 1453 1776 1522 σωμάτων

1876 1442 2016 1508 Lux,
2057 1443 2402 1497 tenebrarum
2445 1445 2740 1514 expultrix,
2773 1447 3057 1500 oculorum
3101 1449 3450 1515 illuminatio,

172 1540 578 1606 ἀνακαίνωσις,
605 1543 814 1611 ἐφετὸν,
836 1545 1094 1613 ἀγαστόν.
1122 1546 1188 1598 Τί
1207 1540 1299 1599 οὖν
1329 1544 1646 1603 Ἀπόστολος
1670 1561 1684 1609 ;
1716 1543 1775 1595 οὑ

1880 1549 2170 1605 corporum
2204 1534 2529 1590 reiocillatio
2560 1557 2572 1591 :
2602 1537 2978 1592 desiderabilis
3021 1541 3247 1594 omnino
3276 1557 3366 1595 res
3396 1553 3450 1595 et

176 1633 325 1700 μειοῖ
368 1633 571 1696 σκότος
631 1635 1039 1706 ἀντικείμενον;
1089 1636 1188 1690 οὑκ
1249 1635 1489 1705 ὀμματοῖ
1534 1634 1768 1703 τυφλοὺς

172 1724 583 1795 ἀμφοτέρωθεν
609 1744 622 1790 ;
647 1728 715 1778 ὀὐ
750 1727 917 1798 ρῶσιν
951 1730 1182 1800 παρέχει
1225 1727 1476 1799 ⁴σώμασιν
1504 1745 1518 1793 ;
1585 1727 1645 1779 οὐ
1683 1726 1769 1780 διὰ

1879 1626 2252 1686 admirabilis!
2285 1625 2424 1692 Quid
2456 1643 2586 1698 ergo
2615 1629 2941 1698 Apostolus?
2969 1628 3160 1684 Nonne
3195 1631 3450 1687 tenebras

1877 1719 2222 1773 adversarias
2267 1721 2501 1774 minuit?
2536 1719 2725 1776 Nonne
2765 1721 3042 1792 utrimque
3075 1723 3234 1777 caecis
3267 1723 3447 1778 visum

174 1815 357 1870 ταῦτα
393 1818 658 1888 στερκτὸς
690 1821 785 1872 καλ⁷
839 1821 1191 1890 θαυμαστός;
1251 1820 1411 1874 τοῦτο
1452 1816 1521 1890 ἦν
1579 1819 1687 1886 ἄρα
1742 1819 1770 1871 ὃ

1875 1811 2148 1866 restituit?
2181 1810 2372 1866 Nonne
2410 1812 2574 1865 robur
2624 1813 2950 1880 corporibus
2990 1813 3217 1868 tribuit?
3256 1813 3448 1870 Nonne

177 1909 425 1977 Χριστὸς
495 1913 846 1982 παρεγγυᾶτο
879 1929 894 1945 ·
933 1912 1363 1976 Ἀσθενοῦντας
1394 1912 1764 1978 θεραπεύετε,

173 2001 451 2069 λεπροὺς
516 2002 871 2072 καθαρίζετε,
937 2004 1214 2071 δαιμόνια
1243 2003 1607 2055 ἐκϐάλλετε·
1655 2001 1766 2055 δω-

169 2094 324 2159 ρεὰν
351 2094 624 2160 ἐλάϐετε,
661 2095 887 2164 δωρεὰν
917 2095 1072 2148 δότε.
1120 2090 1322 2146 Ἐννὸει
1358 2111 1446 2162 μοι
1467 2094 1536 2146 τὰ
1599 2093 1767 2164 μυρία

178 2184 314 2255 γένη
350 2186 466 2238 τῶν
496 2187 838 2255 νοσημάτων,
899 2190 993 2239 καὶ
1060 2185 1168 2257 ὄψῃ
1208 2185 1276 2238 τὰ
1323 2187 1525 2257 ἄπειρα
1585 2185 1765 2255 πλήθη

177 2276 290 2328 τῶν
325 2276 630 2347 θαυμάτων
659 2275 767 2328 τῶν
794 2275 852 2340 ἐξ
875 2275 1180 2346 ἑκασταχοῦ
1215 2276 1470 2347 βοτρυδὸν
1505 2276 1767 2345 ἀγεληδὸν

181 2367 323 2438 πρὸς
352 2369 417 2421 τὸ
440 2368 672 2438 ἄμισθόν
701 2385 760 2421 τε
796 2370 890 2422 καὶ
923 2369 1129 2424 ἄλυπον
1167 2371 1403 2440 ἰατρεῖον
1454 2370 1555 2438 τῆς
1588 2387 1766 2441 σωτη-

181 2457 310 2527 ρίας
342 2458 706 2530 συρρεόντων,
735 2460 817 2514 ὅτι
849 2461 984 2530 μηδὲ
1017 2464 1214 2532 τομαῖς
1241 2479 1300 2515 τε
1354 2463 1448 2515 καὶ
1505 2462 1766 2516 καύσεσιν

177 2550 212 2619 η
241 2567 361 2602 τισι
410 2554 890 2621 φαρμακοποσίαις
924 2555 956 2625 ἡ
986 2555 1094 2607 τῶν
1128 2555 1394 2622 ἀλγεινῶν
1451 2555 1721 2623 φυγαδεία
1746 2595 1761 2618 ,

182 2637 374 2696 πίστεί
407 2643 464 2696 δὲ
513 2643 650 2716 μόνῃ
691 2644 784 2698 καὶ
821 2645 979 2713 λόγου
1023 2645 1268 2716 μάστιγι.
1326 2647 1388 2698 Ὢ
1434 2646 1534 2715 τῆς
1597 2663 1766 2716 μεγα-

179 2732 459 2805 λοδωρεᾶς
489 2737 502 2790 !
534 2737 656 2803 ἄρτι
686 2737 902 2804 τυφλὸς,
933 2736 1120 2806 βλέπει
1149 2738 1208 2790 τὸ
1245 2737 1381 2805 φῶς,
1419 2736 1678 2807 ἐξαπίνης
1702 2736 1764 2790 τὸ

181 2826 441 2894 ἁεινεφὲς
469 2827 825 2895 ἀποθέμενος,
864 2829 956 2880 καὶ
986 2828 1170 2897 χαίρει
1197 2828 1338 2898 ὁρῶν
1364 2827 1433 2880 τά
1479 2829 1569 2880 ὑπ’
1601 2829 1762 2898 οὐρα-

183 2915 273 2968 νὸν
303 2917 478 2986 κάλλη
518 2933 577 2968 τε
608 2917 702 2969 καὶ
736 2917 984 2988 θεάματα
1008 2934 1022 2949 ο
1055 2919 1179 2987 ἄρτι
1200 2916 1389 2985 χωλὸς,
1422 2915 1762 2986 παραχρῆμα

186 3009 560 3080 οτερεοποδεῖ,
599 3011 693 3064 καὶ
726 3010 883 3082 γήθει
935 3010 1226 3079 ἀλλόμενος
1251 3008 1327 3071 ὡς
1357 3008 1554 3078 ἔλαφος
1581 3025 1596 3041 ο
1637 3008 1762 3079 ἄρτι

188 3100 293 3168 μὲν
353 3091 668 3170 μόγιλάλος,
735 3102 843 3154 τῶν
876 3100 1090 3171 δεσμῶν
1123 3100 1221 3170 τῆς
1271 3099 1521 3169 γλώσσης
1580 3098 1762 3161 λυθεὶς

182 3189 501 3256 ὁρθολεκτεί
527 3193 928 3262 εὐχαριστήρια
952 3209 964 3221 ο
1003 3191 1126 3262 ἄρτι
1161 3191 1217 3244 δὲ
1281 3190 1555 3262 ξηρόχειρ,
1599 3190 1758 3257 ὑγια-
1787 3172 1828 3229 C

185 3281 336 3344 σθεὶς
362 3281 530 3352 ἄμφω
555 3283 632 3336 τὼ
658 3285 807 3353 χεῖρε
839 3283 975 3354 πρὸς
1003 3283 1094 3337 τὸν
1132 3285 1189 3336 ὲν
1212 3283 1457 3354 οὐρανοῖς
1483 3283 1761 3350 Δεσπότην

183 3371 302 3442 ᾄδει
339 3373 608 3443 εΰκτήρια
636 3391 649 3403 ’
686 3377 810 3446 ἄρτι
847 3374 947 3444 μὲν
987 3374 1238 3446 ὑδεριῶν,
1258 3373 1509 3428 κενοῦται
1534 3371 1628 3424 τοῦ
1654 3372 1758 3424 πά-

184 3464 313 3529 θους
344 3466 420 3529 ὡς
451 3467 700 3538 τάχιστα,
746 3468 838 3521 καὶ
877 3469 959 3530 είς
983 3467 1081 3538 τὴν
1102 3467 1334 3538 ἀρχαίαν
1366 3466 1579 3533 ὑγίειαν
1607 3465 1757 3518 ἄνει-

184 3575 269 3612 σιν
290 3576 304 3590 ’
340 3561 466 3632 ἄρτι
498 3562 552 3614 δὲ
593 3561 790 3631 λεπρὸς
818 3559 1155 3631 ἀποσύρεται
1191 3559 1288 3628 τῆς
1317 3555 1756 3628 ).ώ6ης,καὶβλέο

182 3667 303 3705 πων
335 3654 434 3724 τὴν
465 3651 661 3706 ἑαυτοῦ
708 3652 1133 3724 νεουργηθεῖσαν
1192 3654 1370 3722 σὰρκα
1422 3649 1755 3719 ἀγάλλεταιο

181 3744 308 3816 ἄρτι
338 3749 438 3816 μὲν
473 3747 803 3817 παράλυτος,
834 3745 1146 3816 ἀρτιασθεὶς
1177 3745 1488 3814 ὲπωμάδιον
1517 3743 1670 3822 φέρει
1696 3741 1757 3796 τὸ

182 3839 434 3892 κλινίδιον
459 3854 473 3868 ⁶
493 3839 683 3908 ἄρτιδὲ
699 3839 782 3891 δαι
791 3840 984 3908 μονῶν,
1009 3839 1096 3891 τοῦ
1117 3838 1421 3907 πνεύματος
1439 3836 1751 3906 καθαρθεὶς,

185 3935 476 4001 σωφρόνως
494 3931 704 3994 δοξάζει
728 3932 818 3984 τὸν
841 3929 1044 3999 Κύριον
1073 3946 1087 3961 ο
1104 3930 1227 3999 ἄρτι
1247 3930 1344 3999 μὲν
1373 3929 1640 3998 ἡμιθανὴς
1659 3929 1754 3979 ἁσ-

181 4025 446 4094 θμαίνων,
465 4024 638 4088 ἐξόδια
654 4023 1003 4094 ἀναθρώσκεν
1018 4023 1246 4094 τάχιστα
1277 4039 1291 4053 ·
1312 4021 1436 4092 ἀρτι
1464 4021 1521 4074 δὲ
1538 4019 1750 4090 νεκρὸς,

181 4118 244 4171 ὲκ
297 4116 504 4188 φθορᾶς
554 4116 777 4186 ἀνέθορε
816 4116 884 4170 τὰ
906 4117 963 4168 ἐν
992 4115 1118 4187 ᾅδου
1151 4114 1454 4182 λογοθετῶν
1477 4115 1587 4177 τοῖς
1612 4113 1752 4182 ὑπὲρ

183 4209 288 4278 γῆν
309 4211 402 4264 καὶ
428 4210 681 4280 ξωάρχην
721 4211 851 4263 Θεὸν
877 4208 1414 4279 ἀνθομολογούμενος
1449 4224 1462 4237 ·
1495 4207 1620 4275 ἄρτι
1653 4205 1751 4275 μὲν

184 4301 601 4374 ἑτερόφθαλμος,
618 4300 986 4372 όρθοόλεπτεῖ,
1009 4302 1099 4353 καὶ
1122 4299 1466 4370 μονόμματος
1484 4296 1750 4364 διδυμομ-

186 4397 363 4463 ματεῖ.
391 4395 484 4446 καὶ
511 4394 670 4464 ἄθριξ
706 4395 1012 4464 καρηκομεί
1034 4410 1046 4422 ’
1081 4392 1209 4461 ἄρτι
1229 4390 1285 4442 δὲ
1319 4387 1538 4459 κυρτὸς,
1561 4386 1750 4460 ὀρθοῦ-

175 4501 288 4552 ται,
315 4489 410 4540 καὶ
438 4485 618 4554 κωφὸς
645 4485 1001 4546 ὠτακουστεῖ,
1048 4485 1142 4536 καὶ
1190 4479 1440 4552 πυρετῶν
1487 4479 1742 4551 ἔρρωται,

180 4581 272 4634 xui
327 4581 495 4653 ριγῶν
533 4580 827 4648 εὐκρατεί·
862 4581 986 4649 ἄρτι
1030 4580 1216 4647 στεῖρα
1267 4575 1590 4633 παιδοποιεῖ,
1646 4571 1740 4624 καὶ

177 4673 546 4747 αἱμορροοῦσα
581 4671 826 4734 εὐπαθεῖ,
875 4671 967 4723 καὶ
1014 4669 1345 4722 δυστοκοῦσα
1391 4667 1623 4728 εὑτοκεῐ,
1650 4663 1746 4716 καὶ

180 4786 244 4821 κα
254 4766 543 4840 ρκινόσαρξ
575 4763 949 4838 εὐσωμῘατῙεί,
969 4764 1062 4817 καὶ⁵
1084 4763 1190 4816 πᾶν
1212 4761 1500 4830 κολόόωμα
1521 4757 1746 4827 φυσικὸν

176 4859 510 4931 ἁρτιάζεται,
525 4859 619 4911 καὶ
631 4860 778 4912 πᾶσα
798 4856 1040 4926 μαλακία
1064 4856 1338 4925 ὑποχωρεῖ
1359 4853 1449 4906 καὶ
1467 4855 1573 4906 πᾶν
1588 4852 1698 4920 ψυχ
1705 4868 1747 4902 ι-

176 4947 265 5000 κὸν
286 4948 457 5011 πάθος
486 4947 797 5014 ὲξωστατεῖ.
828 4946 931 5000 Ἐῶ
953 4946 1131 5014 λέγειν
1148 4945 1246 5008 τὰς
1271 4944 1328 4995 ὲν
1350 4942 1562 5010 ἀλόγοις
1586 4941 1745 5005 ζώοις

175 5040 637 5111 θαυματουργίας,
671 5040 768 5102 τάς
815 5056 874 5091 τε
916 5038 1023 5091 τῶν
1081 5035 1361 5106 στοιχείων
1412 5033 1601 5104 ἄρσεις
1646 5033 1742 5085 καὶ

177 5133 510 5203 μεταθέσεις,
552 5129 619 5202 ἦς
643 5150 784 5195 τινος
814 5129 906 5186 οὖν
954 5131 1119 5200 ἄλλης
1173 5129 1386 5199 φύσεως
1443 5127 1741 5199 παραδοξο-

186 5225 366 5278 ποιίαν
395 5242 409 5258 ο
440 5226 472 5295 ἦ
514 5226 623 5295 γὰρ
657 5226 754 5276 οὐκ
780 5223 976 5294 ἀληθὲς
1006 5223 1064 5276 τὸ
1094 5223 1197 5276 ὑπὸ
1220 5224 1314 5274 τοῦ
1341 5223 1546 5291 Κυρίου
1587 5221 1739 5289 εἰρη-

173 5317 352 5386 μένον,
376 5317 506 5369 Ὀτι
533 5317 600 5381 ὃς
628 5316 704 5369 ἂν
726 5318 864 5384 εἴπῃ
889 5314 967 5381 τῷ
989 5308 1116 5384 (Spei
1138 5315 1346 5380 τούτῳ,
1384 5315 1615 5380 Ἄρθητι
1639 5309 1736 5363 καὶ

164 5407 425 5474 ,ϐλήθητι
463 5412 549 5474 εις
587 5407 700 5474 τὴν
737 5409 1081 5472 θάλασσαν,
1114 5405 1211 5460 καὶ
1237 5404 1320 5476 μὴ
1351 5400 1620 5470 διακριθῇ
1671 5399 1740 5452 ἐν

169 5498 242 5569 τῇ
276 5501 488 5568 καρδίᾳ
517 5503 724 5565 αὐτοῦ,
759 5501 918 5555 ἀλλὰ
947 5501 1259 5553 πιστεύσει
1298 5498 1386 5550 ὅτι
1415 5495 1453 5549 ᾱ
1480 5494 1640 5562 λέγει
1663 5493 1742 5560 γ(-

167 5610 347 5658 νεται,
379 5595 547 5647 ἔσται
575 5595 734 5658 αὑτῴ
767 5596 798 5647 ὃ
865 5593 944 5648 ἂν
991 5594 1153 5661 εἴπῃ.
1229 5593 1370 5662 Ὅρα
1408 5607 1498 5660 μοι
1553 5587 1737 5640 λοιπὸν

167 5687 260 5740 καὶ
285 5687 408 5757 ὅρος
444 5689 522 5752 εἰς
548 5689 713 5758 ὑγρὸν
741 5687 1133 5758 μεταιρόμενον
1159 5685 1340 5755 τυχὸν,
1379 5684 1472 5737 καί
1519 5677 1585 5735 αὖ
1628 5683 1735 5734 πά·

237 5870 466 5926 ‘Matlh.
500 5887 552 5935 v,
589 5872 674 5927 M.
749 5874 767 5902 ³
795 5872 980 5941 Matth.
1013 5890 1065 5938 κ,
1101 5873 1155 5926 8.

529 5962 794 6020 ΡΑΤΠΟΙ..
848 5964 962 6021 Gtt.
1003 5963 1222 6021 XCIX.

1869 1903 1938 1958 ob
1965 1904 2080 1958 haec
2115 1918 2305 1957 amore
2338 1905 2536 1973 dignus
2574 1914 2626 1958 et
2661 1904 3064 1959 admiratione?
3103 1904 3216 1961 Hoc
3261 1907 3449 1978 utique

1868 1994 2123 2051 Christus
2151 1996 2445 2051 mandabat
2474 2016 2486 2050 :
2517 1995 2768 2066 Iri/irritos
2795 2007 2994 2063 curate,
3028 1998 3260 2069 leprosos
3292 2017 3445 2054 mun-

1870 2088 2028 2153 date,
2084 2091 2349 2143 da’mones
2406 2090 2612 2157 ejicile;
2673 2090 2839 2160 gratis
2909 2091 3221 2160 accepistis,
3278 2092 3449 2162 gratis

1871 2180 1993 2233 date
2015 2179 2055 2231 ⁸.
2105 2179 2404 2236 Considera
2474 2181 2608 2234 mihi
2659 2181 3081 2236 innumerabilia
3129 2183 3444 2238 morborum

1869 2289 2092 2343 genera.
2130 2282 2497 2344 occurretque
2527 2273 2740 2328 intinita
2774 2275 3167 2331 miraculorum
3205 2278 3361 2346 copia
3390 2277 3446 2331 in

1867 2363 2181 2419 hominibus
2206 2373 2568 2434 patratorum,
2595 2365 2690 2436 qui
2721 2364 2967 2421 conferta
2997 2367 3348 2423 multitudine
3375 2369 3445 2424 ad

1868 2454 2164 2523 gratuitum
2206 2455 2453 2526 nihilque
2487 2456 2749 2512 molestiae
2780 2457 3068 2514 facientem
3096 2460 3287 2516 salutis
3326 2477 3445 2516 me-

1866 2545 2046 2599 dicum
2079 2545 2398 2614 conﬂuunt;
2425 2548 2553 2618 quia
2587 2550 2848 2604 nimirum
2882 2566 2991 2606 non
3023 2551 3172 2608 ferro
3201 2568 3266 2608 ac
3298 2552 3442 2624 igne,

1867 2646 1962 2691 aut
2000 2639 2318 2706 potionibus
2362 2641 2689 2710 quibusdam
2738 2642 2965 2698 medicis
3000 2645 3223 2701 morbos
3251 2646 3440 2717 abigit,

1866 2728 1961 2783 sed
2003 2730 2117 2784 sola
2153 2730 2258 2785 tide
2288 2745 2352 2786 ac
2395 2732 2666 2789 sermonis
2694 2732 2929 2806 flagello.
2958 2734 3003 2792 Ο
3033 2739 3160 2792 doni
3193 2741 3443 2810 πιαεηὶίί-

1865 2821 2140 2876 centiam!
2207 2822 2365 2879 Nunc
2427 2839 2608 2880 caecus
2684 2827 2976 2898 derepente
3031 2829 3213 2887 lumen
3270 2834 3438 2899 videt,

1865 2929 1989 2968 cum
2044 2915 2240 2969 nubem
2289 2916 2600 2986 impositam
2653 2919 2830 2974 ocu‘lis
2879 2936 3092 2990 semper
3135 2923 3439 2990 habuisset,

1865 3005 2173 3076 gaudetque
2219 3007 2536 3062 sublunaria
2595 3010 2711 3065 haec
2755 3012 2951 3066 decora
3017 3028 3080 3068 ac
3128 3017 3437 3084 spectacula

1864 3096 2158 3166 aspiciens.
2188 3093 2375 3166 Nuper
2407 3097 2658 3164 claudus,
2689 3100 2936 3157 solidatis
2969 3103 3175 3173 plantis
3215 3104 3434 3160 [irinum

1863 3188 2055 3257 recipit
2084 3203 2356 3258 gressum,
2400 3190 2671 3261 gestitque
2695 3192 2896 3249 saliens
2931 3204 2989 3250 ut
3021 3211 3236 3253 cervus.
3276 3197 3436 3254 Modo

1862 3285 2081 3348 blmsus,
2120 3286 2316 3355 linguze
2346 3287 2578 3342 vinculis
2624 3289 2842 3353 solutis,
2885 3292 3137 3359 expedito
3183 3308 3437 3350 sermone

1861 3379 2162 3447 gratiarum
2218 3380 2451 3434 actionis
2494 3380 2681 3435 laudes
2730 3383 2934 3451 pangit.
3001 3381 3162 3438 Modo
3221 3385 3431 3440 aridam

1861 3486 2084 3525 manum
2122 3472 2349 3536 habens,
2384 3488 2550 3527 sanus
2578 3472 2825 3536 elTectus,
2872 3490 3068 3530 manus
3100 3477 3290 3533 ambas
3315 3487 3434 3533 ten-

1859 3563 1995 3618 dens
2046 3564 2110 3617 ad
2158 3562 2446 3618 Dominum
2510 3565 2563 3617 in
2617 3565 2771 3621 caelis
2824 3567 3198 3632 exsistentem.
3245 3587 3432 3640 preces

1857 3652 2023 3711 ca'nit.
2069 3656 2229 3712 Modo
2280 3658 2646 3728 hydropicus,
2699 3674 2863 3729 quam
2920 3661 3187 3717 citissime
3238 3665 3432 3720 morbo

1856 3758 2142 3817 vacuatur,
2193 3759 2248 3804 et
2287 3752 2354 3804 ad
2398 3751 2686 3820 pristinam
2733 3753 3021 3807 sanitatem
3065 3754 3235 3808 redit.
3271 3755 3431 3811 Modo

1856 3843 2123 3909 leprosus,
2173 3844 2327 3913 plaga
2375 3858 2473 3898 sua
2520 3845 2790 3913 eripitur,
2849 3845 3150 3917 vidensque
3199 3864 3421 3904 carnem

1856 3948 2010 3986 suam
2036 3945 2378 3999 renovatam,
2411 3935 2672 3990 exsultat.
2704 3935 2862 3990 Modo
2893 3939 3251 4009 paralyticus,
3274 3951 3429 3995 artu-

1854 4024 1956 4078 bus
2000 4024 2316 4080 instauratis
2352 4024 2610 4080 lectulum
2650 4027 2701 4080 in
2748 4029 3008 4084 humeros
3061 4030 3221 4085 tollit.
3268 4030 3429 4087 Modo

1853 4114 2239 4177 daemoniacus,
2276 4131 2307 4169 a
2346 4116 2537 4184 spiritu
2582 4120 2900 4182 mundatus,
2957 4119 3139 4174 sobria
3182 4135 3247 4175 ac
3294 4137 3428 4176 sana

1853 4216 2031 4261 mente
2063 4205 2352 4262 Dominum
2395 4206 2595 4262 laudat.
2625 4207 2784 4264 Modo
2831 4212 3219 4267 semimortuus
3249 4222 3305 4268 et
3335 4229 3427 4269 su-

1853 4315 2037 4368 prema
2063 4301 2225 4354 verba
2246 4299 2359 4370 jam
2387 4300 2596 4366 dicens,
2617 4301 2904 4357 confestim
2930 4305 3236 4360 revalescit.
3267 4305 3425 4362 Modo

1853 4399 2139 4455 mortuus,
2180 4404 2209 4443 a
2271 4391 2627 4460 corruptione
2673 4393 2831 4445 velox
2898 4398 3167 4465 resurgit,
3231 4413 3423 4453 eorum

1855 4482 2119 4534 rationem
2165 4496 2287 4550 qua:
2319 4492 2445 4536 sunt
2485 4483 2538 4535 in
2588 4483 2805 4537 inferno
2836 4487 3067 4542 reddens
3105 4490 3424 4547 hominibus

1851 4573 1906 4627 in
1947 4582 2092 4626 terra
2136 4573 2470 4640 constitutis,
2515 4592 2577 4630 ac
2613 4577 2731 4630 vitae
2782 4579 2989 4633 auctori
3022 4577 3132 4634 Deo
3180 4583 3421 4638 vicissim

1849 4666 2134 4720 conﬁtens.
2187 4666 2345 4720 Modo
2386 4667 2554 4721 altero
2596 4669 2757 4724 Ιαξειιε
2801 4670 2983 4737 oculo,
3043 4683 3187 4728 recte
3237 4675 3420 4742 videt;

1851 4774 2132 4827 unumque
2163 4759 2380 4813 oculum
2413 4776 2442 4812 a
2485 4769 2678 4814 natura
2717 4763 2963 4820 sortitus.
3001 4763 3215 4820 duobus
3248 4769 3420 4823 oculis

1851 4851 2384 4921 intueturzglaber,
2442 4866 2654 4905 comam
2710 4855 2901 4909 nutrit.
2949 4854 3108 4910 Modo
3157 4858 3418 4915 incurvus

1851 4943 2097 5012 erigitur.
2129 4943 2404 5011 surdoque
2436 4943 2758 5012 aperiuntur
2790 4959 2950 4998 aures
2978 4962 2992 5010 ;
3018 4945 3184 5002 febris
3219 4949 3416 5005 ardore

1848 5045 2086 5091 aestuans
2148 5036 2287 5089 bene
2310 5036 2486 5103 valet;
2519 5038 2796 5091 contrario
2824 5038 2948 5091 item
2983 5038 3182 5108 frigore
3231 5042 3417 5111 algens

1849 5130 2304 5199 temperationem
2361 5129 2652 5183 [minorum
2713 5131 2922 5199 recipit.
2975 5131 3134 5186 Modo
3190 5136 3412 5201 sterilis,

1849 5223 2051 5290 prolem
2100 5221 2328 5289 suscipit
2359 5238 2372 5274 :
2407 5221 2688 5289 ﬂuensque
2729 5222 3013 5290 sanguine,
3049 5225 3410 5280 valetudinem

1845 5308 2076 5374 obtinet,
2122 5317 2282 5376 atque
2321 5310 2386 5361 ad
2420 5319 2634 5378 partum
2667 5310 2920 5374 diﬂicilis,
2953 5312 3201 5382 expedita
3234 5315 3414 5370 reddi-

1849 5410 1974 5467 tur;
2015 5402 2440 5457 htemorrhoissa
2471 5412 2732 5469 sanatur;
2761 5414 3105 5459 eancromate
3133 5407 3410 5471 laborans,

1847 5507 2052 5562 corpus
2086 5494 2359 5562 integrum
2411 5503 2731 5564 recuperat;
2778 5495 3056 5563 quodlibet
3081 5506 3286 5551 naturae
3318 5498 3412 5550 de-

1846 5586 2156 5639 trimentum
2189 5587 2423 5640 sarcitnr
2443 5626 2457 5652 ,
2484 5603 2546 5642 ac
2571 5603 2764 5643 omnes
2798 5589 3092 5657 languores
3116 5591 3406 5654 recedunt;

1845 5679 2040 5732 anima:
2075 5678 2207 5734 item
2248 5681 2429 5737 morbi
2472 5695 2662 5737 omnes
2678 5681 2988 5754 pelluntur.
3021 5681 3175 5738 Mitto
3209 5682 3407 5760 dicere.

3011 5957 3088 6009 ῖεὸ
