4170 6486
746 385 850 447 779
1933 387 1990 446 S.
2017 387 2408 448 THEODORI
2463 389 2809 449 STUDITIE
3893 393 3981 454 780

746 513 868 569 quae
895 511 1020 567 erga
1057 497 1247 553 brutos
1277 497 1585 554 animantes
1612 498 1872 554 miracula
1910 511 2120 569 patrata
2146 511 2270 556 sunt

2422 503 2505 557 λιν
2532 503 2692 574 βυθὸν
2722 503 3110 574 ξηραινόμενον
3134 505 3226 558 καὶ
3257 507 3336 568 εἰς
3371 505 3669 576 χλοηφόρον
3696 506 3878 560 πεδίον
3901 525 3979 576 με·

743 592 1136 646 elementorum
1192 590 1320 645 item
1371 591 1437 646 de
1477 606 1580 646 suo
1629 601 1775 647 statu
1817 597 2215 649 commotiones
2259 613 2300 649 ai

2424 596 2813 665 τατιθέμενον·
2847 596 2942 650 καλ¹
2986 637 3000 650 .
3048 635 3062 648 .
3108 636 3122 650 .
3159 598 3309 667 ριγὲς
3355 597 3498 668 ῦδωρ
3541 597 3752 668 ἀθρόως
3784 599 3847 651 ὲκ
3889 615 3980 651 rtu-

747 682 1155 750 translationcs,
1201 693 1255 737 et
1293 683 1514 739 alterius
1557 685 1802 752 cujusvis
1841 694 2049 740 natura:
2089 690 2294 741 miracu

2425 689 2578 758 θμῶν
2608 689 2875 760 πηγάζον,
2918 691 3126 759 πέτραν
3150 707 3211 742 τε
3236 689 3561 760 σχιζομένην
3604 690 3700 742 καὶ⁵
3732 691 3826 743 τὸν
3875 709 3980 760 χρι-

745 771 878 826 lum.
924 771 1116 826 Nonne
1167 777 1314 827 enim
1361 773 1492 828 illud
1545 775 1769 828 veritate
1821 777 2045 840 nititur,
2090 776 2236 845 quod
2293 794 2300 829 :

2433 780 2693 850 στοφόρον
2732 781 3166 853 ἀποπέμπουσαν
3192 798 3205 814 ·
3238 782 3333 856 καὶ
3354 782 3470 834 εῖτι
3491 781 3616 836 ἄλλο
3645 781 3787 834 κατά
3813 784 3982 854 χρείαν

743 864 975 919 Domino
1021 866 1226 920 dictum
1269 875 1393 920 est:
1431 866 1680 935 Quisquis
1724 868 1916 920 dixerit
1951 868 2117 922 monti
2146 867 2268 920 huic
2298 911 2300 920 ι

2428 871 2538 923 τῶν
2566 875 2645 934 είς
2689 873 2874 925 πίστιν
2939 873 3206 926 ἑλκόντων
3253 874 3378 936 τοὺς
3411 873 3815 944 μαθητιῶντας,
3847 875 3983 927 οὐδὲν

749 957 969 1022 Tollere,
1019 971 1066 1012 et
1119 960 1328 1013 mittere
1382 959 1434 1012 in
1466 975 1633 1016 mare.
1668 971 1714 1012 et
1761 976 1862 1012 non
1907 959 2231 1013 hwsitaverit
2270 961 2300 1012 ii

2423 962 2799 1034 ἀδυνατούσης
2839 965 2939 1033 τῆς
2966 965 3117 1028 Θείας
3152 966 3397 1036 χάριτος.

743 1054 900 1107 corde
927 1070 1043 1118 suo,
1071 1055 1160 1107 sed
1194 1055 1496 1120 crediderit,
1531 1056 1655 1124 quia
1682 1054 1819 1123 quod
1885 1055 2081 1107 dixerit
2119 1056 2237 1123 ﬁat,
2266 1057 2353 1124 ﬁet
2393 1057 2441 1109 ei
2480 1058 2821 1126 quodcunque
2848 1059 3042 1112 dixerit
3101 1061 3165 1112 ³⁸.
3193 1059 3310 1114 Jatn
3343 1060 3475 1113 mihi
3509 1069 3562 1113 et
3590 1067 3830 1114 montem
3863 1058 3986 1112 forte

721 1149 931 1202 «videas
963 1147 1014 1200 in
1044 1161 1216 1215 aquas
1247 1146 1600 1211 translatum,
1629 1145 1985 1216 vicissimque
2012 1149 2317 1202 exsiccatos
2359 1147 2499 1203 imos
2559 1151 2822 1219 gurgites,
2852 1159 3016 1219 atque
3051 1152 3105 1205 in
3171 1167 3423 1220 campum
3453 1150 3784 1206 herbiferum
3818 1160 3986 1204 muta-

740 1251 825 1296 tos
859 1257 873 1294 :
907 1239 1038 1310 quin
1069 1248 1122 1292 et
1159 1253 1356 1307 aquam
1391 1249 1614 1307 repente
1640 1254 1670 1291 a
1737 1237 1907 1293 fundo
1973 1240 2384 1307 scaturientem,
2427 1242 2766 1312 scissamque
2824 1253 3054 1313 petram,
3096 1254 3151 1299 et
3195 1245 3469 1299 hominem
3513 1244 3734 1300 Christo
3776 1245 3984 1314 plenum

741 1344 1104 1391 assectantem
1129 1334 1150 1364 ⁵
1178 1353 1190 1387 :
1223 1349 1286 1388 ac
1313 1334 1359 1387 si
1387 1333 1519 1404 quid
1561 1334 1709 1388 aliud
1745 1334 2028 1404 discipulis
2095 1336 2162 1390 ad
2195 1336 2356 1391 ﬁdem
2400 1339 2680 1392 trahendis
2743 1338 2996 1394 idoneum
3029 1342 3176 1410 justa
3209 1340 3458 1410 exigebat
3487 1340 3822 1406 necessitas;
3874 1354 3986 1394 cum

741 1427 876 1481 nihil
907 1426 1000 1489 sit,
1033 1425 1177 1496 quod
1203 1425 1386 1479 divina
1419 1426 1592 1496 gratia
1620 1436 1876 1495 praestare
1907 1442 2014 1480 non
2049 1429 2244 1496 possit.

806 1518 862 1572 7.
902 1519 972 1570 At
1015 1531 1085 1572 ne
1115 1517 1347 1588 singulis
1385 1519 1511 1587 plus
1552 1532 1708 1586 aequo
1739 1517 2061 1581 immorans,
2103 1518 2300 1573 audito-

2490 1517 2553 1583 ζ’.
2599 1517 2740 1572 Ἀλλ’
2780 1520 2870 1572 ἵνα
2896 1518 2971 1590 μὴ
2996 1519 3086 1571 ἐπὶ
3110 1519 3295 1572 πλεῖον
3325 1518 3676 1590 ἐνδιατρίϐων
3701 1521 3818 1582 τοῖς
3853 1517 3989 1572 κατὰ

740 1613 893 1667 ribus
929 1613 1145 1667 taedium
1190 1626 1394 1673 creem,
1439 1610 1505 1664 ad
1556 1610 1702 1665 aliud
1723 1612 1888 1666 etiam
1935 1623 2175 1667 transeo.
2221 1613 2300 1668 Vo.

2421 1611 2584 1680 μέρος
2610 1611 2870 1681 διακορὴς
2889 1610 3099 1680 γίνοιμι
3144 1612 3258 1675 τοῖς
3287 1610 3594 1675 ἀκούουσιν,
3626 1610 3713 1662 ἐπ’
3772 1610 3904 1662 ἄλλο
3931 1610 3987 1677 δὴ

739 1709 866 1762 estis
910 1707 993 1762 sat
1043 1706 1254 1760 terrte'.
1308 1704 1405 1760 Hic
1457 1719 1677 1775 quoque
1730 1706 2047 1774 metaphora
2099 1707 2168 1761 ab
2215 1708 2300 1762 illi:

2417 1703 2511 1754 καὶ
2531 1702 2821 1771 τρέψομαι.
2869 1702 3069 1771 ’Υμεῖς
3096 1702 3240 1756 ἐστε
3267 1702 3334 1756 τὸ
3363 1701 3516 1767 ἅλας
3543 1699 3654 1770 τῆς
3705 1699 3840 1770 τῆς.
3917 1701 3987 1755 Εκ

739 1811 954 1870 sumpta
999 1810 1104 1864 est,
1147 1815 1268 1868 qua
1313 1800 1378 1852 ad
1416 1813 1574 1852 usum
1623 1798 1995 1852 necessarium
2049 1801 2316 1854 veniunt:

2416 1793 2525 1844 τῶν
2573 1793 2892 1860 ἀναγκαίων
2935 1792 3190 1863 εἴληπται
3247 1791 3525 1847 κάνταῦθα
3560 1794 3594 1861 ἡ
3657 1791 3984 1862 μεταφορὰ·

737 1892 1196 1960 quemadmodum
1243 1891 1407 1945 etiam
1460 1890 1570 1945 alio
1614 1890 1733 1944 loco
1768 1907 1782 1944 :
1822 1889 2024 1944 Habete
2065 1892 2122 1944 in
2163 1892 2300 1946 vobis

2408 1884 2596 1955 ῶσπερ
2623 1888 2716 1939 καὶ
2749 1883 3009 1954 ἀλλαχοῦ,
3045 1886 3254 1954 Ἔχετε
3273 1884 3426 1950 ἅλας
3455 1886 3528 1938 ἐν
3547 1883 3806 1950 ἑαυτοῖς·
3833 1883 3986 1936 τοῦτο

737 1986 880 2040 sal“.
932 1983 1049 2040 Hoc
1081 1993 1265 2039 autem
1310 1982 1442 2053 quid
1482 1982 1628 2037 aliud
1660 1997 1824 2053 quam
1866 1983 2154 2038 charitatis
2197 1984 2310 2038 sit?

737 2094 858 2149 quae
887 2079 1048 2133 etiam
1095 2084 1178 2132 est
1214 2075 1498 2146 plenitudo
1533 2073 1691 2144 legis,
1738 2083 1799 2129 ut
1838 2089 1994 2129 sacer
2029 2075 2308 2144 apostolus

740 2171 938 2225 Paulus
975 2170 1132 2224 docet
1152 2168 1192 2221 ⁷.
1225 2168 1379 2221 Sicut
1419 2167 1566 2220 enim
1597 2166 1805 2236 absque
1849 2166 1961 2221 sale
1998 2167 2153 2235 panis
2200 2182 2306 2222 non

740 2259 1176 2323 nianducabitur,
1220 2267 1277 2312 ut
1325 2271 1424 2312 nec
1459 2256 1568 2311 fere
1613 2257 1896 2326 quisquam
1945 2257 2087 2313 alius
2129 2258 2305 2325 cibus,

736 2355 815 2408 sic
853 2353 1023 2422 liquet
1067 2351 1272 2419 absque
1301 2350 1593 2404 dilectione
1624 2348 1760 2403 nihil
1790 2350 2088 2419 prazstitum
2124 2351 2186 2404 iri
2223 2366 2312 2406 eo-

736 2461 859 2501 rum
889 2460 1011 2515 quae
1040 2443 1153 2499 Deo
1195 2452 1414 2512 accepta
1455 2450 1604 2496 sunt.
1643 2440 1829 2496 Talem
1875 2458 1934 2498 se
1974 2444 2130 2498 nobis
2155 2444 2308 2498 eihi-

736 2539 858 2593 buit
886 2537 1189 2607 apostolus,
1237 2534 1590 2589 adamantino
1625 2535 1808 2588 animo
1837 2534 2115 2603 praeditus,
2146 2544 2308 2604 atque

736 2633 790 2683 in
825 2628 1216 2685 certaminibus
1256 2626 1474 2694 pietatis
1513 2638 1678 2678 causa
1711 2625 1982 2693 susceptis
2021 2624 2307 2693 insupera-

736 2719 884 2783 bilis,
921 2732 1096 2787 neque
1139 2713 1421 2785 prosperis
1458 2720 1700 2768 mutatus
1741 2728 1916 2784 neque
1951 2714 2217 2778 adversis,
2252 2714 2304 2767 id

734 2817 820 2863 est
869 2807 1194 2862 infatuatus.
1243 2803 1454 2858 Videsis
1487 2819 1501 2855 :
1531 2804 1934 2871 persecutiones
1974 2805 2300 2873 patiebatur,

735 2915 836 2954 nec
876 2901 945 2954 ab
993 2915 1180 2953 eorum
1213 2899 1304 2968 qui
1343 2898 1814 2969 persequebantur
1851 2911 2037 2951 amore
2082 2897 2302 2952 recede-

735 2991 861 3056 bat;
903 2989 1200 3045 ducebatur
1224 2991 1290 3043 ad
1315 3006 1467 3060 rcges
1495 3000 1548 3044 et
1570 2989 1844 3059 praesides,
1877 3002 1977 3042 nec
2004 2987 2299 3057 quidquam

733 3083 801 3136 de
834 3082 1082 3137 animosa
1120 3081 1470 3136 confessione
1515 3081 1828 3136 remittebat
1861 3099 1874 3133 :
1911 3081 2078 3150 virgis
2128 3080 2300 3135 caade-

734 3175 914 3240 batur,
953 3189 1017 3228 ac
1059 3173 1479 3227 verberantibus
1522 3188 1640 3226 sese
1677 3171 1946 3225 medicum
1978 3172 2248 3240 praebebat
2283 3190 2296 3226 :
2329 3211 2369 3268 ο

733 3265 1000 3322 conviciis
1021 3264 1396 3335 appetebatur,
1424 3275 1478 3318 et
1502 3263 1736 3318 ludibrio
1764 3262 2088 3325 habebatur,
2113 3263 2300 3317 illuso.

733 3360 994 3430 ribusque
1010 3359 1236 3429 gloriam
1263 3359 1524 3425 curabat;
1561 3355 2162 3426 magistrumimitatus,
2206 3357 2299 3426 qui

732 3447 894 3500 etiam
920 3448 1049 3501 dum
1078 3456 1373 3516 pateretur,
1407 3446 1823 3501 crucitixoribns
1851 3447 2061 3502 veniam
2084 3463 2114 3501 a
2143 3447 2300 3502 Patre

731 3537 1078 3607 precabatur.
1127 3537 1542 3593 Praetendebant
1579 3538 1656 3590 illi
1703 3537 1962 3607 gladium,
2009 3539 2125 3608 ipse
2159 3538 2299 3610 obji-

733 3631 909 3686 ciebat
960 3631 1262 3688 doctrinam
1317 3651 1329 3684 :
1374 3631 1450 3684 illi
1505 3631 1682 3700 ignem
1740 3631 2124 3692 minabantur.
2185 3633 2299 3702 ipse

731 3722 1050 3776 charitatem
1094 3723 1370 3789 augebat:
1414 3721 1491 3775 illi
1532 3721 1736 3788 minas,
1783 3721 1900 3791 ipse
1939 3737 2128 3792 preces
2167 3741 2180 3776 :
2216 3724 2295 3778 illi

731 3811 1114 3880 alﬂictionem,
1164 3814 1265 3868 iste
1309 3813 1505 3868 salutis
1565 3828 1756 3869 eorum
1798 3815 1891 3885 qui
1947 3814 2295 3885 amigebant,

730 3907 877 3961 sitim
923 3922 1031 3976 pra:
1073 3921 1130 3961 se
1158 3906 1366 3960 terebat
1395 3926 1410 3961 :
1441 3907 1705 3961 molestiis
1747 3906 2119 3962 delectabatur
2148 3927 2161 3962 :
2196 3925 2296 3963 an-

732 3999 926 4069 gustiis
948 3997 1297 4052 dilatahatur.
1331 3997 1473 4063 Quin
1503 3998 1658 4062 adeo,
1691 4014 1756 4053 ne
1786 4014 1815 4052 a
1844 4001 2299 4068 prosperitatibus

731 4091 947 4159 quidem
979 4089 1030 4144 ei
1076 4090 1305 4144 Ientatio
1347 4089 1557 4145 defuit:
1588 4091 1919 4160 sequebatur
1957 4092 2101 4145 enim
2143 4091 2298 4161 signa

730 4180 872 4234 edita
931 4195 997 4234 ac
1047 4180 1294 4249 prodigia
1346 4196 1452 4234 non
1511 4181 1755 4251 vulgaris
1809 4183 1984 4236 honor
2025 4197 2090 4237 ac
2143 4198 2296 4238 com-

731 4273 1026 4326 mendatio.
1081 4274 1149 4324 At
1204 4286 1381 4342 neque
1433 4272 1677 4328 adversis
1723 4273 1972 4345 refriguit
2031 4276 2292 4340 Charitas,

731 4377 906 4432 neque
936 4362 1190 4417 laudibus
1219 4363 1458 4416 emollita
1489 4373 1573 4418 est
1603 4402 1618 4426 ,
1649 4363 1744 4419 sed
1775 4365 1914 4419 idem
1953 4367 2005 4419 in
2041 4367 2293 4423 omnibus

727 4455 981 4524 perstitit,
1027 4465 1093 4508 ad
1123 4454 1391 4524 cujusque
1430 4457 1648 4509 modum
1698 4457 1880 4510 varius
1911 4469 2074 4526 atque
2107 4461 2291 4513 condi-

2409 1977 2465 2029 δὲ
2497 1979 2550 2030 τί
2579 1976 2706 2031 ἄλλο
2737 1977 2770 2046 ἢ
2799 1977 2986 2046 ἀγάπη
3016 1974 3081 2029 ἂν
3139 1977 3246 2044 εἴη,
3295 1977 3419 2046 ἥτις
3479 1974 3575 2028 καὶ
3611 1976 3779 2045 νόμου
3841 1975 3979 2044 πλή-

2411 2087 2591 2138 ρωμα,
2624 2068 2699 2131 ὦς
2728 2085 2862 2138 φησι
2898 2067 3108 2130 Παῦλος
3137 2070 3164 2120 6
3208 2067 3350 2137 ἱερὸς
3380 2066 3674 2129 ἀπόστολος
3701 2083 3717 2132 ;
3774 2067 3866 2130 Ὠς
3894 2062 3982 2121 οὖν

2409 2162 2530 2214 οὔτε
2560 2162 2720 2232 ἄρτος
2750 2160 3090 2231 βρωθήσεται
3123 2159 3250 2212 ἄνευ
3284 2159 3428 2224 ἀλδς,
3453 2159 3535 2211 ὅτι
3601 2158 3740 2228 μηδέ
3785 2177 3838 2211 τι
3867 2175 3982 2228 σχε-

2409 2252 2496 2304 δὸν
2529 2251 2638 2305 τῶν
2672 2252 2949 2321 ἐδωδίμων
2977 2267 2991 2282 ⁸
3028 2251 3172 2304 οὕτω
3196 2250 3353 2321 δῆλον
3378 2251 3459 2304 ὅτι
3487 2251 3579 2304 καὶ
3611 2251 3833 2320 ἀγάπης
3863 2251 3980 2320 δίχα

2408 2345 2560 2398 οὐδὲν
2593 2345 2699 2399 τῶν
2731 2344 2991 2412 θεοφιλῶν
3026 2343 3490 2414 ὲξεργασθήσεται
3517 2360 3532 2376 ·
3564 2343 3802 2397 τοιοῦτον
3853 2345 3979 2414 ἡμῖν

2409 2437 2604 2490 ἑαυτὸν
2633 2437 2962 2506 παρίστησιν
2993 2436 3022 2486 6
3083 2437 3139 2488 Ἀ
3152 2435 3404 2501 πόστολος
3445 2436 3818 2506 ἀδαμαντίνην
3847 2436 3978 2506 ἔχων

2408 2529 2572 2580 οἱονεὶ
2599 2527 2698 2594 τὴν
2730 2527 2908 2594 ψυχὴν
2948 2527 3044 2578 καὶ
3086 2526 3532 2593 ἁκαταγώνιστον
3572 2529 3629 2579 ὲν
3667 2529 3781 2590 τοῖς
3841 2528 3976 2595 ὑπὲρ

2409 2617 2666 2685 ἀληθείας
2695 2616 2905 2683 ἀγῶσι’
2943 2615 3036 2667 καὶ
3073 2616 3427 2686 μηδοποτέρῳ
3464 2617 3550 2669 διὰ
3593 2618 3702 2671 τῶν
3735 2618 3973 2688 δεξιῶνῆ

2407 2707 2714 2778 ἀριστερῶν
2771 2707 3248 2776 μεταϐαλλόμενος
3305 2708 3474 2776 ἤγουν
3537 2709 3972 2777 μωραινόμενος·

2407 2802 2602 2854 σκόπει
2638 2817 2651 2830 ·
2681 2800 2984 2865 ὲδεδίωκτο,
3014 2804 3108 2853 καὶ
3137 2799 3244 2854 τῶν
3276 2801 3580 2854 διωκόντων
3640 2800 3733 2854 τοῦ
3807 2803 3970 2855 πόθου

2404 2895 2502 2945 οὐκ
2532 2892 2798 2960 ἀφίστατο
2822 2909 2836 2922 '
2864 2893 2958 2946 ἐπὶ
3006 2893 3246 2963 βασιλεῖς
3295 2893 3388 2945 καὶ
3447 2893 3720 2961 ἡγεμόνας
3772 2894 3972 2962 ἦγετο,

2403 2986 2497 3038 καὶ
2528 2989 2624 3055 τῆς
2657 2986 2924 3056 εύθάρσου
2949 2985 3240 3056 ὁμολογίας
3280 2987 3381 3038 οὐκ
3420 2984 3732 3037 ἐλλέλειπτο
3756 3004 3768 3015 ·
3837 2989 3973 3055 ἐμα-

2405 3076 2637 3141 στίζετο,
2676 3079 2904 3140 καὶτοῖς
2930 3078 3222 3140 κολασταῖς
3257 3075 3417 3154 ἰητὴρ
3448 3075 3791 3145 ὲγνωρίζετο.
3829 3077 3974 3130 ὠνει-

2401 3166 2596 3232 δίζετο,
2629 3168 3258 3239 προύπηλακίζετο,’κα“ι
3313 3169 3425 3230 τοῖς
3481 3166 3764 3237 ὑϐρισταῖς
3819 3168 3972 3232 δόξαν

2403 3259 2826 3329 ὲπραγμάτευεο
2872 3261 3206 3330 μιμούμενος
3237 3259 3327 3312 τὸν
3383 3257 3705 3311 διδάσκαλον
3770 3256 3830 3320 ὃς
3881 3260 3974 3310 καὶ

2403 3353 2488 3403 ἐπ’
2516 3351 2680 3404 αὐτοῦ
2709 3351 2802 3404 τοῦ
2846 3351 3050 3414 πάθους
3099 3355 3208 3415 τοῖς
3248 3352 3594 3422 σταυρωταῖς
3644 3349 3743 3419 τὴν
3781 3348 3974 3417 ἄφεσιν

2401 3444 2642 3512 ἐζητεῖτο
2668 3444 2815 3513 παρά
2839 3443 2931 3496 τοῦ
2958 3443 3168 3514 Πατρός
3195 3460 3208 3474 ο
3231 3445 3505 3513 ῥομφαίαν
3523 3445 3568 3498 δ’
3593 3446 3789 3497 ἐκεῖνοι
3819 3443 3972 3514 προῦ-

2400 3554 2574 3589 τεινον
2616 3575 2632 3600 ,
2709 3535 2873 3598 αὐτὸς
2945 3537 3044 3606 τὴν
3131 3536 3478 3589 διδασκαλίαν
3565 3535 3969 3607 προύϐάλλετο·

2400 3628 2510 3696 πῦρ
2564 3627 2818 3696 ἠπείλουν
2880 3629 3099 3689 ἐκεῖνοι,
3172 3628 3200 3679 6
3260 3626 3317 3678 δὲ
3375 3627 3467 3678 τὸν
3521 3628 3684 3681 πόθον
3775 3626 3964 3696 ηῦξει·

2400 3720 2553 3773 αὐτοὶ
2614 3719 3022 3790 τὰς,ἀπειλάς,
3085 3718 3181 3770 καὶ
3235 3712 3389 3781 οὗτος
3440 3719 3539 3789 τὴν
3618 3719 3965 3790 προσευχήν

2400 3813 2490 3864 τὸν
2518 3812 2751 3882 θλιμμὸν
2779 3813 2995 3877 ἐκεῖνοι,
3035 3813 3128 3865 καὶ
3157 3805 3313 3874 οὗτος
3337 3812 3397 3864 τὸ
3430 3811 3588 3883 διψᾷν
3640 3812 3740 3883 τὴν
3793 3830 3966 3881 σωτη-

2402 3903 2522 3970 ρίαν
2547 3920 2559 3932 ·
2596 3904 2703 3955 τῶν
2724 3903 2988 3970 ἀλγεινῶν
3041 3902 3394 3972 τερπόμενος,
3437 3904 3551 3964 τοῖς
3605 3901 3970 3972 ύποπιεσμοῖς

2399 3994 2774 4063 εύρυνόμενος.
2805 3995 2911 4046 Καὶ⁵
2946 3995 3051 4064 μὴν
3083 3996 3188 4048 κάκ
3219 3995 3326 4048 τῶν
3353 3994 3544 4060 δεξιῶν
3568 3995 3600 4065 ὴ
3628 3997 3800 4066 πεῖρα
3829 4011 3844 4024 °
3893 3996 3971 4047 εἴ·

2400 4101 2532 4136 πετο
2566 4086 2672 4155 γάρ
2701 4084 2968 4155 δήπουθεν
2997 4087 3108 4147 τοῖς
3141 4087 3393 4155 σημείοις
3423 4103 3482 4137 τε
3516 4089 3608 4139 καὶ
3624 4089 3849 4158 τέρασιν
3874 4091 3967 4157 οὐχ

2397 4179 2430 4248 ἡ
2461 4177 2695 4248 τυχοῦσα
2724 4179 2854 4248 τιμή
2886 4195 2944 4230 τε
2977 4178 3071 4232 καὶ
3097 4177 3400 4245 ἀφοσίωσις
3421 4196 3433 4209 ο
3467 4178 3583 4231 ἀλλ’
3610 4181 3710 4233 οὐκ
3759 4181 3968 4234 ἐκεῖθεν

2397 4271 2491 4322 καὶ
2516 4270 2796 4338 ἀπέψυκτο
2827 4271 2925 4339 τῆς
2949 4269 3191 4340 ἀγάπης,
3223 4267 3347 4322 οὔτε
3397 4267 3647 4322 ἐντεῦθεν
3677 4270 3968 4338 ἐχαυνοῦτο

2392 4365 2504 4424 τοῖς
2531 4362 2803 4425 ἐπαίνοιςο
2845 4365 2872 4416 6
2921 4363 3082 4425 αὐτὸς
3134 4362 3190 4415 δὲ
3219 4365 3277 4416 ὲν
3321 4362 3494 4416 ἅπασι
3527 4361 3663 4432 πρὸς
3709 4362 3806 4432 τὴν
3842 4366 3967 4418 ἐκά-

2395 4471 2521 4507 στου
2551 4456 2878 4525 ίδιοτροπίαν
2912 4457 3001 4510 ἀεὶ
3049 4455 3463 4526 ποικιλλόμενος
3501 4455 3595 4507 καὶ
3651 4457 3964 4524 παραρτυό-

727 4549 1009 4617 tus,juxta
1041 4563 1250 4602 manna:
1279 4557 1516 4618 gustum.
1556 4550 1598 4602 0
1631 4564 1743 4602 rem
1783 4551 2120 4607 mirabileml
2156 4551 2288 4607 Nam

2400 4567 2556 4618 μενος
2588 4549 2729 4604 κατά
2757 4551 2854 4621 τὴν
2878 4551 2971 4603 τοῦ
3011 4552 3188 4620 μάννα
3214 4551 3492 4618 διάγευσιν
3520 4551 3532 4603 l
3579 4550 3644 4602 Ὢ
3682 4549 3776 4604 τοῦ
3836 4551 3966 4604 θαύ-

726 4639 842 4693 haec
873 4654 1090 4708 quoque
1123 4639 1370 4694 addenda
1423 4649 1572 4694 sunt.
1623 4640 1823 4696 Missus
1866 4651 2127 4712 tanquam
2173 4646 2290 4699 ovis

725 4731 778 4784 in
820 4732 1024 4787 medios
1056 4732 1213 4802 lupos
1237 4748 1266 4786 a
1309 4741 1594 4801 pastorum
1633 4735 1880 4803 principe
1906 4735 2149 4802 Christo,
2188 4752 2291 4791 nec

725 4821 840 4890 ipse
899 4823 951 4876 in
1005 4823 1192 4892 lupum
1234 4831 1473 4878 mutatus
1526 4833 1629 4888 est,
1689 4825 1954 4895 luposque
2007 4828 2060 4882 in
2119 4847 2290 4900 agnos

723 4915 1012 4968 convertit.
1067 4914 1204 4968 Cum
1258 4916 1615 4978 morderetur,
1667 4919 1972 4971 animorum
2017 4923 2289 4978 morsibus

724 5004 1060 5066 medebatur,
1094 5004 1410 5058 vulneribus
1451 5005 1689 5074 acceptis
1735 5008 2048 5062 curationes
2095 5024 2290 5078 repen-

723 5095 895 5149 dens:
926 5094 1253 5158 illitteratus,
1298 5095 1462 5149 etiatn
1511 5097 1693 5151 saeculi
1741 5100 2015 5168 sapientes
2050 5101 2117 5155 ad
2161 5104 2291 5156 reli-

726 5187 906 5256 gionis
936 5187 1188 5256 dogmata
1217 5189 1570 5243 convertebat
1601 5207 1613 5242 :
1645 5189 1892 5252 inermis,
1929 5191 2115 5246 hostes
2152 5209 2289 5262 quo-

725 5292 832 5347 que
884 5276 977 5331 Dei
1039 5279 1244 5333 militiae
1301 5281 1613 5335 ascribebat
1671 5283 1934 5337 adversus
1985 5285 2285 5340 diabolum.

724 5369 766 5422 Ο
792 5382 1052 5439 quantam
1098 5372 1208 5425 haec
1240 5372 1510 5426 habebant
1541 5373 1945 5429 dimcultatem!
1983 5377 2282 5432 addiderim

722 5462 886 5515 etiam
935 5474 1193 5531 quantam
1243 5466 1506 5534 gratiam!
1563 5464 1693 5520 Tale
1740 5482 1871 5522 sane
1915 5477 1998 5522 est
2042 5468 2288 5523 divintun

725 5555 825 5607 sal.
888 5553 1164 5624 Serpentis
1223 5562 1465 5622 astutia,
1537 5574 1600 5613 ac
1647 5561 1913 5614 columba:
1972 5561 2293 5632 simplicitas

723 5655 926 5717 quanta
959 5647 1142 5711 fuerit,
1175 5649 1286 5718 jam
1329 5667 1393 5705 ex
1423 5653 1666 5721 proxime
1702 5653 1862 5707 dictis
1886 5654 2061 5723 palam
2090 5653 2292 5709 factum

795 5824 836 5857 δ’
861 5825 1023 5882 Marc.
1062 5845 1134 5890 xu,
1169 5829 1253 5882 25.
1333 5829 1350 5860 ⁵
1377 5829 1390 5878 Ι
1418 5830 1543 5883 Cur.
1583 5848 1633 5896 χ,
1667 5831 1719 5885 4.
1811 5833 1829 5862 ⁵
1859 5831 2044 5886 Matth.
2078 5850 2128 5898 v,
2166 5836 2246 5888 15.

2397 4661 2562 4712 ματος
2595 4645 2606 4696 !
2643 4643 2967 4714 προσθετέον
2998 4644 3106 4714 γὰρ
3138 4645 3234 4696 καὶ
3266 4644 3438 4697 ταῦτα
3458 4660 3470 4673 ·
3495 4643 3569 4703 ὡς
3595 4643 3870 4716 πρόϐατον
3911 4646 3966 4696 ὲν

2397 4737 2549 4805 μέσῳ
2575 4737 2754 4790 λύκων
2784 4737 2888 4790 ὑπὸ
2910 4737 3003 4790 τοῦ
3033 4739 3424 4808 ἀρχιποίμενος
3449 4736 3687 4810 Χριστοῦ
3728 4739 3966 4790 ἀποστα-

2391 4829 2523 4894 λεὶς,
2553 4829 2675 4882 οῦτε
2706 4831 2868 4894 αὐτὸς
2898 4831 3219 4894 ὲλελύκωτο,
3253 4832 3348 4884 καὶ
3398 4831 3524 4893 τοὺς
3545 4830 3744 4893 λύκους
3769 4830 3850 4892 είς
3875 4831 3966 4900 ἀρ·

2392 4939 2487 4984 νας
2521 4923 2884 4990 μετέπλαττεν
2919 4938 2933 4952 ο
2986 4923 3338 4991 δακνόμενος,
3378 4923 3496 4976 ίᾶτο
3528 4922 3596 4975 τὰ
3638 4922 3747 4976 τῶν
3775 4922 3964 4993 ψυχῶν

2392 5014 2646 5084 δήγματα
2677 5017 2953 5086 τραύμασι
2987 5016 3288 5084 θεραπείας
3335 5014 3614 5086 ἀμείϐων·
3652 5015 3957 5084 ἀγράμμα-

2390 5122 2481 5168 τος
2514 5107 2766 5169 καὶτοὺς
2811 5107 2903 5159 τοῦ
2944 5107 3151 5177 κόσμου
3224 5107 3422 5174 σοφοὺς
3491 5105 3963 5176 μετεστοιχειοῦτο

2389 5198 2468 5258 είς
2505 5195 2572 5248 τὰ
2599 5197 2698 5266 τῆς
2729 5197 3010 5259 εὐσεϐείας
3072 5198 3319 5266 δόγματα
3345 5212 3357 5224 ·
3419 5196 3639 5260 ἄοπλος,
3687 5197 3782 5248 καὶ
3839 5199 3963 5258 τοὺς

2391 5287 2680 5358 πολεμίους
2707 5288 2826 5358 Θεῷ
2858 5289 3407 5358 ἀντεστρατολογεῖτο
3439 5289 3580 5341 κατά
3623 5287 3718 5341 τοῦ
3776 5287 3959 5341 διαϐάς

2387 5378 2494 5435 λου.
2543 5381 2605 5431 Ὢ
2651 5382 2822 5451 πόσης
2873 5381 3042 5433 ταῦτα
3084 5379 3432 5450 δυσχερείαςί
3494 5379 3787 5450 προσθείην
3818 5379 3864 5432 δ’
3898 5379 3962 5432 ἂν

2395 5475 2484 5526 καὶ
2508 5475 2726 5544 χάριτος
2766 5491 2779 5503 ·
2815 5473 3054 5527 τοιοῦτον
3088 5474 3152 5543 δὴ
3185 5475 3247 5526 τὸ
3281 5475 3422 5526 θεῖον
3449 5473 3579 5536 ἃλας
3607 5490 3622 5504 ο
3652 5474 3708 5526 τό
3738 5490 3796 5524 τε
3821 5489 3957 5524 παν-

2394 5563 2588 5634 οῦργον
2629 5565 2720 5618 τοῦ
2763 5565 2959 5633 ὄφεως,
2997 5567 3093 5618 καὶ
3126 5565 3186 5618 τὸ
3221 5565 3317 5634 τῆς
3346 5566 3675 5637 περιστερᾶς
3703 5565 3960 5633 ἀκέραιον

2398 5657 2518 5708 ὅσον
2560 5657 2622 5709 ὲκ
2657 5656 2761 5709 τῶν
2794 5656 3072 5728 προσεχῶς
3105 5655 3435 5728 είρημένων,
3492 5659 3520 5710 6
3547 5656 3705 5725 λόγος
3735 5652 3959 5722 ὑπείλη-

2326 5837 2344 5864 ⁶
2369 5831 2530 5890 Marc.
2565 5852 2638 5899 lx,
2672 5836 2755 5888 ιι).
2837 5837 2855 5865 ⁷
2883 5833 3038 5889 Rom.
3077 5852 3194 5901 xm,
3239 5835 3326 5890 l0.
