4170 6542
212 456 314 523 781

996 454 1278 517 ORATIO
1310 455 1385 513 IX
1437 478 1503 489 -·
1537 452 1917 514 LAUDATIO
1946 452 2005 512 S.
2036 450 2356 513 JOANNIS
2403 451 2673 512 EVANG.

3353 450 3461 515 782

215 588 315 641 φεν
346 583 362 599 ⁸
392 567 489 623 καὶ
525 567 595 621 τὰ
627 566 796 620 πλείω
818 568 1040 637 πάρεισι
1067 569 1179 630 τοῖς
1231 564 1420 631 είδόσι,
1457 566 1628 636 φειδοῖ
1690 566 1784 618 τοῦ
1822 590 1832 626 Α

1916 576 2009 629 st;
2072 567 2332 635 pluraque
2398 566 2537 634 apud
2603 579 2805 635 gnaros
2857 564 3041 619 dicere
3115 565 3456 631 omittimus,

218 661 727 735 μακρηγορήματος
752 674 766 689 ·
794 659 908 713 ἀλλ’
941 660 1034 712 ἐπὶ
1070 659 1161 712 τὸν
1184 659 1470 729 κολοφῶνα
1500 658 1595 712 τοῦ
1628 659 1786 726 λόγου

218 757 384 811 ἰτέον.

271 854 345 916 η’.
364 847 470 901 Καὶ
484 845 1000 914 ἐπέθηκεναὺτοῖς
1018 845 1205 916 ὄνομα
1220 845 1608 915 Βοανέργες.ὅ
1624 844 1794 898 ἐστιν

220 940 341 993 vlol
372 936 643 1007 βροντῆς
667 954 683 970 ο
712 936 812 1005 τὴν
852 936 1081 1009 βροντήν
1115 937 1248 1006 φασί
1270 954 1415 1000 τινες
1443 936 1686 1006 γέννημα
1715 931 1794 988 εἷ-

221 1045 313 1083 ναι
351 1028 633 1099 ἀνεμιαίου
692 1028 1023 1099 πνεύματος,
1074 1028 1103 1081 ὃ
1163 1028 1466 1097 συλληφθὲν
1496 1028 1554 1081 ὲν
1605 1027 1792 1097 νέφεσι

222 1122 320 1174 καὶ
343 1122 444 1175 οὐκ
472 1120 611 1190 ἔχων
638 1121 773 1173 ὅπου
802 1119 995 1191 ῥαγείη
1024 1119 1276 1186 διέξοδον,
1303 1122 1369 1190 τῇ
1391 1119 1491 1189 μὲν
1505 1118 1682 1189 θλίψει
1698 1119 1797 1189 τὴν

222 1213 535 1284 ἀστραπὴν,
552 1214 621 1283 τῇ
637 1212 693 1266 δὲ
706 1212 858 1282 ῥήξει
874 1212 974 1283 τὴν
994 1211 1219 1283 βροντὴν
1231 1212 1631 1283 ἀπεργάζεται·
1652 1214 1717 1265 ὲκ
1741 1212 1797 1265 δὲ

223 1302 455 1375 βροντῆς
480 1300 707 1373 βροντὴν
750 1302 1074 1355 κυΐσκεσθαι
1104 1300 1273 1355 είπὼν
1286 1320 1390 1369 τις,
1421 1301 1523 1356 οὐκ
1540 1302 1646 1367 ἔξω
1666 1302 1797 1374 βάλ-

220 1397 303 1449 λει
321 1397 411 1449 τὸν
433 1396 593 1464 λόγον
620 1393 714 1448 τοῦ
729 1394 939 1457 δέοντος
966 1410 981 1425 ·
1011 1395 1169 1466 εἴπερ
1193 1391 1304 1448 οἷον
1327 1395 1389 1448 τὺ
1419 1394 1640 1464 γεννῶν,
1690 1412 1801 1449 τοι·

230 1487 390 1541 οὖτον
416 1487 481 1554 δὴ
503 1486 597 1539 καὶ
625 1486 689 1539 τὸ
703 1485 970 1557 γέννημα·
989 1486 1041 1539 τί
1056 1482 1147 1540 οὖν
1170 1486 1416 1540 ἐντεῦθεν
1440 1488 1555 1553 ;ὄτι
1584 1486 1725 1541 κατὰ
1741 1486 1801 1540 τὸ

224 1579 367 1633 lived
376 1595 543 1647 ματος
565 1577 723 1645 ἁγίου
741 1571 878 1629 εἶναι
898 1578 1082 1647 ἀπήχη
1090 1595 1188 1648 μα,
1209 1577 1323 1641 υἱὸς
1341 1577 1567 1649 βροντῆς
1582 1578 1802 1648 ὠνόμαο

226 1686 351 1724 σται
384 1670 413 1721 ὁ
434 1668 773 1732 ’Δπόστολος,
804 1668 1129 1739 ἀστράπτων
1152 1668 1289 1739 ὁμοῦ
1312 1669 1406 1723 καὶ
1418 1667 1655 1739 βροντῶν
1671 1670 1802 1739 ἡμῖν

222 1760 292 1814 τὰ
314 1760 456 1824 θεῖα,
477 1758 550 1822 ὡς
570 1760 633 1812 ἐκ
652 1758 891 1828 νεφελῶν
910 1759 1072 1813 οἱονεὶ
1097 1760 1352 1829 ἐκραγεὶς
1369 1762 1469 1830 τῆς
1492 1758 1639 1823 θείας
1653 1760 1806 1832 χάρι-

222 1868 343 1913 τος.
361 1850 605 1919 Είδωμεν
621 1849 697 1915 δὲ,
712 1849 939 1914 albani,
968 1852 1027 1903 tv
1043 1850 1323 1920 κεφαλαίῳ
1341 1845 1429 1904 οἶα
1449 1852 1542 1904 καὶ
1559 1853 1627 1904 τὰ
1648 1851 1803 1922 βρον-

1896 659 2130 714 vitandw
2187 675 2347 714 eausa
2405 658 2760 727 prolixitatis.
2819 657 3018 713 Verum
3066 659 3133 715 ad
3191 663 3464 718 sermonis

1895 749 2258 818 colophonem
2293 749 2620 808 veniendum
2652 758 2754 803 est.

1966 840 2021 894 8.
2062 839 2130 893 Et
2170 842 2421 909 imposuit
2464 840 2569 894 illis
2615 842 2827 895 nomina
2862 841 3178 912 Boanerges,
3219 844 3355 914 quod
3390 853 3465 897 est

1896 934 1998 1003 ﬁlii
2037 932 2330 986 tonitrui“.
2368 931 2507 986 Sunt
2535 932 2627 1001 qui
2670 931 2855 987 dicant
2900 932 3015 987 fieri
3059 935 3360 989 tonitruum
3397 949 3463 993 ex

1896 1041 2054 1081 aereo
2103 1024 2319 1095 spiritu,
2367 1026 2460 1094 qui
2495 1023 2754 1079 nimirum
2804 1024 3050 1080 inclusus
3101 1025 3155 1079 in
3210 1026 3465 1091 nubibus,

1898 1134 1999 1173 nec
2030 1119 2313 1173 inveniens
2353 1132 2459 1188 qua
2491 1125 2645 1187 parte
2682 1128 2860 1183 exeat,
2905 1118 3185 1174 collisione
3222 1118 3465 1188 quidem,

1899 1209 2081 1281 fulgur
2110 1253 2123 1277 ,
2162 1210 2416 1279 ruptione
2468 1219 2672 1274 autem,
2714 1210 3008 1263 tonitruum
3055 1210 3270 1265 ellieiat.
3313 1209 3467 1276 Quod

1900 1305 1945 1361 si
1984 1306 2107 1373 quis
2140 1304 2439 1359 tonitruum
2491 1303 2734 1357 tonitruo
2780 1302 3028 1373 progigni
3065 1303 3230 1367 dicat,
3270 1302 3406 1357 nihil
3438 1319 3468 1356 a

1900 1394 2284 1465 probabilitate
2325 1392 2563 1447 alienum
2610 1394 2810 1448 dixerit
2841 1411 2854 1446 :
2886 1392 3153 1462 siquidem
3187 1393 3347 1464 quale
3388 1403 3472 1449 est

1902 1484 2149 1554 gignens,
2197 1484 2303 1538 tale
2352 1492 2407 1537 et
2437 1483 2583 1553 quod
2633 1482 2890 1553 gignitur.
2945 1484 3085 1550 Quid
3137 1499 3266 1554 ergo
3306 1484 3473 1540 inde?

1903 1576 2215 1638 Nimirum,
2293 1585 2553 1647 tanquam
2635 1576 2874 1645 Spiritus
2931 1578 3104 1632 sancti
3162 1576 3470 1632 resonantia

1904 1668 2206 1739 appellatus
2234 1679 2319 1724 est
2348 1668 2628 1738 apostolus
2660 1669 2882 1723 tonitrui
2917 1669 3080 1733 tilius,
3108 1669 3290 1723 divino
3315 1668 3473 1724 nobis

1905 1760 2195 1831 splendore
2234 1760 2287 1814 in
2325 1761 2545 1814 modum
2577 1758 2793 1829 fulgetri
2825 1760 3070 1822 elucens,
3103 1770 3267 1829 atque
3296 1759 3474 1814 instar

1905 1854 2133 1908 tonitrui
2181 1852 2455 1922 mugiens,
2500 1853 2759 1923 velutque
2804 1868 2867 1907 ex
2923 1852 3163 1908 nubibus
3208 1868 3240 1909 e
3285 1852 3471 1908 divina

224 1938 559 2008 τήματα,νώς
575 1937 639 1990 ἂν
660 1936 858 2008 μᾶλλον
880 1937 1257 2009 θαυμάσοιμεν
1271 1938 1364 1992 τοῦ
1385 1920 1804 2009 ὁνοματοθέντος

1916 1944 2066 2014 quasi
2117 1920 2382 1998 charitate
2429 1920 2744 2012 erumpens.
2801 1942 3095 1997 Videamus
3151 1952 3373 2006 autem.
3427 1946 3474 1999 si

225 2028 327 2101 τὴν
337 2026 863 2099 δύναμιν.“Ενὰρχῆ
875 2024 1199 2099 ἦνόΛόγος
1210 2029 1307 2083 καί
1322 2025 1647 2101 όΛόγοςῆν
1658 2029 1808 2099 πρὸς

226 2124 338 2176 τὸν
352 2120 625 2185 Θεὸν,καί
643 2123 785 2187 Θεος
798 2117 875 2190 ἦν
890 2124 923 2175 ό
936 2123 1143 2192 Λόγος.
1155 2122 1219 2174 Ὢ
1238 2122 1339 2193 τῆς
1358 2122 1807 2194 μεγαλοφωνοτά-

225 2231 330 2285 της
355 2213 680 2285 θεηγορίαςί
712 2213 810 2283 οὐχ
835 2211 976 2266 οὕτω
999 2212 1228 2285 βροντῆς
1252 2214 1482 2285 πατάγῳ
1506 2214 1808 2285 τεθήπασιν

225 2305 533 2377 ἄνθρωποι,
566 2305 641 2370 ὡς
678 2304 776 2377 τὴν
811 2306 1057 2360 Ἰωάννου
1091 2305 1367 2376 θεολογίαν
1398 2308 1495 2361 σὺν
1518 2309 1634 2371 τοῖς
1683 2309 1806 2361 ἑπι-

226 2398 405 2468 γείοις
439 2399 825 2470 ἐξεπλάγησαν
854 2400 949 2453 καὶ
972 2399 1042 2453 τὰ
1068 2400 1314 2471 οὐράνια,
1342 2400 1502 2471 εἴπερ
1540 2400 1808 2454 κάκείνων

227 2490 388 2561 παρὰ
402 2491 646 2545 Ἰωάννου
666 2494 699 2562 ἡ
726 2490 1016 2561 μαθητεία.
1035 2492 1158 2546 Ἵνα
1174 2490 1301 2563 γὰρ,
1327 2492 1483 2562 φησὶ,
1506 2488 1807 2561 γνωρισθῇ

225 2584 352 2638 νῦν
378 2582 511 2650 ταῖς
528 2582 744 2653 ἀρχαῖς
768 2583 867 2638 καὶ
894 2583 1025 2650 ταῖς
1048 2583 1361 2650 ἐξουσίαις
1380 2583 1452 2637 ἐν
1477 2583 1603 2649 τοῖς
1627 2584 1808 2637 ἐπου-

220 2674 462 2744 ρανίοις
481 2674 578 2728 διὰ
596 2671 704 2742 τῆς
717 2673 1089 2743 Ἐκκλησίας
1114 2675 1152 2741 ἡ
1171 2676 1606 2741 πολυποίκιλος
1623 2673 1810 2743 σοφία

228 2766 344 2821 τοῦ
364 2765 531 2820 Θεοῦο
560 2764 636 2828 ὡς
661 2765 758 2836 μὲν
778 2765 872 2820 οὖν
893 2766 961 2819 τά
991 2768 1048 2820 ὲν
1071 2765 1318 2837 αἰσθήσει
1339 2766 1687 2837 συγγράφων,
1715 2767 1811 2836 ἀρ-

230 2861 340 2929 χὴν
371 2858 633 2912 ἁπάντων
670 2857 780 2912 τῶν
808 2859 1134 2928 ποιημάτων
1158 2858 1249 2912 τὸν
1290 2859 1520 2929 οὐρανὸν
1568 2857 1808 2931 προῦθη-

229 2971 335 3007 κεν
356 2951 545 3005 εἰπών’
564 2950 668 3003 Ἐν
687 2949 845 3020 ἀρχῇ
867 2951 1155 3018 ἐποίησεν
1174 2953 1208 3006 ὁ
1238 2952 1384 3018 Θεὸς
1413 2952 1521 3005 τὸν
1552 2953 1811 3021 οὐρανὸν

230 3044 338 3098 καί
362 3050 479 3110 τὴν
506 3042 655 3112 γῆν·
686 3042 805 3096 οὐδὲ
852 3044 959 3113 γὰρ
993 3037 1105 3097 οἷόν
1131 3060 1191 3096 τε
1238 3039 1307 3114 ἣν
1344 3043 1616 3114 ὀφθαλμὸν
1663 3045 1812 3115 ’πρῶ-

231 3152 333 3188 τον
362 3134 488 3186 ὄντα
529 3133 638 3186 τῶν
678 3136 735 3187 ἐν
763 3135 893 3204 ἡμῖν
923 3134 1254 3205 αἰσθήσεων,
1288 3134 1660 3205 ὑπερταθῆναί
1706 3152 1810 3188 που

1910 2036 2058 2102 libet,
2116 2033 2271 2104 quasi
2320 2033 2633 2088 summatim
2688 2044 2903 2103 quantae
2956 2034 3038 2088 ba:
3088 2034 3198 2088 sint
3248 2034 3473 2089 tonitrui

1907 2141 2092 2191 voces,
2130 2133 2192 2180 ut
2223 2140 2289 2180 eo
2342 2125 2536 2196 majori
2591 2124 2949 2181 admiratione
2999 2125 3147 2181 illius
3177 2126 3473 2194 potentiam

1908 2218 2263 2284 admiremur,
2313 2218 2404 2288 qui
2450 2217 2644 2273 indidit
2688 2233 2909 2273 nomen.
2954 2218 3023 2274 In
3063 2219 3323 2288 principio
3360 2230 3474 2274 erat

1920 2308 2165 2370 Verbum,
2212 2319 2261 2363 et
2298 2308 2520 2362 Verbum
2545 2318 2660 2363 erat
2703 2315 2843 2378 apud
2875 2309 3061 2372 Deum,
3102 2319 3151 2364 et
3182 2308 3324 2364 Deus
3362 2321 3477 2364 erat

1922 2400 2204 2456 Verbum“.
2236 2400 2279 2456 Ο
2305 2399 2501 2454 divinae
2532 2400 2939 2469 praedicationis
2971 2401 3340 2457 clarissimam
3382 2418 3478 2457 vo-

1910 2492 2063 2547 cem!
2110 2488 2230 2545 Non
2274 2490 2355 2546 sic
2390 2490 2640 2546 homines
2686 2490 2915 2546 tonitrui
2961 2490 3179 2563 fragore
3216 2493 3478 2563 obstupe-

1910 2592 2090 2650 scunt,
2129 2583 2208 2638 uti
2245 2581 2475 2638 Joannis
2508 2582 2865 2654 theologiam,
2911 2600 3037 2640 eum
3070 2595 3227 2640 terrae
3264 2586 3479 2641 colonis

1910 2675 2073 2728 etiam
2118 2674 2372 2729 ccelestes
2421 2673 2655 2729 virtutes
2703 2673 3385 2746 obstupuerunt:quando
3426 2688 3481 2731 et

1913 2765 2016 2819 illa:
2037 2762 2265 2820 Joannis
2294 2764 2575 2835 discipulae
2600 2764 3005 2835 quodammodo
3037 2774 3183 2821 sunt.
3219 2764 3285 2820 Ut
3306 2767 3478 2830 enim,

1914 2856 2114 2926 inquit,
2152 2856 2448 2910 innotescat
2496 2855 2881 2926 principatibus
2930 2857 2979 2911 et
3030 2857 3373 2927 potestatibus
3425 2858 3481 2911 iu

1913 2947 2207 3003 caelestibus
2230 2963 2321 3016 per
2337 2947 2614 3002 ecclesiam
2638 2947 2984 3016 multiformis
3005 2948 3269 3017 sapientia
3300 2948 3399 3004 Dei
3414 2949 3481 3003 ¹⁶.

1914 3040 1982 3095 Et
2011 3039 2226 3111 Moyses
2246 3040 2492 3110 quidem,
2520 3055 2647 3095 cum
2681 3055 2864 3095 rerum
2895 3040 3082 3096 sensui
3109 3040 3481 3109 sublecturum

1913 3132 2201 3188 historiam
2237 3133 2629 3199 conscriberet,
2660 3143 3036 3188 creaturarum
3066 3134 3311 3189 omnium
3334 3133 3486 3205 prin-

236 3226 553 3295 περαιτέρω
567 3224 663 3278 τοῦ
684 3225 932 3296 οὐρανίου
957 3224 1123 3294 ὕψους
1147 3241 1162 3257 ⁸
1182 3225 1260 3279 διὸ
1277 3227 1704 3298 καταλλήλωςτῇ
1726 3228 1812 3280 αἰ-

1917 3229 2143 3298 eipium,
2182 3228 2379 3283 caelum
2407 3230 2611 3298 posuit,
2642 3229 2829 3285 dicens
2859 3247 2873 3283 :
2904 3229 2970 3283 In
2999 3230 3259 3299 principio
3290 3232 3486 3285 creavit

239 3317 434 3384 σοήσει
452 3317 620 3370 καὶτὸ
638 3317 850 3387 ποίημά
870 3317 1254 3387 προτέτακται,
1275 3318 1381 3370 τῶν
1394 3318 1569 3372 ἄλλων
1585 3320 1701 3381 ταῖς
1722 3318 1812 3372 ἄλ-

238 3411 365 3473 λαις
395 3408 836 3479 δευτερευόντωνο
856 3410 883 3461 ὁ
907 3397 1072 3462 δὲίᾶτε
1091 3408 1231 3481 ὑπὲρ
1246 3409 1497 3479 αἴσθησιν
1517 3409 1613 3479 τὴν
1627 3410 1815 3479 ἐξηγο-

242 3501 376 3572 ρίαν
404 3498 741 3569 ποιούμενος,
769 3499 869 3552 οὐκ
904 3498 1134 3570 οὐρανὸν
1162 3500 1256 3552 καὶ
1286 3499 1412 3569 γῆν,
1442 3499 1576 3553 ἀλλὰ
1612 3498 1706 3551 τοῦ
1735 3499 1819 3551 οὑ-

245 3589 415 3664 ρανοῦ
448 3592 541 3645 καὶ
598 3588 730 3659 ὁμοῦ
766 3590 1004 3644 πάντων
1062 3589 1169 3643 τῶν
1231 3591 1642 3661 ὑπερουρανίων
1685 3590 1819 3646 νοῶν

244 3684 499 3756 ποιητὴν,
540 3684 711 3757 ἀρχὴν
740 3684 984 3755 εἴληφεν,
1044 3682 1233 3737 εἰπών’
1304 3683 1410 3738 Ἐν
1442 3683 1602 3754 ἀρχῇ
1656 3680 1735 3754 ἦν
1785 3686 1819 3738 ὁ

246 3778 465 3845 Λόγος,
497 3776 594 3829 καί
628 3779 662 3829 ὀ
686 3776 879 3846 Λόγος
897 3770 972 3843 ἦν
1002 3776 1153 3844 πρὸς
1179 3774 1287 3828 τὸν
1333 3776 1503 3840 Θεὸν,
1546 3776 1646 3829 καὶ
1677 3776 1821 3843 Θεὸς

244 3863 331 3937 ἦν
359 3869 392 3920 ὀ
427 3868 634 3937 Λόγος.

1917 3321 2056 3375 Deus
2091 3320 2301 3383 malum,
2335 3331 2387 3375 et
2413 3331 2607 3375 terram
2636 3321 2700 3375 ".
2732 3319 2848 3376 Non
2878 3321 3021 3376 enim
3050 3321 3165 3375 fieri
3190 3330 3403 3391 poterat
3429 3329 3493 3375 ut

1917 3414 2135 3477 oculus,
2194 3415 2286 3484 qui
2347 3416 2489 3468 inter
2541 3429 2738 3469 sensus
2787 3413 3081 3482 primatum
3128 3421 3298 3479 tenet,
3360 3415 3486 3467 coeli

1920 3504 2266 3559 allitudinem
2294 3515 2603 3574 superaret.
2634 3503 2906 3569 Quocirca
2938 3518 3035 3573 pro
3060 3518 3255 3559 sensus
3282 3504 3491 3559 ratione

1920 3598 2085 3650 etiam
2118 3602 2368 3649 creatura
2401 3596 2553 3664 prior
2580 3602 2684 3658 est,
2710 3609 2834 3649 cum
2860 3594 2981 3649 aliae
3009 3596 3132 3651 aliis
3156 3597 3492 3667 posteriores

1925 3689 2054 3743 sint.
2101 3687 2170 3741 At
2200 3685 2461 3748 Joannes,
2504 3697 2762 3754 tanquam
2806 3699 2870 3739 ea
2911 3699 3175 3741 enarrans
3203 3700 3325 3756 qum
3366 3699 3495 3739 sen-

1929 3796 2048 3836 sum
2087 3787 2387 3849 superant;
2418 3794 2524 3832 non
2565 3778 2763 3833 ctelum
2806 3786 2859 3831 et
2887 3786 3115 3843 terram,
3151 3778 3244 3833 sed
3281 3778 3405 3833 εαξιί
3434 3794 3498 3832 ac

1934 3882 2089 3925 terra:
2126 3871 2483 3939 omniumque
2515 3869 2818 3923 caelestium
2861 3868 3125 3923 mentium
3165 3878 3495 3931 creatorem,

247 3961 586 4031 principium
639 3962 961 4033 assumpsit;
1014 3959 1205 4017 dicens
1240 3981 1253 4016 :
1286 3961 1351 4016 In
1396 3963 1659 4033 principio
1711 3976 1823 4019 erat
1874 3964 2121 4030 Verbum,
2158 3973 2207 4018 et
2245 3964 2469 4018 Verbum
2512 3972 2627 4017 erat
2690 3962 2833 4032 apud
2902 3960 3089 4029 Deum,
3114 3971 3162 4017 et
3205 3962 3345 4017 Deus
3382 3974 3499 4018 erat

262 4051 488 4107 Verbum
512 4055 575 4111 ".

324 4191 392 4243 θ’.
420 4186 575 4253 Εἶδες
596 4191 678 4254 είς
705 4194 855 4242 ποῖον
888 4192 1018 4261 ὕψος
1051 4193 1277 4263 ἄπειρον
1309 4188 1411 4266 ἦρε
1443 4193 1503 4246 τὸ
1530 4194 1685 4264 ὄμμα
1732 4193 1823 4247 τοῦ

250 4283 385 4348 νοῦς
464 4282 652 4353 ῶσπερ
690 4299 743 4333 τι
796 4284 983 4353 νοητὸν
1036 4286 1321 4355 στερέωμα
1374 4286 1826 4357 καταπηξάμενος

257 4372 417 4442 ἡμῶν
465 4372 524 4424 ὲν
555 4371 762 4444 διανοίᾳ
790 4373 849 4425 τὸ
880 4376 1121 4444 τριταῖον
1154 4373 1267 4428 Ἦν
1289 4391 1303 4404 ·
1353 4375 1439 4428 ἵνα
1470 4375 1632 4445 μέχρι
1676 4376 1828 4428 τοῦδε

1999 4195 2053 4250 9.
2094 4191 2287 4246 Vidisti
2321 4189 2373 4243 in
2407 4196 2666 4259 quantam
2692 4186 3036 4241 altitudinem
3077 4185 3273 4241 extulit
3298 4186 3502 4240 mentis

1929 4283 2188 4341 oculum?
2247 4279 2613 4335 intellectuale
2657 4278 2821 4333 veluti
2875 4279 3282 4334 ﬁrmamentum
3333 4280 3502 4335 menti

1930 4387 2132 4433 nostrae
2165 4375 2397 4443 infigens
2446 4373 2645 4427 trinum
2683 4371 2817 4427 illud
2871 4370 3043 4436 Erat;
3098 4381 3155 4426 ut
3191 4386 3258 4426 eo
3304 4386 3499 4457 usque,

252 4462 445 4533 ὥσπερ
487 4481 540 4517 τι
566 4462 772 4533 ἐξαλμα
803 4464 977 4533 φωτὸς
1009 4463 1213 4536 προῖὼν
1249 4465 1278 4518 ὁ
1315 4466 1460 4531 νοῦς,
1491 4466 1707 4537 πρῶτος
1755 4465 1831 4519 ὢν

1936 4466 2184 4526 salientis
2215 4465 2389 4520 instar
2409 4464 2569 4529 lucis,
2601 4478 2755 4518 mens
2786 4476 3075 4533 progressa
3100 4464 3357 4533 (namque
3387 4463 3503 4519 hac

254 4556 351 4607 καὶ
383 4547 537 4615 οὗτος
559 4553 667 4606 τῶν
697 4553 797 4622 τῆς
839 4552 1019 4624 ψυχῆς
1058 4553 1358 4623 δυνάμεων,
1394 4553 1472 4625 μὴ
1520 4553 1632 4625 ἔχοι
1670 4552 1831 4623 φύσιν

1936 4569 2019 4615 est
2051 4556 2373 4614 facultatum
2425 4553 2622 4609 anima:
2662 4552 2859 4623 prima)
2902 4552 3038 4607 nolit
3074 4551 3331 4622 deinceps
3372 4553 3505 4609 ulte-

255 4646 489 4716 ἀρθῆναι
515 4661 615 4698 που
655 4646 933 4712 ἐπέκεινα,
960 4647 1068 4700 κᾶν
1100 4646 1460 4718 κενεμϐατεῖν
1514 4647 1716 4713 δόξοιεν
1764 4649 1826 4700 ὲκ

1933 4652 2047 4706 rius
2091 4647 2344 4713 subvehi,
2398 4662 2467 4700 ne
2499 4660 2593 4715 per
2626 4660 2809 4699 aerem
2841 4644 3162 4700 curiositate
3205 4643 3384 4698 inutili
3418 4645 3503 4699 vi-

256 4735 795 4807 πολυπραγμοσύνης
844 4737 1159 4791 ἁνενδέκτου
1184 4755 1199 4769 ο
1220 4738 1334 4792 ἀλλ’
1371 4734 1483 4791 οἷον
1505 4742 1826 4793 ἐπαναπαυ-

1930 4745 2121 4797 deatur
2176 4738 2485 4793 discurrere
2539 4754 2551 4790 :
2602 4736 2695 4791 sed
2747 4736 2905 4807 quasi
2963 4749 3186 4789 cursum
3250 4734 3505 4789 inhibens

260 4830 494 4900 σὰμενος
514 4828 619 4899 τῆς
652 4828 889 4897 ἐφέσεως
924 4828 1258 4900 παλινδρομῇ
1289 4831 1426 4900 πρὸς
1468 4834 1535 4883 τά
1597 4831 1828 4883 κατόπιν

1932 4832 2238 4887 retrocedat
2294 4831 2360 4884 ad
2412 4844 2501 4884 res
2550 4839 2798 4894 creatas,
2848 4828 3048 4898 quibus
3105 4826 3507 4881 necessitudine

257 4922 355 4975 καὶ
384 4920 490 4974 ὑπὸ
527 4920 722 4984 κτίσιν,
754 4913 835 4983 οἷς
872 4920 965 4972 καὶ
1000 4920 1277 4989 συγγενῶς
1313 4920 1447 4991 ἔχοι,
1478 4920 1620 4992 ὁρῶν
1656 4920 1727 4973 τὰ
1744 4921 1831 4991 δη-

1935 4924 2099 4979 homo
2144 4922 2428 4977 devinctus
2469 4929 2572 4986 est,
2616 4920 2835 4974 intuens
2879 4920 2932 4972 in
2964 4934 3077 4981 eas,
3130 4918 3507 4987 optimumque

262 5013 652 5083 μιουργήματα
680 5012 774 5066 καὶ
800 5012 1040 5077 δοξάζων
1085 5016 1176 5067 τὸν
1204 5014 1610 5085 ἀριστοτέχνην,
1647 5014 1741 5066 ἕνα
1772 5031 1829 5065 τε

1936 5014 2199 5069 artiﬁcem
2230 5012 2485 5067 laudibus
2508 5010 2810 5076 celebrans,
2845 5024 3011 5064 unum
3045 5007 3213 5062 Deum
3240 5016 3504 5062 aeternum

260 5107 389 5159 ὄντα
428 5104 663 5175 ἄναρχον
691 5104 822 5158 Θεὸν
865 5106 922 5159 ἐν
949 5106 1129 5177 τρισὶν
1157 5106 1535 5171 ὑποστάσεσιν,
1575 5106 1665 5158 τὸν
1696 5108 1830 5159 πᾶσι

259 5201 373 5260 τοῖς
419 5192 570 5249 οὖσιν
626 5196 1049 5250 ἐπιστατοῦντασ
1103 5198 1221 5251 τίνα
1284 5198 1490 5263 ταῦτα;
1551 5198 1826 5267 Σεφαφὶμ,

262 5285 566 5356 Χερουϐὶμ,
605 5284 856 5357 Θρόνους,
891 5288 1179 5356 Δυνάμεις,
1225 5287 1521 5354 Ἐξουσίας,
1554 5289 1826 5360 Κυριότη-

261 5393 384 5441 τας,
426 5375 645 5446 Ἀρχὰς,
713 5376 1131 5448 ’Δρχαγγέλους,
1192 5378 1486 5446 Ἀγγέλους
1517 5395 1530 5407 ·
1590 5375 1710 5432 εἶτα
1758 5378 1828 5431 τὰ

265 5467 386 5521 κατ’
417 5467 691 5538 αἴσθησιν,
731 5469 979 5539 οὐρανὸν,
1042 5469 1213 5538 ἣλιον,
1266 5470 1513 5539 σελήνηνι
1568 5471 1827 5540 ἀστέρας’

266 5559 426 5628 ἀέρα,
458 5559 583 5628 γῆν,
615 5557 1040 5624 θάλασσαν,ζῶα
1071 5562 1321 5630 χερσαῖα,
1351 5559 1555 5626 ἐνάλια,
1588 5561 1830 5631 ὲναέρια,

268 5652 434 5723 φυτὰ,
484 5649 634 5720 βοτὰ,
682 5652 864 5705 πᾶσαν
918 5650 1219 5722 συλλήϐδην
1263 5652 1426 5720 φύσιν
1486 5651 1729 5722 ἔμψυχόν
1775 5669 1834 5704 τε

375 5891 563 5949 “Marc
615 5910 693 5961 ιιι,
729 5895 811 5949 l7.
921 5897 941 5927 ⁹
966 5894 1121 5954 Joan.
1158 5914 1193 5965 I,
1226 5897 1273 5964 1,
1305 5896 1358 5952 2.

1493 5900 1534 5930 ³ο
1558 5899 1755 5963 Ephes.
1813 5911 1895 5962 Ill,
1930 5896 2015 5953 10.

1941 5102 1994 5155 in
2027 5102 2201 5155 tribus
2246 5100 2635 5155 subsistentem
2669 5098 2937 5168 personis,
2972 5097 3244 5166 rebusque
3288 5095 3508 5151 univer-

1940 5194 2019 5248 sis
2063 5191 2465 5261 prarsidentem.
2514 5189 2774 5256 Quaenam
2824 5203 2953 5243 vero
2995 5188 3149 5242 lucc?
3199 5186 3505 5259 Seraphim,

1939 5282 2263 5345 Cherubim,
2298 5281 2525 5347 Throni,
2569 5280 2829 5344 Virtutes,
2877 5282 3204 5346 Potestates,
3251 5280 3508 5334 Domina-

1943 5376 2138 5441 tiones,
2186 5372 2553 5443 Principatus,
2589 5371 2933 5442 Archangeli,
2982 5364 3171 5441 Angeli
3206 5388 3219 5425 :
3251 5380 3365 5425 tum
3418 5386 3509 5425 res

1941 5471 2127 5522 sensui
2178 5466 2458 5536 subjectae,
2491 5465 2707 5529 caelum,
2766 5464 2868 5529 sol,
2919 5465 3067 5527 luna,
3115 5455 3305 5529 stellae,
3368 5477 3508 5531 aer;

1943 5570 2108 5624 terra,
2150 5574 2321 5622 mare,
2382 5557 2639 5611 animalia
2697 5558 2998 5622 terrestria,
3051 5557 3285 5622 marina,
3327 5570 3507 5618 aerea,

1944 5654 2159 5721 plantze,
2212 5653 2411 5715 herbae,
2470 5652 2723 5704 universa
2774 5649 3028 5719 denique,
3089 5661 3147 5705 ut
3194 5649 3509 5705 summatim

2141 5898 2179 5929 ”
2244 5897 2377 5953 Gen.
2445 5916 2481 5962 ι,
2550 5899 2598 5951 1.
2710 5900 2750 5929 ¹²
2804 5898 2959 5954 Joan.
3000 5916 3036 5964 ι,
3078 5901 3125 5955 l.
