4170 6472
726 406 829 465 783

1910 401 1969 461 S.
2008 398 2395 461 TIIEODORI
2439 400 2523 459 ST
2532 399 2781 460 UDITrE

3854 393 3960 455 78$

725 519 931 579 dicam,
974 526 1188 581 natura,
1238 524 1353 568 tum
1401 514 1583 568 anima
1629 512 1875 583 praedita,
1930 523 2047 567 tum
2098 526 2293 581 expers

2400 515 2489 567 καὶ
2519 514 2725 584 ἄψυχον
2748 530 2761 543 ·
2793 515 3010 569 ἅπαντα
3034 512 3143 584 γάρ
3165 509 3357 575 ταῦτα,
3407 509 3498 563 καί
3530 509 3580 562 εἴ
3601 526 3653 561 τι
3686 508 3875 577 ἕτερον
3903 509 3961 560 ὲν

726 612 938 666 animae.
970 610 1162 665 Omnia
1190 610 1334 662 enim
1383 606 1514 671 hmo,
1548 620 1611 658 ac
1652 605 1697 659 si
1724 605 1851 673 quid
1882 604 2027 660 aliud
2062 613 2289 673 uterque

726 703 967 757 mundus
1013 698 1407 754 innominabile
1441 698 1661 759 habent,
1702 698 1807 751 illis
1848 697 2027 751 verbis
2058 715 2071 751 :
2100 696 2290 751 Omnia

724 812 816 866 per
863 796 1034 863 ipsum
1064 792 1208 861 facta
1252 799 1396 854 sunt,
1429 800 1477 842 et
1519 790 1631 843 sine
1674 789 1784 857 ipso
1809 788 2007 857 factum
2057 803 2135 841 est
2162 788 2291 840 nihil

726 885 865 957 quod
908 884 1111 953 factum
1163 894 1237 937 est
1265 883 1334 941 ".
1386 880 1773 951 comprehendi
1805 881 2116 935 declaravit.
2151 882 2290 947 Quid

726 976 872 1031 enim
900 975 1147 1044 pluribus
1176 971 1510 1042 superfluum
1539 986 1661 1026 esse
1690 979 1925 1040 oportet,
1957 987 2079 1027 cum
2108 972 2292 1027 divino

729 1068 933 1139 Spiritu
968 1066 1132 1120 amati
1164 1065 1263 1117 viri
1314 1064 1641 1134 theologiam
1688 1078 1905 1118 onmem
1947 1065 2012 1118 ad
2064 1065 2290 1118 verbum

728 1161 990 1214 divinitus
1040 1158 1149 1213 siut
1194 1155 1553 1225 interpretati,
1608 1170 1638 1209 a
1686 1154 1885 1225 quibus
1928 1170 2029 1210 nos
2077 1170 2294 1224 quoque

724 1253 1043 1309 catellorum
1088 1250 1260 1304 instar
1310 1246 1620 1311 habuimus,
1658 1261 1795 1315 quas
1830 1246 1975 1300 velut
2021 1248 2294 1302 sermonis

727 1346 897 1399 micas
929 1341 1277 1395 inferremus.
1317 1336 1361 1393 Ο
1394 1337 1665 1407 theologia
1702 1352 1823 1407 qua:
1849 1338 2094 1391 tonitruo
2122 1351 2293 1391 exau-

726 1435 949 1489 ilibilior
989 1432 1201 1488 ctelesti
1233 1430 1483 1484 doctrina
1527 1428 1794 1483 insonuit!
1836 1426 1881 1482 0
1908 1429 2132 1491 locutio,
2173 1444 2295 1498 qua:

728 1530 969 1584 velocius
1017 1526 1250 1596 fulgetro
1299 1524 1555 1578 universa
1602 1522 1873 1592 pervasit!
1916 1521 2178 1575 Mirebilis
2217 1523 2296 1591 fa-

727 1632 812 1674 cta
853 1629 931 1674 est
983 1619 1204 1672 scientia
1263 1625 1355 1669 tua
1410 1631 1474 1669 ea:
1527 1630 1611 1667 me
1638 1614 1716 1678 ¹⁸;
1767 1613 1914 1668 dicat
1973 1613 2171 1683 aliquis
2227 1615 2293 1668 ad

725 1713 989 1767 Joannem
1022 1709 1178 1781 quasi
1208 1706 1319 1763 Deo
1349 1706 1606 1771 similem,
1637 1705 1731 1775 qui
1770 1714 1927 1760 terra:
1956 1704 2293 1760 latitudinem

726 1805 1042 1874 complexus
1085 1812 1168 1856 est
1210 1798 1632 1870 praedicatione:
1678 1797 1770 1867 qui
1813 1796 1979 1851 animi
2017 1796 2295 1866 cogitatio-

727 1895 891 1949 nibus
931 1893 985 1947 in
1028 1889 1211 1961 abyssi
1250 1886 1531 1957 sapientia:
1556 1884 1803 1953 vestigiis
1837 1882 2172 1947 ambulavit;
2201 1897 2295 1952 per

727 2000 887 2054 quem
934 1992 1105 2053 porta:
1153 1979 1456 2033 inferorum
1519 1976 1716 2031 divinae
1759 1976 1912 2030 vocis
1958 1973 2297 2043 plenitudine

728 2078 1019 2130 destructa:
1070 2079 1220 2133 sunt,
1266 2080 1605 2137 exortusque
1650 2074 1734 2121 est
1782 2065 2121 2121 orthodoxire
2169 2064 2293 2119 sol:

729 2181 825 2236 per
861 2179 1021 2234 quem
1054 2161 1241 2216 mundi
1288 2159 1555 2229 sapientia
1599 2156 1861 2211 infatuata
1897 2166 2003 2221 est,
2037 2157 2297 2227 orbisque

731 2258 865 2311 ﬁnes
901 2253 1104 2323 impleti
1141 2259 1268 2307 sunt
1316 2248 1580 2319 sapientia
1616 2266 1628 2301 :
1659 2248 1977 2303 oratoribus
2017 2263 2079 2302 ac
2118 2249 2296 2317 s0phi-

728 2349 829 2403 stis
858 2342 1210 2417 proculcatis,
1238 2339 1466 2397 Joannis
1506 2348 1687 2395 autem
1736 2340 2051 2395 dominante
2085 2340 2296 2396 theolo-

729 2438 838 2507 gia.
881 2434 1266 2491 Verumtamen
1315 2433 1504 2487 nescio
1556 2432 1685 2503 quid
1737 2447 1838 2503 ego
1878 2434 2103 2504 dignum
2151 2434 2295 2489 celsa

730 2529 867 2583 adeo
911 2524 1151 2595 Apostoli
1190 2523 1565 2594 magnitudine
1603 2524 1802 2588 dicam,
1855 2525 1957 2578 nisi
2004 2526 2183 2594 potius
2232 2527 2297 2581 iis

730 2618 920 2672 cedam
950 2618 1043 2687 qui
1076 2631 1267 2671 sacras
1295 2614 1417 2686 ejus
1459 2615 1649 2671 Iaudes
1684 2614 1870 2670 divino
1904 2626 2029 2670 ante
2076 2631 2164 2670 me
2202 2631 2297 2671 ore

730 2710 1094 2766 celebrarunt.

802 2801 889 2855 10.
931 2803 1000 2854 At
1033 2814 1162 2854 vero
1193 2798 1321 2869 quid
1348 2798 1479 2852 illud
1514 2797 1819 2867 signiﬁcat?
1844 2797 1998 2853 Jesus
2028 2815 2149 2869 ergo
2178 2815 2296 2852 cum

734 2893 943 2947 vidisset
978 2905 1202 2945 matrem
1258 2898 1305 2943 et
1327 2889 1643 2957 discipulum
1690 2899 1941 2954 stantem,
1970 2906 2122 2960 quem
2167 2890 2297 2944 dili-

732 2984 904 3055 gebat,
952 2983 1080 3036 dicit
1136 2982 1297 3034 matri
1340 2979 1739 3045 suw:llulier,
1793 2997 1908 3035 ecce
1958 2982 2103 3048 ﬁlius
2152 2991 2296 3037 tuus.

732 3072 931 3127 Deinde
971 3072 1102 3125 dicit
1122 3071 1378 3139 discipulo
1408 3088 1421 3124 :
1454 3069 1584 3124 Ecce
1606 3080 1773 3125 mater
1818 3081 1931 3125 tua.
1978 3068 2046 3124 Et
2087 3087 2150 3126 ea:
2203 3072 2299 3126 illa

2390 608 2502 685 τοῖς
2546 606 2713 677 ἀμφω
2742 608 2965 678 κόσμοις
2988 604 3448 673 ἀκατονόμαστον,
3480 600 3569 653 διὰ
3618 598 3712 653 τοῦ
3758 601 3958 663 εἰπεῖν,

2392 701 2595 754 Πάντα
2624 702 2698 755 δι’
2726 701 2914 756 αὐτοῦ
2953 700 3211 770 ἐγένετο,
3247 698 3347 752 καί
3389 697 3568 766 χωρίς
3593 695 3785 750 αὑτοῦ
3832 695 3963 766 ἐτέ-

2392 810 2529 849 νετο
2555 793 2736 848 οὐδὲν
2767 794 2799 847 ὃ
2824 793 3091 863 γέγονεν,
3121 789 3516 860 συνεκδοχικῶς
3540 788 3929 860 παρεδήλωσεν
3950 803 3964 819 ·

2391 885 2444 937 τί
2474 885 2583 955 γὰρ
2604 884 2684 938 δεῖ
2726 886 2884 939 πλέον
2912 886 3285 955 περιττοεπεῖν
3314 886 3427 945 τοῖς
3476 882 3759 952 θεοφόροις
3814 883 3962 937 κατά

2393 977 2537 1043 λέξιν
2584 980 2764 1048 πάσης
2807 978 2905 1045 τῆς
2934 977 3221 1045 θεολογίας
3252 975 3718 1031 ὲνθεαστικὼτατα
3767 974 3965 1041 ἐξητα-

2395 1072 2636 1141 σμένοις,
2686 1072 2816 1141 παρ’
2848 1065 2923 1124 ὧν
2984 1071 3080 1125 καὶ
3138 1073 3272 1141 ἡμῖν
3306 1073 3419 1134 τοῖς
3479 1068 3741 1131 κυνιδίοις
3794 1070 3963 1123 οἱονεὶ

2392 1162 2658 1235 ψιχιώδης
2685 1162 3011 1233 συνεισφορά
3054 1161 3150 1214 τοῦ
3176 1162 3333 1231 λόγου
3361 1180 3373 1221 ;
3404 1162 3467 1214 Ὠ
3494 1160 3771 1228 θεολογίας
3792 1176 3964 1233 γεγω-

2394 1255 2612 1324 νότερον
2638 1252 2867 1324 βροντῆς
2894 1253 3177 1324 ἠχησάσης
3225 1252 3292 1305 τὰ
3334 1253 3563 1324 οὐράνια
3612 1253 3857 1321 δόγματα
3883 1254 3898 1307 ι
3922 1254 3966 1308 ὣ

2396 1346 2781 1417 περιφράσεως
2818 1346 3146 1416 γοργότερον
3170 1345 3454 1414 ἀστραπῆς
3484 1344 3825 1414 ἐπελθούσης
3844 1334 3965 1410 τοῖς

2399 1436 2678 1507 σύμπασιν
2703 1476 2715 1489 .
2759 1434 3217 1504 Ἐθαυμαστὼθη
3236 1435 3271 1501 ή
3296 1432 3519 1503 γνῶσίς
3546 1448 3662 1489 σου
3679 1434 3749 1498 ἐξ
3768 1435 3917 1503 ἐμοῦ
3946 1435 3967 1488 .'

2395 1529 2491 1582 καὶ
2523 1528 2661 1599 πρὸς
2721 1526 2968 1595 Ἰωάννην
3003 1527 3079 1590 ὡς
3128 1526 3423 1581 θεοείκελον
3469 1525 3675 1595 λεγέτω
3706 1526 3818 1590 πᾶς
3854 1543 3963 1591 τις,

2393 1620 2485 1674 τὸν
2549 1619 2910 1692 περιλαϐόντα
2965 1618 3026 1673 τὸ
3095 1614 3252 1691 εὖρος
3298 1619 3398 1689 τῆς
3430 1619 3521 1671 ὑπ’
3581 1618 3809 1689 οὗρανὸν
3853 1622 3966 1683 τοῖς

2396 1711 2735 1782 κηρύγμασι,
2780 1711 2871 1764 τὸν
2899 1712 2956 1764 ὲν
2988 1711 3189 1781 ἴχνεσιν
3219 1710 3462 1765 ἀϐύσσου
3502 1709 3694 1779 σοφίας
3728 1710 3967 1780 περιπαὲ

2396 1804 2635 1871 τήσαντα
2677 1805 2790 1864 τοῖς
2836 1800 3217 1873 ἐνθυμήμασιν
3249 1819 3262 1832 ’
3327 1802 3393 1853 δι’
3420 1794 3485 1854 οὗ
3514 1801 3681 1854 πύλαι
3716 1800 3843 1871 ᾅδου
3869 1817 3968 1853 κα-

2396 1897 2696 1965 τηργηνται
2742 1893 2876 1945 Θεοῦ
2907 1893 3090 1962 φωνῆς
3112 1892 3460 1963 πληρώματι,
3502 1893 3600 1947 καὶ
3651 1892 3967 1965 ὸρθοδοξίας

2394 1983 2667 2039 ἀνέτειλεν
2697 1983 2845 2053 ἥλιος
2868 1998 2883 2014 ·
2920 1982 2988 2035 δι’
3009 1978 3069 2037 οὗ
3099 1984 3132 2051 ἡ
3169 1980 3263 2035 τοῦ
3290 1982 3495 2052 κόσμου
3522 1983 3683 2051 σοφία
3713 1982 3967 2053 μεμώραο

2394 2090 2506 2149 ται,
2533 2074 2627 2127 καὶ
2666 2072 2953 2141 θεοσοφίας
2982 2072 3373 2142 ἐμπέπλησται
3401 2074 3469 2125 τὰ
3492 2072 3706 2144 πέρατα
3801 2074 3965 2145 ρητό-

2400 2184 2507 2239 ρων
2532 2168 2627 2219 καὶ
2661 2164 2931 2234 σοφιστῶν
2962 2164 3403 2230 καταποθέντων,
3474 2166 3727 2219 Ἰωάννου
3761 2165 3819 2218 δὲ
3866 2165 3967 2235 τῆς

2397 2257 2676 2325 θεολογίας
2706 2256 3140 2329 βασιλευσάσηςο
3189 2258 3284 2312 καὶ
3328 2258 3430 2311 οὐκ
3477 2252 3624 2311 οίδ’ὅ
3669 2275 3721 2310 τι
3766 2256 3968 2322 λέξεων

2397 2349 2606 2420 εἴποιμι
2640 2348 2861 2416 ἐπάξιον
2900 2351 2998 2419 τῆς
3028 2349 3421 2420 ὑπερηρμένης
3453 2348 3821 2418 ἀποστολικῆς
3868 2364 3968 2417 με·

2397 2441 2773 2511 γαλειότητος,
2806 2442 2839 2510 ἢ
2872 2447 2933 2493 τὸ
2959 2440 3360 2511 παραχωρῆσαι
3380 2442 3497 2504 τοῖς
3542 2440 3970 2511 προευφημήσα-

2399 2550 2484 2586 σιν
2542 2531 2704 2586 αὑτὸν
2732 2530 2897 2595 θείοις
2935 2530 3199 2600 στόμασιν
3222 2530 3315 2585 τὸν
3347 2531 3493 2602 ίερδν
3517 2531 3760 2585 ἔπαινον.
3793 2545 3801 2552 ’

2472 2804 2522 2851 ι’.
2562 2797 2721 2851 Ἀλλά
2752 2797 2805 2850 τί
2832 2796 2944 2859 ἔτις
2986 2795 3216 2863 Ἰησοῦς
3243 2789 3361 2849 οὖν
3402 2793 3545 2847 ἰδὼν
3595 2793 3711 2863 τὴν
3741 2796 3970 2865 μητέρα

2399 2891 2497 2945 καὶ
2530 2892 2636 2943 τὸν
2670 2888 2948 2958 μαθητὴν
2994 2886 3341 2954 παρεστῶτα
3375 2885 3447 2939 δν
3468 2885 3691 2955 ἠγάπα,
3714 2885 3873 2956 λέγει
3898 2885 3969 2954 τῇ

2396 2982 2573 3052 μητρί
2600 2978 2786 3034 αὑτοῦ
2811 2996 2824 3009 ·
2854 2978 3067 3041 Γύναι,
3097 2975 3231 3030 ἰδοὺ
3270 2980 3303 3029 ό
3324 2977 3456 3043 υἱός
3490 2994 3606 3031 σου
3628 2994 3641 3007 ·
3667 2973 3791 3031 εἶτα
3809 2979 3970 3045 ,πέτει

2398 3075 2479 3140 τῷ
2500 3070 2735 3144 μαθητῇ
2761 3088 2773 3101 ·
2818 3068 2972 3125 Ἰδοὺ
3009 3071 3047 3137 ἡ
3076 3071 3270 3139 μήτ-ηρ
3310 3086 3426 3125 σου
3449 3086 3463 3100 ⁸
3491 3071 3587 3123 καί
3625 3069 3973 3136 ἀπ’ὲκείνης

732 3168 861 3219 liora
922 3166 1120 3233 accepit
1155 3180 1273 3217 eam
1312 3163 1597 3230 discipulus
1643 3162 1732 3217 ille
1762 3163 1813 3215 in
1849 3178 1945 3216 sua
1969 3162 2033 3215 “.
2073 3162 2298 3233 Alioque

2404 3167 2513 3235 τῆς
2556 3165 2711 3235 ὥρας
2762 3163 3100 3232 παρέλαϐεν
3146 3162 3342 3229 αὐτὴν
3381 3164 3414 3216 ὁ
3443 3162 3715 3231 μαθητὴς
3744 3158 3974 3223 ἐκεῖνος

732 3271 925 3311 rursus
963 3257 1138 3324 capite
1173 3254 1316 3319 :Qui
1370 3264 1417 3306 et
1468 3254 1702 3307 recubuit
1748 3255 1801 3306 in
1839 3260 1983 3306 Carna
2022 3270 2176 3322 super
2217 3271 2307 3320 pe-

733 3358 849 3403 ctus
895 3347 1033 3416 ejus,
1088 3357 1137 3401 et
1183 3347 1319 3400 dixit
1358 3362 1376 3400 :
1409 3345 1651 3409 Domine,
1700 3347 1817 3415 quis
1876 3355 1952 3399 est
2001 3347 2091 3415 qui
2142 3346 2305 3400 tradit

736 3441 886 3497 te"?
944 3441 1085 3497 Sunt
1153 3442 1268 3496 haec
1324 3440 1650 3511 peculiarius
1708 3440 1970 3496 attributa
2032 3440 2307 3510 Theologo

736 3535 886 3589 velut
929 3534 1134 3589 dotalia
1176 3534 1423 3604 quaedam
1468 3534 1616 3605 regia
1656 3550 1879 3589 munera
1902 3550 1927 3599 ;.
1960 3542 2019 3589 ut
2059 3534 2304 3604 inquam,

736 3642 847 3697 pra:
876 3626 1158 3696 discipulis
1183 3625 1432 3695 reliquis,
1463 3639 1527 3678 ac
1554 3625 1835 3695 privilegio
1862 3640 1893 3679 a
1925 3623 2055 3680 Jesu
2078 3625 2307 3681 dilectus

737 3718 935 3783 fuerit;
963 3726 1133 3786 utque
1165 3732 1327 3787 super
1356 3716 1709 3786 purissimum
1752 3719 2065 3773 recubuerit
2085 3730 2303 3789 pectus;

734 3826 799 3866 ac
839 3810 1060 3865 demum
1104 3819 1165 3863 ut
1194 3808 1288 3865 Dei
1324 3807 1623 3864 Genitricis
1674 3810 1818 3864 filius
1864 3811 1935 3865 sit
1977 3812 2303 3880 appellatus.

734 3902 910 3968 Quam
948 3901 1053 3955 tria
1090 3901 1203 3955 hac
1246 3900 1553 3955 tremenda!
1596 3909 1654 3955 ut
1696 3901 1925 3955 alterum
1967 3902 2123 3957 alteri
2168 3918 2306 3973 pra:-

734 3994 913 4058 cellat,
963 4008 1027 4047 ac
1074 3992 1327 4062 quodque
1369 4006 1557 4047 eorum
1610 3992 1753 4046 velut
1792 3992 2144 4062 singulariter
2190 3995 2304 4049 exi-

735 4084 928 4151 mium,
960 4084 1067 4139 mei
1116 4084 1285 4140 animi
1338 4101 1559 4141 sensum
1600 4086 1650 4139 in
1684 4095 1961 4156 stuporem
2004 4097 2145 4158 agat.
2190 4088 2305 4142 An-

734 4178 893 4229 dreas
933 4176 1143 4245 primus
1183 4175 1324 4229 inter
1366 4174 1665 4245 discipulos
1713 4189 1966 4240 vocatus;
2022 4191 2121 4231 nec
2173 4176 2303 4231 dum

736 4279 917 4321 tamen
948 4282 1005 4322 se
1027 4265 1156 4322 Jesu
1184 4267 1439 4322 dilectqu
1465 4268 1753 4337 appellavit
1786 4268 1926 4322 sicut
1956 4268 2079 4323 iste.
2112 4266 2306 4325 Petrus

733 4358 1104 4421 apostolorum
1140 4358 1428 4428 princeps;
1480 4359 1630 4429 atqui
1680 4374 1783 4414 nec
1826 4359 1942 4429 ipse
1969 4361 2305 4431 appellatio-

738 4464 858 4505 nem
899 4450 1167 4521 ejusmodi
1197 4460 1527 4507 consecutus
1556 4461 1655 4507 est.
1692 4452 1875 4507 Deitas
1913 4453 1982 4508 ab
2008 4453 2307 4509 atfectioni»

2406 3260 2493 3323 είς
2520 3258 2590 3311 τὰ
2618 3256 2762 3309 ἴδια·
2795 3255 2887 3307 καὶ
2928 3256 2985 3307 ὲν
3024 3255 3195 3327 ἑτέρῳ
3246 3253 3409 3307 πάλιν
3434 3269 3445 3282 ·
3482 3256 3588 3319 ’ος
3633 3254 3727 3307 καὶ
3764 3253 3970 3308 ἀνέπε-

2405 3367 2518 3404 σεν
2548 3350 2619 3403 ἐν
2645 3348 2724 3413 τῷ
2752 3348 2977 3412 δείπνῳ
3022 3347 3122 3401 ἐπὶ
3148 3347 3213 3401 τό
3252 3345 3478 3414 στῆθος
3507 3346 3718 3411 αὑτοῦ,
3762 3346 3863 3400 καὶ
3898 3342 3977 3401 εἶ-

2405 3458 2519 3497 πεν
2541 3459 2554 3473 ’
2581 3444 2777 3512 Κύριε,
2808 3441 2899 3508 τίς
2946 3442 3119 3495 ἐστιν
3178 3444 3211 3495 ό
3234 3438 3601 3507 παραδιδούς
3644 3456 3759 3505 as;
3790 3441 3974 3494 Ταῦτα

2406 3534 2827 3607 ἀποκληρωτικὰ
2880 3534 3070 3605 ὥσπερ
3111 3536 3234 3587 τινὰ
3277 3534 3399 3587 ἕδνα
3456 3532 3700 3602 βασίλεια
3752 3534 3831 3603 τῷ
3860 3534 3976 3587 θεο-

2405 3627 2568 3699 λόγῳ,
2620 3628 2764 3700 φημὶ
2790 3627 2854 3697 δὴ
2884 3626 2945 3679 τδ
2986 3627 3106 3681 κατ’
3156 3625 3350 3695 ἐξοχὴν
3389 3621 3540 3692 παρά
3588 3624 3715 3687 τοὺς
3757 3625 3976 3685 λοιποὺς

2410 3720 2654 3790 μαθητὰς
2695 3718 2800 3772 ὑπὸ
2846 3717 3018 3787 Ἰησοῦ
3049 3715 3365 3785 ἀγαπᾶιθαι
3392 3730 3404 3743 ο
3434 3715 3467 3784 ἢ
3498 3730 3556 3767 τε
3604 3712 3813 3767 ἔπιτοῦ
3848 3714 3978 3783 ἀκη-

2409 3814 2572 3880 ράτου
2626 3810 2853 3879 στήθους
2900 3808 3204 3867 ἀπίπτωσις
3224 3822 3237 3835 ο
3270 3805 3404 3875 πρὸς
3437 3805 3515 3875 τῷ
3560 3806 3651 3859 καὶ
3677 3805 3793 3859 υίδν
3821 3806 3974 3876 είρῆ-

2408 3904 2531 3957 σθαι
2574 3904 2670 3972 τῆς
2720 3902 3060 3971 Θεομήτορος
3083 3917 3097 3931 ·
3126 3900 3202 3963 ὠς
3237 3899 3445 3970 φοϐερά
3485 3898 3555 3952 τὰ
3582 3900 3727 3969 τρία,
3755 3898 3975 3973 θάτερον

2406 3996 2632 4066 θατέρου
2667 3994 3119 4065 ύπεραιρόμενον,
3153 3994 3248 4046 καὶ
3275 3993 3504 4045 ’ἑκαστον
3529 3990 3717 4059 ἴλιγγά
3744 4009 3832 4061 μοι
3886 3991 3976 4060 φέ-

2409 4106 2499 4160 ρον
2530 4090 2798 4159 νοήματος
2823 4087 2898 4149 di;
2936 4086 3359 4156 ἑξαισιώμενον·
3414 4085 3666 4155 Ἀνδρέας
3710 4086 3767 4136 ὲν
3800 4085 3973 4155 μαθη-

2406 4184 2525 4244 ταῖς
2554 4180 2960 4251 πρωτόκλητος,
2991 4178 3105 4231 ἀλλ’
3129 4177 3284 4231 οὔπω
3309 4177 3593 4247 ἀγαπητὸν
3646 4177 3818 4247 Ἰησοῦ
3848 4178 3975 4231 ἑαυ-

2406 4272 2495 4322 τὸν
2522 4268 2808 4336 ὠνόμακεν
2838 4268 2911 4331 ὡς
2944 4261 3099 4331 οὗτος
3123 4282 3137 4298 ο
3180 4268 3382 4338 Πέτρος
3433 4266 3833 4336 πρωτόθρονος,
3863 4265 3981 4335 ἀλλῖ

2407 4361 2515 4415 οὐδ’
2546 4361 2705 4423 αὐτὸς
2736 4360 2836 4429 τῆς
2870 4360 3128 4430 τοιαύτης
3162 4359 3531 4430 προσηγορίας
3554 4358 3874 4429 τετύχηκεν.
3908 4357 3977 4411 Τὸ

2409 4453 2552 4505 θεῖον
2582 4452 2790 4515 ἀπαθές
2815 4468 2827 4481 ·
2862 4451 3096 4521 Χριστὸς
3127 4451 3183 4516 ἐξ
3222 4451 3337 4503 ἴσου
3363 4449 3536 4503 ἀπασι
3582 4450 3681 4519 τὴν
3727 4453 3823 4521 τῆς
3848 4450 3977 4517 ἀγά-

745 4547 847 4601 hus
873 4546 1130 4601 immunis
1159 4554 1261 4601 est.
1283 4545 1539 4601 Christus
1578 4561 1644 4601 ex
1684 4563 1841 4618 aequo
1869 4548 2142 4604 universis
2171 4548 2298 4603 dile-

2415 4561 2524 4613 πης
2567 4546 2761 4598 ἀκτῖνα
2819 4545 3044 4615 ἀφίησιν
3070 4560 3084 4574 ’
3114 4542 3288 4607 ἄλλως
3342 4559 3403 4596 τε
3449 4545 3497 4596 εί
3538 4542 3745 4614 Πέτρος
3797 4542 3995 4597 πλεῖον.

740 4636 939 4691 ctionis
987 4637 1199 4691 radium
1237 4637 1502 4692 immittit.
1548 4636 1814 4693 Praeterea
1852 4638 2160 4705 :siquidem
2205 4638 2304 4695 Pe-

738 4738 854 4783 trus
910 4730 1034 4798 plus
1097 4729 1351 4785 omnibus
1403 4738 1588 4796 amat,
1651 4737 1713 4785 ut
1774 4730 1889 4799 ipse
1940 4731 2302 4801 interrogatus

734 4819 1021 4875 confessus
1062 4821 1229 4885 est",
1256 4820 1618 4892 Christusque
1658 4821 2059 4877 confessionem
2103 4824 2300 4879 contir-

732 4910 931 4976 mavit,
981 4912 1121 4965 trina
1178 4911 1265 4965 illa
1325 4912 1750 4983 interrogatione
1794 4929 1857 4968 ac
1908 4916 2295 4985 responsione;

728 5000 955 5071 ejusque
981 5001 1349 5057 confessionis
1377 5004 1624 5073 praemio,
1652 5020 1851 5059 munus
1873 5004 2010 5059 alios
2038 5007 2295 5076 pascendi

728 5093 969 5163 accepit;
1002 5094 1121 5162 plus
1168 5092 1398 5148 fortasse
1444 5096 1606 5149 etiam
1641 5095 1827 5150 debuit
1875 5097 2178 5163 redamari;
2214 5116 2297 5153 rc-

728 5184 866 5239 tlexo
904 5198 1130 5238 munere
1168 5198 1233 5239 ac
1274 5185 1572 5254 reciproco.
1615 5184 1881 5241 Existimo
1918 5200 2097 5241 autem
2134 5189 2298 5257 virgi-

727 5276 915 5330 nitatis
969 5276 1347 5331 excellentiam
1408 5278 1459 5330 iu
1508 5294 1675 5334 causa
1723 5278 1913 5334 fuisse.
1967 5278 2111 5334 Cui?
2158 5278 2295 5347 Quia

725 5367 1010 5429 nimirum,
1042 5366 1255 5421 tametsi
1289 5366 1428 5423 lucis
1458 5369 1642 5424 radius
1668 5369 1838 5439 sequis
1864 5370 2206 5439 portionibus
2239 5371 2291 5425 in

726 5460 816 5513 illa
869 5460 1089 5529 specula
1140 5459 1412 5514 incidebat
1454 5463 1603 5530 (nam
1657 5477 1849 5517 omnes
1895 5463 2122 5531 apostoli
2176 5464 2294 5533 puri

726 5559 897 5617 erant,
940 5559 998 5605 ut
1041 5551 1117 5605 ait
1164 5550 1579 5621 Scriptura");
1633 5553 1701 5607 ob
1748 5554 2073 5624 virginitatis
2115 5564 2295 5610 tamen

794 5782 838 5813 ³³
860 5778 1004 5837 Psal.
1031 5794 1294 5843 cxxxvnt,
1336 5778 1389 5832 6.

1470 5777 1690 5833 "Joan.
1728 5795 1840 5841 ιιι,
1869 5776 1957 5841 26,
1982 5776 2074 5832 27.
2157 5779 2197 5809 "
2226 5776 2382 5832 Joan.
2415 5794 2533 5843 sui,
2565 5780 2654 5835 25.

2410 4638 2601 4708 ἀγαπᾷ
2627 4638 2881 4691 ἁπάντων
2910 4637 2984 4701 ὡς
3012 4636 3306 4707 ἐρωτηθεὶς
3353 4635 3725 4706 ὡμολόγησεν,
3758 4636 3851 4688 καὶ
3883 4634 3974 4706 τὴν

2408 4726 2698 4798 ὁμολογίαν
2760 4727 2996 4798 Χριστὸς
3069 4726 3435 4789 ἐϐεϐαίωσεν,
3476 4725 3566 4779 διά
3609 4726 3705 4795 τῆς
3751 4726 3975 4796 τρισσῆς

2410 4820 2656 4883 πεύσεως
2688 4836 2745 4874 τε
2778 4820 2873 4873 καὶ
2902 4817 3267 4888 ἀποκρίσεως,
3298 4812 3365 4888 ἦς
3394 4820 3594 4889 προῖκα
3628 4818 3721 4870 καὶ
3768 4816 3827 4870 τὸ
3853 4817 3975 4879 τοὺς

2406 4911 2596 4974 ἀλλους
2637 4911 2947 4982 ποιμαίνειν
2990 4910 3233 4980 εἴληφεν,
3284 4910 3378 4963 καὶ
3422 4908 3838 4977 ἀνταγαπᾶσθαι
3881 4926 3971 4961 τυ-

2406 5004 2500 5074 χὸν
2552 5003 2737 5056 πλεῖον
2776 5001 3026 5071 ὠφειλεν,
3068 5001 3356 5073 καμπύλον
3400 5001 3460 5054 τὸ
3489 5000 3686 5072 λῆμμα
3710 5019 3724 5032 ’
3766 5005 3860 5054 καί
3889 5017 3971 5071 μοι

2402 5096 2551 5149 δοκεῖ
2587 5094 2648 5147 τὸ
2679 5094 2776 5165 τῆς
2819 5093 3118 5166 παρθενίας
3166 5094 3351 5165 χρῆμα
3396 5088 3536 5146 εἶναι
3580 5092 3781 5145 αἴτιον·
3818 5092 3967 5155 πῶς;

2402 5187 2485 5240 ὅτι
2536 5188 2583 5241 εί
2631 5188 2724 5240 καὶ
2769 5188 2855 5241 ἐπ’
2888 5186 3011 5258 ἴσης
3062 5186 3159 5240 τοῦ
3212 5188 3387 5256 φωτὸς
3430 5185 3636 5256 ηβολὶς
3682 5187 3793 5248 τοῖς
3846 5200 3971 5239 κατ·

2402 5278 2644 5349 όπτροις,
2690 5278 2922 5350 ἐπείπερ
2969 5279 3174 5342 πάντες
3218 5279 3467 5349 καθαροὶ,
3487 5278 3560 5340 ὡς
3583 5280 3613 5331 ό
3644 5278 3837 5346 Λόγος,
3861 5278 3969 5332 ἀλλ’

2402 5375 2548 5444 ὅμως
2576 5378 2641 5445 τῇ
2672 5375 2771 5444 τῆς
2803 5373 3102 5446 παρθενίας
3148 5374 3359 5444 στίλψει
3414 5374 3772 5447 διειδὲστερον
3800 5374 3859 5427 ἐν
3899 5372 3971 5442 τῷ

2402 5468 2481 5519 ἑνὶ
2508 5468 2657 5539 παρά
2686 5469 2815 5531 τοὺς
2844 5467 3137 5539 ὀμοταγεῖς
3177 5468 3374 5542 ὲνίεται
3399 5484 3414 5500 ο
3448 5469 3497 5521 εί
3533 5469 3625 5522 καὶ
3673 5466 3969 5539 παράδοξός

2401 5574 2518 5621 πως
2549 5560 2577 5611 ὁ
2610 5558 2765 5627 λόγος
2791 5576 2803 5589 ·
2834 5558 2926 5612 καὶ
2961 5558 3119 5613 τοῦτό
3160 5561 3277 5613 ἐστι
3327 5559 3506 5613 πλεῖον
3537 5562 3615 5623 είς
3644 5560 3886 5629 ἀγάπην,
3915 5556 3968 5609 τὸ

2735 5778 2957 5835 “Joan.
2995 5797 3105 5846 ut,
3143 5781 3223 5835 15.
3306 5779 3525 5836 "Joan.
3557 5796 3645 5847 xv,
3678 5781 3734 5835 5.
