4170 6488
248 438 356 502 785

1087 435 1368 496 ORATIO
1394 435 1498 495 IX.
1531 458 1599 470 ·-
1630 435 2014 497 LAUDATIO
2051 436 2111 497 S.
2140 437 2460 499 JOANNIS
2500 440 2767 501 EVANG.

3417 444 3521 505 786

252 552 368 618 φῶς
422 550 612 604 πλεῖον
669 549 1012 621 λαμπρύνειν
1052 550 1142 603 τὸν
1185 550 1545 621 διειδέστερον
1579 551 1834 621 μέτοχονο

1942 553 2178 608 nitorem
2231 554 2284 608 in
2326 569 2493 607 unum
2543 570 2654 624 prae
2695 555 2920 625 collegis
2955 555 3078 610 aliis
3111 557 3405 612 dilucidior
3441 562 3521 615 fe-

250 642 304 693 εἰ
354 641 414 695 δὲ
457 643 537 695 ὅτι
591 642 754 695 πλέον
806 641 992 711 ἀγαπᾷ
1031 640 1238 709 Πέτρος
1282 641 1631 710 προΐσταται,
1663 640 1839 694 ἐκεῖνό

254 748 350 800 μοι
377 732 591 802 ῥητέον,
619 732 702 786 ὅτι
737 732 796 784 ού
829 731 889 784 τὸ
914 733 1224 803 πλησιάσαν
1259 731 1419 800 σῶμα
1447 731 1522 802 τῷ
1545 732 1684 800 φωτὶ
1708 733 1840 802 μᾶλ-

253 825 347 876 λον
399 823 726 892 φωτίζεται,
756 824 869 878 ἀλλ’
902 824 930 877 ὃ
959 825 1060 893 τὴν
1110 823 1274 891 φύσιν
1317 823 1704 894 διειδεστέραν,
1737 825 1839 877 κᾶν

250 915 357 968 οὐκ
387 915 571 984 εγγιον
595 916 893 985 κέκτηται·
929 917 976 968 εἰ
1007 915 1064 967 δέ
1098 931 1180 967 σοι
1202 915 1230 967 6
1261 914 1417 982 λόγος
1451 914 1683 985 ἀσθενὴς
1711 916 1839 984 φαί-

254 1024 403 1060 νοιτο
436 1007 541 1071 ἔτι,
572 1010 600 1061 6
633 1007 812 1078 βαλὼν
841 1009 933 1062 καὶ
965 1007 1196 1061 ίάσεται.
1246 1005 1530 1059 Ἐντεῦθεν
1561 1008 1593 1077 ἡ
1619 1009 1841 1079 ἐπιστή-

255 1099 375 1163 θιος
421 1099 803 1170 πρόσπτωσις·
833 1097 878 1151 ὣ
920 1101 1016 1151 τοῦ
1048 1098 1359 1169 ἀξιώματος
1388 1101 1401 1153 ί
1434 1099 1502 1153 τά
1552 1099 1837 1170 χερουὸὶμ,

257 1193 398 1246 Θεοῦ
449 1194 654 1263 ὄχημα,
704 1193 800 1247 καὶ
839 1192 1094 1262 Ἰωάννης
1142 1192 1483 1263 ὲπιστέρνιον
1525 1191 1835 1262 ἀνάκλιμα⁸

258 1283 503 1350 Μωῦσῆς
536 1283 689 1352 μόλις
717 1281 828 1334 ἴδεν
851 1279 988 1335 Θεοῦ
1012 1280 1079 1334 τά
1109 1279 1333 1332 ὀπίσθια
1363 1279 1457 1333 κα)⁸
1484 1277 1658 1332 ταῦτα
1680 1279 1835 1346 αίτη-

259 1378 530 1448 σάμενος⁸
583 1377 676 1430 καὶ
720 1375 974 1446 Ἰωάννης
1024 1373 1463 1448 αὐτεπάγγελτος
1507 1371 1838 1444 ἐπίπροσθεν

258 1445 518 1542 περιφὺς,
562 1471 655 1523 καὶ
710 1445 1042 1522 πυνθάνεται
1084 1445 1271 1520 ἐκεῖνα
1311 1465 1513 1536 δηλαδὴ
1559 1463 1596 1518 ἀ
1634 1463 1841 1533 Πέτρος

254 1568 282 1618 ό
313 1565 610 1634 κορυφαῖος
637 1562 936 1635 θαρρήσειν
965 1561 1066 1615 οὐκ
1103 1561 1352 1631 ἧνεγκεν,
1378 1559 1504 1622 δοὺς
1555 1557 1733 1627 ἑαυτῷ
1774 1556 1842 1610 τὰ

253 1657 532 1727 δευτέρια,
567 1658 634 1727 τῇ
690 1657 770 1718 είς
811 1655 1068 1725 Ἰωάννην
1121 1655 1453 1724 προτιμήσει
1478 1669 1493 1684 ⁸
1522 1651 1841 1721 ἀμφοτέρας

254 1749 357 1811 τὰς
387 1747 619 1818 Θεωρίας
655 1745 943 1812 ἐξετάζων,
965 1747 1153 1816 γνοίης
1186 1742 1297 1797 οἷον
1332 1746 1424 1797 καὶ
1453 1741 1638 1814 ἡλίκον
1659 1741 1718 1794 τὸ
1737 1742 1842 1794 ύπ-

255 1841 509 1912 εροχικδν
543 1840 791 1894 Ἰωάννου
809 1840 1029 1910 ἀξίωμα
1050 1856 1062 1870 ⁸
1095 1836 1343 1891 ἐντεῦθέν
1367 1853 1457 1906 μοι
1478 1837 1626 1889 δοκεῖ
1650 1835 1840 1901 ὥσπερ

1942 645 2185 701 rebatur.
2224 646 2542 716 Quanquam
2598 662 2800 702 novum
2855 648 3069 703 videtur
3107 650 3251 720 quod
3300 652 3518 708 dicitur.

1940 739 2116 808 Atque
2163 739 2267 793 hoc
2324 738 2499 807 majus
2555 739 2761 809 aliquid
2819 742 2884 793 ad
2938 740 3287 798 dilectionem
3337 744 3517 810 habet,

1941 826 2088 896 quod
2139 828 2400 880 nimirum
2444 827 2669 883 nitidius
2711 845 2908 899 corpus
2951 846 3016 886 ac
3069 835 3245 904 magis
3295 835 3522 904 pelluci-

1942 916 2094 981 dum,
2127 917 2335 972 lumine
2383 918 2554 986 magis
2584 917 2910 974 illustretur.
2945 919 3102 986 Quod
3138 922 3182 975 si
3215 920 3412 976 Petrus
3457 938 3521 978 ea

1943 1008 2178 1072 ratione,
2211 1009 2356 1079 quod
2399 1010 2522 1078 plus
2573 1022 2736 1076 amet,
2771 1010 3075 1080 praefertur,
3122 1013 3228 1068 hoc
3267 1014 3398 1067 mihi
3429 1029 3522 1068 0c-

1944 1100 2122 1154 currit
2150 1100 2440 1154 dicendum
2473 1120 2485 1156 :
2525 1100 2643 1156 Non
2683 1117 2748 1156 eo
2803 1119 3001 1172 corpus
3044 1104 3238 1173 majori
3269 1103 3520 1174 perfundi

1943 1193 2168 1258 lumine,
2203 1209 2312 1263 quo
2343 1194 2537 1248 lumini
2579 1195 2942 1266 propinquius
2977 1207 3080 1262 est,
3127 1197 3219 1251 sed
3267 1213 3378 1267 quo
3411 1213 3522 1250 ma-

1940 1285 2060 1355 jore
2106 1285 2285 1340 nitore
2334 1295 2527 1355 suapte
2573 1298 2767 1340 natura
2819 1288 3006 1356 pollet,
3053 1303 3365 1358 quanquam
3415 1305 3521 1341 nun

1941 1375 2308 1444 propinquius
2343 1377 2562 1431 existat.
2603 1376 2758 1442 Quod
2804 1379 2849 1432 si
2889 1379 2976 1432 hic
3014 1393 3195 1433 sermo
3233 1380 3330 1433 tibi
3372 1379 3522 1433 inﬁr—

1945 1482 2068 1521 mus
2115 1467 2412 1533 videbitur,
2460 1485 2582 1539 qua:
2633 1486 2828 1525 manus
2865 1471 3066 1528 vulnus
3105 1472 3318 1539 inﬂixit,
3368 1489 3428 1527 ea
3469 1486 3523 1528 et

1943 1560 2180 1614 sanabit.
2218 1559 2346 1615 lude
2375 1574 2458 1617 est
2491 1574 2551 1615 ut
2603 1564 2917 1618 recubuerit
2959 1580 3121 1634 super
3149 1576 3340 1635 pectus
3369 1565 3520 1621 Jesu.

1943 1648 1988 1703 Ο
2046 1650 2329 1720 dignitatis
2390 1655 2800 1721 przestantiam!
2854 1654 3184 1722 Cherubim,
3253 1656 3346 1712 Dei
3395 1668 3524 1712 sont

1943 1740 2289 1809 vehiculum;
2349 1752 2404 1798 at
2448 1744 2688 1800 Joannes
2755 1762 2920 1816 super
2962 1759 3150 1818 pectus
3207 1750 3519 1804 reclinatur.

1944 1831 2044 1886 Vix
2079 1833 2294 1906 Moyses
2329 1837 2419 1891 Dei
2453 1839 2760 1907 posteriora
2791 1840 2943 1904 vidit,
2981 1842 3144 1911 idque
3186 1859 3309 1897 cum
3340 1843 3524 1897 videre

253 1936 368 1987 ἀπό
396 1951 543 1998 τινος
573 1936 819 2004 πηγαίας
843 1931 988 2002 ζωῆς
1017 1931 1084 1984 τά
1131 1929 1400 2000 θεόὸρυτα
1427 1928 1590 1982 αὑτὸν
1615 1929 1712 1998 τῆς
1747 1943 1837 1980 σο-

1945 1936 2230 1996 rogasset;
2267 1938 2320 1982 at
2355 1928 2597 1986 Joannes
2643 1933 2809 1996 ultro,
2857 1949 2918 1987 ac
2963 1935 3081 2003 ipso
3124 1936 3386 1990 invitante
3422 1936 3524 1990 Do-

253 2027 388 2095 φίας
424 2025 734 2096 ἀρύσασθαι
773 2023 1014 2093 νάματα,
1047 2023 1155 2076 κάκ
1200 2021 1406 2074 τούτων
1439 2023 1505 2074 ὲκ
1535 2021 1633 2092 τῆς
1666 2018 1840 2089 ἐμψύ-

254 2135 354 2188 χου
402 2118 610 2182 κοιλίας
651 2119 776 2180 τοὺς
825 2116 1105 2186 ποταμοὺς
1147 2115 1248 2185 τῆς
1289 2113 1571 2182 θεολογίας
1621 2114 1840 2182 ρυῖσκεο

254 2209 414 2262 σθαι·
447 2209 560 2264 ἀλλ’
595 2211 688 2264 ἐπὶ
715 2209 804 2263 τὸν
836 2208 1068 2278 σταυρὸν
1095 2208 1342 2278 μετιτέον
1375 2208 1508 2278 (27).

1947 2019 2118 2080 mino,
2149 2021 2351 2087 pectori
2386 2021 2599 2076 haerens
2630 2032 2794 2090 atque
2821 2026 3164 2093 complexus.
3197 2041 3258 2080 ea
3296 2028 3525 2082 interro-

1944 2119 2054 2180 gat,
2089 2125 2210 2179 quae
2236 2125 2335 2166 nec
2365 2110 2562 2167 Petrus
2588 2115 2964 2184 apostolorum
2995 2116 3247 2187 princeps
3284 2117 3522 2173 interro-

1946 2217 2074 2272 gare
2124 2203 2416 2269 sustinuit;
2470 2221 2579 2277 qua
2648 2207 2752 2262 sibi
2810 2208 2926 2276 ipse
2984 2209 3196 2264 ratione
3254 2209 3522 2265 Joannem

254 2299 433 2354 voluit
465 2300 769 2370 praelatum.
806 2297 1086 2367 Siquidem
1129 2297 1319 2352 ambas
1363 2294 1836 2352 considerationes
1872 2293 2054 2345 animo
2118 2292 2470 2361 expenderis,
2507 2295 2648 2349 scies
2705 2306 2910 2365 quanta
2939 2311 3002 2351 ac
3034 2297 3213 2367 qualis
3241 2299 3314 2354 sit
3345 2299 3522 2353 excel-

246 2379 422 2448 lemia
470 2392 750 2464 dignitatis
827 2389 1077 2446 Joannis.
1137 2389 1274 2445 llinc
1313 2401 1572 2461 tanquam
1627 2403 1657 2443 e
1708 2386 1855 2442 fonte
1915 2383 2151 2454 quodam
2193 2385 2339 2450 vitae,
2410 2387 2586 2456 ipsum
2627 2388 2889 2443 divinitus
2939 2391 3300 2446 seaturientes
3327 2391 3523 2446 latices

250 2485 511 2541 hausisse
561 2485 818 2540 existimo
867 2501 881 2538 :

250 2576 414 2631 nobis
450 2574 780 2629 redeundum
812 2586 916 2630 est.

332 2669 420 2723 ια’.
468 2668 635 2731 Ἰδοὺ,
661 2671 845 2739 φησὶν,
871 2673 904 2724 ό
945 2674 1070 2737 υιός
1109 2686 1226 2725 σου
1250 2685 1263 2699 ⁸
1295 2665 1423 2723 εἶτα
1469 2664 1549 2732 τῷ
1571 2661 1832 2735 μαθητῇ.

263 2761 428 2817 Ἰδοὺ
462 2763 498 2829 ἠ
517 2761 715 2830 μήτηρ
737 2779 873 2817 σου.
901 2762 1073 2817 Βαόαὶ
1093 2761 1186 2815 τοῦ
1216 2761 1536 2830 δωρήματος
1561 2759 1573 2812 ι
1599 2757 1689 2810 τὸν
1712 2754 1833 2808 δοῦ-

246 2856 368 2917 λον,
406 2852 505 2922 τῆς
526 2854 823 2924 Δεσποίνης
857 2854 944 2907 διὰ
969 2853 1286 2922 περιουσίας
1321 2849 1692 2920 καθαρότητος
1718 2846 1832 2899 υίὺν

250 2945 666 3015 άκουτισθῆναι,
716 2946 810 2998 καὶ
851 2944 1066 3014 φύλακα
1120 2941 1574 3014 προχειρισθῆναι
1611 2938 1704 2993 τοῦ
1736 2939 1833 3009 τῆς

250 3038 402 3105 ζωῆς
444 3036 954 3109 θησαυροφυλακίου
1029 3039 1056 3090 6
1101 3037 1202 3106 μὲν
1240 3036 1560 3104 ἀφίσταται,
1595 3033 1685 3086 διὰ
1723 3033 1830 3085 πά-

251 3127 404 3190 θους.
434 3128 536 3199 τῆς
562 3129 788 3193 ἀπαθῶς
825 3126 1092 3198 τεκούσης
1113 3142 1128 3158 ⁸
1157 3128 1184 3181 6
1221 3125 1276 3179 δὲ
1307 3125 1510 3194 ταύτην
1561 3124 1836 3193 ὑπηρετη-

249 3219 425 3284 τικὼς
463 3221 729 3292 λαμϐάνει
761 3221 839 3283 είς
872 3220 938 3273 τὰ
957 3219 1064 3272 ἴδια
1092 3234 1105 3250 ⁸
1134 3221 1163 3272 6
1196 3218 1465 3290 παρθένος
1488 3217 1586 3287 τὴν
1619 3213 1833 3284 Παρθέ-

251 3331 347 3365 νον
372 3329 386 3342 ⁸
416 3313 476 3367 τὺ
509 3314 695 3384 κλῆμα
725 3314 824 3384 τὴν
863 3312 1273 3381 ἀμπελοτόκον⁸
1306 3313 1334 3364 6
1368 3308 1708 3379 στρατιώτης
1735 3305 1835 3377 τὴν

933 2484 1167 2554 indeque
1224 2500 1288 2538 ex
1343 2484 1582 2539 animato
1643 2488 1829 2535 ventre
1905 2476 2190 2548 theologia;
2239 2478 2461 2535 llundna
2512 2481 2856 2551 progignere.
2940 2481 3137 2537 Verum
3184 2483 3251 2538 ad
3301 2499 3522 2540 crucem

2018 2659 2104 2713 Η.
2150 2659 2303 2726 Ecce,
2352 2661 2547 2732 inquit,
2585 2663 2732 2733 ﬁlius
2771 2673 2911 2718 tuus.
2964 2662 3169 2720 Deinde
3213 2667 3472 2736 discipulo

1947 2748 2083 2803 Ecce
2122 2760 2290 2804 mater
2332 2763 2444 2806 tua.
2475 2755 2655 2823 Papae,
2685 2767 2952 2825 quantum
2985 2759 3211 2812 munus!
3250 2758 3321 2814 Ut
3361 2760 3524 2813 nimi-

1946 2856 2067 2896 rum
2119 2857 2312 2897 servus
2366 2843 2438 2898 ob
2482 2845 2830 2900 excellentem
2881 2848 3229 2915 munditiam,
3277 2847 3523 2904 Domina

1947 2931 2092 2988 illius
2132 2935 2471 3003 appelletur;
2497 2952 2562 2990 ac
2601 2939 2720 3006 ejus
2743 2954 2866 3008 quae
2895 2940 3019 2994 vita:
3049 2941 3291 2996 thesauri
3332 2950 3523 2998 custos

1947 3023 2158 3091 fuisset,
2213 3036 2398 3082 custos
2449 3029 2836 3084 constituatur.
2888 3031 2980 3085 llle
3032 3032 3249 3102 quidem
3298 3032 3522 3096 recedit,

1942 3132 2037 3186 per
2082 3121 2393 3187 passionem
2441 3121 2510 3175 ab
2559 3137 2622 3176 ea
2677 3137 2800 3192 qua:
2853 3123 2971 3178 sine
3027 3127 3283 3194 passione
3335 3127 3388 3181 id
3442 3135 3525 3181 est

1943 3211 2110 3266 illasa
2141 3214 2449 3282 integritate
2475 3215 2714 3283 peperit;
2749 3217 2838 3269 hic
2869 3225 3050 3272 autem
3081 3217 3320 3273 ministri
3348 3199 3520 3284 more,

1946 3304 1999 3358 in
2061 3319 2159 3358 sua
2217 3319 2337 3358 eam
2391 3307 2639 3375 accipit:
2675 3309 2936 3362 nimirum
3001 3308 3165 3378 Virgo
3220 3311 3519 3381 virginem,

252 3403 542 3472 βασιλέοιν
581 3408 610 3459 6
658 3405 908 3471 θεολόγος
953 3405 1050 3475 τὴν
1094 3404 1392 3458 Θεοτόκον⁸
1418 3405 1446 3454 ὁ
1478 3400 1618 3454 κατά
1674 3399 1834 3470 χάριν

1941 3395 2148 3465 palmes
2172 3394 2459 3450 fecundam
2495 3398 2682 3463 vitem,
2717 3399 2873 3454 miles
2918 3401 3185 3470 reginam,
3234 3402 3522 3474 theologus

252 3497 549 3566 οεάδελφος
584 3499 682 3567 τὴν
705 3496 848 3549 κατὰ
874 3498 1036 3564 φύσιν
1072 3496 1374 3567 μητρόθεον
1403 3512 1416 3525 ⁸
1449 3495 1524 3548 ἴδε
1545 3495 1642 3564 τὴν
1663 3495 1836 3564 ἀρμοο

250 3590 377 3643 νέαν
408 3592 508 3660 τῆς
540 3589 873 3660 καταλλήλου
907 3591 1180 3661 κλήσεως,
1205 3591 1298 3642 καὶ
1342 3588 1602 3658 ύπεραξνε
1615 3603 1703 3639 σον
1736 3587 1835 3655 τὴν

255 3681 550 3751 σύμϐασιν.
581 3676 705 3752 Ἆρ’
749 3683 810 3734 ού
864 3682 1023 3736 τοῦτο
1084 3683 1243 3752 μόνον
1287 3683 1463 3733 πᾶσαν
1519 3677 1835 3750 ἀποκρύψαι

253 3771 563 3842 ὑπερϐολὴν
595 3773 873 3842 ὲγκωμίου
936 3773 1015 3844 τῷ
1059 3771 1292 3841 θεολόγῳ
1355 3772 1639 3842 πάρεστιν,
1672 3773 1833 3838 ἀμοι-

257 3864 444 3935 ροῦντι
469 3863 570 3932 τῆς
595 3865 815 3920 οίασοῦν
849 3866 1017 3934 ἄλλης
1064 3866 1362 3929 αἰνέσεωςς
1398 3865 1445 3916 εί
1478 3864 1533 3916 δὲ
1567 3863 1706 3931 μετά
1733 3861 1834 3931 τῆς

251 3956 364 4009 τῶν
389 3957 767 4027 προλαϐόντων
798 3956 1104 4028 ὑπερϐολῆς
1153 3959 1247 4010 καὶ
1290 3957 1359 4010 τά
1387 3957 1672 4024 φθάσαντα
1706 3971 1832 4008 συν-

253 4047 545 4117 αστράψοι,
576 4051 658 4111 τίς
689 4050 756 4103 ἂν
795 4047 1051 4119 δυνηθείη
1099 4049 1417 4117 ἀντωπῆναι
1458 4048 1552 4101 τοῦ
1583 4047 1748 4118 ῦψους
1773 4047 1834 4100 τὸ

253 4138 720 4206 άναντίόλεπτον;
769 4140 913 4192 οὕτω
953 4139 1244 4210 τοιγαροῦν
1304 4140 1687 4210 ύπερανεστώς
1719 4141 1834 4192 ἐστι

255 4231 442 4302 πάσης
485 4232 586 4302 τῆς
628 4234 686 4286 ὲν
723 4232 906 4300 λόγοις
940 4233 1392 4303 ἐγκωμιαστικῆς
1427 4231 1734 4302 δυνάμεως,
1759 4232 1833 4294 ὡς

257 4323 422 4390 μόνου
454 4325 588 4379 Θεοῦ
619 4323 758 4379 εἶναι
802 4327 1009 4378 ἐκεῖνον
1059 4324 1478 4392 ζπαινέσασθαι,
1507 4327 1556 4378 εί
1587 4326 1682 4378 καὶ
1708 4325 1833 4378 τολ-

258 4415 434 4486 μηρὸν
475 4420 652 4472 εἰπεῖν
678 4457 694 4483 ,
733 4419 863 4488 παρ’
893 4411 954 4471 οὗ
996 4418 1088 4471 καὶ⁸
1127 4417 1412 4482 πλεονάζει
1471 4419 1569 4489 τὴν
1603 4418 1788 4488 ἔφεσιν
1815 4433 1830 4447 ⁸

257 4508 348 4578 ὑφ’
386 4504 446 4563 οὖ
477 4510 574 4563 καὶ⁵
629 4509 698 4562 τὰ
729 4508 981 4580 ἐγκώμια
1032 4511 1311 4576 ἔστεπται,
1355 4509 1470 4579 φῶς
1509 4511 1602 4564 καὶ
1634 4510 1831 4580 βροντὴ

255 4601 352 4654 καὶ
398 4600 470 4658 τά
515 4600 740 4654 τοιαῦτα
811 4604 1356 4674 προσαγορευόμενος
1383 4619 1394 4631 ⁸
1427 4603 1543 4656 ἀλλ’
1597 4602 1831 4672 ἐπείπερ

254 4692 431 4746 ταῦτα
471 4692 670 4756 οὕτως,
717 4693 812 4745 καὶ
851 4693 1025 4764 πέρας
1056 4695 1280 4765 εῐληφεν
1311 4695 1343 4764 ἡ
1374 4695 1649 4766 ἀκήρατος
1675 4693 1831 4747 ἀνθο-
1867 4732 1906 4786 D

254 4785 434 4852 λογία,
467 4785 591 4838 καθ’
624 4785 748 4838 ὅσον
773 4788 993 4854 ἐφικτὸν
1033 4788 1162 4858 ἡμῖν
1191 4786 1487 4858 δρέψασθαι
1521 4789 1631 4849 τοῖς
1673 4803 1830 4839 πενο-

255 4877 456 4944 λόγοις⁹
480 4876 640 4946 δεῦρο
659 4877 754 4930 καὶ
775 4879 934 4948 ἡμεῖς
967 4881 1025 4932 ὲν
1047 4880 1257 4940 τούτοις
1282 4876 1833 4948 συγκαταπαύσωμεν

254 4984 345 5020 τον
368 4968 545 5037 λόγον,
573 4972 789 5039 μικροῖς
824 4970 1036 5038 μεγάλα
1060 4970 1391 5040 ἀμείψαντες
1409 4985 1424 5001 ⁸
1457 4971 1634 5022 ἐκεῖνο
1665 4985 1832 5039 προσ-

253 5059 441 5122 θέντες
471 5065 583 5122 τοῖς
606 5061 941 5130 εἰρημένοις,
974 5061 1049 5125 ὡς
1097 5062 1157 5115 ού
1189 5061 1385 5132 μικρὸν
1424 5061 1490 5114 ἂν
1530 5061 1615 5132 εἴη
1664 5062 1832 5132 γέρας

253 5152 408 5222 αύτῴ
454 5153 536 5216 εἰς
586 5153 898 5224 φιλοτιμίαν
947 5156 1040 5207 καὶ
1087 5156 1123 5226 ἡ
1161 5156 1578 5225 φρικωδεστάτη
1618 5155 1828 5208 ἀποκά-

253 5243 436 5314 λυψις,
461 5245 527 5316 ῆν
559 5246 615 5296 ὲν
634 5245 840 5316 Πάτμῳ
874 5247 1244 5316 περιορισθεὶς
1271 5246 1359 5298 διὰ
1384 5248 1474 5298 τὸν
1505 5245 1659 5314 λόγον
1682 5262 1754 5297 πα
1767 5247 1833 5315 ρὰ

254 5337 349 5390 τοῦ
383 5338 633 5408 τηνικάδε
663 5339 1210 5409 κρατοῦντος,θεόθεν
1239 5339 1469 5412 μυηθεὶς
1495 5339 1792 5392 ἐκδέδωκεν
1815 5355 1828 5368 ·

256 5430 552 5484 καὶτοῦτο
603 5434 667 5484 ὲκ
719 5429 1065 5500 πλεονασμοῦ
1113 5431 1209 5500 τῆς
1271 5431 1491 5499 ἀγάπης
1545 5429 1831 5500 ἱδιαίρετον

256 5521 411 5592 παρά
440 5524 566 5586 τοὺς
593 5522 814 5586 λοιποὺς
842 5522 1078 5594 εἰληφώς
1101 5539 1114 5551 ·
1141 5522 1273 5592 φασὶ
1295 5523 1350 5574 δὲ
1377 5521 1538 5575 αὑτὸν
1572 5522 1707 5590 μετά
1736 5520 1832 5580 τὰς

258 5603 416 5683 ἱερὰς
439 5612 653 5676 ὲκείνας
690 5613 972 5684 περιόδους
1007 5613 1102 5666 καὶ
1141 5615 1241 5684 τὴν
1289 5612 1650 5682 εύαγγελικὴν
1675 5612 1832 5682 περί-

257 5704 423 5773 ληψιν
449 5703 558 5757 τῶν
587 5705 859 5775 περάτων,
884 5699 984 5759 ὧδέ
1016 5723 1117 5759 που
1151 5706 1315 5776 μέσον
1347 5707 1425 5768 είς
1449 5705 1542 5774 τὴν
1559 5703 1834 5756 Ἀσιάτιδα

257 5795 446 5870 χθόνα,
474 5798 532 5848 ὲν
619 5799 713 5851 καὶ
745 5797 836 5851 τὸν
874 5797 1178 5852 διδακτικὸν
1223 5797 1410 5868 θρόνον
1453 5796 1652 5866 μᾶλλον
1699 5795 1833 5848 καθ-

1942 3487 2224 3556 Deiparam
2251 3508 2262 3542 :
2290 3487 2382 3542 Dei
2429 3487 2594 3543 frater
2633 3506 2729 3560 per
2768 3493 2996 3561 gratiam
3032 3535 3046 3558 ,
3099 3494 3213 3547 Dei'
3242 3506 3521 3564 parentem

1940 3596 2034 3650 per
2078 3591 2352 3636 naturam.
2389 3580 2520 3638 Vide
2554 3585 2932 3640 convenientis
2975 3588 3359 3656 appellationis
3389 3605 3522 3643 con-

1939 3675 2286 3739 sonantiam,
2341 3691 2405 3729 ac
2461 3693 2625 3744 supra
2680 3679 2898 3732 modum
2953 3681 3109 3732 lauda
3164 3697 3513 3737 concursum.

1938 3763 2130 3820 Nerine
2165 3768 2246 3821 vel
2280 3767 2383 3821 hoc
2414 3785 2582 3822 unum
2628 3772 2764 3823 satis
2801 3759 2901 3834 dsit,
2939 3781 2998 3824 ut
3038 3772 3369 3829 laudationis
3402 3792 3523 3828 om-

1941 3875 2060 3912 nem
2105 3860 2504 3926 excellentiam,
2553 3877 2661 3930 qua
2703 3863 2827 3932 quis
2869 3865 3183 3936 theologum
3221 3881 3520 3935 prosequa-

1937 3957 2027 4002 tur
2074 3948 2356 4015 obscuret,
2406 3953 2625 4007 tametsi
2675 3953 2817 4007 desit
2866 3954 2972 4008 alia
3009 3955 3191 4010 omnis
3241 3955 3520 4010 laudatio?

1939 4040 2036 4096 Sin
2081 4050 2262 4094 autem
2314 4055 2439 4094 eum
2489 4057 2678 4096 eorum
2718 4058 2841 4112 quae
2889 4045 3143 4114 superius
3193 4044 3336 4099 dicta
3393 4057 3524 4100 sunt

1938 4136 2300 4200 sublimitate,
2338 4139 2500 4191 etiam
2551 4139 2799 4208 proxima
2841 4140 3164 4204 colluceaut,
3207 4140 3332 4210 quis
3367 4141 3522 4196 inac-

1936 4244 2150 4283 cessam
2184 4230 2324 4286 visui
2355 4231 2700 4285 altitudinem
2733 4233 2906 4300 possit
2951 4233 3190 4286 intueri?
3221 4231 3313 4287 Sic
3338 4234 3523 4303 itaque

1937 4322 2186 4390 superior
2221 4332 2303 4376 est
2330 4323 2477 4375 omni
2521 4322 2778 4379 facultate
2810 4324 3090 4390 laudandi,
3123 4334 3186 4380 ut
3224 4326 3397 4381 solius
3429 4325 3521 4380 Dei

1935 4413 2416 4471 counnendatione
2453 4418 2737 4472 ornandus
2766 4419 2836 4472 sit
2863 4418 3202 4488 (quanquam
3237 4419 3344 4476 hoc
3373 4411 3521 4474 vide-

1936 4518 2024 4562 tur
2053 4508 2319 4566 audacius
2345 4512 2513 4578 dici);
2556 4528 2583 4566 a
2612 4527 2722 4581 quo
2758 4513 2922 4566 etiam
2960 4513 3166 4569 amoris
3205 4514 3350 4566 illam
3382 4530 3518 4583 prae-

1939 4604 2239 4673 rogativam
2289 4603 2532 4667 obtinet;
2581 4619 2610 4656 a
2656 4619 2766 4673 quo
2816 4612 2871 4658 et
2918 4605 3175 4660 laudibus
3224 4615 3518 4660 coronatus

1937 4706 2040 4759 est,
2070 4695 2208 4748 lucis
2232 4695 2320 4748 illa
2347 4695 2728 4764 appellatione,
2751 4699 3110 4766 t0nitruique,
3138 4713 3200 4750 ac
3231 4699 3514 4752 similium.

1936 4785 2071 4837 Cum
2106 4785 2219 4838 hmc
2263 4795 2440 4838 autem
2489 4787 2560 4839 ita
2596 4801 2652 4838 se
2686 4787 2939 4851 habeant,
2985 4797 3038 4841 et
3085 4796 3369 4856 postquam
3403 4789 3516 4841 siu-

1936 4891 2060 4930 cera
2090 4876 2285 4931 ﬂorum
2319 4879 2596 4947 decerptio
2622 4878 2782 4932 ﬁnem
2811 4880 3041 4948 accepit,
3069 4889 3333 4947 quantum
3362 4881 3517 4933 nobis

1938 4981 2035 5034 pro
2073 4969 2220 5019 tenui
2262 4967 2516 5021 facultate
2547 4968 2762 5022 dicendi
2791 4968 3083 5036 decerpere
3120 4969 3292 5030 licuit,
3331 4985 3429 5040 age
3462 4981 3515 5024 et

1938 5071 2038 5108 nos
2071 5057 2122 5109 in
2155 5057 2238 5109 his
2268 5072 2610 5125 peroremus,
2648 5059 2857 5111 minora
2902 5057 3257 5126 repondentes
3292 5061 3513 5128 majori-

1943 5148 2044 5201 bus
2078 5166 2090 5200 :
2124 5148 2228 5202 hoc
2256 5150 2520 5202 duntaxat
2556 5150 2816 5203 addentes
2859 5149 2923 5202 iis
2949 5165 3069 5216 qua:
3105 5151 3366 5216 diximus,
3408 5167 3512 5206 non

1941 5241 2233 5294 minimum
2261 5255 2380 5295 esse
2400 5239 2596 5295 Joanni
2627 5241 2692 5294 ad
2724 5241 3182 5311 magnificentiam
3211 5244 3515 5311 praemium.

1943 5333 2088 5386 illam
2139 5349 2300 5402 quam
2353 5336 2404 5386 in
2459 5333 2648 5386 Patrno
2707 5332 3194 5386 horrendissitnant
3256 5334 3520 5404 Apocaly-

1942 5425 2102 5495 psim,
2134 5425 2264 5479 dum
2303 5441 2368 5478 eo
2399 5425 2450 5478 in
2486 5427 2605 5479 loco
2648 5425 3053 5495 praedicationis
3092 5440 3258 5478 causa
3300 5427 3514 5478 exsula-

1943 5528 2024 5573 ret
2072 5519 2193 5589 ejus
2223 5519 2444 5573 decreto
2491 5520 2584 5587 qui
2634 5531 2762 5572 tunc
2811 5521 2992 5571 rerum
3038 5518 3366 5587 potiebatur,
3407 5517 3514 5571 Deo

1942 5610 2166 5663 docente
2215 5609 2421 5662 edidit:
2457 5611 2558 5663 hoc
2589 5623 2806 5678 quoque
2855 5607 2924 5660 ob
2971 5607 3278 5661 dilectionis
3315 5621 3518 5675 praeru-

1943 5703 2177 5772 gativam
2204 5700 2466 5770 singulari
2500 5716 2607 5769 prae
2644 5700 2766 5754 aliis
2795 5698 3057 5768 apostolis
3095 5713 3318 5752 munere
3347 5696 3516 5750 dona-

1947 5802 2050 5847 tus.
2097 5794 2260 5847 Aiunt
2305 5803 2484 5847 autem
2517 5808 2661 5853 eum,
2698 5802 2817 5862 post
2849 5805 3038 5846 sacros
3073 5792 3192 5845 illos
3230 5791 3518 5852 circuitus,

333 5907 443 5978 (27l
477 5909 567 5965 Sic
591 5908 750 5964 etiam
784 5910 836 5963 in
865 5925 1114 5966 sermone
1150 5911 1296 5964 edito
1343 5911 1406 5964 de
1449 5923 1607 5964 cruce
1645 5906 1854 5962 Tltcodt

1942 5923 1965 5962 s
1996 5925 2007 5960 :
2043 5907 2166 5960 Ἐπὶ
2199 5907 2253 5960 δὲ
2294 5906 2384 5960 τὸν
2418 5906 2646 5977 σταυρδν
2679 5907 2911 5961 ἐπιτέον.
