4170 6476
692 370 798 435 787
1887 382 1947 441 S.
1989 383 2276 446 THEODC

2375 389 2378 445 ἶ
2409 388 2761 453 ΞΊἪΠΙΤᾸΞ
3847 402 3940 465 788

694 490 859 553 atque
888 485 1253 554 evangelicam
1300 489 1766 564 praedicationem,
1814 512 1920 567 qua
1955 498 2108 555 orbis
2136 502 2271 559 lines

2391 504 2669 576 ιδρύσατο,
2700 505 2761 560 τὸ
2804 508 2949 577 ἱερὸν
2994 508 3160 564 αὐτοῦ
3208 508 3369 581 σῶμα
3418 509 3718 565 ἀποθέσθαι
3745 528 3762 543 ³
3794 530 3956 586 ταφην

695 582 1014 648 Complexus
1055 588 1161 642 est,
1189 581 1425 650 quodam
1456 584 1601 640 Asia:
1642 586 1761 644 loco
1802 600 2136 656 manentem.
2172 594 2265 649 ubi

2388 597 2487 665 μὲν
2517 598 2659 651 κατὰ
2686 598 2859 652 τύπον
2905 600 3138 654 Θανάτου
3164 640 3181 667 ,
3210 599 3488 671 μεταστάς
3526 601 3587 655 δὲ
3623 602 3769 674 ὑπὲρ
3808 581 3958 673 φύσιν

692 668 966 737 praecipue
1018 668 1201 725 sedem
1255 674 1558 744 magisterii
1608 678 1995 745 collocaverat,
2046 697 2267 739 sacrum

2383 688 2730 762 ἀνθρωπίνην
2747 692 2884 762 (28),
2910 693 2999 747 τνα
3020 694 3123 747 κάν
3144 668 3322 764 τοῦτῳ
3343 693 3540 765 δοξάσῃ
3561 694 3696 759 Θεὸς
3719 668 3832 749 τὸν-
3848 698 3962 751 ἑαυ-

695 772 856 813 suum
891 775 1090 829 corpus
1115 761 1438 833 deposuisse
1464 784 1478 820 :
1505 777 1561 822 et
1598 771 1908 839 sepulcrum
1936 772 2153 842 quidem
2182 790 2273 844 po-

2381 779 2477 833 τοῦ
2503 761 2918 856 ὲραστῆνμάλα
2943 803 2957 818 ·
2987 785 3125 840 ἀλλά
3150 786 3211 839 τὸ
3253 761 3353 857 μὶν
3385 761 3544 857 σῶμα
3579 788 3637 842 ἐν
3667 788 3880 854 τούτοις
3909 792 3961 845 τὸ

694 848 860 903 silum
918 850 1090 907 fuisse
1139 854 1296 921 quasi
1350 857 1545 911 mortis
1591 867 1807 929 typum;
1856 862 2034 932 ipsum
2088 872 2276 920 tamen

2384 848 2622 943 καθαρὸν
2654 848 2750 929 καὶ
2773 848 2979 941 lassa;
3029 879 3127 931 ml.
3154 877 3223 931 τά
3253 848 3541 950 ’στίγματα
3584 880 3681 935 τοῦ
3727 848 3963 953 Χριστοῦ

696 954 862 1010 Supra
904 952 1111 996 natura:
1140 944 1394 1001 humana:
1434 948 1804 1006 conditionem
1835 955 2178 1015 translatum.
2216 965 2276 1011 ut

2388 962 2556 1032 φέρον
2585 980 2597 992 ·
2629 968 2697 1036 τῇ
2723 966 2779 1019 δὲ
2813 967 2962 1037 ψυχῇ
2998 966 3133 1038 οὔσῃ
3172 967 3250 1032 ὠς
3298 944 3521 1038 nam;
3556 967 3707 1038 ἡλίου
3740 944 3963 1038 (percoct-

698 1033 801 1087 hac
832 1048 1049 1105 quoque
1077 1036 1294 1093 ratione
1334 1041 1633 1110 pracipuos
1665 1041 1808 1100 Deus
1842 1046 2066 1101 honoris
2096 1056 2276 1116 partes

2385 1053 2646 1127 δεστέρᾳ,
2670 1033 3061 1123 adﬁges.
3106 1033 3323 1113 ἒνθένδε
3362 1033 3629 1132 inania
3667 1033 3963 1135 δορυφορίᾳ

697 1125 930 1179 amatori
964 1140 1067 1181 suo
1099 1126 1335 1184 deferret
1398 1128 1466 1183 Et
1496 1146 1698 1203 corpus
1738 1135 1955 1204 quidem
1989 1138 2073 1193 sic
2120 1138 2276 1193 habi-

2388 1145 2470 1207 εἰς
2504 1125 2712 1201 ἐκεῖνον
2729 1150 2820 1203 τὸν
2873 1150 3052 1222 χῶρον
3104 1125 3573 1223 μετελήλυθέντὸν
3603 1125 3775 1225 "abre?
3818 1125 3961 1224 lube;

697 1224 807 1269 tum
841 1224 945 1281 est,
982 1232 1178 1286 purum
1207 1219 1337 1274 illud
1365 1235 1429 1275 ac
1457 1237 1626 1279 suave
1656 1224 1927 1295 fragrans,
1956 1227 2272 1301 Christique

2378 1232 2573 1287 ποντα
2608 1236 2711 1307 τῆς
2773 1219 3016 1311 ἀρρήτου
3091 1219 3186 1295 καὶ
3251 1219 3642 1312 πρωτοφανοῦς
3701 1219 3961 1312 sicula-

695 1306 950 1377 stigmata
998 1324 1196 1378 gerens
1272 1312 1455 1367 anima
1501 1324 1704 1384 autem,
1748 1333 1869 1387 quae
1900 1319 2041 1375 lueis
2090 1320 2275 1391 splen-

2382 1342 2545 1391 σεως.

695 1398 920 1457 doribus
948 1418 1136 1459 revera
1160 1405 1328 1461 solem
1369 1410 1681 1477 superabat,
1712 1412 1782 1467 ab
1831 1413 2083 1470 humanis
2118 1418 2361 1485 evolans,
2399 1423 2735 1492 stipantibus
2768 1428 3083 1499 angelorum
3121 1428 3327 1493 choris,
3358 1428 3424 1483 ad
3490 1429 3668 1484 locum
3722 1429 3960 1485 transiit.

698 1496 791 1566 qui
844 1497 1017 1566 ipsam
1075 1501 1324 1564 decebat,
1393 1503 1781 1563 inenarrabilis
1807 1508 1956 1565 illius
1986 1510 2259 1582 primique
2296 1528 2360 1567 ac
2390 1515 2759 1577 lucentissimi
2790 1496 2999 1593 gaudii.

768 1591 857 1647 12.
914 1591 1021 1647 Sed
1076 1609 1113 1648 ο
1160 1594 1511 1664 beatissime,
1571 1609 1761 1671 terque
1813 1605 2155 1672 beatissime,
2210 1612 2351 1670 aeB

695 1697 923 1753 prorsus
953 1685 1266 1742 beatissime
1304 1685 1542 1746 Joannes
1572 1710 1585 1747 :
1615 1708 1812 1763 magne
1845 1695 2121 1768 Evangelii
2170 1700 2275 1765 sol,

690 1776 837 1844 jugis
883 1777 1168 1846 theologia
1215 1783 1513 1851 scaturigo,
1556 1786 1852 1855 apostoliee
1899 1804 2071 1853 rame,
2116 1790 2279 1847 Petro

695 1872 940 1935 coiiipar,
991 1878 1044 1923 tu
1082 1886 1181 1925 nos
1210 1871 1277 1925 de
1323 1873 1478 1929 caelis
1528 1874 1763 1948 benigne
1808 1878 2041 1935 intuere.
2084 1879 2277 1937 Viden‘

696 1972 860 2025 quam
884 1959 956 2013 sit
984 1962 1157 2017 tristis
1180 1963 1371 2018 horum
1399 1965 1718 2022 inferiorum
1752 1969 1919 2026 facies
1942 1970 1966 2025 ?
1993 1969 2277 2029 Destructa

697 2062 825 2103 sunt
866 2052 1064 2106 altaria
1106 2055 1353 2123 angustis
1390 2057 1701 2114 simulacris
1727 2070 2029 2117 coronata:
2062 2064 2277 2122 ablatus

695 2148 783 2196 est
808 2157 1089 2198 sacrorum
1116 2147 1439 2216 templorum
1468 2151 1633 2206 decor
1662 2171 1674 2207 :
1702 2151 1909 2209 Christi
1937 2156 2114 2226 imago
2138 2157 2276 2212 ludi-

693 2233 817 2289 brio
858 2236 1041 2291 habita
1083 2248 1165 2293 est
1203 2248 1257 2293 et
1286 2241 1351 2295 ad
1390 2242 1620 2298 nihilum
1668 2245 1887 2302 redacta
1923 2247 1977 2301 in
2024 2250 2273 2315 urbibus,

692 2327 834 2395 ruri,
883 2330 1068 2384 domi:
1099 2332 1324 2402 insuper
1377 2335 1539 2389 etiam
1596 2336 1865 2407 Deiparae,
1918 2356 1981 2395 ac
2031 2340 2275 2411 cujusvis

693 2418 836 2475 alius
880 2424 956 2476 tui
994 2422 1280 2487 similium,
1326 2436 1420 2481 aut
1451 2428 1614 2482 etiam
1658 2438 1710 2484 te
1755 2431 2051 2497 minorum,
2105 2449 2133 2491 a
2164 2433 2275 2490 Deo

693 2509 1002 2566 aﬂlatorum
1044 2512 1291 2570 Patrum.
1337 2515 1605 2573 Luctuosa
1653 2521 1859 2578 omnia.
1897 2523 2129 2578 Assume
2172 2522 2275 2577 Pe-

694 2612 865 2667 trum,
916 2620 1129 2675 tritaque
1170 2605 1434 2663 Jacohum
1494 2627 1747 2668 assumas
1805 2629 2083 2685 rogamus.
2139 2613 2275 2670 Tres

693 2710 818 2760 vos.
855 2695 1059 2753 Christi
1095 2699 1326 2755 comites
1356 2701 1588 2767 assidui,
1627 2719 1751 2756 cum
1787 2714 1871 2758 est
1915 2707 2268 2777 transﬁgura-

694 2797 808 2852 tus,
836 2805 958 2844 cum
1000 2790 1258 2862 pleraque
1296 2794 1561 2848 miracula
1594 2795 1800 2861 ederet,
1829 2811 1953 2851 cum
1998 2798 2049 2851 in
2079 2799 2272 2869 agonia

695 2896 888 2950 preces
922 2881 1197 2948 funderet,
1232 2885 1380 2940 velut
1403 2884 1518 2955 jam
1557 2886 1783 2958 collegis
1825 2889 1949 2945 aliis
1989 2904 2053 2945 ac
2081 2890 2273 2946 condio

2448 1612 2537 1682 ιβ’.
2582 1612 2790 1670 ’Δλλ⁹ὧ
2841 1619 3252 1691 μακαριιὶιτατες
3293 1622 3387 1676 καὶ
3422 1622 3960 1693 τρισμακαριῶτατε,

2378 1705 2474 1759 καὶ
2522 1710 3037 1779 παμμακαριώτατι
3072 1713 3315 1783 Ἰωάννη,
3344 1716 3374 1768 ὁ
3407 1714 3580 1785 μέγας
3601 1712 3694 1766 τοῦ
3720 1714 3961 1781 εὖατΥε’

2376 1800 2495 1855 λίου
2544 1802 2717 1873 ἥλιος,
2746 1808 2775 1859 ὁ
2807 1806 2982 1880 βρυὴρ
3020 1810 3121 1879 τῆς
3170 1810 3452 1880 θεολογίας
3497 1813 3527 1865 ὁ
3569 1810 3821 1875 άένναοςζ
3858 1811 3962 1863 τῶν

2379 1895 2693 1951 ἀποστόλων
2731 1900 2995 1971 ἀκρέμων
3034 1901 3171 1971 (29),
3221 1904 3480 1973 ίσόπετρε
3530 1903 3665 1974 (30),
3693 1905 3761 1957 σὺ
3815 1903 3960 1973 ἡμᾶς

2377 1986 2671 2058 οὐρανόθεν
2719 1990 2965 2059 εὐμενῶς
3009 1992 3182 2059 ἔπιδε,
3211 1994 3343 2063 ὅσης
3381 1993 3452 2046 τά
3494 1987 3597 2048 ὧδε
3626 1994 3953 2065 κατηφείας,

2377 2079 2677 2147 ὴφάνισται
2709 2080 3074 2154 θυσιαστήρια
3098 2084 3408 2153 ἐστεμμένα
3430 2083 3597 2147 θείοις
3620 2084 3955 2154 ἀγάλμασιν,

2377 2170 2662 2242 ἀφῄρηται
2682 2172 2829 2226 ναῶν
2862 2174 3025 2245 ἱερῶν
3070 2175 3379 2246 εὐπρέπεια
3404 2177 3477 2247 ’ἠ
3515 2175 3678 2228 εἰκὼν
3723 2176 3956 2247 Χριστοῦ

2378 2264 2742 2335 καθύϐρισται
2764 2282 2776 2297 ’
2807 2265 3160 2331 ἑξουδένωται
3188 2270 3282 2322 καὶ
3306 2270 3364 2321 ὲν
3406 2270 3621 2323 ⁴πόλεσιν
3650 2269 3745 2322 καὶ
3768 2270 3828 2320 ὲν
3857 2267 3960 2339 χὼ-

2378 2376 2502 2430 ραις
2563 2361 2657 2413 καὶ
2695 2362 2815 2413 κατ’
2863 2363 3048 2424 οἴκους
3075 2372 3089 2391 ⁸
3127 2364 3261 2431 πρὸς
3304 2363 3361 2416 δὲ
3406 2365 3501 2416 καὶ
3547 2362 3646 2432 τῆς
3686 2361 3955 2431 Θεομήτο-

2382 2468 2471 2519 ρος
2512 2452 2644 2521 (31),
2676 2454 2771 2505 καὶ
2816 2446 2879 2506 οὗ
2926 2470 3073 2515 τινος
3111 2450 3205 2506 οὖν
3253 2454 3416 2507 ἄλλου
3462 2453 3570 2506 τῶν
3616 2448 3728 2516 οἷος
3760 2454 3827 2505 σὺ
3868 2452 3959 2506 καὶ

2380 2540 2548 2609 μείων
2578 2540 2670 2593 σοῦ
2703 2542 2996 2612 θεοφόρων.
3050 2542 3317 2614 Ὀδυρμοῦ
3346 2545 3415 2596 τὰ
3435 2543 3635 2596 πάντα.
3678 2543 3832 2596 Λάϐε
3854 2541 3957 2596 [ιὲ-

2376 2648 2526 2700 τρον,
2555 2630 2955 2702 συμπαράλαδε
2998 2631 3275 2696 Ἰάκωϐον,
3300 2631 3534 2701 δεόμεθα
3557 2646 3569 2658 ·
3604 2631 3655 2683 οἱ
3686 2632 3837 2700 τρεῖς
3872 2630 3960 2684 ἀεὶ

2377 2721 2599 2793 Χριστῷ
2623 2724 3020 2795 συμπάρεδροι,
3054 2722 3588 2795 μεταμορφουμένῳ,
3614 2722 3960 2791 θαυματουρ-

2375 2813 2562 2881 γοῦντι
2583 2813 2653 2867 τά
2680 2814 2873 2876 πολλὰ,
2896 2816 3222 2883 ἀγωνιῶντι,
3266 2814 3691 2885 προσευχομένῳ
3716 2831 3730 2844 ·
3756 2814 3833 2877 ὠς
3858 2814 3963 2885 ἤδη

2376 2904 2486 2959 τῶν
2514 2906 2817 2977 ὁμοχώρων
2854 2906 3273 2977 μυστικώτεροι,
3306 2905 3464 2958 αὐτοὶ
3508 2907 3602 2957 καὶ
3639 2904 3737 2958 νῦν
3764 2906 3865 2959 σὺν
3892 2908 3960 2975 τῇ

694 2975 921 3045 scipnlis
968 2977 1145 3049 magis
1189 2978 1487 3050 spiritales,
1519 2994 1583 3034 ae
1624 2980 1808 3035 divina
1842 2982 2023 3049 docti;
2074 2983 2179 3053 ipsi
2221 2993 2276 3038 et

2378 2960 2562 3065 λοιπῇ¹
2598 2960 2876 3069 σέὅασμία
2926 2960 3106 3052 ὲννάδι
3153 2960 3457 3068 τὴννάγίαν
3504 2994 3713 3066 Τριάδα
3750 2960 3959 3067 εὕρ.εῆ

695 3067 865 3122 modo
882 3084 1007 3123 eum
1039 3069 1198 3124 beata
1224 3085 1418 3125 novem
1444 3070 1721 3126 sociorum
1754 3080 1995 3139 caterva,
2026 3084 2273 3130 sanctam

697 3158 860 3214 nobis
918 3158 1242 3214 Trinitatem
1295 3162 1586 3230 prepitiam
1637 3162 1867 3227 reddite,
1915 3172 1977 3218 ut
2022 3164 2277 3221 Christus

697 3249 945 3320 iniquum
976 3251 1080 3308 hoc
1125 3267 1273 3308 mare
1302 3252 1574 3323 increpet,
1613 3262 1671 3309 ut
1702 3254 1976 3323 quondam
2007 3257 2277 3328 increpuit

696 3343 839 3411 apud
882 3340 1266 3408 Tiberiadem;
1302 3344 1719 3415 tranquillitate,
1753 3361 1876 3415 qua:
1911 3362 2101 3416 pacem
2139 3363 2278 3417 pra:—

697 3442 827 3497 stet.
861 3433 1105 3490 vicissim
1132 3437 1452 3503 exoriente;
1482 3448 1543 3492 ut
1585 3453 1714 3494 suas
1754 3438 1872 3508 ipse
1900 3438 2182 3502 ecclesias,
2222 3440 2276 3494 in

696 3524 983 3595 antiquam
1033 3524 1181 3579 illam
1227 3534 1281 3580 et
1307 3526 1610 3595 jucundam
1643 3526 1983 3583 orthodoxia:
2026 3539 2280 3583 venusta-

698 3624 811 3672 tem
858 3617 1104 3671 reducat.
1135 3615 1216 3671 Tu
1270 3632 1399 3673 vero
1445 3619 1577 3674 mihi
1618 3620 1934 3686 temerario,
1981 3621 2062 3674 vir
2096 3621 2273 3688 beate,

698 3709 967 3781 propitius
998 3719 1142 3775 esto,
1179 3710 1271 3780 qui
1300 3710 1606 3777 debuerim,
1641 3720 1699 3767 at
1741 3728 1849 3767 non
1890 3713 2223 3768 laudaverim
2261 3731 2274 3767 :

699 3803 795 3859 sed
843 3813 897 3859 et
946 3818 1039 3858 eos
1088 3804 1371 3874 suscipere
1410 3805 1673 3875 digneris,
1723 3806 1818 3876 qui
1865 3807 2127 3877 templum
2176 3808 2277 3861 hoc

697 3910 862 3969 quam
908 3904 1101 3949 ornate
1139 3905 1247 3949 tam
1292 3906 1614 3965 sumptuose
1653 3897 1752 3951 tihi
1776 3906 2186 3961 exstruxerunt,
2220 3898 2275 3953 in

696 4002 809 4057 quo
858 3996 912 4043 et
964 3987 1150 4057 plures
1201 3987 1253 4041 in
1311 3988 1617 4051 vestibulis,
1663 3989 2059 4045 monachorum
2103 4006 2274 4055 more,

700 4094 929 4149 corpora
968 4096 1065 4135 sua
1111 4079 1466 4150 reliquerunt,
1525 4092 1580 4136 ut
1632 4082 1719 4137 hic
1759 4084 1946 4153 positi,
1993 4083 2277 4154 splendido

696 4175 1023 4244 caelestique
1052 4175 1407 4231 tabernaculo
1435 4186 1527 4232 tuo
1566 4178 2021 4246 advolverentur;
2069 4192 2121 4237 te
2154 4192 2276 4237 tan-

698 4275 815 4321 tum
850 4266 1036 4322 videre
1060 4276 1335 4335 optantes.
1368 4285 1493 4324 eum
1532 4272 1789 4326 universo
1828 4287 2012 4343 grege,
2057 4290 2156 4343 pro
2186 4275 2269 4328 di-

697 4356 920 4425 gnitatis
957 4370 1235 4420 mensura,
1269 4369 1534 4427 quantum
1566 4360 1633 4412 iis
1669 4374 1996 4415 concessum
2028 4372 2132 4424 cst,
2174 4366 2265 4432 qui

698 4463 731 4500 e
760 4456 905 4501 terra
945 4446 1000 4501 in
1038 4446 1211 4503 solem
1237 4448 1416 4518 ipsum
1453 4451 1726 4520 aspiciunt
1755 4468 1770 4505 :
1803 4452 1854 4505 iu
1891 4451 2111 4508 Christo
2140 4453 2266 4510 Jesn

698 4538 930 4592 Domino
960 4548 1168 4604 nostro,
1196 4556 1361 4610 quem
1381 4541 1538 4597 decet
1564 4543 1743 4595 oninis
1770 4543 1966 4613 gloria.
1994 4546 2190 4609 honor,
2216 4557 2271 4602 et

697 4629 965 4693 aduratio,
1017 4644 1142 4685 cum
1186 4629 1348 4687 Patre
1387 4645 1449 4688 ac
1502 4645 1693 4688 sancto
1730 4634 1960 4704 Spiritu,
2017 4652 2163 4694 nunc
2215 4648 2269 4694 et

700 4737 936 4794 semper,
960 4732 1015 4778 et
1044 4724 1096 4777 in
1128 4726 1328 4780 saecula
1344 4726 1693 4782 saeculorum.
1722 4726 1915 4782 Amen.

2378 3088 2509 3157 ἡμῖν
2538 3089 2975 3159 καταστήσασθε,
3022 3089 3352 3160 ἐπιτιμῆσαι
3380 3089 3615 3162 Χριστὸν
3643 3092 3711 3160 τῇ
3741 3092 3961 3162 πονηρᾷ

2375 3179 2549 3251 ταύτῃ
2581 3178 2845 3253 θαλάσσῃ,
2872 3180 2948 3245 ὥς
2984 3198 3111 3235 ποτε
3143 3182 3211 3254 τῇ
3257 3180 3573 3252 Τιϐεριάδι,
3598 3180 3841 3251 γαλήνης
3879 3182 3960 3235 εἰς

2381 3266 2690 3343 ρηνοδῶρου
2740 3272 3202 3343 ἀπανισχούσης,
3234 3272 3639 3345 ἑπαναδραμεῖν
3685 3271 3786 3336 τὰς
3826 3273 3963 3327 ἑαυ-

2376 3360 2471 3415 τοῦ
2515 3360 2845 3433 Ἐκκλησίας
2880 3362 2959 3423 είς
2987 3362 3084 3432 τὴν
3103 3361 3336 3433 ἀρχαίαν
3372 3364 3467 3416 καὶ
3498 3361 3823 3435 άρεσθεῐσαν
3856 3363 3964 3433 τῆς

2377 3452 2690 3523 ὀρθοδοξίας
2741 3450 3054 3523 ὡραιότητα
3077 3467 3093 3482 ·
3148 3452 3273 3523 ἐμοὶ
3308 3452 3364 3506 δὲ
3399 3453 3465 3506 σὺ
3489 3451 3570 3521 τῷ
3595 3451 3884 3523 τολμητία,
3912 3444 3963 3504 ὦ

2383 3544 2590 3615 μάκαρ,
2626 3544 2785 3609 ἵλεως
2837 3544 2930 3598 ἔσο
2971 3544 3268 3616 ὀφλήσαντι
3314 3544 3417 3599 οὐκ
3452 3544 3802 3599 ἔπαινισαντι
3824 3560 3840 3573 ·
3862 3546 3961 3597 καί

2379 3652 2443 3704 γε
2470 3634 2653 3699 δέξαιο
2679 3637 2806 3698 τοὺς
2833 3635 2983 3689 τόνδε
3028 3652 3114 3689 σοι
3152 3636 3247 3690 τὸν
3293 3636 3423 3691 ναὸν
3465 3634 3604 3706 ὁμοῦ
3658 3635 3756 3706 μιν
3796 3652 3964 3706 περι-

2378 3727 2613 3790 καλλῶς,
2648 3726 2785 3797 ὁμοῦ
2819 3726 2876 3779 δὲ
2914 3728 3007 3780 καὶ
3048 3727 3379 3799 περιουσίως
3420 3727 3744 3798 ἐγείραντας
3767 3742 3781 3757 ·
3820 3728 3877 3781 ιν
3909 3720 3961 3797 ᾧ

2379 3823 2471 3876 καὶ
2504 3821 2572 3875 τά
2603 3818 2832 3889 σώματα
2865 3820 2915 3872 οἱ
2946 3819 3167 3883 πλείους
3208 3819 3522 3890 άσκητικῶς
3556 3818 3747 3871 εἴασαν
3776 3820 3855 3883 είς
3882 3820 3961 3874 τὰ

2379 3913 2666 3984 προαύλια,
2691 3912 2767 3975 ὡς
2807 3910 3040 3965 ἐνταῦθα
3074 3911 3177 3982 τῆς
3224 3911 3325 3983 σῆς
3366 3910 3676 3980 φανοτάτης
3700 3910 3959 3981 οὐρανίου

2380 4007 2584 4076 σκηνῆς
2624 4004 3028 4076 παραρῤιπτείν
3083 4003 3165 4057 δεῖ
3201 4001 3456 4056 τοσοῦτον
3500 3999 3857 4070 ἀξιουμένους
3889 4019 3956 4055 σε

2375 4100 2510 4172 όρᾷν
2542 4098 2641 4151 σὺν
2674 4097 2835 4151 παντὶ
2879 4094 2956 4167 τῷ
2983 4094 3221 4165 ποιμνίῳ
3261 4094 3405 4147 κατά
3448 4094 3744 4164 διάμετρον
3774 4091 3956 4159 ἀξίας,

2375 4192 2501 4244 ὅσον
2522 4190 2573 4244 οί
2600 4190 2737 4261 πρὸς
2761 4188 2924 4241 αὑτὸν
2952 4187 3049 4240 τὸν
3072 4187 3225 4257 ἥλιον
3260 4185 3666 4247 ἀποϐλέποντες
3686 4201 3703 4216 ⁸
3729 4185 3789 4238 ὲν
3819 4184 3960 4253 Χρι-

2305 4316 2347 4370 D
2379 4281 2490 4354 στῷ
2524 4281 2701 4352 Ἰησοῦ
2735 4280 2813 4350 τῷ
2858 4280 3049 4351 Κυρίῳ
3079 4279 3259 4349 ἡμῶν,
3297 4269 3344 4344 ᾧ
3380 4277 3583 4348 πρέπει
3620 4278 3771 4370 πᾶσα
3798 4274 3955 4370 δόξα,

2374 4375 2529 4446 τιμὴ,
2554 4373 2647 4428 καὶ
2674 4372 3065 4442 προσκύνησις,
3098 4371 3217 4440 ἅμα
3248 4369 3326 4439 τῷ
3354 4370 3526 4438 Πατρὶ
3571 4369 3665 4421 καὶ
3704 4367 3783 4437 τῷ
3810 4367 3960 4437 ἁγίῳ

2377 4465 2677 4535 Πνεῦματι,
2710 4465 2805 4518 νῦν
2834 4465 2926 4517 καὶ
2954 4464 3041 4517 ἀεὶ
3065 4462 3159 4517 καὶ
3194 4464 3275 4527 είς
3291 4462 3417 4527 τοὺς
3448 4460 3651 4526 αἰῶνας
3680 4460 3791 4515 τῶν
3817 4459 3955 4514 αἰώ-

2376 4575 2502 4613 νων.
2547 4557 2737 4627 Ἀμήν.

2109 4871 2535 4929 ADNOTATIO.

774 4974 946 5041 igitur
988 4985 1200 5056 septem
1229 4976 1499 5056 Theodori
1536 4975 1770 5056 Studitge
1814 4982 2175 5056 panegyricas
2213 4985 2506 5043 Orationes
2536 4988 2807 5049 dedimus,
2842 5001 3074 5056 quarum
3128 4985 3250 5037 dum
3287 4986 3743 5056 l.atine_tantum
3793 4985 3958 5040 edita:

703 5043 958 5124 fuerant._
979 5043 1200 5115 reliquae
1231 5063 1338 5124 nec
1358 5046 1545 5124 Graece
1579 5064 1678 5124 nec
1699 5043 1931 5124 _Lat'ine.
1958 5043 2107 5108 'A'nte
2150 5071 2247 5110 nos
2286 5067 2464 5113 tamen
2495 5043 2803 5113 exstabant
2831 5043 2950 5110 alia:
2983 5072 3173 5111 novem
3211 5056 3459 5124 ejusdem
3492 5054 3718 5110 Studitae
3746 5056 3957 5111 oratio-

702 5131 818 5171 nes.
865 5112 998 5197 l."|n
1041 5112 1540 5197 erucem-Domini,
1563 5118 1664 5197 ρι’.
1698 5118 1819 5174 Lat.
1857 5124 1995 5197 apud
2024 5124 2341 5180 Gretserutn
2384 5112 2474 5195 op.
2514 5112 2586 5182 De
2614 5144 2786 5190 cruce,
2823 5138 2862 5181 t.
2895 5128 2959 5187 ll.
2997 5143 3049 5197 p.
3082 5125 3209 5197 25].
3240 5112 3312 5180 ῙΙ.
3349 5126 3405 5179 In
3445 5127 3784 5197 nativitatem
3826 5126 3960 5179 Dei-

700 5200 870 5254 parze,
910 5184 1010 5238 Gr.
1045 5184 1163 5240 Lat.
1202 5187 1349 5241 edita
1380 5189 1521 5242 inter
1560 5184 2000 5259 Damascenieas,
2044 5204 2102 5249 ut
2140 5197 2378 5264 nosjam
2411 5184 2672 5263 diximus,
2701 5184 2875 5268 p.34.
2913 5184 3067 5251 lll'ct
3096 5196 3187 5251 IV.
3223 5197 3298 5251 De
3324 5197 3650 5251 adoratione
3676 5196 3778 5251 SS.
3810 5196 3955 5250 ima-

770 5324 883 5391 (28)
912 5324 1047 5380 Nota
1080 5336 1226 5391 Slllll,
1256 5343 1375 5397 qua:
1398 5329 1466 5383 de
1507 5331 1676 5384 sancti
1710 5331 1937 5387 Joannis
1969 5329 2277 5388 extraordi-

700 5397 859 5449 nario
890 5397 1074 5451 obitus
1106 5412 1323 5466 genere,
1360 5399 1441 5454 vel
1472 5400 1635 5454 etiam
1681 5403 2037 5457 translatione
2069 5414 2160 5456 aut
2191 5421 2275 5457 re-

701 5466 1068 5543 surrectione,
1106 5479 1331 5521 narrant
1375 5472 1622 5543 nonnulli
1665 5482 1873 5529 veteres
1908 5474 2048 5543 apud
2075 5473 2272 5528 Sandi-

701 5538 849 5589 nium
882 5537 935 5589 in
964 5535 1109 5613 (list:
1138 5548 1312 5613 epos}.
1340 5555 1393 5606 p.
1432 5540 1559 5613 189.
1589 5540 1805 5597 Festum
1841 5535 1960 5613 ejus
1993 5547 2267 5613 μεταστά-

2384 5352 2468 5391 me
2496 5333 2615 5389 Jobi
2671 5337 2962 5404 interprete
2989 5348 3107 5403 cap.
3134 5349 3245 5393 xw.
3286 5332 3318 5385 7
3359 5350 3373 5387 :
3416 5332 3474 5386 '0
3507 5332 3777 5404 ράδαμνός
3803 5333 3960 5387 ἐστιν

2381 5406 2580 5467 παντὸς
2607 5403 2826 5476 δένδρου
2855 5404 2916 5476 τὸ
2946 5406 3134 5474 ἄκρον,
3196 5404 3335 5473 ὅπερ
3369 5403 3649 5476 ἀκρέςμονα
3677 5403 3954 5471 λέγουσιν.

2451 5477 2569 5543 (50)
2587 5473 2823 5541 Compar
2857 5473 3031 5528 Petro
3057 5476 3265 5527 honore
3308 5473 3668 5543 apostolatus,
3697 5489 3803 5527 non
3837 5476 3959 5543 pri-

2376 5542 2579 5602 matus.
2609 5545 2822 5601 Etenim
2846 5546 3141 5613 primatum
3175 5544 3416 5597 vindieat
3468 5542 3628 5597 Petro
3672 5544 3788 5613 ipse
3815 5542 3957 5598 Stu-

702 5621 839 5686 eam;
872 5615 953 5659 est
1062 5606 1190 5686 _Ka|.
1233 5608 1555 5686 Grmcg,di_e
1578 5612 1648 5686 26
1683 5625 1823 5686 sept.
1848 5606 2064 5686 Laudes
2086 5615 2265 5686 eidem
2371 5618 2485 5672 dita
2528 5619 2581 5671 in
2642 5606 3120 5686 pra-cedentibus”
3158 5628 3274 5686 nec
3312 5629 3418 5667 non
3458 5614 3581 5669 aliis
3611 5606 3747 5668 locis
3782 5614 3835 5667 in
3866 5614 3957 5668 iu-

702 5675 945 5744 iusigues
970 5678 1353 5756 dicits’anrtus
1378 5680 1679 5752 Cyrillusin
1713 5675 1933 5740 homilia
1962 5684 2099 5756 Opp.
2138 5694 2175 5738 t.
2202 5684 2261 5750 Υ,

703 5757 843 5815 part.
888 5763 947 5807 tt.
980 5762 1032 5815 p.
1066 5749 1192 5803 380.

777 5815 891 5885 ('29)
926 5818 1230 5873 lllustratur
1288 5820 1387 5877 hoc
1436 5824 1762 5878 vocabulum
1789 5825 1857 5880 ab
1887 5825 2091 5881 inedito
2123 5824 2267 5893 apud

2368 5688 2489 5742 dice
2517 5685 2899 5742 Sirmondiano
2927 5685 3221 5739 aduotalis.

2450 5760 2563 5827 (3t)
2597 5756 2769 5826 Luget
2799 5757 3035 5820 Studita,
3087 5764 3145 5808 ut
3198 5755 3251 5827 in
3305 5755 3429 5827 aliis
3453 5754 3655 5824 passim
3698 5755 3949 5827 scriptis.

2374 5827 2862 5884 lcouomachorum
2892 5826 2977 5880 sui
3011 5826 3273 5894 temporis
3316 5826 3543 5881 scelera.
