4170 6486
256 418 363 480 793

1008 429 1293 492 ORATIO
1342 434 1418 494 X.
1472 460 1539 470 -
1570 435 1650 494 ΙΝ
1700 436 1761 495 S.
1810 436 2455 499 BARTHOLOMIEUM
2517 439 2775 499 APOST.

3410 436 3514 501 794

261 529 784 603 εὐαγγελιζομένου,
820 536 952 590 ἀλλὰ
978 540 1072 593 καὶ
1108 541 1512 612 Βαρθολομαίου
1531 547 1780 620 ὲῖσότερα
1810 556 1822 584 ε

1942 547 2108 601 ditur.
2150 548 2289 603 Petri
2323 550 2553 620 speciosi
2588 558 2713 605 sunt
2743 550 2907 619 pedes
2950 552 3086 604 bona
3138 547 3516 617 evangelizan-

265 621 345 684 είς
372 624 439 676 τὰ
474 624 730 694 μετέωρα
761 627 1147 696 θεολογοῦντος,
1202 635 1409 706 Πέτρος
1440 638 1823 710 τερατουργῶν

263 714 333 768 τὰ
370 714 604 785 μεγάλα,
638 716 774 770 ἀλλὰ
827 720 917 772 καὶ
962 722 1366 792 Βαρθολομαῖος
1402 727 1840 799 θαυματουργῶν

263 807 336 861 τὰ
385 807 637 877 ραγδαῖα.
674 810 879 879 Πέτρος
906 812 1363 886 ἀνασταυροῦται,
1398 820 1533 873 ἀλλὰ
1563 822 1657 874 καὶ
1702 821 1840 890 Βαρ-

264 898 552 970 θολομαῖος
591 900 873 955 ἀντίποινα
904 903 1129 973 πάσχων
1151 914 1543 979 καρατομεῖεαι
1580 928 1591 940 °
1612 913 1713 965 ὅσα
1737 913 1839 985 δρᾷ

266 989 491 1060 Πέτρος,
546 992 782 1047 τοσαῦτα
848 996 1063 1066 ἐνεργεῖ
1103 999 1538 1069 Βαρθολομαῖος’
1602 1004 1686 1072 ἐρ’
1736 1006 1836 1057 ὅσα

263 1087 434 1154 χωρεῖ
461 1088 737 1156 μυστήρια
773 1091 800 1141 ὁ
847 1089 1072 1159 Πέτρος,
1116 1092 1207 1144 ἐπὶ
1240 1095 1480 1147 τοσαῦτα
1539 1097 1834 1166 ἐμϐατεύει

262 1173 667 1244 Βαρθολομαῖος
689 1193 704 1208 ο
748 1179 835 1231 ἐπ’
870 1180 993 1247 ἴσης
1029 1183 1109 1243 εἰς
1132 1181 1192 1234 τὸ
1214 1181 1313 1245 τῆς
1343 1182 1618 1252 θεολογίας
1676 1189 1834 1259 ἀνίη-

259 1281 349 1316 σιν
378 1265 504 1336 ὅρος
546 1284 560 1296 ο
604 1268 693 1321 ἐπ’
730 1269 851 1340 ίσης
880 1270 1119 1342 θεμελιοῖ
1173 1275 1272 1345 τὴν
1310 1276 1637 1349 Ἐκκλησίαν
1660 1297 1674 1311 ’
1738 1283 1835 1335 αν·

256 1356 499 1425 τίρῤοπα
558 1358 714 1429 ἔσχεν
767 1362 835 1414 τὰ
879 1362 1042 1416 λοιπὰ
1092 1363 1208 1418 θεῖα
1268 1369 1606 1439 χαρίσματα.
1658 1372 1829 1445 Δεῦρο

255 1447 392 1534 γοῦν
422 1451 854 1521 μειλισσόμενος,
903 1456 1061 1523 γενοῦ
1097 1454 1325 1530 ειψορόξ
1379 1461 1492 1533 (57)
1540 1463 1634 1516 τοῦ
1669 1464 1830 1534 λόγου

253 1530 301 1588 ὦ
343 1541 530 1611 μάκαρ
552 1543 877 1611 ’,τράνωσόν
910 1539 1011 1614 μου
1039 1546 1138 1617 τὴν
1212 1530 1480 1617 γλῶτταν,
1515 1551 1611 1604 τοῦ
1673 1530 1805 1624 μογι

250 1628 419 1684 λάλου
446 1647 459 1661 ο
492 1633 635 1686 δίδου
671 1652 759 1704 μοι
790 1635 887 1700 τὰς
908 1639 1165 1709 ἀφορμὰς
1211 1640 1321 1694 τῶν
1379 1644 1673 1715 ἐγκωμίων
1726 1648 1827 1715 τῆς

252 1720 359 1790 σῆς
378 1724 766 1797 μεγαλωσύνης
785 1744 801 1761 ο
820 1730 919 1799 οὐχ
945 1728 1203 1795 maere;
1228 1735 1556 1803 προσλάϐοις
1580 1755 1655 1805 τι,
1688 1738 1827 1809 ἔχων

248 1814 466 1868 οἴκοθεν
496 1818 603 1869 τῶν
632 1824 1004 1892 μακαρισμῶν
1032 1825 1091 1876 τὸ
1129 1826 1357 1896 πλῆρες,
1420 1829 1536 1881 ἀλλ’
1580 1832 1669 1886 ἵνα
1728 1835 1828 1902 ἁφο

247 1904 456 1976 οσιωθῇ
484 1907 513 1958 ὁ
544 1909 707 1973 πόθος
736 1910 830 1964 τοῦ
859 1916 1291 1985 προστεταχότος
1323 1918 1436 1987 ('68)
1466 1934 1480 1949 '
1500 1924 1593 1974 καὶ
1621 1924 1670 1976 ἰν
1694 1924 1824 1995 ’ἐγὼ

246 1997 278 2048 ὁ
308 1999 694 2068 πενιχρότατος
728 2004 854 2066 παῖς
882 2020 972 2056 σου
993 2009 1265 2078 πατρικῆς
1297 2009 1462 2080 εὐχῆς
1492 2014 1826 2070 ἀπολαύσαι-

250 2104 316 2155 μι
347 2128 361 2153 ,
390 2091 597 2161 ἐπαίνῳ
626 2092 715 2144 τὸν
746 2094 839 2145 σὸν
860 2094 1084 2149 ἔπαινον
1128 2102 1554 2171 συγκροτοῦντος
1583 2094 1703 2177 (ὅθί
1722 2124 1734 2138 ο
1759 2109 1820 2161 οὐ

245 2183 361 2250 γάρ
406 2178 599 2236 οἷόντε
657 2186 926 2257 ἀμέτοχον
974 2193 1254 2262 φωτισμοῦ
1314 2198 1682 2269 μεμενηκέναι
1730 2201 1822 2255 τὸν

247 2272 390 2341 πρὸς
414 2274 513 2338 τὰς
539 2277 710 2339 αὑτὰς
734 2278 835 2348 τῆς
859 2280 1089 2352 ἡλιακῆς
1128 2284 1348 2350 ἀκτῖνος
1368 2270 1703 2343 ἀνανεύοντα
1724 2292 1821 2356 τὰς

245 2369 444 2438 κόρας.

319 2467 387 2528 γ’.
432 2461 623 2525 Ἀλλος
661 2466 758 2533 μὲν
784 2462 875 2520 οὖν
911 2468 1131 2522 ἄλλοθεν
1156 2470 1262 2523 τῶν
1281 2473 1596 2528 ἀποστόλων
1617 2476 1819 2547 διειληο

240 2550 366 2619 φὼς
402 2554 563 2625 μέρος
591 2556 692 2624 τῆς
734 2560 1062 2629 οἰκουμένης
1123 2565 1182 2614 ὲν
1227 2564 1306 2633 τῷ
1352 2567 1668 2637 κηρύγματι
1722 2571 1821 2640 τῆς

241 2641 706 2709 θεογνωσίας,κα“ι
734 2649 934 2712 πάντες
963 2650 1021 2703 τὸ
1037 2651 1143 2705 πᾶν
1163 2653 1589 2724 διανειμάμενοι,
1617 2676 1811 2729 στρατ-

240 2732 373 2799 ηγοὶ
422 2733 682 2806 ὤφθησαν
746 2740 821 2803 ὡς
870 2741 1107 2812 ἀληθῶς,
1152 2747 1245 2796 καὶ
1295 2748 1389 2799 τοῦ
1432 2751 1821 2818 παμϐασιλέως

240 2823 487 2892 Χριστοῦ
560 2828 965 2904 καθεστήκασιν
1041 2835 1298 2905 ἄρχοντες
1332 2852 1346 2867 ·
1406 2843 1821 2910 Καταστήσεις

240 2916 360 2984 γὰρ
385 2918 606 2983 αὐτοὺς
637 2920 937 2990 ἄρχοντας
992 2926 1091 2979 ἐπὶ
1153 2926 1361 2983 πᾶσαν
1418 2930 1534 2996 τὴν
1591 2933 1728 3002 γῆν,
1759 2936 1821 2989 τὸ

239 3006 484 3078 Γράμμα
527 3015 995 3084 προσηγόρευσεν.
1051 3016 1142 3087 Τῷ
1193 3020 1371 3073 τοίνυν
1419 3022 1819 3095 εὑφημουμένῳ

239 3099 445 3171 κλῆρος
474 3104 568 3157 καὶ
594 3106 773 3175 μερὶς,
811 3108 839 3160 ὁ
878 3109 976 3178 τῆς
1039 3110 1328 3181 Ἀρμενίας
1382 3114 1583 3184 χῶρος,
1641 3120 1669 3170 ὁ
1712 3119 1820 3173 ἀπὸ

237 3191 446 3245 Esne:
481 3195 645 3265 μέχρι
678 3196 929 3265 Γαϐαὼθ,
958 3202 1016 3253 ὲν
1048 3202 1264 3265 πολλοῖς
1297 3205 1479 3259 ἔθνεσί
1508 3225 1565 3260 τε
1602 3211 1696 3262 καὶ
1725 3212 1814 3264 πό-

1938 640 2027 703 tis,
2058 642 2152 694 sed
2183 649 2237 695 et
2268 639 2653 695 Bartholomati
2688 656 2844 712 pares
2868 652 2995 696 sunt
3018 656 3236 712 gressus
3258 639 3510 694 sublimia

1940 730 2007 784 de
2045 729 2155 785 Deo
2186 731 2477 801 loquentis.
2514 732 2707 787 Petrus
2736 748 2929 803 magna
2966 733 3213 802 prodigia
3247 730 3381 791 edit.
3417 732 3508 786 sed

1940 829 1995 875 et
2026 820 2450 877 Bartlinlomteus
2503 823 2765 877 miracula
2800 823 3021 893 grandia
3068 829 3262 891 patrat.
3317 819 3512 875 Petrus

1939 910 2295 981 cruciﬁgitur,
2344 918 2435 967 sed
2475 922 2529 967 et
2575 912 3003 968 Bartholomteus
3048 920 3311 966 tormenta
3359 911 3509 981 paria

1937 1016 2247 1072 perpessus,
2283 1005 2456 1073 capite
2497 1005 2779 1060 minuitur.
2812 1004 3085 1072 Quantum
3132 1004 3322 1058 Petrus
3345 1046 3360 1069 ,
3390 1013 3511 1056 tan~

1938 1096 2176 1150 tumdem
2239 1096 2668 1153 Bartholomaeus
2723 1107 2995 1166 operatur.
3062 1095 3204 1162 Quot
3271 1084 3513 1164 capessit

1935 1189 2196 1258 mysteria
2226 1187 2446 1251 Petrus,
2497 1189 2718 1244 totidem
2767 1188 3004 1244 decurrit
3035 1188 3463 1242 Bartholomtens
3492 1204 3506 1252 ;

1934 1281 2028 1349 qui
2055 1289 2107 1335 et
2140 1296 2294 1349 teque
2349 1280 2632 1352 theologia:
2671 1291 2910 1336 montem
2965 1280 3320 1344 conscendit,
3356 1294 3509 1348 aeque

1933 1372 2188 1428 Ecclesia:
2218 1371 2566 1429 fundamenta
2612 1375 2788 1444 jacit,
2830 1375 2982 1445 paria
3037 1376 3269 1444 denique
3321 1373 3510 1428 habuit

1934 1463 2138 1533 reliqua
2198 1467 2359 1519 etiam
2411 1465 2497 1519 Dei
2532 1466 2881 1520 charismata.
2940 1465 3140 1518 Adesto
3187 1464 3352 1533 igitur
3385 1477 3507 1531 pro-

1930 1560 2117 1629 pitius,
2137 1562 2437 1616 orationem
2470 1564 2779 1632 suppedita,
2807 1577 2839 1616 o
2872 1562 3029 1616 beate
3060 1562 3397 1631 ;expeditam
3422 1560 3505 1615 fac

1931 1648 2166 1723 linguam
2201 1670 2374 1710 meam
2409 1654 2754 1709 balhutientis
2786 1672 2801 1721 ;
2843 1655 2909 1709 da
2942 1654 3073 1707 mihi
3116 1652 3507 1723 magnitudinis

1931 1753 2035 1800 tua:
2065 1744 2432 1800 collaudauda:
2470 1747 2750 1800 materiam
2783 1764 2797 1812 ;
2831 1761 2935 1798 non
2980 1762 3091 1815 quo
3127 1755 3183 1799 tu
3229 1745 3353 1799 inde
3405 1744 3507 1800 ali-

1926 1838 2051 1907 quid
2109 1838 2361 1907 prolicias
2397 1880 2411 1902 ,
2469 1839 2674 1894 habens
2723 1838 3054 1893 intrinsecus
3106 1838 3504 1893 beatitudinum

1928 1930 2315 1998 plenitudinem
2343 1969 2356 1994 ,
2396 1931 2487 1985 sed
2517 1940 2575 1985 ut
2600 1932 2747 1985 illius
2773 1932 2861 2001 qui
2892 1932 3022 1984 mihi
3050 1932 3324 1985 mandavit
3358 1931 3504 1985 desi-

1924 2020 2131 2074 derium
2193 2021 2553 2090 adimpleatur
2596 2039 2610 2087 ;
2662 2031 2826 2091 atque
2877 2030 2934 2076 ut
2990 2037 3088 2093 ego
3143 2023 3506 2092 pauperculus

1923 2111 2161 2167 famulus
2213 2121 2339 2167 tuus
2402 2113 2645 2183 paternis
2700 2112 2955 2182 precibus
3004 2111 3175 2169 fruar.
3236 2113 3289 2166 in
3348 2112 3505 2166 laude

1923 2202 2252 2259 celebritatis
2305 2212 2431 2258 tum.
2495 2202 2681 2273 Neque
2724 2204 2869 2257 enim
2910 2202 3024 2257 ﬁeri
3081 2212 3290 2271 potest,
3347 2214 3406 2257 ut
3459 2206 3502 2258 is

1921 2309 2116 2364 expers
2169 2296 2392 2352 luminis
2426 2306 2640 2351 maneat
2671 2336 2685 2359 ,
2727 2296 2821 2365 qui
2851 2296 2917 2350 ad
2974 2297 3289 2365 splendores
3311 2294 3507 2350 solaris

1922 2384 2057 2438 radii
2094 2385 2379 2439 oculorum
2411 2387 2583 2440 aciem
2626 2385 2891 2440 intendat.

1991 2476 2045 2530 5.
2082 2476 2274 2547 itaque
2303 2479 2679 2543 aposmlorum
2711 2478 2851 2531 alius
2885 2476 3047 2531 aliam
3072 2476 3260 2530 mundi
3296 2484 3503 2551 partem

1922 2568 2145 2624 sortitus
2188 2570 2255 2623 ad
2306 2570 2709 2638 praedicandam
2747 2570 2839 2624 Dei
2876 2569 3151 2634 n0titiam,
3190 2578 3353 2637 atque
3384 2568 3505 2623 uni-

1922 2676 2134 2715 versum
2168 2663 2309 2716 inter
2343 2677 2402 2716 se
2441 2663 2645 2730 partiti,
2683 2663 2852 2717 duces
2880 2677 3069 2731 reapse
3099 2670 3495 2731 apparuerunt,

1923 2765 1976 2810 et
2004 2757 2331 2812 universalis
2380 2759 2524 2829 regis
2562 2758 2767 2813 Christi
2815 2758 3090 2829 principes
3127 2765 3255 2813 sunt
3290 2758 3501 2813 consti-

1925 2849 2021 2903 tuti
2054 2868 2068 2902 :
2128 2847 2425 2903 Constitues
2464 2852 2603 2904 enim
2636 2867 2722 2905 eos
2792 2851 3054 2921 principes
3111 2867 3269 2919 super
3302 2865 3504 2909 omnem

1923 2952 2150 3004 terram,
2203 2943 2380 3012 inquit
2432 2942 2719 3013 Scriptura
2753 2946 2819 2997 “.
2870 2944 3008 2998 Huic
3038 2952 3218 2996 autem
3286 2944 3504 2996 laudato

1922 3046 2110 3089 nostro
2150 3048 2271 3090 sors
2324 3035 2610 3104 portioque
2643 3035 2968 3090 Armeniaca
3024 3036 3174 3104 regio
3200 3034 3409 3104 obtigit,
3435 3033 3504 3088 ab

1921 3125 2093 3181 Evilat
2135 3142 2305 3197 usque
2351 3126 2619 3189 Gabaoth,
2663 3127 2846 3182 multis
2898 3127 3115 3198 populis
3168 3126 3503 3195 urbibusque

1926 3217 2203 3273 distincta.
2237 3216 2392 3272 Hunc
2431 3232 2561 3287 ergo
2599 3216 2727 3269 dum
2775 3216 3011 3271 mitteret
3039 3214 3324 3279 Dominus,
3346 3215 3500 3269 video

236 3283 361 3336 λεσι
404 3286 846 3357 περιοριζόμενος
873 3306 886 3320 ο
948 3291 1139 3346 τοῦτον
1181 3296 1489 3365 τοιγαροῦν,
1548 3300 1815 3355 ἀποστέλ-

1924 3318 2009 3363 ιυι·
2050 3310 2182 3363 mihi
2214 3311 2294 3364 sic
2325 3283 2554 3380 mystice
2581 3310 2853 3365 allocutus
2879 3328 2891 3363 :
2926 3309 3093 3378 Perge
3120 3308 3188 3363 ad
3233 3307 3500 3379 prmdica-

235 3375 402 3429 λοντα
427 3376 518 3429 τὸν
548 3378 965 3450 Κύριον,ὲκείνα
994 3384 1136 3437 δοκῶ
1155 3387 1433 3455 μυστικῶς
1457 3390 1815 3460 φθέγγεσθαι·

246 3469 466 3536 ’Δπιθι,
494 3463 538 3523 ὦ
572 3471 813 3541 μαθητὰ,
848 3476 984 3545 πρὸς
1003 3466 1073 3530 ’τὸ
1102 3481 1382 3550 κήρυγμα,
1400 3480 1535 3546 ἔξιθι
1558 3485 1692 3555 πρὸς
1724 3487 1819 3540 πό-

237 3558 427 3628 λεμον,
457 3559 705 3632 χώρησον
729 3562 756 3601 ά
783 3565 916 3634 πρὸς
940 3567 1222 3632 κινδύνους
1242 3586 1255 3600 ·
1318 3572 1483 3643 κήδου
1519 3584 1581 3632 ει,
1603 3558 1717 3645 μου
1759 3577 1818 3630 τὸ

238 3651 492 3720 πλάσμα,
521 3654 550 3706 ὃ
584 3655 859 3726 οίκτείρας
893 3658 1362 3733 ὲνηνθρωπίσθης,
1418 3666 1512 3718 καὶ
1568 3668 1708 3738 ὑπὲρ
1755 3663 1816 3724 οὗ

240 3741 474 3794 θάνατον
503 3743 726 3815 εἱλόμην
752 3747 843 3798 τὸν
876 3739 1239 3804 ἐπονείδιστον
1264 3766 1279 3781 ’
1303 3752 1415 3822 ἐγὼ
1460 3756 1520 3809 τὸ
1551 3761 1816 3828 πατρικὸν

238 3832 403 3901 ἔργον
441 3833 787 3897 τετελείωκα.
820 3841 1221 3910 πρωτομάρτυς
1259 3842 1359 3913 τῆς
1412 3846 1670 3915 ἀληθείας
1726 3866 1819 3917 γε-

239 3922 496 3992 νόμενος·
532 3925 705 3995 ὑμῶν,
733 3928 793 3980 τὸ
850 3930 1027 3983 ἐνδέον
1067 3931 1086 3970 τ
1121 3929 1515 4005 ἀναπληρῶσαι
1538 3939 1645 3993 τῶν
1667 3942 1816 4011 ὲμῶν

239 4014 666 4085 ὐστερημάτων,
700 4020 822 4073 καθ’
850 4022 1107 4091 ὁμοίωσίν
1146 4042 1247 4094 μου
1282 4028 1568 4094 τελοῦντας
1594 4048 1606 4061 ·
1643 4033 1815 4104 μίμη-

241 4105 331 4158 σαί
360 4123 454 4159 σου
481 4107 573 4161 τὸν
619 4109 970 4166 διδάσκαλονο
1030 4117 1347 4187 παραξηλοῦ
1397 4120 1493 4173 τοῦ
1543 4124 1814 4179 Δεσπότου

239 4211 335 4247 σου
371 4197 440 4249 τὰ
461 4196 611 4288 πάθη
637 4215 651 4230 ·
680 4200 907 4269 αῖμασιν
963 4199 1102 4276 αἷμα
1160 4208 1353 4273 κάθες·
1397 4209 1647 4283 σαρξ¹ίν’⁸
1678 4216 1811 4288 σάρο

239 4302 344 4348 κας
370 4286 622 4357 προδίδου
648 4305 662 4319 ·
688 4291 865 4343 πάντα
887 4292 987 4346 ὅσα
1020 4296 1330 4367 ὑπήνεγκα,
1380 4286 1812 4371 ἀπιπεπονθῶς,

240 4377 523 4444 ὑπόδειξον
542 4381 600 4435 ὲν
626 4382 773 4455 αὐτῷ
801 4385 1004 4457 ἐναργῆ
1029 4387 1098 4440 τὰ
1126 4392 1484 4462 γνωρίσματα
1513 4390 1651 4448 ¹ιτοῦ
1679 4395 1811 4468 epes

239 4472 588 4543 χαρακτῆρος
615 4490 628 4502 ·
663 4476 803 4528 ὅπλα
828 4494 909 4529 σοι
940 4479 1081 4531 ἔστω
1110 4480 1168 4533 τὸ
1199 4482 1583 4555 φιλάνθρωπον
1614 4490 1671 4541 ἐν
1698 4493 1814 4554 τοῖς

238 4562 629 4633 άπανθρώποις
665 4568 708 4631 ί,
740 4568 802 4621 τὸ
830 4569 1040 4641 ἥμερον
1072 4573 1131 4625 ὲν
1173 4576 1284 4638 τοῖς
1334 4576 1691 4649 λοιδοροῦσιν,
1748 4583 1810 4635 τὸ

238 4653 564 4719 ἀνεξίκακον
588 4658 644 4710 έν
672 4662 781 4723 τοῖς
806 4661 1105 4717 κτείνουσιν
1130 4681 1143 4694 ’
1176 4665 1250 4728 ὡς
1276 4670 1543 4737 πρόὗατον
1576 4675 1633 4725 ὲν
1658 4675 1810 4746 μέσῳ
1844 4643 1885 4696 D

236 4743 418 4798 λύκων
446 4748 751 4818 γινόμενος,
784 4753 859 4817 ὠς
891 4743 1112 4825 ὁπλίτης
1144 4758 1480 4828 τεθηγμένος
1538 4766 1605 4834 τῇ
1656 4743 1816 4819 εὐαν-

236 4836 410 4909 δρείᾳ.
445 4840 559 4893 Οὐκ
594 4843 889 4914 ῆπείθησεν
913 4850 941 4900 ὁ
992 4849 1332 4919 Ἀπόστολος,
1366 4853 1466 4906 οὐκ
1519 4852 1673 4909 εἶπεν
1700 4859 1817 4923 πῶς

310 4951 354 4984 ⁸⁸
380 4950 529 5009 Psal.
562 4971 707 5022 κων,
746 4959 831 5013 l7.

1920 3402 2145 3465 tionem,
2180 3402 2469 3470 discipule,
2524 3400 2870 3470 proﬁciscere
2915 3402 2968 3455 in
3000 3401 3219 3465 bellum,
3266 3399 3404 3454 vade
3429 3398 3498 3453 ad

1918 3492 2181 3563 pericula.
2213 3491 2448 3548 Consule
2512 3503 2779 3548 creatura:
2832 3508 3003 3559 meae,
3041 3507 3205 3563 quam
3254 3506 3354 3561 ego
3394 3494 3497 3545 mi-

1918 3600 2111 3639 serans
2150 3583 2328 3640 factus
2385 3600 2507 3639 sum
2546 3585 2731 3647 homo,
2786 3599 2997 3655 proque
3022 3599 3084 3639 ea
3117 3593 3347 3639 mortem
3372 3591 3495 3638 tur-

1918 3681 2198 3750 pissimam
2232 3679 2398 3733 subii.
2436 3677 2548 3749 Ego
2580 3679 2901 3747 imperatum
2933 3694 2963 3732 a
2986 3676 3148 3734 Patre
3186 3692 3328 3746 opus
3358 3691 3499 3732 con-

1916 3772 2208 3837 summavi,
2236 3771 2447 3841 primus
2482 3769 2637 3825 testis
2672 3771 2916 3824 veritatis
2949 3769 3150 3826 factus.
3196 3768 3368 3823 Oliicii
3402 3783 3500 3823 ve-

1916 3862 2015 3916 stri
2046 3870 2147 3926 est,
2181 3862 2326 3930 quod
2377 3860 2531 3914 deest
2570 3860 2863 3929 supplere;
2900 3866 2948 3913 et
2993 3872 3115 3928 quae
3138 3872 3237 3926 ego
3290 3856 3498 3925 reliqua

1915 3950 2043 4013 feci,
2074 3950 2186 4019 pari
2218 3965 2380 4019 opere
2406 3950 2696 4018 complere.
2731 3949 3047 4019 Magistrum
3079 3960 3233 4003 tuum
3262 3948 3495 4007 imitare.

1915 4038 2129 4094 Domini
2153 4038 2230 4093 tui
2277 4039 2561 4109 passiones
2620 4038 2899 4104 aemulare,
2951 4038 3311 4109 sanguinibus
3364 4053 3501 4092 san—i

1914 4132 2131 4202 guinem
2166 4131 2424 4196 retribue,
2458 4131 2716 4187 carnibus
2759 4146 2983 4187 carnem
3013 4132 3288 4202 repende:
3322 4146 3496 4201 quan-

1915 4234 2026 4279 tum
2066 4240 2168 4295 ego
2198 4224 2419 4295 pertuli,
2464 4225 2799 4279 tantumdem
2835 4232 2890 4278 tu
2920 4224 3154 4294 patiens,
3189 4225 3414 4279 ostende
3438 4223 3496 4277 in

1915 4325 1965 4371 te
1998 4316 2117 4386 ipso
2149 4316 2433 4385 perspicua
2495 4316 2826 4370 litteamenta
2874 4314 3065 4370 formae
3121 4329 3268 4370 mea.
3329 4314 3495 4369 Arma

1913 4407 2007 4463 tihi
2041 4409 2148 4462 sint
2195 4408 2511 4462 humanitas
2549 4408 2689 4462 inter
2712 4407 3055 4462 inhumanos
3084 4446 3099 4471 ,
3132 4406 3501 4461 mansuetudo

1912 4499 2054 4553 inter
2091 4498 2513 4562 conviciatores,
2548 4498 2809 4567 patientia
2858 4498 2997 4552 inter
3028 4497 3351 4560 homicidas,
3378 4504 3499 4549 tan-

1915 4606 2077 4658 quam
2114 4590 2236 4644 ovis
2276 4590 2331 4643 in
2368 4588 2549 4644 medio
2596 4590 2845 4659 luporum
2875 4588 3098 4643 ell'ectus
3124 4627 3139 4653 ,
3182 4587 3339 4641 miles
3385 4585 3499 4640 for-

1916 4681 2144 4737 titudine
2170 4680 2335 4735 animi
2364 4688 2651 4735 exacutus.
2704 4680 2821 4735 Non
2858 4681 3071 4751 negavit
3122 4681 3494 4735 obedientiam

1915 4772 2237 4842 apostolus;
2274 4786 2383 4825 non
2439 4771 2613 4825 dixit:
2674 4768 2961 4836 Quomodo
3020 4770 3299 4839 superabit
3336 4770 3493 4838 lupos

1916 4877 2115 4934 agnus,
2153 4875 2297 4916 unus
2349 4860 2540 4927 mille,
2592 4871 2887 4916 extraneus
2936 4860 3153 4914 urbium
3218 4873 3492 4929 proceres,

1544 5061 1774 5119 VABl/E
1806 5064 2230 5121 LECTIONES.‘

297 5143 673 5227 ¢_A_nastasitts
696 5151 1267 5227 tequejucunji._quasi
1284 5152 1484 5227 _|_egerit
1502 5154 1760 5227 ῄδύτερα.
1787 5157 1814 5198 ἀ
1842 5158 2013 5213 Prave
2030 5161 2350 5216 Anastasius
2369 5172 2541 5227 capax
2560 5164 2669 5209 esto
2690 5155 3041 5227 periculorum
3058 5167 3221 5227 sensu
3237 5153 3493 5224 ambiguo

236 5214 384 5295 verbi
404 5213 596 5283 χωρέω
613 5213 888 5298 deceptus,
956 5232 979 5298 ξ
996 5213 1248 5298 ῼοάξϐτ.
1284 5213 1397 5298 Vat.
1424 5213 1681 5298 κῄδομαιξ
1698 5227 1822 5281 δοιίι

1925 5240 2033 5284 stat
2060 5213 2409 5285 Anastasium
2428 5213 2622 5298 legisse
2651 5213 2838 5298 κῆδου.
2901 5225 2919 5264 ί
2952 5213 3489 5298 Anastasius_ne§es~

235 5288 459 5347 sarium,
489 5288 644 5371 quasi
677 5306 706 5340 ιι
738 5288 901 5371 δέον.Δ
956 5292 979 5330 δ
1003 5291 1196 5371 Anast.
1230 5288 1574 5371 cruciatibus,
1598 5298 1753 5365 quasi
1792 5314 1820 5351 a

1926 5302 2184 5369 ίκισμοῖς.
2259 5302 2283 5341 ιι
2322 5288 2517 5354 Αηειεί
2552 5288 2872 5371 manifestas
2889 5296 3138 5371 actiones,
3169 5295 3248 5349 sic
3281 5294 3485 5371 in_telli-

235 5358 757 5425 εεηεγνωρίσματα.
830 5358 1062 5415 iAnast.
1086 5364 1226 5416 male
1261 5364 1563 5417 sudoribus.
1617 5358 1656 5416 ἰ
1697 5369 1822 5421 Ana:

1929 5358 2161 5423 nancisci
2191 5371 2403 5439 poterit,
2432 5384 2535 5423 non
2570 5358 2710 5421 bene
2726 5367 3001 5421 intellecto
3030 5366 3193 5419 verbo
3220 5364 3487 5435 περίειμι.

1776 5463 2003 5521 NOTAE.

267 5616 280 5627 .
307 5546 423 5617 (57)
460 5544 720 5629 Goda‘Gr.
752 5547 877 5604 Vat.
925 5552 1140 5629 ἔφορος,
1195 5556 1290 5611 sed
1326 5574 1540 5629 sequor
1584 5559 1815 5616 Anasta-

234 5626 520 5699 stu'gt‘qpt
553 5626 938 5699 interpretatus
962 5635 1058 5699 est
1078 5626 1251 5699 ferox,
1283 5628 1353 5682 ab
1388 5628 1633 5699 εὔφορος.

304 5688 419 5769 (58)
438 5687 577 5742 Hinc
603 5688 732 5769 item
757 5703 978 5769 apparet
996 5687 1339 5769 Theodorum
1367 5687 1546 5753 adhuc
1556 5687 1810 5767 juvenem

237 5761 635 5840 mandatonsui
677 5763 1092 5840 hegurpenihas
1119 5770 1417 5840 conciones
1457 5761 1810 5839 pan'egyricas

235 5826 461 5887 dixisse.
498 5826 599 5883 Hic
624 5826 806 5889 tamen
839 5833 893 5889 in
918 5835 1023 5891 alia
1050 5852 1275 5908 prorsus
1302 5838 1413 5895 abit
1443 5826 1804 5901 Anastasius}

1922 5562 2025 5616 Sed
2055 5573 2110 5617 ut
2137 5566 2498 5634 quoquomodo
2519 5565 2820 5619 declaretur
2861 5580 3013 5617 amor
3038 5566 3180 5617 circa
3210 5571 3260 5634 te
3288 5555 3478 5634 diuini-

1921 5643 2003 5687 tus
2038 5631 2468 5702 prwdestiuatus.
2502 5635 2637 5689 Nunt
2670 5635 2879 5705 legebat
2912 5631 3383 5705 npocteeaxéroc?

1988 5698 2100 5774 (39)
2141 5706 2386 5760 Graecam
2422 5706 2657 5774 phrasim
2692 5698 2779 5760 hic
2812 5719 2917 5758 non
2956 5698 3090 5758 Satis
3119 5698 3369 5774 expedio,
3402 5698 3485 5751 vel

1917 5770 2348 5830 locus'fortasse
2397 5770 2690 5845 corruptus
2730 5784 2831 5831 est.
2888 5774 3101 5843 Sequor
3132 5773 3295 5843 igitur
3339 5770 3485 5823 Ana-

1918 5846 2149 5900 stasium
2186 5845 2278 5915 qui
2311 5845 2467 5900 aliter
2496 5847 2692 5918 legisse
2717 5846 2949 5902 videtttr.
