  <div class='ocr_page' id='page_1' title='image "/cluster/home/n/w/nwhite01/storage/ocr_20150623/99/uva.x002264937/425.png"; bbox 0 0 4170 6504; ppageno 0'>
   <div class='ocr_carea' id='block_1_1' title="bbox 676 403 782 468">
    <p class='ocr_par' dir='ltr' id='par_1_1' title="bbox 676 403 782 468">
     <span class='ocr_line' id='line_1_1' title="bbox 676 403 782 468; baseline -0.028 0"><span class='ocrx_word' id='word_1_1' title='bbox 676 403 782 468; x_wconf 84' lang='lat'><strong>795</strong></span> 
     </span>
    </p>
   </div>
   <div class='ocr_carea' id='block_1_2' title="bbox 1885 392 2728 457">
    <p class='ocr_par' dir='ltr' id='par_1_2' title="bbox 1885 392 2728 457">
     <span class='ocr_line' id='line_1_2' title="bbox 1885 392 2728 457; baseline -0.002 -2"><span class='ocrx_word' id='word_1_2' title='bbox 1885 398 1945 457; x_wconf 88' lang='lat' dir='ltr'><strong>S.</strong></span> <span class='ocrx_word' id='word_1_3' title='bbox 1968 393 2359 455; x_wconf 81' lang='lat' dir='ltr'><strong>THEODORI</strong></span> <span class='ocrx_word' id='word_1_4' title='bbox 2384 392 2728 455; x_wconf 72' lang='lat' dir='ltr'><strong>STUDIT/E</strong></span> 
     </span>
    </p>
   </div>
   <div class='ocr_carea' id='block_1_3' title="bbox 3844 396 3951 459">
    <p class='ocr_par' dir='ltr' id='par_1_3' title="bbox 3844 396 3951 459">
     <span class='ocr_line' id='line_1_3' title="bbox 3844 396 3951 459; baseline 0 0"><span class='ocrx_word' id='word_1_5' title='bbox 3844 396 3951 459; x_wconf 85' lang='lat'><strong>796</strong></span> 
     </span>
    </p>
   </div>
   <div class='ocr_carea' id='block_1_4' title="bbox 678 501 2277 583">
    <p class='ocr_par' dir='ltr' id='par_1_4' title="bbox 678 508 2253 583">
     <span class='ocr_line' id='line_1_4' title="bbox 678 508 2253 583; baseline -0.008 -13"><span class='ocrx_word' id='word_1_6' title='bbox 678 518 842 570; x_wconf 78' lang='lat' dir='ltr'><strong>domo</strong></span> <span class='ocrx_word' id='word_1_7' title='bbox 878 527 1070 583; x_wconf 79' lang='lat' dir='ltr'><strong>expers</strong></span> <span class='ocrx_word' id='word_1_8' title='bbox 1100 510 1410 582; x_wconf 71' lang='lat' dir='ltr'><strong>prmfectos,</strong></span> <span class='ocrx_word' id='word_1_9' title='bbox 1469 524 1625 581; x_wconf 83' lang='lat' dir='ltr'><strong>reges</strong></span> <span class='ocrx_word' id='word_1_10' title='bbox 1682 508 1849 563; x_wconf 89' lang='lat' dir='ltr'><strong>homo</strong></span> <span class='ocrx_word' id='word_1_11' title='bbox 1884 508 2018 561; x_wconf 87' lang='lat' dir='ltr'><strong>nihil</strong></span> <span class='ocrx_word' id='word_1_12' title='bbox 2060 516 2253 576; x_wconf 69' lang='lat' dir='ltr'><strong>przeter</strong></span> 
     </span>
    </p>
   </div>
   <div class='ocr_carea' id='block_1_5' title="bbox 2372 501 3948 583">
    <p class='ocr_par' dir='ltr' id='par_1_5' title="bbox 2372 501 3948 577">
     <span class='ocr_line' id='line_1_5' title="bbox 2372 501 3948 577; baseline 0.004 -22"><span class='ocrx_word' id='word_1_13' title='bbox 2372 504 2667 573; x_wconf 75' lang='grc' dir='ltr'>περιέσεται</span> <span class='ocrx_word' id='word_1_14' title='bbox 2698 504 2712 554; x_wconf 86' lang='lat' dir='ltr'><strong>l</strong></span> <span class='ocrx_word' id='word_1_15' title='bbox 2754 505 2784 557; x_wconf 84' lang='lat'><strong>6</strong></span> <span class='ocrx_word' id='word_1_16' title='bbox 2817 504 2978 574; x_wconf 70' lang='grc' dir='ltr'>ἀρνὸς</span> <span class='ocrx_word' id='word_1_17' title='bbox 3000 505 3108 559; x_wconf 79' lang='grc' dir='ltr'>τῶν</span> <span class='ocrx_word' id='word_1_18' title='bbox 3136 504 3338 570; x_wconf 81' lang='grc' dir='ltr'>λύκων,</span> <span class='ocrx_word' id='word_1_19' title='bbox 3359 506 3387 558; x_wconf 98' lang='lat'><strong>6</strong></span> <span class='ocrx_word' id='word_1_20' title='bbox 3414 501 3495 569; x_wconf 73' lang='grc' dir='ltr'>εἷς</span> <span class='ocrx_word' id='word_1_21' title='bbox 3524 506 3633 559; x_wconf 83' lang='grc' dir='ltr'><strong>τῶν</strong></span> <span class='ocrx_word' id='word_1_22' title='bbox 3659 508 3948 577; x_wconf 75' lang='grc' dir='ltr'>μυριάδων</span> 
     </span>
    </p>
   </div>
   <div class='ocr_carea' id='block_1_6' title="bbox 682 596 2253 674">
    <p class='ocr_par' dir='ltr' id='par_1_6' title="bbox 682 596 2253 674">
     <span class='ocr_line' id='line_1_6' title="bbox 682 596 2253 674; baseline -0.006 -13"><span class='ocrx_word' id='word_1_23' title='bbox 682 608 899 661; x_wconf 87' lang='lat' dir='ltr'><strong>unicam</strong></span> <span class='ocrx_word' id='word_1_24' title='bbox 936 605 1177 661; x_wconf 98' lang='lat' dir='ltr'><strong>tunicam</strong></span> <span class='ocrx_word' id='word_1_25' title='bbox 1238 616 1457 674; x_wconf 87' lang='lat' dir='ltr'><strong>gestans</strong></span> <span class='ocrx_word' id='word_1_26' title='bbox 1486 603 1509 657; x_wconf 86' lang='lat'><strong>?</strong></span> <span class='ocrx_word' id='word_1_27' title='bbox 1537 602 1629 657; x_wconf 85' lang='lat' dir='ltr'><strong>sed</strong></span> <span class='ocrx_word' id='word_1_28' title='bbox 1677 612 1934 670; x_wconf 89' lang='lat' dir='ltr'><strong>tanquam</strong></span> <span class='ocrx_word' id='word_1_29' title='bbox 1969 599 2143 653; x_wconf 82' lang='lat' dir='ltr'><strong>fidelis</strong></span> <span class='ocrx_word' id='word_1_30' title='bbox 2169 596 2253 651; x_wconf 90' lang='lat' dir='ltr'><strong>fa-</strong></span> 
     </span>
    </p>
   </div>
   <div class='ocr_carea' id='block_1_7' title="bbox 683 690 2258 764">
    <p class='ocr_par' dir='ltr' id='par_1_7' title="bbox 683 690 2258 764">
     <span class='ocr_line' id='line_1_7' title="bbox 683 690 2258 764; baseline -0.006 -11"><span class='ocrx_word' id='word_1_31' title='bbox 683 702 865 756; x_wconf 88' lang='lat' dir='ltr'><strong>mulus</strong></span> <span class='ocrx_word' id='word_1_32' title='bbox 895 698 1177 754; x_wconf 91' lang='lat' dir='ltr'><strong>Dominico</strong></span> <span class='ocrx_word' id='word_1_33' title='bbox 1204 697 1463 751; x_wconf 89' lang='lat' dir='ltr'><strong>mandato</strong></span> <span class='ocrx_word' id='word_1_34' title='bbox 1508 695 1841 764; x_wconf 87' lang='lat' dir='ltr'><strong>obsequens,</strong></span> <span class='ocrx_word' id='word_1_35' title='bbox 1878 691 2107 747; x_wconf 77' lang='lat' dir='ltr'><strong>discedit</strong></span> <span class='ocrx_word' id='word_1_36' title='bbox 2165 690 2258 744; x_wconf 74' lang='lat' dir='ltr'><strong>la:-</strong></span> 
     </span>
    </p>
   </div>
   <div class='ocr_carea' id='block_1_8' title="bbox 685 781 2257 857">
    <p class='ocr_par' dir='ltr' id='par_1_8' title="bbox 685 781 2257 857">
     <span class='ocr_line' id='line_1_8' title="bbox 685 781 2257 857; baseline -0.006 -12"><span class='ocrx_word' id='word_1_37' title='bbox 685 807 803 857; x_wconf 85' lang='lat' dir='ltr'><strong>rus,</strong></span> <span class='ocrx_word' id='word_1_38' title='bbox 836 791 971 846; x_wconf 90' lang='lat' dir='ltr'><strong>nihil</strong></span> <span class='ocrx_word' id='word_1_39' title='bbox 1018 806 1203 846; x_wconf 86' lang='lat' dir='ltr'><strong>secum</strong></span> <span class='ocrx_word' id='word_1_40' title='bbox 1237 788 1436 853; x_wconf 88' lang='lat' dir='ltr'><strong>ferens,</strong></span> <span class='ocrx_word' id='word_1_41' title='bbox 1495 798 1689 857; x_wconf 68' lang='lat' dir='ltr'><strong>praeter</strong></span> <span class='ocrx_word' id='word_1_42' title='bbox 1720 784 2021 856; x_wconf 88' lang='lat' dir='ltr'><strong>pretiosum</strong></span> <span class='ocrx_word' id='word_1_43' title='bbox 2056 781 2257 838; x_wconf 91' lang='lat' dir='ltr'><strong>Christi</strong></span> 
     </span>
    </p>
   </div>
   <div class='ocr_carea' id='block_1_9' title="bbox 686 880 1673 955">
    <p class='ocr_par' dir='ltr' id='par_1_9' title="bbox 686 880 1673 955">
     <span class='ocr_line' id='line_1_9' title="bbox 686 880 1673 955; baseline -0.008 -14"><span class='ocrx_word' id='word_1_44' title='bbox 686 901 905 951; x_wconf 90' lang='lat' dir='ltr'><strong>nomen,</strong></span> <span class='ocrx_word' id='word_1_45' title='bbox 939 882 1184 955; x_wconf 78' lang='lat' dir='ltr'><strong>cujusvis</strong></span> <span class='ocrx_word' id='word_1_46' title='bbox 1208 892 1501 938; x_wconf 76' lang='lat' dir='ltr'><strong>armatura:</strong></span> <span class='ocrx_word' id='word_1_47' title='bbox 1532 880 1673 935; x_wconf 91' lang='lat' dir='ltr'><strong>loco.</strong></span> 
     </span>
    </p>
   </div>
   <div class='ocr_carea' id='block_1_10' title="bbox 756 1052 2259 1133">
    <p class='ocr_par' dir='ltr' id='par_1_10' title="bbox 756 1052 2259 1133">
     <span class='ocr_line' id='line_1_10' title="bbox 756 1052 2259 1133; baseline -0.008 -16"><span class='ocrx_word' id='word_1_48' title='bbox 756 1061 813 1118; x_wconf 76' lang='lat'><em>6.</em></span> <span class='ocrx_word' id='word_1_49' title='bbox 856 1060 1029 1133; x_wconf 89' lang='lat' dir='ltr'><strong>Igitur</strong></span> <span class='ocrx_word' id='word_1_50' title='bbox 1057 1059 1125 1116; x_wconf 91' lang='lat' dir='ltr'><strong>ad</strong></span> <span class='ocrx_word' id='word_1_51' title='bbox 1162 1058 1490 1116; x_wconf 80' lang='lat' dir='ltr'><strong>destinatam</strong></span> <span class='ocrx_word' id='word_1_52' title='bbox 1522 1057 1625 1113; x_wconf 85' lang='lat' dir='ltr'><strong>sibi</strong></span> <span class='ocrx_word' id='word_1_53' title='bbox 1673 1055 1948 1127; x_wconf 87' lang='lat' dir='ltr'><strong>regionem</strong></span> <span class='ocrx_word' id='word_1_54' title='bbox 2004 1052 2219 1109; x_wconf 87' lang='lat' dir='ltr'><strong>delatus</strong></span> <span class='ocrx_word' id='word_1_55' title='bbox 2243 1090 2259 1114; x_wconf 86' lang='lat'><strong>,</strong></span> 
     </span>
    </p>
   </div>
   <div class='ocr_carea' id='block_1_11' title="bbox 688 1147 2262 1226">
    <p class='ocr_par' dir='ltr' id='par_1_11' title="bbox 688 1147 2262 1226">
     <span class='ocr_line' id='line_1_11' title="bbox 688 1147 2262 1226; baseline -0.007 -16"><span class='ocrx_word' id='word_1_56' title='bbox 688 1162 891 1226; x_wconf 88' lang='lat' dir='ltr'><strong>quanta</strong></span> <span class='ocrx_word' id='word_1_57' title='bbox 925 1153 998 1209; x_wconf 91' lang='lat' dir='ltr'><strong>ibi</strong></span> <span class='ocrx_word' id='word_1_58' title='bbox 1056 1152 1286 1220; x_wconf 85' lang='lat' dir='ltr'><strong>fecerit,</strong></span> <span class='ocrx_word' id='word_1_59' title='bbox 1327 1160 1531 1223; x_wconf 90' lang='lat' dir='ltr'><strong>quanta</strong></span> <span class='ocrx_word' id='word_1_60' title='bbox 1566 1148 1887 1221; x_wconf 81' lang='lat' dir='ltr'><strong>pertulerit,</strong></span> <span class='ocrx_word' id='word_1_61' title='bbox 1923 1147 2063 1203; x_wconf 88' lang='lat' dir='ltr'><strong>dicet</strong></span> <span class='ocrx_word' id='word_1_62' title='bbox 2087 1152 2262 1203; x_wconf 82' lang='lat' dir='ltr'><strong>oratio</strong></span> 
     </span>
    </p>
   </div>
   <div class='ocr_carea' id='block_1_12' title="bbox 691 1240 2261 1319">
    <p class='ocr_par' dir='ltr' id='par_1_12' title="bbox 691 1240 2261 1319">
     <span class='ocr_line' id='line_1_12' title="bbox 691 1240 2261 1319; baseline -0.007 -14"><span class='ocrx_word' id='word_1_63' title='bbox 691 1259 875 1305; x_wconf 89' lang='lat' dir='ltr'><strong>nostra</strong></span> <span class='ocrx_word' id='word_1_64' title='bbox 900 1287 916 1314; x_wconf 91' lang='lat'><strong>,</strong></span> <span class='ocrx_word' id='word_1_65' title='bbox 947 1247 1148 1319; x_wconf 84' lang='lat' dir='ltr'><strong>partim</strong></span> <span class='ocrx_word' id='word_1_66' title='bbox 1194 1261 1258 1301; x_wconf 79' lang='lat' dir='ltr'><strong>ex</strong></span> <span class='ocrx_word' id='word_1_67' title='bbox 1295 1246 1521 1316; x_wconf 90' lang='lat' dir='ltr'><strong>antiqua</strong></span> <span class='ocrx_word' id='word_1_68' title='bbox 1558 1242 1850 1298; x_wconf 86' lang='lat' dir='ltr'><strong>traditione</strong></span> <span class='ocrx_word' id='word_1_69' title='bbox 1872 1283 1887 1307; x_wconf 91' lang='lat'><strong>,</strong></span> <span class='ocrx_word' id='word_1_70' title='bbox 1941 1240 2139 1311; x_wconf 84' lang='lat' dir='ltr'><strong>partim</strong></span> <span class='ocrx_word' id='word_1_71' title='bbox 2172 1255 2261 1295; x_wconf 89' lang='lat' dir='ltr'><strong>sc-</strong></span> 
     </span>
    </p>
   </div>
   <div class='ocr_carea' id='block_1_13' title="bbox 689 1333 2260 1409">
    <p class='ocr_par' dir='ltr' id='par_1_13' title="bbox 689 1333 2260 1409">
     <span class='ocr_line' id='line_1_13' title="bbox 689 1333 2260 1409; baseline -0.006 -12"><span class='ocrx_word' id='word_1_72' title='bbox 689 1340 929 1397; x_wconf 88' lang='lat' dir='ltr'><strong>cnndum</strong></span> <span class='ocrx_word' id='word_1_73' title='bbox 996 1339 1436 1409; x_wconf 87' lang='lat' dir='ltr'><strong>evangelicorum</strong></span> <span class='ocrx_word' id='word_1_74' title='bbox 1502 1334 1885 1390; x_wconf 88' lang='lat' dir='ltr'><strong>mandatorum</strong></span> <span class='ocrx_word' id='word_1_75' title='bbox 1932 1333 2260 1404; x_wconf 79' lang='lat' dir='ltr'><strong>analogiam.</strong></span> 
     </span>
    </p>
   </div>
   <div class='ocr_carea' id='block_1_14' title="bbox 690 1424 2265 1498">
    <p class='ocr_par' dir='ltr' id='par_1_14' title="bbox 690 1424 2265 1498">
     <span class='ocr_line' id='line_1_14' title="bbox 690 1424 2265 1498; baseline -0.005 -11"><span class='ocrx_word' id='word_1_76' title='bbox 690 1431 826 1487; x_wconf 82' lang='lat' dir='ltr'><strong>Nam</strong></span> <span class='ocrx_word' id='word_1_77' title='bbox 873 1432 918 1487; x_wconf 91' lang='lat' dir='ltr'><strong>si</strong></span> <span class='ocrx_word' id='word_1_78' title='bbox 958 1431 1050 1486; x_wconf 80' lang='lat' dir='ltr'><strong>lux</strong></span> <span class='ocrx_word' id='word_1_79' title='bbox 1079 1428 1269 1485; x_wconf 89' lang='lat' dir='ltr'><strong>mundi</strong></span> <span class='ocrx_word' id='word_1_80' title='bbox 1298 1436 1450 1493; x_wconf 89' lang='lat' dir='ltr'><strong>erat,</strong></span> <span class='ocrx_word' id='word_1_81' title='bbox 1502 1427 1692 1498; x_wconf 90' lang='lat' dir='ltr'><strong>utique</strong></span> <span class='ocrx_word' id='word_1_82' title='bbox 1732 1426 1872 1482; x_wconf 89' lang='lat' dir='ltr'><strong>lucis</strong></span> <span class='ocrx_word' id='word_1_83' title='bbox 1918 1440 2083 1496; x_wconf 85' lang='lat' dir='ltr'><strong>Opera</strong></span> <span class='ocrx_word' id='word_1_84' title='bbox 2134 1424 2265 1482; x_wconf 82' lang='lat' dir='ltr'><strong>fecit</strong></span> 
     </span>
    </p>
   </div>
   <div class='ocr_carea' id='block_1_15' title="bbox 693 1519 2265 1583">
    <p class='ocr_par' dir='ltr' id='par_1_15' title="bbox 693 1519 2265 1583">
     <span class='ocr_line' id='line_1_15' title="bbox 693 1519 2265 1583; baseline -0.003 -6"><span class='ocrx_word' id='word_1_85' title='bbox 693 1525 835 1579; x_wconf 88' lang='lat' dir='ltr'><strong>inter</strong></span> <span class='ocrx_word' id='word_1_86' title='bbox 889 1522 1263 1579; x_wconf 85' lang='lat' dir='ltr'><strong>tenebricosos</strong></span> <span class='ocrx_word' id='word_1_87' title='bbox 1306 1539 1319 1575; x_wconf 95' lang='lat'>:</span> <span class='ocrx_word' id='word_1_88' title='bbox 1370 1529 1425 1575; x_wconf 92' lang='lat' dir='ltr'><strong>et</strong></span> <span class='ocrx_word' id='word_1_89' title='bbox 1476 1520 1520 1575; x_wconf 85' lang='lat' dir='ltr'><strong>si</strong></span> <span class='ocrx_word' id='word_1_90' title='bbox 1571 1520 1651 1576; x_wconf 90' lang='lat' dir='ltr'><strong>sal</strong></span> <span class='ocrx_word' id='word_1_91' title='bbox 1697 1528 1883 1583; x_wconf 63' lang='lat' dir='ltr'><strong>terra,</strong></span> <span class='ocrx_word' id='word_1_92' title='bbox 1931 1520 2050 1574; x_wconf 88' lang='lat' dir='ltr'><strong>sine</strong></span> <span class='ocrx_word' id='word_1_93' title='bbox 2102 1519 2265 1573; x_wconf 92' lang='lat' dir='ltr'><strong>dubio</strong></span> 
     </span>
    </p>
   </div>
   <div class='ocr_carea' id='block_1_16' title="bbox 695 1609 2264 1685">
    <p class='ocr_par' dir='ltr' id='par_1_16' title="bbox 695 1609 2264 1685">
     <span class='ocr_line' id='line_1_16' title="bbox 695 1609 2264 1685; baseline -0.003 -15"><span class='ocrx_word' id='word_1_94' title='bbox 695 1616 1038 1672; x_wconf 80' lang='lat' dir='ltr'><strong>irrationales</strong></span> <span class='ocrx_word' id='word_1_95' title='bbox 1071 1623 1259 1685; x_wconf 79' lang='lat' dir='ltr'><strong>gentes</strong></span> <span class='ocrx_word' id='word_1_96' title='bbox 1292 1613 1409 1668; x_wconf 91' lang='lat' dir='ltr'><strong>sale</strong></span> <span class='ocrx_word' id='word_1_97' title='bbox 1438 1611 1703 1669; x_wconf 88' lang='lat' dir='ltr'><strong>condiens</strong></span> <span class='ocrx_word' id='word_1_98' title='bbox 1737 1651 1751 1667; x_wconf 86' lang='lat'><strong>.</strong></span> <span class='ocrx_word' id='word_1_99' title='bbox 1783 1610 2067 1666; x_wconf 84' lang='lat' dir='ltr'><strong>mundavit</strong></span> <span class='ocrx_word' id='word_1_100' title='bbox 2093 1628 2107 1664; x_wconf 93' lang='lat'><strong>:</strong></span> <span class='ocrx_word' id='word_1_101' title='bbox 2136 1619 2190 1665; x_wconf 91' lang='lat' dir='ltr'><strong>et</strong></span> <span class='ocrx_word' id='word_1_102' title='bbox 2218 1609 2264 1665; x_wconf 92' lang='lat' dir='ltr'><strong>si</strong></span> 
     </span>
    </p>
   </div>
   <div class='ocr_carea' id='block_1_17' title="bbox 693 1702 2263 1778">
    <p class='ocr_par' dir='ltr' id='par_1_17' title="bbox 693 1702 2263 1778">
     <span class='ocr_line' id='line_1_17' title="bbox 693 1702 2263 1778; baseline -0.003 -16"><span class='ocrx_word' id='word_1_103' title='bbox 693 1707 976 1778; x_wconf 85' lang='lat' dir='ltr'><strong>operarius</strong></span> <span class='ocrx_word' id='word_1_104' title='bbox 1030 1706 1332 1775; x_wconf 89' lang='lat' dir='ltr'><strong>appellatus</strong></span> <span class='ocrx_word' id='word_1_105' title='bbox 1385 1702 1525 1767; x_wconf 80' lang='lat' dir='ltr'><strong>fuit,</strong></span> <span class='ocrx_word' id='word_1_106' title='bbox 1583 1703 1829 1773; x_wconf 82' lang='lat' dir='ltr'><strong>sequitur</strong></span> <span class='ocrx_word' id='word_1_107' title='bbox 1883 1710 1941 1757; x_wconf 92' lang='lat' dir='ltr'><strong>ut</strong></span> <span class='ocrx_word' id='word_1_108' title='bbox 1964 1702 2263 1773; x_wconf 89' lang='lat' dir='ltr'><strong>spiritalem</strong></span> 
     </span>
    </p>
   </div>
   <div class='ocr_carea' id='block_1_18' title="bbox 696 1792 2263 1864">
    <p class='ocr_par' dir='ltr' id='par_1_18' title="bbox 696 1792 2263 1864">
     <span class='ocr_line' id='line_1_18' title="bbox 696 1792 2263 1864; baseline -0.002 -14"><span class='ocrx_word' id='word_1_109' title='bbox 696 1795 1087 1864; x_wconf 77' lang='lat' dir='ltr'><strong>agriculturam</strong></span> <span class='ocrx_word' id='word_1_110' title='bbox 1118 1794 1325 1849; x_wconf 83' lang='lat' dir='ltr'><strong>fecerit.</strong></span> <span class='ocrx_word' id='word_1_111' title='bbox 1349 1792 1505 1859; x_wconf 87' lang='lat' dir='ltr'><strong>Quod</strong></span> <span class='ocrx_word' id='word_1_112' title='bbox 1528 1808 1656 1848; x_wconf 84' lang='lat' dir='ltr'><strong>vero</strong></span> <span class='ocrx_word' id='word_1_113' title='bbox 1677 1794 2038 1849; x_wconf 87' lang='lat' dir='ltr'><strong>communiter</strong></span> <span class='ocrx_word' id='word_1_114' title='bbox 2058 1793 2263 1847; x_wconf 90' lang='lat' dir='ltr'><strong>dictum</strong></span> 
     </span>
    </p>
   </div>
   <div class='ocr_carea' id='block_1_19' title="bbox 2356 595 3946 671">
    <p class='ocr_par' dir='ltr' id='par_1_19' title="bbox 2356 595 3946 671">
     <span class='ocr_line' id='line_1_19' title="bbox 2356 595 3946 671; baseline 0.005 -23"><span class='ocrx_word' id='word_1_115' title='bbox 2356 596 2384 648; x_wconf 91' lang='lat'><strong>6</strong></span> <span class='ocrx_word' id='word_1_116' title='bbox 2413 595 2564 660; x_wconf 79' lang='grc' dir='ltr'>ξένος</span> <span class='ocrx_word' id='word_1_117' title='bbox 2587 597 2695 650; x_wconf 85' lang='grc' dir='ltr'>τῶν</span> <span class='ocrx_word' id='word_1_118' title='bbox 2722 596 3063 668; x_wconf 85' lang='grc' dir='ltr'>πολυούχων,</span> <span class='ocrx_word' id='word_1_119' title='bbox 3088 599 3117 651; x_wconf 92' lang='grc' dir='ltr'><strong>ό</strong></span> <span class='ocrx_word' id='word_1_120' title='bbox 3144 598 3389 663; x_wconf 79' lang='grc' dir='ltr'>ἀνέστιος</span> <span class='ocrx_word' id='word_1_121' title='bbox 3447 598 3558 653; x_wconf 84' lang='grc' dir='ltr'><strong>τῶν</strong></span> <span class='ocrx_word' id='word_1_122' title='bbox 3626 601 3946 671; x_wconf 69' lang='grc' dir='ltr'>ἡγεμόνων,</span> 
     </span>
    </p>
   </div>
   <div class='ocr_carea' id='block_1_20' title="bbox 2354 687 3949 765">
    <p class='ocr_par' dir='ltr' id='par_1_20' title="bbox 2354 687 3949 765">
     <span class='ocr_line' id='line_1_20' title="bbox 2354 687 3949 765; baseline 0.005 -24"><span class='ocrx_word' id='word_1_123' title='bbox 2354 688 2465 741; x_wconf 84' lang='grc' dir='ltr'><strong>τῶν</strong></span> <span class='ocrx_word' id='word_1_124' title='bbox 2510 688 2829 757; x_wconf 82' lang='grc' dir='ltr'>βασιλέωνό</span> <span class='ocrx_word' id='word_1_125' title='bbox 2871 691 3207 761; x_wconf 85' lang='grc' dir='ltr'>μονοχίτων;</span> <span class='ocrx_word' id='word_1_126' title='bbox 3259 690 3373 744; x_wconf 88' lang='grc' dir='ltr'>ἀλλ’</span> <span class='ocrx_word' id='word_1_127' title='bbox 3414 687 3503 746; x_wconf 75' lang='grc' dir='ltr'>οἷα</span> <span class='ocrx_word' id='word_1_128' title='bbox 3548 692 3814 765; x_wconf 77' lang='grc' dir='ltr'><strong>Θεράπων</strong></span> <span class='ocrx_word' id='word_1_129' title='bbox 3858 714 3949 749; x_wconf 68' lang='lat'><strong>7::-</strong></span> 
     </span>
    </p>
   </div>
   <div class='ocr_carea' id='block_1_21' title="bbox 2360 777 3947 853">
    <p class='ocr_par' dir='ltr' id='par_1_21' title="bbox 2360 777 3947 853">
     <span class='ocr_line' id='line_1_21' title="bbox 2360 777 3947 853; baseline 0.004 -22"><span class='ocrx_word' id='word_1_130' title='bbox 2360 777 2573 848; x_wconf 83' lang='grc' dir='ltr'>στὺςτῷ</span> <span class='ocrx_word' id='word_1_131' title='bbox 2585 778 2898 851; x_wconf 83' lang='grc' dir='ltr'>Δεσποτικῷ</span> <span class='ocrx_word' id='word_1_132' title='bbox 2909 779 3325 850; x_wconf 80' lang='grc' dir='ltr'>καταπειθήσας</span> <span class='ocrx_word' id='word_1_133' title='bbox 3346 782 3758 853; x_wconf 85' lang='grc' dir='ltr'>προστάγματι,</span> <span class='ocrx_word' id='word_1_134' title='bbox 3780 785 3947 838; x_wconf 79' lang='grc' dir='ltr'>ἄπει-</span> 
     </span>
    </p>
   </div>
   <div class='ocr_carea' id='block_1_22' title="bbox 2361 870 3949 946">
    <p class='ocr_par' dir='ltr' id='par_1_22' title="bbox 2361 870 3949 946">
     <span class='ocr_line' id='line_1_22' title="bbox 2361 870 3949 946; baseline 0.004 -24"><span class='ocrx_word' id='word_1_135' title='bbox 2361 888 2445 923; x_wconf 92' lang='grc' dir='ltr'><strong>σιν</strong></span> <span class='ocrx_word' id='word_1_136' title='bbox 2471 870 2698 941; x_wconf 85' lang='grc' dir='ltr'>χαίρων,</span> <span class='ocrx_word' id='word_1_137' title='bbox 2723 870 2877 924; x_wconf 79' lang='grc' dir='ltr'>οὐδὲν</span> <span class='ocrx_word' id='word_1_138' title='bbox 2916 873 3315 944; x_wconf 77' lang='grc' dir='ltr'><strong>ἐπιφερόμενος</strong></span> <span class='ocrx_word' id='word_1_139' title='bbox 3340 873 3456 944; x_wconf 80' lang='grc' dir='ltr'>μεθ’</span> <span class='ocrx_word' id='word_1_140' title='bbox 3486 874 3683 928; x_wconf 80' lang='grc' dir='ltr'>ἑαυτοῦ</span> <span class='ocrx_word' id='word_1_141' title='bbox 3713 874 3747 945; x_wconf 76' lang='grc' dir='ltr'>ἢ</span> <span class='ocrx_word' id='word_1_142' title='bbox 3781 878 3949 946; x_wconf 81' lang='grc' dir='ltr'>μόνον</span> 
     </span>
    </p>
   </div>
   <div class='ocr_carea' id='block_1_23' title="bbox 2358 964 3946 1036">
    <p class='ocr_par' dir='ltr' id='par_1_23' title="bbox 2358 964 3946 1036">
     <span class='ocr_line' id='line_1_23' title="bbox 2358 964 3946 1036; baseline 0.006 -20"><span class='ocrx_word' id='word_1_143' title='bbox 2358 964 2529 1034; x_wconf 61' lang='grc' dir='ltr'>τὸςτοῦ</span> <span class='ocrx_word' id='word_1_144' title='bbox 2547 964 2782 1035; x_wconf 71' lang='grc' dir='ltr'>Χριστοῦ</span> <span class='ocrx_word' id='word_1_145' title='bbox 2800 964 3164 1036; x_wconf 72' lang='grc' dir='ltr'><strong>πολυτίμητον</strong></span> <span class='ocrx_word' id='word_1_146' title='bbox 3180 964 3369 1035; x_wconf 71' lang='grc' dir='ltr'>ὅνομα,</span> <span class='ocrx_word' id='word_1_147' title='bbox 3396 967 3516 1020; x_wconf 89' lang='grc' dir='ltr'><strong>ἀντί</strong></span> <span class='ocrx_word' id='word_1_148' title='bbox 3533 967 3737 1031; x_wconf 82' lang='grc' dir='ltr'>παντὸς</span> <span class='ocrx_word' id='word_1_149' title='bbox 3752 968 3946 1026; x_wconf 73' lang='grc' dir='ltr'>ὅπλου.</span> 
     </span>
    </p>
   </div>
   <div class='ocr_carea' id='block_1_24' title="bbox 2431 1055 3948 1129">
    <p class='ocr_par' dir='ltr' id='par_1_24' title="bbox 2431 1055 3948 1129">
     <span class='ocr_line' id='line_1_24' title="bbox 2431 1055 3948 1129; baseline 0 -19"><span class='ocrx_word' id='word_1_150' title='bbox 2431 1058 2497 1111; x_wconf 87' lang='grc' dir='ltr'><strong>δ’.</strong></span> <span class='ocrx_word' id='word_1_151' title='bbox 2539 1056 2735 1111; x_wconf 82' lang='grc' dir='ltr'><strong>Τοίνυν</strong></span> <span class='ocrx_word' id='word_1_152' title='bbox 2764 1055 3090 1111; x_wconf 71' lang='grc' dir='ltr'>καταλαϐὼν</span> <span class='ocrx_word' id='word_1_153' title='bbox 3137 1057 3197 1110; x_wconf 83' lang='grc' dir='ltr'>τὸ</span> <span class='ocrx_word' id='word_1_154' title='bbox 3252 1058 3675 1129; x_wconf 84' lang='grc' dir='ltr'>κεκληρωμένον</span> <span class='ocrx_word' id='word_1_155' title='bbox 3723 1058 3948 1129; x_wconf 67' lang='grc' dir='ltr'>ἔδαφος,</span> 
     </span>
    </p>
   </div>
   <div class='ocr_carea' id='block_1_25' title="bbox 2362 1148 3951 1226">
    <p class='ocr_par' dir='ltr' id='par_1_25' title="bbox 2362 1148 3951 1226">
     <span class='ocr_line' id='line_1_25' title="bbox 2362 1148 3951 1226; baseline 0.001 -23"><span class='ocrx_word' id='word_1_156' title='bbox 2362 1149 2462 1203; x_wconf 86' lang='grc' dir='ltr'>ὅσα</span> <span class='ocrx_word' id='word_1_157' title='bbox 2505 1151 2685 1203; x_wconf 74' lang='grc' dir='ltr'>ἐκεῖσε</span> <span class='ocrx_word' id='word_1_158' title='bbox 2734 1148 2980 1220; x_wconf 77' lang='grc' dir='ltr'>ἔδρασεν,</span> <span class='ocrx_word' id='word_1_159' title='bbox 3025 1150 3125 1202; x_wconf 86' lang='grc' dir='ltr'>ὃσα</span> <span class='ocrx_word' id='word_1_160' title='bbox 3160 1149 3393 1214; x_wconf 82' lang='grc' dir='ltr'>ύποίσας</span> <span class='ocrx_word' id='word_1_161' title='bbox 3426 1151 3681 1221; x_wconf 59' lang='grc' dir='ltr'>ἤνεγκεν,</span> <span class='ocrx_word' id='word_1_162' title='bbox 3721 1151 3951 1226; x_wconf 76' lang='grc' dir='ltr'>ίστορή-</span> 
     </span>
    </p>
   </div>
   <div class='ocr_carea' id='block_1_26' title="bbox 2365 1241 3953 1316">
    <p class='ocr_par' dir='ltr' id='par_1_26' title="bbox 2365 1241 3953 1316">
     <span class='ocr_line' id='line_1_26' title="bbox 2365 1241 3953 1316; baseline 0.001 -23"><span class='ocrx_word' id='word_1_163' title='bbox 2365 1257 2509 1294; x_wconf 76' lang='grc' dir='ltr'>σειεν</span> <span class='ocrx_word' id='word_1_164' title='bbox 2533 1241 2564 1293; x_wconf 92' lang='lat'><strong>6</strong></span> <span class='ocrx_word' id='word_1_165' title='bbox 2602 1241 2780 1311; x_wconf 80' lang='grc' dir='ltr'>λόγος,</span> <span class='ocrx_word' id='word_1_166' title='bbox 2810 1241 2880 1295; x_wconf 82' lang='grc' dir='ltr'><strong>τά</strong></span> <span class='ocrx_word' id='word_1_167' title='bbox 2906 1242 3007 1313; x_wconf 85' lang='grc' dir='ltr'>μὲν</span> <span class='ocrx_word' id='word_1_168' title='bbox 3034 1244 3176 1298; x_wconf 86' lang='grc' dir='ltr'><strong>κατά</strong></span> <span class='ocrx_word' id='word_1_169' title='bbox 3202 1243 3503 1313; x_wconf 79' lang='grc' dir='ltr'><strong>παράδοσιν</strong></span> <span class='ocrx_word' id='word_1_170' title='bbox 3526 1245 3953 1316; x_wconf 72' lang='grc' dir='ltr'>ἀρχαιολογίας,</span> 
     </span>
    </p>
   </div>
   <div class='ocr_carea' id='block_1_27' title="bbox 2364 1333 3953 1409">
    <p class='ocr_par' dir='ltr' id='par_1_27' title="bbox 2364 1333 3953 1409">
     <span class='ocr_line' id='line_1_27' title="bbox 2364 1333 3953 1409; baseline 0.002 -22"><span class='ocrx_word' id='word_1_171' title='bbox 2364 1334 2431 1387; x_wconf 75' lang='grc' dir='ltr'><strong>τὰ</strong></span> <span class='ocrx_word' id='word_1_172' title='bbox 2457 1333 2515 1388; x_wconf 73' lang='grc' dir='ltr'>δὲ</span> <span class='ocrx_word' id='word_1_173' title='bbox 2538 1334 2680 1388; x_wconf 85' lang='grc' dir='ltr'><strong>κατά</strong></span> <span class='ocrx_word' id='word_1_174' title='bbox 2713 1333 3007 1403; x_wconf 78' lang='grc' dir='ltr'>ἀναλογίαν</span> <span class='ocrx_word' id='word_1_175' title='bbox 3030 1334 3141 1388; x_wconf 84' lang='grc' dir='ltr'>τῶν</span> <span class='ocrx_word' id='word_1_176' title='bbox 3165 1336 3543 1405; x_wconf 85' lang='grc' dir='ltr'>εύαγγελικῶν</span> <span class='ocrx_word' id='word_1_177' title='bbox 3568 1337 3953 1409; x_wconf 86' lang='grc' dir='ltr'>διδαγμάτων·</span> 
     </span>
    </p>
   </div>
   <div class='ocr_carea' id='block_1_28' title="bbox 2366 1425 3953 1498">
    <p class='ocr_par' dir='ltr' id='par_1_28' title="bbox 2366 1425 3953 1498">
     <span class='ocr_line' id='line_1_28' title="bbox 2366 1425 3953 1498; baseline 0.003 -19"><span class='ocrx_word' id='word_1_178' title='bbox 2366 1428 2414 1479; x_wconf 83' lang='grc' dir='ltr'>εί</span> <span class='ocrx_word' id='word_1_179' title='bbox 2447 1426 2553 1497; x_wconf 85' lang='grc' dir='ltr'><strong>γάρ</strong></span> <span class='ocrx_word' id='word_1_180' title='bbox 2589 1425 2744 1480; x_wconf 81' lang='grc' dir='ltr'>πέλει</span> <span class='ocrx_word' id='word_1_181' title='bbox 2792 1426 2909 1494; x_wconf 79' lang='grc' dir='ltr'>φῶς</span> <span class='ocrx_word' id='word_1_182' title='bbox 2953 1426 3050 1479; x_wconf 87' lang='grc' dir='ltr'><strong>τοῦ</strong></span> <span class='ocrx_word' id='word_1_183' title='bbox 3089 1427 3327 1497; x_wconf 88' lang='grc' dir='ltr'>κόσμου,</span> <span class='ocrx_word' id='word_1_184' title='bbox 3359 1427 3519 1498; x_wconf 83' lang='grc' dir='ltr'>δῆλον</span> <span class='ocrx_word' id='word_1_185' title='bbox 3546 1429 3629 1483; x_wconf 78' lang='grc' dir='ltr'>ὅτι</span> <span class='ocrx_word' id='word_1_186' title='bbox 3662 1430 3731 1482; x_wconf 80' lang='grc' dir='ltr'>τὰ</span> <span class='ocrx_word' id='word_1_187' title='bbox 3766 1430 3953 1498; x_wconf 73' lang='grc' dir='ltr'>φωτὸς</span> 
     </span>
    </p>
   </div>
   <div class='ocr_carea' id='block_1_29' title="bbox 2365 1516 3957 1589">
    <p class='ocr_par' dir='ltr' id='par_1_29' title="bbox 2365 1516 3957 1589">
     <span class='ocr_line' id='line_1_29' title="bbox 2365 1516 3957 1589; baseline 0.003 -20"><span class='ocrx_word' id='word_1_188' title='bbox 2365 1516 2625 1586; x_wconf 84' lang='grc' dir='ltr'>δέδρακεν</span> <span class='ocrx_word' id='word_1_189' title='bbox 2667 1517 2726 1569; x_wconf 83' lang='grc' dir='ltr'>ὲν</span> <span class='ocrx_word' id='word_1_190' title='bbox 2754 1517 2868 1580; x_wconf 83' lang='grc' dir='ltr'>τοῖς</span> <span class='ocrx_word' id='word_1_191' title='bbox 2909 1516 3261 1585; x_wconf 74' lang='grc' dir='ltr'>ἀφωτίστοιςο</span> <span class='ocrx_word' id='word_1_192' title='bbox 3295 1518 3388 1571; x_wconf 85' lang='grc' dir='ltr'>καὶ</span> <span class='ocrx_word' id='word_1_193' title='bbox 3420 1518 3468 1570; x_wconf 76' lang='grc' dir='ltr'><strong>εξ</strong></span> <span class='ocrx_word' id='word_1_194' title='bbox 3516 1518 3650 1581; x_wconf 77' lang='grc' dir='ltr'>ἃλας</span> <span class='ocrx_word' id='word_1_195' title='bbox 3700 1518 3805 1589; x_wconf 85' lang='grc' dir='ltr'>τῆς</span> <span class='ocrx_word' id='word_1_196' title='bbox 3844 1518 3957 1589; x_wconf 77' lang='grc' dir='ltr'>γῆς</span> 
     </span>
    </p>
   </div>
   <div class='ocr_carea' id='block_1_30' title="bbox 2369 1607 3958 1682">
    <p class='ocr_par' dir='ltr' id='par_1_30' title="bbox 2369 1607 3958 1682">
     <span class='ocr_line' id='line_1_30' title="bbox 2369 1607 3958 1682; baseline 0.002 -21"><span class='ocrx_word' id='word_1_197' title='bbox 2369 1607 2627 1678; x_wconf 82' lang='grc' dir='ltr'>ὑπάρχει,</span> <span class='ocrx_word' id='word_1_198' title='bbox 2652 1607 2812 1677; x_wconf 76' lang='grc' dir='ltr'>δῆλον</span> <span class='ocrx_word' id='word_1_199' title='bbox 2836 1608 3065 1678; x_wconf 84' lang='grc' dir='ltr'>ὅτιέθνη</span> <span class='ocrx_word' id='word_1_200' title='bbox 3096 1608 3268 1678; x_wconf 83' lang='grc' dir='ltr'>ἀλογα</span> <span class='ocrx_word' id='word_1_201' title='bbox 3294 1610 3489 1673; x_wconf 80' lang='grc' dir='ltr'>ἁλίσας</span> <span class='ocrx_word' id='word_1_202' title='bbox 3519 1612 3832 1682; x_wconf 74' lang='grc' dir='ltr'>ὲσάρωσενο</span> <span class='ocrx_word' id='word_1_203' title='bbox 3861 1614 3958 1664; x_wconf 75' lang='grc' dir='ltr'>καὶ</span> 
     </span>
    </p>
   </div>
   <div class='ocr_carea' id='block_1_31' title="bbox 2368 1701 3960 1775">
    <p class='ocr_par' dir='ltr' id='par_1_31' title="bbox 2368 1701 3960 1775">
     <span class='ocr_line' id='line_1_31' title="bbox 2368 1701 3960 1775; baseline 0.004 -23"><span class='ocrx_word' id='word_1_204' title='bbox 2368 1702 2417 1753; x_wconf 82' lang='grc' dir='ltr'><strong>εί</strong></span> <span class='ocrx_word' id='word_1_205' title='bbox 2442 1702 2682 1772; x_wconf 78' lang='grc' dir='ltr'><strong>ἐργάτης</strong></span> <span class='ocrx_word' id='word_1_206' title='bbox 2716 1701 3053 1772; x_wconf 81' lang='grc' dir='ltr'>ὠνόμασται,</span> <span class='ocrx_word' id='word_1_207' title='bbox 3103 1702 3417 1768; x_wconf 80' lang='grc' dir='ltr'><strong>ἀκολούθως</strong></span> <span class='ocrx_word' id='word_1_208' title='bbox 3451 1706 3735 1775; x_wconf 82' lang='grc' dir='ltr'>γεωργίαν</span> <span class='ocrx_word' id='word_1_209' title='bbox 3786 1722 3960 1758; x_wconf 79' lang='grc' dir='ltr'>πνευ-</span> 
     </span>
    </p>
   </div>
   <div class='ocr_carea' id='block_1_32' title="bbox 2374 1795 3957 1869">
    <p class='ocr_par' dir='ltr' id='par_1_32' title="bbox 2374 1795 3957 1869">
     <span class='ocr_line' id='line_1_32' title="bbox 2374 1795 3957 1869; baseline 0.003 -23"><span class='ocrx_word' id='word_1_210' title='bbox 2374 1796 2610 1864; x_wconf 85' lang='grc' dir='ltr'>ματικὴν</span> <span class='ocrx_word' id='word_1_211' title='bbox 2639 1795 2942 1848; x_wconf 76' lang='grc' dir='ltr'>τετέλεκενο</span> <span class='ocrx_word' id='word_1_212' title='bbox 2978 1796 3006 1849; x_wconf 81' lang='grc' dir='ltr'><strong>ό</strong></span> <span class='ocrx_word' id='word_1_213' title='bbox 3050 1795 3107 1848; x_wconf 75' lang='grc' dir='ltr'>δὲ</span> <span class='ocrx_word' id='word_1_214' title='bbox 3139 1795 3281 1850; x_wconf 89' lang='grc' dir='ltr'><strong>κατά</strong></span> <span class='ocrx_word' id='word_1_215' title='bbox 3327 1797 3509 1850; x_wconf 85' lang='grc' dir='ltr'>κοινοῦ</span> <span class='ocrx_word' id='word_1_216' title='bbox 3566 1800 3821 1869; x_wconf 74' lang='grc' dir='ltr'>εἴρηται,</span> <span class='ocrx_word' id='word_1_217' title='bbox 3859 1802 3957 1853; x_wconf 77' lang='grc' dir='ltr'>καὶ</span> 
     </span>
    </p>
   </div>
   <div class='ocr_carea' id='block_1_33' title="bbox 698 1874 2277 1958">
    <p class='ocr_par' dir='ltr' id='par_1_33' title="bbox 698 1885 2271 1958">
     <span class='ocr_line' id='line_1_33' title="bbox 698 1885 2271 1958; baseline -0.003 -15"><span class='ocrx_word' id='word_1_218' title='bbox 698 1888 821 1955; x_wconf 91' lang='lat' dir='ltr'><strong>fuit,</strong></span> <span class='ocrx_word' id='word_1_219' title='bbox 860 1888 913 1942; x_wconf 90' lang='lat' dir='ltr'><strong>id</strong></span> <span class='ocrx_word' id='word_1_220' title='bbox 940 1887 1007 1943; x_wconf 92' lang='lat' dir='ltr'><strong>de</strong></span> <span class='ocrx_word' id='word_1_221' title='bbox 1032 1887 1443 1958; x_wconf 90' lang='lat' dir='ltr'><strong>singulisetiam</strong></span> <span class='ocrx_word' id='word_1_222' title='bbox 1501 1885 1752 1956; x_wconf 83' lang='lat' dir='ltr'><strong>personis</strong></span> <span class='ocrx_word' id='word_1_223' title='bbox 1827 1885 2023 1955; x_wconf 88' lang='lat' dir='ltr'><strong>accipi,</strong></span> <span class='ocrx_word' id='word_1_224' title='bbox 2074 1885 2271 1955; x_wconf 64' lang='lat' dir='ltr'><strong>aequis-</strong></span> 
     </span>
    </p>
   </div>
   <div class='ocr_carea' id='block_1_34' title="bbox 2372 1874 3955 1958">
    <p class='ocr_par' dir='ltr' id='par_1_34' title="bbox 2372 1874 3955 1956">
     <span class='ocr_line' id='line_1_34' title="bbox 2372 1874 3955 1956; baseline 0.002 -19"><span class='ocrx_word' id='word_1_225' title='bbox 2372 1884 2493 1938; x_wconf 83' lang='grc' dir='ltr'>καθ’</span> <span class='ocrx_word' id='word_1_226' title='bbox 2530 1874 2651 1949; x_wconf 73' lang='grc' dir='ltr'>ἑνὸς</span> <span class='ocrx_word' id='word_1_227' title='bbox 2702 1885 3000 1956; x_wconf 76' lang='grc' dir='ltr'><strong>προσώπου</strong></span> <span class='ocrx_word' id='word_1_228' title='bbox 3032 1885 3335 1956; x_wconf 72' lang='grc' dir='ltr'>λαμδάνειν</span> <span class='ocrx_word' id='word_1_229' title='bbox 3381 1886 3788 1955; x_wconf 69' lang='grc' dir='ltr'><strong>ειῖιλογώτατον⁸</strong></span> <span class='ocrx_word' id='word_1_230' title='bbox 3818 1888 3955 1940; x_wconf 75' lang='grc' dir='ltr'>οὐκ·</span> 
     </span>
    </p>
   </div>
   <div class='ocr_carea' id='block_1_35' title="bbox 698 1975 2266 2047">
    <p class='ocr_par' dir='ltr' id='par_1_35' title="bbox 698 1975 2266 2047">
     <span class='ocr_line' id='line_1_35' title="bbox 698 1975 2266 2047; baseline -0.003 -14"><span class='ocrx_word' id='word_1_231' title='bbox 698 1979 895 2034; x_wconf 83' lang='lat' dir='ltr'><strong>simum</strong></span> <span class='ocrx_word' id='word_1_232' title='bbox 920 1986 1022 2034; x_wconf 91' lang='lat' dir='ltr'><strong>est.</strong></span> <span class='ocrx_word' id='word_1_233' title='bbox 1048 1978 1341 2047; x_wconf 88' lang='lat' dir='ltr'><strong>Pr0pterea</strong></span> <span class='ocrx_word' id='word_1_234' title='bbox 1399 1986 1586 2045; x_wconf 85' lang='lat' dir='ltr'><strong>specta</strong></span> <span class='ocrx_word' id='word_1_235' title='bbox 1639 1976 1791 2030; x_wconf 91' lang='lat' dir='ltr'><strong>illum</strong></span> <span class='ocrx_word' id='word_1_236' title='bbox 1837 1975 1941 2030; x_wconf 87' lang='lat' dir='ltr'><strong>sub</strong></span> <span class='ocrx_word' id='word_1_237' title='bbox 1986 1975 2266 2047; x_wconf 90' lang='lat' dir='ltr'><strong>allegoria,</strong></span> 
     </span>
    </p>
   </div>
   <div class='ocr_carea' id='block_1_36' title="bbox 700 2065 2269 2137">
    <p class='ocr_par' dir='ltr' id='par_1_36' title="bbox 700 2065 2269 2137">
     <span class='ocr_line' id='line_1_36' title="bbox 700 2065 2269 2137; baseline -0.003 -12"><span class='ocrx_word' id='word_1_238' title='bbox 700 2072 864 2125; x_wconf 89' lang='lat' dir='ltr'><strong>modo</strong></span> <span class='ocrx_word' id='word_1_239' title='bbox 928 2081 1127 2124; x_wconf 88' lang='lat' dir='ltr'><strong>terram</strong></span> <span class='ocrx_word' id='word_1_240' title='bbox 1195 2068 1337 2123; x_wconf 85' lang='lat' dir='ltr'><strong>haud</strong></span> <span class='ocrx_word' id='word_1_241' title='bbox 1387 2068 1562 2123; x_wconf 91' lang='lat' dir='ltr'><strong>bobus</strong></span> <span class='ocrx_word' id='word_1_242' title='bbox 1620 2067 1841 2137; x_wconf 84' lang='lat' dir='ltr'><strong>quidem</strong></span> <span class='ocrx_word' id='word_1_243' title='bbox 1892 2065 2098 2121; x_wconf 89' lang='lat' dir='ltr'><strong>ferrum</strong></span> <span class='ocrx_word' id='word_1_244' title='bbox 2156 2076 2269 2121; x_wconf 89' lang='lat' dir='ltr'><strong>tra-</strong></span> 
     </span>
    </p>
   </div>
   <div class='ocr_carea' id='block_1_37' title="bbox 699 2159 2268 2230">
    <p class='ocr_par' dir='ltr' id='par_1_37' title="bbox 699 2159 2268 2230">
     <span class='ocr_line' id='line_1_37' title="bbox 699 2159 2268 2230; baseline -0.001 -16"><span class='ocrx_word' id='word_1_245' title='bbox 699 2161 955 2216; x_wconf 86' lang='lat' dir='ltr'><strong>hentibus</strong></span> <span class='ocrx_word' id='word_1_246' title='bbox 998 2170 1241 2215; x_wconf 88' lang='lat' dir='ltr'><strong>arantem</strong></span> <span class='ocrx_word' id='word_1_247' title='bbox 1267 2201 1281 2225; x_wconf 89' lang='lat'><strong>,</strong></span> <span class='ocrx_word' id='word_1_248' title='bbox 1336 2160 1429 2214; x_wconf 87' lang='lat' dir='ltr'><strong>sed</strong></span> <span class='ocrx_word' id='word_1_249' title='bbox 1486 2159 1685 2230; x_wconf 67' lang='lat' dir='ltr'><strong>linguae</strong></span> <span class='ocrx_word' id='word_1_250' title='bbox 1720 2174 1941 2214; x_wconf 83' lang='lat' dir='ltr'><strong>vomere</strong></span> <span class='ocrx_word' id='word_1_251' title='bbox 1980 2160 2268 2214; x_wconf 88' lang='lat' dir='ltr'><strong>rationalia</strong></span> 
     </span>
    </p>
   </div>
   <div class='ocr_carea' id='block_1_38' title="bbox 698 2252 2270 2325">
    <p class='ocr_par' dir='ltr' id='par_1_38' title="bbox 698 2252 2270 2325">
     <span class='ocr_line' id='line_1_38' title="bbox 698 2252 2270 2325; baseline -0.003 -13"><span class='ocrx_word' id='word_1_252' title='bbox 698 2252 826 2312; x_wconf 78' lang='lat' dir='ltr'><strong>ar&#39;va</strong></span> <span class='ocrx_word' id='word_1_253' title='bbox 860 2257 1174 2320; x_wconf 89' lang='lat' dir='ltr'><strong>fodientem,</strong></span> <span class='ocrx_word' id='word_1_254' title='bbox 1197 2256 1328 2325; x_wconf 82' lang='lat' dir='ltr'><strong>jugo</strong></span> <span class='ocrx_word' id='word_1_255' title='bbox 1359 2254 1569 2309; x_wconf 88' lang='lat' dir='ltr'><strong>scilicet</strong></span> <span class='ocrx_word' id='word_1_256' title='bbox 1598 2254 2079 2323; x_wconf 85' lang='lat' dir='ltr'><strong>contemplationis</strong></span> <span class='ocrx_word' id='word_1_257' title='bbox 2106 2254 2270 2310; x_wconf 89' lang='lat' dir='ltr'><strong>simul</strong></span> 
     </span>
    </p>
   </div>
   <div class='ocr_carea' id='block_1_39' title="bbox 699 2347 2273 2418">
    <p class='ocr_par' dir='ltr' id='par_1_39' title="bbox 699 2347 2273 2418">
     <span class='ocr_line' id='line_1_39' title="bbox 699 2347 2273 2418; baseline 0.001 -15"><span class='ocrx_word' id='word_1_258' title='bbox 699 2360 751 2405; x_wconf 89' lang='lat' dir='ltr'><strong>et</strong></span> <span class='ocrx_word' id='word_1_259' title='bbox 787 2349 1061 2405; x_wconf 89' lang='lat' dir='ltr'><strong>actionis:</strong></span> <span class='ocrx_word' id='word_1_260' title='bbox 1117 2364 1297 2418; x_wconf 85' lang='lat' dir='ltr'><strong>neque</strong></span> <span class='ocrx_word' id='word_1_261' title='bbox 1332 2357 1604 2403; x_wconf 88' lang='lat' dir='ltr'><strong>serentem</strong></span> <span class='ocrx_word' id='word_1_262' title='bbox 1654 2347 1918 2402; x_wconf 90' lang='lat' dir='ltr'><strong>caducum</strong></span> <span class='ocrx_word' id='word_1_263' title='bbox 1944 2348 2149 2418; x_wconf 87' lang='lat' dir='ltr'><strong>aliquid</strong></span> <span class='ocrx_word' id='word_1_264' title='bbox 2177 2358 2273 2404; x_wconf 90' lang='lat' dir='ltr'><strong>aut</strong></span> 
     </span>
    </p>
   </div>
   <div class='ocr_carea' id='block_1_40' title="bbox 698 2438 2270 2511">
    <p class='ocr_par' dir='ltr' id='par_1_40' title="bbox 698 2438 2270 2511">
     <span class='ocr_line' id='line_1_40' title="bbox 698 2438 2270 2511; baseline -0.001 -14"><span class='ocrx_word' id='word_1_265' title='bbox 698 2440 1083 2511; x_wconf 88' lang='lat' dir='ltr'><strong>corruptibile,</strong></span> <span class='ocrx_word' id='word_1_266' title='bbox 1146 2440 1241 2495; x_wconf 88' lang='lat' dir='ltr'><strong>sed</strong></span> <span class='ocrx_word' id='word_1_267' title='bbox 1297 2439 1419 2494; x_wconf 88' lang='lat' dir='ltr'><strong>fidei</strong></span> <span class='ocrx_word' id='word_1_268' title='bbox 1495 2439 1798 2494; x_wconf 84' lang='lat' dir='ltr'><strong>doctrinam</strong></span> <span class='ocrx_word' id='word_1_269' title='bbox 1872 2439 1925 2492; x_wconf 92' lang='lat' dir='ltr'><strong>in</strong></span> <span class='ocrx_word' id='word_1_270' title='bbox 1999 2438 2270 2509; x_wconf 85' lang='lat' dir='ltr'><strong>profunda</strong></span> 
     </span>
    </p>
   </div>
   <div class='ocr_carea' id='block_1_41' title="bbox 699 2529 2273 2600">
    <p class='ocr_par' dir='ltr' id='par_1_41' title="bbox 699 2529 2273 2600">
     <span class='ocr_line' id='line_1_41' title="bbox 699 2529 2273 2600; baseline -0.001 -12"><span class='ocrx_word' id='word_1_271' title='bbox 699 2532 947 2588; x_wconf 87' lang='lat' dir='ltr'><strong>cordium</strong></span> <span class='ocrx_word' id='word_1_272' title='bbox 974 2530 1285 2599; x_wconf 74' lang='lat' dir='ltr'><strong>iacientem.</strong></span> <span class='ocrx_word' id='word_1_273' title='bbox 1328 2529 1486 2584; x_wconf 84' lang='lat' dir='ltr'><strong>Modo</strong></span> <span class='ocrx_word' id='word_1_274' title='bbox 1527 2538 1707 2583; x_wconf 90' lang='lat' dir='ltr'><strong>autem</strong></span> <span class='ocrx_word' id='word_1_275' title='bbox 1762 2530 1952 2584; x_wconf 88' lang='lat' dir='ltr'><strong>hortos</strong></span> <span class='ocrx_word' id='word_1_276' title='bbox 1974 2533 2273 2600; x_wconf 84' lang='lat' dir='ltr'><strong>vineasque</strong></span> 
     </span>
    </p>
   </div>
   <div class='ocr_carea' id='block_1_42' title="bbox 704 2624 2272 2695">
    <p class='ocr_par' dir='ltr' id='par_1_42' title="bbox 704 2624 2272 2695">
     <span class='ocr_line' id='line_1_42' title="bbox 704 2624 2272 2695; baseline -0.002 -16"><span class='ocrx_word' id='word_1_277' title='bbox 704 2624 915 2681; x_wconf 82' lang='lat' dir='ltr'><strong>Domini</strong></span> <span class='ocrx_word' id='word_1_278' title='bbox 948 2625 1280 2695; x_wconf 91' lang='lat' dir='ltr'><strong>plantantem</strong></span> <span class='ocrx_word' id='word_1_279' title='bbox 1310 2663 1326 2689; x_wconf 93' lang='lat'><strong>,</strong></span> <span class='ocrx_word' id='word_1_280' title='bbox 1350 2638 1472 2693; x_wconf 68' lang='lat' dir='ltr'><strong>qua:</strong></span> <span class='ocrx_word' id='word_1_281' title='bbox 1501 2638 1626 2677; x_wconf 80' lang='lat' dir='ltr'><strong>mox</strong></span> <span class='ocrx_word' id='word_1_282' title='bbox 1675 2632 1889 2691; x_wconf 88' lang='lat' dir='ltr'><strong>recepta</strong></span> <span class='ocrx_word' id='word_1_283' title='bbox 1919 2624 2167 2678; x_wconf 87' lang='lat' dir='ltr'><strong>doctrina</strong></span> <span class='ocrx_word' id='word_1_284' title='bbox 2216 2624 2272 2676; x_wconf 91' lang='lat' dir='ltr'><strong>in</strong></span> 
     </span>
    </p>
   </div>
   <div class='ocr_carea' id='block_1_43' title="bbox 700 2714 2273 2787">
    <p class='ocr_par' dir='ltr' id='par_1_43' title="bbox 700 2714 2273 2787">
     <span class='ocr_line' id='line_1_43' title="bbox 700 2714 2273 2787; baseline -0.001 -15"><span class='ocrx_word' id='word_1_285' title='bbox 700 2718 896 2773; x_wconf 88' lang='lat' dir='ltr'><strong>melius</strong></span> <span class='ocrx_word' id='word_1_286' title='bbox 936 2716 1319 2787; x_wconf 87' lang='lat' dir='ltr'><strong>profecerunt,</strong></span> <span class='ocrx_word' id='word_1_287' title='bbox 1368 2726 1423 2769; x_wconf 93' lang='lat' dir='ltr'><strong>et</strong></span> <span class='ocrx_word' id='word_1_288' title='bbox 1454 2730 1519 2770; x_wconf 80' lang='lat' dir='ltr'><strong>ex</strong></span> <span class='ocrx_word' id='word_1_289' title='bbox 1553 2715 1784 2769; x_wconf 82' lang='lat' dir='ltr'><strong>novellis</strong></span> <span class='ocrx_word' id='word_1_290' title='bbox 1822 2714 1977 2783; x_wconf 86' lang='lat' dir='ltr'><strong>lapsu</strong></span> <span class='ocrx_word' id='word_1_291' title='bbox 2011 2720 2273 2785; x_wconf 88' lang='lat' dir='ltr'><strong>temporis</strong></span> 
     </span>
    </p>
   </div>
   <div class='ocr_carea' id='block_1_44' title="bbox 700 2808 2277 2879">
    <p class='ocr_par' dir='ltr' id='par_1_44' title="bbox 700 2808 2277 2879">
     <span class='ocr_line' id='line_1_44' title="bbox 700 2808 2277 2879; baseline -0.001 -14"><span class='ocrx_word' id='word_1_292' title='bbox 700 2810 767 2866; x_wconf 87' lang='lat' dir='ltr'><strong>ad</strong></span> <span class='ocrx_word' id='word_1_293' title='bbox 801 2809 1271 2865; x_wconf 81' lang='lat' dir='ltr'><strong>fructiﬁcationem</strong></span> <span class='ocrx_word' id='word_1_294' title='bbox 1308 2817 1693 2879; x_wconf 92' lang='lat' dir='ltr'><strong>provenerunt.</strong></span> <span class='ocrx_word' id='word_1_295' title='bbox 1742 2808 1903 2863; x_wconf 84' lang='lat' dir='ltr'><strong>Modo</strong></span> <span class='ocrx_word' id='word_1_296' title='bbox 1928 2811 2092 2863; x_wconf 90' lang='lat' dir='ltr'><strong>etiam</strong></span> <span class='ocrx_word' id='word_1_297' title='bbox 2124 2825 2277 2864; x_wconf 91' lang='lat' dir='ltr'><strong>more</strong></span> 
     </span>
    </p>
   </div>
   <div class='ocr_carea' id='block_1_45' title="bbox 703 2901 2276 2971">
    <p class='ocr_par' dir='ltr' id='par_1_45' title="bbox 703 2901 2276 2971">
     <span class='ocr_line' id='line_1_45' title="bbox 703 2901 2276 2971; baseline -0.001 -13"><span class='ocrx_word' id='word_1_298' title='bbox 703 2902 899 2958; x_wconf 87' lang='lat' dir='ltr'><strong>medici</strong></span> <span class='ocrx_word' id='word_1_299' title='bbox 943 2901 1179 2956; x_wconf 81' lang='lat' dir='ltr'><strong>remedia</strong></span> <span class='ocrx_word' id='word_1_300' title='bbox 1233 2902 1427 2957; x_wconf 88' lang='lat' dir='ltr'><strong>idonea</strong></span> <span class='ocrx_word' id='word_1_301' title='bbox 1470 2902 1946 2970; x_wconf 83' lang='lat' dir='ltr'><strong>suppeditantem,</strong></span> <span class='ocrx_word' id='word_1_302' title='bbox 2006 2902 2085 2957; x_wconf 85' lang='lat' dir='ltr'><strong>vel</strong></span> <span class='ocrx_word' id='word_1_303' title='bbox 2135 2917 2276 2971; x_wconf 89' lang='lat' dir='ltr'><strong>quo-</strong></span> 
     </span>
    </p>
   </div>
   <div class='ocr_carea' id='block_1_46' title="bbox 704 2994 2271 3064">
    <p class='ocr_par' dir='ltr' id='par_1_46' title="bbox 704 2994 2271 3064">
     <span class='ocr_line' id='line_1_46' title="bbox 704 2994 2271 3064; baseline 0.002 -17"><span class='ocrx_word' id='word_1_304' title='bbox 704 2995 1086 3064; x_wconf 86' lang='lat' dir='ltr'><strong>modocunque</strong></span> <span class='ocrx_word' id='word_1_305' title='bbox 1112 2994 1370 3058; x_wconf 83' lang='lat' dir='ltr'><strong>volueris,</strong></span> <span class='ocrx_word' id='word_1_306' title='bbox 1392 3008 1539 3048; x_wconf 66' lang='lat' dir='ltr'><strong>caeco</strong></span> <span class='ocrx_word' id='word_1_307' title='bbox 1566 2994 1990 3059; x_wconf 85' lang='lat' dir='ltr'><strong>illuminantcm,</strong></span> <span class='ocrx_word' id='word_1_308' title='bbox 2020 2994 2271 3062; x_wconf 86' lang='lat' dir='ltr'><strong>leprosos</strong></span> 
     </span>
    </p>
   </div>
   <div class='ocr_carea' id='block_1_47' title="bbox 708 3083 2279 3154">
    <p class='ocr_par' dir='ltr' id='par_1_47' title="bbox 708 3083 2279 3154">
     <span class='ocr_line' id='line_1_47' title="bbox 708 3083 2279 3154; baseline 0.002 -15"><span class='ocrx_word' id='word_1_309' title='bbox 708 3084 1059 3141; x_wconf 90' lang='lat' dir='ltr'><strong>mundantem</strong></span> <span class='ocrx_word' id='word_1_310' title='bbox 1083 3125 1099 3151; x_wconf 94' lang='lat'><strong>,</strong></span> <span class='ocrx_word' id='word_1_311' title='bbox 1142 3084 1320 3140; x_wconf 79' lang='lat' dir='ltr'><strong>febres</strong></span> <span class='ocrx_word' id='word_1_312' title='bbox 1371 3083 1730 3154; x_wconf 87' lang='lat' dir='ltr'><strong>depellentem</strong></span> <span class='ocrx_word' id='word_1_313' title='bbox 1760 3124 1774 3147; x_wconf 91' lang='lat'><strong>,</strong></span> <span class='ocrx_word' id='word_1_314' title='bbox 1819 3084 2031 3139; x_wconf 81' lang='lat' dir='ltr'><strong>facilem</strong></span> <span class='ocrx_word' id='word_1_315' title='bbox 2065 3086 2279 3143; x_wconf 85' lang='lat' dir='ltr'><strong>claudis</strong></span> 
     </span>
    </p>
   </div>
   <div class='ocr_carea' id='block_1_48' title="bbox 705 3175 2276 3246">
    <p class='ocr_par' dir='ltr' id='par_1_48' title="bbox 705 3175 2276 3246">
     <span class='ocr_line' id='line_1_48' title="bbox 705 3175 2276 3246; baseline 0.001 -16"><span class='ocrx_word' id='word_1_316' title='bbox 705 3193 952 3246; x_wconf 79' lang='lat' dir='ltr'><strong>gressum</strong></span> <span class='ocrx_word' id='word_1_317' title='bbox 985 3190 1159 3231; x_wconf 60' lang='lat' dir='ltr'><strong>caecos</strong></span> <span class='ocrx_word' id='word_1_318' title='bbox 1237 3175 1587 3241; x_wconf 88' lang='lat' dir='ltr'><strong>tribuentem,</strong></span> <span class='ocrx_word' id='word_1_319' title='bbox 1619 3177 1799 3231; x_wconf 84' lang='lat' dir='ltr'><strong>surdis</strong></span> <span class='ocrx_word' id='word_1_320' title='bbox 1834 3176 2111 3242; x_wconf 83' lang='lat' dir='ltr'><strong>auditunt&#39;,</strong></span> <span class='ocrx_word' id='word_1_321' title='bbox 2133 3177 2276 3231; x_wconf 89' lang='lat' dir='ltr'><strong>varia</strong></span> 
     </span>
    </p>
   </div>
   <div class='ocr_carea' id='block_1_49' title="bbox 707 3254 2347 3337">
    <p class='ocr_par' dir='ltr' id='par_1_49' title="bbox 707 3254 2347 3337">
     <span class='ocr_line' id='line_1_49' title="bbox 707 3254 2347 3337; baseline -0.002 -13"><span class='ocrx_word' id='word_1_322' title='bbox 707 3270 927 3324; x_wconf 89' lang='lat' dir='ltr'><strong>demum</strong></span> <span class='ocrx_word' id='word_1_323' title='bbox 980 3268 1299 3322; x_wconf 71' lang='lat' dir='ltr'><strong>morborum</strong></span> <span class='ocrx_word' id='word_1_324' title='bbox 1349 3282 1550 3337; x_wconf 87' lang='lat' dir='ltr'><strong>genera</strong></span> <span class='ocrx_word' id='word_1_325' title='bbox 1603 3267 1930 3322; x_wconf 86' lang='lat' dir='ltr'><strong>sanitatibus</strong></span> <span class='ocrx_word' id='word_1_326' title='bbox 1985 3268 2271 3337; x_wconf 86' lang='lat' dir='ltr'><strong>incorrup-</strong></span> <span class='ocrx_word' id='word_1_327' title='bbox 2303 3254 2347 3312; x_wconf 71' lang='grc' dir='ltr'>Ο</span> 
     </span>
    </p>
   </div>
   <div class='ocr_carea' id='block_1_50' title="bbox 708 3358 2277 3418">
    <p class='ocr_par' dir='ltr' id='par_1_50' title="bbox 708 3358 2277 3418">
     <span class='ocr_line' id='line_1_50' title="bbox 708 3358 2277 3418; baseline 0.002 -6"><span class='ocrx_word' id='word_1_328' title='bbox 708 3359 954 3415; x_wconf 90' lang='lat' dir='ltr'><strong>tibilibus</strong></span> <span class='ocrx_word' id='word_1_329' title='bbox 1003 3358 1058 3414; x_wconf 94' lang='lat' dir='ltr'><strong>in</strong></span> <span class='ocrx_word' id='word_1_330' title='bbox 1101 3359 1404 3414; x_wconf 89' lang='lat' dir='ltr'><strong>naturalem</strong></span> <span class='ocrx_word' id='word_1_331' title='bbox 1458 3360 1827 3416; x_wconf 88' lang='lat' dir='ltr'><strong>valetudinem</strong></span> <span class='ocrx_word' id='word_1_332' title='bbox 1875 3361 2277 3418; x_wconf 87' lang='lat' dir='ltr'><strong>restituentem.</strong></span> 
     </span>
    </p>
   </div>
   <div class='ocr_carea' id='block_1_51' title="bbox 708 3453 2280 3525">
    <p class='ocr_par' dir='ltr' id='par_1_51' title="bbox 708 3453 2280 3525">
     <span class='ocr_line' id='line_1_51' title="bbox 708 3453 2280 3525; baseline -0.001 -16"><span class='ocrx_word' id='word_1_333' title='bbox 708 3453 852 3519; x_wconf 82' lang='lat' dir='ltr'><strong>Quin</strong></span> <span class='ocrx_word' id='word_1_334' title='bbox 881 3453 1045 3510; x_wconf 90' lang='lat' dir='ltr'><strong>etiam</strong></span> <span class='ocrx_word' id='word_1_335' title='bbox 1082 3470 1243 3510; x_wconf 88' lang='lat' dir='ltr'><strong>cerne</strong></span> <span class='ocrx_word' id='word_1_336' title='bbox 1265 3454 1442 3525; x_wconf 88' lang='lat' dir='ltr'><strong>ipsum</strong></span> <span class='ocrx_word' id='word_1_337' title='bbox 1475 3455 1732 3524; x_wconf 88' lang='lat' dir='ltr'><strong>pastorali</strong></span> <span class='ocrx_word' id='word_1_338' title='bbox 1775 3453 1950 3511; x_wconf 90' lang='lat' dir='ltr'><strong>forma</strong></span> <span class='ocrx_word' id='word_1_339' title='bbox 1976 3464 2280 3525; x_wconf 89' lang='lat' dir='ltr'><strong>assumpta,</strong></span> 
     </span>
    </p>
   </div>
   <div class='ocr_carea' id='block_1_52' title="bbox 708 3544 2280 3617">
    <p class='ocr_par' dir='ltr' id='par_1_52' title="bbox 708 3544 2280 3617">
     <span class='ocr_line' id='line_1_52' title="bbox 708 3544 2280 3617; baseline 0.003 -17"><span class='ocrx_word' id='word_1_340' title='bbox 708 3561 926 3617; x_wconf 85' lang='lat' dir='ltr'><strong>gregem</strong></span> <span class='ocrx_word' id='word_1_341' title='bbox 978 3544 1090 3601; x_wconf 87' lang='lat' dir='ltr'><strong>Deo</strong></span> <span class='ocrx_word' id='word_1_342' title='bbox 1127 3561 1489 3612; x_wconf 87' lang='lat' dir='ltr'><strong>conservare,</strong></span> <span class='ocrx_word' id='word_1_343' title='bbox 1533 3546 1892 3612; x_wconf 88' lang='lat' dir='ltr'><strong>deducendo,</strong></span> <span class='ocrx_word' id='word_1_344' title='bbox 1949 3549 2280 3615; x_wconf 81' lang='lat' dir='ltr'><strong>revocando,</strong></span> 
     </span>
    </p>
   </div>
   <div class='ocr_carea' id='block_1_53' title="bbox 708 3636 2281 3708">
    <p class='ocr_par' dir='ltr' id='par_1_53' title="bbox 708 3636 2281 3708">
     <span class='ocr_line' id='line_1_53' title="bbox 708 3636 2281 3708; baseline 0.003 -17"><span class='ocrx_word' id='word_1_345' title='bbox 708 3651 899 3691; x_wconf 89' lang='lat' dir='ltr'><strong>curam</strong></span> <span class='ocrx_word' id='word_1_346' title='bbox 957 3636 1239 3708; x_wconf 85' lang='lat' dir='ltr'><strong>gerendo,</strong></span> <span class='ocrx_word' id='word_1_347' title='bbox 1309 3636 1648 3693; x_wconf 86' lang='lat' dir='ltr'><strong>defendendo</strong></span> <span class='ocrx_word' id='word_1_348' title='bbox 1680 3676 1696 3701; x_wconf 86' lang='lat'><strong>,</strong></span> <span class='ocrx_word' id='word_1_349' title='bbox 1748 3639 1951 3695; x_wconf 88' lang='lat' dir='ltr'><strong>bestias</strong></span> <span class='ocrx_word' id='word_1_350' title='bbox 2010 3642 2281 3697; x_wconf 70' lang='lat' dir='ltr'><strong>haeresum</strong></span> 
     </span>
    </p>
   </div>
   <div class='ocr_carea' id='block_1_54' title="bbox 710 3727 2285 3799">
    <p class='ocr_par' dir='ltr' id='par_1_54' title="bbox 710 3727 2285 3799">
     <span class='ocr_line' id='line_1_54' title="bbox 710 3727 2285 3799; baseline 0.006 -22"><span class='ocrx_word' id='word_1_351' title='bbox 710 3727 1129 3797; x_wconf 63' lang='lat' dir='ltr'><strong>darmonumque</strong></span> <span class='ocrx_word' id='word_1_352' title='bbox 1175 3727 1360 3783; x_wconf 87' lang='lat' dir='ltr'><strong>turbas</strong></span> <span class='ocrx_word' id='word_1_353' title='bbox 1408 3728 1694 3783; x_wconf 85' lang='lat' dir='ltr'><strong>arcendo:</strong></span> <span class='ocrx_word' id='word_1_354' title='bbox 1752 3729 2071 3799; x_wconf 82' lang='lat' dir='ltr'><strong>imperfecta</strong></span> <span class='ocrx_word' id='word_1_355' title='bbox 2104 3733 2285 3787; x_wconf 90' lang='lat' dir='ltr'><strong>adhuc</strong></span> 
     </span>
    </p>
   </div>
   <div class='ocr_carea' id='block_1_55' title="bbox 714 3817 2285 3890">
    <p class='ocr_par' dir='ltr' id='par_1_55' title="bbox 714 3817 2285 3890">
     <span class='ocr_line' id='line_1_55' title="bbox 714 3817 2285 3890; baseline 0.006 -21"><span class='ocrx_word' id='word_1_356' title='bbox 714 3817 943 3887; x_wconf 83' lang='lat' dir='ltr'><strong>rigando</strong></span> <span class='ocrx_word' id='word_1_357' title='bbox 975 3818 1178 3890; x_wconf 85' lang='lat' dir='ltr'><strong>jugiter</strong></span> <span class='ocrx_word' id='word_1_358' title='bbox 1200 3859 1217 3883; x_wconf 94' lang='lat'><strong>,</strong></span> <span class='ocrx_word' id='word_1_359' title='bbox 1267 3818 1553 3875; x_wconf 84' lang='lat' dir='ltr'><strong>educando</strong></span> <span class='ocrx_word' id='word_1_360' title='bbox 1583 3826 1643 3874; x_wconf 92' lang='lat' dir='ltr'><strong>ut</strong></span> <span class='ocrx_word' id='word_1_361' title='bbox 1691 3830 1944 3876; x_wconf 88' lang='lat' dir='ltr'><strong>crescant</strong></span> <span class='ocrx_word' id='word_1_362' title='bbox 1978 3821 2032 3874; x_wconf 92' lang='lat' dir='ltr'><strong>in</strong></span> <span class='ocrx_word' id='word_1_363' title='bbox 2068 3832 2285 3878; x_wconf 69' lang='lat' dir='ltr'><strong>aetatem</strong></span> 
     </span>
    </p>
   </div>
   <div class='ocr_carea' id='block_1_56' title="bbox 712 3908 2284 3982">
    <p class='ocr_par' dir='ltr' id='par_1_56' title="bbox 712 3908 2284 3982">
     <span class='ocr_line' id='line_1_56' title="bbox 712 3908 2284 3982; baseline 0.004 -18"><span class='ocrx_word' id='word_1_364' title='bbox 712 3908 954 3975; x_wconf 88' lang='lat' dir='ltr'><strong>Christi,</strong></span> <span class='ocrx_word' id='word_1_365' title='bbox 986 3912 1173 3982; x_wconf 90' lang='lat' dir='ltr'><strong>spinas</strong></span> <span class='ocrx_word' id='word_1_366' title='bbox 1199 3912 1600 3968; x_wconf 90' lang='lat' dir='ltr'><strong>intellectuales</strong></span> <span class='ocrx_word' id='word_1_367' title='bbox 1632 3912 1913 3969; x_wconf 89' lang='lat' dir='ltr'><strong>evellendo</strong></span> <span class='ocrx_word' id='word_1_368' title='bbox 1937 3952 1954 3980; x_wconf 95' lang='lat'><strong>,</strong></span> <span class='ocrx_word' id='word_1_369' title='bbox 2010 3926 2284 3971; x_wconf 83' lang='lat' dir='ltr'><strong>sarmenta</strong></span> 
     </span>
    </p>
   </div>
   <div class='ocr_carea' id='block_1_57' title="bbox 712 4002 2287 4078">
    <p class='ocr_par' dir='ltr' id='par_1_57' title="bbox 712 4002 2287 4078">
     <span class='ocr_line' id='line_1_57' title="bbox 712 4002 2287 4078; baseline 0.004 -21"><span class='ocrx_word' id='word_1_370' title='bbox 712 4002 1011 4073; x_wconf 82' lang='lat' dir='ltr'><strong>impietatis</strong></span> <span class='ocrx_word' id='word_1_371' title='bbox 1074 4004 1485 4070; x_wconf 87' lang='lat' dir='ltr'><strong>comburendo,</strong></span> <span class='ocrx_word' id='word_1_372' title='bbox 1540 4005 1716 4062; x_wconf 85' lang='lat' dir='ltr'><strong>vallos</strong></span> <span class='ocrx_word' id='word_1_373' title='bbox 1764 4006 2102 4078; x_wconf 82' lang='lat' dir='ltr'><strong>degmaticos</strong></span> <span class='ocrx_word' id='word_1_374' title='bbox 2155 4008 2287 4064; x_wconf 89' lang='lat' dir='ltr'><strong>sub-</strong></span> 
     </span>
    </p>
   </div>
   <div class='ocr_carea' id='block_1_58' title="bbox 708 4096 2288 4172">
    <p class='ocr_par' dir='ltr' id='par_1_58' title="bbox 708 4096 2288 4172">
     <span class='ocr_line' id='line_1_58' title="bbox 708 4096 2288 4172; baseline 0.032 -6"><span class='ocrx_word' id='word_1_375' title='bbox 708 4096 999 4166; x_wconf 76' lang='lat' dir='ltr'><strong>iiciendo.</strong></span> <span class='ocrx_word' id='word_1_376' title='bbox 1046 4112 1217 4168; x_wconf 75' lang='lat' dir='ltr'><strong>saepes</strong></span> <span class='ocrx_word' id='word_1_377' title='bbox 1288 4099 1589 4155; x_wconf 62' lang='grc' dir='ltr'><strong>άίάδοιίοδε</strong></span> <span class='ocrx_word' id='word_1_378' title='bbox 1673 4102 2175 4172; x_wconf 64' lang='grc' dir='ltr'><strong>θίτευων⁰¹¹⁸¹¹ί¹⁰’</strong></span> <span class='ocrx_word' id='word_1_379' title='bbox 2232 4114 2288 4159; x_wconf 61' lang='grc' dir='ltr'>εί</span> 
     </span>
    </p>
   </div>
   <div class='ocr_carea' id='block_1_59' title="bbox 713 4189 2287 4262">
    <p class='ocr_par' dir='ltr' id='par_1_59' title="bbox 713 4189 2287 4262">
     <span class='ocr_line' id='line_1_59' title="bbox 713 4189 2287 4262; baseline 0.004 -18"><span class='ocrx_word' id='word_1_380' title='bbox 713 4189 980 4260; x_wconf 92' lang='lat' dir='ltr'><strong>quidquid</strong></span> <span class='ocrx_word' id='word_1_381' title='bbox 1006 4190 1152 4246; x_wconf 88' lang='lat' dir='ltr'><strong>aliud</strong></span> <span class='ocrx_word' id='word_1_382' title='bbox 1191 4191 1315 4246; x_wconf 90' lang='lat' dir='ltr'><strong>usui</strong></span> <span class='ocrx_word' id='word_1_383' title='bbox 1347 4199 1467 4258; x_wconf 90' lang='lat' dir='ltr'><strong>est,</strong></span> <span class='ocrx_word' id='word_1_384' title='bbox 1518 4192 1877 4262; x_wconf 88' lang='lat' dir='ltr'><strong>providendo.</strong></span> <span class='ocrx_word' id='word_1_385' title='bbox 1925 4192 2069 4249; x_wconf 91' lang='lat' dir='ltr'><strong>Idem</strong></span> <span class='ocrx_word' id='word_1_386' title='bbox 2106 4204 2162 4251; x_wconf 89' lang='lat' dir='ltr'><strong>et</strong></span> <span class='ocrx_word' id='word_1_387' title='bbox 2203 4195 2287 4250; x_wconf 86' lang='lat' dir='ltr'><strong>fa-</strong></span> 
     </span>
    </p>
   </div>
   <div class='ocr_carea' id='block_1_60' title="bbox 718 4282 2287 4348">
    <p class='ocr_par' dir='ltr' id='par_1_60' title="bbox 718 4282 2287 4348">
     <span class='ocr_line' id='line_1_60' title="bbox 718 4282 2287 4348; baseline 0.006 -13"><span class='ocrx_word' id='word_1_388' title='bbox 718 4282 955 4337; x_wconf 91' lang='lat' dir='ltr'><strong>bricator</strong></span> <span class='ocrx_word' id='word_1_389' title='bbox 995 4291 1080 4338; x_wconf 92' lang='lat' dir='ltr'><strong>est</strong></span> <span class='ocrx_word' id='word_1_390' title='bbox 1105 4291 1160 4338; x_wconf 95' lang='lat' dir='ltr'><strong>et</strong></span> <span class='ocrx_word' id='word_1_391' title='bbox 1202 4284 1534 4340; x_wconf 89' lang='lat' dir='ltr'><strong>architectus</strong></span> <span class='ocrx_word' id='word_1_392' title='bbox 1583 4284 1798 4341; x_wconf 62' lang='lat' dir='ltr'><strong>aedilicii</strong></span> <span class='ocrx_word' id='word_1_393' title='bbox 1828 4301 1894 4343; x_wconf 89' lang='lat' dir='ltr'><strong>ac</strong></span> <span class='ocrx_word' id='word_1_394' title='bbox 1924 4286 2145 4344; x_wconf 66' lang='lat' dir='ltr'><strong>fabricae</strong></span> <span class='ocrx_word' id='word_1_395' title='bbox 2178 4306 2287 4348; x_wconf 92' lang='lat' dir='ltr'><strong>non</strong></span> 
     </span>
    </p>
   </div>
   <div class='ocr_carea' id='block_1_61' title="bbox 716 4374 2287 4451">
    <p class='ocr_par' dir='ltr' id='par_1_61' title="bbox 716 4374 2287 4451">
     <span class='ocr_line' id='line_1_61' title="bbox 716 4374 2287 4451; baseline 0.005 -23"><span class='ocrx_word' id='word_1_396' title='bbox 716 4374 1063 4443; x_wconf 82' lang='lat' dir='ltr'><strong>manufactae,</strong></span> <span class='ocrx_word' id='word_1_397' title='bbox 1098 4377 1425 4446; x_wconf 89' lang='lat' dir='ltr'><strong>templorum</strong></span> <span class='ocrx_word' id='word_1_398' title='bbox 1449 4377 1665 4433; x_wconf 89' lang='lat' dir='ltr'><strong>Domini</strong></span> <span class='ocrx_word' id='word_1_399' title='bbox 1697 4378 1820 4435; x_wconf 91' lang='lat' dir='ltr'><strong>dico</strong></span> <span class='ocrx_word' id='word_1_400' title='bbox 1847 4395 1971 4451; x_wconf 67' lang='lat' dir='ltr'><strong>qua:</strong></span> <span class='ocrx_word' id='word_1_401' title='bbox 2009 4380 2062 4434; x_wconf 92' lang='lat' dir='ltr'><strong>in</strong></span> <span class='ocrx_word' id='word_1_402' title='bbox 2093 4383 2287 4451; x_wconf 86' lang='lat' dir='ltr'><strong>spiritu</strong></span> 
     </span>
    </p>
   </div>
   <div class='ocr_carea' id='block_1_62' title="bbox 713 4467 2289 4540">
    <p class='ocr_par' dir='ltr' id='par_1_62' title="bbox 713 4467 2289 4540">
     <span class='ocr_line' id='line_1_62' title="bbox 713 4467 2289 4540; baseline 0.003 -19"><span class='ocrx_word' id='word_1_403' title='bbox 713 4474 769 4521; x_wconf 88' lang='lat' dir='ltr'><strong>et</strong></span> <span class='ocrx_word' id='word_1_404' title='bbox 799 4467 1027 4522; x_wconf 89' lang='lat' dir='ltr'><strong>veritate</strong></span> <span class='ocrx_word' id='word_1_405' title='bbox 1079 4476 1515 4535; x_wconf 90' lang='lat' dir='ltr'><strong>construuntur,</strong></span> <span class='ocrx_word' id='word_1_406' title='bbox 1546 4478 1711 4540; x_wconf 89' lang='lat' dir='ltr'><strong>atque</strong></span> <span class='ocrx_word' id='word_1_407' title='bbox 1755 4470 1810 4524; x_wconf 90' lang='lat' dir='ltr'><strong>in</strong></span> <span class='ocrx_word' id='word_1_408' title='bbox 1856 4472 2119 4540; x_wconf 82' lang='lat' dir='ltr'><strong>pOpulum</strong></span> <span class='ocrx_word' id='word_1_409' title='bbox 2166 4473 2289 4527; x_wconf 81' lang='lat' dir='ltr'><strong>exi-</strong></span> 
     </span>
    </p>
   </div>
   <div class='ocr_carea' id='block_1_63' title="bbox 717 4557 2283 4631">
    <p class='ocr_par' dir='ltr' id='par_1_63' title="bbox 717 4557 2283 4631">
     <span class='ocr_line' id='line_1_63' title="bbox 717 4557 2283 4631; baseline 0.003 -19"><span class='ocrx_word' id='word_1_410' title='bbox 717 4557 910 4623; x_wconf 86' lang='lat' dir='ltr'><strong>mium,</strong></span> <span class='ocrx_word' id='word_1_411' title='bbox 960 4567 1287 4615; x_wconf 84' lang='lat' dir='ltr'><strong>sectatorem</strong></span> <span class='ocrx_word' id='word_1_412' title='bbox 1338 4559 1608 4615; x_wconf 89' lang='lat' dir='ltr'><strong>bonorum</strong></span> <span class='ocrx_word' id='word_1_413' title='bbox 1634 4562 2283 4631; x_wconf 82' lang='lat' dir='ltr'><strong>operum,perllciuntnr.</strong></span> 
     </span>
    </p>
   </div>
   <div class='ocr_carea' id='block_1_64' title="bbox 786 4822 2291 4900">
    <p class='ocr_par' dir='ltr' id='par_1_64' title="bbox 786 4822 2291 4900">
     <span class='ocr_line' id='line_1_64' title="bbox 786 4822 2291 4900; baseline 0.005 -20"><span class='ocrx_word' id='word_1_414' title='bbox 786 4825 839 4880; x_wconf 87' lang='lat'><strong>5.</strong></span> <span class='ocrx_word' id='word_1_415' title='bbox 873 4822 1092 4881; x_wconf 88' lang='lat' dir='ltr'><strong>Intuere</strong></span> <span class='ocrx_word' id='word_1_416' title='bbox 1116 4840 1329 4881; x_wconf 87' lang='lat' dir='ltr'><strong>mecum</strong></span> <span class='ocrx_word' id='word_1_417' title='bbox 1358 4825 1556 4898; x_wconf 91' lang='lat' dir='ltr'><strong>oppida</strong></span> <span class='ocrx_word' id='word_1_418' title='bbox 1584 4834 1642 4883; x_wconf 92' lang='lat' dir='ltr'><strong>et</strong></span> <span class='ocrx_word' id='word_1_419' title='bbox 1679 4826 2009 4896; x_wconf 88' lang='lat' dir='ltr'><strong>habitacula,</strong></span> <span class='ocrx_word' id='word_1_420' title='bbox 2039 4843 2162 4900; x_wconf 79' lang='lat' dir='ltr'><strong>qua:</strong></span> <span class='ocrx_word' id='word_1_421' title='bbox 2200 4829 2291 4887; x_wconf 86' lang='lat' dir='ltr'><strong>ille</strong></span> 
     </span>
    </p>
   </div>
   <div class='ocr_carea' id='block_1_65' title="bbox 718 4918 2290 4989">
    <p class='ocr_par' dir='ltr' id='par_1_65' title="bbox 718 4918 2290 4989">
     <span class='ocr_line' id='line_1_65' title="bbox 718 4918 2290 4989; baseline 0.004 -17"><span class='ocrx_word' id='word_1_422' title='bbox 718 4932 960 4987; x_wconf 66' lang='lat' dir='ltr'><strong>praeceps</strong></span> <span class='ocrx_word' id='word_1_423' title='bbox 997 4918 1183 4989; x_wconf 87' lang='lat' dir='ltr'><strong>populi</strong></span> <span class='ocrx_word' id='word_1_424' title='bbox 1217 4919 1475 4976; x_wconf 90' lang='lat' dir='ltr'><strong>seductor</strong></span> <span class='ocrx_word' id='word_1_425' title='bbox 1520 4920 1577 4975; x_wconf 91' lang='lat' dir='ltr'><strong>in</strong></span> <span class='ocrx_word' id='word_1_426' title='bbox 1620 4920 1938 4977; x_wconf 84' lang='lat' dir='ltr'><strong>infidelitate</strong></span> <span class='ocrx_word' id='word_1_427' title='bbox 1962 4924 2092 4979; x_wconf 89' lang='lat' dir='ltr'><strong>olim</strong></span> <span class='ocrx_word' id='word_1_428' title='bbox 2148 4924 2290 4981; x_wconf 90' lang='lat' dir='ltr'><strong>deti-</strong></span> 
     </span>
    </p>
   </div>
   <div class='ocr_carea' id='block_1_66' title="bbox 720 4998 2289 5087">
    <p class='ocr_par' dir='ltr' id='par_1_66' title="bbox 720 4998 2289 5087">
     <span class='ocr_line' id='line_1_66' title="bbox 720 4998 2289 5087; baseline 0.007 -26"><span class='ocrx_word' id='word_1_429' title='bbox 720 5008 917 5074; x_wconf 88' lang='lat' dir='ltr'><strong>nebat,</strong></span> <span class='ocrx_word' id='word_1_430' title='bbox 952 5008 1166 5065; x_wconf 88' lang='lat' dir='ltr'><strong>intuere</strong></span> <span class='ocrx_word' id='word_1_431' title='bbox 1195 5010 1347 5076; x_wconf 66' lang='lat' dir='ltr'><strong>haac,</strong></span> <span class='ocrx_word' id='word_1_432' title='bbox 1373 4998 1631 5083; x_wconf 85' lang='lat' dir='ltr'><strong>inquam,</strong></span> <span class='ocrx_word' id='word_1_433' title='bbox 1684 5015 1775 5069; x_wconf 88' lang='lat' dir='ltr'><strong>Dei</strong></span> <span class='ocrx_word' id='word_1_434' title='bbox 1805 5016 1995 5069; x_wconf 92' lang='lat' dir='ltr'><strong>notitia</strong></span> <span class='ocrx_word' id='word_1_435' title='bbox 2030 5025 2289 5087; x_wconf 88' lang='lat' dir='ltr'><strong>tanquam</strong></span> 
     </span>
    </p>
   </div>
   <div class='ocr_carea' id='block_1_67' title="bbox 720 5096 2291 5165">
    <p class='ocr_par' dir='ltr' id='par_1_67' title="bbox 720 5096 2291 5165">
     <span class='ocr_line' id='line_1_67' title="bbox 720 5096 2291 5165; baseline 0.008 -14"><span class='ocrx_word' id='word_1_436' title='bbox 720 5096 961 5155; x_wconf 76' lang='lat' dir='ltr'><strong>turribus</strong></span> <span class='ocrx_word' id='word_1_437' title='bbox 990 5100 1281 5165; x_wconf 87' lang='lat' dir='ltr'><strong>instructa,</strong></span> <span class='ocrx_word' id='word_1_438' title='bbox 1312 5112 1365 5158; x_wconf 92' lang='lat' dir='ltr'><strong>et</strong></span> <span class='ocrx_word' id='word_1_439' title='bbox 1386 5105 1823 5160; x_wconf 87' lang='lat' dir='ltr'><strong>adversariorum</strong></span> <span class='ocrx_word' id='word_1_440' title='bbox 1866 5105 2097 5163; x_wconf 88' lang='lat' dir='ltr'><strong>insidias</strong></span> <span class='ocrx_word' id='word_1_441' title='bbox 2130 5108 2291 5165; x_wconf 90' lang='lat' dir='ltr'><strong>facile</strong></span> 
     </span>
    </p>
   </div>
   <div class='ocr_carea' id='block_1_68' title="bbox 720 5191 2294 5266">
    <p class='ocr_par' dir='ltr' id='par_1_68' title="bbox 720 5191 2294 5266">
     <span class='ocr_line' id='line_1_68' title="bbox 720 5191 2294 5266; baseline 0.008 -21"><span class='ocrx_word' id='word_1_442' title='bbox 720 5191 1007 5262; x_wconf 86' lang='lat' dir='ltr'><strong>repulsas,</strong></span> <span class='ocrx_word' id='word_1_443' title='bbox 1041 5209 1168 5248; x_wconf 90' lang='lat' dir='ltr'><strong>arva</strong></span> <span class='ocrx_word' id='word_1_444' title='bbox 1212 5195 1487 5266; x_wconf 88' lang='lat' dir='ltr'><strong>segetibus</strong></span> <span class='ocrx_word' id='word_1_445' title='bbox 1531 5198 1781 5262; x_wconf 86' lang='lat' dir='ltr'><strong>consita,</strong></span> <span class='ocrx_word' id='word_1_446' title='bbox 1825 5199 2013 5253; x_wconf 85' lang='lat' dir='ltr'><strong>vineas</strong></span> <span class='ocrx_word' id='word_1_447' title='bbox 2057 5202 2294 5258; x_wconf 89' lang='lat' dir='ltr'><strong>racemis</strong></span> 
     </span>
    </p>
   </div>
   <div class='ocr_carea' id='block_1_69' title="bbox 724 5283 2290 5365">
    <p class='ocr_par' dir='ltr' id='par_1_69' title="bbox 724 5283 2290 5365">
     <span class='ocr_line' id='line_1_69' title="bbox 724 5283 2290 5365; baseline 0.01 -29"><span class='ocrx_word' id='word_1_448' title='bbox 724 5283 1090 5354; x_wconf 85' lang='lat' dir='ltr'><strong>nigrescentes</strong></span> <span class='ocrx_word' id='word_1_449' title='bbox 1109 5326 1124 5350; x_wconf 93' lang='lat'><strong>,</strong></span> <span class='ocrx_word' id='word_1_450' title='bbox 1154 5286 1343 5341; x_wconf 91' lang='lat' dir='ltr'><strong>hortos</strong></span> <span class='ocrx_word' id='word_1_451' title='bbox 1370 5286 1626 5344; x_wconf 85' lang='lat' dir='ltr'><strong>florentes</strong></span> <span class='ocrx_word' id='word_1_452' title='bbox 1651 5329 1668 5353; x_wconf 93' lang='lat'><strong>,</strong></span> <span class='ocrx_word' id='word_1_453' title='bbox 1703 5306 1882 5361; x_wconf 62' lang='lat' dir='ltr'><strong>aegros</strong></span> <span class='ocrx_word' id='word_1_454' title='bbox 1932 5294 2127 5349; x_wconf 89' lang='lat' dir='ltr'><strong>morbo</strong></span> <span class='ocrx_word' id='word_1_455' title='bbox 2155 5310 2290 5365; x_wconf 83' lang='lat' dir='ltr'><strong>quo-</strong></span> 
     </span>
    </p>
   </div>
   <div class='ocr_carea' id='block_1_70' title="bbox 722 5374 2294 5456">
    <p class='ocr_par' dir='ltr' id='par_1_70' title="bbox 722 5374 2294 5456">
     <span class='ocr_line' id='line_1_70' title="bbox 722 5374 2294 5456; baseline 0.01 -29"><span class='ocrx_word' id='word_1_456' title='bbox 722 5374 854 5431; x_wconf 85' lang='lat' dir='ltr'><strong>libet</strong></span> <span class='ocrx_word' id='word_1_457' title='bbox 890 5385 943 5431; x_wconf 90' lang='lat' dir='ltr'><strong>et</strong></span> <span class='ocrx_word' id='word_1_458' title='bbox 971 5377 1122 5455; x_wconf 90' lang='lat' dir='ltr'><strong>omni</strong></span> <span class='ocrx_word' id='word_1_459' title='bbox 1154 5377 1418 5448; x_wconf 87' lang='lat' dir='ltr'><strong>languore</strong></span> <span class='ocrx_word' id='word_1_460' title='bbox 1444 5377 1746 5449; x_wconf 81' lang='lat' dir='ltr'><strong>expeditos.</strong></span> <span class='ocrx_word' id='word_1_461' title='bbox 1783 5379 1941 5438; x_wconf 88' lang='lat' dir='ltr'><strong>Tales</strong></span> <span class='ocrx_word' id='word_1_462' title='bbox 1970 5392 2100 5439; x_wconf 89' lang='lat' dir='ltr'><strong>sunt</strong></span> <span class='ocrx_word' id='word_1_463' title='bbox 2130 5384 2294 5456; x_wconf 79' lang='lat' dir='ltr'><strong>hujus</strong></span> 
     </span>
    </p>
   </div>
   <div class='ocr_carea' id='block_1_71' title="bbox 2370 1977 3955 2050">
    <p class='ocr_par' dir='ltr' id='par_1_71' title="bbox 2370 1977 3955 2050">
     <span class='ocr_line' id='line_1_71' title="bbox 2370 1977 3955 2050; baseline -0.001 -19"><span class='ocrx_word' id='word_1_464' title='bbox 2370 1977 2465 2031; x_wconf 89' lang='grc' dir='ltr'><strong>οῦν</strong></span> <span class='ocrx_word' id='word_1_465' title='bbox 2508 1978 2607 2048; x_wconf 78' lang='grc' dir='ltr'>ὅρα</span> <span class='ocrx_word' id='word_1_466' title='bbox 2658 1978 2822 2032; x_wconf 75' lang='grc' dir='ltr'>αὐτὸν</span> <span class='ocrx_word' id='word_1_467' title='bbox 2864 1978 2985 2031; x_wconf 81' lang='grc' dir='ltr'>κατ’</span> <span class='ocrx_word' id='word_1_468' title='bbox 3020 1977 3355 2050; x_wconf 85' lang='grc' dir='ltr'>ἀλληγορίαν</span> <span class='ocrx_word' id='word_1_469' title='bbox 3380 1994 3393 2008; x_wconf 90' lang='grc'><strong>·</strong></span> <span class='ocrx_word' id='word_1_470' title='bbox 3432 1978 3511 2049; x_wconf 79' lang='grc' dir='ltr'>πῆ</span> <span class='ocrx_word' id='word_1_471' title='bbox 3559 1979 3689 2049; x_wconf 79' lang='grc' dir='ltr'>μὲν,</span> <span class='ocrx_word' id='word_1_472' title='bbox 3735 1979 3801 2032; x_wconf 85' lang='grc' dir='ltr'><strong>οὺ</strong></span> <span class='ocrx_word' id='word_1_473' title='bbox 3849 1981 3955 2048; x_wconf 73' lang='grc' dir='ltr'>γῆν</span> 
     </span>
    </p>
   </div>
   <div class='ocr_carea' id='block_1_72' title="bbox 2371 2068 3953 2141">
    <p class='ocr_par' dir='ltr' id='par_1_72' title="bbox 2371 2068 3953 2141">
     <span class='ocr_line' id='line_1_72' title="bbox 2371 2068 3953 2141; baseline 0 -18"><span class='ocrx_word' id='word_1_474' title='bbox 2371 2069 2608 2141; x_wconf 80' lang='grc' dir='ltr'>ἀροῦντα</span> <span class='ocrx_word' id='word_1_475' title='bbox 2653 2068 2757 2122; x_wconf 81' lang='grc' dir='ltr'><strong>ὑπὸ</strong></span> <span class='ocrx_word' id='word_1_476' title='bbox 2800 2069 2983 2139; x_wconf 63' lang='grc' dir='ltr'>βουσὶν</span> <span class='ocrx_word' id='word_1_477' title='bbox 3033 2069 3284 2123; x_wconf 76' lang='grc' dir='ltr'>ἕλκουσιν</span> <span class='ocrx_word' id='word_1_478' title='bbox 3309 2070 3369 2122; x_wconf 82' lang='grc' dir='ltr'>τὸ</span> <span class='ocrx_word' id='word_1_479' title='bbox 3403 2070 3666 2141; x_wconf 81' lang='grc' dir='ltr'>σιδήριον,</span> <span class='ocrx_word' id='word_1_480' title='bbox 3700 2069 3845 2123; x_wconf 82' lang='grc' dir='ltr'><strong>ἀλλά</strong></span> <span class='ocrx_word' id='word_1_481' title='bbox 3876 2072 3953 2141; x_wconf 79' lang='grc' dir='ltr'>τῷ</span> 
     </span>
    </p>
   </div>
   <div class='ocr_carea' id='block_1_73' title="bbox 2370 2160 3950 2234">
    <p class='ocr_par' dir='ltr' id='par_1_73' title="bbox 2370 2160 3950 2234">
     <span class='ocr_line' id='line_1_73' title="bbox 2370 2160 3950 2234; baseline -0.001 -19"><span class='ocrx_word' id='word_1_482' title='bbox 2370 2163 2469 2233; x_wconf 80' lang='grc' dir='ltr'>τῆς</span> <span class='ocrx_word' id='word_1_483' title='bbox 2489 2162 2735 2231; x_wconf 83' lang='grc' dir='ltr'><strong>γλώττης</strong></span> <span class='ocrx_word' id='word_1_484' title='bbox 2760 2162 2977 2233; x_wconf 83' lang='grc' dir='ltr'>ἀρότρῳ</span> <span class='ocrx_word' id='word_1_485' title='bbox 3000 2161 3225 2230; x_wconf 83' lang='grc' dir='ltr'>λογικὰς</span> <span class='ocrx_word' id='word_1_486' title='bbox 3242 2161 3485 2234; x_wconf 88' lang='grc' dir='ltr'>ἀρούσας</span> <span class='ocrx_word' id='word_1_487' title='bbox 3511 2160 3950 2226; x_wconf 77' lang='grc' dir='ltr'>διαλακτίζοντα,</span> 
     </span>
    </p>
   </div>
   <div class='ocr_carea' id='block_1_74' title="bbox 2372 2254 3951 2327">
    <p class='ocr_par' dir='ltr' id='par_1_74' title="bbox 2372 2254 3951 2327">
     <span class='ocr_line' id='line_1_74' title="bbox 2372 2254 3951 2327; baseline -0.004 -16"><span class='ocrx_word' id='word_1_488' title='bbox 2372 2257 2451 2327; x_wconf 88' lang='grc' dir='ltr'>τῷ</span> <span class='ocrx_word' id='word_1_489' title='bbox 2478 2256 2661 2326; x_wconf 76' lang='grc' dir='ltr'>ζεύγει</span> <span class='ocrx_word' id='word_1_490' title='bbox 2686 2255 2931 2326; x_wconf 88' lang='grc' dir='ltr'>δηλονότι</span> <span class='ocrx_word' id='word_1_491' title='bbox 2957 2255 3193 2326; x_wconf 87' lang='grc' dir='ltr'>Θεωρίας</span> <span class='ocrx_word' id='word_1_492' title='bbox 3221 2255 3318 2309; x_wconf 75' lang='grc' dir='ltr'>καὶ</span> <span class='ocrx_word' id='word_1_493' title='bbox 3346 2255 3617 2324; x_wconf 75' lang='grc' dir='ltr'>πράξεωςο</span> <span class='ocrx_word' id='word_1_494' title='bbox 3648 2254 3773 2307; x_wconf 69' lang='grc' dir='ltr'>οὐδὲ</span> <span class='ocrx_word' id='word_1_495' title='bbox 3799 2256 3951 2308; x_wconf 78' lang='grc' dir='ltr'>σπεί-</span> 
     </span>
    </p>
   </div>
   <div class='ocr_carea' id='block_1_75' title="bbox 2376 2346 3951 2421">
    <p class='ocr_par' dir='ltr' id='par_1_75' title="bbox 2376 2346 3951 2421">
     <span class='ocr_line' id='line_1_75' title="bbox 2376 2346 3951 2421; baseline -0.003 -18"><span class='ocrx_word' id='word_1_496' title='bbox 2376 2350 2537 2421; x_wconf 83' lang='grc' dir='ltr'>ροντά</span> <span class='ocrx_word' id='word_1_497' title='bbox 2585 2367 2638 2402; x_wconf 92' lang='grc' dir='ltr'><strong>τι</strong></span> <span class='ocrx_word' id='word_1_498' title='bbox 2690 2349 2800 2403; x_wconf 85' lang='grc' dir='ltr'>τῶν</span> <span class='ocrx_word' id='word_1_499' title='bbox 2828 2349 3155 2421; x_wconf 80' lang='grc' dir='ltr'>ἀπορῤύτων</span> <span class='ocrx_word' id='word_1_500' title='bbox 3206 2348 3301 2403; x_wconf 74' lang='grc' dir='ltr'>καὶ</span> <span class='ocrx_word' id='word_1_501' title='bbox 3344 2346 3760 2418; x_wconf 84' lang='grc' dir='ltr'>φθειρομένων,</span> <span class='ocrx_word' id='word_1_502' title='bbox 3814 2348 3951 2410; x_wconf 65' lang='grc' dir='ltr'>ἀλλὰ</span> 
     </span>
    </p>
   </div>
   <div class='ocr_carea' id='block_1_76' title="bbox 2373 2439 3949 2513">
    <p class='ocr_par' dir='ltr' id='par_1_76' title="bbox 2373 2439 3949 2513">
     <span class='ocr_line' id='line_1_76' title="bbox 2373 2439 3949 2513; baseline -0.002 -19"><span class='ocrx_word' id='word_1_503' title='bbox 2373 2445 2464 2496; x_wconf 76' lang='grc' dir='ltr'>τὸν</span> <span class='ocrx_word' id='word_1_504' title='bbox 2494 2443 2593 2513; x_wconf 80' lang='grc' dir='ltr'>τῆς</span> <span class='ocrx_word' id='word_1_505' title='bbox 2634 2443 2871 2504; x_wconf 83' lang='grc' dir='ltr'>πίστεως</span> <span class='ocrx_word' id='word_1_506' title='bbox 2899 2441 3059 2510; x_wconf 88' lang='grc' dir='ltr'>λόγον</span> <span class='ocrx_word' id='word_1_507' title='bbox 3088 2442 3168 2505; x_wconf 85' lang='grc' dir='ltr'><strong>είς</strong></span> <span class='ocrx_word' id='word_1_508' title='bbox 3193 2440 3356 2511; x_wconf 80' lang='grc' dir='ltr'>βάθος</span> <span class='ocrx_word' id='word_1_509' title='bbox 3388 2439 3687 2511; x_wconf 75' lang='grc' dir='ltr'>καρδιακδν</span> <span class='ocrx_word' id='word_1_510' title='bbox 3721 2457 3949 2494; x_wconf 82' lang='grc' dir='ltr'>κατατι-</span> 
     </span>
    </p>
   </div>
   <div class='ocr_carea' id='block_1_77' title="bbox 2376 2530 3948 2605">
    <p class='ocr_par' dir='ltr' id='par_1_77' title="bbox 2376 2530 3948 2605">
     <span class='ocr_line' id='line_1_77' title="bbox 2376 2530 3948 2605; baseline -0.003 -18"><span class='ocrx_word' id='word_1_511' title='bbox 2376 2535 2621 2603; x_wconf 82' lang='grc' dir='ltr'>θέμενον·</span> <span class='ocrx_word' id='word_1_512' title='bbox 2659 2534 2737 2601; x_wconf 83' lang='grc' dir='ltr'>πῆ</span> <span class='ocrx_word' id='word_1_513' title='bbox 2766 2532 2843 2595; x_wconf 79' lang='grc' dir='ltr'>δὲ,</span> <span class='ocrx_word' id='word_1_514' title='bbox 2876 2549 3289 2605; x_wconf 80' lang='grc' dir='ltr'>φυτουργουντα</span> <span class='ocrx_word' id='word_1_515' title='bbox 3314 2530 3681 2600; x_wconf 82' lang='grc' dir='ltr'>παραδείσους</span> <span class='ocrx_word' id='word_1_516' title='bbox 3708 2530 3809 2584; x_wconf 70' lang='grc' dir='ltr'><strong>καὶ</strong></span> <span class='ocrx_word' id='word_1_517' title='bbox 3842 2530 3948 2598; x_wconf 80' lang='grc' dir='ltr'>ἀμο</span> 
     </span>
    </p>
   </div>
   <div class='ocr_carea' id='block_1_78' title="bbox 2377 2623 3949 2700">
    <p class='ocr_par' dir='ltr' id='par_1_78' title="bbox 2377 2623 3949 2700">
     <span class='ocr_line' id='line_1_78' title="bbox 2377 2623 3949 2700; baseline -0.003 -20"><span class='ocrx_word' id='word_1_518' title='bbox 2377 2627 2627 2691; x_wconf 82' lang='grc' dir='ltr'>πελῶνας</span> <span class='ocrx_word' id='word_1_519' title='bbox 2680 2625 2913 2700; x_wconf 81' lang='grc' dir='ltr'>Κυρίου,</span> <span class='ocrx_word' id='word_1_520' title='bbox 2966 2630 3094 2693; x_wconf 89' lang='grc' dir='ltr'>τοὺς</span> <span class='ocrx_word' id='word_1_521' title='bbox 3140 2629 3243 2699; x_wconf 70' lang='grc' dir='ltr'>ἥδη</span> <span class='ocrx_word' id='word_1_522' title='bbox 3292 2631 3361 2697; x_wconf 81' lang='grc' dir='ltr'>τῇ</span> <span class='ocrx_word' id='word_1_523' title='bbox 3387 2624 3603 2699; x_wconf 79' lang='grc' dir='ltr'>είσδοχῇ</span> <span class='ocrx_word' id='word_1_524' title='bbox 3657 2623 3753 2680; x_wconf 86' lang='grc' dir='ltr'><strong>τοῦ</strong></span> <span class='ocrx_word' id='word_1_525' title='bbox 3793 2624 3949 2691; x_wconf 76' lang='grc' dir='ltr'>λόγου</span> 
     </span>
    </p>
   </div>
   <div class='ocr_carea' id='block_1_79' title="bbox 2377 2714 3949 2788">
    <p class='ocr_par' dir='ltr' id='par_1_79' title="bbox 2377 2714 3949 2788">
     <span class='ocr_line' id='line_1_79' title="bbox 2377 2714 3949 2788; baseline -0.002 -19"><span class='ocrx_word' id='word_1_526' title='bbox 2377 2718 2516 2788; x_wconf 80' lang='grc' dir='ltr'>πρὸς</span> <span class='ocrx_word' id='word_1_527' title='bbox 2544 2718 2613 2771; x_wconf 75' lang='grc' dir='ltr'><strong>τὰ</strong></span> <span class='ocrx_word' id='word_1_528' title='bbox 2662 2719 2954 2788; x_wconf 88' lang='grc' dir='ltr'>κρείττονα</span> <span class='ocrx_word' id='word_1_529' title='bbox 2996 2719 3097 2787; x_wconf 78' lang='grc' dir='ltr'>τὴν</span> <span class='ocrx_word' id='word_1_530' title='bbox 3126 2718 3371 2770; x_wconf 80' lang='grc' dir='ltr'>ἐπίδοσιν</span> <span class='ocrx_word' id='word_1_531' title='bbox 3403 2717 3833 2787; x_wconf 82' lang='grc' dir='ltr'>ποιησαμένους,</span> <span class='ocrx_word' id='word_1_532' title='bbox 3863 2714 3949 2767; x_wconf 75' lang='grc' dir='ltr'>καὶ</span> 
     </span>
    </p>
   </div>
   <div class='ocr_carea' id='block_1_80' title="bbox 2376 2810 3950 2881">
    <p class='ocr_par' dir='ltr' id='par_1_80' title="bbox 2376 2810 3950 2881">
     <span class='ocr_line' id='line_1_80' title="bbox 2376 2810 3950 2881; baseline 0 -18"><span class='ocrx_word' id='word_1_533' title='bbox 2376 2810 2485 2864; x_wconf 78' lang='grc' dir='ltr'>ἀπὸ</span> <span class='ocrx_word' id='word_1_534' title='bbox 2508 2810 2752 2879; x_wconf 82' lang='grc' dir='ltr'>νεογνίας</span> <span class='ocrx_word' id='word_1_535' title='bbox 2782 2813 2861 2874; x_wconf 87' lang='grc' dir='ltr'><strong>είς</strong></span> <span class='ocrx_word' id='word_1_536' title='bbox 2887 2810 2985 2881; x_wconf 82' lang='grc' dir='ltr'>τὴν</span> <span class='ocrx_word' id='word_1_537' title='bbox 3010 2810 3154 2862; x_wconf 86' lang='grc' dir='ltr'><strong>κατά</strong></span> <span class='ocrx_word' id='word_1_538' title='bbox 3187 2811 3380 2881; x_wconf 83' lang='grc' dir='ltr'>καιρὸν</span> <span class='ocrx_word' id='word_1_539' title='bbox 3414 2810 3802 2881; x_wconf 81' lang='grc' dir='ltr'>καρποφορίαν</span> <span class='ocrx_word' id='word_1_540' title='bbox 3826 2810 3950 2863; x_wconf 82' lang='grc' dir='ltr'>ἀνα-</span> 
     </span>
    </p>
   </div>
   <div class='ocr_carea' id='block_1_81' title="bbox 2378 2901 3949 2975">
    <p class='ocr_par' dir='ltr' id='par_1_81' title="bbox 2378 2901 3949 2975">
     <span class='ocr_line' id='line_1_81' title="bbox 2378 2901 3949 2975; baseline -0.003 -18"><span class='ocrx_word' id='word_1_541' title='bbox 2378 2905 2726 2975; x_wconf 82' lang='grc' dir='ltr'>διδομένους·</span> <span class='ocrx_word' id='word_1_542' title='bbox 2765 2905 2860 2956; x_wconf 75' lang='grc' dir='ltr'>καὶ</span> <span class='ocrx_word' id='word_1_543' title='bbox 2911 2903 3043 2957; x_wconf 73' lang='grc' dir='ltr'>ποτε</span> <span class='ocrx_word' id='word_1_544' title='bbox 3100 2903 3202 2973; x_wconf 81' lang='grc' dir='ltr'>μὲν</span> <span class='ocrx_word' id='word_1_545' title='bbox 3261 2902 3523 2975; x_wconf 77' lang='grc' dir='ltr'>ἰατρικῶς</span> <span class='ocrx_word' id='word_1_546' title='bbox 3556 2901 3949 2968; x_wconf 82' lang='grc' dir='ltr'>διαγινόμενον,</span> 
     </span>
    </p>
   </div>
   <div class='ocr_carea' id='block_1_82' title="bbox 2380 2992 3953 3067">
    <p class='ocr_par' dir='ltr' id='par_1_82' title="bbox 2380 2992 3953 3067">
     <span class='ocr_line' id='line_1_82' title="bbox 2380 2992 3953 3067; baseline -0.003 -17"><span class='ocrx_word' id='word_1_547' title='bbox 2380 2998 2475 3050; x_wconf 77' lang='grc' dir='ltr'>καὶ</span> <span class='ocrx_word' id='word_1_548' title='bbox 2513 2994 2863 3064; x_wconf 81' lang='grc' dir='ltr'>καταλλήλως</span> <span class='ocrx_word' id='word_1_549' title='bbox 2902 2994 3224 3067; x_wconf 82' lang='grc' dir='ltr'>ἀλεξιτήρια</span> <span class='ocrx_word' id='word_1_550' title='bbox 3268 2994 3732 3064; x_wconf 78' lang='grc' dir='ltr'>ποοϐαλλόμενον,</span> <span class='ocrx_word' id='word_1_551' title='bbox 3767 2992 3953 3046; x_wconf 79' lang='grc' dir='ltr'>ὁποτέο</span> 
     </span>
    </p>
   </div>
   <div class='ocr_carea' id='block_1_83' title="bbox 2384 3084 3951 3161">
    <p class='ocr_par' dir='ltr' id='par_1_83' title="bbox 2384 3084 3951 3161">
     <span class='ocr_line' id='line_1_83' title="bbox 2384 3084 3951 3161; baseline -0.001 -20"><span class='ocrx_word' id='word_1_552' title='bbox 2384 3106 2491 3158; x_wconf 91' lang='grc' dir='ltr'><strong>ρως</strong></span> <span class='ocrx_word' id='word_1_553' title='bbox 2522 3088 2587 3141; x_wconf 82' lang='grc' dir='ltr'>ἂν</span> <span class='ocrx_word' id='word_1_554' title='bbox 2623 3086 2791 3161; x_wconf 82' lang='grc' dir='ltr'>βούλῃ</span> <span class='ocrx_word' id='word_1_555' title='bbox 2820 3084 2876 3153; x_wconf 76' lang='grc' dir='ltr'><strong>ιι,</strong></span> <span class='ocrx_word' id='word_1_556' title='bbox 2910 3088 3147 3156; x_wconf 73' lang='grc' dir='ltr'>τυφλοὺς</span> <span class='ocrx_word' id='word_1_557' title='bbox 3177 3086 3554 3157; x_wconf 81' lang='grc' dir='ltr'>ὀμματοῦντα,</span> <span class='ocrx_word' id='word_1_558' title='bbox 3587 3086 3825 3159; x_wconf 76' lang='grc' dir='ltr'>λεπροὺς</span> <span class='ocrx_word' id='word_1_559' title='bbox 3854 3103 3951 3141; x_wconf 67' lang='grc' dir='ltr'><strong>καε</strong></span> 
     </span>
    </p>
   </div>
   <div class='ocr_carea' id='block_1_84' title="bbox 2381 3177 3949 3251">
    <p class='ocr_par' dir='ltr' id='par_1_84' title="bbox 2381 3177 3949 3251">
     <span class='ocr_line' id='line_1_84' title="bbox 2381 3177 3949 3251; baseline -0.001 -19"><span class='ocrx_word' id='word_1_560' title='bbox 2381 3180 2660 3251; x_wconf 88' lang='grc' dir='ltr'>θαίροντα,</span> <span class='ocrx_word' id='word_1_561' title='bbox 2704 3180 2974 3249; x_wconf 77' lang='grc' dir='ltr'>πυρετοὺς</span> <span class='ocrx_word' id='word_1_562' title='bbox 3002 3179 3397 3242; x_wconf 77' lang='grc' dir='ltr'>ἀπελαύνοντα,</span> <span class='ocrx_word' id='word_1_563' title='bbox 3429 3177 3761 3248; x_wconf 88' lang='grc' dir='ltr'>χωλεύουσιν</span> <span class='ocrx_word' id='word_1_564' title='bbox 3793 3177 3949 3231; x_wconf 79' lang='grc' dir='ltr'>εύὸαο</span> 
     </span>
    </p>
   </div>
   <div class='ocr_carea' id='block_1_85' title="bbox 2379 3268 3953 3341">
    <p class='ocr_par' dir='ltr' id='par_1_85' title="bbox 2379 3268 3953 3341">
     <span class='ocr_line' id='line_1_85' title="bbox 2379 3268 3953 3341; baseline -0.002 -18"><span class='ocrx_word' id='word_1_565' title='bbox 2379 3273 2494 3324; x_wconf 88' lang='grc' dir='ltr'><strong>τεῖν</strong></span> <span class='ocrx_word' id='word_1_566' title='bbox 2521 3270 2899 3341; x_wconf 83' lang='grc' dir='ltr'>παρεχόμενον</span> <span class='ocrx_word' id='word_1_567' title='bbox 2925 3313 2939 3333; x_wconf 85' lang='grc'><strong>,</strong></span> <span class='ocrx_word' id='word_1_568' title='bbox 2974 3270 3314 3339; x_wconf 71' lang='grc' dir='ltr'>κωφεύουσιν</span> <span class='ocrx_word' id='word_1_569' title='bbox 3362 3269 3437 3322; x_wconf 45' lang='grc' dir='ltr'><strong>τδί</strong></span> <span class='ocrx_word' id='word_1_570' title='bbox 3468 3270 3861 3341; x_wconf 66' lang='grc' dir='ltr'>ἀκροατήριον,</span> <span class='ocrx_word' id='word_1_571' title='bbox 3890 3268 3953 3321; x_wconf 77' lang='grc' dir='ltr'>τέι</span> 
     </span>
    </p>
   </div>
   <div class='ocr_carea' id='block_1_86' title="bbox 2380 3349 3952 3432">
    <p class='ocr_par' dir='ltr' id='par_1_86' title="bbox 2380 3349 3952 3432">
     <span class='ocr_line' id='line_1_86' title="bbox 2380 3349 3952 3432; baseline -0.004 -17"><span class='ocrx_word' id='word_1_572' title='bbox 2380 3362 2490 3417; x_wconf 84' lang='grc' dir='ltr'><strong>τῶν</strong></span> <span class='ocrx_word' id='word_1_573' title='bbox 2535 3362 2742 3415; x_wconf 83' lang='grc' dir='ltr'>λοιπῶν</span> <span class='ocrx_word' id='word_1_574' title='bbox 2787 3363 3112 3431; x_wconf 81' lang='grc' dir='ltr'>νοσημάτων</span> <span class='ocrx_word' id='word_1_575' title='bbox 3156 3349 3536 3432; x_wconf 56' lang='grc' dir='ltr'>πολυπήμονα</span> <span class='ocrx_word' id='word_1_576' title='bbox 3575 3361 3715 3428; x_wconf 80' lang='grc' dir='ltr'>εἴδη,</span> <span class='ocrx_word' id='word_1_577' title='bbox 3768 3362 3952 3414; x_wconf 80' lang='grc' dir='ltr'>ἄκεσιν</span> 
     </span>
    </p>
   </div>
   <div class='ocr_carea' id='block_1_87' title="bbox 2381 3448 3955 3527">
    <p class='ocr_par' dir='ltr' id='par_1_87' title="bbox 2381 3448 3955 3527">
     <span class='ocr_line' id='line_1_87' title="bbox 2381 3448 3955 3527; baseline -0.004 -19"><span class='ocrx_word' id='word_1_578' title='bbox 2381 3454 2639 3527; x_wconf 84' lang='grc' dir='ltr'>ἀφθόροις</span> <span class='ocrx_word' id='word_1_579' title='bbox 2678 3452 2693 3492; x_wconf 79' lang='grc' dir='ltr'><strong>ι</strong></span> <span class='ocrx_word' id='word_1_580' title='bbox 2728 3452 3182 3507; x_wconf 82' lang='grc' dir='ltr'>ἀποκαθιστῶντα</span> <span class='ocrx_word' id='word_1_581' title='bbox 3223 3452 3305 3517; x_wconf 79' lang='grc' dir='ltr'><strong>είς</strong></span> <span class='ocrx_word' id='word_1_582' title='bbox 3342 3452 3404 3506; x_wconf 83' lang='grc' dir='ltr'>τὸ</span> <span class='ocrx_word' id='word_1_583' title='bbox 3449 3453 3590 3506; x_wconf 89' lang='grc' dir='ltr'><strong>κατά</strong></span> <span class='ocrx_word' id='word_1_584' title='bbox 3625 3451 3792 3516; x_wconf 81' lang='grc' dir='ltr'>φύσιν</span> <span class='ocrx_word' id='word_1_585' title='bbox 3820 3468 3832 3480; x_wconf 92' lang='grc'>·</span> <span class='ocrx_word' id='word_1_586' title='bbox 3865 3448 3955 3502; x_wconf 80' lang='grc' dir='ltr'><strong>καὶ</strong></span> 
     </span>
    </p>
   </div>
   <div class='ocr_carea' id='block_1_88' title="bbox 2387 3543 3953 3621">
    <p class='ocr_par' dir='ltr' id='par_1_88' title="bbox 2387 3543 3953 3621">
     <span class='ocr_line' id='line_1_88' title="bbox 2387 3543 3953 3621; baseline -0.005 -19"><span class='ocrx_word' id='word_1_587' title='bbox 2387 3550 2569 3621; x_wconf 84' lang='grc' dir='ltr'>μέντοι</span> <span class='ocrx_word' id='word_1_588' title='bbox 2616 3546 2981 3618; x_wconf 81' lang='grc' dir='ltr'>ποιμαντικὴν</span> <span class='ocrx_word' id='word_1_589' title='bbox 3026 3546 3140 3614; x_wconf 75' lang='grc' dir='ltr'>ἕξιν</span> <span class='ocrx_word' id='word_1_590' title='bbox 3202 3547 3674 3616; x_wconf 74' lang='grc' dir='ltr'>ἀναλαμϐάνοντα,</span> <span class='ocrx_word' id='word_1_591' title='bbox 3709 3549 3806 3597; x_wconf 53' lang='grc' dir='ltr'><strong>καὶ⁵</strong></span> <span class='ocrx_word' id='word_1_592' title='bbox 3840 3543 3953 3595; x_wconf 79' lang='grc' dir='ltr'>ποί-</span> 
     </span>
    </p>
   </div>
   <div class='ocr_carea' id='block_1_89' title="bbox 2389 3638 3953 3712">
    <p class='ocr_par' dir='ltr' id='par_1_89' title="bbox 2389 3638 3953 3712">
     <span class='ocr_line' id='line_1_89' title="bbox 2389 3638 3953 3712; baseline -0.003 -17"><span class='ocrx_word' id='word_1_593' title='bbox 2389 3658 2520 3712; x_wconf 89' lang='grc' dir='ltr'>μνια</span> <span class='ocrx_word' id='word_1_594' title='bbox 2564 3640 2684 3711; x_wconf 85' lang='grc' dir='ltr'><strong>Θεῷ</strong></span> <span class='ocrx_word' id='word_1_595' title='bbox 2730 3639 3127 3711; x_wconf 74' lang='grc' dir='ltr'>καταρτίζοντα</span> <span class='ocrx_word' id='word_1_596' title='bbox 3169 3649 3231 3705; x_wconf 75' lang='grc' dir='ltr'>ω,</span> <span class='ocrx_word' id='word_1_597' title='bbox 3264 3638 3714 3708; x_wconf 83' lang='grc' dir='ltr'>καθηγούμενον,</span> <span class='ocrx_word' id='word_1_598' title='bbox 3750 3638 3953 3691; x_wconf 82' lang='grc' dir='ltr'>ἀνακα-</span> 
     </span>
    </p>
   </div>
   <div class='ocr_carea' id='block_1_90' title="bbox 2385 3729 3955 3803">
    <p class='ocr_par' dir='ltr' id='par_1_90' title="bbox 2385 3729 3955 3803">
     <span class='ocr_line' id='line_1_90' title="bbox 2385 3729 3955 3803; baseline -0.001 -18"><span class='ocrx_word' id='word_1_599' title='bbox 2385 3732 2669 3801; x_wconf 87' lang='grc' dir='ltr'>λούμενον,</span> <span class='ocrx_word' id='word_1_600' title='bbox 2723 3731 3175 3803; x_wconf 68' lang='grc' dir='ltr'>ἐπιμελούμενον,</span> <span class='ocrx_word' id='word_1_601' title='bbox 3226 3729 3705 3802; x_wconf 85' lang='grc' dir='ltr'>προπολεμοῦντα,</span> <span class='ocrx_word' id='word_1_602' title='bbox 3763 3730 3955 3783; x_wconf 88' lang='grc' dir='ltr'>ἀποσο-</span> 
     </span>
    </p>
   </div>
   <div class='ocr_carea' id='block_1_91' title="bbox 2385 3819 3954 3894">
    <p class='ocr_par' dir='ltr' id='par_1_91' title="bbox 2385 3819 3954 3894">
     <span class='ocr_line' id='line_1_91' title="bbox 2385 3819 3954 3894; baseline 0 -20"><span class='ocrx_word' id='word_1_603' title='bbox 2385 3821 2584 3877; x_wconf 77' lang='grc' dir='ltr'>ϐοῦντα</span> <span class='ocrx_word' id='word_1_604' title='bbox 2612 3821 2786 3893; x_wconf 86' lang='grc' dir='ltr'>θῆρας</span> <span class='ocrx_word' id='word_1_605' title='bbox 2817 3822 3105 3894; x_wconf 81' lang='grc' dir='ltr'>αἱρέσεων,</span> <span class='ocrx_word' id='word_1_606' title='bbox 3136 3820 3406 3892; x_wconf 90' lang='grc' dir='ltr'>δαιμόνων</span> <span class='ocrx_word' id='word_1_607' title='bbox 3439 3838 3497 3874; x_wconf 86' lang='grc' dir='ltr'><strong>τε</strong></span> <span class='ocrx_word' id='word_1_608' title='bbox 3529 3819 3837 3889; x_wconf 73' lang='grc' dir='ltr'>φάλαγγαςο</span> <span class='ocrx_word' id='word_1_609' title='bbox 3860 3823 3954 3875; x_wconf 77' lang='grc' dir='ltr'>ὅσα</span> 
     </span>
    </p>
   </div>
   <div class='ocr_carea' id='block_1_92' title="bbox 2385 3912 3956 3986">
    <p class='ocr_par' dir='ltr' id='par_1_92' title="bbox 2385 3912 3956 3986">
     <span class='ocr_line' id='line_1_92' title="bbox 2385 3912 3956 3986; baseline -0.002 -16"><span class='ocrx_word' id='word_1_610' title='bbox 2385 3933 2445 3970; x_wconf 91' lang='grc' dir='ltr'><strong>τε</strong></span> <span class='ocrx_word' id='word_1_611' title='bbox 2484 3918 2544 3969; x_wconf 79' lang='grc' dir='ltr'><strong>έν</strong></span> <span class='ocrx_word' id='word_1_612' title='bbox 2572 3915 2723 3986; x_wconf 84' lang='grc' dir='ltr'>μέσῳ</span> <span class='ocrx_word' id='word_1_613' title='bbox 2758 3912 3015 3985; x_wconf 86' lang='grc' dir='ltr'>ἀρδεῦσαι</span> <span class='ocrx_word' id='word_1_614' title='bbox 3059 3913 3324 3979; x_wconf 82' lang='grc' dir='ltr'>ἀεννάως,</span> <span class='ocrx_word' id='word_1_615' title='bbox 3364 3916 3780 3985; x_wconf 76' lang='grc' dir='ltr'>χειραγωγῆσαι</span> <span class='ocrx_word' id='word_1_616' title='bbox 3811 3921 3837 3950; x_wconf 83' lang='grc'><strong>¹²</strong></span> <span class='ocrx_word' id='word_1_617' title='bbox 3862 3915 3956 3968; x_wconf 82' lang='grc' dir='ltr'>αύ-</span> 
     </span>
    </p>
   </div>
   <div class='ocr_carea' id='block_1_93' title="bbox 2388 4004 3953 4079">
    <p class='ocr_par' dir='ltr' id='par_1_93' title="bbox 2388 4004 3953 4079">
     <span class='ocr_line' id='line_1_93' title="bbox 2388 4004 3953 4079; baseline -0.003 -17"><span class='ocrx_word' id='word_1_618' title='bbox 2388 4008 2682 4076; x_wconf 78' lang='grc' dir='ltr'>ξουμένους</span> <span class='ocrx_word' id='word_1_619' title='bbox 2712 4010 2779 4078; x_wconf 74' lang='grc' dir='ltr'>τῇ</span> <span class='ocrx_word' id='word_1_620' title='bbox 2808 4008 2951 4061; x_wconf 82' lang='grc' dir='ltr'><strong>κατά</strong></span> <span class='ocrx_word' id='word_1_621' title='bbox 2982 4006 3218 4077; x_wconf 78' lang='grc' dir='ltr'>Χριστὸν</span> <span class='ocrx_word' id='word_1_622' title='bbox 3249 4006 3465 4079; x_wconf 64' lang='grc' dir='ltr'>ἡλικίᾳ,</span> <span class='ocrx_word' id='word_1_623' title='bbox 3493 4004 3736 4068; x_wconf 87' lang='grc' dir='ltr'>ἀκάνθας</span> <span class='ocrx_word' id='word_1_624' title='bbox 3763 4005 3953 4076; x_wconf 75' lang='grc' dir='ltr'>νοητὰς</span> 
     </span>
    </p>
   </div>
   <div class='ocr_carea' id='block_1_94' title="bbox 2386 4095 3953 4169">
    <p class='ocr_par' dir='ltr' id='par_1_94' title="bbox 2386 4095 3953 4169">
     <span class='ocr_line' id='line_1_94' title="bbox 2386 4095 3953 4169; baseline -0.005 -14"><span class='ocrx_word' id='word_1_625' title='bbox 2386 4102 2618 4169; x_wconf 74' lang='grc' dir='ltr'>ὲκτῖλαι,</span> <span class='ocrx_word' id='word_1_626' title='bbox 2643 4099 2775 4163; x_wconf 72' lang='grc' dir='ltr'>ὔλας</span> <span class='ocrx_word' id='word_1_627' title='bbox 2797 4099 3056 4163; x_wconf 80' lang='grc' dir='ltr'>ἀσεϐείας</span> <span class='ocrx_word' id='word_1_628' title='bbox 3085 4100 3369 4169; x_wconf 70' lang='grc' dir='ltr'>ἐμπρῆσαι</span> <span class='ocrx_word' id='word_1_629' title='bbox 3400 4106 3444 4163; x_wconf 89' lang='lat'><strong>°,</strong></span> <span class='ocrx_word' id='word_1_630' title='bbox 3478 4096 3730 4168; x_wconf 84' lang='grc' dir='ltr'>χάρακας</span> <span class='ocrx_word' id='word_1_631' title='bbox 3757 4095 3953 4166; x_wconf 76' lang='grc' dir='ltr'>δογμα-</span> 
     </span>
    </p>
   </div>
   <div class='ocr_carea' id='block_1_95' title="bbox 2386 4188 3954 4265">
    <p class='ocr_par' dir='ltr' id='par_1_95' title="bbox 2386 4188 3954 4265">
     <span class='ocr_line' id='line_1_95' title="bbox 2386 4188 3954 4265; baseline -0.006 -15"><span class='ocrx_word' id='word_1_632' title='bbox 2386 4196 2574 4259; x_wconf 87' lang='grc' dir='ltr'>τικοὺς</span> <span class='ocrx_word' id='word_1_633' title='bbox 2609 4195 2903 4265; x_wconf 80' lang='grc' dir='ltr'>ὑπερεῖσαι</span> <span class='ocrx_word' id='word_1_634' title='bbox 2947 4202 2998 4255; x_wconf 74' lang='lat' dir='ltr'><strong>P,</strong></span> <span class='ocrx_word' id='word_1_635' title='bbox 3030 4193 3320 4263; x_wconf 81' lang='grc' dir='ltr'>φραγμοὺς</span> <span class='ocrx_word' id='word_1_636' title='bbox 3357 4191 3703 4252; x_wconf 85' lang='grc' dir='ltr'>διδακτικοὺς</span> <span class='ocrx_word' id='word_1_637' title='bbox 3744 4188 3954 4259; x_wconf 74' lang='grc' dir='ltr'>περιθέ-</span> 
     </span>
    </p>
   </div>
   <div class='ocr_carea' id='block_1_96' title="bbox 2391 4278 3951 4352">
    <p class='ocr_par' dir='ltr' id='par_1_96' title="bbox 2391 4278 3951 4352">
     <span class='ocr_line' id='line_1_96' title="bbox 2391 4278 3951 4352; baseline -0.006 -13"><span class='ocrx_word' id='word_1_638' title='bbox 2391 4286 2539 4351; x_wconf 81' lang='grc' dir='ltr'>σθαι,</span> <span class='ocrx_word' id='word_1_639' title='bbox 2556 4286 2652 4339; x_wconf 75' lang='grc' dir='ltr'>καὶ</span> <span class='ocrx_word' id='word_1_640' title='bbox 2667 4287 2719 4337; x_wconf 77' lang='grc' dir='ltr'>εἴ</span> <span class='ocrx_word' id='word_1_641' title='bbox 2732 4303 2783 4337; x_wconf 87' lang='grc' dir='ltr'><strong>τι</strong></span> <span class='ocrx_word' id='word_1_642' title='bbox 2801 4283 2927 4339; x_wconf 64' lang='grc' dir='ltr'>ἀλλο</span> <span class='ocrx_word' id='word_1_643' title='bbox 2955 4283 3063 4336; x_wconf 86' lang='grc' dir='ltr'><strong>τῶν</strong></span> <span class='ocrx_word' id='word_1_644' title='bbox 3082 4282 3306 4336; x_wconf 84' lang='grc' dir='ltr'>δεόντων</span> <span class='ocrx_word' id='word_1_645' title='bbox 3323 4281 3660 4352; x_wconf 81' lang='grc' dir='ltr'>ὲφεπόμενον</span> <span class='ocrx_word' id='word_1_646' title='bbox 3683 4278 3852 4333; x_wconf 88' lang='grc' dir='ltr'>καταο</span> <span class='ocrx_word' id='word_1_647' title='bbox 3861 4278 3951 4349; x_wconf 82' lang='grc' dir='ltr'><strong>ρῆ-</strong></span> 
     </span>
    </p>
   </div>
   <div class='ocr_carea' id='block_1_97' title="bbox 2393 4372 3951 4444">
    <p class='ocr_par' dir='ltr' id='par_1_97' title="bbox 2393 4372 3951 4444">
     <span class='ocr_line' id='line_1_97' title="bbox 2393 4372 3951 4444; baseline -0.005 -13"><span class='ocrx_word' id='word_1_648' title='bbox 2393 4396 2503 4431; x_wconf 83' lang='grc' dir='ltr'>σαι.</span> <span class='ocrx_word' id='word_1_649' title='bbox 2546 4379 2604 4430; x_wconf 86' lang='lat' dir='ltr'><strong>&#39;(l</strong></span> <span class='ocrx_word' id='word_1_650' title='bbox 2628 4376 2673 4431; x_wconf 86' lang='grc' dir='ltr'>δ’</span> <span class='ocrx_word' id='word_1_651' title='bbox 2698 4376 2859 4439; x_wconf 76' lang='grc' dir='ltr'>αὐτὸς</span> <span class='ocrx_word' id='word_1_652' title='bbox 2892 4374 2988 4429; x_wconf 78' lang='grc' dir='ltr'>καὶ</span> <span class='ocrx_word' id='word_1_653' title='bbox 3016 4375 3316 4443; x_wconf 74' lang='grc' dir='ltr'>οἰκοδόμος,</span> <span class='ocrx_word' id='word_1_654' title='bbox 3338 4373 3433 4426; x_wconf 74' lang='grc' dir='ltr'>καὶ</span> <span class='ocrx_word' id='word_1_655' title='bbox 3461 4372 3798 4444; x_wconf 81' lang='grc' dir='ltr'>ἀρχιτέκτων</span> <span class='ocrx_word' id='word_1_656' title='bbox 3825 4373 3951 4423; x_wconf 78' lang='grc' dir='ltr'>οἱκο-</span> 
     </span>
    </p>
   </div>
   <div class='ocr_carea' id='block_1_98' title="bbox 2388 4462 3951 4539">
    <p class='ocr_par' dir='ltr' id='par_1_98' title="bbox 2388 4462 3951 4539">
     <span class='ocr_line' id='line_1_98' title="bbox 2388 4462 3951 4539; baseline -0.005 -15"><span class='ocrx_word' id='word_1_657' title='bbox 2388 4470 2564 4539; x_wconf 88' lang='grc' dir='ltr'>δομῆς</span> <span class='ocrx_word' id='word_1_658' title='bbox 2600 4469 2695 4522; x_wconf 76' lang='grc' dir='ltr'>καὶ</span> <span class='ocrx_word' id='word_1_659' title='bbox 2728 4467 3015 4528; x_wconf 87' lang='grc' dir='ltr'>τεκτονίας</span> <span class='ocrx_word' id='word_1_660' title='bbox 3062 4465 3509 4536; x_wconf 80' lang='grc' dir='ltr'>ἀχειροποιήτου,</span> <span class='ocrx_word' id='word_1_661' title='bbox 3540 4464 3650 4517; x_wconf 84' lang='grc' dir='ltr'>τῶν</span> <span class='ocrx_word' id='word_1_662' title='bbox 3683 4463 3772 4517; x_wconf 88' lang='grc' dir='ltr'><strong>διά</strong></span> <span class='ocrx_word' id='word_1_663' title='bbox 3797 4462 3951 4517; x_wconf 85' lang='grc' dir='ltr'>πνεύ-</span> 
     </span>
    </p>
   </div>
   <div class='ocr_carea' id='block_1_99' title="bbox 2325 4552 3949 4650">
    <p class='ocr_par' dir='ltr' id='par_1_99' title="bbox 2325 4552 3949 4650">
     <span class='ocr_line' id='line_1_99' title="bbox 2325 4552 3949 4650; baseline -0.004 -36"><span class='ocrx_word' id='word_1_664' title='bbox 2325 4596 2365 4650; x_wconf 78' lang='lat' dir='ltr'><strong>D</strong></span> <span class='ocrx_word' id='word_1_665' title='bbox 2393 4576 2585 4631; x_wconf 90' lang='grc' dir='ltr'>ματος,</span> <span class='ocrx_word' id='word_1_666' title='bbox 2614 4558 2778 4626; x_wconf 87' lang='grc' dir='ltr'>λέγω,</span> <span class='ocrx_word' id='word_1_667' title='bbox 2826 4557 2921 4610; x_wconf 76' lang='grc' dir='ltr'>καὶ</span> <span class='ocrx_word' id='word_1_668' title='bbox 2953 4555 3210 4627; x_wconf 81' lang='grc' dir='ltr'>ἀληθείας</span> <span class='ocrx_word' id='word_1_669' title='bbox 3239 4552 3779 4650; x_wconf 43' lang='grc' dir='ltr'>ἀναδεῐδολμημένων</span> <span class='ocrx_word' id='word_1_670' title='bbox 3821 4552 3949 4607; x_wconf 85' lang='grc' dir='ltr'>ναῶν</span> 
     </span>
    </p>
   </div>
   <div class='ocr_carea' id='block_1_100' title="bbox 2394 4644 3943 4723">
    <p class='ocr_par' dir='ltr' id='par_1_100' title="bbox 2394 4644 3943 4723">
     <span class='ocr_line' id='line_1_100' title="bbox 2394 4644 3943 4723; baseline -0.006 -17"><span class='ocrx_word' id='word_1_671' title='bbox 2394 4652 2628 4723; x_wconf 80' lang='grc' dir='ltr'>Κυρίου,</span> <span class='ocrx_word' id='word_1_672' title='bbox 2661 4650 2755 4703; x_wconf 78' lang='grc' dir='ltr'>καὶ</span> <span class='ocrx_word' id='word_1_673' title='bbox 2798 4646 3275 4719; x_wconf 75' lang='grc' dir='ltr'>καταρτιζομένων</span> <span class='ocrx_word' id='word_1_674' title='bbox 3308 4650 3388 4710; x_wconf 85' lang='grc' dir='ltr'><strong>είς</strong></span> <span class='ocrx_word' id='word_1_675' title='bbox 3436 4644 3564 4699; x_wconf 79' lang='grc' dir='ltr'>λαὸν</span> <span class='ocrx_word' id='word_1_676' title='bbox 3618 4646 3943 4715; x_wconf 82' lang='grc' dir='ltr'>περιούσιον,</span> 
     </span>
    </p>
   </div>
   <div class='ocr_carea' id='block_1_101' title="bbox 2394 4741 3085 4815">
    <p class='ocr_par' dir='ltr' id='par_1_101' title="bbox 2394 4741 3085 4815">
     <span class='ocr_line' id='line_1_101' title="bbox 2394 4741 3085 4815; baseline -0.004 -17"><span class='ocrx_word' id='word_1_677' title='bbox 2394 4743 2641 4815; x_wconf 75' lang='grc' dir='ltr'>ζηλωτὴν</span> <span class='ocrx_word' id='word_1_678' title='bbox 2667 4742 2851 4796; x_wconf 84' lang='grc' dir='ltr'>καλῶν</span> <span class='ocrx_word' id='word_1_679' title='bbox 2886 4741 3085 4812; x_wconf 81' lang='grc' dir='ltr'>ἔργων.</span> 
     </span>
    </p>
   </div>
   <div class='ocr_carea' id='block_1_102' title="bbox 2465 4831 3949 4905">
    <p class='ocr_par' dir='ltr' id='par_1_102' title="bbox 2465 4831 3949 4905">
     <span class='ocr_line' id='line_1_102' title="bbox 2465 4831 3949 4905; baseline 0 -16"><span class='ocrx_word' id='word_1_680' title='bbox 2465 4842 2527 4890; x_wconf 87' lang='grc' dir='ltr'><strong>ε’.</strong></span> <span class='ocrx_word' id='word_1_681' title='bbox 2558 4833 2764 4904; x_wconf 76' lang='grc' dir='ltr'>Σκέψαι</span> <span class='ocrx_word' id='word_1_682' title='bbox 2797 4852 2886 4905; x_wconf 82' lang='grc' dir='ltr'><strong>μοι</strong></span> <span class='ocrx_word' id='word_1_683' title='bbox 2913 4834 3011 4896; x_wconf 72' lang='grc' dir='ltr'><strong>τὰς</strong></span> <span class='ocrx_word' id='word_1_684' title='bbox 3045 4832 3228 4894; x_wconf 88' lang='grc' dir='ltr'>πόλεις</span> <span class='ocrx_word' id='word_1_685' title='bbox 3257 4831 3352 4884; x_wconf 82' lang='grc' dir='ltr'>καὶ</span> <span class='ocrx_word' id='word_1_686' title='bbox 3380 4832 3479 4896; x_wconf 80' lang='grc' dir='ltr'><strong>τὰς</strong></span> <span class='ocrx_word' id='word_1_687' title='bbox 3506 4834 3853 4899; x_wconf 86' lang='grc' dir='ltr'>κατοικεσίας</span> <span class='ocrx_word' id='word_1_688' title='bbox 3890 4836 3949 4899; x_wconf 76' lang='grc' dir='ltr'>ἃς</span> 
     </span>
    </p>
   </div>
   <div class='ocr_carea' id='block_1_103' title="bbox 2397 4922 3953 4995">
    <p class='ocr_par' dir='ltr' id='par_1_103' title="bbox 2397 4922 3953 4995">
     <span class='ocr_line' id='line_1_103' title="bbox 2397 4922 3953 4995; baseline 0 -14"><span class='ocrx_word' id='word_1_689' title='bbox 2397 4926 2568 4981; x_wconf 85' lang='grc' dir='ltr'>πάλαι</span> <span class='ocrx_word' id='word_1_690' title='bbox 2595 4924 2625 4976; x_wconf 90' lang='lat'><strong>6</strong></span> <span class='ocrx_word' id='word_1_691' title='bbox 2653 4924 2956 4987; x_wconf 87' lang='grc' dir='ltr'>λαόπλανος</span> <span class='ocrx_word' id='word_1_692' title='bbox 2982 4932 3009 4974; x_wconf 67' lang='grc' dir='ltr'>τι</span> <span class='ocrx_word' id='word_1_693' title='bbox 3040 4926 3108 4993; x_wconf 81' lang='grc' dir='ltr'>τῇ</span> <span class='ocrx_word' id='word_1_694' title='bbox 3138 4922 3365 4995; x_wconf 81' lang='grc' dir='ltr'>ἀπιστίᾳ</span> <span class='ocrx_word' id='word_1_695' title='bbox 3400 4926 3655 4994; x_wconf 81' lang='grc' dir='ltr'>κατεῖχεν</span> <span class='ocrx_word' id='word_1_696' title='bbox 3686 4924 3953 4993; x_wconf 72' lang='grc' dir='ltr'>ὴλίόατος,</span> 
     </span>
    </p>
   </div>
   <div class='ocr_carea' id='block_1_104' title="bbox 2397 5014 3950 5089">
    <p class='ocr_par' dir='ltr' id='par_1_104' title="bbox 2397 5014 3950 5089">
     <span class='ocr_line' id='line_1_104' title="bbox 2397 5014 3950 5089; baseline 0 -17"><span class='ocrx_word' id='word_1_697' title='bbox 2397 5016 2779 5089; x_wconf 83' lang='grc' dir='ltr'>πυργωθείσας</span> <span class='ocrx_word' id='word_1_698' title='bbox 2822 5018 2881 5070; x_wconf 68' lang='grc' dir='ltr'>ὲν</span> <span class='ocrx_word' id='word_1_699' title='bbox 2908 5014 3230 5087; x_wconf 74' lang='grc' dir='ltr'>θεογνωσίᾳ,</span> <span class='ocrx_word' id='word_1_700' title='bbox 3262 5015 3359 5070; x_wconf 71' lang='grc' dir='ltr'>καὶ</span> <span class='ocrx_word' id='word_1_701' title='bbox 3407 5016 3510 5080; x_wconf 76' lang='grc' dir='ltr'><strong>τὰς</strong></span> <span class='ocrx_word' id='word_1_702' title='bbox 3557 5018 3665 5070; x_wconf 78' lang='grc' dir='ltr'><strong>τῶν</strong></span> <span class='ocrx_word' id='word_1_703' title='bbox 3712 5020 3950 5073; x_wconf 76' lang='grc' dir='ltr'>ἐναντίων</span> 
     </span>
    </p>
   </div>
   <div class='ocr_carea' id='block_1_105' title="bbox 2396 5106 3945 5181">
    <p class='ocr_par' dir='ltr' id='par_1_105' title="bbox 2396 5106 3945 5181">
     <span class='ocr_line' id='line_1_105' title="bbox 2396 5106 3945 5181; baseline 0.001 -19"><span class='ocrx_word' id='word_1_704' title='bbox 2396 5107 2687 5171; x_wconf 69' lang='grc' dir='ltr'>επιϐουλὰς</span> <span class='ocrx_word' id='word_1_705' title='bbox 2723 5107 2852 5179; x_wconf 78' lang='grc' dir='ltr'>ῥᾷον</span> <span class='ocrx_word' id='word_1_706' title='bbox 2884 5106 3380 5178; x_wconf 76' lang='grc' dir='ltr'>ἀποπεμπομένας,</span> <span class='ocrx_word' id='word_1_707' title='bbox 3407 5107 3478 5161; x_wconf 76' lang='grc' dir='ltr'><strong>τά</strong></span> <span class='ocrx_word' id='word_1_708' title='bbox 3508 5108 3635 5181; x_wconf 84' lang='grc' dir='ltr'>λήῖα</span> <span class='ocrx_word' id='word_1_709' title='bbox 3680 5109 3945 5181; x_wconf 76' lang='grc' dir='ltr'>τεθηλότα,</span> 
     </span>
    </p>
   </div>
   <div class='ocr_carea' id='block_1_106' title="bbox 2395 5197 3947 5270">
    <p class='ocr_par' dir='ltr' id='par_1_106' title="bbox 2395 5197 3947 5270">
     <span class='ocr_line' id='line_1_106' title="bbox 2395 5197 3947 5270; baseline -0.001 -14"><span class='ocrx_word' id='word_1_710' title='bbox 2395 5202 2522 5265; x_wconf 85' lang='grc' dir='ltr'>τοὺς</span> <span class='ocrx_word' id='word_1_711' title='bbox 2585 5198 2917 5270; x_wconf 77' lang='grc' dir='ltr'>ἀμπελῶνας</span> <span class='ocrx_word' id='word_1_712' title='bbox 2974 5197 3377 5270; x_wconf 81' lang='grc' dir='ltr'>περκάζοντας,</span> <span class='ocrx_word' id='word_1_713' title='bbox 3426 5198 3553 5261; x_wconf 87' lang='grc' dir='ltr'>τοὺς</span> <span class='ocrx_word' id='word_1_714' title='bbox 3603 5200 3947 5270; x_wconf 85' lang='grc' dir='ltr'>παραδείσους</span> 
     </span>
    </p>
   </div>
   <div class='ocr_carea' id='block_1_107' title="bbox 2398 5290 3947 5368">
    <p class='ocr_par' dir='ltr' id='par_1_107' title="bbox 2398 5290 3947 5368">
     <span class='ocr_line' id='line_1_107' title="bbox 2398 5290 3947 5368; baseline -0.003 -17"><span class='ocrx_word' id='word_1_715' title='bbox 2398 5295 2788 5368; x_wconf 74' lang='grc' dir='ltr'>κυπρίζοντας,</span> <span class='ocrx_word' id='word_1_716' title='bbox 2813 5291 2939 5353; x_wconf 87' lang='grc' dir='ltr'>τοὺς</span> <span class='ocrx_word' id='word_1_717' title='bbox 2967 5290 3257 5355; x_wconf 80' lang='grc' dir='ltr'>νοσοῦντας</span> <span class='ocrx_word' id='word_1_718' title='bbox 3288 5292 3468 5344; x_wconf 82' lang='grc' dir='ltr'>πᾶσαν</span> <span class='ocrx_word' id='word_1_719' title='bbox 3489 5292 3643 5345; x_wconf 83' lang='grc' dir='ltr'>νόσον</span> <span class='ocrx_word' id='word_1_720' title='bbox 3663 5292 3756 5345; x_wconf 79' lang='grc' dir='ltr'>καὶ</span> <span class='ocrx_word' id='word_1_721' title='bbox 3786 5295 3947 5347; x_wconf 79' lang='grc' dir='ltr'>πᾶσαν</span> 
     </span>
    </p>
   </div>
   <div class='ocr_carea' id='block_1_108' title="bbox 2402 5372 3943 5460">
    <p class='ocr_par' dir='ltr' id='par_1_108' title="bbox 2402 5372 3943 5460">
     <span class='ocr_line' id='line_1_108' title="bbox 2402 5372 3943 5460; baseline -0.002 -19"><span class='ocrx_word' id='word_1_722' title='bbox 2402 5386 2679 5460; x_wconf 77' lang='grc' dir='ltr'>μαλακίαν</span> <span class='ocrx_word' id='word_1_723' title='bbox 2717 5384 3240 5455; x_wconf 84' lang='grc' dir='ltr'>τεθεραπευμένους.</span> <span class='ocrx_word' id='word_1_724' title='bbox 3281 5372 3515 5437; x_wconf 77' lang='grc' dir='ltr'>Τοιαῦτα</span> <span class='ocrx_word' id='word_1_725' title='bbox 3562 5384 3629 5438; x_wconf 72' lang='grc' dir='ltr'>τὰ</span> <span class='ocrx_word' id='word_1_726' title='bbox 3659 5385 3757 5437; x_wconf 84' lang='grc' dir='ltr'><strong>τοῦ</strong></span> <span class='ocrx_word' id='word_1_727' title='bbox 3802 5386 3943 5439; x_wconf 59' lang='grc' dir='ltr'>Ἄγιος</span> 
     </span>
    </p>
   </div>
   <div class='ocr_carea' id='block_1_109' title="bbox 1999 5522 2672 5586">
    <p class='ocr_par' dir='ltr' id='par_1_109' title="bbox 1999 5522 2672 5586">
     <span class='ocr_line' id='line_1_109' title="bbox 1999 5522 2672 5586; baseline 0 -8"><span class='ocrx_word' id='word_1_728' title='bbox 1999 5522 2230 5583; x_wconf 67' lang='lat' dir='ltr'><strong>VARIE</strong></span> <span class='ocrx_word' id='word_1_729' title='bbox 2269 5524 2672 5586; x_wconf 79' lang='lat' dir='ltr'><strong>LECTIONES.</strong></span> 
     </span>
    </p>
   </div>
   <div class='ocr_carea' id='block_1_110' title="bbox 793 5636 3174 5719">
    <p class='ocr_par' dir='ltr' id='par_1_110' title="bbox 793 5636 3174 5719">
     <span class='ocr_line' id='line_1_110' title="bbox 793 5636 3174 5719; baseline -0 -29"><span class='ocrx_word' id='word_1_730' title='bbox 793 5637 821 5677; x_wconf 68' lang='grc' dir='ltr'>ι</span> <span class='ocrx_word' id='word_1_731' title='bbox 848 5636 1170 5719; x_wconf 65' lang='grc' dir='ltr'>ᾼηοειοείυς</span> <span class='ocrx_word' id='word_1_732' title='bbox 1202 5637 1348 5719; x_wconf 67' lang='lat' dir='ltr'><strong>aliud</strong></span> <span class='ocrx_word' id='word_1_733' title='bbox 1384 5638 1613 5719; x_wconf 77' lang='lat' dir='ltr'><strong>legebat,</strong></span> <span class='ocrx_word' id='word_1_734' title='bbox 1648 5640 1774 5719; x_wconf 70' lang='lat' dir='ltr'><strong>quia</strong></span> <span class='ocrx_word' id='word_1_735' title='bbox 1819 5641 2013 5719; x_wconf 72' lang='lat' dir='ltr'><strong>scribit</strong></span> <span class='ocrx_word' id='word_1_736' title='bbox 2060 5644 2280 5719; x_wconf 68' lang='lat' dir='ltr'><strong>duplici</strong></span> <span class='ocrx_word' id='word_1_737' title='bbox 2308 5644 2567 5719; x_wconf 76' lang='lat' dir='ltr'><strong>sanitate,</strong></span> <span class='ocrx_word' id='word_1_738' title='bbox 2617 5641 2775 5710; x_wconf 85' lang='lat' dir='ltr'><strong>quasi</strong></span> <span class='ocrx_word' id='word_1_739' title='bbox 2822 5639 3174 5719; x_wconf 59' lang='grc' dir='ltr'>ἀμφοτέροις.</span> 
     </span>
    </p>
   </div>
   <div class='ocr_carea' id='block_1_111' title="bbox 723 5708 2116 5782">
    <p class='ocr_par' dir='ltr' id='par_1_111' title="bbox 723 5708 2116 5782">
     <span class='ocr_line' id='line_1_111' title="bbox 723 5708 2116 5782; baseline 0.004 -21"><span class='ocrx_word' id='word_1_740' title='bbox 723 5708 959 5782; x_wconf 73' lang='lat' dir='ltr'><strong>eumdem</strong></span> <span class='ocrx_word' id='word_1_741' title='bbox 988 5725 1136 5782; x_wconf 64' lang='lat' dir='ltr'><strong>nosse</strong></span> <span class='ocrx_word' id='word_1_742' title='bbox 1165 5710 1310 5782; x_wconf 76' lang='lat' dir='ltr'><strong>velis.</strong></span> <span class='ocrx_word' id='word_1_743' title='bbox 1388 5718 1423 5739; x_wconf 81' lang='grc'><strong><em>⁸·</em></strong></span> <span class='ocrx_word' id='word_1_744' title='bbox 1442 5708 1644 5765; x_wconf 27' lang='grc' dir='ltr'>ίΛιιοει.</span> <span class='ocrx_word' id='word_1_745' title='bbox 1668 5708 1778 5765; x_wconf 85' lang='lat' dir='ltr'><strong>Deo</strong></span> <span class='ocrx_word' id='word_1_746' title='bbox 1799 5714 2116 5782; x_wconf 77' lang='lat' dir='ltr'><strong>perﬁcieute.</strong></span> 
     </span>
    </p>
   </div>
   <div class='ocr_carea' id='block_1_112' title="bbox 3282 5635 3943 5692">
    <p class='ocr_par' dir='ltr' id='par_1_112' title="bbox 3282 5635 3943 5692">
     <span class='ocr_line' id='line_1_112' title="bbox 3282 5635 3943 5692; baseline -0.003 -1"><span class='ocrx_word' id='word_1_747' title='bbox 3282 5635 3303 5675; x_wconf 66' lang='grc' dir='ltr'><strong>ι</strong></span> <span class='ocrx_word' id='word_1_748' title='bbox 3341 5635 3664 5692; x_wconf 81' lang='lat' dir='ltr'><strong>Anastasius</strong></span> <span class='ocrx_word' id='word_1_749' title='bbox 3695 5656 3709 5692; x_wconf 90' lang='lat'><strong>:</strong></span> <span class='ocrx_word' id='word_1_750' title='bbox 3781 5635 3943 5691; x_wconf 76' lang='lat' dir='ltr'><strong>Verum</strong></span> 
     </span>
    </p>
   </div>
   <div class='ocr_carea' id='block_1_113' title="bbox 2195 5712 3939 5780">
    <p class='ocr_par' dir='ltr' id='par_1_113' title="bbox 2195 5712 3939 5780">
     <span class='ocr_line' id='line_1_113' title="bbox 2195 5712 3939 5780; baseline -0.003 -13"><span class='ocrx_word' id='word_1_751' title='bbox 2195 5723 2221 5750; x_wconf 71' lang='grc' dir='ltr'><strong>υ</strong></span> <span class='ocrx_word' id='word_1_752' title='bbox 2255 5714 2578 5769; x_wconf 84' lang='lat' dir='ltr'><strong>Anastasius</strong></span> <span class='ocrx_word' id='word_1_753' title='bbox 2614 5719 2944 5780; x_wconf 63' lang='lat' dir='ltr'><strong>praepostere</strong></span> <span class='ocrx_word' id='word_1_754' title='bbox 2975 5712 3158 5778; x_wconf 25' lang='lat' dir='ltr'><strong>rigare.</strong></span> <span class='ocrx_word' id='word_1_755' title='bbox 3181 5725 3372 5780; x_wconf 53' lang='lat' dir='ltr'><strong>manu,</strong></span> <span class='ocrx_word' id='word_1_756' title='bbox 3414 5712 3639 5763; x_wconf 79' lang='lat' dir='ltr'><strong>educare</strong></span> <span class='ocrx_word' id='word_1_757' title='bbox 3663 5720 3939 5780; x_wconf 74' lang='lat' dir='ltr'><strong>crescentes.</strong></span> 
     </span>
    </p>
   </div>
   <div class='ocr_carea' id='block_1_114' title="bbox 728 5777 3939 5854">
    <p class='ocr_par' dir='ltr' id='par_1_114' title="bbox 728 5777 3939 5854">
     <span class='ocr_line' id='line_1_114' title="bbox 728 5777 3939 5854; baseline 0 -23"><span class='ocrx_word' id='word_1_758' title='bbox 728 5784 753 5811; x_wconf 88' lang='lat'><strong><em>°</em></strong></span> <span class='ocrx_word' id='word_1_759' title='bbox 784 5780 972 5854; x_wconf 61' lang='lat' dir='ltr'><strong>Anast.</strong></span> <span class='ocrx_word' id='word_1_760' title='bbox 1006 5779 1166 5834; x_wconf 78' lang='lat' dir='ltr'><strong>silvas</strong></span> <span class='ocrx_word' id='word_1_761' title='bbox 1190 5780 1448 5854; x_wconf 70' lang='lat' dir='ltr'><strong>impacta:</strong></span> <span class='ocrx_word' id='word_1_762' title='bbox 1483 5781 1729 5854; x_wconf 81' lang='lat' dir='ltr'><strong>secando,</strong></span> <span class='ocrx_word' id='word_1_763' title='bbox 1772 5777 1960 5854; x_wconf 75' lang='lat' dir='ltr'><strong>nescio</strong></span> <span class='ocrx_word' id='word_1_764' title='bbox 1988 5785 2117 5850; x_wconf 79' lang='lat' dir='ltr'><strong>quid</strong></span> <span class='ocrx_word' id='word_1_765' title='bbox 2152 5784 2299 5839; x_wconf 86' lang='lat' dir='ltr'><strong>aliud</strong></span> <span class='ocrx_word' id='word_1_766' title='bbox 2329 5786 2535 5854; x_wconf 80' lang='lat' dir='ltr'><strong>legens.</strong></span> <span class='ocrx_word' id='word_1_767' title='bbox 2613 5777 2640 5831; x_wconf 53' lang='lat' dir='ltr'><strong>it</strong></span> <span class='ocrx_word' id='word_1_768' title='bbox 2664 5777 2798 5854; x_wconf 68' lang='lat' dir='ltr'><strong>Cod.</strong></span> <span class='ocrx_word' id='word_1_769' title='bbox 2859 5779 3149 5854; x_wconf 59' lang='lat' dir='ltr'><strong>unnploat.</strong></span> <span class='ocrx_word' id='word_1_770' title='bbox 3176 5777 3412 5854; x_wconf 50' lang='lat' dir='ltr'><strong>Videant</strong></span> <span class='ocrx_word' id='word_1_771' title='bbox 3441 5791 3573 5852; x_wconf 83' lang='lat' dir='ltr'><strong>ergo</strong></span> <span class='ocrx_word' id='word_1_772' title='bbox 3604 5778 3939 5850; x_wconf 84' lang='lat' dir='ltr'><strong>grammatici.</strong></span> 
     </span>
    </p>
   </div>
   <div class='ocr_carea' id='block_1_115' title="bbox 727 5849 3375 5926">
    <p class='ocr_par' dir='ltr' id='par_1_115' title="bbox 727 5849 3375 5926">
     <span class='ocr_line' id='line_1_115' title="bbox 727 5849 3375 5926; baseline 0.001 -24"><span class='ocrx_word' id='word_1_773' title='bbox 727 5855 755 5897; x_wconf 73' lang='grc' dir='ltr'><strong>ει</strong></span> <span class='ocrx_word' id='word_1_774' title='bbox 794 5851 985 5903; x_wconf 77' lang='lat' dir='ltr'><strong>Anast.</strong></span> <span class='ocrx_word' id='word_1_775' title='bbox 1025 5866 1188 5919; x_wconf 78' lang='lat' dir='ltr'><strong>prave</strong></span> <span class='ocrx_word' id='word_1_776' title='bbox 1212 5852 1443 5923; x_wconf 76' lang='lat' dir='ltr'><strong>populus</strong></span> <span class='ocrx_word' id='word_1_777' title='bbox 1477 5853 1743 5907; x_wconf 79' lang='lat' dir='ltr'><strong>seductus.</strong></span> <span class='ocrx_word' id='word_1_778' title='bbox 1774 5851 1903 5909; x_wconf 88' lang='lat' dir='ltr'><strong>Item</strong></span> <span class='ocrx_word' id='word_1_779' title='bbox 1930 5849 2217 5924; x_wconf 70' lang='lat' dir='ltr'><strong>seQuentia</strong></span> <span class='ocrx_word' id='word_1_780' title='bbox 2256 5849 2407 5926; x_wconf 74' lang='lat' dir='ltr'><strong>apud</strong></span> <span class='ocrx_word' id='word_1_781' title='bbox 2428 5851 2779 5909; x_wconf 85' lang='lat' dir='ltr'><strong>Anastasium</strong></span> <span class='ocrx_word' id='word_1_782' title='bbox 2813 5849 3073 5917; x_wconf 83' lang='lat' dir='ltr'><strong>perversa</strong></span> <span class='ocrx_word' id='word_1_783' title='bbox 3102 5849 3375 5904; x_wconf 79' lang='lat' dir='ltr'><strong>videntur.</strong></span> 
     </span>
    </p>
   </div>
  </div>
