  <div class='ocr_page' id='page_1' title='image "/cluster/home/n/w/nwhite01/storage/ocr_20150623/99/uva.x002264937/426.png"; bbox 0 0 4170 6490; ppageno 0'>
   <div class='ocr_carea' id='block_1_1' title="bbox 228 399 335 464">
    <p class='ocr_par' dir='ltr' id='par_1_1' title="bbox 228 399 335 464">
     <span class='ocr_line' id='line_1_1' title="bbox 228 399 335 464; baseline 0.009 -1"><span class='ocrx_word' id='word_1_1' title='bbox 228 399 335 464; x_wconf 81' lang='grc'><strong>’797</strong></span> 
     </span>
    </p>
   </div>
   <div class='ocr_carea' id='block_1_2' title="bbox 229 516 1807 608">
    <p class='ocr_par' dir='ltr' id='par_1_2' title="bbox 229 516 1807 608">
     <span class='ocr_line' id='line_1_2' title="bbox 229 516 1807 608; baseline 0.015 -40"><span class='ocrx_word' id='word_1_2' title='bbox 229 516 442 579; x_wconf 82' lang='grc' dir='ltr'>στόλου,</span> <span class='ocrx_word' id='word_1_3' title='bbox 468 519 545 581; x_wconf 82' lang='grc' dir='ltr'>ὡς</span> <span class='ocrx_word' id='word_1_4' title='bbox 586 526 655 572; x_wconf 75' lang='grc' dir='ltr'>ἂν</span> <span class='ocrx_word' id='word_1_5' title='bbox 685 520 830 576; x_wconf 69' lang='grc' dir='ltr'>εἴποι</span> <span class='ocrx_word' id='word_1_6' title='bbox 853 541 954 588; x_wconf 87' lang='grc' dir='ltr'>τις,</span> <span class='ocrx_word' id='word_1_7' title='bbox 986 528 1276 596; x_wconf 76' lang='grc' dir='ltr'><strong>προτέλεια</strong></span> <span class='ocrx_word' id='word_1_8' title='bbox 1304 533 1396 584; x_wconf 73' lang='grc' dir='ltr'><strong>καὶ</strong></span> <span class='ocrx_word' id='word_1_9' title='bbox 1429 535 1681 607; x_wconf 80' lang='grc' dir='ltr'>ἐκφόρια,</span> <span class='ocrx_word' id='word_1_10' title='bbox 1711 556 1807 608; x_wconf 85' lang='grc' dir='ltr'>τη-</span> 
     </span>
    </p>
   </div>
   <div class='ocr_carea' id='block_1_3' title="bbox 225 609 1809 688">
    <p class='ocr_par' dir='ltr' id='par_1_3' title="bbox 225 609 1809 688">
     <span class='ocr_line' id='line_1_3' title="bbox 225 609 1809 688; baseline 0.016 -29"><span class='ocrx_word' id='word_1_11' title='bbox 225 609 482 662; x_wconf 64' lang='grc' dir='ltr'>λικοῦτον</span> <span class='ocrx_word' id='word_1_12' title='bbox 517 613 566 664; x_wconf 84' lang='grc' dir='ltr'>οἱ</span> <span class='ocrx_word' id='word_1_13' title='bbox 602 612 832 680; x_wconf 86' lang='grc' dir='ltr'>ἀγῶνες,</span> <span class='ocrx_word' id='word_1_14' title='bbox 859 617 908 668; x_wconf 77' lang='lat' dir='ltr'><strong>oi</strong></span> <span class='ocrx_word' id='word_1_15' title='bbox 950 617 1188 688; x_wconf 74' lang='grc' dir='ltr'>ἱδρῶτες,</span> <span class='ocrx_word' id='word_1_16' title='bbox 1226 623 1276 674; x_wconf 85' lang='grc' dir='ltr'><strong>οί</strong></span> <span class='ocrx_word' id='word_1_17' title='bbox 1313 624 1486 677; x_wconf 80' lang='grc' dir='ltr'>πόνοι·</span> <span class='ocrx_word' id='word_1_18' title='bbox 1521 629 1809 685; x_wconf 73' lang='grc' dir='ltr'>καὶταῦτα</span> 
     </span>
    </p>
   </div>
   <div class='ocr_carea' id='block_1_4' title="bbox 223 702 1808 792">
    <p class='ocr_par' dir='ltr' id='par_1_4' title="bbox 223 702 1808 792">
     <span class='ocr_line' id='line_1_4' title="bbox 223 702 1808 792; baseline 0.014 -40"><span class='ocrx_word' id='word_1_19' title='bbox 223 702 286 753; x_wconf 82' lang='grc' dir='ltr'>ὲν</span> <span class='ocrx_word' id='word_1_20' title='bbox 322 702 468 773; x_wconf 86' lang='grc' dir='ltr'>λιμῷ</span> <span class='ocrx_word' id='word_1_21' title='bbox 496 705 591 756; x_wconf 79' lang='grc' dir='ltr'><strong>καὶ</strong></span> <span class='ocrx_word' id='word_1_22' title='bbox 617 704 782 775; x_wconf 78' lang='grc' dir='ltr'>δίψει,</span> <span class='ocrx_word' id='word_1_23' title='bbox 819 709 876 759; x_wconf 85' lang='grc' dir='ltr'>ὲν</span> <span class='ocrx_word' id='word_1_24' title='bbox 896 709 1056 779; x_wconf 74' lang='grc' dir='ltr'>ψύχει</span> <span class='ocrx_word' id='word_1_25' title='bbox 1080 714 1173 763; x_wconf 78' lang='grc' dir='ltr'><strong>καὶ</strong></span> <span class='ocrx_word' id='word_1_26' title='bbox 1196 715 1518 787; x_wconf 79' lang='grc' dir='ltr'><strong>γυμνότητι,</strong></span> <span class='ocrx_word' id='word_1_27' title='bbox 1551 721 1610 771; x_wconf 85' lang='grc' dir='ltr'>ὲν</span> <span class='ocrx_word' id='word_1_28' title='bbox 1647 718 1808 792; x_wconf 70' lang='grc' dir='ltr'><strong>ὕϐρει⁴</strong></span> 
     </span>
    </p>
   </div>
   <div class='ocr_carea' id='block_1_5' title="bbox 226 795 1806 877">
    <p class='ocr_par' dir='ltr' id='par_1_5' title="bbox 226 795 1806 877">
     <span class='ocr_line' id='line_1_5' title="bbox 226 795 1806 877; baseline 0.013 -32"><span class='ocrx_word' id='word_1_29' title='bbox 226 811 315 846; x_wconf 91' lang='grc' dir='ltr'><strong>σιν</strong></span> <span class='ocrx_word' id='word_1_30' title='bbox 356 795 453 848; x_wconf 69' lang='grc' dir='ltr'>καὶ</span> <span class='ocrx_word' id='word_1_31' title='bbox 479 796 764 863; x_wconf 75' lang='grc' dir='ltr'>ὀνείδεσιν,</span> <span class='ocrx_word' id='word_1_32' title='bbox 815 799 874 850; x_wconf 75' lang='grc' dir='ltr'>ἐν</span> <span class='ocrx_word' id='word_1_33' title='bbox 904 800 1170 867; x_wconf 78' lang='grc' dir='ltr'><strong>φυλακαῖς</strong></span> <span class='ocrx_word' id='word_1_34' title='bbox 1199 807 1295 858; x_wconf 80' lang='grc' dir='ltr'>καὶ</span> <span class='ocrx_word' id='word_1_35' title='bbox 1326 806 1569 877; x_wconf 88' lang='grc' dir='ltr'>δεσμοῖς,</span> <span class='ocrx_word' id='word_1_36' title='bbox 1597 810 1655 864; x_wconf 79' lang='grc' dir='ltr'>ὲν</span> <span class='ocrx_word' id='word_1_37' title='bbox 1681 811 1806 865; x_wconf 86' lang='grc' dir='ltr'>διω-</span> 
     </span>
    </p>
   </div>
   <div class='ocr_carea' id='block_1_6' title="bbox 223 887 1807 968">
    <p class='ocr_par' dir='ltr' id='par_1_6' title="bbox 223 887 1807 968">
     <span class='ocr_line' id='line_1_6' title="bbox 223 887 1807 968; baseline 0.013 -31"><span class='ocrx_word' id='word_1_38' title='bbox 223 889 392 955; x_wconf 83' lang='grc' dir='ltr'>γμοῖς</span> <span class='ocrx_word' id='word_1_39' title='bbox 417 887 513 941; x_wconf 72' lang='grc' dir='ltr'><strong>καὶ</strong></span> <span class='ocrx_word' id='word_1_40' title='bbox 545 888 876 958; x_wconf 83' lang='grc' dir='ltr'>ἀπαγωγαίς</span> <span class='ocrx_word' id='word_1_41' title='bbox 908 893 973 946; x_wconf 83' lang='grc' dir='ltr'>ὲκ</span> <span class='ocrx_word' id='word_1_42' title='bbox 997 895 1164 948; x_wconf 85' lang='grc' dir='ltr'>τόπου</span> <span class='ocrx_word' id='word_1_43' title='bbox 1190 897 1269 959; x_wconf 90' lang='grc' dir='ltr'><strong>είς</strong></span> <span class='ocrx_word' id='word_1_44' title='bbox 1298 900 1481 963; x_wconf 76' lang='grc' dir='ltr'>τόπον,</span> <span class='ocrx_word' id='word_1_45' title='bbox 1515 903 1576 954; x_wconf 80' lang='grc' dir='ltr'>ὲκ</span> <span class='ocrx_word' id='word_1_46' title='bbox 1599 903 1807 968; x_wconf 84' lang='grc' dir='ltr'>πόλεως</span> 
     </span>
    </p>
   </div>
   <div class='ocr_carea' id='block_1_7' title="bbox 223 978 1807 1061">
    <p class='ocr_par' dir='ltr' id='par_1_7' title="bbox 223 978 1807 1061">
     <span class='ocr_line' id='line_1_7' title="bbox 223 978 1807 1061; baseline 0.013 -33"><span class='ocrx_word' id='word_1_47' title='bbox 223 978 309 1041; x_wconf 86' lang='grc' dir='ltr'><strong>είς</strong></span> <span class='ocrx_word' id='word_1_48' title='bbox 348 979 524 1044; x_wconf 87' lang='grc' dir='ltr'>πόλιν,</span> <span class='ocrx_word' id='word_1_49' title='bbox 572 982 636 1034; x_wconf 84' lang='grc' dir='ltr'>ὲκ</span> <span class='ocrx_word' id='word_1_50' title='bbox 671 983 902 1052; x_wconf 82' lang='grc' dir='ltr'><strong>θεάτρου</strong></span> <span class='ocrx_word' id='word_1_51' title='bbox 944 987 1023 1050; x_wconf 77' lang='grc' dir='ltr'>εἰς</span> <span class='ocrx_word' id='word_1_52' title='bbox 1053 987 1302 1058; x_wconf 84' lang='grc' dir='ltr'>θέατρον,</span> <span class='ocrx_word' id='word_1_53' title='bbox 1332 991 1391 1042; x_wconf 83' lang='grc' dir='ltr'><strong>ἐν</strong></span> <span class='ocrx_word' id='word_1_54' title='bbox 1421 991 1676 1061; x_wconf 79' lang='grc' dir='ltr'><strong>βασάνοις</strong></span> <span class='ocrx_word' id='word_1_55' title='bbox 1710 997 1807 1048; x_wconf 78' lang='grc' dir='ltr'><strong>καὶ</strong></span> 
     </span>
    </p>
   </div>
   <div class='ocr_carea' id='block_1_8' title="bbox 223 1071 1806 1156">
    <p class='ocr_par' dir='ltr' id='par_1_8' title="bbox 223 1071 1806 1156">
     <span class='ocr_line' id='line_1_8' title="bbox 223 1071 1806 1156; baseline 0.013 -35"><span class='ocrx_word' id='word_1_56' title='bbox 223 1071 527 1156; x_wconf 74' lang='grc' dir='ltr'>αἰκισμοῖς,</span> <span class='ocrx_word' id='word_1_57' title='bbox 572 1074 630 1126; x_wconf 74' lang='grc' dir='ltr'>ὲν</span> <span class='ocrx_word' id='word_1_58' title='bbox 672 1075 818 1145; x_wconf 76' lang='grc' dir='ltr'><strong>φόνῳ</strong></span> <span class='ocrx_word' id='word_1_59' title='bbox 850 1078 942 1129; x_wconf 77' lang='grc' dir='ltr'>καὶ</span> <span class='ocrx_word' id='word_1_60' title='bbox 977 1080 1223 1150; x_wconf 79' lang='grc' dir='ltr'><strong>μαχαίρᾳ</strong></span> <span class='ocrx_word' id='word_1_61' title='bbox 1249 1098 1308 1133; x_wconf 88' lang='grc' dir='ltr'><strong>τε</strong></span> <span class='ocrx_word' id='word_1_62' title='bbox 1342 1083 1678 1139; x_wconf 77' lang='grc' dir='ltr'>τελευταῖονο</span> <span class='ocrx_word' id='word_1_63' title='bbox 1712 1088 1806 1156; x_wconf 78' lang='grc' dir='ltr'><strong>ἀφ’</strong></span> 
     </span>
    </p>
   </div>
   <div class='ocr_carea' id='block_1_9' title="bbox 223 1153 1803 1246">
    <p class='ocr_par' dir='ltr' id='par_1_9' title="bbox 223 1153 1803 1246">
     <span class='ocr_line' id='line_1_9' title="bbox 223 1153 1803 1246; baseline 0.013 -34"><span class='ocrx_word' id='word_1_64' title='bbox 223 1153 304 1213; x_wconf 78' lang='grc' dir='ltr'>ὦν</span> <span class='ocrx_word' id='word_1_65' title='bbox 343 1164 454 1231; x_wconf 88' lang='grc' dir='ltr'><strong>γάρ</strong></span> <span class='ocrx_word' id='word_1_66' title='bbox 498 1163 666 1234; x_wconf 75' lang='grc' dir='ltr'>ἐχρῆν</span> <span class='ocrx_word' id='word_1_67' title='bbox 705 1166 1026 1234; x_wconf 78' lang='grc' dir='ltr'>ἀμείϐεσθαι</span> <span class='ocrx_word' id='word_1_68' title='bbox 1059 1171 1284 1237; x_wconf 80' lang='grc' dir='ltr'><strong>ἀγαθοῖς</strong></span> <span class='ocrx_word' id='word_1_69' title='bbox 1324 1173 1417 1229; x_wconf 77' lang='grc' dir='ltr'><strong>τὸν</strong></span> <span class='ocrx_word' id='word_1_70' title='bbox 1456 1153 1803 1246; x_wconf 79' lang='grc' dir='ltr'>διδάσκαλον,</span> 
     </span>
    </p>
   </div>
   <div class='ocr_carea' id='block_1_10' title="bbox 220 1255 1805 1339">
    <p class='ocr_par' dir='ltr' id='par_1_10' title="bbox 220 1255 1805 1339">
     <span class='ocr_line' id='line_1_10' title="bbox 220 1255 1805 1339; baseline 0.011 -33"><span class='ocrx_word' id='word_1_71' title='bbox 220 1255 316 1306; x_wconf 72' lang='grc' dir='ltr'><strong>τον</strong></span> <span class='ocrx_word' id='word_1_72' title='bbox 345 1258 590 1327; x_wconf 81' lang='grc' dir='ltr'>σωτῆρα,</span> <span class='ocrx_word' id='word_1_73' title='bbox 639 1257 730 1310; x_wconf 80' lang='grc' dir='ltr'><strong>τὸν</strong></span> <span class='ocrx_word' id='word_1_74' title='bbox 789 1259 996 1327; x_wconf 85' lang='grc' dir='ltr'>ίατρὺν,</span> <span class='ocrx_word' id='word_1_75' title='bbox 1033 1261 1174 1334; x_wconf 83' lang='grc' dir='ltr'>ὑπὲρ</span> <span class='ocrx_word' id='word_1_76' title='bbox 1207 1264 1416 1318; x_wconf 87' lang='grc' dir='ltr'>τούτων</span> <span class='ocrx_word' id='word_1_77' title='bbox 1448 1269 1805 1339; x_wconf 75' lang='grc' dir='ltr'>εἰσπράττον-</span> 
     </span>
    </p>
   </div>
   <div class='ocr_carea' id='block_1_11' title="bbox 221 1346 1799 1430">
    <p class='ocr_par' dir='ltr' id='par_1_11' title="bbox 221 1346 1799 1430">
     <span class='ocr_line' id='line_1_11' title="bbox 221 1346 1799 1430; baseline 0.013 -34"><span class='ocrx_word' id='word_1_78' title='bbox 221 1361 314 1399; x_wconf 92' lang='grc' dir='ltr'><strong>ται</strong></span> <span class='ocrx_word' id='word_1_79' title='bbox 354 1346 425 1398; x_wconf 75' lang='grc' dir='ltr'>τὰ</span> <span class='ocrx_word' id='word_1_80' title='bbox 462 1347 634 1401; x_wconf 82' lang='grc' dir='ltr'>δεινά·</span> <span class='ocrx_word' id='word_1_81' title='bbox 666 1350 1165 1420; x_wconf 74' lang='grc' dir='ltr'><strong>προπηλακίζουσι,</strong></span> <span class='ocrx_word' id='word_1_82' title='bbox 1197 1357 1442 1421; x_wconf 78' lang='grc' dir='ltr'>παίουσι,</span> <span class='ocrx_word' id='word_1_83' title='bbox 1483 1361 1799 1430; x_wconf 74' lang='grc' dir='ltr'>πλήττουσι,</span> 
     </span>
    </p>
   </div>
   <div class='ocr_carea' id='block_1_12' title="bbox 225 1434 1805 1513">
    <p class='ocr_par' dir='ltr' id='par_1_12' title="bbox 225 1434 1805 1513">
     <span class='ocr_line' id='line_1_12' title="bbox 225 1434 1805 1513; baseline 0.012 -26"><span class='ocrx_word' id='word_1_84' title='bbox 225 1434 538 1500; x_wconf 75' lang='grc' dir='ltr'>κολάζουσι,</span> <span class='ocrx_word' id='word_1_85' title='bbox 578 1439 778 1504; x_wconf 81' lang='grc' dir='ltr'>ξέουσι·</span> <span class='ocrx_word' id='word_1_86' title='bbox 809 1440 861 1494; x_wconf 90' lang='grc' dir='ltr'><strong>τί</strong></span> <span class='ocrx_word' id='word_1_87' title='bbox 893 1443 953 1494; x_wconf 85' lang='grc' dir='ltr'><strong>ού</strong></span> <span class='ocrx_word' id='word_1_88' title='bbox 995 1443 1283 1513; x_wconf 86' lang='grc' dir='ltr'>λέγοντες;</span> <span class='ocrx_word' id='word_1_89' title='bbox 1310 1449 1362 1502; x_wconf 91' lang='grc' dir='ltr'><strong>τί</strong></span> <span class='ocrx_word' id='word_1_90' title='bbox 1394 1450 1496 1503; x_wconf 78' lang='grc' dir='ltr'><strong>οὐκ</strong></span> <span class='ocrx_word' id='word_1_91' title='bbox 1531 1453 1805 1505; x_wconf 78' lang='grc' dir='ltr'>ἐπινοοῦν-</span> 
     </span>
    </p>
   </div>
   <div class='ocr_carea' id='block_1_13' title="bbox 223 1530 1803 1612">
    <p class='ocr_par' dir='ltr' id='par_1_13' title="bbox 223 1530 1803 1612">
     <span class='ocr_line' id='line_1_13' title="bbox 223 1530 1803 1612; baseline 0.01 -31"><span class='ocrx_word' id='word_1_92' title='bbox 223 1545 346 1595; x_wconf 87' lang='grc' dir='ltr'>τες;</span> <span class='ocrx_word' id='word_1_93' title='bbox 371 1530 427 1582; x_wconf 88' lang='grc' dir='ltr'><strong>τί</strong></span> <span class='ocrx_word' id='word_1_94' title='bbox 457 1531 520 1584; x_wconf 80' lang='grc' dir='ltr'>οὐ</span> <span class='ocrx_word' id='word_1_95' title='bbox 549 1535 908 1603; x_wconf 86' lang='grc' dir='ltr'>πράττοντες;</span> <span class='ocrx_word' id='word_1_96' title='bbox 949 1536 1003 1588; x_wconf 87' lang='grc' dir='ltr'><strong>τί</strong></span> <span class='ocrx_word' id='word_1_97' title='bbox 1032 1539 1133 1591; x_wconf 78' lang='grc' dir='ltr'><strong>οὐκ</strong></span> <span class='ocrx_word' id='word_1_98' title='bbox 1161 1539 1646 1612; x_wconf 81' lang='grc' dir='ltr'>ὲπεξευρίσκοντες</span> <span class='ocrx_word' id='word_1_99' title='bbox 1692 1544 1803 1597; x_wconf 87' lang='grc' dir='ltr'><strong>τῶν</strong></span> 
     </span>
    </p>
   </div>
   <div class='ocr_carea' id='block_1_14' title="bbox 219 1620 1800 1706">
    <p class='ocr_par' dir='ltr' id='par_1_14' title="bbox 219 1620 1800 1706">
     <span class='ocr_line' id='line_1_14' title="bbox 219 1620 1800 1706; baseline 0.013 -36"><span class='ocrx_word' id='word_1_100' title='bbox 219 1620 325 1673; x_wconf 82' lang='grc' dir='ltr'>ὅσα</span> <span class='ocrx_word' id='word_1_101' title='bbox 360 1623 442 1685; x_wconf 85' lang='grc' dir='ltr'><strong>είς</strong></span> <span class='ocrx_word' id='word_1_102' title='bbox 485 1622 822 1695; x_wconf 75' lang='grc' dir='ltr'>δριμυτέραν</span> <span class='ocrx_word' id='word_1_103' title='bbox 851 1626 1093 1681; x_wconf 81' lang='grc' dir='ltr'>κάκωσιν</span> <span class='ocrx_word' id='word_1_104' title='bbox 1119 1630 1212 1683; x_wconf 79' lang='grc' dir='ltr'>καὶ</span> <span class='ocrx_word' id='word_1_105' title='bbox 1232 1631 1388 1696; x_wconf 82' lang='grc' dir='ltr'>ἀνίας</span> <span class='ocrx_word' id='word_1_106' title='bbox 1412 1634 1800 1706; x_wconf 78' lang='grc' dir='ltr'>ὲπεξεύρεσιν;</span> 
     </span>
    </p>
   </div>
   <div class='ocr_carea' id='block_1_15' title="bbox 221 1712 1801 1794">
    <p class='ocr_par' dir='ltr' id='par_1_15' title="bbox 221 1712 1801 1794">
     <span class='ocr_line' id='line_1_15' title="bbox 221 1712 1801 1794; baseline 0.012 -30"><span class='ocrx_word' id='word_1_107' title='bbox 221 1712 392 1783; x_wconf 70' lang='grc' dir='ltr'>βαϐαὶ</span> <span class='ocrx_word' id='word_1_108' title='bbox 416 1715 517 1786; x_wconf 85' lang='grc' dir='ltr'>τῆς</span> <span class='ocrx_word' id='word_1_109' title='bbox 541 1718 809 1786; x_wconf 76' lang='grc' dir='ltr'>ἀπηνίαςί</span> <span class='ocrx_word' id='word_1_110' title='bbox 839 1719 940 1787; x_wconf 81' lang='grc' dir='ltr'><strong>φεῦ</strong></span> <span class='ocrx_word' id='word_1_111' title='bbox 962 1721 1063 1790; x_wconf 82' lang='grc' dir='ltr'>τῆς</span> <span class='ocrx_word' id='word_1_112' title='bbox 1089 1721 1447 1794; x_wconf 84' lang='grc' dir='ltr'>θηριομανίας</span> <span class='ocrx_word' id='word_1_113' title='bbox 1469 1727 1481 1777; x_wconf 82' lang='grc' dir='ltr'><strong>ί</strong></span> <span class='ocrx_word' id='word_1_114' title='bbox 1510 1727 1656 1792; x_wconf 81' lang='grc' dir='ltr'>οἴους</span> <span class='ocrx_word' id='word_1_115' title='bbox 1677 1731 1801 1794; x_wconf 83' lang='grc' dir='ltr'>τοὺς</span> 
     </span>
    </p>
   </div>
   <div class='ocr_carea' id='block_1_16' title="bbox 223 1806 1797 1890">
    <p class='ocr_par' dir='ltr' id='par_1_16' title="bbox 223 1806 1797 1890">
     <span class='ocr_line' id='line_1_16' title="bbox 223 1806 1797 1890; baseline 0.011 -34"><span class='ocrx_word' id='word_1_116' title='bbox 223 1806 456 1874; x_wconf 81' lang='grc' dir='ltr'>μισθοὺς</span> <span class='ocrx_word' id='word_1_117' title='bbox 505 1806 584 1876; x_wconf 84' lang='grc' dir='ltr'>τῷ</span> <span class='ocrx_word' id='word_1_118' title='bbox 637 1807 951 1881; x_wconf 88' lang='grc' dir='ltr'>θεραπευτῇ</span> <span class='ocrx_word' id='word_1_119' title='bbox 989 1814 1347 1883; x_wconf 83' lang='grc' dir='ltr'>προσήγαγον</span> <span class='ocrx_word' id='word_1_120' title='bbox 1377 1818 1427 1869; x_wconf 86' lang='grc' dir='ltr'>οἱ</span> <span class='ocrx_word' id='word_1_121' title='bbox 1456 1818 1797 1890; x_wconf 75' lang='grc' dir='ltr'>ἀναϐλέψαν-</span> 
     </span>
    </p>
   </div>
   <div class='ocr_carea' id='block_1_17' title="bbox 217 1899 1874 1982">
    <p class='ocr_par' dir='ltr' id='par_1_17' title="bbox 217 1899 1874 1982">
     <span class='ocr_line' id='line_1_17' title="bbox 217 1899 1874 1982; baseline 0.011 -34"><span class='ocrx_word' id='word_1_122' title='bbox 217 1913 334 1963; x_wconf 86' lang='grc' dir='ltr'>τες,</span> <span class='ocrx_word' id='word_1_123' title='bbox 364 1899 413 1950; x_wconf 88' lang='grc' dir='ltr'><strong>οί</strong></span> <span class='ocrx_word' id='word_1_124' title='bbox 435 1901 855 1971; x_wconf 75' lang='grc' dir='ltr'>εῦακοήσαντες,</span> <span class='ocrx_word' id='word_1_125' title='bbox 885 1905 936 1956; x_wconf 73' lang='lat' dir='ltr'><strong>oi</strong></span> <span class='ocrx_word' id='word_1_126' title='bbox 964 1907 1430 1978; x_wconf 83' lang='grc' dir='ltr'>οίκοδομηθέντες,</span> <span class='ocrx_word' id='word_1_127' title='bbox 1453 1913 1504 1963; x_wconf 80' lang='grc' dir='ltr'>οἱ</span> <span class='ocrx_word' id='word_1_128' title='bbox 1540 1930 1801 1982; x_wconf 81' lang='grc' dir='ltr'>καταρτι-</span> <span class='ocrx_word' id='word_1_129' title='bbox 1831 1899 1874 1955; x_wconf 73' lang='grc' dir='ltr'><strong>Β</strong></span> 
     </span>
    </p>
   </div>
   <div class='ocr_carea' id='block_1_18' title="bbox 221 1989 1801 2071">
    <p class='ocr_par' dir='ltr' id='par_1_18' title="bbox 221 1989 1801 2071">
     <span class='ocr_line' id='line_1_18' title="bbox 221 1989 1801 2071; baseline 0.009 -29"><span class='ocrx_word' id='word_1_130' title='bbox 221 1989 464 2054; x_wconf 68' lang='grc' dir='ltr'>σθέντεςθ</span> <span class='ocrx_word' id='word_1_131' title='bbox 497 1993 619 2046; x_wconf 80' lang='grc' dir='ltr'>ἀντὶ</span> <span class='ocrx_word' id='word_1_132' title='bbox 670 1996 838 2065; x_wconf 83' lang='grc' dir='ltr'>τιμῆς</span> <span class='ocrx_word' id='word_1_133' title='bbox 884 1998 1131 2068; x_wconf 82' lang='grc' dir='ltr'>ἀτιμίαν,</span> <span class='ocrx_word' id='word_1_134' title='bbox 1191 2001 1314 2053; x_wconf 76' lang='grc' dir='ltr'>ἀντὶ</span> <span class='ocrx_word' id='word_1_135' title='bbox 1367 2003 1618 2071; x_wconf 85' lang='grc' dir='ltr'>εὐλογίας</span> <span class='ocrx_word' id='word_1_136' title='bbox 1669 2022 1801 2058; x_wconf 82' lang='grc' dir='ltr'>κατ-</span> 
     </span>
    </p>
   </div>
   <div class='ocr_carea' id='block_1_19' title="bbox 221 2082 1802 2164">
    <p class='ocr_par' dir='ltr' id='par_1_19' title="bbox 221 2082 1802 2164">
     <span class='ocr_line' id='line_1_19' title="bbox 221 2082 1802 2164; baseline 0.009 -31"><span class='ocrx_word' id='word_1_137' title='bbox 221 2082 390 2148; x_wconf 86' lang='grc' dir='ltr'>άραν,</span> <span class='ocrx_word' id='word_1_138' title='bbox 422 2084 546 2136; x_wconf 84' lang='grc' dir='ltr'>ἀντὶ</span> <span class='ocrx_word' id='word_1_139' title='bbox 574 2084 765 2156; x_wconf 83' lang='grc' dir='ltr'>δώρων</span> <span class='ocrx_word' id='word_1_140' title='bbox 788 2087 999 2153; x_wconf 81' lang='grc' dir='ltr'>ποινὰς,</span> <span class='ocrx_word' id='word_1_141' title='bbox 1035 2091 1156 2141; x_wconf 74' lang='grc' dir='ltr'>ἀντὶ</span> <span class='ocrx_word' id='word_1_142' title='bbox 1200 2090 1620 2164; x_wconf 81' lang='grc' dir='ltr'>ἀναπαυστικῆς</span> <span class='ocrx_word' id='word_1_143' title='bbox 1655 2093 1802 2164; x_wconf 78' lang='grc' dir='ltr'>ζωῆς</span> 
     </span>
    </p>
   </div>
   <div class='ocr_carea' id='block_1_20' title="bbox 218 2174 1801 2257">
    <p class='ocr_par' dir='ltr' id='par_1_20' title="bbox 218 2174 1801 2257">
     <span class='ocr_line' id='line_1_20' title="bbox 218 2174 1801 2257; baseline 0.009 -30"><span class='ocrx_word' id='word_1_144' title='bbox 218 2174 314 2227; x_wconf 74' lang='grc' dir='ltr'><strong>τὸν</strong></span> <span class='ocrx_word' id='word_1_145' title='bbox 346 2177 672 2246; x_wconf 76' lang='grc' dir='ltr'>πικρότατον</span> <span class='ocrx_word' id='word_1_146' title='bbox 700 2181 862 2251; x_wconf 80' lang='grc' dir='ltr'>μόρον</span> <span class='ocrx_word' id='word_1_147' title='bbox 884 2182 1016 2251; x_wconf 74' lang='grc'><strong>(40).</strong></span> <span class='ocrx_word' id='word_1_148' title='bbox 1049 2184 1219 2236; x_wconf 73' lang='grc' dir='ltr'>Φασὶν</span> <span class='ocrx_word' id='word_1_149' title='bbox 1248 2188 1358 2256; x_wconf 70' lang='grc' dir='ltr'><strong>γὰρ</strong></span> <span class='ocrx_word' id='word_1_150' title='bbox 1386 2188 1548 2240; x_wconf 75' lang='grc' dir='ltr'>αὑτὸν</span> <span class='ocrx_word' id='word_1_151' title='bbox 1576 2191 1711 2257; x_wconf 73' lang='grc' dir='ltr'>μετὰ</span> <span class='ocrx_word' id='word_1_152' title='bbox 1740 2192 1801 2242; x_wconf 79' lang='grc' dir='ltr'>τὸ</span> 
     </span>
    </p>
   </div>
   <div class='ocr_carea' id='block_1_21' title="bbox 221 2265 1799 2350">
    <p class='ocr_par' dir='ltr' id='par_1_21' title="bbox 221 2265 1799 2350">
     <span class='ocr_line' id='line_1_21' title="bbox 221 2265 1799 2350; baseline 0.01 -31"><span class='ocrx_word' id='word_1_153' title='bbox 221 2265 427 2330; x_wconf 83' lang='grc' dir='ltr'>πολλὰς</span> <span class='ocrx_word' id='word_1_154' title='bbox 461 2269 557 2321; x_wconf 79' lang='grc' dir='ltr'>καὶ</span> <span class='ocrx_word' id='word_1_155' title='bbox 585 2271 917 2339; x_wconf 80' lang='grc' dir='ltr'>ἀνηκέστους</span> <span class='ocrx_word' id='word_1_156' title='bbox 963 2274 1188 2328; x_wconf 83' lang='grc' dir='ltr'>ύποῑσαι</span> <span class='ocrx_word' id='word_1_157' title='bbox 1233 2276 1510 2341; x_wconf 84' lang='grc' dir='ltr'>κολάσεις,</span> <span class='ocrx_word' id='word_1_158' title='bbox 1544 2281 1799 2350; x_wconf 79' lang='grc' dir='ltr'>ὲκδεδάρ-</span> 
     </span>
    </p>
   </div>
   <div class='ocr_carea' id='block_1_22' title="bbox 223 2357 1801 2444">
    <p class='ocr_par' dir='ltr' id='par_1_22' title="bbox 223 2357 1801 2444">
     <span class='ocr_line' id='line_1_22' title="bbox 223 2357 1801 2444; baseline 0.01 -34"><span class='ocrx_word' id='word_1_159' title='bbox 223 2357 317 2411; x_wconf 86' lang='grc' dir='ltr'><strong>θαι</strong></span> <span class='ocrx_word' id='word_1_160' title='bbox 345 2359 450 2412; x_wconf 74' lang='grc' dir='ltr'>ὑπὸ</span> <span class='ocrx_word' id='word_1_161' title='bbox 483 2362 592 2414; x_wconf 88' lang='grc' dir='ltr'><strong>τῶν</strong></span> <span class='ocrx_word' id='word_1_162' title='bbox 625 2357 840 2415; x_wconf 74' lang='grc' dir='ltr'>ἀσεϐῶν</span> <span class='ocrx_word' id='word_1_163' title='bbox 875 2365 952 2426; x_wconf 88' lang='grc' dir='ltr'><strong>είς</strong></span> <span class='ocrx_word' id='word_1_164' title='bbox 991 2365 1224 2431; x_wconf 84' lang='grc' dir='ltr'>θύλακος</span> <span class='ocrx_word' id='word_1_165' title='bbox 1252 2366 1413 2434; x_wconf 73' lang='grc' dir='ltr'>εἶδοςο</span> <span class='ocrx_word' id='word_1_166' title='bbox 1441 2367 1542 2424; x_wconf 75' lang='grc' dir='ltr'>εἷθ’</span> <span class='ocrx_word' id='word_1_167' title='bbox 1571 2371 1801 2444; x_wconf 73' lang='grc' dir='ltr'>ὕστερον</span> 
     </span>
    </p>
   </div>
   <div class='ocr_carea' id='block_1_23' title="bbox 219 2451 1802 2535">
    <p class='ocr_par' dir='ltr' id='par_1_23' title="bbox 219 2451 1802 2535">
     <span class='ocr_line' id='line_1_23' title="bbox 219 2451 1802 2535; baseline 0.01 -32"><span class='ocrx_word' id='word_1_168' title='bbox 219 2451 330 2504; x_wconf 81' lang='grc' dir='ltr'><strong>ὑπὸ</strong></span> <span class='ocrx_word' id='word_1_169' title='bbox 383 2452 490 2506; x_wconf 88' lang='grc' dir='ltr'><strong>τῶν</strong></span> <span class='ocrx_word' id='word_1_170' title='bbox 535 2455 741 2508; x_wconf 85' lang='grc' dir='ltr'>πιστῶν</span> <span class='ocrx_word' id='word_1_171' title='bbox 764 2456 1049 2524; x_wconf 80' lang='grc' dir='ltr'>τετάφθαι·</span> <span class='ocrx_word' id='word_1_172' title='bbox 1089 2459 1175 2512; x_wconf 80' lang='grc' dir='ltr'><strong>ἵνα</strong></span> <span class='ocrx_word' id='word_1_173' title='bbox 1209 2462 1492 2515; x_wconf 89' lang='grc' dir='ltr'>κάνταῦθα</span> <span class='ocrx_word' id='word_1_174' title='bbox 1535 2466 1802 2535; x_wconf 81' lang='grc' dir='ltr'>πρύτανις</span> 
     </span>
    </p>
   </div>
   <div class='ocr_carea' id='block_1_24' title="bbox 218 2545 1800 2628">
    <p class='ocr_par' dir='ltr' id='par_1_24' title="bbox 218 2545 1800 2628">
     <span class='ocr_line' id='line_1_24' title="bbox 218 2545 1800 2628; baseline 0.009 -32"><span class='ocrx_word' id='word_1_175' title='bbox 218 2545 320 2596; x_wconf 82' lang='grc' dir='ltr'>καὶ</span> <span class='ocrx_word' id='word_1_176' title='bbox 347 2545 486 2614; x_wconf 86' lang='grc' dir='ltr'><strong>μετά</strong></span> <span class='ocrx_word' id='word_1_177' title='bbox 514 2547 720 2616; x_wconf 82' lang='grc' dir='ltr'>πότμον</span> <span class='ocrx_word' id='word_1_178' title='bbox 742 2548 934 2618; x_wconf 82' lang='grc' dir='ltr'>φανείη</span> <span class='ocrx_word' id='word_1_179' title='bbox 963 2552 990 2602; x_wconf 91' lang='grc' dir='ltr'>ὁ</span> <span class='ocrx_word' id='word_1_180' title='bbox 1019 2552 1191 2620; x_wconf 81' lang='grc' dir='ltr'>μέγας</span> <span class='ocrx_word' id='word_1_181' title='bbox 1221 2554 1315 2607; x_wconf 86' lang='grc' dir='ltr'><strong>τοῦ</strong></span> <span class='ocrx_word' id='word_1_182' title='bbox 1345 2557 1480 2609; x_wconf 84' lang='grc' dir='ltr'>Θεοῦ</span> <span class='ocrx_word' id='word_1_183' title='bbox 1510 2559 1705 2628; x_wconf 79' lang='grc' dir='ltr'>κήρυξ.</span> <span class='ocrx_word' id='word_1_184' title='bbox 1724 2560 1800 2611; x_wconf 75' lang='grc' dir='ltr'><strong>Οὐ</strong></span> 
     </span>
    </p>
   </div>
   <div class='ocr_carea' id='block_1_25' title="bbox 219 2636 1797 2714">
    <p class='ocr_par' dir='ltr' id='par_1_25' title="bbox 219 2636 1797 2714">
     <span class='ocr_line' id='line_1_25' title="bbox 219 2636 1797 2714; baseline 0.01 -27"><span class='ocrx_word' id='word_1_185' title='bbox 219 2636 331 2707; x_wconf 73' lang='grc' dir='ltr'><strong>γὰρ</strong></span> <span class='ocrx_word' id='word_1_186' title='bbox 351 2637 473 2690; x_wconf 74' lang='grc' dir='ltr'>ἐπεὶ</span> <span class='ocrx_word' id='word_1_187' title='bbox 498 2639 765 2708; x_wconf 80' lang='grc' dir='ltr'>μετῆλθεν</span> <span class='ocrx_word' id='word_1_188' title='bbox 788 2639 895 2693; x_wconf 87' lang='grc' dir='ltr'><strong>τῶν</strong></span> <span class='ocrx_word' id='word_1_189' title='bbox 916 2642 1066 2712; x_wconf 64' lang='grc' dir='ltr'>τῇδε,</span> <span class='ocrx_word' id='word_1_190' title='bbox 1093 2646 1287 2714; x_wconf 76' lang='grc' dir='ltr'>ἠμέλει</span> <span class='ocrx_word' id='word_1_191' title='bbox 1309 2648 1416 2701; x_wconf 91' lang='grc' dir='ltr'><strong>τῶν</strong></span> <span class='ocrx_word' id='word_1_192' title='bbox 1447 2650 1797 2713; x_wconf 83' lang='grc' dir='ltr'>κτεινάντων,</span> 
     </span>
    </p>
   </div>
   <div class='ocr_carea' id='block_1_26' title="bbox 219 2727 1802 2809">
    <p class='ocr_par' dir='ltr' id='par_1_26' title="bbox 219 2727 1802 2809">
     <span class='ocr_line' id='line_1_26' title="bbox 219 2727 1802 2809; baseline 0.009 -30"><span class='ocrx_word' id='word_1_193' title='bbox 219 2727 339 2780; x_wconf 81' lang='grc' dir='ltr'>ἀλλ’</span> <span class='ocrx_word' id='word_1_194' title='bbox 364 2728 438 2794; x_wconf 84' lang='grc' dir='ltr'>ὡς</span> <span class='ocrx_word' id='word_1_195' title='bbox 487 2731 690 2801; x_wconf 76' lang='grc' dir='ltr'>ποιμὴν</span> <span class='ocrx_word' id='word_1_196' title='bbox 731 2732 932 2800; x_wconf 85' lang='grc' dir='ltr'>ἀγαθὸς</span> <span class='ocrx_word' id='word_1_197' title='bbox 975 2735 1100 2788; x_wconf 82' lang='grc' dir='ltr'>ὅσον</span> <span class='ocrx_word' id='word_1_198' title='bbox 1136 2733 1204 2808; x_wconf 84' lang='grc' dir='ltr'>ἦν</span> <span class='ocrx_word' id='word_1_199' title='bbox 1241 2739 1459 2809; x_wconf 84' lang='grc' dir='ltr'>καιροῦ,</span> <span class='ocrx_word' id='word_1_200' title='bbox 1489 2741 1802 2806; x_wconf 82' lang='grc' dir='ltr'>ἐξεκαλεῖτο</span> 
     </span>
    </p>
   </div>
   <div class='ocr_carea' id='block_1_27' title="bbox 215 2821 1802 2904">
    <p class='ocr_par' dir='ltr' id='par_1_27' title="bbox 215 2821 1802 2904">
     <span class='ocr_line' id='line_1_27' title="bbox 215 2821 1802 2904; baseline 0.009 -33"><span class='ocrx_word' id='word_1_201' title='bbox 215 2823 343 2884; x_wconf 78' lang='grc' dir='ltr'>ταῖς</span> <span class='ocrx_word' id='word_1_202' title='bbox 391 2821 851 2893; x_wconf 88' lang='grc' dir='ltr'>θαυματουργίαις</span> <span class='ocrx_word' id='word_1_203' title='bbox 893 2827 1023 2889; x_wconf 70' lang='grc' dir='ltr'>τοὺς</span> <span class='ocrx_word' id='word_1_204' title='bbox 1067 2829 1588 2895; x_wconf 86' lang='grc' dir='ltr'>ἀπολισθαίνοντας,</span> <span class='ocrx_word' id='word_1_205' title='bbox 1632 2850 1802 2904; x_wconf 81' lang='grc' dir='ltr'>προσο</span> 
     </span>
    </p>
   </div>
   <div class='ocr_carea' id='block_1_28' title="bbox 217 2913 1802 2993">
    <p class='ocr_par' dir='ltr' id='par_1_28' title="bbox 217 2913 1802 2993">
     <span class='ocr_line' id='line_1_28' title="bbox 217 2913 1802 2993; baseline 0.006 -29"><span class='ocrx_word' id='word_1_206' title='bbox 217 2913 484 2981; x_wconf 79' lang='grc' dir='ltr'>ῳκειοῦτο</span> <span class='ocrx_word' id='word_1_207' title='bbox 531 2916 949 2985; x_wconf 84' lang='grc' dir='ltr'>τερατουργίαις</span> <span class='ocrx_word' id='word_1_208' title='bbox 989 2920 1114 2982; x_wconf 81' lang='grc' dir='ltr'>τοὺς</span> <span class='ocrx_word' id='word_1_209' title='bbox 1148 2921 1662 2992; x_wconf 58' lang='grc' dir='ltr'>ἀπεστραμμένους</span> <span class='ocrx_word' id='word_1_210' title='bbox 1703 2923 1802 2993; x_wconf 84' lang='grc' dir='ltr'><strong>τὴν</strong></span> 
     </span>
    </p>
   </div>
   <div class='ocr_carea' id='block_1_29' title="bbox 217 3003 1802 3085">
    <p class='ocr_par' dir='ltr' id='par_1_29' title="bbox 217 3003 1802 3085">
     <span class='ocr_line' id='line_1_29' title="bbox 217 3003 1802 3085; baseline 0.007 -29"><span class='ocrx_word' id='word_1_211' title='bbox 217 3003 282 3057; x_wconf 75' lang='grc' dir='ltr'><strong>δὲ</strong></span> <span class='ocrx_word' id='word_1_212' title='bbox 310 3005 668 3076; x_wconf 74' lang='grc' dir='ltr'>θηριὸτροπον</span> <span class='ocrx_word' id='word_1_213' title='bbox 690 3008 939 3080; x_wconf 86' lang='grc' dir='ltr'>γνώμην,</span> <span class='ocrx_word' id='word_1_214' title='bbox 964 3011 1062 3080; x_wconf 84' lang='grc' dir='ltr'>τὴν</span> <span class='ocrx_word' id='word_1_215' title='bbox 1091 3013 1408 3080; x_wconf 84' lang='grc' dir='ltr'>ἀμείλικτον</span> <span class='ocrx_word' id='word_1_216' title='bbox 1430 3014 1680 3085; x_wconf 81' lang='grc' dir='ltr'>καρδίαν,</span> <span class='ocrx_word' id='word_1_217' title='bbox 1712 3015 1802 3067; x_wconf 80' lang='grc' dir='ltr'>οῦ-</span> 
     </span>
    </p>
   </div>
   <div class='ocr_carea' id='block_1_30' title="bbox 221 3095 1802 3176">
    <p class='ocr_par' dir='ltr' id='par_1_30' title="bbox 221 3095 1802 3176">
     <span class='ocr_line' id='line_1_30' title="bbox 221 3095 1802 3176; baseline 0.008 -28"><span class='ocrx_word' id='word_1_218' title='bbox 221 3095 315 3150; x_wconf 82' lang='grc' dir='ltr'><strong>δὲν</strong></span> <span class='ocrx_word' id='word_1_219' title='bbox 351 3097 413 3150; x_wconf 77' lang='grc' dir='ltr'>τὸ</span> <span class='ocrx_word' id='word_1_220' title='bbox 459 3098 757 3162; x_wconf 90' lang='grc' dir='ltr'>ἀνακτοῦν,</span> <span class='ocrx_word' id='word_1_221' title='bbox 791 3102 942 3155; x_wconf 80' lang='grc' dir='ltr'>οὐδὲν</span> <span class='ocrx_word' id='word_1_222' title='bbox 998 3103 1056 3155; x_wconf 83' lang='grc' dir='ltr'><strong>τὸ</strong></span> <span class='ocrx_word' id='word_1_223' title='bbox 1101 3103 1465 3175; x_wconf 75' lang='grc' dir='ltr'>ἀνασυράζον,</span> <span class='ocrx_word' id='word_1_224' title='bbox 1515 3105 1675 3176; x_wconf 77' lang='grc' dir='ltr'>ἡνίκα</span> <span class='ocrx_word' id='word_1_225' title='bbox 1722 3108 1802 3170; x_wconf 77' lang='grc' dir='ltr'><strong>εἰς</strong></span> 
     </span>
    </p>
   </div>
   <div class='ocr_carea' id='block_1_31' title="bbox 219 3186 1155 3263">
    <p class='ocr_par' dir='ltr' id='par_1_31' title="bbox 219 3186 1155 3263">
     <span class='ocr_line' id='line_1_31' title="bbox 219 3186 1155 3263; baseline 0.007 -22"><span class='ocrx_word' id='word_1_226' title='bbox 219 3186 361 3258; x_wconf 81' lang='grc' dir='ltr'>βάθη</span> <span class='ocrx_word' id='word_1_227' title='bbox 397 3188 582 3243; x_wconf 84' lang='grc' dir='ltr'>κακῶν</span> <span class='ocrx_word' id='word_1_228' title='bbox 618 3191 704 3262; x_wconf 75' lang='grc' dir='ltr'><strong>εἴη</strong></span> <span class='ocrx_word' id='word_1_229' title='bbox 735 3194 1155 3263; x_wconf 83' lang='grc' dir='ltr'>ὲμπεπτωκυία.</span> 
     </span>
    </p>
   </div>
   <div class='ocr_carea' id='block_1_32' title="bbox 294 3279 1795 3360">
    <p class='ocr_par' dir='ltr' id='par_1_32' title="bbox 294 3279 1795 3360">
     <span class='ocr_line' id='line_1_32' title="bbox 294 3279 1795 3360; baseline 0.005 -25"><span class='ocrx_word' id='word_1_230' title='bbox 294 3279 372 3345; x_wconf 81' lang='grc' dir='ltr'><strong>ς’.</strong></span> <span class='ocrx_word' id='word_1_231' title='bbox 398 3280 467 3350; x_wconf 69' lang='grc' dir='ltr'><strong>ξΐί</strong></span> <span class='ocrx_word' id='word_1_232' title='bbox 520 3279 630 3352; x_wconf 83' lang='grc' dir='ltr'>γὰρ</span> <span class='ocrx_word' id='word_1_233' title='bbox 667 3282 736 3336; x_wconf 82' lang='grc' dir='ltr'>τὰ</span> <span class='ocrx_word' id='word_1_234' title='bbox 781 3283 952 3355; x_wconf 78' lang='grc' dir='ltr'><strong>ὲξῆς;</strong></span> <span class='ocrx_word' id='word_1_235' title='bbox 991 3284 1279 3353; x_wconf 86' lang='grc' dir='ltr'>μαίνονται</span> <span class='ocrx_word' id='word_1_236' title='bbox 1309 3287 1451 3342; x_wconf 85' lang='grc' dir='ltr'><strong>κατά</strong></span> <span class='ocrx_word' id='word_1_237' title='bbox 1498 3288 1596 3341; x_wconf 87' lang='grc' dir='ltr'><strong>τοῦ</strong></span> <span class='ocrx_word' id='word_1_238' title='bbox 1645 3290 1795 3360; x_wconf 78' lang='grc' dir='ltr'>ἱεροῦ</span> 
     </span>
    </p>
   </div>
   <div class='ocr_carea' id='block_1_33' title="bbox 218 3375 1798 3454">
    <p class='ocr_par' dir='ltr' id='par_1_33' title="bbox 218 3375 1798 3454">
     <span class='ocr_line' id='line_1_33' title="bbox 218 3375 1798 3454; baseline 0.004 -25"><span class='ocrx_word' id='word_1_239' title='bbox 218 3375 436 3430; x_wconf 71' lang='grc' dir='ltr'>ἐκείνου</span> <span class='ocrx_word' id='word_1_240' title='bbox 466 3376 726 3449; x_wconf 84' lang='grc' dir='ltr'>σώματος</span> <span class='ocrx_word' id='word_1_241' title='bbox 748 3396 762 3411; x_wconf 80' lang='grc' dir='ltr'><strong>ο</strong></span> <span class='ocrx_word' id='word_1_242' title='bbox 796 3379 1177 3451; x_wconf 89' lang='grc' dir='ltr'>θυμομαχοῦσι</span> <span class='ocrx_word' id='word_1_243' title='bbox 1209 3383 1351 3437; x_wconf 88' lang='grc' dir='ltr'><strong>κατά</strong></span> <span class='ocrx_word' id='word_1_244' title='bbox 1377 3383 1470 3436; x_wconf 84' lang='grc' dir='ltr'><strong>τοῦ</strong></span> <span class='ocrx_word' id='word_1_245' title='bbox 1499 3386 1798 3454; x_wconf 85' lang='grc' dir='ltr'>ίαματουρ-</span> 
     </span>
    </p>
   </div>
   <div class='ocr_carea' id='block_1_34' title="bbox 218 3468 1796 3546">
    <p class='ocr_par' dir='ltr' id='par_1_34' title="bbox 218 3468 1796 3546">
     <span class='ocr_line' id='line_1_34' title="bbox 218 3468 1796 3546; baseline 0.004 -25"><span class='ocrx_word' id='word_1_246' title='bbox 218 3468 449 3535; x_wconf 89' lang='grc' dir='ltr'>γοῦντος</span> <span class='ocrx_word' id='word_1_247' title='bbox 503 3469 812 3540; x_wconf 83' lang='grc' dir='ltr'>λάρνακος⁶</span> <span class='ocrx_word' id='word_1_248' title='bbox 840 3471 1266 3542; x_wconf 84' lang='grc' dir='ltr'>ἀποπέμπονται</span> <span class='ocrx_word' id='word_1_249' title='bbox 1323 3475 1386 3528; x_wconf 84' lang='grc' dir='ltr'><strong>τὸ</strong></span> <span class='ocrx_word' id='word_1_250' title='bbox 1445 3476 1686 3546; x_wconf 75' lang='grc' dir='ltr'>ἰατρεῖον</span> <span class='ocrx_word' id='word_1_251' title='bbox 1745 3474 1796 3527; x_wconf 76' lang='lat' dir='ltr'><strong>oi</strong></span> 
     </span>
    </p>
   </div>
   <div class='ocr_carea' id='block_1_35' title="bbox 219 3559 1796 3637">
    <p class='ocr_par' dir='ltr' id='par_1_35' title="bbox 219 3559 1796 3637">
     <span class='ocr_line' id='line_1_35' title="bbox 219 3559 1796 3637; baseline 0.004 -25"><span class='ocrx_word' id='word_1_252' title='bbox 219 3559 599 3626; x_wconf 79' lang='grc' dir='ltr'>ἀσθενοῦντες,</span> <span class='ocrx_word' id='word_1_253' title='bbox 623 3563 672 3616; x_wconf 87' lang='grc' dir='ltr'>οἱ</span> <span class='ocrx_word' id='word_1_254' title='bbox 706 3563 896 3631; x_wconf 77' lang='grc' dir='ltr'>τυφλοὶ</span> <span class='ocrx_word' id='word_1_255' title='bbox 932 3563 1026 3616; x_wconf 85' lang='grc' dir='ltr'><strong>τὸν</strong></span> <span class='ocrx_word' id='word_1_256' title='bbox 1054 3566 1414 3636; x_wconf 82' lang='grc' dir='ltr'>χειραγωγὸν,</span> <span class='ocrx_word' id='word_1_257' title='bbox 1447 3568 1497 3619; x_wconf 87' lang='grc' dir='ltr'><strong>οί</strong></span> <span class='ocrx_word' id='word_1_258' title='bbox 1567 3565 1796 3637; x_wconf 83' lang='grc' dir='ltr'>μυωπά-</span> 
     </span>
    </p>
   </div>
   <div class='ocr_carea' id='block_1_36' title="bbox 219 3650 1798 3730">
    <p class='ocr_par' dir='ltr' id='par_1_36' title="bbox 219 3650 1798 3730">
     <span class='ocr_line' id='line_1_36' title="bbox 219 3650 1798 3730; baseline 0.004 -25"><span class='ocrx_word' id='word_1_259' title='bbox 219 3650 407 3716; x_wconf 80' lang='grc' dir='ltr'>ζοντες</span> <span class='ocrx_word' id='word_1_260' title='bbox 438 3654 529 3708; x_wconf 74' lang='grc' dir='ltr'>τὸν</span> <span class='ocrx_word' id='word_1_261' title='bbox 561 3655 891 3725; x_wconf 79' lang='grc' dir='ltr'>φωτοδότην,</span> <span class='ocrx_word' id='word_1_262' title='bbox 919 3655 969 3708; x_wconf 78' lang='lat' dir='ltr'><strong>oi</strong></span> <span class='ocrx_word' id='word_1_263' title='bbox 992 3657 1360 3726; x_wconf 82' lang='grc' dir='ltr'>ναυαγοῦντες</span> <span class='ocrx_word' id='word_1_264' title='bbox 1398 3659 1492 3712; x_wconf 81' lang='grc' dir='ltr'>τὸν</span> <span class='ocrx_word' id='word_1_265' title='bbox 1524 3658 1798 3730; x_wconf 77' lang='grc' dir='ltr'>κυϐερνή-</span> 
     </span>
    </p>
   </div>
   <div class='ocr_carea' id='block_1_37' title="bbox 217 3743 1801 3814">
    <p class='ocr_par' dir='ltr' id='par_1_37' title="bbox 217 3743 1801 3814">
     <span class='ocr_line' id='line_1_37' title="bbox 217 3743 1801 3814; baseline 0.005 -19"><span class='ocrx_word' id='word_1_266' title='bbox 217 3759 345 3814; x_wconf 85' lang='grc' dir='ltr'>την,</span> <span class='ocrx_word' id='word_1_267' title='bbox 374 3745 423 3797; x_wconf 90' lang='grc' dir='ltr'>οἱ</span> <span class='ocrx_word' id='word_1_268' title='bbox 481 3743 872 3814; x_wconf 85' lang='grc' dir='ltr'>θανατούμενοι</span> <span class='ocrx_word' id='word_1_269' title='bbox 917 3746 1008 3798; x_wconf 90' lang='grc' dir='ltr'><strong>τὸν</strong></span> <span class='ocrx_word' id='word_1_270' title='bbox 1065 3747 1457 3812; x_wconf 80' lang='grc' dir='ltr'>ζωοποιοῦντα.</span> <span class='ocrx_word' id='word_1_271' title='bbox 1491 3751 1598 3802; x_wconf 77' lang='grc' dir='ltr'><strong>Καὶ</strong></span> <span class='ocrx_word' id='word_1_272' title='bbox 1639 3749 1801 3803; x_wconf 89' lang='grc' dir='ltr'>τοῦτο</span> 
     </span>
    </p>
   </div>
   <div class='ocr_carea' id='block_1_38' title="bbox 219 3833 1801 3910">
    <p class='ocr_par' dir='ltr' id='par_1_38' title="bbox 219 3833 1801 3910">
     <span class='ocr_line' id='line_1_38' title="bbox 219 3833 1801 3910; baseline 0.004 -25"><span class='ocrx_word' id='word_1_273' title='bbox 219 3833 371 3900; x_wconf 55' lang='lat' dir='ltr'><strong>enim;</strong></span> <span class='ocrx_word' id='word_1_274' title='bbox 400 3835 684 3905; x_wconf 81' lang='grc' dir='ltr'>ῥίπτουσιν</span> <span class='ocrx_word' id='word_1_275' title='bbox 741 3835 883 3889; x_wconf 88' lang='grc' dir='ltr'><strong>κατά</strong></span> <span class='ocrx_word' id='word_1_276' title='bbox 933 3837 1146 3906; x_wconf 85' lang='grc' dir='ltr'>πόντον,</span> <span class='ocrx_word' id='word_1_277' title='bbox 1174 3838 1251 3903; x_wconf 85' lang='grc' dir='ltr'>ὡς</span> <span class='ocrx_word' id='word_1_278' title='bbox 1314 3839 1381 3892; x_wconf 81' lang='grc' dir='ltr'><strong>ἀν</strong></span> <span class='ocrx_word' id='word_1_279' title='bbox 1414 3839 1487 3910; x_wconf 77' lang='grc' dir='ltr'>μὴ</span> <span class='ocrx_word' id='word_1_280' title='bbox 1530 3840 1614 3910; x_wconf 78' lang='grc' dir='ltr'>εἴη</span> <span class='ocrx_word' id='word_1_281' title='bbox 1659 3857 1744 3904; x_wconf 89' lang='grc' dir='ltr'><strong>τις</strong></span> <span class='ocrx_word' id='word_1_282' title='bbox 1771 3841 1801 3892; x_wconf 80' lang='grc' dir='ltr'>ὁ</span> 
     </span>
    </p>
   </div>
   <div class='ocr_carea' id='block_1_39' title="bbox 221 3927 1801 4003">
    <p class='ocr_par' dir='ltr' id='par_1_39' title="bbox 221 3927 1801 4003">
     <span class='ocr_line' id='line_1_39' title="bbox 221 3927 1801 4003; baseline 0.003 -24"><span class='ocrx_word' id='word_1_283' title='bbox 221 3927 361 3998; x_wconf 75' lang='grc' dir='ltr'>πρὸς</span> <span class='ocrx_word' id='word_1_284' title='bbox 429 3927 594 3980; x_wconf 79' lang='grc' dir='ltr'>αὑτοῦ</span> <span class='ocrx_word' id='word_1_285' title='bbox 659 3927 1203 4001; x_wconf 77' lang='grc' dir='ltr'>εὐεργετησόμενος’</span> <span class='ocrx_word' id='word_1_286' title='bbox 1263 3929 1474 3984; x_wconf 89' lang='grc' dir='ltr'>τοιοῦτο</span> <span class='ocrx_word' id='word_1_287' title='bbox 1529 3930 1638 4003; x_wconf 85' lang='grc' dir='ltr'>γὰρ</span> <span class='ocrx_word' id='word_1_288' title='bbox 1692 3931 1801 3984; x_wconf 89' lang='grc' dir='ltr'><strong>τῶν</strong></span> 
     </span>
    </p>
   </div>
   <div class='ocr_carea' id='block_1_40' title="bbox 223 4019 1800 4094">
    <p class='ocr_par' dir='ltr' id='par_1_40' title="bbox 223 4019 1800 4094">
     <span class='ocr_line' id='line_1_40' title="bbox 223 4019 1800 4094; baseline 0.003 -22"><span class='ocrx_word' id='word_1_289' title='bbox 223 4019 629 4088; x_wconf 81' lang='grc' dir='ltr'>βασκαινόντων</span> <span class='ocrx_word' id='word_1_290' title='bbox 659 4019 720 4072; x_wconf 83' lang='grc' dir='ltr'><strong>τὸ</strong></span> <span class='ocrx_word' id='word_1_291' title='bbox 755 4022 948 4088; x_wconf 88' lang='grc' dir='ltr'>πάθος,</span> <span class='ocrx_word' id='word_1_292' title='bbox 988 4022 1129 4093; x_wconf 77' lang='grc' dir='ltr'>μηδὲ</span> <span class='ocrx_word' id='word_1_293' title='bbox 1175 4023 1274 4094; x_wconf 74' lang='grc' dir='ltr'><strong>τὴν</strong></span> <span class='ocrx_word' id='word_1_294' title='bbox 1325 4022 1634 4076; x_wconf 76' lang='grc' dir='ltr'>ἐθελούσιον</span> <span class='ocrx_word' id='word_1_295' title='bbox 1690 4025 1800 4078; x_wconf 86' lang='grc' dir='ltr'>ἀπ-</span> 
     </span>
    </p>
   </div>
   <div class='ocr_carea' id='block_1_41' title="bbox 221 4110 1797 4188">
    <p class='ocr_par' dir='ltr' id='par_1_41' title="bbox 221 4110 1797 4188">
     <span class='ocr_line' id='line_1_41' title="bbox 221 4110 1797 4188; baseline 0.004 -24"><span class='ocrx_word' id='word_1_296' title='bbox 221 4110 442 4176; x_wconf 84' lang='grc' dir='ltr'>ώλειαν,</span> <span class='ocrx_word' id='word_1_297' title='bbox 475 4111 748 4181; x_wconf 83' lang='grc' dir='ltr'>σωτηρίαν</span> <span class='ocrx_word' id='word_1_298' title='bbox 780 4115 984 4184; x_wconf 79' lang='grc' dir='ltr'>ἐτέρων</span> <span class='ocrx_word' id='word_1_299' title='bbox 1021 4115 1367 4184; x_wconf 80' lang='grc' dir='ltr'>ἀνεχομένων</span> <span class='ocrx_word' id='word_1_300' title='bbox 1384 4115 1639 4182; x_wconf 84' lang='grc' dir='ltr'>γενέσθαι</span> <span class='ocrx_word' id='word_1_301' title='bbox 1663 4117 1797 4188; x_wconf 72' lang='grc'><strong>(41).</strong></span> 
     </span>
    </p>
   </div>
   <div class='ocr_carea' id='block_1_42' title="bbox 305 4202 1796 4276">
    <p class='ocr_par' dir='ltr' id='par_1_42' title="bbox 305 4202 1796 4276">
     <span class='ocr_line' id='line_1_42' title="bbox 305 4202 1796 4276; baseline 0.001 -20"><span class='ocrx_word' id='word_1_302' title='bbox 305 4202 444 4256; x_wconf 80' lang='grc' dir='ltr'>Ἀλλ’</span> <span class='ocrx_word' id='word_1_303' title='bbox 465 4204 495 4256; x_wconf 82' lang='grc' dir='ltr'>ὁ</span> <span class='ocrx_word' id='word_1_304' title='bbox 539 4202 625 4256; x_wconf 81' lang='grc' dir='ltr'><strong>διὰ</strong></span> <span class='ocrx_word' id='word_1_305' title='bbox 657 4203 820 4257; x_wconf 75' lang='grc' dir='ltr'><strong>Δαὸὶδ</strong></span> <span class='ocrx_word' id='word_1_306' title='bbox 851 4204 1134 4275; x_wconf 75' lang='grc' dir='ltr'>πόρρωθεν</span> <span class='ocrx_word' id='word_1_307' title='bbox 1160 4205 1550 4276; x_wconf 81' lang='grc' dir='ltr'>ἀναφωνήσας·</span> <span class='ocrx_word' id='word_1_308' title='bbox 1589 4207 1688 4260; x_wconf 81' lang='grc' dir='ltr'><strong>Ἑν</strong></span> <span class='ocrx_word' id='word_1_309' title='bbox 1722 4204 1796 4274; x_wconf 78' lang='grc' dir='ltr'>τῇ</span> 
     </span>
    </p>
   </div>
   <div class='ocr_carea' id='block_1_43' title="bbox 221 4294 1800 4366">
    <p class='ocr_par' dir='ltr' id='par_1_43' title="bbox 221 4294 1800 4366">
     <span class='ocr_line' id='line_1_43' title="bbox 221 4294 1800 4366; baseline 0.001 -18"><span class='ocrx_word' id='word_1_310' title='bbox 221 4294 508 4364; x_wconf 76' lang='grc' dir='ltr'>θαλάσσῃ</span> <span class='ocrx_word' id='word_1_311' title='bbox 533 4297 592 4348; x_wconf 82' lang='lat' dir='ltr'><strong>al</strong></span> <span class='ocrx_word' id='word_1_312' title='bbox 620 4296 751 4350; x_wconf 80' lang='grc' dir='ltr'>ὁδοί</span> <span class='ocrx_word' id='word_1_313' title='bbox 778 4311 914 4362; x_wconf 87' lang='grc' dir='ltr'>σου,</span> <span class='ocrx_word' id='word_1_314' title='bbox 944 4295 1042 4349; x_wconf 78' lang='grc' dir='ltr'><strong>καί</strong></span> <span class='ocrx_word' id='word_1_315' title='bbox 1064 4297 1125 4350; x_wconf 78' lang='lat' dir='ltr'><strong>al</strong></span> <span class='ocrx_word' id='word_1_316' title='bbox 1155 4297 1338 4366; x_wconf 80' lang='grc' dir='ltr'>τρίϐοι</span> <span class='ocrx_word' id='word_1_317' title='bbox 1373 4313 1491 4352; x_wconf 84' lang='grc' dir='ltr'><strong>σου</strong></span> <span class='ocrx_word' id='word_1_318' title='bbox 1520 4298 1589 4352; x_wconf 78' lang='grc' dir='ltr'><strong>ἐν</strong></span> <span class='ocrx_word' id='word_1_319' title='bbox 1617 4297 1800 4352; x_wconf 82' lang='grc' dir='ltr'>ὕδασι</span> 
     </span>
    </p>
   </div>
   <div class='ocr_carea' id='block_1_44' title="bbox 223 4388 1797 4458">
    <p class='ocr_par' dir='ltr' id='par_1_44' title="bbox 223 4388 1797 4458">
     <span class='ocr_line' id='line_1_44' title="bbox 223 4388 1797 4458; baseline 0 -16"><span class='ocrx_word' id='word_1_320' title='bbox 223 4388 494 4453; x_wconf 74' lang='grc' dir='ltr'>πολλοῖς,</span> <span class='ocrx_word' id='word_1_321' title='bbox 511 4388 607 4441; x_wconf 80' lang='grc' dir='ltr'><strong>καί</strong></span> <span class='ocrx_word' id='word_1_322' title='bbox 635 4389 705 4442; x_wconf 85' lang='grc' dir='ltr'>τὰ</span> <span class='ocrx_word' id='word_1_323' title='bbox 732 4389 872 4457; x_wconf 73' lang='grc' dir='ltr'><strong>ἴχνη</strong></span> <span class='ocrx_word' id='word_1_324' title='bbox 911 4405 1027 4443; x_wconf 91' lang='grc' dir='ltr'><strong>σου</strong></span> <span class='ocrx_word' id='word_1_325' title='bbox 1052 4391 1124 4443; x_wconf 87' lang='grc' dir='ltr'>οὐ</span> <span class='ocrx_word' id='word_1_326' title='bbox 1146 4390 1602 4458; x_wconf 76' lang='grc' dir='ltr'>γνωσθήσονται</span> <span class='ocrx_word' id='word_1_327' title='bbox 1627 4409 1640 4422; x_wconf 71' lang='grc' dir='ltr'><em>υ</em></span> <span class='ocrx_word' id='word_1_328' title='bbox 1665 4391 1797 4444; x_wconf 62' lang='grc' dir='ltr'>κάν.</span> 
     </span>
    </p>
   </div>
   <div class='ocr_carea' id='block_1_45' title="bbox 225 4479 1796 4554">
    <p class='ocr_par' dir='ltr' id='par_1_45' title="bbox 225 4479 1796 4554">
     <span class='ocr_line' id='line_1_45' title="bbox 225 4479 1796 4554; baseline 0.003 -22"><span class='ocrx_word' id='word_1_329' title='bbox 225 4479 400 4533; x_wconf 85' lang='grc' dir='ltr'>ταῦθα</span> <span class='ocrx_word' id='word_1_330' title='bbox 423 4479 522 4551; x_wconf 75' lang='grc' dir='ltr'>τὴν</span> <span class='ocrx_word' id='word_1_331' title='bbox 548 4479 723 4550; x_wconf 83' lang='grc' dir='ltr'>ὑγρὰν</span> <span class='ocrx_word' id='word_1_332' title='bbox 755 4480 924 4550; x_wconf 83' lang='grc' dir='ltr'>βατὴν</span> <span class='ocrx_word' id='word_1_333' title='bbox 955 4483 1022 4552; x_wconf 81' lang='grc' dir='ltr'>τῇ</span> <span class='ocrx_word' id='word_1_334' title='bbox 1072 4480 1304 4554; x_wconf 85' lang='grc' dir='ltr'>λάρνακι</span> <span class='ocrx_word' id='word_1_335' title='bbox 1337 4481 1755 4553; x_wconf 81' lang='grc' dir='ltr'>παρεσκεύασεν</span> <span class='ocrx_word' id='word_1_336' title='bbox 1782 4499 1796 4513; x_wconf 77' lang='grc' dir='ltr'><strong>ο</strong></span> 
     </span>
    </p>
   </div>
   <div class='ocr_carea' id='block_1_46' title="bbox 997 415 2704 499">
    <p class='ocr_par' dir='ltr' id='par_1_46' title="bbox 997 415 2704 499">
     <span class='ocr_line' id='line_1_46' title="bbox 997 415 2704 499; baseline 0.015 -25"><span class='ocrx_word' id='word_1_337' title='bbox 997 415 1276 477; x_wconf 79' lang='lat' dir='ltr'><strong>ORATIO</strong></span> <span class='ocrx_word' id='word_1_338' title='bbox 1312 420 1390 479; x_wconf 85' lang='lat' dir='ltr'><strong>X.</strong></span> <span class='ocrx_word' id='word_1_339' title='bbox 1420 446 1490 455; x_wconf 91' lang='lat'><strong><em>—</em></strong></span> <span class='ocrx_word' id='word_1_340' title='bbox 1531 423 1633 483; x_wconf 83' lang='grc' dir='ltr'><strong>ΙΝ.</strong></span> <span class='ocrx_word' id='word_1_341' title='bbox 1667 425 1728 485; x_wconf 93' lang='lat' dir='ltr'><strong>S.</strong></span> <span class='ocrx_word' id='word_1_342' title='bbox 1772 427 2419 496; x_wconf 76' lang='lat' dir='ltr'><strong>BARTHOLOM/EUM</strong></span> <span class='ocrx_word' id='word_1_343' title='bbox 2452 438 2704 499; x_wconf 85' lang='lat' dir='ltr'><strong>APOST.</strong></span> 
     </span>
    </p>
   </div>
   <div class='ocr_carea' id='block_1_47' title="bbox 3381 443 3483 508">
    <p class='ocr_par' dir='ltr' id='par_1_47' title="bbox 3381 443 3483 508">
     <span class='ocr_line' id='line_1_47' title="bbox 3381 443 3483 508; baseline 0.039 -4"><span class='ocrx_word' id='word_1_344' title='bbox 3381 443 3483 508; x_wconf 74' lang='lat'><strong>798</strong></span> 
     </span>
    </p>
   </div>
   <div class='ocr_carea' id='block_1_48' title="bbox 1839 548 3482 630">
    <p class='ocr_par' dir='ltr' id='par_1_48' title="bbox 1839 548 3482 630">
     <span class='ocr_line' id='line_1_48' title="bbox 1839 548 3482 630; baseline 0.007 -28"><span class='ocrx_word' id='word_1_345' title='bbox 1839 548 1880 602; x_wconf 78' lang='grc' dir='ltr'>Α</span> <span class='ocrx_word' id='word_1_346' title='bbox 1911 548 2239 613; x_wconf 86' lang='lat' dir='ltr'><strong>apostoli,ut</strong></span> <span class='ocrx_word' id='word_1_347' title='bbox 2266 551 2334 604; x_wconf 89' lang='lat' dir='ltr'><strong>ita</strong></span> <span class='ocrx_word' id='word_1_348' title='bbox 2352 550 2784 622; x_wconf 79' lang='lat' dir='ltr'><strong>dicam,frugum</strong></span> <span class='ocrx_word' id='word_1_349' title='bbox 2802 555 3076 625; x_wconf 78' lang='lat' dir='ltr'><strong>primitiae,</strong></span> <span class='ocrx_word' id='word_1_350' title='bbox 3113 567 3190 612; x_wconf 84' lang='lat' dir='ltr'><strong>tot</strong></span> <span class='ocrx_word' id='word_1_351' title='bbox 3225 567 3482 630; x_wconf 90' lang='lat' dir='ltr'><strong>tantaque</strong></span> 
     </span>
    </p>
   </div>
   <div class='ocr_carea' id='block_1_49' title="bbox 1909 640 3482 717">
    <p class='ocr_par' dir='ltr' id='par_1_49' title="bbox 1909 640 3482 717">
     <span class='ocr_line' id='line_1_49' title="bbox 1909 640 3482 717; baseline 0.008 -26"><span class='ocrx_word' id='word_1_352' title='bbox 1909 640 2233 698; x_wconf 78' lang='lat' dir='ltr'><strong>certamina.</strong></span> <span class='ocrx_word' id='word_1_353' title='bbox 2264 641 2512 706; x_wconf 85' lang='lat' dir='ltr'><strong>sudores,</strong></span> <span class='ocrx_word' id='word_1_354' title='bbox 2553 644 2799 700; x_wconf 82' lang='lat' dir='ltr'><strong>labores:</strong></span> <span class='ocrx_word' id='word_1_355' title='bbox 2828 655 2883 701; x_wconf 91' lang='lat' dir='ltr'><strong>et</strong></span> <span class='ocrx_word' id='word_1_356' title='bbox 2915 648 3134 717; x_wconf 91' lang='lat' dir='ltr'><strong>quidem</strong></span> <span class='ocrx_word' id='word_1_357' title='bbox 3169 649 3222 704; x_wconf 87' lang='lat' dir='ltr'><strong>in</strong></span> <span class='ocrx_word' id='word_1_358' title='bbox 3260 649 3403 706; x_wconf 91' lang='lat' dir='ltr'><strong>fame</strong></span> <span class='ocrx_word' id='word_1_359' title='bbox 3427 661 3482 706; x_wconf 91' lang='lat' dir='ltr'><strong>et</strong></span> 
     </span>
    </p>
   </div>
   <div class='ocr_carea' id='block_1_50' title="bbox 1908 732 3478 803">
    <p class='ocr_par' dir='ltr' id='par_1_50' title="bbox 1908 732 3478 803">
     <span class='ocr_line' id='line_1_50' title="bbox 1908 732 3478 803; baseline 0.006 -17"><span class='ocrx_word' id='word_1_360' title='bbox 1908 732 2030 794; x_wconf 93' lang='lat' dir='ltr'><strong>siti,</strong></span> <span class='ocrx_word' id='word_1_361' title='bbox 2069 732 2122 786; x_wconf 90' lang='lat' dir='ltr'><strong>in</strong></span> <span class='ocrx_word' id='word_1_362' title='bbox 2165 732 2363 803; x_wconf 81' lang='lat' dir='ltr'><strong>frigore</strong></span> <span class='ocrx_word' id='word_1_363' title='bbox 2388 745 2441 788; x_wconf 88' lang='lat' dir='ltr'><strong>et</strong></span> <span class='ocrx_word' id='word_1_364' title='bbox 2470 737 2712 792; x_wconf 89' lang='lat' dir='ltr'><strong>nuditate</strong></span> <span class='ocrx_word' id='word_1_365' title='bbox 2739 777 2753 800; x_wconf 92' lang='lat'><strong>,</strong></span> <span class='ocrx_word' id='word_1_366' title='bbox 2794 739 2847 792; x_wconf 90' lang='lat' dir='ltr'><strong>in</strong></span> <span class='ocrx_word' id='word_1_367' title='bbox 2880 741 3227 797; x_wconf 74' lang='lat' dir='ltr'><strong>contumeliis</strong></span> <span class='ocrx_word' id='word_1_368' title='bbox 3261 751 3315 796; x_wconf 93' lang='lat' dir='ltr'><strong>et</strong></span> <span class='ocrx_word' id='word_1_369' title='bbox 3344 757 3478 797; x_wconf 83' lang='lat' dir='ltr'><strong>con-</strong></span> 
     </span>
    </p>
   </div>
   <div class='ocr_carea' id='block_1_51' title="bbox 1909 825 3480 902">
    <p class='ocr_par' dir='ltr' id='par_1_51' title="bbox 1909 825 3480 902">
     <span class='ocr_line' id='line_1_51' title="bbox 1909 825 3480 902; baseline 0.01 -28"><span class='ocrx_word' id='word_1_370' title='bbox 1909 825 2094 887; x_wconf 82' lang='lat' dir='ltr'><strong>viciis,</strong></span> <span class='ocrx_word' id='word_1_371' title='bbox 2123 825 2175 878; x_wconf 89' lang='lat' dir='ltr'><strong>in</strong></span> <span class='ocrx_word' id='word_1_372' title='bbox 2213 826 2522 882; x_wconf 86' lang='lat' dir='ltr'><strong>carceribus</strong></span> <span class='ocrx_word' id='word_1_373' title='bbox 2553 837 2607 882; x_wconf 91' lang='lat' dir='ltr'><strong>et</strong></span> <span class='ocrx_word' id='word_1_374' title='bbox 2637 828 2890 893; x_wconf 88' lang='lat' dir='ltr'><strong>vinculis,</strong></span> <span class='ocrx_word' id='word_1_375' title='bbox 2923 830 2976 884; x_wconf 91' lang='lat' dir='ltr'><strong>in</strong></span> <span class='ocrx_word' id='word_1_376' title='bbox 3003 832 3480 902; x_wconf 85' lang='lat' dir='ltr'><strong>persecutionibus</strong></span> 
     </span>
    </p>
   </div>
   <div class='ocr_carea' id='block_1_52' title="bbox 1905 917 3476 988">
    <p class='ocr_par' dir='ltr' id='par_1_52' title="bbox 1905 917 3476 988">
     <span class='ocr_line' id='line_1_52' title="bbox 1905 917 3476 988; baseline 0.004 -16"><span class='ocrx_word' id='word_1_377' title='bbox 1905 927 1960 972; x_wconf 89' lang='lat' dir='ltr'><strong>et</strong></span> <span class='ocrx_word' id='word_1_378' title='bbox 1998 917 2422 972; x_wconf 87' lang='lat' dir='ltr'><strong>abductionibus</strong></span> <span class='ocrx_word' id='word_1_379' title='bbox 2456 919 2522 973; x_wconf 92' lang='lat' dir='ltr'><strong>de</strong></span> <span class='ocrx_word' id='word_1_380' title='bbox 2563 919 2685 976; x_wconf 92' lang='lat' dir='ltr'><strong>loco</strong></span> <span class='ocrx_word' id='word_1_381' title='bbox 2717 921 2767 974; x_wconf 92' lang='lat' dir='ltr'><strong>in</strong></span> <span class='ocrx_word' id='word_1_382' title='bbox 2809 921 2986 976; x_wconf 91' lang='lat' dir='ltr'><strong>locum</strong></span> <span class='ocrx_word' id='word_1_383' title='bbox 3011 963 3026 988; x_wconf 87' lang='lat'><strong>,</strong></span> <span class='ocrx_word' id='word_1_384' title='bbox 3058 923 3124 977; x_wconf 89' lang='lat' dir='ltr'><strong>de</strong></span> <span class='ocrx_word' id='word_1_385' title='bbox 3150 925 3369 979; x_wconf 90' lang='lat' dir='ltr'><strong>civitate</strong></span> <span class='ocrx_word' id='word_1_386' title='bbox 3421 924 3476 979; x_wconf 88' lang='lat' dir='ltr'><strong>in</strong></span> 
     </span>
    </p>
   </div>
   <div class='ocr_carea' id='block_1_53' title="bbox 1906 1008 3478 1079">
    <p class='ocr_par' dir='ltr' id='par_1_53' title="bbox 1906 1008 3478 1079">
     <span class='ocr_line' id='line_1_53' title="bbox 1906 1008 3478 1079; baseline 0.004 -16"><span class='ocrx_word' id='word_1_387' title='bbox 1906 1008 2176 1064; x_wconf 85' lang='lat' dir='ltr'><strong>civitatem</strong></span> <span class='ocrx_word' id='word_1_388' title='bbox 2197 1051 2212 1074; x_wconf 91' lang='lat'><strong>,</strong></span> <span class='ocrx_word' id='word_1_389' title='bbox 2269 1010 2334 1064; x_wconf 88' lang='lat' dir='ltr'><strong>de</strong></span> <span class='ocrx_word' id='word_1_390' title='bbox 2363 1010 2573 1066; x_wconf 92' lang='lat' dir='ltr'><strong>theatro</strong></span> <span class='ocrx_word' id='word_1_391' title='bbox 2596 1012 2648 1066; x_wconf 90' lang='lat' dir='ltr'><strong>in</strong></span> <span class='ocrx_word' id='word_1_392' title='bbox 2677 1012 2944 1067; x_wconf 92' lang='lat' dir='ltr'><strong>theatrum</strong></span> <span class='ocrx_word' id='word_1_393' title='bbox 2973 1054 2987 1079; x_wconf 94' lang='lat'><strong>,</strong></span> <span class='ocrx_word' id='word_1_394' title='bbox 3016 1015 3070 1068; x_wconf 93' lang='lat' dir='ltr'><strong>in</strong></span> <span class='ocrx_word' id='word_1_395' title='bbox 3104 1015 3390 1070; x_wconf 86' lang='lat' dir='ltr'><strong>tormentis</strong></span> <span class='ocrx_word' id='word_1_396' title='bbox 3423 1028 3478 1069; x_wconf 90' lang='lat' dir='ltr'><strong>et</strong></span> 
     </span>
    </p>
   </div>
   <div class='ocr_carea' id='block_1_54' title="bbox 1905 1100 3480 1178">
    <p class='ocr_par' dir='ltr' id='par_1_54' title="bbox 1905 1100 3480 1178">
     <span class='ocr_line' id='line_1_54' title="bbox 1905 1100 3480 1178; baseline 0.004 -22"><span class='ocrx_word' id='word_1_397' title='bbox 1905 1100 2237 1156; x_wconf 82' lang='lat' dir='ltr'><strong>cruciatibus</strong></span> <span class='ocrx_word' id='word_1_398' title='bbox 2263 1142 2278 1164; x_wconf 89' lang='lat'><strong>,</strong></span> <span class='ocrx_word' id='word_1_399' title='bbox 2327 1102 2378 1155; x_wconf 91' lang='lat' dir='ltr'><strong>in</strong></span> <span class='ocrx_word' id='word_1_400' title='bbox 2426 1104 2570 1158; x_wconf 76' lang='lat' dir='ltr'><strong>czede</strong></span> <span class='ocrx_word' id='word_1_401' title='bbox 2603 1103 2838 1173; x_wconf 85' lang='lat' dir='ltr'><strong>denique</strong></span> <span class='ocrx_word' id='word_1_402' title='bbox 2869 1114 2923 1160; x_wconf 92' lang='lat' dir='ltr'><strong>et</strong></span> <span class='ocrx_word' id='word_1_403' title='bbox 2955 1106 3150 1175; x_wconf 85' lang='lat' dir='ltr'><strong>gladio.</strong></span> <span class='ocrx_word' id='word_1_404' title='bbox 3209 1106 3250 1161; x_wconf 82' lang='lat' dir='ltr'><strong>A</strong></span> <span class='ocrx_word' id='word_1_405' title='bbox 3282 1108 3480 1178; x_wconf 86' lang='lat' dir='ltr'><strong>quibus</strong></span> 
     </span>
    </p>
   </div>
   <div class='ocr_carea' id='block_1_55' title="bbox 1903 1191 3478 1266">
    <p class='ocr_par' dir='ltr' id='par_1_55' title="bbox 1903 1191 3478 1266">
     <span class='ocr_line' id='line_1_55' title="bbox 1903 1191 3478 1266; baseline 0.003 -19"><span class='ocrx_word' id='word_1_406' title='bbox 1903 1191 2047 1247; x_wconf 88' lang='lat' dir='ltr'><strong>enim</strong></span> <span class='ocrx_word' id='word_1_407' title='bbox 2075 1193 2359 1261; x_wconf 84' lang='lat' dir='ltr'><strong>oportebat</strong></span> <span class='ocrx_word' id='word_1_408' title='bbox 2382 1196 2722 1249; x_wconf 89' lang='lat' dir='ltr'><strong>remunerari</strong></span> <span class='ocrx_word' id='word_1_409' title='bbox 2751 1197 3093 1266; x_wconf 83' lang='lat' dir='ltr'><strong>magistrum,</strong></span> <span class='ocrx_word' id='word_1_410' title='bbox 3119 1208 3478 1263; x_wconf 85' lang='lat' dir='ltr'><strong>servatorem,</strong></span> 
     </span>
    </p>
   </div>
   <div class='ocr_carea' id='block_1_56' title="bbox 1905 1283 3476 1358">
    <p class='ocr_par' dir='ltr' id='par_1_56' title="bbox 1905 1283 3476 1358">
     <span class='ocr_line' id='line_1_56' title="bbox 1905 1283 3476 1358; baseline 0.003 -20"><span class='ocrx_word' id='word_1_411' title='bbox 1905 1284 2212 1344; x_wconf 90' lang='lat' dir='ltr'><strong>medicum,</strong></span> <span class='ocrx_word' id='word_1_412' title='bbox 2251 1283 2321 1337; x_wconf 90' lang='lat' dir='ltr'><strong>ab</strong></span> <span class='ocrx_word' id='word_1_413' title='bbox 2351 1284 2433 1338; x_wconf 92' lang='lat' dir='ltr'><strong>his</strong></span> <span class='ocrx_word' id='word_1_414' title='bbox 2485 1296 2676 1340; x_wconf 89' lang='lat' dir='ltr'><strong>contra</strong></span> <span class='ocrx_word' id='word_1_415' title='bbox 2715 1287 2759 1341; x_wconf 92' lang='lat' dir='ltr'><strong>is</strong></span> <span class='ocrx_word' id='word_1_416' title='bbox 2798 1288 2863 1342; x_wconf 85' lang='lat' dir='ltr'><strong>ad</strong></span> <span class='ocrx_word' id='word_1_417' title='bbox 2905 1303 3122 1358; x_wconf 87' lang='lat' dir='ltr'><strong>poenam</strong></span> <span class='ocrx_word' id='word_1_418' title='bbox 3159 1289 3476 1358; x_wconf 83' lang='lat' dir='ltr'><strong>expetitur:</strong></span> 
     </span>
    </p>
   </div>
   <div class='ocr_carea' id='block_1_57' title="bbox 1903 1376 3478 1450">
    <p class='ocr_par' dir='ltr' id='par_1_57' title="bbox 1903 1376 3478 1450">
     <span class='ocr_line' id='line_1_57' title="bbox 1903 1376 3478 1450; baseline 0.004 -21"><span class='ocrx_word' id='word_1_419' title='bbox 1903 1376 2048 1430; x_wconf 91' lang='lat' dir='ltr'><strong>hunc</strong></span> <span class='ocrx_word' id='word_1_420' title='bbox 2107 1376 2334 1445; x_wconf 89' lang='lat' dir='ltr'><strong>pedibus</strong></span> <span class='ocrx_word' id='word_1_421' title='bbox 2393 1386 2719 1446; x_wconf 89' lang='lat' dir='ltr'><strong>proterrent,</strong></span> <span class='ocrx_word' id='word_1_422' title='bbox 2773 1380 3029 1450; x_wconf 88' lang='lat' dir='ltr'><strong>pulsant,</strong></span> <span class='ocrx_word' id='word_1_423' title='bbox 3087 1380 3327 1446; x_wconf 90' lang='lat' dir='ltr'><strong>feriunt,</strong></span> <span class='ocrx_word' id='word_1_424' title='bbox 3383 1397 3478 1436; x_wconf 84' lang='lat' dir='ltr'><strong>ex-</strong></span> 
     </span>
    </p>
   </div>
   <div class='ocr_carea' id='block_1_58' title="bbox 1901 1467 3477 1540">
    <p class='ocr_par' dir='ltr' id='par_1_58' title="bbox 1901 1467 3477 1540">
     <span class='ocr_line' id='line_1_58' title="bbox 1901 1467 3477 1540; baseline 0.003 -19"><span class='ocrx_word' id='word_1_425' title='bbox 1901 1467 2189 1532; x_wconf 85' lang='lat' dir='ltr'><strong>cruciant,</strong></span> <span class='ocrx_word' id='word_1_426' title='bbox 2238 1468 2540 1521; x_wconf 83' lang='lat' dir='ltr'><strong>excoriaut.</strong></span> <span class='ocrx_word' id='word_1_427' title='bbox 2581 1467 2723 1533; x_wconf 84' lang='lat' dir='ltr'><strong>Quid</strong></span> <span class='ocrx_word' id='word_1_428' title='bbox 2777 1485 2884 1523; x_wconf 92' lang='lat' dir='ltr'><strong>non</strong></span> <span class='ocrx_word' id='word_1_429' title='bbox 2930 1470 3165 1525; x_wconf 88' lang='lat' dir='ltr'><strong>dicunt?</strong></span> <span class='ocrx_word' id='word_1_430' title='bbox 3204 1471 3332 1540; x_wconf 88' lang='lat' dir='ltr'><strong>quid</strong></span> <span class='ocrx_word' id='word_1_431' title='bbox 3368 1485 3477 1526; x_wconf 91' lang='lat' dir='ltr'><strong>non</strong></span> 
     </span>
    </p>
   </div>
   <div class='ocr_carea' id='block_1_59' title="bbox 1901 1560 3480 1634">
    <p class='ocr_par' dir='ltr' id='par_1_59' title="bbox 1901 1560 3480 1634">
     <span class='ocr_line' id='line_1_59' title="bbox 1901 1560 3480 1634; baseline 0.003 -20"><span class='ocrx_word' id='word_1_432' title='bbox 1901 1560 2265 1628; x_wconf 72' lang='lat' dir='ltr'><strong>excogitant?</strong></span> <span class='ocrx_word' id='word_1_433' title='bbox 2304 1561 2433 1630; x_wconf 90' lang='lat' dir='ltr'><strong>quid</strong></span> <span class='ocrx_word' id='word_1_434' title='bbox 2483 1576 2589 1614; x_wconf 90' lang='lat' dir='ltr'><strong>non</strong></span> <span class='ocrx_word' id='word_1_435' title='bbox 2649 1561 2971 1617; x_wconf 86' lang='lat' dir='ltr'><strong>intentant?</strong></span> <span class='ocrx_word' id='word_1_436' title='bbox 3025 1563 3157 1634; x_wconf 89' lang='lat' dir='ltr'><strong>quid</strong></span> <span class='ocrx_word' id='word_1_437' title='bbox 3206 1579 3314 1620; x_wconf 91' lang='lat' dir='ltr'><strong>non</strong></span> <span class='ocrx_word' id='word_1_438' title='bbox 3361 1579 3480 1619; x_wconf 84' lang='lat' dir='ltr'><strong>mo-</strong></span> 
     </span>
    </p>
   </div>
   <div class='ocr_carea' id='block_1_60' title="bbox 1903 1651 3476 1724">
    <p class='ocr_par' dir='ltr' id='par_1_60' title="bbox 1903 1651 3476 1724">
     <span class='ocr_line' id='line_1_60' title="bbox 1903 1651 3476 1724; baseline 0.003 -20"><span class='ocrx_word' id='word_1_439' title='bbox 1903 1651 2108 1705; x_wconf 89' lang='lat' dir='ltr'><strong>liuntttr</strong></span> <span class='ocrx_word' id='word_1_440' title='bbox 2159 1660 2218 1706; x_wconf 89' lang='lat' dir='ltr'><strong>ut</strong></span> <span class='ocrx_word' id='word_1_441' title='bbox 2277 1651 2529 1707; x_wconf 86' lang='lat' dir='ltr'><strong>acerbius</strong></span> <span class='ocrx_word' id='word_1_442' title='bbox 2583 1652 2976 1724; x_wconf 86' lang='lat' dir='ltr'><strong>molestiusque</strong></span> <span class='ocrx_word' id='word_1_443' title='bbox 3022 1656 3297 1711; x_wconf 86' lang='lat' dir='ltr'><strong>noceant?</strong></span> <span class='ocrx_word' id='word_1_444' title='bbox 3344 1654 3476 1711; x_wconf 84' lang='lat' dir='ltr'><strong>llem</strong></span> 
     </span>
    </p>
   </div>
   <div class='ocr_carea' id='block_1_61' title="bbox 1902 1743 3472 1812">
    <p class='ocr_par' dir='ltr' id='par_1_61' title="bbox 1902 1743 3472 1812">
     <span class='ocr_line' id='line_1_61' title="bbox 1902 1743 3472 1812; baseline 0 -12"><span class='ocrx_word' id='word_1_445' title='bbox 1902 1743 2199 1800; x_wconf 77' lang='lat' dir='ltr'><strong>szevitiam!</strong></span> <span class='ocrx_word' id='word_1_446' title='bbox 2243 1743 2366 1797; x_wconf 86' lang='lat' dir='ltr'><strong>hem</strong></span> <span class='ocrx_word' id='word_1_447' title='bbox 2392 1743 2617 1801; x_wconf 82' lang='lat' dir='ltr'><strong>ferinam</strong></span> <span class='ocrx_word' id='word_1_448' title='bbox 2651 1747 2883 1801; x_wconf 86' lang='lat' dir='ltr'><strong>rabiem!</strong></span> <span class='ocrx_word' id='word_1_449' title='bbox 2920 1746 3148 1812; x_wconf 82' lang='lat' dir='ltr'><strong>Qualem</strong></span> <span class='ocrx_word' id='word_1_450' title='bbox 3169 1746 3472 1802; x_wconf 89' lang='lat' dir='ltr'><strong>mercedem</strong></span> 
     </span>
    </p>
   </div>
   <div class='ocr_carea' id='block_1_62' title="bbox 1903 1835 3477 1906">
    <p class='ocr_par' dir='ltr' id='par_1_62' title="bbox 1903 1835 3477 1906">
     <span class='ocr_line' id='line_1_62' title="bbox 1903 1835 3477 1906; baseline 0.001 -18"><span class='ocrx_word' id='word_1_451' title='bbox 1903 1835 2207 1904; x_wconf 88' lang='lat' dir='ltr'><strong>rependunt</strong></span> <span class='ocrx_word' id='word_1_452' title='bbox 2265 1835 2479 1890; x_wconf 89' lang='lat' dir='ltr'><strong>medico</strong></span> <span class='ocrx_word' id='word_1_453' title='bbox 2537 1851 2637 1891; x_wconf 92' lang='lat' dir='ltr'><strong>suo</strong></span> <span class='ocrx_word' id='word_1_454' title='bbox 2688 1837 2780 1906; x_wconf 89' lang='lat' dir='ltr'><strong>qui</strong></span> <span class='ocrx_word' id='word_1_455' title='bbox 2845 1837 3043 1900; x_wconf 89' lang='lat' dir='ltr'><strong>visum,</strong></span> <span class='ocrx_word' id='word_1_456' title='bbox 3085 1837 3176 1905; x_wconf 87' lang='lat' dir='ltr'><strong>qui</strong></span> <span class='ocrx_word' id='word_1_457' title='bbox 3231 1838 3477 1896; x_wconf 89' lang='lat' dir='ltr'><strong>auditum</strong></span> 
     </span>
    </p>
   </div>
   <div class='ocr_carea' id='block_1_63' title="bbox 1904 1925 3476 1998">
    <p class='ocr_par' dir='ltr' id='par_1_63' title="bbox 1904 1925 3476 1998">
     <span class='ocr_line' id='line_1_63' title="bbox 1904 1925 3476 1998; baseline 0 -18"><span class='ocrx_word' id='word_1_458' title='bbox 1904 1936 2220 1995; x_wconf 90' lang='lat' dir='ltr'><strong>receperant</strong></span> <span class='ocrx_word' id='word_1_459' title='bbox 2249 1966 2263 1990; x_wconf 93' lang='lat'><strong>,</strong></span> <span class='ocrx_word' id='word_1_460' title='bbox 2309 1928 2400 1998; x_wconf 89' lang='lat' dir='ltr'><strong>qui</strong></span> <span class='ocrx_word' id='word_1_461' title='bbox 2433 1925 2721 1981; x_wconf 87' lang='lat' dir='ltr'><strong>instaurati</strong></span> <span class='ocrx_word' id='word_1_462' title='bbox 2751 1927 3169 1996; x_wconf 84' lang='lat' dir='ltr'><strong>conﬁrmatique</strong></span> <span class='ocrx_word' id='word_1_463' title='bbox 3214 1926 3431 1982; x_wconf 83' lang='lat' dir='ltr'><strong>fuerant</strong></span> <span class='ocrx_word' id='word_1_464' title='bbox 3463 1928 3476 1980; x_wconf 90' lang='lat'><strong>!</strong></span> 
     </span>
    </p>
   </div>
   <div class='ocr_carea' id='block_1_64' title="bbox 1903 2016 3480 2087">
    <p class='ocr_par' dir='ltr' id='par_1_64' title="bbox 1903 2016 3480 2087">
     <span class='ocr_line' id='line_1_64' title="bbox 1903 2016 3480 2087; baseline 0.001 -17"><span class='ocrx_word' id='word_1_465' title='bbox 1903 2031 2003 2086; x_wconf 89' lang='lat' dir='ltr'><strong>pro</strong></span> <span class='ocrx_word' id='word_1_466' title='bbox 2037 2017 2245 2071; x_wconf 84' lang='lat' dir='ltr'><strong>honore</strong></span> <span class='ocrx_word' id='word_1_467' title='bbox 2297 2016 2653 2087; x_wconf 75' lang='lat' dir='ltr'><strong>ignominiam</strong></span> <span class='ocrx_word' id='word_1_468' title='bbox 2685 2058 2699 2083; x_wconf 92' lang='lat'><strong>,</strong></span> <span class='ocrx_word' id='word_1_469' title='bbox 2730 2034 2830 2087; x_wconf 87' lang='lat' dir='ltr'><strong>pro</strong></span> <span class='ocrx_word' id='word_1_470' title='bbox 2874 2018 3256 2072; x_wconf 77' lang='lat' dir='ltr'><strong>benedictione</strong></span> <span class='ocrx_word' id='word_1_471' title='bbox 3305 2018 3480 2072; x_wconf 85' lang='lat' dir='ltr'><strong>male-</strong></span> 
     </span>
    </p>
   </div>
   <div class='ocr_carea' id='block_1_65' title="bbox 1902 2108 3480 2179">
    <p class='ocr_par' dir='ltr' id='par_1_65' title="bbox 1902 2108 3480 2179">
     <span class='ocr_line' id='line_1_65' title="bbox 1902 2108 3480 2179; baseline -0.001 -15"><span class='ocrx_word' id='word_1_472' title='bbox 1902 2109 2139 2172; x_wconf 89' lang='lat' dir='ltr'><strong>dictum,</strong></span> <span class='ocrx_word' id='word_1_473' title='bbox 2198 2122 2296 2178; x_wconf 91' lang='lat' dir='ltr'><strong>pro</strong></span> <span class='ocrx_word' id='word_1_474' title='bbox 2351 2108 2509 2164; x_wconf 89' lang='lat' dir='ltr'><strong>donis</strong></span> <span class='ocrx_word' id='word_1_475' title='bbox 2576 2124 2802 2179; x_wconf 67' lang='lat' dir='ltr'><strong>pix-nas,</strong></span> <span class='ocrx_word' id='word_1_476' title='bbox 2871 2125 2967 2179; x_wconf 87' lang='lat' dir='ltr'><strong>pro</strong></span> <span class='ocrx_word' id='word_1_477' title='bbox 3017 2109 3309 2178; x_wconf 90' lang='lat' dir='ltr'><strong>tranquilla</strong></span> <span class='ocrx_word' id='word_1_478' title='bbox 3369 2110 3480 2163; x_wconf 84' lang='lat' dir='ltr'><strong>vita</strong></span> 
     </span>
    </p>
   </div>
   <div class='ocr_carea' id='block_1_66' title="bbox 1903 2198 3478 2268">
    <p class='ocr_par' dir='ltr' id='par_1_66' title="bbox 1903 2198 3478 2268">
     <span class='ocr_line' id='line_1_66' title="bbox 1903 2198 3478 2268; baseline 0 -14"><span class='ocrx_word' id='word_1_479' title='bbox 1903 2198 2318 2254; x_wconf 87' lang='lat' dir='ltr'><strong>acerbissimam</strong></span> <span class='ocrx_word' id='word_1_480' title='bbox 2368 2214 2579 2254; x_wconf 89' lang='lat' dir='ltr'><strong>necem.</strong></span> <span class='ocrx_word' id='word_1_481' title='bbox 2630 2201 2797 2253; x_wconf 84' lang='lat' dir='ltr'><strong>Aiunt</strong></span> <span class='ocrx_word' id='word_1_482' title='bbox 2839 2200 3018 2268; x_wconf 92' lang='lat' dir='ltr'><strong>ipsum</strong></span> <span class='ocrx_word' id='word_1_483' title='bbox 3078 2200 3279 2254; x_wconf 91' lang='lat' dir='ltr'><strong>multos</strong></span> <span class='ocrx_word' id='word_1_484' title='bbox 3333 2199 3478 2255; x_wconf 83' lang='lat' dir='ltr'><strong>into-</strong></span> 
     </span>
    </p>
   </div>
   <div class='ocr_carea' id='block_1_67' title="bbox 1903 2289 3479 2361">
    <p class='ocr_par' dir='ltr' id='par_1_67' title="bbox 1903 2289 3479 2361">
     <span class='ocr_line' id='line_1_67' title="bbox 1903 2289 3479 2361; baseline 0.001 -19"><span class='ocrx_word' id='word_1_485' title='bbox 1903 2289 2262 2359; x_wconf 86' lang='lat' dir='ltr'><strong>lerandosque</strong></span> <span class='ocrx_word' id='word_1_486' title='bbox 2306 2290 2584 2344; x_wconf 86' lang='lat' dir='ltr'><strong>cruciatus</strong></span> <span class='ocrx_word' id='word_1_487' title='bbox 2628 2305 2946 2359; x_wconf 89' lang='lat' dir='ltr'><strong>perpessum</strong></span> <span class='ocrx_word' id='word_1_488' title='bbox 2973 2330 2987 2356; x_wconf 89' lang='lat'><strong>,</strong></span> <span class='ocrx_word' id='word_1_489' title='bbox 3039 2290 3107 2344; x_wconf 88' lang='lat' dir='ltr'><strong>ab</strong></span> <span class='ocrx_word' id='word_1_490' title='bbox 3161 2290 3342 2361; x_wconf 84' lang='lat' dir='ltr'><strong>impiis</strong></span> <span class='ocrx_word' id='word_1_491' title='bbox 3384 2306 3479 2346; x_wconf 76' lang='lat' dir='ltr'><strong>ev-</strong></span> 
     </span>
    </p>
   </div>
   <div class='ocr_carea' id='block_1_68' title="bbox 1902 2380 3478 2451">
    <p class='ocr_par' dir='ltr' id='par_1_68' title="bbox 1902 2380 3478 2451">
     <span class='ocr_line' id='line_1_68' title="bbox 1902 2380 3478 2451; baseline 0 -15"><span class='ocrx_word' id='word_1_492' title='bbox 1902 2381 2170 2436; x_wconf 89' lang='lat' dir='ltr'><strong>coriatum</strong></span> <span class='ocrx_word' id='word_1_493' title='bbox 2223 2381 2276 2434; x_wconf 90' lang='lat' dir='ltr'><strong>in</strong></span> <span class='ocrx_word' id='word_1_494' title='bbox 2308 2381 2529 2435; x_wconf 89' lang='lat' dir='ltr'><strong>modum</strong></span> <span class='ocrx_word' id='word_1_495' title='bbox 2581 2380 2760 2445; x_wconf 86' lang='lat' dir='ltr'><strong>follis,</strong></span> <span class='ocrx_word' id='word_1_496' title='bbox 2810 2391 2863 2436; x_wconf 87' lang='lat' dir='ltr'><strong>et</strong></span> <span class='ocrx_word' id='word_1_497' title='bbox 2907 2397 2936 2436; x_wconf 92' lang='lat' dir='ltr'><strong>a</strong></span> <span class='ocrx_word' id='word_1_498' title='bbox 2995 2381 3246 2437; x_wconf 79' lang='lat' dir='ltr'><strong>fidelibus</strong></span> <span class='ocrx_word' id='word_1_499' title='bbox 3292 2392 3478 2451; x_wconf 80' lang='lat' dir='ltr'><strong>postea</strong></span> 
     </span>
    </p>
   </div>
   <div class='ocr_carea' id='block_1_69' title="bbox 1902 2472 3478 2543">
    <p class='ocr_par' dir='ltr' id='par_1_69' title="bbox 1902 2472 3478 2543">
     <span class='ocr_line' id='line_1_69' title="bbox 1902 2472 3478 2543; baseline -0.003 -14"><span class='ocrx_word' id='word_1_500' title='bbox 1902 2475 2214 2543; x_wconf 91' lang='lat' dir='ltr'><strong>sepultum,</strong></span> <span class='ocrx_word' id='word_1_501' title='bbox 2275 2483 2333 2527; x_wconf 91' lang='lat' dir='ltr'><strong>ut</strong></span> <span class='ocrx_word' id='word_1_502' title='bbox 2359 2472 2485 2528; x_wconf 90' lang='lat' dir='ltr'><strong>hinc</strong></span> <span class='ocrx_word' id='word_1_503' title='bbox 2543 2473 2704 2527; x_wconf 90' lang='lat' dir='ltr'><strong>etiam</strong></span> <span class='ocrx_word' id='word_1_504' title='bbox 2760 2481 3023 2542; x_wconf 90' lang='lat' dir='ltr'><strong>patronus</strong></span> <span class='ocrx_word' id='word_1_505' title='bbox 3074 2481 3196 2542; x_wconf 88' lang='lat' dir='ltr'><strong>post</strong></span> <span class='ocrx_word' id='word_1_506' title='bbox 3242 2472 3478 2536; x_wconf 88' lang='lat' dir='ltr'><strong>obitum,</strong></span> 
     </span>
    </p>
   </div>
   <div class='ocr_carea' id='block_1_70' title="bbox 1904 2562 3473 2635">
    <p class='ocr_par' dir='ltr' id='par_1_70' title="bbox 1904 2562 3473 2635">
     <span class='ocr_line' id='line_1_70' title="bbox 1904 2562 3473 2635; baseline 0 -17"><span class='ocrx_word' id='word_1_507' title='bbox 1904 2580 2130 2634; x_wconf 83' lang='lat' dir='ltr'><strong>magnus</strong></span> <span class='ocrx_word' id='word_1_508' title='bbox 2167 2565 2254 2619; x_wconf 88' lang='lat' dir='ltr'><strong>hic</strong></span> <span class='ocrx_word' id='word_1_509' title='bbox 2281 2563 2372 2618; x_wconf 84' lang='lat' dir='ltr'><strong>Dei</strong></span> <span class='ocrx_word' id='word_1_510' title='bbox 2402 2565 2726 2631; x_wconf 75' lang='lat' dir='ltr'><strong>prmdicator</strong></span> <span class='ocrx_word' id='word_1_511' title='bbox 2755 2573 3062 2635; x_wconf 90' lang='lat' dir='ltr'><strong>appareret.</strong></span> <span class='ocrx_word' id='word_1_512' title='bbox 3104 2562 3294 2633; x_wconf 87' lang='lat' dir='ltr'><strong>Neque</strong></span> <span class='ocrx_word' id='word_1_513' title='bbox 3328 2566 3473 2618; x_wconf 88' lang='lat' dir='ltr'><strong>enim</strong></span> 
     </span>
    </p>
   </div>
   <div class='ocr_carea' id='block_1_71' title="bbox 1906 2653 3475 2723">
    <p class='ocr_par' dir='ltr' id='par_1_71' title="bbox 1906 2653 3475 2723">
     <span class='ocr_line' id='line_1_71' title="bbox 1906 2653 3475 2723; baseline -0.002 -15"><span class='ocrx_word' id='word_1_514' title='bbox 1906 2663 2187 2723; x_wconf 87' lang='lat' dir='ltr'><strong>postquam</strong></span> <span class='ocrx_word' id='word_1_515' title='bbox 2219 2654 2347 2708; x_wconf 92' lang='lat' dir='ltr'><strong>hinc</strong></span> <span class='ocrx_word' id='word_1_516' title='bbox 2379 2654 2662 2718; x_wconf 84' lang='lat' dir='ltr'><strong>abscessit,</strong></span> <span class='ocrx_word' id='word_1_517' title='bbox 2695 2653 3011 2708; x_wconf 78' lang='lat' dir='ltr'><strong>carniﬁcum</strong></span> <span class='ocrx_word' id='word_1_518' title='bbox 3032 2667 3259 2706; x_wconf 89' lang='lat' dir='ltr'><strong>suorum</strong></span> <span class='ocrx_word' id='word_1_519' title='bbox 3291 2669 3475 2707; x_wconf 91' lang='lat' dir='ltr'><strong>curam</strong></span> 
     </span>
    </p>
   </div>
   <div class='ocr_carea' id='block_1_72' title="bbox 1903 2743 3476 2815">
    <p class='ocr_par' dir='ltr' id='par_1_72' title="bbox 1903 2743 3476 2815">
     <span class='ocr_line' id='line_1_72' title="bbox 1903 2743 3476 2815; baseline -0.001 -17"><span class='ocrx_word' id='word_1_520' title='bbox 1903 2745 2110 2808; x_wconf 86' lang='lat' dir='ltr'><strong>omisit,</strong></span> <span class='ocrx_word' id='word_1_521' title='bbox 2145 2745 2238 2799; x_wconf 87' lang='lat' dir='ltr'><strong>sed</strong></span> <span class='ocrx_word' id='word_1_522' title='bbox 2283 2743 2452 2798; x_wconf 90' lang='lat' dir='ltr'><strong>veluti</strong></span> <span class='ocrx_word' id='word_1_523' title='bbox 2515 2754 2705 2814; x_wconf 89' lang='lat' dir='ltr'><strong>pastor</strong></span> <span class='ocrx_word' id='word_1_524' title='bbox 2762 2745 2959 2810; x_wconf 90' lang='lat' dir='ltr'><strong>bonus,</strong></span> <span class='ocrx_word' id='word_1_525' title='bbox 3004 2744 3269 2815; x_wconf 75' lang='lat' dir='ltr'><strong>prodigiis</strong></span> <span class='ocrx_word' id='word_1_526' title='bbox 3330 2745 3476 2797; x_wconf 87' lang='lat' dir='ltr'><strong>omni</strong></span> 
     </span>
    </p>
   </div>
   <div class='ocr_carea' id='block_1_73' title="bbox 1905 2833 3480 2903">
    <p class='ocr_par' dir='ltr' id='par_1_73' title="bbox 1905 2833 3480 2903">
     <span class='ocr_line' id='line_1_73' title="bbox 1905 2833 3480 2903; baseline 0 -16"><span class='ocrx_word' id='word_1_527' title='bbox 1905 2844 2146 2903; x_wconf 85' lang='lat' dir='ltr'><strong>tempore</strong></span> <span class='ocrx_word' id='word_1_528' title='bbox 2170 2833 2436 2887; x_wconf 78' lang='lat' dir='ltr'><strong>invitabat</strong></span> <span class='ocrx_word' id='word_1_529' title='bbox 2458 2833 2719 2902; x_wconf 85' lang='lat' dir='ltr'><strong>perditos,</strong></span> <span class='ocrx_word' id='word_1_530' title='bbox 2748 2834 2815 2888; x_wconf 91' lang='lat' dir='ltr'><strong>ad</strong></span> <span class='ocrx_word' id='word_1_531' title='bbox 2841 2849 2900 2890; x_wconf 91' lang='lat' dir='ltr'><strong>se</strong></span> <span class='ocrx_word' id='word_1_532' title='bbox 2924 2834 3204 2889; x_wconf 86' lang='lat' dir='ltr'><strong>miraculis</strong></span> <span class='ocrx_word' id='word_1_533' title='bbox 3232 2834 3480 2889; x_wconf 87' lang='lat' dir='ltr'><strong>trahebat</strong></span> 
     </span>
    </p>
   </div>
   <div class='ocr_carea' id='block_1_74' title="bbox 1904 2925 3476 2994">
    <p class='ocr_par' dir='ltr' id='par_1_74' title="bbox 1904 2925 3476 2994">
     <span class='ocr_line' id='line_1_74' title="bbox 1904 2925 3476 2994; baseline -0.001 -14"><span class='ocrx_word' id='word_1_534' title='bbox 1904 2942 2145 2981; x_wconf 81' lang='lat' dir='ltr'><strong>aversos.</strong></span> <span class='ocrx_word' id='word_1_535' title='bbox 2173 2926 2336 2994; x_wconf 86' lang='lat' dir='ltr'><strong>Atqui</strong></span> <span class='ocrx_word' id='word_1_536' title='bbox 2370 2925 2601 2980; x_wconf 79' lang='lat' dir='ltr'><strong>ferinam</strong></span> <span class='ocrx_word' id='word_1_537' title='bbox 2631 2937 2863 2981; x_wconf 86' lang='lat' dir='ltr'><strong>mentem</strong></span> <span class='ocrx_word' id='word_1_538' title='bbox 2891 2937 2944 2981; x_wconf 91' lang='lat' dir='ltr'><strong>et</strong></span> <span class='ocrx_word' id='word_1_539' title='bbox 2972 2927 3180 2986; x_wconf 91' lang='lat' dir='ltr'><strong>immite</strong></span> <span class='ocrx_word' id='word_1_540' title='bbox 3202 2943 3315 2994; x_wconf 87' lang='lat' dir='ltr'><strong>cor,</strong></span> <span class='ocrx_word' id='word_1_541' title='bbox 3341 2928 3476 2980; x_wconf 84' lang='lat' dir='ltr'><strong>nihil</strong></span> 
     </span>
    </p>
   </div>
   <div class='ocr_carea' id='block_1_75' title="bbox 1906 3017 3476 3089">
    <p class='ocr_par' dir='ltr' id='par_1_75' title="bbox 1906 3017 3476 3089">
     <span class='ocr_line' id='line_1_75' title="bbox 1906 3017 3476 3089; baseline 0.002 -19"><span class='ocrx_word' id='word_1_542' title='bbox 1906 3018 2104 3087; x_wconf 87' lang='lat' dir='ltr'><strong>placat,</strong></span> <span class='ocrx_word' id='word_1_543' title='bbox 2139 3017 2273 3070; x_wconf 89' lang='lat' dir='ltr'><strong>nihil</strong></span> <span class='ocrx_word' id='word_1_544' title='bbox 2323 3017 2660 3086; x_wconf 89' lang='lat' dir='ltr'><strong>reconciliat,</strong></span> <span class='ocrx_word' id='word_1_545' title='bbox 2688 3017 2852 3074; x_wconf 88' lang='lat' dir='ltr'><strong>simul</strong></span> <span class='ocrx_word' id='word_1_546' title='bbox 2907 3033 2973 3073; x_wconf 91' lang='lat' dir='ltr'><strong>ac</strong></span> <span class='ocrx_word' id='word_1_547' title='bbox 3032 3019 3084 3073; x_wconf 92' lang='lat' dir='ltr'><strong>in</strong></span> <span class='ocrx_word' id='word_1_548' title='bbox 3145 3018 3476 3089; x_wconf 85' lang='lat' dir='ltr'><strong>profundum</strong></span> 
     </span>
    </p>
   </div>
   <div class='ocr_carea' id='block_1_76' title="bbox 1903 3109 2432 3165">
    <p class='ocr_par' dir='ltr' id='par_1_76' title="bbox 1903 3109 2432 3165">
     <span class='ocr_line' id='line_1_76' title="bbox 1903 3109 2432 3165; baseline -0.004 -2"><span class='ocrx_word' id='word_1_549' title='bbox 1903 3111 2125 3165; x_wconf 69' lang='lat' dir='ltr'><strong>malitia:</strong></span> <span class='ocrx_word' id='word_1_550' title='bbox 2151 3109 2432 3165; x_wconf 86' lang='lat' dir='ltr'><strong>deciderit.</strong></span> 
     </span>
    </p>
   </div>
   <div class='ocr_carea' id='block_1_77' title="bbox 1969 3286 3478 3359">
    <p class='ocr_par' dir='ltr' id='par_1_77' title="bbox 1969 3286 3478 3359">
     <span class='ocr_line' id='line_1_77' title="bbox 1969 3286 3478 3359; baseline -0.001 -17"><span class='ocrx_word' id='word_1_551' title='bbox 1969 3287 2023 3343; x_wconf 86' lang='lat'><strong>6.</strong></span> <span class='ocrx_word' id='word_1_552' title='bbox 2057 3286 2198 3352; x_wconf 86' lang='lat' dir='ltr'><strong>Quia</strong></span> <span class='ocrx_word' id='word_1_553' title='bbox 2231 3286 2376 3342; x_wconf 87' lang='lat' dir='ltr'><strong>enim</strong></span> <span class='ocrx_word' id='word_1_554' title='bbox 2408 3288 2644 3357; x_wconf 84' lang='lat' dir='ltr'><strong>postea?</strong></span> <span class='ocrx_word' id='word_1_555' title='bbox 2687 3288 2968 3344; x_wconf 84' lang='lat' dir='ltr'><strong>Adversus</strong></span> <span class='ocrx_word' id='word_1_556' title='bbox 3014 3303 3231 3343; x_wconf 87' lang='lat' dir='ltr'><strong>sacrum</strong></span> <span class='ocrx_word' id='word_1_557' title='bbox 3277 3304 3478 3359; x_wconf 88' lang='lat' dir='ltr'><strong>corpus</strong></span> 
     </span>
    </p>
   </div>
   <div class='ocr_carea' id='block_1_78' title="bbox 1899 3378 3478 3446">
    <p class='ocr_par' dir='ltr' id='par_1_78' title="bbox 1899 3378 3478 3446">
     <span class='ocr_line' id='line_1_78' title="bbox 1899 3378 3478 3446; baseline -0.001 -13"><span class='ocrx_word' id='word_1_558' title='bbox 1899 3380 2203 3446; x_wconf 90' lang='lat' dir='ltr'><strong>insaniunt,</strong></span> <span class='ocrx_word' id='word_1_559' title='bbox 2241 3388 2294 3435; x_wconf 90' lang='lat' dir='ltr'><strong>et</strong></span> <span class='ocrx_word' id='word_1_560' title='bbox 2321 3389 2513 3434; x_wconf 86' lang='lat' dir='ltr'><strong>contra</strong></span> <span class='ocrx_word' id='word_1_561' title='bbox 2541 3395 2745 3441; x_wconf 89' lang='lat' dir='ltr'><strong>arcam,</strong></span> <span class='ocrx_word' id='word_1_562' title='bbox 2779 3379 3076 3434; x_wconf 87' lang='lat' dir='ltr'><strong>sanitatum</strong></span> <span class='ocrx_word' id='word_1_563' title='bbox 3114 3378 3324 3433; x_wconf 82' lang='lat' dir='ltr'><strong>fontem</strong></span> <span class='ocrx_word' id='word_1_564' title='bbox 3349 3417 3365 3443; x_wconf 94' lang='lat'><strong>,</strong></span> <span class='ocrx_word' id='word_1_565' title='bbox 3394 3378 3478 3432; x_wconf 86' lang='lat' dir='ltr'><strong>fu-</strong></span> 
     </span>
    </p>
   </div>
   <div class='ocr_carea' id='block_1_79' title="bbox 1897 3471 3478 3543">
    <p class='ocr_par' dir='ltr' id='par_1_79' title="bbox 1897 3471 3478 3543">
     <span class='ocr_line' id='line_1_79' title="bbox 1897 3471 3478 3543; baseline -0.001 -15"><span class='ocrx_word' id='word_1_566' title='bbox 1897 3481 2071 3528; x_wconf 88' lang='lat' dir='ltr'><strong>runt:</strong></span> <span class='ocrx_word' id='word_1_567' title='bbox 2105 3472 2383 3542; x_wconf 81' lang='lat' dir='ltr'><strong>expellunt</strong></span> <span class='ocrx_word' id='word_1_568' title='bbox 2405 3472 2674 3526; x_wconf 88' lang='lat' dir='ltr'><strong>medicum</strong></span> <span class='ocrx_word' id='word_1_569' title='bbox 2706 3473 2916 3543; x_wconf 68' lang='lat' dir='ltr'><strong>aegroti,</strong></span> <span class='ocrx_word' id='word_1_570' title='bbox 2947 3472 3075 3526; x_wconf 67' lang='lat' dir='ltr'><strong>caeci</strong></span> <span class='ocrx_word' id='word_1_571' title='bbox 3110 3471 3329 3534; x_wconf 92' lang='lat' dir='ltr'><strong>ducem,</strong></span> <span class='ocrx_word' id='word_1_572' title='bbox 3371 3486 3478 3526; x_wconf 62' lang='lat' dir='ltr'><strong>caa-</strong></span> 
     </span>
    </p>
   </div>
   <div class='ocr_carea' id='block_1_80' title="bbox 1897 3561 3478 3632">
    <p class='ocr_par' dir='ltr' id='par_1_80' title="bbox 1897 3561 3478 3632">
     <span class='ocr_line' id='line_1_80' title="bbox 1897 3561 3478 3632; baseline -0.004 -12"><span class='ocrx_word' id='word_1_573' title='bbox 1897 3565 2164 3620; x_wconf 90' lang='lat' dir='ltr'><strong>cutientes</strong></span> <span class='ocrx_word' id='word_1_574' title='bbox 2205 3562 2634 3617; x_wconf 89' lang='lat' dir='ltr'><strong>illuminatorem</strong></span> <span class='ocrx_word' id='word_1_575' title='bbox 2665 3602 2681 3626; x_wconf 94' lang='lat'><strong>,</strong></span> <span class='ocrx_word' id='word_1_576' title='bbox 2731 3563 3151 3632; x_wconf 77' lang='lat' dir='ltr'><strong>gubernatorem</strong></span> <span class='ocrx_word' id='word_1_577' title='bbox 3205 3561 3478 3631; x_wconf 80' lang='lat' dir='ltr'><strong>naufragi,</strong></span> 
     </span>
    </p>
   </div>
   <div class='ocr_carea' id='block_1_81' title="bbox 1898 3651 3478 3728">
    <p class='ocr_par' dir='ltr' id='par_1_81' title="bbox 1898 3651 3478 3728">
     <span class='ocr_line' id='line_1_81' title="bbox 1898 3651 3478 3728; baseline -0.003 -17"><span class='ocrx_word' id='word_1_578' title='bbox 1898 3656 2159 3728; x_wconf 85' lang='lat' dir='ltr'><strong>perempti</strong></span> <span class='ocrx_word' id='word_1_579' title='bbox 2193 3653 2604 3709; x_wconf 83' lang='lat' dir='ltr'><strong>viviﬁcatorem.</strong></span> <span class='ocrx_word' id='word_1_580' title='bbox 2647 3652 2713 3707; x_wconf 88' lang='lat' dir='ltr'><strong>Et</strong></span> <span class='ocrx_word' id='word_1_581' title='bbox 2737 3654 3011 3722; x_wconf 91' lang='lat' dir='ltr'><strong>quomodo</strong></span> <span class='ocrx_word' id='word_1_582' title='bbox 3052 3653 3191 3710; x_wconf 69' lang='lat' dir='ltr'><strong>hoc&#39;l</strong></span> <span class='ocrx_word' id='word_1_583' title='bbox 3226 3651 3282 3707; x_wconf 91' lang='lat' dir='ltr'><strong>In</strong></span> <span class='ocrx_word' id='word_1_584' title='bbox 3326 3668 3478 3707; x_wconf 87' lang='lat' dir='ltr'><strong>mare</strong></span> 
     </span>
    </p>
   </div>
   <div class='ocr_carea' id='block_1_82' title="bbox 1902 3743 3478 3819">
    <p class='ocr_par' dir='ltr' id='par_1_82' title="bbox 1902 3743 3478 3819">
     <span class='ocr_line' id='line_1_82' title="bbox 1902 3743 3478 3819; baseline -0.002 -19"><span class='ocrx_word' id='word_1_585' title='bbox 1902 3748 2218 3819; x_wconf 84' lang='lat' dir='ltr'><strong>projiciunt,</strong></span> <span class='ocrx_word' id='word_1_586' title='bbox 2253 3761 2322 3804; x_wconf 84' lang='lat' dir='ltr'><strong>ne</strong></span> <span class='ocrx_word' id='word_1_587' title='bbox 2349 3749 2474 3818; x_wconf 88' lang='lat' dir='ltr'><strong>quis</strong></span> <span class='ocrx_word' id='word_1_588' title='bbox 2503 3748 2571 3802; x_wconf 92' lang='lat' dir='ltr'><strong>ab</strong></span> <span class='ocrx_word' id='word_1_589' title='bbox 2594 3762 2660 3801; x_wconf 90' lang='lat' dir='ltr'><strong>eo</strong></span> <span class='ocrx_word' id='word_1_590' title='bbox 2690 3746 2946 3815; x_wconf 89' lang='lat' dir='ltr'><strong>deinceps</strong></span> <span class='ocrx_word' id='word_1_591' title='bbox 2978 3743 3298 3800; x_wconf 77' lang='lat' dir='ltr'><strong>beneﬁcium</strong></span> <span class='ocrx_word' id='word_1_592' title='bbox 3334 3743 3478 3800; x_wconf 86' lang='lat' dir='ltr'><strong>acci-</strong></span> 
     </span>
    </p>
   </div>
   <div class='ocr_carea' id='block_1_83' title="bbox 1901 3838 3480 3910">
    <p class='ocr_par' dir='ltr' id='par_1_83' title="bbox 1901 3838 3480 3910">
     <span class='ocr_line' id='line_1_83' title="bbox 1901 3838 3480 3910; baseline -0.001 -17"><span class='ocrx_word' id='word_1_593' title='bbox 1901 3841 2033 3910; x_wconf 87' lang='lat' dir='ltr'><strong>piat.</strong></span> <span class='ocrx_word' id='word_1_594' title='bbox 2074 3838 2206 3893; x_wconf 90' lang='lat' dir='ltr'><strong>Tale</strong></span> <span class='ocrx_word' id='word_1_595' title='bbox 2232 3841 2376 3895; x_wconf 89' lang='lat' dir='ltr'><strong>enim</strong></span> <span class='ocrx_word' id='word_1_596' title='bbox 2409 3848 2490 3895; x_wconf 88' lang='lat' dir='ltr'><strong>est</strong></span> <span class='ocrx_word' id='word_1_597' title='bbox 2523 3839 2834 3892; x_wconf 83' lang='lat' dir='ltr'><strong>invidorum</strong></span> <span class='ocrx_word' id='word_1_598' title='bbox 2883 3838 3100 3900; x_wconf 78' lang='lat' dir='ltr'><strong>vitium,</strong></span> <span class='ocrx_word' id='word_1_599' title='bbox 3151 3845 3210 3891; x_wconf 89' lang='lat' dir='ltr'><strong>ut</strong></span> <span class='ocrx_word' id='word_1_600' title='bbox 3256 3838 3343 3892; x_wconf 89' lang='lat' dir='ltr'><strong>vel</strong></span> <span class='ocrx_word' id='word_1_601' title='bbox 3375 3853 3480 3892; x_wconf 84' lang='lat' dir='ltr'><strong>suo</strong></span> 
     </span>
    </p>
   </div>
   <div class='ocr_carea' id='block_1_84' title="bbox 1900 3929 3473 3999">
    <p class='ocr_par' dir='ltr' id='par_1_84' title="bbox 1900 3929 3473 3999">
     <span class='ocr_line' id='line_1_84' title="bbox 1900 3929 3473 3999; baseline -0.002 -13"><span class='ocrx_word' id='word_1_602' title='bbox 1900 3932 2212 3986; x_wconf 86' lang='lat' dir='ltr'><strong>voluntario</strong></span> <span class='ocrx_word' id='word_1_603' title='bbox 2244 3931 2434 3996; x_wconf 81' lang='lat' dir='ltr'><strong>exitio,</strong></span> <span class='ocrx_word' id='word_1_604' title='bbox 2467 3931 2699 3985; x_wconf 90' lang='lat' dir='ltr'><strong>alienam</strong></span> <span class='ocrx_word' id='word_1_605' title='bbox 2733 3929 2964 3984; x_wconf 89' lang='lat' dir='ltr'><strong>salutem</strong></span> <span class='ocrx_word' id='word_1_606' title='bbox 2997 3929 3260 3999; x_wconf 88' lang='lat' dir='ltr'><strong>impedire</strong></span> <span class='ocrx_word' id='word_1_607' title='bbox 3288 3929 3473 3984; x_wconf 85' lang='lat' dir='ltr'><strong>velint.</strong></span> 
     </span>
    </p>
   </div>
   <div class='ocr_carea' id='block_1_85' title="bbox 1902 4020 3475 4094">
    <p class='ocr_par' dir='ltr' id='par_1_85' title="bbox 1902 4020 3475 4094">
     <span class='ocr_line' id='line_1_85' title="bbox 1902 4020 3475 4094; baseline -0.004 -14"><span class='ocrx_word' id='word_1_608' title='bbox 1902 4025 2004 4080; x_wconf 80' lang='lat' dir='ltr'><strong>Sed</strong></span> <span class='ocrx_word' id='word_1_609' title='bbox 2060 4025 2152 4094; x_wconf 85' lang='lat' dir='ltr'><strong>qui</strong></span> <span class='ocrx_word' id='word_1_610' title='bbox 2214 4039 2308 4094; x_wconf 84' lang='lat' dir='ltr'><strong>per</strong></span> <span class='ocrx_word' id='word_1_611' title='bbox 2343 4023 2594 4077; x_wconf 80' lang='lat' dir='ltr'><strong>Davidem</strong></span> <span class='ocrx_word' id='word_1_612' title='bbox 2657 4023 2786 4076; x_wconf 88' lang='lat' dir='ltr'><strong>olim</strong></span> <span class='ocrx_word' id='word_1_613' title='bbox 2824 4020 3475 4077; x_wconf 77' lang='lat' dir='ltr'><strong>clamaverat’°:1nmari</strong></span> 
     </span>
    </p>
   </div>
   <div class='ocr_carea' id='block_1_86' title="bbox 1899 4113 3475 4185">
    <p class='ocr_par' dir='ltr' id='par_1_86' title="bbox 1899 4113 3475 4185">
     <span class='ocr_line' id='line_1_86' title="bbox 1899 4113 3475 4185; baseline -0.004 -13"><span class='ocrx_word' id='word_1_614' title='bbox 1899 4120 1995 4172; x_wconf 75' lang='lat' dir='ltr'><strong>vim</strong></span> <span class='ocrx_word' id='word_1_615' title='bbox 2022 4127 2145 4183; x_wconf 71' lang='lat' dir='ltr'><strong>tute,</strong></span> <span class='ocrx_word' id='word_1_616' title='bbox 2173 4127 2223 4170; x_wconf 85' lang='lat' dir='ltr'><strong>et</strong></span> <span class='ocrx_word' id='word_1_617' title='bbox 2254 4117 2456 4170; x_wconf 75' lang='lat' dir='ltr'><strong>semita:</strong></span> <span class='ocrx_word' id='word_1_618' title='bbox 2485 4125 2591 4169; x_wconf 79' lang='lat' dir='ltr'><strong>tua:</strong></span> <span class='ocrx_word' id='word_1_619' title='bbox 2631 4116 2688 4168; x_wconf 85' lang='lat' dir='ltr'><strong>in</strong></span> <span class='ocrx_word' id='word_1_620' title='bbox 2733 4116 2886 4185; x_wconf 80' lang='lat' dir='ltr'><strong>aquis</strong></span> <span class='ocrx_word' id='word_1_621' title='bbox 2938 4113 3146 4176; x_wconf 79' lang='lat' dir='ltr'><strong>multis,</strong></span> <span class='ocrx_word' id='word_1_622' title='bbox 3176 4123 3225 4168; x_wconf 86' lang='lat' dir='ltr'><strong>et</strong></span> <span class='ocrx_word' id='word_1_623' title='bbox 3256 4113 3475 4183; x_wconf 78' lang='lat' dir='ltr'><strong>vestigia</strong></span> 
     </span>
    </p>
   </div>
   <div class='ocr_carea' id='block_1_87' title="bbox 1902 4206 3475 4279">
    <p class='ocr_par' dir='ltr' id='par_1_87' title="bbox 1902 4206 3475 4279">
     <span class='ocr_line' id='line_1_87' title="bbox 1902 4206 3475 4279; baseline -0.002 -17"><span class='ocrx_word' id='word_1_624' title='bbox 1902 4219 1994 4263; x_wconf 85' lang='lat' dir='ltr'><strong>tua</strong></span> <span class='ocrx_word' id='word_1_625' title='bbox 2018 4224 2120 4262; x_wconf 85' lang='lat' dir='ltr'><strong>non</strong></span> <span class='ocrx_word' id='word_1_626' title='bbox 2147 4219 2559 4279; x_wconf 77' lang='lat' dir='ltr'><strong>cognoscentur;</strong></span> <span class='ocrx_word' id='word_1_627' title='bbox 2597 4222 2745 4261; x_wconf 91' lang='lat' dir='ltr'><strong>nunc</strong></span> <span class='ocrx_word' id='word_1_628' title='bbox 2792 4221 3010 4277; x_wconf 89' lang='lat' dir='ltr'><strong>quoque</strong></span> <span class='ocrx_word' id='word_1_629' title='bbox 3049 4206 3322 4261; x_wconf 88' lang='lat' dir='ltr'><strong>marinum</strong></span> <span class='ocrx_word' id='word_1_630' title='bbox 3373 4212 3475 4259; x_wconf 87' lang='lat' dir='ltr'><strong>hu-</strong></span> 
     </span>
    </p>
   </div>
   <div class='ocr_carea' id='block_1_88' title="bbox 1901 4295 3472 4372">
    <p class='ocr_par' dir='ltr' id='par_1_88' title="bbox 1901 4295 3472 4372">
     <span class='ocr_line' id='line_1_88' title="bbox 1901 4295 3472 4372; baseline -0.003 -16"><span class='ocrx_word' id='word_1_631' title='bbox 1901 4317 2107 4356; x_wconf 90' lang='lat' dir='ltr'><strong>morem</strong></span> <span class='ocrx_word' id='word_1_632' title='bbox 2137 4317 2278 4355; x_wconf 63' lang='lat' dir='ltr'><strong>arcze</strong></span> <span class='ocrx_word' id='word_1_633' title='bbox 2311 4299 2630 4372; x_wconf 89' lang='lat' dir='ltr'><strong>gradibilem</strong></span> <span class='ocrx_word' id='word_1_634' title='bbox 2672 4297 2821 4354; x_wconf 80' lang='lat' dir='ltr'><strong>fecit.</strong></span> <span class='ocrx_word' id='word_1_635' title='bbox 2872 4298 2940 4353; x_wconf 86' lang='lat' dir='ltr'><strong>Et</strong></span> <span class='ocrx_word' id='word_1_636' title='bbox 2983 4311 3210 4368; x_wconf 80' lang='lat' dir='ltr'><strong>magnus</strong></span> <span class='ocrx_word' id='word_1_637' title='bbox 3253 4295 3472 4368; x_wconf 86' lang='lat' dir='ltr'><strong>quidem</strong></span> 
     </span>
    </p>
   </div>
   <div class='ocr_carea' id='block_1_89' title="bbox 1900 4388 3473 4456">
    <p class='ocr_par' dir='ltr' id='par_1_89' title="bbox 1900 4388 3473 4456">
     <span class='ocr_line' id='line_1_89' title="bbox 1900 4388 3473 4456; baseline -0.003 -10"><span class='ocrx_word' id='word_1_638' title='bbox 1900 4391 2093 4448; x_wconf 89' lang='lat' dir='ltr'><strong>Petrus</strong></span> <span class='ocrx_word' id='word_1_639' title='bbox 2118 4393 2169 4446; x_wconf 93' lang='lat' dir='ltr'><strong>iu</strong></span> <span class='ocrx_word' id='word_1_640' title='bbox 2195 4393 2332 4447; x_wconf 89' lang='lat' dir='ltr'><strong>mari</strong></span> <span class='ocrx_word' id='word_1_641' title='bbox 2360 4391 2662 4456; x_wconf 91' lang='lat' dir='ltr'><strong>ambulare,</strong></span> <span class='ocrx_word' id='word_1_642' title='bbox 2679 4399 2909 4446; x_wconf 88' lang='lat' dir='ltr'><strong>vocante</strong></span> <span class='ocrx_word' id='word_1_643' title='bbox 2925 4404 3048 4444; x_wconf 90' lang='lat' dir='ltr'><strong>eum</strong></span> <span class='ocrx_word' id='word_1_644' title='bbox 3072 4388 3138 4443; x_wconf 89' lang='lat' dir='ltr'><strong>ad</strong></span> <span class='ocrx_word' id='word_1_645' title='bbox 3156 4403 3214 4443; x_wconf 90' lang='lat' dir='ltr'><strong>se</strong></span> <span class='ocrx_word' id='word_1_646' title='bbox 3235 4388 3473 4453; x_wconf 88' lang='lat' dir='ltr'><strong>Christo,</strong></span> 
     </span>
    </p>
   </div>
   <div class='ocr_carea' id='block_1_90' title="bbox 1901 4477 3476 4550">
    <p class='ocr_par' dir='ltr' id='par_1_90' title="bbox 1901 4477 3476 4550">
     <span class='ocr_line' id='line_1_90' title="bbox 1901 4477 3476 4550; baseline -0.003 -14"><span class='ocrx_word' id='word_1_647' title='bbox 1901 4491 2226 4550; x_wconf 91' lang='lat' dir='ltr'><strong>conspectus</strong></span> <span class='ocrx_word' id='word_1_648' title='bbox 2255 4490 2339 4534; x_wconf 90' lang='lat' dir='ltr'><strong>est</strong></span> <span class='ocrx_word' id='word_1_649' title='bbox 2365 4481 2407 4513; x_wconf 75' lang='grc' dir='ltr'>’ί</span> <span class='ocrx_word' id='word_1_650' title='bbox 2440 4497 2453 4534; x_wconf 92' lang='lat'><strong>:</strong></span> <span class='ocrx_word' id='word_1_651' title='bbox 2491 4480 2745 4550; x_wconf 88' lang='lat' dir='ltr'><strong>idemque</strong></span> <span class='ocrx_word' id='word_1_652' title='bbox 2771 4477 2975 4534; x_wconf 88' lang='lat' dir='ltr'><strong>fecisse</strong></span> <span class='ocrx_word' id='word_1_653' title='bbox 2997 4485 3223 4547; x_wconf 88' lang='lat' dir='ltr'><strong>apparet</strong></span> <span class='ocrx_word' id='word_1_654' title='bbox 3249 4477 3476 4532; x_wconf 87' lang='lat' dir='ltr'><strong>Bartho-</strong></span> 
     </span>
    </p>
   </div>
   <div class='ocr_carea' id='block_1_91' title="bbox 227 4569 1824 4646">
    <p class='ocr_par' dir='ltr' id='par_1_91' title="bbox 227 4571 1794 4646">
     <span class='ocr_line' id='line_1_91' title="bbox 227 4571 1794 4646; baseline 0 -20"><span class='ocrx_word' id='word_1_655' title='bbox 227 4573 368 4626; x_wconf 74' lang='grc' dir='ltr'>καὶὸ</span> <span class='ocrx_word' id='word_1_656' title='bbox 413 4572 673 4644; x_wconf 84' lang='grc' dir='ltr'>Πέτροςὸ</span> <span class='ocrx_word' id='word_1_657' title='bbox 713 4571 890 4641; x_wconf 83' lang='grc' dir='ltr'>μέγας</span> <span class='ocrx_word' id='word_1_658' title='bbox 946 4573 1269 4644; x_wconf 88' lang='grc' dir='ltr'>περιπατῶν</span> <span class='ocrx_word' id='word_1_659' title='bbox 1319 4577 1377 4626; x_wconf 85' lang='grc' dir='ltr'>ὲν</span> <span class='ocrx_word' id='word_1_660' title='bbox 1433 4577 1500 4643; x_wconf 84' lang='grc' dir='ltr'>τῇ</span> <span class='ocrx_word' id='word_1_661' title='bbox 1551 4574 1794 4646; x_wconf 82' lang='grc' dir='ltr'>θαλάσσῃ</span> 
     </span>
    </p>
   </div>
   <div class='ocr_carea' id='block_1_92' title="bbox 1901 4569 3477 4646">
    <p class='ocr_par' dir='ltr' id='par_1_92' title="bbox 1902 4569 3477 4641">
     <span class='ocr_line' id='line_1_92' title="bbox 1902 4569 3477 4641; baseline -0.003 -14"><span class='ocrx_word' id='word_1_662' title='bbox 1902 4573 2150 4627; x_wconf 78' lang='lat' dir='ltr'><strong>lomzcutn</strong></span> <span class='ocrx_word' id='word_1_663' title='bbox 2187 4571 2240 4625; x_wconf 91' lang='lat' dir='ltr'><strong>in</strong></span> <span class='ocrx_word' id='word_1_664' title='bbox 2275 4586 2402 4626; x_wconf 90' lang='lat' dir='ltr'><strong>arca</strong></span> <span class='ocrx_word' id='word_1_665' title='bbox 2442 4572 2700 4641; x_wconf 85' lang='lat' dir='ltr'><strong>reliquias</strong></span> <span class='ocrx_word' id='word_1_666' title='bbox 2727 4585 2859 4626; x_wconf 90' lang='lat' dir='ltr'><strong>suas</strong></span> <span class='ocrx_word' id='word_1_667' title='bbox 2893 4578 3157 4640; x_wconf 78' lang='lat' dir='ltr'><strong>gestante,</strong></span> <span class='ocrx_word' id='word_1_668' title='bbox 3190 4569 3369 4638; x_wconf 90' lang='lat' dir='ltr'><strong>quasi,</strong></span> <span class='ocrx_word' id='word_1_669' title='bbox 3395 4569 3477 4622; x_wconf 52' lang='lat' dir='ltr'><strong>in-</strong></span> 
     </span>
    </p>
   </div>
   <div class='ocr_carea' id='block_1_93' title="bbox 227 4659 1824 4739">
    <p class='ocr_par' dir='ltr' id='par_1_93' title="bbox 227 4665 1800 4739">
     <span class='ocr_line' id='line_1_93' title="bbox 227 4665 1800 4739; baseline 0.001 -20"><span class='ocrx_word' id='word_1_670' title='bbox 227 4667 520 4730; x_wconf 83' lang='grc' dir='ltr'>καλοῦντος</span> <span class='ocrx_word' id='word_1_671' title='bbox 552 4665 688 4736; x_wconf 86' lang='grc' dir='ltr'>πρὸς</span> <span class='ocrx_word' id='word_1_672' title='bbox 727 4666 891 4720; x_wconf 82' lang='grc' dir='ltr'>αὑτὸν</span> <span class='ocrx_word' id='word_1_673' title='bbox 915 4667 1150 4737; x_wconf 83' lang='grc' dir='ltr'>Χριστοῦ</span> <span class='ocrx_word' id='word_1_674' title='bbox 1181 4667 1355 4739; x_wconf 79' lang='grc' dir='ltr'>ἐφάνη</span> <span class='ocrx_word' id='word_1_675' title='bbox 1381 4685 1394 4698; x_wconf 70' lang='grc' dir='ltr'><strong>ο</strong></span> <span class='ocrx_word' id='word_1_676' title='bbox 1424 4667 1581 4720; x_wconf 88' lang='grc' dir='ltr'>τοῦτο</span> <span class='ocrx_word' id='word_1_677' title='bbox 1603 4671 1631 4721; x_wconf 75' lang='grc' dir='ltr'>ὁ</span> <span class='ocrx_word' id='word_1_678' title='bbox 1656 4668 1800 4729; x_wconf 87' lang='grc' dir='ltr'>θεῖος</span> 
     </span>
    </p>
   </div>
   <div class='ocr_carea' id='block_1_94' title="bbox 1901 4659 3474 4739">
    <p class='ocr_par' dir='ltr' id='par_1_94' title="bbox 1901 4659 3474 4737">
     <span class='ocr_line' id='line_1_94' title="bbox 1901 4659 3474 4737; baseline -0.003 -18"><span class='ocrx_word' id='word_1_679' title='bbox 1901 4680 2086 4737; x_wconf 88' lang='lat' dir='ltr'><strong>quam,</strong></span> <span class='ocrx_word' id='word_1_680' title='bbox 2119 4663 2357 4733; x_wconf 84' lang='lat' dir='ltr'><strong>pedestri</strong></span> <span class='ocrx_word' id='word_1_681' title='bbox 2397 4663 2593 4718; x_wconf 88' lang='lat' dir='ltr'><strong>itinere</strong></span> <span class='ocrx_word' id='word_1_682' title='bbox 2619 4662 2818 4716; x_wconf 80' lang='lat' dir='ltr'><strong>fluctus</strong></span> <span class='ocrx_word' id='word_1_683' title='bbox 2848 4662 3109 4717; x_wconf 86' lang='lat' dir='ltr'><strong>calcasse.</strong></span> <span class='ocrx_word' id='word_1_684' title='bbox 3151 4659 3196 4715; x_wconf 90' lang='grc' dir='ltr'><strong>Ο</strong></span> <span class='ocrx_word' id='word_1_685' title='bbox 3236 4660 3474 4716; x_wconf 88' lang='lat' dir='ltr'><strong>miracu-</strong></span> 
     </span>
    </p>
   </div>
   <div class='ocr_carea' id='block_1_95' title="bbox 226 4752 1824 4832">
    <p class='ocr_par' dir='ltr' id='par_1_95' title="bbox 226 4752 1800 4832">
     <span class='ocr_line' id='line_1_95' title="bbox 226 4752 1800 4832; baseline 0.002 -20"><span class='ocrx_word' id='word_1_686' title='bbox 226 4758 630 4830; x_wconf 80' lang='grc' dir='ltr'>Βαρθολομαῖος</span> <span class='ocrx_word' id='word_1_687' title='bbox 658 4752 760 4814; x_wconf 82' lang='grc' dir='ltr'><strong>ὦδε</strong></span> <span class='ocrx_word' id='word_1_688' title='bbox 791 4763 856 4831; x_wconf 77' lang='grc' dir='ltr'>τῇ</span> <span class='ocrx_word' id='word_1_689' title='bbox 886 4759 1260 4830; x_wconf 71' lang='grc' dir='ltr'>λειψάνοφὸρῳ</span> <span class='ocrx_word' id='word_1_690' title='bbox 1289 4762 1521 4832; x_wconf 91' lang='grc' dir='ltr'>λάρνακι</span> <span class='ocrx_word' id='word_1_691' title='bbox 1554 4761 1800 4826; x_wconf 78' lang='grc' dir='ltr'>πεζεύων</span> 
     </span>
    </p>
   </div>
   <div class='ocr_carea' id='block_1_96' title="bbox 1901 4752 3476 4832">
    <p class='ocr_par' dir='ltr' id='par_1_96' title="bbox 1901 4752 3476 4826">
     <span class='ocr_line' id='line_1_96' title="bbox 1901 4752 3476 4826; baseline -0.005 -13"><span class='ocrx_word' id='word_1_692' title='bbox 1901 4757 2040 4813; x_wconf 82' lang='lat' dir='ltr'><strong>lum!</strong></span> <span class='ocrx_word' id='word_1_693' title='bbox 2102 4772 2135 4812; x_wconf 92' lang='grc' dir='ltr'><strong>ο</strong></span> <span class='ocrx_word' id='word_1_694' title='bbox 2169 4756 2374 4826; x_wconf 88' lang='lat' dir='ltr'><strong>grande</strong></span> <span class='ocrx_word' id='word_1_695' title='bbox 2409 4756 2758 4825; x_wconf 90' lang='lat' dir='ltr'><strong>portentum!</strong></span> <span class='ocrx_word' id='word_1_696' title='bbox 2814 4753 3031 4809; x_wconf 88' lang='lat' dir='ltr'><strong>Etenim</strong></span> <span class='ocrx_word' id='word_1_697' title='bbox 3082 4768 3152 4808; x_wconf 86' lang='lat' dir='ltr'><strong>ex</strong></span> <span class='ocrx_word' id='word_1_698' title='bbox 3202 4752 3476 4806; x_wconf 77' lang='lat' dir='ltr'><strong>Armeniae</strong></span> 
     </span>
    </p>
   </div>
   <div class='ocr_carea' id='block_1_97' title="bbox 225 4847 1824 4925">
    <p class='ocr_par' dir='ltr' id='par_1_97' title="bbox 225 4851 1798 4925">
     <span class='ocr_line' id='line_1_97' title="bbox 225 4851 1798 4925; baseline 0.003 -21"><span class='ocrx_word' id='word_1_699' title='bbox 225 4851 368 4905; x_wconf 87' lang='grc' dir='ltr'><strong>κατά</strong></span> <span class='ocrx_word' id='word_1_700' title='bbox 411 4852 672 4922; x_wconf 86' lang='grc' dir='ltr'>κυμάτων</span> <span class='ocrx_word' id='word_1_701' title='bbox 722 4851 1009 4906; x_wconf 81' lang='grc' dir='ltr'>δέδεικται.</span> <span class='ocrx_word' id='word_1_702' title='bbox 1054 4854 1117 4905; x_wconf 82' lang='grc' dir='ltr'><strong>Ὢ</strong></span> <span class='ocrx_word' id='word_1_703' title='bbox 1148 4851 1242 4906; x_wconf 89' lang='grc' dir='ltr'><strong>τοῦ</strong></span> <span class='ocrx_word' id='word_1_704' title='bbox 1279 4852 1591 4923; x_wconf 77' lang='grc' dir='ltr'>θαύματοςῐ</span> <span class='ocrx_word' id='word_1_705' title='bbox 1625 4853 1670 4907; x_wconf 86' lang='grc' dir='ltr'><strong>ὣ</strong></span> <span class='ocrx_word' id='word_1_706' title='bbox 1698 4855 1798 4925; x_wconf 82' lang='grc' dir='ltr'><strong>τῆς</strong></span> 
     </span>
    </p>
   </div>
   <div class='ocr_carea' id='block_1_98' title="bbox 1901 4847 3476 4925">
    <p class='ocr_par' dir='ltr' id='par_1_98' title="bbox 1901 4847 3476 4916">
     <span class='ocr_line' id='line_1_98' title="bbox 1901 4847 3476 4916; baseline -0.006 -11"><span class='ocrx_word' id='word_1_707' title='bbox 1901 4850 2058 4906; x_wconf 91' lang='lat' dir='ltr'><strong>terris</strong></span> <span class='ocrx_word' id='word_1_708' title='bbox 2107 4849 2393 4905; x_wconf 90' lang='lat' dir='ltr'><strong>discedens</strong></span> <span class='ocrx_word' id='word_1_709' title='bbox 2432 4863 2560 4903; x_wconf 87' lang='lat' dir='ltr'><strong>arca</strong></span> <span class='ocrx_word' id='word_1_710' title='bbox 2585 4863 2709 4903; x_wconf 90' lang='lat' dir='ltr'><strong>cum</strong></span> <span class='ocrx_word' id='word_1_711' title='bbox 2748 4847 2869 4903; x_wconf 88' lang='lat' dir='ltr'><strong>aliis</strong></span> <span class='ocrx_word' id='word_1_712' title='bbox 2913 4855 3208 4916; x_wconf 82' lang='lat' dir='ltr'><strong>martyrum</strong></span> <span class='ocrx_word' id='word_1_713' title='bbox 3240 4853 3476 4915; x_wconf 88' lang='lat' dir='ltr'><strong>quatuor</strong></span> 
     </span>
    </p>
   </div>
   <div class='ocr_carea' id='block_1_99' title="bbox 228 4937 1824 5013">
    <p class='ocr_par' dir='ltr' id='par_1_99' title="bbox 228 4941 1798 5012">
     <span class='ocr_line' id='line_1_99' title="bbox 228 4941 1798 5012; baseline 0.002 -19"><span class='ocrx_word' id='word_1_714' title='bbox 228 4941 633 5012; x_wconf 82' lang='grc' dir='ltr'>μεγαλουργίας</span> <span class='ocrx_word' id='word_1_715' title='bbox 665 4942 678 4994; x_wconf 85' lang='lat'><strong>!</strong></span> <span class='ocrx_word' id='word_1_716' title='bbox 723 4941 1032 5012; x_wconf 74' lang='grc' dir='ltr'>ἐξορμήσας</span> <span class='ocrx_word' id='word_1_717' title='bbox 1051 4943 1158 5012; x_wconf 80' lang='grc' dir='ltr'>γὰρ</span> <span class='ocrx_word' id='word_1_718' title='bbox 1187 4943 1251 4994; x_wconf 85' lang='grc' dir='ltr'>ὲκ</span> <span class='ocrx_word' id='word_1_719' title='bbox 1289 4941 1398 4994; x_wconf 88' lang='grc' dir='ltr'><strong>τῶν</strong></span> <span class='ocrx_word' id='word_1_720' title='bbox 1431 4941 1625 5012; x_wconf 84' lang='grc' dir='ltr'>χώρων</span> <span class='ocrx_word' id='word_1_721' title='bbox 1671 4944 1798 5012; x_wconf 79' lang='grc' dir='ltr'><strong>Ἀρ-</strong></span> 
     </span>
    </p>
   </div>
   <div class='ocr_carea' id='block_1_100' title="bbox 1901 4937 3471 5013">
    <p class='ocr_par' dir='ltr' id='par_1_100' title="bbox 1901 4937 3471 5013">
     <span class='ocr_line' id='line_1_100' title="bbox 1901 4937 3471 5013; baseline -0.004 -16"><span class='ocrx_word' id='word_1_722' title='bbox 1901 4944 1966 4997; x_wconf 87' lang='lat' dir='ltr'><strong>ob</strong></span> <span class='ocrx_word' id='word_1_723' title='bbox 2003 4942 2153 5013; x_wconf 89' lang='lat' dir='ltr'><strong>paria</strong></span> <span class='ocrx_word' id='word_1_724' title='bbox 2173 4941 2438 4996; x_wconf 90' lang='lat' dir='ltr'><strong>miracula</strong></span> <span class='ocrx_word' id='word_1_725' title='bbox 2468 4941 2678 5012; x_wconf 84' lang='lat' dir='ltr'><strong>ejectis,</strong></span> <span class='ocrx_word' id='word_1_726' title='bbox 2699 4952 2751 4995; x_wconf 91' lang='lat' dir='ltr'><strong>et</strong></span> <span class='ocrx_word' id='word_1_727' title='bbox 2773 4941 2911 4994; x_wconf 86' lang='lat' dir='ltr'><strong>idem</strong></span> <span class='ocrx_word' id='word_1_728' title='bbox 2937 4953 3088 4992; x_wconf 86' lang='lat' dir='ltr'><strong>mare</strong></span> <span class='ocrx_word' id='word_1_729' title='bbox 3109 4937 3471 4998; x_wconf 86' lang='lat' dir='ltr'><strong>sulcantibus,</strong></span> 
     </span>
    </p>
   </div>
   <div class='ocr_carea' id='block_1_101' title="bbox 228 5028 1824 5106">
    <p class='ocr_par' dir='ltr' id='par_1_101' title="bbox 228 5031 1800 5106">
     <span class='ocr_line' id='line_1_101' title="bbox 228 5031 1800 5106; baseline 0.001 -19"><span class='ocrx_word' id='word_1_730' title='bbox 228 5034 421 5104; x_wconf 87' lang='grc' dir='ltr'>μενίας</span> <span class='ocrx_word' id='word_1_731' title='bbox 464 5034 499 5106; x_wconf 75' lang='grc' dir='ltr'><strong>η</strong></span> <span class='ocrx_word' id='word_1_732' title='bbox 536 5031 740 5103; x_wconf 80' lang='grc' dir='ltr'>λάρναξ</span> <span class='ocrx_word' id='word_1_733' title='bbox 783 5035 878 5087; x_wconf 79' lang='grc' dir='ltr'><strong>σὺν</strong></span> <span class='ocrx_word' id='word_1_734' title='bbox 907 5034 1198 5103; x_wconf 80' lang='grc' dir='ltr'>τέσσαρσιν</span> <span class='ocrx_word' id='word_1_735' title='bbox 1242 5036 1594 5105; x_wconf 68' lang='grc' dir='ltr'>μαρωρικοῖς</span> <span class='ocrx_word' id='word_1_736' title='bbox 1621 5034 1800 5099; x_wconf 80' lang='grc' dir='ltr'>ἄλλοις</span> 
     </span>
    </p>
   </div>
   <div class='ocr_carea' id='block_1_102' title="bbox 1901 5028 3474 5106">
    <p class='ocr_par' dir='ltr' id='par_1_102' title="bbox 1906 5028 3474 5106">
     <span class='ocr_line' id='line_1_102' title="bbox 1906 5028 3474 5106; baseline -0.008 -15"><span class='ocrx_word' id='word_1_737' title='bbox 1906 5033 2438 5106; x_wconf 67' lang='grc' dir='ltr'>ρτωοεάεηιίὺυειιίε</span> <span class='ocrx_word' id='word_1_738' title='bbox 2462 5043 2697 5105; x_wconf 88' lang='lat' dir='ltr'><strong>quatuor</strong></span> <span class='ocrx_word' id='word_1_739' title='bbox 2727 5043 2781 5088; x_wconf 94' lang='lat' dir='ltr'><strong>et</strong></span> <span class='ocrx_word' id='word_1_740' title='bbox 2801 5033 2957 5103; x_wconf 91' lang='lat' dir='ltr'><strong>quasi</strong></span> <span class='ocrx_word' id='word_1_741' title='bbox 2985 5028 3307 5098; x_wconf 87' lang='lat' dir='ltr'><strong>obsequium</strong></span> <span class='ocrx_word' id='word_1_742' title='bbox 3342 5041 3474 5097; x_wconf 56' lang='lat' dir='ltr'><strong>apo.</strong></span> 
     </span>
    </p>
   </div>
   <div class='ocr_carea' id='block_1_103' title="bbox 225 5119 1824 5195">
    <p class='ocr_par' dir='ltr' id='par_1_103' title="bbox 225 5125 1801 5195">
     <span class='ocr_line' id='line_1_103' title="bbox 225 5125 1801 5195; baseline 0.001 -18"><span class='ocrx_word' id='word_1_743' title='bbox 225 5126 310 5193; x_wconf 75' lang='grc' dir='ltr'><strong>ἐφ’</strong></span> <span class='ocrx_word' id='word_1_744' title='bbox 353 5125 568 5194; x_wconf 73' lang='grc' dir='ltr'>ὁμοίαις</span> <span class='ocrx_word' id='word_1_745' title='bbox 620 5128 742 5188; x_wconf 81' lang='grc' dir='ltr'>ταῖς</span> <span class='ocrx_word' id='word_1_746' title='bbox 787 5126 1209 5194; x_wconf 84' lang='grc' dir='ltr'>σημειουργίαις</span> <span class='ocrx_word' id='word_1_747' title='bbox 1265 5126 1652 5195; x_wconf 80' lang='grc' dir='ltr'>ὲκριφείσαις,</span> <span class='ocrx_word' id='word_1_748' title='bbox 1705 5128 1801 5180; x_wconf 77' lang='grc' dir='ltr'>καὶ</span> 
     </span>
    </p>
   </div>
   <div class='ocr_carea' id='block_1_104' title="bbox 1901 5119 3475 5195">
    <p class='ocr_par' dir='ltr' id='par_1_104' title="bbox 1904 5119 3475 5195">
     <span class='ocr_line' id='line_1_104' title="bbox 1904 5119 3475 5195; baseline -0.006 -13"><span class='ocrx_word' id='word_1_749' title='bbox 1904 5127 2045 5182; x_wconf 88' lang='lat' dir='ltr'><strong>stolo</strong></span> <span class='ocrx_word' id='word_1_750' title='bbox 2075 5123 2462 5195; x_wconf 62' lang='lat' dir='ltr'><strong>praebentibus,</strong></span> <span class='ocrx_word' id='word_1_751' title='bbox 2503 5131 2728 5178; x_wconf 91' lang='lat' dir='ltr'><strong>ventum</strong></span> <span class='ocrx_word' id='word_1_752' title='bbox 2768 5132 2870 5188; x_wconf 88' lang='lat' dir='ltr'><strong>est,</strong></span> <span class='ocrx_word' id='word_1_753' title='bbox 2913 5120 3181 5177; x_wconf 86' lang='lat' dir='ltr'><strong>declinata</strong></span> <span class='ocrx_word' id='word_1_754' title='bbox 3223 5119 3475 5188; x_wconf 88' lang='lat' dir='ltr'><strong>superius</strong></span> 
     </span>
    </p>
   </div>
   <div class='ocr_carea' id='block_1_105' title="bbox 227 5210 1824 5288">
    <p class='ocr_par' dir='ltr' id='par_1_105' title="bbox 227 5217 1798 5288">
     <span class='ocr_line' id='line_1_105' title="bbox 227 5217 1798 5288; baseline -0.001 -18"><span class='ocrx_word' id='word_1_755' title='bbox 227 5217 312 5270; x_wconf 71' lang='grc' dir='ltr'><strong>διὰ</strong></span> <span class='ocrx_word' id='word_1_756' title='bbox 365 5218 466 5288; x_wconf 81' lang='grc' dir='ltr'>τῆς</span> <span class='ocrx_word' id='word_1_757' title='bbox 521 5217 694 5287; x_wconf 82' lang='grc' dir='ltr'>αὐτῆς</span> <span class='ocrx_word' id='word_1_758' title='bbox 733 5217 1012 5287; x_wconf 83' lang='grc' dir='ltr'>θαλάσσης</span> <span class='ocrx_word' id='word_1_759' title='bbox 1067 5217 1396 5288; x_wconf 84' lang='grc' dir='ltr'>ἀμφοτέρων</span> <span class='ocrx_word' id='word_1_760' title='bbox 1457 5232 1798 5288; x_wconf 83' lang='grc' dir='ltr'>ποντοπορη-</span> 
     </span>
    </p>
   </div>
   <div class='ocr_carea' id='block_1_106' title="bbox 1901 5210 3473 5288">
    <p class='ocr_par' dir='ltr' id='par_1_106' title="bbox 1905 5210 3473 5285">
     <span class='ocr_line' id='line_1_106' title="bbox 1905 5210 3473 5285; baseline -0.006 -14"><span class='ocrx_word' id='word_1_761' title='bbox 1905 5216 2112 5282; x_wconf 87' lang='lat' dir='ltr'><strong>Sicilia,</strong></span> <span class='ocrx_word' id='word_1_762' title='bbox 2146 5215 2213 5270; x_wconf 91' lang='lat' dir='ltr'><strong>ad</strong></span> <span class='ocrx_word' id='word_1_763' title='bbox 2262 5214 2497 5270; x_wconf 87' lang='lat' dir='ltr'><strong>insulam</strong></span> <span class='ocrx_word' id='word_1_764' title='bbox 2530 5214 2751 5269; x_wconf 88' lang='lat' dir='ltr'><strong>nomine</strong></span> <span class='ocrx_word' id='word_1_765' title='bbox 2789 5213 3065 5285; x_wconf 89' lang='lat' dir='ltr'><strong>Liparim,</strong></span> <span class='ocrx_word' id='word_1_766' title='bbox 3121 5220 3175 5267; x_wconf 91' lang='lat' dir='ltr'><strong>et</strong></span> <span class='ocrx_word' id='word_1_767' title='bbox 3201 5210 3473 5281; x_wconf 82' lang='lat' dir='ltr'><strong>Agathoui</strong></span> 
     </span>
    </p>
   </div>
   <div class='ocr_carea' id='block_1_107' title="bbox 229 5306 1824 5388">
    <p class='ocr_par' dir='ltr' id='par_1_107' title="bbox 229 5307 1796 5388">
     <span class='ocr_line' id='line_1_107' title="bbox 229 5307 1796 5388; baseline -0.001 -27"><span class='ocrx_word' id='word_1_768' title='bbox 229 5311 460 5373; x_wconf 74' lang='grc' dir='ltr'>σάντων,</span> <span class='ocrx_word' id='word_1_769' title='bbox 491 5309 918 5380; x_wconf 82' lang='grc' dir='ltr'>προηγουμένων</span> <span class='ocrx_word' id='word_1_770' title='bbox 971 5307 1082 5361; x_wconf 88' lang='grc' dir='ltr'><strong>τῶν</strong></span> <span class='ocrx_word' id='word_1_771' title='bbox 1131 5308 1447 5388; x_wconf 71' lang='grc' dir='ltr'>τεττάρων,</span> <span class='ocrx_word' id='word_1_772' title='bbox 1480 5309 1572 5361; x_wconf 73' lang='grc' dir='ltr'><strong>καὶ</strong></span> <span class='ocrx_word' id='word_1_773' title='bbox 1631 5307 1796 5361; x_wconf 78' lang='grc' dir='ltr'>οἱονεὶ</span> 
     </span>
    </p>
   </div>
   <div class='ocr_carea' id='block_1_108' title="bbox 1901 5306 3470 5388">
    <p class='ocr_par' dir='ltr' id='par_1_108' title="bbox 1901 5306 3470 5376">
     <span class='ocr_line' id='line_1_108' title="bbox 1901 5306 3470 5376; baseline -0.007 -12"><span class='ocrx_word' id='word_1_774' title='bbox 1901 5308 2252 5364; x_wconf 89' lang='lat' dir='ltr'><strong>sanctissimo</strong></span> <span class='ocrx_word' id='word_1_775' title='bbox 2279 5307 2389 5360; x_wconf 89' lang='lat' dir='ltr'><strong>illic</strong></span> <span class='ocrx_word' id='word_1_776' title='bbox 2425 5306 2682 5376; x_wconf 89' lang='lat' dir='ltr'><strong>episcopo</strong></span> <span class='ocrx_word' id='word_1_777' title='bbox 2710 5321 2807 5376; x_wconf 91' lang='lat' dir='ltr'><strong>per</strong></span> <span class='ocrx_word' id='word_1_778' title='bbox 2836 5306 3014 5360; x_wconf 89' lang='lat' dir='ltr'><strong>visum</strong></span> <span class='ocrx_word' id='word_1_779' title='bbox 3057 5311 3291 5357; x_wconf 75' lang='lat' dir='ltr'><strong>ostensa:</strong></span> <span class='ocrx_word' id='word_1_780' title='bbox 3323 5311 3470 5356; x_wconf 84' lang='lat' dir='ltr'><strong>sunt.</strong></span> 
     </span>
    </p>
   </div>
   <div class='ocr_carea' id='block_1_109' title="bbox 227 5389 1824 5471">
    <p class='ocr_par' dir='ltr' id='par_1_109' title="bbox 227 5398 1793 5471">
     <span class='ocr_line' id='line_1_109' title="bbox 227 5398 1793 5471; baseline -0.001 -18"><span class='ocrx_word' id='word_1_781' title='bbox 227 5401 590 5470; x_wconf 65' lang='grc' dir='ltr'>ὁψικευὸντων</span> <span class='ocrx_word' id='word_1_782' title='bbox 632 5398 713 5471; x_wconf 78' lang='grc' dir='ltr'>τῷ</span> <span class='ocrx_word' id='word_1_783' title='bbox 759 5399 1091 5470; x_wconf 84' lang='grc' dir='ltr'>Ἀποστόλῳ,</span> <span class='ocrx_word' id='word_1_784' title='bbox 1129 5400 1394 5464; x_wconf 81' lang='grc' dir='ltr'>ὲκκλινείς</span> <span class='ocrx_word' id='word_1_785' title='bbox 1441 5399 1508 5452; x_wconf 77' lang='grc' dir='ltr'>τὰ</span> <span class='ocrx_word' id='word_1_786' title='bbox 1537 5401 1793 5454; x_wconf 64' lang='grc' dir='ltr'>ἐπέκεινα</span> 
     </span>
    </p>
   </div>
   <div class='ocr_carea' id='block_1_110' title="bbox 1901 5389 3474 5471">
    <p class='ocr_par' dir='ltr' id='par_1_110' title="bbox 1901 5389 3474 5470">
     <span class='ocr_line' id='line_1_110' title="bbox 1901 5389 3474 5470; baseline -0.006 -17"><span class='ocrx_word' id='word_1_787' title='bbox 1901 5400 2032 5466; x_wconf 89' lang='lat' dir='ltr'><strong>Quis</strong></span> <span class='ocrx_word' id='word_1_788' title='bbox 2063 5415 2299 5470; x_wconf 87' lang='lat' dir='ltr'><strong>unquam</strong></span> <span class='ocrx_word' id='word_1_789' title='bbox 2340 5399 2515 5453; x_wconf 84' lang='lat' dir='ltr'><strong>audiit</strong></span> <span class='ocrx_word' id='word_1_790' title='bbox 2561 5406 2773 5452; x_wconf 88' lang='lat' dir='ltr'><strong>tantum</strong></span> <span class='ocrx_word' id='word_1_791' title='bbox 2815 5394 3182 5451; x_wconf 83' lang='lat' dir='ltr'><strong>miraculum?</strong></span> <span class='ocrx_word' id='word_1_792' title='bbox 3210 5389 3310 5448; x_wconf 87' lang='lat' dir='ltr'><strong>Cui</strong></span> <span class='ocrx_word' id='word_1_793' title='bbox 3367 5392 3474 5445; x_wconf 88' lang='lat' dir='ltr'><strong>tale</strong></span> 
     </span>
    </p>
   </div>
   <div class='ocr_carea' id='block_1_111' title="bbox 301 5571 1488 5647">
    <p class='ocr_par' dir='ltr' id='par_1_111' title="bbox 301 5571 1488 5647">
     <span class='ocr_line' id='line_1_111' title="bbox 301 5571 1488 5647; baseline 0.01 -22"><span class='ocrx_word' id='word_1_794' title='bbox 301 5571 347 5604; x_wconf 81' lang='lat'><strong>&quot;</strong></span> <span class='ocrx_word' id='word_1_795' title='bbox 375 5572 519 5629; x_wconf 89' lang='lat' dir='ltr'><strong>Psal.</strong></span> <span class='ocrx_word' id='word_1_796' title='bbox 553 5587 736 5641; x_wconf 75' lang='lat' dir='ltr'><strong>Lxxvr,</strong></span> <span class='ocrx_word' id='word_1_797' title='bbox 767 5574 859 5628; x_wconf 70' lang='lat'><strong>20.</strong></span> <span class='ocrx_word' id='word_1_798' title='bbox 965 5582 1006 5613; x_wconf 77' lang='grc'><strong>⁸³</strong></span> <span class='ocrx_word' id='word_1_799' title='bbox 1040 5581 1228 5639; x_wconf 70' lang='lat' dir='ltr'><strong>Matth.</strong></span> <span class='ocrx_word' id='word_1_800' title='bbox 1261 5599 1373 5647; x_wconf 80' lang='lat' dir='ltr'><strong>xiv,</strong></span> <span class='ocrx_word' id='word_1_801' title='bbox 1399 5584 1488 5637; x_wconf 77' lang='lat'><strong>9.8.</strong></span> 
     </span>
    </p>
   </div>
   <div class='ocr_carea' id='block_1_112' title="bbox 307 5719 1790 5790">
    <p class='ocr_par' dir='ltr' id='par_1_112' title="bbox 307 5719 1790 5790">
     <span class='ocr_line' id='line_1_112' title="bbox 307 5719 1790 5790; baseline -0.001 -14"><span class='ocrx_word' id='word_1_802' title='bbox 307 5724 418 5790; x_wconf 67' lang='lat'><strong>(50)</strong></span> <span class='ocrx_word' id='word_1_803' title='bbox 461 5721 561 5775; x_wconf 87' lang='lat' dir='ltr'><strong>Hic</strong></span> <span class='ocrx_word' id='word_1_804' title='bbox 604 5719 867 5774; x_wconf 90' lang='lat' dir='ltr'><strong>nonnulla</strong></span> <span class='ocrx_word' id='word_1_805' title='bbox 903 5730 1205 5790; x_wconf 81' lang='lat' dir='ltr'><strong>sequuntur</strong></span> <span class='ocrx_word' id='word_1_806' title='bbox 1251 5722 1304 5772; x_wconf 92' lang='lat' dir='ltr'><strong>in</strong></span> <span class='ocrx_word' id='word_1_807' title='bbox 1342 5720 1790 5790; x_wconf 85' lang='lat' dir='ltr'><strong>interpretatione</strong></span> 
     </span>
    </p>
   </div>
   <div class='ocr_carea' id='block_1_113' title="bbox 234 5789 1782 5861">
    <p class='ocr_par' dir='ltr' id='par_1_113' title="bbox 234 5789 1782 5861">
     <span class='ocr_line' id='line_1_113' title="bbox 234 5789 1782 5861; baseline -0.001 -15"><span class='ocrx_word' id='word_1_808' title='bbox 234 5792 525 5852; x_wconf 81' lang='lat' dir='ltr'><strong>Anastasii,</strong></span> <span class='ocrx_word' id='word_1_809' title='bbox 557 5807 677 5861; x_wconf 67' lang='lat' dir='ltr'><strong>quae</strong></span> <span class='ocrx_word' id='word_1_810' title='bbox 701 5791 920 5844; x_wconf 69' lang='lat' dir='ltr'><strong>Graecus</strong></span> <span class='ocrx_word' id='word_1_811' title='bbox 943 5790 1113 5844; x_wconf 80' lang='lat' dir='ltr'><strong>codex</strong></span> <span class='ocrx_word' id='word_1_812' title='bbox 1146 5789 1439 5845; x_wconf 89' lang='lat' dir='ltr'><strong>Vaticanus</strong></span> <span class='ocrx_word' id='word_1_813' title='bbox 1469 5789 1575 5843; x_wconf 87' lang='lat' dir='ltr'><strong>non</strong></span> <span class='ocrx_word' id='word_1_814' title='bbox 1603 5793 1782 5844; x_wconf 86' lang='lat' dir='ltr'><strong>habet.</strong></span> 
     </span>
    </p>
   </div>
   <div class='ocr_carea' id='block_1_114' title="bbox 306 5861 1784 5930">
    <p class='ocr_par' dir='ltr' id='par_1_114' title="bbox 306 5861 1784 5930">
     <span class='ocr_line' id='line_1_114' title="bbox 306 5861 1784 5930; baseline -0.001 -12"><span class='ocrx_word' id='word_1_815' title='bbox 306 5861 416 5930; x_wconf 63' lang='lat'><strong>(4|)</strong></span> <span class='ocrx_word' id='word_1_816' title='bbox 459 5862 681 5917; x_wconf 74' lang='lat' dir='ltr'><strong>Videtur</strong></span> <span class='ocrx_word' id='word_1_817' title='bbox 708 5861 861 5916; x_wconf 88' lang='lat' dir='ltr'><strong>locus</strong></span> <span class='ocrx_word' id='word_1_818' title='bbox 886 5875 1105 5915; x_wconf 87' lang='lat' dir='ltr'><strong>sensum</strong></span> <span class='ocrx_word' id='word_1_819' title='bbox 1134 5876 1297 5930; x_wconf 86' lang='lat' dir='ltr'><strong>quem</strong></span> <span class='ocrx_word' id='word_1_820' title='bbox 1327 5877 1426 5916; x_wconf 87' lang='lat' dir='ltr'><strong>nos</strong></span> <span class='ocrx_word' id='word_1_821' title='bbox 1456 5861 1784 5928; x_wconf 79' lang='lat' dir='ltr'><strong>scripsimus</strong></span> 
     </span>
    </p>
   </div>
   <div class='ocr_carea' id='block_1_115' title="bbox 1897 5719 3471 5850">
    <p class='ocr_par' dir='ltr' id='par_1_115' title="bbox 1897 5719 3471 5850">
     <span class='ocr_line' id='line_1_115' title="bbox 1897 5719 3471 5850; baseline -0.005 -71"><span class='ocrx_word' id='word_1_822' title='bbox 1897 5726 2192 5850; x_wconf 57' lang='lat' dir='ltr'><strong>postulare.</strong></span> <span class='ocrx_word' id='word_1_823' title='bbox 2241 5725 2428 5781; x_wconf 78' lang='lat' dir='ltr'><strong>Graeca</strong></span> <span class='ocrx_word' id='word_1_824' title='bbox 2478 5734 2657 5780; x_wconf 88' lang='lat' dir='ltr'><strong>tamen</strong></span> <span class='ocrx_word' id='word_1_825' title='bbox 2691 5723 2855 5778; x_wconf 85' lang='lat' dir='ltr'><strong>verba</strong></span> <span class='ocrx_word' id='word_1_826' title='bbox 2900 5737 3012 5778; x_wconf 87' lang='lat' dir='ltr'><strong>non</strong></span> <span class='ocrx_word' id='word_1_827' title='bbox 3061 5719 3196 5778; x_wconf 88' lang='lat' dir='ltr'><strong>satis</strong></span> <span class='ocrx_word' id='word_1_828' title='bbox 3243 5733 3471 5790; x_wconf 71' lang='lat' dir='ltr'><strong>rcspon~</strong></span> 
     </span>
     <span class='ocr_line' id='line_1_116' title="bbox 1897 5804 2040 5850; baseline -0.014 0"><span class='ocrx_word' id='word_1_829' title='bbox 1897 5804 2040 5850; x_wconf 83' lang='lat' dir='ltr'><strong>teut.</strong></span> 
     </span>
    </p>
   </div>
   <div class='ocr_carea' id='block_1_116' title="bbox 1893 5804 2040 5850">
    <p class='ocr_par' dir='ltr' id='par_1_116' title="bbox 1893 5804 2040 5850">
     <span class='ocr_line' id='line_1_117' title="bbox 1893 5804 2040 5850; baseline -0.014 0"><span class='ocrx_word' id='word_1_830' title='bbox 1893 5804 2040 5850; x_wconf 85' lang='lat' dir='ltr'><strong>dent.</strong></span> 
     </span>
    </p>
   </div>
  </div>
