4170 6500
661 407 768 469 799
1852 412 1910 472 S.
1951 412 2346 473 THEODORI
2388 415 2731 476 STUDITAS
3811 408 3915 470 8οὓ

663 526 984 588 tantumque
1013 518 1318 590 prodigium
1355 520 1635 577 innotuit?
1669 523 1988 578 Miraculum
2047 541 2239 580 cumu-

2371 529 2591 592 ἒικελξας
2621 529 2757 596 πρὸς
2785 529 2884 596 τὴν
2911 526 3009 595 τῆς
3036 524 3325 595 Λιπάρεως
3351 521 3697 592 καλουμένην
3731 534 3913 588 νητον.

665 605 813 662 latur
858 609 1144 664 miraculo.
1199 608 1409 680 Quippe
1438 623 1558 666 orat
1589 614 1852 686 (λιπαρεῖ
1884 626 2245 687 congruenter

2371 623 2414 673 ἱι⁹
2457 620 2853 690 ἀποκαλύψεως
2876 617 2971 671 τοῦ
3012 615 3268 686 τηνικάδε
3312 611 3741 680 ὲπισκοποῦντος
3767 613 3921 663 ὁσιω-

665 715 769 756 suo
801 700 1032 770 nomini)
1068 701 1245 757 insula
1274 702 1454 758 tacitis
1493 703 1727 761 fortasse
1773 717 1831 760 ut
1881 708 2137 763 credibile
2165 716 2249 762 est

2371 713 2510 764 τάτου
2555 709 2860 778 Ἀγάθωνος
2887 706 3183 779 ὁρώμεναι.
3211 703 3308 766 Τίς
3331 701 3634 772 ήκουτίσθη
3665 698 3924 768 τηλικοῦο

665 790 897 846 voeibus
929 791 1175 846 clamans
1199 793 1278 846 sic
1313 810 1327 847 :
1371 793 1500 849 Veni
1538 797 1605 850 ad
1643 813 1728 852 me
1759 798 2175 868 pauperculam,
2215 813 2247 852 ο

2371 819 2439 855 τον
2473 801 2898 873 τερατούργημα
2930 815 2945 864 ;
2995 797 3080 860 τίς
3121 793 3372 864 ἐδιδάχθη
3420 792 3761 863 τηλικαύτην
3788 790 3921 843 Θαυ-

665 882 818 936 dives
855 883 1192 938 sanctissimi
1234 883 1476 955 Spiritus
1513 889 1771 944 tbesaure
1803 905 1818 943 :
1851 891 1974 944 veni
2029 889 2098 944 ad
2159 904 2246 944 me

2371 889 2720 958 ιατουργίαν;
2748 888 2936 958 Θαῢμα
2985 887 3044 939 ὲν
3079 885 3356 955 θαύματι·
3400 883 3625 952 λιπαρεῖ
3667 882 3782 947 (ιὲ)
3814 881 3920 951 γὰρ

669 972 1024 1042 indigentem,
1048 990 1080 1029 o
1106 975 1342 1044 pretiosa
1368 979 1665 1049 margarita
1696 1000 1709 1034 :
1746 983 1865 1037 veni
1899 981 1964 1036 ad
2002 997 2090 1037 me
2123 999 2247 1053 sup-

669 1064 862 1134 plieem
890 1107 905 1132 ,
949 1075 1004 1121 tu
1054 1067 1147 1136 qui
1187 1069 1256 1122 ah
1294 1070 1416 1125 aliis
1452 1072 1793 1142 iniquissime
1831 1074 2096 1143 expulsus
2139 1090 2198 1129 es
2235 1093 2248 1129 :

675 1170 892 1209 mecum
954 1157 1136 1211 habita
1170 1197 1184 1218 .
1243 1169 1297 1214 et
1343 1161 1743 1219 habitatoribus
1799 1163 2015 1220 afﬂuam
2050 1183 2064 1220 :
2105 1181 2254 1220 meas

676 1245 844 1300 urbes
880 1255 1053 1314 tuere,
1085 1257 1139 1304 et
1168 1251 1349 1318 populi
1377 1253 1723 1309 multitudine
1744 1256 2035 1310 abundabo
2059 1275 2071 1310 :
2099 1266 2254 1310 tuum

679 1337 812 1391 mihi
849 1340 1318 1400 nomenjnscribe
1343 1383 1358 1406 ,
1402 1353 1453 1398 et
1485 1346 1683 1415 ubique
1720 1357 1990 1402 terrarum
2024 1349 2256 1406 celebris

678 1426 826 1480 fiam.
862 1426 969 1480 Alil
1003 1437 1054 1482 te
1083 1427 1356 1486 luminare
1390 1434 1738 1501 expulerunt,
1775 1447 1860 1492 ast
1889 1451 1989 1506 ego
2023 1437 2256 1492 tenebri-

677 1533 802 1572 cosa
839 1526 990 1572 tuum
1023 1521 1206 1575 lumen
1231 1523 1428 1592 exopto
1463 1545 1475 1579 :
1508 1527 1602 1582 alii
1640 1537 1733 1582 tua
1766 1529 2013 1584 vivorum
2047 1546 2254 1586 sermo-

677 1623 806 1661 num
841 1624 1033 1664 mensa
1059 1609 1208 1666 fruiti
1252 1624 1402 1681 sunt,
1437 1625 1523 1671 ast
1553 1633 1654 1690 ego
1686 1619 1935 1690 reliquiis
1979 1621 2122 1686 tuis,
2155 1637 2254 1677 ceu

675 1700 901 1754 catellus
926 1703 1108 1762 micis.
1140 1705 1315 1760 inhio.

2352 975 2464 1034 οἷον
2488 982 2522 1050 ή
2568 980 2889 1051 φερώνυμυς
2931 981 3114 1048 νῆσος,
3145 975 3370 1030 τοιαῦτα
3399 973 3562 1044 τυχὸν
3595 973 3732 1042 πρὸς
3765 973 3925 1024 αὐτὸν

2356 1072 2646 1143 ἀλαλήτοις
2695 1074 2900 1140 φωναῖς
2955 1068 3232 1122 ἐπιϐοῶσα
3265 1084 3279 1099 ·
3313 1065 3488 1134 Δεῦρο
3527 1065 3664 1134 πρός
3719 1056 3787 1133 μέ
3829 1064 3926 1133 τὴν

2357 1159 2796 1229 πτωχεύουσανὸ
2827 1157 3133 1228 τρισόλϐιος
3188 1155 3463 1226 Θησαυρδς
3516 1152 3610 1206 τοῦ
3659 1153 3928 1220 παναγίου

2358 1247 2665 1316 πνεύματος
2686 1265 2701 1279 ο
2723 1246 2879 1316 δεῦρο
2896 1248 3030 1316 πρός
3048 1263 3114 1315 με
3134 1245 3232 1315 τὴν
3261 1245 3563 1314 ἀγέραστον
3586 1243 3613 1295 ό
3631 1241 3932 1310 πολυτίμη-

2357 1355 2448 1400 τος
2501 1338 2849 1408 μαργαρίτης
2878 1352 2892 1366 °
2921 1337 3080 1407 δεῦρο
3123 1336 3260 1406 πρός
3295 1353 3360 1405 με
3396 1336 3495 1404 τὴν
3540 1334 3930 1403 δυσωπήτριαν

2357 1437 2386 1486 ό
2439 1433 2568 1504 παρ’
2595 1433 2769 1486 ἀλλων
2817 1431 3276 1502 ἀποπεμπόμενος
3331 1429 3640 1498 ἀνομότατα
3676 1443 3690 1458 ο
3735 1425 3934 1479 ἐνοικί-

2359 1524 2517 1594 σθητί
2580 1541 2693 1594 μοι,
2721 1526 2817 1578 καὶ
2867 1522 3351 1592 πολοικισθήσομαι
3379 1536 3392 1550 ·
3425 1518 3787 1588 πολιούχησόν
3843 1532 3930 1584 με,

2359 1618 2455 1668 καὶ
2507 1614 3206 1685 πολυανθρωπισθήσομαν
3253 1608 3642 1680 όνοματίσθητί
3695 1624 3809 1676 μοι,
3843 1608 3934 1657 καὶ

2365 1705 2637 1776 πανταχοῦ
2681 1703 3093 1774 ὲξηχηθήσομαι
3120 1719 3132 1730 ·
3163 1702 3213 1754 oi.
3258 1701 3406 1754 ἄλλοι
3435 1715 3496 1752 σε
3526 1699 3617 1751 τὸν
3668 1699 3937 1765 φωστῆρα

677 1789 987 1853 ἀπώσαντο,
1020 1791 1134 1846 ἀλλ’
1175 1795 1286 1863 ἐγώ
1345 1815 1440 1850 σου
1503 1798 1595 1852 τοῦ
1632 1801 1804 1869 φάους
1865 1801 2089 1872 ἐφίεμαι
2129 1805 2162 1870 ἡ
2209 1799 2612 1868 στυγνάζουσαο
2661 1799 2709 1851 οί
2757 1798 2905 1850 ἄλλοι
2957 1812 3051 1848 σου
3085 1794 3186 1864 τῆς
3231 1793 3511 1865 τραπέζης
3553 1791 3661 1844 τῶν
3714 1789 3936 1851 ζώντων

678 1884 851 1953 λόγων
882 1887 1340 1957 ἀπολελαύκασιν,
1368 1893 1481 1946 ἀλλ’
1504 1894 1613 1961 ἐγώ
1643 1912 1735 1949 σου
1761 1897 1870 1951 τῶν
1894 1899 2161 1968 λειψάνων
2183 1897 2258 1961 ὡς
2297 1897 2553 1966 κυνάριον
2580 1892 2902 1964 ψιχίσασθαι
2930 1891 3207 1961 γλίχομαι.

760 1974 811 2027 7.
844 1973 974 2031 Post
1004 1979 1106 2032 ista
1131 2020 1147 2042 ,
1176 1993 1401 2037 cateros
1439 1999 1707 2056 martyres
1737 1989 1892 2056 quasi
1925 2004 2055 2044 suos
2090 1991 2257 2059 stipa-
2289 1998 2329 2051 Β

686 2076 834 2123 tores
868 2077 1014 2124 retro
1042 2070 1311 2140 ablegavit
1343 2077 1620 2142 apostolus
1647 2116 1661 2138 .
1709 2094 1878 2132 unttm
1914 2080 2131 2150 quidem
2167 2095 2264 2135 no-

685 2156 832 2210 mine
863 2156 1129 2228 Papinum
1161 2160 1334 2232 Mylas
1374 2165 1563 2218 urbem
1613 2165 1813 2222 Sicilia
1857 2170 2007 2225 misit
2042 2187 2055 2223 :
2091 2171 2259 2224 alium

683 2247 772 2300 cui
805 2262 1004 2304 nomen
1034 2248 1278 2307 Luciano
1301 2292 1315 2316 ,
1364 2253 1670 2311 Messanam
1705 2277 1716 2310 :
1751 2259 1890 2315 duos
1923 2263 2165 2331 reliquos
2196 2264 2262 2317 ad

685 2335 952 2393 Calabria
975 2340 1178 2408 littora,
1201 2342 1522 2414 Gregorium
1547 2349 1664 2401 urbi
1684 2348 1981 2409 Columna.
2005 2353 2264 2408 Acacium

690 2429 807 2482 urbi
839 2427 988 2486 Cala
1017 2434 1303 2501 appellata
1343 2435 1643 2492 destinavit
1676 2458 1687 2493 :
1722 2449 1780 2493 ut
1823 2443 2021 2512 singuli
2061 2445 2112 2496 in
2149 2445 2265 2498 sin-

687 2519 830 2589 gulis
888 2520 1105 2591 oppidis
1169 2524 1469 2582 incolarum
1529 2528 1706 2584 forent
1749 2541 2122 2600 protectores,
2175 2536 2266 2590 ubi

693 2625 883 2681 reapse
908 2615 974 2666 ad
1011 2613 1160 2670 hunc
1193 2633 1366 2686 usque
1385 2618 1530 2674 diem
1558 2621 1839 2678 beneficiis
1881 2624 2265 2681 inclarescunt.

692 2701 809 2770 Ipse
832 2714 1014 2758 autem
1054 2705 1508 2774 Bartholomaus,
1563 2722 1820 2783 tauquam
1880 2731 1976 2771 rex
2032 2720 2269 2788 propriis

694 2799 905 2853 laribus
938 2801 990 2853 in
1024 2817 1158 2870 pace
1191 2804 1420 2871 potitus.
1453 2805 1520 2859 ad
1557 2820 1837 2867 vocantem
1868 2825 1926 2863 se
1957 2810 2144 2865 urbem
2175 2827 2270 2866 ac-

694 2887 878 2954 cessit,
920 2890 1010 2944 ubi
1041 2892 1322 2961 splendide
1360 2906 1612 2964 receptus
1658 2895 1780 2960 fuit,
1815 2899 2000 2954 multis
2031 2917 2154 2953 cum
2190 2900 2270 2954 fa-

696 2980 872 3045 cibus,
907 2982 1191 3047 odoribus,
1230 2988 1449 3057 hymnis
1486 3004 1514 3042 a
1544 2990 1757 3045 cunctis
1789 2991 2000 3046 civibus
2032 2993 2134 3062 ipsi
2179 2993 2272 3047 la:-

705 3081 885 3127 tanter
926 3079 1367 3132 occurrentibus.
1400 3081 1661 3149 Deinceps
1696 3098 1824 3137 vero
1855 3084 1998 3138 haud
2045 3085 2273 3140 ulterius

700 3178 827 3217 arca
867 3167 1226 3234 procedebat;
1260 3185 1382 3222 nam
1422 3172 1764 3227 trahentibus
1810 3174 1953 3236 illis.
2000 3176 2115 3245 ipsa
2155 3186 2274 3231 erat

705 3255 1025 3314 immobilis.
1059 3257 1303 3316 Tristitia
1334 3262 1535 3333 gaudio
1563 3265 1831 3323 successit
1866 3285 1878 3320 :
1919 3267 1969 3320 in
2001 3269 2274 3324 anxietate

2427 1987 2668 2056 ζ’.11ρδς
2715 1984 2889 2037 ταῦτα
2941 1981 3131 2050 ὥσπερ
3181 1979 3337 2042 τινάς
3385 1978 3735 2047 δορυφόρους,
3769 1977 3929 2032 ἀλλον

2363 2076 2598 2147 ἀλλαχοῦ
2625 2076 2736 2129 τῶν
2771 2073 3066 2145 μαρτύρων
3095 2073 3174 2134 είς
3205 2071 3450 2123 τούπίσω
3478 2069 3936 2139 παραπεμψάμεο

2363 2185 2450 2230 νος
2475 2167 2504 2219 ό
2541 2165 2858 2226 Ἀπόστολος
2881 2204 2895 2228 ,
2919 2164 3012 2216 τὸν
3050 2164 3147 2233 μὲν
3177 2161 3419 2214 Παπίνον
3449 2160 3560 2228 (43)
3584 2158 3825 2228 τοΰνομα
3861 2160 3938 2220 είς

2364 2256 2540 2311 Μειλά
2564 2266 2583 2293 τ
2611 2255 2708 2325 τὴν
2733 2254 2888 2308 πόλιν
2925 2253 3172 2316 Σικελίας
3193 2268 3205 2280 ’
3232 2251 3325 2304 τὸν
3353 2251 3409 2303 δὲ
3445 2251 3782 2321 ὲνΜεσσήνῃ
3802 2251 3939 2302 Λου-

2367 2349 2552 2402 κιανὸν
2601 2350 2668 2415 τῇ
2708 2347 2898 2416 κλήσει
2926 2363 2938 2376 ο
2975 2347 3234 2414 ἑκάτερον
3276 2343 3346 2397 αὖ
3375 2359 3432 2396 τε
3465 2344 3522 2394 ιν
3549 2345 3615 2412 τῇ
3653 2340 3936 2411 Καλαὸρί-

2367 2439 2471 2491 τιδι
2519 2439 2681 2509 γαίᾳ·
2713 2438 3012 2507 Γρηγόριον
3056 2437 3153 2506 μὲν
3201 2437 3258 2488 ὲν
3293 2436 3552 2506 Κολύμνῃ
3580 2445 3602 2472 ⁸
3644 2433 3899 2504 τῇ’πόλει
3923 2449 3936 2461 °

2383 2529 2635 2583 ’Δκάκιον
2669 2530 2728 2583 δὲ
2751 2531 2830 2592 εἰς
2870 2529 3054 2592 Κάλας
3091 2534 3107 2564 ⁸
3144 2527 3487 2598 καλουμένην
3515 2545 3528 2558 ⁸
3566 2528 3640 2590 ὡς
3692 2527 3758 2580 ἀν
3811 2526 3940 2578 ἐκα-

2371 2639 2494 2686 στος
2549 2623 2606 2675 ὲν
2646 2616 2909 2695 ἑκάστῃῇ
2955 2620 3337 2690 προασπιστὴς
3367 2619 3473 2671 τῶν
3504 2621 3831 2688 οίκητόρων,
3867 2619 3941 2669 οῖ-

2371 2732 2478 2786 περ
2507 2715 2598 2768 καὶ
2629 2714 2792 2785 μέχρι
2836 2717 3075 2784 τήμερον
3117 2711 3518 2781 διαλάμπουσιν
3560 2712 3681 2772 ταῖς
3712 2711 3940 2762 ἐπικου-

2375 2805 2516 2876 ρίαις
2537 2823 2550 2836 ·
2583 2806 2766 2870 αὐτὸς,
2795 2805 2869 2868 ὡς
2893 2804 2958 2859 ἂν
2989 2821 3072 2867 τις
3105 2802 3355 2874 βασιλεὺς
3384 2801 3590 2864 οἰκείας
3622 2801 3942 2869 ἀναπαύλης

2377 2895 2839 2966 μεταληψόμενος,
2875 2893 3280 2966 προσὼρμησεν
3308 2895 3376 2963 τῇ
3409 2891 3659 2960 καλούσῃ
3683 2932 3698 2953 ,
3759 2891 3946 2945 ὑπεδέ-

2374 2986 2475 3056 χοη
2501 2987 2812 3056 περιφανῶς
2834 2987 3045 3050 πολλοῖς
3078 2986 3449 3056 λαμπτῆρσιν,
3479 2983 3729 3044 εὐωδίαις
3752 3000 3814 3035 τε
3859 2985 3946 3036 καὶ

2375 3077 2747 3145 ὑμνολογίαις,
2771 3079 3030 3132 ἀπάντων
3074 3079 3185 3132 τῶν
3215 3081 3397 3133 ἐκεῖσε
3432 3079 3860 3148 ὑπαντησάντων
3891 3079 3947 3129 ἐν

2375 3168 2715 3237 ἀγαλλιάσει.
2752 3169 2825 3222 Τὸ
2869 3169 2927 3222 δὲ
2957 3170 3086 3240 ἑξῆς
3111 3172 3171 3224 οὺ
3210 3172 3409 3241 προῄει
3439 3174 3472 3242 ή
3503 3169 3711 3242 λάρναξ
3733 3185 3746 3198 ο
3771 3170 3823 3220 oi.
3857 3171 3948 3239 μὲν

2376 3257 2486 3328 γάρ
2513 3251 2716 3325 εἷλκον,
2743 3257 2777 3328 ή
2810 3257 2867 3310 δὲ
2911 3253 2980 3328 ἦν
3007 3258 3263 3328 ἀκίνητος
3284 3275 3298 3289 ο
3335 3257 3610 3321 διεδέξατο
3634 3255 3694 3308 τὸ
3722 3271 3950 3323 περιχα-

701 3355 819 3399 erat
842 3348 1095 3418 populus.
1121 3348 1226 3406 Sed
1262 3367 1372 3406 rem
1391 3355 1680 3423 expetitatn
1715 3357 2054 3425 impetravit:
2079 3360 2272 3414 etenim

2383 3348 2473 3419 ρὲς
2497 3349 2530 3415 ἡ
2559 3347 2706 3419 λύπη
2732 3364 2746 3378 ⁸
2773 3349 2830 3401 ἐν
2863 3347 3067 3420 ἀπορίᾳ
3094 3348 3123 3400 ό
3154 3334 3600 3417 λαόςῗὲπὲτυχεν
3632 3345 3694 3397 τὸ
3730 3343 3918 3412 ἔξευρε
3945 3375 3951 3383 -

705 3435 875 3506 Prope
906 3449 985 3494 est
1012 3441 1267 3496 Dominus
1293 3445 1653 3500 invocantibus
1669 3464 1786 3500 eum
1811 3450 1876 3501 ".
1900 3449 2117 3503 Duabus
2149 3465 2276 3521 ergo

706 3543 890 3582 arcam
930 3531 1274 3587 trahentibus
1299 3535 1466 3590 castis
1499 3535 1734 3601 buculis,
1767 3535 1878 3592 illic
1905 3538 2142 3606 reposita
2175 3548 2279 3605 est,

712 3619 801 3671 ubi
849 3635 1064 3675 sacrum
1097 3624 1204 3678 divi
1262 3626 1518 3697 templum
1561 3631 1742 3683 statim
1776 3629 1880 3685 fuit
1904 3630 2228 3686 adificatum
2264 3651 2277 3685 :

712 3727 822 3778 quo
854 3713 937 3766 vix
968 3714 1244 3779 absoluto.
1280 3718 1473 3788 ingens
1514 3722 1833 3777 miraculum
1862 3725 2107 3794 contigit.
2145 3722 2282 3779 Nam

711 3818 834 3856 cum
858 3801 1157 3871 Vulcanus,
1197 3818 1251 3862 ut
1278 3811 1572 3880 appellant,
1601 3815 1943 3882 pencinsula
1969 3817 2282 3885 contiguus,

713 3895 905 3950 incolis
937 3899 1136 3952 damno
1168 3909 1329 3964 esset,
1375 3905 1630 3959 invisibili
1660 3921 1900 3970 recessu,
1950 3909 2106 3977 quasi
2162 3926 2286 3978 per-

717 3993 959 4052 tractus,
993 3990 1184 4045 stadiis
1240 4001 1446 4061 septem
1505 3995 1563 4048 in'
1620 3998 1841 4068 pelagus
1879 4015 1939 4054 se
1993 4001 2284 4068 subduxit;

713 4079 858 4144 quod
889 4081 1211 4137 miraculum
1250 4093 1423 4141 traettt
1474 4087 1565 4140 illo
1605 4092 1760 4159 quasi
1810 4093 2113 4149 recedentis
2140 4092 2286 4149 fluvii

718 4183 890 4239 usque
913 4171 978 4225 ad
1015 4173 1152 4230 banc
1191 4175 1333 4230 diem
1375 4179 1721 4246 pradicatur.

787 4351 838 4407 8.
891 4351 1062 4409 Porro
1115 4367 1249 4426 quot
1291 4371 1345 4414 et
1394 4369 1595 4427 quanta
1654 4362 1908 4433 deinceps
1963 4365 2291 4420 mirabiliter

719 4454 979 4514 operatus
1023 4448 1128 4513 sit,
1178 4460 1270 4504 aut
1300 4451 1435 4506 mira
1484 4452 1691 4508 faciens
1741 4453 2002 4511 hactenus
2035 4469 2290 4525 operetur

722 4536 866 4592 circa
897 4551 992 4593 eos
1021 4540 1114 4609 qui
1141 4541 1372 4598 diversis
1397 4543 1752 4615 languoribus
1787 4556 1841 4601 et
1875 4547 2288 4604 infirmitatibus

722 4628 968 4684 obstricti
998 4632 1062 4685 ad
1091 4632 1266 4702 ipsum
1298 4634 1402 4690 fide
1430 4635 1773 4706 confugiunt,
1795 4653 1897 4694 nec
1919 4639 2288 4695 necessarium

722 4722 1010 4778 estdicere
1043 4726 1110 4779 ob
1147 4727 1508 4794 prolixitatem
1551 4727 1699 4800 [Vat.
1742 4727 1860 4784 Lat.
1899 4731 2289 4802 prolixionem]

727 4822 1012 4880 tractatus,
1046 4831 1147 4871 nec
1177 4817 1493 4874 incredibile
1526 4820 1805 4887 audienti,
1831 4835 1957 4876 cum
1990 4822 2189 4892 pignus
2227 4840 2293 4878 ex

727 4920 834 4960 uno
871 4907 1066 4963 habeat
1093 4910 1324 4966 aliorum
1376 4912 1746 4969 exbibitiones
1803 4914 1943 4970 mire
1990 4926 2292 4986 gestorum.

830 5017 875 5048 "
905 5015 1049 5071 Psal.
1100 5030 1279 5076 cxuv,
1311 5010 1404 5065 ‘28.

2381 3437 2717 3507 0£V"Errbc
2733 3438 2839 3507 γὰρ
2857 3439 3070 3506 Κύριος
3089 3435 3213 3502 τοῖς
3224 3435 3722 3504 ἐπικαλουμένοις
3739 3434 3945 3486 αὐτόν’

2379 3531 2472 3584 δύο
2505 3533 2683 3609 τοίνυν
2729 3531 3023 3601 δαμάλεσιν
3051 3532 3242 3598 ἁγναῖς
3276 3527 3646 3598 ἀναληφθεῐσα
3678 3525 3913 3593 ἀπετέθη
3937 3563 3952 3587 ,

2382 3621 2510 3676 ἔνθα
2536 3625 2562 3676 ὁ
2595 3623 2737 3693 ἱερὸς
2768 3625 2932 3676 αὑτοῦ
2956 3621 3102 3686 οἶκος
3135 3622 3334 3676 αὐτίκα
3359 3619 3645 3691 ἑνιδρύνθη
3671 3633 3686 3648 ⁶
3722 3619 3814 3670 καὶ
3843 3617 3953 3687 ἅμα

2383 3714 2460 3786 τῷ
2487 3714 2818 3784 ἀπαρτισμῴ
2839 3755 2854 3778 ,
2886 3716 2980 3769 καὶ
3007 3715 3066 3768 τὸ
3109 3715 3291 3785 θαῦμα
3316 3711 3554 3779 ἐξαίσιον
3584 3729 3598 3743 ·
3637 3709 3825 3780 ἐπειδὴ
3849 3711 3956 3762 τοί-

2385 3823 2479 3862 νυν
2505 3810 2533 3862 ό
2560 3805 2888 3876 καλούμενος
2912 3807 3212 3872 Βουλκάνος
3249 3806 3536 3877 ἐχέκολλος
3566 3803 3643 3858 ὢν
3673 3803 3856 3875 σχεδὸν
3891 3806 3955 3871 τῇ

2387 3903 2552 3972 νήσῳ,
2587 3899 2884 3970 βλαπτικὸς
2927 3900 3172 3970 ὑπῆρχεν
3218 3902 3331 3962 τοῖς
3380 3899 3709 3970 περιοίκοις,
3737 3895 3957 3950 ἀπῶστο

2389 3992 2621 4064 ἀορασία
2651 3991 2745 4044 καὶ
2766 3984 2877 4044 οἷον
2909 3990 3205 4059 ἀποσυρεὶς
3249 3987 3520 4056 ὑπεξέστη
3554 3986 3789 4048 σταδίοις
3822 3984 3958 4037 ὲπτά

2391 4084 2527 4152 πρὸς
2555 4083 2749 4136 πόντον
2782 4082 2893 4153 (Η)
2935 4079 3027 4134 τοῦ
3058 4077 3420 4149 παρασυρμοῦ
3459 4077 3649 4146 ὥσπερ
3690 4078 3958 4146 ποταμίου

2395 4176 2660 4247 ῥεύματος
2683 4177 2843 4247 μέχρι
2872 4175 2968 4244 τῆς
2996 4175 3234 4245 σήμερον
3256 4172 3316 4226 τὸ
3347 4169 3528 4241 θαῦμα
3559 4169 3957 4239 ἀνακηρύττον-

2392 4285 2500 4332 τος.

2463 4362 2505 4413 Τ
2510 4365 2544 4415 ἀ
2605 4360 2898 4430 μετέπειτα
2949 4359 3067 4429 (45),
3097 4359 3197 4412 ὅσα
3235 4359 3330 4412 καὶ
3359 4357 3521 4426 ἡλίκα
3553 4355 3958 4427 τεθαυματοὺρ-

2394 4469 2584 4522 γηκεν,
2615 4451 2649 4524 ἢ
2685 4449 3123 4522 θαυματουργῶν
3148 4451 3262 4504 ἐστι
3297 4449 3432 4520 πρὸς
3463 4449 3588 4512 τοὺς
3626 4446 3806 4500 πίστει
3845 4464 3963 4515 φοι·

2394 4543 2603 4607 τῶντας
2636 4543 2795 4614 μέχρι
2817 4541 2912 4596 τοῦ
2945 4541 3103 4612 δεῦρο
3139 4543 3195 4594 ὲν
3223 4542 3503 4611 διαφόροις
3528 4539 3702 4604 νόσοις
3735 4537 3830 4590 κα)⁸
3861 4556 3962 4607 μα-

2400 4637 2614 4699 λακίαις
2640 4636 3048 4708 ὲνισχημένους.
3084 4634 3204 4688 οὔτε
3228 4634 3363 4704 πρὸς
3393 4633 3549 4704 ἡμῶν
3572 4633 3633 4685 τὸ
3656 4631 3962 4714 λέγειν,

2401 4731 2462 4782 τὸ
2499 4728 2858 4800 μακρογορὲς,
2886 4727 3007 4780 οὔτε
3041 4727 3174 4798 πρὸς
3195 4728 3318 4788 τοὺς
3333 4725 3629 4790 ἀκούοντας
3657 4726 3718 4778 τὸ
3744 4722 3961 4787 ἀπειθὲς

2402 4822 2676 4893 ἐνέχυρον,
2703 4820 2798 4874 τοῦ
2834 4821 2950 4884 ἑνὸς
2982 4822 3079 4882 τὰς
3107 4819 3365 4892 περὶτῶν
3415 4819 3592 4873 ἀλλων
3625 4815 3960 4886 συγκαταθὲ-

2405 4931 2520 4978 σεις
2549 4914 2784 4983 ἔχοντος.
2803 4913 2964 4967 Ἀλλά
2984 4913 3190 4983 χαίροις
3219 4911 3354 4984 (46),
3387 4905 3432 4965 ὧ
3465 4911 3652 4983 μάκαρ
3681 4908 3961 4979 μακαρίων

2004 5144 2239 5200 VARIAS
2282 5146 2685 5202 LECTIUNES.

804 5237 827 5266 "
850 5225 990 5284 Men.
1028 5228 1123 5284 Gr.
1165 5233 1466 5302 Ἀμυλλαν.
1547 5243 1569 5272 ⁸
1595 5235 1735 5291 Men.
1772 5236 1865 5292 Gr.
1907 5238 2193 5310 Κολήμνῃ.
2277 5243 2294 5276 ⁸
2328 5240 2465 5295 Men.
2492 5241 2587 5296 Gr.
2621 5242 2941 5299 Ἀσκάλους.

803 5341 916 5418 (ιε)
957 5344 1189 5418 Sensum
1221 5348 1482 5418 vocabuli
1525 5351 1768 5418 λιπαρεῖ,
1817 5361 1870 5405 et
1906 5351 1958 5404 in
1998 5366 2064 5406 eo
2096 5351 2298 5417 lusum,

734 5426 841 5467 non
873 5414 1138 5470 intellexit
1179 5417 1267 5471 hic
1303 5417 1642 5472 Anastasius.

807 5485 917 5560 (ᾧ)
957 5485 1016 5560 l_n
1053 5485 1252 5540 Mena’o
1287 5487 1377 5542 Gr.
1411 5490 1496 5560 die
1527 5488 1596 5542 95
1631 5491 1857 5560 Augusti
1890 5491 2228 5546 Παππιανόν.

804 5553 913 5630 (δέ)
957 5555 1073 5630 Huc
1111 5573 1284 5626 usque
1337 5559 1576 5630 mutilus
1612 5553 1779 5613 codex
1815 5561 1935 5613 Vat.
1967 5561 2060 5616 Gr.
2095 5564 2299 5630 pertin-

735 5623 831 5704 git.
875 5623 1255 5704 Verba‘pauiza
1297 5630 1504 5704 reliqua
1540 5627 1723 5704 Graeca
1761 5632 1965 5704 sumpsi
2003 5648 2069 5686 ex
2097 5623 2302 5704 'Aucta-

735 5697 818 5748 rio
864 5697 1508 5769 novissimoCombelisii
1540 5716 1592 5768 p.
1623 5700 1746 5760 400.
1795 5697 1900 5769 qui
1929 5702 2295 5769 narrationem

737 5765 1063 5838 reversionis
1091 5767 1444 5836 reliquiarum
1487 5765 1550 5822 S.‘
1578 5785 1665 5838 ap.
1707 5765 2085 5825 Bariholomai
2118 5768 2210 5824 Gr.
2245 5783 2296 5825 et

745 5834 1080 5910 _|._.at.__edidit,
1131 5834 1440 5910 excerptum
1479 5834 1628 5893 olim'
1654 5856 1682 5892 a
1717 5841 1897 5895 nescio
1943 5857 2050 5910 quo
2095 5857 2156 5895 cx
2197 5844 2295 5896 hac

743 5904 969 5960 Studita
1017 5909 1188 5962 nostri
1229 5904 1512 5977 oratione,
1567 5911 1659 5965 scd
1701 5926 1794 5981 pro
1845 5904 2000 5966 libito
2053 5913 2294 5978 interpo-

2403 5355 2589 5408 latam.

2470 5425 2584 5494 (45)
2622 5424 2755 5489 Qua
2786 5434 3111 5494 sequuntur,
3142 5423 3428 5479 deficiente
3452 5425 3563 5493 jam
3598 5434 3746 5480 textu
3779 5423 3966 5481 Graco

2400 5497 2468 5549 ob
2500 5497 2706 5550 codicis
2741 5497 3231 5564 imperfectionem,
3264 5497 3654 5564 prosequimur
3675 5511 3797 5549 cum
3821 5495 3963 5549 Ana-

2401 5567 2554 5620 stasii
2602 5577 2880 5643 utcunque
2929 5566 3174 5634 impolita
3211 5580 3274 5643 ac
3326 5566 3694 5643 semibarbara
3731 5569 3961 5643 transla-

2401 5637 2578 5695 tione.
2638 5633 2835 5692 collato
2887 5633 3067 5690 tamen
3123 5645 3179 5690 et
3234 5633 3510 5690 interdum
3561 5636 3738 5691 ascito
3782 5636 3963 5691 codice

2401 5705 2520 5760 Lat.
2560 5705 2678 5760 Vat.

2474 5775 2583 5848 (ιβ)
2629 5777 2702 5830 Ex
2733 5775 2919 5832 Graco
2949 5779 3102 5846 χαῖρε
3143 5785 3196 5832 et
3241 5775 3475 5848 χαίροις,
3520 5783 3579 5831 ιιι
3607 5773 3697 5830 diu
3743 5774 3962 5848 ingemi-

2404 5858 2494 5904 nat
2520 5847 2836 5904 Tbeodorus
2867 5844 3027 5904 etiam
3064 5849 3115 5902 in
3145 5844 3388 5902 oratione
3410 5844 3468 5901 6.
