4170 6506
187 429 276 495 801
926 425 1202 488 ORATIO
1252 424 1327 484 X.
1393 449 1463 458 -
1496 422 1579 485 IN
1639 423 1698 482 S.
1732 419 2377 482 BARTIIOLOMJEUM
2417 420 2673 481 APOS’I‘.

3345 421 3454 481 802

189 548 626 620 τρισμακάριστσ
659 546 1034 618 Βαρθολομαῖε
1057 562 1071 576 υ
1102 544 1345 614 χαίροις,
1382 542 1444 596 τὸ
1464 540 1773 594 θεοείκελον

1907 537 1995 594 Sed
2023 553 2140 603 ave,
2173 553 2206 592 o
2232 538 2386 592 beate
2409 538 2712 599 beatorum,
2744 545 2822 590 ter
2855 536 3006 591 beate
3037 535 3452 593 Bartholomaee.

195 642 414 714 μίμημα
434 639 534 694 τοῦ
559 637 738 692 καλοῦ
764 635 1103 691 διδασκάλου.
1124 634 1372 705 Χαίροις,
1402 631 1462 685 τὸ
1479 630 1776 701 θεοφεγγὲς

191 735 468 804 ἀγλάϊσμα
493 735 598 801 τῆς
635 729 843 801 σεπτῆς
880 725 1210 798 Ἐκκλησίας
1243 741 1255 752 ’
1282 725 1513 796 χαίροις,
1578 724 1638 777 τὸ
1687 722 1776 775 εὑ-

194 825 491 896 ηχέστατον
542 821 784 892 ὃργανον
842 821 942 888 τῆς
970 816 1064 871 τοῦ
1102 815 1420 885 Πνεύματος
1471 813 1775 884 μελῳδίας’

195 913 523 986 χαίροις,’τδ
557 912 881 982 πολύχωρον
909 909 1005 964 καὶ
1038 905 1427 980 γλυκύκαρπον
1456 905 1644 976 κλῆμα
1683 905 1780 974 τῆς

197 1006 288 1059 τοῦ
321 1004 572 1076 Χριστοῦ
607 1005 831 1074 ζωηρᾶς
855 1018 914 1055 τε
949 999 1045 1053 καὶ
1072 999 1567 1070 πατρογεωργήτου
1597 996 1780 1064 ἀμπέ-

197 1095 311 1150 λουί
332 1097 581 1166 χαίροις,
608 1097 636 1147 6
661 1091 955 1164 ἀξιόχρεως
985 1091 1240 1163 Θεράπων
1262 1090 1354 1143 τοῦ
1381 1089 1648 1142 Δεσπότου
1672 1087 1782 1139 τῶν

199 1189 475 1242 άπάντωψ
513 1187 750 1258 χαίροις,
795 1187 822 1238 6
856 1184 1213 1254 ἀξιοπόθητος
1239 1181 1394 1252 φίλος
1423 1180 1518 1234 τοῦ
1551 1183 1784 1250 ἐπουρα-

202 1283 312 1334 νίου
339 1279 613 1351 νυμφίον’
657 1280 887 1348 χαίροις,
924 1279 951 1331 6
982 1276 1330 1348 σοφόρειθρος
1360 1276 1456 1328 καὶ
1487 1273 1786 1345 πολύαρδος

204 1370 446 1440 ποταμὸς
465 1370 563 1424 τοῦ
581 1370 770 1438 νοητοῦ
787 1387 862 1422 πα
872 1368 1135 1439 ραδείσουο
1157 1367 1390 1437 χαίροις,
1409 1370 1437 1417 6
1452 1364 1786 1437 ὲμπειροθή-

208 1481 366 1534 ρατος
390 1463 583 1528 άλιεῦς
606 1462 714 1515 τῶν
736 1460 969 1530 λογικῶν
993 1459 1211 1529 ἰχθύων·
1237 1459 1469 1530 χαίροις,
1491 1460 1518 1512 ό
1538 1456 1790 1512 θεοδύνα-

211 1570 303 1620 μος
345 1569 488 1622 τραυ
500 1552 768 1622 ματιστὴς
792 1550 886 1604 τοῦ
908 1550 1304 1623 λῃστεύσαντος
1326 1551 1416 1603 τὸν
1450 1551 1651 1618 κόσμον
1676 1549 1789 1602 διαο

208 1644 382 1697 ϐόλουο
398 1643 636 1715 χαίροις,
657 1645 684 1696 6
707 1641 1085 1712 εὖτεχνότατος
1106 1643 1290 1712 ῥήτωρ
1306 1641 1404 1712 τῆς
1422 1639 1681 1710 ἀληθινῆς
1707 1657 1793 1692 σο-

212 1734 358 1801 φίας·
378 1734 619 1804 χαίροις,
640 1733 669 1786 6
691 1733 1002 1803 πολυφανὴς
1027 1733 1121 1786 καὶ
1149 1729 1498 1802 κοσμοφανὴς
1521 1731 1794 1803 ἑωσφόρος

210 1823 306 1892 τῆς
330 1823 638 1891 θεολογίαςο
661 1823 893 1894 χαίροις,
916 1824 943 1875 6
962 1822 1225 1889 θεοφανὴς
1253 1822 1345 1875 καὶ
1365 1841 1433 1875 πυ
1443 1822 1650 1893 ροειδὴς
1668 1822 1796 1876 στύ-

1881 632 2013 694 Ave,
2040 632 2131 701 qui
2157 646 2217 686 es
2247 631 2336 685 Dei
2367 640 2577 684 amator
2607 636 2661 683 et
2689 630 2932 684 imitator
2950 630 3078 685 boni
3109 632 3317 686 scilicet
3338 647 3454 688 ma-

1879 721 2053 790 gistri.
2074 722 2204 785 Ave,
2243 722 2334 790 qui
2359 735 2418 775 es
2444 720 2640 775 divina
2667 719 2808 775 lucis
2829 720 3088 790 splendor
3119 731 3322 777 sancta
3353 723 3455 775 Ec-

1881 814 2079 869 clesia.
2111 816 2221 868 Ave
2251 814 2343 883 qui
2377 829 2436 866 es
2472 813 2609 867 bene
2637 829 2841 867 sonans
2885 828 3149 882 organum
3196 813 3458 882 spiritalis

1882 907 2149 961 melodia.
2169 906 2300 968 Ave,
2323 905 2616 960 artificiose
2637 906 2824 960 rhetor
2845 920 2984 960 vera
3003 905 3304 974 sapientia.
3322 904 3456 969 Ave,

1885 996 1979 1065 qui
2005 1011 2064 1051 es
2103 995 2290 1066 perita
2321 1005 2564 1065 captura
2593 996 2832 1064 piscator
2888 995 3287 1049 rationabilium
3342 996 3459 1065 pis-

1884 1089 2053 1144 cium.
2087 1089 2220 1154 Ave,
2247 1087 2339 1156 qui
2377 1103 2436 1141 es
2460 1087 2614 1141 multi
2642 1087 2795 1141 chori
2824 1097 2876 1141 et
2905 1086 3080 1142 dulcis
3112 1087 3320 1142 fructus
3343 1090 3460 1158 pal-

1886 1196 2022 1243 mes,
2057 1179 2259 1234 Christi
2305 1178 2496 1232 vivida
2531 1187 2584 1233 et
2620 1187 2858 1248 paterna
2888 1178 3114 1232 cultura
3138 1179 3284 1233 vitis.
3328 1179 3460 1244 Ave,

1887 1271 2033 1340 digni
2070 1271 2246 1325 meriti
2279 1270 2477 1325 famule
2509 1270 2725 1324 Domini
2754 1270 3158 1326 universorum.
3182 1271 3315 1336 Ave,
3347 1286 3462 1329 me-

1889 1364 1994 1419 rito
2023 1363 2397 1418 desiderabilis
2427 1362 2601 1416 amice
2631 1362 3039 1430 supercoclestis
3087 1362 3295 1430 sponsi.
3329 1360 3462 1425 Ave.

1890 1456 2066 1526 quies
2099 1456 2376 1526 sapientia
2424 1455 2642 1508 ﬂuentis
2691 1465 2745 1509 et
2794 1453 3110 1523 multiplicis
3148 1453 3464 1523 potationis,

1893 1562 1955 1601 ac
1985 1547 2168 1602 lumen
2209 1547 2470 1617 spirilalis
2502 1547 2761 1616 paradisi.
2795 1546 2928 1610 Ave,
2959 1547 3050 1614 qui
3078 1563 3136 1601 es
3162 1546 3345 1600 divina
3367 1546 3468 1599 vir-

1895 1647 2012 1692 tute
2065 1639 2381 1693 vulnerator
2427 1637 2661 1705 diaboli,
2720 1638 2983 1691 mundum
3037 1653 3141 1692 suo
3184 1638 3469 1693 latrocinio

1895 1730 2253 1785 vulnerantis.
2306 1732 2441 1794 Ave,
2479 1730 2569 1799 qui
2601 1729 2974 1799 multipliciter
3005 1745 3233 1799 appares
3268 1731 3472 1785 mundo

1899 1821 2116 1876 Lucifer
2137 1820 2224 1875 Dei
2249 1822 2599 1892 cognitionis.
2628 1820 2880 1875 Gaudeas
2911 1821 3174 1875 divinitus
3202 1822 3471 1876 illustrata

212 1913 298 1976 λος
328 1913 431 1981 τῆς
466 1913 800 1984 ὀρθοδοξίαςο
833 1913 1068 1985 χαίροις,
1101 1915 1128 1966 6
1163 1912 1221 1976 ἐξ
1252 1913 1529 1966 ἀνατολῶν
1563 1915 1657 1967 ἐπὶ
1698 1915 1786 1967 δυ-

1907 1921 1948 1966 ιι
1975 1913 2127 1982 ignea
2161 1912 2414 1966 columna
2475 1911 2834 1966 orthodoxia.
2887 1911 3158 1976 Gaudeas.
3190 1913 3271 1968 sol
3324 1914 3474 1967 orbis

217 2004 360 2074 σμάς
393 2001 858 2065 θαλαττοὸαδίσας
884 2000 1200 2073 παραδόξως
1221 2018 1234 2032 '
1261 2002 1492 2073 χαίροις,
1524 2004 1787 2072 παμφαέ-

217 2111 376 2148 στατε
407 2094 533 2164 ἥλιε
561 2095 659 2164 τῆς
711 2092 1032 2164 οἰκουμένης
1057 2110 1072 2124 ο
1131 2093 1364 2166 χαίροις,
1418 2093 1790 2164 πολύγλωττον

219 2185 392 2256 στόμα
421 2186 526 2254 τῆς
559 2184 844 2252 θεοσοφίας
889 2201 904 2216 ο
960 2185 1195 2255 χαίροις,
1247 2186 1606 2256 άενναόὸρυτε
1646 2187 1796 2256 πηγὴ

217 2275 322 2328 τῶν
349 2275 622 2344 ἰαμάτων
650 2275 889 2345 χαίροις,
923 2274 1161 2345 διωκτὴρ
1184 2274 1525 2346 φοϐερώτατε
1548 2277 1655 2329 τῶν
1685 2277 1797 2332 δαι-

221 2367 400 2435 μόνων
419 2382 433 2396 ⁸
472 2365 708 2437 χαίροις,
738 2366 836 2436 τῆς
853 2365 1145 2436 Ἀρμένιας
1161 2366 1221 2418 τὸ
1243 2349 1577 2422 πολύευκτοῦ
1605 2369 1800 2438 ἐγκαλ-

219 2457 482 2528 λώπισμα
506 2472 520 2486 ·
560 2457 792 2528 χαίροις,
825 2457 923 2528 τῆς
958 2457 1249 2528 Λιπάρεως
1291 2460 1352 2511 τὸ
1411 2460 1793 2514 άσπασίαστον

222 2547 318 2601 καὶ
350 2546 869 2618 πολυπροσκύνητον
893 2547 1136 2618 αὔχημαο
1161 2549 1391 2620 χαίροις,
1429 2553 1456 2604 6
1480 2551 1577 2621 τὴν
1605 2550 1803 2606 θάλασ-

225 2657 322 2693 σαν
353 2638 703 2708 καθαγιάσας
733 2642 851 2703 ταῖς
880 2645 1230 2709 πορειτικαῖς
1258 2642 1590 2711 μεταϐάσεσι
1612 2659 1625 2673 °
1678 2644 1802 2714 χαί-

229 2747 364 2801 ροις,
386 2733 415 2785 ὁ
435 2732 537 2801 τὴν
563 2730 668 2800 γῆν
691 2723 1218 2802 ’καταπορφυρώσας
1241 2735 1306 2803 τῇ
1340 2735 1662 2804 ἐρυθρότητι
1696 2735 1803 2787 τῶν

227 2821 516 2889 παναγίων
531 2821 777 2890 αἱμάτων
811 2837 902 2873 σου
929 2837 942 2851 ’
979 2820 1218 2893 χαίροις,
1252 2823 1279 2872 6
1317 2823 1408 2876 τὸν
1439 2825 1577 2893 ἀέρα
1611 2835 1803 2877 κατευρ

228 2911 470 2973 ωδιάσας
503 2913 623 2974 ταῖς
686 2909 1095 2980 ίεροπνεύστοις
1147 2910 1614 2983 θεορρημοσύναις
1672 2929 1801 2965 cou-

231 3000 466 3070 χαίροις,
493 3003 521 3054 6
549 3002 628 3064 είς
653 3000 1214 3072 οὐρανοὺςφοιτήσας,
1246 3003 1336 3054 καὶ
1366 3002 1460 3055 τοῦ
1485 3005 1804 3081 ὁμοστσίχου

233 3091 422 3144 θιάσου
459 3091 750 3162 μεσόχορος
780 3090 1078 3162 ἑκλάμπων
1107 3092 1165 3144 ὲν
1187 3091 1466 3163 ἀπροσίτῳ
1487 3093 1643 3165 δόξης
1665 3094 1806 3166 λαμ-

236 3181 494 3251 πρότητι.
519 3184 577 3234 ὲν
603 3182 984 3250 ἀγαλλιάσεως
1026 3183 1308 3254 ἀκορέστῳ
1338 3183 1600 3258 θυμηδίᾳ.
1644 3188 1809 3240 Αὐτό-

1908 2014 2082 2067 terra,
2123 2005 2216 2073 qui
2267 2011 2464 2057 cuncta
2514 2002 2808 2056 illuminas.
2851 2000 3119 2067 Gaudeas,
3147 2017 3209 2056 os
3239 2001 3333 2057 Dei
3383 2018 3476 2058 sa-

1903 2094 2138 2165 pientia,
2197 2094 2436 2162 linguam
2505 2093 2711 2148 habens
2787 2092 3336 2162 ignitatn.Gaudeas,
3381 2096 3475 2164 ju-

1903 2188 2037 2258 giter
2061 2202 2321 2241 emanans
2358 2185 2477 2240 fons
2499 2186 2818 2240 sanitatum.
2860 2183 3134 2252 Gaudeas,
3155 2186 3465 2240 damonum

1905 2275 2162 2330 terribilis
2199 2275 2490 2331 insecutor.
2523 2274 2773 2330 Gaudeas
2809 2315 2824 2340 ,
2862 2275 2954 2344 qui
3011 2291 3069 2329 es
3097 2275 3474 2345 multipliciter

1906 2367 2160 2437 optabilis
2216 2367 2533 2421 formositas
2590 2366 2881 2420 Armenia.
2951 2365 3223 2432 Gaudeas,
3257 2370 3349 2434 qui
3410 2369 3478 2422 ab

1906 2458 2113 2512 oriente
2147 2457 2212 2512 ad
2244 2457 2581 2512 occidentem
2615 2473 2708 2526 per
2734 2473 2880 2512 mare
2906 2457 3141 2526 gloriose
3163 2459 3475 2513 ambulasti.

1910 2547 2184 2614 Gaudeas,
2220 2549 2311 2619 qui
2344 2565 2403 2604 es
2437 2549 2698 2618 Liparcos
2729 2550 3029 2604 Salutabilis
3074 2561 3128 2604 et
3152 2549 3480 2605 multimodis

1909 2642 2202 2697 adorabilis
2225 2642 2494 2711 gloriatio.
2530 2641 2799 2708 Gaudeas,
2821 2643 2914 2711 qui
2945 2659 3092 2697 mare
3125 2643 3479 2698 sanetilicasti

1913 2733 2235 2788 meabilibus
2274 2735 2574 2804 gressibus.
2612 2734 2882 2798 Gaudeas,
2913 2735 3005 2802 qui
3037 2745 3238 2787 terram
3279 2749 3482 2802 purpu-

1913 2837 2060 2875 ream
2098 2820 2273 2876 fecisti
2308 2822 2505 2877 rubore
2537 2823 2965 2876 castissimorum
2999 2836 3324 2888 sangutuum
3360 2829 3481 2873 tuo-

1911 2924 2056 2964 rum.
2077 2909 2352 2976 Gaudeas,
2379 2912 2471 2980 qui
2503 2927 2681 2966 aerem
2708 2910 2994 2965 suavitatis
3019 2911 3279 2966 odoribus
3312 2911 3484 2982 reple-

1915 3003 2025 3066 sti,
2082 3003 2253 3057 sacris
2317 3001 2706 3072 spiraminibus
2769 3002 3080 3056 divinorum
3142 3003 3482 3072 eloquiorutn

1920 3101 2159 3146 tuorum.
2211 3091 2486 3160 Gaudeas,
2537 3093 2628 3161 qui
2685 3093 2752 3147 ad
2808 3094 3004 3148 caelum
3057 3096 3398 3159 commeasti,
3432 3107 3484 3150 et

1916 3183 2126 3237 medius
2151 3182 2203 3236 in
2238 3182 2405 3238 choro
2434 3183 2630 3238 divina
2651 3184 2784 3240 aciei
2817 3195 2922 3239 tua
2953 3184 3187 3255 refulges
3219 3189 3268 3239 in
3301 3188 3487 3256 gloria

235 3272 325 3325 θεν
355 3273 506 3342 ἡμᾶς
535 3272 1239 3343 ὲποπτεύοιςεὺμενέστατα
1269 3291 1283 3305 ο
1314 3275 1538 3329 αὐτόθεν
1568 3279 1802 3345 εὐλογοῖς

1915 3275 2309 3329 inaccessibilis
2332 3275 2618 3345 splendore
2639 3316 2653 3342 ,
2687 3276 2739 3330 in
2771 3277 3153 3333 exsultationis
3191 3277 3484 3332 insatiabili

234 3363 362 3423 τοὺς
389 3361 454 3414 σὲ
504 3362 944 3435 μακαρίζοντας·
981 3363 1211 3415 αὐτόθεν
1265 3363 1509 3430 δοξάζοις
1569 3368 1693 3431 τοὺς
1751 3368 1802 3419 σὲ

1909 3366 2270 3435 iucunditate.
2296 3366 2446 3422 Illinc
2465 3383 2566 3423 nos
2589 3369 2983 3438 benignissime
3015 3369 3279 3424 intuearis
3304 3387 3317 3424 :
3338 3371 3488 3425 illinc

236 3449 658 3519 ἁναμὲλποντας
683 3468 696 3482 ο
727 3452 954 3504 αὐτόθεν
983 3455 1226 3524 όμονοοῖς
1247 3455 1348 3526 τὴν
1385 3458 1709 3528 οἰκουμένην
1744 3461 1813 3511 εἰ·

241 3541 581 3610 ρηνεύουσαν
607 3559 622 3574 θ
656 3544 820 3615 ἱερεῖς
848 3545 1199 3618 δικαιοσύνην
1244 3550 1302 3601 ἐν
1328 3550 1569 3620 ὁσιότητι
1623 3551 1807 3621 άμπέο

239 3633 458 3702 χεσθαι,
523 3634 761 3704 βασιλεῖς
822 3637 1188 3709 άγαθοεργίαν
1232 3642 1291 3693 ἐν
1333 3641 1615 3713 ὀρθοδοξίᾳ
1677 3642 1816 3696 κατὰ

244 3725 542 3796 βαρῦάρων
601 3725 952 3791 όπλίζεσθαν
996 3730 1329 3800 μονάζοντας
1388 3732 1664 3787 πολιτείαν
1718 3735 1816 3803 τὴν

246 3819 536 3887 ἰσάγγελον
557 3819 936 3890 ἀκαπήλευτον
954 3821 1344 3885 διασώζεσθαι·
1365 3823 1562 3894 ἄνδρας
1579 3826 1816 3894 γυναιξὶ,

243 3911 625 3981 καὶέμπαλιν,
675 3912 824 3983 νόμῳ
889 3913 967 3982 τῷ
1016 3915 1349 3986 προσήκοντι
1402 3916 1812 3983 φυλάττεσθαι·

245 4005 518 4077 πατράσιν
549 4006 708 4069 υἱοῖς.
742 4005 949 4070 δούλοις
992 4003 1303 4073 δεσπόταις,
1357 4009 1615 4078 ἄρχουσιν
1653 4012 1820 4080 ὀρχο-

249 4097 452 4164 μένοις,
471 4096 824 4164 δανείζουσιν,
845 4098 1138 4169 ὀφείλουσι,
1156 4098 1634 4166 συναλλάσσουσιν,
1652 4100 1790 4153 ὼνυυ
1806 4130 1824 4144 ο

253 4187 462 4256 μένοις,
496 4189 626 4241 πᾶσι
662 4190 731 4242 τὰ
762 4192 862 4258 τῆς
893 4190 1108 4254 εὐνοίας
1170 4189 1447 4244 ὲπιλεύσει
1499 4189 1684 4265 τελείᾳ
1727 4191 1819 4246 τοῦ

252 4278 459 4342 κοινοῦ,
495 4282 588 4332 καὶ
618 4280 1119 4351 εὐαρεστήσειθεοῦ
1137 4282 1464 4351 ὀφειλόμενα
1490 4284 1823 4354 πρυτανευό-

257 4387 451 4441 μενος⁶
490 4373 583 4424 καὶ
614 4373 797 4443 μέντοι
835 4372 946 4425 τῶν
1010 4375 1290 4444 τροφίμων
1318 4386 1346 4413 ιι
1397 4376 1496 4444 τῆς
1551 4376 1826 4429 καλλωπι-

256 4463 493 4533 ζομένης
521 4464 834 4533 Λιπάρεως,
893 4463 987 4518 τοῦ
1048 4467 1309 4535 ποιμένος
1335 4483 1395 4519 τε
1443 4467 1537 4520 καὶ
1587 4468 1680 4520 τοῦ
1720 4484 1830 4519 ποι·

261 4557 441 4623 μνίου,
480 4555 572 4609 τοῦ
603 4557 987 4622 ἐπικτίσαντός
1023 4575 1117 4611 σου
1141 4558 1202 4612 τὸ
1260 4560 1400 4630 ἱερὸν
1432 4560 1678 4630 τέμενος,
1733 4563 1828 4616 καὶ

255 4646 348 4700 τοῦ
382 4647 721 4718 ὑμνήσαντός
751 4666 810 4701 σε
839 4650 927 4703 διὰ
955 4649 1203 4720 βραχέως
1250 4652 1388 4721 ἄγαν
1422 4669 1437 4685 ο
1500 4655 1557 4705 ὲν
1604 4654 1825 4726 Χριστῷ

271 4737 446 4810 Ἰησοῦ
475 4738 550 4792 τῶ
574 4740 761 4810 Κυρίῳ
791 4741 968 4810 ἡμῶν,
997 4736 1041 4809 ᾧ
1072 4744 1274 4813 πρέπει
1302 4745 1452 4797 πᾶσα
1478 4745 1627 4808 δόξα,
1668 4747 1822 4816 τιμὴ,

259 4831 352 4882 καὶ
374 4830 766 4900 προσκύνησις,
820 4833 917 4884 σὺν
944 4831 1022 4900 τῷ
1045 4834 1445 4903 παντοκράτορι
1504 4835 1690 4904 Πατρὶ,
1733 4835 1828 4887 καὶ

259 4919 336 4990 τῷ
375 4921 516 4989 ἁγίῳ
544 4923 638 4973 καὶ
678 4921 927 4990 ζωοποιῷ
957 4912 1259 4992 Πνεύματιέ
1317 4922 1413 4975 νῦν
1465 4925 1556 4976 κα¹ι
1597 4925 1684 4977 ἀεὶ
1737 4926 1829 4977 καὶ

263 5016 343 5075 εἰς
373 5011 499 5074 τοὺς
521 5011 741 5076 αἰῶνας.
782 5012 978 5084 Ἀμήν.

1916 3458 2204 3514 benedicas
2232 3469 2283 3514 te
2319 3459 2751 3530 gloriﬁcantibus
2789 3479 2802 3515 :
2837 3461 2986 3516 illinc
3019 3461 3294 3517 beatiﬁccs
3320 3472 3369 3517 te
3398 3478 3489 3518 ca-

1917 3560 2107 3607 nentes
2134 3569 2147 3605 :
2175 3553 2324 3608 illinc
2352 3554 2651 3608 concordes
2675 3553 2861 3608 orbem
2899 3566 3054 3609 terra
3079 3563 3350 3624 pacatum.
3383 3556 3487 3609 Sa-

1916 3643 2167 3699 cerdotes
2218 3644 2426 3712 justitia
2486 3646 2540 3699 in
2599 3647 2890 3700 sanctitate
2943 3648 3290 3701 induantur:
3337 3663 3491 3717 reges

1918 3735 2078 3789 bonis
2107 3737 2363 3800 oneribus
2410 3737 2461 3788 in
2505 3735 2831 3789 orthodoxia
2883 3747 3072 3791 contra
3105 3736 3375 3791 Barbaros
3405 3752 3488 3790 ar-

1921 3836 2139 3880 mentur
2171 3843 2184 3879 :
2233 3827 2588 3882 monasticam
2623 3828 2788 3881 vitam
2821 3835 3091 3891 tenentes,
3119 3828 3491 3882 conversatio-

1923 3935 2044 3974 nem
2073 3921 2332 3989 aqualem
2368 3921 2684 3987 angelorum
2715 3936 2778 3975 ac
2809 3921 2928 3976 sine
2968 3919 3091 3975 dolo
3133 3921 3439 3975 custodiant
3476 3938 3491 3975 :

1922 4011 2022 4064 viri
2060 4011 2401 4077 mulieribus,
2432 4019 2486 4065 et
2520 4027 2735 4066 rursum
2771 4011 3024 4066 mulieres
3053 4012 3184 4066 viris
3209 4052 3222 4073 .
3276 4027 3494 4079 compe-

1927 4110 2125 4155 tentem
2155 4102 2320 4171 legem
2360 4114 2708 4156 conservent.
2752 4102 2939 4155 Patres
2975 4118 3094 4154 cum
3132 4101 3277 4167 filiis,
3310 4103 3494 4171 prala-

1924 4202 2010 4247 tos
2060 4209 2183 4248 cum
2241 4193 2503 4255 subditis,
2557 4194 2808 4247 dominos
2839 4209 2964 4247 cum
3002 4192 3204 4259 servis,
3249 4203 3494 4248 mutuum

1927 4285 2122 4338 dantes
2145 4300 2268 4339 cum
2301 4285 2659 4346 debitoribus,
2692 4284 3064 4338 venundantcs
3093 4300 3211 4336 cum
3235 4284 3500 4353 emptori-

1931 4376 2034 4430 bus
2062 4394 2074 4429 :
2104 4386 2402 4444 cateraque
2433 4376 2616 4428 omnia
2649 4376 3036 4430 benevolentia
3068 4386 3174 4429 tua
3204 4376 3396 4430 an'ectu
3430 4379 3496 4430 ad

1933 4467 2216 4521 utilitatem
2250 4466 2560 4535 reipublica
2579 4477 2798 4536 protege
2825 4477 2911 4533 ;et
2941 4476 3131 4522 cuncta
3156 4484 3277 4536 qua
3297 4483 3494 4522 secun-

1933 4559 2062 4612 dum
2093 4559 2492 4628 beneplacitum
2533 4558 2624 4614 Dei
2648 4558 2806 4629 dirigi
2837 4560 3053 4622 debent,
3074 4561 3375 4629 patrocinio
3409 4569 3498 4614 tuo

1933 4652 2197 4718 defende;
2223 4665 2274 4706 et
2302 4653 2570 4721 praecipue
2609 4652 2859 4707 alumnos
2890 4653 3159 4707 decorata
3194 4652 3496 4721 Lipareos:

1933 4740 2202 4812 pastorem
2235 4758 2452 4812 quoque
2483 4757 2547 4796 ac
2577 4757 2790 4812 gregem
2822 4744 2914 4811 qui
2941 4743 3246 4796 construxit
3282 4758 3500 4796 sacrum

1936 4836 2194 4905 templum
2228 4846 2377 4889 tuum
2417 4853 2429 4888 :
2469 4843 2523 4888 et
2569 4850 2691 4886 eum
2730 4835 2822 4902 qui
2859 4845 2946 4898 te,
2981 4835 3106 4886 licet
3145 4833 3403 4894 breviter,
3437 4849 3500 4887 ex

1938 4941 1996 4982 se
2015 4928 2235 4981 laudare
2255 4927 2531 4998 praesumit
2553 4943 2566 4990 ;
2585 4927 2638 4978 in
2660 4925 2878 4980 Christo
2898 4925 3018 4978 Jesu
3041 4924 3271 4979 Domino
3293 4934 3501 4989 nostro,

1939 5033 2097 5086 quem
2131 5017 2285 5071 deect
2317 5018 2496 5071 omnis
2523 5017 2695 5088 gloria
2717 5055 2730 5077 ,
2783 5015 2960 5070 honor
2990 5026 3040 5070 et
3075 5016 3340 5082 adoratio,
3379 5030 3500 5069 cum

264 5107 638 5176 omnipotente
684 5107 875 5174 Patre,
923 5123 986 5165 ac
1045 5111 1393 5166 sanctissimo
1443 5121 1496 5165 et
1550 5111 1764 5166 vivifico
1815 5110 2041 5180 Spiritu,
2111 5127 2255 5167 nunc
2306 5123 2359 5167 et
2418 5127 2631 5179 semper
2683 5120 2738 5164 et
2787 5110 2839 5162 in
2891 5109 3084 5164 sacula
3129 5110 3472 5164 saculorum.

265 5200 438 5256 Amen
471 5201 606 5268 (47).

1529 5363 1760 5419 νΑῐῖΙΑΞ
1827 5361 2224 5419 LECTIONES.

343 5472 367 5498 υ
401 5460 524 5516 cod.
552 5458 643 5513 τὸν
678 5475 998 5530 προφημον.

347 5635 459 5707 (47)
493 5633 683 5707 Pergit
712 5633 906 5707 deinde
934 5633 1260 5707 Anastasius
1300 5633 1378 5707 sic
1411 5649 1426 5707 :_
1451 5632 1588 5707 Δῌωιε
1612 5633 1843 5707 de_beati

277 5703 658 5763 Ba'rth'olumtei
704 5704 953 5757 laudibus
1006 5703 1219 5772 ejusque
1271 5704 1588 5757 mirabiliter
1629 5704 1841 5757 advecto

276 5783 328 5832 in
363 5775 603 5844 Liparim
635 5789 868 5842 corpore,
900 5773 1196 5827 Theodorus
1238 5773 1383 5844 fama
1413 5774 1738 5835 sanctitatis,
1781 5789 1841 5825 ac

277 5845 566 5902 sacerdotii
609 5844 869 5910 dignitate
921 5844 1252 5912 conspicuus,
1294 5843 1401 5911 ﬁdo
1452 5843 1624 5897 relatu
1673 5844 1841 5910 expli-

1954 5635 2080 5687 cuit.
2127 5631 2322 5687 Postea
2350 5632 2419 5686 de
2449 5645 2588 5702 penu
2639 5644 2738 5685 suo
2789 5629 3066 5702 subiungit
3099 5629 3239 5684 idem
3278 5628 3510 5702 Anasta-

1952 5704 2070 5757 sius
2123 5698 2490 5756 uarrationem
2534 5701 2950 5754 transvectionis
2988 5703 3201 5754 illarum
3251 5698 3510 5761 reliquia-

1954 5788 2072 5826 rum
2107 5773 2158 5826 in
2192 5771 2380 5825 urbem
2416 5771 2778 5828 Beneventum
2813 5786 2956 5825 antu)
2995 5771 3203 5824 Domini
3240 5764 3506 5822 DCGGIX.
