4170 6514
223 430 325 492 805

912 419 1192 485 ORATIO
1223 420 1328 480 XI.
1357 444 1424 455 -
1465 418 1846 479 LAUDATIO
1885 418 1943 476 S.
1987 419 2354 478 PLATONIS
2385 419 2817 480 HEGUMENI.

3385 421 3488 481 806

223 542 283 596 τὸ
327 544 609 613 χρήσιμον
632 537 821 610 ἡλίκον
853 551 866 564 °
910 535 1043 605 φέρε
1074 532 1284 585 ἐκεῖθεν
1315 529 1692 601 ἀπαρξώμεθα
1708 528 1814 581 τῶν

1921 526 2058 580 hanc
2109 528 2409 583 orationem
2455 539 2510 582 et
2554 529 2883 598 obligatione
2934 529 3146 597 propria
3173 539 3226 583 et
3258 530 3490 585 utilitate

226 634 547 704 εγκωμίων,
579 630 707 684 ὅθεν
743 629 834 683 καὶ
864 625 1343 699 πρεπωδέστατον.

589 935 983 994 ΚΕΦΔΛΛΙΟΝ
1023 934 1320 991 ΠΡΩΤΟΝ.

1918 619 2089 671 aliena
2146 620 2427 674 inductum
2461 621 2720 675 accedere
2770 620 2875 689 (est
2904 621 3047 674 cuitu
3103 621 3319 675 veritati
3356 636 3488 675 con-

1911 709 2102 777 juncta
2153 710 2525 780 ulilitas),age
2574 709 2940 764 laudationem
2979 709 3050 763 ab
3093 724 3159 764 eo
3185 709 3487 774 ordiamur,

1917 801 2058 856 unde
2085 802 2352 873 precipue
2383 803 2636 857 convenit
2663 802 2881 855 initium
2917 801 3140 856 ducere.

2407 937 2635 994 CAPUT
2677 937 2962 995 PRIMUM.

1291 1050 1472 1118 Ortus,
1494 1050 1762 1116 educatio,
1785 1069 2021 1108 secessus
2052 1055 2105 1108 in
2119 1054 2445 1125 Bithyniam.

303 1203 375 1271 γ’.
394 1199 638 1270 Πατὲρες
659 1197 757 1268 μὲν
771 1197 850 1268 τῷ
878 1194 1133 1266 μακαρίῳ
1163 1193 1434 1258 Πλάτωνι,
1465 1193 1693 1264 Σέργιος
1717 1194 1810 1246 καὶ

224 1295 516 1368 Εὑςημία,
547 1286 622 1348 ὦν
649 1292 711 1345 τὸ
737 1289 958 1358 εὐγενὲς
988 1287 1287 1357 ἐπίσημον,
1311 1286 1407 1340 καὶ
1432 1288 1460 1339 ὁ
1487 1287 1689 1358 τρόπος
1711 1289 1811 1340 οὐκ

224 1388 588 1458 αγενὲστερος
637 1400 651 1414 ο
692 1381 847 1453 ήοεσι
897 1378 1286 1451 χρηστοτὲροις
1346 1377 1809 1450 ἀναστρεφόμενοι

225 1482 325 1536 καὶ
352 1477 644 1547 οἰκουριῶν
673 1473 1013 1543 ἐπιμελείαις
1036 1470 1104 1524 τά
1131 1469 1321 1524 ἐνόντα
1345 1469 1484 1539 ὑπὲρ
1512 1470 1636 1531 τοὺς
1676 1468 1807 1520 πολ-

221 1573 354 1636 λοὺς
388 1571 665 1636 αὔξοντες,
695 1566 790 1619 καὶ
821 1561 1057 1634 ζηλωτοὶ
1086 1563 1174 1616 διά
1229 1561 1403 1615 ταῦτα
1455 1558 1807 1627 συγγενεῦσιν

223 1666 570 1733 ὑπάρχοντες
594 1677 608 1692 ο
643 1654 744 1723 οἷς,
777 1657 914 1728 μετὰ
936 1656 1048 1709 τῶν
1090 1654 1265 1708 ἄλλων
1320 1654 1576 1723 μέγιστον
1624 1650 1801 1720 ἐγκώ-

227 1773 356 1828 μιον
388 1754 483 1807 καὶ
516 1751 801 1812 εὐτεκνίας
829 1747 1081 1818 δώρημα.
1113 1747 1341 1817 Φέρουσι
1369 1744 1480 1814 γάρ
1520 1743 1708 1814 ὥσπερ
1724 1760 1804 1794 τι-

222 1847 299 1900 νὰ
332 1843 608 1913 εὐθυγενῆ
637 1841 886 1912 βλαστὸν,
933 1838 1031 1892 σὺν
1065 1837 1188 1892 δυσὶ
1214 1836 1541 1906 θυγατράσι,
1589 1835 1681 1888 τὸν
1709 1833 1804 1888 νῦν

223 1935 625 2006 ἐπαινούμενον
653 1977 667 2000 ,
700 1931 823 1986 οὺδέ
856 1931 1052 1993 αὐταῖς
1099 1927 1350 1982 ἀκλεέσιν
1399 1926 1701 1996 ὀφθείσαις,
1729 1922 1805 1981 ὧν

228 2027 407 2081 πολλὰ
437 2027 534 2080 καὶ
567 2025 709 2080 καλὰ
738 2022 807 2077 τά
850 2022 1190 2092 διηγήματα,
1219 2019 1319 2089 τῆς
1347 2020 1448 2090 μὲν
1475 2020 1533 2072 ἐν
1556 2018 1634 2089 τῷ
1688 2035 1804 2071 κοι-

222 2119 444 2188 νωνικῷ
477 2119 576 2189 βίῳ
603 2115 1005 2187 διαπρεψάσης,
1033 2113 1153 2183 τῆς,
1187 2113 1246 2177 ἐξ
1268 2108 1333 2186 ἧς
1366 2112 1460 2166 καὶ
1491 2114 1670 2182 ἡμεῖς,
1701 2112 1805 2166 κᾶν

223 2212 308 2283 τῷ
344 2209 620 2283 μοναδικῷ
652 2209 892 2277 τάγματι
916 2203 1325 2276 διαλαμψάσης.
1370 2202 1588 2274 Ἐπειδὴ
1616 2203 1672 2257 δὲ
1723 2204 1806 2257 ἐν-

225 2303 438 2374 έσκηψε
452 2301 573 2355 κατ’
589 2301 766 2353 ἐκεῖνο
787 2296 980 2368 καιροῦ
1007 2294 1143 2366 ὀργὴ
1175 2295 1427 2365 οὐράνιος
1450 2295 1595 2366 (άγει
1615 2313 1681 2366 με
1699 2291 1806 2367 γάρ

223 2396 436 2465 ταύτην
492 2391 729 2463 δηλῶσαι
761 2393 794 2461 ή
831 2389 1131 2456 ὑπόθεσις),
1166 2388 1373 2458 φθοράν
1428 2389 1510 2442 ὅτι
1572 2389 1806 2461 μάλιστα

225 2486 515 2554 ἐπάγουσα
545 2483 844 2552 πάνδημον,
869 2479 968 2532 οὐκ
1003 2478 1214 2546 ὀλίγαις
1245 2477 1344 2549 μὲν
1381 2476 1570 2540 ἄλλαις
1600 2481 1807 2547 χώραις

225 2597 290 2633 τε
319 2579 415 2632 καὶ
445 2577 663 2631 πόλεσιν
695 2570 1122 2644 μετενδημοῦσα,
1143 2570 1333 2642 ὥσπερ
1354 2587 1437 2634 τις
1463 2569 1804 2640 Αἰγυπτιακὴ

230 2669 432 2741 μάστιξ
460 2672 523 2722 ἐκ
553 2667 714 2737 τῆσδε
737 2667 816 2729 είς
849 2664 1028 2736 τήνδε,
1061 2664 1296 2733 μάλιστα
1324 2662 1381 2714 δὲ
1403 2665 1467 2731 τῇ
1505 2658 1807 2729 βασιλιζούο

227 2783 300 2834 σῃ
359 2760 645 2826 Βυξαντὶδι
668 2773 681 2787 ·
712 2756 888 2827 ταύτῃ
941 2774 1024 2810 τοι
1058 2756 1152 2809 καὶ
1205 2753 1535 2808 καταλύουσι
1570 2754 1661 2806 τὸν
1696 2753 1809 2822 βίον

227 2859 279 2908 οἱ
308 2855 650 2924 ἀείμνηστοι.
687 2850 800 2903 Οὐκ
847 2850 1073 2919 ἄκαιρον
1113 2847 1169 2900 δὲ
1211 2848 1372 2918 τάχα,
1413 2846 1679 2918 ὠφελείας
1705 2846 1807 2916 χάο

1988 1197 2042 1249 3.
2085 1195 2230 1251 Beati
2264 1195 2508 1252 Platonis
2540 1206 2794 1266 parentes
2819 1197 3044 1267 Sergius
3086 1205 3249 1268 atque
3271 1195 3488 1268 Euphe-

1919 1287 2022 1339 mia
2055 1285 2294 1352 fuerunt,
2338 1302 2637 1356 eorumque
2665 1295 2718 1340 et
2753 1303 2923 1356 genus
2971 1288 3202 1353 illustre,
3229 1297 3283 1343 et
3315 1289 3487 1343 nihilo

1917 1378 2098 1432 minus
2150 1379 2390 1434 illustres
2437 1381 2664 1435 virtutes
2701 1397 2714 1434 :
2762 1379 2981 1448 optimis
3018 1388 3198 1434 autem
3240 1380 3488 1435 moribus

1915 1465 2192 1533 providam
2222 1465 2506 1521 familiaris
2537 1468 2611 1520 rei
2648 1483 2836 1522 curam
2864 1477 3135 1538 gerentes,
3156 1467 3303 1522 illam
3325 1483 3488 1538 supra

1915 1557 2116 1613 multos
2157 1569 2446 1624 auxerunt,
2484 1560 2647 1614 etiam
2693 1576 2868 1629 usque
2896 1560 2964 1615 ad
2996 1561 3254 1615 invidiam
3286 1575 3489 1632 (δοριπε-

1909 1659 2110 1706 torum.
2162 1651 2278 1707 Prze
2331 1654 2541 1708 caeteris
2582 1666 2763 1707 tamen
2805 1653 3083 1718 laudibus,
3113 1655 3485 1709 commendari

1909 1745 1962 1798 in
1989 1745 2121 1814 ipsis
2154 1755 2393 1801 meretur
2443 1747 2739 1802 liberorum
2776 1747 3172 1817 gignendorum
3204 1746 3439 1802 felicitas
3469 1766 3485 1804 :

1911 1847 2094 1908 utpote
2151 1840 2264 1908 qui,
2330 1843 2477 1893 velut
2531 1839 2741 1894 illustre
2792 1854 3056 1909 germen,
3111 1840 3274 1903 hunc,
3324 1854 3487 1910 quem

1911 1929 2075 1984 modo
2119 1931 2426 1998 laudamus,
2481 1934 2774 2003 protulere,
2811 1947 2920 1987 una
2952 1947 3074 1986 cum
3111 1932 3325 1987 duabus
3353 1931 3490 1987 ﬁlia-

1909 2023 2012 2078 bus
2042 2024 2139 2093 (l),
2189 2040 2291 2080 nec
2345 2025 2475 2095 ipsis
2528 2026 2772 2096 ingloriis
2828 2026 2976 2096 (nam
3026 2024 3170 2079 etde
3201 2025 3285 2080 bis
3315 2026 3488 2081 multa

1911 2114 2280 2185 praeclaraque
2318 2115 2423 2170 dici
2466 2122 2736 2186 possent),
2773 2130 3007 2187 quarum
3043 2130 3152 2169 una
3182 2115 3403 2184 quidem
3432 2115 3488 2170 in

1912 2206 2158 2261 saeculari
2188 2208 2298 2262 vita
2338 2208 2681 2263 laudabiliter
2704 2219 2787 2264 est
2810 2217 3127 2264 conversata
3151 2226 3166 2275 ;
3191 2210 3360 2261 altera
3386 2207 3488 2279 (‘2),

1915 2298 2058 2352 unde
2097 2299 2209 2354 nati
2257 2315 2356 2356 nos
2402 2318 2615 2365 sumus,
2675 2301 2836 2356 etiam
2874 2301 2927 2354 in
2961 2300 3267 2359 monastico
3294 2299 3490 2354 ordine

1912 2393 2134 2449 clIulsit.
2192 2393 2359 2449 Porro
2411 2397 2650 2451 caelestis
2709 2396 2954 2466 quredam
3003 2395 3081 2450 ira
3117 2403 3365 2465 tempore
3395 2395 3490 2449 illo

1915 2484 2004 2554 (de
2040 2487 2139 2540 hac
2179 2485 2449 2556 siquidem
2505 2487 2652 2556 loqui
2685 2502 2772 2542 res
2797 2488 2911 2557 ipsa
2942 2495 3147 2550 monet,
3180 2500 3308 2540 cum
3339 2500 3491 2542 mor-

1916 2577 2175 2631 talitatem
2219 2577 2301 2632 vel
2335 2578 2573 2633 maxime
2617 2579 2978 2634 universalem
3002 2577 3342 2648 adduxerit),
3375 2592 3484 2633 non

1915 2667 2103 2736 paucis
2147 2668 2412 2723 duntaxat
2463 2669 2584 2722 aliis
2642 2669 2775 2724 locis
2830 2678 2883 2724 et
2934 2668 3161 2723 urbibus
3191 2668 3486 2722 incubuit:

1915 2760 2008 2812 sed
2065 2773 2131 2812 ex
2180 2775 2286 2814 una
2347 2760 2400 2815 in
2460 2762 2644 2825 aliam,
2701 2760 2876 2815 inStar
2936 2758 3242 2830 Egyptiaci
3290 2758 3489 2828 ﬂagelli

1917 2851 2214 2916 transiens,
2263 2853 2610 2924 Byzantinam
2663 2853 3006 2922 potissimum
3049 2853 3322 2906 civitatem
3356 2851 3490 2905 allii-

233 2964 320 3017 ριν
346 2944 560 2999 καὶτὸν
609 2939 703 2994 τοῦ
757 2939 989 2993 θανάτου
1054 2937 1254 3006 τρόπον
1301 2939 1638 3008 ἐπισημᾶναι
1667 2953 1680 2967 ο
1715 2937 1807 3005 γέ-

1921 2943 2014 2996 xit.
2067 2941 2121 2996 In
2155 2944 2256 2998 hac
2304 2945 2467 2998 etiam
2514 2946 2681 2999 vitam
2728 2958 2962 3013 posuere
3005 2959 3169 3012 supra
3203 2946 3488 2997 memorati

229 3053 379 3090 νοιτο
407 3035 516 3104 γὰρ
535 3033 670 3088 ἆντδ
699 3031 949 3101 διήγημα
977 3028 1331 3100 ἐκδειματοῦν
1360 3029 1460 3093 τάς
1497 3027 1672 3099 ψυχὰς
1706 3027 1812 3080 τῶν

234 3130 476 3191 συνετῶς
502 3128 819 3182 ἐπαῖόντων.

306 3402 370 3459 δ’.
411 3402 654 3468 Ἐωρᾶτο
707 3399 941 3465 ἐξάπινα
981 3399 1042 3450 ἐν
1084 3397 1202 3459 τοῖς
1231 3395 1460 3450 ἑκάστου
1485 3392 1810 3462 ἐσθήμασιν,

236 3500 296 3551 ἐν
329 3495 513 3567 paean
548 3487 822 3558 ἐλαιὼδει,
849 3490 910 3542 το
943 3489 1167 3559 σημεῖον
1205 3487 1301 3539 τοῦ
1343 3485 1609 3550 ζωοποιοῦ
1657 3501 1815 3536 σταυυ

239 3590 338 3662 ροῦ
375 3585 823 3656 κατεστιγμένον,
862 3577 949 3634 οἷα
983 3580 1138 3651 παρὰ
1170 3579 1349 3651 χειρὸς
1395 3574 1812 3648 ὼραιογραφού-

241 3699 363 3752 σης,
397 3680 597 3751 μᾶλλον
647 3678 704 3730 δέ
755 3676 849 3728 ἐπὶ
889 3673 1026 3727 Θεοῦ
1065 3671 1311 3740 δακτύλῳ
1361 3672 1453 3723 καὶ
1492 3671 1811 3741 ὑπέρτερον.

253 3774 528 3843 ἘΘροεῖτο
554 3771 582 3822 ὁ
603 3767 852 3838 ληφθεὶς,
879 3764 1098 3820 ῦπεισίν
1125 3765 1173 3816 οἱ
1204 3761 1362 3825 εὐθὺς
1386 3763 1414 3814 ὁ
1433 3761 1658 3824 θάνατος
1678 3777 1691 3790 ο
1718 3763 1817 3813 αὑ-

241 3864 486 3934 Οημερὸν
527 3859 621 3914 τοῦ
663 3857 850 3921 αὑτοῦ,
888 3857 984 3910 καὶ
1017 3855 1210 3925 νεκρὸν
1264 3853 1668 3921 ἐκκομίζοντος,
1723 3851 1816 3902 καὶ

240 3955 441 4024 νεκροῦ
466 3949 923 4020 ἐκκομιζομένου,
953 3944 1048 3998 δύο
1092 3945 1185 3996 ἐπὶ
1218 3942 1309 3996 τοῦ
1362 3939 1529 3995 αὑτοῦ
1557 3939 1817 4008 ἐπισκίμο

243 4049 429 4109 ποδός,
489 4043 670 4098 δισδύο
721 4039 814 4094 ἐπὶ
878 4037 1020 4102 ζῶου
1079 4036 1420 4108 ἀχθοιρόροι)⁹
1451 4035 1637 4104 φόρτοι
1695 4033 1815 4085 ἀλλο

243 4136 539 4207 επάλληλοι
559 4132 839 4204 δυστυχῶν
872 4130 1139 4200 σωμάτων
1161 4146 1175 4160 ο
1200 4127 1386 4198 Θρῆνοι
1423 4122 1703 4194 πανταχοῦ
1730 4141 1820 4175 πε-

247 4229 437 4306 ριηχού
447 4246 596 4300 μενοι
610 4228 704 4280 καὶ
723 4224 1121 4291 ἐλεεινολογίαι,
1142 4220 1367 4292 ὴτόνουν
1403 4221 1450 4271 οἱ
1472 4215 1817 4285 ἐκκομισταὶ,

1921 3049 1985 3088 ac
2030 3048 2241 3102 semper
2291 3036 2626 3088 memorandi
2668 3035 2950 3103 conjuges.
2983 3033 3268 3099 Quomodo
3305 3041 3487 3087 autem

1924 3127 1973 3180 id
2008 3125 2290 3191 acciderit,
2346 3140 2524 3195 operae
2558 3125 2788 3194 pretium
2831 3124 2994 3180 fuerit
3029 3125 3301 3193 explicare
3344 3141 3358 3177 :
3410 3137 3491 3178 est

1920 3218 2065 3271 enim
2101 3217 2220 3287 ejus
2247 3215 2325 3270 rei
2368 3216 2610 3269 narratio
2644 3216 2790 3278 talis,
2819 3215 3101 3269 utsalubri
3140 3215 3335 3268 timore
3368 3230 3495 3268 con-

1924 3314 2110 3362 cutere
2170 3305 2344 3374 possit
2371 3305 2612 3368 animos,
2637 3318 2757 3358 eam
2787 3303 3079 3374 prudenter
3110 3303 3488 3373 suscipientes.

1990 3399 2044 3452 4.
2080 3397 2418 3452 Cernebatur
2445 3397 2512 3449 de
2551 3406 2771 3466 repente
2805 3397 2857 3451 in
2895 3396 3163 3465 cujusque
3190 3397 3385 3449 vestitu
3416 3395 3494 3447 vi-

1923 3490 2095 3545 vilicze
2117 3489 2299 3544 crucis
2327 3488 2536 3558 signum
2551 3487 2651 3558 (5),
2670 3489 2915 3542 tinctura:
2933 3485 3375 3557 piuguis,veluta
3401 3500 3492 3553 pe-

1922 3583 2026 3638 rita
2062 3599 2246 3644 manu,
2283 3596 2377 3637 seu
2409 3581 2588 3650 potius
2627 3581 2812 3634 divino
2843 3581 3012 3650 digito
3058 3595 3293 3650 superne
3327 3581 3493 3637 eﬂ‘or-

1924 3686 2150 3729 matum.
2187 3675 2242 3728 Id
2267 3674 2318 3726 in
2341 3672 2753 3742 seconspiciens
2779 3671 3119 3739 turbabatur,
3154 3674 3494 3729 snbintrabat

1925 3767 2224 3823 accelerata
2243 3780 2420 3827 mors;
2451 3765 2639 3817 eodem
2665 3765 2769 3824 die,
2795 3763 2886 3834 qui
2905 3764 3171 3820 extulerat
3193 3775 3490 3825 mortuum,

1925 3869 2172 3913 mortuus
2190 3855 2351 3908 etiam
2390 3857 2505 3924 ipse
2542 3854 2886 3908 elferebatur.
2915 3853 3109 3909 Videre
3137 3865 3254 3909 erat
3277 3855 3414 3910 duos
3439 3857 3492 3910 in

1923 3950 2113 4005 eadem
2143 3946 2422 4015 sandapila
2453 3984 2467 4010 ,
2523 3956 2759 4014 quatuor
2797 3961 2960 4015 super
2991 3961 3155 3998 unum
3186 3947 3491 4016 jumentum

1924 4039 2151 4111 portari,
2173 4035 2494 4093 etcumulos
2520 4033 2820 4090 infelicium
2852 4037 3173 4091 cadaverum
3204 4037 3361 4092 alios.
3385 4038 3494 4091 Au-

1926 4131 2212 4186 diebantur
2241 4128 2602 4196 undequaque
2634 4135 2893 4180 sonantes
2933 4125 3184 4194 planctus
3217 4135 3380 4195 atque
3417 4126 3496 4179 la-

1929 4231 2130 4285 menta,
2153 4220 2501 4275 lassabantur
2517 4218 2865 4287 vespillones,
2889 4217 3235 4272 rarescebant
3255 4216 3495 4271 libitina-

243 4324 540 4388 ἐσπάνιζον
569 4323 620 4374 οἱ
656 4318 1038 4387 ἐνταφιασταὶ,
1061 4314 1333 4369 ἐκλείοντο
1351 4306 1511 4373 οἶκοι,
1538 4309 1814 4362 ἐκενοῦντο

1929 4312 2642 4379 rii,claudebanturdomus,
2657 4306 3030 4364 vacuabantur
3047 4309 3172 4373 vici,
3187 4309 3496 4363 cmmeteria

245 4414 516 4488 ρεγεῶνες
541 4411 638 4484 (b),
661 4408 995 4477 ἐπληροῦντο
1012 4401 1460 4474 πολυάνδρια,διὰ
1483 4399 1647 4470 μέσου
1676 4397 1823 4450 δυοῖν

247 4508 462 4579 μηνοῖν,
489 4503 593 4572 τῆς
628 4501 1055 4570 πολυανθρώπου
1089 4513 1150 4549 τε
1193 4495 1291 4548 καὶ
1344 4491 1677 4562 μυριοίκιδος
1722 4489 1823 4542 πό-

244 4602 385 4662 λεως
425 4597 633 4668 ἐρήμου
674 4595 769 4649 καὶ
809 4592 1087 4647 άοικίστου
1138 4588 1326 4658 σχεδὸν
1356 4587 1531 4639 εἰπεῖν
1565 4581 1822 4652 ἐποφθεί-

249 4707 372 4760 σης.
403 4686 590 4742 Ταῦτα
618 4688 678 4740 ἐν
699 4684 934 4755 ἡμέραις
963 4680 1373 4734 Κωνσταντίνου
1412 4677 1505 4731 τοῦ
1531 4674 1826 4737 δυσσεϐοῦς

249 4778 542 4852 βασιλέως,
571 4776 662 4846 ὑφ’
691 4770 752 4829 οὗ
781 4775 814 4846 ή
838 4772 1003 4827 είκὼν
1031 4771 1128 4825 τοῦ
1172 4769 1411 4842 Χριστοῦ
1460 4767 1824 4838 καθυϐρίσθη,

1930 4404 2298 4474 replebantur;
2319 4402 2455 4457 adeo
2473 4409 2532 4456 ut
2550 4403 2688 4456 intra
2711 4400 2941 4455 duorum
2957 4400 3224 4455 mensium
3242 4401 3496 4470 spatium.

1932 4497 2063 4550 urbs
2079 4492 2497 4564 populosissima
2520 4501 2682 4560 atque
2699 4490 3115 4553 babitatissima,
3136 4504 3270 4558 pene
3286 4491 3497 4543 deserta

1932 4593 2096 4653 atque
2122 4581 2324 4636 inculta
2357 4588 2664 4650 appareret.
2696 4577 2909 4633 Accidit
2935 4579 3037 4632 hoc
3059 4577 3112 4631 in
3144 4577 3336 4632 diebus
3359 4577 3498 4631 Con-

1933 4675 2159 4731 stantini
2198 4673 2275 4744 (4)
2306 4670 2671 4742 imperatoris,
2710 4669 2890 4733 illius,
2918 4667 3500 4738 inquam,impostoris

1934 4767 2160 4832 nefarii,
2217 4781 2249 4821 a
2305 4780 2416 4836 quo
2456 4765 2631 4832 imago
2666 4761 2870 4816 Christi
2898 4762 3252 4817 simulacrum
3294 4760 3501 4816 erroris

1757 4943 1994 5000 NOTAE.

325 5081 403 5150 (ὸ)
442 5077 709 5150 Quoniam
739 5070 1176 5150 antiqua_Ro_t_na
1217 5070 1270 5125 in
1303 5069 1558 5150 regiones
1598 5066 1943 5121 dividebatur
1992 5058 2161 5150 (quod
2322 5061 2474 5150 hupc
2511 5074 2690 5150 usque
2718 5055 3500 5150 diem-ob?net‘lLethtnLnova

252 5126 1027 5215 Ro‘m'a,véonstautin—o'polin
1066 5143 1212 5208 dico,
1267 5126 1534 5211 ejusmodi
1605 5151 1801 5192 nomen
1881 5126 2182 5204 usurpavit,
2230 5140 2290 5186 ut
2334 5140 2480 5201 patet
2505 5145 2570 5184 ex
2606 5126 2928 5185 auctoribus
2958 5141 2990 5182 a
3020 5126 3256 5182 Meursio
3316 5142 3503 5182 recen-

255 5224 402 5278 sitis.

328 5335 406 5406 (ί)
446 5335 673 5406 Sirletus
700 5340 816 5396 post
849 5333 985 5406 duas
1012 5330 1154 5399 ﬁlias
1178 5328 1418 5406 genitum
1444 5326 1658 5406 "SOI-ii)“
1683 5325 1828 5406 {sed

257 5396 436 5464 solum
477 5407 528 5459 in
559 5405 747 5459 ϐιωςο
776 5411 858 5456 est
889 5396 1020 5466 σὺν,
1043 5396 1274 5452 ειιιηξιιι
1301 5400 1409 5451 vita
1444 5396 1499 5449 S.
1534 5396 1829 5458 Theodori,

257 5479 402 5534 infra
428 5477 641 5531 citanda
678 5475 744 5528 ad
797 5487 918 5540 cap.
957 5473 1008 5536 5,
1042 5471 1144 5524 litt.
1199 5486 1248 5532 c,
1302 5468 1578 5522 adduntur
1635 5467 1830 5522 fratres

257 5559 412 5687 "C(s‘é}
447 5605 761 5687 Theoctis‘ta
786 5611 1087 5687 appellatur
1141 5614 1192 5665 in
1249 5607 1474 5687 Vitas.
1537 5605 1828 5668 Theodori,

262 5680 432 5757 nupta
467 5685 723 5746 Photino,
755 5684 846 5751 qui
875 5682 1255 5757 magistratum
1287 5682 1355 5734 ab
1379 5680 1703 5757 imperatore
1722 5691 1830 5754 non

262 5746 420 5813 val-de
444 5767 711 5810 remotum
745 5746 914 5824 gessit
943 5746 1152 5807 :‘ambo
1185 5762 1393 5824 postea,
1427 5750 1618 5804 relicto
1642 5746 1836 5814 conju-

264 5830 391 5902 εἰοζ
410 5829 576 5902 vitam
607 5823 961 5902 monasticam
994 5823 1227 5902 amplexi
1263 5831 1410 5902 sunt:

339 5900 415 5968 (5)
448 5898 653 5962 Graece,
684 5897 740 5947 ἐν
778 5893 957 5963 Basia:
993 5889 1256 5947 ἐλαιώδει.
1304 5891 1531 5946 Sirletus
1567 5889 1723 5944 vertit
1752 5905 1834 5941 ro-

1937 5327 2046 5379 lore
2129 5320 2351 5377 caruleo
2381 5337 2400 5384 ;
2436 5319 2687 5373 fortassis
2730 5315 2934 5370 invenit
3001 5311 3251 5374 ὑαλὼδει,
3320 5312 3480 5384 citreo

1937 5395 2297 5463 Theophanes
2333 5382 2396 5444 ad
2432 5407 2522 5444 an.
2547 5387 2906 5463 tlln'isti'ﬂti,
2931 5384 3238 5463 iltdictione
3278 5382 3504 5463 Iduista

1937 5451 2120 5530 refcrt',
2159 5479 2220 5516 ac
2251 5463 2316 5516 de
2335 5477 2496 5515 cruce
2517 5460 2596 5513 sic
2619 5457 2888 5530 exprimit.
2925 5456 3017 5530 ῘΕν
3033 5451 3293 5530 τρῖςέὦν-
3307 5451 3508 5530 ἀῖθρίξέ·

1939 5553 2059 5588 πων
2087 5521 2323 5603 ἱματίοις
2347 5533 2443 5583 καὶ
2472 5521 2794 5603 ἐνᾲτοῖςτιῖιν
2822 5523 3127 5603 ἐκκλησιῶν
3158 5524 3319 5587 ἱεροῖς
3355 5521 3503 5603 ἐνδύ-

1942 5623 2073 5676 μασι
2104 5593 2337 5676 σταυρζα
2367 5598 2598 5669 ἐλαιώδη
2615 5599 2862 5676 πλεῖστα.
2896 5595 2962 5647 1η
2985 5594 3255 5646 hominum
3279 5593 3506 5676 v‘fstibus

1938 5661 1989 5729 ct
2029 5678 2082 5728 in
2114 5661 2451 5726 ecclesiarum
2491 5661 2658 5721 sacris
2689 5668 3030 5730 indumentis,
3069 5678 3244 5716 cruces
3267 5661 3509 5731 plurimae

1946 5747 2199 5813 oleagina!
2233 5739 2705 5813 conspiciebantur.

2017 5799 2093 5884 (ιίῇ
2141 5799 2536 5884 Constantinus
2590 5809 2978 5884 _C_0_pr0ttymus
3037 5803 3205 5857 Leoni
3272 5799 3510 5856 lsaurico

1945 5879 2104 5956 patri,
2163 5883 2224 5936 -l8
2255 5880 2423 5944 Junii,
2467 5895 2556 5933 an.
2589 5879 2682 5932 “Ml
2723 5882 3336 5939 mortuo,successerat.
3382 5887 3390 5894 ’
