4170 6490
694 390 797 453 807

690 522 786 574 per
825 503 1076 575 injuriam
1108 501 1376 572 appellata
1406 542 1420 564 ,
1478 509 1572 554 aut
1623 497 1804 553 verius
1864 497 1979 566 ipse
2011 497 2265 551 Christus

695 596 833 652 Deus
863 604 1046 649 uoster
1077 593 1406 648 contumelia
1439 600 1522 645 est
1558 589 1815 653 allectus;
1861 587 2131 658 siquidem
2171 587 2267 640 ho-

1891 383 1951 443 S.
1992 382 2384 444 TIlEODORI
2417 383 2764 444 STUDITJE

3847 386 3944 449 808

2375 494 2598 548 εἴδωλον
2645 495 2851 564 πλάνης
2899 494 3262 564 ὀνομασθεῖσα
3313 494 3462 567 παρά
3509 495 3605 548 τοῦ
3653 497 3945 554 λαοπλανου

2376 585 2662 653 ὲξαγίστου
2685 603 2698 617 ο
2733 585 2933 654 μᾶλλον
2981 586 3037 638 δὲ
3079 585 3238 648 αὐτὸς
3299 586 3532 655 Χριστὸς
3560 587 3589 638 6
3620 587 3751 651 Θεὸς
3797 589 3948 658 ἡμῶν

693 704 792 742 nor
822 687 1099 741 exhibitus
1134 684 1353 754 imagini
1389 685 1451 736 ad
1479 692 1824 753 prototypum
1851 681 2062 747 transit,
2085 696 2263 750 quem-

2380 674 2654 744 ἠτιμώθη,
2682 676 2840 746 εἴπερ
2878 679 2910 745 ἡ
2947 677 3046 746 τῆς
3080 676 3289 740 εἰκόνος
3315 678 3450 747 τιμὴ
3475 678 3568 732 ἐπὶ
3592 681 3652 732 τὸ
3678 683 3950 750 πρωτόπ-

691 780 984 834 admodum
1017 777 1216 832 alicubi
1247 777 1377 831 dicit
1404 777 1623 830 divinus
1655 774 1905 828 Basilius.
1944 772 2131 844 Itaque
2167 774 2270 829 fuit

693 875 807 926 lucc
848 886 1013 939 super
1071 879 1381 938 peccantem
1431 869 1685 937 populum
1733 867 2040 938 justissima
2092 868 2266 936 virga,

691 973 915 1031 paterna
953 973 1130 1015 tamen
1183 962 1505 1015 immensam
1559 971 1803 1014 nostram
1858 959 2268 1024 perversitatem

690 1055 755 1108 ad
789 1055 1200 1109 conversionem
1260 1053 1558 1107 erudientis
1616 1053 1728 1114 Dei,
1781 1062 1834 1107 ct
1867 1054 1917 1105 in
1953 1052 2030 1105 ira
2062 1067 2271 1122 praepa-

693 1149 867 1202 rautis
899 1150 1039 1201 viam
1075 1148 1291 1210 salutis,
1328 1148 1394 1200 iis
1431 1147 1522 1214 qui
1551 1146 1936 1215 atquanimiler
1972 1146 2269 1200 correctio-

692 1255 813 1294 uem
871 1240 1232 1310 susciperent.
1274 1237 1379 1292 Sed
1427 1240 1493 1291 ad
1541 1237 1754 1292 Patrem
1814 1249 2054 1291 nostrum
2087 1252 2268 1292 sermo

691 1332 896 1385 redeat.

762 1423 817 1476 5.
861 1420 1188 1476 Parentibus
1235 1434 1366 1489 ergo
1417 1428 1471 1472 et
1518 1417 1940 1488 consanguineis
1993 1416 2267 1487 plerisque

691 1513 918 1567 orbatus
951 1512 1048 1582 (4⁸)
1085 1512 1263 1565 adhuc
1295 1526 1428 1579 puer
1456 1510 1765 1572 admodum,
1800 1509 1868 1562 ab
1896 1509 2078 1578 aliquo
2103 1514 2267 1562 alter-

693 1606 872 1659 utrius
905 1604 1148 1673 parentis
1175 1617 1439 1671 germano
1465 1601 1764 1671 suscipitur
1785 1616 1800 1664 ;
1819 1611 1870 1655 et
1891 1602 2263 1672 adjuvenilem

692 1707 982 1765 provectus
1012 1704 1226 1748 aetatem
1250 1735 1264 1759 ,
1317 1704 1572 1763 tanquam
1615 1694 1954 1748 rectissimus
1988 1695 2263 1761 surculus,

693 1786 950 1854 produxit
970 1783 1157 1839 ﬂorem
1183 1782 1587 1852 intelligentiae;
1611 1783 2034 1852 quaedilliculter
2060 1785 2264 1852 reperi-

692 1891 779 1933 tur
808 1879 859 1932 in
891 1877 1168 1946 orplianis,
1199 1891 1306 1929 non
1331 1875 1664 1930 habentibus
1691 1876 1782 1944 qui
1810 1877 1888 1930 eis
1908 1877 1983 1928 uti
2015 1886 2265 1943 parentes

692 1972 993 2042 invigilcnt.
1023 1969 1262 2024 Fructus
1313 1979 1495 2022 autem
1543 1969 1776 2038 propria:
1826 1969 2000 2037 ipsius
2033 1968 2266 2022 solertiae

2377 785 2477 822 πον
2506 767 2808 832 ἀναϐαίνει,
2847 767 3030 832 καθὼς
3056 770 3084 821 6
3112 769 3372 841 θεηγόρος
3406 764 3508 823 ὧδέ
3538 771 3640 824 πού
3671 788 3806 840 φησι
3856 771 3948 824 Ba-

2378 859 2594 923 σίλειος.
2614 860 2800 914 Ταῦτα
2822 862 2853 930 ἡ
2878 861 3019 914 κατά
3036 861 3144 914 τῶν
3166 862 3593 933 ἁμαρτανόντων
3615 863 3930 932 δικαιοτάτη
3938 903 3949 921 .

2375 952 2449 1016 ὡς
2474 953 2538 1006 ἄν
2564 970 2649 1016 τις
2699 955 2867 1020 εἴποι,
2923 955 3246 1026 παιδευτικὴ
3289 954 3482 1026 ῥάϐδος
3519 955 3614 1007 τοῦ
3659 954 3821 1019 θεοῦ,
3857 958 3951 1023 τὴν

2375 1051 2614 1120 ἄμετρον
2643 1047 2800 1122 ήμῶν
2819 1049 3016 1102 κακίαν
3043 1047 3484 1117 ὲπιστρεπτικῶς
3520 1047 3949 1116 σωφρονίζουσα,

2375 1141 2470 1193 καὶ
2495 1141 2812 1194 ὁδοποιοῦσα
2845 1138 3034 1208 τρίὸον
3072 1138 3346 1209 σωτηρίας
3377 1140 3443 1207 τῇ
3485 1137 3623 1208 ὀργῇ
3653 1135 3823 1189 αὑτοῦ
3844 1140 3954 1199 τοῖς

2374 1233 2712 1304 εὐαισθήτως
2776 1233 3088 1303 δεχομένοις
3147 1231 3247 1300 τὴν
3311 1233 3650 1302 νουθέτησιν.
3696 1231 3855 1301 Ἐμοὶ
3897 1231 3953 1284 δὲ

2375 1326 2467 1378 ἐπὶ
2497 1325 2589 1378 τὸν
2618 1325 2833 1395 Πατέρα
2867 1323 3274 1394 μεθαρμοστὲος
3300 1324 3328 1374 6
3367 1322 3548 1389 λόγος.

2445 1425 2509 1471 ε’.
2545 1416 3038 1486 Καταλιμπάνεται
3067 1414 3356 1486 τοιγαροῦν
3386 1415 3589 1485 ἔρημος
3621 1415 3828 1482 γονέων
3859 1415 3954 1466 σὺν

2373 1515 2490 1575 τοῖς
2514 1511 2794 1582 όμαίμοσι,
2826 1510 3022 1578 κομιδῇ
3056 1512 3184 1565 παῖς
3219 1507 3504 1577 τυγχάνων
3529 1523 3542 1536 ο
3583 1507 3640 1570 ὃς
3702 1505 3950 1575 προσλη-

2375 1605 2531 1672 φθεὶς
2561 1605 2650 1673 ὑφ’
2677 1605 2756 1656 ἐνὶ
2781 1604 2890 1657 τῶν
2925 1601 3222 1670 συγγενῶν,
3262 1601 3356 1652 καὶ
3377 1601 3455 1661 είς
3483 1599 3700 1669 ἠλικίαν
3732 1597 3954 1666 ἡϐῶσαν

2374 1699 2650 1769 ἀναχθεὶς,
2684 1698 2837 1751 ἀνθεῖ
2869 1698 2966 1766 μὲν
2991 1695 3175 1757 εὐθὺς,
3215 1695 3406 1764 ὥσπερ
3435 1711 3488 1745 τι
3509 1692 3661 1764 ἔρνος
3686 1690 3954 1743 εὐθὺσλαο

2376 1806 2519 1852 στον,
2556 1791 2588 1858 ἡ
2623 1789 2775 1858 ἀκμὴ
2808 1787 2906 1856 τῆς
2939 1787 3190 1854 νεότητος
3246 1793 3346 1853 τὴν
3388 1783 3681 1854 καλλίστην
3715 1781 3952 1841 σύνεσιν,

2374 1879 2519 1949 ἥπερ
2550 1879 3000 1948 δυσκατόρθωτος
3061 1877 3173 1935 τοῖς
3241 1874 3476 1943 ὀρφανία
3521 1874 3802 1942 ἠγμένοις.
3854 1872 3952 1924 οὐκ

2375 1972 2557 2042 ἔχουσι
2577 1973 2667 2024 τὸν
2691 1973 2781 2024 ῖσα
2802 1972 3006 2040 γονέων
3028 1970 3446 2024 ἐπιστατοῦντα.
3472 1971 3828 2038 Καρποςσορεῖ
3862 1967 3918 2019 δὲ
3938 2006 3952 2030 ,

690 2073 744 2118 et
772 2063 1068 2132 diligentia:
1095 2063 1199 2116 fuit
1237 2063 1432 2131 peritia
1461 2062 1644 2130 praxis
1672 2061 1976 2124 notarialis,
2001 2072 2259 2129 quantam

2368 2069 2485 2128 ταῖς
2518 2066 2646 2136 παρ’
2671 2065 2868 2118 ἑαυτοῦ
2929 2066 3186 2127 σπουδαῖς
3239 2081 3299 2116 τε
3339 2065 3434 2117 καὶ
3463 2063 3825 2132 φιλοζηλίαις,
3858 2062 3955 2132 τὴν

690 2159 778 2212 vix
815 2158 1034 2225 assequi
1080 2158 1346 2226 potuisset
1390 2157 1589 2226 aliquis
1638 2158 1861 2225 paterna
1901 2157 2269 2213 sollicitudine

691 2250 968 2304 eruditus.
1003 2248 1206 2304 Deinde
1236 2249 1496 2318 predicto
1547 2251 1712 2303 tutori
1759 2265 1862 2304 suo
1915 2252 2076 2321 regia:
2101 2267 2269 2321 pecu-

693 2343 794 2396 nia:
823 2340 1191 2410 appendenda:
1216 2338 1489 2410 praefecto,
1522 2355 1741 2410 operam
1780 2344 2160 2409 commodatis,
2194 2343 2266 2396 ita

694 2449 804 2486 rem
841 2433 986 2485 illam
1018 2432 1210 2500 agebat
1240 2433 1476 2496 dextere,
1513 2442 1571 2485 ut
1607 2432 1693 2486 hic
1720 2435 1895 2487 solum
1934 2433 2269 2502 praafectura:

693 2540 886 2579 nomen
924 2533 1126 2589 tenere,
1155 2539 1291 2594 opus
1323 2524 1409 2578 ille
1439 2526 1671 2578 sciretur
1702 2543 1715 2578 :
1741 2534 1796 2578 et
1823 2525 1892 2578 ob
1913 2526 2015 2580 hoc
2046 2526 2100 2579 in
2130 2541 2268 2580 aera-

691 2615 774 2669 rio
796 2615 1145 2685 imperatorio
1168 2614 1422 2674 illustris.
1448 2616 1651 2669 charus
1668 2615 1887 2684 quidem
1906 2615 2267 2686 principibus,

691 2709 792 2780 ipsi
823 2717 1001 2763 autem
1031 2706 1228 2762 Caesari
1260 2705 1426 2761 etiam
1462 2716 1619 2762 notus
1653 2717 1818 2763 esset.

758 2887 811 2942 ὓ.
853 2885 999 2941 Talis
1025 2902 1148 2941 cum
1197 2897 1362 2950 esset,
1406 2895 1644 2940 mentem
1686 2902 1840 2941 suam
1888 2903 1995 2943 non
2044 2888 2267 2943 tradidit

689 2979 968 3034 cﬂrenatis
1009 2978 1388 3032 adolescentia:
1422 2977 1820 3048 cupiditatibus
1859 2978 1972 3038 (uti
2021 2981 2266 3049 petulan-

689 3077 794 3128 tior
827 3071 1025 3142 aliquis
1061 3071 1282 3137 faceret,
1315 3073 1398 3126 sui
1426 3069 1604 3126 factus
1634 3070 1999 3137 arbitrii),sed
2033 3071 2134 3140 ipsi
2161 3071 2264 3125 sibi

689 3167 929 3236 optimus
964 3165 1225 3226 domitor,
1260 3163 1575 3218 abstinebat
1623 3179 1652 3216 a
1684 3165 1965 3219 consortio
2005 3163 2266 3231 insipien-

690 3259 862 3324 tium,
893 3269 946 3311 et
997 3256 1430 3326 sapientioribus
1455 3255 1790 3326 jungebatur
1825 3274 1839 3311 :
1870 3257 2152 3326 applicans
2206 3271 2265 3311 sc

691 3349 1046 3413 honoratiori,
1075 3365 1179 3402 non
1207 3349 1386 3403 minus
1409 3350 1707 3413 honorato;
1739 3357 1896 3403 aetate
1919 3348 2259 3417 provectiori,

692 3456 800 3496 non
831 3441 1062 3511 iuniori;
1097 3450 1262 3509 atque
1301 3454 1369 3494 ex
1401 3439 1534 3508 ipsis
1562 3440 1804 3492 externis
1833 3440 2159 3501 honoribus,
2190 3439 2263 3491 iu-

689 3532 927 3600 genitam
961 3531 1130 3584 animi
1166 3529 1536 3594 nobilitatem,
1576 3529 1809 3583 latenter
1840 3529 2261 3598 quodammodo,

689 3624 754 3678 ad
790 3621 997 3692 majora
1023 3622 1382 3691 provehebat.
1435 3619 1552 3674 Non
1604 3621 1848 3675 tradebat
1883 3636 1942 3676 se
1996 3635 2266 3675 comessa-

690 3715 901 3768 toribus
931 3712 1462 3781 combibouibusque
1493 3713 1560 3766 ad
1593 3714 1830 3782 aaquales
1861 3714 2088 3768 haustus
2113 3753 2130 3779 ,
2185 3713 2264 3768 uti

692 3807 744 3859 in
781 3805 1046 3859 conviviis
1099 3804 1306 3859 faciunt
1337 3804 1761 3872 adolescentuli;
1807 3821 1983 3875 neque
2019 3807 2265 3862 substan-

690 3897 820 3950 tiam
866 3896 1203 3966 dilapidabat
1254 3898 1371 3950 alea
1410 3909 1668 3965 memque
1689 3937 1704 3961 ,
1735 3908 1793 3950 ut
1823 3895 2144 3966 frugiperdaa
2174 3911 2264 3950 so-

692 3990 837 4054 lent;
865 3988 958 4042 sed
993 3989 1225 4056 publica:
1257 3987 1414 4041 librae
1436 3990 1741 4054 attendens,
1788 3989 1972 4043 labore
2003 3989 2264 4043 continuo

688 4080 908 4134 divitias
938 4080 1040 4133 sibi
1069 4079 1486 4142 accumulabat,
1523 4088 1576 4134 et
1605 4080 1821 4149 quidem
1865 4089 2078 4145 tantas.
2107 4091 2164 4134 ut
2195 4081 2260 4135 ad

688 4184 970 4244 paternam
999 4173 1371 4227 [nereditatem
1405 4173 1802 4242 amplissimam
1834 4174 1976 4228 haud
2019 4175 2262 4230 modicas

687 4268 822 4321 alias
872 4266 1156 4321 facultates
1210 4266 1544 4335 apposuerit.
1589 4265 1704 4320 Hoc
1743 4281 1870 4321 vero
1915 4282 2260 4337 nequaquam

689 4359 801 4412 tieri
834 4358 1121 4426 potuisset,
1155 4358 1256 4413 nisi
1297 4359 1708 4427 temperantiam
1743 4369 2013 4413 servasset
2047 4361 2100 4413 iu
2139 4375 2262 4414 Otii-

690 4451 883 4515 nibus,
922 4464 1044 4518 quze
1084 4451 1385 4504 honestatis
1414 4459 1687 4503 amantem
1734 4450 2036 4505 exornabat
2081 4451 2257 4505 conti-

690 4543 867 4597 nentia
896 4579 912 4603 ,
965 4551 1019 4595 et
1051 4541 1262 4596 cunctis
1289 4541 1558 4595 alIabilem
1604 4542 1908 4596 instruebat
1953 4543 2256 4611 prudentia,

687 4635 875 4706 procul
929 4635 1193 4704 abjiciens
1237 4636 1506 4705 iuveniles
1550 4638 1891 4705 voluptates;
1936 4639 2136 4707 quibus
2165 4645 2257 4708 qui

2370 2156 2651 2208 παίδευσιν
2672 2157 2770 2226 τῆς
2803 2155 3099 2226 νοταρικῆς
3159 2155 3413 2222 μεθόδου,
3450 2155 3524 2217 ὡς
3553 2153 3707 2206 οΰπω
3735 2170 3819 2214 τις
3849 2153 3956 2203 τῶν

2370 2250 2462 2301 καὶ
2485 2251 2778 2321 πατρικαῖς
2802 2249 3142 2319 ἐπιμελείαις
3173 2248 3693 2319 προμηθευομένων,
3725 2245 3953 2313 συζυγο-

2371 2341 2583 2394 στατῶν
2608 2358 2667 2393 τε
2697 2342 2846 2410 αὑτῴ
2867 2341 3407 2411 προσειληφότιθείῳ
3436 2340 3504 2393 τὰ
3534 2338 3790 2409 βασιλικὰ
3823 2340 3955 2408 χρή-

2372 2452 2540 2503 ματα.
2567 2435 2676 2487 Καὶ
2708 2435 2962 2487 τοσοῦτον
2997 2437 3184 2502 φανεὶς
3229 2434 3464 2488 ἐνταῦθα
3513 2433 3844 2505 περιδέξιος,
3879 2433 3953 2494 ὡς

2368 2526 2541 2596 ὄνομα
2581 2526 2742 2593 μόνον
2772 2527 2920 2595 ἔχειν
2944 2527 3152 2580 ἐκεῖνον
3178 2527 3276 2596 τῆς
3307 2527 3502 2597 ἀρχῆς,
3553 2528 3644 2579 τὸν
3667 2527 3723 2580 δὲ
3770 2526 3833 2578 τὸ
3861 2526 3952 2596 ἔρ-

2368 2631 2464 2682 γον
2495 2615 2884 2687 γνωρίζεσθαι,
2916 2616 3010 2669 καὶ
3038 2616 3127 2669 διὰ
3163 2616 3338 2670 ταῦτα
3371 2618 3643 2688 ἐπίσημον
3679 2617 3779 2687 μὲν
3811 2613 3952 2670 εἶναι

2369 2711 2428 2761 ὲν
2486 2711 2598 2771 τοῖς
2644 2708 2943 2779 βασιλικοῖς
2988 2708 3382 2778 ταμιεύμασιν,
3413 2710 3691 2764 ἀσπαστὸν
3725 2710 3781 2762 δὲ
3840 2713 3951 2773 τοῖς

2367 2797 2617 2864 ἄρχουσι,
2647 2795 2926 2867 γνώριμόν
2949 2813 3008 2849 τε
3037 2797 3130 2849 καὶ
3158 2797 3304 2867 αὐτῷ
3329 2799 3406 2868 τῷ
3434 2801 3696 2869 Καίσαρι.

2437 2896 2510 2954 ς’.
2545 2888 2702 2943 Οὕτω
2724 2890 2778 2942 δὲ
2805 2889 3244 2960 διαφαινόμενος,
3278 2890 3339 2944 οὐ
3365 2894 3480 2954 ταῖς
3516 2892 3845 2955 ἀκαθέκτοις
3865 2895 3953 2964 ὁρ-

2371 2985 2498 3052 μαῖς
2526 2985 2623 3053 τῆς
2655 2985 2902 3054 νεότητος
2929 2983 3242 3054 προῦδωκεν
3265 2985 3352 3038 τὸν
3372 2985 3514 3049 νοῦν,
3534 2987 3609 3049 ὠς
3639 2987 3703 3040 ἂν
3730 3004 3814 3050 τις
3839 2988 3949 3040 τῶν

2367 3073 2582 3140 ἀφέτων
2612 3089 2669 3124 τε
2707 3074 2802 3126 καὶ
2852 3073 3212 3144 ρηξιφρόνων,
3238 3074 3353 3127 ἀλλ’
3381 3075 3450 3144 (c)
3490 3070 3581 3128 οἶά
3607 3093 3691 3138 τις
3725 3077 3946 3147 ἀριστος

2368 3163 2727 3234 πωλοδάμνης
2755 3166 2917 3229 αὐτὸς
2952 3167 3132 3236 ἑαυτῷ
3161 3168 3519 3238 γιγνόμενος,
3547 3170 3806 3240 ἀπείχετο
3849 3172 3946 3240 μὲν

2367 3262 2641 3313 ἀσυνέτων
2665 3303 2678 3327 ,
2702 3263 2972 3332 συνήπετο
3015 3263 3068 3315 δὲ
3113 3263 3568 3333 πεπαιδευμένοις
3591 3302 3605 3326 ,
3639 3263 3718 3332 τῷ
3749 3265 3945 3333 τιμαλ-

2369 3351 2619 3422 φεστέρῳ
2679 3355 3128 3420 συνταττόμενος.
3183 3354 3298 3407 ἀλλ’
3329 3356 3451 3424 ουχὶ
3505 3355 3583 3424 τῷ
3637 3355 3946 3425 ἁτιμοτὲρῳ

2368 3444 2789 3515 συνερχόμενος,
2852 3445 2949 3497 καὶ
2973 3444 3052 3512 τῷ
3080 3443 3202 3497 καθ’
3227 3445 3444 3514 ἠλικίαν
3463 3446 3750 3515 προέχοντι
3768 3463 3946 3517 παραυ

2366 3536 2751 3606 ζευγνύμενος,
2792 3537 2904 3589 ἀλλ’
2930 3536 3052 3606 οὐχὶ
3080 3534 3156 3603 τῷ
3181 3537 3600 3607 νεοπαγεστέρῳ
3629 3537 3944 3590 συνδιαιτώσ

2369 3647 2547 3699 μενος,
2584 3631 2680 3683 καὶ
2707 3629 2845 3702 πρὸς
2865 3629 2926 3682 τὸ
2959 3630 3206 3694 ἄναντες,
3249 3630 3356 3682 κάκ
3383 3630 3492 3682 τῶν
3516 3629 3715 3694 ἔξωθεν
3744 3631 3941 3701 τιμῶν,

2363 3723 2426 3774 τὸ
2455 3724 2553 3791 τῆς
2583 3723 2762 3793 ψυχῆς
2794 3723 3039 3792 εὐγενὲς,
3081 3722 3383 3792 λεληθότως
3413 3740 3528 3786 πως
3589 3724 3941 3795 ὁδοποιούμε-

2364 3832 2472 3877 νος.
2508 3813 2583 3868 Οὔ
2615 3817 2667 3866 τί
2699 3833 2800 3870 που
2832 3816 3137 3885 συμπόταις
3159 3815 3251 3866 καὶ
3285 3816 3559 3877 συσσίτοις
3595 3816 3793 3868 ἑαυτὸν
3821 3819 3938 3869 ἑπι-

2362 3910 2539 3973 διδοὺς
2582 3908 2724 3962 κατὰ
2778 3912 2967 3977 κοινὴν
3011 3909 3357 3978 φιλοτησίαν,
3387 3907 3463 3969 ὡς
3498 3911 3650 3972 εῖτις
3683 3911 3794 3963 τῶν
3827 3928 3945 3965 νεα-

2362 3999 2692 4069 νιευομένων
2717 3999 2775 4050 ὲν
2806 3999 3085 4068 εὐωχίαις,
3111 3999 3220 4051 οὐδ’
3253 3999 3312 4051 οὐ
3349 3998 3456 4068 μὴν
3491 3997 3678 4064 κύϐοις
3719 4003 3814 4054 καὶ
3848 4001 3940 4069 μὲα

2363 4092 2486 4157 θαις
2513 4091 2929 4145 καταναλίσκων
2977 4092 3075 4161 τὴν
3105 4092 3319 4158 ουσίαν,
3349 4086 3436 4145 οἶα
3463 4089 3533 4143 τὰ
3559 4092 3667 4144 τῶν
3705 4095 3940 4165 μαστρόο

2362 4184 2478 4238 πῶν
2505 4202 2518 4215 ·
2551 4185 2769 4256 σχολαῖς
2814 4187 2870 4239 δὲ
2896 4187 3176 4249 ἐπιπόνοις
3214 4184 3461 4254 ἐφεστὼς
3492 4187 3556 4256 τῇ
3584 4184 3937 4259 ζυγοστασία,

2361 4277 2653 4332 κάντεῦθεν
2677 4278 2905 4330 πλοῦτον
2929 4279 3105 4348 ἑαυτῷ
3139 4279 3303 4332 συναο
3315 4278 3530 4348 ροίζων,
3565 4278 3660 4331 καὶ
3687 4277 3939 4334 τοσοῦτον

2359 4368 2560 4434 αὔξων,
2591 4369 2666 4432 ὡς
2696 4368 2863 4439 ἀλλην
2887 4369 3260 4440 συστήσασθαι
3289 4371 3629 4438 περιουσίαν,
3671 4372 3827 4440 παρά
3846 4372 3938 4441 τὴν

2358 4463 2583 4534 γονικὴν
2623 4461 2994 4534 κληρονομίαν
3059 4463 3406 4533 ἱκανωτάτην
3450 4459 3641 4516 οὖσαν.
3683 4461 3859 4516 Τοῦτο
3884 4465 3935 4517 δὲ

2357 4557 2457 4609 οὐκ
2499 4557 2563 4608 ἂν
2589 4557 3000 4626 προσεγεγόνει,
3032 4557 3079 4607 εί
3137 4555 3211 4626 μὴ
3245 4556 3548 4626 αὐταρκείᾳ
3591 4559 3936 4626 συνετηρεῖτο

2358 4650 2415 4700 ἐν
2449 4650 2602 4712 πᾶσι,
2632 4646 2700 4700 δι’
2730 4643 2796 4718 ἧς
2857 4649 2951 4700 καὶ
2997 4647 3320 4720 σωφροσύνῃ
3363 4647 3770 4712 ἐκαλλωπίζετο
3793 4650 3820 4700 6
3851 4666 3934 4717 φιο

686 4727 970 4796 indulgent
997 4764 1013 4791 ,
1056 4741 1165 4781 non
1198 4729 1357 4782 modo
1390 4744 1496 4781 non
1549 4731 1840 4798 acquirunt
1872 4747 1992 4799 qua:
2021 4733 2255 4796 desunt;

2368 4740 2606 4804 λόκαλος,
2644 4742 2737 4792 καὶ
2770 4741 3032 4810 φρονήσει
3054 4741 3344 4809 ἠγλαῖζετο
3371 4743 3399 4794 6
3431 4741 3712 4811 μειλίχιος,
3747 4741 3936 4813 πόρρω

685 4821 777 4876 sed
809 4828 865 4876 et
897 4834 1014 4888 qua:
1046 4820 1262 4886 adsunt,
1291 4834 1553 4875 evacuare
1582 4833 2002 4876 consueverunt.

759 5096 811 5148 7.
853 5092 994 5160 Quid
1027 5095 1230 5162 porro?
1276 5095 1410 5148 Tant
1447 5093 1730 5162 multiplici
1759 5094 2028 5150 industria
2057 5096 2223 5165 prmdi

683 5197 792 5251 tus,
816 5197 1036 5256 tamque
1061 5186 1272 5255 peritus
1300 5201 1481 5238 rerum
1505 5187 1839 5255 agendarum
1891 5189 2065 5242 evasit
2088 5190 2252 5259 (quod

684 5285 924 5338 maxime
958 5291 1237 5354 spectatur
1276 5283 1344 5336 ah
1382 5283 1470 5346 iis,
1506 5284 1598 5352 qui
1629 5285 1683 5337 in
1717 5285 1920 5339 saeculo
1946 5286 2160 5351 vivunt,
2203 5296 2256 5341 et

683 5379 820 5436 ﬁlias
846 5389 973 5450 apte
1006 5379 1236 5450 cupiunt
1266 5379 1522 5451 elocare),
1543 5388 1601 5434 ut
1637 5381 1876 5450 undique
1933 5381 2254 5437 invitaretur

2366 4831 2572 4901 βάλλων
2601 4831 2701 4894 τὰς
2751 4833 3081 4902 νεωτερικὰς
3130 4834 3456 4902 ἐπιθυμίας,
3494 4829 3583 4897 αἷς
3621 4836 3670 4887 oi
3718 4834 3934 4896 ἁλόντες

2363 4925 2423 4978 οὐ
2463 4924 2620 4994 μόνον
2649 4927 2715 4980 τὰ
2745 4927 2845 4979 οὐκ
2865 4927 2992 4979 δντα
3018 4926 3554 4997 προσλαμϐάνονται,
3577 4926 3718 4979 ἀλλά
3747 4928 3843 4981 καὶ
3873 4927 3934 4978 τά

2366 5016 2554 5068 ἐνόντα
2588 5016 2776 5069 κενοῦν
2807 5017 3088 5072 εἰώθασιν.

2405 5109 2496 5186 ζ’.
2534 5108 2598 5159 Τί
2640 5108 2701 5161 τὸ
2745 5108 3034 5173 ὲντεῦθεν;
3097 5110 3363 5174 Τοσοῦτος
3406 5112 3598 5179 γέγονε
3647 5110 3933 5172 πολλοστὸς

2363 5202 2426 5268 τῇ
2462 5200 2698 5262 συνέσει,
2729 5202 2822 5253 καὶ
2853 5202 3119 5265 πυκτικδς
3141 5206 3261 5265 ταῖς
3295 5203 3571 5274 ἀφορμαῖς
3615 5202 3710 5256 τοῦ
3747 5202 3864 5272 βίου
3890 5203 3933 5270 (δ

2364 5291 2599 5360 φιλεῖται
2635 5295 2786 5361 παρὰ
2816 5292 2924 5344 τῶν
2957 5294 3014 5346 ὲν
3037 5294 3249 5364 κόσμῳ,
3278 5296 3373 5347 καὶ
3395 5293 3758 5358 σπουδάζεται
3785 5296 3929 5364 παρὰ

2361 5383 2714 5437 ἑκδιδούντων
2745 5384 2896 5452 ἀνδρλ⁸
2926 5384 3248 5458 θυγατέρα),
3275 5386 3350 5450 ὡς
3380 5387 3558 5440 ἕλκειν
3581 5387 3742 5440 αὑτὸν
3775 5386 3930 5440 ἄλλον

751 5562 822 5641 (ε)
863 5560 1124 5641 Suspicor
1175 5558 1460 5641 legendum
1495 5572 1617 5641 esse
1661 5559 2003 5641 rétg'acpp/{vmv
2027 5563 2263 5641 utqsitc<

2368 5562 2575 5617 iositum
2607 5577 2635 5615 a
2669 5563 2793 5632 ῥίζα
2829 5563 2983 5615 radix
3016 5575 3069 5618 et
3101 5565 3292 5634 ἄφρων
3329 5565 3601 5634 insipiens,
3628 5566 3696 5621 ad
3727 5566 3931 5635 signiti-

679 5630 907 5697 candos,
936 5634 1030 5702 qui
1058 5632 1126 5686 ab
1149 5632 1358 5700 origine
1396 5640 1448 5685 e‘t
1471 5630 1800 5684 educatione
1825 5631 1961 5685 tales
1985 5639 2134 5686 sunt.

751 5729 849 5796 (4⁸)
880 5727 1065 5796 Graece.
1098 5728 1364 5796 όμαίμοσι
1397 5726 1540 5796 quod
1585 5725 1821 5780 Sirletus
1856 5726 2016 5779 vertit
2047 5730 2248 5782 sorori-

679 5795 812 5853 bus:
848 5797 937 5856 scd
969 5795 1108 5851 infra
1137 5795 1286 5852 num.
1319 5798 1370 5861 7,
1399 5795 1597 5853 dicitur
1627 5807 1869 5860 sanctus,
1901 5812 2023 5851 cum
2045 5799 2110 5852 ad
2137 5815 2251 5853 nio-

2361 5730 2657 5783 nasterium
2692 5727 2824 5781 abiit
2857 5728 3060 5784 eisdem
3103 5729 3375 5784 modicum
3407 5730 3536 5798 quid
3564 5730 3631 5784 de
3663 5745 3761 5785 sua
3802 5732 3928 5787 sub-

2359 5801 2555 5854 stantia
2592 5799 2876 5870 reliquissc
2911 5816 2924 5852 :
2959 5800 3212 5856 vivebant
3246 5801 3408 5871 igitur
3439 5812 3553 5856 tum
3581 5800 3779 5856 adhuc.
