  <div class='ocr_page' id='page_1' title='image "/cluster/home/n/w/nwhite01/storage/ocr_20150623/99/uva.x002264937/432.png"; bbox 0 0 4170 6494; ppageno 0'>
   <div class='ocr_carea' id='block_1_1' title="bbox 199 412 301 473">
    <p class='ocr_par' dir='ltr' id='par_1_1' title="bbox 199 412 301 473">
     <span class='ocr_line' id='line_1_1' title="bbox 199 412 301 473; baseline 0 -1"><span class='ocrx_word' id='word_1_1' title='bbox 199 412 301 473; x_wconf 81' lang='lat'><strong>809</strong></span> 
     </span>
    </p>
   </div>
   <div class='ocr_carea' id='block_1_2' title="bbox 886 411 2804 482">
    <p class='ocr_par' dir='ltr' id='par_1_2' title="bbox 886 411 2804 482">
     <span class='ocr_line' id='line_1_2' title="bbox 886 411 2804 482; baseline 0.004 -7"><span class='ocrx_word' id='word_1_2' title='bbox 886 414 1165 478; x_wconf 82' lang='lat' dir='ltr'><strong>ORATIO</strong></span> <span class='ocrx_word' id='word_1_3' title='bbox 1196 416 1300 477; x_wconf 81' lang='lat' dir='ltr'><strong>XI.</strong></span> <span class='ocrx_word' id='word_1_4' title='bbox 1339 439 1410 452; x_wconf 91' lang='lat'><strong>--</strong></span> <span class='ocrx_word' id='word_1_5' title='bbox 1448 411 1827 475; x_wconf 80' lang='lat' dir='ltr'><strong>LAUDATIO</strong></span> <span class='ocrx_word' id='word_1_6' title='bbox 1865 413 1925 474; x_wconf 89' lang='lat' dir='ltr'><strong>S.</strong></span> <span class='ocrx_word' id='word_1_7' title='bbox 1967 414 2332 477; x_wconf 79' lang='lat' dir='ltr'><strong>PLATONIS</strong></span> <span class='ocrx_word' id='word_1_8' title='bbox 2369 417 2804 482; x_wconf 84' lang='lat' dir='ltr'><strong>HEGUMENI.</strong></span> 
     </span>
    </p>
   </div>
   <div class='ocr_carea' id='block_1_3' title="bbox 3339 427 3445 492">
    <p class='ocr_par' dir='ltr' id='par_1_3' title="bbox 3339 427 3445 492">
     <span class='ocr_line' id='line_1_3' title="bbox 3339 427 3445 492; baseline -0.019 0"><span class='ocrx_word' id='word_1_9' title='bbox 3339 427 3445 492; x_wconf 87' lang='lat'><strong>810</strong></span> 
     </span>
    </p>
   </div>
   <div class='ocr_carea' id='block_1_4' title="bbox 199 522 1776 596">
    <p class='ocr_par' dir='ltr' id='par_1_4' title="bbox 199 523 1776 596">
     <span class='ocr_line' id='line_1_4' title="bbox 199 523 1776 596; baseline 0 -18"><span class='ocrx_word' id='word_1_10' title='bbox 199 523 446 586; x_wconf 80' lang='grc' dir='ltr'>ἄλλοθεν,</span> <span class='ocrx_word' id='word_1_11' title='bbox 482 523 581 575; x_wconf 72' lang='grc' dir='ltr'>καὶ</span> <span class='ocrx_word' id='word_1_12' title='bbox 608 528 717 575; x_wconf 78' lang='grc' dir='ltr'><strong>των</strong></span> <span class='ocrx_word' id='word_1_13' title='bbox 740 524 879 591; x_wconf 82' lang='grc' dir='ltr'>ἄγαν</span> <span class='ocrx_word' id='word_1_14' title='bbox 909 526 1249 594; x_wconf 77' lang='grc' dir='ltr'><strong>εὐπατριδῶν</strong></span> <span class='ocrx_word' id='word_1_15' title='bbox 1280 544 1339 580; x_wconf 87' lang='grc' dir='ltr'><strong>τε</strong></span> <span class='ocrx_word' id='word_1_16' title='bbox 1373 527 1467 580; x_wconf 78' lang='grc' dir='ltr'>καὶ</span> <span class='ocrx_word' id='word_1_17' title='bbox 1506 525 1776 596; x_wconf 74' lang='grc' dir='ltr'>εὐπόρων,</span> 
     </span>
    </p>
   </div>
   <div class='ocr_carea' id='block_1_5' title="bbox 1877 522 3442 596">
    <p class='ocr_par' dir='ltr' id='par_1_5' title="bbox 1880 522 3442 596">
     <span class='ocr_line' id='line_1_5' title="bbox 1880 522 3442 596; baseline 0.012 -19"><span class='ocrx_word' id='word_1_18' title='bbox 1880 522 1946 577; x_wconf 87' lang='lat' dir='ltr'><strong>ad</strong></span> <span class='ocrx_word' id='word_1_19' title='bbox 1981 524 2274 580; x_wconf 80' lang='lat' dir='ltr'><strong>inenndam</strong></span> <span class='ocrx_word' id='word_1_20' title='bbox 2303 526 2430 582; x_wconf 67' lang='lat' dir='ltr'><strong>vitae</strong></span> <span class='ocrx_word' id='word_1_21' title='bbox 2467 529 2784 585; x_wconf 86' lang='lat' dir='ltr'><strong>societatem</strong></span> <span class='ocrx_word' id='word_1_22' title='bbox 2817 530 2899 588; x_wconf 92' lang='lat' dir='ltr'><strong>vel</strong></span> <span class='ocrx_word' id='word_1_23' title='bbox 2931 545 3053 589; x_wconf 90' lang='lat' dir='ltr'><strong>cum</strong></span> <span class='ocrx_word' id='word_1_24' title='bbox 3083 535 3442 596; x_wconf 84' lang='lat' dir='ltr'><strong>nobilioribus</strong></span> 
     </span>
    </p>
   </div>
   <div class='ocr_carea' id='block_1_6' title="bbox 197 612 1779 688">
    <p class='ocr_par' dir='ltr' id='par_1_6' title="bbox 197 612 1779 688">
     <span class='ocr_line' id='line_1_6' title="bbox 197 612 1779 688; baseline 0.003 -23"><span class='ocrx_word' id='word_1_25' title='bbox 197 616 280 678; x_wconf 88' lang='grc' dir='ltr'><strong>είς</strong></span> <span class='ocrx_word' id='word_1_26' title='bbox 335 612 624 666; x_wconf 77' lang='grc' dir='ltr'><strong>κοινωνίαν</strong></span> <span class='ocrx_word' id='word_1_27' title='bbox 677 613 818 683; x_wconf 83' lang='grc' dir='ltr'>βίου.</span> <span class='ocrx_word' id='word_1_28' title='bbox 860 616 1086 670; x_wconf 83' lang='grc' dir='ltr'>Ἀλλόὑ</span> <span class='ocrx_word' id='word_1_29' title='bbox 1137 618 1243 688; x_wconf 77' lang='grc' dir='ltr'>γὰρ</span> <span class='ocrx_word' id='word_1_30' title='bbox 1299 617 1509 687; x_wconf 78' lang='grc' dir='ltr'>ἀφῆκεν</span> <span class='ocrx_word' id='word_1_31' title='bbox 1564 617 1779 669; x_wconf 65' lang='grc' dir='ltr'>αὖτδνό</span> 
     </span>
    </p>
   </div>
   <div class='ocr_carea' id='block_1_7' title="bbox 199 703 1778 778">
    <p class='ocr_par' dir='ltr' id='par_1_7' title="bbox 199 703 1778 778">
     <span class='ocr_line' id='line_1_7' title="bbox 199 703 1778 778; baseline 0.002 -21"><span class='ocrx_word' id='word_1_32' title='bbox 199 705 351 767; x_wconf 84' lang='grc' dir='ltr'>θεῖος</span> <span class='ocrx_word' id='word_1_33' title='bbox 388 703 573 766; x_wconf 85' lang='grc' dir='ltr'>πόθος,</span> <span class='ocrx_word' id='word_1_34' title='bbox 597 703 657 756; x_wconf 80' lang='grc' dir='ltr'>ὃν</span> <span class='ocrx_word' id='word_1_35' title='bbox 681 705 884 774; x_wconf 72' lang='grc' dir='ltr'>ἀνῆψεν</span> <span class='ocrx_word' id='word_1_36' title='bbox 909 707 1086 776; x_wconf 77' lang='grc' dir='ltr'>ἑαυτῷ</span> <span class='ocrx_word' id='word_1_37' title='bbox 1127 709 1214 761; x_wconf 81' lang='grc' dir='ltr'><strong>διὰ</strong></span> <span class='ocrx_word' id='word_1_38' title='bbox 1248 709 1555 778; x_wconf 79' lang='grc' dir='ltr'>κρείττονος</span> <span class='ocrx_word' id='word_1_39' title='bbox 1599 707 1778 760; x_wconf 70' lang='grc' dir='ltr'>ἐπιλο-</span> 
     </span>
    </p>
   </div>
   <div class='ocr_carea' id='block_1_8' title="bbox 198 795 1779 870">
    <p class='ocr_par' dir='ltr' id='par_1_8' title="bbox 198 795 1779 870">
     <span class='ocr_line' id='line_1_8' title="bbox 198 795 1779 870; baseline 0.002 -21"><span class='ocrx_word' id='word_1_40' title='bbox 198 796 432 865; x_wconf 76' lang='grc' dir='ltr'>γισμοῦ,</span> <span class='ocrx_word' id='word_1_41' title='bbox 459 797 778 867; x_wconf 67' lang='grc' dir='ltr'>ἐμπαγῆναι</span> <span class='ocrx_word' id='word_1_42' title='bbox 822 800 936 860; x_wconf 81' lang='grc' dir='ltr'>τοῖς</span> <span class='ocrx_word' id='word_1_43' title='bbox 983 798 1098 868; x_wconf 76' lang='grc' dir='ltr'>βίον</span> <span class='ocrx_word' id='word_1_44' title='bbox 1128 799 1392 868; x_wconf 78' lang='grc' dir='ltr'><strong>τέλμασιν</strong></span> <span class='ocrx_word' id='word_1_45' title='bbox 1419 816 1432 830; x_wconf 86' lang='grc'><em>’</em></span> <span class='ocrx_word' id='word_1_46' title='bbox 1458 801 1548 852; x_wconf 74' lang='grc' dir='ltr'>καὶ</span> <span class='ocrx_word' id='word_1_47' title='bbox 1573 800 1680 869; x_wconf 71' lang='grc' dir='ltr'><strong>γὰρ</strong></span> <span class='ocrx_word' id='word_1_48' title='bbox 1710 795 1779 870; x_wconf 78' lang='grc' dir='ltr'>ἦν</span> 
     </span>
    </p>
   </div>
   <div class='ocr_carea' id='block_1_9' title="bbox 197 888 1776 961">
    <p class='ocr_par' dir='ltr' id='par_1_9' title="bbox 197 888 1776 961">
     <span class='ocr_line' id='line_1_9' title="bbox 197 888 1776 961; baseline 0.002 -20"><span class='ocrx_word' id='word_1_49' title='bbox 197 888 551 956; x_wconf 75' lang='grc' dir='ltr'>ἀναγνώσεσι</span> <span class='ocrx_word' id='word_1_50' title='bbox 577 888 860 959; x_wconf 77' lang='grc' dir='ltr'><strong>προσέχων</strong></span> <span class='ocrx_word' id='word_1_51' title='bbox 887 889 1008 942; x_wconf 77' lang='grc' dir='ltr'>ἀντὶ</span> <span class='ocrx_word' id='word_1_52' title='bbox 1039 891 1306 958; x_wconf 80' lang='grc' dir='ltr'>παιγνίων</span> <span class='ocrx_word' id='word_1_53' title='bbox 1333 907 1345 918; x_wconf 82' lang='lat'><strong>&#39;</strong></span> <span class='ocrx_word' id='word_1_54' title='bbox 1377 890 1435 942; x_wconf 76' lang='grc' dir='ltr'>ἐν</span> <span class='ocrx_word' id='word_1_55' title='bbox 1476 907 1536 943; x_wconf 88' lang='grc' dir='ltr'><strong>τε</strong></span> <span class='ocrx_word' id='word_1_56' title='bbox 1574 891 1776 961; x_wconf 78' lang='grc' dir='ltr'>ἐκκλη-</span> 
     </span>
    </p>
   </div>
   <div class='ocr_carea' id='block_1_10' title="bbox 200 979 1779 1052">
    <p class='ocr_par' dir='ltr' id='par_1_10' title="bbox 200 979 1779 1052">
     <span class='ocr_line' id='line_1_10' title="bbox 200 979 1779 1052; baseline 0.001 -20"><span class='ocrx_word' id='word_1_57' title='bbox 200 980 354 1042; x_wconf 85' lang='grc' dir='ltr'>σίαις</span> <span class='ocrx_word' id='word_1_58' title='bbox 409 979 787 1050; x_wconf 77' lang='grc' dir='ltr'><strong>προσεδρεύων</strong></span> <span class='ocrx_word' id='word_1_59' title='bbox 820 980 941 1035; x_wconf 72' lang='grc' dir='ltr'>ἀντὶ</span> <span class='ocrx_word' id='word_1_60' title='bbox 990 981 1363 1052; x_wconf 76' lang='grc' dir='ltr'>θεάτρων,καὶ</span> <span class='ocrx_word' id='word_1_61' title='bbox 1431 985 1488 1035; x_wconf 82' lang='grc' dir='ltr'>ἐν</span> <span class='ocrx_word' id='word_1_62' title='bbox 1538 981 1779 1051; x_wconf 88' lang='grc' dir='ltr'>σεμνίοις</span> 
     </span>
    </p>
   </div>
   <div class='ocr_carea' id='block_1_11' title="bbox 200 1072 1775 1145">
    <p class='ocr_par' dir='ltr' id='par_1_11' title="bbox 200 1072 1775 1145">
     <span class='ocr_line' id='line_1_11' title="bbox 200 1072 1775 1145; baseline 0.002 -20"><span class='ocrx_word' id='word_1_63' title='bbox 200 1072 681 1143; x_wconf 74' lang='grc' dir='ltr'>ἀναστρεφόμενος</span> <span class='ocrx_word' id='word_1_64' title='bbox 707 1072 828 1125; x_wconf 76' lang='grc' dir='ltr'>ἀντὶ</span> <span class='ocrx_word' id='word_1_65' title='bbox 863 1074 1114 1145; x_wconf 84' lang='grc' dir='ltr'>ἁσὲμνων</span> <span class='ocrx_word' id='word_1_66' title='bbox 1159 1074 1522 1143; x_wconf 81' lang='grc' dir='ltr'>καταγωγίων</span> <span class='ocrx_word' id='word_1_67' title='bbox 1547 1089 1561 1104; x_wconf 81' lang='grc'><strong><em>⁸</em></strong></span> <span class='ocrx_word' id='word_1_68' title='bbox 1596 1075 1688 1127; x_wconf 83' lang='grc' dir='ltr'><strong>καί</strong></span> <span class='ocrx_word' id='word_1_69' title='bbox 1714 1091 1775 1142; x_wconf 91' lang='grc' dir='ltr'><strong>γε</strong></span> 
     </span>
    </p>
   </div>
   <div class='ocr_carea' id='block_1_12' title="bbox 198 1165 1777 1237">
    <p class='ocr_par' dir='ltr' id='par_1_12' title="bbox 198 1165 1777 1237">
     <span class='ocr_line' id='line_1_12' title="bbox 198 1165 1777 1237; baseline 0.004 -21"><span class='ocrx_word' id='word_1_70' title='bbox 198 1165 262 1217; x_wconf 77' lang='grc' dir='ltr'><strong>τὸ</strong></span> <span class='ocrx_word' id='word_1_71' title='bbox 295 1165 841 1237; x_wconf 80' lang='grc' dir='ltr'>ἀξιεπαινετὼτερον,</span> <span class='ocrx_word' id='word_1_72' title='bbox 874 1167 1258 1237; x_wconf 74' lang='grc' dir='ltr'>ἐξαγορεύσεις</span> <span class='ocrx_word' id='word_1_73' title='bbox 1320 1168 1640 1237; x_wconf 81' lang='grc' dir='ltr'>ποιούμενος</span> <span class='ocrx_word' id='word_1_74' title='bbox 1669 1169 1777 1222; x_wconf 84' lang='grc' dir='ltr'><strong>τῶν</strong></span> 
     </span>
    </p>
   </div>
   <div class='ocr_carea' id='block_1_13' title="bbox 199 1255 1779 1332">
    <p class='ocr_par' dir='ltr' id='par_1_13' title="bbox 199 1255 1779 1332">
     <span class='ocr_line' id='line_1_13' title="bbox 199 1255 1779 1332; baseline 0.003 -22"><span class='ocrx_word' id='word_1_75' title='bbox 199 1258 456 1327; x_wconf 72' lang='grc' dir='ltr'>κρυφίων</span> <span class='ocrx_word' id='word_1_76' title='bbox 481 1255 576 1310; x_wconf 84' lang='grc' dir='ltr'>τοῦ</span> <span class='ocrx_word' id='word_1_77' title='bbox 618 1257 710 1311; x_wconf 83' lang='grc' dir='ltr'>νοῦ</span> <span class='ocrx_word' id='word_1_78' title='bbox 755 1259 1070 1330; x_wconf 78' lang='grc' dir='ltr'>κινημάτων</span> <span class='ocrx_word' id='word_1_79' title='bbox 1103 1278 1161 1314; x_wconf 88' lang='grc' dir='ltr'><strong>τε</strong></span> <span class='ocrx_word' id='word_1_80' title='bbox 1196 1261 1290 1313; x_wconf 74' lang='grc' dir='ltr'>καὶ</span> <span class='ocrx_word' id='word_1_81' title='bbox 1332 1261 1629 1332; x_wconf 84' lang='grc' dir='ltr'>δραμάτων</span> <span class='ocrx_word' id='word_1_82' title='bbox 1671 1262 1779 1314; x_wconf 71' lang='grc' dir='ltr'><strong>τιν)⁸</strong></span> 
     </span>
    </p>
   </div>
   <div class='ocr_carea' id='block_1_14' title="bbox 195 1348 1777 1423">
    <p class='ocr_par' dir='ltr' id='par_1_14' title="bbox 195 1348 1777 1423">
     <span class='ocr_line' id='line_1_14' title="bbox 195 1348 1777 1423; baseline 0.003 -22"><span class='ocrx_word' id='word_1_83' title='bbox 195 1349 314 1401; x_wconf 79' lang='grc' dir='ltr'><strong>τῶν</strong></span> <span class='ocrx_word' id='word_1_84' title='bbox 376 1348 836 1418; x_wconf 85' lang='grc' dir='ltr'>καθηγουμένων·</span> <span class='ocrx_word' id='word_1_85' title='bbox 869 1351 896 1402; x_wconf 86' lang='grc' dir='ltr'><strong>ὃ</strong></span> <span class='ocrx_word' id='word_1_86' title='bbox 943 1350 1044 1421; x_wconf 81' lang='grc' dir='ltr'>τῆς</span> <span class='ocrx_word' id='word_1_87' title='bbox 1092 1352 1190 1420; x_wconf 80' lang='grc' dir='ltr'>μὲν</span> <span class='ocrx_word' id='word_1_88' title='bbox 1232 1353 1441 1405; x_wconf 80' lang='grc' dir='ltr'>ἐκείνου</span> <span class='ocrx_word' id='word_1_89' title='bbox 1501 1353 1777 1423; x_wconf 75' lang='grc' dir='ltr'>φιλοθεῐας</span> 
     </span>
    </p>
   </div>
   <div class='ocr_carea' id='block_1_15' title="bbox 199 1438 1777 1514">
    <p class='ocr_par' dir='ltr' id='par_1_15' title="bbox 199 1438 1777 1514">
     <span class='ocr_line' id='line_1_15' title="bbox 199 1438 1777 1514; baseline 0.004 -23"><span class='ocrx_word' id='word_1_90' title='bbox 199 1440 422 1508; x_wconf 75' lang='grc' dir='ltr'>ὑπῆρχε</span> <span class='ocrx_word' id='word_1_91' title='bbox 462 1438 746 1509; x_wconf 80' lang='grc' dir='ltr'>σύμϐολον,</span> <span class='ocrx_word' id='word_1_92' title='bbox 775 1439 867 1492; x_wconf 78' lang='grc' dir='ltr'><strong>τοῦ</strong></span> <span class='ocrx_word' id='word_1_93' title='bbox 896 1441 950 1493; x_wconf 82' lang='grc' dir='ltr'>δὲ</span> <span class='ocrx_word' id='word_1_94' title='bbox 984 1441 1084 1511; x_wconf 86' lang='grc' dir='ltr'>τὴν</span> <span class='ocrx_word' id='word_1_95' title='bbox 1107 1441 1459 1512; x_wconf 81' lang='grc' dir='ltr'>ὲξαγόρευσιν</span> <span class='ocrx_word' id='word_1_96' title='bbox 1485 1445 1777 1514; x_wconf 82' lang='grc' dir='ltr'>δεχομένου</span> 
     </span>
    </p>
   </div>
   <div class='ocr_carea' id='block_1_16' title="bbox 199 1529 1686 1605">
    <p class='ocr_par' dir='ltr' id='par_1_16' title="bbox 199 1529 1686 1605">
     <span class='ocr_line' id='line_1_16' title="bbox 199 1529 1686 1605; baseline 0.004 -23"><span class='ocrx_word' id='word_1_97' title='bbox 199 1530 548 1598; x_wconf 83' lang='grc' dir='ltr'>κατέπληττε</span> <span class='ocrx_word' id='word_1_98' title='bbox 571 1529 667 1600; x_wconf 82' lang='grc' dir='ltr'>τὴν</span> <span class='ocrx_word' id='word_1_99' title='bbox 695 1529 959 1594; x_wconf 86' lang='grc' dir='ltr'>διάνοιαν,</span> <span class='ocrx_word' id='word_1_100' title='bbox 988 1531 1349 1598; x_wconf 78' lang='grc' dir='ltr'>τελειωτικῶς</span> <span class='ocrx_word' id='word_1_101' title='bbox 1381 1535 1686 1605; x_wconf 82' lang='grc' dir='ltr'>γινόμενον.</span> 
     </span>
    </p>
   </div>
   <div class='ocr_carea' id='block_1_17' title="bbox 271 1619 1779 1695">
    <p class='ocr_par' dir='ltr' id='par_1_17' title="bbox 271 1619 1779 1695">
     <span class='ocr_line' id='line_1_17' title="bbox 271 1619 1779 1695; baseline 0.003 -22"><span class='ocrx_word' id='word_1_102' title='bbox 271 1627 346 1691; x_wconf 84' lang='grc' dir='ltr'><strong>η’.</strong></span> <span class='ocrx_word' id='word_1_103' title='bbox 384 1619 550 1672; x_wconf 83' lang='grc' dir='ltr'>Ὅθεν</span> <span class='ocrx_word' id='word_1_104' title='bbox 588 1620 797 1692; x_wconf 73' lang='grc' dir='ltr'>ἐπάρας</span> <span class='ocrx_word' id='word_1_105' title='bbox 833 1622 892 1675; x_wconf 87' lang='grc' dir='ltr'>τὸ</span> <span class='ocrx_word' id='word_1_106' title='bbox 938 1623 1040 1692; x_wconf 82' lang='grc' dir='ltr'>τῆς</span> <span class='ocrx_word' id='word_1_107' title='bbox 1077 1623 1314 1687; x_wconf 79' lang='grc' dir='ltr'>διανοίας</span> <span class='ocrx_word' id='word_1_108' title='bbox 1354 1625 1507 1695; x_wconf 74' lang='grc' dir='ltr'>ὄμμα</span> <span class='ocrx_word' id='word_1_109' title='bbox 1551 1626 1642 1678; x_wconf 76' lang='grc' dir='ltr'><strong>ἐπὶ</strong></span> <span class='ocrx_word' id='word_1_110' title='bbox 1680 1625 1779 1690; x_wconf 79' lang='grc' dir='ltr'><strong>τὰς</strong></span> 
     </span>
    </p>
   </div>
   <div class='ocr_carea' id='block_1_18' title="bbox 198 1709 1776 1785">
    <p class='ocr_par' dir='ltr' id='par_1_18' title="bbox 198 1709 1776 1785">
     <span class='ocr_line' id='line_1_18' title="bbox 198 1709 1776 1785; baseline 0.004 -26"><span class='ocrx_word' id='word_1_111' title='bbox 198 1710 314 1761; x_wconf 78' lang='grc' dir='ltr'>τῶν</span> <span class='ocrx_word' id='word_1_112' title='bbox 355 1709 540 1762; x_wconf 79' lang='grc' dir='ltr'>ἀϊδίων</span> <span class='ocrx_word' id='word_1_113' title='bbox 600 1709 835 1780; x_wconf 65' lang='grc' dir='ltr'>θεωρίας</span> <span class='ocrx_word' id='word_1_114' title='bbox 863 1751 877 1775; x_wconf 96' lang='grc'><strong>,</strong></span> <span class='ocrx_word' id='word_1_115' title='bbox 926 1711 1020 1764; x_wconf 78' lang='grc' dir='ltr'>καὶ</span> <span class='ocrx_word' id='word_1_116' title='bbox 1062 1711 1141 1782; x_wconf 84' lang='grc' dir='ltr'>τῷ</span> <span class='ocrx_word' id='word_1_117' title='bbox 1209 1712 1418 1766; x_wconf 74' lang='grc' dir='ltr'>ἐκεῖθεν</span> <span class='ocrx_word' id='word_1_118' title='bbox 1476 1715 1776 1785; x_wconf 74' lang='grc' dir='ltr'>πτερωθεὶς</span> 
     </span>
    </p>
   </div>
   <div class='ocr_carea' id='block_1_19' title="bbox 201 1799 1774 1870">
    <p class='ocr_par' dir='ltr' id='par_1_19' title="bbox 201 1799 1774 1870">
     <span class='ocr_line' id='line_1_19' title="bbox 201 1799 1774 1870; baseline 0.003 -19"><span class='ocrx_word' id='word_1_119' title='bbox 201 1800 398 1870; x_wconf 74' lang='grc' dir='ltr'>ἔρωτι,</span> <span class='ocrx_word' id='word_1_120' title='bbox 440 1799 686 1852; x_wconf 84' lang='grc' dir='ltr'>σϐέννυσι</span> <span class='ocrx_word' id='word_1_121' title='bbox 708 1801 798 1853; x_wconf 71' lang='grc' dir='ltr'><strong>τὸν</strong></span> <span class='ocrx_word' id='word_1_122' title='bbox 858 1802 1008 1854; x_wconf 87' lang='grc' dir='ltr'>κάτω</span> <span class='ocrx_word' id='word_1_123' title='bbox 1068 1801 1250 1866; x_wconf 90' lang='grc' dir='ltr'>πόθον,</span> <span class='ocrx_word' id='word_1_124' title='bbox 1280 1803 1372 1856; x_wconf 76' lang='grc' dir='ltr'>καὶ</span> <span class='ocrx_word' id='word_1_125' title='bbox 1420 1806 1563 1857; x_wconf 89' lang='grc' dir='ltr'>ποιεῖ</span> <span class='ocrx_word' id='word_1_126' title='bbox 1600 1807 1660 1857; x_wconf 64' lang='grc' dir='ltr'>τὸ</span> <span class='ocrx_word' id='word_1_127' title='bbox 1679 1803 1774 1857; x_wconf 82' lang='grc' dir='ltr'>τοῦ</span> 
     </span>
    </p>
   </div>
   <div class='ocr_carea' id='block_1_20' title="bbox 1878 612 3442 699">
    <p class='ocr_par' dir='ltr' id='par_1_20' title="bbox 1878 612 3442 699">
     <span class='ocr_line' id='line_1_20' title="bbox 1878 612 3442 699; baseline 0.015 -35"><span class='ocrx_word' id='word_1_128' title='bbox 1878 612 2438 684; x_wconf 76' lang='lat' dir='ltr'><strong>opulentioribusque.</strong></span> <span class='ocrx_word' id='word_1_129' title='bbox 2473 615 2578 671; x_wconf 85' lang='lat' dir='ltr'><strong>Sed</strong></span> <span class='ocrx_word' id='word_1_130' title='bbox 2610 618 2826 676; x_wconf 88' lang='lat' dir='ltr'><strong>divinus</strong></span> <span class='ocrx_word' id='word_1_131' title='bbox 2880 636 3057 692; x_wconf 88' lang='lat' dir='ltr'><strong>amor,</strong></span> <span class='ocrx_word' id='word_1_132' title='bbox 3110 640 3271 696; x_wconf 84' lang='lat' dir='ltr'><strong>quem</strong></span> <span class='ocrx_word' id='word_1_133' title='bbox 3327 629 3442 699; x_wconf 81' lang='lat' dir='ltr'><strong>ipso</strong></span> 
     </span>
    </p>
   </div>
   <div class='ocr_carea' id='block_1_21' title="bbox 1879 705 3442 788">
    <p class='ocr_par' dir='ltr' id='par_1_21' title="bbox 1879 705 3442 788">
     <span class='ocr_line' id='line_1_21' title="bbox 1879 705 3442 788; baseline 0.012 -30"><span class='ocrx_word' id='word_1_134' title='bbox 1879 719 2013 760; x_wconf 89' lang='lat' dir='ltr'><strong>usus</strong></span> <span class='ocrx_word' id='word_1_135' title='bbox 2048 705 2282 761; x_wconf 90' lang='lat' dir='ltr'><strong>consilio</strong></span> <span class='ocrx_word' id='word_1_136' title='bbox 2310 707 2516 763; x_wconf 88' lang='lat' dir='ltr'><strong>meliori</strong></span> <span class='ocrx_word' id='word_1_137' title='bbox 2548 710 2651 766; x_wconf 88' lang='lat' dir='ltr'><strong>sibi</strong></span> <span class='ocrx_word' id='word_1_138' title='bbox 2694 715 3037 781; x_wconf 73' lang='lat' dir='ltr'><strong>accenderat,</strong></span> <span class='ocrx_word' id='word_1_139' title='bbox 3069 733 3176 774; x_wconf 89' lang='lat' dir='ltr'><strong>non</strong></span> <span class='ocrx_word' id='word_1_140' title='bbox 3235 724 3442 788; x_wconf 82' lang='lat' dir='ltr'><strong>permi-</strong></span> 
     </span>
    </p>
   </div>
   <div class='ocr_carea' id='block_1_22' title="bbox 1879 796 3439 869">
    <p class='ocr_par' dir='ltr' id='par_1_22' title="bbox 1879 796 3439 869">
     <span class='ocr_line' id='line_1_22' title="bbox 1879 796 3439 869; baseline 0.012 -19"><span class='ocrx_word' id='word_1_141' title='bbox 1879 796 1949 851; x_wconf 90' lang='lat' dir='ltr'><strong>sit</strong></span> <span class='ocrx_word' id='word_1_142' title='bbox 1993 806 2054 851; x_wconf 93' lang='lat' dir='ltr'><strong>ut</strong></span> <span class='ocrx_word' id='word_1_143' title='bbox 2083 799 2360 854; x_wconf 70' lang='lat' dir='ltr'><strong>stncnlaris</strong></span> <span class='ocrx_word' id='word_1_144' title='bbox 2394 800 2516 856; x_wconf 71' lang='lat' dir='ltr'><strong>vita:</strong></span> <span class='ocrx_word' id='word_1_145' title='bbox 2577 804 2807 861; x_wconf 80' lang='lat' dir='ltr'><strong>salebris</strong></span> <span class='ocrx_word' id='word_1_146' title='bbox 2859 807 3170 866; x_wconf 64' lang='lat' dir='ltr'><strong>inhereret.</strong></span> <span class='ocrx_word' id='word_1_147' title='bbox 3225 812 3439 869; x_wconf 79' lang='lat' dir='ltr'><strong>Etenim</strong></span> 
     </span>
    </p>
   </div>
   <div class='ocr_carea' id='block_1_23' title="bbox 1879 887 3442 969">
    <p class='ocr_par' dir='ltr' id='par_1_23' title="bbox 1879 887 3442 969">
     <span class='ocr_line' id='line_1_23' title="bbox 1879 887 3442 969; baseline 0.012 -28"><span class='ocrx_word' id='word_1_148' title='bbox 1879 887 2144 944; x_wconf 77' lang='lat' dir='ltr'><strong>lectiones</strong></span> <span class='ocrx_word' id='word_1_149' title='bbox 2168 905 2265 960; x_wconf 94' lang='lat' dir='ltr'><strong>pro</strong></span> <span class='ocrx_word' id='word_1_150' title='bbox 2291 891 2458 956; x_wconf 84' lang='lat' dir='ltr'><strong>ludis,</strong></span> <span class='ocrx_word' id='word_1_151' title='bbox 2491 895 2752 952; x_wconf 86' lang='lat' dir='ltr'><strong>ecclesias</strong></span> <span class='ocrx_word' id='word_1_152' title='bbox 2793 913 2890 967; x_wconf 89' lang='lat' dir='ltr'><strong>pro</strong></span> <span class='ocrx_word' id='word_1_153' title='bbox 2946 901 3192 969; x_wconf 76' lang='lat' dir='ltr'><strong>theatris,</strong></span> <span class='ocrx_word' id='word_1_154' title='bbox 3255 921 3442 960; x_wconf 86' lang='lat' dir='ltr'><strong>mona-</strong></span> 
     </span>
    </p>
   </div>
   <div class='ocr_carea' id='block_1_24' title="bbox 1878 978 3444 1054">
    <p class='ocr_par' dir='ltr' id='par_1_24' title="bbox 1878 978 3444 1054">
     <span class='ocr_line' id='line_1_24' title="bbox 1878 978 3444 1054; baseline 0.013 -24"><span class='ocrx_word' id='word_1_155' title='bbox 1878 978 2041 1031; x_wconf 88' lang='lat' dir='ltr'><strong>steria</strong></span> <span class='ocrx_word' id='word_1_156' title='bbox 2067 993 2164 1047; x_wconf 90' lang='lat' dir='ltr'><strong>pro</strong></span> <span class='ocrx_word' id='word_1_157' title='bbox 2191 982 2582 1038; x_wconf 92' lang='lat' dir='ltr'><strong>conventiculis</strong></span> <span class='ocrx_word' id='word_1_158' title='bbox 2613 985 3006 1054; x_wconf 89' lang='lat' dir='ltr'><strong>impudicorum</strong></span> <span class='ocrx_word' id='word_1_159' title='bbox 3040 990 3444 1050; x_wconf 83' lang='lat' dir='ltr'><strong>bominumlre-</strong></span> 
     </span>
    </p>
   </div>
   <div class='ocr_carea' id='block_1_25' title="bbox 1877 1067 3443 1149">
    <p class='ocr_par' dir='ltr' id='par_1_25' title="bbox 1877 1067 3443 1149">
     <span class='ocr_line' id='line_1_25' title="bbox 1877 1067 3443 1149; baseline 0.014 -32"><span class='ocrx_word' id='word_1_160' title='bbox 1877 1067 2171 1134; x_wconf 86' lang='lat' dir='ltr'><strong>quentabat</strong></span> <span class='ocrx_word' id='word_1_161' title='bbox 2206 1085 2219 1122; x_wconf 82' lang='lat' dir='ltr'><strong>z</strong></span> <span class='ocrx_word' id='word_1_162' title='bbox 2255 1080 2307 1121; x_wconf 90' lang='lat' dir='ltr'><strong>et</strong></span> <span class='ocrx_word' id='word_1_163' title='bbox 2344 1069 2487 1138; x_wconf 92' lang='lat' dir='ltr'><strong>quod</strong></span> <span class='ocrx_word' id='word_1_164' title='bbox 2528 1070 2855 1130; x_wconf 80' lang='lat' dir='ltr'><strong>laudabilius</strong></span> <span class='ocrx_word' id='word_1_165' title='bbox 2884 1086 2984 1142; x_wconf 90' lang='lat' dir='ltr'><strong>est,</strong></span> <span class='ocrx_word' id='word_1_166' title='bbox 3013 1078 3443 1149; x_wconf 84' lang='lat' dir='ltr'><strong>hegumenorum</strong></span> 
     </span>
    </p>
   </div>
   <div class='ocr_carea' id='block_1_26' title="bbox 1877 1157 3443 1241">
    <p class='ocr_par' dir='ltr' id='par_1_26' title="bbox 1877 1157 3443 1241">
     <span class='ocr_line' id='line_1_26' title="bbox 1877 1157 3443 1241; baseline 0.012 -30"><span class='ocrx_word' id='word_1_167' title='bbox 1877 1157 2095 1211; x_wconf 87' lang='lat' dir='ltr'><strong>cuidam</strong></span> <span class='ocrx_word' id='word_1_168' title='bbox 2129 1159 2376 1214; x_wconf 89' lang='lat' dir='ltr'><strong>occultos</strong></span> <span class='ocrx_word' id='word_1_169' title='bbox 2406 1161 2572 1216; x_wconf 87' lang='lat' dir='ltr'><strong>animi</strong></span> <span class='ocrx_word' id='word_1_170' title='bbox 2598 1163 2680 1217; x_wconf 89' lang='lat' dir='ltr'><strong>sui</strong></span> <span class='ocrx_word' id='word_1_171' title='bbox 2713 1175 2895 1223; x_wconf 89' lang='lat' dir='ltr'><strong>motus</strong></span> <span class='ocrx_word' id='word_1_172' title='bbox 2926 1167 3261 1241; x_wconf 83' lang='lat' dir='ltr'><strong>affectusque</strong></span> <span class='ocrx_word' id='word_1_173' title='bbox 3309 1189 3443 1230; x_wconf 83' lang='lat' dir='ltr'><strong>con-</strong></span> 
     </span>
    </p>
   </div>
   <div class='ocr_carea' id='block_1_27' title="bbox 1879 1250 3442 1324">
    <p class='ocr_par' dir='ltr' id='par_1_27' title="bbox 1879 1250 3442 1324">
     <span class='ocr_line' id='line_1_27' title="bbox 1879 1250 3442 1324; baseline 0.012 -22"><span class='ocrx_word' id='word_1_174' title='bbox 1879 1251 2036 1304; x_wconf 80' lang='lat' dir='ltr'><strong>fitens</strong></span> <span class='ocrx_word' id='word_1_175' title='bbox 2063 1290 2078 1315; x_wconf 93' lang='lat'><strong>,</strong></span> <span class='ocrx_word' id='word_1_176' title='bbox 2111 1250 2382 1320; x_wconf 67' lang='lat' dir='ltr'><strong>praebebat</strong></span> <span class='ocrx_word' id='word_1_177' title='bbox 2407 1252 2493 1307; x_wconf 88' lang='lat' dir='ltr'><strong>sui</strong></span> <span class='ocrx_word' id='word_1_178' title='bbox 2532 1269 2659 1324; x_wconf 90' lang='lat' dir='ltr'><strong>erga</strong></span> <span class='ocrx_word' id='word_1_179' title='bbox 2699 1254 2865 1312; x_wconf 89' lang='lat' dir='ltr'><strong>Deum</strong></span> <span class='ocrx_word' id='word_1_180' title='bbox 2921 1261 3124 1317; x_wconf 88' lang='lat' dir='ltr'><strong>amoris</strong></span> <span class='ocrx_word' id='word_1_181' title='bbox 3181 1263 3442 1320; x_wconf 90' lang='lat' dir='ltr'><strong>indicium</strong></span> 
     </span>
    </p>
   </div>
   <div class='ocr_carea' id='block_1_28' title="bbox 1878 1341 3442 1428">
    <p class='ocr_par' dir='ltr' id='par_1_28' title="bbox 1878 1341 3442 1428">
     <span class='ocr_line' id='line_1_28' title="bbox 1878 1341 3442 1428; baseline 0.013 -35"><span class='ocrx_word' id='word_1_182' title='bbox 1878 1341 2226 1396; x_wconf 87' lang='lat' dir='ltr'><strong>manifestum</strong></span> <span class='ocrx_word' id='word_1_183' title='bbox 2254 1360 2269 1409; x_wconf 92' lang='lat'><strong>;</strong></span> <span class='ocrx_word' id='word_1_184' title='bbox 2302 1343 2675 1402; x_wconf 79' lang='lat' dir='ltr'><strong>confessiones</strong></span> <span class='ocrx_word' id='word_1_185' title='bbox 2722 1364 2853 1404; x_wconf 84' lang='lat' dir='ltr'><strong>vero</strong></span> <span class='ocrx_word' id='word_1_186' title='bbox 2887 1352 3197 1409; x_wconf 85' lang='lat' dir='ltr'><strong>audientem</strong></span> <span class='ocrx_word' id='word_1_187' title='bbox 3251 1357 3442 1428; x_wconf 86' lang='lat' dir='ltr'><strong>imple-</strong></span> 
     </span>
    </p>
   </div>
   <div class='ocr_carea' id='block_1_29' title="bbox 1879 1431 3335 1514">
    <p class='ocr_par' dir='ltr' id='par_1_29' title="bbox 1879 1431 3335 1514">
     <span class='ocr_line' id='line_1_29' title="bbox 1879 1431 3335 1514; baseline 0.014 -30"><span class='ocrx_word' id='word_1_188' title='bbox 1879 1431 1971 1484; x_wconf 64' lang='lat' dir='ltr'><strong>luat</strong></span> <span class='ocrx_word' id='word_1_189' title='bbox 1997 1432 2354 1488; x_wconf 83' lang='lat' dir='ltr'><strong>admiratione</strong></span> <span class='ocrx_word' id='word_1_190' title='bbox 2377 1445 2486 1489; x_wconf 91' lang='lat' dir='ltr'><strong>tam</strong></span> <span class='ocrx_word' id='word_1_191' title='bbox 2518 1449 2909 1496; x_wconf 76' lang='lat' dir='ltr'><strong>consummata:</strong></span> <span class='ocrx_word' id='word_1_192' title='bbox 2957 1445 3335 1514; x_wconf 78' lang='lat' dir='ltr'><strong>perfectionis.</strong></span> 
     </span>
    </p>
   </div>
   <div class='ocr_carea' id='block_1_30' title="bbox 1949 1607 3441 1688">
    <p class='ocr_par' dir='ltr' id='par_1_30' title="bbox 1949 1607 3441 1688">
     <span class='ocr_line' id='line_1_30' title="bbox 1949 1607 3441 1688; baseline 0.016 -26"><span class='ocrx_word' id='word_1_193' title='bbox 1949 1607 2003 1662; x_wconf 92' lang='lat'><strong>8.</strong></span> <span class='ocrx_word' id='word_1_194' title='bbox 2037 1610 2176 1665; x_wconf 85' lang='lat' dir='ltr'><strong>Hinc</strong></span> <span class='ocrx_word' id='word_1_195' title='bbox 2242 1627 2338 1682; x_wconf 90' lang='lat' dir='ltr'><strong>per</strong></span> <span class='ocrx_word' id='word_1_196' title='bbox 2395 1626 2785 1688; x_wconf 89' lang='lat' dir='ltr'><strong>perpurgatum</strong></span> <span class='ocrx_word' id='word_1_197' title='bbox 2845 1623 3044 1679; x_wconf 87' lang='lat' dir='ltr'><strong>mentis</strong></span> <span class='ocrx_word' id='word_1_198' title='bbox 3099 1626 3321 1682; x_wconf 92' lang='lat' dir='ltr'><strong>oculum</strong></span> <span class='ocrx_word' id='word_1_199' title='bbox 3369 1630 3441 1686; x_wconf 77' lang='lat' dir='ltr'><strong>ad</strong></span> 
     </span>
    </p>
   </div>
   <div class='ocr_carea' id='block_1_31' title="bbox 1878 1703 3438 1788">
    <p class='ocr_par' dir='ltr' id='par_1_31' title="bbox 1878 1703 3438 1788">
     <span class='ocr_line' id='line_1_31' title="bbox 1878 1703 3438 1788; baseline 0.014 -34"><span class='ocrx_word' id='word_1_200' title='bbox 1878 1703 2337 1770; x_wconf 86' lang='lat' dir='ltr'><strong>sempiternarum</strong></span> <span class='ocrx_word' id='word_1_201' title='bbox 2370 1720 2548 1761; x_wconf 87' lang='lat' dir='ltr'><strong>rerum</strong></span> <span class='ocrx_word' id='word_1_202' title='bbox 2581 1713 3096 1782; x_wconf 84' lang='lat' dir='ltr'><strong>contemplationem</strong></span> <span class='ocrx_word' id='word_1_203' title='bbox 3124 1718 3438 1788; x_wconf 87' lang='lat' dir='ltr'><strong>sublevans,</strong></span> 
     </span>
    </p>
   </div>
   <div class='ocr_carea' id='block_1_32' title="bbox 1879 1789 3441 1866">
    <p class='ocr_par' dir='ltr' id='par_1_32' title="bbox 1879 1789 3441 1866">
     <span class='ocr_line' id='line_1_32' title="bbox 1879 1789 3441 1866; baseline 0.017 -26"><span class='ocrx_word' id='word_1_204' title='bbox 1879 1789 2201 1860; x_wconf 82' lang='lat' dir='ltr'><strong>illarmuque</strong></span> <span class='ocrx_word' id='word_1_205' title='bbox 2233 1809 2497 1852; x_wconf 91' lang='lat' dir='ltr'><strong>accensus</strong></span> <span class='ocrx_word' id='word_1_206' title='bbox 2530 1813 2737 1864; x_wconf 90' lang='lat' dir='ltr'><strong>amore,</strong></span> <span class='ocrx_word' id='word_1_207' title='bbox 2769 1811 3045 1859; x_wconf 88' lang='lat' dir='ltr'><strong>terrenum</strong></span> <span class='ocrx_word' id='word_1_208' title='bbox 3095 1823 3256 1863; x_wconf 91' lang='lat' dir='ltr'><strong>omne</strong></span> <span class='ocrx_word' id='word_1_209' title='bbox 3297 1810 3441 1866; x_wconf 84' lang='lat' dir='ltr'><strong>desi-</strong></span> 
     </span>
    </p>
   </div>
   <div class='ocr_carea' id='block_1_33' title="bbox 199 1859 1776 1968">
    <p class='ocr_par' dir='ltr' id='par_1_33' title="bbox 199 1859 1776 1968">
     <span class='ocr_line' id='line_1_33' title="bbox 199 1859 1776 1968; baseline 0.006 -26"><span class='ocrx_word' id='word_1_210' title='bbox 199 1859 353 1944; x_wconf 69' lang='grc' dir='ltr'>θείου</span> <span class='ocrx_word' id='word_1_211' title='bbox 385 1859 688 1943; x_wconf 63' lang='grc' dir='ltr'><strong>⁷Ἀντωνίου</strong></span> <span class='ocrx_word' id='word_1_212' title='bbox 721 1892 748 1942; x_wconf 85' lang='grc' dir='ltr'><strong>ό</strong></span> <span class='ocrx_word' id='word_1_213' title='bbox 783 1891 1102 1959; x_wconf 78' lang='grc' dir='ltr'>Θαυμάσιος.</span> <span class='ocrx_word' id='word_1_214' title='bbox 1135 1859 1320 1948; x_wconf 77' lang='grc' dir='ltr'>Πάντα</span> <span class='ocrx_word' id='word_1_215' title='bbox 1345 1896 1452 1966; x_wconf 86' lang='grc' dir='ltr'><strong>γάρ</strong></span> <span class='ocrx_word' id='word_1_216' title='bbox 1487 1897 1776 1968; x_wconf 83' lang='grc' dir='ltr'>διαπιπρά-</span> 
     </span>
    </p>
   </div>
   <div class='ocr_carea' id='block_1_34' title="bbox 1877 1859 3437 1968">
    <p class='ocr_par' dir='ltr' id='par_1_34' title="bbox 1881 1859 3437 1960">
     <span class='ocr_line' id='line_1_34' title="bbox 1881 1859 3437 1960; baseline 0.012 -28"><span class='ocrx_word' id='word_1_217' title='bbox 1881 1880 2090 1934; x_wconf 83' lang='lat' dir='ltr'><strong>derium</strong></span> <span class='ocrx_word' id='word_1_218' title='bbox 2116 1859 2387 1938; x_wconf 78' lang='lat' dir='ltr'><strong>exstinxit</strong></span> <span class='ocrx_word' id='word_1_219' title='bbox 2415 1902 2429 1952; x_wconf 91' lang='lat'>;</span> <span class='ocrx_word' id='word_1_220' title='bbox 2468 1895 2523 1940; x_wconf 91' lang='lat' dir='ltr'><strong>et</strong></span> <span class='ocrx_word' id='word_1_221' title='bbox 2555 1888 2800 1943; x_wconf 88' lang='lat' dir='ltr'><strong>divinum</strong></span> <span class='ocrx_word' id='word_1_222' title='bbox 2841 1891 3087 1948; x_wconf 87' lang='lat' dir='ltr'><strong>imitatus</strong></span> <span class='ocrx_word' id='word_1_223' title='bbox 3112 1894 3437 1960; x_wconf 87' lang='lat' dir='ltr'><strong>Antonium,</strong></span> 
     </span>
    </p>
   </div>
   <div class='ocr_carea' id='block_1_35' title="bbox 200 1980 1777 2054">
    <p class='ocr_par' dir='ltr' id='par_1_35' title="bbox 200 1980 1777 2054">
     <span class='ocr_line' id='line_1_35' title="bbox 200 1980 1777 2054; baseline 0.004 -22"><span class='ocrx_word' id='word_1_224' title='bbox 200 1997 305 2044; x_wconf 83' lang='grc' dir='ltr'><strong>σας</strong></span> <span class='ocrx_word' id='word_1_225' title='bbox 337 1981 438 2031; x_wconf 68' lang='grc' dir='ltr'>σὺν</span> <span class='ocrx_word' id='word_1_226' title='bbox 461 1980 599 2050; x_wconf 75' lang='grc' dir='ltr'>αὐτῇ</span> <span class='ocrx_word' id='word_1_227' title='bbox 631 1982 694 2049; x_wconf 81' lang='grc' dir='ltr'>τῇ</span> <span class='ocrx_word' id='word_1_228' title='bbox 726 1984 965 2052; x_wconf 77' lang='grc' dir='ltr'>πατρικῇ</span> <span class='ocrx_word' id='word_1_229' title='bbox 989 1982 1166 2053; x_wconf 72' lang='grc' dir='ltr'>ἑστίᾳ,</span> <span class='ocrx_word' id='word_1_230' title='bbox 1197 1983 1292 2036; x_wconf 74' lang='grc' dir='ltr'>καὶ</span> <span class='ocrx_word' id='word_1_231' title='bbox 1322 1987 1555 2054; x_wconf 76' lang='grc' dir='ltr'>πτωχοῖς</span> <span class='ocrx_word' id='word_1_232' title='bbox 1580 1985 1777 2039; x_wconf 84' lang='grc' dir='ltr'>διανεί-</span> 
     </span>
    </p>
   </div>
   <div class='ocr_carea' id='block_1_36' title="bbox 201 2069 1777 2144">
    <p class='ocr_par' dir='ltr' id='par_1_36' title="bbox 201 2069 1777 2144">
     <span class='ocr_line' id='line_1_36' title="bbox 201 2069 1777 2144; baseline 0.006 -23"><span class='ocrx_word' id='word_1_233' title='bbox 201 2086 332 2138; x_wconf 85' lang='grc' dir='ltr'>μας,</span> <span class='ocrx_word' id='word_1_234' title='bbox 375 2069 503 2132; x_wconf 68' lang='grc' dir='ltr'>τούς</span> <span class='ocrx_word' id='word_1_235' title='bbox 530 2087 589 2122; x_wconf 92' lang='grc' dir='ltr'><strong>τε</strong></span> <span class='ocrx_word' id='word_1_236' title='bbox 617 2072 834 2134; x_wconf 79' lang='grc' dir='ltr'>οἰκέτας</span> <span class='ocrx_word' id='word_1_237' title='bbox 881 2071 1272 2144; x_wconf 77' lang='grc' dir='ltr'>ἐλευθερώσας,</span> <span class='ocrx_word' id='word_1_238' title='bbox 1339 2077 1433 2129; x_wconf 79' lang='grc' dir='ltr'>καὶ</span> <span class='ocrx_word' id='word_1_239' title='bbox 1460 2079 1580 2141; x_wconf 84' lang='grc' dir='ltr'>ταῖς</span> <span class='ocrx_word' id='word_1_240' title='bbox 1625 2077 1777 2132; x_wconf 79' lang='grc' dir='ltr'>δυσὶν</span> 
     </span>
    </p>
   </div>
   <div class='ocr_carea' id='block_1_37' title="bbox 196 2163 1778 2239">
    <p class='ocr_par' dir='ltr' id='par_1_37' title="bbox 196 2163 1778 2239">
     <span class='ocr_line' id='line_1_37' title="bbox 196 2163 1778 2239; baseline 0.004 -24"><span class='ocrx_word' id='word_1_241' title='bbox 196 2163 458 2230; x_wconf 75' lang='grc' dir='ltr'>ἀδελφαῖς</span> <span class='ocrx_word' id='word_1_242' title='bbox 489 2163 690 2233; x_wconf 82' lang='grc' dir='ltr'>βραχέα</span> <span class='ocrx_word' id='word_1_243' title='bbox 708 2163 829 2218; x_wconf 77' lang='grc' dir='ltr'>τινὰ</span> <span class='ocrx_word' id='word_1_244' title='bbox 856 2164 1206 2234; x_wconf 78' lang='grc' dir='ltr'>καταλείψας,</span> <span class='ocrx_word' id='word_1_245' title='bbox 1249 2165 1474 2231; x_wconf 74' lang='grc' dir='ltr'>ἔξεισιν·</span> <span class='ocrx_word' id='word_1_246' title='bbox 1511 2169 1778 2239; x_wconf 78' lang='grc' dir='ltr'>Ἀϐραμι-</span> 
     </span>
    </p>
   </div>
   <div class='ocr_carea' id='block_1_38' title="bbox 198 2254 1774 2329">
    <p class='ocr_par' dir='ltr' id='par_1_38' title="bbox 198 2254 1774 2329">
     <span class='ocr_line' id='line_1_38' title="bbox 198 2254 1774 2329; baseline 0.004 -24"><span class='ocrx_word' id='word_1_247' title='bbox 198 2255 297 2325; x_wconf 57' lang='lat' dir='ltr'><strong>ai;</strong></span> <span class='ocrx_word' id='word_1_248' title='bbox 325 2254 608 2325; x_wconf 77' lang='grc' dir='ltr'>προθέσει,</span> <span class='ocrx_word' id='word_1_249' title='bbox 638 2255 738 2307; x_wconf 83' lang='grc' dir='ltr'>οὐκ</span> <span class='ocrx_word' id='word_1_250' title='bbox 771 2255 852 2317; x_wconf 84' lang='grc' dir='ltr'><strong>είς</strong></span> <span class='ocrx_word' id='word_1_251' title='bbox 882 2255 979 2318; x_wconf 82' lang='grc' dir='ltr'><strong>τὰς</strong></span> <span class='ocrx_word' id='word_1_252' title='bbox 1010 2255 1242 2324; x_wconf 77' lang='grc' dir='ltr'>ἐγγύθεν</span> <span class='ocrx_word' id='word_1_253' title='bbox 1284 2263 1477 2327; x_wconf 85' lang='grc' dir='ltr'>κώμας</span> <span class='ocrx_word' id='word_1_254' title='bbox 1497 2259 1774 2329; x_wconf 85' lang='grc' dir='ltr'>ἀσκήσων,</span> 
     </span>
    </p>
   </div>
   <div class='ocr_carea' id='block_1_39' title="bbox 199 2342 1776 2420">
    <p class='ocr_par' dir='ltr' id='par_1_39' title="bbox 199 2342 1776 2420">
     <span class='ocr_line' id='line_1_39' title="bbox 199 2342 1776 2420; baseline 0.003 -21"><span class='ocrx_word' id='word_1_255' title='bbox 199 2347 318 2399; x_wconf 80' lang='grc' dir='ltr'>ἀλλ’</span> <span class='ocrx_word' id='word_1_256' title='bbox 347 2342 453 2400; x_wconf 81' lang='grc' dir='ltr'>ὧδέ</span> <span class='ocrx_word' id='word_1_257' title='bbox 498 2363 603 2399; x_wconf 87' lang='grc' dir='ltr'><strong>που</strong></span> <span class='ocrx_word' id='word_1_258' title='bbox 628 2346 844 2416; x_wconf 76' lang='grc' dir='ltr'>μακρὰν</span> <span class='ocrx_word' id='word_1_259' title='bbox 865 2347 1220 2418; x_wconf 85' lang='grc' dir='ltr'>ἀποδραμῶν,</span> <span class='ocrx_word' id='word_1_260' title='bbox 1247 2351 1306 2402; x_wconf 78' lang='grc' dir='ltr'>ὲν</span> <span class='ocrx_word' id='word_1_261' title='bbox 1325 2353 1437 2413; x_wconf 89' lang='grc' dir='ltr'>τοῖς</span> <span class='ocrx_word' id='word_1_262' title='bbox 1457 2351 1550 2404; x_wconf 82' lang='grc' dir='ltr'>τοῦ</span> <span class='ocrx_word' id='word_1_263' title='bbox 1575 2350 1776 2420; x_wconf 78' lang='grc' dir='ltr'>Ὀλύμ-</span> 
     </span>
    </p>
   </div>
   <div class='ocr_carea' id='block_1_40' title="bbox 199 2436 1777 2512">
    <p class='ocr_par' dir='ltr' id='par_1_40' title="bbox 199 2436 1777 2512">
     <span class='ocr_line' id='line_1_40' title="bbox 199 2436 1777 2512; baseline 0.004 -24"><span class='ocrx_word' id='word_1_264' title='bbox 199 2453 308 2489; x_wconf 78' lang='grc' dir='ltr'><strong>που</strong></span> <span class='ocrx_word' id='word_1_265' title='bbox 341 2438 555 2506; x_wconf 80' lang='grc' dir='ltr'>μέρεσι,</span> <span class='ocrx_word' id='word_1_266' title='bbox 587 2436 731 2489; x_wconf 87' lang='grc' dir='ltr'><strong>κατά</strong></span> <span class='ocrx_word' id='word_1_267' title='bbox 759 2436 850 2489; x_wconf 82' lang='grc' dir='ltr'>τὸν</span> <span class='ocrx_word' id='word_1_268' title='bbox 882 2438 1270 2509; x_wconf 80' lang='grc' dir='ltr'>ὑποδειχθέντα</span> <span class='ocrx_word' id='word_1_269' title='bbox 1304 2440 1452 2512; x_wconf 76' lang='grc' dir='ltr'>αὐτῷ</span> <span class='ocrx_word' id='word_1_270' title='bbox 1479 2444 1630 2512; x_wconf 84' lang='grc' dir='ltr'><strong>παρά</strong></span> <span class='ocrx_word' id='word_1_271' title='bbox 1669 2459 1777 2496; x_wconf 89' lang='grc' dir='ltr'>τινι</span> 
     </span>
    </p>
   </div>
   <div class='ocr_carea' id='block_1_41' title="bbox 197 2527 1774 2604">
    <p class='ocr_par' dir='ltr' id='par_1_41' title="bbox 197 2527 1774 2604">
     <span class='ocr_line' id='line_1_41' title="bbox 197 2527 1774 2604; baseline 0.004 -24"><span class='ocrx_word' id='word_1_272' title='bbox 197 2529 311 2580; x_wconf 82' lang='grc' dir='ltr'><strong>τῶν</strong></span> <span class='ocrx_word' id='word_1_273' title='bbox 345 2531 404 2581; x_wconf 80' lang='grc' dir='ltr'>ὲν</span> <span class='ocrx_word' id='word_1_274' title='bbox 444 2527 596 2580; x_wconf 79' lang='grc' dir='ltr'>άστει</span> <span class='ocrx_word' id='word_1_275' title='bbox 643 2528 1084 2599; x_wconf 83' lang='grc' dir='ltr'>ἀρχιμανδριτῶν</span> <span class='ocrx_word' id='word_1_276' title='bbox 1126 2529 1294 2583; x_wconf 91' lang='grc' dir='ltr'>τόπον</span> <span class='ocrx_word' id='word_1_277' title='bbox 1333 2531 1426 2585; x_wconf 70' lang='grc' dir='ltr'><strong>κα)⁵</strong></span> <span class='ocrx_word' id='word_1_278' title='bbox 1457 2532 1648 2604; x_wconf 83' lang='grc' dir='ltr'>ἄνδρα,</span> <span class='ocrx_word' id='word_1_279' title='bbox 1681 2534 1774 2586; x_wconf 79' lang='grc' dir='ltr'><strong>τοῦ</strong></span> 
     </span>
    </p>
   </div>
   <div class='ocr_carea' id='block_1_42' title="bbox 202 2617 1774 2689">
    <p class='ocr_par' dir='ltr' id='par_1_42' title="bbox 202 2617 1774 2689">
     <span class='ocr_line' id='line_1_42' title="bbox 202 2617 1774 2689; baseline 0.004 -18"><span class='ocrx_word' id='word_1_280' title='bbox 202 2619 308 2684; x_wconf 77' lang='grc' dir='ltr'>μὲν</span> <span class='ocrx_word' id='word_1_281' title='bbox 362 2618 672 2689; x_wconf 83' lang='grc' dir='ltr'>Συμϐόλους</span> <span class='ocrx_word' id='word_1_282' title='bbox 722 2617 1178 2689; x_wconf 68' lang='grc' dir='ltr'>ἐπικεκλημένοι),</span> <span class='ocrx_word' id='word_1_283' title='bbox 1216 2620 1309 2674; x_wconf 82' lang='grc' dir='ltr'>τοῦ</span> <span class='ocrx_word' id='word_1_284' title='bbox 1366 2622 1423 2674; x_wconf 83' lang='grc' dir='ltr'>δὲ</span> <span class='ocrx_word' id='word_1_285' title='bbox 1453 2622 1774 2678; x_wconf 86' lang='grc' dir='ltr'>Θεοκτίστου</span> 
     </span>
    </p>
   </div>
   <div class='ocr_carea' id='block_1_43' title="bbox 199 2705 1775 2784">
    <p class='ocr_par' dir='ltr' id='par_1_43' title="bbox 199 2705 1775 2784">
     <span class='ocr_line' id='line_1_43' title="bbox 199 2705 1775 2784; baseline 0.005 -24"><span class='ocrx_word' id='word_1_286' title='bbox 199 2708 706 2779; x_wconf 66' lang='grc' dir='ltr'>ἑπονομαζομένου,</span> <span class='ocrx_word' id='word_1_287' title='bbox 747 2705 808 2764; x_wconf 75' lang='grc' dir='ltr'><strong>οὗ</strong></span> <span class='ocrx_word' id='word_1_288' title='bbox 836 2712 865 2764; x_wconf 84' lang='grc' dir='ltr'>ὁ</span> <span class='ocrx_word' id='word_1_289' title='bbox 925 2712 1126 2784; x_wconf 87' lang='grc' dir='ltr'>τρόπος</span> <span class='ocrx_word' id='word_1_290' title='bbox 1187 2712 1412 2781; x_wconf 79' lang='grc' dir='ltr'>ἀγαθὸς,</span> <span class='ocrx_word' id='word_1_291' title='bbox 1438 2715 1497 2767; x_wconf 86' lang='grc' dir='ltr'><strong>τό</strong></span> <span class='ocrx_word' id='word_1_292' title='bbox 1532 2732 1591 2766; x_wconf 88' lang='grc' dir='ltr'><strong>τε</strong></span> <span class='ocrx_word' id='word_1_293' title='bbox 1620 2720 1775 2783; x_wconf 83' lang='grc' dir='ltr'>γένος</span> 
     </span>
    </p>
   </div>
   <div class='ocr_carea' id='block_1_44' title="bbox 203 2798 1774 2877">
    <p class='ocr_par' dir='ltr' id='par_1_44' title="bbox 203 2798 1774 2877">
     <span class='ocr_line' id='line_1_44' title="bbox 203 2798 1774 2877; baseline 0.006 -28"><span class='ocrx_word' id='word_1_294' title='bbox 203 2798 594 2868; x_wconf 79' lang='grc' dir='ltr'>περίϐλεπτον,</span> <span class='ocrx_word' id='word_1_295' title='bbox 627 2800 724 2853; x_wconf 80' lang='grc' dir='ltr'>καὶ</span> <span class='ocrx_word' id='word_1_296' title='bbox 760 2801 821 2853; x_wconf 70' lang='grc' dir='ltr'><strong>τὸ</strong></span> <span class='ocrx_word' id='word_1_297' title='bbox 876 2802 1030 2865; x_wconf 84' lang='grc' dir='ltr'>τέλος</span> <span class='ocrx_word' id='word_1_298' title='bbox 1079 2804 1248 2858; x_wconf 83' lang='grc' dir='ltr'>ὅσιον.</span> <span class='ocrx_word' id='word_1_299' title='bbox 1297 2803 1442 2856; x_wconf 80' lang='grc' dir='ltr'>Ἀλλ’</span> <span class='ocrx_word' id='word_1_300' title='bbox 1471 2804 1558 2857; x_wconf 77' lang='grc' dir='ltr'>οἶα</span> <span class='ocrx_word' id='word_1_301' title='bbox 1606 2807 1700 2859; x_wconf 77' lang='grc' dir='ltr'>καὶ</span> <span class='ocrx_word' id='word_1_302' title='bbox 1740 2808 1774 2877; x_wconf 79' lang='grc' dir='ltr'><strong>η</strong></span> 
     </span>
    </p>
   </div>
   <div class='ocr_carea' id='block_1_45' title="bbox 200 2889 1774 2965">
    <p class='ocr_par' dir='ltr' id='par_1_45' title="bbox 200 2889 1774 2965">
     <span class='ocr_line' id='line_1_45' title="bbox 200 2889 1774 2965; baseline 0.006 -24"><span class='ocrx_word' id='word_1_303' title='bbox 200 2889 590 2960; x_wconf 75' lang='grc' dir='ltr'>ἀναχώρησιςς</span> <span class='ocrx_word' id='word_1_304' title='bbox 632 2892 866 2962; x_wconf 78' lang='grc' dir='ltr'>Μνήμης</span> <span class='ocrx_word' id='word_1_305' title='bbox 897 2893 978 2946; x_wconf 76' lang='grc' dir='ltr'>ὅτι</span> <span class='ocrx_word' id='word_1_306' title='bbox 1018 2893 1252 2961; x_wconf 85' lang='grc' dir='ltr'>μάλιστα</span> <span class='ocrx_word' id='word_1_307' title='bbox 1281 2895 1405 2965; x_wconf 69' lang='grc' dir='ltr'>ἐμοὶ</span> <span class='ocrx_word' id='word_1_308' title='bbox 1435 2897 1583 2962; x_wconf 82' lang='grc' dir='ltr'>ἀξία,</span> <span class='ocrx_word' id='word_1_309' title='bbox 1607 2896 1774 2951; x_wconf 83' lang='grc' dir='ltr'>ἀκού-</span> 
     </span>
    </p>
   </div>
   <div class='ocr_carea' id='block_1_46' title="bbox 199 2985 1775 3062">
    <p class='ocr_par' dir='ltr' id='par_1_46' title="bbox 199 2985 1775 3062">
     <span class='ocr_line' id='line_1_46' title="bbox 199 2985 1775 3062; baseline 0.004 -24"><span class='ocrx_word' id='word_1_310' title='bbox 199 2987 326 3038; x_wconf 79' lang='grc' dir='ltr'>ουσί</span> <span class='ocrx_word' id='word_1_311' title='bbox 365 3002 424 3037; x_wconf 88' lang='grc' dir='ltr'><strong>τε</strong></span> <span class='ocrx_word' id='word_1_312' title='bbox 454 2985 800 3050; x_wconf 80' lang='grc' dir='ltr'>κατανύξεως</span> <span class='ocrx_word' id='word_1_313' title='bbox 838 2987 1037 3057; x_wconf 73' lang='grc' dir='ltr'>ἔχουσα</span> <span class='ocrx_word' id='word_1_314' title='bbox 1059 2990 1349 3060; x_wconf 85' lang='grc' dir='ltr'>φάρμακον</span> <span class='ocrx_word' id='word_1_315' title='bbox 1373 3005 1387 3019; x_wconf 79' lang='grc'><strong>⁸</strong></span> <span class='ocrx_word' id='word_1_316' title='bbox 1415 2991 1523 3044; x_wconf 83' lang='grc' dir='ltr'>ἀπὸ</span> <span class='ocrx_word' id='word_1_317' title='bbox 1545 2992 1653 3062; x_wconf 80' lang='grc' dir='ltr'><strong>γὰρ</strong></span> <span class='ocrx_word' id='word_1_318' title='bbox 1676 2993 1775 3062; x_wconf 76' lang='grc' dir='ltr'>τῆς</span> 
     </span>
    </p>
   </div>
   <div class='ocr_carea' id='block_1_47' title="bbox 202 3078 1772 3152">
    <p class='ocr_par' dir='ltr' id='par_1_47' title="bbox 202 3078 1772 3152">
     <span class='ocr_line' id='line_1_47' title="bbox 202 3078 1772 3152; baseline 0.003 -21"><span class='ocrx_word' id='word_1_319' title='bbox 202 3078 468 3149; x_wconf 74' lang='grc' dir='ltr'>πατρίδος</span> <span class='ocrx_word' id='word_1_320' title='bbox 517 3079 735 3142; x_wconf 84' lang='grc' dir='ltr'>ἀπάρας</span> <span class='ocrx_word' id='word_1_321' title='bbox 784 3079 1043 3149; x_wconf 78' lang='grc' dir='ltr'>μεθ’ὲνὸς</span> <span class='ocrx_word' id='word_1_322' title='bbox 1088 3081 1499 3152; x_wconf 87' lang='grc' dir='ltr'>θυμηρεστάτου</span> <span class='ocrx_word' id='word_1_323' title='bbox 1538 3083 1772 3150; x_wconf 85' lang='grc' dir='ltr'>οίκέτου,</span> 
     </span>
    </p>
   </div>
   <div class='ocr_carea' id='block_1_48' title="bbox 205 3171 1776 3244">
    <p class='ocr_par' dir='ltr' id='par_1_48' title="bbox 205 3171 1776 3244">
     <span class='ocr_line' id='line_1_48' title="bbox 205 3171 1776 3244; baseline 0.005 -22"><span class='ocrx_word' id='word_1_324' title='bbox 205 3173 306 3223; x_wconf 73' lang='grc' dir='ltr'>καὶ</span> <span class='ocrx_word' id='word_1_325' title='bbox 329 3171 472 3223; x_wconf 84' lang='grc' dir='ltr'><strong>κατά</strong></span> <span class='ocrx_word' id='word_1_326' title='bbox 520 3171 646 3233; x_wconf 78' lang='grc' dir='ltr'>τοὺς</span> <span class='ocrx_word' id='word_1_327' title='bbox 684 3171 1009 3240; x_wconf 77' lang='grc' dir='ltr'>λεγομένους</span> <span class='ocrx_word' id='word_1_328' title='bbox 1058 3174 1311 3237; x_wconf 83' lang='grc' dir='ltr'>Βασιλεῖς</span> <span class='ocrx_word' id='word_1_329' title='bbox 1357 3175 1633 3244; x_wconf 74' lang='grc' dir='ltr'>ὶφθακὼς,</span> <span class='ocrx_word' id='word_1_330' title='bbox 1671 3177 1776 3230; x_wconf 82' lang='grc' dir='ltr'>ὑπό</span> 
     </span>
    </p>
   </div>
   <div class='ocr_carea' id='block_1_49' title="bbox 203 3261 1778 3338">
    <p class='ocr_par' dir='ltr' id='par_1_49' title="bbox 203 3261 1778 3338">
     <span class='ocr_line' id='line_1_49' title="bbox 203 3261 1778 3338; baseline 0.004 -24"><span class='ocrx_word' id='word_1_331' title='bbox 203 3278 268 3314; x_wconf 85' lang='grc' dir='ltr'><strong>τε</strong></span> <span class='ocrx_word' id='word_1_332' title='bbox 296 3261 508 3330; x_wconf 81' lang='grc' dir='ltr'>λόχμην</span> <span class='ocrx_word' id='word_1_333' title='bbox 533 3261 656 3314; x_wconf 81' lang='grc' dir='ltr'>τινὰ</span> <span class='ocrx_word' id='word_1_334' title='bbox 681 3263 884 3328; x_wconf 72' lang='grc' dir='ltr'>εἰσδὺς,</span> <span class='ocrx_word' id='word_1_335' title='bbox 912 3263 1084 3334; x_wconf 83' lang='grc' dir='ltr'>κείρει</span> <span class='ocrx_word' id='word_1_336' title='bbox 1118 3267 1218 3335; x_wconf 79' lang='grc' dir='ltr'>μὲν</span> <span class='ocrx_word' id='word_1_337' title='bbox 1249 3265 1346 3337; x_wconf 84' lang='grc' dir='ltr'>τὴν</span> <span class='ocrx_word' id='word_1_338' title='bbox 1371 3266 1548 3338; x_wconf 81' lang='grc' dir='ltr'>κόμην</span> <span class='ocrx_word' id='word_1_339' title='bbox 1569 3268 1646 3320; x_wconf 86' lang='grc' dir='ltr'>τὼ</span> <span class='ocrx_word' id='word_1_340' title='bbox 1667 3271 1778 3338; x_wconf 84' lang='grc' dir='ltr'>χεῖ-</span> 
     </span>
    </p>
   </div>
   <div class='ocr_carea' id='block_1_50' title="bbox 207 3351 1779 3429">
    <p class='ocr_par' dir='ltr' id='par_1_50' title="bbox 207 3351 1779 3429">
     <span class='ocr_line' id='line_1_50' title="bbox 207 3351 1779 3429; baseline 0.007 -25"><span class='ocrx_word' id='word_1_341' title='bbox 207 3370 272 3424; x_wconf 88' lang='grc' dir='ltr'><strong>ρε</strong></span> <span class='ocrx_word' id='word_1_342' title='bbox 299 3351 395 3405; x_wconf 82' lang='grc' dir='ltr'>τοῦ</span> <span class='ocrx_word' id='word_1_343' title='bbox 421 3353 717 3423; x_wconf 70' lang='grc' dir='ltr'>ἑπομένου,</span> <span class='ocrx_word' id='word_1_344' title='bbox 757 3355 1233 3424; x_wconf 83' lang='grc' dir='ltr'>μετενδιδύσκεται</span> <span class='ocrx_word' id='word_1_345' title='bbox 1260 3357 1318 3410; x_wconf 69' lang='grc' dir='ltr'>δὲ</span> <span class='ocrx_word' id='word_1_346' title='bbox 1355 3359 1455 3429; x_wconf 81' lang='grc' dir='ltr'>τὴν</span> <span class='ocrx_word' id='word_1_347' title='bbox 1498 3360 1664 3428; x_wconf 82' lang='grc' dir='ltr'>φαιὰν</span> <span class='ocrx_word' id='word_1_348' title='bbox 1690 3362 1779 3415; x_wconf 89' lang='grc' dir='ltr'><strong>ὲσ-</strong></span> 
     </span>
    </p>
   </div>
   <div class='ocr_carea' id='block_1_51' title="bbox 205 3444 1776 3523">
    <p class='ocr_par' dir='ltr' id='par_1_51' title="bbox 205 3444 1776 3523">
     <span class='ocr_line' id='line_1_51' title="bbox 205 3444 1776 3523; baseline 0.006 -26"><span class='ocrx_word' id='word_1_349' title='bbox 205 3444 374 3513; x_wconf 81' lang='grc' dir='ltr'>θῆτα,</span> <span class='ocrx_word' id='word_1_350' title='bbox 421 3444 496 3507; x_wconf 82' lang='grc' dir='ltr'>ὥς</span> <span class='ocrx_word' id='word_1_351' title='bbox 528 3462 648 3498; x_wconf 90' lang='grc' dir='ltr'>τινα</span> <span class='ocrx_word' id='word_1_352' title='bbox 692 3447 1022 3518; x_wconf 84' lang='grc' dir='ltr'>πορφυρίδα.</span> <span class='ocrx_word' id='word_1_353' title='bbox 1069 3448 1176 3501; x_wconf 80' lang='grc' dir='ltr'><strong>Καὶ</strong></span> <span class='ocrx_word' id='word_1_354' title='bbox 1214 3449 1275 3502; x_wconf 81' lang='grc' dir='ltr'>τὸ</span> <span class='ocrx_word' id='word_1_355' title='bbox 1319 3450 1500 3521; x_wconf 82' lang='grc' dir='ltr'>ὅραμα</span> <span class='ocrx_word' id='word_1_356' title='bbox 1550 3453 1776 3523; x_wconf 75' lang='grc' dir='ltr'>ἡλίκονς</span> 
     </span>
    </p>
   </div>
   <div class='ocr_carea' id='block_1_52' title="bbox 205 3533 1778 3613">
    <p class='ocr_par' dir='ltr' id='par_1_52' title="bbox 205 3533 1778 3613">
     <span class='ocr_line' id='line_1_52' title="bbox 205 3533 1778 3613; baseline 0.008 -27"><span class='ocrx_word' id='word_1_357' title='bbox 205 3533 322 3587; x_wconf 81' lang='grc' dir='ltr'>Τοῦ</span> <span class='ocrx_word' id='word_1_358' title='bbox 376 3535 474 3604; x_wconf 80' lang='grc' dir='ltr'>μὲν</span> <span class='ocrx_word' id='word_1_359' title='bbox 521 3537 912 3607; x_wconf 79' lang='grc' dir='ltr'>χωριζομένου,</span> <span class='ocrx_word' id='word_1_360' title='bbox 968 3537 1063 3592; x_wconf 78' lang='grc' dir='ltr'>καὶ</span> <span class='ocrx_word' id='word_1_361' title='bbox 1113 3540 1295 3594; x_wconf 82' lang='grc' dir='ltr'>οῐκαδε</span> <span class='ocrx_word' id='word_1_362' title='bbox 1335 3543 1611 3596; x_wconf 68' lang='grc' dir='ltr'>ἐπανιέναι</span> <span class='ocrx_word' id='word_1_363' title='bbox 1641 3546 1778 3613; x_wconf 83' lang='grc' dir='ltr'><strong>μετά</strong></span> 
     </span>
    </p>
   </div>
   <div class='ocr_carea' id='block_1_53' title="bbox 206 3627 1777 3708">
    <p class='ocr_par' dir='ltr' id='par_1_53' title="bbox 206 3627 1777 3708">
     <span class='ocr_line' id='line_1_53' title="bbox 206 3627 1777 3708; baseline 0.006 -29"><span class='ocrx_word' id='word_1_364' title='bbox 206 3627 320 3679; x_wconf 85' lang='grc' dir='ltr'><strong>τῶν</strong></span> <span class='ocrx_word' id='word_1_365' title='bbox 380 3629 869 3696; x_wconf 69' lang='grc' dir='ltr'>άπαμφιασμάτων</span> <span class='ocrx_word' id='word_1_366' title='bbox 931 3635 1421 3702; x_wconf 84' lang='grc' dir='ltr'>παρεγγυωμένου,</span> <span class='ocrx_word' id='word_1_367' title='bbox 1456 3636 1558 3688; x_wconf 85' lang='grc' dir='ltr'><strong>κάν</strong></span> <span class='ocrx_word' id='word_1_368' title='bbox 1601 3636 1777 3708; x_wconf 82' lang='grc' dir='ltr'>τούτῳ</span> 
     </span>
    </p>
   </div>
   <div class='ocr_carea' id='block_1_54' title="bbox 208 3715 1782 3798">
    <p class='ocr_par' dir='ltr' id='par_1_54' title="bbox 208 3715 1782 3798">
     <span class='ocr_line' id='line_1_54' title="bbox 208 3715 1782 3798; baseline 0.008 -30"><span class='ocrx_word' id='word_1_369' title='bbox 208 3715 455 3786; x_wconf 83' lang='grc' dir='ltr'>θρήνοις,</span> <span class='ocrx_word' id='word_1_370' title='bbox 484 3717 557 3779; x_wconf 88' lang='grc' dir='ltr'>ὼς</span> <span class='ocrx_word' id='word_1_371' title='bbox 589 3716 648 3769; x_wconf 74' lang='grc' dir='ltr'><strong>τὸ</strong></span> <span class='ocrx_word' id='word_1_372' title='bbox 666 3717 833 3782; x_wconf 66' lang='grc' dir='ltr'>εἰκὸς,</span> <span class='ocrx_word' id='word_1_373' title='bbox 860 3717 1186 3788; x_wconf 85' lang='grc' dir='ltr'>βαλλομένου</span> <span class='ocrx_word' id='word_1_374' title='bbox 1226 3722 1314 3776; x_wconf 85' lang='grc' dir='ltr'><strong>διὰ</strong></span> <span class='ocrx_word' id='word_1_375' title='bbox 1336 3725 1433 3794; x_wconf 77' lang='grc' dir='ltr'>τὴν</span> <span class='ocrx_word' id='word_1_376' title='bbox 1458 3724 1782 3798; x_wconf 82' lang='grc' dir='ltr'>δεσποτικὴν</span> 
     </span>
    </p>
   </div>
   <div class='ocr_carea' id='block_1_55' title="bbox 214 3807 1784 3883">
    <p class='ocr_par' dir='ltr' id='par_1_55' title="bbox 214 3807 1784 3883">
     <span class='ocr_line' id='line_1_55' title="bbox 214 3807 1784 3883; baseline 0.008 -24"><span class='ocrx_word' id='word_1_377' title='bbox 214 3809 470 3878; x_wconf 79' lang='grc' dir='ltr'>στέρησιν</span> <span class='ocrx_word' id='word_1_378' title='bbox 495 3825 507 3838; x_wconf 92' lang='grc'><strong>·</strong></span> <span class='ocrx_word' id='word_1_379' title='bbox 544 3807 697 3862; x_wconf 80' lang='grc' dir='ltr'>τοῦδε</span> <span class='ocrx_word' id='word_1_380' title='bbox 751 3811 1064 3879; x_wconf 82' lang='grc' dir='ltr'>μονωτάτου</span> <span class='ocrx_word' id='word_1_381' title='bbox 1116 3814 1255 3883; x_wconf 84' lang='grc' dir='ltr'>μετὰ</span> <span class='ocrx_word' id='word_1_382' title='bbox 1297 3813 1431 3868; x_wconf 89' lang='grc' dir='ltr'><strong>Θεοῦ</strong></span> <span class='ocrx_word' id='word_1_383' title='bbox 1464 3817 1784 3883; x_wconf 78' lang='grc' dir='ltr'>ἐγκαταλειο</span> 
     </span>
    </p>
   </div>
   <div class='ocr_carea' id='block_1_56' title="bbox 208 3894 1782 3976">
    <p class='ocr_par' dir='ltr' id='par_1_56' title="bbox 208 3894 1782 3976">
     <span class='ocr_line' id='line_1_56' title="bbox 208 3894 1782 3976; baseline 0.007 -24"><span class='ocrx_word' id='word_1_384' title='bbox 208 3895 461 3969; x_wconf 73' lang='grc' dir='ltr'>φθέντος,</span> <span class='ocrx_word' id='word_1_385' title='bbox 524 3900 659 3973; x_wconf 67' lang='grc' dir='ltr'>ὑπὲρ</span> <span class='ocrx_word' id='word_1_386' title='bbox 713 3894 774 3954; x_wconf 74' lang='grc' dir='ltr'><strong>οὗ</strong></span> <span class='ocrx_word' id='word_1_387' title='bbox 822 3903 916 3954; x_wconf 73' lang='grc' dir='ltr'>καὶ</span> <span class='ocrx_word' id='word_1_388' title='bbox 949 3903 1020 3956; x_wconf 73' lang='grc' dir='ltr'>δι’</span> <span class='ocrx_word' id='word_1_389' title='bbox 1045 3903 1105 3956; x_wconf 82' lang='grc' dir='ltr'><strong>δν</strong></span> <span class='ocrx_word' id='word_1_390' title='bbox 1150 3905 1209 3958; x_wconf 77' lang='grc' dir='ltr'>τὸ</span> <span class='ocrx_word' id='word_1_391' title='bbox 1240 3905 1445 3976; x_wconf 81' lang='grc' dir='ltr'>δρᾶμα.</span> <span class='ocrx_word' id='word_1_392' title='bbox 1474 3905 1726 3972; x_wconf 82' lang='grc' dir='ltr'>Τοιοῦτος</span> <span class='ocrx_word' id='word_1_393' title='bbox 1753 3910 1782 3962; x_wconf 88' lang='grc' dir='ltr'><strong>ό</strong></span> 
     </span>
    </p>
   </div>
   <div class='ocr_carea' id='block_1_57' title="bbox 209 3991 1779 4072">
    <p class='ocr_par' dir='ltr' id='par_1_57' title="bbox 209 3991 1779 4072">
     <span class='ocr_line' id='line_1_57' title="bbox 209 3991 1779 4072; baseline 0.006 -27"><span class='ocrx_word' id='word_1_394' title='bbox 209 3992 356 4054; x_wconf 70' lang='grc' dir='ltr'>θεῖος</span> <span class='ocrx_word' id='word_1_395' title='bbox 381 3992 542 4060; x_wconf 79' lang='grc' dir='ltr'>ἔρως,</span> <span class='ocrx_word' id='word_1_396' title='bbox 573 3992 792 4046; x_wconf 87' lang='grc' dir='ltr'>πάντων</span> <span class='ocrx_word' id='word_1_397' title='bbox 825 3991 1053 4057; x_wconf 76' lang='grc' dir='ltr'>ὲξιστῶν</span> <span class='ocrx_word' id='word_1_398' title='bbox 1083 3995 1174 4050; x_wconf 82' lang='grc' dir='ltr'>τὸν</span> <span class='ocrx_word' id='word_1_399' title='bbox 1203 3997 1457 4070; x_wconf 77' lang='grc' dir='ltr'>ἐραστὴν,</span> <span class='ocrx_word' id='word_1_400' title='bbox 1496 4001 1590 4052; x_wconf 69' lang='grc' dir='ltr'>καὶ</span> <span class='ocrx_word' id='word_1_401' title='bbox 1650 4001 1779 4072; x_wconf 75' lang='grc' dir='ltr'>περὶ</span> 
     </span>
    </p>
   </div>
   <div class='ocr_carea' id='block_1_58' title="bbox 208 4083 1774 4163">
    <p class='ocr_par' dir='ltr' id='par_1_58' title="bbox 208 4083 1774 4163">
     <span class='ocr_line' id='line_1_58' title="bbox 208 4083 1774 4163; baseline 0.007 -28"><span class='ocrx_word' id='word_1_402' title='bbox 208 4084 375 4136; x_wconf 77' lang='grc' dir='ltr'>αὑτὸν</span> <span class='ocrx_word' id='word_1_403' title='bbox 440 4083 601 4153; x_wconf 90' lang='grc' dir='ltr'>μόνον</span> <span class='ocrx_word' id='word_1_404' title='bbox 665 4083 914 4151; x_wconf 84' lang='grc' dir='ltr'>συνάγων</span> <span class='ocrx_word' id='word_1_405' title='bbox 964 4085 1065 4157; x_wconf 74' lang='grc' dir='ltr'>τὴν</span> <span class='ocrx_word' id='word_1_406' title='bbox 1119 4087 1306 4156; x_wconf 70' lang='grc' dir='ltr'>ἔφεσιν</span> <span class='ocrx_word' id='word_1_407' title='bbox 1377 4090 1774 4163; x_wconf 85' lang='grc' dir='ltr'>πυρπολουμέ-</span> 
     </span>
    </p>
   </div>
   <div class='ocr_carea' id='block_1_59' title="bbox 209 4191 309 4246">
    <p class='ocr_par' dir='ltr' id='par_1_59' title="bbox 209 4191 309 4246">
     <span class='ocr_line' id='line_1_59' title="bbox 209 4191 309 4246; baseline 0 -19"><span class='ocrx_word' id='word_1_408' title='bbox 209 4191 309 4246; x_wconf 75' lang='grc' dir='ltr'><strong>νην</strong></span> 
     </span>
    </p>
   </div>
   <div class='ocr_carea' id='block_1_60' title="bbox 797 4318 1188 4374">
    <p class='ocr_par' dir='ltr' id='par_1_60' title="bbox 797 4318 1188 4374">
     <span class='ocr_line' id='line_1_60' title="bbox 797 4318 1188 4374; baseline 0.008 -3"><span class='ocrx_word' id='word_1_409' title='bbox 797 4318 1049 4374; x_wconf 76' lang='grc' dir='ltr'><strong>ΚΕΦΑΔ.</strong></span> <span class='ocrx_word' id='word_1_410' title='bbox 1113 4321 1188 4374; x_wconf 83' lang='lat' dir='ltr'><strong>B’.</strong></span> 
     </span>
    </p>
   </div>
   <div class='ocr_carea' id='block_1_61' title="bbox 1802 3201 1844 3259">
    <p class='ocr_par' dir='ltr' id='par_1_61' title="bbox 1802 3201 1844 3259">
     <span class='ocr_line' id='line_1_61' title="bbox 1802 3201 1844 3259; baseline 0 0"><span class='ocrx_word' id='word_1_411' title='bbox 1802 3201 1844 3259; x_wconf 88' lang='lat' dir='ltr'><strong>C</strong></span> 
     </span>
    </p>
   </div>
   <div class='ocr_carea' id='block_1_62' title="bbox 1877 1973 3440 2052">
    <p class='ocr_par' dir='ltr' id='par_1_62' title="bbox 1877 1973 3440 2052">
     <span class='ocr_line' id='line_1_62' title="bbox 1877 1973 3440 2052; baseline 0.013 -26"><span class='ocrx_word' id='word_1_412' title='bbox 1877 1973 2169 2030; x_wconf 82' lang='lat' dir='ltr'><strong>divenditis</strong></span> <span class='ocrx_word' id='word_1_413' title='bbox 2194 1977 2466 2042; x_wconf 84' lang='lat' dir='ltr'><strong>omnibus,</strong></span> <span class='ocrx_word' id='word_1_414' title='bbox 2495 1995 2599 2033; x_wconf 91' lang='lat' dir='ltr'><strong>una</strong></span> <span class='ocrx_word' id='word_1_415' title='bbox 2632 1997 2754 2035; x_wconf 88' lang='lat' dir='ltr'><strong>cum</strong></span> <span class='ocrx_word' id='word_1_416' title='bbox 2787 1995 3018 2052; x_wconf 86' lang='lat' dir='ltr'><strong>paterno</strong></span> <span class='ocrx_word' id='word_1_417' title='bbox 3049 1986 3162 2041; x_wconf 89' lang='lat' dir='ltr'><strong>lare</strong></span> <span class='ocrx_word' id='word_1_418' title='bbox 3189 1998 3243 2043; x_wconf 87' lang='lat' dir='ltr'><strong>ct</strong></span> <span class='ocrx_word' id='word_1_419' title='bbox 3266 1991 3440 2046; x_wconf 81' lang='lat' dir='ltr'><strong>servis</strong></span> 
     </span>
    </p>
   </div>
   <div class='ocr_carea' id='block_1_63' title="bbox 1878 2063 3436 2145">
    <p class='ocr_par' dir='ltr' id='par_1_63' title="bbox 1878 2063 3436 2145">
     <span class='ocr_line' id='line_1_63' title="bbox 1878 2063 3436 2145; baseline 0.012 -29"><span class='ocrx_word' id='word_1_420' title='bbox 1878 2063 2126 2120; x_wconf 88' lang='lat' dir='ltr'><strong>libertate</strong></span> <span class='ocrx_word' id='word_1_421' title='bbox 2150 2066 2386 2133; x_wconf 88' lang='lat' dir='ltr'><strong>donatis,</strong></span> <span class='ocrx_word' id='word_1_422' title='bbox 2428 2069 2689 2138; x_wconf 86' lang='lat' dir='ltr'><strong>majorem</strong></span> <span class='ocrx_word' id='word_1_423' title='bbox 2725 2074 2944 2141; x_wconf 89' lang='lat' dir='ltr'><strong>quidem</strong></span> <span class='ocrx_word' id='word_1_424' title='bbox 2972 2085 3178 2145; x_wconf 85' lang='lat' dir='ltr'><strong>partem</strong></span> <span class='ocrx_word' id='word_1_425' title='bbox 3241 2079 3436 2134; x_wconf 82' lang='lat' dir='ltr'><strong>distri-</strong></span> 
     </span>
    </p>
   </div>
   <div class='ocr_carea' id='block_1_64' title="bbox 1879 2154 3441 2228">
    <p class='ocr_par' dir='ltr' id='par_1_64' title="bbox 1879 2154 3441 2228">
     <span class='ocr_line' id='line_1_64' title="bbox 1879 2154 3441 2228; baseline 0.013 -21"><span class='ocrx_word' id='word_1_426' title='bbox 1879 2154 1995 2208; x_wconf 91' lang='lat' dir='ltr'><strong>buit</strong></span> <span class='ocrx_word' id='word_1_427' title='bbox 2046 2157 2411 2225; x_wconf 84' lang='lat' dir='ltr'><strong>pauperibus;</strong></span> <span class='ocrx_word' id='word_1_428' title='bbox 2462 2159 2678 2216; x_wconf 90' lang='lat' dir='ltr'><strong>duabus</strong></span> <span class='ocrx_word' id='word_1_429' title='bbox 2747 2174 2926 2219; x_wconf 88' lang='lat' dir='ltr'><strong>autem</strong></span> <span class='ocrx_word' id='word_1_430' title='bbox 2985 2169 3266 2225; x_wconf 82' lang='lat' dir='ltr'><strong>sororibus</strong></span> <span class='ocrx_word' id='word_1_431' title='bbox 3324 2173 3441 2228; x_wconf 84' lang='lat' dir='ltr'><strong>suis</strong></span> 
     </span>
    </p>
   </div>
   <div class='ocr_carea' id='block_1_65' title="bbox 1885 2245 3442 2329">
    <p class='ocr_par' dir='ltr' id='par_1_65' title="bbox 1885 2245 3442 2329">
     <span class='ocr_line' id='line_1_65' title="bbox 1885 2245 3442 2329; baseline 0.012 -31"><span class='ocrx_word' id='word_1_432' title='bbox 1885 2245 2159 2301; x_wconf 89' lang='lat' dir='ltr'><strong>modicum</strong></span> <span class='ocrx_word' id='word_1_433' title='bbox 2193 2250 2321 2314; x_wconf 85' lang='lat' dir='ltr'><strong>quid</strong></span> <span class='ocrx_word' id='word_1_434' title='bbox 2355 2251 2605 2319; x_wconf 86' lang='lat' dir='ltr'><strong>reliquit;</strong></span> <span class='ocrx_word' id='word_1_435' title='bbox 2638 2263 2692 2306; x_wconf 90' lang='lat' dir='ltr'><strong>et</strong></span> <span class='ocrx_word' id='word_1_436' title='bbox 2729 2253 3062 2310; x_wconf 82' lang='lat' dir='ltr'><strong>Abrahamia</strong></span> <span class='ocrx_word' id='word_1_437' title='bbox 3112 2261 3442 2329; x_wconf 87' lang='lat' dir='ltr'><strong>promptitu-</strong></span> 
     </span>
    </p>
   </div>
   <div class='ocr_carea' id='block_1_66' title="bbox 1877 2338 3440 2412">
    <p class='ocr_par' dir='ltr' id='par_1_66' title="bbox 1877 2338 3440 2412">
     <span class='ocr_line' id='line_1_66' title="bbox 1877 2338 3440 2412; baseline 0.011 -21"><span class='ocrx_word' id='word_1_438' title='bbox 1877 2338 2004 2393; x_wconf 92' lang='lat' dir='ltr'><strong>dine</strong></span> <span class='ocrx_word' id='word_1_439' title='bbox 2031 2340 2220 2402; x_wconf 75' lang='lat' dir='ltr'><strong>exivit.</strong></span> <span class='ocrx_word' id='word_1_440' title='bbox 2262 2356 2370 2396; x_wconf 85' lang='lat' dir='ltr'><strong>non</strong></span> <span class='ocrx_word' id='word_1_441' title='bbox 2404 2342 2455 2397; x_wconf 91' lang='lat' dir='ltr'><strong>in</strong></span> <span class='ocrx_word' id='word_1_442' title='bbox 2492 2343 2695 2399; x_wconf 85' lang='lat' dir='ltr'><strong>vicinas</strong></span> <span class='ocrx_word' id='word_1_443' title='bbox 2731 2346 2908 2412; x_wconf 87' lang='lat' dir='ltr'><strong>villas,</strong></span> <span class='ocrx_word' id='word_1_444' title='bbox 2949 2351 3294 2407; x_wconf 82' lang='lat' dir='ltr'><strong>exerciturus</strong></span> <span class='ocrx_word' id='word_1_445' title='bbox 3350 2369 3440 2408; x_wconf 87' lang='lat' dir='ltr'><strong>se-</strong></span> 
     </span>
    </p>
   </div>
   <div class='ocr_carea' id='block_1_67' title="bbox 1879 2435 3438 2517">
    <p class='ocr_par' dir='ltr' id='par_1_67' title="bbox 1879 2435 3438 2517">
     <span class='ocr_line' id='line_1_67' title="bbox 1879 2435 3438 2517; baseline 0.009 -30"><span class='ocrx_word' id='word_1_446' title='bbox 1879 2435 2088 2502; x_wconf 90' lang='lat' dir='ltr'><strong>ipsum;</strong></span> <span class='ocrx_word' id='word_1_447' title='bbox 2119 2437 2211 2492; x_wconf 88' lang='lat' dir='ltr'><strong>sed</strong></span> <span class='ocrx_word' id='word_1_448' title='bbox 2239 2436 2450 2505; x_wconf 79' lang='lat' dir='ltr'><strong>longius</strong></span> <span class='ocrx_word' id='word_1_449' title='bbox 2478 2438 2747 2492; x_wconf 86' lang='lat' dir='ltr'><strong>absenrrit</strong></span> <span class='ocrx_word' id='word_1_450' title='bbox 2796 2441 2846 2494; x_wconf 92' lang='lat' dir='ltr'><strong>in</strong></span> <span class='ocrx_word' id='word_1_451' title='bbox 2889 2452 3067 2509; x_wconf 73' lang='lat' dir='ltr'><strong>partes</strong></span> <span class='ocrx_word' id='word_1_452' title='bbox 3099 2443 3305 2515; x_wconf 78' lang='lat' dir='ltr'><strong>Olympi</strong></span> <span class='ocrx_word' id='word_1_453' title='bbox 3339 2448 3438 2517; x_wconf 82' lang='grc'>(5),</span> 
     </span>
    </p>
   </div>
   <div class='ocr_carea' id='block_1_68' title="bbox 1879 2525 3438 2602">
    <p class='ocr_par' dir='ltr' id='par_1_68' title="bbox 1879 2525 3438 2602">
     <span class='ocr_line' id='line_1_68' title="bbox 1879 2525 3438 2602; baseline 0.009 -24"><span class='ocrx_word' id='word_1_454' title='bbox 1879 2525 1944 2578; x_wconf 76' lang='lat' dir='ltr'><strong>ad</strong></span> <span class='ocrx_word' id='word_1_455' title='bbox 1981 2525 2154 2580; x_wconf 91' lang='lat' dir='ltr'><strong>virum</strong></span> <span class='ocrx_word' id='word_1_456' title='bbox 2186 2527 2492 2597; x_wconf 86' lang='lat' dir='ltr'><strong>locumque,</strong></span> <span class='ocrx_word' id='word_1_457' title='bbox 2525 2533 2594 2583; x_wconf 87' lang='lat' dir='ltr'><strong>ab</strong></span> <span class='ocrx_word' id='word_1_458' title='bbox 2619 2531 2802 2600; x_wconf 88' lang='lat' dir='ltr'><strong>aliquo</strong></span> <span class='ocrx_word' id='word_1_459' title='bbox 2835 2547 3024 2586; x_wconf 91' lang='lat' dir='ltr'><strong>eorum</strong></span> <span class='ocrx_word' id='word_1_460' title='bbox 3057 2535 3150 2602; x_wconf 87' lang='lat' dir='ltr'><strong>qui</strong></span> <span class='ocrx_word' id='word_1_461' title='bbox 3199 2537 3252 2591; x_wconf 92' lang='lat' dir='ltr'><strong>in</strong></span> <span class='ocrx_word' id='word_1_462' title='bbox 3305 2540 3438 2593; x_wconf 86' lang='lat' dir='ltr'><strong>urbe</strong></span> 
     </span>
    </p>
   </div>
   <div class='ocr_carea' id='block_1_69' title="bbox 1875 2618 3440 2685">
    <p class='ocr_par' dir='ltr' id='par_1_69' title="bbox 1875 2618 3440 2685">
     <span class='ocr_line' id='line_1_69' title="bbox 1875 2618 3440 2685; baseline 0.01 -15"><span class='ocrx_word' id='word_1_463' title='bbox 1875 2625 2035 2670; x_wconf 87' lang='lat' dir='ltr'><strong>erant</strong></span> <span class='ocrx_word' id='word_1_464' title='bbox 2079 2618 2632 2673; x_wconf 88' lang='lat' dir='ltr'><strong>archiinandritarum</strong></span> <span class='ocrx_word' id='word_1_465' title='bbox 2685 2621 2790 2676; x_wconf 88' lang='lat' dir='ltr'><strong>sibi</strong></span> <span class='ocrx_word' id='word_1_466' title='bbox 2860 2632 3245 2683; x_wconf 86' lang='lat' dir='ltr'><strong>monstratum.</strong></span> <span class='ocrx_word' id='word_1_467' title='bbox 3297 2626 3440 2685; x_wconf 88' lang='lat' dir='ltr'><strong>Loco</strong></span> 
     </span>
    </p>
   </div>
   <div class='ocr_carea' id='block_1_70' title="bbox 1877 2708 3441 2790">
    <p class='ocr_par' dir='ltr' id='par_1_70' title="bbox 1877 2708 3441 2790">
     <span class='ocr_line' id='line_1_70' title="bbox 1877 2708 3441 2790; baseline 0.01 -30"><span class='ocrx_word' id='word_1_468' title='bbox 1877 2708 2246 2777; x_wconf 86' lang='lat' dir='ltr'><strong>symbolorum</strong></span> <span class='ocrx_word' id='word_1_469' title='bbox 2279 2708 2379 2779; x_wconf 85' lang='grc'>(6),</span> <span class='ocrx_word' id='word_1_470' title='bbox 2411 2711 2528 2764; x_wconf 87' lang='lat' dir='ltr'><strong>viro</strong></span> <span class='ocrx_word' id='word_1_471' title='bbox 2559 2709 2856 2765; x_wconf 87' lang='lat' dir='ltr'><strong>Theoctisti</strong></span> <span class='ocrx_word' id='word_1_472' title='bbox 2887 2728 3080 2768; x_wconf 85' lang='lat' dir='ltr'><strong>nomen</strong></span> <span class='ocrx_word' id='word_1_473' title='bbox 3112 2726 3248 2784; x_wconf 87' lang='lat' dir='ltr'><strong>erat,</strong></span> <span class='ocrx_word' id='word_1_474' title='bbox 3283 2721 3441 2790; x_wconf 76' lang='lat' dir='ltr'><strong>cujus</strong></span> 
     </span>
    </p>
   </div>
   <div class='ocr_carea' id='block_1_71' title="bbox 1877 2801 3444 2878">
    <p class='ocr_par' dir='ltr' id='par_1_71' title="bbox 1877 2801 3444 2878">
     <span class='ocr_line' id='line_1_71' title="bbox 1877 2801 3444 2878; baseline 0.009 -27"><span class='ocrx_word' id='word_1_475' title='bbox 1877 2801 1988 2853; x_wconf 85' lang='lat' dir='ltr'><strong>vita</strong></span> <span class='ocrx_word' id='word_1_476' title='bbox 2020 2801 2212 2870; x_wconf 89' lang='lat' dir='ltr'><strong>proba,</strong></span> <span class='ocrx_word' id='word_1_477' title='bbox 2246 2816 2419 2870; x_wconf 87' lang='lat' dir='ltr'><strong>genus</strong></span> <span class='ocrx_word' id='word_1_478' title='bbox 2439 2801 2665 2866; x_wconf 86' lang='lat' dir='ltr'><strong>illustre,</strong></span> <span class='ocrx_word' id='word_1_479' title='bbox 2697 2803 2878 2858; x_wconf 76' lang='lat' dir='ltr'><strong>exitus</strong></span> <span class='ocrx_word' id='word_1_480' title='bbox 2904 2816 3128 2862; x_wconf 89' lang='lat' dir='ltr'><strong>sanctus</strong></span> <span class='ocrx_word' id='word_1_481' title='bbox 3147 2807 3269 2864; x_wconf 88' lang='lat' dir='ltr'><strong>fuit.</strong></span> <span class='ocrx_word' id='word_1_482' title='bbox 3299 2811 3444 2878; x_wconf 72' lang='lat' dir='ltr'><strong>Qua-</strong></span> 
     </span>
    </p>
   </div>
   <div class='ocr_carea' id='block_1_72' title="bbox 1878 2892 3440 2966">
    <p class='ocr_par' dir='ltr' id='par_1_72' title="bbox 1878 2892 3440 2966">
     <span class='ocr_line' id='line_1_72' title="bbox 1878 2892 3440 2966; baseline 0.008 -20"><span class='ocrx_word' id='word_1_483' title='bbox 1878 2892 1945 2947; x_wconf 91' lang='lat' dir='ltr'><strong>lis</strong></span> <span class='ocrx_word' id='word_1_484' title='bbox 1973 2901 2152 2946; x_wconf 88' lang='lat' dir='ltr'><strong>autem</strong></span> <span class='ocrx_word' id='word_1_485' title='bbox 2180 2892 2456 2948; x_wconf 85' lang='lat' dir='ltr'><strong>discessus</strong></span> <span class='ocrx_word' id='word_1_486' title='bbox 2491 2893 2736 2948; x_wconf 87' lang='lat' dir='ltr'><strong>Platonis</strong></span> <span class='ocrx_word' id='word_1_487' title='bbox 2767 2910 2796 2948; x_wconf 91' lang='lat' dir='ltr'><strong>e</strong></span> <span class='ocrx_word' id='word_1_488' title='bbox 2829 2897 3000 2965; x_wconf 90' lang='lat' dir='ltr'><strong>patria</strong></span> <span class='ocrx_word' id='word_1_489' title='bbox 3052 2898 3238 2966; x_wconf 84' lang='lat' dir='ltr'><strong>fuerit,</strong></span> <span class='ocrx_word' id='word_1_490' title='bbox 3309 2904 3440 2958; x_wconf 85' lang='lat' dir='ltr'><strong>milii</strong></span> 
     </span>
    </p>
   </div>
   <div class='ocr_carea' id='block_1_73' title="bbox 1877 2985 3442 3055">
    <p class='ocr_par' dir='ltr' id='par_1_73' title="bbox 1877 2985 3442 3055">
     <span class='ocr_line' id='line_1_73' title="bbox 1877 2985 3442 3055; baseline 0.008 -17"><span class='ocrx_word' id='word_1_491' title='bbox 1877 2985 2095 3055; x_wconf 90' lang='lat' dir='ltr'><strong>quidem</strong></span> <span class='ocrx_word' id='word_1_492' title='bbox 2130 2985 2396 3040; x_wconf 89' lang='lat' dir='ltr'><strong>memoria</strong></span> <span class='ocrx_word' id='word_1_493' title='bbox 2434 2987 2686 3055; x_wconf 86' lang='lat' dir='ltr'><strong>dignum,</strong></span> <span class='ocrx_word' id='word_1_494' title='bbox 2721 2987 3072 3044; x_wconf 88' lang='lat' dir='ltr'><strong>audientibus</strong></span> <span class='ocrx_word' id='word_1_495' title='bbox 3100 3006 3232 3048; x_wconf 86' lang='lat' dir='ltr'><strong>vero</strong></span> <span class='ocrx_word' id='word_1_496' title='bbox 3291 3010 3442 3049; x_wconf 79' lang='lat' dir='ltr'><strong>com—</strong></span> 
     </span>
    </p>
   </div>
   <div class='ocr_carea' id='block_1_74' title="bbox 1877 3075 3440 3152">
    <p class='ocr_par' dir='ltr' id='par_1_74' title="bbox 1877 3075 3440 3152">
     <span class='ocr_line' id='line_1_74' title="bbox 1877 3075 3440 3152; baseline 0.006 -22"><span class='ocrx_word' id='word_1_497' title='bbox 1877 3075 2191 3145; x_wconf 87' lang='lat' dir='ltr'><strong>punctionis</strong></span> <span class='ocrx_word' id='word_1_498' title='bbox 2223 3085 2602 3144; x_wconf 76' lang='lat' dir='ltr'><strong>argumentum</strong></span> <span class='ocrx_word' id='word_1_499' title='bbox 2641 3075 2758 3130; x_wconf 82' lang='lat' dir='ltr'><strong>fore</strong></span> <span class='ocrx_word' id='word_1_500' title='bbox 2789 3077 3023 3144; x_wconf 78' lang='lat' dir='ltr'><strong>videtur,</strong></span> <span class='ocrx_word' id='word_1_501' title='bbox 3067 3080 3111 3134; x_wconf 88' lang='lat' dir='ltr'><strong>si</strong></span> <span class='ocrx_word' id='word_1_502' title='bbox 3147 3096 3440 3152; x_wconf 79' lang='lat' dir='ltr'><strong>exponam.</strong></span> 
     </span>
    </p>
   </div>
   <div class='ocr_carea' id='block_1_75' title="bbox 1878 3167 3440 3237">
    <p class='ocr_par' dir='ltr' id='par_1_75' title="bbox 1878 3167 3440 3237">
     <span class='ocr_line' id='line_1_75' title="bbox 1878 3167 3440 3237; baseline 0.007 -17"><span class='ocrx_word' id='word_1_503' title='bbox 1878 3167 2057 3221; x_wconf 83' lang='lat' dir='ltr'><strong>Abivit</strong></span> <span class='ocrx_word' id='word_1_504' title='bbox 2082 3182 2203 3222; x_wconf 89' lang='lat' dir='ltr'><strong>cum</strong></span> <span class='ocrx_word' id='word_1_505' title='bbox 2242 3181 2352 3221; x_wconf 91' lang='lat' dir='ltr'><strong>uno</strong></span> <span class='ocrx_word' id='word_1_506' title='bbox 2387 3167 2503 3222; x_wconf 91' lang='lat' dir='ltr'><strong>solo</strong></span> <span class='ocrx_word' id='word_1_507' title='bbox 2541 3168 2863 3223; x_wconf 87' lang='lat' dir='ltr'><strong>charissimo</strong></span> <span class='ocrx_word' id='word_1_508' title='bbox 2886 3170 3108 3237; x_wconf 80' lang='lat' dir='ltr'><strong>famulo,</strong></span> <span class='ocrx_word' id='word_1_509' title='bbox 3140 3182 3193 3228; x_wconf 91' lang='lat' dir='ltr'><strong>et</strong></span> <span class='ocrx_word' id='word_1_510' title='bbox 3223 3176 3287 3228; x_wconf 90' lang='lat' dir='ltr'><strong>ad</strong></span> <span class='ocrx_word' id='word_1_511' title='bbox 3317 3193 3440 3231; x_wconf 92' lang='lat' dir='ltr'><strong>eum</strong></span> 
     </span>
    </p>
   </div>
   <div class='ocr_carea' id='block_1_76' title="bbox 1877 3257 3443 3332">
    <p class='ocr_par' dir='ltr' id='par_1_76' title="bbox 1877 3257 3443 3332">
     <span class='ocr_line' id='line_1_76' title="bbox 1877 3257 3443 3332; baseline 0.004 -19"><span class='ocrx_word' id='word_1_512' title='bbox 1877 3259 2200 3328; x_wconf 82' lang='lat' dir='ltr'><strong>perveniens</strong></span> <span class='ocrx_word' id='word_1_513' title='bbox 2216 3259 2393 3313; x_wconf 92' lang='lat' dir='ltr'><strong>locum</strong></span> <span class='ocrx_word' id='word_1_514' title='bbox 2417 3259 2509 3328; x_wconf 90' lang='lat' dir='ltr'><strong>qui</strong></span> <span class='ocrx_word' id='word_1_515' title='bbox 2530 3257 2705 3328; x_wconf 78' lang='lat' dir='ltr'><strong>Reges</strong></span> <span class='ocrx_word' id='word_1_516' title='bbox 2721 3261 2938 3327; x_wconf 90' lang='lat' dir='ltr'><strong>dicitur,</strong></span> <span class='ocrx_word' id='word_1_517' title='bbox 2952 3273 3113 3332; x_wconf 89' lang='lat' dir='ltr'><strong>atque</strong></span> <span class='ocrx_word' id='word_1_518' title='bbox 3128 3263 3443 3332; x_wconf 81' lang='lat' dir='ltr'><strong>speluncam</strong></span> 
     </span>
    </p>
   </div>
   <div class='ocr_carea' id='block_1_77' title="bbox 1879 3350 3449 3427">
    <p class='ocr_par' dir='ltr' id='par_1_77' title="bbox 1879 3350 3449 3427">
     <span class='ocr_line' id='line_1_77' title="bbox 1879 3350 3449 3427; baseline 0.005 -22"><span class='ocrx_word' id='word_1_519' title='bbox 1879 3352 2169 3422; x_wconf 87' lang='lat' dir='ltr'><strong>quamdam</strong></span> <span class='ocrx_word' id='word_1_520' title='bbox 2204 3350 2532 3421; x_wconf 90' lang='lat' dir='ltr'><strong>ingrediens,</strong></span> <span class='ocrx_word' id='word_1_521' title='bbox 2575 3353 2855 3406; x_wconf 68' lang='lat' dir='ltr'><strong>caesariem</strong></span> <span class='ocrx_word' id='word_1_522' title='bbox 2886 3369 3040 3408; x_wconf 89' lang='lat' dir='ltr'><strong>suam</strong></span> <span class='ocrx_word' id='word_1_523' title='bbox 3070 3357 3258 3412; x_wconf 88' lang='lat' dir='ltr'><strong>comiti</strong></span> <span class='ocrx_word' id='word_1_524' title='bbox 3307 3374 3449 3427; x_wconf 78' lang='lat' dir='ltr'><strong>pra-.-</strong></span> 
     </span>
    </p>
   </div>
   <div class='ocr_carea' id='block_1_78' title="bbox 1879 3442 3440 3514">
    <p class='ocr_par' dir='ltr' id='par_1_78' title="bbox 1879 3442 3440 3514">
     <span class='ocr_line' id='line_1_78' title="bbox 1879 3442 3440 3514; baseline 0.003 -14"><span class='ocrx_word' id='word_1_525' title='bbox 1879 3444 1996 3500; x_wconf 86' lang='lat' dir='ltr'><strong>buit</strong></span> <span class='ocrx_word' id='word_1_526' title='bbox 2026 3442 2446 3510; x_wconf 86' lang='lat' dir='ltr'><strong>attondendam;</strong></span> <span class='ocrx_word' id='word_1_527' title='bbox 2481 3442 2677 3497; x_wconf 89' lang='lat' dir='ltr'><strong>deinde</strong></span> <span class='ocrx_word' id='word_1_528' title='bbox 2704 3444 2848 3512; x_wconf 90' lang='lat' dir='ltr'><strong>pulla</strong></span> <span class='ocrx_word' id='word_1_529' title='bbox 2882 3455 3030 3499; x_wconf 80' lang='lat' dir='ltr'><strong>veste</strong></span> <span class='ocrx_word' id='word_1_530' title='bbox 3065 3462 3123 3500; x_wconf 93' lang='lat' dir='ltr'><strong>se</strong></span> <span class='ocrx_word' id='word_1_531' title='bbox 3177 3451 3440 3514; x_wconf 82' lang='lat' dir='ltr'><strong>amicivit,</strong></span> 
     </span>
    </p>
   </div>
   <div class='ocr_carea' id='block_1_79' title="bbox 1878 3535 3444 3612">
    <p class='ocr_par' dir='ltr' id='par_1_79' title="bbox 1878 3535 3444 3612">
     <span class='ocr_line' id='line_1_79' title="bbox 1878 3535 3444 3612; baseline 0.003 -21"><span class='ocrx_word' id='word_1_532' title='bbox 1878 3545 2136 3605; x_wconf 88' lang='lat' dir='ltr'><strong>tanquam</strong></span> <span class='ocrx_word' id='word_1_533' title='bbox 2171 3535 2216 3591; x_wconf 89' lang='lat' dir='ltr'><strong>si</strong></span> <span class='ocrx_word' id='word_1_534' title='bbox 2247 3550 2546 3605; x_wconf 87' lang='lat' dir='ltr'><strong>purpuram</strong></span> <span class='ocrx_word' id='word_1_535' title='bbox 2583 3535 2868 3592; x_wconf 88' lang='lat' dir='ltr'><strong>induisset.</strong></span> <span class='ocrx_word' id='word_1_536' title='bbox 2906 3537 3076 3604; x_wconf 85' lang='lat' dir='ltr'><strong>Quale</strong></span> <span class='ocrx_word' id='word_1_537' title='bbox 3113 3551 3292 3595; x_wconf 85' lang='lat' dir='ltr'><strong>autem</strong></span> <span class='ocrx_word' id='word_1_538' title='bbox 3328 3559 3444 3612; x_wconf 82' lang='lat' dir='ltr'><strong>spe-</strong></span> 
     </span>
    </p>
   </div>
   <div class='ocr_carea' id='block_1_80' title="bbox 1879 3627 3442 3698">
    <p class='ocr_par' dir='ltr' id='par_1_80' title="bbox 1879 3627 3442 3698">
     <span class='ocr_line' id='line_1_80' title="bbox 1879 3627 3442 3698; baseline 0.003 -17"><span class='ocrx_word' id='word_1_539' title='bbox 1879 3627 2170 3689; x_wconf 88' lang='lat' dir='ltr'><strong>ctaculum,</strong></span> <span class='ocrx_word' id='word_1_540' title='bbox 2205 3641 2328 3681; x_wconf 92' lang='lat' dir='ltr'><strong>cum</strong></span> <span class='ocrx_word' id='word_1_541' title='bbox 2363 3640 2505 3680; x_wconf 91' lang='lat' dir='ltr'><strong>unus</strong></span> <span class='ocrx_word' id='word_1_542' title='bbox 2558 3627 2776 3696; x_wconf 88' lang='lat' dir='ltr'><strong>quidem</strong></span> <span class='ocrx_word' id='word_1_543' title='bbox 2832 3643 3174 3694; x_wconf 86' lang='lat' dir='ltr'><strong>recessurus,</strong></span> <span class='ocrx_word' id='word_1_544' title='bbox 3221 3629 3442 3698; x_wconf 83' lang='lat' dir='ltr'><strong>jubere-</strong></span> 
     </span>
    </p>
   </div>
   <div class='ocr_carea' id='block_1_81' title="bbox 1881 3717 3444 3792">
    <p class='ocr_par' dir='ltr' id='par_1_81' title="bbox 1881 3717 3444 3792">
     <span class='ocr_line' id='line_1_81' title="bbox 1881 3717 3444 3792; baseline 0.003 -19"><span class='ocrx_word' id='word_1_545' title='bbox 1881 3729 1970 3774; x_wconf 88' lang='lat' dir='ltr'><strong>tur</strong></span> <span class='ocrx_word' id='word_1_546' title='bbox 1999 3718 2174 3772; x_wconf 88' lang='lat' dir='ltr'><strong>redire</strong></span> <span class='ocrx_word' id='word_1_547' title='bbox 2212 3717 2434 3772; x_wconf 91' lang='lat' dir='ltr'><strong>domum</strong></span> <span class='ocrx_word' id='word_1_548' title='bbox 2466 3732 2591 3772; x_wconf 92' lang='lat' dir='ltr'><strong>cum</strong></span> <span class='ocrx_word' id='word_1_549' title='bbox 2635 3720 2896 3783; x_wconf 81' lang='lat' dir='ltr'><strong>vestibus,</strong></span> <span class='ocrx_word' id='word_1_550' title='bbox 2929 3729 2983 3773; x_wconf 92' lang='lat' dir='ltr'><strong>et</strong></span> <span class='ocrx_word' id='word_1_551' title='bbox 3034 3721 3176 3784; x_wconf 78' lang='lat' dir='ltr'><strong>ideo,</strong></span> <span class='ocrx_word' id='word_1_552' title='bbox 3233 3733 3290 3776; x_wconf 94' lang='lat' dir='ltr'><strong>ut</strong></span> <span class='ocrx_word' id='word_1_553' title='bbox 3349 3739 3444 3792; x_wconf 78' lang='lat' dir='ltr'><strong>par</strong></span> 
     </span>
    </p>
   </div>
   <div class='ocr_carea' id='block_1_82' title="bbox 1879 3807 3442 3881">
    <p class='ocr_par' dir='ltr' id='par_1_82' title="bbox 1879 3807 3442 3881">
     <span class='ocr_line' id='line_1_82' title="bbox 1879 3807 3442 3881; baseline 0.003 -18"><span class='ocrx_word' id='word_1_554' title='bbox 1879 3817 2033 3873; x_wconf 87' lang='lat' dir='ltr'><strong>erat,</strong></span> <span class='ocrx_word' id='word_1_555' title='bbox 2067 3807 2484 3879; x_wconf 79' lang='lat' dir='ltr'><strong>perfunderetur</strong></span> <span class='ocrx_word' id='word_1_556' title='bbox 2523 3807 2800 3878; x_wconf 80' lang='lat' dir='ltr'><strong>lacrymis,</strong></span> <span class='ocrx_word' id='word_1_557' title='bbox 2851 3808 3075 3864; x_wconf 90' lang='lat' dir='ltr'><strong>domino</strong></span> <span class='ocrx_word' id='word_1_558' title='bbox 3115 3825 3217 3865; x_wconf 89' lang='lat' dir='ltr'><strong>suo</strong></span> <span class='ocrx_word' id='word_1_559' title='bbox 3243 3815 3442 3881; x_wconf 84' lang='lat' dir='ltr'><strong>privari</strong></span> 
     </span>
    </p>
   </div>
   <div class='ocr_carea' id='block_1_83' title="bbox 1879 3889 3498 3966">
    <p class='ocr_par' dir='ltr' id='par_1_83' title="bbox 1879 3889 3498 3966">
     <span class='ocr_line' id='line_1_83' title="bbox 1879 3889 3498 3966; baseline 0.004 -14"><span class='ocrx_word' id='word_1_560' title='bbox 1879 3898 2101 3964; x_wconf 87' lang='lat' dir='ltr'><strong>dolens;</strong></span> <span class='ocrx_word' id='word_1_561' title='bbox 2134 3897 2268 3951; x_wconf 87' lang='lat' dir='ltr'><strong>alter</strong></span> <span class='ocrx_word' id='word_1_562' title='bbox 2298 3911 2426 3950; x_wconf 90' lang='lat' dir='ltr'><strong>vero</strong></span> <span class='ocrx_word' id='word_1_563' title='bbox 2458 3896 2885 3966; x_wconf 86' lang='lat' dir='ltr'><strong>relinqueretur,</strong></span> <span class='ocrx_word' id='word_1_564' title='bbox 2926 3900 3077 3954; x_wconf 85' lang='lat' dir='ltr'><strong>solus</strong></span> <span class='ocrx_word' id='word_1_565' title='bbox 3126 3918 3248 3956; x_wconf 92' lang='lat' dir='ltr'><strong>cum</strong></span> <span class='ocrx_word' id='word_1_566' title='bbox 3311 3902 3443 3965; x_wconf 86' lang='lat' dir='ltr'><strong>Deo,</strong></span> <span class='ocrx_word' id='word_1_567' title='bbox 3493 3889 3498 3895; x_wconf 61' lang='grc'><em>’</em></span> 
     </span>
    </p>
   </div>
   <div class='ocr_carea' id='block_1_84' title="bbox 1878 3989 3442 4062">
    <p class='ocr_par' dir='ltr' id='par_1_84' title="bbox 1878 3989 3442 4062">
     <span class='ocr_line' id='line_1_84' title="bbox 1878 3989 3442 4062; baseline 0.003 -18"><span class='ocrx_word' id='word_1_568' title='bbox 1878 3999 2095 4061; x_wconf 86' lang='lat' dir='ltr'><strong>propter</strong></span> <span class='ocrx_word' id='word_1_569' title='bbox 2132 4003 2293 4058; x_wconf 89' lang='lat' dir='ltr'><strong>quem</strong></span> <span class='ocrx_word' id='word_1_570' title='bbox 2326 4003 2413 4043; x_wconf 88' lang='lat' dir='ltr'><strong>res</strong></span> <span class='ocrx_word' id='word_1_571' title='bbox 2452 3997 2562 4042; x_wconf 87' lang='lat' dir='ltr'><strong>tota</strong></span> <span class='ocrx_word' id='word_1_572' title='bbox 2598 3990 2882 4058; x_wconf 73' lang='lat' dir='ltr'><strong>agebatur.</strong></span> <span class='ocrx_word' id='word_1_573' title='bbox 2912 3989 3063 4046; x_wconf 89' lang='lat' dir='ltr'><strong>Talis</strong></span> <span class='ocrx_word' id='word_1_574' title='bbox 3117 3995 3306 4062; x_wconf 86' lang='lat' dir='ltr'><strong>utique</strong></span> <span class='ocrx_word' id='word_1_575' title='bbox 3361 4003 3442 4048; x_wconf 85' lang='lat' dir='ltr'><strong>est</strong></span> 
     </span>
    </p>
   </div>
   <div class='ocr_carea' id='block_1_85' title="bbox 1880 4078 3440 4151">
    <p class='ocr_par' dir='ltr' id='par_1_85' title="bbox 1880 4078 3440 4151">
     <span class='ocr_line' id='line_1_85' title="bbox 1880 4078 3440 4151; baseline 0.002 -16"><span class='ocrx_word' id='word_1_576' title='bbox 1880 4081 2098 4135; x_wconf 88' lang='lat' dir='ltr'><strong>divinus</strong></span> <span class='ocrx_word' id='word_1_577' title='bbox 2128 4093 2305 4144; x_wconf 92' lang='lat' dir='ltr'><strong>amor,</strong></span> <span class='ocrx_word' id='word_1_578' title='bbox 2345 4078 2600 4133; x_wconf 90' lang='lat' dir='ltr'><strong>omnibus</strong></span> <span class='ocrx_word' id='word_1_579' title='bbox 2633 4079 2796 4134; x_wconf 87' lang='lat' dir='ltr'><strong>rebus</strong></span> <span class='ocrx_word' id='word_1_580' title='bbox 2850 4082 3120 4151; x_wconf 69' lang='lat' dir='ltr'><strong>exspoliat</strong></span> <span class='ocrx_word' id='word_1_581' title='bbox 3170 4094 3440 4138; x_wconf 89' lang='lat' dir='ltr'><strong>amantem</strong></span> 
     </span>
    </p>
   </div>
   <div class='ocr_carea' id='block_1_86' title="bbox 1880 4174 3436 4236">
    <p class='ocr_par' dir='ltr' id='par_1_86' title="bbox 1880 4174 3436 4236">
     <span class='ocr_line' id='line_1_86' title="bbox 1880 4174 3436 4236; baseline 0.001 -2"><span class='ocrx_word' id='word_1_582' title='bbox 1880 4188 1932 4234; x_wconf 92' lang='lat' dir='ltr'><strong>et</strong></span> <span class='ocrx_word' id='word_1_583' title='bbox 1959 4178 2027 4233; x_wconf 86' lang='lat' dir='ltr'><strong>ad</strong></span> <span class='ocrx_word' id='word_1_584' title='bbox 2054 4193 2113 4232; x_wconf 88' lang='lat' dir='ltr'><strong>se</strong></span> <span class='ocrx_word' id='word_1_585' title='bbox 2142 4175 2318 4232; x_wconf 88' lang='lat' dir='ltr'><strong>solum</strong></span> <span class='ocrx_word' id='word_1_586' title='bbox 2353 4174 2522 4230; x_wconf 89' lang='lat' dir='ltr'><strong>trahit</strong></span> <span class='ocrx_word' id='word_1_587' title='bbox 2550 4176 2834 4232; x_wconf 90' lang='lat' dir='ltr'><strong>incensum</strong></span> <span class='ocrx_word' id='word_1_588' title='bbox 2894 4176 3043 4234; x_wconf 90' lang='lat' dir='ltr'><strong>illius</strong></span> <span class='ocrx_word' id='word_1_589' title='bbox 3082 4179 3436 4236; x_wconf 86' lang='lat' dir='ltr'><strong>desiderium.</strong></span> 
     </span>
    </p>
   </div>
   <div class='ocr_carea' id='block_1_87' title="bbox 2544 4314 2794 4372">
    <p class='ocr_par' dir='ltr' id='par_1_87' title="bbox 2544 4314 2794 4372">
     <span class='ocr_line' id='line_1_87' title="bbox 2544 4314 2794 4372; baseline -0.004 0"><span class='ocrx_word' id='word_1_590' title='bbox 2544 4315 2698 4372; x_wconf 79' lang='lat' dir='ltr'><strong>CAP.</strong></span> <span class='ocrx_word' id='word_1_591' title='bbox 2731 4314 2794 4371; x_wconf 90' lang='lat' dir='ltr'><strong>ll.</strong></span> 
     </span>
    </p>
   </div>
   <div class='ocr_carea' id='block_1_88' title="bbox 1301 4437 2365 4509">
    <p class='ocr_par' dir='ltr' id='par_1_88' title="bbox 1301 4437 2365 4509">
     <span class='ocr_line' id='line_1_88' title="bbox 1301 4437 2365 4509; baseline -0.002 -15"><span class='ocrx_word' id='word_1_592' title='bbox 1301 4437 1423 4495; x_wconf 83' lang='lat' dir='ltr'><strong>Vita</strong></span> <span class='ocrx_word' id='word_1_593' title='bbox 1461 4443 1775 4509; x_wconf 83' lang='lat' dir='ltr'><strong>monastica,</strong></span> <span class='ocrx_word' id='word_1_594' title='bbox 1806 4443 2059 4499; x_wconf 78' lang='lat' dir='ltr'><strong>uirtutum</strong></span> <span class='ocrx_word' id='word_1_595' title='bbox 2091 4439 2365 4495; x_wconf 71' lang='lat' dir='ltr'><strong>exercitia.</strong></span> 
     </span>
    </p>
   </div>
   <div class='ocr_carea' id='block_1_89' title="bbox 284 4548 1776 4625">
    <p class='ocr_par' dir='ltr' id='par_1_89' title="bbox 284 4551 1776 4625">
     <span class='ocr_line' id='line_1_89' title="bbox 284 4551 1776 4625; baseline 0 -19"><span class='ocrx_word' id='word_1_596' title='bbox 284 4552 350 4608; x_wconf 86' lang='grc' dir='ltr'><strong>θ’.</strong></span> <span class='ocrx_word' id='word_1_597' title='bbox 393 4551 614 4623; x_wconf 80' lang='grc' dir='ltr'>Ἐπειδὴ</span> <span class='ocrx_word' id='word_1_598' title='bbox 651 4551 707 4604; x_wconf 76' lang='grc' dir='ltr'>δὲ</span> <span class='ocrx_word' id='word_1_599' title='bbox 768 4554 1031 4623; x_wconf 78' lang='grc' dir='ltr'>φοιτήσας</span> <span class='ocrx_word' id='word_1_600' title='bbox 1089 4553 1228 4623; x_wconf 85' lang='grc' dir='ltr'>πρὸς</span> <span class='ocrx_word' id='word_1_601' title='bbox 1286 4553 1378 4606; x_wconf 84' lang='grc' dir='ltr'>τὸν</span> <span class='ocrx_word' id='word_1_602' title='bbox 1425 4553 1776 4625; x_wconf 90' lang='grc' dir='ltr'>παιδοτρίϐην</span> 
     </span>
    </p>
   </div>
   <div class='ocr_carea' id='block_1_90' title="bbox 1877 4548 3441 4625">
    <p class='ocr_par' dir='ltr' id='par_1_90' title="bbox 1955 4548 3441 4623">
     <span class='ocr_line' id='line_1_90' title="bbox 1955 4548 3441 4623; baseline 0.001 -17"><span class='ocrx_word' id='word_1_603' title='bbox 1955 4551 2251 4622; x_wconf 86' lang='lat' dir='ltr'><strong>Postquam</strong></span> <span class='ocrx_word' id='word_1_604' title='bbox 2290 4558 2470 4604; x_wconf 91' lang='lat' dir='ltr'><strong>autem</strong></span> <span class='ocrx_word' id='word_1_605' title='bbox 2506 4549 2572 4602; x_wconf 91' lang='lat' dir='ltr'><strong>ad</strong></span> <span class='ocrx_word' id='word_1_606' title='bbox 2604 4548 2923 4618; x_wconf 85' lang='lat' dir='ltr'><strong>magistrum</strong></span> <span class='ocrx_word' id='word_1_607' title='bbox 2959 4551 3213 4616; x_wconf 77' lang='lat' dir='ltr'><strong>venisset,</strong></span> <span class='ocrx_word' id='word_1_608' title='bbox 3279 4562 3441 4623; x_wconf 86' lang='lat' dir='ltr'><strong>atque</strong></span> 
     </span>
    </p>
   </div>
   <div class='ocr_carea' id='block_1_91' title="bbox 209 4643 1775 4719">
    <p class='ocr_par' dir='ltr' id='par_1_91' title="bbox 209 4643 1775 4719">
     <span class='ocr_line' id='line_1_91' title="bbox 209 4643 1775 4719; baseline -0.002 -20"><span class='ocrx_word' id='word_1_609' title='bbox 209 4644 492 4719; x_wconf 65' lang='grc' dir='ltr'>ἠρωτήθη,</span> <span class='ocrx_word' id='word_1_610' title='bbox 523 4644 672 4706; x_wconf 84' lang='grc' dir='ltr'>ὅστις</span> <span class='ocrx_word' id='word_1_611' title='bbox 703 4643 810 4713; x_wconf 71' lang='grc' dir='ltr'>εἴη,</span> <span class='ocrx_word' id='word_1_612' title='bbox 842 4645 936 4696; x_wconf 79' lang='grc' dir='ltr'>καὶ</span> <span class='ocrx_word' id='word_1_613' title='bbox 996 4643 1118 4698; x_wconf 75' lang='grc' dir='ltr'>ὅθεν</span> <span class='ocrx_word' id='word_1_614' title='bbox 1168 4645 1447 4716; x_wconf 85' lang='grc' dir='ltr'>ὥρμηται,</span> <span class='ocrx_word' id='word_1_615' title='bbox 1510 4646 1603 4698; x_wconf 66' lang='grc' dir='ltr'><strong>καὶ</strong></span> <span class='ocrx_word' id='word_1_616' title='bbox 1653 4647 1775 4698; x_wconf 84' lang='grc' dir='ltr'>ὅτου</span> 
     </span>
    </p>
   </div>
   <div class='ocr_carea' id='block_1_92' title="bbox 214 4736 1778 4812">
    <p class='ocr_par' dir='ltr' id='par_1_92' title="bbox 214 4736 1778 4812">
     <span class='ocr_line' id='line_1_92' title="bbox 214 4736 1778 4812; baseline -0.003 -18"><span class='ocrx_word' id='word_1_617' title='bbox 214 4741 376 4812; x_wconf 81' lang='grc' dir='ltr'>χάριν</span> <span class='ocrx_word' id='word_1_618' title='bbox 408 4739 442 4808; x_wconf 79' lang='grc' dir='ltr'>ἡ</span> <span class='ocrx_word' id='word_1_619' title='bbox 499 4736 785 4808; x_wconf 72' lang='grc' dir='ltr'>ἐπιδημία,</span> <span class='ocrx_word' id='word_1_620' title='bbox 817 4736 1034 4804; x_wconf 82' lang='grc' dir='ltr'>εὐαγεῖς</span> <span class='ocrx_word' id='word_1_621' title='bbox 1064 4738 1200 4808; x_wconf 72' lang='grc' dir='ltr'>πρὸς</span> <span class='ocrx_word' id='word_1_622' title='bbox 1235 4739 1470 4810; x_wconf 76' lang='grc' dir='ltr'>ἑκάστην</span> <span class='ocrx_word' id='word_1_623' title='bbox 1505 4738 1614 4791; x_wconf 87' lang='grc' dir='ltr'><strong>τῶν</strong></span> <span class='ocrx_word' id='word_1_624' title='bbox 1643 4738 1778 4808; x_wconf 76' lang='grc' dir='ltr'>ἐρω-</span> 
     </span>
    </p>
   </div>
   <div class='ocr_carea' id='block_1_93' title="bbox 212 4829 1775 4903">
    <p class='ocr_par' dir='ltr' id='par_1_93' title="bbox 212 4829 1775 4903">
     <span class='ocr_line' id='line_1_93' title="bbox 212 4829 1775 4903; baseline -0.002 -17"><span class='ocrx_word' id='word_1_625' title='bbox 212 4835 426 4903; x_wconf 72' lang='grc' dir='ltr'>τήσεων</span> <span class='ocrx_word' id='word_1_626' title='bbox 456 4830 553 4892; x_wconf 72' lang='grc' dir='ltr'><strong>τὰς</strong></span> <span class='ocrx_word' id='word_1_627' title='bbox 578 4829 894 4899; x_wconf 88' lang='grc' dir='ltr'>ἀποκρίσεις</span> <span class='ocrx_word' id='word_1_628' title='bbox 923 4829 1091 4882; x_wconf 69' lang='grc' dir='ltr'>ἐδίδου</span> <span class='ocrx_word' id='word_1_629' title='bbox 1122 4847 1137 4860; x_wconf 84' lang='lat'><strong>&#39;</strong></span> <span class='ocrx_word' id='word_1_630' title='bbox 1172 4831 1264 4884; x_wconf 82' lang='grc' dir='ltr'>τοῦ</span> <span class='ocrx_word' id='word_1_631' title='bbox 1290 4831 1348 4884; x_wconf 78' lang='grc' dir='ltr'>δὲ</span> <span class='ocrx_word' id='word_1_632' title='bbox 1394 4831 1775 4902; x_wconf 84' lang='grc' dir='ltr'>μεμαθηκότος</span> 
     </span>
    </p>
   </div>
   <div class='ocr_carea' id='block_1_94' title="bbox 212 4919 1772 4992">
    <p class='ocr_par' dir='ltr' id='par_1_94' title="bbox 212 4919 1772 4992">
     <span class='ocr_line' id='line_1_94' title="bbox 212 4919 1772 4992; baseline -0.003 -16"><span class='ocrx_word' id='word_1_633' title='bbox 212 4926 315 4992; x_wconf 84' lang='grc' dir='ltr'>τήν</span> <span class='ocrx_word' id='word_1_634' title='bbox 345 4939 403 4975; x_wconf 82' lang='grc' dir='ltr'><strong>τε</strong></span> <span class='ocrx_word' id='word_1_635' title='bbox 436 4919 690 4990; x_wconf 86' lang='grc' dir='ltr'>πατρίδα,</span> <span class='ocrx_word' id='word_1_636' title='bbox 714 4921 775 4972; x_wconf 85' lang='grc' dir='ltr'>τὸ</span> <span class='ocrx_word' id='word_1_637' title='bbox 799 4920 974 4987; x_wconf 87' lang='grc' dir='ltr'>γένος,</span> <span class='ocrx_word' id='word_1_638' title='bbox 993 4921 1086 4974; x_wconf 77' lang='grc' dir='ltr'>καὶ</span> <span class='ocrx_word' id='word_1_639' title='bbox 1109 4922 1209 4989; x_wconf 81' lang='grc' dir='ltr'>τὴν</span> <span class='ocrx_word' id='word_1_640' title='bbox 1239 4921 1570 4990; x_wconf 69' lang='grc' dir='ltr'>ἀνατροφήν·</span> <span class='ocrx_word' id='word_1_641' title='bbox 1605 4920 1772 4973; x_wconf 76' lang='grc' dir='ltr'>Οῠπω</span> 
     </span>
    </p>
   </div>
   <div class='ocr_carea' id='block_1_95' title="bbox 219 5009 1770 5084">
    <p class='ocr_par' dir='ltr' id='par_1_95' title="bbox 219 5009 1770 5084">
     <span class='ocr_line' id='line_1_95' title="bbox 219 5009 1770 5084; baseline -0.003 -18"><span class='ocrx_word' id='word_1_642' title='bbox 219 5012 445 5084; x_wconf 70' lang='grc' dir='ltr'>ἰσχύεις,</span> <span class='ocrx_word' id='word_1_643' title='bbox 478 5012 661 5080; x_wconf 66' lang='grc' dir='ltr'>φησιν,</span> <span class='ocrx_word' id='word_1_644' title='bbox 691 5011 746 5064; x_wconf 76' lang='grc' dir='ltr'>ὲν</span> <span class='ocrx_word' id='word_1_645' title='bbox 778 5010 903 5081; x_wconf 77' lang='grc' dir='ltr'>τῇδε</span> <span class='ocrx_word' id='word_1_646' title='bbox 927 5013 991 5080; x_wconf 84' lang='grc' dir='ltr'>τῇ</span> <span class='ocrx_word' id='word_1_647' title='bbox 1016 5009 1160 5063; x_wconf 87' lang='grc' dir='ltr'>θέσει</span> <span class='ocrx_word' id='word_1_648' title='bbox 1208 5011 1304 5063; x_wconf 76' lang='grc' dir='ltr'><strong>τοῦ</strong></span> <span class='ocrx_word' id='word_1_649' title='bbox 1362 5012 1549 5076; x_wconf 84' lang='grc' dir='ltr'>τόπου,</span> <span class='ocrx_word' id='word_1_650' title='bbox 1607 5012 1770 5080; x_wconf 88' lang='grc' dir='ltr'>σκλη-</span> 
     </span>
    </p>
   </div>
   <div class='ocr_carea' id='block_1_96' title="bbox 1881 4640 3443 4716">
    <p class='ocr_par' dir='ltr' id='par_1_96' title="bbox 1881 4640 3443 4716">
     <span class='ocr_line' id='line_1_96' title="bbox 1881 4640 3443 4716; baseline -0.001 -17"><span class='ocrx_word' id='word_1_651' title='bbox 1881 4646 2272 4713; x_wconf 82' lang='lat' dir='ltr'><strong>interrogatus,</strong></span> <span class='ocrx_word' id='word_1_652' title='bbox 2305 4640 2447 4710; x_wconf 89' lang='lat' dir='ltr'><strong>quis,</strong></span> <span class='ocrx_word' id='word_1_653' title='bbox 2478 4640 2642 4705; x_wconf 90' lang='lat' dir='ltr'><strong>unde,</strong></span> <span class='ocrx_word' id='word_1_654' title='bbox 2690 4656 2798 4710; x_wconf 89' lang='lat' dir='ltr'><strong>qua</strong></span> <span class='ocrx_word' id='word_1_655' title='bbox 2835 4655 2998 4695; x_wconf 88' lang='lat' dir='ltr'><strong>causa</strong></span> <span class='ocrx_word' id='word_1_656' title='bbox 3031 4644 3258 4710; x_wconf 88' lang='lat' dir='ltr'><strong>veniret,</strong></span> <span class='ocrx_word' id='word_1_657' title='bbox 3320 4660 3443 4716; x_wconf 83' lang='lat' dir='ltr'><strong>apte</strong></span> 
     </span>
    </p>
   </div>
   <div class='ocr_carea' id='block_1_97' title="bbox 1883 4729 3443 4805">
    <p class='ocr_par' dir='ltr' id='par_1_97' title="bbox 1883 4729 3443 4805">
     <span class='ocr_line' id='line_1_97' title="bbox 1883 4729 3443 4805; baseline 0.001 -18"><span class='ocrx_word' id='word_1_658' title='bbox 1883 4736 2251 4805; x_wconf 81' lang='lat' dir='ltr'><strong>respondisset</strong></span> <span class='ocrx_word' id='word_1_659' title='bbox 2274 4731 2340 4786; x_wconf 91' lang='lat' dir='ltr'><strong>ad</strong></span> <span class='ocrx_word' id='word_1_660' title='bbox 2395 4729 2647 4799; x_wconf 87' lang='lat' dir='ltr'><strong>singula;</strong></span> <span class='ocrx_word' id='word_1_661' title='bbox 2708 4729 2796 4782; x_wconf 89' lang='lat' dir='ltr'><strong>ille</strong></span> <span class='ocrx_word' id='word_1_662' title='bbox 2848 4730 3101 4798; x_wconf 89' lang='lat' dir='ltr'><strong>patriam,</strong></span> <span class='ocrx_word' id='word_1_663' title='bbox 3171 4748 3340 4802; x_wconf 85' lang='lat' dir='ltr'><strong>genus</strong></span> <span class='ocrx_word' id='word_1_664' title='bbox 3389 4744 3443 4789; x_wconf 89' lang='lat' dir='ltr'><strong>et</strong></span> 
     </span>
    </p>
   </div>
   <div class='ocr_carea' id='block_1_98' title="bbox 1883 4818 3444 4891">
    <p class='ocr_par' dir='ltr' id='par_1_98' title="bbox 1883 4818 3444 4891">
     <span class='ocr_line' id='line_1_98' title="bbox 1883 4818 3444 4891; baseline 0.001 -12"><span class='ocrx_word' id='word_1_665' title='bbox 1883 4824 2256 4879; x_wconf 86' lang='lat' dir='ltr'><strong>educationem</strong></span> <span class='ocrx_word' id='word_1_666' title='bbox 2289 4821 2538 4875; x_wconf 90' lang='lat' dir='ltr'><strong>edoctus.</strong></span> <span class='ocrx_word' id='word_1_667' title='bbox 2569 4818 2685 4873; x_wconf 84' lang='lat' dir='ltr'><strong>Non</strong></span> <span class='ocrx_word' id='word_1_668' title='bbox 2717 4822 2944 4888; x_wconf 87' lang='lat' dir='ltr'><strong>poteris,</strong></span> <span class='ocrx_word' id='word_1_669' title='bbox 2975 4821 3173 4891; x_wconf 87' lang='lat' dir='ltr'><strong>inquit,</strong></span> <span class='ocrx_word' id='word_1_670' title='bbox 3233 4823 3286 4877; x_wconf 93' lang='lat' dir='ltr'><strong>in</strong></span> <span class='ocrx_word' id='word_1_671' title='bbox 3342 4825 3444 4881; x_wconf 86' lang='lat' dir='ltr'><strong>hae</strong></span> 
     </span>
    </p>
   </div>
   <div class='ocr_carea' id='block_1_99' title="bbox 1883 4912 3441 4985">
    <p class='ocr_par' dir='ltr' id='par_1_99' title="bbox 1883 4912 3441 4985">
     <span class='ocr_line' id='line_1_99' title="bbox 1883 4912 3441 4985; baseline 0.002 -16"><span class='ocrx_word' id='word_1_672' title='bbox 1883 4917 2124 4985; x_wconf 80' lang='lat' dir='ltr'><strong>regione,</strong></span> <span class='ocrx_word' id='word_1_673' title='bbox 2159 4912 2297 4967; x_wconf 90' lang='lat' dir='ltr'><strong>haud</strong></span> <span class='ocrx_word' id='word_1_674' title='bbox 2323 4926 2744 4981; x_wconf 88' lang='lat' dir='ltr'><strong>parumaspera,</strong></span> <span class='ocrx_word' id='word_1_675' title='bbox 2777 4913 3136 4966; x_wconf 88' lang='lat' dir='ltr'><strong>monasticum</strong></span> <span class='ocrx_word' id='word_1_676' title='bbox 3172 4916 3441 4972; x_wconf 78' lang='lat' dir='ltr'><strong>sustinere</strong></span> 
     </span>
    </p>
   </div>
   <div class='ocr_carea' id='block_1_100' title="bbox 1883 5001 3440 5074">
    <p class='ocr_par' dir='ltr' id='par_1_100' title="bbox 1883 5001 3440 5074">
     <span class='ocr_line' id='line_1_100' title="bbox 1883 5001 3440 5074; baseline 0.001 -13"><span class='ocrx_word' id='word_1_677' title='bbox 1883 5009 2142 5062; x_wconf 91' lang='lat' dir='ltr'><strong>laborem.</strong></span> <span class='ocrx_word' id='word_1_678' title='bbox 2181 5005 2278 5059; x_wconf 90' lang='lat' dir='ltr'><strong>Cui</strong></span> <span class='ocrx_word' id='word_1_679' title='bbox 2311 5003 2513 5059; x_wconf 86' lang='lat' dir='ltr'><strong>Christi</strong></span> <span class='ocrx_word' id='word_1_680' title='bbox 2553 5003 2703 5074; x_wconf 86' lang='lat' dir='ltr'><strong>pugil</strong></span> <span class='ocrx_word' id='word_1_681' title='bbox 2736 5020 2750 5057; x_wconf 87' lang='lat'><strong>:</strong></span> <span class='ocrx_word' id='word_1_682' title='bbox 2782 5001 2996 5070; x_wconf 84' lang='lat' dir='ltr'><strong>Omnia,</strong></span> <span class='ocrx_word' id='word_1_683' title='bbox 3048 5003 3226 5074; x_wconf 86' lang='lat' dir='ltr'><strong>Pater,</strong></span> <span class='ocrx_word' id='word_1_684' title='bbox 3284 5009 3440 5063; x_wconf 89' lang='lat' dir='ltr'><strong>trado</strong></span> 
     </span>
    </p>
   </div>
   <div class='ocr_carea' id='block_1_101' title="bbox 1730 5143 1958 5199">
    <p class='ocr_par' dir='ltr' id='par_1_101' title="bbox 1730 5143 1958 5199">
     <span class='ocr_line' id='line_1_101' title="bbox 1730 5143 1958 5199; baseline 0.013 -3"><span class='ocrx_word' id='word_1_685' title='bbox 1730 5143 1958 5199; x_wconf 58' lang='grc' dir='ltr'><strong>ΝΟΤᾹΕ.</strong></span> 
     </span>
    </p>
   </div>
   <div class='ocr_carea' id='block_1_102' title="bbox 286 5255 1769 5338">
    <p class='ocr_par' dir='ltr' id='par_1_102' title="bbox 286 5255 1769 5338">
     <span class='ocr_line' id='line_1_102' title="bbox 286 5255 1769 5338; baseline -0.002 -24"><span class='ocrx_word' id='word_1_686' title='bbox 286 5259 367 5338; x_wconf 70' lang='grc'><strong>(5)</strong></span> <span class='ocrx_word' id='word_1_687' title='bbox 415 5277 432 5338; x_wconf 64' lang='grc' dir='ltr'><strong>ι</strong></span> <span class='ocrx_word' id='word_1_688' title='bbox 467 5259 526 5313; x_wconf 91' lang='lat' dir='ltr'><strong>S.</strong></span> <span class='ocrx_word' id='word_1_689' title='bbox 562 5255 880 5338; x_wconf 68' lang='lat' dir='ltr'><strong>Joantiicius</strong></span> <span class='ocrx_word' id='word_1_690' title='bbox 928 5260 1010 5328; x_wconf 93' lang='lat' dir='ltr'><strong>(ut</strong></span> <span class='ocrx_word' id='word_1_691' title='bbox 1043 5259 1096 5314; x_wconf 93' lang='lat' dir='ltr'><strong>in</strong></span> <span class='ocrx_word' id='word_1_692' title='bbox 1149 5258 1273 5338; x_wconf 83' lang='lat' dir='ltr'><strong>ejus</strong></span> <span class='ocrx_word' id='word_1_693' title='bbox 1301 5258 1421 5312; x_wconf 77' lang='lat' dir='ltr'><strong>Vita</strong></span> <span class='ocrx_word' id='word_1_694' title='bbox 1447 5259 1480 5312; x_wconf 76' lang='grc' dir='ltr'><strong>ι</strong></span> <span class='ocrx_word' id='word_1_695' title='bbox 1511 5257 1769 5338; x_wconf 67' lang='lat' dir='ltr'><strong>Novemb.</strong></span> 
     </span>
    </p>
   </div>
   <div class='ocr_carea' id='block_1_103' title="bbox 217 5327 1772 5403">
    <p class='ocr_par' dir='ltr' id='par_1_103' title="bbox 217 5327 1772 5403">
     <span class='ocr_line' id='line_1_103' title="bbox 217 5327 1772 5403; baseline -0.005 -16"><span class='ocrx_word' id='word_1_696' title='bbox 217 5327 435 5403; x_wconf 77' lang='lat' dir='ltr'><strong>legitur)</strong></span> <span class='ocrx_word' id='word_1_697' title='bbox 472 5342 594 5403; x_wconf 69' lang='lat' dir='ltr'><strong>cum</strong></span> <span class='ocrx_word' id='word_1_698' title='bbox 627 5327 1131 5403; x_wconf 77' lang='lat' dir='ltr'><strong>vidissetmontem.</strong></span> <span class='ocrx_word' id='word_1_699' title='bbox 1182 5327 1274 5399; x_wconf 70' lang='lat' dir='ltr'><strong>qui</strong></span> <span class='ocrx_word' id='word_1_700' title='bbox 1333 5328 1698 5403; x_wconf 75' lang='lat' dir='ltr'><strong>supereminet</strong></span> <span class='ocrx_word' id='word_1_701' title='bbox 1744 5345 1772 5379; x_wconf 81' lang='grc' dir='ltr'><strong>ιι</strong></span> 
     </span>
    </p>
   </div>
   <div class='ocr_carea' id='block_1_104' title="bbox 218 5397 1772 5475">
    <p class='ocr_par' dir='ltr' id='par_1_104' title="bbox 218 5397 1772 5475">
     <span class='ocr_line' id='line_1_104' title="bbox 218 5397 1772 5475; baseline -0.003 -20"><span class='ocrx_word' id='word_1_702' title='bbox 218 5397 442 5475; x_wconf 60' lang='lat' dir='ltr'><strong>tléxtera</strong></span> <span class='ocrx_word' id='word_1_703' title='bbox 472 5398 758 5475; x_wconf 66' lang='lat' dir='ltr'><strong>Bithyniae,</strong></span> <span class='ocrx_word' id='word_1_704' title='bbox 783 5399 872 5466; x_wconf 90' lang='lat' dir='ltr'><strong>qui</strong></span> <span class='ocrx_word' id='word_1_705' title='bbox 916 5401 1056 5475; x_wconf 85' lang='lat' dir='ltr'><strong>apud</strong></span> <span class='ocrx_word' id='word_1_706' title='bbox 1100 5397 1451 5455; x_wconf 36' lang='lat' dir='ltr'><strong>nos—vocatur</strong></span> <span class='ocrx_word' id='word_1_707' title='bbox 1490 5397 1772 5475; x_wconf 82' lang='lat' dir='ltr'><strong>Olympus,</strong></span> 
     </span>
    </p>
   </div>
   <div class='ocr_carea' id='block_1_105' title="bbox 217 5469 1776 5540">
    <p class='ocr_par' dir='ltr' id='par_1_105' title="bbox 217 5469 1776 5540">
     <span class='ocr_line' id='line_1_105' title="bbox 217 5469 1776 5540; baseline -0.005 -12"><span class='ocrx_word' id='word_1_708' title='bbox 217 5471 471 5537; x_wconf 90' lang='lat' dir='ltr'><strong>concepit</strong></span> <span class='ocrx_word' id='word_1_709' title='bbox 492 5471 690 5540; x_wconf 82' lang='lat' dir='ltr'><strong>animo</strong></span> <span class='ocrx_word' id='word_1_710' title='bbox 711 5469 875 5521; x_wconf 82' lang='lat' dir='ltr'><strong>vitam</strong></span> <span class='ocrx_word' id='word_1_711' title='bbox 907 5471 1145 5540; x_wconf 89' lang='lat' dir='ltr'><strong>quietam</strong></span> <span class='ocrx_word' id='word_1_712' title='bbox 1177 5479 1229 5524; x_wconf 81' lang='lat' dir='ltr'><strong>et</strong></span> <span class='ocrx_word' id='word_1_713' title='bbox 1255 5476 1546 5540; x_wconf 66' lang='lat' dir='ltr'><strong>amantem</strong></span> <span class='ocrx_word' id='word_1_714' title='bbox 1583 5471 1776 5540; x_wconf 86' lang='lat' dir='ltr'><strong>solitu-</strong></span> 
     </span>
    </p>
   </div>
   <div class='ocr_carea' id='block_1_106' title="bbox 219 5538 1774 5608">
    <p class='ocr_par' dir='ltr' id='par_1_106' title="bbox 219 5538 1774 5608">
     <span class='ocr_line' id='line_1_106' title="bbox 219 5538 1774 5608; baseline -0.007 -10"><span class='ocrx_word' id='word_1_715' title='bbox 219 5543 392 5598; x_wconf 89' lang='lat' dir='ltr'><strong>dinis.</strong></span> <span class='ocrx_word' id='word_1_716' title='bbox 429 5559 446 5590; x_wconf 74' lang='grc' dir='ltr'><strong>ι</strong></span> <span class='ocrx_word' id='word_1_717' title='bbox 484 5539 554 5592; x_wconf 90' lang='lat' dir='ltr'><strong>De</strong></span> <span class='ocrx_word' id='word_1_718' title='bbox 581 5552 645 5591; x_wconf 89' lang='lat' dir='ltr'><strong>eo</strong></span> <span class='ocrx_word' id='word_1_719' title='bbox 679 5538 897 5608; x_wconf 37' lang='lat' dir='ltr'><strong>locoAagi</strong></span> <span class='ocrx_word' id='word_1_720' title='bbox 922 5538 1134 5593; x_wconf 77' lang='lat' dir='ltr'><strong>constat</strong></span> <span class='ocrx_word' id='word_1_721' title='bbox 1161 5555 1223 5593; x_wconf 78' lang='lat' dir='ltr'><strong>ex</strong></span> <span class='ocrx_word' id='word_1_722' title='bbox 1255 5538 1371 5593; x_wconf 80' lang='lat' dir='ltr'><strong>Vita</strong></span> <span class='ocrx_word' id='word_1_723' title='bbox 1404 5540 1459 5592; x_wconf 83' lang='lat' dir='ltr'><strong>S.</strong></span> <span class='ocrx_word' id='word_1_724' title='bbox 1482 5539 1774 5602; x_wconf 78' lang='lat' dir='ltr'><strong>&#39;l‘heodori,</strong></span> 
     </span>
    </p>
   </div>
   <div class='ocr_carea' id='block_1_107' title="bbox 221 5603 1775 5678">
    <p class='ocr_par' dir='ltr' id='par_1_107' title="bbox 221 5603 1775 5678">
     <span class='ocr_line' id='line_1_107' title="bbox 221 5603 1775 5678; baseline -0.005 -11"><span class='ocrx_word' id='word_1_725' title='bbox 221 5614 313 5667; x_wconf 89' lang='lat' dir='ltr'><strong>ubi</strong></span> <span class='ocrx_word' id='word_1_726' title='bbox 355 5609 624 5671; x_wconf 85' lang='lat' dir='ltr'><strong>monachi,</strong></span> <span class='ocrx_word' id='word_1_727' title='bbox 655 5609 744 5674; x_wconf 88' lang='lat' dir='ltr'><strong>qui</strong></span> <span class='ocrx_word' id='word_1_728' title='bbox 779 5603 989 5678; x_wconf 54' lang='lat' dir='ltr'><strong>Olimpi</strong></span> <span class='ocrx_word' id='word_1_729' title='bbox 1016 5620 1192 5678; x_wconf 84' lang='lat' dir='ltr'><strong>partes</strong></span> <span class='ocrx_word' id='word_1_730' title='bbox 1243 5610 1507 5672; x_wconf 88' lang='lat' dir='ltr'><strong>incolunt,</strong></span> <span class='ocrx_word' id='word_1_731' title='bbox 1557 5608 1622 5678; x_wconf 84' lang='lat' dir='ltr'><strong>ad</strong></span> <span class='ocrx_word' id='word_1_732' title='bbox 1654 5622 1775 5662; x_wconf 84' lang='lat' dir='ltr'><strong>eum</strong></span> 
     </span>
    </p>
   </div>
   <div class='ocr_carea' id='block_1_108' title="bbox 222 5676 1781 5746">
    <p class='ocr_par' dir='ltr' id='par_1_108' title="bbox 222 5676 1781 5746">
     <span class='ocr_line' id='line_1_108' title="bbox 222 5676 1781 5746; baseline -0.004 -9"><span class='ocrx_word' id='word_1_733' title='bbox 222 5685 293 5738; x_wconf 76' lang='lat' dir='ltr'><strong>ali</strong></span> <span class='ocrx_word' id='word_1_734' title='bbox 319 5681 510 5734; x_wconf 77' lang='lat' dir='ltr'><strong>exsilio</strong></span> <span class='ocrx_word' id='word_1_735' title='bbox 540 5681 791 5731; x_wconf 76' lang='lat' dir='ltr'><strong>reduCem</strong></span> <span class='ocrx_word' id='word_1_736' title='bbox 833 5676 885 5732; x_wconf 85' lang='lat' dir='ltr'><strong>in</strong></span> <span class='ocrx_word' id='word_1_737' title='bbox 929 5676 1174 5746; x_wconf 75' lang='lat' dir='ltr'><strong>Bithynia</strong></span> <span class='ocrx_word' id='word_1_738' title='bbox 1209 5687 1572 5734; x_wconf 85' lang='lat' dir='ltr'><strong>accesserunt.</strong></span> <span class='ocrx_word' id='word_1_739' title='bbox 1605 5676 1658 5730; x_wconf 92' lang='lat' dir='ltr'><strong>ln</strong></span> <span class='ocrx_word' id='word_1_740' title='bbox 1688 5692 1781 5730; x_wconf 81' lang='lat' dir='ltr'><strong>ea—</strong></span> 
     </span>
    </p>
   </div>
   <div class='ocr_carea' id='block_1_109' title="bbox 225 5746 1776 5807">
    <p class='ocr_par' dir='ltr' id='par_1_109' title="bbox 225 5746 1776 5807">
     <span class='ocr_line' id='line_1_109' title="bbox 225 5746 1776 5807; baseline -0.006 0"><span class='ocrx_word' id='word_1_741' title='bbox 225 5754 349 5807; x_wconf 88' lang='lat' dir='ltr'><strong>dem</strong></span> <span class='ocrx_word' id='word_1_742' title='bbox 388 5751 500 5802; x_wconf 72' lang='lat' dir='ltr'><strong>Vita</strong></span> <span class='ocrx_word' id='word_1_743' title='bbox 528 5748 729 5800; x_wconf 90' lang='lat' dir='ltr'><strong>dicitur</strong></span> <span class='ocrx_word' id='word_1_744' title='bbox 763 5746 818 5800; x_wconf 91' lang='lat' dir='ltr'><strong>S.</strong></span> <span class='ocrx_word' id='word_1_745' title='bbox 852 5747 1004 5801; x_wconf 90' lang='lat' dir='ltr'><strong>Plato</strong></span> <span class='ocrx_word' id='word_1_746' title='bbox 1031 5765 1060 5801; x_wconf 89' lang='lat' dir='ltr'><strong>a</strong></span> <span class='ocrx_word' id='word_1_747' title='bbox 1101 5752 1302 5803; x_wconf 89' lang='lat' dir='ltr'><strong>teneris</strong></span> <span class='ocrx_word' id='word_1_748' title='bbox 1329 5749 1491 5802; x_wconf 88' lang='lat' dir='ltr'><strong>annis</strong></span> <span class='ocrx_word' id='word_1_749' title='bbox 1540 5757 1776 5801; x_wconf 89' lang='lat' dir='ltr'><strong>montem</strong></span> 
     </span>
    </p>
   </div>
   <div class='ocr_carea' id='block_1_110' title="bbox 226 5818 763 5889">
    <p class='ocr_par' dir='ltr' id='par_1_110' title="bbox 226 5818 763 5889">
     <span class='ocr_line' id='line_1_110' title="bbox 226 5818 763 5889; baseline -0.011 -13"><span class='ocrx_word' id='word_1_750' title='bbox 226 5820 438 5889; x_wconf 82' lang='lat' dir='ltr'><strong>Olympi</strong></span> <span class='ocrx_word' id='word_1_751' title='bbox 471 5818 763 5870; x_wconf 84' lang='lat' dir='ltr'><strong>incoluisse</strong></span> 
     </span>
    </p>
   </div>
   <div class='ocr_carea' id='block_1_111' title="bbox 428 5906 1130 5966">
    <p class='ocr_par' dir='ltr' id='par_1_111' title="bbox 428 5906 1130 5966">
     <span class='ocr_line' id='line_1_111' title="bbox 428 5906 1130 5966; baseline -0.001 0"><span class='ocrx_word' id='word_1_752' title='bbox 428 5910 706 5966; x_wconf 77' lang='grc' dir='ltr'>ΡΑτιιοι..</span> <span class='ocrx_word' id='word_1_753' title='bbox 747 5908 858 5963; x_wconf 82' lang='lat' dir='ltr'><strong>Gn.</strong></span> <span class='ocrx_word' id='word_1_754' title='bbox 909 5906 1130 5965; x_wconf 76' lang='lat' dir='ltr'><strong>XCIX.</strong></span> 
     </span>
    </p>
   </div>
   <div class='ocr_carea' id='block_1_112' title="bbox 1953 5253 3441 5327">
    <p class='ocr_par' dir='ltr' id='par_1_112' title="bbox 1953 5253 3441 5327">
     <span class='ocr_line' id='line_1_112' title="bbox 1953 5253 3441 5327; baseline 0 -17"><span class='ocrx_word' id='word_1_755' title='bbox 1953 5259 2025 5327; x_wconf 85' lang='lat'><strong>(6)</strong></span> <span class='ocrx_word' id='word_1_756' title='bbox 2057 5257 2260 5311; x_wconf 76' lang='lat' dir='ltr'><strong>Colitur</strong></span> <span class='ocrx_word' id='word_1_757' title='bbox 2295 5255 2356 5309; x_wconf 73' lang='lat'><strong>2|</strong></span> <span class='ocrx_word' id='word_1_758' title='bbox 2403 5255 2560 5327; x_wconf 81' lang='lat' dir='ltr'><strong>Febr.</strong></span> <span class='ocrx_word' id='word_1_759' title='bbox 2613 5263 2836 5327; x_wconf 86' lang='lat' dir='ltr'><strong>sanctus</strong></span> <span class='ocrx_word' id='word_1_760' title='bbox 2867 5253 3206 5327; x_wconf 68' lang='lat' dir='ltr'><strong>Timotheus,</strong></span> <span class='ocrx_word' id='word_1_761' title='bbox 3244 5255 3336 5325; x_wconf 90' lang='lat' dir='ltr'><strong>qui</strong></span> <span class='ocrx_word' id='word_1_762' title='bbox 3389 5255 3441 5311; x_wconf 91' lang='lat' dir='ltr'><strong>in</strong></span> 
     </span>
    </p>
   </div>
   <div class='ocr_carea' id='block_1_113' title="bbox 1883 5324 3444 5391">
    <p class='ocr_par' dir='ltr' id='par_1_113' title="bbox 1883 5324 3444 5391">
     <span class='ocr_line' id='line_1_113' title="bbox 1883 5324 3444 5391; baseline -0.003 -9"><span class='ocrx_word' id='word_1_763' title='bbox 1883 5324 2156 5391; x_wconf 76' lang='lat' dir='ltr'><strong>Symbolis</strong></span> <span class='ocrx_word' id='word_1_764' title='bbox 2196 5328 2358 5379; x_wconf 86' lang='lat' dir='ltr'><strong>vitam</strong></span> <span class='ocrx_word' id='word_1_765' title='bbox 2386 5325 2820 5378; x_wconf 84' lang='lat' dir='ltr'><strong>anachoreticam</strong></span> <span class='ocrx_word' id='word_1_766' title='bbox 2851 5324 3025 5380; x_wconf 82' lang='lat' dir='ltr'><strong>duxit.</strong></span> <span class='ocrx_word' id='word_1_767' title='bbox 3044 5324 3296 5391; x_wconf 79' lang='lat' dir='ltr'><strong>Ejusdem</strong></span> <span class='ocrx_word' id='word_1_768' title='bbox 3332 5341 3444 5378; x_wconf 86' lang='lat' dir='ltr'><strong>mo-</strong></span> 
     </span>
    </p>
   </div>
   <div class='ocr_carea' id='block_1_114' title="bbox 1883 5387 3440 5464">
    <p class='ocr_par' dir='ltr' id='par_1_114' title="bbox 1883 5387 3440 5464">
     <span class='ocr_line' id='line_1_114' title="bbox 1883 5387 3440 5464; baseline -0.003 -13"><span class='ocrx_word' id='word_1_769' title='bbox 1883 5387 2100 5452; x_wconf 77' lang='lat' dir='ltr'><strong>nasterii</strong></span> <span class='ocrx_word' id='word_1_770' title='bbox 2149 5397 2287 5450; x_wconf 81' lang='lat' dir='ltr'><strong>facta</strong></span> <span class='ocrx_word' id='word_1_771' title='bbox 2321 5404 2402 5449; x_wconf 87' lang='lat' dir='ltr'><strong>cst</strong></span> <span class='ocrx_word' id='word_1_772' title='bbox 2446 5394 2647 5448; x_wconf 89' lang='lat' dir='ltr'><strong>mentio</strong></span> <span class='ocrx_word' id='word_1_773' title='bbox 2694 5396 2781 5448; x_wconf 89' lang='lat' dir='ltr'><strong>die</strong></span> <span class='ocrx_word' id='word_1_774' title='bbox 2831 5395 2986 5449; x_wconf 88' lang='lat' dir='ltr'><strong>tertia</strong></span> <span class='ocrx_word' id='word_1_775' title='bbox 3018 5387 3218 5464; x_wconf 77' lang='lat' dir='ltr'><strong>Aprilis</strong></span> <span class='ocrx_word' id='word_1_776' title='bbox 3243 5396 3293 5447; x_wconf 89' lang='lat' dir='ltr'><strong>in</strong></span> <span class='ocrx_word' id='word_1_777' title='bbox 3324 5393 3440 5448; x_wconf 83' lang='lat' dir='ltr'><strong>Vita</strong></span> 
     </span>
    </p>
   </div>
   <div class='ocr_carea' id='block_1_115' title="bbox 1885 5464 3444 5532">
    <p class='ocr_par' dir='ltr' id='par_1_115' title="bbox 1885 5464 3444 5532">
     <span class='ocr_line' id='line_1_115' title="bbox 1885 5464 3444 5532; baseline -0.003 -11"><span class='ocrx_word' id='word_1_778' title='bbox 1885 5469 1943 5520; x_wconf 85' lang='lat' dir='ltr'><strong>S.</strong></span> <span class='ocrx_word' id='word_1_779' title='bbox 1977 5468 2194 5527; x_wconf 68' lang='lat' dir='ltr'><strong>Nicetae,</strong></span> <span class='ocrx_word' id='word_1_780' title='bbox 2228 5483 2378 5519; x_wconf 91' lang='lat' dir='ltr'><strong>num.</strong></span> <span class='ocrx_word' id='word_1_781' title='bbox 2413 5481 2472 5518; x_wconf 90' lang='grc' dir='ltr'>ιι.</span> <span class='ocrx_word' id='word_1_782' title='bbox 2500 5464 2653 5527; x_wconf 80' lang='lat' dir='ltr'><strong>Quod</strong></span> <span class='ocrx_word' id='word_1_783' title='bbox 2689 5475 2869 5518; x_wconf 88' lang='lat' dir='ltr'><strong>autem</strong></span> <span class='ocrx_word' id='word_1_784' title='bbox 2905 5466 2991 5518; x_wconf 85' lang='lat' dir='ltr'><strong>hic</strong></span> <span class='ocrx_word' id='word_1_785' title='bbox 3024 5467 3233 5532; x_wconf 75' lang='lat' dir='ltr'><strong>legatur</strong></span> <span class='ocrx_word' id='word_1_786' title='bbox 3259 5464 3444 5518; x_wconf 74' lang='lat' dir='ltr'><strong>Graece</strong></span> 
     </span>
    </p>
   </div>
   <div class='ocr_carea' id='block_1_116' title="bbox 1883 5534 3441 5606">
    <p class='ocr_par' dir='ltr' id='par_1_116' title="bbox 1883 5534 3441 5606">
     <span class='ocr_line' id='line_1_116' title="bbox 1883 5534 3441 5606; baseline -0.003 -16"><span class='ocrx_word' id='word_1_787' title='bbox 1883 5539 1975 5590; x_wconf 72' lang='grc' dir='ltr'>τοῦ</span> <span class='ocrx_word' id='word_1_788' title='bbox 2014 5538 2316 5606; x_wconf 70' lang='grc' dir='ltr'>Συμϐόλους</span> <span class='ocrx_word' id='word_1_789' title='bbox 2344 5534 2798 5606; x_wconf 67' lang='grc' dir='ltr'>ἐπικεκλημένοι),</span> <span class='ocrx_word' id='word_1_790' title='bbox 2834 5550 2940 5588; x_wconf 89' lang='lat' dir='ltr'><strong>non</strong></span> <span class='ocrx_word' id='word_1_791' title='bbox 2993 5534 3307 5606; x_wconf 84' lang='grc' dir='ltr'>Συμϐόλων,</span> <span class='ocrx_word' id='word_1_792' title='bbox 3369 5535 3441 5606; x_wconf 85' lang='lat' dir='ltr'><strong>uti</strong></span> 
     </span>
    </p>
   </div>
   <div class='ocr_carea' id='block_1_117' title="bbox 1886 5604 3442 5676">
    <p class='ocr_par' dir='ltr' id='par_1_117' title="bbox 1886 5604 3442 5676">
     <span class='ocr_line' id='line_1_117' title="bbox 1886 5604 3442 5676; baseline -0.003 -15"><span class='ocrx_word' id='word_1_793' title='bbox 1886 5608 2009 5662; x_wconf 84' lang='lat' dir='ltr'><strong>istic</strong></span> <span class='ocrx_word' id='word_1_794' title='bbox 2031 5604 2247 5676; x_wconf 86' lang='lat' dir='ltr'><strong>legitur,</strong></span> <span class='ocrx_word' id='word_1_795' title='bbox 2276 5621 2376 5659; x_wconf 86' lang='lat' dir='ltr'><strong>nos</strong></span> <span class='ocrx_word' id='word_1_796' title='bbox 2411 5604 2759 5676; x_wconf 82' lang='lat' dir='ltr'><strong>suspicamur</strong></span> <span class='ocrx_word' id='word_1_797' title='bbox 2785 5609 3186 5676; x_wconf 75' lang='lat' dir='ltr'><strong>essemendum</strong></span> <span class='ocrx_word' id='word_1_798' title='bbox 3213 5604 3442 5676; x_wconf 85' lang='lat' dir='ltr'><strong>librarii,</strong></span> 
     </span>
    </p>
   </div>
   <div class='ocr_carea' id='block_1_118' title="bbox 1888 5674 3430 5747">
    <p class='ocr_par' dir='ltr' id='par_1_118' title="bbox 1888 5674 3430 5747">
     <span class='ocr_line' id='line_1_118' title="bbox 1888 5674 3430 5747; baseline -0.005 -15"><span class='ocrx_word' id='word_1_799' title='bbox 1888 5693 2010 5732; x_wconf 92' lang='lat' dir='ltr'><strong>cum</strong></span> <span class='ocrx_word' id='word_1_800' title='bbox 2039 5674 2246 5747; x_wconf 73' lang='lat' dir='ltr'><strong>primus</strong></span> <span class='ocrx_word' id='word_1_801' title='bbox 2288 5677 2391 5730; x_wconf 90' lang='lat' dir='ltr'><strong>iste</strong></span> <span class='ocrx_word' id='word_1_802' title='bbox 2421 5674 2691 5747; x_wconf 76' lang='lat' dir='ltr'><strong>genitivus</strong></span> <span class='ocrx_word' id='word_1_803' title='bbox 2729 5690 2757 5727; x_wconf 91' lang='lat' dir='ltr'><strong>a</strong></span> <span class='ocrx_word' id='word_1_804' title='bbox 2815 5674 2964 5727; x_wconf 87' lang='lat' dir='ltr'><strong>nttllo</strong></span> <span class='ocrx_word' id='word_1_805' title='bbox 3002 5674 3333 5730; x_wconf 75' lang='lat' dir='ltr'><strong>nominativo</strong></span> <span class='ocrx_word' id='word_1_806' title='bbox 3363 5689 3430 5726; x_wconf 79' lang='lat' dir='ltr'><strong>re</strong></span> 
     </span>
    </p>
   </div>
   <div class='ocr_carea' id='block_1_119' title="bbox 1886 5745 2531 5815">
    <p class='ocr_par' dir='ltr' id='par_1_119' title="bbox 1886 5745 2531 5815">
     <span class='ocr_line' id='line_1_119' title="bbox 1886 5745 2531 5815; baseline -0.009 -15"><span class='ocrx_word' id='word_1_807' title='bbox 1886 5745 2142 5815; x_wconf 85' lang='lat' dir='ltr'><strong>gulariter</strong></span> <span class='ocrx_word' id='word_1_808' title='bbox 2185 5747 2307 5799; x_wconf 90' lang='lat' dir='ltr'><strong>duci</strong></span> <span class='ocrx_word' id='word_1_809' title='bbox 2343 5745 2531 5812; x_wconf 80' lang='lat' dir='ltr'><strong>possit.</strong></span> 
     </span>
    </p>
   </div>
   <div class='ocr_carea' id='block_1_120' title="bbox 3058 5897 3132 5953">
    <p class='ocr_par' dir='ltr' id='par_1_120' title="bbox 3058 5897 3132 5953">
     <span class='ocr_line' id='line_1_120' title="bbox 3058 5897 3132 5953; baseline 0.041 -3"><span class='ocrx_word' id='word_1_810' title='bbox 3058 5897 3132 5953; x_wconf 75' lang='lat'><strong>26</strong></span> 
     </span>
    </p>
   </div>
  </div>
