4170 6480
747 395 846 462 811

1899 385 1963 448 S.
2000 378 2385 445 THEODORI
2438 378 2780 442 STUDITB

3870 378 3975 441 812

746 508 863 575 tibi;
892 514 1144 570 mentem,
1176 514 1397 572 corpus,
1428 507 1483 555 et
1517 496 1873 561 voluntatem,
1906 504 2075 557 utere,
2127 502 2189 547 ut
2211 491 2300 546 lu-

2407 480 2684 562 ραγωγίαν
2699 490 2759 544 οὐ
2779 490 2875 561 τὴν
2898 488 3166 561 τυχοῦσαν
3194 490 3416 563 ἐχούσῃ,
3433 490 3525 545 τὸν
3559 489 3724 543 κόπον
3754 487 3848 542 τοῦ
3881 507 3976 560 μο-

747 604 837 657 bet
864 597 1071 654 tantulo
1104 606 1221 658 tuo,
1269 597 1321 650 in
1361 592 1579 649 cunctis
1603 591 1955 645 obsecuturo.
1995 584 2040 642 Ο
2065 585 2303 641 admira-

748 692 872 746 bilis
903 687 1164 760 prOpositi
1201 684 1460 740 indicium
1492 683 1505 735 l
1556 693 1590 735 ο
1625 677 1979 733 mirabilioris
2021 674 2304 731 renuntia-

746 782 910 838 tionis
943 777 1359 851 argumentum!
1407 772 1572 828 Istius
1628 770 1870 840 quidem,
1925 766 2052 837 quia
2093 765 2147 819 in
2186 766 2303 835 ipso

743 873 919 928 aetatis
946 869 1101 934 llore,
1124 868 1177 921 in
1212 880 1472 937 prospero
1502 875 1759 917 successu
1819 857 2182 928 negotiorum,
2208 869 2304 925 spe

745 966 951 1034 optima
992 975 1177 1017 rerum
1213 958 1479 1026 majorum
1512 953 1814 1025 proposita,
1848 948 2053 1003 divitiis
2081 947 2303 1001 alnuen-

747 1063 913 1126 tibus,
968 1054 1422 1123 circumfulgente
1447 1051 1639 1122 gloria,
1684 1049 1900 1116 vigente
1953 1058 2204 1113 corpore,
2249 1042 2303 1097 in

744 1152 949 1223 proprii
977 1148 1189 1203 arbitrii
1218 1145 1549 1201 constitutus
1606 1142 1877 1203 libertate,
1938 1136 2130 1191 habuit
2175 1134 2308 1189 dile-

743 1244 981 1295 «tionem
1009 1254 1135 1309 erga
1188 1237 1355 1290 Deum
1417 1233 1538 1288 istis
1592 1228 1844 1285 omnibus
1915 1226 2303 1295 superiorem:

744 1334 993 1395 alterius,
1031 1330 1175 1402 quod
1233 1330 1436 1400 Optime
1490 1326 1798 1389 consultus,
1850 1335 1959 1375 non
2019 1318 2094 1372 uti
2150 1316 2304 1370 multi

746 1438 917 1488 nunc,
965 1421 1238 1484 simulate,
1272 1427 1388 1481 aut,
1422 1428 1481 1471 ut
1512 1414 1683 1485 magis
1718 1412 1936 1483 proprie
1967 1410 2157 1479 loquar
2186 1420 2305 1460 om-

746 1518 877 1570 nino
911 1529 1016 1568 non
1058 1512 1433 1569 renuntiantes
1488 1507 1709 1568 mundo,
1757 1506 1931 1559 eidem
1989 1516 2048 1556 se
2104 1514 2306 1553 renun-

747 1607 882 1660 tiare
908 1602 1185 1674 professus
1219 1602 1329 1667 sit;
1373 1597 1466 1653 sed
1501 1592 1957 1667 quemadmodum
2014 1602 2139 1642 vere
2189 1586 2304 1659 ipsa

747 1708 834 1750 res
872 1694 1056 1761 exigit.
1086 1692 1161 1745 llli
1190 1690 1479 1760 siquidem,
1514 1685 1699 1741 nescio
1741 1698 1851 1754 quo
1893 1681 2076 1744 modo,
2153 1678 2305 1732 obliti

2403 580 2567 652 ναχοῦ
2585 584 3081 652 ὑπομεμενηκέναι.
3104 583 3247 654 Πρὸς
3265 582 3365 636 ὃνό
3381 580 3475 636 τοῦ
3490 580 3724 651 Χριστοῦ
3742 580 3973 648 πύκτης·

2405 675 2591 727 Πάντα
2621 690 2723 737 σοι,
2748 668 2793 727 ὦ
2849 675 3049 746 Πάτερ,
3078 674 3402 745 ἀποδίδωμι,
3438 674 3534 728 καὶ
3562 672 3713 737 νοῦν,
3756 673 3855 727 καὶ
3881 671 3973 725 θέ-

2408 763 2578 833 λημα,
2610 765 2705 819 καὶ⁵
2741 764 2921 835 σῶμα,
2958 764 3075 835 χρῶ
3110 764 3191 836 τῷ
3216 764 3293 835 σῷ
3321 763 3508 834 οἰκέτῃ
3537 763 3613 824 ὡς
3646 763 3713 817 ἂν
3768 762 3973 832 βούλοι,

2407 855 2605 909 εῐκοντί
2640 872 2721 909 σοι
2750 855 2890 909 κατὰ
2937 856 3136 910 πάντα.
3171 851 3244 908 Ὦ
3303 853 3610 925 θαυμασίας
3663 852 3973 923 προθέσεως

2408 945 2701 1011 ἀπόδειξις,
2733 947 2828 1000 καὶ
2856 946 3303 1018 θαυμασιωτέρας
3335 948 3618 1017 ἀποταγῆς
3669 946 3974 1007 ὕπόθεσιςῑ

2406 1036 2507 1106 τῆς
2548 1037 2665 1106 μὲν,
2697 1038 2779 1090 ὃτι
2803 1038 2862 1089 ἐν
2888 1037 3035 1107 αὐτῷ
3069 1038 3147 1108 τῷ
3185 1036 3337 1092 ἄνθει
3372 1037 3475 1106 τῆς
3525 1037 3778 1107 ἡλικίας,
3811 1036 3974 1089 mh-

2409 1126 2537 1197 ῥοῦν
2564 1127 2713 1198 αὐτῷ
2736 1127 3059 1199 χωρούντων
3084 1129 3193 1183 τῶν
3218 1130 3578 1199 πραγμάτων,
3604 1128 3719 1181 τῶν
3740 1126 3977 1179 ἐλπίδων

2407 1220 2789 1289 χρηστοτέρων
2816 1218 3287 1289 ὐποδαλλομένων,
3324 1219 3555 1273 πλούτου
3584 1218 3978 1289 προκειμένου,

2406 1307 2563 1377 δόξης
2636 1308 3149 1381 ὑπαστραπτούσης,
3207 1310 3409 1381 σαρκὸς
3461 1309 3802 1380 σφριγὼσης,
3881 1310 3979 1362 καὶ

2405 1395 2579 1453 ταῦτα
2611 1402 2707 1455 σὺν
2766 1402 3152 1473 αὐτοκρατείᾳ,
3213 1402 3451 1456 νικῶσαν
3498 1402 3656 1472 ἔσχεν
3715 1399 3981 1454 ἁπάντων

2406 1491 2505 1563 τὴν
2538 1494 2617 1555 είς
2668 1493 2802 1547 Θεὸν
2835 1493 3129 1563 ἐπιθυμίαν
3152 1509 3167 1525 ’
3193 1494 3289 1563 τῆς
3312 1493 3389 1557 δέ,
3442 1493 3523 1547 ὅτι
3570 1493 3775 1561 καίπερ
3832 1490 3981 1544 οῦτω

2408 1582 2607 1653 ἄριστα
2639 1582 3083 1654 βουλευσάμενος,
3117 1584 3177 1636 οὐ
3227 1585 3368 1636 κατά
3415 1584 3542 1646 τοὺς
3592 1582 3824 1645 πολλοὺς
3868 1581 3981 1634 τῶν

2407 1673 2501 1728 νῦν
2530 1674 2898 1740 ἐπιπλάστως,
2927 1676 3253 1743 οίκειότερον
3283 1674 3340 1729 δέ
3367 1676 3567 1738 εἰπεῖν,
3586 1674 3981 1734 ἀναποτάκτως

745 1786 889 1857 quod
917 1785 1044 1839 dicit
1078 1783 1342 1837 Dominus
1376 1798 1389 1833 :
1426 1778 1531 1843 Qui
1559 1793 1661 1830 non
1717 1772 2089 1828 renuntiaverit
2135 1770 2304 1823 omni-

2406 1764 2887 1834 ἀποτασσομένων,
2917 1766 3015 1836 τὴν
3038 1764 3315 1837 ἀποταγὴν
3344 1764 3494 1819 ἔθετο
3518 1781 3534 1799 ο
3562 1764 3678 1818 ἀλλ’
3744 1764 3820 1827 ὡς
3872 1764 3981 1817 ἀπ-

746 1835 1265 1949 ηιίίοροεεὶάρε,
1300 1890 1400 1927 non
1431 1835 1592 1939 potest
1626 1884 1767 1921 meus
1794 1882 1902 1920 esse
1933 1862 2222 1933 discipulus
2248 1861 2304 1927 ²;

2411 1856 2613 1921 ἔδειξεν
2647 1857 2675 1909 ό
2702 1855 2904 1928 ἀληθὴς
2927 1835 3103 1926 λόγος.
3137 1859 3199 1910 Οἱ
3233 1835 3332 1927 μέν
3374 1857 3501 1929 γὰρ,
3547 1858 3647 1911 οὐκ
3693 1852 3792 1909 οἷδ’
3830 1857 3981 1918 ὅπως

744 1982 798 2025 et
824 1970 966 2040 quod
1000 1967 1302 2037 alibijuhet
1335 1983 1348 2017 :
1396 1962 1569 2016 Vende
1594 1960 1771 2014 omnia
1810 1973 1925 2027 qua:
1953 1955 2128 2019 habes,
2164 1963 2212 2007 et
2236 1952 2306 2005 da

747 2059 1084 2132 pauperibus,
1115 2068 1163 2112 et
1202 2056 1413 2110 habebis
1434 2056 1736 2107 thesaurum
1761 2051 1815 2103 in
1846 2049 2069 2112 caelis,et
2098 2062 2308 2115 sequere

747 2169 827 2205 me
852 2153 917 2219 ³;
952 2152 1170 2211 horum,
1205 2149 1449 2217 inquam,
1490 2143 1665 2209 obliti,
1704 2141 1805 2211 ipsi
1846 2140 1948 2194 sibi
2003 2137 2201 2206 templa
2254 2143 2308 2189 et

748 2242 1082 2299 monasteria
1110 2240 1366 2310 erigunt;
1428 2236 1621 2290 deinde
1661 2233 2015 2287 monasticam
2071 2227 2305 2298 amplexi

749 2331 1168 2403 professionem,
1214 2325 1565 2381 dominantur
1608 2322 1661 2377 in
1692 2321 1949 2390 propriis,
1990 2331 2179 2374 servos
2223 2324 2307 2369 at-

744 2440 851 2496 que
899 2419 1258 2479 substantiam
1288 2417 1496 2471 variam
1528 2423 1649 2485 post
1678 2428 1737 2468 se
1788 2412 2105 2474 trahentes;
2189 2406 2305 2462 heri

747 2516 962 2578 novitii,
1009 2523 1065 2567 et
1109 2511 1269 2566 hodie
1302 2509 1563 2571 abbates;
1606 2505 1719 2560 heri
1753 2519 1852 2559 nec
1883 2502 2059 2557 idonei
2089 2500 2303 2571 quidem

746 2609 839 2679 qui
871 2623 929 2662 se
962 2605 1260 2676 prudenter
1293 2600 1554 2670 regendos
1582 2596 1902 2668 praeberent,
1949 2595 2105 2649 hodie
2167 2592 2307 2646 alios

2408 1946 2905 2016 ἐπιλαθόμενοιωῦ
2937 1948 3143 2018 Κυρίου
3190 1947 3467 2017 λέγοντος·
3512 1949 3616 2014 ’ος
3671 1951 3785 2003 οὐκ
3832 1949 3982 2003 ἀπο»

2409 2036 2696 2092 τάσσεται
2723 2036 2873 2092 πᾶσι
2900 2036 3023 2104 τοῖς
3048 2037 3265 2091 ἑαυτοῦ
3318 2037 3723 2107 ὑπάρχουσιν,
3771 2040 3846 2091 οὐ
3873 2038 3979 2092 δύ-

2407 2129 2581 2182 ναταί
2607 2146 2725 2199 μου
2752 2124 2905 2183 εἶναι
2929 2128 3203 2197 μαθητής
3230 2145 3245 2161 ·
3278 2130 3370 2183 καὶ
3404 2127 3637 2198 ἀλλαχοῦ
3696 2130 3978 2199 προστάσ-

2411 2233 2594 2280 σοντος
2627 2234 2646 2248 σ
2705 2218 3001 2285 Πώλησόν
3030 2234 3147 2273 σου
3196 2218 3267 2272 τὰ
3316 2217 3511 2271 πάντα
3556 2217 3627 2271 τὰ
3671 2217 3979 2286 ὑπάρχον-

2408 2324 2482 2361 τα
2510 2307 2608 2361 καὶ
2633 2306 2738 2374 δὸς
2764 2308 3043 2377 πτωχοῖς,
3079 2312 3177 2363 καί
3226 2308 3382 2374 ἔξεις
3430 2308 3741 2375 θησαυρὸν
3776 2307 3849 2359 ἐγ
3879 2309 3981 2360 οὺ-

2399 2394 2611 2463 ρανοῖς
2635 2396 2730 2449 καὶ
2760 2394 2936 2465 δεῦρο
2980 2398 3295 2452 ἀκολούθει
3317 2414 3417 2466 μοι
3442 2413 3458 2429 ’
3498 2396 3807 2466 ἐγείρουσιν
3847 2397 3977 2448 tw-

2413 2489 2527 2551 τοῖς
2552 2487 2713 2551 ναούς
2742 2504 2802 2541 τε
2822 2489 2918 2541 καὶ
2947 2490 3184 2558 μοναστή
3196 2505 3307 2559 ρια,
3332 2486 3451 2544 εἷτα
3479 2489 3861 2559 ἀσπασάμενοι
3915 2488 3981 2540 τὸ

2406 2578 2756 2650 ἐπάγγελμα,
2786 2578 2893 2632 τῶν
2917 2579 3129 2633 οἰκείων
3158 2578 3381 2649 ἄρχουσί
3416 2597 3473 2633 τε
3508 2580 3601 2633 καὶ
3628 2579 3975 2650 κυριεύουσι,

747 2670 995 2770 imperite
1027 2711 1213 2764 regere
1240 2700 1666 2765 praesumentes;
1705 2689 1906 2758 quibus
1961 2686 2304 2756 praelaturam

2406 2672 2622 2734 δούλους
2644 2674 2736 2725 καὶ
2762 2672 2893 2734 ὕλας
2925 2670 3209 2743 διαφόρους
3231 2670 3632 2741 ἔπτσυράμενθίν
3651 2670 3780 2739 Χθὲς
3797 2672 3979 2741 ἀμύτΓ

747 2760 855 2848 non
908 2792 1080 2845 virtus
1110 2802 1231 2852 sua,
1277 2787 1370 2841 sed
1428 2798 1650 2837 suarum
1709 2780 2025 2834 facultatum
2078 2791 2307 2847 usurpa-

2406 2776 2486 2813 τοι
2538 2760 2631 2813 τοῦ
2687 2760 3141 2831 ἐπαγγέλματος,
3197 2761 3291 2813 καὶ
3336 2760 3573 2830 σήμερον
3627 2761 3704 2822 ὡς
3754 2760 3979 2843 παλαιοὶ

748 2884 821 2938 ιίο
856 2880 1036 2937 attulit
1073 2919 1087 2933 .
1124 2850 1373 2948 quicum
1428 2871 1613 2927 multis
1659 2868 1817 2925 annis
1859 2868 2175 2924 debuissent
2224 2866 2306 2921 di-

2408 2850 2803 2923 καθηγούμενοι
2826 2868 2839 2881 ο
2868 2852 2991 2923 χθὲς
3021 2851 3095 2923 μὴ
3126 2851 3327 2915 είδότες
3359 2851 3819 2923 χειραγωγεῖσθαι
3863 2868 3974 2919 με-

750 2990 903 3031 scere
955 2943 1229 3042 quomodo
1271 2969 1342 3023 sit
1374 2964 1661 3036 imperanti
1693 2963 2011 3034 parendum.
2048 2972 2208 3029 atque
2233 2960 2303 3012 ita

2406 2943 2473 2996 τά
2498 2943 2783 3011 συνέσεως,
2818 2944 2912 2997 καὶ
2944 2944 3182 3015 σήμερον
3201 2947 3563 3015 χειραγωγεῖν
3597 2944 3792 3006 ἄλλους
3809 2944 3979 2998 ἀπαι-

745 3066 811 3120 ad
876 3064 1118 3134 regimen
1148 3059 1375 3115 aliorum
1428 3055 1765 3122 ascendere;
1822 3064 2109 3121 antequam
2159 3052 2307 3122 prius

2406 3033 2607 3097 δεύτως
2642 3035 3059 3105 προαιρούμενοι
3088 3051 3101 3065 ⁸
3138 3029 3214 3089 ὧν
3242 3038 3401 3107 οὐχή
3435 3036 3625 3107 ἀρετὴ,
3676 3037 3709 3105 ἡ
3766 3036 3969 3107 χρῆσις

746 3154 887 3210 istud
910 3151 1220 3219 didicerint,
1266 3164 1382 3204 sese
1407 3147 1646 3217 periculo
1674 3148 1930 3216 ingerunt
1987 3143 2298 3214 posteriori,

2406 3126 2462 3178 δὲ
2484 3125 2589 3179 τῶν
2620 3126 2971 3197 ὑπαρχόντων
3016 3126 3115 3195 τὴν
3168 3126 3463 3196 ἡγεμονίαν
3504 3126 3930 3179 κατεπίστευσεν
3954 3164 3979 3190 ,

745 3256 797 3301 et
828 3244 1016 3315 quales
1050 3214 1215 3307 sunt,
1234 3240 1368 3295 tales
1398 3214 1563 3293 etiam
1598 3214 1837 3291 elficiunt
1865 3236 1969 3290 sibi
2001 3235 2297 3305 subjectos.

2406 3217 2455 3269 οἳ
2484 3219 2695 3280 πολλοῖς
2725 3217 2901 3270 ἐτεσιν
2926 3214 3233 3284 ὀφείλοντες
3265 3216 3532 3286 ἐκμαθεῖν
3564 3216 3746 3279 καλῶς
3781 3216 3843 3268 τὸ
3868 3216 3971 3284 άρο

745 3340 841 3391 Ast
874 3336 1007 3405 ipse,
1032 3341 1314 3403 postquam
1348 3329 1546 3384 sarculo
1559 3343 1683 3382 vere
1711 3328 2096 3391 renuntiasset,
2120 3333 2301 3381 osten—

2406 3307 2617 3379 χεσθαι,
2657 3304 2756 3361 εἷθ’
2786 3308 2960 3373 οὕτως
2987 3310 3081 3363 ἐπὶ
3104 3309 3166 3363 τὸ
3189 3308 3379 3378 ἄρχειν
3428 3309 3656 3371 ἀνιέναι,
3710 3308 3815 3379 πρὸ
3871 3306 3973 3376 τῆς

746 3428 827 3481 dit
863 3398 1228 3480 obedientiam
1285 3420 1503 3474 minime
1534 3417 1767 3472 fucatam
1796 3418 1965 3472 fuisse
2006 3434 2019 3469 :
2048 3415 2302 3486 praecedit

2406 3399 2601 3471 πείρας
2651 3403 2743 3453 τοῦ
2774 3403 3046 3473 προτέρου
3077 3399 3427 3463 ἐπικινδύνως
3454 3400 3547 3453 τοῦ
3578 3398 3829 3470 δευτέρου
3855 3400 3973 3451 ἐπι-

746 3519 892 3574 enim
950 3518 1185 3587 primum
1222 3512 1485 3573 secundo,
1520 3510 1665 3563 sicut
1701 3508 1878 3577 fulgur
1926 3508 2186 3567 tonitruo,
2249 3514 2301 3558 et

2406 3490 2790 3560 λαμϐάνοντες,
2852 3493 3123 3555 τοιούτους
3198 3490 3636 3562 ἀπεργαζόμενοι
3684 3492 3813 3552 τοὺς
3868 3489 3973 3541 ὑπὸ

746 3608 938 3665 lucifer
968 3606 1069 3662 soli
1100 3604 1385 3659 exorienti.
1416 3602 1547 3654 Nam
1574 3600 1665 3671 qui
1700 3599 1900 3654 sreculo
1928 3598 2062 3651 bene
2102 3612 2305 3651 renun-

2407 3581 2613 3649 χεῖρας,
2642 3574 2743 3633 οἷοι
2776 3581 3046 3635 καῖεἱσίν.
3111 3580 3170 3634 Ὀ
3223 3580 3281 3634 δὲ
3331 3580 3515 3651 ἐπειδὴ
3568 3580 3827 3649 ἀληθινὴν
3876 3579 3973 3649 τὴν

746 3698 981 3762 tiaverit,
1015 3699 1221 3751 clarum
1262 3704 1345 3748 est
1372 3692 1513 3761 quod
1539 3691 1700 3745 etiam
1732 3691 1865 3744 bene
1899 3690 2110 3743 obediet
2144 3707 2157 3742 :
2212 3689 2304 3759 qui

2406 3671 2685 3742 ἁποταγὴν
2718 3673 3028 3743 ἐποιήσατο,
3063 3672 3349 3726 ἀνόθευτον
3401 3672 3497 3725 καὶ
3544 3672 3640 3741 τὴν
3693 3672 3975 3740 ὑποταγὴν

748 3809 876 3850 vero
930 3795 983 3848 in
1033 3794 1204 3846 altero
1242 3790 1461 3859 oblique
1512 3786 1817 3849 incesserit,
1847 3787 1900 3839 iu
1960 3785 2130 3840 altero
2166 3800 2305 3855 quo-

2406 3763 2677 3816 δείκνυσιν
2710 3766 2845 3817 ’καὶ
2902 3765 3012 3835 γὰρ
3066 3766 3388 3836 προηγεῖται
3458 3761 3553 3815 τοῦ
3612 3763 3867 3832 δευτέρου
3912 3764 3974 3815 τὸ

749 3901 855 3956 que
883 3884 1187 3939 certissime
1215 3888 1299 3936 est
1329 3878 1761 3934 claudicaturus.

2406 3856 2689 3926 πρότερον,
2758 3856 2833 3920 ὡς
2906 3858 3159 3928 ἀστραπὴ
3221 3856 3465 3928 βροντῆς,
3526 3856 3619 3909 καὶ
3698 3854 3973 3926 ἑωσφόρος

2400 3947 2553 4017 ⁴ἡλίου
2616 3947 2923 4018 ἀνίσχοντος
2952 3965 2966 3979 ⁸
2999 3951 3028 4002 ό
3096 3949 3203 4019 γὰρ
3284 3950 3483 4019 ἄριστα
3539 3945 3973 4018 ἀποταξάμενος,

752 4044 952 4114 ἄριστα
1018 4040 1217 4111 δηλαδὴ
1263 4038 1357 4093 καὶ
1383 4037 1784 4108 ὑποταγήσεται
1806 4052 1822 4065 ’
1852 4039 1879 4090 ὁ
1904 4036 1960 4089 δὲ
2006 4035 2125 4090 καθ’
2148 4036 2411 4108 ἑκάτερον
2446 4041 2767 4109 σκολιὼσας,
2808 4044 2906 4097 καὶ
2938 4045 2995 4098 ἐν
3048 4044 3260 4115 θατέρῳ
3284 4044 3526 4115 δηλονότι
3578 4042 3921 4112 χωλανείται.

823 4137 911 4190 tl).
944 4135 1080 4189 Sunt
1111 4141 1289 4187 autem
1339 4131 1557 4187 virtutis
1591 4129 1849 4186 exercitia
1881 4129 2072 4196 multa,
2135 4130 2301 4185 absti-

2480 4133 2531 4187 t'.
2566 4136 2742 4191 Πολλά
2772 4138 2869 4207 μὲν
2894 4133 2987 4190 οὖν
3019 4137 3087 4191 τὰ
3132 4138 3252 4191 κατ’
3304 4135 3503 4206 ἀρετὴν
3564 4136 3969 4205 ἐπιτηδεύματα

751 4227 945 4281 nentiae
993 4224 1332 4289 extenuatio.
1390 4223 1569 4277 somni
1627 4222 1880 4292 parcitas,
1939 4221 2298 4293 laerymarum

2406 4224 2731 4294 ἐγκρατείας
2763 4227 3080 4298 κατάτηξις,
3113 4227 3421 4298 ἀγρυπνίας
3487 4226 3665 4297 νῆψις,
3718 4226 3971 4298 δακρύων

748 4318 1051 4381 cvacuatio,
1084 4317 1348 4371 orationis
1382 4314 1655 4379 alacritas,
1689 4313 2149 4368 bumicubationis
2185 4327 2301 4367 mo-

2406 4317 2655 4381 κένωσις,
2737 4319 2902 4390 εὐχῆς
2961 4319 3251 4391 πτέρωσις,
3314 4319 3608 4391 χαμευνίας
3672 4317 3965 4388 σύνθλιψις,

748 4408 930 4474 lestia,
974 4409 1197 4461 restitns
1228 4406 1432 4468 vilitas,
1493 4420 1752 4460 manuum
1809 4404 2069 4474 operatio,
2139 4419 2302 4473 genu-

2406 4404 2631 4475 ἐσθῆτος
2707 4406 2974 4473 εὐτέλεια,
3057 4408 3252 4481 χειρῶν
3298 4410 3562 4481 ἐργασία,
3613 4410 3972 4478 γονυκλισιῶν

748 4502 1042 4556 flexionum
1104 4499 1428 4569 frequentia,
1466 4499 1655 4553 mortis
1705 4497 2007 4560 meditatio,
2073 4496 2304 4566 psalmo-

2408 4496 2705 4568 πυκνότης,
2766 4499 2961 4572 μελέτη
3038 4499 3289 4569 θανάτου,
3352 4502 3671 4573 ψαλμῳδίας
3729 4504 3963 4565 εὐτονία,

747 4594 849 4648 diae
906 4593 1237 4655 assiduitas,
1290 4590 1686 4659 perseverantia
1757 4589 2033 4643 stationis.
2098 4587 2300 4642 llorum

2408 4587 2651 4652 στάσεως
2680 4594 2944 4663 καρτερία
2976 4611 2993 4624 ·
3018 4594 3173 4646 οὐδὲν
3206 4594 3263 4646 δέ
3295 4593 3534 4647 τοιοῦτον
3572 4594 3649 4664 τῷ
3678 4595 3967 4649 ὑποτακτι-

751 4696 930 4738 tamen
960 4685 1206 4737 Omnium
1241 4682 1376 4735 nihil
1407 4683 1480 4736 ita
1510 4680 1878 4735 necessarium
1912 4680 1959 4733 ei
1991 4681 2082 4749 qui
2116 4681 2301 4734 subest

750 4786 914 4846 atque
956 4776 1271 4830 exercitium
1299 4775 1523 4829 sincera:
1554 4772 1921 4828 confessionis
1953 4781 2007 4826 et
2054 4772 2303 4843 perfecta:

748 4864 1119 4918 obedientiaz:
1179 4864 1379 4932 quibus
1440 4863 1777 4917 illuminatur
1831 4862 2029 4927 anima,
2076 4861 2303 4915 mortifi—

749 4962 903 5006 catur
954 4950 1225 5016 voluntas,
1261 4961 1315 5005 et
1376 4952 1613 5023 perfecta
1666 4950 1936 5005 obtiuetur
1990 4950 2300 5019 conjunctio

748 5041 866 5109 ejus
894 5042 987 5110 qui
1023 5041 1372 5110 spiritualiter
1404 5040 1643 5096 nascitur
1690 5056 1812 5095 cum
1846 5054 1911 5093 eo
1966 5040 2054 5107 qui
2108 5042 2297 5111 gignit.

750 5136 867 5189 Duo
904 5136 1016 5188 haec
1058 5136 1267 5189 caeteris
1297 5135 1548 5188 omnibus
1576 5150 1679 5188 non
1708 5132 2021 5202 praeferens,
2051 5134 2298 5187 inﬁrmus

749 5228 812 5281 ad
847 5226 1202 5280 obedientiam
1233 5225 1373 5290 erit;
1407 5236 1567 5294 atque
1600 5226 1669 5279 ita
1700 5240 1793 5293 per
1846 5239 1964 5292 quae
2022 5225 2302 5279 videbatur

750 5317 977 5372 salutem
1015 5317 1309 5385 consequi,
1364 5317 1632 5370 illusionis
1681 5315 1981 5384 subjacebit
2040 5316 2299 5384 periculo.

754 5401 961 5456 Etenim
994 5402 1216 5471 jejunia,
1257 5403 1541 5474 vigilias,et
1564 5404 1822 5472 quidquid
1859 5404 2122 5471 ejusmodi
2156 5406 2299 5458 aliud

750 5504 872 5558 est;
908 5493 1203 5546 secundum
1254 5509 1313 5548 se
1374 5495 1591 5563 quidem
1633 5494 1918 5548 laudabilia
1969 5506 2137 5561 sunt;
2193 5511 2297 5549 non

754 5592 927 5636 tamen
961 5584 1132 5648 utilia,
1170 5585 1259 5638 sed
1291 5584 1355 5638 ad
1390 5586 1593 5653 lapsum
1628 5585 1959 5648 iuducentia,
1992 5586 2037 5638 ei
2062 5586 2149 5656 qui
2179 5601 2302 5653 pIO-

750 5674 866 5742 prio
893 5674 1116 5729 arbitrio
1128 5677 1323 5745 agitur,
1346 5679 1445 5731 nisi
1462 5676 1879 5747 praesidisduetu
1902 5686 1953 5733 et
1974 5678 2154 5747 regula
2173 5678 2301 5733 diri-

822 5791 841 5820 ’
864 5787 995 5844 Luc.
1020 5793 1235 5859 xrv,‘55.
1311 5793 1331 5825 '
1363 5792 1493 5848 Luc.
1530 5809 1683 5861 mu,
1716 5792 1804 5846 22.

2410 4678 2509 4750 κῷ,
2547 4675 2659 4734 οἷον
2680 4683 2740 4735 τὸ
2775 4686 2895 4737 κατ’
2926 4684 3280 4757 ἐξαγόρευσιν
3306 4686 3616 4756 ἀγώνισμα,
3643 4691 3737 4739 καὶ
3759 4686 3823 4741 τὸ
3844 4688 3961 4741 καθ’

2410 4774 2655 4843 ὑπακοὴν
2690 4776 3040 4848 κατόρθωμα,
3072 4778 3138 4830 δι’
3160 4770 3233 4831 ὧν
3263 4779 3410 4848 ψυχὴ
3437 4778 3730 4849 φωτίζεται
3752 4782 3847 4832 καὶ
3890 4798 3963 4833 νε-

2409 4863 2633 4933 κροῦται
2668 4866 2898 4937 θέλημα,
2940 4869 3031 4922 καὶ
3056 4869 3303 4940 ὁλοτελὴς
3337 4870 3632 4938 είσοίκησις
3672 4869 3766 4923 τοῦ
3802 4887 3962 4924 πνευο

2410 4957 2651 5024 ματικὼς
2680 4960 3079 5029 γεγεννημένου
3117 4962 3250 5031 πρὸς
3278 4961 3367 5014 τὸν
3394 4962 3761 5031 γεγεννηκότα
3814 4964 3961 5032 ἐγγί-

2408 5063 2577 5100 νεται.
2627 5047 2684 5100 '0
2718 5049 2823 5119 γὰρ
2875 5050 2949 5118 μὴ
2984 5048 3153 5103 ταῦτα
3200 5050 3308 5104 τῶν
3352 5050 3524 5104 ἄλλων
3596 5052 3956 5122 προτιμήσας,

2409 5139 2603 5209 σαθρὸς
2642 5140 2775 5209 πρὸς
2804 5142 3080 5212 ὑποταγὴν
3127 5143 3473 5207 καθίσταται,
3502 5143 3594 5197 καὶ
3618 5142 3685 5195 δι’
3715 5139 3789 5196 ὧν
3819 5144 3962 5196 δοκεῖ

2408 5228 2679 5298 σωτηρίας
2710 5230 2946 5300 ἔχεσθαι,
2977 5233 3194 5302 ἀπάτης
3249 5233 3541 5301 ὑφίσταται
3595 5233 3837 5305 ὄλεθρον.
3890 5236 3959 5287 Τὸ

2408 5322 2517 5391 γὰρ
2550 5322 2814 5391 ἐγκρατὲς
2846 5324 2939 5376 καὶ
2962 5326 3257 5395 ἄγρυπνον,
3294 5327 3385 5379 καὶ
3442 5326 3617 5379 ὁτιοῦν
3674 5325 3800 5380 ἄλλο
3854 5327 3958 5379 τῶν

2409 5414 2820 5482 προειρημένων
2845 5416 3303 5485 κατορθωμάτων,
3332 5418 3465 5471 αὐτὸ
3494 5418 3591 5488 μὲν
3619 5418 3741 5470 καθ’
3801 5419 3956 5470 ἑαυτὸ

2408 5505 2685 5557 ἐπαινετὸν
2714 5506 2830 5575 δοίη
2862 5523 2942 5568 τις
2974 5502 3132 5571 εἶναι,
3160 5510 3269 5561 οὐδ’
3299 5510 3363 5562 ἂν
3409 5510 3464 5563 δὲ
3519 5512 3600 5580 εῐη
3664 5509 3953 5571 λυσιτελὲς,

2411 5594 2607 5665 μᾶλλον
2645 5595 2743 5665 μὲν
2770 5593 2863 5650 οὖν
2892 5599 2985 5650 καὶ
3011 5597 3267 5663 πτώσεως
3306 5601 3479 5653 αἴτιον
3507 5599 3583 5670 τῷ
3638 5598 3954 5668 ίδιορύομως

2409 5688 2720 5757 πράττοντι,
2758 5691 2804 5743 εί
2844 5690 2918 5761 μὴ
2942 5690 3177 5762 γνώμονι
3213 5693 3306 5747 καὶ
3332 5693 3517 5749 κανόνι
3544 5690 3637 5747 τοῦ
3690 5694 3960 5761 καθηγου-
