4170 6486
191 397 294 460 813

885 408 1164 471 ORATIO
1200 413 1303 472 XI.
1335 439 1401 450 -
1430 413 1808 476 LAUDATIO
1836 414 1895 473 S.
1944 413 2309 474 PLATONIS
2343 414 2776 478 HEGUMENI.

3336 423 3440 487 814

192 513 357 582 μένου
393 517 738 586 περαίνοιτο,
767 519 904 573 ὥστε
930 523 958 573 6
986 523 1084 593 τὴν
1109 523 1459 595 ὲξαγόρευσιν
1510 528 1628 598 μεθ’
1674 528 1778 581 ὑπ·

1883 538 2082 597 gatur:
2123 526 2216 582 sed
2241 527 2331 597 qui
2360 527 2692 583 confessioni
2745 536 2799 584 et
2859 527 3181 583 obedientire
3235 530 3436 592 studet,

188 606 365 675 ακοῆς
398 605 683 677 ὲξασκῶν,
712 611 777 664 τά
805 612 1055 684 δευτέρια
1083 619 1194 681 τοῖς
1238 619 1416 684 ἄλλοις
1443 620 1676 686 δίδωσιν,
1721 623 1778 674 ὲν

187 703 303 766 τοῖς
330 703 463 756 δυσὶ
495 705 571 758 τὰ
611 707 786 760 πάντα
815 708 1158 778 περικλείων.

262 792 358 847 ια’.
402 794 603 849 Ταῦτα
625 799 652 850 6
682 797 951 868 μακάριος
979 798 1055 862 ὠς
1081 801 1180 854 οὐκ
1209 796 1306 854 οἷδ’
1358 804 1514 866 εἴτις
1545 803 1652 855 τῶν
1681 803 1777 855 ἄλ-

187 883 298 936 λων
329 885 824 958 ἀφοσιωσάμενος,
860 891 1026 959 καλὴν
1054 892 1154 962 τὴν
1206 893 1361 962 βάσιν
1394 895 1650 965 πήγνυσι,
1682 893 1777 947 καὶ

189 971 285 1027 ἐπὶ
310 979 499 1050 ταύτῃ
526 980 742 1050 ἀσφαλῆ
797 981 896 1052 τὴν
924 984 1205 1054 οἰκοδομὴν
1249 985 1564 1056 πεποίηται,
1604 986 1778 1039 πάντα

187 1065 464 1139 λογισμὸν
478 1071 885 1142 ἀνατιθέμενος,
917 1075 1010 1127 καὶ
1046 1075 1222 1129 πάντα
1248 1077 1371 1130 καθ’
1403 1077 1648 1148 ὑπακοὴν
1666 1079 1779 1132 δια-

187 1161 604 1230 πραττόμενος,
639 1164 731 1216 καὶ
761 1163 847 1218 διὰ
873 1163 1063 1228 ταῦτα,
1098 1165 1382 1236 Γραφικῶς
1407 1168 1578 1220 εἰπεῖν
1599 1207 1614 1232 ,
1643 1170 1779 1235 ἀγα-

189 1248 457 1319 πώμενος
517 1254 576 1304 έν
621 1253 896 1323 προσώπῳ
938 1255 1148 1324 Πατρὺς
1174 1255 1358 1310 αὑτοῦ.
1421 1257 1635 1309 Γίνεται
1687 1255 1778 1312 οὖν

193 1343 424 1412 ἀδάμας
455 1347 525 1413 τῇ
558 1345 848 1416 καρτερίᾳ,
877 1344 1179 1415 περιδέξιος
1218 1349 1285 1417 τῇ
1337 1346 1604 1418 διακονίᾳ,
1663 1348 1778 1401 δια--

192 1432 442 1503 λάμπων
480 1434 580 1504 μὲν
627 1436 686 1487 ὲν
737 1434 951 1497 πολλοῖς
995 1435 1296 1499 συνάθλοις,
1356 1431 1431 1490 ὧν
1466 1437 1527 1490 ού
1591 1439 1779 1509 πόρρω

191 1526 478 1592 ἀφίστατο
511 1524 652 1579 κατὰ
683 1525 781 1596 τὴν
808 1525 1174 1597 κοινοϐιαῖκὴν
1205 1527 1368 1599 ζωὴν,
1401 1528 1507 1600 ίδίᾳ
1548 1529 1604 1582 δὲ
1660 1531 1778 1599 μεθ’

193 1618 316 1680 ἑνὸς
368 1618 682 1688 όμοτρόπου
739 1618 1168 1688 ὐποταττόμενος
1239 1620 1365 1673 καθ’
1424 1622 1650 1692 ἡσυχίαν
1701 1624 1780 1695 τῷ

191 1711 528 1779 ἀειμνήστῳ
563 1709 886 1780 Θεοκτίστῳ,
920 1711 1010 1763 καὶ
1042 1714 1115 1782 πῆ
1171 1712 1269 1782 μὲν
1320 1713 1455 1765 οἴκοι
1508 1714 1779 1784 σχολάζων

193 1798 276 1867 πῆ
309 1798 369 1851 δὲ
403 1802 474 1870 τῇ
505 1799 771 1870 κοινότητι
823 1800 1233 1871 συνερχόμενος,
1267 1801 1324 1854 ἐν
1354 1819 1412 1855 τε
1441 1802 1780 1875 ψαλμῳδίαις

189 1892 528 1960 διατροφαίς
555 1907 613 1943 τε
646 1893 738 1944 καὶ
765 1891 1070 1962 ἐργασίαις,
1119 1894 1212 1945 καὶ
1232 1886 1342 1946 οἷον
1371 1896 1544 1949 εἰπεῖν
1599 1897 1777 1962 κοινός

190 1996 253 2032 τε
290 1981 393 2033 καὶ
425 1979 700 2044 ἐπίκοινος
731 1981 1012 2050 γινόμενος
1041 1982 1134 2034 καὶ
1165 1981 1384 2053 μέτριος
1409 1984 1550 2038 κατὰ
1578 1986 1772 2040 πάντα.

193 2078 271 2128 Οὐ
321 2079 466 2148 γάρ,
510 2078 696 2149 ἐπειδὴ
757 2077 982 2148 εὐγενὴς
1015 2078 1077 2130 τὸ
1130 2077 1273 2131 κατά
1309 2079 1508 2151 σάρκα,
1540 2079 1778 2150 ἀπετρα-

193 2168 401 2240 χύνετο
427 2170 544 2232 τοῖς
600 2168 1009 2240 ἀγροικοτέροις
1097 2169 1545 2240 συνδιαιτώμενος
1577 2186 1594 2205 ο
1657 2169 1778 2224 οὐδὲ

193 2260 395 2331 ἐπειδὴ
445 2260 834 2332 ὲξυπηρετεῖτο
883 2262 1014 2330 παρ’
1042 2261 1268 2313 οίκετῶν
1328 2262 1615 2332 πρότερον,
1679 2262 1778 2326 τὰς

192 2351 543 2422 ἀτιμοτέρας
612 2350 1011 2422 ἐγχειρίζεσθαι
1093 2353 1368 2416 διακονίας
1439 2351 1773 2417 ὲξενοπάθει.

194 2444 518 2514 Τοιγαροῦν
548 2443 642 2496 καὶ
675 2443 878 2514 κόπρον
939 2444 1032 2494 ἐπὶ
1091 2442 1256 2514 ὤμων
1314 2444 1633 2516 ἐπεφέρετο,
1683 2444 1779 2498 καὶ

196 2533 387 2604 χῶρον
421 2533 670 2604 ἀρδεύειν
701 2534 1123 2603 προσετάττετο,
1175 2533 1270 2586 καὶ
1325 2534 1529 2605 ἄλευρα
1586 2535 1779 2606 φύρειν

196 2623 480 2694 ἠνείχετο,
503 2625 597 2676 καὶ
625 2623 794 2678 ταῦτα
821 2624 959 2693 μετὰ
979 2623 1073 2676 τοῦ
1106 2624 1342 2694 γράφειν
1398 2623 1536 2695 τόνῳ
1596 2623 1778 2696 πολλῷ

199 2717 298 2779 καὶ
360 2715 653 2786 ἐπιμελείᾳ
682 2716 971 2786 κρατίστῃ.

273 2879 368 2957 qs".
395 2887 584 2941 Βούλει
619 2887 808 2958 μαθεῖν
828 2888 1092 2960 καὶέτερα
1126 2890 1371 2961 ὑπακοῆς
1400 2892 1778 2963 ἀριστεύματα

203 2970 480 3047 έγγύθενς
527 2978 586 3031 ὐ
624 2980 886 3049 πράκτωρ
939 2979 1044 3032 τῶν
1072 2981 1510 3052 κατορθωμάτων
1542 2984 1777 3047 ,ὠνειδί-

206 3069 335 3132 ζετο
359 3073 508 3141 παρὰ
535 3069 628 3123 τοῦ
683 3070 892 3140 Πατρὶις
921 3071 1016 3124 ἐπὶ
1047 3073 1315 3144 παρουσίᾳ
1347 3073 1532 3139 ξένων,
1564 3075 1658 3129 καὶ
1703 3076 1778 3138 ὡς

1880 630 2074 675 caetera
2104 621 2157 674 iu
2183 621 2440 677 secundis
2462 620 2686 688 habens,
2715 620 3118 676 omniaduobus
3146 622 3266 678 istis
3298 638 3438 677 conii-

1879 712 2190 781 prehendet.

1951 799 2192 857 11.11am
2234 802 2425 857 beatus
2470 803 2590 868 iste,
2625 803 2671 858 si
2704 803 2826 873 quis
2856 804 3016 867 alius,
3065 819 3284 866 curans,
3345 819 3437 874 op—

1881 894 2071 947 timum
2094 893 2221 962 jecit
2253 893 2688 960 fundamentum,
2722 896 2882 965 eique
2949 897 3184 952 solidum
3241 911 3436 966 super-

1879 985 2469 1051 exstruxitaedilicium,
2502 1000 2718 1040 omnem
2744 1002 2898 1042 suam
2924 987 3309 1058 c0gitationem
3339 987 3439 1040 ab-

1875 1078 2089 1146 jiciens,
2115 1087 2167 1132 et
2194 1080 2374 1132 omnia
2399 1078 2694 1133 secundum
2737 1077 3100 1132 obedientiam
3121 1092 3284 1147 agens
3313 1094 3326 1130 :
3369 1077 3438 1132 ob

1882 1171 2042 1240 idque
2074 1170 2304 1226 dilectus
2339 1172 2393 1224 in
2427 1178 2724 1240 conspectu
2765 1170 2938 1224 Patris
2963 1170 3069 1235 sui,
3139 1179 3198 1222 ut
3255 1169 3434 1238 phrasi

1880 1262 2174 1332 Scriptura:
2213 1271 2354 1316 utar.
2378 1262 2504 1317 Fuit
2533 1272 2713 1318 autem
2757 1264 2809 1317 in
2836 1262 3132 1316 tolerandis
3160 1261 3438 1316 laboribus

1883 1354 2295 1417 adamantinos,
2324 1354 2517 1409 dexter
2539 1355 2592 1408 in
2624 1355 2843 1425 agendis
2870 1355 3052 1418 rebus,
3089 1362 3141 1408 et
3170 1353 3306 1408 inter
3327 1368 3441 1406 cer-

1881 1446 2142 1500 taminum
2179 1446 2356 1501 socios
2381 1446 2580 1500 multos
2607 1446 2921 1516 praecellens
2956 1463 2969 1499 :
3005 1460 3034 1498 a
3054 1444 3252 1514 quibus
3275 1444 3438 1498 etiam

1880 1536 2059 1604 quoad
2092 1535 2476 1591 ccenobiticam
2532 1535 2719 1600 vitam,
2774 1533 2917 1588 haud
2956 1533 3113 1602 longe
3179 1533 3438 1596 distabat,

1881 1627 2109 1680 seorsim
2139 1624 2339 1695 degens
2366 1639 2488 1680 eum
2519 1640 2628 1680 uno
2653 1625 2887 1695 quodam
2915 1624 3019 1680 sibi
3053 1624 3297 1678 moribus
3352 1623 3435 1678 si-

1881 1712 2016 1767 mili.
2048 1713 2237 1776 Porro,
2289 1715 2443 1782 juxta
2507 1713 2830 1768 reclusionis
2930 1725 3204 1774 normam,
3258 1711 3440 1779 subje-

1882 1814 2003 1861 ctus
2035 1805 2111 1874 (7)
2141 1815 2258 1859 erat
2288 1820 2567 1874 nunquam
2619 1805 2754 1859 satis
2786 1802 3055 1858 laudando
3103 1801 3434 1862 'l‘heoctisto,

1882 1897 2106 1952 nuncin
2135 1897 2265 1951 cella
2294 1912 2413 1952 sese
2447 1896 2774 1961 exercendo,
2817 1911 2961 1951 nunc
3019 1896 3072 1950 in
3129 1895 3438 1950 communi-

1882 1996 1992 2043 tate
2020 1985 2264 2043 vacaudo
2317 1987 2664 2058 psalmodiis,
2720 1986 3004 2044 refectioni
3067 1986 3335 2056 corporis,
3383 1996 3439 2040 et

1881 2093 2138 2133 manuum
2167 2078 2374 2144 labori;
2405 2077 2900 2148 communiterque,
2940 2077 3109 2132 utsic
3147 2077 3345 2143 dicam,
3383 2087 3438 2132 et

1880 2169 2186 2238 promiscue
2209 2169 2412 2233 vivens,
2444 2169 2498 2223 in
2525 2169 2780 2224 omnibus
2805 2184 2862 2224 se
2892 2169 3173 2224 moderate
3194 2169 3435 2239 gerebat.

1879 2258 1996 2313 Non
2028 2261 2172 2315 enim
2207 2259 2334 2330 quia
2365 2258 2565 2314 nobilis
2603 2267 2722 2314 erat
2747 2259 3045 2314 secundum
3067 2274 3307 2324 carnem,
3348 2275 3438 2313 as-

1879 2349 2063 2419 perior
2100 2357 2363 2405 eratcum
2393 2349 2778 2405 rusticioribus
2801 2365 3160 2415 conversans;
3189 2364 3289 2404 nec
3309 2350 3438 2419 quia

1880 2439 2030 2510 prius
2063 2440 2296 2495 habebat
2333 2439 2570 2496 famulos
2622 2441 2822 2497 inultos
2875 2442 2977 2497 sibi
3040 2441 3439 2504 ministrantes,

1879 2531 2271 2601 dedignabatur
2305 2532 2497 2586 viliora
2532 2533 2809 2602 suscipere
2842 2531 3144 2588 ministeria
3176 2549 3190 2586 :
3222 2532 3352 2602 quin
3386 2540 3438 2586 et

1881 2625 2066 2678 limum
2099 2623 2304 2679 ferebat
2342 2615 2578 2680 humeris
2600 2633 2654 2679 et
2680 2640 2865 2696 agrum
2884 2625 3108 2695 irrigare
3129 2623 3436 2694 jubebatur,

1880 2723 1935 2769 et
1962 2714 2195 2769 farinam
2219 2714 2508 2785 subigebat
2525 2716 2812 2784 patienter,
2841 2725 2895 2769 et
2925 2715 3282 2770 nihilominus
3307 2713 3440 2770 aeri-

1882 2806 2044 2860 bebat
2075 2807 2246 2860 multo
2273 2821 2400 2861 cum
2440 2807 2618 2862 studio
2644 2821 2707 2862 ae
2745 2806 3048 2878 diligentia.

1951 2897 2037 2951 lii.
2074 2896 2192 2952 Viu’
2217 2898 2382 2952 etiam
2411 2898 2550 2952 alias
2597 2898 2718 2967 ejus
2770 2899 3001 2953 virtutes
3034 2898 3265 2959 discere,
3310 2895 3442 2950 obe-

1880 2989 2098 3043 dientize
2133 2989 2455 3059 proximas?
2481 2987 2674 3044 Omnia
2704 2997 2848 3044 recte
2875 2987 3096 3052 faciens,
3148 2987 3440 3057 reprehen-

1879 3082 2110 3137 debatur
2134 3095 2319 3136 coram
2359 3080 2703 3150 hospitibus;
2769 3089 2823 3135 et
2874 3079 3040 3135 veluti
3094 3079 3138 3134 si
3190 3079 3441 3132 laudatus

206 3161 496 3231 εὐφημίαν
537 3160 844 3231 δεχόμενος,
877 3162 1169 3233 ἀκλόνητος
1200 3164 1450 3234 διέμενεν
1479 3169 1506 3220 6
1565 3167 1779 3219 εὐκλεέ-

1885 3169 2100 3235 fuisset,
2135 3170 2516 3239 perseverabat
2561 3172 2840 3234 immotus,
2869 3170 2951 3224 vir
2977 3168 3135 3224 laude
3187 3165 3443 3237 dignissi-

201 3260 412 3316 ’στατος
434 3268 449 3282 °
490 3253 929 3321 ύπανεγίνωσκεν
958 3254 1250 3323 ἀξιολόγως
1281 3245 1337 3308 έν
1372 3249 1506 3309 ώσὶν
1556 3257 1781 3325 άδελφό·

209 3361 398 3415 τητος,
427 3343 520 3397 καὶ
545 3342 620 3406 ώς
656 3345 804 3416 παρα
828 3345 984 3413 λόγον
1014 3348 1281 3415 ἀναγνοὺς
1310 3348 1782 3420 ὲπιπληττόμενος

211 3434 567 3504 ὑπέπτησσεν
593 3438 621 3488 6
670 3436 1142 3507 ὲμφρονέστατος’
1202 3437 1520 3512 δουλογενὴς
1565 3431 1782 3494 ἀκούων

213 3527 359 3581 κατὰ
415 3528 763 3597 ἀστειασμὸν,
801 3530 902 3598 τὴν
928 3531 1172 3602 κεφαλὴν
1213 3533 1506 3586 κατένευεν
1541 3525 1782 3604 συνερῶν

213 3615 293 3688 τῷ
329 3617 526 3689 Πατρὶ,
555 3622 583 3672 6
613 3620 837 3692 εὐγενὴς
891 3620 1059 3685 ὅντως
1117 3621 1215 3676 σὺν
1259 3625 1324 3694 τῇ
1379 3623 1524 3696 ψυχῇ
1570 3625 1664 3678 καὶ
1705 3611 1783 3693 τῷ

215 3709 435 3780 σώματι
471 3726 485 3740 ο
522 3709 785 3774 πολύτλας
817 3711 891 3766 ὢν
935 3714 994 3765 ὲν
1027 3712 1105 3782 τῷ
1161 3715 1458 3786 έργοχείρῳ
1515 3717 1608 3769 καὶ
1651 3715 1780 3768 πολ-

217 3799 284 3851 λὰ
316 3800 696 3870 ποριζόμενος,
753 3790 829 3866 ώς
889 3803 1053 3874 μηδὲν
1106 3806 1394 3876 εἰσφέρων·
1441 3807 1643 3876 ἄτυφος
1699 3809 1782 3860 ὅτι

217 3891 457 3960 μάλιστα
485 3892 746 3962 διείρχετο
771 3893 799 3946 ό
828 3893 1132 3965 φιλομαθής
1148 3912 1205 3948 τε
1236 3896 1330 3948 καὶ
1352 3896 1617 3965 φιλόθεος,
1645 3899 1780 3951 ἀπο-

216 3985 574 4054 πεμπόμενος
610 3985 747 4056 μετά
793 3987 1152 4057 γονυπέτησιν
1205 3989 1357 4058 παρὰ
1425 3988 1519 4042 τού
1545 3990 1779 4058 Πατρός,

215 4072 292 4137 ώς
347 4076 441 4128 ἐπὶ
484 4079 543 4130 τὸ
574 4075 705 4129 αὐτὸ
736 4076 1156 4147 ὲμπεμπτωκὼς
1214 4079 1290 4149 τῷ
1341 4079 1639 4150 σφάλματι,
1683 4081 1782 4133 οὑκ

217 4166 642 4236 ἁπηυθαδίαζεν,
673 4166 786 4221 ἀλλ’
835 4167 1101 4237 ἐπέμενεν
1151 4169 1375 4234 ἐξαιτῶν
1440 4169 1539 4241 τὴν
1570 4168 1781 4237 συγχώ-

221 4274 380 4328 ρησιν
426 4260 455 4312 6
506 4259 946 4330 θαυμασιώτατος
972 4275 986 4290 ο
1036 4259 1236 4329 ἠτόνει,
1286 4261 1344 4314 τὸ
1373 4261 1434 4331 δὴ
1471 4262 1779 4331 λεγόμενον,

217 4351 246 4401 6
292 4349 432 4402 κατά
496 4352 692 4420 πεῖραν
749 4350 1012 4404 σκώπτων
1059 4352 1152 4403 καὶ
1205 4352 1506 4421 διασύρων,
1562 4353 1662 4405 ούκ
1701 4353 1776 4421 (d)

220 4434 550 4510 έκορέννυτο
581 4445 690 4506 τοῖς
717 4444 976 4497 ὀνείδεσιν
995 4487 1009 4509 ,
1045 4446 1073 4497 6
1095 4445 1183 4498 διὰ
1210 4445 1308 4517 τῆς
1336 4447 1640 4501 έθελουσίου
1663 4448 1781 4500 άτι-

1886 3278 2007 3317 mus
2033 3262 2244 3331 legebat
2303 3261 2559 3316 audiente
2617 3260 2974 3327 fraternitate,
3037 3270 3095 3316 ut
3142 3273 3441 3330 congruum

1881 3362 2018 3418 erat,
2050 3363 2103 3408 et
2132 3355 2275 3409 velut
2315 3353 2360 3409 si
2408 3353 2612 3408 absone
2647 3354 2948 3424 vitioseque
2992 3351 3233 3422 legisset,
3287 3351 3421 3406 casti

1883 3455 2036 3514 gatus
2092 3444 2561 3500 verecundabatur
2588 3443 3044 3514 sapientissimus.
3094 3440 3320 3510 Pr0pter
3349 3456 3445 3494 ur-

1882 3538 2175 3592 banitatem
2220 3538 2450 3593 audiens
2485 3537 2706 3593 serviles
2734 3536 2940 3593 natales
2995 3535 3098 3591 sibi
3129 3532 3442 3606 exprobrari

1884 3628 2140 3684 inclinato
2163 3628 2436 3684 annuebat
2495 3629 2693 3699 capite,
2726 3628 2869 3684 Patri
2899 3627 3265 3692 consentiens,
3320 3639 3442 3680 cor-

1880 3732 2011 3787 pore
2025 3727 2078 3772 et
2100 3719 2281 3773 animo
2299 3733 2483 3773 revera
2498 3719 2890 3774 nobilissimus.
2903 3718 2960 3774 In
2979 3719 3160 3773 labore
3183 3712 3442 3771 manuum

1890 3809 2118 3862 multum
2135 3807 2464 3864 contendens
2490 3818 2652 3879 atque
2679 3808 3231 3879 proﬁcienstanquatn
3277 3807 3322 3858 si
3359 3806 3443 3858 in-

1884 3895 2094 3949 tulisset
2150 3894 2305 3962 nihil,
2340 3909 2448 3950 non
2496 3894 3190 3965 superbiebat,disciplina2
3241 3891 3447 3961 Deique

1881 3997 2087 4042 amator
2108 3987 2357 4042 eximius.
2380 3986 2508 4042 Post
2532 3988 2750 4058 petitam
2780 3986 2847 4042 de
2871 3987 3099 4056 genibus
3126 3985 3334 4040 veniam
3361 3983 3442 4038 di—

1881 4077 2083 4133 missus
2121 4092 2152 4133 a
2187 4076 2369 4144 Patre,
2403 4079 2575 4134 veluti
2596 4080 2651 4134 in
2682 4078 2928 4134 eamdem
2956 4077 3166 4147 culpam
3201 4075 3446 4145 relapsus

1880 4182 1988 4223 non
2034 4167 2468 4235 obloquebatur;
2537 4168 2632 4226 sed
2693 4168 3039 4240 persistebat,
3079 4165 3286 4237 ignosci
3341 4165 3443 4218 sibi

1881 4260 2192 4330 postulans,
2235 4261 2595 4317 admiratione
2623 4260 3000 4331 dignissimus.
3068 4257 3311 4327 Denique
3336 4255 3445 4311 las-

1881 4351 2123 4415 sabatur,
2151 4350 2198 4407 is
2227 4353 2316 4422 qui
2349 4352 2591 4408 tentandi
2618 4365 2783 4407 causa
2833 4348 3112 4422 ingerebat
3139 4346 3445 4404 convicium

1881 4454 1932 4498 et
1973 4444 2276 4513 opprobriis
2320 4444 2687 4508 saturabatur,
2721 4443 2767 4498 is
2820 4442 2914 4512 qui
2941 4455 3038 4511 per
3085 4439 3444 4495 voluntariam

223 4534 357 4602 μίας
385 4533 544 4598 δόξαν
605 4524 784 4605 ἐαυτῷ
832 4537 1288 4607 περιποιούμενος
1316 4538 1505 4592 ἀΐδιον.
1543 4539 1694 4593 Εἴπω
1729 4557 1779 4592 τι

1887 4534 2159 4602 ejusmodi
2189 4535 2579 4591 contumeliam
2637 4533 2743 4590 sibi
2787 4531 3139 4604 comparabat
3191 4539 3445 4584 aeternam

221 4625 316 4677 καὶ
346 4624 453 4678 τῶν
496 4625 598 4679 οὐκ
646 4626 862 4680 οἰκείων
915 4627 1212 4682 δοκούντων
1257 4627 1336 4698 τῷ
1370 4629 1773 4699 ὲπαγγὲλματι,

220 4715 316 4769 τὸν
365 4716 421 4770 δὲ
445 4717 600 4786 λόγον
627 4717 747 4789 ἔχον
776 4719 1007 4772 κατευθὺ
1057 4720 1446 4789 πραττόμενον,
1493 4722 1576 4774 ὅτι
1625 4719 1789 4790 ἔρωτι

223 4806 606 4873 ταπεινώσεως
686 4807 1029 4878 βαλλόμενος,
1093 4811 1415 4884 παρεκάλει,
1489 4810 1784 4878 ὴντιὸόλει,

223 4898 596 4962 κοσσίζεσθαι,
633 4898 978 4970 ῥαπίζεσθαι,
1019 4902 1110 4953 καὶ
1155 4903 1338 4972 μέντοι
1399 4901 1634 4967 ἔπειθεν,
1695 4903 1787 4956 καὶ

225 4989 429 5043 πείθων
454 4989 870 5060 stet-6951mm!
897 4995 1234 5064 τυπτόμενος
1264 4994 1416 5065 παρά
1469 5011 1614 5058 τινος
1664 4995 1784 5047 κατ’

224 5084 496 5155 ἐπιταγὴν
527 5086 620 5139 τοῦ
647 5088 880 5159 Πατρδς,
904 5087 976 5152 ὡς
1005 5087 1175 5159 δῶρον
1233 5088 1466 5158 εἰληφὼς
1509 5088 1784 5159 ἐγεγήθειο

224 5176 322 5227 καὶ
341 5169 407 5244 ἦν
437 5175 790 5246 τδγινόμενον
816 5177 1116 5248 ὑπερφυὲς,
1154 5179 1246 5231 τοῦ
1272 5179 1368 5249 μὲν
1399 5178 1784 5249 ἐκϐιαζομένου

221 5267 313 5319 διὰ
351 5266 408 5320 τὸ
432 5266 619 5320 δοκοῦν
646 5269 932 5334 ἀνοίκειον,
965 5269 1058 5322 τοῦ
1089 5271 1144 5324 δὲ
1165 5270 1442 5341 χαίροντος
1468 5270 1633 5324 διὰτὸ
1661 5289 1785 5341 κερ-

223 5359 480 5429 δόμισθον
505 5375 520 5390 ο
555 5360 646 5412 καὶ⁸
677 5362 708 5430 ἡ
736 5361 967 5430 ὠφέλεια
996 5364 1093 5432 ὅση
1126 5362 1292 5433 ὁρῶσί
1338 5379 1396 5414 τε
1429 5362 1522 5415 καὶ
1557 5362 1785 5415 ἀκούου-

1885 4624 2135 4695 gloriam.
2176 4625 2360 4681 Dicam
2387 4624 2619 4696 amplius
2633 4632 2688 4680 et
2707 4622 2918 4695 quod°a
2947 4621 3206 4692 religiosa
3238 4617 3448 4690 profes-

1886 4715 2042 4772 sione
2085 4717 2258 4772 videri
2296 4716 2470 4786 possit
2507 4715 2783 4779 alienum;
2814 4727 3118 4769 consonum
3149 4720 3328 4765 tamen
3365 4723 3450 4763 ra-

1885 4807 2051 4874 tidni,
2077 4808 2208 4863 dum
2253 4817 2398 4864 recte
2441 4808 2522 4863 ﬁt.
2548 4804 2722 4861 Tanto
2776 4805 3063 4860 tenebatur
3115 4800 3448 4857 humiliatio-

1886 4901 1972 4958 nis
2002 4917 2208 4967 amore,
2245 4911 2306 4957 ut
2353 4910 2538 4957 oraret
2586 4908 3004 4970 precareturque
3046 4893 3244 4966 pugnis
3289 4905 3450 4962 atque

1885 4993 2054 5063 alapis
2106 4993 2276 5059 caedi;
2321 5003 2374 5048 et
2425 5008 2556 5047 sane
2609 4989 2965 5059 persuadebat
3020 4995 3074 5042 et
3117 4986 3448 5056 persuadens

1896 5086 2315 5156 percutiebatur,
2345 5095 2398 5140 et
2431 5101 2495 5140 ex
2550 5084 2810 5138 mandato
2860 5079 3038 5134 Patris
3069 5092 3363 5149 percussus
3383 5075 3451 5128 ab

1895 5179 2097 5248 aliquo,
2123 5178 2270 5233 velut
2305 5186 2525 5247 accepto
2587 5188 2808 5230 munere
2840 5171 3120 5226 laetabatur
3157 5186 3171 5222 :
3223 5175 3452 5236 eratque

1897 5280 2119 5340 stupore
2145 5269 2392 5340 dignum,
2431 5269 2661 5323 alterum
2693 5263 2912 5335 quidem
2963 5262 3028 5316 ad
3059 5261 3112 5315 id
3168 5259 3316 5329 quod
3363 5259 3449 5311 in-

1896 5378 2196 5432 congruum
2229 5360 2517 5417 videbatur
2567 5357 2834 5414 violenter
2862 5354 3028 5426 adigi,
3066 5352 3299 5408 alterum
3324 5364 3452 5405 vero

1727 5495 1958 5551 NOTIE.

300 5585 377 5658 (ά)
419 5588 757 5658 Ecgraphum
788 5600 1030 5646 nostrum
1059 5592 1116 5662 ἡ,
1144 5604 1271 5657 aut;
1297 5601 1426 5663 puto
1465 5593 1746 5662 legendum
1775 5593 1892 5659 οὐκ,
1923 5610 2099 5656 neque.

303 5701 379 5770 (7)
416 5699 647 5774 Sirletus
679 5704 769 5774 _sic
805 5714 987 5768 vertit,
1032 5713 1292 5774 tanquam
1340 5705 1392 5759 in
1432 5706 1617 5759 eadem
1666 5721 1789 5759 eum

231 5770 545 5844 Tlteoctisto
586 5772 713 5828 cella
752 5775 995 5829 reclusus
1054 5770 1287 5844 (uisset:
1322 5776 1464 5844 quod
1502 5775 1790 5844 hegumeni

232 5841 533 5896 mnditioui
560 5858 663 5896 non
705 5844 976 5900 convenit.
1012 5860 1110 5899 nec
1169 5841 1355 5900 Graeco
1404 5841 1618 5900 textui':
1681 5845 1790 5898 into

1898 5705 2038 5760 inira
2087 5704 2325 5758 num.“
2372 5717 2625 5772 expresse
2662 5701 2861 5772 dicitur
2904 5698 3060 5772 Plato
3101 5707 3222 5772 post
3272 5694 3453 5772 Theo:

1897 5775 2037 5829 ctisti
2072 5784 2296 5844 mortem
2326 5769 2561 5844 primum
2613 5771 2668 5828 in
2691 5771 2810 5842 ejus
2835 5771 3028 5829 cellam
3081 5769 3366 5838 migrasse,
3395 5769 3454 5821 et

1898 5843 2135 5902 solitarie
2161 5841 2345 5900 vivere
2369 5841 2617 5901 coepisse.
