4170 6486
716 358 820 423 815

1881 369 1939 427 S.
1981 368 2366 430 THEODORI
2405 369 2752 432 STUDITE

3809 363 3916 428 816

711 467 947 540 gaudere
973 467 1041 525 de
1069 467 1221 525 lucro
1263 471 1458 528 exinde
1484 483 1778 544 reportata,
1805 491 1902 532 nec
1925 478 2106 534 minus
2131 479 2260 536 utile
2288 487 2330 543 Α

2288 487 2330 543 Α
2363 498 2466 548 σιν,
2498 483 2646 546 ὅστις
2696 481 2780 552 εἴη
2809 481 2837 535 ὀ
2880 478 3051 535 ταῦτα
3098 478 3359 540 ικουσίως
3417 475 3780 548 ὑφιστάμενος
3818 475 3912 528 καὶ

711 568 828 614 erat
861 559 1165 616 videntibus
1181 562 1655 634 audientibusque,
1687 566 1832 636 quod
1858 575 2000 623 esset
2023 571 2116 639 qui
2135 571 2261 626 talia

715 650 1016 706 voluntarie
1046 663 1341 722 pateretur,
1394 666 1555 726 atque
1582 657 1636 711 iu
1666 657 1768 715 hoc
1797 657 2074 716 Christum
2135 663 2262 717 imi-

713 751 938 796 taretur.

783 834 867 888 15.
903 832 1049 891 Talis
1089 845 1379 909 tantusque
1407 854 1530 895 cum
1557 852 1720 906 esset,
1760 858 1826 898 au
1861 855 1976 900 erat
2003 847 2260 916 possibile

710 941 817 981 non
853 928 1022 981 amari
1077 943 1200 983 eum
1235 940 1396 1001 atque
1440 932 1634 1004 diligi?
1671 951 1738 990 an
1758 936 2101 1003 rationabile,
2133 955 2257 996 eum

708 1019 801 1085 qui
853 1027 1024 1072 totum
1058 1033 1116 1074 se
1147 1020 1440 1078 tradiderat
1463 1024 1806 1090 obedientiac,
1847 1028 2017 1083 tilium
2069 1031 2258 1087 haberi

708 1106 1078 1173 inamabilem,
1134 1118 1188 1164 et
1225 1126 1332 1165 non
1366 1127 1486 1167 esse
1541 1116 1926 1172 charissimum
1981 1122 2265 1191 genitori?

711 1199 1044 1271 Diligebatur
1081 1219 1229 1269 sane,
1262 1205 1340 1259 uti
1384 1206 1584 1262 dictum
1636 1219 1740 1274 est,
1804 1211 2143 1281 plurimum;
2208 1224 2263 1270 et

706 1302 925 1362 pr0pter
972 1298 1186 1353 virtutis
1209 1299 1506 1356 claritatem
1541 1303 1738 1374 ubique
1759 1306 2172 1375 praedicabatur,
2205 1320 2263 1364 ut

705 1386 798 1453 qui
826 1383 970 1442 Patri
999 1403 1099 1444 suo
1130 1389 1308 1446 factus
1332 1396 1696 1462 essetomnia,
1722 1399 1885 1453 veluti
1908 1400 2099 1457 oculus
2130 1401 2262 1456 dex-

707 1488 788 1530 tra
818 1479 1058 1542 intuens,
1099 1483 1460 1539 vclutmauus
1489 1487 1676 1540 eadem
1737 1505 1991 1558 operans.
2057 1500 2111 1546 et
2165 1508 2260 1562 pes

705 1568 771 1621 ad
805 1569 894 1624 illa
925 1573 1284 1642 progrediens
1317 1592 1330 1639 ;
1377 1585 1631 1646 tanquam
1659 1582 2001 1636 consiliarius
2060 1583 2257 1649 bonus,

705 1657 923 1726 adjutor
949 1663 1229 1729 robustus,
1257 1667 1439 1720 suavis
1473 1669 1691 1736 socius;
1727 1671 2077 1728 fidelissimus
2108 1675 2161 1728 in
2192 1676 2259 1730 iis

705 1764 824 1817 qua:
852 1751 1196 1818 domierant,
1243 1768 1296 1809 et
1337 1757 1483 1811 circa
1526 1757 1660 1814 foris
1685 1763 1857 1829 posita
1901 1764 2252 1831 vigilantissi-

707 1856 828 1896 mus
856 1863 867 1896 :
898 1844 988 1911 qui
1017 1844 1175 1898 simul
1196 1855 1249 1900 et
1277 1846 1524 1916 discipuli
1553 1859 1606 1905 et
1632 1849 1815 1908 fratris
1846 1866 2124 1924 prmataret
2169 1857 2255 1913 of-

710 1931 848 1995 ficia,
884 1933 1024 1987 addo
1062 1936 1223 1990 etiam
1281 1947 1334 1992 et
1376 1938 1595 2007 Patris;
1647 1950 1940 2014 tantusque
2005 1957 2148 2002 esset
2203 1951 2256 2005 in

707 2033 958 2092 utroque,
1002 2033 1060 2078 ut
1115 2026 1402 2095 siquando,
1457 2043 1673 2102 propter
1715 2037 1949 2106 aliquam
2016 2045 2256 2098 necessi-

705 2120 895 2175 tatem,
931 2129 1065 2183 opus
1091 2127 1235 2170 esset
1263 2133 1488 2188 peregre
1523 2123 1801 2179 Platonem
1842 2143 2022 2198 agere,
2059 2149 2255 2189 "ler-

705 2213 786 2257 ret
820 2207 1142 2262 venerabilis
1164 2207 1505 2267 Theoctistus
1535 2231 1550 2278 ;
1597 2225 1649 2269 et
1688 2221 2142 2286 quemadmodum
2191 2225 2258 2278 de.

703 2309 762 2349 se
785 2295 1027 2365 loquitur
1049 2298 1342 2369 Apostolus
1382 2303 1423 2366 δ,
1451 2319 1556 2359 non
1592 2307 1812 2361 haberet
1852 2312 2092 2379 requiem
2147 2316 2257 2384 spi—

702 2384 833 2439 ritui
865 2402 966 2442 suo
1022 2400 1240 2459 prapter
1270 2393 1545 2448 dilectum.
1571 2394 1703 2462 Quis
1733 2401 1879 2454 enim
1909 2403 2001 2456 illo
2033 2405 2097 2457 ad
2129 2420 2257 2473 pro-

703 2474 980 2542 spicienda
1015 2478 1195 2533 futura
1221 2483 1588 2551 providentior
1609 2487 1634 2539 ?
1661 2488 1784 2557 quis
1831 2492 1897 2544 ad
1962 2507 2252 2551 maerorem

704 2567 1010 2624 leniendum
1051 2574 1460 2645 curandumque
1481 2582 1979 2638 accommodatior?
2009 2588 2130 2657 quis
2189 2591 2254 2644 ad

701 2656 966 2713 honorem
1000 2662 1355 2718 multifariam
1376 2665 1792 2736 impertiendum
1811 2656 2068 2730 solertior
2093 2678 2115 2730 ?
2148 2677 2255 2732 Ta-

703 2746 768 2801 lis
834 2749 898 2801 ad
926 2752 1316 2807 conciliandam
1353 2757 1453 2810 sibi
1508 2757 1962 2824 benevolentiam,
2025 2778 2080 2818 ut
2137 2783 2256 2836 qua:

701 2835 878 2892 Patris
903 2850 1060 2895 erant
1095 2844 1277 2897 omnia
1315 2844 1535 2901 haberet
1563 2849 1615 2900 in
1651 2861 1917 2918 potestate
1945 2871 1956 2906 :
1984 2863 2093 2908 tam
2121 2835 2255 2912 inte-

702 2926 804 2980 rim
840 2928 1049 2983 alienus
1084 2930 1151 2984 ab
1185 2946 1371 2986 amore
1410 2949 1589 2988 rerum
1643 2944 2005 3005 terrenarum,
2050 2952 2105 2996 ut
2157 2959 2255 3000 nec

701 3019 846 3073 oboli
889 3021 1050 3076 unius
1097 3032 1241 3078 esset
1294 3025 1566 3080 dominus.
1613 3025 1718 3082 Pro
1770 3030 1968 3099 quibus
2014 3035 2159 3104 quod
2205 3037 2254 3091 ei

701 3113 1005 3177 praemium,
1037 3127 1159 3182 quae
1213 3115 1494 3170 retributio
1535 3117 1767 3189 obtigit?
1793 3119 2021 3178 Paterna
2072 3126 2255 3196 utique

703 3198 1007 3254 benedictio
1043 3217 1212 3270 super
1259 3203 1596 3272 spiritualem
1630 3206 1820 3274 Jacob,
1847 3226 1910 3264 ex
1943 3228 2052 3281 quo
2088 3216 2255 3282 patri-

703 3289 902 3350 archae,
949 3290 1057 3343 imo
1098 3291 1397 3346 bierarchze
1431 3303 1486 3347 et
1525 3298 1951 3365 pcemuiarchze;
1984 3311 2037 3354 et
2079 3303 2147 3356 ab
2175 3305 2258 3360 his

702 3375 922 3442 plurimi
975 3378 1277 3431 secundum
1335 3378 1503 3433 Deum
1549 3381 1641 3434 (iiii
1699 3384 2152 3456 multiplicantur,
2196 3407 2260 3447 ac

703 3478 867 3532 porro
899 3467 1424 3537 multiplicabuntur,
1448 3469 1521 3524 nil
1559 3472 1769 3538 dubito,
1789 3489 1886 3544 per
1916 3493 2101 3536 semen
2125 3484 2260 3541 adeo

704 3553 1070 3613 benedictum.
1103 3558 1251 3616 Talis
1280 3562 1511 3632 denique
1545 3561 1646 3617 fuit
1674 3563 1849 3633 Plato,
1875 3583 2038 3627 verus
2072 3577 2258 3646 utique

2363 574 2595 647 Χριστὸν
2631 573 2880 629 ἐντεῦθεν
2915 575 3267 645 μιμούμενος.

2436 837 2645 906 ιγ’.Τὸν
2670 831 2763 889 οὖν
2791 831 3033 888 τοιοῦτόν
3061 848 3121 884 τε
3147 829 3241 884 καὶ
3268 828 3586 901 τηλικοῦτον
3623 823 3694 900 ἧν
3715 827 3819 898 ἄρα
3845 828 3924 899 μὴ

2361 928 2674 998 ἀγαπᾶσθαι
2707 927 2800 980 καὶ
2827 924 3188 996 στέργεσθαις
3219 922 3330 976 Καὶ
3353 922 3468 985 πῶς
3502 922 3567 975 ἀν
3593 921 3704 991 ἔχοι
3741 920 3922 988 λόγον,

2361 1021 2482 1074 δλον
2537 1019 2727 1074 ἑαυτὸν
2777 1017 3161 1088 ἐμπαρέχοντα
3208 1014 3299 1066 τὸν
3340 1013 3440 1082 τῆς
3489 1012 3733 1081 ὑπακοῆς
3782 1009 3922 1075 uibar,

2363 1112 2632 1183 ἀπόθητον
2663 1110 2756 1165 καὶ
2771 1109 2868 1180 οὐχ
2884 1109 3196 1177 ὁλόστερνον
3211 1101 3349 1160 εἶναι
3371 1104 3448 1175 τῷ
3471 1106 3752 1174 γεννήτορι
3774 1120 3789 1169 ;
3823 1103 3924 1155 Διά

2360 1205 2519 1258 τοῦτο
2551 1205 2645 1257 καὶ¹
2695 1203 2974 1270 ἀγαπᾶται
3009 1200 3152 1264 λίαν,
3193 1199 3267 1262 ὠς
3298 1199 3535 1268 είρηται.
3571 1199 3680 1250 Καὶ
3718 1213 3922 1248 πανταο

2363 1292 2458 1365 χοῦ
2503 1295 2566 1363 τῇ
2620 1292 2728 1361 τῆς.
2767 1290 2966 1360 ἀρετῆς
3013 1287 3274 1358 φανότητι
3318 1285 3800 1356 διατεθρύλληται,
3845 1285 3926 1348 ὡς

2362 1385 2537 1438 πάντα
2578 1384 2655 1454 τῷ
2703 1381 2878 1452 Πατρὶ
2929 1380 3233 1450 γινόμενος,
3287 1375 3419 1441 οἷον,
3453 1377 3724 1446 ὀφθαλμὸς
3772 1376 3926 1440 δεξιὰ

2364 1475 2594 1546 βλέπων,
2625 1475 2747 1544 χεὶρ
2767 1471 3139 1545 ἐργαζομένη,
3174 1469 3307 1548 ποῦς
3339 1467 3592 1539 βαδίζων,
3620 1467 3925 1538 σύμϐουλος

2361 1567 2580 1637 ἀγαθὸς,
2612 1567 2968 1638 παραστάτης
2996 1564 3281 1636 καρτερὸς,
3333 1563 3618 1633 συνόμιλος
3657 1561 3926 1632 γλυκερὸς

2359 1661 2466 1714 τῶν
2495 1660 2639 1712 ἔνδον
2656 1660 2684 1711 ὁ
2706 1659 3047 1721 πιστότατος,
3077 1654 3185 1708 τῶν
3200 1654 3354 1718 ἐκτὸς
3371 1655 3402 1706 δ
3419 1653 3922 1723 φυλακτικώτατος,

2361 1752 2494 1822 ὁμοῦ
2541 1752 2636 1821 μὲν
2674 1750 2742 1804 τά
2781 1748 3040 1819 μαθητῶν
3067 1747 3202 1818 ὁμοῦ
3247 1747 3304 1799 δὲ
3346 1747 3415 1799 τὰ
3442 1744 3686 1812 ἀδελφῶν
3723 1743 3931 1797 ἐπιδει-

2292 1816 2333 1870 B
2363 1816 2643 1914 κνύμενος,
2675 1816 2971 1910 προσθείην
2999 1840 3042 1893 δ’
3067 1816 3135 1893 ἂν
3169 1839 3248 1892 ὅτι
3293 1837 3388 1891 καὶ
3423 1837 3492 1888 τά
3521 1835 3733 1917 Πατρὺς
3763 1852 3930 1904 χαρι-

2365 1936 2609 2004 ζόμενος,
2643 1934 2736 1986 καὶ
2765 1933 3015 1993 τοσοῦτος
3047 1929 3120 1983 ὢν
3143 1930 3200 1982 ἐν
3232 1928 3587 1999 ἀμφοτέροις,
3623 1925 3700 1989 ὡς
3741 1926 3798 1978 el
3824 1942 3929 1977 που

2363 2025 2504 2079 κατά
2524 2042 2641 2077 τινα
2666 2024 2854 2095 χρείαν
2883 2018 2951 2092 ἦν
2974 2021 3230 2092 ἐκδημεῖν
3253 2020 3344 2073 τὸν
3363 2019 3604 2090 ἀοίδιμον
3641 2017 3926 2078 Πλάτωνα,

2362 2119 2461 2189 ἀδη
2473 2105 2666 2188 μονεῖν⁸
2681 2117 2772 2169 τὸν
2795 2114 3125 2185 ἀείμνηστον
3152 2111 3508 2173 Θεόκτιστον,
3538 2109 3630 2163 καὶ
3661 2107 3738 2178 μὴ
3781 2107 3933 2177 ἔχειν

2363 2206 2950 2275 άνεσιν,ἀποστολικῶς
2979 2207 3174 2271 εἰπεῖν,
3192 2203 3268 2274 τῷ
3285 2203 3556 2272 πνεύματι
3578 2200 3663 2253 διά
3694 2200 3790 2253 τὸν
3823 2215 3927 2251 πο-

2364 2305 2642 2373 θούμενον.
2698 2301 2794 2365 Τίς
2847 2300 2954 2370 γὰρ
3002 2298 3212 2352 ἐκείνου
3265 2296 3326 2348 τὸ
3375 2295 3567 2364 μᾶλλον
3617 2291 3932 2363 προϐλεψαι

2363 2392 2864 2464 στοχαστικιὶηερος
2889 2409 2903 2457 ;
2935 2389 3020 2452 τίς
3051 2389 3108 2442 δὲ
3137 2387 3198 2440 τὸ
3225 2383 3429 2440 λυποῦν
3454 2384 3691 2456 μαλάξαί
3734 2401 3793 2434 τε
3831 2382 3928 2435 καὶ

2363 2485 2696 2559 θεραπεῦσαι
2763 2484 3229 2555 προσηνέστερος;
3262 2479 3344 2543 τίς
3397 2478 3442 2532 δ’
3487 2479 3620 2532 αὐτὸ
3665 2475 3928 2546 χρειῶδες

2363 2580 2590 2631 είσοῐσαι
2626 2575 3032 2646 εὐμαρέστερος
3057 2590 3074 2639 ;
3104 2572 3185 2635 τίς
3227 2572 3284 2624 δὲ
3317 2570 3482 2641 τιμὴν
3511 2567 3712 2637 ἀνάψαι
3743 2583 3926 2619 ποικι-

2361 2669 2626 2738 λώτεροςς
2663 2666 2915 2728 Τοιοῦτος
2983 2665 3079 2734 μὲν
3136 2663 3270 2734 πρὸς
3323 2661 3540 2715 εὔνοιαν
3585 2660 3808 2728 γνήσιος
3850 2657 3928 2721 ὡς

2362 2763 2576 2816 πάντων
2607 2760 2939 2824 ὲξουσιάζειν
2965 2758 3073 2810 τῶν
3103 2755 3406 2824 πατρικῶν,
3438 2750 3688 2812 τοσοῦτος
3718 2749 3775 2803 δὲ
3799 2752 3929 2819 ἀφι-

2360 2853 2568 2918 λὸὓλος,
2595 2851 2668 2915 ὼς
2703 2850 2822 2904 οὐδὲ
2855 2849 3040 2918 κύριος
3072 2844 3278 2898 ὀϐολοῦ.
3317 2843 3458 2897 Ἀνθ’
3481 2836 3556 2896 ὧν
3575 2840 3626 2893 τί
3643 2840 3702 2892 τὸ
3725 2840 3924 2911 πέρας.

2361 2946 2460 2999 καὶ
2508 2944 2592 3006 τίς
2638 2945 2671 3013 ἡ
2739 2941 2974 3011 ἀμοιϐή;
3023 2937 3088 2990 Ἡ
3137 2934 3383 3006 πατρική
3432 2932 3651 3000 εὐλογία
3712 2931 3809 2983 ἐπὶ
3832 2931 3930 2982 τὸν

2362 3037 2501 3091 κατά
2551 3035 2768 3104 πνεῦμα
2808 3029 3022 3094 Ἰακὼϐ,
3073 3029 3134 3094 ἐξ
3162 3021 3222 3081 οὗ
3275 3027 3626 3097 πατριάρχαι,
3679 3022 3779 3076 εἰτ’
3831 3017 3928 3074 οὖν

2365 3129 2614 3200 ίεράρχαι
2666 3126 2762 3178 καὶ
2791 3122 3172 3193 ποιμνιάρχαι,
3224 3120 3315 3188 ἀφ’
3351 3111 3426 3171 ὧν
3470 3114 3644 3167 πολλά
3675 3113 3744 3165 τά
3781 3112 3928 3200 κατά

2359 3196 2498 3270 Θεὸν
2516 3216 2681 3269 τέκνα
2713 3213 2977 3284 πλήθουσί
3001 3229 3061 3265 τε
3094 3211 3189 3264 καὶ
3236 3205 3723 3277 πληθυνθήσονται,
3749 3200 3811 3256 εὖ
3848 3196 3927 3254 οἷ-

2360 3308 2446 3372 δα,
2488 3305 2582 3359 τοῦ
2636 3303 3003 3374 εὐλογημένου
3052 3301 3378 3369 σπέρματος.
3435 3293 3700 3356 Τοσοῦτος
3747 3294 3776 3344 ὀ
3825 3295 3926 3364 τῆς

2359 3400 2636 3467 ὁσιότητος
2666 3395 2901 3467 ἐραστὴς
2929 3393 3001 3457 ὡς
3035 3389 3271 3462 ἀληθῶς,
3304 3389 3396 3442 καὶ
3418 3384 3662 3440 τοιοῦτον
3684 3382 3834 3454 αὐτῷ
3866 3383 3930 3435 τὸ

2359 3488 2532 3553 τέλος,
2569 3487 2644 3549 ὡς
2693 3489 2751 3540 ἐν
2785 3483 3124 3554 σκιαγραφίᾳ
3168 3479 3542 3552 προσεύχρουν
3599 3474 3925 3547 χαρακτῆρα

2361 3584 2458 3652 τῆς
2488 3579 2752 3648 εὐμούσου
2795 3576 3092 3644 ὑποταγῆς.

703 3656 915 3702 amator
946 3651 1274 3718 sanctitatis,
1312 3663 1368 3707 et
1433 3655 1498 3708 ad
1547 3663 1753 3711 tantum
1801 3660 2150 3730 perfectionis
2205 3651 2430 3740 gradum
2510 3671 2775 3736 ascendit,
2827 3678 2887 3722 ut
2947 3665 3165 3723 nonnisi
3245 3663 3660 3720 adumbratione
3685 3659 3921 3733 quadam

701 3739 1005 3807 exprimere
1050 3743 1319 3809 potuerim
1374 3744 1745 3800 characterem
1797 3749 2058 3806 absolutae
2096 3754 2148 3808 in
2191 3739 2255 3811 eo
2292 3761 2629 3815 obedientire.

774 3832 861 3884 H.
895 3829 1188 3901 Postquam
1220 3838 1400 3886 autem
1434 3835 1693 3903 magister
1720 3836 1839 3904 ejus
1873 3839 1938 3893 ad
1967 3840 2255 3898 Dominum

701 3925 856 3988 abiit,
908 3925 1021 3994 ipse
1059 3924 1112 3978 in
1139 3925 1259 3994 ejus
1319 3926 1509 3980 cellam
1551 3936 1712 3997 atque
1759 3930 1972 3985 vivendi
2035 3934 2256 3988 modum

703 4015 976 4080 transivit,
1055 4015 1293 4085 legitime
1355 4016 1636 4086 amplexus
1705 4019 2089 4085 solitudinem;
2149 4038 2254 4076 non

702 4106 1159 4177 quemadmodum
1219 4121 1363 4160 nunc
1413 4109 1602 4173 multi,
1657 4111 1900 4164 eamdem
1958 4114 2257 4182 periculose

703 4198 1108 4267 aggredientes;
1142 4198 1234 4266 qui
1285 4198 1598 4267 priusquam
1644 4201 1856 4269 spiritui
1884 4218 2102 4258 carnem
2126 4220 2252 4275 per-

702 4287 843 4342 {ecte
879 4287 1232 4357 subjeceriut,
1253 4287 1453 4342 audent
1475 4303 1570 4358 per
1589 4305 1649 4344 se
1679 4291 1825 4346 solos
1842 4294 2096 4363 congredi
2131 4311 2256 4350 cum

703 4377 988 4444 spiritibus
1043 4377 1327 4447 nequitias;
1362 4387 1489 4434 tunc
1541 4381 1776 4450 primum
1827 4385 2070 4440 exerceri
2125 4387 2256 4442 inci-

702 4469 935 4540 pientes,
976 4486 1099 4524 cum
1123 4479 1336 4540 tempus
1355 4479 1437 4525 est
1469 4487 1696 4542 pugnae;
1725 4483 1776 4529 et
1798 4477 2109 4546 experiendi
2148 4495 2264 4546 gra-

703 4564 776 4617 tia
821 4573 1210 4632 praesumentes
1273 4564 1521 4620 obtinere
1573 4569 1881 4635 victoriam,
1939 4572 2100 4625 etiam
2154 4572 2262 4627 Deo

2437 3849 2515 3901 ιδ’.
2561 3845 2778 3916 Ἐπειδὴ
2806 3845 2863 3898 δὲ
2888 3845 3254 3916 παραπέμπει
3283 3842 3421 3914 πρὸς
3465 3840 3556 3894 τὸν
3587 3840 3644 3892 ἀν
3673 3840 3926 3911 οὐρανοῖς

2364 3938 2640 4008 Δεσπότην
2687 3938 2779 3991 τὸν
2825 3937 3174 4008 καθηγεμόνα
3201 3975 3219 4000 ,
3245 3934 3568 4004 καθίστησιν
3597 3933 3790 3988 ἑαυτὸν
3846 3934 3927 3998 είς

2362 4033 2452 4085 τὸν
2475 4033 2685 4085 ἐκείνου
2728 4033 2890 4084 τόπον
2929 4031 3023 4084 καὶ
3057 4028 3276 4099 τρόπον,
3305 4029 3400 4082 καὶ
3436 4027 3534 4098 τὴν
3569 4027 3800 4099 ἡσυχίαν
3827 4028 3926 4081 άσ·

2363 4123 2596 4189 πάζεται
2643 4124 2879 4193 ἐννόμως
2917 4139 2974 4176 τε
3030 4122 3124 4174 καὶ
3177 4119 3498 4190 ὲνθίσμως’
3529 4119 3589 4172 οὐ
3636 4118 3777 4173 κατά
3799 4117 3924 4180 τοὺς

2361 4218 2587 4280 πολλοὺς
2643 4215 2752 4269 τῶν
2797 4217 2891 4268 νῦν
2927 4214 3213 4285 σφαλερῶς
3237 4213 3332 4267 ἐπὶ
3363 4212 3566 4283 ταύτην
3589 4210 3920 4283 ἐρχομένων,

2361 4310 2456 4362 καὶ
2490 4310 2620 4380 πρὶν
2670 4308 2935 4373 ὑποτάξαι
2985 4307 3086 4379 τὴν
3137 4307 3316 4378 σάρκα
3350 4305 3427 4375 τῷ
3454 4303 3750 4374 πνεύματι,
3810 4303 3924 4366 τοῖς

2360 4401 2460 4471 τῆς
2502 4401 2764 4470 πονηρίας
2802 4403 3106 4470 πνεύμασιν
3150 4398 3551 4469 μονομαχήσειν
3582 4393 3924 4466 τεθαρρηκό-

2362 4507 2492 4554 των,
2513 4491 2607 4545 καὶ
2627 4494 2682 4544 ὲν
2704 4492 2878 4562 καιρῷ
2899 4492 2998 4560 τῆς
3018 4490 3175 4560 νίκης
3198 4487 3450 4542 παλαίειν
3475 4484 3922 4557 ικμελετώντων,

2363 4583 2522 4635 ὁπότε
2581 4582 2672 4634 καὶ
2698 4585 2891 4651 πεῖραν
2931 4581 3151 4634 οίὸντων
3194 4578 3602 4648 δυστέκμαρτον
3640 4576 3738 4648 τὴν
3765 4575 3924 4646 νίκην

699 4655 944 4724 iuvante,
975 4653 1268 4711 diliicilem.
1294 4655 1398 4723 Qui
1433 4659 1576 4712 enim
1607 4661 1759 4729 prius
1788 4676 1892 4715 non
1925 4662 2112 4718 didicit
2134 4664 2261 4719 obe-
2295 4670 2337 4724 ι)

2295 4670 2337 4724 ι)
2368 4674 2464 4726 σὺν
2495 4672 2614 4742 Θεῷ
2646 4671 2977 4743 ποιήσασθαι
3003 4687 3017 4701 °
3054 4671 3114 4734 δς
3142 4669 3250 4742 γάρ
3287 4670 3353 4723 ἂν
3387 4670 3487 4723 οὐκ
3512 4667 3806 4738 επαιδεύθη
3829 4667 3922 4738 τὴν

702 4745 840 4813 dire,
894 4746 1168 4816 quomodo
1221 4747 1470 4817 subjiciet
1518 4751 1619 4803 sibi
1672 4752 1998 4810 reluctantes
2043 4755 2257 4825 spiritui

702 4838 883 4893 carnis
909 4840 1224 4910 passiones?
1254 4841 1318 4896 Et
1343 4841 1434 4910 qui
1469 4858 1575 4896 non
1621 4845 1940 4900 custodierit
1969 4846 2261 4903 intemera~

702 4940 815 4986 tam
847 4932 1270 4997 observantiam,
1305 4935 1580 5004 quomodo
1610 4934 1678 4989 ad
1714 4949 1950 4992 montem
2002 4940 2261 4996 solitariae

701 5024 1129 5079 conversationis
1147 5027 1442 5081 ascendet?
1462 5026 1714 5097 Nunquid
1739 5029 1944 5083 clarum
1982 5042 2084 5094 est,
2115 5032 2260 5101 quod

701 5113 794 5182 qui
824 5113 974 5168 illum
994 5115 1644 5187 attigeritintempestive,
1693 5119 1962 5188 lapidibus
2001 5121 2260 5178 obruetur

702 5211 795 5257 aut
827 5206 1130 5275 conligetur
1146 5207 1366 5276 jaculis,
1387 5217 1441 5262 et
1472 5221 1645 5263 morte
1670 5211 1939 5278 spirituali
1973 5213 2257 5280 morietur,

700 5306 864 5364 prout
885 5313 1054 5353 sacrae
1081 5299 1376 5371 loquuntur
1410 5300 1662 5356 Litteris?
1693 5299 1810 5357 Non
1845 5306 1919 5357 ita
1949 5303 1996 5359 is
2051 5305 2119 5359 de
2150 5321 2261 5375 quo

704 5389 862 5444 nobis
895 5400 976 5444 est
1001 5407 1180 5446 sermo
1206 5411 1217 5446 :
1245 5407 1365 5446 nam
1403 5394 1581 5448 verbis
1628 5409 1691 5449 ac
1725 5396 1970 5452 moribus
1999 5396 2258 5454 obedien-

770 5497 796 5530 ‘
821 5497 864 5554 ll
889 5498 1013 5555 Cor.
1046 5517 1106 5566 ιι,
1139 5500 1221 5555 l5.

2369 4762 2646 4832 ὑποταγὴν
2701 4761 2988 4833 πρότερον,
3019 4761 3134 4824 πῶς
3176 4756 3328 4824 οὗτος
3378 4759 3698 4824 ὑποτάξειεν
3733 4757 3803 4811 τὰ
3840 4774 3923 4810 πο-

2364 4855 2527 4926 λέμια
2582 4853 2762 4925 πάθης
2798 4855 2893 4907 καὶ⁸
2917 4853 2974 4916 ὃς
3004 4852 3136 4906 δ’ἂν
3173 4853 3248 4922 μὴ
3298 4851 3564 4920 ιφύλαξεν
3614 4849 3786 4921 ἁγνὴν
3826 4848 3921 4921 τὴν

2366 4943 2696 5007 εὐπείθειαν,
2725 4943 2841 5006 πῶς
2867 4934 3022 5006 οὗτος
3049 4941 3412 5013 προσϐήσεται
3434 4940 3511 5011 τῷ
3525 4939 3642 5012 δρει
3665 4940 3762 5009 τῆς
3791 4941 3921 5011 ἡσυ-

2368 5041 2528 5105 χίαςς
2561 5035 2594 5106 ἢ
2639 5034 2882 5104 δηλονότι
2909 5036 2938 5088 δ
2979 5035 3130 5105 παρά
3179 5035 3369 5105 καιρὸν
3411 5033 3581 5103 αὐτῆς
3625 5032 3923 5103 ἁψάμενος,

2366 5125 2533 5188 λίθοις
2571 5125 3070 5198 λιθοϐοληθήσεται,
3105 5125 3138 5196 ἢ
3171 5124 3336 5196 βολίδι
3375 5123 3921 5195 κατατοξευθήσεται,

2367 5217 2458 5270 καὶ
2515 5219 2892 5290 τελευτήσειεν
2938 5218 3016 5290 τῷ
3067 5218 3207 5273 κατά
3252 5217 3429 5290 ψυχὴν
3477 5217 3711 5287 θανάτῳ,
3745 5214 3923 5279 καθώς

2367 5309 2467 5362 πού
2500 5327 2631 5381 φησι
2676 5311 2736 5364 τὸ
2769 5312 2912 5382 ἱερὸν
2938 5311 3176 5381 Γράμμα
3208 5310 3381 5377 ;⁹Λλλ’
3407 5308 3703 5381 οὐχοῦτως
3737 5307 3767 5359 ὀ
3797 5309 3923 5376 περὶ

2367 5396 2428 5456 οὗ
2456 5404 2485 5456 ὁ
2523 5402 2684 5470 λόγος
2709 5419 2721 5433 ο
2749 5402 2892 5473 λόγῳ
2921 5402 3028 5473 γὰρ
3052 5402 3146 5455 καὶ⁵
3177 5401 3364 5474 τρόπῳ
3389 5400 3696 5472 θεαρέστως
3721 5398 3922 5452 ὐποτά-

773 5681 851 5766 (_8)
877 5683 934 5738 Id
959 5691 1044 5738 est
1073 5700 1093 5736 ι
1135 5681 1477 5742 sacerdotum
1505 5696 1559 5742 et
1579 5696 1860 5757 pastorum
1912 5689 2184 5763 principes
2199 5599 2506 5750 ??T\ium
2531 5705 2613 5752 est
2642 5696 2787 5752 enim
2841 5695 3095 5754 clarioris
3131 5691 3499 5766 expressionis
3544 5704 3710 5749 causa
3738 5691 3920 5748 Graca

704 5751 864 5808 verba
896 5768 1132 5811 servare.
