4170 6498
150 426 263 497 817

852 441 1134 506 ORATIO
1167 444 1274 507 XI.
1301 470 1368 482 --
1401 445 1785 507 LAUDATIO
1836 447 1898 509 S.
1941 446 2318 509 PLATONIS
2354 448 2791 515 HEGUMENI.

3341 453 3449 521 818

151 535 299 603 γεὶς,
329 538 597 611 εὐλόγως
624 542 720 598 καὶ
748 543 1081 616 εὐαφόρμως
1109 547 1205 601 ἐπὶ
1224 546 1433 619 ταύτην
1458 550 1764 621 πρόσεισιν,

1883 548 2023 613 iam,
2052 548 2131 603 uti
2189 549 2299 605 Deo
2353 551 2608 623 placitum
2641 561 2782 623 erat,
2807 564 3096 629 sectatus;
3149 572 3457 633 opportune

152 629 256 683 καὶ
284 630 388 685 τὸν
420 636 557 688 νοῦν
581 635 909 708 καθαίρεται
939 637 1174 708 ὲγγίζων
1199 639 1340 711 Θεῷ,
1382 642 1477 694 καὶ
1495 642 1617 704 ταῖς
1640 640 1778 711 πρὸς

152 722 331 777 αὑτὸν
364 723 647 798 θεωρίαις
674 727 1030 797 γλυκαίνεται
1085 730 1516 803 μετεωροπυρῶν
1545 732 1624 803 τῷ
1653 732 1729 805 νῷ
1758 748 1774 764 ⁸

151 814 286 869 ἐπεὶ
333 817 487 890 μηδὲ
528 818 737 873 ἔνεστιν
793 820 1048 894 ήδύτερόν
1080 840 1134 877 τι
1182 823 1276 877 τοῦ
1327 824 1460 877 Θεὸν
1513 823 1659 896 ἔχειν
1720 826 1779 880 ἐν

153 906 400 981 θεωρίᾳ,
434 911 502 975 ὃς
530 913 650 964 ἐστι
682 911 998 984 γλυκασμὸς
1041 916 1137 968 καὶ
1161 916 1285 979 ὅλος
1334 914 1607 985 ἐπιθυμία
1660 919 1777 982 τοῖς

153 1000 511 1069 γευομένοις
539 1003 704 1057 αὑτοῦ
736 1003 839 1073 τῆς
880 1006 1179 1075 ἀκορέστου
1210 1005 1455 1079 ἀγάπης,
1490 1008 1567 1073 ὡς
1601 1009 1775 1081 λήθην

152 1090 493 1162 λαμϐάνειν
538 1094 633 1148 κα)⁵
678 1096 850 1166 αὐτῆς
885 1098 1069 1168 σχεδὸν
1088 1098 1193 1169 ’τῆς
1216 1098 1520 1171 ὀρεκτικῆς
1541 1100 1769 1172 τροφῆς.

166 1183 293 1252 Ἐφ’
325 1184 529 1257 ἑαυτῷ
552 1187 655 1255 μὲν
678 1185 769 1241 οὖν
796 1187 972 1243 ταῦτα
993 1191 1089 1244 καὶ
1115 1190 1406 1261 ἐφέλκεται
1435 1190 1529 1245 καὶ
1555 1191 1774 1261 πορίζει

153 1292 277 1342 ται,
323 1279 438 1351 κα).
492 1279 775 1352 δυνάμεως
796 1283 894 1347 ἐίς
947 1282 1177 1354 δύναμιν
1229 1282 1650 1355 μετερχόμενος,
1680 1283 1775 1339 καὶ

155 1370 422 1427 ἁναϐἀσε
435 1390 490 1436 ις
528 1374 739 1446 ἀρετῶν
774 1378 832 1429 ἐν
858 1375 1059 1449 καρδίᾳ
1086 1374 1488 1447 διατιθέμενος.

825 1577 1086 1631 ΚΕΦᾹΛ.
1129 1577 1207 1630 Γθ.

1877 640 2263 711 auspicatoque
2294 644 2612 715 aggreditur
2627 646 3014 718 solitudinem;
3044 660 3099 706 et
3116 663 3351 711 mentem
3370 666 3456 713 at-

1879 728 2078 795 tolens,
2110 731 2517 801 appropinquat
2541 732 2653 791 Deo
2679 751 2695 801 ;
2720 739 3276 809 contemplationibus
3307 745 3453 802 circa

1878 836 2003 876 cum
2037 821 2384 878 versantibus
2419 824 2745 895 oblectatur,
2779 827 2965 885 animo
2993 833 3211 888 excelsa
3231 849 3452 905 peram-

1878 910 2072 968 bulans
2104 913 2281 969 :nibil
2337 916 2483 970 enim
2524 917 2899 976 delectabilius
2939 930 3023 978 est
3062 939 3228 993 quam
3281 925 3452 983 Deum

1878 1001 2171 1072 speculari,
2217 1004 2311 1074 qui
2353 1014 2501 1061 totus
2535 1017 2619 1063 est
2647 1009 2942 1066 oblectatio
2979 1019 3034 1068 et
3072 1014 3323 1084 voluptas
3352 1032 3454 1071 eo-

1880 1108 2024 1158 rum,
2066 1095 2161 1164 qui
2192 1094 2371 1166 ipsum
2411 1096 2703 1169 degustant
2759 1116 2949 1158 amore
3015 1102 3334 1173 insatiabili,
3377 1108 3451 1163 ita

1880 1194 1939 1241 ut
1964 1201 2102 1256 pene
2127 1187 2181 1243 in
2210 1187 2540 1245 oblivionem
2569 1192 2788 1248 veniant
2811 1194 2983 1264 ipsius
3006 1197 3113 1252 cibi
3138 1201 3452 1269 appetendi.

1879 1276 2071 1348 Itaque
2093 1280 2196 1336 sibi
2227 1280 2329 1350 ipsi
2365 1281 2420 1336 in
2452 1281 2703 1339 futurum
2744 1286 2826 1342 sic
2860 1291 3144 1359 prospexit
3174 1290 3349 1356 Plato,
3384 1307 3451 1347 ex

1882 1369 2081 1425 virtute
2132 1373 2406 1429 transiens
2461 1374 2515 1429 iu
2550 1374 2830 1437 virtutem.
2855 1388 2912 1434 et
2965 1382 3323 1438 ascensiones
3352 1399 3455 1439 suo

1879 1458 1935 1515 in
1956 1461 2122 1517 corde
2143 1462 2468 1533 disponens.

2496 1575 2729 1633 CAPUT
2760 1579 2852 1635 ΙΙΙ.

744 1670 803 1725 S.
838 1670 995 1724 Plato
1016 1670 1309 1739 pra'ﬁcitur
1332 1668 1650 1722 monasterio
1686 1665 2081 1738 Symbolorum,
2121 1668 2357 1721 excurrit
2384 1666 2922 1741 Constantinopolim.

242 1762 334 1820 ιε’.
382 1763 611 1836 Ἐπειδὴ
643 1764 699 1818 δὲ
719 1764 821 1819 οὐκ
840 1765 1001 1836 ἢρκει
1024 1764 1085 1818 τὸ
1102 1762 1434 1817 καθ’ἐαυτὸν
1464 1764 1626 1833 μόνον
1654 1778 1777 1816 σκοο

1954 1759 2042 1814 15.
2074 1758 2345 1826 Quoniam
2382 1776 2511 1816 vero
2546 1777 2892 1833 nequaquam
2944 1764 3146 1822 sulﬁcit
3175 1783 3273 1823 sua
3312 1769 3456 1826 duu-

165 1857 325 1919 πεῖν,
354 1854 639 1925 ζητούσης
660 1854 759 1925 τῆς
784 1854 1025 1923 ἀγάπης,
1059 1856 1153 1907 καὶ
1187 1853 1248 1907 τὺ
1275 1854 1384 1907 τῶν
1423 1853 1600 1907 ἄλλων
1633 1869 1774 1921 συμο

165 1947 352 2019 φέρον
385 1964 402 1979 ’
434 1946 676 2000 τέθειται
704 1945 835 2015 γοῦν
877 1948 973 1999 καὶ
1011 1948 1070 1999 ὲν
1103 1946 1255 2010 τάξει
1296 1947 1533 2018 Πατρδς,
1569 1944 1774 2015 μᾶλλον

163 2041 226 2094 δὲ
288 2042 593 2112 φωστῆρος
623 2040 780 2110 δίκην
809 2042 875 2111 τῇ
931 2039 1372 2112 μνημονευθείσῃ
1426 2040 1771 2111 ἀδελφότητι,

169 2132 328 2186 κατὰ
369 2132 630 2202 διαδοχὴν
687 2130 782 2184 τοῦ
824 2132 1126 2202 μακαρίτου
1177 2133 1522 2199 Θεοκτίστου,
1573 2134 1775 2208 ἐχούσῃ

164 2218 317 2277 ἴδιον
359 2224 461 2277 τὸν
504 2223 971 2295 καθηγεμένα,ἢν
995 2226 1091 2278 καὶ
1126 2227 1430 2300 ἀμφότεροι
1472 2246 1773 2299 πνευματι-

172 2313 297 2378 κῶς
326 2331 393 2367 τε
437 2313 533 2368 καὶ
591 2312 918 2383 σωματικῶς
949 2314 1032 2367 ὅτι
1075 2314 1312 2386 μάλιστα
1354 2320 1436 2382 εἰς
1458 2317 1519 2371 τὸ
1545 2314 1684 2371 εἶναί
1712 2335 1772 2371 τε

176 2406 281 2458 καὶ
306 2403 685 2474 ὀνομάζεσθαι
719 2404 889 2476 μονὴν
917 2406 1293 2480 εὑαγεστὰτην
1322 2410 1658 2481 προήγαγον.
1691 2412 1774 2464 Γί-

177 2512 345 2549 νεται
382 2496 440 2549 δὲ
471 2496 566 2547 καὶ
588 2494 733 2548 δυοῖν
762 2497 1035 2568 φοιτητῶν
1056 2498 1375 2571 καθηγητὴς
1425 2501 1772 2570 ἰδιοτρόπως,

178 2586 277 2656 ὑφ’
308 2582 392 2643 ὧν
421 2586 833 2657 ὲξυπηρετεῖτο,
870 2590 966 2641 καὶ
1000 2587 1094 2652 οὓς
1130 2585 1242 2659 εἶχε
1297 2592 1626 2656 συνεστίους,
1658 2592 1773 2646 ἀλλ’

178 2679 313 2749 οὐχὶ
347 2679 661 2747 συσσίτους,
691 2674 767 2735 ὧν
792 2682 821 2733 ὁ
860 2675 941 2742 εἷς
976 2681 1056 2735 ἔτι
1084 2682 1331 2752 περίεστι
1370 2682 1612 2754 τοΰνομα
1653 2688 1774 2739 Ἀν-

180 2771 463 2838 τὼνιος,ὁ
521 2771 643 2842 μεθ’
680 2773 836 2845 ἡμῶν
883 2775 977 2827 καὶ⁵
1027 2776 1124 2829 σὺν
1177 2776 1310 2846 ἡμῖν
1359 2777 1521 2847 μέχρι
1570 2778 1776 2848 γήρους

182 2864 638 2936 ὖποταττόμενος
665 2883 678 2897 ·
714 2867 876 2933 αὐτὸς
916 2869 1050 2938 ημῖν
1094 2868 1379 2937 ὑφηγητὴς
1416 2870 1503 2938 εἴη
1540 2869 1775 2925 ἐνταῦθα

181 2956 302 3009 τῶν
325 2957 1022 3030 ἐπιξητουμὲνων.Ἀρτος,
1046 2960 1198 3029 φασὶ,
1215 2959 1291 3029 τῷ
1320 2961 1496 3032 Πατρὶ
1512 2961 1606 3016 καὶ
1637 2961 1777 3016 κύα-

188 3066 299 3119 μος
324 3047 465 3121 πρὸς
516 3050 767 3121 λαχάνοις
784 3052 878 3105 καὶ
899 3050 1226 3122 ἀκροδρύοις
1250 3052 1346 3123 (ε),
1368 3053 1400 3123 ἡ
1420 3053 1541 3107 καθ’
1560 3054 1774 3127 ἡμέραν

184 3141 562 3206 εὐανθίζουσα
606 3143 854 3206 ἁνέλαιος
890 3142 1181 3214 διατροφὴ,
1225 3142 1367 3214 πλὴν
1390 3145 1681 3217 Κυριακῆς
1710 3162 1773 3199 τε

189 3233 289 3285 καὶ
350 3234 570 3305 ἑορτῆς,
631 3234 755 3289 καθ’
783 3233 849 3299 ἃς
893 3234 1076 3288 εἰώθει
1111 3236 1487 3307 ὁμοτράπεζος
1525 3234 1665 3292 εἷναι
1709 3242 1776 3310 τῇ

191 3325 356 3395 κοινῇ
394 3324 741 3395 “sitq/rma.
785 3325 975 3391 Ποτὸν,
1004 3325 1033 3378 ὃ
1066 3324 1321 3395 βλύζουσι
1365 3328 1584 3398 κρῆναι,
1611 3328 1705 3381 καὶ
1734 3322 1779 3397 ᾧ

194 3416 504 3483 συνάγεται
539 3414 683 3480 νοῦς,
734 3415 795 3468 οὐ
841 3415 1097 3486 χεόμενος
1134 3416 1477 3486 οίνοφλυγίας
1523 3418 1778 3488 ῥεύματι,

190 3506 306 3560 οὐδ’
367 3506 502 3561 αὐτὸ
547 3506 844 3577 ἡμερήσιον
864 3507 971 3572 ἀεὶ,
999 3505 1139 3561 ἀλλὰ
1169 3506 1244 3577 πῆ
1272 3506 1373 3577 μὲν
1405 3508 1773 3580 ὑπερημερή-

199 3613 337 3660 σιον,
364 3599 444 3667 πῆ
471 3596 529 3649 δὲ
566 3597 959 3667 δυσσευόμενον
983 3598 1050 3668 τῇ
1086 3596 1362 3669 ὲόδομάδι,
1392 3601 1425 3668 ἢ
1460 3600 1555 3652 καὶ
1583 3598 1781 3655 δεκατ-

195 3690 413 3761 ἠμερον
459 3688 870 3759 λαμϐανόμενον
921 3690 1021 3759 τῆς
1067 3688 1475 3758 βραδυποσίας,
1514 3691 1581 3743 ἵν’
1610 3690 1782 3757 οὕτως

198 3781 346 3834 εἴπω
376 3780 471 3833 καὶ
513 3779 768 3842 ἀποσίας,
821 3779 959 3847 μετά
1003 3780 1103 3849 τῆς
1153 3781 1458 3853 ἐγκρατοῦς
1515 3782 1779 3850 ἐφέσεως,

199 3874 300 3926 καὶ
346 3873 413 3925 ἐκ
465 3870 703 3942 φυσικῆς
738 3871 1010 3941 κράσεως,
1042 3877 1122 3935 είς
1160 3873 1273 3941 ἕξιν
1322 3872 1473 3944 αὐτῷ
1507 3872 1756 3927 καθεστώ

201 3977 330 4033 σης.

272 4149 374 4208 ις’.
406 4142 601 4213 Ὲσθὴς
636 4141 860 4214 εὐτελὴς
888 4142 983 4197 καὶ
1018 4142 1493 4214 βραχύτιμος,καὶ
1524 4144 1660 4216 πρὸς
1685 4143 1783 4213 μό-

200 4252 305 4305 νην
334 4234 529 4307 θάλψιν
559 4236 930 4306 πεποιημένη,
969 4234 1084 4289 ἀλλ’
1112 4237 1234 4306 οὐχὶ
1279 4237 1495 4300 λεπτοῖς
1521 4238 1782 4309 ὑφάσμα-

201 4344 292 4381 σιν
324 4327 788 4398 ἑπιτετηδευμένη
812 4366 826 4390 .
861 4329 982 4382 οὐδὲ
1030 4328 1288 4399 βαφικαῖς
1322 4332 1534 4401 χροιαῖς
1569 4329 1781 4400 ἐξηνθι-

202 4420 403 4490 σμὲνη,
438 4420 504 4492 ην
529 4421 577 4472 oi
616 4419 1020 4483 καλλωπισταὶ,
1046 4420 1161 4473 ἀλλ’
1185 4420 1246 4473 οὐ
1289 4422 1555 4491 μονασταὶ
1606 4421 1780 4493 θηρᾷν
1814 4455 1857 4509 D

203 4513 471 4581 εφίενται.
502 4511 783 4583 Προσευχὴ
813 4514 906 4565 καὶ
937 4514 1241 4582 ἀνάγνωσις
1275 4514 1553 4581 ἐπίπονος,
1590 4515 1783 4585 ἀφορι-

207 4604 415 4675 ςομένη
444 4603 587 4657 κατὰ
615 4602 827 4674 καιρὸν,
858 4603 953 4655 καὶ
983 4605 1062 4665 εἰς
1088 4603 1295 4673 τροφὴν
1326 4603 1476 4675 αὐτῷ
1502 4605 1623 4658 ἀντὶ
1649 4623 1783 4676 τρυ-

205 4700 314 4767 φῆς
347 4695 784 4769 καρυκευομένη.
808 4694 1169 4749 Γονυκ).ισιῶν
1190 4698 1483 4767 πυκνότης,
1516 4698 1784 4767 πατροθεν

202 4786 482 4859 ὴργμένη,
507 4784 568 4850 ἐξ
592 4780 661 4857 ἧς
689 4784 839 4838 τύλοι
864 4782 1060 4853 χειρῶν
1083 4800 1141 4836 τε
1170 4785 1265 4837 καὶ
1298 4784 1401 4855 γῆς
1428 4786 1514 4853 ἐφ’
1538 4780 1606 4858 ἧς
1659 4784 1781 4839 έδεο

204 4881 389 4951 σήκει,
434 4878 598 4949 μέχρι
622 4876 718 4930 τοῦ
751 4875 911 4947 δεῦρο
956 4876 1053 4947 τὴν
1092 4876 1295 4947 ἀρετὴν
1346 4877 1779 4946 στηλιτεύοντες.

204 4970 477 5044 Στρωμνὴ
509 4971 608 5042 οὐχ
634 4968 816 5040 ἁπαλὴ
842 4986 903 5022 τε
928 4969 1022 5023 καὶ
1040 4968 1389 5040 διαρῤἐουσα,
1417 4969 1646 5040 ἀλλ’ὂση
1682 4969 1781 5023 καὶ

206 5062 538 5127 ὐππιάζειν
580 5060 642 5113 τὸ
704 5061 863 5132 σῶμα
912 5060 1208 5131 δυναμένη,
1270 5062 1362 5114 καὶ
1412 5061 1783 5115 ἀταπείνωτον

205 5156 343 5209 αὐτὸ
376 5153 514 5225 πρὸς
554 5152 655 5217 τὰς
698 5154 1075 5222 πνευματικὰς
1116 5151 1462 5223 λειτουργίας
1488 5152 1783 5223 διαφυλάτ-

204 5265 323 5302 τειν
362 5246 642 5317 ἰσχύουσα.
675 5245 893 5319 Χειρῶν
925 5246 1157 5318 ἐργασία
1198 5247 1288 5300 διὰ
1326 5246 1564 5315 σπουδῆς
1584 5259 1600 5274 ⁶
1628 5245 1785 5299 τοῦτο

207 5342 321 5412 γὰρ
351 5341 460 5393 τῶν
492 5340 701 5394 ἐκείνου
732 5340 1172 5412 κατορθωμάτων
1200 5341 1350 5411 παρὰ
1370 5342 1495 5403 τοὺς
1524 5339 1781 5403 πολλοὺς.

211 5433 303 5485 ἵνα
348 5432 423 5503 μὴ
451 5432 595 5499 λέγω
640 5432 766 5496 τοὺς
797 5432 1025 5495 πάντας,
1049 5431 1110 5484 τὸ
1139 5431 1431 5502 ἐπίσημον,
1462 5432 1496 5501 ἢ
1538 5430 1775 5503 μᾶλλον,

210 5524 541 5597 οἰκειότερον
563 5525 757 5592 εἰπεῖν,
782 5524 968 5595 σὺντῷ
995 5523 1125 5595 ίερῷ
1146 5523 1453 5594 Ἀποστὸλῳ
1492 5524 1658 5593 φάναι
1688 5523 1783 5593 (Ῑ),

1882 1860 2032 1905 taxat
2058 1866 2271 1915 Curare,
2298 1852 2390 1907 sed
2415 1862 2469 1907 et
2494 1854 2618 1910 aliis
2648 1854 2798 1910 utilia
2823 1857 3021 1925 quazrit
3042 1858 3281 1926 perfecta
3313 1861 3452 1917 cha-

1880 1942 2036 2006 ritas,
2069 1942 2358 1998 ordinatus
2390 1941 2551 1998 Pater
2590 1960 2684 2000 seu
2732 1947 2913 2015 potius
2950 1946 3286 2004 illmninator
3317 1967 3456 2022 pra:-

1881 2042 2195 2086 memoratae
2238 2031 2616 2101 fraternitatis,
2644 2037 2923 2106 proprium
2957 2040 3156 2095 habere
3190 2041 3453 2110 begume-

1881 2138 2011 2178 num
2042 2124 2238 2189 solitae,
2274 2124 2431 2179 beato
2474 2124 2795 2184 Tlteoctisto
2839 2131 3081 2187 succedit
3113 2132 3167 2185 in
3195 2133 3316 2203 ejus
3347 2134 3451 2190 loci

1881 2212 2168 2283 regimine,
2228 2230 2392 2284 quem
2421 2228 2425 2231 ‘
2454 2218 2617 2272 ambo
2675 2218 2730 2272 in
2778 2220 3158 2289 spiritualibus
3206 2239 3361 2293 aeque
3389 2240 3455 2279 ac

1881 2306 2275 2375 temporalibus
2303 2320 2689 2376 promoverant
2729 2312 2991 2381 maxime,
3026 2314 3164 2370 adeo
3208 2326 3267 2370 ut
3306 2329 3449 2373 esset

1881 2413 1945 2455 ac
1972 2399 2243 2455 diceretur
2264 2404 2656 2458 monasterium
2680 2406 2883 2476 optime
2901 2408 3280 2464 constitutum.
3301 2408 3451 2466 Duo-

1880 2490 1982 2547 bus
2011 2500 2190 2545 tamen
2219 2492 2488 2562 praecipue
2533 2508 2653 2550 sese
2680 2497 2907 2566 praebuit
2940 2498 3134 2555 ducem
3181 2502 3306 2557 vita
3336 2503 3450 2573 spi-

1881 2581 2118 2643 ritualis.
2134 2597 2165 2637 a
2184 2583 2383 2653 quibus
2399 2584 2447 2639 ei
2471 2584 2903 2655 ministrabatur,
2918 2604 3170 2661 quosque
3195 2592 3450 2658 habebat,

1882 2688 1993 2728 nou
2061 2686 2485 2742 comessatores,
2573 2676 2667 2731 sed
2731 2679 3011 2737 convivas.
3054 2680 3262 2736 Horum
3310 2699 3454 2739 unus

1883 2763 2063 2819 adhuc
2112 2776 2363 2837 superest
2403 2766 2677 2824 Antonius
2736 2771 2978 2837 nomine,
3031 2773 3123 2843 qui
3166 2775 3453 2830 nobiscum

1884 2870 2056 2926 usque
2107 2857 2173 2911 ad
2212 2859 2433 2913 senium
2466 2860 2569 2915 sub
2612 2860 2920 2917 obedientia
2955 2863 3126 2932 vivit;
3160 2866 3273 2936 ipse
3297 2867 3458 2922 nobis

1885 2954 2162 3017 suggerat,
2190 2962 2314 3017 quas
2354 2948 2443 3003 bic
2496 2948 2899 3006 desiderantur.
2945 2952 3333 3021 Quotidianus,
3369 2956 3455 3010 iu-

1882 3039 2022 3108 quit,
2052 3039 2208 3096 cibus
2258 3038 2408 3096 Patri
2460 3050 2580 3097 erat
2606 3044 2785 3113 panis,
2812 3060 2936 3100 cum
2978 3046 3101 3102 faba
3134 3057 3187 3103 et
3214 3048 3456 3103 oleribus

1881 3141 2046 3199 atque
2083 3130 2345 3185 arborum
2380 3130 2672 3197 fructibus.
2693 3136 2902 3206 absque
2930 3138 3070 3205 oleo,
3100 3149 3455 3210 pratterquam

1883 3220 2186 3277 Dominicis
2222 3222 2542 3293 festivisque
2593 3226 2807 3295 diebus,
2853 3228 3053 3299 quibus
3098 3242 3460 3285 consueverat

1881 3314 2159 3368 communi
2209 3329 2333 3368 cum
2387 3314 2649 3373 fratribus
2722 3334 2909 3376 mensa
2960 3321 3060 3375 uti.
3112 3321 3283 3378 Potus
3340 3332 3460 3377 erat

1882 3420 2046 3474 quem
2084 3403 2267 3461 fontes
2298 3415 2581 3476 preestant,
2613 3416 2669 3463 et
2700 3424 2809 3479 quo
2851 3425 3006 3466 mens
3040 3411 3334 3483 colligitur.
3367 3430 3459 3468 ne-

1880 3512 2155 3567 quaquam
2186 3499 2406 3567 capiens
2432 3498 2639 3554 [luxum
2675 3501 2985 3557 vinolentia;
3007 3512 3095 3569 ;et
3125 3504 3212 3559 hic
3230 3504 3455 3575 quidem

1883 3605 1991 3644 nou
2024 3606 2241 3660 semper
2270 3592 2646 3661 quotidianus,
2668 3593 2765 3649 sed
2787 3596 3113 3667 quandoque
3135 3599 3278 3654 ultra
3310 3599 3457 3655 diem

1884 3682 2109 3747 dilatus,
2139 3693 2233 3738 aut
2271 3683 2355 3739 bis
2387 3685 2442 3738 in
2483 3684 2823 3741 hebdomade
2879 3698 3154 3759 sumptus.
3200 3691 3459 3757 Quando-

1881 3788 1987 3843 que
2014 3774 2179 3828 etiam
2208 3774 2422 3830 decimo
2450 3776 2716 3833 duntaxat
2765 3779 2873 3844 die,
2898 3780 3094 3851 exigua
3121 3782 3211 3836 illa
3238 3800 3333 3839 seu
3364 3801 3461 3855 po-

1884 3866 1993 3920 tius
2024 3865 2168 3918 nulla
2199 3866 2453 3921 utebatur
2479 3866 2895 3935 refocillatione,
2932 3884 3153 3942 propter
3182 3889 3454 3931 summam

1883 3956 2209 4027 appetentia:
2244 3957 2663 4027 continentiam,
2700 3975 2822 4030 qua:
2851 3960 2929 4016 illi
2971 3963 3375 4033 quodammodo
3404 3967 3457 4021 in

1886 4058 2141 4104 naturam
2169 4050 2484 4105 transierat.
3126 4106 3130 4109 Α

1957 4142 2045 4197 l6.
2076 4140 2252 4196 Vestis
2286 4150 2340 4196 et
2369 4151 2544 4205 curta.
2576 4143 2643 4199 ad
2674 4143 2852 4200 solent
2885 4145 3122 4202 calorem
3160 4147 3324 4217 facta,
3353 4167 3460 4207 non

1884 4236 2064 4283 autem
2113 4228 2409 4285 subtilibus
2465 4230 2757 4288 ﬁlameutis
2782 4240 3033 4289 contexta
3078 4244 3173 4291 aut
3216 4238 3460 4294 colorum

1885 4320 2134 4377 tincturis
2163 4320 2375 4385 ﬂorida,
2419 4323 2634 4393 qualem
2678 4325 2863 4381 videre
2912 4336 3098 4382 amant
3128 4344 3233 4383 non
3275 4345 3464 4385 mona-

1886 4412 2105 4478 chi,sed
2137 4412 2529 4482 elegantiarum
2570 4414 2826 4471 studiosi.
2850 4415 3041 4474 Oratio
3074 4431 3129 4474 et
3151 4420 3314 4476 lectio
3342 4420 3464 4491 ejus

1888 4505 2161 4561 laboriosa
2194 4515 2331 4570 erat,
2363 4516 2417 4560 et
2444 4508 2600 4563 statis
2641 4510 2981 4579 temporibus
3005 4510 3247 4577 deﬁnita,
3278 4513 3460 4567 cibum

1887 4614 2107 4670 quoque
2134 4598 2255 4668 ejus
2286 4598 2605 4655 deliciarum
2636 4601 2758 4657 loco
2781 4602 3090 4658 condiebat.
3137 4603 3463 4673 Frequentia

1885 4690 2344 4762 genuﬂexionum,
2377 4706 2405 4744 a
2450 4691 2701 4749 Patribus
2769 4693 3005 4760 tradita,
3048 4703 3195 4750 tanta
3245 4707 3367 4751 erat
3402 4705 3465 4751 ut

1891 4783 2149 4838 manibus
2186 4783 2399 4853 ipsique
2437 4784 2490 4838 iu
2523 4799 2630 4855 qua
2662 4785 2867 4841 ﬁebant
2891 4796 3049 4843 terra:
3087 4787 3261 4844 callos
3308 4788 3468 4843 indu-

1892 4883 2095 4939 cereut,
2127 4875 2179 4928 in
2211 4886 2629 4932 monumentum
2665 4878 2884 4934 virtutis
2912 4878 3056 4948 ejus.
3091 4877 3334 4934 Stratum
3367 4896 3468 4935 nec

1893 4966 2057 5020 molle
2105 4976 2245 5031 erat,
2298 4982 2402 5021 nec
2457 4968 2601 5022 lecto
2646 4968 3030 5025 circumﬁuum
3068 4987 3081 5024 :
3122 4970 3214 5026 sed
3250 4987 3361 5041 quo
3389 4971 3469 5026 af—

1889 5059 1999 5129 ﬂigi
2026 5073 2248 5129 corpus,
2272 5069 2325 5114 et
2361 5060 2427 5114 ad
2476 5060 2780 5129 spiritualia
2808 5061 2982 5117 olﬁcia
3035 5062 3252 5117 ﬁrmum
3286 5072 3471 5133 posset

1890 5150 2122 5207 servari.
2178 5150 2439 5206 Mannum
2462 5154 2707 5222 operatio
2730 5155 2997 5226 diligens:
3031 5154 3141 5210 hoc
3197 5156 3345 5211 enim
3404 5172 3469 5211 ex

1892 5244 2168 5316 prmelaris
2228 5244 2373 5299 illius
2412 5244 2631 5301 delibus
2668 5262 2836 5301 unum
2875 5262 2987 5317 pra:
3027 5246 3236 5313 multis,
3273 5256 3333 5302 ut
3361 5264 3469 5302 non

1890 5339 2069 5393 dicam
2106 5338 2384 5401 omnibus,
2428 5337 2607 5407 ipsum
2638 5337 2873 5395 faciebat
2924 5341 3361 5405 lllustrem;aut
3414 5350 3473 5395 ut

1891 5429 2064 5500 magis
2087 5428 2307 5499 preprie
2342 5428 2553 5496 loquar,
2603 5430 2869 5500 Apostolo
2919 5431 3178 5497 similem,
3218 5431 3363 5501 quod
3392 5433 3475 5487 di-

1889 5536 2015 5577 cere
2077 5528 2300 5591 posset:
2351 5519 2435 5573 Αιί
2483 5536 2547 5575 ea
2600 5537 2718 5591 qua:
2777 5522 2905 5577 mihi
2951 5540 3081 5592 opus
3119 5530 3272 5577 erant
3305 5532 3354 5576 et
3390 5523 3471 5577 his

1723 5634 1957 5693 NOTE.

293 5753 363 5823 (ε)
404 5751 710 5831 ’Δκρόθρυα
737 5769 970 5831 summas
995 5753 1183 5808 herbas
1217 5752 1602 5831 interpretatur
1648 5750 1779 5807 Sirle

1915 5750 2057 5831 {sed
2093 5748 2221 5821 quia
2252 5747 2436 5818 δρύον,
2462 5751 2631 5807 altera
2677 5752 2968 5823 compositi
2998 5767 3147 5824 pars,
3190 5751 3467 5821 signiﬁcat

225 5820 877 5902 m‘nnsimaluian-borum
913 5824 1150 5902 fructus,
1171 5834 1227 5878 et
1254 5820 1474 5902 quidem
1500 5822 1797 5902 silvestres,
1827 5820 2149 5902 intelligere.
2306 5894 2317 5902 .
2763 5891 2775 5902 _
2805 5820 2819 5823 ’
2855 5892 2885 5902 ,γ
2940 5893 2947 5900 ,

308 5895 374 5963 ti)
409 5892 749 5964 Eegraplmm
782 5903 1027 5951 nostrum
1052 5894 1239 5963 φαίην·
1275 5890 1388 5947 ἐειι
1414 5907 1607 5948 sensus
1630 5890 1843 5946 videtur
1873 5890 2201 5948 inﬁnitivum
2233 5894 2468 5961 exigere,
2499 5907 2660 5962 quem
2694 5891 2973 5947 subStitui.
