4170 6488
678 414 785 486 819

1880 422 1939 484 S.
1989 424 2084 481 ΤΗ
2098 421 2375 480 EODORI
2404 418 2746 481 STUDsz‘E

3824 400 3936 466 820

678 528 768 597 qui
820 538 1019 581 mecum
1063 536 1203 591 sunt,
1238 527 1664 583 utiuistrnveruut
1714 544 1899 583 manus
1964 531 2080 583 ista:
2113 546 2130 583 :
2162 546 2253 583 ue-

2373 530 2590 601 Ξχοντος,
2624 529 2756 595 Ταῖς
2776 529 2999 596 χρείαις
3029 543 3145 595 μου
3171 524 3269 580 καί
3302 522 3422 589 τοῖς
3448 518 3590 578 οὖσι
3615 517 3759 587 ἔμετ⁹
3782 516 3929 587 illo;

677 634 775 687 que
821 620 987 689 gratis
1010 636 1195 689 panem
1226 621 1427 675 comedi
1449 621 1490 674 '.
1553 620 1685 687 Quae
1714 621 1861 676 enim
1912 638 2105 677 manus
2141 622 2254 676 ele-

681 709 920 777 gantius,
954 726 1118 779 quam
1148 710 1295 765 illius
1337 710 1580 771 dextera.
1639 710 1946 765 litterarum
1989 710 2258 764 formabat

686 800 941 853 tractus?
968 808 1062 853 aut.
1090 802 1214 870 quis
1242 799 1515 854 scribebat
1557 800 1880 867 studiosius,
1922 816 2045 855 cum
2085 801 2257 870 ipsius

683 891 938 946 alacritas
995 892 1375 960 qualecunque
1422 907 1559 962 opus
1622 893 1894 949 ferventer
1940 894 2258 963 aggredere-

686 981 970 1048 tur?Quis
1000 993 1179 1037 autem
1225 998 1545 1039 enumerare
1583 983 1761 1038 valeat
1800 998 1895 1039 eos
1932 984 1985 1037 in
2026 999 2252 1053 quorum

685 1073 937 1128 manibus
958 1085 1084 1128 sunt
1117 1074 1187 1128 ab
1223 1074 1341 1143 ipso
1381 1075 1569 1145 scripti
1604 1074 1766 1129 libelli
1801 1084 1854 1129 et
1882 1075 2168 1144 Opuscula,
2191 1092 2254 1128 ex

684 1164 912 1221 diversis
937 1166 1138 1222 divinis
1174 1164 1425 1221 Pati-ibus
1475 1167 1701 1221 collecta
1745 1176 1801 1222 et
1855 1168 2082 1221 multam
2140 1167 2260 1223 alre-

688 1256 863 1311 rentia
920 1257 1435 1314 utilitatem?Unde
1485 1275 1617 1314 vero
1672 1260 2021 1315 monasteriis
2062 1260 2261 1314 nostris

687 1348 792 1402 ista
830 1348 1095 1404 librorum
1129 1350 1325 1419 copia?
1354 1350 1603 1420 nunquid
1646 1351 1715 1407 ab
1744 1352 1889 1407 illius
1912 1351 2117 1406 sanctis
2148 1366 2263 1404 ma-

690 1439 851 1493 nibus
874 1449 927 1495 ct
951 1434 1267 1496 laboribus?
1294 1442 1445 1512 Ipsos
1480 1443 1788 1497 volutantes
1828 1454 1883 1498 et
1922 1444 2261 1498 illustramur

689 1530 869 1598 quoad
926 1532 1191 1598 animum,
1232 1543 1286 1587 et
1348 1534 1673 1603 scripturam
1725 1534 2061 1588 admiramur
2098 1534 2257 1589 talem

2359 622 2747 690 ὑπηρέτησαν
2771 624 2830 675 al
2857 620 3050 691 χεῖρες
3067 614 3263 683 αὗται,
3290 617 3378 671 ὅτι
3401 615 3559 685 μηδὲ
3582 613 3812 681 δωρεὰν
3836 612 3933 678 ἄρ

2358 730 2464 767 τον
2485 713 2726 781 ἔφαγεν.
2754 711 2889 766 Ποία
2920 711 3026 782 γὰρ
3048 710 3174 781 χεὶρ
3199 712 3301 780 τῆς
3336 707 3544 760 ἐκείνου
3580 704 3775 769 δεξιᾶς.
3805 719 3914 772 μου

2360 804 2655 875 σικὼτερον
2704 802 3283 874 ὲσυρμαιογρὰφησεν,
3329 798 3478 867 ἧτίς
3527 794 3941 861 ἐπιπονώτερον

2358 895 2457 962 τῆς
2485 895 2691 948 ἐκείνου
2722 894 3030 964 προθυμίας
3068 890 3680 959 ὲσπουδαιογράφησενς
3712 885 3943 939 καὶπῦρ.

2360 986 2537 1038 ὁτιοῦν
2588 986 2895 1055 προσπεσὸν
2926 985 3086 1056 ἔργον
3132 982 3349 1056 Θερμῶς
3394 978 3775 1051 διεχειρίσατο.
3812 973 3943 1034 Πῶς,

2362 1076 2428 1130 ἄν
2481 1095 2565 1137 τις
2618 1076 3075 1149 ἐξαριθμήσειεν,
3106 1076 3231 1139 τοὺς
3282 1074 3348 1127 τὰ
3399 1070 3612 1128 ἐκείνου
3640 1068 3941 1136 πονήματσ

2367 1170 2465 1222 εἰτ’
2494 1169 2587 1222 οὖν
2614 1170 2921 1240 βιϐλιδάρια
2949 1168 3189 1239 ἔχοντας,
3220 1167 3284 1219 ἐκ
3313 1164 3585 1235 διαφόρων
3609 1160 3767 1214 θείων
3818 1159 3936 1211 Ila.

2367 1259 2540 1329 τέρων
2592 1259 3042 1332 ἀνθολογηοέντα,
3087 1258 3180 1312 καὶ
3202 1256 3391 1328 ἱκανὴν
3443 1252 3781 1325 ποριζόμενα
3826 1252 3946 1311 τοῖς

2371 1351 2731 1421 κεκτημένοις
2766 1352 2861 1422 τὴν
2887 1351 3197 1421 iussit-"tm;
3245 1351 3375 1413 Ταῖς
3417 1347 3538 1401 καθ’
3565 1347 3715 1417 ἡμᾶς
3750 1344 3808 1397 δὲ
3842 1360 3947 1412 μο-

2367 1442 2486 1503 ναῖς
2529 1440 2694 1495 πόθεν
2724 1442 2945 1497 ἄλλοθεν
2996 1444 3029 1513 ή
3074 1442 3181 1495 τῶν
3214 1441 3413 1495 δέλτων
3443 1436 3676 1508 εὐπορία
3705 1453 3720 1502 ;
3756 1435 3791 1505 ἤ
3820 1432 3949 1501 οὐχὶ

2363 1534 2428 1585 ὲκ
2456 1532 2561 1586 τῶν
2590 1534 2801 1589 ἐκείνου
2828 1535 3001 1604 ἁγίων
3034 1533 3235 1605 χειρῶν
3264 1533 3359 1587 καὶ
3385 1531 3597 1595 πόνων;
3626 1530 3691 1591 ἃς
3728 1530 3777 1581 oi
3811 1543 3951 1598 μετ-

690 1636 755 1674 ac
780 1632 1007 1679 tantam.
1052 1623 1155 1679 Sed
1212 1625 1459 1695 quedam
1513 1626 1677 1680 tacita
1728 1627 2255 1695 preterivitsermo.

2373 1631 2539 1696 ιόντες
2575 1632 2675 1685 καὶ
2701 1629 2798 1700 τὴν
2820 1628 2998 1699 ψυχὴν
3032 1624 3402 1697 φωτιζόμεθα,
3434 1624 3529 1676 καὶ
3554 1621 3651 1693 τὴν
3694 1618 3948 1690 γραφίδα

688 1713 754 1769 ad
787 1730 908 1783 quae
937 1719 1241 1770 enarranda
1272 1718 1609 1786 regrediatur
1637 1734 1859 1772 necesse
1890 1730 1990 1773 est.

2363 1724 2717 1794 Θαυμάζομεν
2776 1721 2935 1774 ὁποία
2960 1737 3020 1772 τε
3050 1716 3349 1788 καὶ,ήλίκη.
3394 1713 3573 1769 Ἀλλὰ
3611 1712 3715 1784 γὰρ
3754 1728 3945 1781 παρα-

687 1804 909 1873 δραμὼν
954 1807 982 1859 ό
1017 1806 1171 1875 λόγος
1221 1808 1549 1878 ἀνιστόρητᾶ.
1605 1826 1744 1873 τινα,
1772 1808 1928 1861 πάλιν
1960 1810 2329 1883 ὀπονοστήσας
2367 1813 2756 1881 ἁπαγγελλέτω
2784 1812 2852 1866 τὰ
2892 1809 3349 1879 παραλειφθέντα.

762 1897 847 1950 l7.
881 1896 1146 1967 Tempore
1190 1900 1281 1954 illo
1333 1902 1559 1955 invaluit
1590 1912 1882 1970 tempestas
1935 1902 2251 1971 impietatis,
2287 1913 2327 1967 Β

688 1992 1102 2057 Constantinus,
1120 1996 1365 2065 inquam,
1386 1995 1472 2050 illc
1497 1996 1819 2066 cogitatione
1838 1998 2032 2066 impius
2055 2000 2130 2067 (9)
2151 2015 2265 2053 ma-

693 2082 820 2136 litia:
861 2088 1042 2139 omnis
1090 2086 1521 2154 receptaculum,
1558 2087 1845 2155 multiceps
1876 2088 2064 2152 draco,
2095 2089 2266 2143 hatre—

692 2172 773 2226 sis
804 2175 1204 2231 iconoolasticze
1259 2177 1477 2242 ductor,
1513 2178 1795 2233 monastici
1826 2178 2038 2233 ordinis
2078 2194 2265 2248 perse-

691 2269 852 2317 Culnr
886 2264 1140 2320 acerbus.
1178 2264 1349 2330 Quem
1407 2266 1497 2320 ille
1534 2276 1847 2321 nostrorum
1884 2265 2264 2321 Nazara'orum

694 2369 799 2407 nou
832 2355 1250 2409 exterminavit?
1282 2372 1440 2426 quem
1464 2357 1838 2412 absconditum
1875 2372 1982 2412 non
2012 2356 2269 2427 produxit

694 2448 747 2500 in
785 2447 1250 2519 medium1quem
1292 2451 1392 2504 sibi
1435 2449 1675 2504 oblatum
1716 2464 1824 2502 non
1876 2448 2043 2502 traxit
2077 2450 2129 2502 in
2165 2448 2262 2503 ba-

695 2540 941 2593 rathru‘m
972 2540 1312 2609 impietatis?
1351 2542 1495 2596 Sane
1526 2542 1568 2597 si
1619 2541 1744 2611 quis
1781 2556 1848 2594 ex
1879 2538 2269 2594 illustrioribus

695 2629 873 2699 ipsum
908 2630 1084 2697 latuit,
1116 2640 1373 2702 tanquam
1411 2633 1648 2688 scintilla
1680 2634 1733 2686 in
1784 2632 1906 2687 loco
1941 2630 2144 2691 abdito.
2183 2633 2266 2685 in-

698 2728 781 2771 ter
836 2726 1081 2774 mortuos
1132 2722 1487 2790 reputabatur
1509 2722 1577 2776 ab
1604 2722 1671 2776 iis
1696 2720 1787 2790 qui
1816 2720 2068 2775 vivebant
2104 2735 2267 2789 super

697 2818 918 2862 terram.
946 2807 1092 2865 Talis
1118 2820 1298 2867 autem
1348 2813 1509 2866 etiam
1548 2824 1727 2867 noster
1753 2812 1896 2868 Elias
1932 2812 2053 2878 fuit,
2085 2824 2267 2869 custo-

698 2901 889 2957 ditusa
927 2900 1155 2960 Domino
1186 2905 1239 2958 in
1275 2907 1474 2975 quibus
1507 2908 1864 2962 exercebatur
1890 2908 2047 2972 locis,
2075 2918 2135 2962 ut
2170 2925 2266 2962 ne-

699 3008 806 3062 que
833 2993 885 3047 in
938 3010 1135 3050 manus
1187 2996 1311 3052 novi
1357 2997 1514 3052 istius
1556 2998 1742 3052 Achab
1783 2998 2068 3063 incideret,
2095 3013 2270 3069 neque

700 3085 977 3154 particeps
1005 3085 1154 3140 llerct
1176 3086 1472 3157 impietatis
1499 3106 1513 3153 ;
1549 3091 1642 3144 sed
1694 3099 1815 3160 post
1848 3091 2138 3146 transitum
2171 3108 2270 3145 no-

702 3184 910 3231 cturnae
957 3177 1104 3233 illius
1163 3178 1524 3245 conlusionis,
1576 3191 1861 3251 appareret
1913 3183 2069 3238 nobis
2126 3182 2270 3237 velut

2438 1906 2525 1971 ιζ’.
2566 1903 2821 1977 Ἤκμαζε
2867 1901 3169 1973 τηνικαῦτα
3199 1903 3227 1954 ό
3269 1897 3478 1973 χειμὼν
3528 1897 3629 1966 τῆς
3659 1893 3950 1960 ἀσεϐείας,

2372 2001 2779 2062 Κωνσταντῖνος
2814 1999 2843 2051 ό
2871 1995 3139 2066 δυσσεϐὴς
3164 1993 3455 2063 λογισμὸν,
3485 1990 3547 2043 τδ
3589 1990 3687 2059 τῆς
3743 1989 3950 2051 κακίας

2370 2093 2599 2162 δοκεῖον,
2638 2093 2667 2145 δ
2709 2088 3087 2158 πολυκέφαλος
3133 2086 3370 2157 δράκων,
3402 2086 3431 2137 ό
3468 2084 3565 2152 τῆς
3599 2083 3950 2149 εἰκονομαχε-

2372 2185 2476 2253 κῆς
2499 2182 2765 2255 αἱρέσεως
2804 2181 3122 2251 τριστάτης,
3161 2181 3189 2232 ὁ
3220 2177 3315 2230 τοῦ
3348 2172 3633 2246 μοναδικοῦ
3660 2174 3951 2241 τάγματος

2372 2278 2569 2343 πικρὸς
2609 2272 2864 2344 διώκτης,
2896 2272 2953 2336 ὃς
3004 2271 3125 2325 τίνα
3167 2270 3265 2341 μὲν
3306 2269 3415 2323 τῶν
3440 2266 3563 2321 καθ’
3597 2267 3744 2336 ἡμᾶς
3775 2265 3953 2327 Ναξι-

2378 2367 2545 2435 ραίων
2573 2366 2677 2418 οὐκ
2705 2365 3029 2435 ὲξηφάνισεν
3053 2381 3069 2431 ;
3094 2363 3215 2414 τίνα
3243 2361 3300 2414 δὲ
3333 2360 3709 2430 κρυπτόμενον
3733 2356 3835 2409 οὐκ
3869 2355 3951 2417 είς

2378 2457 2540 2527 μέσον
2580 2456 2825 2526 ἦγαγεν;
2861 2457 3009 2508 ποῖον
3030 2453 3086 2505 δὲ
3117 2449 3542 2521 ἀντιφερόμενον
3574 2449 3634 2500 οὐ
3669 2447 3954 2500 κατέσπα-

2377 2566 2468 2602 σεν
2502 2550 2581 2610 εἰς
2612 2547 2673 2599 τὸ
2703 2546 2797 2600 καὶ
2826 2544 3085 2608 ἀσεϐείας
3131 2542 3435 2613 βάραθρονς
3470 2539 3547 2599 ὡς
3591 2538 3644 2591 εί
3684 2536 3789 2590 πού
3826 2553 3952 2589 τινα

2375 2638 2829 2707 ἐναπολειφθέντα
2877 2638 2987 2690 τῶν
3034 2633 3349 2705 ἐπιφανῶν,
3398 2631 3587 2701 ὥσπερ
3634 2628 3758 2684 τινὰ
3788 2645 3951 2681 σπιν-

2377 2731 2518 2801 Θῆρα
2556 2733 2612 2783 ἐν
2642 2728 2938 2798 ἀποϐύστῳ
2970 2726 3121 2795 τόπῳ
3166 2724 3443 2793 κείμενον,
3476 2723 3535 2775 ὲν
3554 2720 3769 2791 νεκροῖς
3795 2717 3953 2770 λελο-

2377 2823 2553 2890 γὲναι,
2588 2821 2741 2889 παρὰ
2788 2819 2897 2873 τῶν
2943 2818 3027 2871 ἐτι
3072 2815 3211 2887 ὑπὲρ
3262 2814 3367 2885 γῆν
3416 2814 3603 2866 ὄντων.
3642 2808 3954 2874 Τοιοῦτοςδ

2378 2914 2645 2985 ἡμέτερος
2687 2911 2895 2973 Ἠλίας,
2938 2908 3043 2962 ὑπὸ
3080 2907 3284 2977 Κυρίου
3314 2904 3723 2973 φυλαττόμενος
3784 2904 3843 2954 ἐν
3871 2895 3953 2964 οἷς

2375 3008 2596 3075 ἠσκεῖτο
2653 3003 2860 3067 τόποις,
2893 3001 2990 3056 καὶ
3034 3000 3109 3071 μὴ
3149 3000 3228 3063 εἰς
3260 3000 3448 3070 χεῖρας
3480 2997 3639 3060 ἁλοὺς
3678 2994 3774 3049 τοῦ
3822 2993 3953 3048 νέου

2390 3094 2618 3167 ’Λχαὰϐ,
2664 3094 2803 3165 μηδέ
2848 3090 3138 3164 μετασχὼν
3175 3090 3275 3159 τῆς
3313 3078 3526 3142 ἐκείνου
3568 3086 3844 3150 ἀσεϐείας,
3885 3083 3951 3136 ἶν’

2378 3189 2628 3257 ἀναφανῇ
2666 3186 2801 3255 μετὰ
2841 3183 3174 3253 παρέλευσιν
3208 3181 3308 3251 τῆς
3336 3178 3728 3249 νυκτομαχίαις,
3774 3176 3953 3247 ἀστὴρ

702 3268 857 3322 stella
912 3269 1176 3324 matutina
1207 3287 1222 3335 ;
1254 3270 1396 3339 quod
1424 3280 1478 3326 et
1525 3270 1721 3326 factum
1772 3273 2031 3328 vidimus.
2066 3274 2271 3328 Etenim

2381 3278 2601 3339 ἑωθινὸς
2630 3278 2783 3346 ἡμῖν,
2811 3277 2947 3344 ὅπερ
2973 3273 3071 3326 καὶ
3104 3272 3349 3340 γέγονεν.
3398 3268 3680 3323 Ἐντεῦθεν
3705 3268 3795 3321 διά
3830 3283 3953 3319 τινα

705 3361 1029 3416 necessariis
1073 3361 1399 3432 quibusdam
1432 3379 1494 3417 ex
1539 3365 1719 3419 causis
1750 3366 2031 3435 ingressus
2058 3378 2139 3421 cst
2168 3364 2273 3435 By-

705 3455 984 3520 zantium;
1019 3470 1252 3526 cumque
1286 3456 1321 3511 ii
1352 3455 1444 3527 qui
1482 3458 1532 3510 in
1568 3459 1701 3512 urbe
1739 3460 1932 3529 reliqui
1973 3471 2125 3513 erant
2159 3475 2274 3515 mo-

708 3543 890 3611 nachi,
942 3544 1121 3601 denuo
1156 3547 1303 3601 velut
1332 3547 1622 3602 luminaria
1654 3551 1953 3618 coepissent
1993 3550 2269 3620 conspici;

2381 3369 2653 3437 ἀναγκαία
2690 3368 2915 3420 εἴσεισιν
2955 3364 3035 3426 είς
3059 3364 3119 3416 τὸ
3157 3361 3471 3426 Βυζάντιον,
3503 3360 3628 3429 ἄρτι
3657 3358 3848 3427 ὥσπερ
3874 3375 3954 3411 τι·

2379 3457 2485 3513 νῶν
2519 3456 2822 3527 φωστήρων
2872 3451 3311 3524 ἐπιφαινομένων
3344 3449 3453 3502 τῶν
3485 3446 3954 3517 ὲπιλελειμμένων

2384 3548 2667 3621 μοναστῶν
2692 3550 2808 3612 τοῖς
2838 3550 2896 3602 ὲν
2927 3548 3103 3607 ἄστει.

708 3638 1018 3707 comparuit
1064 3646 1321 3707 tanquam
1357 3654 1386 3691 a
1436 3640 1669 3695 mortuis
1726 3640 2001 3696 redivivus
2062 3641 2275 3709 beatus,
2316 3656 2440 3697 nam
2496 3656 2596 3696 nec
2648 3638 2806 3696 nobis
2869 3637 3092 3709 quidem
3139 3635 3271 3706 ipsis
3313 3634 3625 3692 innotuerat
3680 3630 3818 3703 (10),
3857 3647 3951 3700 ge-

712 3732 919 3789 nitricis
948 3747 1079 3786 mea:
1106 3730 1329 3789 fratrem
1373 3732 1551 3788 adhuc
1578 3736 1920 3806 superstitem
1957 3749 2099 3792 esse.

782 3894 869 3947 18.
905 3892 1104 3948 Diﬂ'usa
1144 3905 1225 3949 est
1284 3905 1462 3949 autent
1501 3898 1769 3954 adventus
1814 3900 1931 3969 ejus
1974 3900 2133 3965 fama,
2174 3915 2279 3955 non

712 3996 921 4041 tantum
978 3989 1118 4042 inter
1155 3999 1415 4059 cognatos
1442 4001 1496 4044 et
1537 4002 1717 4057 notos,
1750 3992 1843 4047 sed
1874 4008 1967 4062 per
1998 4002 2161 4047 totam
2191 4010 2283 4047 ur-

714 4080 832 4133 bem
871 4077 1263 4149 Byzantiuam;
1312 4082 1434 4135 aliis
1496 4083 1603 4137 alio
1645 4084 1821 4152 ipsum
1859 4085 2199 4140 trahentibus
2230 4095 2283 4140 et.

712 4169 943 4239 benigne
966 4171 1414 4238 suscipientibus,
1441 4182 1601 4242 atque
1641 4174 1866 4228 salutari
1891 4174 2008 4244 ejus
2035 4176 2281 4232 doctrina

714 4260 815 4314 frui
862 4262 1228 4330 cupientibus.
1256 4261 1388 4318 Erat
1436 4268 1603 4331 enim,
1640 4276 1697 4321 ut
1728 4266 1822 4337 qui
1862 4268 2120 4335 maxime,
2156 4284 2281 4323 sua-

713 4353 794 4406 vis
858 4368 1128 4419 sermone,
1190 4354 1408 4411 suavior
1452 4357 1711 4423 moribus,
1752 4374 1814 4414 ea
1858 4370 2037 4414 autem
2102 4359 2280 4414 forma

712 4460 833 4517 qua:
858 4445 1185 4501 monachum
1212 4449 1581 4514 commendat,
1609 4460 1663 4505 ct
1689 4455 1743 4506 ln
1777 4452 2024 4507 doctrina
2060 4454 2278 4519 varius;

714 4536 968 4592 omnibus
996 4538 1180 4594 omnia
1201 4536 1398 4602 factus.
1429 4542 1728 4599 secundum
1774 4543 2089 4612 Apostolum
2116 4559 2281 4612 ;con-

710 4629 919 4699 jugatis
978 4638 1173 4686 auctor
1218 4634 1612 4703 temperantiae,
1662 4635 1967 4706 virginibus
2005 4635 2283 4702 defensor,

716 4722 1037 4777 adhortator
1064 4724 1487 4781 constitutorum
1531 4727 1584 4785 in
1624 4736 1913 4797 potestate,
1960 4729 2160 4798 spiritu
2202 4730 2287 4783 in-

2458 3900 2547 3971 :q'.
2581 3900 2693 3954 Καὶ
2721 3898 2952 3968 ἐπείπερ
2976 3898 3051 3961 ὡς
3079 3897 3142 3949 ὲκ
3172 3896 3383 3967 νεκρῶν
3419 3894 3530 3960 ζῶν
3578 3890 3948 3961 ἀνεγνωρίσθη

2382 3996 2411 4048 ό
2438 3996 2747 4066 μακαρίτης
2789 3991 2933 4059 (οὐδὲ
2998 3988 3107 4059 γὰρ
3136 3990 3216 4043 ὅτι
3251 3988 3396 4059 ὑπῆν
3436 3986 3592 4057 ἡμῶν
3638 3984 3737 4055 τῆς
3764 3981 3948 4035 τεκού-

2386 4106 2485 4159 σης
2544 4086 2800 4157 ὁμαίμων
2853 4082 3226 4152 ἑγνωρίζετο),
3262 4080 3472 4149 γίνεται
3524 4078 3848 4148 περιϐόητος
3892 4076 3951 4129 οὐ

2388 4180 2547 4251 μόνον
2575 4174 3111 4246 συγγενεῦσιν,·ἁλλὰ
3136 4173 3243 4243 γὰρ
3262 4172 3357 4225 καὶ
3377 4174 3525 4241 nisu
3550 4174 3618 4241 τῇ
3652 4170 3950 4235 Βυζαντίδι,

2383 4271 2558 4325 ἄλλων
2592 4267 2826 4339 ἀλλαχοῦ
2854 4266 3120 4320 ἑλκόντων
3150 4265 3335 4329 αὐτὸν,
3357 4261 3675 4333 περιχαρῶς
3698 4278 3757 4313 τε
3779 4263 3950 4313 ἀσπα-

2387 4361 2652 4433 ζομένων,
2708 4360 2805 4413 καὶ
2858 4359 3193 4430 φιλοφρόνως
3249 4354 3633 4422 δεξιουμένων,
3685 4353 3778 4405 καὶ
3825 4352 3954 4404 ἁπο-

2387 4454 2658 4508 λαυόντων
2713 4451 3062 4515 διδασκαλίας
3122 4448 3528 4520 προσηκούσης.
3566 4441 3674 4498 Ἦν
3720 4445 3829 4515 γὰρ
3879 4444 3953 4496 ὅτι

2394 4548 2628 4619 μάλιστα
2656 4547 2686 4598 δ
2718 4546 2858 4616 ἀνὴρ
2893 4543 3027 4615 ἡδὺς
3074 4541 3163 4595 τὸν
3203 4541 3382 4609 λόγον,
3433 4538 3691 4609 ses-3:299;
3716 4536 3808 4588 τὸν
3839 4535 3954 4603 τρό-

2393 4656 2513 4700 πον,
2544 4635 2844 4709 ἀσκητικὸς
2861 4635 2921 4687 τὸ
2951 4630 3112 4696 εἶδος,
3143 4630 3427 4699 πολυειδὴς
3454 4632 3552 4699 τὴν
3586 4626 3949 4686 διδασκαλίαν,

2389 4731 2503 4791 τοῖς
2519 4726 2735 4779 πᾶσιτὰ
2764 4725 2963 4788 πάντα,
3001 4720 3373 4783 ἀποστολικῶς
3391 4721 3585 4783 εἰπεῖν,
3615 4716 3949 4786 γιγνόμενος,

719 4813 1000 4869 lit-morum
1033 4814 1299 4873 medicus.
1329 4814 1581 4873 Patribus
1614 4817 1751 4872 filios
1812 4818 2113 4874 concordes
2170 4819 2272 4873 elli-

2392 4822 2498 4873 τῶν
2525 4820 2582 4871 ἐν
2614 4815 2895 4885 συζυγίαις
2930 4814 3323 4883 σωςρονιστὴς,
3362 4810 3470 4863 τῶν
3517 4808 3958 4880 παρθενευόντων

718 4902 916 4971 ciebat,
947 4915 1001 4961 et
1039 4907 1165 4962 liliis
1196 4917 1378 4977 patres
1411 4910 1799 4965 reconciliabat
1827 4928 1841 4976 ;
1877 4911 2054 4966 servis
2084 4912 2285 4965 suade-

720 4996 829 5057 bat,
885 5006 946 5051 ut
979 4998 1217 5056 dominis
1247 5012 1435 5059 essent
1465 5004 1720 5073 morigeri
1744 5021 1758 5070 ;
1780 5013 1835 5058 et
1866 5004 1966 5059 hos
2000 5004 2290 5059 inducebat

722 5099 780 5145 ut
809 5089 914 5145 illis
948 5089 1188 5155 facerent
1234 5093 1388 5148 bene.
1421 5096 1491 5152 Ut
1518 5107 1711 5152 castora
1746 5112 1907 5167 porro
1939 5097 2143 5159 omnia,
2168 5112 2289 5165 qua:

722 5179 800 5234 vir
833 5180 923 5235 Dei
958 5183 1188 5238 l'ariehat
1212 5184 1552 5257 dicebatque.
1573 5190 1824 5259 cognosci
1848 5189 2081 5258 possint,
2117 5205 2283 5247 uuuut

790 5292 808 5322 '
845 5294 961 5348 Act.
997 5310 1086 5357 vx,
1120 5296 1207 5349 54.

2395 4906 2785 4976 συνασπιστὴς,
2819 4904 2927 4957 τῶν
2968 4904 3026 4956 ὲν
3084 4901 3357 4968 ἐξουσίαις
3400 4899 3831 4971 παρακλητικὸς,
3855 4897 3952 4950 τῶν

2388 5000 2755 5056 ἁσοενούντων
2787 5000 2867 5060 είς
2902 4996 3081 5066 ψυχὴν
3112 4994 3316 5065 ἰατρὸς,
3358 4994 3597 5064 πατράσι
3624 4992 3791 5045 τέκνα
3827 5007 3952 5059 συμ-

2391 5094 2647 5157 ϐιϐἁζων,
2686 5090 2931 5156 πατέρας
2955 5088 3166 5150 τέκνοις
3215 5086 3639 5149 καταλλάσσων,
3675 5084 3951 5145 δεσπόταις

2394 5185 2611 5246 δούλους
2646 5183 2852 5234 εὐνοεῖν
2884 5176 3208 5245 ἀντιϐολῶν,
3236 5178 3331 5233 καὶ
3356 5177 3577 5239 τούτους
3615 5174 3844 5237 ἐκείνοις
3868 5173 3948 5225 εὐ-

2244 5407 2475 5465 NOTAE.

796 5572 873 5643 (9)
904 5573 1128 5643 Summa
1151 5571 1445 5643 crudelitas
1492 5570 1825 5643 Copronvmi
1885 5570 1936 5643 in
1990 5569 2290 5643 monachos

723 5654 779 5700 et
802 5630 1007 5717 ‘sacras
1047 5641 1339 5717 τεξιίᾳυὶυίξ⁸
1361 5630 1596 5717 refertur
1622 5630 2048 5717 _af_'l'heophane
2094 5642 2157 5691 ad
2188 5654 2291 5717 au-

727 5730 856 5771 num
900 5712 1105 5779 imperti
1132 5710 1249 5779 ejus
1283 5712 1370 5768 31.
1393 5712 1590 5766 Clu-isti
1622 5711 1746 5763 772.
1784 5711 2023 5763 Mortuus
2077 5720 2155 5763 est
2187 5710 2293 5760 (jo-

735 5798 1030 5854 pronymus
1075 5784 1133 5835 Η
1157 5781 1489 5850 Septembris
1519 5784 1640 5837 sum
1682 5782 1802 5834 775.
1850 5783 2144 5836 Successor
2179 5781 2295 5845 ejus

2400 5567 2541 5621 lilius
2572 5566 2678 5621 Leo
2712 5567 2955 5635 regnavit
2987 5580 3160 5636 usque
3188 5562 3255 5620 ad
3317 5577 3524 5619 annum
3556 5562 3678 5623 780,
3714 5571 3945 5616 mortuus

2398 5639 2431 5690 8
2464 5638 2819 5705 Srptembris.

2470 5702 2581 5772 (Ill)
2622 5708 2960 5765 Iudel‘tuitius
3015 5707 3245 5761 Sirletus
3277 5724 3289 5757 z
3318 5724 3335 5756 ι
3365 5703 3550 5775 Neque
3594 5702 3741 5758 enim
3802 5718 3832 5758 a
3865 5717 3944 5759 co-

2399 5779 2574 5846 gnatis
2600 5792 2885 5847 superesse
2920 5778 3241 5833 credebatur
3303 5793 3320 5826 ι
