4170 6500
234 396 336 460 8:21

893 410 1174 474 ORATIO
1205 414 1310 475 XI.
1340 437 1410 454 -
1450 415 1831 477 LAUDATIO
1866 413 1927 478 S.
1984 416 2352 478 PLATONIS
2409 417 2838 481 HEGUMENI.

3377 423 3481 487 822

235 508 470 578 εργέτας
514 512 809 573 καθιστῶν.
847 519 1027 576 Τᾶλλα
1069 522 1168 576 ὅσα
1211 524 1238 576 ὁ
1265 522 1360 576 τοῦ
1415 522 1549 577 θεοῦ
1610 525 1811 596 ἄνθρω-

1919 525 2118 591 dicam,
2173 527 2319 596 quod
2385 528 2542 582 fidem
2602 539 2825 598 praestet
2887 530 3165 602 reliquis:
3229 535 3480 593 videlicet

234 618 341 665 πος
377 604 546 658 ποιῶν
583 624 645 661 τε
699 611 793 664 καὶ
819 611 993 680 λέγων
1035 614 1382 684 γνωρίζεται,
1428 615 1486 669 ἓν
1526 615 1694 670 εἰπὼν
1727 618 1806 679 εἰς

237 698 503 751 σύστασιν
543 700 653 755 τῶν
680 703 1005 775 εἰρημένων,
1029 709 1290 760 πιστώσω
1325 707 1418 764 τὸν
1442 709 1619 776 λόγον.
1655 709 1809 761 Ὀτι-

238 803 349 855 περ
382 787 474 855 ἀφ’
498 781 558 840 οὗ
585 791 930 862 ἐπεδήμησεν
969 798 1084 860 τοῖς
1140 797 1198 849 ὲν
1223 797 1397 864 ἄστει,
1427 799 1581 861 ὅλους
1630 799 1809 862 οἴκους

241 878 602 946 μετέπλασεν,
629 883 721 934 καὶ
750 886 1231 955 μετεστοιχεξωσεν
1271 888 1352 950 εἰς
1389 886 1502 956 βίον
1534 889 1808 957 ἐνάρετον.

238 965 306 1016 Τί
338 965 400 1035 δὴ
434 966 632 1035 τοῦτο;
665 971 866 1039 Ὅρκον
898 973 1136 1042 ἐκκόψας
1158 978 1222 1045 τῇ
1252 978 1609 1045 παραινετικῇ
1646 974 1810 1027 αὐτοῦ

237 1057 481 1128 γλώττῃ,
501 1060 923 1133 καλλωπισμοῖις
955 1067 1236 1129 συστείλας
1274 1069 1338 1136 τῇ
1379 1068 1632 1137 εὐκόσμῳ
1665 1066 1802 1120 διδα-

239 1151 443 1220 σκαλία
467 1169 480 1182 ·
514 1153 883 1224 φιλοπτωχίαν
896 1158 1202 1227 ἐμποιήσας
1222 1161 1285 1228 τῇ
1313 1158 1475 1230 ἡθικῇ
1518 1159 1808 1226 ὑφηγήσει,

238 1236 384 1310 ἐξῆς
410 1241 637 1306 κένωσις
652 1245 948 1315 χρημάτων
971 1249 1061 1300 καὶ
1081 1247 1342 1318 διανομαὶ
1362 1250 1446 1318 ἐφ’
1477 1248 1567 1312 οὓς
1591 1251 1812 1317 ἠσκεῖτο

235 1333 439 1396 τόπους
471 1333 739 1406 δημόσιοι.
774 1337 916 1407 Πρός
947 1353 1006 1389 τε
1028 1338 1340 1406 ἀνάγνωσιν
1390 1339 1680 1409 ρυθμίσας,
1721 1338 1813 1390 καὶ

237 1426 378 1496 πρὸς
399 1427 575 1480 ὁτιοῦν
591 1429 698 1480 τῶν
721 1429 899 1482 καλῶν
917 1425 973 1482 εὖ
999 1431 1309 1499 ἐπανάγων,
1335 1432 1430 1484 καὶ
1459 1432 1628 1485 ταῦτα
1655 1433 1712 1483 ἐν
1729 1433 1812 1483 κό-

239 1535 330 1586 πῳ
365 1521 461 1570 καί⁵
495 1520 679 1591 μόχθῳ
717 1522 911 1584 νυκτὸς
942 1523 1034 1576 καὶ
1056 1524 1289 1594 ἡμέρας,
1314 1522 1813 1594 τληπαθῶν,ἁγρυ-

237 1610 424 1676 πνῶν,
457 1611 795 1684 πεζοπορῶν,
818 1617 938 1678 ταῖς
960 1615 1111 1686 παρὰ
1153 1615 1264 1670 τῶν
1315 1615 1484 1684 φίλων
1535 1615 1629 1667 καὶ
1683 1632 1815 1682 συγ-

237 1703 418 1771 γενῶν
463 1703 792 1770 δεξιώσεσιν,
853 1707 1237 1761 ἀνταλλάσσων
1295 1708 1397 1771 τὰς
1452 1706 1583 1778 παρ’
1618 1706 1811 1761 ἑαυτοῦ

241 1795 650 1861 κακοπαθείας,
685 1796 830 1870 ἔργῳ
884 1800 946 1854 τὸ
1017 1800 1115 1852 τοῦ
1160 1799 1484 1855 Ἀποστὸλου
1506 1797 1812 1866 φθεγγόμε-

237 1900 358 1948 νοςο
392 1885 724 1947 ’Υποπιάζω
764 1906 882 1957 μου
914 1889 981 1942 τὸ
1014 1887 1206 1958 σῶμα,
1249 1887 1347 1941 καὶ
1405 1883 1809 1955 δουλαγωγῶ,
1847 1873 1889 1928 Β

232 1979 324 2046 μή
377 1992 500 2044 πως
543 1979 755 2046 ἄλλοις
796 1981 1064 2050 κηρύξας
1091 2022 1106 2048 ,
1164 1980 1345 2046 αὐτὸς
1380 1979 1666 2048 ἀδόκιμος
1718 1976 1814 2047 γέ-

237 2088 450 2140 νωμαι.

299 2159 564 2235 ιθ¹.⁷Ηρεν
594 2162 884 2236 τοιγαροῦν
918 2164 1196 2234 σύσσημον
1229 2165 1294 2233 τῇ
1325 2159 1691 2233 βασιλιζούσῃ,
1721 2173 1812 2214 τον

232 2254 398 2322 λόγον
429 2255 530 2308 ὑπὸ
557 2255 652 2308 τοῦ
683 2255 800 2326 βίου
839 2256 1290 2326 μαρτυρούμενον
1317 2254 1475 2325 ἔχων,
1512 2253 1616 2318 κάξ
1644 2252 1809 2306 αὐτοῦ

231 2345 332 2397 τοῦ
355 2344 606 2409 εὐτελοῦς
642 2347 734 2399 καὶ
780 2346 1070 2416 ἁπερίττου
1117 2347 1418 2417 σχήματος,
1463 2343 1811 2416 παράκλησις

233 2438 318 2500 εἰς
344 2439 544 2510 ἀρετὴν
569 2443 682 2504 τοῖς
714 2440 880 2510 ὁρῶσι
903 2441 1186 2510 γινόμενος
1213 2451 1227 2467 ⁶
1260 2441 1308 2492 ει
1334 2438 1391 2490 δὲ
1421 2439 1503 2492 ὅτι
1535 2437 1811 2501 πολιτικὸς

230 2523 306 2598 ἦν
334 2530 390 2582 ἕν
412 2546 521 2582 τισι
557 2531 860 2598 γλυκαίνων
887 2532 984 2601 τὴν
1010 2531 1206 2600 φράσιν
1227 2529 1359 2600 πρός
1382 2529 1442 2581 τὸ
1461 2528 1569 2581 τῶν
1587 2527 1811 2582 ἀκουόν-

229 2638 342 2676 των
396 2621 712 2689 ἰδιότροπον,
763 2623 943 2694 ὁράτω
1010 2639 1094 2684 τις
1157 2622 1245 2675 τὸν
1297 2619 1549 2688 καρπὸν,
1605 2621 1700 2672 καὶ
1733 2619 1808 2689 μὴ

235 2713 538 2784 μεμφέσϐω
557 2714 645 2766 τὸν
669 2714 888 2784 τρόπον.
917 2715 1013 2778 Τίς
1043 2713 1098 2768 δὲ
1129 2708 1284 2777 οὗτος
1306 2729 1322 2779 ;
1359 2713 1416 2766 '0
1436 2713 1544 2765 τῶν
1563 2713 1811 2783 ἁμαρτα-

233 2807 440 2859 νόντων
492 2807 816 2876 μετάμελος,
860 2806 956 2860 καὶ
990 2808 1018 2860 ὁ
1065 2806 1174 2858 τῶν
1213 2805 1672 2874 ἁποτασσομένων
1713 2801 1808 2856 τοῦ

235 2897 355 2968 βίου
399 2899 583 2967 ὅμιλος
611 2915 622 2928 ·
653 2897 870 2969 πρῶτος
922 2899 1029 2969 γάρ
1070 2897 1166 2951 καὶ
1200 2888 1358 2967 μόνος
1405 2897 1588 2966 σχεδὸν
1637 2897 1809 2948 εἰπεῖν

234 2991 522 3061 πτερωτὴς
555 2990 660 3043 τῶν
688 2989 781 3043 τοῦ
812 2988 1004 3059 γένους
1025 2990 1119 3042 καὶ
1148 2989 1254 3042 τῶν
1282 2989 1383 3055 ἔξω
1405 2991 1622 3056 γένους,
1651 2990 1679 3040 ὀ
1709 2992 1809 3060 τῆς

231 3078 514 3148 ὁσιότητος
563 3078 798 3150 ἐραστὴς
840 3078 998 3150 ἡμῶν
1032 3078 1321 3132 δέδεικται.
1365 3078 1465 3131 Διά
1510 3078 1684 3132 ταῦτα
1713 3081 1808 3131 καὶ

235 3174 563 3241 προστατεῖν
634 3172 997 3243 μοναστηρίου
1026 3171 1251 3225 ἀστικοῦ
1285 3171 1650 3240 ἀναγκάζεται
1684 3171 1803 3240 μὲν,

231 3265 298 3317 οὐ
324 3266 714 3319 καταπεὶθεται
740 3266 800 3320 δέ
819 3283 833 3297 ·
861 3268 952 3320 καὶ
978 3268 1168 3337 ἄρχειν
1189 3267 1290 3335 τῆς
1311 3267 1666 3338 Νικομηδέων
1696 3266 1808 3318 Ἑκ-

237 3357 466 3426 κλησίας
497 3357 602 3410 ὑπὸ
646 3358 742 3412 τοῦ
779 3359 1083 3429 τηνικαῦτα
1139 3362 1402 3432 προέδρου
1444 3361 1808 3433 προτρέπεται

240 3449 362 3518 μὲν,
390 3449 451 3501 οὐ
483 3449 802 3521 συνέρχεται
831 3450 907 3516 δὲ,
936 3450 1152 3520 φεύγων
1201 3451 1292 3505 τὸν
1341 3451 1541 3523 κλῆρον
1564 3454 1592 3505 ὁ
1618 3456 1809 3505 τούτου

235 3540 407 3606 ἄξιος,
450 3543 542 3594 καὶ
609 3541 669 3594 τὸ
715 3542 816 3610 τῆς
875 3543 1161 3615 ἱεραρχίας
1219 3543 1352 3614 ὕψος
1400 3545 1587 3608 δεδιὼς
1631 3546 1659 3598 ὁ
1711 3544 1811 3614 τὴν

237 3634 439 3704 ἀρετὴν
500 3636 790 3705 μετέωρος.
848 3637 937 3688 Διὸ
996 3636 1090 3690 καὶ
1135 3635 1274 3704 πρὸς
1324 3635 1423 3706 τὴν
1465 3636 1629 3706 φίλην
1663 3634 1812 3706 αὐτῷ

239 3726 472 3797 ἡσυχίαν
529 3726 844 3792 ἐπάνεισιν,
898 3728 1058 3783 κάκεῖ
1109 3728 1340 3800 καοιστᾷ
1391 3730 1611 3800 μνήμης
1645 3729 1809 3793 ἄξια,

238 3817 473 3888 πτωχῶν
527 3819 962 3889 προῑστάμενος,
1008 3819 1377 3890 ἀδικουμένων
1440 3819 1810 3890 ὑπερασπιζό-

240 3928 422 3982 μενος,
484 3909 836 3979 θλιϐομένους
900 3910 1419 3982 παραμυθούμενος,
1477 3913 1571 3965 καὶ
1633 3911 1813 3981 θλίψιν

235 3997 360 4053 οἷαν
393 3999 558 4071 βούλῃ
614 3999 970 4071 πιεζομένους
1030 4001 1369 4070 Θεραπεύων,
1410 4000 1570 4054 τοῦτο
1598 4001 1696 4071 μὲν
1728 4000 1813 4054 διά

235 4093 493 4164 γλώσσης
525 4095 618 4148 καὶ
653 4096 898 4165 μέλανος,
933 4093 1053 4147 ἐπεὶ
1087 4093 1160 4164 μὴ
1193 4089 1338 4163 εἶχεν
1371 4093 1514 4164 ἄλλῳ
1543 4095 1651 4146 τινὶ
1671 4109 1808 4163 φαρ-

237 4185 401 4256 μάκῳ
422 4185 695 4254 ἐπαμῦναι
716 4185 792 4254 τῷ
813 4185 1105 4254 προσιόντι,
1133 4184 1227 4236 καὶ
1252 4183 1436 4252 ῖσχυέν
1462 4200 1526 4251 γε
1547 4182 1607 4235 τὸ
1629 4181 1813 4252 γράμ-

237 4295 318 4346 μα
348 4276 422 4339 Lb;
461 4276 631 4344 δῶρον
683 4277 822 4329 αἰδοῖ
871 4275 965 4328 τοῦ
1015 4275 1227 4346 ἀνδρὸς,
1255 4275 1522 4345 κάμπτων
1572 4274 1706 4345 πρὸς
1736 4269 1816 4326 οἷ-

234 4385 366 4422 κτον
397 4369 488 4421 τὸν
515 4369 682 4420 ἐλεεῖν
713 4367 1029 4436 δυνάμενον.

308 4469 376 4515 κ’.
402 4461 571 4515 Τοῦτο
595 4461 650 4514 δὲ
676 4460 770 4512 καὶ
797 4459 855 4524 ἐξ
880 4454 954 4513 ὧν
972 4461 1302 4533 εὐπορεῖτοὴ
1332 4463 1451 4534 χεὶρ
1484 4461 1791 4517 ἐπιδιδόναι.

235 4553 588 4622 πληρούντων
615 4551 784 4620 αὐτὴν
819 4550 924 4602 τῶν
955 4551 1136 4615 καλῶς
1163 4552 1234 4606 τά
1273 4553 1463 4606 ἐνόντα
1505 4553 1808 4605 κενούντων

1910 617 2054 686 quod
2077 632 2141 672 ex
2171 633 2280 688 quo
2311 634 2434 672 cum
2467 620 2682 675 civibus
2700 623 2904 677 versari
2933 624 3116 692 coepit,
3148 633 3288 682 totas
3309 627 3479 682 refor-

1913 706 2081 761 mavit
2109 706 2368 770 familias,
2399 719 2454 763 et
2484 710 2550 763 ad
2572 711 2790 766 virtutis
2820 714 3024 768 cultum
3051 695 3334 773 cnnvertit.
3365 718 3478 784 Qua

1911 799 2158 853 ratione?
2192 799 2424 869 inquies.
2441 799 3125 859 Jurandieonsuetudinem
3159 808 3480 863 exscinden-

1913 889 1982 944 do
2011 891 2287 944 communi
2323 892 2534 946 notoria
2571 909 2668 947 sua
2692 894 3268 966 linguazreprimendo
3284 915 3473 970 corpo-

1913 981 1990 1034 ris
2019 990 2268 1034 ornatum
2289 982 2646 1051 superfluum,
2675 1001 2771 1040 sua
2803 988 3153 1043 ornatissima
3211 990 3476 1056 doctrina,

1911 1071 2292 1125 dissertatione
2316 1071 2503 1124 morali
2540 1072 2862 1128 inculcando
2890 1090 3129 1130 amorem
3158 1092 3477 1145 pauperum,

1915 1164 2056 1216 unde
2081 1161 2392 1231 largitiones
2425 1164 2750 1231 pecuniaria:
2771 1175 2826 1219 et
2859 1165 3337 1236 eleemosynarum
3370 1168 3480 1223 dis-

1915 1251 2232 1306 tributiones
2282 1253 2543 1321 publicae,
2608 1271 2700 1322 per
2734 1255 2848 1309 loca
2885 1257 2938 1309 in
2995 1257 3193 1325 quibus
3257 1272 3479 1311 exerce-

1916 1344 2112 1409 batur;
2139 1347 2204 1398 ad
2237 1344 2523 1398 lectionem
2551 1345 2784 1415 denique
2824 1348 2969 1417 piam
3001 1361 3049 1402 et
3081 1350 3149 1403 ad
3205 1349 3477 1419 quidquid

1916 1446 1998 1490 est
2026 1435 2295 1490 bonorum
2327 1452 2551 1505 operum
2579 1437 2906 1503 inducendo,
2943 1441 3105 1510 idque
3140 1441 3192 1494 iu
3225 1455 3482 1508 pressura

1916 1538 1973 1580 et
1994 1525 2332 1597 fatigatione,
2359 1529 2450 1581 diu
2477 1540 2748 1598 noctuque
2784 1531 3058 1598 laborans,
3091 1533 3344 1602 Vigilans,
3371 1534 3483 1587 dis-

1922 1633 2187 1683 currens,
2225 1628 2284 1672 ut
2337 1629 2556 1690 accepta
2625 1621 2693 1675 ab
2740 1622 2932 1676 amicis
2976 1624 3331 1693 cognatisque
3386 1624 3483 1677 ho-

1917 1708 2198 1778 pitalitatis
2236 1709 2426 1763 solatia
2451 1721 2691 1779 aaquaret
2743 1713 3031 1766 tolerantia
3087 1729 3479 1778 aerumnorum,

1919 1801 2035 1871 ipso
2065 1816 2228 1870 opere
2249 1817 2372 1856 cum
2400 1802 2662 1871 Apostolo
2710 1814 3014 1872 protestans
3051 1822 3064 1858 :
3098 1804 3310 1874 Castigo
3365 1821 3480 1859 cor-

1917 1910 2012 1964 pus
2041 1910 2211 1949 meum
2249 1903 2298 1948 et
2340 1896 2395 1947 in
2431 1896 2726 1949 servitutem
2776 1897 2980 1966 redigo;
3039 1913 3100 1949 ne
3145 1907 3485 1967 posteaquam

1918 1986 2037 2040 aliis
2061 1986 2432 2056 prwdicavero,
2460 1986 2564 2055 ipse
2592 1987 2837 2056 reprobus
2862 1988 3054 2058 e/ﬁciar
3088 1989 3130 2044 ⁸.

1988 2161 2074 2216 19.
2108 2160 2413 2217 Sustulerat
2441 2176 2571 2232 ergo
2597 2161 2870 2231 publicum
2930 2163 3222 2234 reguatrici
3276 2165 3481 2220 civitati

1917 2255 2154 2324 signum,
2209 2253 2415 2308 habens
2440 2269 2769 2320 sermonem,
2799 2256 2887 2311 cui
2920 2257 3030 2311 vita
3059 2273 3297 2328 congrua
3346 2275 3481 2328 prze-

1916 2347 2067 2402 beret
2086 2347 2458 2404 testimonium
2492 2363 2506 2399 :
2539 2349 2676 2403 adeo
2710 2357 2788 2411 ut,
2826 2365 2890 2404 ex
2921 2350 3038 2418 ipsa
3099 2351 3193 2405 vili
3239 2352 3482 2420 abjecto-

1916 2455 2023 2509 que
2051 2440 2236 2494 habitu
2270 2440 2576 2496 ridentibus
2605 2450 2750 2496 esset
2796 2442 2862 2496 ad
2916 2442 3169 2496 virtutem
3211 2444 3479 2498 hortator.

1916 2532 2073 2599 Quod
2113 2533 2183 2598 si,
2216 2534 2340 2602 quia
2369 2532 2614 2588 urbanus
2639 2542 2774 2598 erat,
2799 2533 3067 2589 suavitate
3097 2533 3332 2602 quadam
3350 2549 3482 2589 con-

1916 2625 2098 2680 diebat
2122 2624 2438 2689 dictionem,
2484 2633 2544 2679 ut
2572 2639 2632 2679 se
2660 2633 2874 2693 aptaret
2896 2625 3237 2680 audientium
3279 2627 3438 2696 genio
3465 2642 3478 2691 ;

1914 2715 2290 2770 consideretur
2326 2711 2561 2777 fructus,
2603 2721 2657 2766 et
2688 2729 2794 2767 non
2825 2712 3228 2782 vituperabitur
3261 2713 3474 2767 modus.

1915 2807 2049 2874 Quis
2087 2816 2267 2861 autem
2345 2806 2498 2860 iste?
2572 2804 2925 2860 Peccantium
2981 2805 3363 2874 resipiscentia
3427 2813 3483 2857 et

1914 2898 2113 2954 saeculo
2141 2897 2566 2953 renuntiantium
2599 2896 2904 2952 multitudo.
2937 2896 3152 2952 Primus
3185 2905 3484 2966 namqueet

1914 2991 2083 3054 solus,
2112 3001 2169 3043 ut
2198 2991 2240 3043 si
2291 2987 2496 3052 dicam,
2538 2987 2664 3054 fuit,
2689 2987 2780 3058 qui
2815 2987 2998 3058 generi
3050 2996 3264 3054 nostro,
3296 2988 3486 3056 eisque

1912 3082 2003 3153 qui
2026 3091 2177 3136 extra
2213 3079 2343 3134 illud
2372 3088 2528 3134 erant
2562 3080 2678 3134 alas
2704 3079 2907 3133 addidit
2935 3079 3000 3133 ad
3030 3079 3307 3143 virtutem,
3357 3094 3484 3132 nos-

1913 3189 2019 3244 que
2051 3172 2116 3226 ad
2138 3187 2378 3227 amorem
2402 3171 2753 3241 perfectionis
2786 3169 3000 3224 induxit
3031 3170 3166 3240 (ll).
3193 3169 3483 3240 Pr0pterea

1911 3264 2177 3318 instanter
2242 3270 2466 3332 rogatus
2546 3260 2740 3315 urbani
2817 3261 3104 3330 cujusdam
3163 3262 3482 3315 monasterii

1912 3353 2293 3424 praefecturam
2353 3351 2656 3420 suscipere,
2689 3351 2912 3406 omnino
2953 3351 3155 3416 renuit,
3205 3362 3259 3407 et
3305 3353 3374 3406 ab
3419 3367 3485 3407 eo

1909 3445 2003 3514 qui
2036 3456 2163 3500 tunc
2206 3453 2324 3500 erat
2369 3444 2679 3514 patriarcha
2714 3442 2825 3512 (ίέ)
2871 3443 2936 3497 ad
2988 3442 3482 3499 Nicomediensium

1911 3538 2208 3594 Ecclesiam
2243 3537 2533 3606 regendam
2565 3535 2827 3590 invitatus
2860 3536 3092 3606 obsequi
3133 3537 3333 3602 noluit,
3379 3538 3487 3592 cle-

1912 3632 2140 3687 ricatum
2176 3630 2428 3699 fugiens,
2461 3643 2572 3697 quo
2605 3637 2724 3682 erat
2746 3628 3137 3697 dignissimus;
3170 3638 3224 3684 et
3258 3629 3488 3685 hierar-

1914 3723 2136 3778 chicum
2167 3720 2476 3776 formidans
2508 3717 2815 3788 fastigium,
2851 3718 2946 3788 qui
2999 3719 3172 3772 solam
3222 3719 3487 3789 suscipie-

1917 3814 2009 3868 bat
2041 3814 2317 3867 virtutem.
2349 3810 2593 3865 Revertil
2627 3817 2808 3863 autem
2847 3809 2915 3862 ad
2947 3809 3204 3865 dilectam
3242 3811 3344 3865 sibi
3399 3827 3489 3865 so-

1913 3907 2220 3967 litudinem,
2249 3913 2306 3959 et
2339 3903 2410 3958 ibi
2434 3918 2519 3956 res
2541 3900 2671 3957 fecit
2701 3902 2958 3957 memoria
2977 3902 3187 3971 dignas,
3221 3917 3488 3973 pauperes

1914 3998 2232 4060 defendens,
2265 3995 2468 4066 injuste
2498 4009 2791 4064 oppressos
2829 4008 3198 4064 propugnans,
3251 3996 3480 4049 tribula-

1917 4099 2000 4145 tos
2037 4088 2347 4149 consolans,
2379 4095 2431 4142 et
2462 4100 2850 4156 quamcunque
2896 4084 3242 4140 afﬂictionem
3279 4087 3488 4155 patien-

1918 4182 2064 4237 tibus
2095 4179 2468 4242 subveniens;
2510 4178 2675 4247 idque
2701 4177 2785 4230 vel
2807 4191 3062 4231 sermone
3119 4179 3201 4231 vel
3251 4179 3487 4246 epistola

1917 4285 2144 4346 prapter
2180 4273 2282 4326 viri
2313 4271 2689 4335 reverentiam,
2726 4269 2897 4323 instar
2919 4271 3179 4326 muneris
3209 4271 3392 4326 efﬁcax
3423 4276 3488 4328 ad

1917 4366 2241 4422 ﬂeetendum
2276 4378 2399 4418 eum
2432 4361 2523 4431 qui
2558 4369 2770 4430 poterat
2796 4359 3066 4416 misereri.

1987 4460 2078 4514 20.
2114 4457 2191 4510 Ex
2219 4456 2286 4512 iis
2314 4469 2434 4524 quae
2457 4453 2524 4507 ad
2555 4466 2777 4507 manum
2813 4461 2988 4515 erant,
3013 4452 3348 4521 replentibus
3370 4471 3488 4508 eam

1918 4552 2022 4608 illis
2054 4550 2147 4621 qui
2198 4547 2561 4605 substantiam
2597 4560 2754 4600 suam
2778 4544 3075 4600 credebant
3113 4545 3250 4600 bene
3284 4548 3492 4600 exbau~

236 4644 332 4698 ἐπὶ
374 4642 587 4712 μεθέξει
615 4641 720 4694 τῶν
743 4639 1028 4695 ἀκενὼτων
1059 4644 1152 4696 καὶ
1181 4645 1436 4698 αἰωνίων.
1492 4646 1552 4696 Εἰ
1579 4643 1643 4712 δὴ
1684 4642 1809 4712 μηδ’

1919 4643 2050 4708 riri,
2089 4650 2310 4713 propter
2358 4636 2689 4695 desiderium
2755 4633 3203 4691 inexhauslorum
3261 4645 3490 4693 aeterno-

311 4757 376 4812 ⁸1
409 4757 535 4812 Cor.
570 4773 642 4822 Ix,
674 4756 764 4812 27.

1707 4861 1938 4921 ΝΟΤᾹΞ.

309 4985 424 5054 (ll)
455 4983 679 5038 Michael
717 4985 768 5037 in
806 4983 922 5054 Vita
948 4980 1006 5036 S.
1038 4980 1311 5054 Theodori
1343 4981 1470 5054 ista
1525 4980 1804 5054 explicat:

246 5079 264 5108 ι
295 5051 451 5110 Plato
478 5055 856 5108 sanctissimus
882 5051 1150 5106 Theodori
1185 5051 1356 5106 nostri
1388 5053 1712 5115 avunculus,
1743 5051 1809 5104 iis

238 5127 568 5197 quibuscum
601 5133 784 5197 ageret
809 5123 1181 5197 gratissimus._
1229 5122 1427 5197 multos
1477 5123 1542 5174 ad
1567 5121 1810 5176 ccelestis

241 5190 859 5266 philosophimstudium
889 5192 1103 5260 pellexit
1132 5210 1143 5244 :
1170 5190 1629 5259 imprimisautem
1653 5207 1810 5260 egre-

240 5260 390 5336 ξςίιιιιι
429 5260 576 5336 hunc
609 5260 976 5336 Theodorum,
1005 5277 1164 5316 suum
1216 5276 1280 5314 ex
1315 5276 1502 5336 sorore
1540 5267 1811 5328 nepotem,

241 5330 352 5412 qui
373 5343 426 5386 et
458 5335 573 5412 ipse
603 5331 715 5412 jam
747 5331 949 5412 dudum
987 5347 1080 5400 per
1105 5347 1162 5385 se
1194 5339 1253 5384 ut
1306 5330 1529 5412 dicitur,
1563 5338 1816 5409 cceperat

241 5399 642 5476 philosophari.
676 5400 816 5476 Quin
851 5399 999 5476 ipsos
1037 5415 1251 5476 quoque
1306 5399 1574 5476 Theodori
1629 5414 1815 5466 paren-

242 5469 323 5530 tes
369 5484 421 5527 et
447 5469 666 5536 fratres,
697 5471 993 5537 Josephum
1015 5480 1066 5523 et
1091 5469 1458 5538 Euthymium,
1495 5483 1618 5521 eum
1651 5483 1812 5535 parva

244 5560 455 5605 sorore,
488 5551 541 5596 et
572 5557 702 5596 suos
732 5541 900 5610 ipsius
940 5539 1132 5610 fratres
1155 5537 1352 5607 adjecit
1383 5537 1554 5600 Plato,
1583 5538 1680 5606 qui
1711 5554 1810 5590 nu-

245 5627 399 5668 mero
444 5614 571 5666 item
598 5623 707 5666 tres
732 5607 908 5666 erant.
938 5607 1046 5663 Hos
1074 5624 1263 5664 omnes
1293 5619 1545 5676 tanquam
1569 5623 1634 5660 ex
1654 5622 1805 5676 com-

245 5683 736 5755 positocommuni
768 5682 907 5755 vita;
949 5678 1189 5755 caali‘bem
1233 5675 1675 5755 a_ntep0nentes,_
1709 5675 1804 5729 de-

247 5745 397 5807 ducit
423 5753 509 5806 ille
536 5766 719 5806 secum
765 5759 817 5804 et
858 5749 1141 5819 disciplina
1175 5745 1375 5802 imbuit
1401 5745 1798 5819 praestantiore.

250 5825 317 5879 At
353 5822 426 5878 illi
471 5820 759 5878 confestim
792 5829 845 5877 et
874 5813 1014 5890 opes"
1036 5818 1330 5877 etdivitias
1357 5813 1413 5873 et
1435 5824 1660 5872 caeteras
1711 5813 1793 5868 fa-

1916 4982 2144 5036 cultates
2198 4995 2494 5051 pauperum
2525 4980 2741 5036 sinibus
2765 4980 3050 5051 ingerunt.
3096 4995 3283 5038 servos
3336 4982 3498 5036 innu-

1913 5050 2214 5106 merabiles
2241 5051 2293 5105 in
2319 5053 2620 5106 libertatem
2651 5050 2951 5116 vindicant,
2985 5051 3263 5119 Deumque
3328 5052 3495 5106 secuti

1914 5137 1979 5176 ac
2009 5123 2294 5177 ducentem
2320 5122 2556 5185 Patretn,
2587 5121 2904 5190 Byzantium
2937 5123 3271 5190 relinquunt.
3313 5139 3332 5173 ι
3376 5123 3501 5174 ΗιιὋ

1917 5192 2028 5247 ibi:
2071 5206 2194 5259 quae
2223 5192 2326 5245 sub
2362 5191 2540 5246 Leone
2601 5191 2876 5246 Chazares
2929 5202 3127 5260 coepta,
3185 5191 3288 5244 sub
3346 5191 3501 5260 Irene

1919 5271 2138 5329 peracta
2186 5269 2334 5326 sunt,
2376 5262 2596 5327 quando
2621 5262 2824 5330 pariter
2851 5259 3044 5317 omnes
3071 5262 3136 5315 ad
3176 5259 3500 5330 Sacudionis

1919 5331 2312 5384 monasterium
2337 5329 2653 5394 secessere,
2709 5339 2767 5386 ut
2810 5345 2933 5385 mox
2993 5330 3242 5398 sequenti
3322 5329 3500 5398 capite

1923 5403 2154 5453 dicetur.

1989 5471 2100 5537 (12)
2135 5471 2192 5524 S.
2222 5469 2512 5525 Tarasium
2539 5470 2643 5526 (ΞΡ.
2681 5471 3051 5540 patriarcham
3082 5469 3340 5540 intelligo,
3365 5467 3496 5540 :qni

1921 5554 2044 5592 cum
2090 5541 2332 5607 piissima
2378 5541 2530 5594 lrene
2563 5538 2944 5597 orthodoxiam
3003 5542 3260 5600 restituit,
3306 5538 3499 5607 dabat-

1915 5624 2022 5676 que
2084 5605 2302 5682 operam
2334 5624 2392 5682 ιιι
2424 5611 2677 5682 Ecclesiae
2731 5628 2853 5682 qua!
2881 5611 2985 5666 sub
3015 5605 3497 5682 lconomatrhorum

1913 5675 2238 5749 tyrannide,
2277 5679 2356 5749 vel
2415 5680 2686 5749 episcOpis
2751 5675 2975 5735 'orbataa
3032 5679 3376 5749 manebant,
3419 5675 3498 5727 vel

1908 5743 2175 5802 haereticis
2207 5747 2431 5818 traditse,
2452 5743 2616 5815 lupos
2626 5765 2722 5818 pro
2738 5749 3045 5818 pastoribus
3061 5749 3205 5801 alere
3226 5743 3467 5818 cogeban
3483 5771 3498 5784 -

1907 5826 2014 5881 tur,
2052 5817 2136 5873 bis
2157 5816 2362 5886 ejectis,
2393 5814 2662 5887 legitimos
2692 5814 2753 5875 et
2780 5819 3111 5875 ortboduxos
3141 5814 3491 5872 sortirentur.
