4170 6498
644 372 749 436 823

1837 379 1898 436 S.
1933 376 2322 437 THEODORI
2367 375 2714 438 STUDIT/E

3796 371 3918 437 824

646 499 881 556 rumque
908 485 1178 542 bonorum
1209 486 1486 557 satagebat
1517 487 1730 558 largiri,
1764 499 1824 543 ut
1869 500 2098 559 poterat,
2127 499 2221 544 aut

2357 490 2518 561 τέρῳ,
2553 489 2898 561 παρακλήσει
2946 485 3183 560 ἐξαίρων
3212 485 3273 541 τὸ
3321 487 3506 555 ἄλγος,
3541 483 3633 538 καὶ
3697 503 3925 554 μακροο

647 577 839 632 saltem
897 577 1232 632 consolando
1262 579 1506 633 dolorem
1533 582 1800 643 exiutens,
1839 593 2223 652 exasperatum

648 681 890 721 maerore
926 669 1170 721 animum
1203 669 1736 740 leuiebatprolixiori
1764 672 2222 728 confabulatione.

658 756 796 821 Quid
831 758 1025 811 mirqu
1051 759 1073 810 ?
1103 757 1324 812 Poterat
1356 775 1480 814 cum
1523 764 1828 816 venerando
1859 762 1962 818 Job
1993 765 2176 818 dicere
2205 779 2220 817 :

655 847 872 901 Salvum
903 849 1164 916 faciebant
1212 867 1428 920 egenum
1477 854 1539 905 de
1579 871 1734 906 manu
1777 855 2012 918 violenti,
2063 866 2111 908 et
2142 872 2229 908 or-

649 942 886 1009 phanum
943 943 1026 994 cui
1073 959 1177 995 non
1225 956 1339 998 erat
1391 943 1605 1013 adjutor
1639 960 1652 996 :
1688 947 1974 1000 benedictio
2013 949 2231 1014 perituri

652 1049 808 1100 super
857 1049 936 1086 me
973 1032 1224 1096 veniebat,
1258 1045 1305 1087 et
1364 1052 1454 1088 cor
1488 1037 1659 1090 vidua:
1709 1038 2008 1091 consolatus
2065 1055 2179 1091 sum
2212 1054 2230 1091 :

654 1141 892 1186 causam,
942 1142 1098 1195 quant
1137 1127 1452 1191 nesciebam,
1504 1128 1909 1197 diligentissime
1954 1131 2234 1200 investiga-

657 1216 776 1268 bam
805 1215 847 1271 τ.
878 1215 1215 1286 Quapropter
1246 1219 1637 1286 agnoscebatur
1687 1231 1743 1274 ut
1800 1230 1949 1288 pater
1979 1259 1994 1283 ,
2051 1221 2236 1274 lauda-

657 1309 821 1362 batur
854 1319 910 1362 ut
937 1319 1234 1379 protector,
1263 1311 1682 1365 benedieebatur
1740 1322 1800 1366 ut
1852 1322 2097 1378 curator,
2141 1313 2236 1367 vi-

658 1403 872 1465 sebant,
921 1405 1275 1468 oceurebant,
1316 1405 1691 1474 suscipiebant
1719 1421 1841 1460 eum
1876 1415 1985 1459 tam
2014 1406 2107 1475 qui
2143 1421 2235 1461 so-

661 1495 898 1548 litariam
926 1510 1088 1564 quam
1131 1496 1223 1565 qui
1286 1511 1632 1550 communem
1687 1497 2078 1564 proﬁtebantur
2141 1497 2239 1551 vi-

664 1595 770 1640 tam
810 1587 952 1657 (13);
984 1596 1034 1641 et
1069 1587 1209 1640 ultra
1235 1603 1357 1656 qua:
1388 1587 1665 1642 incolebat
1717 1589 1835 1643 loca
1887 1589 2238 1644 differebatur

660 1675 777 1742 ejus
807 1675 972 1738 fama,
1019 1692 1144 1731 cum
1173 1677 1224 1730 in
1250 1677 1496 1732 omnium
1535 1693 1630 1733 ore
1659 1687 1803 1733 esset
1854 1679 2030 1744 Plato,
2086 1679 2236 1733 velut

662 1783 752 1822 res
783 1769 1021 1823 maxima
1063 1779 1229 1839 atque
1259 1771 1580 1840 dignissima
1622 1788 1824 1841 :quem
1852 1771 2099 1841 profecto
2140 1786 2239 1827 nec

2329 584 2461 654 τέρα
2494 583 2814 653 διερωτήσει
2847 581 3139 636 ἀπαλύνων
3193 579 3292 651 τὴν
3331 577 3743 649 τραχυνομένην
3770 596 3920 648 καρ-

2328 675 2447 729 δίαν
2477 674 2570 727 τοῦ
2603 674 2923 741 κάμνοντος.
2957 673 3021 725 Τί
3055 671 3367 740 Θαυμαστὸν
3412 669 3552 737 πρὸς
3581 667 3779 729 ταῦτα,
3813 671 3925 720 καὶ

2330 764 2492 818 αὑτὸν
2533 765 2670 833 μετά
2711 763 2804 816 τοῦ
2854 763 3109 832 ἀοιδίμου
3158 761 3279 814 ’1ὼὸ
3313 763 3501 815 ἐκεῖνα
3555 760 3763 828 λέγειν·
3817 768 3927 812 Δι-

2330 854 2534 907 ἐσωσα
2559 854 2799 922 πτωχὸν
2832 854 2900 906 ἐκ
2938 853 3137 921 χειρὸς
3162 852 3494 913 δυνάστου,
3543 851 3640 904 καί
3673 848 3931 919 ὀρφανῷ

2332 944 2402 1002 οὖ
2432 949 2541 999 οὐκ
2573 942 2648 1015 ἦν
2670 947 2900 1012 ,ϐοηθὸς
2923 946 3248 1012 ἐϐοήθησα,
3287 945 3481 1012 στόμα
3506 943 3577 995 δὲ
3607 944 3801 1011 χήρας
3830 958 3924 1010 με

2334 1040 2699 1107 ηὑλόγησεν,
2724 1038 2904 1105 δίκην
2930 1038 2997 1091 δὲ
3031 1038 3110 1105 ῆν
3139 1040 3248 1092 οὐκ
3286 1037 3448 1106 ᾖδε-ιν
3475 1035 3817 1103 ἐξιχνίασα·
3843 1027 3932 1086 ὧν

2334 1132 2519 1185 ἕνεκεν
2555 1132 2650 1184 καὶ
2683 1133 2757 1192 ὼς
2787 1131 2968 1202 πατὴρ
2994 1130 3344 1198 ἐγνωρίζετο,
3378 1130 3473 1182 καὶ
3491 1129 3566 1190 ὡς
3600 1130 3933 1199 προστάτης

2335 1221 2725 1292 ἐμεγαλύνετο,
2759 1223 2850 1275 καὶ
2878 1223 2953 1285 ὡς
2982 1221 3235 1293 κηδεμὼν
3263 1220 3656 1291 ἐμακαρίζετο,
3706 1217 3934 1288 δρώμεο

2336 1332 2446 1379 νος,
2494 1315 2910 1385 ἀπαντώμενος,
2979 1314 3338 1385 ξενιζόμενος,
3393 1313 3542 1385 παρά
3595 1313 3932 1382 μονασταῖς,

2339 1409 2492 1481 παρά
2525 1408 2768 1478 μιγάσιν,
2796 1411 2874 1471 είς
2905 1407 2973 1461 τὰ
3001 1408 3331 1476 ὑπερέκεινα
3363 1399 3438 1460 ὧν
3474 1407 3701 1476 ἠσκεῖτο
3733 1404 3935 1456 τόπων

2338 1501 2437 1567 τῆς
2466 1501 2594 1568 περὶ
2624 1497 2792 1551 αὑτοῦ
2845 1499 3034 1568 φήμης
3081 1495 3504 1569 διαδραμούσης,
3550 1495 3643 1547 καὶ
3701 1493 3937 1546 πάντων

2340 1591 2430 1642 τὸν
2461 1592 2725 1644 Πλάτωνα
2758 1594 2817 1644 ἐν
2845 1594 2964 1652 ταῖς
3003 1589 3214 1644 ἑαυτῶν
3243 1588 3538 1657 γλώσσαις,
3575 1587 3649 1650 ὡς
3689 1585 3840 1655 μέγα
3876 1600 3937 1636 τι

2342 1683 2437 1735 καὶ
2471 1664 2800 1748 ἀξιάγαᾶτον
2832 1680 3045 1751 χρῆμα,
3078 1681 3451 1752 ἐπιφερόντων
3475 1695 3490 1708 ⁸
3520 1677 3577 1730 ὃν
3603 1679 3698 1730 καὶ
3732 1679 3760 1730 ὁ
3797 1675 3938 1746 μὲλ-

2341 1771 2450 1824 λων
2501 1772 2689 1842 χρόνος
2736 1771 2798 1825 εὖ
2851 1767 3056 1826 οἷδ’ὃτι
3108 1771 3169 1826 οὐ
3221 1771 3518 1842 σιγήσειεν,
3565 1770 3727 1840 εῖπερ
3752 1765 3938 1838 ἀρετὴ

663 1857 844 1913 futura
877 1859 1114 1916 silebunt
1146 1870 1410 1932 tempora,
1447 1876 1570 1917 cum
1607 1863 1779 1918 virtus
1805 1880 1890 1919 res
1916 1865 1988 1919 sit
2017 1865 2239 1919 immor-

2352 1864 2581 1934 πρᾶγμα
2619 1864 2906 1919 ἀθάνατον.

665 1949 807 2004 talis.

1295 2086 1451 2142 CAP.
1485 2085 1574 2140 IV.

2957 2089 3206 2143 ΚΕΦΔΛ.
3250 2088 3323 2143 Δ’.

842 2194 1145 2265 Prwﬁcitur
1179 2196 1497 2252 Sacudiouis
1530 2199 1844 2252 monasterio
1879 2195 2057 2262 Plato,
2085 2206 2133 2250 et
2160 2213 2253 2266 pro
2281 2203 2611 2255 ueneratione
2650 2213 2959 2256 sanctarum
2989 2203 3280 2271 imaginum
3299 2208 3408 2270 agit
3437 2199 3488 2254 in
3524 2200 3774 2254 concilio.

735 2311 825 2365 2|.
852 2309 1009 2366 Nunc
1036 2313 1512 2366 commemoranda
1539 2313 1695 2367 nobis
1721 2311 2228 2367 vcuitClu-istiauis-

669 2404 806 2459 siina
841 2403 1012 2466 lreue,
1051 2403 1299 2473 paciﬁca,
1331 2405 1488 2472 juxta
1513 2407 1596 2458 sui
1625 2404 1863 2459 uomiuis
1888 2415 2126 2474 etymou,
2151 2405 2245 2456 im-

671 2497 944 2566 peratrix;
988 2497 1041 2551 iu
1081 2511 1190 2565 qua
1227 2499 1326 2551 hoc
1343 2507 1532 2566 praeter
1561 2497 1665 2550 alia
1707 2497 2038 2550 laudandum
2077 2496 2243 2558 venit,

670 2590 814 2659 quod
882 2590 983 2643 sub
1030 2605 1092 2642 ca
1127 2589 1196 2643 sit
1246 2600 1430 2659 aperta
1478 2590 1642 2658 jauua
1711 2589 2018 2644 volentibus
2077 2590 2243 2641 vitam

674 2683 1029 2736 monasticam
1089 2682 1362 2751 amplecti,
1394 2692 1517 2735 aute
1554 2682 1652 2734 hac
1690 2679 2245 2749 reguantibusimpiis

674 2774 818 2827 haud
868 2774 1051 2828 minus
1083 2775 1268 2827 clausa
1300 2774 1400 2827 sub
1450 2774 1686 2827 ethnicis
1728 2783 1843 2828 erat
1881 2774 1945 2826 ad
1978 2772 2247 2826 (Σιιῐίειὶαο

675 2867 936 2919 uismum.
972 2863 1125 2919 Tunc
1154 2867 1405 2920 universa
1465 2877 1650 2920 nostra
1702 2865 1912 2920 familia
1965 2867 2246 2920 renuntia-

675 2960 752 3012 vit
779 2958 977 3012 sicculo
1005 2967 1166 3012 :tunc
1183 2958 1568 3012 celeberrimus
1583 2958 1740 3012 Pater
1759 2969 1942 3013 noster
1960 2969 2076 3027 post
2100 2960 2252 3029 quie-

677 3060 784 3104 tem
816 3050 1128 3104 solitudinis
1167 3051 1407 3120 suscepit
1444 3052 1787 3121 pratlaturaiu
1819 3071 1831 3106 :
1863 3051 2125 3119 suscepit,
2165 3052 2249 3104 itt-

678 3159 863 3214 quam,
894 3158 991 3196 uec
1021 3143 1208 3198 volens
1237 3159 1330 3198 nec
1362 3144 1586 3212 cupiens
1621 3143 1914 3214 (quomodo
1964 3144 2128 3204 enim,
2157 3143 2251 3214 qui

681 3235 950 3290 titaaimas
983 3234 1217 3304 fugerat,
1249 3234 1572 3303 dignitatum
1600 3236 1951 3289 minimarum
1980 3235 2252 3290 desiderio

2413 2322 2518 2368 κα’.
2564 2317 2704 2370 Ἀλλ’
2730 2312 2864 2389 ἦκεν
2898 2317 3089 2388 ἡμῖνή
3123 2314 3480 2387 χριστοφόρος
3507 2315 3742 2384 Εἰρήνη,
3775 2314 3810 2383 ἡ
3840 2329 3942 2380 φεο

2345 2407 2610 2476 ρωνύμως
2643 2408 3041 2478 βασιλεύσασα,
3079 2410 3136 2461 ὲν
3234 2406 3372 2478 μετά
3402 2408 3511 2460 τῶν
3543 2406 3722 2461 ἀλλων
3747 2405 3938 2459 καλῶν

2346 2499 2440 2550 καὶ
2474 2501 2504 2568 ἡ
2544 2499 2638 2551 τοῦ
2691 2501 2942 2570 μονάζειν
2986 2501 3150 2554 παντὶ
3191 2499 3271 2571 τῷ
3322 2499 3633 2569 βουλομένῳ
3684 2498 3939 2567 ὴνὲῳκτο

2348 2593 2508 2662 θύρα,
2555 2594 2722 2647 παλαι
2771 2595 2876 2646 ὑπὸ
2918 2595 3150 2658 ἀσεϐοῦς
3207 2593 3487 2664 βασιλείας
3541 2591 3936 2660 κεκλεισμένη,

2349 2685 2599 2756 καθάπερ
2617 2685 2722 2739 ὑπὸ
2754 2685 3169 2756 Ἐλληνιζούσης
3190 2686 3250 2738 τὺ
3273 2683 3697 2754 Χριστιανίζειν.
3717 2680 3940 2733 Ἐντεῦ-

2351 2778 2440 2831 Οεν
2475 2780 2505 2846 ὴ
2541 2779 2666 2847 περὶ
2698 2779 2846 2848 ἡμᾶς
2899 2779 2998 2848 μὲν
3052 2777 3341 2840 πανέστιος
3399 2777 3674 2844 ἀποταγὴ,
3724 2772 3822 2826 τοῦ
3881 2771 3942 2825 δί

2358 2873 2717 2941 πανευφὴμου
2754 2873 2966 2942 Πατρος
2999 2873 3031 2941 ἡ
3067 2868 3203 2939 μετά
3246 2869 3344 2940 τὴν
3380 2867 3608 2938 ἡσυχίαν
3640 2863 3941 2936 ἡγεμονία,

2352 2963 2411 3014 οὐ
2443 2961 2763 3031 βουλομένου
2786 2962 2905 3030 μὲν,
2947 2959 3069 3012 οὐδὲ
3101 2958 3430 3029 ὀρεγομένου
3456 2957 3644 3027 ἄρχειν
3666 2955 3804 3022 (πῶς
3831 2955 3943 3025 γὰρ

2357 3052 2422 3107 ἂν
2451 3055 2477 3106 ὁ
2508 3054 2606 3113 τὰς
2645 3053 2904 3122 μεγίστας
2936 3047 3120 3119 φυγὼν
3144 3048 3318 3120 ἀρχὰς
3348 3047 3529 3117 ἐφέσει
3564 3044 3672 3096 τῶν
3714 3043 3946 3111 ὑφειμέ-

2359 3161 2464 3196 νων
2495 3143 2769 3209 ἡλίσκετο)
2795 3140 2931 3193 ἀλλά
2964 3140 3023 3192 τὸ
3060 3139 3159 3209 μὲν
3182 3135 3581 3198 κατακλασοεῖς
3601 3133 3707 3188 ὑπὸ
3739 3131 3836 3185 τοῦ
3859 3133 3945 3186 αἵ-

2366 3255 2533 3308 ματος
2566 3239 2868 3306 (εἰρήσεται
2913 3235 3022 3304 γὰρ
3048 3237 3094 3289 τ’
3121 3234 3340 3305 ἀληθὲς,
3375 3233 3422 3283 εἰ
3461 3230 3554 3283 καὶ
3611 3228 3944 3300 τραχύτερος

683 3327 1033 3391 teucretur?),
1072 3329 1164 3380 sed
1197 3327 1394 3395 partim
1432 3327 1967 3397 consanguineorum
2004 3329 2253 3397 precibus

2360 3332 2389 3383 ὁ
2414 3329 2615 3396 λόγος),
2662 3326 2722 3378 τὸ
2776 3326 2831 3379 δὲ
2859 3327 2953 3378 καὶ
2998 3324 3223 3385 ἐλπίσας
3252 3322 3348 3392 τὴν
3385 3320 3556 3388 αὐτὴν
3609 3318 3782 3388 ἴσχειν
3809 3319 3944 3387 ἠσυ-

684 3420 964 3475 emollitus
1012 3418 1210 3490 (dicam
1263 3419 1409 3471 enim
1444 3420 1588 3488 quod
1625 3435 1712 3474 res
1751 3432 1852 3483 εει,
1885 3420 1984 3473 etsi
2017 3419 2177 3488 paulo
2207 3420 2257 3474 id

687 3512 1072 3568 inconciuuius
1106 3502 1403 3581 videatur),
1433 3513 1629 3581 partim
1666 3511 1969 3576 conﬁdens,
1999 3511 2144 3580 quod
2178 3511 2258 3566 vel

690 3604 743 3658 in
777 3605 890 3672 ipsa
919 3602 1240 3673 praefectura
1275 3610 1456 3670 posset
1488 3600 1774 3670 pristinam
1832 3600 2070 3669 quietem
2128 3616 2261 3655 cou-

690 3713 910 3752 servare
946 3713 960 3751 :
990 3696 1081 3751 sed
1119 3697 1223 3750 hoc
1252 3709 1592 3764 nequaquam
1622 3704 1679 3747 ut
1705 3694 1955 3763 sperabat
1987 3693 2259 3760 obtinuit;

694 3791 870 3843 multa:
892 3789 1036 3842 enim
1071 3787 1399 3842 tentationes
1429 3786 1477 3840 ei
1528 3800 1593 3839 ex
1629 3787 1730 3840 hoc
1762 3786 1942 3854 capite
2001 3802 2265 3855 provene-

694 3890 820 3934 ruut
853 3898 866 3933 ι
898 3896 928 3935 a
955 3881 1152 3950 quibus
1183 3895 1310 3933 vero
1343 3888 1396 3934 et
1423 3894 1517 3950 per
1563 3893 1702 3948 quos
1731 3893 1807 3932 eae
1855 3878 2059 3932 fuerint
2089 3881 2270 3935 susci-

2365 3421 2506 3492 χίαν,
2553 3419 2655 3472 κᾶν
2697 3420 2762 3489 τῇ
2787 3418 3107 3488 ἠγεμονείᾳ,
3135 3417 3272 3484 ὅπερ
3297 3414 3394 3482 οὐχ
3424 3406 3536 3465 οἷόν
3558 3428 3642 3463 τε.
3675 3409 3810 3463 Ούδέ
3839 3407 3946 3476 γὰρ

2367 3512 2610 3581 ζητήσας
2629 3505 2754 3580 εὗρε
2769 3511 2829 3562 τὸ
2847 3509 3204 3578 ἐλπιζόμενον
3225 3522 3239 3534 ·
3259 3503 3552 3558 κάντεῦθεν
3575 3502 3725 3570 αὐτῷ
3751 3502 3801 3552 οί
3821 3498 3948 3551 πολο

2368 3603 2452 3656 λο“ι
2483 3601 2814 3664 πνεύσαντες
2850 3598 3148 3670 πειρασμοί
3173 3611 3188 3625 ⁸
3216 3597 3274 3650 τὸ
3307 3596 3363 3650 δέ
3395 3596 3485 3664 ὑφ’
3514 3587 3588 3647 ὧν
3619 3594 3712 3646 καὶ
3739 3591 3808 3643 δι’
3830 3588 3944 3652 οὓς,

2371 3695 2572 3764 ἀφίημι
2599 3693 2800 3760 λέγειν.
2829 3693 2968 3744 αἰδοῖ
2991 3690 3097 3743 τῶν
3124 3688 3460 3759 προσώπων,
3487 3685 3628 3756 πλὴν
3661 3684 3810 3737 ἕλκει
3837 3681 3948 3752 βίον

2374 3786 2630 3856 ὀδυνηρόν
2661 3802 2718 3837 τε
2746 3785 2839 3838 καὶ
2882 3783 3169 3852 ἀνώμαλον
3195 3823 3210 3848 ,
3245 3782 3340 3834 καὶ
3383 3780 3482 3849 τῆς
3531 3777 3741 3840 οἰκείας
3785 3775 3946 3840 ἕξεως

2379 3882 2480 3934 ἀνα
2488 3879 2727 3950 ρμόδιον.

693 3983 836 4039 tatze,
869 3989 1224 4044 personarum
1249 3983 1493 4043 respectu
1589 3973 1767 4027 dicere
1821 3975 2207 4042 praetermitto:
2248 3975 2348 4032 hoc
2383 3984 2594 4030 tantum
2663 3970 2933 4040 signiﬁco,
3000 3969 3144 4040 quod
3180 3968 3345 4023 vitam
3421 3964 3684 4022 molestiis
3715 3961 3943 4032 plenam.

693 4085 724 4124 a
748 4085 956 4139 suoque
1001 4070 1247 4123 instituto
1275 4077 1330 4122 et
1386 4068 1662 4138 proposito
1699 4068 2091 4123 alienissimam
2123 4069 2361 4127 duxerit.

765 4162 855 4217 2‘2.
897 4160 1035 4227 Quid
1061 4171 1242 4214 autem
1302 4158 1433 4214 fecit
1488 4159 1739 4229 generosi
1793 4159 1964 4214 animi
2018 4162 2262 4231 rectique

695 4254 911 4310 consilii
942 4253 1066 4308 vir?
1118 4251 1412 4322 Postquam
1447 4253 1512 4306 ad
1553 4252 1898 4320 pratlaturam
1941 4263 2156 4324 raptum
2211 4270 2269 4309 se

695 4346 854 4409 vidit,
887 4361 1063 4416 neque
1108 4361 1227 4400 eam
1260 4344 1498 4414 effugere
1530 4346 1805 4414 (quamvis
1835 4346 1902 4400 de
1937 4346 2041 4402 hoc
2073 4347 2272 4418 saepius

697 4437 1042 4504 deliberaret)
1078 4437 1214 4492 citra
1255 4434 1557 4507 periculum
1581 4451 1776 4504 posse;
1808 4438 2269 4506 quemadmodum

699 4531 1029 4600 gubernator
1088 4529 1351 4599 prudens,
1407 4527 1463 4582 in
1524 4528 1704 4582 medio
1765 4527 2270 4598 circumstrepentis

698 4621 952 4693 procellas
983 4619 1340 4682 constitutus,
1369 4632 1588 4673 omnem
1620 4618 1789 4672 animi
1820 4628 2094 4687 torporem
2150 4635 2179 4672 α
2213 4633 2270 4672 se

698 4711 974 4776 excussit;
1005 4720 1059 4765 et
1094 4711 1289 4765 mentis
1320 4710 1510 4764 oculos
1559 4725 1776 4763 sursum
1829 4710 2120 4775 attollens,
2185 4711 2271 4764 in-

2443 4163 2544 4235 xfB’.
2586 4162 2745 4216 Ἀλλὰ
2781 4160 2832 4213 τί
2866 4159 3010 4212 ποιεῖ
3043 4158 3071 4210 ὁ
3101 4159 3348 4224 γενναῖος
3392 4157 3600 4218 ἐκεῖνος
3635 4153 3817 4224 ,ὅντως
3855 4156 3944 4210 καὶ

2375 4259 2698 4320 εὑούὸουλος
2725 4273 2739 4320 ;
2785 4252 3007 4321 Ἐπειδὴ
3031 4250 3177 4319 ἐώρα
3205 4250 3398 4301 ἑαυτὸν
3429 4249 3710 4301 ἑαλωκότα
3731 4251 3796 4318 τῇ
3823 4265 3945 4318 προ-

2379 4352 2594 4422 στασίᾳ,
2633 4349 2728 4402 καὶ
2758 4346 2948 4414 φυγεῖν
2991 4341 3196 4408 ταύτην
3245 4340 3343 4392 οὐκ
3393 4339 3694 4400 ἀκίνδυνον,
3755 4340 3944 4409 καίπερ

2380 4441 2640 4502 πολλάκις
2697 4434 3147 4506 βουλευσάμενος,
3181 4423 3270 4482 οἷά
3333 4445 3417 4490 τις
3446 4425 3859 4496 οἰακοστρόφος,
3893 4429 3944 4478 ἐν

2381 4535 2532 4603 μέσῳ
2567 4529 2834 4589 κλύδωνος
2865 4521 3234 4592 περιζέοντος,
3270 4519 3328 4572 τὸ
3370 4517 3470 4586 τῆς
3512 4518 3690 4587 ψυχῆς
3727 4516 3944 4579 δκνῶδες

2378 4621 2832 4689 ἀποσεισάμενος,
2875 4616 2968 4669 καὶ
3020 4616 3082 4666 τὸ
3135 4613 3234 4682 τῆς
3264 4610 3500 4672 διανοίας
3543 4608 3698 4678 ὄμμα
3728 4608 3944 4677 ὑψιφρό-

2381 4733 2484 4778 νως
2511 4712 2818 4775 ἀνατείνας,
2854 4707 3132 4778 Ξχνηλατεῖ
3163 4704 3348 4757 λοιπον
3372 4702 3497 4762 τοὺς
3529 4699 3636 4753 τῶν
3669 4699 3939 4769 μακαρίων

699 4807 970 4877 vestigare
996 4806 1164 4876 coepit
1187 4805 1426 4858 virorum
1464 4811 1784 4858 sanctorum
1821 4802 1982 4868 vitas,
2047 4819 2153 4857 non
2209 4818 2253 4856 at

2377 4807 2587 4877 ἀνδρῶν
2615 4806 2763 4875 βίους
2787 4820 2802 4832 ·
2837 4789 3067 4870 οίΓπρὸς
3124 4797 3193 4850 τὰ
3255 4796 3498 4868 προσεχῆ
3534 4794 3940 4862 παραδείγματα

700 4897 942 4954 recentia
979 4896 1225 4967 exempla
1259 4896 1557 4965 respiciens
1597 4894 1737 4964 (haec
1767 4897 1911 4948 enim
1952 4894 2274 4963 plerumque

700 4991 932 5047 distorta
965 4988 1304 5058 confusaque
1337 4988 1508 5058 sunt),
1530 4990 1622 5041 sed
1656 4987 1721 5040 ad
1753 4986 2098 5056 arclietypam
2145 5002 2276 5056 apo-

2377 4901 2611 4971 βλέπων,
2659 4898 2782 4951 ἐπεὶ
2829 4894 2959 4960 λοξὰ
3004 4894 3101 4947 καὶ
3145 4888 3554 4960 συγκεχυμένα,
3587 4885 3725 4956 πρὸς
3766 4883 3819 4936 δέ
3855 4884 3942 4951 τὴν

2375 4991 2682 5062 ἀρχέτυπον
2735 4988 2928 5040 εἰκόνα
2980 4986 3082 5055 τῆς
3139 4978 3505 5047 ἀποστολικῆς
3540 4975 3688 5044 ζωῆς
3717 4977 3942 5029 ἀποσκοο

701 5083 909 5141 ειοιίοιε
943 5083 1068 5136 vitae
1099 5079 1412 5148 imaginem,
1443 5079 1589 5149 quod
1617 5078 1796 5133 facere
1833 5087 2046 5147 oportet
2084 5094 2253 5133 omne:

2379 5082 2493 5134 πῶν
2525 5079 2572 5149 (ὃ
2601 5079 2682 5130 δεῖ
2719 5077 2924 5139 πάντας
2953 5075 3079 5134 τοὺς
3111 5071 3208 5140 τῆς
3241 5068 3445 5139 ἀρετῆς
3485 5065 3738 5135 γραφέας
3761 5065 3937 5124 ποιεῖν,

702 5189 799 5231 eos
830 5172 1195 5244 quiperfecta
1240 5171 1459 5226 virtutis
1495 5171 1854 5225 simulacrum
1884 5169 2194 5239 exprimere.
2223 5172 2275 5224 in

703 5283 764 5323 se
807 5267 1055 5336 cupiunt,
1096 5275 1149 5319 et
1184 5265 1348 5318 vitam
1385 5265 1572 5317 volunt
1603 5263 1668 5316 ad
1701 5261 2115 5317 similitudinem
2179 5262 2280 5318 Pa-

705 5366 848 5413 trum
883 5367 1050 5427 atque
1083 5356 1152 5412 ad
1180 5356 1410 5411 salutem
1453 5353 1756 5408 instituere.

774 5451 868 5508 25.
891 5451 1136 5508 Primum
1167 5459 1346 5504 autem
1383 5448 1489 5504 hoc
1523 5445 1672 5510 fecit,
1707 5455 1762 5501 et
1805 5449 2026 5518 quidem
2084 5447 2278 5502 admo-

775 5585 938 5644 ’Job.
973 5605 1028 5656 v,
1062 5589 1169 5654 l5;
1201 5603 1352 5653 xxxx,
1381 5585 1466 5640 12.
1508 5584 1592 5640 16.

2376 5173 2428 5225 εί
2449 5188 2511 5239 γε
2555 5169 2804 5240 μέλλοιεν
2849 5164 3243 5237 Πατροείκελον
3262 5161 3354 5213 καὶ
3399 5158 3666 5227 σωτήριον
3707 5155 3798 5207 τὸν
3831 5155 3941 5207 ἐαυ-

2381 5261 2491 5316 τῶν
2528 5261 2638 5331 βίον
2665 5257 3131 5330 ἀπεργάζεσθαι),
3168 5252 3385 5325 πρῶτον
3432 5248 3592 5303 τοῦτο
3645 5247 3827 5311 ποιεῖ,
3864 5243 3943 5297 καὶ

2383 5356 2504 5408 λίαν
2539 5353 2826 5414 νεανικῶς.

2465 5443 2575 5513 κγ’.
2607 5445 2697 5506 Εἰς
2729 5443 2826 5506 τὰς
2857 5441 2951 5494 τοῦ
2985 5439 3222 5511 μεγάλου
3255 5437 3350 5492 καὶ
3381 5436 3641 5508 οεοφόρου
3682 5435 3940 5490 Βασιλείου

2213 5695 2457 5754 NOTAE.

776 5802 892 5875 (13)
924 5799 1108 5858 Grece
1141 5799 1383 5872 μιγάδες.
1426 5797 1655 5855 Sirlctus
1700 5795 2009 5867 conjugatos
2064 5793 2240 5860 vertit,

2384 5789 2698 5862 μονασταῖς,
2733 5781 3036 5845 monachis,
3066 5795 3157 5834 eos
3181 5775 3419 5848 opponit.
