4170 6486
182 418 305 483 825

935 429 1213 494 ORATIO
1245 433 1455 495 XI.-'—
1482 433 1862 495 LAUDATIO
1902 436 1964 496 S.
1995 436 2362 498 PLATUNIS
2390 437 2823 499 IIEGUMENI.

3368 439 3474 502 826

183 534 542 606 νομοθεσίας
595 537 876 602 εἰσελθὼν,
906 540 978 604 ὡς
1029 542 1086 592 ἐν
1117 543 1451 612 παραδείσω,
1485 544 1579 597 καὶ
1611 541 1793 612 εὑρὼν

1898 544 2028 599 dum
2085 554 2326 601 strenue.
2385 547 2442 601 In
2485 547 2666 618 magni
2710 559 2875 618 atque
2909 547 3078 603 divini
3133 547 3318 602 Basilii
3367 549 3471 603 lie—

183 626 646 699 ὲναντιουμένην
674 633 737 701 τῇ
774 633 1032 704 μονα-διχῇ
1064 635 1309 706 πολιτείᾳ
1332 635 1429 706 τὴν
1449 635 1797 706 ἀνθρωπίνην

183 723 537 790 συνήθειαν,
607 724 741 793 πρὸς
766 725 844 794 τῷ
894 724 990 776 τοῦ
1049 725 1256 794 θήλεως
1306 725 1432 796 ςώῳ
1473 725 1686 788 δούλαις
1731 727 1798 780 τά

182 815 399 868 xciv/.6
411 834 465 870 ια
479 816 848 887 διοικούμενα,
893 817 1186 870 κάντεῦθεν
1211 817 1411 881 πολλάς
1429 819 1528 882 τάς
1569 819 1796 883 ἀτοπίας

186 907 574 976 τικτομένας,
612 907 833 977 μείζους
861 907 916 960 δὲ
950 907 1048 971 τὰς
1073 907 1309 978 ψυχικὰς
1338 906 1540 978 ζημίας
1566 909 1796 978 ὑφιστα-

188 998 413 1064 μένας,
460 1001 565 1070 ὅρα
621 999 674 1051 τί
722 1001 1036 1070 ἐργάζεται.
1081 1001 1486 1071 Ἐπερωτήσεσι
1534 1002 1796 1072 πρότερον

188 1094 570 1162 χρησαμένος
612 1094 767 1163 παρά
803 1092 912 1146 τῶν
943 1089 1001 1146 εὖ
1029 1093 1267 1156 εἰδότων,
1297 1093 1373 1157 ὡς
1405 1094 1469 1147 ἂν
1496 1095 1632 1164 μηδὲ
1663 1095 1799 1162 αὐτο

186 1184 256 1234 τὸ
317 1184 500 1237 καλὸν
550 1185 907 1242 ἀϐασάνιστον
955 1185 1183 1256 εἴη(τῆς
1217 1188 1326 1256 γάρ
1399 1187 1795 1257 αὑταρεσκείας

185 1275 410 1346 πόρρω
443 1277 640 1339 νεύων,
674 1279 775 1331 οὐκ
810 1272 876 1347 ἦν
903 1295 978 1340 τι,
1010 1277 1038 1330 ὃ
1064 1279 1140 1347 μὴ
1159 1277 1522 1348 συμϐουλίαις
1538 1279 1796 1352 διεπράτ-

186 1372 383 1432 τετο),
445 1372 762 1440 καινοτομεῐ
785 1370 1167 1437 τάςέκνόμους
1213 1369 1540 1441 παραδόσεις
1582 1372 1660 1435 ὼς
1708 1390 1797 1441 φι-

185 1458 487 1524 λοκάκους
515 1462 776 1531 αἱρέσεις,
817 1462 908 1514 καὶ
934 1462 1167 1531 καθιστᾷ
1201 1462 1260 1514 τὸ
1294 1462 1488 1515 ἑαυτοῦ
1519 1466 1793 1534 μοναστὴ·

191 1569 322 1621 ριον
366 1553 507 1623 ἇτερ
563 1553 785 1618 δούλων,
833 1553 936 1619 ἔξω
988 1552 1081 1605 τοῦ
1134 1553 1340 1622 θήλεως
1374 1549 1515 1616 {ibeo
1547 1555 1671 1624 δίχα
1699 1557 1798 1625 ἐμ-

189 1643 456 1712 πορικῆς
491 1643 656 1712 ἄλλης
706 1643 993 1712 προσόδου,
1030 1641 1186 1695 ἅτινα
1232 1643 1515 1712 καπηλικά
1557 1644 1717 1716 κέρδη
1767 1647 1796 1698 6

189 1735 376 1797 αὐτὸς
409 1735 550 1797 θεῖος
581 1735 860 1796 Βασίλειος
905 1733 1208 1802 ὀνομάζων,
1251 1737 1519 1801 φευκταῖα
1551 1736 1791 1805 εἴρηκεν.

192 1826 432 1878 Γίνεται
463 1825 519 1878 δὲ
548 1827 580 1896 ἡ
613 1825 954 1895 κατόρθωσις
984 1825 1083 1877 οὐκ
1109 1826 1369 1894 ἀμογητὶ,
1396 1825 1533 1880 ἀλλά
1565 1825 1672 1896 γὰρ
1702 1827 1796 1880 καὶ

193 1912 328 1967 λίαν
387 1914 790 1984 περιστατικῶς
839 1916 903 1966 ὲκ
950 1914 1058 1966 τῶν
1109 1913 1562 1984 συνασκουμένων
1608 1913 1792 1986 ἁηθῶν

190 2007 403 2072 ὄντων,
429 2007 522 2060 καὶ
545 2008 610 2060 ἐκ
637 2007 745 2059 τῶν
770 2005 970 2068 ἔξωθεν
994 2005 1468 2076 ἀντιπραττόντων
1489 2004 1567 2076 τῷ
1601 2005 1792 2076 ἀγαθῷ

194 2098 428 2168 σκοπῷ,
460 2098 558 2150 οὐκ
592 2099 790 2166 ὀλίγων
815 2097 1189 2166 ὑπαρχόντων.
1223 2097 1330 2150 Καὶ
1364 2097 1423 2149 οὐ
1453 2097 1788 2166 θαυμαστόν⁸

193 2191 333 2244 ἐπεὶ
404 2191 541 2262 μηδὲ
599 2189 887 2262 συνήθειαν
932 2189 1229 2259 περικόψαι
1276 2189 1384 2241 τῶν
1437 2189 1648 2261 ῥᾴστων
1699 2191 1792 2243 καὶ

194 2283 482 2346 εὖπετῶν,
513 2283 649 2354 μηδέ
679 2300 731 2336 τι
783 2283 1149 2352 ἀνεπίφθονον
1180 2281 1291 2335 τῶν
1317 2279 1617 2344 ὲπαινετῶς
1641 2279 1791 2335 ὲλου-

197 2377 414 2445 μένων.
453 2376 574 2447 'Ap‘
608 2372 700 2430 οὖν
729 2376 827 2447 οὐχ
861 2373 1320 2446 ὑπερανεστώσης
1344 2374 1583 2438 διανοίας
1612 2375 1788 2446 ἀπορ-

199 2469 450 2538 ραγῆναι
530 2468 858 2530 ἐπιϐλαϐοῦς
934 2465 1328 2539 παραδόσεως,
1400 2466 1492 2520 καὶ
1551 2463 1790 2518 τοιοῦτον

195 2561 497 2630 προθεῖναι
569 2561 761 2614 ἑαυτὸν
816 2559 1124 2628 ὑπόδειγμα
1166 2557 1329 2610 καλὸν
1374 2559 1487 2621 τοῖς
1525 2554 1792 2628 βουλομέ-

196 2670 320 2717 νοις
362 2654 437 2723 μὴ
466 2651 626 2722 μόνον
651 2653 904 2722 ὀνόματι,
935 2652 1073 2704 ἀλλά
1098 2653 1190 2706 καὶ
1212 2648 1788 2722 πράγματιμονάξειν,

199 2744 306 2794 καὶ
333 2745 532 2794 οἰκεῖον
570 2741 649 2810 τῷ
683 2741 779 2812 βίῳ
814 2743 908 2794 καὶ
935 2742 996 2792 τὸ
1037 2741 1196 2811 ἔργον
1228 2742 1394 2810 ἔχειν.
1441 2740 1563 2802 Πῶς
1591 2741 1697 2808 γὰρ
1725 2739 1789 2792 ἂν

202 2834 486 2906 μοναστὴς
521 2833 773 2904 ἀληθινὸς
795 2875 809 2899 ,
842 2833 1206 2896 όδεσποτείας
1248 2832 1411 2902 φόϐον
1451 2831 1655 2896 δούλοις
1691 2833 1791 2883 ἐπ-

201 2928 626 2996 ανατεινόμενος
654 2943 668 2991 ;
701 2926 734 2996 ἢ
771 2926 889 2989 πῶς
929 2926 1254 2996 ἁγοήτευτος
1299 2925 1397 2994 τὴν
1443 2925 1634 2995 ὅρασιν
1669 2924 1696 2976 6
1727 2926 1790 2976 ὲκ

202 3021 446 3092 θεωρίας
496 3020 590 3073 τοῦ
650 3018 897 3082 συνόντος
956 3019 1104 3088 αὑτῷ
1159 3017 1492 3088 ὑπουργικοῦ
1582 3017 1788 3086 θήλεως

202 3116 458 3184 ἀσκητὴς
493 3112 1042 3183 καθυπηρετούμενος
1072 3129 1085 3176 ;
1127 3114 1328 3179 ὅπουγε
1360 3112 1454 3164 καὶ
1472 3112 1665 3162 τούτου
1697 3112 1790 3162 ὲκ-

202 3208 298 3270 16;
333 3208 614 3277 ὑπάρχων,
644 3206 722 3277 τῷ
756 3205 1002 3276 ἐμφυλίῳ
1035 3205 1256 3274 πολέμῳ
1297 3204 1635 3274 συνϐἐϐηκεν
1665 3203 1786 3257 ἀλί-
1815 3243 1861 3303 C

207 3301 460 3353 σκεσθαι.
492 3299 705 3368 ’Ἥψατο
738 3296 1030 3368 τοιγαροῦν
1076 3301 1102 3351 6
1152 3297 1312 3368 ζῆλος
1379 3298 1485 3351 τῶν
1533 3297 1786 3365 ἐγγύθεν,

207 3391 308 3444 καὶ
361 3390 659 3460 μετέλαϐον
719 3388 812 3442 τοῦ
854 3389 1064 3450 ἀγαθοῦ
1099 3391 1148 3442 oi
1192 3390 1430 3458 φιλόθεοι
1485 3391 1786 3462 πόρρωθεν,

207 3483 462 3544 κάκεῖνος
499 3480 557 3533 τὸ
575 3480 727 3544 κλέος
752 3480 1054 3545 διαιωνίζον
1092 3479 1460 3550 ἀπηνέγκατο.
1493 3482 1551 3534 ΕΞ
1592 3482 1648 3533 δὲ
1696 3485 1790 3536 καὶ

210 3575 369 3628 ἄλλον
402 3574 560 3644 ἔσχεν
585 3575 988 3643 συναγωνιστὴν
1013 3590 1071 3625 τε
1112 3573 1207 3626 καὶ
1248 3572 1618 3643 συλλήπτορα,
1646 3575 1790 3645 φημὶ

210 3668 277 3737 δὴ
308 3669 402 3719 τὸν
425 3665 597 3720 ταῦτα
632 3665 862 3732 λέγοντα
905 3665 999 3718 καὶ
1039 3665 1340 3735 γράφοντα,
1370 3665 1448 3731 τῷ
1486 3666 1658 3736 ῐΙατρὶ
1691 3667 1789 3736 τὴν

212 3761 374 3828 χάριν
409 3758 663 3812 ἀνεκτέον
687 3771 702 3785 ⁸
731 3757 884 3812 παιδὶ
913 3759 1022 3828 γὰρ
1053 3759 1322 3828 προσήκει
1366 3759 1428 3812 τὸ
1467 3761 1644 3814 παντά
1683 3779 1789 3814 πα-

211 3849 480 3921 τρώζειν,
514 3851 611 3904 καὶ
652 3850 774 3906 δλον
832 3850 1024 3904 ἑαυτὸν
1077 3849 1411 3920 ἐμπαρέχειν
1467 3851 1547 3922 τῷ
1597 3854 1790 3923 γεννή-

213 3958 352 4012 τορι.

289 4035 388 4088 κδ’.
417 4033 652 4088 Ἔπειτα
680 4034 1019 4107 περιστέλλει
1050 4035 1244 4088 ἑαυτὸν
1287 4037 1351 4088 ἐκ
1393 4034 1504 4088 τῶν
1536 4037 1593 4089 ἐν
1635 4037 1790 4092 ἄστει

219 4126 485 4195 προόδων,
510 4126 574 4178 ὲκ
597 4125 882 4188 συνουσίας
913 4125 1367 4196 ἁγχιστευόντων,
1397 4128 1462 4180 ὲκ
1486 4127 1791 4198 συνδιειτρι⁸

218 4218 320 4287 ϐῆς
358 4217 659 4288 ἀρχόντων,
685 4218 814 4271 εἴσω
841 4217 940 4288 τῆς
974 4221 1349 4290 πνευματικῆς
1386 4220 1556 4291 αὐλῆς
1603 4223 1792 4293 ἐρηρι-

220 4308 417 4379 σμένον
449 4307 588 4376 ἔχων
615 4307 704 4360 τὸν
723 4308 861 4361 πόδα
879 4323 892 4337 °
923 4309 1204 4361 ἐπιστατεῖ
1229 4312 1338 4373 τοῖς
1355 4309 1591 4380 λογικοῖς
1621 4312 1790 4383 θρέμ-

221 4416 377 4469 μασι,
407 4399 710 4468 διατρέρων
757 4399 1110 4465 διδασκαλίας
1152 4404 1281 4474 πόᾳ,
1340 4406 1434 4456 xal.
1472 4407 1792 4474 ναματίζων

219 4489 578 4557 κατηχήσεως
635 4488 866 4558 ῥείθρῳ·
894 4488 956 4554 ἐξ
997 4485 1059 4546 οῦ
1088 4490 1140 4544 τί
1172 4493 1426 4560 γίνεται;
1468 4493 1705 4550 Εὗθαλεῖ
1756 4498 1788 4568 ἡ

1899 635 2076 704 gulas,
2107 637 2254 691 velut
2301 639 2354 693 in
2385 639 2697 708 paradisum
2730 641 3033 710 ingressus,
3096 650 3149 695 et
3183 640 3470 696 inveniens

1898 731 2214 786 monasticae
2250 734 2653 788 conversationi
2684 734 3018 790 contrariam
3058 749 3180 790 esse
3243 749 3474 788 consue-

1898 821 2140 875 tudinem
2181 823 2497 886 humanam,
2531 841 2638 894 qua
2668 825 2948 880 inductum
2982 834 3118 890 erat,
3156 835 3213 879 ιιι
3251 835 3473 896 propter

1899 913 2118 969 feminei
2151 918 2368 986 generis
2423 917 2680 971 animalia
2734 917 2950 972 ancilla:
3011 917 3064 970 in
3121 917 3470 972 monasteriis

1899 1004 2205 1062 habitarent
2239 1009 2371 1079 (14),
2413 1011 2556 1064 unde
2595 1011 2764 1065 multa
2801 1011 3191 1081 proveniebant
3260 1011 3472 1064 incom-

1899 1099 2078 1163 moda,
2107 1109 2157 1154 et
2193 1101 2373 1169 plures
2388 1103 2565 1171 quoad
2594 1103 2844 1172 spiritum
2873 1102 3165 1167 molestize,
3201 1102 3320 1156 vide
3337 1102 3468 1172 quid

1897 1189 2087 1258 egerit.
2120 1190 2333 1244 Auditis
2362 1192 2683 1258 periliorum
2723 1191 3034 1256 sententiis,
3069 1199 3127 1244 ut
3181 1207 3248 1245 ne
3287 1190 3467 1260 ipsum

1897 1280 2116 1350 quidem
2153 1280 2358 1334 bonum
2387 1283 2676 1336 temerarie
2701 1291 2885 1352 ageret
2912 1284 3124 1353 (procul
3185 1283 3329 1337 enim
3379 1298 3470 1337 re-

1898 1382 2076 1425 motus
2106 1372 2174 1425 ab
2204 1372 2535 1441 arrogantia,
2568 1374 2704 1428 citra
2740 1373 3200 1429 consultationem
3234 1374 3471 1429 faciebat

1897 1466 2079 1537 nihil),
2108 1467 2341 1521 abscidit
2377 1467 2687 1538 illegitimas
2747 1467 3070 1522 traditiones
3103 1469 3251 1522 velut
3301 1467 3470 1536 pesti-

1896 1557 2039 1614 feras
2069 1559 2302 1614 haereses
2327 1599 2343 1624 ,
2375 1575 2646 1629 suumque
2706 1560 3096 1615 monasterium
3158 1560 3466 1615 habendum

1896 1651 2184 1707 constituit
2237 1651 2445 1720 absque
2475 1652 2784 1720 mancipiis,
2818 1653 3024 1722 absque
3053 1653 3269 1707 feminei
3303 1668 3468 1707 sex-us

1896 1741 2245 1805 animalibus,
2278 1741 2484 1812 absque
2521 1742 2671 1796 omni
2709 1742 2817 1796 alio
2856 1743 3180 1796 mercatorio
3207 1751 3466 1812 proventu

1897 1850 2021 1904 quae
2073 1836 2407 1904 cauponaria
2449 1834 2600 1889 lucra
2637 1834 2779 1890 idem
2825 1836 3045 1891 divinus
3092 1835 3329 1890 Basilius
3375 1851 3469 1904 ap-

1898 1929 2128 1998 pellans,
2164 1927 2417 1998 fugienda
2449 1943 2572 1982 esse
2601 1928 2756 1982 dixit.
2779 1927 3004 1982 Inducta
3032 1941 3114 1982 εει
3144 1935 3324 1981 autem
3352 1929 3468 1981 haec

1896 2019 2385 2074 reformatioliaud
2421 2034 2553 2074 sane
2614 2019 2788 2083 facile,
2859 2019 2952 2074 sed
3017 2035 3275 2089 perquam
3329 2034 3468 2087 a-gre

1895 2119 2008 2164 tum
2045 2119 2266 2179 propter
2304 2109 2682 2165 cohabitantes
2733 2110 3066 2178 inexpertos,
3096 2118 3208 2163 tum
3248 2121 3468 2180 propter

1892 2212 2148 2256 externos
2176 2203 2325 2254 bona:
2351 2201 2440 2254 isti
2462 2200 2752 2255 intentioni
2790 2210 3155 2270 repugnantes
3193 2199 3324 2268 :qui
3359 2215 3465 2253 non

1892 2302 2050 2347 erant
2100 2292 2281 2362 pauci.
2313 2291 2496 2358 Neque
2529 2291 2579 2346 id
2611 2307 2746 2346 sane
2803 2291 3035 2356 mirum;
3063 2290 3192 2362 quia
3244 2305 3352 2345 non
3382 2299 3468 2345 cst

1895 2384 2052 2439 facile
2081 2394 2177 2438 aut
2235 2385 2546 2455 expeditum
2603 2383 3055 2438 consuetudinem
3105 2383 3464 2447 exscindere,

1893 2493 2068 2548 neque
2103 2476 2308 2531 invidia
2363 2485 2553 2531 carent
2605 2476 2850 2546 przeclari
2904 2484 3150 2530 conatus.
3211 2474 3466 2546 Nunquid

1891 2569 2036 2624 cnim
2073 2568 2344 2639 praecelsa:
2375 2569 2574 2622 mentis
2601 2578 2684 2622 est
2713 2568 2966 2622 recedere
2995 2583 3026 2622 a
3082 2568 3242 2621 noxia
3297 2567 3466 2621 tradi-

1893 2661 2060 2724 tione,
2094 2677 2261 2730 scque
2290 2662 2466 2730 ipsum
2509 2677 2708 2730 ponere
2757 2660 2812 2714 in
2873 2661 3183 2730 exemplum
3236 2660 3462 2725 bonum,

1892 2755 2090 2808 volenti
2125 2753 2367 2806 solitarie
2393 2752 2593 2816 vivere,
2613 2767 2718 2805 non
2738 2751 2916 2806 solum
2940 2751 3279 2814 nomine,sed
3303 2749 3462 2804 etiam

1893 2863 1971 2910 re,
2001 2856 2054 2900 et
2084 2844 2412 2915 professioni
2470 2858 2772 2914 congruum
2818 2857 2957 2912 opus
3008 2841 3252 2896 habere?
3315 2841 3466 2906 Quo-

1894 2938 2056 2991 modo
2086 2944 2267 2989 autem
2303 2949 2428 2989 vere
2459 2933 2738 2989 solitarius
2766 2933 2894 2998 erit,
2925 2933 3018 3003 qui
3074 2932 3467 2987 dominationis

1891 3029 2178 3098 mancipiis
2214 3025 2446 3080 incutit?
2479 3024 2766 3091 Quomodo
2793 3033 2975 3080 castos
3005 3024 3222 3078 habebit
3277 3023 3469 3078 oculos

1891 3129 2101 3174 aseetes
2148 3119 2256 3180 ille,
2308 3117 2400 3186 qui
2445 3115 2688 3170 mulieris
2746 3114 2849 3169 sibi
2880 3113 3249 3168 cohabitantis
3296 3114 3470 3168 utitur

1892 3209 2244 3265 ministerio?
2277 3223 2401 3263 cum
2427 3207 2591 3261 etiam
2618 3204 3155 3274 contingataliquos,
3184 3212 3338 3257 extra
3365 3205 3468 3259 hoc

1891 3305 2182 3360 discrimen
2212 3302 2440 3371 positos,
2473 3299 2614 3367 capi.
2678 3297 2919 3353 Accensa
2968 3309 3206 3366 estergo
3257 3297 3470 3351 vicino-

1894 3411 2013 3449 rum
2045 3392 2339 3454 ternulatio,
2381 3401 2433 3445 et
2463 3392 2528 3444 ad
2557 3389 2773 3459 longius
2801 3389 3011 3458 positos
3066 3385 3158 3441 Dei
3191 3395 3467 3440 amatores

1893 3483 2230 3554 participatio
2249 3480 2372 3536 boni
2396 3479 2596 3534 inventi
2619 3478 2863 3549 pervenit
2886 3495 2900 3543 ;
2926 3478 3042 3548 ipse
3059 3493 3186 3532 vero
3206 3489 3462 3531 aiternam

1892 3577 1992 3631 sibi
2021 3574 2359 3642 comparavit
2388 3572 2640 3644 gloriam.
2678 3569 2834 3638 Quod
2863 3570 2908 3624 si
2937 3569 3103 3624 alium
3129 3569 3319 3624 habuit
3343 3583 3472 3624 con-

1892 3670 1998 3724 silii
2031 3677 2193 3737 atque
2225 3667 2426 3720 lab0ris
2464 3665 2700 3730 socium,
2750 3664 2928 3732 ipsum
2963 3664 3054 3732 qui
3100 3663 3214 3716 haec
3253 3662 3388 3717 dicit
3414 3671 3470 3717 et

1892 3760 2105 3823 scribit,
2137 3759 2316 3813 omnis
2351 3758 2417 3812 ad
2445 3756 2660 3811 Patrem
2712 3754 2994 3809 referenda
3026 3763 3108 3808 est
3136 3755 3306 3826 gratia
3342 3754 3470 3808 :de-

1891 3861 1977 3907 cet
2002 3853 2147 3906 enim
2192 3852 2361 3905 lilium
2399 3849 2454 3903 in
2497 3847 2752 3902 omnibtts
2777 3847 3073 3902 assitnilari
3109 3847 3269 3916 patri,
3301 3861 3469 3916 seque

1894 3952 2066 3999 totum
2099 3942 2442 3996 formandutn
2485 3941 2698 3994 tradere
2731 3937 2982 4008 genitori.

1961 4036 2052 4091 24.
2082 4035 2278 4090 Postea
2307 4032 2670 4102 sequestravit
2697 4047 2756 4087 se
2777 4031 2846 4086 ab
2873 4031 3099 4086 urbanis
3129 4029 3473 4085 circuitioni-

1892 4129 2019 4193 bus,
2054 4146 2082 4180 α
2114 4128 2535 4182 conversatione
2562 4125 2924 4180 habitantium
2948 4122 3216 4185 civitates,
3243 4138 3275 4178 a
3309 4121 3470 4176 fami-

1894 4219 2125 4274 liaritate
2165 4219 2404 4271 virorum
2469 4217 2800 4285 principum,
2835 4215 2977 4268 intra
3007 4214 3342 4283 spiritualem
3373 4229 3470 4266 au-

1893 4313 2000 4367 lam
2040 4310 2207 4364 fixum
2241 4309 2486 4362 retinens
2536 4308 2766 4376 pedem;
2809 4305 2898 4360 ubi
2943 4305 3192 4358 rationali
3223 4304 3458 4358 intende.

1894 4403 1986 4459 bat
2019 4401 2188 4473 gregi,
2237 4415 2466 4470 pascens
2509 4414 2631 4452 eum
2668 4397 2931 4452 doctrina:
2986 4397 3253 4467 gramine,
3286 4405 3339 4449 et
3371 4413 3468 4464 po-

1897 4507 2019 4552 tans
2077 4493 2303 4549 flumine
2352 4491 2752 4546 instructionis.
2802 4488 2954 4545 Unde
3007 4490 3208 4544 factum
3270 4498 3375 4551 est,
3415 4499 3472 4544 ut

219 4579 344 4644 Δία,
379 4577 533 4644 αὔξει
556 4579 616 4632 τὸ
645 4579 916 4649 ποίμνιον,
951 4579 1162 4648 γίνεται
1190 4583 1536 4655 περιϐόητον,
1571 4586 1790 4651 δοξάζε-

1895 4585 2130 4644 fecundo
2181 4586 2426 4655 germine
2465 4583 2794 4652 prolit‘tcaret
2833 4582 2949 4649 Lia,
3003 4599 3130 4654 grex
3180 4591 3470 4652 augeretur

219 4689 308 4725 ται
334 4673 363 4724 6
398 4672 551 4740 ἇγιος
581 4673 734 4736 Θεὸς,
761 4674 890 4744 παρ’
932 4667 993 4727 οῦ
1024 4677 1130 4729 πᾶν
1171 4675 1478 4748 ἀνθρώποις
1502 4680 1563 4732 τὺ
1596 4697 1795 4751 κατορο

223 4761 506 4832 θούμενον.
549 4763 687 4817 Ἀλλ’
719 4759 832 4817 οἷόν
860 4782 925 4834 με
952 4766 1009 4817 ὲν
1041 4765 1190 4836 μέσῳ
1233 4767 1342 4820 τῶν
1370 4770 1674 4840 εἰρημένων
1698 4772 1794 4826 λα-

223 4852 329 4908 θὼν
361 4854 558 4924 μικροῦ
577 4856 684 4908 δεῖν
714 4857 1064 4928 παρέδραμεν
1094 4860 1105 4912 l
1142 4860 1280 4930 Ἤδη
1307 4863 1664 4933 κρατησάσης
1695 4865 1791 4934 τῆς

223 4945 485 5008 εὐσεϐοῦς
517 4945 775 5018 Εἰρήνης,
805 4950 901 5002 καὶ
929 4948 1139 5003 πολλῶν
1168 4949 1342 5020 λόγων
1371 4951 1674 5022 βαλλόντων
1696 4957 1792 5010 καὶ

1894 4689 1949 4736 et
1977 4678 2211 4740 celebris
2245 4677 2417 4742 fieret,
2461 4673 2602 4729 Deus
2648 4684 2852 4736 autem,
2891 4682 2950 4727 ut
2992 4685 3251 4735 sanctus,
3284 4673 3474 4726 lauda-

1896 4785 2071 4836 retur,
2106 4786 2134 4824 a
2170 4783 2280 4839 quo
2310 4768 2621 4822 hominibus
2639 4781 2799 4820 omne
2825 4766 3026 4819 bonum
3065 4768 3330 4834 provenit.
3364 4765 3470 4818 Sed

1895 4864 2057 4934 quale
2088 4863 2218 4916 illud
2258 4870 2341 4916 est
2373 4859 2518 4930 quod
2565 4860 2617 4913 in
2682 4857 2860 4912 medio
2896 4857 3250 4911 dicendorum
3296 4857 3471 4911 latens

1902 4970 2092 5029 parum
2126 4952 2302 5009 abfuit
2329 4951 2462 5022 quin
2496 4951 2852 5020 praeterirem.
2902 4947 3038 5002 Cum
3066 4948 3179 5017 jam
3225 4954 3476 5017 regnaret

1733 5115 1965 5175 ΝΟΤᾸΞ.

293 5256 408 5324 tu)
447 5254 644 5330 (ξιξερο
664 5265 746 5310 est
794 5257 931 5330 πρὸς
969 5257 1045 5328 τῷ
1089 5257 1180 5312 τοῦ
1211 5258 1402 5330 Θήλεος
1433 5260 1556 5330 ζὼῳ
1585 5263 1792 5329 δούλοις

222 5325 314 5402 τὰ,
342 5324 584 5402 κοινόϐια
621 5324 1077 5402 διοικούμεναηεί
1120 5324 1275 5402 infra:
1308 5324 1542 5402 καθιστᾷ
1576 5335 1633 5386 τὸ
1663 5324 1792 5386 ἐαυί

223 5395 318 5470 105
350 5399 711 5470 μοναστήριον
739 5395 841 5461 ἔξω
870 5398 960 5450 τοῦ
995 5397 1186 5467 θήλεος
1207 5399 1366 5464 (dion.
1389 5395 1787 5470 quae'Sirletus,

225 5467 542 5534 longissime
582 5467 846 5521 aberrans
880 5484 907 5520 a
947 5482 1124 5523 mente
1179 5467 1440 5534 auctoris,
1478 5473 1556 5525 sic
1602 5467 1791 5528 Latine

231 5537 482 5608 reddidit.
531 5536 662 5591 Cum
718 5539 1032 5608 feminarum
1097 5540 1326 5592 rmnobia
1370 5541 1791 5608 gubernarentur

227 5623 258 5659 a
289 5607 730 5678 aereisrntaribus.
789 5619 842 5662 ct
900 5607 1060 5672 infra,
1113 5607 1384 5678 suumque
1416 5615 1789 5668 monasterium

227 5677 500 5729 constituit
547 5679 756 5730 remotis
817 5680 974 5732 servis
1015 5697 1076 5733 ac
1142 5681 1464 5733 mulieribus.
1528 5681 1790 5737 Existimo

230 5747 332 5799 levi
387 5748 724 5802 correctione
764 5749 877 5803 fieri
918 5764 1098 5817 posse,
1132 5759 1190 5804 ut
1239 5759 1292 5804 et
1354 5751 1584 5806 feminas
1614 5769 1789 5807 remo-

230 5817 372 5891 τίεις)
418 5833 467 5891 _a
537 5833 637 5872 suo
683 5820 1013 5873 monasterio
1066 5828 1290 5874 sanctus
1343 5821 1693 5891 intelligatur,
1732 5832 1783 5875 et

233 5887 487 5942 animalia
523 5904 754 5958 quorum
774 5905 936 5945 causa
981 5891 1080 5944 illae
1113 5887 1537 5953 adhibebantur}
1566 5904 1614 5946 et
1642 5894 1778 5946 hanc

1895 5278 2018 5319 esse
2054 5271 2290 5316 mentem
2329 5259 2618 5330 genuinam
2653 5256 2914 5330 auctoris,
2940 5256 3053 5330 qui
3084 5256 3149 5308 de
3178 5255 3466 5330 mulierum

1895 5333 2163 5389 coenobiis
2197 5347 2296 5385 nec
2332 5327 2600 5398 cogitavit
2624 5328 2841 5396 quidem
2880 5344 3003 5380 cum
3043 5327 3154 5379 hinc
3182 5327 3468 5398 scriberet,

1897 5404 2100 5473 patebit
2127 5396 2506 5473 examinanti.
2546 5399 2684 5473 Ergo
2713 5399 2774 5473 τὸ
2821 5398 2913 5450 105
2947 5398 3139 5466 θήλεος
3187 5396 3324 5458 ζῶον
3387 5397 3470 5473 in-

1894 5467 2078 5542 telligo
2115 5472 2300 5526 femini
2335 5486 2500 5525 sexus
2533 5467 2809 5542 aniinalia,
2845 5483 3064 5542 vaccas,
3107 5482 3259 5542 oves,
3296 5467 3470 5534 capel-

1895 5544 1975 5597 las
2001 5534 2056 5597 ἕι
2089 5559 2208 5612 qua:
2231 5542 2390 5596 etiam
2416 5541 2467 5594 in
2491 5540 2834 5612 monasteriis
2862 5541 3082 5592 aluntur
3110 5535 3174 5589 ad
3208 5534 3462 5596 feturam,

1897 5609 2133 5683 itemque
2164 5613 2230 5666 ad
2273 5612 2427 5683 lactis
2469 5620 2522 5664 et
2553 5609 2694 5664 casei
2731 5618 3073 5683 proventum
3104 5625 3115 5659 :
3148 5615 3310 5683 atque
3365 5620 3464 5672 pro

1896 5676 2124 5747 δούλοίς,
2160 5683 2277 5752 lego
2315 5679 2571 5752 δούλαις(
2600 5679 2743 5752 quod
2769 5689 2954 5752 autem
2987 5676 3206 5752 διοικεῖν
3225 5689 3330 5727 non
3355 5689 3463 5752 _so-

1896 5752 2006 5806 lum
2037 5745 2358 5819 gubernare,
2384 5749 2476 5805 sed
2506 5745 2665 5803 etiain
2697 5748 2941 5802 habitare
2970 5745 3259 5819 signiticet.
3283 5746 3460 5812 palam

1891 5832 1992 5876 cst.
2021 5814 2311 5877 Dissimulo
2349 5829 2540 5877 caetera
2578 5819 2664 5874 hic
2698 5828 3100 5888 consequenter
3123 5814 3307 5869 minus
3336 5826 3461 5884 apte

1890 5892 2116 5946 νεάδην.
