4170 6480
666 392 770 454 827

1848 396 1909 458 S.
1951 398 2339 459 TIIEODORI
2384 395 2727 458 STUDlT/E

3807 392 3919 456 8‘28

672 507 1014 578 pientissima
1046 508 1219 574 lrene,
1255 521 1308 566 et
1335 511 1477 566 circa
1500 512 1856 581 quaestionem
1881 514 1949 570 de
1978 530 2240 569 veneran-

2355 515 2693 587 βαλλομένων
2729 514 2988 585 περὶτῆς
3030 514 3135 568 τῶν
3177 528 3396 568 σεπτων
3441 509 3666 568 εἰκόνων
3711 514 3919 569 ὑποθέ-

675 601 761 655 dis
812 600 1143 669 imaginibus
1200 602 1254 657 iu
1304 614 1590 674 utramque
1636 615 1845 675 partem
1873 607 2039 660 multa
2075 606 2243 675 jacta-

672 699 890 753 rentur,
920 701 1047 745 ante
1079 692 1278 748 multos
1302 705 1355 749 et
1384 711 1506 748 eum
1539 697 1727 765 paucis
1757 698 1925 752 libere
1956 698 2239 752 veritatem

668 784 990 853 proﬁtetur;
1020 798 1223 857 pugnat
1272 796 1535 855 quantum
1586 798 1766 858 potest
1813 797 2004 844 contra
2059 790 2243 846 lcouo-

669 875 918 928 machos.
943 875 1207 940 Quamvis
1229 879 1374 930 enim
1420 894 1525 931 non
1566 890 1709 932 esset
1747 879 2112 949 dogtnaticus.
2148 882 2243 934 sed

672 964 903 1033 simplici
934 978 1180 1022 uteretur
1213 984 1504 1033 sermone;
1530 985 1652 1024 eum
1692 981 1868 1025 tamen
1902 971 2130 1027 habebat
2156 987 2246 1027 co-

671 1056 883 1121 piosum
941 1057 1115 1124 (juxta
1173 1060 1411 1114 nominis
1458 1060 1565 1122 sui,
1606 1075 1635 1113 a
1683 1060 1966 1117 latitudine
2018 1062 2241 1132 sumpti,

672 1150 1080 1215 proprietatem)
1120 1159 1175 1204 et
1226 1150 1569 1219 persuasioni
1651 1167 1907 1221 perquam
1965 1153 2242 1208 idoneum.

671 1239 841 1305 Cujus
870 1240 947 1292 rei
980 1250 1357 1308 argumentum
1377 1250 1489 1303 est,
1516 1240 1661 1311 quod
1694 1242 1746 1296 in
1778 1258 1839 1296 ea
1875 1259 1993 1312 qua:
2021 1246 2086 1297 ad
2118 1260 2246 1297 sau-

670 1338 787 1383 ctos
843 1331 1115 1398 apostolos
1151 1341 1336 1385 coacta
1388 1341 1471 1386 est
1518 1332 1730 1403 synodo
1771 1334 1920 1402 (15),
1954 1336 2022 1388 ab
2054 1350 2119 1389 eo
2153 1336 2244 1405 qui

672 1430 800 1475 tunc
833 1433 943 1476 crat
972 1424 1279 1491 patriarcha
1314 1425 1519 1480 electus
1551 1425 1665 1493 ipse
1682 1425 1773 1490 sit,
1801 1426 1895 1495 qui
1953 1438 2247 1495 poneretur

676 1513 729 1565 in
769 1516 1025 1566 cathedra
1080 1516 1398 1584 metropolis
1449 1515 1694 1570 omnium
1756 1516 2158 1581 illustrissimze,
2195 1526 2249 1571 et

668 1605 814 1659 sicut
853 1615 1010 1658 antea
1044 1620 1151 1659 non
1187 1606 1443 1661 timuerat
1483 1608 1663 1663 minas
1696 1607 1995 1662 faventium
2030 1608 2244 1672 haeresi,

670 1698 750 1749 sic
778 1712 953 1765 neque
994 1706 1123 1752 tunc
1143 1698 1459 1752 formidavit
1486 1700 1910 1769 prohibitionem
1938 1701 2248 1756 incursuru-

670 1805 775 1857 que
814 1789 1023 1844 ordinis
1072 1791 1358 1854 militaris,
1393 1791 1616 1861 quando
1666 1793 1711 1847 is
1747 1792 2006 1861 impetum
2040 1793 2167 1850 fecit
2192 1793 2245 1847 in

671 1896 926 1951 magnum
948 1882 1077 1936 illud
1102 1884 1382 1952 templum,
1402 1886 1611 1940 insanis
1642 1887 1977 1941 clamoribus
2016 1887 2247 1957 patriar-

668 1974 784 2027 chae
838 1974 1182 2043 obstrepens,
1220 1986 1274 2030 et
1330 1979 1802 2047 pseudosynodum
1846 1979 2073 2034 laudans
2115 1979 2245 2033 olim

668 2068 929 2119 adversus
957 2067 1220 2137 imagines
1272 2068 1535 2123 habitam.
1574 2070 1742 2125 Paulo
1789 2082 1930 2140 post,
1979 2087 2102 2125 cum
2134 2072 2247 2126 alis.

669 2154 882 2208 solutus
935 2164 1082 2209 esset
1126 2166 1304 2213 cretus
1352 2158 1458 2223 ille,
1505 2175 1602 2228 pro
1657 2159 1886 2213 veritate
1920 2160 2245 2213 stabilienda

670 2245 932 2300 collectus
955 2287 969 2311 ,
998 2249 1170 2302 evasit
1193 2248 1533 2318 imperatrix,
1560 2250 1707 2305 velut
1738 2266 1767 2305 e
1788 2250 1975 2305 medio
1999 2252 2243 2314 leonum,

672 2334 838 2399 facta,
881 2348 941 2391 ut.
981 2337 1060 2392 sic
1111 2338 1327 2408 loquar,
1369 2343 1515 2395 circa
1562 2342 1885 2412 sanguinem
1920 2350 2165 2412 martyr:
2197 2348 2250 2394 et

650 2428 1013 2496 thogumenus
1064 2441 1249 2485 noster
1299 2432 1664 2502 patriarcham
1722 2442 1977 2498 secutus,
2033 2442 2252 2503 propter

2346 621 2503 667 σεως,
2536 604 2975 674 παρρησιάζεται
3010 602 3117 673 πρὸ
3140 602 3247 655 τῶν
3289 600 3499 655 πολλῶν
3547 602 3640 655 καὶ
3677 604 3773 657 σὺν
3802 604 3918 656 6).!-

2344 713 2460 763 γοις
2493 696 2589 764 τὴν
2614 696 2890 766 ἀλήθειαν,
2921 695 3151 765 μάχεται
3169 696 3283 757 τοῖς
3304 694 3753 764 εἰκονομαχοῦσιν
3782 695 3921 748 καθ-

2344 784 2469 835 ὅσον
2502 777 2613 835 οἷόν
2641 799 2722 848 τε,
2755 784 2877 835 ἐπεὶ
2909 782 3046 853 μηδὲ
3079 783 3408 852 δογματικὸς
3436 778 3525 855 ἦν,
3559 783 3673 836 ἀλλ’
3705 785 3921 838 ἁπλοῦν

2348 871 2446 940 μὲν
2464 872 2553 924 τὸν
2567 872 2745 940 λόγον,
2762 872 3075 944 εὐρύχωρον
3091 872 3137 925 δ’
3152 874 3301 942 ὅμως
3318 890 3381 940 φε
3393 872 3655 943 ρωνύμως
3674 875 3770 927 καὶ
3792 891 3921 929 πειο

2346 963 2869 1036 θήνον[1“.πειθανὸν]
2887 964 3044 1033 ἔχων.
3064 964 3362 1029 Ἀπόδειξις
3380 965 3488 1018 τῶν
3514 966 3924 1037 είρημένων,τὸ

2346 1059 2403 1110 ἐν
2433 1056 2670 1127 καθέδρᾳ
2702 1056 3087 1127 μητροπόλεως
3106 1056 3213 1110 τῶν
3243 1057 3561 1126 ἐπιφανῶν,
3592 1059 3650 1111 ἐν
3673 1061 3740 1128 τῇ
3776 1060 3924 1112 κατὰ.

2344 1148 2472 1209 τοὺς
2520 1148 2707 1215 ἁγίους
2741 1147 3095 1211 ’Δποστόλους
3136 1149 3358 1219 συνόδῳ,
3381 1151 3531 1219 παρά
3552 1149 3919 1219 τοῦτηνικάδε

2346 1237 2767 1311 προεδρεύοντος
2795 1238 2915 1292 κατ’
2943 1237 3172 1308 ἐκλογὴν
3201 1239 3425 1308 τεθῆναι
3449 1240 3541 1294 τὸν
3567 1241 3757 1311 ἄνδρα,
3789 1242 3920 1295 οὔτε

2347 1329 2613 1399 πρότερον
2640 1328 2941 1398 πτοηθέντα
2978 1328 3077 1391 τὰς
3104 1329 3333 1393 ἀπειλὰς
3360 1329 3470 1384 τῶν
3502 1332 3919 1400 αίρετιζόντων,

2346 1416 2470 1470 οὗτε
2526 1416 2823 1487 τηνικαῦτα
2871 1415 3260 1487 ὑποπτήξαντα
3311 1420 3411 1489 τὴν
3464 1420 3779 1491 ἀποτροπὴν
3824 1426 3924 1477 καὶ

2346 1509 2647 1579 ἐπιδρομὴν
2680 1507 2773 1562 τοῦ
2821 1509 3211 1579 στρατιωτικοῦ
3252 1511 3547 1581 τάγματος,
3598 1512 3761 1583 ἡνίκα
3807 1513 3925 1584 ὥρ-

2350 1618 2524 1671 μησεν
2538 1601 2673 1671 πρὺς
2689 1602 2779 1653 τὸν
2797 1601 2972 1670 μέγαν
2998 1602 3158 1667 νεὼν,
3184 1604 3467 1657 καταϐοῶν
3506 1604 3600 1658 τοῦ
3624 1605 3922 1676 προέδρου,

2348 1694 2443 1746 καὶ
2473 1694 2679 1763 ἀνευφη
2690 1693 2807 1763 μῶν
2850 1695 2944 1748 τὸν
2971 1695 3113 1749 κατὰ
3140 1696 3249 1750 τῶν
3285 1697 3501 1750 σεπτῶν
3531 1699 3756 1751 εἰκόνων
3782 1699 3927 1767 ψευ-

2348 1783 2688 1853 δοσύλλογον.
2716 1786 2823 1838 Καὶ
2873 1787 3069 1857 μικρὸν
3110 1786 3356 1858 ὕστερον,
3389 1789 3549 1843 ὁπότε
3594 1788 3837 1844 διελύετο
3862 1792 3929 1844 τδ

2349 1879 2446 1947 τῆς
2477 1877 2732 1949 ἀληθείας
2755 1878 3048 1950 ἄθροισμα,
3079 1881 3175 1933 καὶ
3222 1881 3299 1945 ὼς
3334 1882 3398 1935 ἐκ
3426 1882 3591 1952 μέσου
3617 1881 3856 1937 λεόντων
3889 1886 3926 1953 ἡ

2350 1969 2633 2040 βασίλισσα
2647 1971 2893 2044 ὑπεξῄει,
2911 1973 3036 2026 ἄνευ
3066 1972 3408 2042 αἴματος,ὡς
3426 1976 3628 2040 εἰπεῖν,
3650 1973 3929 2043 δειχθεῖσα

2351 2064 2582 2133 μάρτυς,
2616 2063 2711 2115 καὶ
2741 2063 2771 2115 ό
2794 2063 3064 2135 ἡμέτερος
3099 2064 3418 2135 καθηγητὴς
3434 2065 3510 2135 τῷ
3529 2068 3776 2139 ἀρχιερεῖ
3796 2085 3929 2122 συν-

2347 2154 2639 2223 επόμενος,
2672 2154 2823 2208 οὐδὲν
2853 2154 2946 2208 ἐπὶ
2991 2158 3103 2218 τοῖς
3150 2156 3579 2229 τετολμημένοις
3625 2161 3927 2215 ἐδεδοίκειν

2349 2245 2543 2316 μικρὸν
2579 2246 2687 2318 γάρ
2712 2248 2826 2300 ἐστι
2850 2247 2911 2301 τὸ
2944 2250 3002 2301 ἐν
3030 2250 3097 2318 τῇ
3124 2248 3377 2303 Νικαέων
3411 2251 3610 2324 συνόδῳ
3640 2254 3705 2306 ἐκ
3736 2253 3932 2306 δευτέ-

2358 2354 2451 2407 ρου
2474 2337 2785 2409 εὑρεθῆναι,
2814 2339 2904 2393 διὰ
2926 2338 2988 2392 τὸ
3020 2341 3084 2393 ἐκ
3116 2340 3284 2409 μέσου
3334 2342 3455 2396 τότε
3499 2343 3785 2412 γεγονέναι
3836 2346 3932 2401 τὸν

2358 2430 2611 2483 ἁτίθασον
2640 2430 2766 2485 λαὸν
2799 2433 2893 2484 καὶ
2920 2433 3254 2503 ἀτεράμονα.

671 2536 735 2575 ca
765 2538 886 2591 qua:
924 2523 1140 2579 fuerant
1176 2527 1438 2582 audacter
1500 2528 1781 2598 designata
1822 2544 1930 2583 non
1987 2528 2089 2582 fuit
2146 2526 2504 2595 perterritus:
2537 2542 2774 2597 moxque
2804 2527 3056 2585 iuventus
3083 2542 3168 2586 est
3230 2531 3286 2587 in
3322 2532 3560 2589 secunda
3588 2531 3805 2592 Nicena
3841 2552 3932 2607 sy-

674 2619 839 2682 nodo,
889 2617 1014 2685 quia
1069 2618 1331 2688 dissipata
1390 2629 1520 2675 tunc
1555 2619 1656 2675 fuit
1702 2620 1855 2691 plebs
1911 2620 2001 2675 illa
2041 2620 2377 2675 tumultuosa
2407 2628 2460 2675 et
2494 2620 2772 2690 pervicax.

742 2712 833 2767 235.
864 2712 1158 2782 Postquam
1210 2715 1326 2769 haec
1374 2715 1454 2770 sic
1480 2725 1630 2785 gesta
1664 2726 1718 2771 et
1766 2715 2109 2770 orthodoxiaa
2137 2722 2256 2768 tro-

675 2808 890 2875 plueum
944 2817 1187 2861 erectum
1251 2805 1393 2872 fuit;
1423 2809 1489 2863 ad
1516 2824 1679 2864 suum
1742 2808 2138 2864 monasterium
2177 2824 2261 2861 re-

677 2901 837 2954 vertit
889 2900 1081 2953 beatus
1114 2941 1129 2965 ,
1174 2901 1491 2955 exercenda:
1547 2900 1851 2970 praelatum
1904 2915 2141 2955 vacans:
2172 2898 2261 2954 ubi

676 2992 967 3061 prolapsus
1003 2991 1057 3045 in
1110 2993 1383 3056 morbum,
1425 2990 1519 3061 qui
1572 2992 1765 3047 mortis
1813 2991 2016 3047 indicia
2066 3006 2178 3063 pra:
2204 3005 2263 3047 se

2426 2720 2525 2767 κε’.
2572 2714 2790 2788 Ἐπειδὴ
2816 2714 2874 2769 δέ
2906 2715 3079 2771 ταῦτα
3105 2716 3249 2771 οὕτω
3278 2717 3372 2772 καὶ
3404 2718 3467 2773 τὸ
3494 2719 3593 2790 τῆς
3618 2720 3932 2791 δρθοδοξὶας

2355 2805 2615 2877 τρόπαιον
2664 2807 2993 2879 ἐκρατύνθη,
3032 2809 3311 2879 ἐπανῆκεν
3340 2811 3368 2863 ό
3400 2811 3590 2884 Πατὴρ
3619 2814 3700 2877 είς
3740 2812 3800 2866 τὸ
3849 2813 3932 2865 οι-

2358 2901 2504 2953 κεῖον
2537 2903 2967 2971 φροντιστήριον,
2999 2900 3257 2971 ἐχόμενος
3283 2902 3382 2974 τῆς
3432 2905 3765 2973 προστασίας
3787 2920 3803 2936 ·
3837 2902 3933 2956 καὶ

2364 2989 2583 3060 βληθεὶς
2612 2991 2773 3061 νόσῳ,
2799 2991 3113 3058 ἀπόγνωσιν
3148 2991 3296 3061 ζωῆς
3354 2993 3698 3066 ύποδηλούση
3731 2994 3810 3067 τῷ
3837 2994 3928 3061 έρ-

681 3086 888 3139 frrebat
927 3084 1062 3152 (l6),
1093 3082 1324 3138 acvelut
1354 3084 1631 3153 insperato
1684 3083 1906 3154 gavisus
1958 3083 2142 3147 lucro,
2182 3097 2258 3138 re-

2368 3081 2512 3152 μαίῳ
2568 3082 2669 3150 τῆς
2722 3081 3037 3152 ἐπιθυμίας,
3088 3081 3435 3153 μετατίθεται
3489 3085 3589 3156 τὴν
3640 3089 3815 3157 ἀρχην
3846 3087 3933 3156 ἐφ’

680 3176 898 3247 gimiuis
945 3188 1085 3229 onus
1111 3176 1165 3229 in
1209 3191 1311 3229 nos
1361 3175 1636 3241 transfert,
1671 3191 1769 3230 nec
1810 3176 2002 3245 dignos
2044 3174 2261 3243 quidem

682 3268 775 3337 qui
825 3268 893 3320 ab
931 3267 1050 3335 ipso
1099 3281 1433 3336 regerentur.
1494 3267 1701 3320 Invenit
1748 3280 1877 3336 ergo
1916 3266 2262 3335 concupitam

686 3360 1075 3425 humilitatem,
1109 3359 1320 3429 accepit
1354 3358 1601 3413 inducias
1628 3358 2029 3422 molestiarum,
2063 3359 2263 3413 libera-

685 3464 774 3507 tus
804 3464 887 3507 est
918 3468 947 3506 a
974 3452 1443 3506 circumdantibus
1466 3466 1525 3505 se
1550 3451 1951 3517 vexationibus,
1996 3451 2267 3521 apparuit-

683 3559 789 3614 que
818 3544 957 3598 idem
982 3544 1074 3614 qui
1099 3554 1252 3598 antea
1288 3560 1385 3599 nec
1403 3544 1677 3613 pecuniae,
1712 3558 1809 3598 nec
1833 3544 2260 3614 possessionum,

687 3652 789 3690 nec
822 3637 1166 3706 negotiorum
1197 3646 1476 3706 appetens,
1505 3651 1629 3690 cum
1653 3635 1765 3705 jam
1793 3650 1899 3689 non
1942 3635 2165 3689 haberet
2184 3635 2264 3688 iu-

686 3730 827 3783 vidia
861 3730 1093 3796 amplius
1126 3730 1475 3783 occasionem
1527 3728 1888 3783 obnubilandi
1937 3727 2119 3781 radios
2152 3727 2263 3781 vir-

690 3821 819 3871 tutis
853 3817 994 3885 ejus.
1038 3814 1171 3868 Nam
1208 3825 1262 3869 et
1321 3815 1422 3869 viri
1456 3815 1592 3885 justi
1624 3825 1921 3879 tentantur,
1958 3824 2016 3866 ut
2042 3830 2105 3868 ex
2148 3815 2263 3883 ipsa

690 3910 959 3962 malorum
985 3907 1287 3961 tentatione
1320 3920 1456 3961 auro
1484 3906 1781 3961 similiores
1821 3905 2057 3961 evadant
2083 3906 2264 3977 quoad

689 4001 952 4062 animam,
991 4009 1245 4067 recteque
1272 3996 1584 4053 incedentes
1626 4011 1734 4051 non
1781 3995 2266 4061 labascaut,etdi-

690 4103 847 4148 scant
872 4091 1135 4163 quidquid
1167 4106 1198 4146 a
1239 4104 1300 4146 se
1332 4090 1469 4146 bene
1498 4090 1707 4163 geritur
1736 4106 1859 4147 esse
1894 4106 1959 4147 ex
1994 4088 2122 4146 Deo.

2366 3174 2532 3243 ἡμᾶς,
2565 3174 2693 3235 τοὺς
2728 3172 2861 3243 μηδέ
2888 3172 2981 3226 τοῦ
3017 3174 3278 3244 ἄρχεσθαι
3328 3175 3533 3239 ἀξίους.
3557 3176 3814 3246 Εὐρίσκει
3839 3172 3935 3231 ὧν

2365 3261 2465 3331 τὴν
2523 3261 2865 3331 ποθουμένην
2929 3261 3293 3325 ταπείνωσιν,
3337 3261 3602 3331 λαμϐάνει
3645 3263 3934 3334 ἀνακωχὴν

2364 3354 2475 3407 τῶν
2525 3353 2807 3424 λυπηρῶν,
2851 3352 3035 3407 λύεται
3080 3354 3189 3407 τῶν
3257 3354 3591 3424 συνεχόντων
3638 3355 3931 3427 ἐπηρειῶν,

2365 3447 2553 3515 ὀφθεὶς
2582 3441 2691 3509 οἷος
2716 3442 2783 3518 ἦν
2812 3448 2873 3500 τὸ
2894 3448 3184 3519 πρότερον,
3211 3450 3604 3521 ἀφιλάργυρος,
3646 3449 3938 3518 ἀφιλοκτή-

2370 3554 2507 3608 μων,
2555 3536 3015 3608 ἁφιλοπράγμων,
3057 3539 3156 3608 τῆς
3194 3538 3517 3610 δυσμενείας
3563 3540 3661 3592 οὐκ
3705 3540 3937 3608 ἐχούσης

2368 3630 2553 3701 χώραν
2580 3631 2661 3684 ἐτι
2682 3633 2964 3701 συννεφεῖν
2992 3632 3091 3701 τῆς
3114 3632 3324 3685 ἐκείνου
3349 3632 3551 3703 ἀρετῆς
3572 3631 3671 3702 τὴν
3699 3631 3894 3685 ἀκτῖνα
3919 3645 3935 3660 ⁸

2371 3723 2724 3794 πειράζονται
2756 3724 2866 3793 γὰρ
2895 3724 2991 3777 καὶ
3013 3722 3235 3788 δίκαιοι,
3264 3722 3341 3785 ὡς
3374 3723 3440 3777 ἂν
3471 3726 3537 3797 τῇ
3560 3722 3805 3794 πυρώσει
3828 3723 3938 3776 τῶν

2369 3814 2628 3885 λυπηρῶν
2682 3815 3149 3885 χρυσοειδὲστεροι
3193 3814 3293 3879 τὰς
3351 3813 3529 3885 ψυχὰς
3561 3813 3792 3883 γένοιντ’
3834 3815 3901 3869 ἄν

2372 3909 2469 3962 καὶ
2500 3907 2576 3979 μὴ
2616 3906 3087 3961 ὑπολισθαίνουσιν
3123 3906 3550 3977 εὐθυποροῦντες
3572 3946 3589 3971 ,
3616 3906 3693 3971 ὡς
3729 3906 3796 3961 ἂν
3832 3908 3910 3977 μὰ

2373 3999 2518 4053 θοιεν
2573 3996 2727 4069 παρὰ
2771 3995 2907 4051 Θεοῦ
2952 3997 3134 4061 αὐτοῖς
3187 3991 3328 4050 εἶναι
3375 3996 3486 4051 πᾶν
3532 3995 3594 4049 τὸ
3637 3995 3934 4065 κατορθού-

2378 4107 2537 4161 μενον

2208 4250 2443 4309 NOTAE.

768 4406 877 4475 (l5)
914 4423 932 4459 ι
962 4403 1119 4475 Anno
1148 4403 1181 4458 6
1212 4404 1424 4473 imperii
1450 4403 1792 4475 Constantini
1835 4414 1887 4458 ct
1930 4403 2114 4475 [renes
2134 4444 2149 4464 ,
2176 4401 2265 4456 die

698 4478 764 4533 17
796 4474 1045 4545 Augusti,
1108 4474 1402 4545 indictione
1443 4475 1517 4545 9,7
1554 4490 1699 4528 anno
1745 4474 1947 4527 Christi
2002 4474 2125 4545 7785,
2155 4487 2265 4527 caeo

2372 4402 2474 4456 bus
2506 4401 2851 4482 laudan_t_ib_us
2906 4400 3383 4482 pseudosyuodum
3405 4439 3419 4464 ,
3445 4395 3683 4451 habitam
3708 4395 3811 4482 sub
3836 4397 3937 4451 Co.

2373 4487 2659 4541 pronymo.
2697 4473 2833 4526 lluic
2862 4482 3041 4541 autem
3092 4471 3356 4539 principio
3388 4482 3628 4541 consona
3648 4477 3935 4541 suntquis

700 4559 788 4618 pta
820 4535 912 4599 illa
948 4535 1207 4618 synodus.
1242 4543 1769 4618 Sedgscholariorum
1798 4553 1849 4618 et
1887 4535 2262 4618 excubitorum
2292 4543 2344 4602 D
2370 4535 2674 4618 sequuntur
2714 4554 2940 4618 caetera.
2986 4535 3303 4618 Coeptanea
3360 4538 3602 4618 synodus
3642 4536 3687 4618 ξ
3707 4535 3932 4618 Kalend.

698 4613 889 4687 copiae.
941 4613 1157 4669 nudatis
1220 4615 1436 4687 gladiis,
1490 4615 1759 4687 impetum
1818 4613 1870 4666 in
1919 4628 2015 4666 eos
2042 4613 2263 4687 fecere;

699 4681 1036 4752 mortemque
1068 4694 1176 4739 tam
1222 4681 1323 4753 ipsi
1366 4681 1719 4754 patriarehae,
1751 4698 1917 4754 quam
1952 4681 2270 4754 orthodoxis

698 4750 994 4825 episcopis,
1051 4765 1106 4809 et.
1168 4750 1636 4825 monasteriorum
1694 4750 2002 4825 praepositis
2067 4750 2270 4825 inferre

700 4822 899 4881 minati
919 4828 1079 4895 jsuut.
1107 4843 1126 4875 ι
1164 4824 1233 4878 lta
1271 4825 1665 4895 Theophanes;
1696 4822 2010 4895 Patriarclta
2040 4831 2158 4875 erat
2188 4822 2267 4895 _§.

699 4891 977 4957 'l'arasiu's,
1028 4896 1077 4947 in
1134 4895 1294 4962 cujus
1345 4891 1463 4947 Vita
1504 4895 1575 4948 25
1628 4892 1933 4954 Februarii,
1990 4908 2145 4946 num.
2181 4891 2267 4962 l7,

698 4968 887 5022 eadem
927 4964 1091 5019 latius
1126 4961 1404 5019 dicuntur.
1449 4962 1827 5017 llalluciuatus
1861 4971 1946 5016 est
1971 4972 2153 5016 autem
2184 4961 2271 5014 in-

699 5040 927 5104 signiter
955 5034 1212 5099 Sirletus,
1242 5035 1458 5101 quando
1492 5049 1590 5102 pro
1619 5032 2095 5104 Constantinopoli
2148 5045 2270 5104 quae

702 5103 1163 5177 hic’gpqtpdmh;
1208 5104 1316 5157 τῶν
1347 5104 1629 5177 ἐπιφανῶν
1683 5103 1903 5177 dicitur,
1930 5103 1980 5155 id
2022 5110 2105 5157 est
2146 5103 2272 5155 illu-

702 5174 1140 5231 striu'm'urbiunt
1186 5175 1523 5243 metropolis,
1566 5174 1723 5227 tinxit
1777 5177 1965 5243 urbem
1996 5181 2269 5241 metropo-

703 5246 925 5301 litanam
954 5242 1406 5314 Epiphauorutn,
1449 5244 1502 5297 iu
1548 5259 1653 5312 qua
1692 5242 1929 5314 synodus
1969 5250 2267 5314 convocata

702 5317 889 5371 fuerit.
922 5312 1107 5384 Neque
1136 5316 1188 5368 in
1223 5324 1324 5369 hoc.
1356 5324 1563 5367 tantum
1605 5313 1969 5384 halluciuat_us
1997 5322 2077 5365 est
2108 5312 2272 5365 nimis

707 5386 937 5440 festinus
973 5382 1240 5454 interpres
1267 5403 1279 5438 :
1311 5386 1386 5439 sel
1418 5384 1582 5438 semel
1613 5385 1714 5437 sibi
1749 5382 2079 5454 imaginatus
2108 5397 2273 5454 pseu-

705 5454 1044 5526 dosyuodum
1098 5452 1361 5524 aliquam,
1399 5454 1452 5526 in
1508 5469 1614 5522 qua
1660 5468 1764 5526 non
1817 5452 2275 5526 a_d__dicendu_me

704 5521 961 5581 cathedra
1007 5521 1303 5580 honurilice
1339 5521 1619 5586 inritatus,
1663 5524 1755 5577 sed
1787 5523 1851 5576 ad
1883 5521 2271 5589 disputandum

707 5596 872 5650 fuerit
927 5595 1224 5649 insolenter
1276 5604 1601 5665 provocatus
1650 5594 1841 5665 Plato;
1878 5600 2275 5665 consequenter

707 5667 775 5720 de
828 5664 1053 5719 Platone
1099 5665 1251 5727 dicit.
1276 5661 1291 5665 ⁷
1312 5665 1575 5720 adversus
1606 5662 1888 5733 praesidem
1925 5661 2271 5724 clamavisse,

708 5744 763 5789 et
795 5806 802 5807 ί
839 5735 1175 5807 vituperasse
1238 5736 1460 5807 impiam
1531 5735 1793 5807 synodum
1822 5750 1834 5787 :
1860 5747 2002 5807 οιιιιι⁸
2046 5734 2274 5807 ἀνευφη-

716 5806 833 5869 μεῖν
863 5802 1130 5874 siguilicet
1149 5802 1508 5874 contrarium,
1548 5806 1709 5875 idque
1730 5802 1943 5859 dicatur
1972 5802 2039 5858 de
2080 5803 2269 5859 militi-

2371 4605 2611 4673 Ot-iobr.,
2639 4611 2824 4664 indiet.
2878 4611 2965 4675 Η,
3015 4605 3160 4663 anno
3178 4609 3326 4672 787.,
3361 4605 3523 4662 desiit
3566 4608 3619 4661 5.
3650 4605 3725 4660 De
3750 4622 3815 4660 ea
3840 4608 3935 4660 Mi-

2370 4680 2519 4735 chael
2542 4680 2593 4732 in
2619 4678 2739 4733 Vita
2756 4680 2943 4733 Sancti
2968 4678 3237 4733 Theodori
3269 4697 3281 4732 :
3307 4697 3323 4727 ι
3350 4677 3735 4733 Convenerunt
3758 4692 3823 4730 ex
3845 4693 3935 4730 va-

2371 4750 2467 4805 riis
2500 4749 2687 4803 Patres
2724 4750 2947 4803 trecenti
2984 4764 3215 4803 numero
3256 4758 3309 4803 et
3340 4746 3935 4817 quinqttaginta,_iuter

2371 4836 2508 4889 quos
2532 4820 2704 4874 adluit
2724 4830 2777 4874 ct
2823 4820 3013 4874 Plato:
3056 4837 3075 4869 ι
3101 4828 3155 4873 et
3196 4814 3507 4874 subscribit'
3540 4817 3675 4887 ipse,
3718 4814 3936 4870 Πλάτων

2372 4889 3077 4960 ἡγούμενοςηΣακουδιῶνρς.
3112 4889 3638 4960 Platoliegumenus,
3662 4900 3758 4960 seu
3803 4901 3934 4960 pne-

2376 4955 2603 5029 posit'usi
2624 4960 2971 5029 Sacudionis.
3007 4958 3080 5013 De
3112 4960 3214 5029 hoc
3242 4955 3579 5012 monasterio
3607 4955 3710 5009 ista
3738 4955 3936 5029 haben-

2374 5026 2463 5083 tur
2495 5031 2544 5083 in
2569 5028 2686 5083 Vita
2706 5030 2762 5085 S.
2788 5028 3096 5083 Theodori:
3124 5045 3143 5080 t
3172 5027 3308 5083 Cum
3348 5042 3538 5097 agrum
3561 5026 3853 5097 quemdam
3876 5040 3934 5097 et

2373 5102 2487 5155 suis
2518 5100 2838 5170 Boscyciutn
2871 5099 3089 5153 nomine
3117 5100 3183 5154 ad
3223 5094 3435 5170 sacram
3467 5094 3810 5170 mansionem
3845 5094 3936 5147 ab-

2372 5170 2629 5235 dicasset,
2654 5165 2743 5224 cui
2774 5170 3147 5225 etoratorium
3172 5170 3348 5223 inerat
3382 5165 3711 5222 Sacudionis
3741 5178 3913 5233 cogno

2373 5252 2578 5301 mento.
2635 5241 2764 5295 illuc
2811 5254 3002 5294 omnes
3050 5254 3191 5309 quos
3242 5246 3368 5309 ante
3403 5237 3711 5309 retulimus.
3745 5248 3805 5287 se
3840 5250 3934 5287 una

2374 5312 2719 5390 recipientes.
2740 5309 2860 5390 ιζ)εο
2909 5301 3185 5390 promissa.
3208 5307 3512 5389 reddereget
3553 5301 3784 5390 implere
3815 5319 3933 5390 pro-

2375 5373 2659 5450 pcrabaut.
2692 5399 2708 5431 ι
2739 5373 3075 5435 Describitur
3104 5379 3227 5433 dein
3255 5378 3542 5450 ammuitas
3586 5373 3691 5426 loci
3713 5376 3767 5426 in
3802 5374 3935 5450 olive

2378 5445 2519 5505 inter
2573 5453 2820 5513 arbores,
2849 5464 3042 5519 aquas,
3068 5458 3121 5503 et
3170 5464 3397 5519 campos
3454 5446 3547 5503 siti
3578 5462 3591 5499 :
3626 5456 3730 5497 nec
3756 5445 3937 5514 procul

2377 5522 2558 5576 videtu
2578 5538 2600 5574 r
2627 5518 3099 5590 Constantinopoli
3127 5518 3389 5573 abfuisse.

2446 5592 2557 5659 (ιϐ)
2590 5590 2643 5644 lu
2673 5592 2862 5645 eadem
2903 5588 3022 5643 Vita
3062 5590 3265 5645 dicitur
3310 5598 3552 5659 extrema
3604 5589 3710 5645 sibi
3741 5589 3936 5659 instare

2386 5658 2697 5725 simulasse,
2730 5674 2784 5715 et
2808 5662 2908 5732 sic,
2939 5659 3387 5732 conspirantibus
3434 5658 3742 5732 sutl'ragiis,
3766 5658 3935 5714 Theo-

2379 5735 2573 5788 dormn
2606 5734 2835 5789 electum
2873 5730 3062 5787 luisse.
