4170 6480
249 435 357 498 829

972 562 1220 617 ΚΕΦΛΛ.
1253 564 1327 619 Ε’.

897 442 1176 507 ORATIO
1208 443 1313 504 XI.
1356 470 1423 481 --
1468 446 1847 507 LAUDATIO
1879 447 1941 507 S.
1986 443 2351 507 PLATONIS
2389 445 2817 509 HEGUMENI.

3392 450 3498 513 830

2595 564 2749 620 CAP.
2784 564 2851 621 V.

753 655 884 720 Qua:
917 672 1106 725 passus
1130 659 1199 713 sit
1234 659 1391 713 Pluto
1413 661 1475 715 ob
1503 661 1865 729 reprehensum
1902 659 2242 716 Constantini
2257 669 2306 714 et
2339 659 2626 714 Theodotes
2664 662 3007 718 adulterium.

328 750 443 809 σις’.
474 745 534 799 '0
559 746 663 817 μὲν
692 742 784 801 οῦν
798 749 896 818 τῆς
916 750 1276 823 καθηγήσεως
1295 754 1517 827 τρόπος,
1541 755 1640 826 ήδη
1655 755 1825 808 πεπέ-

1997 751 2086 806 26.
2120 752 2408 818 Quomodo
2443 754 2790 821 prwlaturam
2816 756 3048 825 gesserit
3074 766 3302 814 sanctus
3349 756 3504 813 Plato

253 849 459 905 ρασται
479 850 493 864 ·
521 834 798 907 τρέψομαι
823 838 880 891 δὲ
905 838 1172 908 τὸνλόγον
1195 841 1287 895 ἐπὶ
1315 843 1378 895 τὸ
1394 843 1704 908 διαόοητὸτε
1714 861 1823 914 ρον.

266 925 413 980 Ἀλλ’
431 927 583 997 οἴμοι
606 929 619 981 !
650 927 856 982 στένειν
874 930 1157 1001 πάρεστιν,
1176 932 1481 1005 ὁρμωμένῳ
1510 934 1609 1004 μὲν
1634 934 1681 989 τ’
1693 937 1827 1006 ἀλη-

253 1016 331 1085 θῆ
361 1019 589 1087 φρᾶσαι,
629 1020 969 1092 ἀναινομένῳ
994 1021 1051 1075 δὲ
1078 1021 1176 1092 τὴν
1215 1022 1465 1094 διήγησιν
1515 1026 1691 1094 φειδοῖ
1715 1026 1828 1079 τῶν

252 1107 619 1179 δεδρακότων.
654 1112 844 1179 Ὅμως
871 1111 994 1164 ἐπεὶ
1013 1111 1087 1184 μὴ
1118 1108 1229 1167 οἷόν
1247 1130 1305 1166 τε
1320 1114 1494 1179 ἄλλως
1512 1133 1646 1185 pave
1656 1117 1828 1187 ρῶσαι

252 1199 327 1251 τὰ
347 1199 618 1271 κρυϐῆναι
637 1202 713 1272 μὴ
730 1201 1030 1271 ὀφείλοντα,
1047 1203 1253 1277 καίπερ
1270 1205 1549 1279 πανταχοῦ
1569 1206 1688 1261 διαθ
1698 1207 1828 1280 ρυλε

254 1290 520 1361 λούμενα,
561 1292 656 1345 ἐπὶ
680 1293 780 1368 τὴν
818 1293 1053 1370 δήλωσιν
1083 1294 1409 1367 ἐλεύσομαι·
1438 1299 1499 1351 οὐ
1529 1298 1829 1370 θριαμϐεύ-

255 1397 341 1433 ειν
366 1383 494 1445 τοὺς
516 1364 819 1453 δράσαντας
851 1364 1192 1456 βουλόμενος,
1217 1364 1342 1440 ὅσον
1380 1364 1826 1461 στηλογραιρῆσαι

251 1472 355 1534 τὴν
380 1473 582 1545 ἀρετὴν
602 1473 697 1527 τοῦ
713 1476 797 1528 ἀει
806 1477 1074 1548 μάκαρος.
1105 1478 1253 1533 Οὐαί
1272 1494 1392 1544 σοι,
1412 1480 1612 1549 πόλις,
1638 1481 1823 1553 φησιν,

250 1559 331 1633 ἧς
347 1568 380 1618 ὀ
392 1566 677 1634 ϐασιλεὺς
695 1582 812 1624 σου
831 1568 1116 1639 νεώτερός
1131 1570 1322 1636 ἐστιν,
1352 1572 1453 1643 τῆς
1477 1572 1700 1645 Γραφῆς
1721 1573 1825 1628 πά-

252 1657 346 1709 λαι
368 1656 467 1726 μὲν
483 1658 720 1730 ἀκήκοα,
741 1659 836 1714 νῦν
854 1662 910 1715 δὲ
930 1665 987 1715 ὲν
1002 1663 1171 1734 πείρα
1191 1664 1516 1737 γεγένημαι.
1538 1667 1827 1720 Κωνσταν-

251 1750 423 1811 τίνος,
458 1752 486 1802 6
517 1753 617 1821 τῆς
659 1751 895 1823 Εἰρήνης
946 1753 1258 1825 ρἀαμνος,
1288 1746 1352 1808 οῦ
1391 1757 1423 1825 ή
1477 1756 1659 1819 πίστις
1727 1756 1826 1826 μὲν

252 1840 394 1911 ὀρθὴ
422 1842 486 1894 ὲκ
522 1843 797 1915 μητρυιῆς
820 1844 1101 1910 εὐσεϐείας
1131 1847 1563 1918 ὲσφραγισμένη,
1581 1849 1610 1901 6
1638 1848 1750 1917 βίος
1769 1848 1823 1901 δὲ

256 1933 507 2003 σκαμῶς
534 1935 595 2000 ἐξ
624 1938 1093 2009 αὐτοκρατορικῆς
1143 1938 1439 2004 ἀκολασίας
1466 1942 1822 2013 οἰστρηλατη-

258 2028 451 2097 μένος’
485 2028 608 2102 ἄρτι
638 2032 746 2102 γὰρ
780 2034 1060 2104 κρατήσας
1081 2035 1138 2087 ὲν
1165 2034 1432 2107 νεαζούσῃ
1452 2037 1660 2110 ἡλικίᾳ,
1685 2039 1822 2109 ὁμοῦ

256 2120 361 2187 μὲν
393 2120 489 2191 τῆς
524 2122 785 2194 μητρῴας
826 2123 1010 2187 αἰδοῦς
1053 2126 1148 2179 καὶ
1197 2124 1445 2197 φυλακῆς
1492 2128 1819 2200 ἀφηνιάσας,
1848 2112 1895 2172 Β

253 2211 393 2282 ὁμοῦ
432 2213 487 2266 δὲ
515 2215 623 2267 τῶν
646 2214 740 2268 τοῦ
776 2215 910 2268 Θεοῦ
961 2217 1151 2285 νόμων·
1188 2218 1627 2290 ὑπερφρονήσας,
1659 2220 1824 2275 ἐκδα-

253 2300 365 2354 λὼν
393 2301 492 2375 τὴν
536 2304 781 2374 νομίμως
823 2306 975 2377 αὐτῷ
1013 2305 1378 2375 ωναφθείσαν
1413 2312 1669 2377 γυναῖκα,
1705 2326 1825 2379 μοι·

253 2393 406 2462 χεὺει
433 2396 576 2449 κατὰ
602 2395 693 2450 τὸν
738 2395 1001 2467 Ἡρώδην.
1048 2399 1206 2454 Ἀλλὰ
1234 2400 1379 2465 τίνος
1403 2401 1589 2455 ἕνεκεν
1619 2404 1652 2473 ή
1684 2403 1825 2455 ιστο-

257 2488 380 2556 ρὲας
416 2488 539 2541 Ὅτι
574 2489 668 2542 τοῦ
708 2489 1024 2559 Προδρόμου
1054 2492 1320 2563 δμόζηλος
1362 2495 1455 2547 καὶ
1483 2496 1511 2547 6
1553 2494 1824 2565 ἡμέτερος

256 2578 577 2650 καθηγητὴς
620 2581 1001 2652 πεφανέρωται
1042 2601 1177 2649 πως,
1219 2584 1439 2638 πάντων
1473 2585 1658 2655 σχεδὸν
1696 2602 1825 2640 συν-

254 2671 520 2724 ελθόντων
546 2674 610 2741 τῇ
640 2673 974 2745 παρανομίᾳ,
1002 2675 1181 2745 μόνος,
1214 2676 1291 2740 ὡς
1325 2678 1521 2741 εἰπεῖν,
1543 2670 1698 2741 οὗτος
1728 2678 1824 2731 σὺν

252 2760 364 2820 τοῖς
400 2758 595 2811 ἑαυτοῦ
623 2760 810 2812 παισὶν
834 2762 933 2814 εἴτ’
964 2762 1057 2816 οὖν
1083 2767 1365 2833 φοιτηταῖς
1389 2765 1680 2838 ἀκλόνητος
1710 2766 1825 2821 δια⁹

257 2850 455 2917 μένων,
514 2851 654 2923 ὑπὲρ
704 2845 764 2905 οὗ
814 2853 916 2907 ὅσα
956 2856 1051 2909 καὶ
1100 2855 1263 2926 ήλίκα
1301 2857 1367 2910 δι’
1398 2858 1520 2911 ὅλου
1574 2860 1730 2923 ἔτους
1753 2860 1823 2914 τὰ

252 2943 634 3014 ἀγωνίσματα,
654 2946 816 3000 ἀκοαὶ
841 2946 927 3000 ἐπ’
942 2949 1154 3014 ἀκοαῖς,
1183 2950 1407 3005 ἀπειλαὶ
1432 2952 1819 3020 ἐπ’·ἀπειλαῖς,

255 3036 557 3102 μαστίγων,
582 3035 829 3107 ἐξοριῶν,
861 3040 1355 3110 ἀκρωτηριασμῶν.

1925 844 2039 914 jam
2057 844 2287 899 dicendo
2310 845 2677 902 absolvimus:
2701 862 2872 915 quare
2897 846 2963 902 ad
2994 848 3046 903 id
3065 850 3210 919 quod
3230 850 3502 907 celebrius

1929 937 2035 993 fuit
2069 938 2373 993 orationem
2414 949 2824 997 convertamus.
2861 940 2968 997 Sed
2995 942 3084 999 hic
3109 958 3278 1013 prope
3344 944 3502 998 adest

1931 1037 1991 1084 ut
2022 1030 2402 1101 ingemiscam,
2438 1033 2725 1087 veritatem
2776 1034 2996 1104 quidem
3057 1034 3239 1091 dicere
3306 1050 3503 1107 aggre-

1928 1120 2104 1187 diens,
2137 1122 2343 1179 invitus
2372 1133 2551 1179 tamen
2587 1141 2699 1179 rem
2737 1135 2794 1181 ut
2823 1136 2943 1181 acta
2977 1136 3061 1183 est
3086 1143 3337 1191 narrans,
3374 1129 3502 1181 dum

1929 1214 1997 1269 iis
2026 1213 2295 1284 parcitum
2326 1216 2485 1286 cupio
2517 1217 2608 1285 qui
2652 1217 2831 1286 ipsam
2862 1226 3113 1288 egerunt.
3155 1216 3387 1283 Quando
3423 1226 3507 1271 ta-

1927 1304 2351 1374 menpossibile
2379 1320 2485 1359 non
2522 1315 2606 1361 est
2630 1307 2795 1362 aliter
2828 1308 3181 1363 manifestare
3252 1322 3319 1363 ea
3381 1322 3505 1377 qua!

1927 1393 2153 1449 minime
2189 1394 2450 1449 occultari
2486 1396 2706 1461 debent,
2744 1398 3003 1465 quoniam
3046 1398 3248 1468 ubique
3281 1397 3503 1468 vulgata

1922 1484 2034 1553 jam
2068 1493 2217 1547 sunt,
2250 1486 2509 1539 exordior
2570 1486 2685 1556 ipsa
2724 1488 2814 1544 hic
2846 1487 3193 1554 describere;
3225 1502 3333 1541 non
3358 1486 3503 1542 utiis

1926 1576 2017 1646 qui
2057 1576 2306 1646 impliciti
2347 1577 2497 1632 fuere
2526 1578 2802 1645 insultent,
2834 1580 2929 1636 sed
2991 1589 3052 1634 ut
3085 1579 3227 1635 beati
3251 1579 3504 1634 virtutem

1926 1667 2308 1739 deprtedicem.
2352 1667 2442 1725 Va:
2474 1670 2589 1736 tibi,
2628 1680 2790 1738 terra,
2829 1673 3010 1743 inquit
3041 1673 3165 1739 ille,
3225 1672 3376 1741 cujus
3409 1689 3506 1726 rex

1925 1777 2055 1829 puer
2085 1772 2159 1815 est
2192 1762 2212 1793 ⁸
2239 1763 2252 1816 l
2294 1763 2440 1831 quod
2471 1772 2653 1817 autem
2686 1764 2813 1819 olim
2846 1780 2912 1819 ex
2942 1764 3245 1835 Scripturis
3295 1766 3502 1831 audiri,

1925 1867 2073 1907 nunc
2103 1853 2217 1921 ipsa
2253 1854 2422 1910 didici
2455 1855 2819 1925 experientia.
2860 1856 3277 1924 Constantinus,
3321 1856 3504 1914 lrenes

1927 1945 2206 2007 surculus,
2237 1946 2397 2015 cujus
2452 1956 2597 2002 recta
2625 1947 2846 2017 quidem
2878 1963 2944 2003 ex
3008 1958 3252 2004 materna
3302 1949 3504 2020 pietate

1927 2035 2060 2091 lldes
2109 2035 2231 2102 fuit,
2295 2038 2405 2093 vita
2452 2047 2632 2093 autem
2666 2039 2979 2109 depravata,
3028 2047 3284 2111 tanquam
3333 2049 3504 2095 (nstro

1923 2128 2309 2185 stimulabatur
2398 2131 2746 2200 imperatoria
2837 2132 3167 2198 insolentia,
3252 2148 3377 2188 cum
3447 2133 3503 2188 in

1926 2228 2083 2275 aetate
2130 2220 2426 2276 admodum
2493 2219 2724 2291 juvenili
2801 2237 3032 2292 regnare
3082 2222 3361 2293 coepisset,
3423 2223 3501 2278 si-

1930 2311 2043 2366 mul
2080 2320 2135 2366 et
2165 2320 2425 2367 maternae
2467 2313 2790 2368 reverentiae
2856 2314 3228 2382 custoditeque
3286 2313 3499 2368 frenum

1929 2405 2238 2470 excutiens,
2269 2414 2325 2461 et
2352 2405 2446 2460 Dei
2486 2405 2657 2477 legem
2689 2416 3073 2469 contemnens.
3103 2408 3325 2462 ductam
3360 2406 3501 2476 legi-

1929 2497 2081 2555 timis
2115 2498 2320 2568 nuptiis
2375 2498 2669 2569 conjugem
2706 2498 3042 2569 repudiavit,
3067 2510 3121 2553 et
3151 2498 3387 2556 Herodis
3421 2500 3505 2553 in-

1928 2601 2045 2647 star
2080 2595 2387 2648 moechatus
2420 2600 2506 2646 est
2554 2592 2693 2662 (l7).
2726 2590 2839 2647 Hoc
2867 2600 3051 2647 autem
3104 2608 3215 2662 quo
3260 2590 3505 2664 spectat?

1926 2681 2066 2748 Quia
2099 2684 2277 2739 zelum
2310 2682 2603 2739 Prodromi
2668 2684 2850 2755 palam
2892 2692 2979 2739 est
3040 2685 3289 2739 imitatus
3343 2684 3504 2739 Pater

1928 2789 2145 2841 noster;
2204 2791 2441 2845 cumque
2472 2773 2585 2831 fere
2646 2790 2839 2831 omnes
2896 2775 3173 2844 iniquitati
3228 2777 3505 2831 consenti-

1925 2875 2069 2932 rent,
2103 2867 2257 2923 solus
2284 2867 2425 2937 ipse,
2456 2876 2516 2922 ut
2542 2868 2625 2923 sic
2648 2867 2854 2933 dicam,
2875 2882 2999 2922 cum
3028 2868 3217 2938 pueris
3240 2868 3380 2931 suis,
3405 2881 3501 2923 seu

1926 2958 2103 3013 mavis
2160 2957 2306 3021 liliis,
2367 2958 2741 3014 inconcussus
2805 2958 3084 3028 perstitit:
3139 2960 3501 3029 quamobrem

1926 3064 2049 3119 quae
2080 3058 2134 3103 et
2163 3057 2372 3118 quanta
2408 3065 2516 3103 non
2552 3048 2778 3104 fuerunt
2807 3064 2902 3119 per
2936 3058 3110 3105 totum
3171 3065 3341 3104 unum
3406 3066 3505 3103 au-

254 3142 385 3181 nnm
444 3128 730 3185 subeunda
799 3131 1140 3185 certamina!
1217 3147 1470 3191 rumores
1527 3148 1695 3207 supra
1745 3152 2022 3205 rumores,
2063 3139 2224 3196 mina:
2247 3153 2413 3209 supra
2448 3139 3346 3208 minas,verberum,exsiliorum,
3380 3156 3503 3195 mu-

256 3222 593 3276 liluliuttum.

324 3315 426 3379 κζ’.
472 3314 561 3379 Ὦς
595 3315 651 3369 δὲ
678 3315 829 3370 οὔδὲν
854 3316 1102 3371 ἐντεῦθεν
1155 3318 1350 3389 ἠνύετο
1383 3319 1493 3375 τῶν
1522 3321 1822 3385 σπουδαζο-

2004 3316 2095 3373 27.
2133 3315 2268 3370 Cum
2300 3325 2482 3370 autem
2544 3315 2626 3371 sic
2657 3316 2972 3373 nullatenus
3030 3317 3298 3374 intentum
3338 3335 3500 3375 suum

256 3409 435 3476 μένων
463 3406 541 3478 τῷ
592 3408 854 3479 Καίσαρι,
883 3410 966 3479 ἐφ’
1001 3412 1188 3481 ἕτερον
1215 3412 1426 3481 μέτεισι
1452 3413 1653 3483 τρόπον
1680 3430 1693 3444 ·
1725 3414 1822 3466 καὶ

1925 3417 2317 3476 assequerctur
2350 3406 2681 3476 imperator,
2717 3406 2787 3459 ad
2854 3406 3005 3463 aliud
3059 3421 3122 3463 se
3180 3408 3498 3464 convertit:

251 3497 321 3570 ἦν
351 3502 413 3553 τδ
450 3502 548 3571 μὲν
576 3502 761 3571 δρᾶμα
824 3504 968 3555 κατὰ
1016 3506 1078 3556 τὸ
1123 3504 1380 3575 ᾀδόμενον
1422 3504 1625 3573 ἑτέρων
1649 3544 1664 3569 ,
1700 3506 1732 3573 ἡ
1763 3504 1822 3557 δὲ

249 3594 375 3662 χεὶρ
415 3593 825 3663 ’Δὸεσσαλὼμή
872 3592 1028 3646 τοῦτο
1073 3592 1474 3665 πρακτεύουσα.
1518 3596 1658 3650 Ἴστε
1697 3594 1825 3659 τοὺς

253 3684 759 3755 παραπεμφθέντας
784 3683 1133 3754 μονάζοντας,
1154 3686 1249 3739 καὶ
1269 3686 1336 3740 τὰ
1356 3685 1620 3740 σταλέντα
1639 3687 1822 3756 γράμ-

256 3794 422 3846 ματα.
456 3778 566 3831 Καὶ
608 3776 760 3837 τέλος
806 3776 992 3847 ἐπειδὴ
1033 3779 1125 3830 καὶ
1168 3778 1340 3831 ταῦτα
1384 3777 1531 3831 ἕωλα
1575 3777 1667 3830 καὶ
1694 3776 1823 3830 ἀϐέ-

252 3869 405 3935 ϐαια,
429 3867 522 3921 τοῦ
557 3869 765 3940 Πατρὺς
792 3869 859 3921 τὰ
886 3868 1073 3922 δέοντα
1097 3869 1552 3940 ἀντεπιφέροντος
1580 3868 1674 3922 καὶ
1696 3870 1824 3921 ἀντ-

253 3958 688 4027 επιστέλλοντος,
716 3961 749 4029 ή
781 3959 1120 4028 ἀνακάλυψις
1142 3962 1240 4030 τῆς
1259 3960 1547 4030 βασιλικῆς
1582 3960 1822 4031 μορφῆς,

252 4051 439 4104 οὖκέτι
478 4050 666 4126 χώραν
718 4051 932 4121 ἔχοντος
969 4050 1063 4103 τοῦ
1113 4053 1485 4123 προσωπείου,
1513 4052 1818 4121 φαίνεσθαι.

267 4142 460 4195 Ἀὄάλε
491 4144 559 4195 τὰ
608 4144 731 4197 τότε
792 4142 1133 4213 γεγενημένα
1170 4145 1319 4216 παρὰ
1366 4144 1472 4197 τῶν
1524 4143 1823 4198 σταλέντων

252 4235 347 4287 δύο
410 4235 753 4304 στρατηγῶν,
798 4234 873 4299 ὡς
904 4236 995 4288 ἐπὶ
1053 4236 1326 4307 πολεμίων
1365 4237 1528 4290 τινῶν
1563 4238 1698 4309 πρὸς
1731 4237 1822 4290 τὸν

253 4326 453 4380 ἄοπλον
490 4326 760 4398 μοναστὴν
807 4326 901 4379 τοῦ
934 4326 1188 4396 Χριστοῦ,
1230 4329 1327 4383 καὶ
1376 4328 1524 4400 μόνῳ
1574 4329 1651 4399 τῷ
1692 4329 1822 4399 θείῳ

254 4419 404 4486 νόμῳ
445 4417 836 4488 φραττόμενον.
876 4418 1056 4489 Ἥρθη
1120 4422 1324 4491 ποιμὴν
1365 4422 1429 4473 ἐκ
1485 4421 1675 4491 μέσου,
1728 4422 1823 4475 καὶ

253 4510 647 4580 διεσκορπίσθη
676 4510 744 4564 τὰ
778 4512 1025 4582 πρίὸατα
1060 4512 1165 4564 ἀπὸ
1205 4512 1304 4582 τῆς
1327 4514 1562 4585 ποίμνης
1587 4530 1601 4544 ⁶
1630 4516 1681 4567 οἱ
1721 4515 1823 4584 μὲν

256 4603 587 4674 ὲτύφθησαν,
608 4603 755 4657 ἄλλοι
771 4604 1245 4673 ὑπερωρίσθησαν,
1269 4604 1449 4675 ἕτεροι
1465 4603 1818 4676 ἐδιώχθησαν,

1924 3507 1978 3553 et
2003 3506 2119 3553 erat
2152 3497 2373 3566 quidem
2417 3498 2650 3552 aliorum
2686 3512 2825 3567 opus
2855 3515 2871 3566 ;
2900 3499 2994 3553 sed
3018 3500 3322 3555 secundum
3352 3500 3499 3555 illam

1923 3591 2434 3646 decantatissimam
2468 3589 2521 3644 in
2561 3588 2869 3661 Scripturis
2918 3592 3264 3662 tragtediam,
3303 3608 3502 3649 manus

1926 3680 2187 3736 Absalom
2219 3679 2454 3735 faciebat
2486 3680 2694 3735 omnia.
2750 3679 2918 3735 Scitis
2963 3682 3272 3738 submissos
3328 3681 3499 3737 fuisse

1924 3772 2247 3835 monachos,
2286 3772 2441 3827 scitis
2496 3772 2707 3828 litteras
2760 3774 3014 3841 scriptas.
3065 3773 3314 3843 Cumque
3385 3775 3501 3831 luet:

1922 3863 2086 3917 etiam
2114 3861 2297 3915 inania
2352 3871 2406 3916 ct
2462 3861 2677 3915 intirma
2734 3876 2859 3915 esse
2914 3870 3227 3930 appareret,
3277 3859 3500 3915 Platone

1925 3953 2070 4023 quod
2102 3967 2316 4023 {equum
2351 3959 2471 4007 erat
2500 3961 2892 4007 manutenente
2915 3959 2971 4006 et
3001 3949 3347 4022 praetereunte,
3413 3968 3500 4006 re-

1923 4048 2138 4101 velatus
2171 4044 2498 4101 esttandem
2526 4044 2644 4114 ipse
2680 4044 3000 4114 imperator,
3041 4045 3133 4115 qui
3172 4046 3275 4100 sub
3314 4060 3499 4113 perso-

1926 4154 1992 4192 na
2028 4138 2237 4192 diutius
2266 4137 2531 4192 occultari
2567 4152 2675 4190 non
2704 4145 2943 4206 poterat.
2980 4134 3101 4190 Vah
3129 4139 3141 4191 ι
3183 4136 3253 4191 ob
3279 4152 3341 4192 ea
3366 4151 3489 4207 quae

1924 4237 2076 4301 gesta
2108 4245 2139 4282 a
2170 4229 2385 4282 duobus
2416 4228 2754 4282 exercituum
2785 4228 3041 4295 ducibus,
3077 4236 3339 4299 tanquam
3397 4230 3499 4283 atl~

1922 4336 2118 4376 versus
2171 4321 2357 4376 hostes
2411 4321 2679 4390 quosdam
2746 4320 2957 4385 missis,
3007 4332 3200 4376 contra
3249 4322 3495 4377 iuerncm

1922 4416 2128 4471 Christi
2159 4415 2517 4479 monachum,
2554 4423 2611 4469 et
2640 4414 2756 4469 sola
2776 4414 2870 4469 Dei
2904 4415 3018 4483 lege
3047 4412 3356 4470 defensum.
3390 4414 3497 4469 Su-

1923 4509 2104 4564 blatus
2145 4517 2230 4563 est
2264 4508 2331 4562 de
2356 4506 2536 4561 medio
2568 4515 2779 4575 pastor,
2802 4516 2857 4561 et
2884 4506 3147 4576 dispersa:
3178 4514 3309 4560 sunt
3364 4520 3496 4562 ores

1923 4601 2124 4674 gregis.
2164 4598 2230 4654 Et
2255 4599 2347 4653 alii
2380 4598 2597 4669 quidem
2621 4598 3075 4661 verberabantur,
3107 4598 3493 4668 relegabantur

254 4698 348 4748 καὶ
378 4694 503 4761 τόγε
540 4692 916 4763 ἐλεεινότερον,
941 4693 1217 4761 θέσπισμα
1249 4694 1525 4763 βασιλικὸν
1558 4695 1819 4766 61:90:66-

1926 4693 2045 4757 alii,
2074 4692 2258 4747 caeteri
2321 4692 2759 4761 persecutionem
2796 4689 3182 4757 sustinebant;
3238 4692 3496 4761 quodque

255 4804 415 4849 κτους
446 4781 583 4838 εἶναι
618 4784 892 4854 πανταχοῦ
922 4786 1047 4848 τοὺς
1062 4784 1148 4837 διὰ
1178 4784 1380 4856 Κύριον
1408 4786 1818 4857 δεδιωγμένουςυ

255 4880 349 4930 καὶ
384 4876 700 4945 ὑπήκουσαν
749 4891 810 4942 γε
849 4876 900 4927 οἱ
950 4876 1058 4928 τῶν
1102 4878 1338 4947 σεμνίων
1409 4884 1820 4951 προϊστάμενοι,

255 4970 351 5021 καὶ
392 4969 617 5029 σπάνιος
642 4969 669 5019 6
694 4967 1015 5036 ἀποτολμῶν
1050 4968 1391 5033 εἰσδέξασθαι
1418 4986 1431 5002 ⁸
1461 4972 1555 5024 καὶ
1586 4972 1821 5043 Χριστὸς

255 5058 567 5122 ἐκάθευδεν,
594 5058 659 5109 δι’
684 5056 777 5120 οῦς
816 5053 960 5109 οἶδεν
991 5058 1246 5125 τρόπους,
1297 5059 1605 5131 δοκιμάζων
1642 5063 1706 5116 τὰ
1740 5080 1822 5131 γι-

253 5152 516 5221 γνόμενα,
540 5149 646 5200 τῶν
676 5148 777 5218 μὲν
812 5149 1116 5218 βασανίζων
1164 5150 1255 5202 τὸν
1297 5151 1430 5221 πρὸς
1460 5153 1622 5205 αὐτὸν
1653 5152 1816 5211 πόθον

255 5241 303 5293 εἰ
330 5239 661 5308 ἐπιμένοιεν,
691 5237 799 5291 τῶν
829 5238 884 5291 δὲ
914 5240 974 5291 τὸ
1028 5240 1396 5310 ἀπάνθρωπον
1448 5243 1817 5314 οἰκτιζόμενος

258 5333 504 5399 ἐνεγκεῖν
544 5332 622 5394 εἰς
665 5331 989 5401 μετάμελον.

329 5602 351 5634 ³
381 5599 561 5654 Eccie.
593 5614 646 5662 ι,
676 5598 759 5652 Ib.

1926 4784 2231 4839 mirabilius
2269 4782 2395 4848 fuit,
2421 4781 2730 4838 Caesareum
2758 4782 2999 4838 edictum
3034 4791 3152 4837 erat
3181 4797 3248 4837 ne
3280 4784 3494 4851 uspiam

1924 4876 2321 4946 reciperentur,
2352 4874 2447 4945 qui
2477 4876 2607 4929 talia
2636 4875 2985 4945 patiebantur
3039 4883 3261 4944 propter
3309 4874 3493 4929 Domi-

1924 4982 2094 5031 num;
2125 4974 2182 5020 et
2219 4966 2397 5021 edicto
2421 4966 2499 5019 illi
2538 4966 2809 5035 parebant
2836 4965 3096 5035 praesides
3120 4966 3492 5020 monasterio-

1924 5073 2070 5119 rum,
2101 5057 2237 5112 adeo
2289 5067 2349 5111 ttt
2373 5058 2462 5112 vix
2514 5059 2659 5112 ullus
2713 5058 3074 5121 inveniretur,
3121 5056 3213 5125 qui
3268 5057 3494 5111 auderet

1924 5149 2167 5223 prrebcrc
2203 5159 2501 5219 receptum.
2536 5148 2790 5204 Christus
2829 5156 3009 5201 autem
3063 5147 3388 5212 dormiebat,
3422 5148 3495 5203 ob

1926 5250 2085 5295 notas
2120 5240 2223 5294 sibi
2258 5257 2455 5296 causas
2484 5258 2500 5308 ;
2527 5240 2725 5295 horqu
2772 5238 2998 5309 quidem
3046 5238 3100 5292 in
3125 5253 3184 5293 se
3250 5239 3492 5307 probans

1924 5348 2194 5397 amorem,
2225 5348 2295 5386 an
2326 5341 2473 5389 esset
2502 5339 2789 5396 constans,
2813 5331 3031 5386 illorum
3063 5345 3192 5386 vero
3220 5330 3494 5386 miserans

1926 5426 2406 5492 inhumanitatcm,
2460 5438 2516 5482 ut
2562 5440 2659 5481 eos
2722 5426 2791 5481 ad
2850 5424 3227 5496 ptenitentiam
3294 5441 3499 5496 provo-

1928 5531 1987 5570 ει]
1998 5528 2094 5572 l'Cl.

1784 5686 2009 5745 ΝΟΤΛΞ.

332 5801 1313 5882 {17)(Zultttlttvilsjbifittttslaltlinltls
1364 5798 1641 5869 illegitimo
1713 5798 1963 5869 coniugio
2021 5802 2339 5863 Theodoten
2398 5807 2813 5880 cubirulariam,
2875 5822 3060 5865 mense
3093 5809 3363 5882 Augusto,
3400 5815 3487 5873 in-

262 5870 492 5937 dictione
520 5870 572 5939 3,
605 5892 691 5928 an.
731 5875 851 5927 795.
895 5874 1024 5927 Vide
1053 5870 1456 5936 Theophanem.
