4170 6486
668 406 770 473 831

1856 403 1920 466 S.
1951 400 2348 464 THEODORI
2387 401 2732 462 STUDITA'I

3813 396 3929 459 832

737 522 828 578 28.
862 519 1003 588 Qttid
1030 529 1211 577 autem
1231 519 1435 576 athleta
1461 516 1666 576 Christi
1692 518 1717 573 ί
1749 516 2019 573 Avellitur
2048 527 2243 589 sponte

2415 524 2518 586 κη’.
2559 517 2624 569 Τί
2654 512 2746 570 οὖν
2781 517 2809 570 6
2842 512 2935 569 τοῦ
2966 512 3205 586 Χριστοῦ
3236 514 3474 586 ἀθλητής
3495 513 3928 585 ςἋποτὲμνεται

668 630 700 669 a
740 615 977 684 propriis
1008 612 1293 676 membris,
1335 611 1599 680 solusque
1632 610 2062 681 derelinquitur.
2122 610 2242 663 ani-

668 721 812 762 mam
848 720 1004 759 suam
1032 719 1246 774 ponens
1283 717 1386 773 pro
1412 704 1610 758 ovibus
1641 703 1777 764 suis,
1838 702 1992 770 juxta
2062 700 2245 755 Evan-

668 797 895 871 gelium.
928 803 1116 865 utpote
1157 809 1283 849 vere
1330 804 1518 864 pastor
1548 794 1746 848 bonus.
1783 791 2035 846 Violenta
2080 807 2244 845 manu

667 888 736 942 ad
778 888 1051 942 Caesarem
1082 886 1301 942 ducitur
1333 904 1347 940 :
1388 888 1597 943 resistit
1628 888 1682 941 in
1739 885 1958 951 faciem,
1984 885 2245 939 audacter

670 981 824 1047 dico,
854 980 1003 1035 velut
1032 980 1172 1035 alter
1206 979 1450 1035 Joannes
1511 980 1713 1035 Christi
1770 979 2125 1048 prodromus,
2177 992 2245 1031 eo

670 1073 847 1129 solum
878 1084 1129 1143 excepto,
1163 1073 1313 1143 quod
1348 1073 1438 1127 hic
1477 1086 1582 1127 suo
1620 1072 1822 1141 ipsius,
1866 1071 1982 1140 ipse
2012 1069 2244 1124 alterius

669 1166 838 1222 ductu
866 1166 1033 1221 venit.
1140 1165 1354 1220 virilem
1390 1164 1672 1219 animum!
1706 1162 1826 1216 Non
1856 1171 1942 1218 est
1978 1162 2245 1216 reveritus

671 1257 1018 1328 maiestatem
1068 1257 1311 1327 imperii,
1352 1270 1461 1311 non
1522 1254 1838 1309 formidavit
1891 1254 2090 1318 minas,
2139 1269 2245 1308 non

670 1360 757 1405 est
780 1349 1059 1404 emollitus
1082 1348 1385 1411 blanditiis,
1409 1346 1573 1416 idque
1604 1362 1728 1401 cum
1756 1361 1821 1401 ex
1850 1361 1950 1401 suo
1977 1347 2247 1417 sanguine

670 1448 818 1492 esset
843 1439 1040 1492 mulier
1072 1453 1195 1508 qua:
1226 1435 1587 1491 ilerodiadem
1645 1434 1919 1489 referebat
1957 1449 1971 1486 :
2010 1435 2103 1488 sed
2144 1434 2248 1487 im-

671 1532 997 1602 perterritus
1030 1530 1427 1600 pronuntiavit,
1480 1538 1536 1583 et
1570 1544 1677 1581 non
1731 1528 1953 1582 erubuit
2020 1526 2244 1579 verbum

670 1620 940 1675 veritatis.
974 1619 1122 1673 Dixit
1160 1617 1473 1673 Praecursor
1517 1618 1731 1673 Domini
1766 1634 1778 1670 :
1826 1617 1949 1671 Non
1987 1618 2107 1671 licet
2154 1618 2247 1671 tibi

671 1712 859 1765 habere
885 1725 1101 1764 uxorem
1132 1707 1366 1779 Philippi
1393 1711 1577 1779 fratris
1601 1713 1678 1764 tui
1716 1712 1737 1743 '
1774 1728 1787 1764 :
1837 1710 2041 1765 similia
2100 1710 2249 1766 illius

672 1802 921 1858 imitator
954 1801 1113 1867 dixit,
1148 1799 1214 1855 ad
1241 1816 1366 1856 eum
1409 1802 1504 1872 qui
1532 1802 1770 1856 similem
1803 1817 1863 1857 se
1908 1800 2111 1856 Herodi
2169 1800 2247 1855 le-

2344 608 2455 664 τῶν
2481 610 2700 664 οἰκείων
2747 605 2926 679 μελῶν
2958 606 3263 679 ἐθελοντὴς,
3303 607 3785 679 καταλιμπάνεται
3818 625 3927 675 μο-

2345 700 2583 764 νώτατος
2607 700 2707 771 τὴν
2733 698 2911 771 ψυχὴν
2946 699 3059 763 θεὶς
3089 697 3231 769 ὑπὲρ
3268 698 3379 752 τῶν
3436 698 3749 770 προὸἀτων,
3781 699 3929 753 κατά

2343 794 2405 846 τὸ
2435 793 2787 861 Εὑαγγέλιον,
2813 793 2842 845 6
2863 792 2938 854 ὡς
2970 791 3185 862 ἀληθῶς
3242 790 3449 862 ποιμὴν
3480 790 3703 860 ἀγαθὸς,
3728 793 3930 860 ἄγεται

2344 884 2436 937 ἐπὶ
2461 885 2553 938 τὸν
2581 884 2838 955 Καίσαρα
2869 883 2976 937 ὑπὸ
2996 882 3223 955 βριαροῦ
3241 884 3450 955 χειρὸς,
3498 885 3744 956 εἱστήκει
3774 884 3924 938 κατά

2347 974 2656 1042 πρόσωπον,
2697 976 2747 1027 εί
2780 974 2873 1028 καὶ
2903 974 3176 1046 τολμηρὸν
3214 975 3410 1039 είπείν,
3451 967 3564 1028 οἷον
3603 974 3861 1045 Ἰωάννης
3899 979 3931 1030 6

2346 1066 2661 1135 Πρόδρομος
2686 1064 2783 1118 τοῦ
2812 1065 3041 1134 Κυρίου,
3070 1063 3210 1136 πλὴν
3226 1066 3350 1118 ὅσον
3366 1064 3396 1117 6
3421 1065 3519 1136 μὲν
3541 1066 3927 1135 αὐτοκίνητος,

2344 1158 2373 1209 6
2408 1155 2466 1208 δὲ
2507 1157 2907 1227 ὲτεροκίνητος.
2946 1156 3010 1209 '0
3060 1156 3155 1226 τῆς
3205 1156 3472 1228 ἀνδρικῆς
3520 1156 3751 1226 καρδίας
3774 1160 3790 1211 ί
3824 1160 3931 1227 οὔχ

2348 1248 2657 1319 ὑπέπτηξεν
2695 1249 2772 1320 τῷ
2800 1248 3012 1320 κράτει,
3057 1251 3159 1303 οὐκ
3192 1249 3455 1303 ἐνέδωκεν
3479 1252 3599 1313 ταῖς
3648 1250 3903 1313 ἀπειλαῖς

2323 1336 2446 1405 ,οὐκ
2482 1335 2767 1407 ἐχαυνώθη
2829 1339 2949 1400 ταῖς
2987 1338 3360 1409 πειθανότησι,
3400 1339 3496 1392 καὶ
3540 1337 3718 1393 ταῦτα
3757 1340 3930 1410 οὔσης

2345 1428 2438 1497 ἀφ’
2470 1428 2703 1497 αἱματος
2746 1429 2847 1499 τῆς
2894 1433 2957 1500 τῇ
3011 1430 3299 1500 Ἡρωδιάδι
3354 1431 3775 1501 δμογνώμονοςο
3808 1430 3932 1484 ἀλλ’

2348 1520 2612 1590 ὲφθέξατο
2639 1522 2905 1592 ἀτρέμας,
2940 1522 3059 1576 ἀλλ’
3086 1522 3438 1593 ὡμολόγησεν
3477 1522 3933 1593 ἀνιπαισχύντως

2350 1612 2442 1666 τὸν
2474 1613 2631 1681 λόγον
2654 1615 2752 1683 τῆς
2777 1615 3055 1685 ἀληθείας.
3087 1610 3253 1668 Εἶπεν
3282 1618 3309 1669 6
3330 1614 3424 1669 τοῦ
3457 1614 3658 1686 Κυρίου
3686 1614 3933 1685 1196690-

2353 1720 2472 1774 μος*
2509 1706 2628 1759 Οὺκ
2655 1706 2898 1771 ἔξεστιν
2920 1723 3017 1761 σοι
3037 1708 3201 1777 ἔχειν
3220 1706 3474 1777 γυναῖκα
3489 1709 3790 1762 Φιλίππου
3819 1706 3932 1760 τοῦ

2348 1800 2619 1871 ἀδελφοῦ
2634 1798 2946 1857 σου.Είπεν
2964 1806 3054 1856 καὶ
3067 1807 3094 1855 6
3109 1803 3298 1856 τούτου
3319 1802 3639 1875 μιμητὴςτά
3654 1800 3933 1871 ἐφάμιλλα

673 1903 844 1962 cerat,
880 1895 1057 1964 capite
1089 1902 1270 1948 tamen
1292 1894 1538 1949 minutus
1568 1910 1675 1949 non
1706 1906 1793 1950 est
1824 1910 1839 1947 :
1881 1892 2058 1949 noluit
2102 1893 2246 1947 enim

2353 1894 2488 1964 πρὸς
2512 1896 2604 1948 τὸν
2637 1895 2879 1967 Ἡρώδου
2904 1897 3089 1966 ὅμοιον
3111 1913 3125 1927 ·
3162 1899 3257 1950 καὶ
3296 1896 3555 1965 τέμνεται
3585 1896 3686 1965 μὲν
3706 1896 3807 1965 τὴν
3832 1911 3934 1947 κε-

674 1987 996 2058 imperator.
1045 1986 1508 2058 quemadmodum
1537 1986 1889 2057 praedixerat,
1945 1996 2245 2057 martyrem

674 2082 881 2145 facere,
906 2084 972 2134 ad
1014 2081 1267 2134 ultimum
1301 2088 1577 2135 certamen
1607 2080 1883 2133 voluntate
1912 2088 2246 2147 promptum.

672 2171 1058 2227 Conlessorem
1095 2186 1274 2225 tamen
1316 2171 1521 2225 Christi
1588 2170 1735 2234 fecit,
1788 2171 1952 2225 etiam
2012 2170 2246 2235 nolens,

671 2266 919 2321 veritatis
946 2268 1290 2320 thesaurum.
1322 2274 1382 2319 ut
1438 2263 1745 2319 maleﬁcum
1778 2262 2077 2327 hominem,
2117 2278 2249 2318 con-

670 2358 903 2413 eludens
936 2357 1157 2422 cellula,
1199 2358 1491 2426 clavesque
1554 2371 1719 2425 supra
1771 2356 1952 2411 claves
2014 2370 2245 2425 ponens,

672 2460 725 2502 et
751 2448 949 2516 jnbens
983 2463 1079 2517 per
1111 2456 1405 2517 augustqu
1444 2444 1692 2500 loramen
1714 2446 1899 2499 cibqu
1933 2446 1981 2499 ei
2020 2445 2246 2513 praeberi

672 2541 754 2595 sic
784 2549 843 2593 ut
887 2555 918 2594 a
988 2540 1208 2594 nemine
1251 2539 1494 2609 ronspici
1526 2547 1732 2609 posset,
1772 2553 1937 2608 quem
1994 2536 2249 2592 Christus

674 2634 1013 2688 intuebatur.

740 2722 831 2778 29.
866 2722 969 2787 Qui
995 2731 1173 2775 autem
1237 2720 1292 2774 in
1354 2720 1440 2775 bis
1493 2720 1937 2789 cooperahantur
1990 2720 2195 2778 Ctesari
2228 2765 2245 2789 ,

671 2824 829 2869 erant
861 2815 1263 2868 monachorum
1329 2812 1629 2883 praesides,
1680 2827 1918 2882 quorum
1983 2816 2247 2870 erubesco

674 2906 921 2978 proferre
955 2907 1199 2963 nomina.
1237 2906 1441 2963 Carcer
1490 2924 1645 2973 vero,
1678 2923 1713 2961 ο
1778 2924 1894 2963 rem
1944 2909 2199 2964 miseram
2230 2911 2243 2964 Ξ

673 3011 860 3052 carcer
892 3005 1029 3058 erat.
1058 2997 1372 3052 miserabile
1416 2998 1809 3052 monasterium
1855 2998 2029 3068 ipsius
2062 3000 2247 3067 palatii

673 3086 961 3142 Echecolla
994 3087 1426 3153 dictum,custos
1442 3090 1683 3145 carceris
1716 3089 2103 3155 admirandus,
2132 3090 2247 3159 ipse

671 3179 765 3247 qtti
803 3178 1047 3231 moechos
1083 3188 1467 3234 coronaverat.
1504 3180 1619 3234 Heu
1657 3198 1743 3236 me
1778 3184 1790 3236 !
1829 3183 2139 3237 exclamare
2162 3183 2245 3235 lu-
2275 3215 2321 3277 Ο

672 3266 763 3322 bet
821 3283 947 3321 cum
990 3268 1287 3339 Propheta.
1334 3268 1499 3324 Periit
1543 3283 1757 3326 sam-tm
1787 3272 1851 3327 de
1884 3282 2046 3339 terra,
2072 3283 2123 3327 et
2164 3290 2245 3327 re-

673 3369 788 3414 ctus
826 3362 881 3414 in
906 3360 1202 3415 hominibus
1235 3379 1337 3417 non
1369 3372 1446 3416 est
1479 3364 1544 3417 “.
1577 3364 1717 3430 Quid
1752 3380 1900 3419 nunc
1937 3380 2063 3419 eum
2100 3381 2249 3420 eom-

675 3466 976 3505 memorem
1003 3489 1018 3515 .
1051 3452 1147 3522 qui
1187 3462 1436 3508 sanctum
1467 3455 1891 3510 custodiendum
1924 3456 2147 3509 tradidit
2183 3457 2249 3508 il-

675 3543 953 3598 licitarum
1023 3546 1340 3615 nuptiarum
1392 3547 1735 3602 conciliatori
1782 3546 1934 3617 (i8);
1975 3556 2071 3602 aut
2122 3562 2246 3602 eum

675 3637 767 3705 qui
808 3639 1011 3692 missus
1040 3639 1110 3692 ab
1164 3638 1496 3709 imperatore
1554 3643 1905 3711 praesumpsit
1962 3642 2246 3696 innoxium

670 3727 965 3798 judicare?
992 3729 1134 3794 Quid
1179 3728 1481 3799 Episcopos
1511 3730 1690 3785 dicam
1739 3746 1769 3785 a
1811 3732 2028 3787 Caesare
2087 3734 2250 3806 depu-

676 3827 841 3883 tatos,
878 3828 937 3873 ut
966 3819 1086 3875 solo
1142 3821 1307 3874 verbo
1361 3821 1671 3875 consentire
1717 3822 1926 3891 justum
1986 3821 2247 3888 lacerent,

672 3924 909 3979 eumque
935 3925 965 3964 a
1006 3926 1228 3965 carcere
1269 3911 1558 3966 liberatum
1615 3913 1956 3971 dimitterent
1979 3932 2067 3972 res
2120 3933 2249 3973 suas

675 4015 776 4070 pro
805 4000 1035 4054 arbitrio
1073 4000 1513 4057 administracm
1548 4001 1690 4069 Quid
1710 4004 1952 4075 denique
2012 4007 2248 4061 subsan-

675 4101 871 4149 nantes
928 4092 975 4147 ei
1039 4110 1102 4147 ac
1168 4095 1519 4150 detrahentes
1590 4110 1905 4152 recenseam
1939 4100 2250 4170 ,sanguine

674 4186 997 4253 wttjuuctos
1023 4196 1080 4239 et
1112 4186 1339 4251 alienos,
1376 4187 1563 4241 habitu
1607 4188 1818 4245 similes
1849 4198 1904 4244 et
1932 4190 2247 4248 dissimiles.

674 4275 719 4333 Ο
770 4278 1198 4334 absurditatem!
1232 4289 1327 4333 aut
1361 4280 1547 4349 potius
1582 4280 1841 4351 injuriam
1897 4282 2099 4338 factam
2154 4301 2248 4341 ve-

675 4370 861 4425 ritatil
900 4370 1103 4426 Delirio
1139 4386 1467 4437 generosum
1518 4372 1699 4427 virum
1771 4374 2091 4443 arguebant,
2154 4376 2248 4447 qui

673 4462 1008 4517 adulterium
1047 4461 1303 4517 volebant
1349 4463 1665 4533 coniugium
1737 4463 1953 4520 videri:
2031 4481 2249 4539 sparge-

2351 1986 2526 2057 φαλὴν
2563 1987 2835 2058 οὐδαμῶς,
2866 1990 2949 2042 ὅτι
2982 1989 3115 2060 μηδὲ
3152 1987 3414 2058 ἠϐούλετο
3450 1989 3479 2042 6
3518 1989 3741 2058 Καῖσαρ
3772 1987 3932 2057 μάρ-

2348 2094 2488 2148 τυρα
2510 2078 2731 2133 τελέσαι
2764 2080 2853 2132 τὸν
2881 2083 2948 2151 τῇ
2980 2080 3297 2150 προαιρέσει
3325 2078 3657 2149 ἀθλήσαντα,
3685 2078 3762 2141 ὡς
3794 2094 3934 2149 πρε.-

2349 2168 2529 2224 λαῦὼν
2597 2171 3000 2241 ἀπεφθέγξατο,
3032 2172 3371 2243 ὁμολογητὴν
3434 2172 3491 2225 δὲ
3548 2170 3787 2243 Χριστοῦ
3834 2172 3934 2223 καὶ

2352 2263 2427 2333 μὴ
2460 2263 2781 2335 Ιἓιουλόμενος
2802 2263 3086 2329 ἀπέδειξεν
3110 2302 3125 2327 ,
3150 2264 3443 2335 καθείρξας
3472 2268 3529 2317 ὲν
3551 2263 3783 2334 οἰκίσκῳ
3820 2266 3932 2316 τινὶ

2348 2354 2423 2417 ὡς
2445 2354 2755 2425 κακοῦργον
2780 2356 2875 2410 τὸν
2905 2357 3178 2429 θησαυρὸν
3213 2358 3312 2427 τῆς
3337 2356 3618 2428 ἀληθείας,
3654 2356 3810 2420 κλεῖς
3833 2357 3931 2409 ἐπὶ

2349 2444 2524 2499 κλεισὶ
2550 2445 2796 2516 θέμενος,
2829 2448 2924 2502 καὶ
2952 2448 3017 2501 δι’
3065 2451 3205 2519 ὀπῆς
3234 2448 3333 2520 τὴν
3374 2450 3580 2519 τροφὴν
3605 2447 3931 2519 πορίζεσθαι

2349 2536 2712 2602 κικελευκὼς,
2744 2538 2881 2609 πρὸς
2910 2540 2970 2592 τὸ
2999 2541 3095 2592 ὑπ’
3126 2540 3339 2602 οὐδενὸς
3360 2538 3589 2611 ὁρᾶσθαι
3618 2540 3728 2592 τῶν
3752 2539 3931 2593 ἀλλων

2350 2629 2607 2683 ἀπάντων
2638 2629 2731 2683 τὸν
2762 2631 2867 2684 ὑπὸ
2894 2631 3099 2702 Κυρίου
3129 2630 3425 2701 ὁρώμενον.

2419 2722 2521 2775 κθ¹.
2557 2721 2666 2774 Καὶ
2694 2721 2743 2774 oi
2769 2718 3183 2792 συναιροῦμενοι
3212 2720 3294 2791 τῷ
3332 2719 3571 2792 Καίσαρι
3620 2718 3733 2772 τῶν
3762 2737 3931 2789 μονα-

2351 2813 2493 2868 στῶν
2523 2814 2576 2866 οί
2607 2812 2954 2883 προέχοντες,
2983 2805 3059 2865 ὧν
3098 2812 3466 2884 αίσχυναίμην
3504 2812 3681 2865 είπείν
3722 2812 3795 2863 τὰ
3815 2810 3932 2863 6V6-

2352 2922 2500 2975 ματα
2526 2920 2539 2935 '
2580 2905 2676 2957 καὶ
2715 2906 2749 2973 ἡ
2791 2903 3005 2974 είρκτὴ,
3035 2902 3095 2956 τὺ
3140 2902 3384 2974 σχέτλιον
3424 2904 3793 2973 μοναστήριον
3819 2901 3931 2954 τῶν

2350 2996 2640 3068 βασιλείων
2674 2996 2965 3067 Ἐχέκσλλα
2991 2994 3088 3065 (g),
3126 2998 3220 3049 καὶ
3250 2996 3279 3048 6
3309 2994 3625 3065 θαυμαστὸς
3644 2994 3929 3065 φρούραρ-

2349 3106 2443 3158 χος
2484 3091 2512 3141 6
2561 3090 2688 3152 τοὺς
2746 3088 3121 3159 μοιχωμένους
3177 3085 3682 3155 καταστεψάμενος.
3727 3087 3924 3156 Οῐμοιί

2355 3184 2492 3252 μετά
2524 3185 2616 3236 τοῦ
2642 3186 2923 3254 προφήτου
2958 3184 3242 3255 βοήσομαι,
3271 3183 3354 3235 ὅτι
3395 3182 3453 3235 Ἀ
3470 3184 3747 3237 πόλωλεν
3773 3187 3807 3238 ό
3827 3186 3928 3237 εὐ-

2351 3274 2552 3340 λαϐὴς
2575 3275 2693 3328 ἀπὸ
2720 3273 2834 3340 τῆς
2866 3273 2999 3342 γῆς,
3041 3276 3139 3327 καί
3193 3277 3225 3328 ό
3254 3271 3557 3340 κατορθῶν
3593 3274 3663 3326 ἐν
3700 3274 3928 3344 ἀνθρὼ-

2352 3384 2487 3432 ποις
2520 3369 2629 3420 οὐκ
2656 3366 2848 3420 ἔστιν.
2874 3367 2939 3419 Τί
2971 3365 3081 3436 γὰρ
3107 3365 3200 3418 καὶ
3230 3366 3372 3417 εἴπω
3413 3368 3503 3417 τὸν
3528 3365 3928 3434 παραδῶσιντα

2350 3458 2440 3510 τὸν
2494 3455 2650 3525 ἅγιον
2704 3456 2782 3527 τῷ
2817 3457 3178 3527 μοιχοζεύκτῃ
3220 3458 3301 3520 είς
3349 3457 3409 3510 τὸ
3445 3457 3821 3527 φρουρηθῆναι
3849 3475 3863 3519 ;
3892 3458 3925 3526 ἢ

2351 3550 2443 3603 τὸν
2476 3553 2948 3621 προανακρίναντα
2983 3550 3041 3616 ἐξ
3064 3550 3365 3621 ἀποστολῆς
3398 3548 3494 3602 τοῦ
3542 3548 3806 3618 βασιλέως
3836 3553 3926 3603 τίον

2352 3640 2641 3692 ἀνεύθυνον
2666 3658 2681 3705 ;
2710 3640 2742 3710 ἢ
2767 3641 2894 3703 τοὺς
2928 3640 3067 3710 μετά
3098 3640 3198 3709 τὴν
3229 3638 3457 3710 εἱρκτὴν
3495 3638 3925 3707 παραπεμφθέν-

2351 3748 2448 3794 τας
2473 3731 2607 3801 πρὸς
2631 3731 2724 3784 τοῦ
2755 3732 3034 3803 Καίσαρος
3083 3733 3340 3803 ίεράρχας
3389 3732 3468 3793 είς
3491 3730 3550 3782 τὸ
3592 3728 3735 3798 λόγῳ
3768 3730 3929 3799 μόνον

2353 3824 2646 3877 συνθέσθαι
2695 3825 2787 3878 τὸν
2825 3824 3070 3889 ⁸δίκαιον,
3099 3822 3200 3893 τῆς
3256 3838 3315 3875 τε
3363 3819 3612 3890 φυλακῆς
3637 3818 3730 3872 τοῦ
3766 3821 3926 3889 χάριν

2353 3915 2641 3985 ἀφεθῆναι,
2707 3917 2802 3969 καὶ
2859 3916 3077 3969 πάντων
3118 3914 3227 3967 τῶν
3272 3914 3491 3967 οἰκείων
3540 3911 3925 3982 δεσπόζειν;ἢ

2350 4010 2477 4071 τοὺς
2509 4006 2707 4074 ἔξωθεν
2734 4006 3088 4069 σκὼποντάς
3148 4022 3206 4057 τε
3234 4006 3330 4058 καὶ
3372 4003 3747 4075 διασύροντας,
3778 4003 3929 4072 ὑμαί.

2354 4102 2519 4173 μονάς
2543 4118 2601 4154 τε
2632 4101 2726 4154 καὶ⁸
2756 4100 2853 4169 οὐχ
2880 4099 3204 4170 ὁμαίμονας,
3239 4099 3585 4168 ὁμοσχήμους
3606 4112 3667 4149 τε
3698 4096 3793 4148 καὶ
3810 4096 3928 4148 ἑτε-

2353 4195 2703 4265 ροσχήμους;
2744 4193 2811 4244 Ὠ
2826 4192 2924 4260 τῆς
2952 4189 3204 4252 ἀτοπίας,
3236 4188 3435 4259 μᾶλλον
3453 4188 3510 4242 δὲ
3539 4189 3637 4259 τῆς
3662 4186 3802 4241 κατά
3828 4188 3925 4255 τῆξ

2350 4282 2610 4353 ἀληθείας
2672 4281 3042 4353 ὶξυϐρίσεωςι
3090 4281 3387 4334 Ἐκστασιν
3441 4281 3785 4350 κατηγόρουν
3832 4279 3923 4331 τοῦ

2349 4376 2601 4446 γενναίου
2634 4378 2683 4429 oi
2761 4374 3193 4445 μοιχαλλοίωτοι,
3236 4373 3537 4441 κενοδοξεῖν
3585 4372 3925 4443 ἐπεφήμιζεν

2351 4465 2444 4518 τὸν
2466 4466 2611 4535 ὑπὲρ
2642 4464 2881 4535 Χριστοῦ
2909 4462 3068 4532 δόξης
3090 4462 3563 4531 ὲναγωνιζόμενον
3591 4463 3640 4515 οί
3664 4462 3753 4516 διὰ
3775 4462 3835 4513 τὸ
3856 4464 3924 4515 τὶι

674 4553 803 4608 baut
833 4554 979 4608 inani
1018 4555 1189 4625 gloria
1218 4554 1342 4610 duci
1372 4570 1467 4625 pro
1496 4553 1717 4609 Christo
1768 4556 2164 4622 decertantem,
2213 4559 2246 4613 ii

2356 4557 2490 4627 πρὸς
2529 4557 2821 4627 ἀρέσκειαν
2848 4554 2940 4608 τοῦ
2978 4554 3259 4625 Καίσαρος
3315 4554 3575 4625 πράττειν
3601 4571 3660 4607 τε
3700 4554 3792 4607 καὶ
3840 4553 3918 4605 λὲο

672 4647 765 4713 qui
789 4646 973 4700 studio
994 4646 1187 4715 egendi
1220 4646 1587 4715 loquendique
1607 4661 1671 4700 ex
1701 4646 1976 4703 voluntate
2020 4648 2248 4705 Caesaris

2352 4668 2471 4719 γειν
2498 4651 2599 4719 τῆς
2645 4648 2964 4711 δεσποτείας
3008 4648 3217 4717 Κυρίου
3266 4647 3648 4712 ἐκπίπτοντες.
3684 4648 3922 4717 Ἐφερεν

670 4736 985 4791 exciderant
1047 4736 1261 4791 Domini
1294 4735 1378 4789 sui
1412 4735 1668 4806 imperio.
1710 4736 1989 4794 Sustinuit
2054 4742 2253 4798 nihilo-

673 4827 855 4883 minus
916 4828 1271 4883 inhumanam
1335 4829 1600 4899 tempot'is
1675 4829 1823 4885 illius
1876 4833 2246 4889 calamitatem

671 4918 879 4973 athleta
925 4919 1159 4984 Christi,
1191 4920 1369 4976 solam
1406 4920 1629 4975 intuens
1659 4921 1943 4977 veritatem
1996 4932 2053 4978 ct
2088 4926 2247 4979 retri-

738 5055 761 5090 ’
796 5054 962 5112 Marc.
997 5070 1072 5122 vi,
1106 5055 1196 5111 18.
1273 5056 1317 5089 ⁸⁸
1357 5055 1519 5111 Mich.
1552 5056 1727 5121 vn,2.

2348 4743 2405 4796 δὲ
2431 4743 2581 4813 ὅμως
2608 4741 2707 4811 τὴν
2739 4739 3106 4810 ἀπάνθρωπον
3133 4738 3226 4791 τοῦ
3270 4738 3467 4810 καιροῦ
3516 4738 3690 4809 φορὰν
3738 4739 3767 4789 6
3796 4738 3925 4808 Χρι-

2351 4835 2477 4888 στοῦ
2504 4832 2870 4905 θεραπευτὴς,
2900 4832 3035 4902 πρὸς
3063 4831 3121 4884 ἒν
3169 4832 3332 4897 μόνον
3380 4830 3601 4885 σκοπῶν
3648 4832 3751 4901 τὴν
3793 4830 3922 4901 ἀλή-

2347 4925 2499 4979 θειαν
2529 4925 2625 4979 καὶ
2648 4923 2746 4997 τὴν
2777 4924 2917 4995 ὑπὲρ
2951 4924 3121 4994 αὐτῆς
3146 4922 3501 4978 ἀνταπόδοσιν
3525 4938 3538 4954 ·
3566 4923 3661 4977 καί
3687 4939 3755 4993 γε
3772 4922 3917 4994 διῆλ-

2190 5182 2418 5240 NOTAE.

744 5319 819 5391 (ᾳ)
859 5320 1120 5405 ‘Sjrletus
1153 5320 1373 5405 videtur
1396 5321 1892 5405 incaedua-legisse,
1920 5324 2066 5405 quod
2116 5325 2248 5405 ipsul

2348 5343 2441 5399 ego
2481 5344 2698 5400 quoque
2740 5330 2943 5405 credidi
2980 5332 3468 5405 substituendum:
3513 5349 3663 5405 nunc
3691 5347 3849 5399 vero,
3878 5334 3916 5387 si

667 5394 1019 5475 pla_eeat.ipsi_
1041 5394 1217 5474 nostri
1247 5394 1502 5475 ecgroaplii
1534 5394 1835 5475 .scriptioni
1860 5394 2151 5475 inhaerere,
2190 5398 2282 5451 ubi
2309 5394 2565 5468 expresse
2602 5394 2696 5469 per
2724 5404 3082 5475 tnajustzulam
3116 5406 3351 5459 litteram
3382 5406 3550 5475 (quod
3574 5404 3713 5459 alias
3738 5394 3917 5456 rarum

668 5473 721 5547 et
750 5462 899 5547 haud
928 5462 1094 5517 dubie
1148 5462 1201 5547 in
1236 5463 1497 5547 originali
1527 5462 1837 5547 inventuiri)
1889 5466 2288 5547 scribitur.va
2318 5462 2756 5547 proparoxvtoua
2790 5462 2827 5539 ;’
2859 5472 3114 5547 fortassis
3170 5462 3405 5547 habebis
3426 5462 3719 5547 'proprium
3748 5476 3918 5543 ipsius

670 5530 932 5614 Palatini”
954 5533 1281 5614 monasterii
1314 5530 1536 5614 nomen,
1570 5530 1880 5614 “ec/tecum,
1905 5544 1975 5614 _rt
2020 5530 2345 5592 concinnior
2371 5530 2477 5594 erit
2514 5543 2771 5611 periodus
2792 5530 2805 5539 ’
2824 5558 2917 5613 per
2944 5546 3047 5599 tria
3083 5530 3331 5601 membra
3356 5530 3678 5604 div'isa'sine
3700 5530 3917 5614 expres-

668 5606 827 5657 sione
861 5602 1098 5673 alicujus
1132 5603 1285 5658 verbi
1339 5603 1803 5673 subintelligendo
1830 5608 2053 5672 ubique,
2084 5616 2222 5663 erat.

741 5741 1126 5869 Sili831igiqztzplii'.‘
1154 5743 1858 5869 ρίἕρξὶιέιοῇρὲοάξὲςιοείω
1921 5764 2263 5821 οιςοηοηιυε,
2306 5749 2619 5813 illiciiarunt
2690 5757 3004 5830 nuptiarum
3052 5758 3296 5816 initiator
3358 5756 3757 5818 ctconeiliator
3784 5770 3917 5812 con-

664 5804 799 5887 iugi:
829 5804 1043 5870 dicitur
1074 5815 1126 5869 in
1159 5804 1275 5871 Vna
1308 5804 1367 5872 s.
1404 5815 1697 5872 Theodori.
