4170 6494
241 421 348 486 833

906 419 1185 483 ORATIO
1218 419 1324 481 XI.
1363 445 1418 454 ’-
1468 419 1847 480 LAUDATIO
1886 420 1945 481 S.
1988 417 2353 479 PLATOle
2397 419 2827 484 HEGUMENI.

3369 422 3474 487 834

244 533 338 584 θεν
365 533 466 601 τὴν
523 529 768 584 κάκωσιν
796 532 870 594 ὡς
916 531 976 582 ἐν
1021 529 1233 592 ἀδύτοις
1270 530 1697 598 ἀναπαυόμενος.
1741 521 1816 580 Ob

1925 526 2200 580 butioneni
2219 526 2391 580 eidem
2416 529 2707 597 repositam
2731 545 2747 596 ;
2769 531 2952 600 itaque
2976 545 3250 588 aerumnos
3267 549 3329 589 os
3353 535 3475 591 illos

243 625 357 694 γὰρ
395 622 528 686 Θεδς
557 623 618 676 τὸ
671 621 1126 692 σπουδαζόμενον,
1176 623 1288 674 ἐκεῖ
1335 620 1486 673 οὐδὲν
1539 620 1600 671 τὸ
1628 619 1794 673 νικῶν

243 708 341 761 τὸν
373 708 642 778 φιλόθεον.

321 883 387 936 λ’.
413 883 598 954 Βραχὺ
620 882 682 936 τὺ
712 879 938 953 ἐμμέσῳ
969 881 1062 935 καὶ
1092 882 1126 951 ἠ
1165 880 1388 951 μοιχικὴ
1434 879 1699 951 βασιλεία,
1738 877 1815 950 μὴ

251 973 580 1043 βουληθεῖσα
608 974 848 1026 συνιέναι
877 972 972 1026 τοῦ
1001 972 1289 1040 ἀγαθύναι,
1313 975 1374 1024 ἐκ
1397 975 1560 1042 μέσου
1582 973 1812 1040 γίνεται.

247 1065 325 1127 ὡς
355 1063 422 1117 ἂν
452 1064 676 1133 μάθοιεν
718 1066 812 1119 καὶ
865 1064 1102 1136 βασιλεῖς
1153 1063 1226 1133 μὴ
1255 1063 1414 1117 θείων
1431 1064 1610 1133 νόμων
1646 1064 1816 1134 ὑπερ‹

247 1153 691 1224 άλλεσθάι,·μηδέ
723 1154 1070 1226 παρανόμους
1100 1153 1174 1223 (Ir)
1203 1154 1474 1224 διωγμοὺς
1521 1154 1615 1207 καὶ
1645 1155 1816 1224 φυλα-

247 1246 354 1308 κὰς
381 1245 713 1313 ἐξυφαίνειν,
747 1246 853 1299 κᾶν
881 1247 1022 1316 μέγα
1050 1249 1116 1316 τῇ
1149 1247 1438 1316 πορφυρίδι
1480 1247 1817 1316 ὑπεραίρων-

246 1353 374 1390 ται’
406 1338 501 1389 καὶ
539 1338 566 1389 δ
602 1338 788 1401 πιστὸς
841 1337 935 1390 τοῦ
981 1339 1186 1408 Κυρίου
1239 1336 1570 1408 νομοφύλαξ,
1613 1338 1674 1390 τὸ
1716 1339 1814 1406 τῆς

245 1426 539 1494 ὁμολογίας
570 1426 820 1497 βραϐεῖον
873 1427 1303 1496 ἀναδησάμενος,
1359 1428 1558 1491 ἔξεισιν
1589 1427 1696 1480 ἀπὸ
1717 1427 1815 1497 τῆς

247 1517 506 1587 φυλακῆς
536 1517 611 1581 ὡς
638 1517 885 1587 νικητὴς,
914 1515 1084 1570 πολλὰ
1122 1519 1191 1570 τὰ
1223 1515 1476 1586 ἐγκώμια
1508 1515 1658 1586 παρά
1682 1516 1815 1568 πολ-

247 1607 357 1658 λῶν
381 1607 691 1676 δεχόμενος,
725 1605 1083 1676 ὑμνούμενος,
1113 1606 1568 1677 μακαριζόμενος,
1610 1623 1817 1677 μαρτυ-

251 1697 668 1767 ρολογούμενος,
720 1697 813 1750 καὶ
861 1698 990 1768 παρ’
1031 1697 1346 1749 αὐτῶντῶν
1376 1697 1644 1768 πρότερον
1680 1712 1818 1748 σκω-

1914 616 2033 671 dies
2066 619 2350 688 transegit,
2382 621 2529 675 velut
2562 621 2607 675 si
2643 622 2697 676 in
2726 625 2900 678 sacris
2951 626 3135 695 templi
3173 627 3348 699 adytis
3387 646 3476 685 re-

1914 708 2224 776 quievisset.
2281 710 2382 777 Qui
2415 712 2556 766 enim
2587 713 2752 768 Deum
2788 731 2897 784 pne
2924 718 3100 772 oculis
3129 719 3324 784 habet,
3355 720 3477 790 ejus

1914 814 2042 870 erga
2077 800 2253 870 ipsum
2284 817 2524 858 amorem
2551 805 2682 859 nihil
2715 816 2894 876 potest
2917 825 3192 878 superare.

1986 892 2077 945 ὅθ.
2113 891 2267 946 Brevi
2295 896 2480 964 elapso
2515 907 2756 966 tempore
2788 901 3067 954 sublatum
3103 902 3170 957 de
3189 903 3368 958 medio
3393 913 3478 958 cst

1917 983 2283 1039 adulterinum
2311 986 2443 1041 illud
2471 989 2756 1058 imperium
2789 992 2923 1061 (i9),
2987 993 3130 1061 quod
3185 994 3357 1048 uoluit
3393 995 3480 1048 in-

1916 1075 2156 1145 telligere
2194 1085 2252 1131 ut
2285 1078 2421 1134 bene
2447 1091 2666 1149 ageret;
2710 1091 2768 1136 ut
2825 1084 2988 1137 etiam
3032 1085 3132 1152 ipsi
3179 1102 3332 1156 reges
3388 1085 3474 1138 di-

1916 1178 2067 1221 scant
2107 1168 2320 1223 divinas
2355 1172 2496 1239 leges
2521 1188 2628 1227 non
2670 1175 2892 1238 violare,
2940 1192 3113 1246 neque
3138 1178 3333 1246 impias
3356 1193 3478 1247 per-

1918 1257 2229 1312 secutiones
2263 1269 2355 1314 aut
2384 1263 2726 1330 captivitates
2758 1266 2961 1328 moliri,
3005 1269 3354 1336 quantumvis
3408 1267 3479 1320 ob

1919 1363 2216 1416 purpuram
2246 1349 2606 1406 honoreutur.
2647 1353 2832 1424 Itaque
2869 1357 3067 1410 divina:
3100 1359 3232 1428 legis
3289 1367 3479 1413 custos

1918 1437 2111 1504 ﬁdelis,
2146 1440 2512 1498 confessionis
2547 1447 2779 1515 egregiae
2828 1445 3138 1501 diademate
3170 1446 3477 1512 redimitus,

1921 1536 2175 1598 tanquam
2231 1531 2404 1586 victor
2449 1535 2619 1588 exivit
2651 1537 2715 1590 de
2740 1552 2990 1603 carcere;
3023 1539 3244 1592 inultam
3278 1555 3306 1593 a
3339 1539 3482 1593 mul-

1921 1621 1987 1674 tis
2036 1620 2254 1675 laudem
2289 1623 2548 1687 referens,
2583 1627 2883 1697 beatusque
2917 1640 2972 1683 et
2995 1639 3202 1699 martyr
3264 1646 3476 1684 nuncu-

1919 1719 2095 1780 palus,
2127 1712 2288 1765 etiam
2320 1713 2389 1767 ab
2420 1713 2488 1768 iis
2521 1717 2611 1784 qui
2641 1717 2740 1785 ipsi
2774 1729 2931 1773 antea
2968 1721 3309 1775 insultabant
3357 1722 3480 1774 illu-

248 1790 494 1841 πτόντων
523 1804 583 1840 τε
635 1787 730 1840 καὶ
778 1787 1207 1858 κωμῳδούντων.
1237 1789 1446 1840 Ἵσασιν
1489 1788 1616 1857 γὰρ,
1652 1788 1816 1858 φησιν

1920 1801 2247 1871 debantque.
2285 1801 2481 1858 Sciunt
2513 1807 2683 1872 enim,
2725 1809 2899 1878 inquit
2928 1809 3224 1877 Gregorius
3251 1811 3483 1865 Theoloc

246 1884 276 1933 ὁ
297 1881 580 1949 Θεολόγος,
609 1879 912 1950 θαυμάζειν
948 1881 1143 1951 ἀνδρὸς
1168 1881 1372 1950 ἀρετὴν
1401 1880 1495 1934 καὶ
1539 1880 1812 1950 πολέμιοι,

1920 1909 2041 1962 gus,
2075 1893 2238 1947 etiam
2273 1894 2482 1950 inimici
2523 1898 2783 1953 admirari
2835 1904 3090 1956 virtutem
3147 1902 3248 1955 viri
3293 1901 3479 1967 fortis,

246 1971 327 2024 ὅτ’
361 1974 427 2025 ἂν
449 1972 541 2025 τοῦ
575 1971 747 2038 Θυμοῦ
776 1970 1035 2039 λήξαντος
1087 1971 1172 2040 ἐφ’
1203 1971 1403 2041 ἑαυτῆς
1431 1972 1463 2040 ἡ
1498 1969 1694 2040 πρᾶξις
1728 1968 1816 2020 δο-

246 2064 576 2133 κιμάζηται,
606 2065 654 2116 εἰ
682 2063 776 2116 και
808 2063 1174 2132 ἐτερολέκτως
1202 2064 1318 2134 ἔχει
1343 2061 1522 2132 δεῦρο.
1552 2062 1664 2132 Τῆς
1706 2060 1816 2131 γὰρ

247 2155 571 2225 φερωνύμου
602 2157 837 2228 Είρήνης
889 2155 1049 2210 πάλιν
1088 2153 1462 2225 κρατησάσης,
1495 2152 1592 2206 καὶ
1621 2152 1688 2205 δι’
1729 2156 1816 2205 αί-

245 2243 371 2306 δούς
407 2245 744 2316 μαρτυρικοῦ
795 2243 1133 2314 ἐκϐαλούσης
1191 2260 1250 2295 τε
1306 2243 1401 2296 καὶ
1449 2241 1681 2312 ἐχούσης
1725 2241 1816 2294 τὸν

246 2335 440 2402 ἄνδρα,
474 2334 796 2406 παλιρροίας
829 2335 984 2404 δίκην
1013 2335 1108 2388 καὶ
1137 2333 1192 2386 ετ
1213 2351 1296 2397 τις
1332 2332 1526 2404 ἐχθρὸς
1550 2336 1631 2397 είς
1663 2332 1817 2402 φίλον

247 2426 344 2478 καὶ
373 2426 666 2496 ἐπαινέτην
696 2423 1077 2496 μετελήλυθεν,
1103 2424 1179 2487 ὡς
1209 2424 1301 2478 καὶ
1350 2422 1512 2476 αὐτὸν
1536 2423 1628 2478 τὸν
1658 2441 1820 2494 φρου-

251 2517 352 2585 ρὲα
389 2517 690 2572 ἀντιϐολεῖν
717 2520 815 2588 τὴν
857 2519 1206 2590 συγχώρησιν
1239 2519 1379 2574 κατά
1416 2521 1520 2589 γῆς
1547 2519 1817 2591 ἐρριμμέ-

249 2627 338 2664 νον
364 2626 379 2639 ·
409 2611 613 2666 ἔπαθεν
650 2612 706 2665 δὲ
752 2611 923 2676 πάθος
969 2612 1171 2682 μᾶλλον
1213 2612 1241 2663 ὀ
1270 2611 1596 2678 ἀναίσθητος
1646 2610 1813 2675 λίθος,

250 2704 284 2772 ἧ
307 2721 361 2756 τι
385 2703 569 2759 καινὸν
595 2705 800 2770 ἐκεῖνος
826 2707 884 2759 ἐν
920 2707 1033 2768 τοῖς
1052 2705 1350 2776 ὁρωμένοις
1380 2720 1438 2758 τε
1461 2705 1556 2759 καὶ
1585 2703 1816 2773 λεγομέο

249 2813 385 2861 νοις.

318 2981 423 3036 λα’.
465 2982 683 3055 Ἐπειδὴ
715 2983 772 3037 δέ
803 2984 1150 3056 ἐπανήκομεν
1179 2985 1243 3038 ἐκ
1271 2985 1693 3057 τῆςύπερορίας
1722 2988 1816 3040 καὶ

250 3076 437 3145 ἡμεῖς,
457 3076 605 3131 ἄλλοι
637 3095 697 3132 τε
740 3079 1058 3148 ἀλλαχόθεν,
1078 3079 1330 3149 καθάπερ
1355 3077 1498 3142 τινές
1514 3079 1815 3150 ὑπόπτεροι

253 3167 665 3238 συντρέχοντες,
701 3170 1040 3240 ἐθαυμάζετο
1084 3173 1183 3242 μέν
1223 3172 1284 3224 τὸ
1313 3172 1496 3242 δρᾶμα
1525 3172 1674 3240 παρὰ
1702 3175 1814 3233 τοῖς

252 3257 528 3324 εὐσεϐέσι,
562 3262 865 3332 συνήπτετο
891 3262 948 3315 δὲ
978 3265 1044 3333 τῇ
1077 3264 1288 3334 κεφαλῇ
1317 3263 1383 3316 τὰ
1419 3263 1576 3334 μέλη,
1618 3263 1816 3331 ἐφθέγο

254 3365 382 3414 γετο
431 3350 486 3402 δέ
531 3351 669 3420 τάχα
707 3352 1005 3412 κάνταῦθα,
1037 3355 1086 3405 εί
1126 3354 1221 3406 καὶ
1261 3352 1550 3424 τολμηρὸν,
1580 3354 1608 3405 ὁ
1644 3369 1815 3423 μεγα-

253 3438 627 3507 λοφωνότατος
667 3442 914 3505 Ἡσαΐας·
951 3438 1137 3510 Ἀρον
1187 3445 1395 3510 κύκλῳ
1435 3444 1575 3509 τοὺς
1600 3445 1816 3512 ὀφθαλ-

249 3531 405 3597 μούς
446 3546 582 3594 σου,
617 3532 715 3585 καὶ
781 3533 872 3586 ἴδε
918 3533 1270 3603 συνηγμένα
1325 3535 1395 3589 τὰ
1446 3535 1628 3588 τέκνα
1678 3549 1815 3598 σου,

253 3621 518 3688 ἣκουσιν
550 3621 772 3688 πάντες
815 3626 870 3678 οἱ
900 3627 1018 3678 vlo!
1046 3639 1162 3678 σου
1188 3627 1512 3693 μακρόθεν·
1549 3626 1669 3678 τότε
1699 3625 1817 3693 ὄψει

252 3715 349 3767 καὶ
401 3717 634 3785 χαρήσῃ,
671 3716 761 3767 καὶ
800 3715 1117 3788 φοϐηθήσῃ,
1155 3718 1249 3770 καὶ
1305 3717 1543 3787 ἐκστήσῃ
1586 3719 1651 3786 τῇ
1684 3733 1819 3785 καρέ

251 3805 361 3877 δίᾳ.
410 3804 467 3859 '0
511 3808 608 3876 μὲν
636 3808 700 3879 δὴ
734 3807 944 3861 ταῦτα·
989 3807 1099 3876 ἐγὼ
1143 3808 1198 3861 δὲ
1248 3811 1424 3862 ἐκεῖνο
1465 3810 1701 3878 εἴποιμι,
1735 3809 1817 3861 ὃτι

254 3899 350 3951 καὶ
394 3899 423 3950 ό
455 3899 713 3970 ίεράρχης
762 3900 961 3971 ᾐδέσθη
992 3900 1082 3953 τὸν
1112 3901 1300 3966 ἄνδρα,
1339 3901 1633 3969 ἀπολογίαν
1659 3919 1817 3970 ποιη-

255 3990 492 4061 σάμενος
521 3978 545 4051 ,’
603 3993 698 4044 καὶ
743 3992 878 4063 πρὸς
933 3992 1128 4045 ἐνωσιν
1161 3993 1599 4064 ἐκκαλεσάμενος
1623 4011 1638 4025 ·
1666 3995 1698 4064 ἢ
1726 3994 1820 4047 καὶ

252 4081 497 4149 γέγονεν,
525 4080 722 4152 ἐκϐολῇ
746 4082 841 4135 τοῦ
877 4083 1319 4153 στεφανώσαντος
1373 4086 1468 4138 καὶ
1514 4087 1686 4155 φειδοῖ
1719 4086 1820 4156 τῆς

255 4173 592 4237 διαστάσεως
615 4190 629 4204 °
657 4177 721 4244 ἣν
752 4176 834 4228 ὅτι
861 4177 1096 4246 μάλιστα
1127 4177 1348 4247 φεύγων
1383 4173 1451 4250 ἦν
1476 4181 1504 4232 ό
1527 4179 1816 4249 μακάριος,

257 4266 363 4319 κᾶν
398 4266 553 4335 νίκης
584 4265 816 4318 ἔπαθλον
847 4266 985 4338 πρὸς
1023 4267 1266 4333 ἅπαντας
1304 4271 1430 4333 τοὺς
1465 4270 1820 4332 συνελθόντας

253 4355 612 4426 ἀπηνέγκατο
637 4372 652 4387 ο
693 4356 745 4408 τί
775 4356 884 4427 γὰρ
922 4357 1240 4426 φιλαίτατον
1268 4357 1396 4412 ἄλλο
1417 4357 1538 4429 Θεῷ
1565 4358 1820 4429 ὁμονοίας

254 4447 348 4500 καὶ
375 4445 646 4514 ἐνὼσεως,
678 4447 846 4518 ἡνίκα
879 4449 912 4518 ἡ
946 4449 1143 4513 ἐνωσις
1181 4448 1257 4520 μὴ
1318 4449 1537 4520 ἐντολῆς
1582 4450 1716 4504 Θεοῦ
1745 4450 1821 4504 δι-

255 4537 465 4609 ίστησιν
485 4554 502 4604 ;

831 4651 1084 4708 ΚΕΦΑΛ.
1137 4656 1229 4721 ς’.

1916 1985 2136 2053 quando
2168 1987 2358 2040 sedato
2390 1987 2576 2043 furore
2608 2005 2697 2045 res
2748 1991 2801 2044 in
2865 1991 3062 2061 seipsis
3116 1993 3478 2056 :estimantur,

1918 2073 2016 2128 etsi
2047 2083 2278 2130 eatenus
2299 2076 2455 2130 aliter
2485 2078 2590 2132 sint
2626 2079 2812 2134 locuti.
2869 2079 3006 2134 Cum
3055 2083 3198 2134 enim
3258 2082 3480 2152 pacilica

1917 2164 2072 2221 lrene
2105 2167 2284 2222 denuo
2312 2172 2546 2238 coepisse
2602 2171 2895 2240 imperaret
2941 2182 2994 2227 et
3022 2173 3278 2227 extollere
3319 2181 3482 2242 atque

1917 2259 2141 2312 charum
2162 2260 2361 2316 habere
2389 2263 2566 2315 virum
2600 2274 2819 2333 propter
2849 2266 3210 2318 reverentiam
3275 2275 3477 2336 marty-

1919 2349 2012 2402 rici
2043 2350 2293 2416 decoris;
2339 2366 2603 2407 conversa
2639 2362 2766 2407 sunt
2802 2355 3010 2416 omnia,
3052 2368 3110 2409 ut
3133 2354 3270 2408 solet
3295 2355 3347 2408 iu
3384 2355 3482 2408 llu-

1919 2438 2123 2492 minum
2179 2455 2406 2494 recursu
2443 2441 2593 2508 ﬁeri;
2643 2451 2698 2497 et
2743 2442 2790 2497 si
2851 2444 2976 2512 quis
3014 2443 3269 2498 inimicus
3323 2455 3480 2499 antea

1918 2529 2114 2595 fuerat,
2144 2531 2196 2585 in
2233 2531 2470 2586 amicum
2503 2541 2558 2585 et
2582 2533 2917 2586 laudatorem
2955 2533 3265 2587 mutabatur
3298 2552 3311 2587 :
3344 2535 3482 2588 adeo

1917 2629 1977 2674 ut
2004 2621 2120 2690 ipse
2147 2620 2310 2674 etiam
2343 2631 2531 2676 custos
2563 2623 2802 2676 carceris
2835 2622 2981 2675 humi
3019 2631 3219 2676 stratus
3264 2625 3480 2676 veniam

1919 2719 2170 2779 posceret
2203 2725 2218 2762 :
2260 2707 2353 2763 sed
2392 2709 2528 2776 lapis
2559 2709 2895 2764 insensibilis
2938 2710 3187 2764 humana:
3216 2712 3482 2779 fragilita-

1920 2803 1988 2856 tis
2022 2815 2218 2870 passus
2244 2798 2436 2854 fuisset
2466 2799 2630 2854 citius
2667 2816 2830 2869 quam
2866 2802 2980 2870 ipse
3012 2815 3208 2854 novum
3247 2803 3481 2872 aliquem

1918 2901 2127 2947 motum
2181 2892 2234 2945 in
2271 2891 2338 2945 iis
2370 2906 2492 2960 qua:
2520 2889 2719 2944 fiebant
2741 2891 3190 2960 dicebanturque.

1986 2981 2383 3051 5|.Postquam
2415 2995 2541 3034 vero
2570 2982 2732 3035 etiam
2765 2997 2863 3036 nos
2893 2982 3214 3036 revertimus
3238 2982 3307 3035 ab
3337 2982 3484 3038 exsi-

1917 3077 2010 3140 lio,
2042 3076 2132 3129 alii
2159 3075 2379 3128 aliunde
2410 3083 2803 3128 concurrentes
2855 3082 3114 3142 tanquam
3183 3073 3314 3142 pulli
3382 3074 3484 3127 sub

1918 3172 2051 3235 alas,
2105 3168 2478 3238 sliectaculum
2513 3167 2849 3236 praebuimus
2903 3167 3122 3236 pietatis
3181 3166 3484 3221 cultoribus

1919 3258 2828 3329 admirandum.Conjungebantur
2857 3259 3021 3327 capiti
3091 3273 3194 3312 suo
3242 3258 3482 3316 membra

1918 3354 2355 3420 audiebaturque
2405 3352 2533 3405 illud
2561 3350 3107 3414 exclamantislsaize,
3143 3352 3400 3406 audacter
3430 3355 3482 3406 in

1919 3461 1977 3498 re
2014 3442 2265 3514 praesenti
2311 3439 2777 3511 pronuntiandum
2810 3456 2822 3491 :
2854 3438 2989 3493 Leva
3023 3441 3076 3493 in
3116 3441 3335 3493 circuito
3369 3457 3487 3494 ocu-

1917 3537 1994 3590 los
2058 3547 2172 3588 tuos
2217 3543 2266 3587 et
2293 3532 2448 3594 ride;
2493 3547 2667 3585 omnes
2710 3531 2802 3583 isti
2854 3532 3154 3601 congregati
3200 3541 3356 3595 sunt;
3397 3548 3486 3586 ve-

1919 3635 2100 3680 nerunt
2132 3626 2225 3679 tibi
2279 3625 2450 3678 sancti
2484 3624 2560 3676 tui
2609 3622 2672 3676 de
2707 3622 2859 3691 longe
2895 3624 2933 3654 “
2963 3641 2976 3677 :
3017 3632 3149 3676 tunc
3191 3622 3399 3679 videbis
3433 3634 3486 3679 et

1919 3717 2196 3788 gaudebis,
2269 3716 2623 3785 obstupesces
2656 3722 2710 3767 et
2759 3714 3023 3783 linqueris
3045 3715 3250 3768 animo.
3287 3713 3350 3768 Et
3373 3717 3490 3772 hanc

1918 3809 2136 3879 quidem
2169 3807 2256 3862 ille
2290 3826 2303 3862 :
2339 3823 2440 3876 ego
2473 3819 2602 3859 vero
2631 3805 2795 3859 etiam
2847 3805 2949 3858 hoc
2999 3805 3283 3868 addidero,
3337 3805 3484 3875 quod

1918 3899 2226 3971 patriarcha
2260 3897 2371 3969 (20)
2423 3898 2602 3950 virum
2643 3895 2908 3950 reveritus
2943 3895 2990 3949 ei
3020 3910 3078 3950 se
3121 3897 3484 3962 excusaverit,

1921 3993 2094 4061 ipsum
2128 3990 2192 4042 ad
2236 3989 2489 4042 unionem
2520 3988 2799 4053 inritans;
2854 4003 2977 4057 qua:
3043 3996 3095 4042 et
3128 3998 3313 4043 secuta
3380 4000 3484 4052 est,

1918 4085 2092 4154 ejecto
2121 4083 2190 4136 ab
2213 4081 2454 4136 Ecclesia
2475 4081 2565 4150 qui
2599 4081 2864 4135 moecham
2902 4090 3273 4145 corunaverat,
3311 4080 3375 4134 ad
3400 4081 3485 4135 fu-

1921 4174 2173 4246 giendam
2200 4174 2556 4234 discordiam,
2585 4187 2614 4225 a
2657 4187 2763 4241 qua
2792 4171 3162 4226 alienissimus
3209 4183 3328 4227 erat
3363 4187 3490 4226 sau-

1920 4276 2059 4332 ctus,
2091 4265 2342 4336 quamvis
2371 4261 2617 4318 victoriae
2645 4263 2858 4317 laudem
2874 4277 3057 4317 coram
3084 4271 3198 4318 toto
3224 4279 3486 4320 consessu

1921 4367 2222 4429 reportaret
2255 4376 2268 4410 :
2296 4355 2429 4410 nihil
2459 4355 2602 4409 enim
2637 4363 2744 4408 tam
2768 4355 2994 4409 charum
3031 4353 3140 4409 Deo
3187 4363 3273 4410 est
3322 4371 3485 4425 quam

1923 4450 2217 4508 concordia
2251 4457 2305 4503 et
2343 4448 2494 4514 unio,
2539 4447 2700 4502 modo
2733 4447 2826 4501 illa
2854 4448 2989 4501 nnio
3019 4447 3263 4502 divinam
3312 4447 3483 4519 legem

1848 4537 1902 4597 D
1930 4556 2035 4596 non
2068 4539 2349 4595 dissolvat.

2555 4648 2704 4704 car.
2759 4610 2850 4704 vi.

497 4763 556 4821 S.
614 4766 861 4822 Platonis
921 4768 1144 4823 reclusio
1205 4769 1671 4841 Constantinopoli
1704 4785 1724 4823 :
1779 4769 2066 4841 Nicephori
2099 4768 2432 4840 imperatoris
2473 4775 2656 4821 contra
2689 4769 2924 4823 eumdem
2951 4771 3234 4839 asperitas.

319 4859 421 4931 λβ⁹.
463 4859 627 4915 Ἀλλὰ
647 4861 700 4914 τί
729 4860 800 4914 τά
833 4862 970 4932 μετὰ
991 4863 1199 4931 mina;
1243 4865 1307 4918 'H
1336 4848 1558 4920 ἀπὸτοῦ
1598 4865 1818 4937 πρώτου

251 4953 672 5024 φροντιστηρίου
699 4953 1000 5024 μετάϐασις
1034 4957 1196 5027 ἡμῶν
1236 4958 1326 5013 διὰ
1364 4959 1425 5012 τὸ
1459 4958 1613 5023 ἔθνος
1643 4959 1706 5029 (i)
1741 4959 1820 5023 είς

323 5048 364 5079 ²¹
399 5047 504 5101 lsa.
544 5060 693 5112 XLIX,
727 5045 812 5101 18.

1997 4868 2088 4923 52.
2121 4865 2260 4933 Quid
2300 4873 2481 4919 autem
2518 4872 2639 4932 post
2662 4863 2810 4918 ista?
2865 4863 3094 4934 Propter
3129 4865 3304 4934 gentis
3360 4866 3483 4921 bar-

1927 4959 2074 5014 barae
2108 4956 2480 5012 incursionem
2510 4954 2621 5027 (2i)
2651 4969 2717 5010 ex
2769 4956 2936 5026 priori
3003 4958 3333 5014 monasterio
3377 4958 3483 5012 mi-

1761 5135 1993 5192 ΝΟΤᾹΞ.

322 5231 956 5305 (h)_Perpera_mAin_ms_.
1013 5233 1418 5305 παρανομίαις’
1475 5231 1612 5289 forte
1637 5231 1816 5305 legent

1918 5248 1928 5285 I
1965 5234 2084 5286 erat
2108 5230 2238 5301 παρ’
2260 5230 2489 5304 ἀνομίας
2516 5240 2729 5303 propter
2755 5231 3069 5300 iniustitiae,
3097 5234 3303 5292 scilicet
3333 5250 3485 5292 exse-

249 5300 495 5372 quendas
522 5300 616 5355 aut
644 5300 1028 5358 defendendas.

323 5372 386 5447 ςὶ)
426 5369 688 5439 Suspicor
743 5372 934 5447 deesse
977 5374 1222 5447 aliquid:
1263 5373 1494 5443 ideoque
1523 5372 1685 5447 verti,
1725 5383 1938 5447 propter
1962 5372 2406 5447 gentisbarbarar
2434 5374 2836 5447 incursionem.
2879 5372 3107 5447 S__irletus
3152 5374 3316 5428 vertit
3341 5377 3483 5447 genti

253 5440 400 5495 illius
425 5457 585 5495 causa
621 5457 640 5496 :
668 5441 760 5495 sed
801 5442 904 5498 boc
931 5440 1087 5513 atque
1120 5440 1418 5499 obscurum
1447 5452 1550 5504 est,
1580 5440 1874 5511 quia'nihil
1919 5440 2174 5512 praecedit
2194 5444 2260 5498 ad
2303 5444 2446 5514 quod
2498 5443 2765 5500 referatur
2792 5444 2853 5498 τὸ
2897 5444 3060 5497 illius.

324 5529 435 5601 (l9)
478 5531 637 5587 Anno
675 5533 778 5589 797
811 5537 1235 5605 comprehensus
1297 5545 1383 5592 est
1416 5535 1813 5591 Constantinus

252 5611 309 5656 et
329 5613 633 5675 excaecatus
657 5642 671 5667 ,
697 5615 756 5675 et
784 5607 944 5673 paulo
975 5614 1096 5675 post
1124 5605 1450 5660 exstinctus.

327 5669 439 5740 (20)
471 5671 519 5746 ιβ
552 5683 669 5727 erat
696 5669 990 5738 Tarasiusf
1010 5676 1104 5746 qui
1128 5678 1303 5745 primo
1351 5676 1566 5731 fortiter
1599 5675 1815 5731 restite-

255 5749 380 5812 rat;
406 5742 500 5796 sed
530 5752 736 5812 postea,
765 5742 1107 5800 metuens’ue
1129 5742 1556 5808 Constantinus,
1588 5746 1816 5800 libidine

259 5809 477 5879 ardens,
509 5809 821 5883 religionem
852 5815 1210 5872 orthodoxam
1240 5824 1528 5882 everteret,
1561 5816 1817 5872 dissimu-

1922 5534 2068 5588 labat
2097 5552 2112 5600 ;
2144 5534 2389 5600 pellicem
2422 5545 2600 5591 tamen
2637 5546 2892 5593 renuerat
2922 5550 3212 5592 coronare.
3243 5534 3483 5592 Consule

1921 5619 2040 5674 cap.
2081 5607 2110 5658 7
2143 5606 2278 5659 Vitae
2307 5606 2446 5674 ejus.

1996 5673 2107 5741 (2i)
2139 5676 2220 5729 οι)
2247 5673 2641 5730 Saracenorum
2681 5677 3069 5741 incursionem,
3114 5676 3181 5729 ad
3210 5684 3482 5730 monaste-

1923 5744 2063 5797 rium
2095 5744 2268 5798 Studii
2301 5746 2501 5799 dictum
2537 5747 2675 5800 intra
2711 5749 2898 5800 urbem
2925 5745 3259 5802 transierunt
3288 5763 3301 5801 :
3337 5746 3479 5802 sicut

1923 5814 2030 5869 late
2071 5815 2123 5868 iu
2160 5813 2277 5868 \‘ita
2311 5815 2366 5868 S.
2411 5814 2683 5870 Theodori
2717 5817 3036 5886 explicatur.
