4170 6504
669 429 773 492 835

1832 433 1890 491 S.
1932 430 2312 490 TllEODORI
2370 434 2711 494 STUDlT/E

3775 435 3878 498 836

674 540 946 611 gravimus
983 540 1326 612 Byzantium,
1382 541 1471 596 ubi
1543 541 1698 596 Pater
1742 553 1941 607 noster,
2000 546 2216 598 virtutis
2245 549 2321 602 Δί

2245 549 2289 602 Α
2319 545 2375 596 τὸ
2415 547 2729 610 Βυζάντιον,
2767 545 2896 598 ἔνθα
2940 546 3036 615 τὴν
3085 545 3461 616 ἐγκλειστικὴν
3499 547 3676 617 ζωὴν,
3712 547 3796 601 8ιά
3815 550 3875 600 τὸ

674 632 1112 696 amantissimus,
1191 648 1260 688 ne
1320 642 1607 702 cogeretur
1660 647 1935 686 resumere
1988 633 2224 686 habenas

674 722 953 792 regiminis
971 763 986 790 ,
1012 724 1171 777 vitam
1189 724 1454 778 reclusam
1473 723 1768 793 elcgit.Sed
1795 725 1916 778 vide
1948 724 2226 777 humilita-

675 814 742 865 tis
781 828 1009 867 summa:
1046 814 1367 868 admirabile
1414 818 1692 869 inventum
1727 832 1741 867 :
1795 824 1852 868 ut
1893 815 1994 868 sub
2027 815 2226 884 duplici

675 904 902 971 imperio
934 918 1042 958 non
1077 914 1321 960 maneret
1369 903 1680 960 fraternitas
1712 905 1846 974 (22),
1907 906 2227 960 obedientiae

667 993 800 1062 jugo
826 994 1054 1062 subjecit
1088 1010 1206 1050 sese
1240 997 1409 1050 divini
1467 997 1707 1049 imitator
1750 997 2002 1064 exempli,
2066 996 2227 1064 idque

674 1099 856 1135 coram
889 1082 1115 1137 testibus
1162 1083 1226 1136 ad
1263 1085 1362 1137 hoc
1415 1087 1772 1153 congregatis.
1830 1083 2079 1152 Nunquid
2127 1084 2226 1136 mi-

676 1175 844 1227 rabile
874 1183 957 1229 est
986 1175 1156 1228 filium
1191 1175 1296 1228 dici
1329 1191 1473 1239 eum,
1502 1176 1593 1244 qui
1634 1185 1782 1244 pater
1834 1186 1989 1228 antea
2055 1173 2228 1228 fuerat

676 1266 1018 1333 appellatus;
1052 1274 1105 1319 et
1136 1267 1352 1335 quidem
1414 1269 1529 1335 ejus
1565 1266 1754 1329 ﬁlium,
1812 1282 1971 1334 quem
2011 1267 2123 1334 ipse
2172 1266 2224 1318 in

677 1358 870 1426 spiritu
901 1358 1185 1426 genuerit?
1222 1358 1269 1411 ei
1305 1368 1483 1411 autem
1519 1358 1736 1426 subjici.
1773 1359 1864 1412 cui
1927 1367 2087 1410 antea
2124 1357 2227 1410 im-

675 1448 932 1516 peraret?
966 1448 1126 1514 idque
1177 1458 1298 1518 post
1320 1458 1466 1502 tanta
1498 1449 1793 1502 certamina
1843 1448 2134 1512 exantlata,
2174 1449 2226 1500 in

675 1539 870 1608 quibus
906 1539 988 1594 vel
1039 1539 1213 1594 solum
1247 1541 1488 1594 modeste
1517 1555 1574 1594 se
1602 1555 1790 1610 gerere
1833 1539 2074 1592 sutlicere
2137 1539 2228 1592 de-

680 1634 842 1687 hehat
872 1633 937 1686 ad
967 1632 1222 1687 laudem?
1256 1633 1400 1687 Fecit
1456 1635 1557 1687 hoc
1592 1633 1672 1686 vir
1727 1634 1814 1686 ille
1869 1631 2225 1692 admirabilis,

678 1736 787 1777 non
826 1723 1078 1777 simulate
1109 1735 1202 1776 aut
1235 1724 1394 1777 modo
1423 1724 1656 1793 quodam
1690 1722 2014 1783 adulterino,
2049 1722 2224 1774 solum

678 1830 873 1868 nomen
906 1814 1219 1882 relinquens
1268 1814 1509 1881 prmlato,
1581 1811 1676 1867 sed
1729 1811 1952 1865 omnino
2021 1810 2226 1876 integre

681 1908 990 1974 divineque.
1031 1906 1131 1959 Ubi
1160 1905 1302 1958 enim
1339 1903 1612 1958 confessio
1636 1913 1739 1965 est,
1773 1903 1883 1956 illic
1940 1907 1994 1953 et
2060 1899 2228 1953 confi-

680 1996 861 2051 dentia
895 2003 977 2050 est
1005 2012 1020 2061 ;
1053 2004 1108 2048 et
1143 1995 1234 2048 ubi
1273 1994 1620 2058 conﬁdentia,
1651 1993 1760 2048 illic
1789 1992 2078 2045 voluntatis
2132 1989 2228 2043 ab-

680 2087 913 2149 scissio;
939 2091 993 2139 et
1018 2083 1106 2137 ubi
1136 2081 1430 2138 voluntatis
1459 2081 1742 2148 abscissio,
1777 2081 1849 2135 ibi
1874 2089 1954 2135 est
1978 2075 2231 2148 perfectio

681 2176 1024 2230 ohedieutiae.
1060 2174 1258 2228 Harum
1297 2173 1515 2227 laudum
1549 2183 1714 2228 testes
1781 2181 1929 2236 sunt,
1993 2185 2227 2238 quorum

683 2282 852 2322 causa
884 2265 1086 2336 aliquid
1118 2266 1434 2335 postulavit.
1474 2263 1529 2318 Si
1559 2266 1699 2318 enim
1760 2279 1858 2331 pro
1913 2264 2095 2332 aliquo
2131 2263 2231 2317 sibi

683 2359 989 2429 propinquo
1023 2358 1233 2422 orabat,
1267 2368 1320 2411 et
1351 2358 1623 2427 postulata
1655 2357 1995 2425 impetraret.
2029 2355 2231 2424 gaude-

683 2449 776 2505 bat
803 2464 861 2503 se
886 2463 948 2502 ea
980 2447 1278 2502 obtinuisse
1305 2467 1319 2502 :
1378 2450 1424 2503 si
1458 2463 1654 2516 rogans
1685 2463 1790 2501 non
1818 2457 2236 2511 consequeretur

689 2542 880 2612 petita,
919 2555 1026 2592 non
1053 2554 1192 2608 a‘gre
1226 2539 1428 2593 ferebat
1461 2539 1720 2608 petitione
1751 2554 1847 2592 sua
1895 2553 1952 2592 se
2001 2537 2235 2591 frustra-

686 2639 801 2685 tum
833 2648 848 2694 ;
885 2629 1020 2683 nihil
1049 2629 1196 2683 aliud
1234 2641 1482 2698 spectans
1524 2643 1685 2698 quam
1749 2628 2033 2682 utilitatem
2084 2628 2236 2681 labo-

687 2721 884 2784 rantis,
914 2736 1020 2775 non
1051 2729 1111 2775 ut
1138 2735 1291 2774 suam
1347 2720 1590 2789 impleret
1642 2720 2000 2773 voluntatem.
2057 2715 2241 2774 Liceat

689 2812 821 2866 mihi
853 2811 1159 2865 exclamare
1207 2810 1518 2880 praphetica
1572 2824 1701 2864 voce
1730 2828 1745 2865 :
1780 2809 1891 2863 Heu
1929 2809 2044 2862 me!
2071 2819 2237 2877 pater,

687 2916 848 2972 quare
862 2902 1077 2970 genuisti
1098 2916 1176 2954 me
1196 2901 1236 2930 "
1257 2900 1280 2952 ?
1295 2915 1399 2953 non
1414 2900 1804 2954 verecundatus
1821 2908 2024 2968 patrem
2052 2913 2241 2953 vocare

690 3007 838 3056 eum,
872 2992 962 3061 qui
1025 3007 1130 3046 non
1150 3007 1300 3046 eram
1331 2991 1524 3060 dignus
1550 2989 2242 3056 vocariﬁliustuus.Quare

694 3083 760 3136 ad
799 3082 942 3137 hanc
977 3082 1292 3150 dignitatem
1319 3082 1552 3137 extulisti
1592 3097 1697 3146 me,
1725 3082 1816 3152 qui
1846 3097 2019 3150 neque
2059 3098 2242 3150 parere

2325 639 2425 699 τὰς
2451 639 2607 706 ἡνίας
2634 639 2709 707 μὴ
2748 638 2968 706 ὑπέχειν
2996 637 3096 707 τῆς
3129 637 3488 708 προστασίας,
3527 640 3555 690 ό
3590 639 3876 708 φιλάρετος

2326 725 2482 794 ἡμῶν
2519 726 2707 794 Πατὴρ
2734 725 3057 789 ἀσπάζεται.
3107 726 3248 779 Ἀλλ’
3281 728 3384 796 δρα
3421 727 3650 780 κάνθάδε
3697 745 3872 795 παρα-

2325 813 2474 877 δόξου
2524 816 2852 885 πράγματος
2893 818 3230 886 ἐπιτήδευμα
3260 833 3274 848 ·
3304 820 3384 870 ὅτι
3426 818 3513 871 διὰ
3549 817 3754 886 πλῆθος
3785 836 3878 871 τα-

2326 900 2654 964 πεινώσεως,
2686 904 2776 956 καὶ
2809 903 2870 956 τὸ
2899 903 2972 974 μὴ
3014 907 3091 966 είς
3146 903 3238 956 δύο
3290 904 3462 974 ἀρχάς
3492 905 3874 957 διαδλέπεσθαι

2324 994 2420 1063 τὴν
2448 994 2800 1064 ἀδελφότητα,
2831 995 2908 1065 τῷ
2934 994 3083 1064 ζυγῷ
3108 995 3206 1063 τῆς
3229 995 3504 1064 ὑποταγῆς
3524 995 3713 1047 ἑαυτὸν
3747 997 3876 1048 ὐπο-

2325 1083 2534 1152 τίθησιν
2567 1087 2594 1137 ό
2621 1085 2949 1154 θεομὶμητος
2975 1102 2988 1116 ο
3027 1085 3299 1138 καὶτοῦτο
3332 1085 3436 1136 ὑπὸ
3471 1086 3728 1155 μάρτυσι,
3766 1089 3877 1148 τοίς

2327 1177 2406 1238 είς
2445 1176 2575 1228 αὐτὸ
2619 1175 2775 1229 τοῦτο
2839 1177 3267 1246 συνεληλυθόσιν.
3298 1172 3421 1245 Ἆρ’
3469 1176 3561 1230 οὖν
3619 1177 3678 1228 οὐ
3729 1179 3876 1242 ξένον

2326 1267 2509 1319 τέκνον
2538 1269 2868 1337 χρηματίσαι
2901 1269 2988 1321 τὸν
3019 1270 3145 1337 πρὶν
3165 1268 3374 1339 πατέρα
3398 1268 3490 1320 τοῦ
3511 1263 3678 1337 οὗπερ
3714 1285 3875 1322 πνευ-

2330 1359 2569 1426 ματικῶς
2596 1361 2842 1428 ἡνεγκεν,
2901 1360 2993 1410 καὶ
3026 1359 3384 1410 ὑποτακτικὸν
3418 1360 3477 1411 τὸ
3521 1359 3747 1428 ἀρχικὸν
3781 1361 3873 1412 τοῦ

2326 1442 2495 1517 οὗπερ
2521 1444 2721 1519 ἦρξεν;
2761 1450 2832 1518 μὴ
2861 1451 2940 1502 ὅτι
2968 1466 3030 1516 γε
3088 1450 3225 1518 μετά
3277 1449 3544 1501 τοσούτων
3589 1450 3874 1518 προδιηνυ-

2331 1542 2545 1608 σμένων
2581 1541 2775 1605 ἄθλων,
2797 1536 2875 1603 οἷς
2905 1541 2964 1593 τὸ
2993 1539 3302 1610 μετριάζειν
3347 1541 3504 1609 μόνον
3532 1541 3760 1610 ἀρκετὸν
3799 1546 3874 1604 εἰς

2329 1632 2563 1685 ἔπαινον.
2582 1633 2737 1684 Ἀλλά
2754 1632 2828 1701 τῷ
2844 1651 2904 1699 γε
2922 1634 3232 1701 ἀξιαγάστῳ
3245 1632 3482 1694 εὐπετῶς
3501 1631 3874 1699 κατώρθωται.

2330 1724 2428 1776 οὐκ
2457 1725 2802 1785 ἐπιπλάστως
2831 1741 2944 1786 πως
3018 1725 3109 1777 καὶ
3153 1725 3571 1792 νενοθευμένως,
3605 1724 3677 1785 ὡς
3711 1724 3876 1794 ινομκ

2334 1815 2489 1884 μόνον
2533 1818 2879 1886 παραχωρεῖν
2931 1815 3218 1884 κρατοῦντι
3269 1815 3569 1883 πράγματι,
3617 1813 3750 1866 άλλά
3784 1816 3878 1868 καὶ

2329 1908 2445 1960 λίαν
2476 1906 2780 1976 εἰλικρινῶς
2806 1906 2898 1958 καὶ
2925 1905 3224 1975 θεοφρόνως
3245 1921 3259 1935 ο
3291 1900 3349 1958 οὗ
3381 1903 3488 1974 γάρ
3509 1904 3875 1972 ἐξαγόρευσις,

2329 1998 2445 2048 ἐκεῖ
2497 1998 2588 2048 καὶ
2632 1996 2975 2065 πεποίθησις,
3008 1996 3101 2047 καὶ
3147 1990 3206 2047 οὗ
3238 1994 3577 2058 πεποίθησις,
3625 1995 3742 2046 ἐκεῖ
3787 1998 3879 2048 καὶ

2330 2084 2472 2154 κοπὴ
2501 2085 2824 2154 θελήματος,
2859 2086 2949 2136 καὶ
2976 2079 3034 2136 οὗ
3065 2085 3206 2154 κοπὴ
3254 2084 3574 2153 θελήματος,
3604 2085 3718 2136 ἐκεῖ
3749 2086 3880 2138 ύπο-

2329 2177 2500 2244 ταγῆς
2534 2175 2827 2238 τελείωσις.
2857 2177 3142 2245 Μάρτυρες
3175 2176 3231 2229 δέ
3279 2175 3385 2227 τῶν
3420 2173 3875 2245 κατορθώματων,

2331 2261 2405 2320 ὧν
2456 2269 2549 2320 καὶ
2594 2269 2660 2320 τὰ
2699 2269 3012 2337 αίτήματα’
3051 2266 3317 2334 ἠντιϐόλει
3366 2267 3503 2337 ὑπὲρ
3547 2266 3641 2318 τοῦ
3688 2267 3878 2330 πέλας,

2335 2359 2428 2409 καὶ
2454 2357 2719 2427 ἐπιτυχὼν
2748 2357 2838 2411 τοῦ
2873 2357 2997 2426 αἰτή
3009 2373 3196 2424 ματος,
3233 2354 3448 2426 ἔχαιρεν
3478 2357 3598 2407 ἀντὶ⁸
3633 2354 3725 2406 τού
3755 2356 3883 2408 ἀποο

2334 2452 2609 2514 λαύοντος,
2637 2451 2862 2514 ἐξαιτῶν
2887 2450 2986 2502 οὐκ
3005 2449 3384 2518 ἐπετύγχανεν,
3411 2450 3504 2502 καὶ
3526 2449 3775 2517 ἀπρακτή
3787 2465 3880 2510 σας

2336 2544 2437 2595 ούκ
2462 2543 2865 2611 ἐδυσχέραινεν·
2897 2540 3030 2610 πρὸς
3059 2541 3115 2592 ἐν
3144 2541 3301 2609 μόνον
3347 2540 3664 2593 ἀποϐλέπων
3697 2540 3757 2591 τὸ
3789 2539 3880 2596 τοῦ

2339 2634 2636 2703 κάμνοντος
2657 2633 2951 2701 ὠφέλιμον,
2983 2632 3082 2700 οὐχ
3110 2632 3254 2695 ὅπως
3294 2631 3617 2684 ἐκτελέσειεν
3650 2630 3708 2683 τὸ
3761 2633 3886 2683 ἐαυ-

2337 2724 2428 2776 τοῦ
2459 2723 2686 2794 θέλημα.
2747 2724 2942 2792 Οτμοι,
3013 2725 3204 2794 πάτερ,
3237 2726 3542 2795 προφητικῇ
3583 2727 3732 2794 φωνῇ
3759 2766 3776 2790 ,
3805 2725 3885 2788 ὡς

2339 2819 2472 2870 τίνα
2518 2835 2594 2886 με
2651 2818 2869 2882 ἔτεκες,
2904 2817 3108 2886 πατέρα
3131 2817 3312 2870 καλεῖν
3353 2816 3427 2885 μὴ
3465 2817 3882 2885 αἰσχυνόμενος,

2337 2911 2427 2960 τὸν
2463 2908 2595 2977 μηδὲ
2629 2909 2741 2959 υἱόν
2781 2923 2873 2959 σου
2903 2907 3262 2977 ὀνομάζεσθαι
3307 2907 3557 2972 ἐπάξιον;
3591 2910 3682 2960 καὶ
3717 2909 3801 2958 ἵνα
3833 2907 3883 2956 τί

2344 3016 2407 3067 με
2444 3001 2520 3061 εἰς
2543 2999 2660 3051 τόδε
2697 2998 2756 3050 τὸ
2790 2998 3005 3065 ἀξίωμα
3033 2998 3345 3065 προήγαγες
3379 2997 3468 3048 τὸν
3504 2998 3776 3056 ἀδυνάτως
3797 2997 3888 3046 καὶ

2339 3088 2433 3142 τοῦ
2463 3088 2721 3158 ἄρχεσθαι
2747 3087 2932 3157 ἔχοντα
2957 3103 2971 3150 ;
2996 3081 3150 3138 Οἶδεν
3171 3086 3300 3149 Θεὸς
3327 3088 3420 3139 καὶ
3449 3087 3482 3157 ἡ
3504 3087 3570 3156 σὴ
3593 3088 3718 3154 ἀγία
3746 3087 3890 3154 ψυχὴ

689 3185 810 3226 sum
841 3170 1108 3225 idoneus?
1145 3169 1304 3224 Novit
1336 3170 1476 3224 Deus
1509 3179 1560 3223 et
1588 3179 1774 3223 sancta
1805 3169 1985 3222 anima
2023 3175 2112 3221 tua
2137 3171 2237 3222 hu-
2267 3183 2309 3240 ο

2267 3183 2309 3240 C
2341 3179 2429 3229 τὸν
2459 3179 2584 3246 περὶ
2606 3177 2793 3229 τούτου
2825 3175 3002 3242 λόγον,
3035 3177 3130 3226 καὶ
3157 3175 3232 3236 ὡς
3265 3175 3332 3227 τά
3380 3176 3519 3246 ὑπὲρ
3560 3175 3787 3243 δύναμιν
3814 3173 3889 3224 οἶ-

686 3261 776 3333 ]us
860 3262 937 3315 rei
1002 3262 1290 3326 rationem,
1337 3270 1390 3315 et
1425 3260 1568 3331 quod
1630 3259 1868 3314 amicitia
1923 3274 2016 3313 seu
2063 3261 2242 3328 potius

691 3351 996 3409 obedientia
1070 3352 1242 3406 latura
1323 3351 1394 3405 sit
1479 3349 1762 3419 plusquam
1843 3349 1984 3402 vires
2033 3349 2242 3417 patien-

696 3452 806 3508 tur,
837 3453 896 3498 ut
927 3443 1074 3498 brevi
1112 3442 1278 3497 verbo
1311 3448 1483 3495 totam
1542 3440 1629 3493 hic
1690 3439 2095 3494 excusationem
2150 3451 2246 3506 po-

696 3550 843 3589 nam.

766 3626 851 3680 55.
897 3622 1001 3679 Sed
1032 3622 1406 3678 revertendum
1442 3627 1526 3678 est
1579 3621 1647 3677 ad
1708 3623 2040 3692 propositam
2089 3621 2247 3678 nobis

697 3715 1086 3771 narrationem.
1118 3713 1487 3768 Claudebatur
1527 3702 1682 3768 Pater
1713 3729 1727 3766 :
1757 3714 1893 3767 cella
1938 3722 2114 3767 autem
2149 3728 2247 3767 an-

699 3806 1012 3878 gustissima
1043 3814 1182 3868 erat,
1211 3813 1264 3859 et
1289 3805 1470 3858 aetatis
1511 3813 1756 3872 tempore
1783 3805 1917 3856 adeo
1942 3803 2137 3866 calida,
2192 3812 2251 3858 ut

699 3897 868 3950 altera
902 3894 1230 3964 Babylonica
1259 3892 1450 3947 fornax
1478 3893 1771 3957 videretur,
1808 3904 2023 3962 propter
2047 3895 2254 3947 inflant-

701 3987 994 4042 mationem
1023 3986 1224 4056 plumbi
1259 4000 1368 4055 quo
1389 3985 1700 4055 tegebatur;
1732 3994 1942 4038 tantum
1974 4001 2100 4039 vero
2150 3988 2247 4039 ab-

700 4087 822 4134 erat
851 4090 909 4133 ut
945 4093 1009 4132 eo
1039 4077 1420 4141 offenderetur,
1449 4083 1506 4129 ut
1530 4092 1560 4131 e
1605 4087 1791 4130 contra
1824 4089 2003 4131 oraret
2049 4078 2256 4132 instan-

703 4180 807 4234 ter,
843 4169 1000 4224 talem
1026 4169 1378 4238 imposterum
1402 4168 1506 4222 sibi
1539 4169 1742 4222 servari
1779 4171 2041 4236 requiem,
2071 4184 2256 4222 amore

703 4262 905 4317 scilicet
961 4261 1197 4314 laborem
1234 4260 1568 4323 sublevante,
1621 4267 1673 4312 et
1701 4274 1795 4327 spe
1838 4261 1977 4312 bona
2027 4259 2257 4314 difficul-

704 4363 869 4408 tatem
899 4361 1226 4406 extenuante
1253 4367 1266 4403 :
1300 4366 1362 4405 ex
1409 4350 1606 4419 quious
1634 4348 1845 4404 duobus
1869 4351 2133 4420 capitibus
2151 4351 2257 4404 vir-

711 4452 851 4497 tutes
886 4443 1096 4496 eximia:
1125 4441 1293 4495 robur
1346 4441 1639 4510 accipiunt.
1697 4438 1892 4494 Verum
1921 4456 2095 4510 neque
2155 4442 2259 4496 hoc

2346 3286 2426 3321 σει
2457 3269 2626 3335 φιλία,
2660 3267 2756 3320 εἶτ’
2788 3263 2878 3320 οὖν
2904 3267 3134 3337 ὑπακοὴ,
3175 3267 3240 3318 ἵν’
3273 3266 3331 3320 ἐν
3375 3266 3566 3337 βραχεῖ
3613 3266 3754 3335 λόγῳ
3797 3264 3892 3335 τὴν

2344 3361 2639 3429 ἀπολογίαν
2669 3358 2899 3413 ἐνταῦθα
2923 3357 3128 3428 θείημι.

2419 3619 2520 3691 λγ’.
2569 3621 2706 3674 Ἀλλ’
2734 3621 3014 3674 ἐπανιτέον
3063 3620 3142 3682 εἰς
3183 3619 3241 3672 τὸ
3286 3616 3661 3688 προκείμενον.
3707 3614 3896 3680 Ἐγκέο

2349 3714 2563 3767 κλειστο
2593 3716 2620 3768 ό
2651 3713 2856 3784 Πατὴρ,
2902 3711 2994 3764 καὶ
3026 3711 3058 3780 ἡ
3093 3709 3365 3780 κάθειρξις
3410 3707 3775 3776 σμικροτάτη,
3809 3706 3898 3756 καὶ

2351 3805 2599 3859 τοσοῦτον
2633 3806 2691 3858 ἐν
2719 3804 2867 3874 θέρει
2925 3802 3255 3870 θαλπομένη,
3287 3801 3360 3861 ὡς
3411 3799 3574 3867 ἀλλην
3605 3793 3744 3850 εἶναι
3773 3797 3901 3848 ταύ-

2353 3913 2452 3966 την
2475 3896 2703 3965 κάμινον
2734 3894 3041 3960 Χαλδαῖκὴν
3076 3894 3138 3943 ἐκ
3157 3889 3255 3958 τῆς
3286 3889 3642 3957 ἐκπυρώσεως
3675 3887 3773 3955 τῆς
3807 3899 3899 3956 μοι

2355 3985 2592 4054 λιὸδίνης
2628 3985 2858 4052 στέγηςο
2886 3985 2914 4034 ό
2937 3983 2991 4033 δὲ
3034 3979 3286 4033 τοσοῦτον
3331 3977 3586 4046 ἀπείχετο
3627 3979 3898 4040 ἀνιᾶσθαι,

2355 4077 2427 4138 ὼς
2457 4076 2621 4145 εὐχὴν
2659 4072 2935 4143 εύχεσθαι,
2960 4066 3287 4141 τηλικαύτην
3321 4069 3467 4138 αὐτῷ
3491 4069 3791 4121 ἀνάπαυσιν
3825 4069 3902 4128 εἰς

2356 4167 2416 4217 τὸ
2448 4164 2637 4234 μέλλον
2669 4159 3044 4232 ταμιεύεσθαι,
3085 4159 3176 4213 τοῦ
3221 4158 3382 4211 πόθου
3423 4158 3514 4210 τὸν
3566 4158 3732 4210 κόπον
3777 4172 3904 4208 κου-

2359 4256 2622 4324 φίζοντος,
2650 4255 2744 4306 καὶ
2774 4253 2871 4322 τῆς
2902 4252 3114 4314 ἐλπίδος
3163 4247 3558 4319 εύμαριζούσης
3595 4247 3692 4315 τὴν
3721 4246 3906 4314 δυσχέ⁴

2361 4365 2530 4416 ρειαν,
2565 4343 2623 4410 ἐξ
2653 4338 2727 4398 ὧν
2751 4349 2805 4398 αἱ
2831 4343 3061 4414 μεγάλαι
3081 4343 3271 4412 ἀρεταὶ
3291 4341 3383 4393 καὶ
3405 4339 3664 4391 πολιτεῖαι
3682 4339 3741 4389 τὸ
3769 4337 3904 4406 κρά-

2361 4458 2448 4504 τος
2468 4439 2697 4510 ἐχουσιν.
2717 4431 2838 4491 Οὐδ’
2861 4435 3002 4489 οὕτω
3030 4433 3190 4488 πάλιν
3211 4430 3560 4503 ἀρκούμενος,
3579 4432 3606 4482 ό
3627 4428 3906 4496 φιλόπονος

711 4533 1008 4589 sufficiebat
1040 4533 1154 4585 viro
1193 4533 1436 4586 laborum
1483 4531 1774 4600 appetenti,
1842 4533 1934 4587 sed
1995 4517 2328 4588 instanterc

2259 4517 2328 4576 λε
2366 4533 2501 4586 ἀλλὰ
2536 4532 2672 4600 τόνῳ
2711 4531 2808 4600 μὲν
2838 4526 2956 4588 ταῖς
2979 4525 3163 4596 χερσὶν
3194 4521 3683 4593 ἐργαςόμενος,καὶ
3712 4519 3906 4588 πολλῆς

710 4624 1036 4694 Operabatur
1061 4623 1310 4677 manibus
1337 4622 1465 4684 illis,
1497 4637 1564 4676 ex
1587 4621 1786 4692 quibus
1820 4624 2002 4677 multa:
2031 4625 2260 4679 virtutes

712 4714 1094 4785 procedebant.
1123 4712 1423 4768 Instantius
1465 4721 1646 4767 autem
1695 4713 2028 4768 meditationi
2067 4715 2264 4770 divinae

711 4806 850 4861 dans
879 4821 1118 4875 operam,
1149 4813 1204 4859 et
1247 4804 1492 4874 quotidie
1526 4803 1786 4859 adversus
1818 4807 2026 4861 hostem
2078 4807 2264 4862 decer-

717 4907 835 4952 tans
868 4912 1034 4967 seque
1069 4897 1291 4950 utilitati
1319 4896 1571 4950 Fratrum
1610 4896 1905 4952 ferventius
1938 4908 2151 4968 aptans,
2174 4916 2264 4954 so-

716 4991 928 5046 lahatur
961 4997 1232 5053 mmstum,
1257 4989 1591 5044 deﬁcientem
1647 4989 1967 5056 instruebat,
2027 4992 2267 5061 erigebat

719 5084 951 5151 lapsum,
1026 5079 1257 5136 leniebat
1341 5090 1743 5151 exasperatum,
1798 5098 1964 5152 seque
2019 5087 2268 5153 patientis

717 5172 1093 5226 conformabat
1134 5171 1454 5237 conditioni,
1493 5173 1730 5242 optimus
1753 5175 2058 5228 animarum
2097 5178 2268 5230 medi-

717 5279 813 5317 cus
855 5272 909 5317 et
951 5263 1318 5318 curandarum
1353 5264 1668 5334 passionum
1725 5266 2106 5334 peritissimus.
2161 5266 2265 5322 Sed

720 5370 896 5424 neque
926 5356 1025 5409 hoc
1065 5355 1489 5424 praetermisero,
1549 5358 1806 5410 memoria
1839 5357 2024 5426 utique
2070 5359 2274 5428 dignis-

717 5445 945 5508 simum,
981 5445 1130 5516 quod
1161 5453 1409 5501 catenam
1443 5447 1674 5501 ferream
1728 5447 1862 5504 satis
1911 5450 2270 5518 ponderosam

793 5583 835 5613 "
859 5581 1054 5637 Jerem.
1088 5595 1173 5645 xv,
1205 5579 1287 5636 10.

2363 4625 2638 4691 δυνάμεως
2661 4619 2788 4690 παρ’
2811 4619 2998 4679 αύταίς
3039 4615 3412 4686 ἐξερχομὲνης,
3457 4611 3812 4682 εὐτονώτερον
3855 4610 3909 4662 δὲ

2364 4716 2430 4783 τῇ
2460 4711 2578 4781 θεία
2603 4711 2800 4780 μελέτῃ
2831 4707 3200 4776 ἐπειγόμενος,
3235 4705 3326 4757 καὶ
3353 4701 3636 4756 πυκτεύων
3663 4702 3796 4772 πρὸς
3821 4701 3910 4754 τὸν

2366 4804 2624 4869 πολέμιον
2641 4802 2914 4858 ἑκάστοτε,
2936 4798 3262 4867 θερμότερον
3284 4795 3338 4847 δέ
3357 4796 3491 4866 πρὸς
3519 4794 3616 4862 τὴν
3637 4792 3744 4844 τῶν
3765 4791 3909 4845 ἀδελ·

2368 4895 2482 4964 φῶν
2537 4893 2721 4965 χρείαν
2763 4889 3186 4960 παριστάμενος,
3212 4888 3304 4939 καὶ
3347 4886 3436 4937 τὸν
3478 4884 3574 4954 μὲν
3599 4882 3909 4953 θεραπεύων

2369 4985 2723 5056 λυπούμενον,
2755 4983 2846 5036 τὸν
2875 4981 2930 5035 δέ
2955 4978 3294 5050 ψυχαγωγῶν
3327 4976 3666 5038 ἐκλείποντα,
3704 4976 3797 5025 καὶ
3821 4973 3912 5026 άλ-

2370 5079 2458 5132 λον
2485 5073 2798 5146 ἐπανορθῶν
2825 5072 3254 5134 καταπίπτοντα,
3293 5067 3383 5120 καὶ
3414 5068 3496 5119 ἐτε
3507 5083 3597 5135 ρον
3615 5065 3910 5132 γλυκαὶνων

2374 5169 2813 5241 πικραινόμενον,
2841 5165 2934 5218 καὶ
2961 5165 3027 5234 τῇ
3047 5159 3138 5215 τοῦ
3173 5161 3467 5228 πάσχοντος
3513 5156 3622 5220 ἔξει
3671 5170 3911 5222 συμμορ-

2373 5263 2658 5333 φούμενος,
2684 5261 2714 5313 δ
2751 5257 3032 5325 πολυειδὴς
3073 5255 3275 5316 ἐκεῖνος
3331 5250 3436 5302 τῶν
3478 5246 3662 5316 ψυχῶν
3717 5246 3911 5315 ἰατρὸς.

2373 5357 2467 5409 καὶ
2494 5350 2805 5422 θεραπεύων
2837 5349 3031 5418 ἄριστα
3055 5345 3178 5407 τοὺς
3201 5343 3524 5412 πάσχοντας.
3554 5337 3686 5390 οὐδὲ
3746 5338 3914 5387 ἐκεῖνο

2377 5443 2779 5516 παραλείψομαι
2813 5437 3301 5507 ἀξιομνημόνευτον
3331 5430 3612 5500 τυγχάνον,
3629 5429 3711 5481 ὅτι
3733 5425 3914 5480 ἅλυσιν

2213 5669 2438 5728 ΝΟΤιΕ.

798 5788 910 5860 (~22)
949 5785 1242 5845 Monachus
1279 5786 1344 5843 ad
1373 5785 1558 5844 decem
1587 5784 1860 5842 centurias
1883 5785 2268 5855 prepemodum
2311 5783 2626 5849 accessisse,
2655 5781 2820 5836 tradit
2845 5781 3030 5836 eadem
3062 5777 3198 5832 Vita.
