4170 6508
294 432 396 499 837

956 435 1236 496 ORATIO
1273 435 1377 495 XI.
1411 461 1475 471 -
1504 434 1881 495 LAUDATIO
1923 434 1982 493 S.
2026 433 2393 493 PLATONIS
2440 433 2867 496 HEGUMENI.

3413 439 3518 503 838

295 548 604 622 σιδηραίαν,
635 547 825 620 ἱκανὴν
853 549 930 621 τῷ
960 551 1139 622 βάρει,
1188 552 1267 623 τῷ
1319 550 1441 605 ποδὶ
1489 551 1752 621 περιθεὶς,
1776 552 1853 603 ὲν-

1885 549 2079 620 Apedi
2138 550 2579 618 circnmponens,
2647 547 2700 601 in
2751 545 2843 601 tali
2913 544 3096 602 labore
3159 553 3521 617 perseverarit

292 643 577 713 εκαρτέρει
607 644 719 705 τοῖς
745 641 928 705 πόνοις
966 642 1085 712 (καὶ
1112 644 1172 697 τὸ
1208 642 1449 707 κοπῶδες
1479 644 1623 708 ὅσον,
1644 643 1706 695 τὸ
1737 642 1855 712 μεθ’

291 732 493 802 ἑαυτῆς
535 732 847 796 καθεύδειν,
880 732 1018 803 ὁμοῦ
1071 750 1131 787 τε
1165 734 1527 805 ἐγρηγορέναι
1567 733 1660 787 καὶ
1688 733 1857 803 ἐργά-

291 823 501 887 ζεσθαι,
545 826 777 895 συνορᾷν
818 824 1026 890 ἔξεστιν
1070 824 1149 896 τῷ
1187 825 1490 896 ἀρτίφρονι)
1521 825 1622 878 οὐκ
1653 824 1857 877 ἐπιδειο

290 915 460 969 κτιῶν
492 914 590 986 τὴν
617 917 913 988 κάθειρξιν,
943 917 1051 971 οὐδ’
1074 918 1137 971 οὐ
1172 919 1278 990 μὴν
1310 917 1491 988 αύχῶν
1518 918 1617 989 τὴν
1659 916 1858 988 πρᾶξιν

290 1007 367 1071 ὡς
395 1008 596 1079 ἀρετῆς
625 1011 1006 1081 ἑργαστήριον,
1036 1012 1157 1065 κατ’
1186 1011 1392 1065 ἐκεῖνόν
1438 1027 1543 1063 που
1590 1008 1680 1062 τὸν
1726 1008 1856 1062 Χεί-

293 1114 441 1168 ρωνα
471 1099 532 1151 τὸ
566 1100 887 1154 Θετταλικὸν
920 1101 1114 1174 ἄντρον
1163 1102 1414 1155 οἰκοῦντα
1458 1100 1666 1170 (πόρρω
1690 1099 1800 1170 γὰρ
1826 1099 1855 1152 6

288 1188 529 1261 ἀθλητὴς
553 1189 661 1257 ζτοῦ
710 1191 958 1262 πάθους)·
1003 1191 1138 1246 ἀλλὰ
1177 1191 1274 1261 τὴν
1317 1191 1415 1259 μὲν
1447 1181 1753 1255 εὖτελίζων,
1780 1189 1856 1249 ὡς

289 1279 351 1333 οὗ
385 1280 705 1352 Θεραπεύων
733 1281 898 1348 ἀξίως
921 1282 1016 1353 τὴν
1047 1282 1105 1335 δὲ
1151 1281 1365 1352 κρύψας
1400 1279 1568 1354 τέχνῃ
1604 1298 1856 1335 ταπεινοο

291 1372 590 1443 φροσύνης,
642 1374 735 1427 καὶ
793 1373 989 1444 μικροῦ
1050 1373 1227 1428 λαθὼν
1282 1375 1549 1438 ἅπαντας,
1614 1376 1719 1437 ἕως
1767 1374 1854 1427 ὅτε

290 1464 576 1534 προελθὼν
613 1465 714 1535 τῆς
739 1464 933 1536 κέλλης
956 1464 1043 1518 διὰ
1080 1465 1284 1537 Κύριον
1304 1509 1319 1533 ,
1350 1467 1612 1539 ἐγνώρισε
1654 1467 1748 1520 καὶ⁵
1780 1465 1853 1535 μὴ

292 1552 639 1622 βουλόμενος.
691 1552 829 1624 Περὶ
888 1553 985 1624 μὲν
1033 1554 1239 1609 τούτων
1289 1556 1427 1622 ἅλις,
1461 1555 1737 1625 φιλοῦντος
1758 1553 1853 1608 τοῦ

289 1642 563 1712 ἀκροατοῦ
592 1643 653 1695 τὸ
687 1643 929 1714 μέτριον,
967 1646 1061 1699 καὶ
1081 1646 1179 1698 οὐκ
1212 1646 1573 1718 εὐποροῦντος
1596 1646 1692 1701 τοῦ
1721 1646 1857 1718 γράρ

291 1748 486 1800 φοντος
519 1732 802 1802 ἑξηγορεῖν
840 1733 1261 1805 πλουσιώτερον.

364 1822 457 1875 λδ¹.
504 1822 721 1894 Ἐπειδὴ
739 1822 795 1877 δὲ
815 1824 1026 1879 ἀπεϐίω
1050 1826 1079 1877 6
1093 1826 1393 1891 τηνικαῦτα
1415 1825 1555 1889 θεῐος
1571 1824 1849 1897 πρόεδρος,

290 1914 537 1986 ζητεῖται
563 1914 741 1986 ψῆφος
762 1917 1283 1986 πατριαρχήσοντος,
1312 1917 1405 1970 καὶ
1432 1916 1499 1970 τὰ
1523 1916 1849 1989 ψηφίσματα

289 2006 387 2060 επὶ
412 2005 640 2069 πολλοὺς
662 2007 711 2059 οί
743 2006 950 2069 πολλοὶ,
977 2006 1053 2070 ὡς
1081 2007 1308 2069 ἕκαστος
1336 2004 1478 2078 εῖχεν
1494 2009 1636 2063 κατὰ
1665 2009 1849 2080 φιλίαν

286 2095 322 2165 ἢ
355 2094 652 2165 ἀλήθειαν·
688 2093 931 2166 ζητεῖται
984 2094 1079 2148 καὶ
1122 2094 1270 2165 παρὰ
1312 2095 1405 2148 τοῦ
1458 2096 1702 2168 Πατρὸς,
1752 2098 1851 2169 οὐχ

288 2184 398 2237 ὑπὸ
418 2183 525 2236 τῶν
573 2184 671 2253 τῆς
738 2182 1035 2255 ἱερωσύνης
1075 2184 1234 2252 μόνον
1273 2185 1560 2255 ὲγκρίτων,
1595 2187 1711 2241 ἀλλ’
1748 2188 1849 2259 ήδη

287 2277 387 2329 καὶ
410 2274 546 2345 πρὸς
568 2273 729 2327 αὐτοῦ
763 2273 855 2328 τοῦ
884 2274 1276 2344 βασιλεύοντος.
1309 2277 1372 2329 Τί
1389 2274 1482 2331 οῦν
1507 2278 1633 2345 ἔδει,
1656 2280 1700 2332 ὣ
1719 2281 1851 2351 πρὸς

286 2366 394 2434 τῆς
424 2364 680 2435 ἀληθείας
708 2364 880 2434 αὐτῆς
905 2383 919 2430 ;
953 2366 1073 2436 οὐχὶ
1095 2369 1186 2419 τὸν
1220 2368 1454 2421 τοσαῦτα
1478 2369 1615 2442 ὑπὲρ
1633 2370 1725 2425 τοῦ
1748 2389 1850 2425 κα-

286 2455 386 2510 λοῦ
429 2456 798 2522 ιναθλήσαντα
830 2455 924 2509 καὶ
969 2456 1351 2526 ὴκριὸωμένου
1386 2458 1500 2529 βίου
1551 2463 1666 2525 τοῖς
1716 2464 1849 2516 πᾶσι

288 2546 457 2614 νόμον
491 2547 868 2619 προκείμενον,
900 2546 1330 2616 ἀψευδῶςείτ.εἴν
1365 2550 1460 2622 τὴν
1503 2551 1727 2608 ἐνοῦσαν
1761 2554 1853 2608 αύ-

287 2640 370 2706 τῷ
392 2637 649 2704 διάθεσιν,
682 2636 819 2707 πρὸς
846 2638 908 2691 τὸ
960 2641 1112 2710 κοινῇ
1170 2641 1447 2713 συμφέρον
1505 2644 1848 2712 σκοποῦντας

290 2730 393 2794 Οὐ,
416 2730 577 2798 φασὶν
602 2730 651 2783 οί
678 2730 745 2784 τά
768 2730 975 2783 ἐκείνου
996 2728 1336 2793 σκώπτοντές
1355 2750 1414 2786 τε
1443 2736 1537 2787 καὶ
1562 2735 1852 2804 διαγελῶν-

288 2836 404 2883 τες,
433 2819 545 2872 ἀλλ’
575 2819 609 2889 ἢ
636 2819 732 2889 τὴν
785 2818 1007 2885 ἄγνοιαν
1046 2820 1491 2893 προδαλέσθαι,ἢ
1520 2828 1632 2888 τοῖς
1664 2825 1854 2900 ἐπιζη-

288 2911 492 2977 τήσασι
519 2908 918 2980 παραχωρῆσαι
949 2909 1009 2962 τὸ
1039 2909 1300 2981 ψήφισμα
1322 2927 1336 2942 ο
1368 2912 1515 2967 ἐστιν
1553 2914 1632 2979 δὲ,
1665 2916 1726 2970 τὸ
1754 2917 1852 2987 μὲν

290 2999 555 3071 πρότερον
577 2999 790 3069 ψεῦδος,
816 3000 876 3052 τὸ
902 2999 958 3053 δὲ
980 3000 1232 3071 δεύτερον
1263 3003 1570 3074 ὑπόκρισις,
1621 3008 1711 3059 καὶ
1742 3010 1852 3078 ἀμ-

290 3092 498 3161 φότερα
522 3090 862 3144 ἀπόπτυστα.
897 3090 953 3144 '0
986 3092 1086 3162 μὲν
1118 3089 1212 3148 οῦν
1243 3094 1347 3165 τὴν
1375 3095 1553 3165 ψῆφον
1584 3098 1845 3154 ἔστειλεν·

285 3184 352 3236 τὺ
401 3183 458 3236 δὲ
499 3182 582 3251 ἐφ’
612 3184 753 3251 ὅτῳ,
801 3184 960 3255 παρῶ
1008 3184 1186 3254 λέγειν
1212 3202 1230 3218 ο
1280 3187 1589 3242 ἐπέστειλεν
1626 3190 1669 3244 δ’
1704 3192 1853 3261 ὅμως

288 3273 365 3337 ὡς
392 3273 496 3326 ὑπὸ
516 3272 633 3343 Θεῷ
665 3274 922 3345 μάρτυρι.
962 3276 1073 3329 Καὶ
1096 3276 1146 3328 οί
1212 3276 1309 3346 μὲν
1353 3279 1605 3349 ἀσμένως
1638 3279 1854 3347 ἐδέξαν-

286 3382 372 3430 το,
404 3366 503 3418 οὐκ
530 3360 629 3420 οἶδ’
671 3366 839 3438 ὁποίῳ
871 3367 1055 3439 τρόπῳ
1085 3367 1479 3438 βεϐαιώσαντες
1502 3370 1562 3425 τὸ
1582 3373 1851 3445 γράμμα’

286 3462 318 3513 6
354 3460 411 3513 δὲ
441 3458 621 3514 λαϐὼν
664 3459 1010 3527 ἀπεσείσατο,
1069 3462 1433 3531 μετακυλίσας
1470 3463 1545 3528 ὡς
1596 3467 1656 3520 ὲν
1702 3466 1852 3539 κύϐῳ

286 3550 391 3614 τὰς
421 3551 658 3621 ψήφους.

1964 647 2148 717 (quam
2180 656 2361 698 autem
2401 642 2690 697 molestum
2724 639 2888 695 fuerit
2916 656 3040 696 cum
3072 641 3339 710 ejusmodi
3395 645 3519 699 vin-

1960 736 2086 792 culo
2104 735 2363 799 dormire,
2381 733 2874 806 vigilare.operari,
2896 734 3049 789 facile
3075 746 3296 805 apparet
3317 736 3519 791 intelli-

1962 829 2159 898 genti),
2199 828 2360 896 idque
2385 844 2494 882 non
2521 838 2580 881 ut
2605 827 2910 883 clausuram
2945 834 3264 891 ostentaret,
3309 837 3401 883 aut
3429 845 3520 883 ve-

1963 916 2041 971 lut
2061 916 2278 970 virtutis
2315 914 2580 969 ofﬁcinam
2614 914 2864 983 jactaret.
2902 913 3177 980 quomodo
3209 912 3407 966 Cbiron
3430 914 3518 968 ille

1962 1019 2180 1064 antrum
2246 1007 2623 1063 Thessalicum
2682 1006 2931 1061 habitans
2977 1005 3155 1073 (longe
3215 1004 3360 1058 enim
3391 1004 3519 1057 abe-

1962 1112 2046 1156 rat
2082 1116 2111 1155 a
2172 1100 2262 1155 tali
2326 1100 2504 1167 vitio),
2548 1097 2641 1153 sed
2696 1098 2949 1150 virtutem
3007 1096 3223 1165 quidem
3253 1105 3518 1149 extenua-

1961 1194 2074 1261 hat,
2119 1203 2177 1248 ut
2209 1194 2301 1263 qui
2333 1208 2452 1248 eam
2487 1208 2602 1270 non
2640 1199 2801 1261 prout
2832 1205 2928 1259 par
2953 1199 3069 1244 erat
3096 1191 3299 1243 coleret
3327 1206 3342 1256 ;
3372 1197 3519 1244 cate-

1961 1302 2086 1342 nam
2131 1301 2259 1340 vero
2288 1284 2657 1339 abscondebat
2686 1281 2977 1337 artificiosa
3004 1282 3331 1345 humilitate,
3381 1282 3515 1334 adeo

1961 1386 2021 1431 ut
2060 1376 2175 1431 fore
2208 1384 2436 1431 cunctos
2490 1373 2699 1437 lateret,
2742 1371 2927 1442 quoad
2985 1384 3015 1425 e
3071 1372 3210 1425 cella
3266 1385 3519 1439 egressus

1961 1479 2179 1536 propter
2212 1464 2497 1519 Dominum
2529 1480 2544 1530 ;
2581 1478 2701 1518 eam
2729 1462 2815 1517 vel
2855 1462 3057 1516 inritus
3088 1458 3364 1529 patefecit.
3414 1458 3520 1513 Ve-

1960 1572 2081 1612 rum
2138 1556 2203 1611 de
2234 1555 2318 1610 his
2350 1568 2497 1609 nunc
2537 1552 2692 1615 satis,
2737 1565 2863 1605 cum
2890 1558 2944 1603 et
2966 1547 3181 1602 auditor
3223 1546 3516 1601 rnediocri-

1960 1656 2123 1701 tatem
2155 1652 2319 1708 amet,
2352 1651 2404 1697 et
2438 1642 2674 1711 scriptor
2712 1654 2821 1695 non
2855 1638 3096 1693 abundet
3143 1636 3403 1691 facultate
3428 1649 3516 1690 res

1959 1733 2238 1803 copiosius
2269 1730 2586 1784 cnarrandi.

2032 1822 2119 1877 '54.
2168 1821 2405 1891 Contigit
2432 1828 2609 1874 autem
2649 1834 2712 1873 ex
2740 1818 2841 1872 hac
2869 1818 2976 1871 vita
3020 1818 3253 1888 migrare
3272 1815 3511 1871 divinum

1878 1898 1925 1957 Β
1954 1911 2073 1982 ejus
2109 1911 2369 1981 temporis
2417 1908 2779 1980 patriarcham
2803 1907 2938 1977 (23),
2970 1922 3206 1975 cumque
3238 1906 3304 1961 de
3333 1906 3517 1961 futuro

1956 2003 2191 2058 Praesule
2242 2003 2525 2057 sententia:
2549 2000 2971 2069 postularentur,
3001 2013 3182 2069 eaeque
3212 1998 3515 2053 divideren-

1957 2105 2045 2151 tur
2067 2095 2120 2149 in
2138 2093 2359 2157 multos,
2384 2091 2788 2162 proutquisque
2808 2090 2890 2145 vel
2912 2090 3207 2144 amicitiam
3224 2089 3304 2144 vel
3333 2103 3514 2142 veram

1957 2188 2210 2244 Ecclesiae
2230 2184 2508 2256 spectabat
2533 2184 2821 2239 utilitatem
2848 2182 3109 2252 requisita
3127 2191 3211 2236 est
3234 2182 3397 2236 etiam
3415 2180 3515 2234 Pa—

1956 2280 2054 2334 tris
2075 2278 2245 2333 nostri
2276 2278 2681 2340 sententia,non
2695 2274 2870 2329 solum
2890 2273 3038 2327 abiis
3058 2270 3515 2342 quierantSacer-

1955 2369 2103 2424 dotio
2131 2368 2389 2436 insignes,
2421 2365 2514 2420 sed
2531 2364 2597 2419 ab
2631 2367 2749 2434 ipso
2781 2377 2997 2433 quoque
3024 2360 3359 2432 imperatore
3380 2360 3514 2430 (Si).

1956 2460 2195 2516 Obsecro
2207 2476 2301 2531 per
2315 2460 2594 2513 veritatem
2620 2457 2816 2527 ipsam,
2831 2456 2959 2524 quid
2984 2455 3269 2524 oportebat
3283 2468 3405 2507 eum
3433 2453 3518 2507 fa-

1956 2555 2119 2610 cere?
2169 2551 2422 2622 Nunquid
2462 2550 2693 2606 debebat
2723 2549 2769 2604 is
2796 2548 2889 2620 qui
2926 2557 3071 2603 tanta
3100 2556 3216 2603 erat
3255 2562 3352 2617 pro
3409 2548 3519 2600 vir-

1958 2656 2073 2702 tute
2105 2660 2315 2716 passus,
2348 2652 2403 2699 et
2446 2644 2573 2697 vitae
2626 2642 3024 2713 probatissimae
3076 2641 3329 2710 exemplo
3372 2654 3515 2693 cuo-

1957 2740 2058 2796 ctis
2089 2737 2435 2808 praelucebat,
2466 2736 2679 2790 sincere
2710 2734 2925 2789 edicere
2969 2733 3293 2788 sententiam
3356 2747 3513 2786 suam

1958 2830 2253 2901 spectando
2281 2828 2547 2900 publicam
2589 2826 2924 2881 utilitatem?
2964 2824 3203 2889 Minime,
3263 2823 3515 2892 inquiunt

1956 2922 2074 2990 ejus
2106 2919 2528 2974 subsannatores
2573 2915 2955 2983 irrisoresque,
2989 2914 3083 2969 sed
3140 2914 3221 2967 vel
3257 2914 3516 2983 ignoran-

1962 3013 2091 3066 tiam
2150 3018 2441 3081 praetexere
2494 3006 2702 3072 debuit,
2742 3014 2840 3060 aut
2892 3021 2951 3061 se
3012 3006 3513 3074 interrogantibus,

1958 3102 2283 3159 sententiam
2333 3100 2671 3171 permittere.
2703 3100 2771 3152 At
2805 3101 3040 3169 primum
3070 3099 3288 3164 quidem
3316 3096 3514 3169 falsum

1959 3194 2171 3257 fuisset,
2216 3192 2578 3247 adulatorium
2608 3190 2877 3254 alterum;
2919 3198 3209 3258 utrumque
3258 3202 3516 3257 respuen-

1957 3285 2109 3341 dum.
2141 3283 2288 3340 Misit
2318 3283 2481 3355 igitur
2515 3281 2833 3350 suﬂ‘ragium
2862 3295 3021 3334 suum
3055 3278 3163 3348 (cui
3194 3278 3403 3343 datum,
3433 3278 3516 3332 di-

1959 3392 2082 3435 cere
2117 3374 2493 3444 supersedeo),
2528 3372 2878 3426 misitautem
2904 3370 3052 3425 velut
3086 3368 3196 3423 Deo
3224 3379 3357 3423 teste
3394 3386 3407 3422 :
3459 3377 3517 3423 et

1956 3465 2212 3538 EpiscOpi
2231 3464 2446 3535 quidem
2464 3468 2841 3532 susceperunt,
2874 3460 3058 3514 nescio
3085 3460 3359 3529 quomodo
3381 3474 3512 3514 con-

1958 3561 2238 3617 firmantes
2269 3556 2413 3628 quod
2480 3555 2815 3625 scripserat;
2854 3552 3153 3623 imperator
3182 3568 3311 3609 vero
3366 3554 3513 3608 acci-

287 3645 446 3714 piens
495 3643 774 3715 sutl'ragia,
805 3659 889 3708 ea,
934 3645 1078 3700 velut
1111 3646 1164 3700 in
1211 3648 1342 3703 aleae
1378 3648 1529 3715 ludo,
1583 3651 1854 3711 invert'ens
1920 3654 2182 3711 excussit.
2221 3651 2320 3707 Ast
2383 3648 2537 3704 Plato
2562 3646 2860 3719 (quoniam,
2919 3654 3143 3715 urgente
3193 3646 3514 3700 necessitate

289 3738 529 3807 capitis,
584 3740 1007 3809 unumquodque
1056 3744 1421 3800 membrorum
1497 3756 1751 3814 praestare
1818 3750 1957 3807 solet
2024 3750 2167 3821 quod
2234 3749 2285 3801 in
2350 3760 2409 3800 se
2463 3744 2587 3813 est)
2646 3743 2712 3797 ad
2749 3743 3041 3813 quemdam
3105 3743 3513 3797 monasticiha-

288 3829 441 3887 bitus
462 3830 662 3894 virum,
684 3830 914 3888 Caesaris
948 3841 1127 3888 autem
1147 3834 1708 3905 propinquum,noctu
1760 3842 2007 3907 contulit,
2027 3839 2159 3895 nihil
2182 3837 2436 3893 dubitans
2466 3835 2614 3892 foras
2643 3834 2892 3905 progredi
2922 3844 3141 3906 propter
3167 3850 3510 3891 communem

290 3929 585 3985 utilitatem
615 3945 628 3981 :
675 3941 909 3995 cumque
939 3927 988 3980 ei
1018 3942 1139 3996 quae
1194 3930 1570 3997 conveniebat,
1620 3933 1850 3990 dixisset
1877 3933 2165 3991 confestim
2199 3930 2419 3985 domum
2454 3926 2629 3982 rediit.

361 4019 458 4073 λε’.
498 4021 608 4074 Καὶ
641 4019 669 4071 6
698 4020 792 4088 μὲν
822 4018 1030 4089 (ἐπειδὴ
1056 4020 1215 4091 χρεία
1245 4024 1487 4095 κεφαλῆς
1525 4031 1853 4100 προϊσταμέ-

2025 4028 2114 4083 55.
2153 4025 2455 4095 imperator
2485 4034 2647 4092 porro
2678 4020 2781 4076 hoc
2809 4020 3135 4090 intelligens,
3178 4020 3361 4076 furere
3400 4038 3515 4079 cm-

289 4129 389 4182 νης
417 4112 645 4164 ἕκαστον
662 4108 771 4162 τῶν
805 4110 982 4177 μελῶν
1004 4111 1063 4164 τὸ
1084 4111 1205 4165 καθ’
1225 4114 1386 4167 ἑαυτὸ
1422 4117 1696 4183 εἰσοίσειν)
1721 4120 1853 4191 πρός

1954 4119 2054 4190 pit,
2078 4117 2466 4184 modicumque
2494 4120 2804 4177 cunctatus,
2830 4113 3002 4167 donec
3028 4113 3347 4183 perfecisset
3368 4116 3512 4184 quod

286 4220 415 4256 τινα
446 4202 553 4255 τῶν
574 4203 925 4272 ὁμοσχήμων,
949 4201 1209 4272 ἀγχιστέα
1233 4206 1287 4258 δὲ
1324 4206 1416 4259 τοῦ
1448 4209 1745 4281 Καίσαρος,
1778 4212 1853 4283 μὴ

1951 4209 2187 4274 volebat,
2226 4207 2352 4263 tulit
2378 4205 2664 4260 nobiscum
2698 4204 2914 4258 Patrem
2937 4215 3180 4259 nostrum
3216 4223 3230 4258 :
3261 4218 3315 4259 et
3359 4216 3512 4275 post-

288 4292 612 4362 εύλαὸηθεὶς
642 4292 740 4363 τὴν
758 4292 933 4359 ἔξοδον
954 4292 1041 4347 διά
1056 4292 1117 4346 τὸ
1140 4297 1290 4367 κοινῇ
1316 4300 1610 4369 συμφέρον,
1636 4302 1850 4373 νύκτωρ

1951 4317 2113 4371 quam
2141 4298 2327 4369 viginti
2362 4306 2602 4366 quatuor
2650 4295 2842 4351 diebus
2875 4295 2929 4349 in
2952 4295 3090 4351 bene
3122 4297 3331 4352 munita
3383 4312 3513 4353 eus-

287 4387 531 4449 ἀπεισιν,
561 4386 654 4439 καὶ
684 4385 1054 4456 φθεγξάμενος
1080 4388 1148 4440 τὰ
1180 4388 1385 4457 εἰκότα,
1414 4392 1593 4445 οἴκαδε
1650 4393 1842 4449 eam

1949 4391 2093 4445 todia
2131 4388 2412 4443 habuisset
2444 4386 2690 4455 permisit
2747 4386 2920 4441 redire
2965 4387 3031 4441 ad
3091 4392 3504 4445 monasterium.

287 4477 587 4532 ἐπάνεισιν·
617 4478 646 4529 6
673 4475 731 4528 δὲ
774 4475 957 4545 μαθὼν
1007 4477 1264 4551 ἐξεμάνη,
1313 4482 1405 4535 καὶ
1448 4482 1642 4553 μικρὸν
1668 4484 1842 4555 λωφή-

1941 4480 2077 4547 Quid
2114 4479 2306 4534 attinet
2331 4478 2535 4542 dicere,
2565 4488 2802 4547 quantas
2846 4477 3051 4534 Sancto
3079 4521 3093 4545 ,
3131 4482 3240 4536 imo
3272 4483 3373 4552 ipsi
3416 4500 3510 4538 ve-

288 4581 390 4629 σας
419 4564 542 4618 ὅσον
582 4565 663 4627 είς
693 4564 866 4635 πέρας
904 4564 1132 4633 ἀγαγεῖν
1176 4567 1238 4621 τὸ
1288 4569 1729 4642 βεϐουλευμένον,
1764 4573 1845 4627 αἴ-

1942 4569 2083 4623 ritati
2116 4568 2345 4638 injurias
2371 4566 2636 4632 intulerit,
2669 4568 2948 4622 iracundia
2976 4571 3214 4639 percitus
3234 4583 3510 4643 totamque

287 4673 374 4727 ρει
402 4656 501 4709 σὺν
526 4656 656 4727 ἡμῖν
684 4655 774 4709 τὸν
808 4656 1049 4726 Πατέρα,
1078 4658 1173 4711 καὶ
1199 4661 1370 4713 εἰκοσι
1398 4662 1533 4729 πρὸς
1562 4664 1847 4735 τέσσαρσιν

1944 4660 2284 4718 conturbans
2315 4659 2791 4726 communitatem,
2822 4660 2961 4714 alios
2996 4663 3309 4719 carceribus
3335 4666 3510 4720 inclu-

285 4745 527 4816 ἡμέραις
556 4746 783 4816 Θέμενος
825 4747 882 4800 ὲν
923 4748 1117 4817 στερεᾷ
1160 4748 1397 4822 φυλακῇ,
1449 4755 1587 4807 οίκοι
1624 4754 1850 4807 ἐπανελ-

288 4837 404 4892 θεῖν
426 4837 671 4905 ἀφίησιν.
698 4837 837 4891 Ὅσα
865 4838 974 4910 γὰρ
998 4839 1277 4911 ὲξύσρισεν
1310 4844 1450 4898 κατά
1500 4844 1593 4897 τοῦ
1635 4845 1846 4917 ἀνδρὸς,

288 4927 490 4998 μᾶλλον
517 4928 572 4981 δὲ
600 4928 723 4981 κατ’
753 4929 923 4998 αὐτῆς
950 4931 1045 4999 τῆς
1082 4930 1336 5001 ἀληθείας
1363 4932 1713 5005 θυμομαχῶν.
1753 4936 1849 4989 καὶ

286 5020 677 5088 συνταράσσων
697 5017 790 5089 τὴν
811 5019 1167 5091 ἀδελφότητα,
1187 5023 1279 5076 καὶ
1300 5026 1425 5087 τοὺς
1454 5026 1550 5093 μὲν
1578 5026 1845 5097 φρουρῶν,

283 5110 415 5172 τοὺς
447 5109 503 5162 δὲ
529 5110 702 5163 ἕλκων
752 5113 831 5173 είς
890 5114 1245 5185 κατηγορίας,
1280 5116 1327 5167 εί
1377 5116 1470 5168 καὶ
1501 5117 1758 5187 ῥίψασπις
1789 5120 1847 5170 ἐν

286 5202 422 5254 πᾶσι
454 5200 646 5269 γέγονε
687 5203 781 5255 καὶ
821 5202 1224 5271 ἀξιυγέλαστος,
1264 5206 1316 5257 τί
1351 5206 1431 5260 δεῖ
1480 5208 1574 5261 καὶ
1630 5209 1844 5277 λέγεινς

285 5292 446 5345 διτινα
477 5292 796 5363 παρασκευὴ
830 5288 898 5363 ἦν
939 5293 1040 5362 τῆς
1080 5297 1449 5368 τυρευομένης
1493 5299 1639 5369 αὐτῷ
1681 5317 1843 5371 πονη-

287 5382 410 5449 ρίας
443 5382 534 5434 καὶ
553 5383 713 5435 οἱονεὶ
740 5384 1071 5454 προεισόδιος
1090 5388 1307 5456 ἀνομία,
1335 5389 1607 5457 παίδευμα
1625 5390 1679 5443 δὲ
1704 5392 1841 5443 κατὰ

281 5473 384 5543 τὴν
418 5472 628 5526 ἐκείνου
676 5475 1009 5547 φληνάφειαν
1056 5478 1155 5547 τῆς
1197 5478 1459 5549 δοκούσης
1492 5482 1839 5552 προπετείας.

1948 4752 2148 4815 dendo,
2190 4751 2327 4806 alios
2391 4750 2458 4805 ad
2511 4752 2869 4820 quaestionem
2922 4753 3231 4823 rapiendo?
3283 4772 3403 4811 cum
3453 4758 3506 4811 in

1949 4844 2201 4899 omnibus
2242 4842 2457 4898 tandem
2497 4844 2677 4899 victus
2702 4854 2756 4899 et
2785 4846 2895 4899 risu
2948 4846 3145 4917 dignus
3175 4853 3506 4920 apparuerit.

1952 4933 2056 4988 Sed
2087 4934 2199 4988 haec
2242 4935 2418 4989 solum
2450 4936 2706 5005 praeludia
2736 4938 2979 5006 qumdam
3016 4950 3171 4994 erant
3203 4940 3509 5011 iniquitatis

1950 5042 2111 5097 quam
2151 5027 2539 5091 meditabatur,
2577 5038 2630 5082 et
2653 5029 2799 5083 velut
2824 5030 3211 5098 prazambularc
3249 5034 3505 5105 flagitium

1950 5130 2013 5169 ac
2040 5117 2405 5171 rudimentum
2435 5117 2761 5187 nugacitatis
2784 5127 2830 5171 ct
2875 5120 3203 5188 petulantiae.
3223 5124 3507 5182 intervallo

1951 5224 2187 5277 namque
2242 5208 2504 5277 temporis
2576 5209 2790 5263 modico
2858 5220 3079 5266 secutus
3154 5225 3236 5268 est
3290 5218 3508 5274 malitiae

1952 5306 2349 5354 consummatae
2401 5299 2643 5356 assultus
2677 5319 2689 5354 :
2721 5302 2881 5371 idque
2919 5315 3136 5373 propter
3183 5305 3504 5379 Josephum.

1953 5392 2102 5443 illum
2158 5390 2249 5459 qui
2322 5391 2566 5446 moechos
2646 5392 3040 5461 conjunxerat,
3115 5399 3313 5451 malum
3366 5401 3505 5452 intra

1951 5482 2155 5536 viscera
2189 5482 2422 5547 fumeus,
2468 5492 2523 5537 et
2579 5483 2831 5538 Ecclesiae
2887 5486 3310 5543 turbamentum.
3353 5492 3509 5546 POSt-

1847 5592 2077 5648 NOTAE.

283 5691 749 5817 ῖείῗῦζῗῖἷπωυδ
777 5706 858 5751 θ⁵¹
890 5697 947 5753 δ’
996 5698 1256 5757 “msh”
1317 5718 1461 5758 θηηο
1500 5704 1621 5773 806.
1653 5707 1739 5761 die
1781 5708 1849 5762 εδ

357 5834 472 5901 (24)
506 5831 553 5887 ls
571 5842 686 5889 erat
712 5836 1065 5907 Nicephorus,
1090 5842 1181 5910 qui
1205 5842 1354 5899 lrene
1379 5843 1849 5917 ejectaimperium

1954 5708 2262 5784 arripuerat
2310 5710 2649 5784 an_no___80‘l;
2675 5711 2767 5784 qui
2800 5715 3074 5779 quomodo
3110 5732 3167 5770 se
3195 5721 3418 5784 gesserit
3451 5720 3501 5773 in

1961 5780 2296 5857 procuranda
2338 5779 2433 5857 _S._
2455 5778 2744 5857 Νξορρ-ψίῑὶ
2771 5778 3348 5857 adunatriarch'atum
3396 5792 3503 5845 ele-

1960 5851 2139 5903 ctione
2192 5848 2313 5902 Vide
2338 5850 2392 5902 in
2420 5848 2730 5919 hujusVila
2767 5852 2828 5906 15
2872 5848 3042 5908 hlartii
3070 5872 3218 5912 num.
3248 5858 3335 5911 21.
