4170 6478
660 408 764 473 839

1831 399 1892 458 S.
1923 393 2316 456 THEODORI
2357 392 2701 454 STUDITIE

3764 389 3867 452 8i0

660 533 822 590 quam
853 515 1020 580 enim,
1041 512 1338 570 secundum
1362 511 1632 574 Canones,
1665 510 1735 564 ab
1755 509 1926 572 illius,
1956 518 2209 577 tanquam
2239 509 2285 566 Α

2239 509 2285 566 Α
2312 503 2527 573 Βραχὺς
2548 502 2577 554 ό
2605 503 2813 572 χρόνος,
2844 501 2938 554 καὶ
2969 502 3001 570 ἡ
3038 499 3135 569 τῆς
3175 496 3466 560 κακώσεως
3513 496 3772 566 ἐπιφορά,
3807 497 3867 551 τὸ

661 623 692 662 a
748 605 1036 675 serpentis,
1097 600 1480 657 communione
1554 615 1654 655 nos
1711 598 2212 669 sequeStravimus;

663 699 924 752 continuo
970 696 1258 750 adfuerunt
1313 709 1343 747 a
1386 692 1602 747 Caesare
1663 691 1844 755 minat,
1905 702 2113 758 nosque
2160 688 2212 742 in

660 800 905 845 extremo
933 787 1244 842 discrimine
1272 783 1512 838 vidimus
1550 781 1900 838 constitutos.

711 963 799 1018 '56.
818 962 921 1028 Qui
935 961 1136 1031 possim
1152 956 1546 1012 multitudinem
1559 965 1825 1011 terrorum
1841 954 2221 1011 certaminum-

664 1070 791 1125 que,
816 1053 970 1107 nobis
997 1051 1189 1121 integri
1219 1049 1380 1102 unius
1407 1047 1535 1101 anui
1569 1046 1743 1116 spatio
1766 1046 2060 1108 illatorum,
2089 1058 2220 1114 pau-

662 1148 742 1201 cis
759 1143 977 1215 syllabis
998 1137 1313 1208 complecti?
1332 1138 1584 1207 velquam
1609 1150 1748 1204 saepe
1764 1134 2035 1197 accersiti,
2056 1148 2217 1202 quam

663 1250 803 1303 saepe
835 1234 1022 1286 tentati
1053 1232 1332 1295 fuerimus,
1358 1227 1652 1282 enarrare?
1678 1225 1858 1288 Novit,
1904 1226 1997 1295 qui
2027 1237 2219 1294 passus

662 1336 764 1388 est,
792 1326 993 1394 quique
1019 1322 1243 1394 patienti
1261 1321 1535 1390 proximus
1563 1319 1751 1373 astitit.
1777 1317 1968 1371 Adfuit
1989 1316 2220 1385 denique

663 1418 912 1472 militaris
924 1417 1248 1486 phalanx,et
1271 1412 1657 1466 monasterium
1685 1410 1971 1480 diligenter
1985 1410 2221 1462 circum-

664 1508 905 1570 vallavit,
936 1504 1073 1559 adeo
1107 1512 1166 1559 ut
1195 1517 1292 1556 nec
1318 1501 1531 1555 hiscere
1562 1498 1837 1566 cuiquam,
1879 1511 1980 1552 nec
1999 1495 2221 1550 omnino

664 1605 826 1664 caput
857 1592 1050 1647 efferre
1107 1591 1534 1660 permitteretur.
1587 1587 1736 1641 lntus
1785 1587 2028 1650 timores,
2088 1585 2221 1638 feris

665 1694 900 1737 terrores
920 1681 1362 1751 proponebantur
1405 1693 1468 1732 ac
1516 1679 1708 1732 minae:
1763 1678 1981 1747 quinam
2038 1685 2217 1731 autem

664 1789 757 1828 eas
788 1779 1146 1842 proponerent
1176 1781 1398 1838 propter
1423 1769 1562 1821 sacri
1597 1768 1814 1823 habitus
1861 1769 2218 1822 reverentiam

2320 592 2376 646 δὲ
2406 592 2600 656 αἴτιον,
2639 591 2834 660 Ἰωσὴφ
2865 593 2893 644 6
2925 589 3337 660 μοιχοζεύκτης,
3363 589 3425 641 τὸ
3450 587 3739 656 ἐγκόλπιον
3770 605 3869 640 κα.

2321 684 2435 748 κὸν,
2465 686 2495 737 6
2519 685 2617 754 τῆς
2652 683 2978 752 Ἐκκλησίας
3023 681 3292 750 τάραχος’
3333 673 3394 734 οῦ
3439 680 3650 750 ἐπειδὴ,
3686 679 3763 739 ὼς
3795 677 3870 731 ίδν

2323 773 2522 842 δφεως,
2557 773 2855 835 κανονικῶς
2881 773 2980 842 τὴν
3003 771 3285 824 κοινωνίαν
3311 768 3684 838 πεφεύγαμεν,
3716 771 3872 823 άπειρ

2324 864 2412 918 λαὶ
2448 865 2598 936 παρὰ
2629 863 2725 917 τοῦ
2765 865 3041 934 Καίσαρος
3064 904 3078 925 ,
3119 863 3211 915 ἐπὶ
3247 860 3408 932 ξυροῦ
3439 863 3488 914 οί
3516 861 3864 930 ἐνιστάμενα.

2391 954 2496 1019 λς’.
2527 955 2637 1006 Καὶ
2660 954 2776 1015 πῶς
2804 953 2869 1006 ἀν
2914 955 2970 1006 ὲν
3021 953 3224 1020 ὀλίγαις
3253 953 3537 1014 συλλαϐαῖς
3581 951 3643 1007 τὸ
3673 951 3871 1024 πλῆθος

2319 1043 2426 1097 τῶν
2447 1041 2747 1114 τηνικαῦτα
2768 1041 3151 1110 ὑπαρχθέντων
3169 1041 3235 1093 δι’
3250 1041 3371 1092 ὅλου
3397 1040 3568 1100 ιτους.
3589 1052 3871 1106 φουητρων

2320 1151 2379 1187 τε
2411 1134 2504 1187 καὶ
2529 1133 2906 1202 ἀποστροφῶν,
2935 1131 3160 1199 ἀγώνων
3189 1147 3246 1183 τε
3295 1132 3389 1184 καὶ
3441 1128 3782 1199 πειρασμῶν,
3803 1127 3875 1178 δι·

2322 1224 2635 1294 ηγήααιμις
2674 1219 2826 1275 Οῐδεν
2863 1220 3034 1274 ταῦτα
3064 1222 3094 1274 6
3143 1221 3351 1284 παθὼν,
3384 1218 3531 1274 καὶὸ
3573 1219 3735 1285 ἐγγυς
3778 1215 3870 1268 τοῦ

2323 1315 2581 1376 παθόντος
2622 1314 2923 1384 ἱστάμενος.
2949 1313 3130 1376 Τέλος,
3165 1310 3524 1382 στρατιωτικὴ
3545 1309 3754 1379 φάλαγξ
3779 1310 3873 1378 τὴν

2325 1404 2493 1476 μονὴν
2549 1404 2733 1474 κύκλῳ
2780 1403 3035 1473 ἀσφαλῶς
3098 1403 3584 1473 περιστοιχήσασα.
3635 1401 3711 1463 ὡς
3744 1400 3873 1469 μηδὲ

2323 1497 2520 1569 γρῦξαι
2562 1498 2595 1569 ἢ
2629 1495 2904 1567 προκύψαι
2944 1495 3066 1547 τινά
3097 1494 3231 1555 ὅλως
3278 1490 3709 1562 παραχωροῦσιν
3750 1489 3877 1542 ἐσω-

2325 1589 2415 1644 θεν
2430 1590 2603 1659 φόϐοι,
2633 1588 2827 1652 ἔξωθεν
2858 1586 3101 1655 πτόησις,
3117 1584 3336 1637 ἀπειλαὶ
3357 1584 3873 1654 παραπεμπόμεναι,

2324 1682 2418 1734 καὶ
2451 1682 2574 1743 τοὺς
2613 1678 3113 1750 παραπεμφθέντας
3139 1675 3339 1747 ἀφίημι
3373 1675 3551 1743 λέγειν
3598 1676 3737 1728 αἰδοῖ
3781 1672 3874 1726 τοῦ

2327 1773 2624 1841 σχήματος.
2654 1772 2760 1824 Φεῦ
2786 1769 2884 1840 τῆς
2911 1770 3004 1823 τοῦ
3053 1769 3248 1840 καιροῦ
3291 1769 3495 1839 φορᾶςί
3529 1767 3714 1830 Οὐδεὶς
3762 1779 3878 1836 σχεο

665 1865 842 1920 dicere
867 1861 1210 1932 supersedeo.
1254 1859 1297 1914 0
1349 1860 1706 1914 calamitatem
1757 1859 1902 1913 illius
1931 1861 2218 1929 temporis!
2250 1852 2297 1912 B

2250 1852 2297 1912 B
2323 1863 2411 1916 δὸν
2438 1862 2533 1916 τοῦ
2575 1862 2842 1933 ῥεύματος
2870 1861 3160 1931 άνὼτερος,
3189 1861 3363 1922 οὐδεὶς
3400 1861 3428 1912 6
3466 1860 3535 1912 τά
3571 1857 3705 1927 ὀρθᾶ
3737 1874 3875 1926 συμ-

665 1969 826 2008 nemo
855 1953 965 2007 fere
993 1952 1094 2006 fuit
1114 1951 1360 2019 superior
1407 1958 1540 2003 aestu
1566 1950 1656 2002 illo
1686 1959 1912 2004 cunctos
1945 1960 2225 2036 raptante;

669 2059 830 2098 nemo
876 2042 968 2111 qui
1027 2052 1171 2095 recta
1202 2039 1472 2102 suaderet,
1513 2049 1603 2092 aut
1651 2054 1869 2093 causam
1925 2039 2017 2093 Dei
2059 2042 2229 2095 susti-

672 2142 844 2186 neret.
904 2131 1112 2184 Bonum
1194 2144 1258 2183 ac
1315 2128 1469 2180 valde
1539 2127 1870 2181 conveniens
1939 2128 2228 2182 videbatur

672 2223 929 2277 omnibus
964 2222 1017 2275 in
1061 2220 1321 2288 dignitate
1376 2218 1711 2282 constitutis,
1753 2233 1858 2270 non
1899 2232 2224 2288 exasperare

674 2312 1010 2367 iracundiam
1055 2310 1369 2378 regnantis;
1402 2309 1532 2376 ipsis
1558 2311 1719 2361 etiam
1767 2310 1858 2377 qui
1892 2319 2048 2362 erant
2075 2309 2222 2376 ejus-

672 2403 792 2458 dem
821 2401 1100 2455 uobiseum
1138 2400 1374 2464 ordinis,
1401 2400 1542 2466 quod
1567 2414 1699 2452 sane
1721 2408 1836 2452 crat
1865 2400 2225 2454 miserabilius

675 2494 936 2560 Denique.
966 2501 1026 2545 ut
1054 2490 1374 2559 compendio
1403 2506 1512 2544 rem
1562 2490 1863 2552 absolvam,
1915 2505 1982 2544 ex
2045 2490 2224 2544 medio

672 2583 925 2640 Fratrqu
958 2581 1069 2650 (25)
1103 2597 1132 2635 e
1158 2589 1317 2634 noctu
1351 2580 1560 2650 rapitur
1610 2580 1779 2642 Pluto,
1828 2589 2013 2649 raptus
2046 2580 2224 2634 inclu-

676 2679 821 2731 ditur
852 2673 1079 2730 carceri.
1136 2671 1336 2726 Secuta
1377 2681 1460 2725 est
1516 2672 1633 2726 dies
1688 2672 1880 2741 synodi
1945 2672 2226 2736 habendas,

673 2768 742 2822 ad
774 2781 938 2836 quam
976 2765 1119 2817 velut
1173 2762 1452 2816 maleficus
1481 2763 1745 2815 adductus
1787 2770 1869 2816 est
1907 2761 2085 2824 Pater,
2106 2777 2226 2816 cum

676 2858 849 2912 tribus
882 2871 911 2910 e
942 2857 1078 2917 suis,
1124 2871 1218 2923 per
1253 2867 1472 2908 manum
1517 2853 1823 2904 militarem.
1859 2850 2226 2906 Miserandam

676 2949 1082 3021 spectaculum!
1117 2946 1296 3000 videre
1330 2959 1538 3008 senem,
1593 2952 1811 3012 pl'Oplet‘
1885 2943 2229 2997 imbecillitao

2327 1953 2595 2006 ϐουλεύων
2615 1953 2708 2005 καὶ
2735 1951 3038 2020 ἱπαλείφων
3058 1953 3127 2005 τά
3149 1951 3292 2004 θεῖα⁸
3321 1949 3600 2019 ἀγαπητὸν
3616 1951 3664 2002 ει
3689 1948 3760 2019 μὴ
3785 1949 3880 2000 καὶ

2325 2045 2461 2098 πολὺ
2501 2044 2862 2114 συμπνέον....
2893 2042 2969 2113 ζσ)
3004 2043 3102 2113 τὴν
3133 2043 3300 2113 ὀργὴν
3330 2045 3440 2107 τοῖς
3469 2040 3748 2113 κρατοῦσι,
3785 2041 3879 2093 καὶ

2323 2136 2384 2188 τό
2403 2151 2464 2201 γε
2484 2136 2864 2204 ἐλεεινότερον,
2882 2135 2990 2187 τῶν
3014 2135 3314 2205 ὁμοταγῶν,
3345 2135 3540 2203 Πέρας,
3567 2133 3632 2186 ἵν’
3667 2134 3723 2185 ἑν
3753 2149 3880 2184 συν-

2321 2225 2471 2295 τόμῳ
2493 2227 2554 2278 τὸ
2587 2228 2692 2278 πᾶν
2729 2226 3084 2296 παραστήσω,
3101 2225 3322 2295 ἁρπαγὴ
3339 2227 3401 2278 ὲκ
3425 2226 3589 2294 μέσου
3612 2225 3708 2294 τῆς
3723 2223 3878 2276 ἀδελ-

2329 2319 2556 2386 φότητος
2589 2319 2902 2387 νυκτίωρος,
2937 2319 3033 2371 καὶ
3068 2316 3205 2386 μετά
3248 2319 3346 2384 τὴν
3381 2317 3634 2386 ἁρπαγὴν
3669 2316 3882 2385 κάθειρο

2339 2405 2439 2471 ξις,
2477 2408 2570 2460 καὶ
2613 2407 2750 2476 μετὰ
2801 2406 3077 2474 κάθειρξιν
3127 2407 3343 2460 συνόδου
3391 2408 3591 2478 ἡμέρα,
3645 2408 3738 2459 xui.
3789 2408 3881 2459 ἐπὶ

2329 2497 2528 2566 ταύτης
2553 2499 2648 2550 σὺν
2679 2499 2857 2568 τρισὶν
2885 2498 2987 2550 ὑπὸ
3009 2501 3400 2568 στρατιωτικῆς
3418 2499 3598 2569 χειρὸς
3626 2499 3655 2551 6
3693 2499 3880 2569 Πατὴρ

2330 2590 2731 2658 παριστάμενος
2766 2589 2838 2650 ὡς
2878 2589 3202 2658 κακοῦργος.
3240 2588 3497 2641 Ἐλεεινδν
3551 2587 3750 2656 θέαμα,
3791 2589 3881 2653 γέ-

2333 2693 2492 2746 ροντα
2522 2678 2759 2747 φοράδην
2789 2676 2848 2740 ιξ
2895 2678 3180 2740 ἀσθενείας
3233 2679 3495 2747 ἀγόμενον
3527 2677 3622 2729 σὺν
3653 2681 3718 2748 τῇ
3753 2677 3883 2730 dini-

2331 2781 2437 2828 σει,
2466 2767 2531 2835 ἢν
2561 2770 2617 2819 ἐν
2643 2767 2719 2836 τῷ
2744 2768 2861 2820 ποδὶ
2895 2769 3278 2836 καθηλωμένος
3324 2769 3641 2839 ἐπεφέρετο,
3671 2770 3759 2821 καὶ
3790 2767 3881 2835 ἀφ’

2330 2855 2517 2925 ἑτέρου
2542 2858 2622 2920 είς
2650 2859 2834 2927 ἕτερον
2856 2851 3004 2928 ὦμον
3030 2859 3218 2930 ὥσπερ
3247 2877 3300 2912 τι
3349 2859 3481 2928 ἀγος
3523 2859 3884 2929 μεταριπτούο

2332 2966 2511 3018 μενον.

678 3053 785 3098 tem
818 3041 1060 3094 humeris
1137 3037 1560 3107 deportandum,
1614 3051 1738 3090 cutn
1790 3049 1850 3089 ea
1910 3051 2014 3104 qua
2073 3036 2262 3104 pedem
2306 3037 2552 3096 induerat
2615 3053 2823 3108 catena,
2861 3045 3076 3109 adduci,
3139 3054 3300 3114 atque
3351 3045 3419 3099 ab
3453 3061 3560 3100 uno
3616 3044 3667 3098 in
3735 3044 3885 3099 aliud

676 3137 898 3187 dorsum
931 3129 1126 3198 trajici,
1161 3131 1306 3181 velut
1337 3128 1608 3197 piaculum
1640 3127 1931 3196 quoddam.

748 3223 838 3274 37.
871 3222 973 3284 Ah,
1011 3219 1115 3273 ah‘
1177 3219 1412 3271 haccine
1463 3216 1704 3286 synodici
1764 3216 1973 3270 ordinis
2029 3215 2310 3280 forma?C

2237 3219 2310 3280 PC
2411 3215 2510 3280 λζ’.
2551 3218 2696 3280 Alei,
2745 3218 3026 3288 συνοδικῆς
3089 3220 3341 3284 εὐταξίας
3385 3222 3754 3285 κατάστασιςῑ
3786 3223 3884 3275 οίοὶ

680 3313 783 3366 hoc
811 3311 1078 3381 judicium
1111 3309 1322 3378 imperii
1356 3307 1696 3361 Christiani?
1727 3305 1782 3358 In
1823 3321 1950 3374 quo,
1985 3305 2231 3372 obsecro,

681 3403 796 3456 haec
828 3401 1139 3469 discrepant
1173 3400 1241 3452 ab
1281 3399 1371 3461 iis,
1422 3413 1541 3466 quze
1569 3398 1696 3450 olim
1733 3406 1852 3449 acta
1890 3397 2229 3450 latrocinan-

679 3494 812 3548 tium
842 3490 1216 3547 conciliabulis
1246 3498 1341 3542 aut
1393 3489 1550 3541 aliter
1583 3487 1650 3541 ad
1714 3489 1937 3542 haeresis
1993 3498 2230 3541 tutamen

681 3581 1105 3652 imperitantium
1134 3579 1156 3632 τ
1196 3577 1260 3632 Ut
1291 3587 1492 3641 autem,
1548 3577 1694 3630 velut
1734 3576 1938 3630 ludicra
1967 3577 2232 3646 quaedam,

681 3673 951 3732 omittam,
978 3684 1098 3739 quae
1126 3668 1342 3722 interim
1375 3676 1522 3737 gesta
1549 3676 1694 3730 sunt,
1732 3674 1786 3720 et
1815 3666 2055 3720 historiae
2085 3683 2234 3720 tuen-

680 3779 861 3818 suram
913 3778 1007 3832 per
1043 3776 1100 3815 se
1142 3760 1362 3828 implere
1393 3765 1644 3828 possunt,
1692 3758 1943 3811 exsilium
1992 3757 2234 3811 decerni-

681 3862 790 3913 tur,
823 3861 872 3904 et
906 3854 955 3904 in
988 3865 1093 3903 una
1126 3849 1542 3903 suburbicarum
1581 3847 1877 3900 insularum
1915 3846 2026 3916 (26)
2077 3845 2235 3900 Pater

682 3952 866 3996 noster
896 3939 1503 4003 circumscribitur;uti
1538 3938 1698 3992 etiam
1746 3936 1913 3991 frater
1974 3953 2126 3991 meus
2181 3938 2232 3989 in

682 4035 838 4087 aliam
865 4033 1065 4103 pariter
1119 4031 1660 4090 aerumnosissimam,
1681 4028 1769 4081 ubi
1802 4029 1868 4081 ad
1894 4027 2233 4082 incommoda

682 4123 856 4176 exsilii
896 4123 1069 4191 ipsius
1102 4120 1338 4176 carceris
1370 4119 1666 4172 lirmissimi
1703 4118 2030 4172 accedebant
2064 4133 2232 4186 angu-

683 4213 820 4268 stia.
853 4214 894 4269 0
927 4228 1106 4268 rerum
1139 4211 1599 4268 vicissitudinem!
1658 4206 1946 4265 saeculares
1985 4209 2234 4262 homines

685 4303 905 4357 fuerunt
939 4303 1221 4358 monachis
1253 4301 1620 4360 humaniores.
1647 4301 1812 4368 etqui
1847 4315 1957 4353 rem
1983 4300 2235 4352 audivere

685 4403 793 4448 non
823 4394 1204 4447 dubitaverunt
1236 4391 1303 4445 de
1330 4392 1461 4460 ipsis
1520 4390 1795 4459 judicibus
1831 4404 2038 4458 aequam
2095 4387 2236 4442 ferre

686 4487 1060 4552 sententiam:
1096 4483 1378 4538 manifesta
1412 4483 1556 4535 enim
1583 4481 1776 4551 judicii
1804 4481 2066 4550 iniquitas
2097 4488 2232 4533 erat.

2338 3307 2727 3376 Χριστιανικῆς
2760 3307 3034 3376 βασιλείας
3086 3309 3390 3379 ὑπόληψιςὶ
3440 3312 3504 3362 Τί
3551 3312 3722 3364 ταῦτα
3777 3313 3886 3364 τῶν

2335 3398 2502 3451 πάλαι
2536 3397 2840 3468 λῃστρικῶς
2875 3401 3372 3472 συεθεδρευόντων.ἢ
3401 3403 3574 3465 ἄλλως
3599 3405 3886 3474 αἱρετικῶς

2337 3488 2765 3556 βασιλευσάντων
2792 3491 3207 3561 ὲλλειπέστερα;
3246 3496 3370 3556 Καὶ,
3409 3496 3492 3547 ἵνα
3533 3495 3720 3565 ῶσπερ
3764 3498 3886 3549 τινὰ

2336 3578 2554 3631 παιδιάν
2588 3580 2654 3632 τά
2686 3581 2742 3632 ἐν
2783 3581 2931 3650 μέσῳ
2976 3583 3407 3653 παραδράμοιμι,
3445 3585 3684 3655 πληροῦν
3729 3588 3888 3642 δυνά·

2337 3688 2469 3740 μενα
2503 3671 2823 3740 συγγραφῆς
2867 3673 3083 3740 μέτρον,
3138 3673 3398 3742 κυροῦται
3430 3674 3629 3744 ἐξορίᾳ,
3666 3679 3758 3728 καὶ
3794 3694 3887 3729 πε-

2336 3762 2627 3831 ριορίζεται
2655 3764 2682 3814 6
2711 3763 2897 3831 Πατὴρ
2922 3765 2978 3815 ὲν
2996 3765 3092 3832 μιᾷ
3109 3763 3214 3814 τῶν
3235 3764 3368 3830 πρὸς
3390 3763 3465 3832 τῷ
3516 3765 3666 3818 ἄστει
3685 3767 3884 3835 νήσων,

2334 3850 2518 3921 ῶσπερ
2553 3852 2646 3905 καὶ
2671 3855 2698 3906 ὁ
2738 3854 3005 3924 ἡμέτερος
3066 3854 3294 3922 ἀδελφὸς
3332 3858 3390 3908 ὲν
3431 3856 3593 3928 ἑτέρᾳ
3632 3857 3888 3927 δυσχερε-

2336 3942 2525 4011 στάτῃ,
2599 3944 2734 4012 μετὰ
2788 3943 2882 3996 τοῦ
2941 3945 3299 4015 περιορισμοῦ
3358 3945 3452 3998 καὶ
3502 3947 3601 4016 τῆς
3643 3947 3888 4016 φυλακῆς

2336 4033 2599 4100 κραταιᾶς
2640 4032 2826 4101 οὔσης.
2859 4033 2922 4084 Ὠ
2977 4036 3075 4102 τῆς
3115 4033 3224 4085 τῶν
3289 4036 3629 4104 πραγμάτων
3679 4039 3883 4105 φορὶςε

2334 4122 2452 4174 Τῶν
2485 4125 2763 4192 μοναστῶν
2782 4127 2829 4176 οί
2852 4126 3071 4194 μιγάδες
3090 4127 3580 4200 φιλανθρωπότερα
3612 4131 3886 4197 γεγόνασι,

2335 4212 2428 4265 καὶ
2459 4213 2565 4264 τῶν
2597 4215 2798 4283 κριτῶν
2827 4219 2874 4266 οἱ
2909 4217 3178 4286 ἀκροαταὶ
3208 4219 3388 4287 κρίσιν
3418 4219 3634 4272 δικαίαν
3659 4220 3886 4285 ἐξοίσειν

2333 4302 2432 4355 οὐκ
2451 4304 2740 4357 ὲδεδίεισαν
2761 4323 2776 4339 ο
2824 4309 3085 4378 πρόδηλον
3101 4309 3206 4377 γάρ
3223 4304 3288 4378 ἦν
3308 4309 3368 4361 τὸ
3385 4311 3883 4382 παρανομούμενον.

2347 4393 2570 4464 ’Δφίημι
2603 4397 2663 4448 τὸ
2695 4396 2944 4466 βαλανίον
2991 4402 3185 4464 ἐκεῖνο,
3218 4402 3304 4468 ἐφ’
3438 4405 3465 4456 6
3527 4404 3746 4473 κρατῶν
3799 4405 3884 4457 διὰ

2337 4481 2611 4551 φάλαγγος
2636 4488 3027 4557 στρατιωτικῆς
3046 4490 3109 4540 ὲκ
3131 4489 3227 4557 τῆς
3246 4491 3411 4561 μονῆς
3432 4491 3689 4560 ἀθροίσας
3709 4495 3887 4545 πᾶσαν

684 4574 950 4630 Praetereo
984 4575 1232 4629 balneum
1265 4573 1416 4638 illud,
1452 4573 1505 4626 iu
1533 4587 1641 4641 quo
1671 4571 1762 4641 qui
1822 4571 2019 4625 clausit
2071 4580 2235 4624 totam
2263 4565 2314 4623 D

2263 4565 2434 4642 Βτην
2466 4575 2822 4645 ἀδελφότητα,
2878 4583 2968 4631 και
3033 4582 3369 4650 πειρώμενος
3429 4583 3736 4635 ὐποκλίνειν
3793 4584 3883 4636 ινα

686 4667 1100 4730 fraternitatem,
1127 4681 1193 4720 ex
1237 4665 1569 4718 monasterio
1615 4679 1776 4717 manu
1832 4661 2051 4716 militari
2129 4661 2241 4716 eol-

689 4757 881 4811 lectam
902 4758 1229 4825 tentavitque
1263 4755 1328 4809 ad
1351 4771 1502 4809 suam
1534 4755 1858 4809 voluntatem
1886 4769 2242 4824 unumquem-

686 4864 792 4917 que
821 4849 1092 4916 sigillatim
1130 4849 1414 4912 inclinare,
1472 4862 1564 4916 spe
1597 4862 1693 4901 sua
1746 4846 1986 4912 excidit;
2047 4847 2242 4899 sensit-

2338 4663 2563 4717 ’ἐκαστον
2606 4668 2738 4732 πρὸς
2781 4669 2840 4721 τὸ
2877 4670 3026 4739 σφῶν
3068 4671 3323 4740 θέλημα,
3366 4673 3734 4744 ἀπετύγχανεν
3781 4676 3886 4728 τῶν

2339 4755 2589 4819 ἐλπίδων,
2624 4758 2808 4827 ῂσθεὶς
2834 4761 2927 4814 τοῦ
2967 4763 3170 4816 οἰκείου
3198 4767 3430 4834 κράτους
3461 4770 3885 4839 κραταιοτέρους

2337 4839 2476 4897 εἶναι
2513 4848 2638 4910 τοὺς
2681 4849 2759 4918 τῷ
2808 4851 2936 4922 θείῳ
2967 4853 3116 4923 νόμῳ
3140 4855 3604 4926 ὲπερειδομένους.
3642 4856 3884 4930 Παρίημι

687 4954 793 5009 que
844 4948 1109 5008 potestate
1140 4955 1238 4993 sua
1272 4939 1605 5008 potentiores
1641 4954 1782 5000 esse.
1812 4937 2009 5006 quibus
2041 4938 2122 4992 lex
2149 4937 2239 4991 Dei

2238 4983 2239 4988 η
2335 4933 2433 4997 τὰς
2462 4936 2516 4988 ὲν
2547 4940 2656 5000 τοῖς
2676 4941 2911 5010 σεμνίοις
2933 4943 3197 5009 φυλακάς,
3227 4947 3321 4999 καὶ
3351 4947 3475 5011 τοὺς
3512 4951 3885 5020 φρουράρχους

688 5043 796 5098 pra:
826 5028 1125 5081 oculisest.
1172 5025 1437 5079 Praetereo
1493 5039 1737 5078 carceres
1786 5022 1836 5075 iu
1889 5023 2234 5076 monasteriis

685 5120 1004 5176 constitutos
1040 5132 1329 5187 eorumque
1363 5116 1615 5172 custodes
1666 5114 2005 5186 Hegumenos
2060 5115 2231 5184 ipsos,

2341 5025 2694 5096 ἡγουμένους,
2734 5031 2901 5086 πλείω
2948 5037 3054 5089 τῶν
3119 5039 3503 5108 ἐπιταγμάτων
3558 5042 3734 5105 ἐνίους
3791 5061 3886 5096 καο

2341 5123 2567 5182 κούντας
2622 5123 2746 5185 τοὺς
2802 5126 3246 5198 καθειργμένους.
3307 5132 3662 5202 Παραδραμεῐ
3702 5135 3887 5204 μοιτά

2170 5248 2404 5306 ΝΟΤιΕ.

747 5351 822 5431 ,ω
847 5346 1471 5436 ϐιωφίειξςεςειειξξξεὶε.
1484 5359 1730 5436 5995931
1742 5342 2140 5436 ,ιξῆιὶεξξηεὶἱι
2151 5343 2420 5436 siti“???
2455 5345 2856 5436 §irl9ti».'.iquet
2881 5359 3150 5436 ςειι-τιριιο
3176 5369 3363 5436 πρειτο
3386 5362 3545 5436 verba
3569 5365 3748 5436 aliqua
3795 5370 3886 5424 δικ

685 5413 875 5484 fuisse,
897 5433 1017 5488 quae
1043 5413 1531 5484 per—conjecturam
1560 5415 1961 5483 interpretando
1988 5413 2229 5480 suppleri
2258 5427 2271 5472 ;
2326 5415 2411 5468 hic
2455 5419 2584 5472 nihil
2615 5413 2774 5489 addo',
2804 5413 3467 5486 satis'itabcnsrdérécimi.‘
3486 5413 3781 5490 ﬁnias}.

755 5535 867 5606 (25)
912 5533 1322 5606 Sirletustotam
1360 5529 1745 5606 fraternitatem
1782 5537 1988 5598 raptam
2023 5529 2080 5579 in
2119 5541 2239 5606 car-

684 5597 864 5661 cerem
893 5603 1101 5663 scribit,
1121 5601 1264 5670 quod
1285 5617 1405 5654 cutn
1432 5600 1618 5670 Grieco
1659 5597 1939 5670 texturuou
1966 5597 2238 5670 convenit,

685 5677 775 5730 ubi
808 5689 1065 5742 expresse
1102 5665 1338 5741 ponitur,
1388 5668 1606 5740 ἁρπαγὴ
1661 5671 1723 5722 ὲκ
1756 5669 1920 5738 μέσου
1958 5665 2241 5736 τῆς.ἁὸελ·

689 5746 938 5812 φότητος.

2414 5532 2529 5617 (es)
2564 5534 2619 5587 In
2661 5537 2856 5617 Vita
2891 5541 3179 5617 Theodori.
3199 5543 3395 5599 dicitur
3424 5546 3509 5600 hic
3535 5548 3802 5617 relegatus
3829 5551 3886 5604 in

2347 5606 2578 5690 insulam
2635 5611 2948 5690 quamdam,
2981 5627 3043 5690 ex
3100 5613 3166 5690 ii_s
3191 5629 3308 5690 quae
3342 5616 3598 5690 proxima
3636 5606 3758 5672 sunt
3784 5621 3887 5690 By-

2348 5680 2526 5756 aantio
2553 5693 2562 5726 :
2592 5680 2775 5756 eadem
2821 5684 3063 5756 parnajn
3117 5680 3420 5756 Jos‘ephu—mi
3442 5683 3661 5740 fratrem
3687 5698 3738 5742 et
3770 5680 3889 5743 Pl'a-

2347 5749 2524 5795 torrem
2593 5749 2888 5812 sapientem
2971 5749 3700 5825 decretag'haudquaquam
3783 5773 3886 5811 una
