4170 6530
235 462 332 528 841

905 460 1184 522 ORATIO
1225 461 1330 521 XI.
1358 487 1425 498 --
1456 459 1834 521 LAUDATIO
1874 459 1933 518 S.
1976 458 2341 519 PLATONIS
2385 459 2814 521 IIEGUMENI.

3357 460 3461 525 842

241 575 562 644 μετέπειτα,
591 573 750 642 ήνξκα
798 574 1093 642 ἀπαγωγαὶ
1152 575 1245 626 καὶ
1303 575 1639 643 μεταγωγαὶ,
1674 572 1798 624 διω-

1922 571 2060 625 ilura
2129 573 2292 626 etiam
2326 587 2486 643 quam
2513 573 2660 643 jussi.
2682 581 2836 628 erant
2873 571 3011 627 mala
3039 573 3262 630 inclusis
3323 576 3464 631 infe-

235 665 369 735 γμοὶ
400 664 495 717 καὶ
522 664 830 732 ἐξετασμοὶ,
882 664 1241 734 διαχωρισμοί
1284 681 1340 716 τε
1372 659 1440 717 αὖ
1492 664 1586 718 καὶ
1614 663 1803 732 ἀφοριο

236 759 384 827 σμοὶ,
407 757 631 812 ἀπειλαί
665 774 723 810 τε
750 758 844 810 καὶ⁸
868 759 1049 828 ὀργαὶ,
1079 758 1374 828 ἐρωτήσεις
1425 775 1484 810 τε
1557 758 1651 810 καὶ
1679 757 1805 808 ἀντ-

237 851 587 921 αποκρίσεις,
629 850 725 903 καὶ⁹
751 851 779 903 ὁ
807 850 866 902 ὲν
892 851 1043 922 πάσῃ
1067 853 1134 920 τῇ
1168 851 1321 902 πόλει
1346 849 1711 919 κωδωνισμὸς,
1728 850 1801 918 μή

234 940 318 1002 τίς
366 957 468 993 που
493 939 788 1011 κρύπτοιτο
816 938 990 992 λαθὼν
1019 939 1128 992 τῶν
1176 939 1440 1007 ἀδελφῶν,
1473 939 1549 1001 ὼς
1597 939 1691 992 καὶ
1726 940 1804 1002 εἰς

233 1033 376 1094 ὀπὰς
427 1033 528 1102 τῆς
591 1034 690 1103 γῆς
743 1032 853 1086 δέει
901 1031 1014 1084 τῶν
1074 1030 1316 1085 διωκτῶν
1367 1047 1489 1084 τινα
1534 1029 1805 1100 διασωθῆ-

234 1139 348 1175 ναι.

309 1379 414 1449 λη’.
443 1378 551 1432 Καὶ
584 1377 754 1430 ταῦτα
785 1377 925 1448 ὑπὲρ
967 1378 1146 1442 τίνος;
1173 1378 1365 1444 (Πάλιν
1413 1378 1522 1449 γὰρ
1560 1379 1802 1448 ἀναλαμ-

237 1471 422 1523 ϐάνειν
458 1468 714 1535 ἐκπλήξει
752 1467 812 1520 τὸ
844 1468 1028 1537 δρᾶμα
1048 1468 1610 1537 περιπονοῦμαι.)”1να
1635 1473 1662 1523 ὁ
1685 1487 1805 1522 στεο

238 1562 495 1632 φανώσας
541 1562 666 1622 τοὺς
723 1559 1094 1628 μοιχωμένους
1133 1561 1285 1630 παρά
1342 1560 1402 1614 τὸ
1450 1561 1800 1628 Εὑαγγέλιον,

239 1655 387 1706 κατά
417 1651 688 1705 ἀντίοεσιν
725 1650 819 1703 τοῦ
855 1651 1190 1721 Ιιροδρόμου,
1223 1650 1298 1713 ὡς
1345 1651 1654 1720 οἰκονομίαν
1693 1669 1799 1704 σω-

240 1745 428 1814 τήριον
450 1744 514 1812 τῇ
562 1739 861 1812 Ἐκκλησία
881 1741 1196 1810 πεποιηκὼς
1213 1739 1441 1809 ἀοωωθῇ
1467 1742 1767 1811 ἱερουργεῖν
1783 1756 1798 1770 ⁶

241 1833 340 1886 καὶ
369 1833 417 1886 οἱ
447 1831 634 1885 τοῦτον
660 1831 734 1902 μή
771 1831 1122 1901 προσιέμενοι
1154 1831 1547 1898 εύαγγελικῶς,
1581 1832 1802 1902 ἔκνομοι

241 1926 339 1978 καὶ
370 1923 826 1994 ἠλλοτριωμένοιί
859 1923 923 1976 Ὠ
946 1922 1173 1975 διώκτου
1210 1919 1431 1992 πικροῦ,
1473 1923 1799 1993 Χριστιανοῦ
1837 1903 1875 1956 Β

243 2013 614 2083 προσηγορίαν
640 2011 873 2082 ἔχοντος,
915 2013 1008 2064 καὶ⁵
1057 2010 1292 2082 Χριστοῦ
1327 2012 1522 2080 νόμους
1553 2029 1801 2064 καταπα-

239 2105 450 2157 τεῖσθαι
488 2103 738 2168 ζέοντοςι
775 2103 839 2155 Τί
867 2103 1009 2155 οὕτω
1041 2101 1313 2172 μέμηνας,
1355 2103 1682 2173 βαρυκάρδιε
1710 2104 1803 2156 καὶ

241 2194 607 2263 ἀπηνέστατε,
654 2194 748 2245 σὺν
789 2192 867 2262 τῷ
932 2194 1221 2263 ὁμοτρόπῳ
1265 2209 1357 2243 σου
1408 2191 1663 2262 σκύμνῳς
1694 2193 1806 2246 Ούκ

241 2285 399 2339 οἶσθα
412 2285 508 2337 ’ὅτι
541 2285 672 2354 πρὸς
702 2284 1004 2353 ἀηττήτους
1057 2284 1254 2354 νόμους
1316 2283 1450 2337 Θεοῦ
1481 2286 1807 2358 παραστήσῃ

242 2376 339 2439 cii;
390 2376 564 2438 οὐδεὶς
615 2375 1045 2446 βασιλευσάντων
1129 2375 1416 2443 νενίκηκε;
1463 2375 1540 2446 μὴ
1581 2376 1662 2428 ὃτι
1745 2391 1806 2443 γε

243 2467 342 2520 καὶ
399 2467 782 2537 προσκρούσας
831 2466 1014 2529 αὐτοῖς
1074 2466 1150 2528 ὡς
1188 2468 1273 2529 σὺ,
1325 2466 1636 2538 περιφανῶς
1701 2467 1807 2520 ἀπ-

245 2574 438 2611 ιυλετο.

322 2841 423 2894 λο’.
467 2838 611 2892 Ἀλλ’
638 2838 682 2890 ῶ
711 2839 724 2891 l
757 2838 873 2903 πῶς
909 2841 1156 2912 ἀπήγετο
1179 2841 1207 2894 ὁ
1225 2839 1319 2893 τοῦ
1347 2838 1481 2893 Θεοῦ
1520 2839 1810 2911 θεράπων;

249 2932 341 2984 ἐπ’
373 2929 533 2983 αὑτὸν
559 2927 665 2998 γὰρ
712 2929 996 3000 ὲπανίημι.
1043 2930 1211 2984 Πάλιν
1264 2928 1682 3000 μεθοριζόμενος
1722 2932 1813 2981 καὶ

251 3025 418 3077 πάλιν
443 3021 817 3092 διασπώμενος
852 3023 957 3076 ὑπὸ
981 3021 1125 3075 δυοῖν
1157 3019 1217 3075 τε
1264 3021 1701 3092 σκηριπτόμενος
1724 3021 1812 3074 διὰ

251 3119 313 3170 τὸ
346 3116 421 3186 μή
463 3114 664 3183 ἰσχύειν
695 3114 776 3166 ἔτι
829 3114 1166 3184 προϐαίνειν,
1215 3113 1501 3182 ἑλκόμενος
1527 3112 1596 3166 αὖ
1627 3129 1686 3165 τε
1724 3111 1815 3164 καὶ

1909 671 2108 716 rentes.
2165 661 2432 716 Pnetereo
2467 677 2588 731 quae
2621 671 2807 731 postea
2854 660 2996 716 facta
3049 673 3198 726 sunt,
3243 669 3463 734 quando

1907 749 2051 804 aliud
2081 752 2214 805 nihil
2246 753 2435 806 audire
2462 763 2579 806 erat
2626 767 2790 822 quam
2848 753 3225 818 abductiones,
3277 755 3465 808 tradu-

1907 840 2134 904 ctiones,
2171 843 2598 910 persecutiones,
2630 845 2976 912 quaestiones,
3047 844 3463 914 disjunctiones,

1908 932 2285 1002 relegationcs,
2320 939 2514 1000 minas,
2543 935 2775 1000 furores,
2823 935 3288 1005 investigationes;
3321 945 3465 991 tota-

1907 1037 2014 1093 que
2039 1023 2171 1078 urbe
2193 1033 2593 1094 perstrepentes
2610 1026 3081 1094 proclamationes;
3105 1028 3309 1096 nequis
3337 1027 3466 1080 Fra-

1905 1123 2048 1167 trum
2090 1115 2300 1182 uspiam
2330 1115 2500 1170 latens
2530 1116 2994 1180 absconderetur;
3029 1118 3163 1170 adeo
3199 1127 3258 1170 ιιι
3293 1119 3346 1170 in
3371 1132 3466 1171 ca-

1905 1207 2086 1261 vernis
2113 1215 2287 1271 terraa,
2323 1219 2734 1278 persecutorum
2769 1218 2935 1271 metu,
2971 1210 3199 1263 salutem
3229 1211 3462 1278 quaesie-

1909 1297 2016 1349 rint
2044 1298 2234 1365 aliqui.

1975 1388 2062 1442 '58.
2095 1387 2216 1442 Haec
2236 1396 2414 1443 autem
2430 1390 2610 1444 omnia
2633 1406 2737 1460 qua
2763 1391 2829 1445 de
2846 1406 3012 1448 causa
3038 1395 3061 1448 ξ’
3090 1395 3302 1465 (iterum
3319 1395 3463 1451 enim

1905 1493 2014 1547 pne
2044 1478 2398 1534 admiratione
2441 1495 2604 1550 cogor
2654 1497 2765 1536 rem
2811 1487 3125 1552 exponere.)
3172 1485 3241 1540 Ut
3273 1501 3466 1554 nempe

1907 1567 1952 1620 is
1989 1568 2080 1636 qui
2125 1569 2401 1623 adulteros
2467 1580 2822 1625 coronaverat
2859 1581 3050 1626 contra
3113 1572 3462 1643 Evangelinm

1903 1667 1956 1711 ct
1988 1671 2177 1712 coatra
2203 1659 2567 1716 Prrecursoris
2615 1664 2945 1732 exemplum,
2981 1674 3240 1733 tanquam
3276 1664 3466 1720 Eccle-

1904 1746 1997 1802 siae
2038 1747 2154 1800 utili
2184 1747 2511 1804 discretione
2541 1766 2692 1815 usus,
2731 1751 2950 1819 impune
2985 1753 3156 1807 sacris
3202 1767 3459 1822 operare-

1906 1847 2035 1892 tur:
2069 1840 2272 1907 quique
2301 1839 2477 1904 illum,
2544 1841 2872 1911 evangelicis
2922 1843 3205 1911 praeceptis
3252 1845 3465 1898 obtem-

1905 1937 2177 1997 perantes,
2231 1945 2338 1984 non
2404 1930 2766 1994 admitterent,
2806 1932 2954 2000 impii
2983 1948 3012 1986 a
3044 1932 3262 2003 Deoque
3290 1935 3453 1989 alieni

1905 2020 2274 2084 crederentur,
2320 2017 2364 2074 Ο
2419 2020 2616 2074 divina:
2653 2021 2786 2091 legis
2834 2023 3371 2090 praevaricationem!
3433 2040 3466 2078 ο

1907 2108 2162 2163 acerbum
2196 2121 2624 2179 persecutorem,
2687 2112 2778 2181 qui
2806 2125 3004 2167 nomen
3036 2114 3331 2170 Christiani
3393 2112 3469 2168 fe-

1907 2217 2052 2266 rens,
2104 2202 2307 2259 Christi
2343 2204 2485 2274 leges
2544 2206 2875 2262 conculcare
2931 2208 3252 2278 satagebat!
3323 2207 3466 2274 Quid

1908 2303 2058 2348 tanto
2103 2295 2286 2350 furore
2339 2297 2477 2364 agis,
2507 2311 2539 2350 ο
2583 2298 2769 2366 gravis
2817 2298 2982 2352 corde
3013 2307 3065 2352 et
3100 2299 3469 2354 inclementis-

1909 2401 2066 2450 sime,
2095 2401 2198 2440 una
2229 2401 2350 2440 cum
2384 2387 2544 2442 simili
2578 2388 2672 2441 tibi
2704 2389 2884 2443 catulo
2913 2389 3027 2460 (27)
3053 2389 3099 2442 ?‘
3127 2388 3311 2446 Nescit
3339 2395 3467 2462 quia

1911 2475 2108 2528 bellum
2162 2476 2258 2530 tibi
2287 2484 2367 2530 est
2409 2477 2668 2531 adversus
2702 2477 3098 2547 insuperabiles
3165 2481 3258 2534 Dei
3299 2481 3465 2550 leges.

1909 2576 2094 2620 contra
2169 2581 2305 2635 quas
2369 2575 2492 2621 ante
2539 2576 2590 2622 te
2650 2567 3034 2636 imperantium
3095 2584 3255 2625 nemo
3309 2572 3471 2627 victo-

1911 2659 2044 2712 riam
2099 2659 2368 2713 obtinuit?
2421 2659 2667 2728 quinimo
2696 2661 3036 2730 quiscunque
3087 2664 3187 2726 eis,
3243 2665 3320 2719 uti
3386 2674 3467 2730 tu,

1912 2749 2141 2812 restitit,
2181 2749 2372 2805 incidit
2395 2750 2448 2804 in
2474 2749 2818 2805 manifestum
2842 2752 3087 2806 exitium.

1982 2840 2070 2895 59.
2103 2840 2206 2895 Sed
2247 2843 2315 2894 o!
2353 2857 2459 2911 qua
2491 2841 2702 2897 ratione
2746 2841 3010 2898 abductus
3057 2853 3140 2898 est
3180 2843 3268 2898 Dei
3299 2842 3471 2900 famu-

1916 2928 1998 2983 lus
2021 2929 2043 2982 ?
2067 2929 2134 2982 ad
2187 2929 2339 2983 illum
2372 2929 2517 2984 enim
2572 2931 2864 2984 revertitur
2916 2932 3111 2985 oratio.
3147 2930 3358 2989 Rursus
3378 2935 3475 2988 're-

1916 3016 2142 3084 legatus,
2210 3034 2400 3074 rursus
2447 3021 2742 3075 distractus
2794 3035 2822 3074 a
2879 3021 3054 3087 nobis,
3089 3033 3142 3077 et
3182 3036 3212 3075 a
3261 3023 3474 3079 duobus

1920 3106 2231 3161 hominibus
2269 3117 2592 3176 protrusus;
2633 3124 2698 3164 eo
2752 3112 2897 3179 quod
2956 3113 3188 3181 amplius
3226 3115 3475 3184 progredi

255 3207 705 3278 περισυράμενος,
737 3206 831 3259 καὶ
860 3205 1056 3275 Θρῆνον
1077 3204 1321 3273 ἐμποιῶν
1337 3205 1436 3272 τῆς
1463 3203 1648 3256 ἀδίκου
1675 3203 1815 3270 πρά-

1922 3197 2184 3265 nequiret,
2239 3199 2560 3253 trahebatur
2605 3201 2822 3266 iterum,
2847 3202 3294 3275 raptabaturqnc,
3330 3213 3384 3258 et
3410 3206 3475 3260 ad

255 3299 390 3362 ξεως
457 3297 552 3350 καὶ
605 3297 783 3359 αὐτοῖς
847 3297 959 3358 τοῖς
1018 3295 1358 3364 ἀναισθήτοις
1407 3293 1595 3356 λίθοις.
1629 3294 1816 3346 Βοάτω

253 3389 430 3444 ταῦτα
457 3390 484 3441 ὁ
508 3387 602 3440 τοῦ
634 3387 953 3458 περιϐοήτου
992 3386 1268 3458 μάρτυρος
1291 3387 1589 3456 Μάμαντος
1606 3386 1782 3455 χῶρος
1799 3401 1812 3416 ⁸

254 3477 520 3548 γραφέτω
545 3476 781 3546 ταῦταή
836 3477 1218 3548 φρουρήσασα,
1255 3477 1395 3546 μετὰ
1444 3476 1542 3545 τὴν
1593 3475 1816 3544 πρώτην

255 3569 351 3622 τοῦ
378 3567 608 3635 ἀδελφοῦ
639 3569 898 3638 φρουρὰν,
930 3568 1022 3619 τὸν
1083 3567 1186 3636 τῆς
1239 3566 1522 3628 εὐσεϐείας
1578 3566 1817 3635 φρουρὸν

255 3660 406 3724 ὀξεῖα
439 3661 620 3728 νῆσος.
651 3658 755 3711 Φεῦ
778 3659 878 3728 τῆς
910 3658 1213 3728 ἀναλγήτου
1264 3656 1510 3728 καρδίας,
1557 3657 1684 3721 τῶν,
1719 3656 1819 3709 οὐκ

255 3747 353 3804 οἷδ’
373 3752 524 3813 ὅπως
551 3750 841 3821 εὐπρεπῶς
886 3751 1117 3820 εἴποιμι,
1148 3737 1624 3819 στρατιομονάχων
1649 3747 1821 3816 φυλά-

259 3843 406 3896 κωνί
447 3842 669 3895 Ἐθεντο
703 3842 794 3894 τὸν
831 3843 1035 3895 δίκαιον
1083 3841 1378 3912 μονώτατοι
1423 3842 1498 3903 ὡς
1539 3842 1596 3892 ὲν
1636 3840 1821 3908 λάκκῳ

259 3934 561 4003 κατωτάτω
594 3933 651 3984 ἐν
675 3950 778 3985 τινι
811 3932 994 4002 κέλλῃ,
1039 3931 1447 4001 τετρυχωμένον
1484 3931 1586 4001 ἤδη
1620 3929 1696 3999 τῷ
1725 3932 1822 4000 γή-

261 4043 345 4094 ρει
378 4025 472 4077 καὶ
506 4025 572 4093 τῇ
605 4023 744 4092 νόσῳ
793 4021 1115 4092 βαλλόμενον
1138 4039 1151 4054 ο
1177 4023 1366 4076 εἴασαν
1405 4021 1492 4090 ὑφ’
1529 4021 1610 4073 ἑνὶ
1630 4021 1820 4091 δούλῳ,

258 4118 309 4170 oi
344 4114 522 4168 δοῦλοι
545 4114 653 4167 τῶν
696 4117 846 4169 κάτω
897 4116 991 4168 καὶ
1065 4113 1159 4166 τοῦ
1205 4114 1502 4184 Καίσαρος,
1546 4114 1634 4166 τὸν
1681 4114 1824 4166 ὅσιον

261 4205 412 4269 ἃπαξ
436 4208 499 4276 τῇ
532 4206 710 4276 ἡμέρᾳ
737 4205 768 4276 ἢ
801 4205 880 4267 δὶς
905 4203 1310 4274 ὑπηρετεῖσθαι.
1349 4203 1646 4257 Ἦντιϐόλει
1680 4206 1707 4256 ὁ
1734 4203 1824 4271 γέ-

263 4314 374 4366 ρων
407 4297 864 4367 μετακομίζεσθαι
894 4297 1030 4367 πρὸς
1057 4298 1360 4364 ἀναγκαίαν
1399 4296 1587 4367 χρείαν
1605 4295 1698 4348 τοῦ
1723 4294 1824 4347 σώ-

264 4403 434 4456 ματος
457 4385 556 4459 [τι]
590 4388 684 4440 καὶ
709 4390 737 4440 δ
761 4386 1028 4456 δυσμενὴς
1050 4385 1342 4448 ὠνείδιζεν·
1367 4386 1508 4456 ᾔτει,
1535 4385 1642 4436 τῶν
1686 4382 1827 4436 κατὰ

262 4478 364 4548 τὴν
381 4477 665 4531 ἀσθένειαν
689 4477 1030 4547 ἐπιτηδείων,
1057 4476 1149 4530 καὶ
1165 4478 1192 4529 ὁ
1207 4477 1502 4546 δύστροπος
1523 4476 1641 4528 κατ’
1661 4472 1825 4526 αὐτοῦ

1918 3287 2191 3356 planctum
2225 3304 2320 3356 pro
2371 3291 2688 3359 indignitate
2726 3291 2984 3349 facinoris
3035 3297 3286 3350 movebat
3331 3298 3478 3365 ipsos

1917 3377 2078 3430 etiam
2118 3377 2462 3433 insensibiles
2509 3380 2735 3447 lapides.
2787 3379 3034 3436 Testetur
3083 3383 3197 3438 haec
3252 3385 3480 3456 insignis

1920 3465 2170 3538 Martyris
2202 3467 2491 3524 Mamantis
2545 3469 2712 3541 Regio
2741 3490 2756 3537 ;
2797 3473 3021 3537 scribat,
3050 3488 3172 3544 quae
3219 3486 3343 3544 post
3369 3479 3478 3546 pri-

1919 3573 2062 3611 mam
2090 3557 2275 3614 fratris
2305 3561 2405 3614 mei
2437 3562 2741 3615 custodiam
2796 3563 3075 3617 custodem
3111 3566 3330 3634 pietatis
3368 3570 3481 3621 vin-

1919 3658 2064 3702 ctum
2097 3649 2304 3714 habuit,
2344 3650 2796 3720 abruptainsula.
2834 3651 2945 3706 Vah
2985 3655 3212 3709 immitia
3241 3670 3479 3727 pectora,

1921 3742 2387 3798 monachorumne
2421 3744 2619 3808 dicam,
2657 3761 2723 3800 an
2769 3745 3041 3813 militum,
3088 3749 3288 3818 quibus
3329 3766 3480 3806 com-

1921 3833 2089 3887 missa
2151 3833 2334 3890 Sancti
2391 3838 2639 3892 custodia
2681 3839 2825 3892 fuit?
2851 3841 3025 3895 solum
3064 3858 3211 3908 eum,
3244 3846 3391 3901 velut
3428 3849 3481 3902 in

1922 3925 2040 3980 lacu
2080 3927 2344 3991 inferiori,
2376 3940 2680 3997 posuerunt
2711 3931 2764 3984 in
2795 3933 2930 3987 cella
2962 3936 3217 4003 quadam,
3246 3938 3357 4009 jam
3400 3957 3486 3996 se-

1925 4017 2014 4070 nio
2047 4017 2353 4073 confectum
2394 4029 2448 4074 et
2487 4021 2679 4075 morbo
2709 4033 3024 4091 gravatum;
3058 4027 3239 4097 ibique
3263 4045 3295 4084 a
3337 4046 3486 4084 man-

1924 4111 2067 4180 cipio
2100 4125 2228 4176 uno,
2255 4111 2357 4181 ipsi
2386 4112 2659 4182 mancipia
2691 4116 2876 4169 mundi
2921 4118 3283 4186 Ctesarisque,
3316 4120 3483 4174 facie-

1926 4201 2055 4254 bant
2105 4201 2154 4255 ei
2209 4202 2505 4255 ministrari
2563 4203 2730 4258 semel
2763 4215 2857 4259 aut
2898 4207 2980 4259 bis
3029 4207 3082 4260 in
3111 4208 3217 4263 die.
3248 4209 3488 4280 negabat

1926 4305 2085 4344 senex
2114 4290 2295 4343 aficrri
2347 4291 2449 4345 sibi
2500 4293 2778 4363 quidpiam
2810 4295 2877 4349 ad
2919 4297 3163 4366 corporis
3196 4301 3489 4355 necessita-

1927 4391 2053 4444 tem,
2114 4389 2167 4434 et
2222 4380 2421 4437 efferus
2479 4383 2569 4438 ille
2623 4386 2724 4440 hoc
2754 4385 2801 4439 ei
2833 4389 3195 4456 exprobrabat
3227 4409 3239 4444 :
3272 4394 3490 4458 petebat

1928 4472 2127 4541 aliquid
2175 4473 2365 4526 morbo
2417 4486 2824 4544 congruum,et
2873 4478 3076 4532 Ostium
3107 4480 3156 4534 ei
3205 4481 3490 4537 claudebat

263 4570 363 4638 τὴν
401 4567 572 4638 Θύραν
596 4566 804 4620 ἐκλειεν
829 4583 843 4599 ο
869 4566 963 4618 καὶ⁸
986 4565 1163 4620 ταῦτα
1187 4567 1575 4635 ὑφιστάμενος,
1600 4563 1816 4633 ἀνεξάρς

1928 4564 2229 4619 barbarus:
2263 4574 2316 4619 et
2349 4566 2462 4620 hazc
2494 4568 2768 4623 sustinens
2802 4577 3043 4632 sanctus,
3074 4570 3264 4627 firmus
3307 4573 3359 4626 in
3391 4590 3489 4628 sua

264 4676 424 4730 ιητος
445 4662 545 4728 τῆς
573 4658 742 4728 καλῆς
771 4657 1076 4726 ὁμολογίας,
1111 4652 1178 4726 ἧς
1206 4656 1558 4726 ὡμολόγησεν
1597 4654 1825 4706 ἐνώπιον

264 4751 404 4804 Θεοῦ
457 4751 552 4803 καὶ
601 4748 922 4817 ἀνθρώπων.
963 4748 1178 4818 Ἐπειδὴ
1227 4746 1282 4799 δὲ
1339 4748 1402 4799 ὲκ
1445 4747 1543 4815 τῆς
1574 4743 1826 4814 τοιαύτης

266 4841 604 4912 καθείρξεως
644 4839 1026 4909 νοσηλεύεσθαι
1075 4837 1239 4892 αὑτὸν
1296 4837 1640 4890 ὲπιθανάτιον
1688 4835 1827 4904 ἀκή-

267 4952 393 4988 κοεν
423 4938 452 4987 ὁ
488 4936 724 5004 Καῖσαρ,
757 4931 982 5000 μετάγει
1011 4933 1067 4983 ὲν
1097 4929 1172 5000 τῷ
1206 4929 1482 4998 Βυζαντίῳ
1535 4927 1829 4997 μαλαχθεὶς

267 5027 368 5096 τήν
393 5026 704 5095 ἀτεράμονα
743 5023 990 5093 καρδίαν,
1028 5027 1121 5075 καὶ
1152 5021 1390 5088 ἐνεγκὼν
1421 5018 1831 5089 παρασκευάζει

269 5134 383 5182 ται,
412 5115 743 5187 ἐπανορθοῦν
770 5114 928 5184 δῆθεν
961 5115 1023 5165 τὸ
1048 5112 1232 5174 κακῶς
1263 5111 1653 5180 γεγενημένον.
1694 5109 1829 5160 Ἀλλ’

1931 4654 2295 4718 confessione,
2336 4670 2499 4724 quam
2527 4659 2812 4712 confessus
2856 4666 2939 4712 est
2967 4674 3150 4712 coram
3178 4659 3285 4715 Deo
3314 4671 3366 4715 et
3393 4663 3488 4716 ho-

1933 4743 2172 4798 minibus
2229 4760 2509 4813 nunquam
2537 4747 2822 4815 abnegavit
2852 4748 3152 4801 veritatem.
3198 4749 3488 4820 Postquam

1934 4850 2060 4889 vero
2091 4836 2354 4890 intellexit
2406 4836 2705 4905 Imperator
2741 4838 2876 4905 (28),
2916 4853 2978 4892 ex
3011 4839 3276 4907 ejusmodi
3309 4851 3492 4896 custo-

1934 4927 2020 4980 dia
2071 4940 2335 4995 azgrotare
2382 4929 2554 4991 illum,
2584 4939 2636 4981 et
2664 4930 2882 4998 quidem
2919 4946 3090 4999 usque
3123 4932 3187 4984 ad
3223 4942 3447 4984 inertem
3478 4951 3490 4991 ;

1937 5019 2174 5071 emollita
2246 5018 2492 5071 nonnihil
2540 5020 2705 5072 animi
2773 5020 3494 5092 inclementia,Byzantium

1937 5107 2216 5163 Platonem
2256 5110 2553 5176 transtulit,
2595 5119 2648 5165 et
2697 5127 2954 5182 reparare
2984 5115 3156 5169 voluit
3181 5114 3324 5182 quod
3359 5117 3497 5168 male

1791 5305 2019 5364 NOTAE.

277 5487 544 5542 utrosque
593 5470 838 5526 custodia
895 5467 1117 5528 includi,
1153 5464 1243 5519 sed
1293 5462 1832 5542 singulosseorsim,

278 5531 352 5606 ita
383 5531 686 5598 utinutuus
706 5542 785 5594 eis
816 5547 1066 5612 aspectus
1091 5542 1394 5612 negaretur,
1428 5533 1589 5612 quod
1617 5531 1836 5583 unicum

276 5604 364 5673 cst
401 5617 453 5668 in
507 5625 727 5666 carcere
783 5609 1059 5662 solatium.
1135 5604 1492 5673 Theophanes
1524 5604 1598 5652 ait
1654 5613 1842 5673 mense

277 5669 543 5741 ianuarin
602 5679 895 5734 indictione
939 5675 1177 5731 secunda
1246 5669 1301 5726 in
1323 5671 1576 5726 exsilium
1631 5669 1841 5737 pulsos,

281 5772 429 5808 anno
466 5751 590 5807 809.

357 5806 484 5891 (27)
511 5821 610 5874 Vix
651 5816 842 5891 dubito
873 5810 1220 5891 quinloseph
1255 5806 1844 5891 (nlleonornustturba:

288 5875 413 5950 ruin
436 5875 626 5947 causa.
649 5875 1001 5952 intelligatur.
1023 5875 1250 5936 Sirle'tus
1273 5879 1470 5933 leonem
1499 5878 1678 5942 vertit,
1702 5875 1846 5945 quod

635 6001 902 6061 PATROL.
947 5995 1060 6054 Gn.
1107 5993 1315 6054 XCIX.

1947 5464 2067 5518 aliis
2092 5465 2434 5536 occasionem
2485 5467 2629 5520 dedit
2684 5465 2914 5521 Leonem
2933 5468 3151 5536 proprio
3180 5468 3399 5523 nomine
3428 5471 3507 5523 sic

1950 5535 2296 5601 appellatum.
2362 5537 2612 5590 fortassis
2673 5535 2993 5599 Isauricum,
3025 5539 3182 5604 cujus
3232 5554 3411 5592 mores
3453 5541 3506 5592 in

1949 5604 2387 5676 lioc_imi_taretur
2416 5605 2769 5676 Nicephorius,
2817 5607 3168 5676 intelligendi.

2019 5673 2131 5744 (28)
2171 5672 2218 5725 IS
2248 5682 2330 5744 εει
2357 5675 2414 5728 S.
2463 5675 2799 5744 Nicephorus
2861 5672 3306 5742 praenominatus,
3349 5676 3509 5742 cujus

1948 5750 2011 5815 et
2035 5743 2264 5815 διῆρε-ιρι)
2300 5742 2498 5815 factum
2542 5742 2797 5815 relinquit
2830 5745 3032 5811 iudicio
3065 5747 3157 5802 Dei
3192 5745 3418 5800 Michael
3457 5747 3509 5798 in

1953 5809 2075 5865 Vita
2111 5811 2166 5866 S.
2195 5809 2479 5866 Theodori.

3007 5989 3086 6045 27
