4170 6476
694 383 797 447 843

1892 382 1948 438 S.
1982 381 2367 442 THEODORI
2399 385 2739 447 STUDlTrE

3824 383 3929 464 844

696 499 879 561 egerat
910 507 920 542 :
956 489 1048 544 sed
1080 488 1339 557 quoniam
1395 501 1584 556 parum
1629 495 1772 539 recta
1803 487 2101 541 intentione
2125 488 2258 541 fere-
2291 533 2300 558 Α

2365 493 2550 562 ἐπειδὴ
2577 495 2678 547 οὐκ
2707 496 2814 548 ἀπὸ
2843 497 3009 565 ὀρθῆς
3046 499 3267 567 γνώμης
3310 501 3337 551 ό
3401 504 3619 568 σκοπὸς,
3673 507 3793 560 ούδέ
3843 512 3929 573 είς

699 586 876 642 batur.
929 582 993 635 ad
1037 581 1197 633 linem
1241 592 1348 632 non
1392 579 1643 646 perduxit
1696 579 1839 646 quod
1883 587 2256 646 proposuerat.

697 674 830 725 Nam
895 673 1070 739 ipsum
1111 669 1354 738 quidem,
1397 668 1705 736 arrogantia
1758 669 2058 734 sublatum,
2119 669 2260 722 haud

697 764 787 814 diu
823 770 944 829 post
968 760 1186 812 robusta
1221 759 1312 812 Dei
1357 774 1553 811 manus
1573 759 1636 811 ad
1673 759 2144 827 Scythasexpulit,
2184 769 2263 813 at-

696 869 802 924 quo
830 867 954 905 cum
1003 860 1116 904 toto
1167 863 1268 905 suo
1311 851 1552 903 exercitu
1595 849 1828 917 perdidit
1854 849 2002 916 (29):
2038 850 2264 904 horren-

696 944 824 996 dum
844 941 1149 1009 exemplum
1170 949 1499 1009 narratuque
1532 940 1772 993 terribile
1794 941 2065 996 secuturis
2096 955 2263 1010 gene-

699 1034 1000 1086 rationibus
1053 1041 1299 1085 statuens
1354 1030 1746 1084 inevitabilium
1779 1030 2113 1099 iudiciorum
2151 1047 2265 1086 sua

701 1122 1120 1192 sapientissimae
1189 1121 1560 1190 providentia.
1620 1120 1886 1175 Sanctum
1941 1136 2065 1174 vero
2115 1122 2263 1192 gregi

701 1233 802 1270 suo
835 1215 1055 1283 proprio
1091 1214 1386 1267 restituens
1410 1223 1570 1266 natus
1595 1212 1683 1282 pie
1717 1222 1846 1267 tunc
1879 1212 2263 1281 imperantium

701 1321 822 1360 cum
855 1306 956 1360 sibi
992 1319 1087 1373 pro
1130 1303 1459 1358 Confessore
1494 1303 1680 1358 haberi
1718 1303 1985 1373 probavit.

767 1395 857 1448 40.
893 1394 1004 1450 lloc
1057 1405 1236 1449 autem
1288 1395 1563 1464 quomodo
1611 1395 1848 1450 accidit?
1873 1411 1971 1450 nec
2009 1396 2152 1451 enim
2181 1389 2266 1450 di-

699 1503 864 1558 gnum
917 1494 998 1540 est
1041 1486 1306 1554 przeteriri
1364 1487 1604 1540 silentio.
1635 1487 1836 1541 Eorum
1885 1501 2015 1541 cura
2045 1489 2135 1558 qui
2165 1502 2264 1541 no-

701 1589 876 1634 strum
905 1577 1098 1647 agendi
1126 1576 1372 1642 modum,
1393 1577 1578 1631 animo
1603 1579 1864 1633 benevolo
1893 1579 2050 1633 nobis
2067 1594 2264 1649 quam-

702 1669 783 1724 vis
841 1668 1137 1732 contrario,
1178 1667 1577 1736 improbabant,
1632 1670 1908 1723 sublatum
1937 1670 2265 1725 estemedio

701 1763 1043 1826 scandalum,
1083 1769 1302 1831 propter
1352 1761 1500 1829 quod
1533 1775 1563 1813 a
1598 1759 1915 1815 Patriarcha
1977 1760 2117 1816 facta
2151 1771 2266 1816 erat

701 1869 882 1910 secess
906 1863 978 1919 o';
1008 1854 1363 1907 intercessere
1419 1860 1641 1907 orantes
1682 1851 1960 1921 Principes
1989 1871 2002 1917 ;
2035 1853 2264 1907 sanctis-
2295 1848 2336 1902 Β

701 1948 873 2002 simus
902 1944 1214 1998 Patriarcha
1242 1944 1546 2008 excusavit,
1574 1944 1757 1998 omnia
1795 1961 1860 1998 ex
1881 1946 2113 2013 quadam
2141 1945 2260 2014 epi-

699 2037 787 2091 kia
829 2045 1044 2106 pr0pter
1077 2033 1463 2105 Imperatorem
1489 2033 1631 2088 facta
1678 2033 1866 2088 fuisse.
1903 2032 2136 2088 Secutus
2182 2045 2267 2089 est

701 2141 1035 2195 congressus
1086 2133 1140 2179 et
1196 2124 1566 2179 reconciliatio
1619 2140 1740 2176 cum
1797 2125 1944 2178 dicto
1988 2123 2263 2179 Prtesule:

701 2218 828 2284 quia
861 2214 968 2269 Deo
1002 2215 1136 2268 nihil
1165 2224 1250 2269 est
1273 2214 1493 2268 charius
1516 2214 1660 2266 bono
1691 2215 1838 2282 pacis
1857 2224 1910 2269 et
1939 2217 2265 2281 concordiae,

700 2310 918 2375 quando
950 2306 1038 2360 illa
1066 2305 1358 2361 concordia
1391 2320 1496 2360 non
1535 2315 1620 2360 est
1650 2307 1731 2360 vel
1759 2307 2093 2361 dissonantia
2121 2325 2150 2362 a
2170 2324 2261 2363 ve-

702 2415 760 2452 ra
791 2399 914 2462 (ide,
939 2398 1023 2451 vel
1043 2397 1211 2455 divini
1234 2396 1476 2451 mandati
1511 2399 1898 2467 transgressio,
1925 2400 2266 2468 autdenique

701 2490 928 2543 canonis
957 2489 1192 2558 alicujus
1238 2488 1523 2558 abrogatio
1551 2506 1564 2554 ;
1596 2489 1810 2558 qualem
1855 2490 2020 2555 illam,
2061 2492 2126 2545 de
2157 2507 2264 2561 qua

703 2596 848 2633 nunc
902 2580 1138 2648 agimus,
1197 2594 1304 2632 non
1360 2578 1551 2642 fuisse,
1583 2590 1847 2648 quantum
1905 2583 2127 2649 quidem
2163 2598 2264 2637 nos

700 2668 914 2732 attinet,
942 2676 1086 2735 putet
1118 2682 1307 2722 sanam
1354 2677 1587 2722 mentem
1638 2669 1958 2724 habentibus
1992 2687 2006 2723 :
2039 2685 2160 2726 cum
2199 2687 2264 2727 ea

699 2776 821 2830 qua:
857 2761 1073 2814 interim
1101 2769 1250 2831 gesta
1282 2769 1439 2814 erant
1467 2759 1862 2826 dimiserimus,
1898 2772 2153 2832 tanquam
2190 2764 2264 2819 si-

701 2853 849 2905 milia
899 2854 966 2906 iis
1008 2867 1128 2922 qua:
1171 2853 1299 2907 olim
1346 2853 1449 2908 sub
1484 2853 1683 2907 divinis
1719 2853 1970 2910 Patribus
1993 2856 2258 2922 accidere,

2363 585 2533 653 πέρας
2555 584 2798 655 ἀγειτὴν
2827 590 3102 659 πρόθεσιν.
3157 591 3259 643 Τὸν
3310 594 3406 660 μὲν
3451 597 3579 663 γὰρ,
3642 599 3734 650 ἐπὶ
3792 602 3927 653 πολὺ

2368 677 2798 745 μετεωρισθέντα
2853 682 2922 749 τῇ
2981 682 3230 751 ἀπονοία,
3275 686 3306 752 ή
3350 687 3582 753 κραταιὲ
3653 689 3773 758 χεὶρ
3831 692 3928 744 τοῦ

2363 764 2496 818 Θεοῦ
2547 768 2626 829 είς
2677 769 2887 832 Σκύθας
2939 772 3292 836 ἐκτοπίσασα,
3359 777 3536 828 ἐκεῖσε
3593 783 3930 850 πανστρατεὶ

2365 855 2583 921 ὤλεσεν,
2619 859 2862 929 διήγημα
2890 862 3120 932 φοϐερὸν
3167 866 3259 916 καὶ
3291 865 3510 936 λάλημα
3549 872 3776 939 φρικτὸν
3807 877 3927 936 ταῖς

2369 948 2661 1016 μετέπειτα
2681 953 2894 1016 γενεαῖς
2929 956 3216 1023 χριμάτων
3258 958 3566 1024 ἀνετίκτων
3586 961 3688 1028 τῆς
3733 962 3928 1017 ἑαυτοῦ

2369 1039 2686 1108 σοφωτάτης
2702 1042 3010 1110 οἰκονομίας
3028 1047 3489 1116 ὲγκαταλείψασαο
3508 1050 3598 1102 τὸν
3617 1050 3673 1103 δὲ
3689 1052 3784 1104 σὺν
3798 1054 3930 1121 ήμῖν

2369 1129 2509 1198 ῥοπὴ
2547 1131 2653 1183 τῶν
2691 1133 2990 1202 τηνικαῦτα
3039 1137 3278 1200 εὐσεϐῶς
3340 1139 3798 1207 βασιλευσάντων,
3847 1147 3930 1208 είς

2366 1218 2463 1288 τήν
2492 1221 2696 1274 οἰκείαν
2721 1224 2880 1276 πάλιν
2925 1229 3159 1297 ποίμνην
3209 1231 3738 1302 ἀποκαταστήσασα,
3799 1237 3930 1305 όμο-

2365 1309 2604 1380 λογητὴν
2637 1313 2845 1377 ἑαυτοῖς
2878 1316 2948 1385 (It)
2983 1318 3380 1375 ἀναδείκνυσιν.

2439 1401 2513 1472 μ’.
2544 1404 2654 1455 Καὶ
2695 1404 2852 1458 τοῦτο
2885 1407 3039 1475 πῶς;
3088 1409 3208 1463 ούδέ
3247 1412 3354 1482 γάρ
3393 1414 3724 1485 παραλιπεῖν
3756 1417 3926 1483 ἄξιον.

2365 1491 2609 1562 Φροντίδι
2635 1493 2745 1548 τῶν
2774 1496 3222 1567 ἐπισκηπτόντων
3249 1501 3317 1554 τά
3345 1504 3464 1556 καθ’
3487 1507 3652 1575 ἡμᾶς,
3672 1508 3930 1571 εύνοῖκῶς

2366 1599 2426 1635 τε
2467 1583 2499 1653 ἢ
2536 1586 2629 1637 καὶ
2657 1587 2969 1653 ἀντιθέτως,
3004 1590 3147 1660 ήρθη
3187 1594 3252 1645 ἐκ
3287 1595 3453 1663 μέσου
3502 1596 3564 1650 τὸ
3613 1599 3927 1666 σκάνδαλον,

2365 1675 2432 1728 δι’
2467 1670 2528 1729 οὗ
2553 1678 2705 1748 καὶή
2756 1679 2989 1750 διαφορά
3033 1683 3168 1753 πρὸς
3212 1685 3302 1737 τὸν
3335 1689 3692 1758 ίεραρχοῦντα
3724 1707 3738 1722 ο
3772 1693 3928 1744 ἐδυσ-

2368 1768 2598 1839 ώπησαν
2657 1773 2706 1824 οί
2742 1773 3089 1844 κρατοῦντες,
3143 1779 3520 1849 ἀπελογήσατο
3548 1784 3576 1836 ό
3626 1783 3929 1851 ἀγιὼτατος

2366 1863 2709 1934 πατριάρχης
2743 1866 2920 1920 πάντα
2954 1868 3024 1921 τὰ
3049 1871 3386 1940 γεγενημένα
3415 1873 3474 1938 ἐξ
3511 1874 3838 1938 ἐπιεικείαις
3862 1877 3928 1945 (Ι)

2367 1947 2505 2004 εἶναι
2556 1955 2648 2006 τοῦ
2700 1955 3135 2024 βασιλεύσαντος.
3180 1962 3495 2030 Τηνικαῦτα
3550 1969 3582 2036 ή
3655 1969 3926 2039 σύμϐασς,

2367 2044 2462 2096 καὶ
2499 2045 2531 2112 ή
2567 2045 2701 2114 πρὸς
2733 2048 2894 2100 αὐτὸν
2918 2048 3237 2118 ἀφοσίωσις,
3279 2053 3361 2106 ὅτι
3411 2057 3546 2125 μηδὲ
3610 2059 3765 2126 φίλον
3811 2061 3932 2130 Θεῷ

2366 2133 2493 2187 ἄλλο
2525 2151 2576 2186 τι
2605 2134 2679 2198 ὡς
2704 2136 2761 2188 τὸ
2783 2137 2880 2205 τῆς
2912 2141 3134 2209 είρήνης
3175 2143 3272 2195 καὶ
3309 2145 3559 2214 ὁμονοίας
3579 2149 3764 2214 καλὸν,
3793 2153 3932 2204 ἐπὰν

2367 2226 2400 2294 ή
2438 2225 2658 2293 ὁμόνοια
2697 2228 2757 2279 οὐ
2795 2228 3062 2297 διαφωνία
3094 2234 3353 2299 πίστεως,
3396 2238 3516 2292 οὑδέ
3544 2241 3765 2312 ἐντολῆς
3794 2243 3930 2295 Θεοῦ

2371 2317 2703 2386 παράϐασις,
2730 2320 2840 2373 οὐδ’
2873 2323 2937 2374 οὐ
2990 2325 3096 2393 μὴν
3111 2327 3332 2391 κανόνος
3351 2328 3626 2402 ἀθέτησις,
3646 2334 3722 2397 ὡς
3739 2336 3769 2404 ή
3788 2353 3931 2404 παρ·-

2369 2408 2503 2462 οῦσα
2527 2409 2816 2476 δέδεικται,
2842 2413 2963 2466 ὅσον
2990 2416 3050 2468 τὸ
3081 2419 3202 2470 καθ’
3231 2422 3397 2489 ήμᾶς,
3427 2426 3541 2485 τοῖς
3575 2424 3699 2478 νοῦν
3722 2427 3928 2495 ἔχουσι,

2370 2499 2436 2551 τὰ
2473 2499 2559 2552 διά
2619 2503 2788 2570 μέσου
2843 2505 3053 2574 χαίρειν
3102 2509 3385 2573 ἐάσαντας,
3415 2512 3488 2574 ὡς
3512 2514 3791 2584 ὁμότροπα
3819 2521 3932 2580 τοῖς

2372 2587 2540 2640 πάλαι
2569 2589 2662 2641 ἐπὶ
2687 2592 2795 2643 τῶν
2819 2587 3096 2665 θεοφόρων
3129 2597 3384 2668 Πατέρων
3414 2603 3810 2673 συμϐεϐηκόσι,
3839 2610 3936 2660 καὶ

2371 2678 2630 2743 ὡσαύτως
2657 2685 3018 2755 οίκονομικῶς
3049 2692 3510 2761 παρεωραθέῐσιν,
3547 2698 3750 2766 μᾶλλον
3770 2700 3828 2753 δὲ
3857 2701 3933 2764 ὡς

2367 2768 2465 2861 τῆς
2519 2771 2724 2826 τούτων
2779 2778 3043 2847 ἀκριϐοῦς
3101 2782 3401 2849 ἐξετάσεως
3449 2789 3506 2840 ἐν
3552 2788 3629 2860 τῷ
3681 2792 3930 2861 μέλλοντι

2367 2858 2524 2912 αἰῶνι
2554 2860 2631 2930 τῷ
2651 2862 2932 2937 ἀδεκάστῳ
2953 2874 3112 2942 κριτῇ
3145 2879 3577 2947 ταμιευομένοις.

700 2951 756 2996 et
782 2942 1036 2998 similiter
1065 2957 1160 3012 per
1191 2943 1427 3012 epikiam
1460 2941 1610 2998 luere
1630 2945 2013 3014 dissimulata;
2075 2957 2169 3003 aut
2212 2945 2392 3014 potius
2452 2951 2593 3005 velut
2655 2967 2890 3023 quorum
2937 2941 3244 3020 accuratior
3286 2941 3557 3025 discussio
3613 2969 3931 3042 incorrupto

695 3035 863 3106 judici
895 3044 1202 3092 reservetur
1229 3037 1281 3090 in
1314 3039 1574 3092 saculum
1602 3038 1869 3092 luturum.

1279 3191 1506 3248 CAPUT
1557 3192 1668 3250 Vll.

2951 3209 3198 3265 ΚΕΦΑΛ.
3251 3214 3321 3265 Ζ’.

1502 3307 1784 3363 Extremus
1850 3313 2020 3366 sancti
2070 3312 2310 3368 Platonis
2375 3315 2616 3381 morbus,
2655 3325 2703 3369 et
2759 3319 2878 3384 pius
2950 3320 3142 3376 obitus.

767 3447 853 3500 4t.
890 3447 1019 3502 Post
1052 3445 1166 3498 haec
1202 3459 1306 3499 non
1347 3447 1581 3516 amplius
1622 3450 1868 3508 inclusus
1914 3452 2048 3506 vixit
2086 3442 2300 3517 Pater,‘

2439 3453 2631 3523 μα’.Τί
2659 3454 2724 3508 τά
2748 3455 2885 3524 μετά
2904 3455 3106 3523 ταῦτα;
3149 3460 3345 3514 Οὐκέτι
3371 3465 3398 3517 ὁ
3431 3466 3618 3539 Πατήρ
3649 3470 3928 3538 ἐγκεκλει-

697 3556 869 3609 neque
927 3537 1073 3593 enitn
1123 3537 1270 3592 vires
1319 3549 1474 3593 erant
1531 3541 1611 3596 vel
1646 3543 1712 3596 ad
1765 3546 1866 3598 hoc
1897 3548 2262 3615 utcorporeis

697 3629 1120 3685 necessitatibus
1157 3628 1357 3684 faceret
1417 3645 1514 3699 per
1571 3648 1630 3686 se
1683 3637 1858 3689 satis:
1921 3639 2014 3691 sed
2066 3647 2261 3707 partim

695 3721 893 3776 lectulo
954 3718 1324 3784 recumbens,
1393 3721 1672 3776 solabatur
1727 3740 1847 3780 sese
1903 3729 2264 3783 retributione

695 3813 1098 3882 praeteritorum
1134 3828 1359 3867 suorum
1392 3815 1756 3870 asceticorum
1795 3824 1849 3872 et.
1881 3819 2260 3874 athleticorum

695 3905 948 3958 laborum
974 3921 987 3968 ;
1015 3905 1215 3970 partim
1240 3903 1292 3957 in
1326 3904 1481 3959 sedili
1516 3907 1990 3975 requiescens,aut
2015 3910 2261 3966 Psalmos

695 3993 982 4048 Davidicos
1015 3995 1279 4049 vocaliter
1329 3996 1613 4062 recitabat,
1649 4010 1745 4052 aut
1793 4003 2100 4056 mentaliter
2140 4020 2261 4072 pre-

693 4084 923 4138 cabatur
945 4083 1136 4148 Deum,
1171 4093 1266 4137 aut
1295 4085 1501 4154 aliquid
1533 4085 1846 4140 conferebat
1869 4087 1934 4141 ad
1969 4091 2257 4145 utilitatem

694 4174 1080 4237 fraternitatis,
1127 4175 1490 4241 consulendo,
1533 4177 1893 4244 adhortando,
1914 4178 2256 4246 instruendo,

693 4268 1048 4334 conSolando,
1073 4269 1372 4323 secundum
1417 4280 1696 4337 paternam
1723 4285 1879 4325 suam
1912 4271 2248 4326 benevolam.

693 4375 800 4428 que
824 4360 1283 4416 consuetudinem
1314 4378 1325 4411 ε
1363 4375 1472 4414 non
1505 4370 1687 4416 autem
1715 4372 1928 4432 poterat
1955 4366 2136 4433 Operis
2159 4366 2258 4420 ali-

693 4451 823 4520 quid
857 4451 1058 4514 facere,
1099 4460 1192 4505 aut
1228 4467 1367 4521 genu
1393 4452 1742 4514 ﬂectere,aut
1772 4453 1998 4508 lectioni
2029 4470 2246 4520 vacare,

699 4540 806 4594 nisi
831 4550 1100 4609 quantum
1131 4541 1198 4594 ad
1225 4540 1326 4594 hoc
1351 4543 1656 4596 conducere
1677 4555 1888 4612 poterat
1905 4559 2069 4616 opera
2094 4561 2260 4615 prope

697 4647 822 4685 eum
889 4632 1118 4702 legentis
1178 4633 1433 4690 ministri.
1468 4632 1571 4688 Sed
1615 4635 1668 4690 in
1713 4635 1798 4690 his
1835 4637 2261 4691 contristabatur

700 4723 1130 4795 angebaturque,
1164 4727 1322 4795 quasi
1376 4726 1615 4780 animam
1661 4728 2007 4798 perdidisset,
2031 4729 2158 4799 quia
2191 4729 2258 4782 ab

693 4817 976 4871 exercitiis
1005 4817 1390 4886 spiritualibus
1415 4833 1653 4881 cessare,
1685 4828 1739 4872 et
1769 4834 1799 4872 a
1821 4820 2100 4875 laboribus
2130 4835 2254 4875 cor-

693 4904 971 4973 poralibus
999 4920 1195 4960 vacare
1227 4921 1284 4961 se
1308 4907 1547 4961 videbat.
1600 4906 1656 4960 Si
1707 4907 1927 4976 quando
1976 4925 2104 4964 vero
2149 4909 2255 4964 cibi

692 4995 896 5062 aliquid
924 4997 1174 5050 sumebat
1204 5011 1370 5052 causa
1411 4998 1606 5060 morbi,
1637 5007 1730 5051 aut
1771 4998 1991 5054 lavacro
2035 5009 2256 5069 pr0pter

693 5084 1064 5139 obedientiam
1100 5087 1372 5152 utebatur,
1405 5087 1514 5142 Deo
1556 5087 1776 5156 quidem
1805 5089 1999 5158 agebat
2029 5092 2254 5160 gratias,

687 5176 907 5230 dolebat
961 5185 1141 5232 tamen
1194 5189 1412 5249 propter
1451 5179 1690 5232 laxatum
1724 5178 1846 5232 vitae
1874 5179 2076 5248 prioris
2109 5182 2254 5249 rigo-

688 5284 825 5323 rem.
858 5269 1224 5340 Dignissimus
1246 5287 1378 5326 sane
1412 5272 1592 5335 laude,
1630 5271 1724 5341 qui
1773 5272 2062 5342 pulchrum
2095 5289 2252 5329 suum

685 5361 924 5416 stadium
960 5375 1024 5416 ac
1067 5376 1190 5418 vere
1213 5362 1444 5418 solarcm
1489 5376 1710 5416 cursum
1745 5361 1999 5428 absolvit,
2031 5362 2100 5416 ab
2124 5364 2252 5416 obe-

2365 3546 2572 3615 σμένος
2601 3585 2616 3610 ,
2671 3547 2756 3599 ὅτι
2805 3547 2943 3618 μηδέ
2986 3549 3139 3620 ίσχὺς
3166 3552 3314 3622 αὐτῷ
3338 3555 3431 3606 καὶ
3449 3557 3546 3625 τὴν
3561 3559 3654 3613 τοῦ
3677 3563 3928 3633 σώματος

2361 3635 2666 3702 ἀναγκαίαν
2696 3638 2882 3707 χρείαν
2906 3640 3009 3705 κάξ
3033 3642 3198 3696 αὑτοῦ
3223 3645 3514 3700 ποιεῖσθαι·
3547 3649 3684 3704 ἀλλά
3717 3655 3794 3722 πῆ
3828 3660 3924 3726 μὲν

2363 3727 2456 3778 ἐπὶ
2477 3726 2662 3797 κλίνης
2687 3732 3102 3800 κατακείμενος,
3127 3737 3526 3794 ἀναδόσεσιτῶν
3547 3743 3926 3812 προλαϐόντων

2360 3815 2670 3886 ἀσκητικῶν
2695 3821 2786 3873 καὶ
2802 3822 3108 3894 ἀθλητικῶν
3129 3827 3294 3880 αὑτοῦ
3308 3831 3503 3886 πόνων⁹
3520 3834 3593 3904 πῆ
3610 3835 3668 3888 δέ
3688 3837 3783 3890 ἐπὶ
3794 3840 3923 3892 καθ-

2362 3909 2611 3976 ισματίου
2638 3912 3073 3984 ἀναπαυόμενος,
3102 3921 3192 3970 καὶ
3207 3919 3294 3973 διὰ
3312 3923 3560 3996 γλώσσης
3574 3928 3642 3982 τά
3653 3929 3745 3982 τοῦ
3761 3933 3924 3985 Δαυῖδ

2359 3997 2746 4091 φθεγγόμενος,
2770 4005 2863 4056 καί¹
2900 4009 3039 4060 κατά
3057 4009 3183 4062 νοῦν
3217 4011 3296 4081 τῷ
3326 4014 3444 4084 Θεῴ
3463 4021 3921 4091 προσευχόμενος,

2362 4087 2459 4140 ὅσα
2477 4104 2533 4141 τε
2549 4089 2684 4143 ἀλλα
2699 4092 2775 4154 είς
2789 4092 3038 4163 βοήθειαν
3050 4098 3148 4166 τῆς
3161 4099 3517 4174 ἀδελφότητος
3535 4087 3922 4179 συνεισιέέρων,

2369 4179 2746 4250 συμϐουλίαις,
2809 4185 3166 4256 ὑπομνήσεσι,
3207 4191 3536 4259 νουθεσίαις,
3581 4200 3926 4270 παρακλήσε-

2361 4287 2464 4334 σιν,
2496 4271 2637 4325 κατά
2669 4273 2770 4344 τήν
2790 4274 3170 4344 προλαϐοῦσαν
3217 4281 3368 4350 αυτῷ
3410 4286 3685 4355 πατρικὴν
3715 4290 3810 4342 καὶ
3833 4292 3924 4342 εὑ-

2363 4363 2546 4434 νοῖκήν
2579 4364 2887 4433 συνήθειαν.
2922 4367 3074 4422 οῦπω
3106 4370 3304 4441 ίσχύων
3332 4371 3411 4425 ἐτι
3439 4375 3788 4445 ἐργάζεσθαι,
3817 4382 3922 4433 οὐδ’

2365 4453 2424 4504 ού
2456 4455 2563 4523 μὴν
2593 4457 2722 4523 γόνυ
2751 4458 2953 4522 κλῖναι,
3007 4459 3119 4514 οὔτ’
3149 4459 3217 4516 αὖ
3240 4466 3599 4536 ἐπισκήπτειν
3617 4470 3922 4538 ἀναγνώσε-

2363 4559 2466 4607 σιν,
2499 4544 2532 4613 ή
2578 4545 2700 4598 ὅσον
2766 4547 2831 4598 ἐκ
2858 4547 2956 4601 τοῦ
2993 4553 3576 4620 παραναγινώσκοντος
3625 4558 3920 4629 ὑπηρέτου.

2363 4635 2471 4686 Καὶ
2501 4629 2568 4705 ἦν
2597 4637 2654 4688 ἐν
2681 4637 2892 4700 τούτοις
2912 4639 3358 4712 συλλυπούμενος
3382 4646 3476 4698 καὶ
3492 4648 3920 4719 σκυθρωπάζων,

2361 4724 2436 4787 ὡς
2468 4725 2566 4795 ήδη
2598 4727 2966 4792 ἀπολωλεκὼς
2983 4729 3082 4800 τὴν
3097 4732 3296 4802 ψυχήν,
3323 4734 3414 4788 διά
3429 4753 3488 4789 τε
3517 4737 3616 4808 τὴν
3636 4739 3922 4811 ἀδράνειαν

2361 4815 2468 4866 τῶν
2517 4819 2902 4886 πνευματικῶν
2944 4819 3317 4892 λειτουργιῶν,
3374 4827 3467 4880 καὶ
3516 4829 3616 4900 τὴν
3649 4831 3922 4901 ἀπραξίαν

2362 4905 2470 4956 τῶν
2510 4907 2838 4976 σωματικῶν
2876 4910 3147 4980 ἐργασιῶν
3170 4929 3184 4943 ο
3217 4914 3271 4967 εί
3299 4916 3402 4968 πού
3439 4934 3493 4970 τι
3535 4919 3625 4971 καὶ
3655 4921 3923 4992 μετελάμ-

2363 4996 2491 5050 ϐανε
2552 4998 2749 5070 βρῶμα
2801 5003 3136 5074 κατάλληλον
3188 5010 3254 5078 τῇ
3332 5010 3493 5081 νόσῳ,
3527 5014 3678 5082 ήκαὶ
3717 5013 3924 5084 λουτρῷ

2358 5089 2481 5141 καθ’
2525 5091 2770 5162 ὑπακοὴν
2823 5096 3185 5164 κεχρημένος,
3229 5100 3546 5172 ηὑχαρίστει
3582 5104 3680 5172 μὲν
3709 5104 3790 5174 τῷ
3819 5107 3928 5160 Κυ-

2363 5180 2486 5249 ρίῳ,
2523 5182 2712 5250 ήνιᾶτο
2747 5181 2805 5234 δέ
2850 5183 2938 5236 διὰ
2971 5185 3068 5255 τὴν
3110 5187 3315 5243 ἄνεσιν.
3365 5188 3709 5258 Ἀλλ’δντως
3763 5199 3926 5251 καλὸν

2360 5269 2574 5322 δίαυλον
2605 5273 2696 5324 καὶ
2725 5273 2951 5343 ήλιακὸν
2975 5276 3176 5348 δρόμον
3194 5282 3221 5333 δ
3247 5282 3603 5354 πανεύφημος
3623 5286 3924 5352 τετέλεκεν,

2363 5364 2424 5416 τὸ
2457 5364 2522 5433 δὴ
2555 5365 2877 5435 λεγόμενον,
2918 5371 2980 5436 ἐξ
3020 5374 3266 5446 ὑπακοῆς
3300 5378 3582 5443 ἀνατείλας
3611 5383 3705 5435 καὶ
3733 5385 3813 5445 είς
3834 5382 3927 5436 ὑπ-

2189 5494 2424 5555 NOTAE.

755 5615 826 5682 (Ιι)
868 5612 1140 5681 Scriptum
1162 5621 1281 5666 erat
1312 5608 1524 5674 ἑαυτοῦ,
1555 5608 1694 5680 quod
1722 5608 2106 5679 corrigendum
2137 5611 2358 5668 credidi.

2467 5617 2532 5685 (Ι)
2571 5618 2702 5676 Item
2729 5626 2998 5697 ἐπιρείας,
3024 5631 3169 5698 quod
3214 5631 3350 5685 nihil
3373 5631 3675 5700 signiﬁcat.

753 5732 868 5801 (29)
903 5731 1088 5788 Caesus
1116 5746 1146 5784 a
1177 5729 1426 5800 Bulgaris
1458 5727 1794 5798 Nicephorius
1829 5729 1964 5800 imp.
2000 5729 2069 5787 26
2105 5731 2232 5788 Julii
2274 5747 2418 5792 anno
2446 5737 2569 5803 8H,
2603 5741 2691 5796 cui
2724 5747 2989 5801 successit
3025 5746 3248 5804 Michael
3278 5749 3656 5821 Curopalatea.
