4170 6532
205 453 308 524 845

858 461 1138 522 ORATIO
1176 461 1281 521 XI.
1316 487 1384 498 -
1424 459 1801 521 LAUDATIO
1840 461 1900 519 S.
1934 459 2304 519 PLATONIS
2347 461 2773 522 IIEGUMENI.

3323 458 3429 521 846

196 572 365 642 ακοήν
403 571 739 642 καταλήξας’
767 574 832 641 τῇ
850 570 1186 639 δωδεκαταίᾳ
1203 569 1310 639 γὰρ
1337 569 1442 620 τῶν
1457 568 1614 637 ὡρῶν
1636 570 1766 636 ήμε-

1880 565 2068 618 lientia
2128 565 2377 620 videlicet
2433 567 2730 636 incipiens,
2761 575 2814 621 et
2844 565 2897 619 in
2930 564 3243 620 obedientia
3281 569 3431 620 desi-

197 667 320 736 ρινῇ
379 665 614 735 περιόδῳ
679 663 962 732 ἰσάριθμον
1008 662 1099 714 τὸν
1143 661 1251 714 τῶν
1281 660 1419 713 ἐτῶν
1445 660 1645 712 κύκλον
1679 661 1761 726 ἐφ’

196 759 414 826 ἑκάστῳ
443 756 616 822 ἀγῶνι
644 752 933 823 διηνυκὼς,
957 753 1038 815 είς
1063 752 1210 823 ζωὴν
1255 750 1472 805 αἰώνιον
1502 750 1765 819 ἀδιαδόχῳ

196 849 340 916 φωτὶ
366 845 761 900 ἀναϐεϐίωκεν.
805 843 1052 915 ’Δρίθμει
1103 845 1227 906 τοὺς
1269 843 1508 912 ἀγῶνας,
1551 843 1646 894 καὶ
1677 842 1766 893 εὑ-

197 940 390 1008 ρήσεις
423 938 548 1000 τοὺς
607 939 856 1008 χρόνους,
916 935 1066 988 ὀκτὼ
1119 935 1256 1005 πρὸς
1310 933 1760 1003 τεσσαράκοντα·

196 1029 434 1100 πρόσθες
460 1029 587 1091 τοὺς
615 1028 721 1098 πρὸ
749 1028 845 1096 τῆς
878 1023 1601 1096 ἁποταγῆςδισδυοκαίδεκα,
1631 1023 1765 1092 πρὸς

197 1121 383 1183 ἄλλοις
409 1120 670 1188 τέσσαρσι
697 1119 804 1172 τῶν
845 1116 1120 1187 διωγμῶν,
1155 1115 1249 1167 καὶ
1288 1114 1434 1184 τρισὶ
1464 1113 1561 1182 τῆς
1602 1114 1766 1166 ἀσθε-

197 1211 370 1274 νείας,
402 1210 496 1264 καὶ
523 1210 777 1280 εὑρήσεις
805 1209 884 1279 τῷ
920 1204 1265 1278 ὀγδοηκοστῷ
1308 1205 1420 1258 ἔτει
1466 1204 1606 1275 πλὴν
1652 1204 1769 1266 ἐνὸς

198 1304 319 1356 τελε
331 1303 409 1356 tati
419 1319 581 1374 μενον
611 1303 702 1357 τὸν
727 1302 993 1372 ἀοίδιμον.

276 1567 392 1638 μβ’.
436 1568 573 1620 Ἀλλ’
604 1566 675 1620 ib!
719 1568 830 1632 πῶς
859 1568 1124 1638 ἀδακρυτὶ
1152 1568 1213 1620 τὸ
1235 1567 1425 1621 τούτου
1448 1568 1772 1639 διηγήσαιμι

198 1661 355 1724 τέλος
378 1679 391 1726 ;
423 1662 637 1714 Ἐκειτο
666 1661 694 1711 ὁ
718 1660 914 1729 γέρων,
935 1659 1122 1729 ῶσπερ
1138 1678 1190 1713 τι
1208 1663 1375 1730 γέρας
1396 1661 1597 1730 τίμιον,
1624 1662 1772 1731 ήτοι-

207 1751 490 1819 μασμένος
523 1750 620 1820 τήν
659 1750 836 1819 ψυχὴν
865 1751 999 1821 πρὸς
1023 1751 1121 1820 τὴν
1150 1749 1347 1814 ἔξοδον,
1384 1751 1477 1803 καὶ
1527 1749 1712 1819 κύκλῳ
1742 1752 1774 1820 ἡ

205 1841 508 1911 ἀδελφότης
540 1841 899 1910 περιχυθεῖσα
923 1841 1102 1911 ὲξῄτει
1125 1840 1233 1892 τῶν
1264 1839 1427 1909 ἱερῶν
1454 1841 1775 1911 προσευχῶν

1866 671 2035 720 nens;
2077 671 2199 710 eum
2232 657 2377 710 enim
2421 658 2618 711 diurno
2672 658 2928 712 horarum
2976 656 3264 711 duodecim
3321 658 3429 710 cir-

1864 745 1989 798 culo
2011 759 2192 812 parem
2228 758 2495 798 annorum
2535 746 2815 814 periodum
2859 746 2910 798 in
2942 761 3274 815 unoquoque
3310 761 3432 800 cer-

1866 836 2067 890 tamine
2090 837 2568 906 (30)explevisset,
2593 838 2659 892 ad
2682 849 2936 892 aeternam
2957 838 3144 903 vitam,
3173 848 3432 908 perpetuo

1867 925 2071 981 lumine
2122 929 2426 993 fruiturus,
2461 930 2766 997 emigravit.
2815 928 3051 982 Numera
3097 930 3422 993 certamina,

1866 1030 1920 1076 et
1955 1022 2195 1077 invenies
2218 1038 2391 1078 annos
2421 1025 2775 1093 quadraginta
2796 1034 2937 1078 octo.
2969 1022 3112 1077 Tum
3136 1039 3312 1078 annos
3346 1025 3430 1077 bis

1870 1114 2160 1169 duodecim
2191 1115 2327 1183 (51),
2353 1125 2476 1168 ante
2493 1116 3020 1170 abrenuntiationem
3058 1116 3242 1171 saeculi
3263 1126 3433 1177 actos,

1864 1205 2032 1273 junge
2059 1206 2180 1261 aliis
2209 1216 2444 1276 quatuor
2473 1208 2651 1271 annis,
2672 1222 2812 1275 quos
2847 1208 2897 1260 in
2924 1207 3431 1276 persecutionibus;

1868 1305 1922 1349 et
1947 1296 2142 1360 tribtts,
2184 1312 2323 1366 quos
2372 1298 2426 1351 in
2495 1298 2811 1350 infirmitate
2857 1299 3097 1351 traduxit
3145 1297 3380 1351 Sanctus
3419 1317 3432 1351 :

1869 1397 1922 1441 et
1957 1388 2218 1451 invenies,
2251 1387 2424 1440 virum
2455 1387 2816 1440 venerabilem
2859 1388 3068 1442 obiisse
3097 1403 3241 1441 anno
3260 1388 3435 1441 :etatis

1872 1476 2014 1530 unde
2041 1477 2374 1545 octogesimo
2404 1475 2536 1546 (δε).

1939 1568 2029 1621 42.
2075 1568 2179 1622 Sed
2214 1570 2488 1636 quomodo
2540 1568 2658 1622 sine
2707 1567 2962 1637 lacrymis
3012 1580 3240 1623 mortem
3291 1569 3439 1621 illius

1873 1657 2146 1712 narrabo?
2171 1655 2394 1711 Jacebat
2421 1671 2609 1722 senex,
2646 1656 2856 1711 habens
2911 1657 3149 1710 animam
3192 1668 3438 1725 paratam

1873 1747 1940 1802 ad
2001 1761 2324 1816 egressum,
2395 1747 2544 1800 velut
2610 1747 2936 1800 honoratum
3003 1745 3276 1813 quoddam
3347 1760 3440 1799 xe-

1877 1843 2027 1896 nium
2063 1842 2217 1912 (53);
2252 1851 2306 1895 et
2347 1841 2552 1895 circum
2584 1838 2757 1893 aﬂusa
2797 1839 3110 1892 fraternitas
3145 1839 3356 1897 orabat,
3384 1845 3442 1891 ut

203 1907 376 1985 αὐτοί)
433 1907 628 1986 λαϐεῖν-
669 1907 730 1986 τὸ
778 1907 1098 2003 δῶρον’-καὶ
1145 1907 1373 2002 ἐπείπερ
1418 1907 1513 1985 ἕνα
1543 1907 1771 1986 ἕκαστον

1880 1949 2082 1987 munus
2133 1933 2440 1986 orationum
2492 1932 2608 2000 ejus
2651 1940 2954 1984 mereretur
2983 1932 3250 1999 accipere.
3282 1928 3439 1983 Post-

203 2021 510 2091 ηὖλόγησεν
553 2023 649 2076 καὶ
701 2025 1109 2092 κατησπάσατο,
1139 2026 1357 2078 ἄπεισιν
1398 2025 1493 2079 καὶ
1519 2028 1652 2097 πρὸς
1681 2029 1772 2080 τὸν

203 2112 400 2177 τάφον,
435 2110 494 2180 ὃν
520 2113 582 2163 ὲκ
605 2111 770 2164 πόθου
807 2112 988 2180 ἐζήτει
1021 2111 1188 2163 πάλαι
1245 2112 1562 2180 θεάσασθαι,
1591 2115 1636 2166 εί
1681 2115 1774 2168 καὶ

203 2202 308 2253 οὐκ
338 2203 706 2270 ἐπετύγχανεν
738 2201 832 2253 τοῦ
878 2202 1239 2271 καταθυμίου.
1276 2206 1418 2273 κοπῇ
1475 2203 1566 2256 τοῦ
1618 2205 1776 2272 θελή-

211 2309 382 2361 ματος
408 2308 422 2322 ·
453 2293 512 2345 ὃν
570 2292 713 2352 ἰδὼν,
751 2292 922 2362 ἐχάρη
988 2291 1129 2354 λίαν,
1183 2293 1674 2363 ἁνθωμολογήσατο
1697 2295 1776 2363 τῷ

209 2383 424 2453 Κυρίῳ,
441 2383 680 2436 ἐπειπών
700 2399 714 2414 ⁸
734 2384 896 2450 Αὕτη
913 2383 948 2449 ἡ
968 2384 1345 2449 κατάπαυσίς
1357 2404 1475 2454 μου
1490 2389 1572 2452 εις
1593 2385 1778 2439 αἰῶνα

208 2475 459 2541 αἰῶνοςο
494 2476 876 2546 μεθηρμόσατο
926 2479 1020 2528 καὶ
1048 2477 1146 2546 τὴν
1181 2477 1364 2546 φωνὴν
1400 2478 1637 2558 ἐκείνηνο
1675 2481 1777 2533 Θέ-

209 2568 379 2633 .ιημα
413 2563 532 2617 τῶν
582 2567 973 2634 φοϐουμένων
1014 2567 1202 2619 αὑτὸν
1252 2567 1491 2630 ποιήσει
1540 2569 1775 2636 Κύριος.

223 2654 513 2724 Ἐκίνιισεν
532 2658 626 2708 καὶ
655 2658 765 2709 τῶν
792 2658 896 2721 ἔξω
944 2657 1070 2711 aiax"
1085 2659 1321 2725 ὀλίγους,
1347 2660 1395 2711 οἳ
1435 2659 1528 2712 καὶ
1573 2659 1646 2729 μὴ
1691 2660 1781 2713 εὑ-

210 2742 546 2815 λαδηθέντες
571 2749 661 2800 τὸν
693 2748 885 2819 καιρὸν
912 2744 1000 2818 (ἦν
1028 2749 1137 2818 γὰρ
1171 2749 1276 2802 τῶν
1310 2751 1472 2819 ίερῶν
1513 2750 1781 2820 νηστειῶν

214 2838 512 2909 περίοδος),
535 2840 869 2910 συνέδραμον
909 2841 1260 2910 μοναδικοίτε
1295 2843 1386 2896 καὶ
1417 2843 1781 2912 μιγάδες.ηὑ-

213 2927 548 2999 λογήθησαν,
576 2931 932 3002 ὑπέστρεψεν,
966 2932 1372 3001 ὲφοδιασθέντες
1391 2934 1554 2984 καλὸν
1571 2934 1783 2999 ἐφόδιον

211 3020 318 3089 τὴν
356 3022 566 3075 ἐκείνου
600 3023 761 3091 ἁγίαν
786 3024 1109 3095 παράθεσιν.
1138 3024 1246 3078 Καί
1266 3041 1328 3091 γε
1363 3025 1524 3088 αὐτὸς
1552 3027 1580 3077 ὀ
1624 3027 1785 3094 ἁγιώ-

216 3126 385 3172 τατος
419 3113 765 3184 πατριάρχης
796 3115 991 3184 παρεὶς
1021 3115 1323 3185 ἐξῃτήσατο
1351 3115 1538 3184 εὐχὴν,
1563 3117 1657 3168 καὶ
1685 3116 1782 3170 λα-

216 3199 333 3252 ϐὼν
356 3203 660 3271 ἠσπάσατο.
689 3205 727 3256 Γ
731 3205 913 3272 έγονέν
942 3207 1051 3275 τεὴ
1076 3206 1192 3276 ῶρα
1210 3205 1414 3276 ἐκείνη,
1439 3207 1620 3276 πάσης
1653 3209 1785 3260 ὑπο-

219 3292 520 3362 νοουμένης
543 3295 800 3365 διαφορᾶς
820 3295 1193 3366 ἀλεξητήριον,
1226 3298 1335 3350 τῶν
1371 3299 1498 3368 πρὶν
1525 3298 1782 3370 λυπηρῶν

219 3383 467 3436 ἐκποδὼν
497 3389 899 3456 γεγενημένων.
949 3389 1173 3441 Πάντων
1217 3385 1310 3443 οὖν
1345 3391 1784 3460 ὐπεμνημάτισε,

220 3473 393 3528 πᾶσιν
423 3477 791 3546 ὑπερηὺξατο,
826 3480 1029 3532 άπασιν
1051 3481 1297 3549 ἀφίησιν,
1319 3481 1634 3551 ἑχθράνασι,
1664 3482 1789 3536 διώ-

222 3564 368 3628 ξασε,
407 3565 736 3638 λυπήσασιν,
772 3571 800 3622 ὁ
831 3571 906 3633 ὡς
940 3570 1154 3640 άληθῶς
1188 3570 1281 3624 τοῦ
1330 3571 1466 3625 Θεοῦ
1503 3572 1788 3644 ἄνθρωπος

219 3659 314 3708 καὶ
344 3658 576 3729 Χριστὸν
603 3662 705 3712 κᾶν
733 3660 809 3730 τῷ
836 3660 1048 3729 θανάτῳ
1088 3662 1441 3731 μιμούμενος.

1877 2037 2040 2091 quam
2073 2021 2239 2090 igitur
2264 2021 2562 2088 unicuique
2592 2019 2872 2088 sigillatim
2895 2019 3246 2073 bcnedixitet
3277 2033 3443 2072 oscu-

1878 2111 2022 2165 latus
2050 2120 2152 2175 est,
2178 2111 2312 2164 abiit
2349 2111 2415 2164 ad
2488 2110 2825 2179 sepulcrum,
2893 2111 3038 2180 quod
3093 2111 3276 2165 videre
3327 2111 3438 2178 jam

1879 2202 2085 2271 pridem
2154 2203 2408 2256 ardenter
2456 2201 2850 2270 concupierat,
2881 2201 3132 2270 quamvis
3189 2210 3315 2254 voto
3343 2215 3446 2254 suo

1883 2293 2180 2348 frustratus
2229 2293 2428 2359 fuerit,
2459 2293 2588 2361 quia
2636 2307 2977 2362 praepropera
3030 2302 3148 2347 erat
3194 2293 3316 2347 talis
3347 2308 3445 2346 vo-

1882 2382 2084 2436 luntas.
2108 2382 2240 2435 Illud
2261 2393 2441 2436 autem
2463 2397 2586 2436 cum
2613 2383 2858 2446 vidisset,
2897 2383 3117 2453 gavisus
3157 2393 3238 2437 est
3268 2383 3443 2444 valde,

1882 2483 1936 2527 et
1989 2473 2262 2527 benedixit
2325 2475 2640 2536 Dominum,
2689 2474 2944 2542 inquiens
3003 2492 3017 2528 :
3062 2474 3191 2527 lfwc
3240 2478 3446 2542 requies

1883 2580 1996 2619 mea
2030 2567 2085 2618 in
2113 2566 2362 2619 swcufum
2383 2566 2567 2620 surculi
2587 2567 2647 2620 ".
2683 2564 3064 2621 Deindeistam
3099 2581 3317 2636 quoque
3349 2581 3446 2619 vo-

1884 2674 2000 2714 cem
2033 2658 2345 2727 subjunxit:
2387 2658 2716 2713 Voluntatem
2741 2660 3038 2713 timentium
3066 2677 3120 2713 se
3146 2661 3306 2728 faciet
3340 2659 3416 2712 Do

1884 2750 2055 2803 minus
2082 2751 2147 2804 ιι.
2182 2750 2372 2803 Traxit
2406 2751 2569 2804 etiam
2614 2751 2681 2804 ad
2709 2765 2768 2805 se
2796 2760 3146 2806 externorum
3177 2767 3281 2805 non
3314 2765 3421 2820 pau

1886 2856 1982 2896 cos
2009 2858 2022 2893 :
2051 2841 2141 2909 qui
2179 2842 2327 2896 nulla
2383 2842 2565 2896 habita
2609 2844 2822 2897 ratione
2861 2843 3120 2913 temporis
3178 2843 3450 2911 (verteba-

1887 2939 1978 2986 tur
2000 2933 2143 2986 enim
2191 2933 2334 2986 sacri
2388 2932 2580 3002 jejunii
2637 2934 2898 3002 circulus)
2939 2933 3298 2989 accurrebant
3337 2945 3450 2989 tam
3535 2991 3542 2998 ,

1889 3013 2141 3077 monachi
2175 3039 2335 3092 quam
2371 3027 2680 3090 saeculares,
2717 3026 3201 3096 benedictioneque
3227 3036 3446 3095 accepta

1891 3114 2300 3168 revertebantur
2369 3115 2621 3169 instructi
2677 3115 2744 3170 ad
2804 3117 2906 3171 iter
2957 3118 3164 3187 optimo
3226 3119 3448 3182 viatico,

1891 3215 2092 3261 sancta:
2149 3206 2355 3261 scilicet
2413 3207 2769 3276 depositionis
2800 3211 3062 3264 memoria
3109 3211 3448 3280 (54).Quin-

1889 3297 1999 3350 imo
2046 3297 2425 3352 sanctissimus
2458 3299 2764 3366 patriarcha
2805 3299 2977 3355 adfuit
3001 3301 3142 3370 ('55),
3176 3312 3364 3371 petens
3393 3313 3450 3359 ut

1889 3397 2069 3442 oraret
2099 3402 2196 3458 pro
2229 3403 2325 3454 se;
2357 3403 2531 3458 eoque
2552 3389 2863 3458 impetrato,
2895 3393 3174 3448 osculatus
3201 3403 3284 3448 est
3299 3409 3447 3449 eum.

1889 3479 2078 3549 Itaque
2124 3480 2254 3534 hora
2305 3481 2396 3534 illa
2435 3481 2689 3536 omnibus
2738 3484 3166 3551 suspicantibus,
3198 3485 3447 3539 alieniori

1891 3571 2038 3640 ipsos
2070 3571 2138 3624 ab
2190 3572 2416 3625 invicem
2468 3585 2589 3625 esse
2627 3572 2831 3636 animo,
2867 3571 3010 3627 facta
3044 3573 3146 3628 fuit
3177 3574 3231 3628 in
3269 3590 3451 3628 reme-

1890 3662 2062 3722 dium,
2093 3660 2280 3730 procul
2313 3661 2569 3714 submota
2596 3677 2938 3731 quzecunque
2975 3671 3132 3717 antea
3169 3664 3454 3717 exstiterat

220 3750 573 3817 aegritudine.
631 3748 874 3819 Denique
909 3766 1104 3804 omnes
1146 3752 1451 3814 admonuit,
1483 3751 1663 3806 oravit
1720 3765 1819 3821 pro
1888 3749 2167 3812 omnibus,
2221 3750 2476 3804 omnibus
2529 3751 2753 3819 ignovit,
2812 3767 3048 3820 quorum
3104 3753 3450 3817 inimicitias,

220 3844 662 3917 persecutiones,
727 3846 1008 3900 molestias
1049 3847 1266 3909 tulerat,
1311 3854 1498 3914 utpote
1536 3861 1662 3900 vere
1689 3846 1771 3898 vir
1811 3844 1926 3908 Dei,
1962 3853 2017 3897 et
2044 3843 2322 3897 Christum
2357 3844 2522 3898 etiam
2561 3844 2614 3897 in
2643 3856 2819 3899 morte
2849 3846 3095 3901 imitans.

296 3943 412 4006 μγ’.
449 3935 671 4005 Ἐπειδὴ
700 3935 756 3988 δὲ
796 3935 892 3988 καὶ
919 3936 1186 4005 διαθήκην
1227 3936 1335 3988 ἔδει
1374 3935 1677 3997 διαθέσθαι,
1708 3935 1793 3998 τίς

222 4028 402 4098 αὖτης
451 4027 514 4080 Ἢ
548 4027 824 4098 ὀρθὸδοξος
869 4028 1070 4090 πίστις,
1106 4028 1199 4080 καὶ
1226 4029 1257 4097 ἠ
1286 4028 1514 4097 νόμιμος
1531 4028 1791 4088 πολιτεία,

223 4117 314 4182 αἶς
347 4121 660 4186 συνέζησεν,
694 4121 789 4173 καὶ
839 4119 960 4189 μεθ’
999 4113 1073 4172 ῶν
1120 4120 1470 4190 ἀπεδήμησεν
1502 4136 1517 4152 ο
1543 4120 1701 4173 τοῦτο
1735 4121 1793 4173 δὲ

225 4215 452 4267 κάκεῖνο
496 4213 794 4282 διανέμειν,
846 4213 906 4267 οὐ
941 4213 1076 4284 πρὸς
1127 4213 1291 4266 αὑτοῦ
1329 4214 1430 4284 (ὅτι
1466 4214 1587 4283 μηδ’
1619 4215 1786 4282 αὐτῆς

223 4307 324 4372 τῆς
342 4304 610 4372 ἐπωμίδος
634 4299 701 4373 ἦν
736 4304 941 4372 κύριος)
967 4302 1367 4357 διατάττεσθαι.
1405 4304 1622 4372 ’Δμέλει
1649 4306 1787 4374 ἐρω-

224 4394 418 4464 τηθεὶς
450 4393 583 4462 πρὸς
610 4391 742 4462 ἐμοῦ
773 4392 864 4444 τοῦ
886 4391 1139 4458 ὲλεεινοῦ,
1159 4393 1230 4462 μή
1249 4410 1300 4445 τι
1328 4392 1502 4462 ἔχοιεν
1529 4393 1790 4463 παριστά-

230 4500 395 4555 μενον
421 4497 434 4510 °
469 4484 532 4552 τῇ
565 4483 663 4552 μὲν
701 4481 844 4551 χειρὶ
868 4481 1144 4552 ἁψάμενος
1205 4483 1298 4537 τοῦ
1355 4483 1592 4554 ἱματίου,
1631 4483 1791 4538 τοῦτο

310 4603 353 4634 ¹²
385 4600 528 4658 Psal.
562 4616 748 4667 cun,
783 4601 867 4657 l4.
949 4603 991 4635 “
1026 4600 1171 4657 Psal.
1202 4616 1379 4666 cxuv,
1411 4603 1498 4661 l9.

1958 3935 2048 3989 45.
2085 3932 2356 4000 Quoniam
2397 3949 2526 3990 vero
2565 3936 2811 4003 oportuit
2858 3936 3020 3990 etiam
3065 3947 3449 3995 testamentum

1890 4029 2052 4083 condi
2087 4047 2099 4082 :
2132 4029 2429 4098 quodnam,
2473 4043 2680 4097 quaeso,
2733 4030 2993 4098 reliquit?
3026 4030 3212 4086 Fidem
3273 4035 3456 4088 ortho-

1889 4120 2088 4172 doxam
2115 4131 2167 4174 et
2193 4122 2671 4175 conversationem
2698 4122 3027 4190 regularem,
3060 4123 3112 4177 in
3139 4126 3340 4194 quibus
3371 4128 3452 4181 vi-

1894 4211 1971 4264 xit
2000 4221 2053 4265 et
2087 4227 2208 4266 cum
2239 4212 2440 4281 quibus
2464 4213 2602 4266 obiit
2631 4231 2644 4267 :
2679 4214 2783 4267 hoc
2815 4225 2996 4269 autem
3031 4216 3111 4270 vel
3139 4218 3269 4271 illud
3326 4218 3453 4274 dis-

1894 4303 2164 4356 stribueré
2191 4303 2254 4355 ad
2293 4303 2446 4356 illum
2489 4318 2595 4356 non
2652 4304 2978 4372 pertinebat,
3026 4321 3151 4361 cum
3183 4324 3358 4378 neque
3391 4310 3459 4364 de

1896 4393 2012 4460 ipso
2037 4393 2199 4461 pallio
2220 4403 2402 4460 posset
2445 4402 2504 4447 ut
2547 4393 2808 4449 dominus
2835 4397 3045 4451 testari.
3086 4396 3327 4453 Tandem
3363 4415 3458 4454 ro-

1896 4496 2054 4555 gatus
2086 4501 2114 4539 a
2144 4501 2229 4541 me
2268 4485 2588 4552 miserabili,
2620 4502 2747 4541 num
2770 4489 2899 4557 quid
2926 4490 3150 4546 haberet
3181 4507 3457 4547 commen-

1725 4742 1954 4800 ΝΟΤΛΕ.

301 4962 417 5031 (30)
447 4959 830 5034 Primumsub
875 4958 1288 5034 obedientiaUS:
1330 4958 1650 5034 Theoctisti,
1709 4978 1790 5019 se-
1822 4965 1867 5021 D
1893 4962 2290 5034 exprimeretur
2337 4962 2458 5028 ejus
2492 4979 2613 5034 qua:
2661 4964 2713 5018 in
2739 4964 2928 5018 Graeco
2966 4971 3048 5018 est
3071 4963 3136 5017 ad
3166 4978 3355 5034 vocum
3382 4965 3459 5019 si-

228 5034 473 5087 cundum
506 5032 558 5084 in
599 5031 864 5100 regimine
897 5030 1213 5101 monasterii
1243 5030 1648 5101 Symbolorutn,
1678 5045 1789 5087 ter-

230 5107 368 5158 tium
392 5102 457 5174 in
493 5098 847 5174 gubernando
878 5100 1209 5174 monasterio
1235 5098 1590 5168 Sécudionis,
1618 5119 1788 5174 quar-

231 5184 347 5228 tum
378 5170 850 5238 Constantinopoli
880 5170 930 5223 in
956 5169 1278 5224 reclusione.

305 5243 388 5312 (3f
403 5241 616 5309 )Graace
634 5239 1086 5312 §i¢_6uoxai65xa,
1124 5240 1224 5312 Sed
1245 5242 1416 5309 prima
1447 5240 1648 5310 syllaba
1669 5241 1788 5294 Sir-

233 5308 324 5367 leti
381 5308 572 5365 Oculos
629 5308 785 5373 fugit,
819 5319 877 5362 ut
926 5311 1198 5362 duodecim
1245 5308 1503 5375 verteret,
1532 5320 1586 5366 et
1620 5321 1789 5366 totam

232 5381 608 5450 chronologite
633 5381 898 5433 rationem
926 5379 1182 5434 turbavit.

306 5449 424 5520 (32)
463 5449 536 5503 Ei
593 5449 693 5503 hac
745 5451 854 5502 vita
910 5451 1148 5502 excessit
1201 5450 1581 5505 sanctissimus
1622 5449 1796 5512 Plato,

236 5521 632 5588 octogesimum
662 5520 837 5573 aetatis
880 5533 1081 5571 annum
1131 5536 1242 5574 uno
1281 5522 1460 5574 minus
1497 5535 1684 5588 agens,
1719 5520 1800 5572 vir

238 5590 489 5662 pluribus
547 5589 865 5662 perfunctus
913 5588 1212 5662 laboribus,
1255 5592 1483 5662 egregiis
1536 5590 1798 5644 virtutum

237 5655 400 5716 editis
431 5655 796 5713 documentis.
831 5657 906 5711 lta
935 5657 991 5711 S.
1026 5655 1309 5712 Theodori
1341 5655 1482 5722 Vita,

310 5731 425 5799 (55)
451 5729 636 5800 Greece
661 5728 884 5800 Exsurge
913 5727 1111 5800 γέρων,
1136 5728 1324 5798 ὥσπερ
1351 5746 1402 5782 τι
1424 5735 1591 5798 γέρας
1613 5730 1795 5800 τίμιον

239 5797 643 5870 ἡτοιμασμένος
691 5799 789 5866 τὴν
822 5797 1136 5870 ψυχήνολρει
1166 5797 1343 5870 autem
1379 5797 1568 5868 γέρας,
1605 5797 1794 5870 decus,

244 5867 554 5939 praemium,
597 5882 692 5938 pro
747 5882 857 5938 quo
910 5867 1172 5923 vertimus
1219 5867 1457 5939 a'enium,
1487 5877 1544 5922 ut
1577 5869 1799 5940 propius

1896 5032 2256 5087 militudinem
2316 5032 2602 5088 allusio‘nis
2662 5034 2967 5102 elegantia;
3001 5049 3165 5101 quam
3221 5033 3455 5088 Sirletus

1895 5103 2147 5172 neglexit,
2176 5103 2304 5156 dum
2332 5104 2402 5156 ita
2437 5104 2615 5167 vertit,
2663 5121 2680 5153 ‹
2707 5102 2931 5157 Jacebat
2968 5118 3133 5157 senex
3182 5103 3271 5157 ille
3305 5106 3460 5158 senio

1896 5173 2186 5226 admodum
2218 5173 2500 5226 honorato.
2528 5191 2546 5222 ι

1965 5241 2078 5311 (34)
2097 5241 2280 5311 Graace
2297 5242 2615 5309 simpliciter
2631 5249 2711 5295 est
2737 5259 2754 5290 σ
2774 5250 2960 5294 sancta
2983 5240 3103 5308 ejus
3120 5241 3411 5310 depositio,
3440 5260 3456 5292 ι

1895 5310 2216 5380 παράθεσις.
2251 5310 2520 5372 Sirletus,
2556 5313 3054 5364 commendationem
3100 5313 3258 5364 vertit
3296 5330 3309 5364 :
3359 5327 3464 5380 pu-

1895 5382 2005 5435 tavi
2043 5383 2211 5435 menti
2241 5383 2482 5435 auctoris
2510 5381 2732 5450 propius
2763 5396 3111 5435 accessuram
3161 5384 3464 5450 paraphra-

1896 5467 2022 5506 81111.

1967 5520 2079 5587 (55)
2109 5517 2228 5572 Vita
2251 5518 2307 5572 S.
2328 5518 2601 5572 Theodori
2633 5535 2646 5572 :
2680 5537 2698 5569 ‹
2727 5518 2782 5572 In
2812 5535 2876 5572 eo
2905 5513 3064 5572 etiam
3088 5517 3457 5571 abundantem

1895 5590 2204 5658 patriarcha
2244 5589 2530 5642 charitatis
2565 5604 2676 5641 suae
2693 5591 2799 5641 vim
2826 5590 3101 5657 animique
3139 5598 3282 5641 recte
3309 5601 3463 5640 com-

1897 5659 2056 5730 positi
2104 5657 2379 5730 specimen
2403 5657 2664 5730 exhibuit.
2698 5659 3292 5730 Accurrensuipsemet
3331 5669 3458 5708 cum

1897 5726 2157 5783 universo
2213 5728 2354 5780 clero
2379 5727 2442 5780 ad
2468 5729 2879 5791 monasterium,
2907 5726 3236 5780 moribundo
3266 5732 3458 5778 sancto

1906 5799 2099 5857 astitit,
2153 5805 2299 5850 totus
2356 5796 2840 5860 inillumdefixus,
2865 5797 3110 5850 membra
3130 5794 3249 5861 ejus
3275 5794 3459 5848 omnia

1905 5866 2294 5938 complectens,
2325 5867 2672 5936 suaviterque
2714 5867 2926 5939 singula
2958 5866 3306 5922 deosculaus.
3340 5880 3360 5916 ι
