4170 6474
717 391 818 452 847

1937 393 1993 452 s.
2033 391 2423 454 THEODORI
2454 389 2794 452 svumm
2902 457 2913 467 ,

3838 391 3947 455 848

711 502 973 565 dandum,
1000 516 1160 556 manu
1192 513 1394 559 vestem
1414 506 1849 575 apprehendens,
1874 517 1991 557 eam
2008 504 2274 565 excussit,

2384 503 2715 563 κατέσεισεν,
2748 500 2824 562 ὡς
2861 497 3129 567 σύμϐολον
3184 498 3433 567 ὑπακοῆς
3487 497 3943 568 παντελευθέρου,

714 594 766 647 in
796 594 1011 662 signum
1060 596 1481 663 expeditissima:
1521 596 1879 662 obedientire;
1920 606 1973 649 et
2008 610 2140 649 voce
2176 596 2273 649 ad.

712 683 933 739 modum
983 685 1255 739 submissa
1317 685 1473 751 dixit,
1532 686 1671 739 nihil
1726 687 1945 750 habere,
1996 700 2063 740 eo
2125 686 2271 755 quod

711 778 896 831 omnia
931 792 1065 831 mea:
1104 778 1357 846 parvitati
1398 778 1790 833 committeret.
1846 779 2018 833 Porro
2048 788 2274 847 praeter-

710 867 949 922 eundum
984 882 1090 921 non
1129 876 1213 922 est
1246 868 1473 937 aliquid,
1498 870 1607 922 vim
1643 868 1849 923 habens
1880 869 2270 938 praedictionis,

711 960 858 1028 quod
890 974 1085 1029 nempe
1110 958 1394 1013 funebrem
1438 968 1662 1014 cantum
1700 960 1804 1015 sibi
1831 962 1944 1028 ipse
1972 967 2098 1015 ante
2125 975 2274 1017 mor-

712 1061 818 1105 tem
845 1052 1132 1107 cecinerit.
1164 1051 1301 1107 Cum
1336 1052 1482 1107 enim
1513 1069 1578 1107 ex
1604 1062 1823 1123 pectore
1850 1054 2148 1117 laboraret,
2184 1068 2275 1109 as-

712 1139 983 1209 siduoque
1024 1141 1323 1195 anhelitum
1375 1142 1619 1207 duceret,
1666 1158 1731 1197 ex
1782 1154 2043 1198 consueta
2090 1158 2272 1199 rerum

711 1228 1021 1283 divinarum
1053 1228 1409 1285 meditatione
1429 1233 1680 1287 movebat
1723 1232 1885 1296 labia,
1921 1233 2155 1286 maxime
2184 1246 2279 1285 au-

715 1329 822 1373 tem
851 1320 1115 1389 psallebat
1138 1320 1283 1375 illam
1311 1336 1481 1376 sacrae
1496 1323 1767 1378 cantionis
1794 1325 2153 1393 particulam:
2178 1322 2277 1377 Re-

716 1420 926 1479 surgent
974 1413 1189 1477 mortui,
1228 1421 1277 1465 et
1314 1414 1403 1482 qui
1436 1413 1489 1465 in
1527 1416 1876 1468 monumentis
1928 1424 2050 1469 sunt
2105 1416 2278 1469 susci-

718 1503 986 1565 tabumur,
1020 1513 1068 1557 et
1114 1504 1439 1558 [relabuntur
1487 1506 1576 1575 qui
1626 1517 1743 1560 sunt
1792 1507 1846 1560 in
1879 1519 2018 1561 terra
2059 1523 2078 1561 :
2113 1522 2276 1576 quem

715 1594 1107 1650 suavissimum
1153 1612 1369 1651 versum
1430 1596 1758 1653 hortabatur
1810 1609 1869 1653 ut
1907 1614 2091 1654 secum
2120 1615 2281 1654 cane-

718 1696 838 1741 rent
890 1687 983 1757 qui
1031 1697 1228 1757 przesto
1258 1696 1445 1755 erant,
1478 1690 1656 1759 quoad
1688 1690 1837 1759 loqui
1873 1693 2070 1761 potuit,
2094 1703 2147 1747 et
2178 1707 2278 1747 vo-

715 1793 832 1833 cem
861 1779 946 1834 vel
982 1780 1362 1835 tenuissimam
1386 1783 1655 1838 emittere.
1691 1782 1887 1838 Secuta
1928 1796 2108 1839 autem
2144 1800 2279 1841 can-

719 1878 832 1923 tum
863 1879 947 1924 est
980 1886 1151 1935 mors,
1192 1882 1323 1926 tunc
1375 1872 1450 1927 illi
1500 1873 1819 1938 adveniens,
1852 1878 2074 1946 quando
2107 1876 2279 1932 insta-
2309 1835 2350 1891 Β

716 1960 810 2015 bat
840 1962 1103 2015 memoria
1131 1962 1263 2030 justi
1295 1962 1489 2019 Lazari
1541 1963 1674 2036 (36),
1706 1967 1773 2021 ad
1820 1984 1981 2037 quem
2046 1968 2279 2023 refertur

714 2062 914 2109 cantus
945 2054 1056 2117 ille,
1087 2062 1141 2109 et
1170 2070 1291 2111 cum
1326 2068 1436 2126 quo
1465 2072 1593 2128 pars
1624 2060 1744 2127 ejus
1776 2059 1842 2114 de
1873 2075 1983 2126 quo
2019 2062 2174 2116 nobis
2197 2072 2281 2118 est

714 2158 924 2199 sermo.

784 2238 878 2293 44.
907 2238 1151 2308 Denique
1178 2248 1506 2304 extremum,
1555 2240 1861 2303 insurraus,
1892 2240 2079 2297 EstOte
2117 2244 2278 2310 salvi,

716 2330 1030 2400 decoroque
1060 2330 1247 2384 habitu
1277 2330 1489 2399 jacens,
1531 2346 1654 2385 cum
1685 2332 1751 2385 ad
1797 2332 2075 2387 dexteram
2122 2335 2282 2388 incli-

719 2430 904 2476 nasset
931 2429 1113 2490 caput,
1147 2421 1361 2490 placido
1388 2437 1451 2476 ac
1488 2423 1593 2476 leni
1624 2432 1772 2476 motu
1821 2424 2091 2493 corporis,
2138 2426 2281 2480 velut

717 2513 809 2582 qui
865 2514 919 2567 in
980 2514 1199 2582 propria
1246 2513 1399 2567 abire
1447 2513 1938 2583 disponit,clausit
1977 2516 2189 2579 oculos,
2218 2531 2280 2570 ea

717 2621 823 2674 qtta
855 2605 937 2659 sol
972 2606 1248 2658 occumbit
1282 2605 1441 2666 hora.
1469 2614 1523 2659 et
1551 2604 1805 2675 spiritum
1845 2622 2003 2661 suum
2032 2617 2280 2661 sanctum

720 2694 942 2749 tradidit
987 2695 1218 2763 angelis,
1246 2695 1424 2764 ipsum
1450 2696 1514 2748 ad
1547 2695 1713 2749 solem
1746 2696 1972 2763 justitia:
2015 2697 2280 2751 deductu-

719 2789 813 2841 ris.
836 2784 901 2840 Et
922 2801 1066 2839 nunc
1096 2786 1185 2841 ille
1210 2787 1425 2855 quidem
1455 2788 1508 2839 in
1538 2786 1695 2841 caelis
1726 2796 1809 2841 est
1845 2788 1978 2857 (56⁸)
2004 2787 2179 2843 audeo
2198 2789 2281 2842 ἀί·-

718 2892 861 2941 cere,
927 2891 1035 2931 non
1094 2877 1273 2931 solum
1322 2876 1557 2931 ascetico
1612 2877 1869 2946 dignatus
1926 2878 2150 2945 ordine,
2184 2878 2279 2934 sed

717 2969 1099 3024 conlessorum
1140 2967 1589 3023 adnumerandus
1607 2968 1857 3022 choreis:
1883 2984 2115 3037 quormu
2133 2971 2279 3025 enim

718 3061 1016 3115 certamina
1081 3060 1323 3130 pertulit,
1360 3060 1555 3114 borum
1594 3060 1817 3116 induhie
1853 3063 2017 3115 etiam
2052 3062 2283 3117 Incredi-

2375 594 2556 664 φωνὴν
2582 594 2638 647 δὲ
2663 592 2888 662 ἀφίησιν
2914 591 3032 643 λίαν
3089 589 3339 659 ἀμυδρὰν
3391 589 3512 659 μηδ’
3548 588 3731 643 ὁτιοῦν
3776 589 3943 657 ἔχειν,

2373 685 2459 738 διὰ
2485 685 2545 737 τὸ
2574 684 2755 737 πάντα
2786 680 3078 736 ἀναθέσθαι
3100 684 3165 751 τῇ
3190 680 3518 734 ταπεινώσει
3544 697 3675 750 μου.
3707 681 3815 733 Καὶ
3835 680 3945 749 μὴν

2373 777 2483 830 οὐδ’
2511 777 2687 830 ὲκείνο
2715 772 3145 845 παραλείψομαι,
3195 772 3555 844 προρρήσεως
3602 770 3727 840 ἔχον
3768 770 3945 840 ἔμφα-

2375 887 2480 933 σιν,
2517 870 2599 922 ὄτι
2632 867 2795 929 αὑτὸς
2819 865 2999 935 ἑαυτῷ
3030 866 3318 933 επιτάαιον
3365 862 3508 935 ᾠδὴν
3544 864 3654 934 πρὸ
3707 863 3942 918 θανάτου

2377 953 2781 1025 μεμελῲδηκεν.
2826 952 3188 1023 Συνεχὸμενος
3223 952 3333 1023 γὰρ
3374 950 3481 1005 ὑπὸ
3542 950 3637 1004 τοῦ
3685 950 3939 1020 Θώρακος

2375 1043 2470 1095 καὶ
2502 1040 2820 1111 ἀσθμαίνων
2848 1040 3149 1110 ἐπάλληλα,
3195 1039 3367 1094 ἐκίνει
3422 1039 3522 1110 μιν
3576 1040 3645 1094 τά
3676 1039 3833 1109 χείλη
3879 1042 3944 1093 ὲκ

2374 1132 2472 1201 τῆς
2506 1129 2769 1201 συνήθους
2800 1130 2948 1201 αὑτῷ
2982 1131 3092 1183 τῶν
3132 1129 3293 1183 θείων
3341 1130 3595 1201 μελέτης,
3638 1130 3944 1197 ὑπέψαλλεν

2374 1224 2430 1278 δὲ
2462 1224 2696 1292 μάλιστα
2724 1222 2785 1275 τὸ
2821 1223 2922 1292 τῆς
2965 1222 3113 1293 ᾠδῆς
3159 1222 3378 1292 εκείνης
3425 1222 3623 1293 μέρος,
3665 1223 3946 1289 Ἀναστή-

2374 1329 2588 1369 vortat
2615 1316 2669 1367 οί
2695 1314 2915 1381 νεκροί,
2966 1312 3063 1366 καί
3120 1313 3545 1383 ἐγερθήσονται
3594 1315 3649 1367 οι
3703 1312 3775 1366 ἐν
3820 1315 3945 1381 τοῖς

2372 1406 2682 1475 μνημείοις
2708 1405 2807 1458 καί
2837 1402 3361 1473 εὐφρανθήσονται
3395 1406 3449 1459 οι
3477 1405 3546 1458 ἐν
3569 1403 3643 1473 τῇ
3680 1404 3779 1474 γῇ,
3821 1422 3949 1460 συν⁴

2378 1499 2527 1570 ᾲδειν
2556 1496 2705 1566 αὑτῷ
2743 1496 3185 1567 προτρεπόμενος
3229 1498 3613 1567 συνεχέστερον
3653 1497 3744 1550 τὸν
3777 1498 3948 1551 αὑτὸν

2378 1587 2481 1657 ήδη
2539 1584 2719 1655 στίχον
2777 1586 2904 1649 τοὺς
2965 1585 3437 1655 παρισταμένους,
3463 1586 3569 1649 ἓως
3618 1586 3685 1639 ἀν
3711 1584 3949 1654 ήδὺνατο

2382 1676 2606 1739 σθένειν,
2634 1675 2726 1728 καὶ
2760 1674 2961 1745 μικρὰν
2998 1674 3213 1742 ἀφιέναι
3258 1676 3463 1745 φωνήν.
3497 1674 3604 1728 Καί
3641 1692 3704 1743 γε
3738 1677 3946 1745 ἐπηκο-

2380 1766 2642 1836 λούθησεν
2662 1756 2727 1836 τῇ
2751 1764 2861 1835 ᾠδῇ
2890 1766 2923 1834 ή
2952 1763 3229 1836 κοίμησις,
3272 1766 3393 1819 τότε
3454 1765 3729 1835 φθάσασα,
3781 1765 3947 1834 ήνίκα

2379 1859 2413 1928 ή
2440 1855 2535 1911 τοῦ
2574 1854 2785 1909 δικαίου
2828 1852 3084 1926 Λαζάρου
3126 1856 3313 1926 μνήμη
3360 1855 3587 1926 ἀπέστη,
3618 1857 3756 1926 πρὸς
3798 1855 3859 1909 δν
3911 1859 3947 1927 ή

2378 1946 2631 2017 ἀναφορὰ
2654 1946 2755 2016 τῆς
2781 1942 2952 2017 ᾠδῆς,
2981 1946 3075 2000 καὶ
3112 1945 3231 2018 μεθ’
3257 1940 3318 2001 οὗ
3347 1948 3381 2018 ή
3425 1947 3585 2019 μερὶς
3624 1947 3719 2002 τοῦ
3770 1939 3946 2017 οὗπερ

2378 2042 2407 2093 ὁ
2438 2039 2613 2109 λόγος.

2454 2216 2559 2286 με.
2600 2210 2735 2271 Εἶτα
2758 2215 3068 2269 τελευταῖον
3114 2212 3175 2266 τὺ
3226 2211 3493 2277 σώζεσθαι
3539 2210 3948 2279 ὲπιψιθυρίσας,

2381 2306 2473 2359 ἐπὶ
2505 2304 2781 2375 σχήματός
2830 2320 2891 2356 τε
2934 2298 3243 2373 εὐπρεποῦς
3301 2300 3575 2371 κείμενος,
3620 2299 3719 2365 τὴν
3768 2298 3949 2366 κάραν

2381 2397 2612 2463 δεξιόθεν
2639 2392 3023 2460 ἑπικεκλικὼς,
3076 2392 3277 2448 οὑτωσὶ
3317 2393 3521 2464 «post;
3572 2392 3667 2443 καὶ
3701 2388 3951 2459 ἠρεμαίᾳ

2381 2492 2445 2559 τῇ
2491 2490 2703 2557 κινήσει
2748 2485 2843 2546 τοῦ
2890 2484 3167 2557 σώματος,
3193 2483 3269 2547 ὡς
3314 2485 3395 2545 είς
3429 2482 3497 2534 τά
3544 2480 3649 2533 [δια
3687 2478 3949 2548 ἀπαίρειν

2382 2577 2834 2648 προαιρούμενος,
2868 2574 3047 2646 μύσας
3073 2576 3201 2637 τοὺς
3226 2568 3536 2641 ὀφθαλμοὺς
3579 2570 3638 2621 ὲν
3685 2566 3807 2639 ῶρᾳ
3855 2567 3953 2619 δύ-

2381 2686 2520 2733 σεως
2555 2669 2730 2737 ήλίου,
2755 2668 3076 2740 παρέδωκεν
3112 2664 3212 2736 τὴν
3250 2661 3412 2730 ἁγίαν
3453 2660 3633 2731 ψυχὴν
3676 2662 3792 2722 τοῖς
3839 2660 3952 2713 ἀπ-

2381 2759 2606 2827 άγουσιν
2634 2758 2805 2831 αὐτὴν
2835 2760 3007 2828 ἁγίοις
3035 2755 3285 2826 ἀγγέλοις
3311 2753 3446 2823 πρὸς
3466 2754 3557 2807 τὸν
3572 2752 3723 2823 ἥλιον
3750 2750 3850 2821 τῆς
3875 2750 3953 2804 δι-

2381 2853 2693 2922 καιοσύνης.
2722 2852 2831 2906 Καὶ
2860 2850 2954 2905 νῦν
2998 2850 3144 2902 ἐστιν
3171 2850 3200 2902 ὑ
3241 2846 3341 2918 μὲν
3362 2847 3421 2899 ὲν
3449 2846 3719 2916 οὐρανοῖς,
3748 2843 3810 2896 οὑ
3855 2843 3955 2914 μό-

2382 2962 2471 3000 νον
2523 2944 2831 3015 άσκητικῆς
2884 2940 3088 3004 τάξεώς
3117 2956 3176 2992 τε
3200 2938 3294 2992 καὶ
3339 2936 3736 3008 παραστάσεως
3764 2934 3955 3007 θαρρῶ

2383 3037 2562 3105 λέγειν
2593 3033 2915 3105 ⁴ήξιωμένος,
2938 3029 3075 3083 ἀλλά
3100 3029 3209 3101 γὰρ
3230 3030 3325 3082 καὶ
3344 3025 3693 3107 ὁμολογητῶν
3712 3026 3956 3095 χορείαις

720 3163 886 3208 tatem
945 3154 1288 3223 participavit
1326 3171 1340 3208 :
1372 3164 1467 3209 aut
1502 3154 1549 3209 si
1598 3154 1806 3223 placet,
1841 3170 1966 3209 cum
2016 3156 2280 3225 subjectis

2384 3125 2750 3199 ἠριθμημένος
2773 3140 2788 3155 ο
2815 3117 2891 3176 ὧν
2931 3120 3041 3191 γάρ
3072 3122 3195 3185 τοὺς
3221 3120 3416 3182 ἀθλους
3443 3119 3698 3187 ήνεγκεν,
3749 3113 3957 3168 τούτων

719 3244 1005 3313 subjectus
1051 3243 1497 3314 probatissimus,
1536 3243 1647 3297 imo
1692 3243 1774 3297 bis
1818 3242 2082 3297 obediens
2123 3258 2282 3297 coro-

723 3333 912 3386 uarius
937 3350 952 3398 ;
982 3347 1106 3387 cum
1168 3333 1431 3386 solitariis
1490 3332 1768 3387 solitarius
1801 3333 2077 3401 legitimus
2105 3349 2119 3397 ;
2154 3348 2278 3386 cum

722 3422 962 3492 prmlatis
1005 3423 1262 3493 praelatus
1328 3423 1708 3493 dignissimus,
1745 3438 1868 3477 cum
1896 3422 2143 3487 inclusis,
2174 3438 2283 3477 non

722 3514 899 3568 solum
960 3513 1228 3575 inclusus,
1263 3512 1356 3567 sed
1377 3516 1541 3568 etiam
1580 3512 1864 3579 subditus;
1895 3514 2151 3584 quodque
2185 3527 2286 3569 au-

722 3614 942 3678 gustum
998 3604 1285 3673 inprimis,
1342 3619 1466 3659 eum
1531 3603 1943 3660 eonfessoribus
2002 3604 2286 3660 confessor

724 3698 1022 3765 genuinus,
1056 3696 1233 3765 reipsa
1285 3697 1465 3750 verbis
1496 3704 1813 3751 attestante.
1845 3695 1956 3765 Ego
1988 3708 2166 3751 autem
2204 3698 2286 3749 in-

727 3788 879 3852 felix,
911 3788 1117 3856 Optimo
1138 3787 1365 3841 orbatus
1411 3797 1600 3857 patre;
1630 3789 1716 3842 cui
1773 3802 1993 3841 manum
2043 3786 2286 3857 iujiciam

725 3879 911 3934 animo
953 3878 1266 3933 ﬂuctuans?
1303 3893 1463 3947 quem
1515 3876 1915 3932 admonitorem
1958 3877 2286 3933 inveniama

724 3979 873 4026 recta
925 3970 1209 4026 declinans
1255 3969 1813 4040 ratione?quomodo
1856 3971 1984 4025 mali
2021 3971 2289 4027 daemonis

725 4063 1009 4119 incursum
1043 4062 1271 4132 fugiam,
1310 4079 1416 4117 non
1452 4062 1661 4119 habens
1689 4073 1740 4118 te
1785 4063 2149 4119 domesticum
2206 4064 2291 4119 iu-

725 4165 1057 4213 structorem
1090 4154 1504 4226 doctoremque.

799 4407 889 4461 45.
921 4405 1040 4470 Ast,
1069 4419 1103 4459 ο
1132 4404 1378 4459 divinum
1422 4404 1556 4457 mibi
1586 4412 1639 4457 et
1657 4418 1872 4458 sacrum
1909 4411 2091 4471 caput,
2124 4408 2181 4456 tu
2209 4416 2294 4456 me

2381 3218 2537 3287 δῆλον
2569 3216 2651 3268 ὅτι
2682 3213 2778 3266 καὶ
2803 3211 2905 3280 τῆς
2939 3211 3272 3283 κληρουχίας
3306 3206 3634 3279 μετείληφεν
3659 3222 3674 3237 ·
3705 3208 3755 3259 εί
3777 3206 3957 3277 βούλει

2380 3306 2461 3367 δὲ,
2498 3303 2637 3374 μετά
2668 3300 3051 3355 ὑποτακτικῶν
3091 3294 3448 3358 ὑποτακτικδς
3482 3293 3725 3363 δόκιμος,
3756 3292 3959 3363 μᾶλλον

2381 3397 2439 3451 δὲ
2465 3397 2545 3459 δις
2574 3394 2814 3465 ὑπήκοος
2844 3391 3189 3460 στεφανίτης,
3226 3387 3345 3459 μεθ’
3395 3382 3719 3456 ήσυχαστῶν
3749 3386 3959 3454 ήσυχα-

2386 3487 2517 3557 στής
2568 3486 2813 3556 ἔννομος,
2873 3483 3013 3552 μετά
3057 3477 3386 3550 καθηγητῶν
3444 3474 3765 3547 καθηγητὴς
3808 3475 3960 3528 ἔνθε-

2387 3596 2543 3650 σμος,
2595 3579 2735 3649 μετά
2789 3575 3117 3645 ὲγκλείστων
3146 3572 3206 3625 οὑ
3243 3570 3403 3641 μόνον
3454 3568 3790 3637 ἐγκλειστος,
3821 3565 3959 3619 ἀλλά

2386 3669 2478 3722 καὶ
2506 3668 2906 3735 ὑποτακτίπης,
2927 3663 2957 3716 δ
2978 3662 3075 3716 καὶ
3098 3660 3418 3731 σεϐάσμιον,
3451 3658 3589 3728 μετά
3608 3654 3960 3726 ὀμολογητῶν

2386 3758 2727 3829 ὁμολογητὴς
2752 3754 3209 3823 ἀπαράγραπτος,
3256 3747 3642 3821 μαρτυρούσης
3691 3745 3772 3812 τῷ
3816 3744 3961 3813 λόγῳ

2387 3851 2487 3919 τῆς
2520 3847 2790 3917 πράξεως.
2821 3843 2962 3912 Ἐγὼ
2982 3843 3040 3896 δὲ
3071 3844 3099 3897 ὁ
3118 3842 3396 3911 δύστηνος,
3424 3836 3849 3910 ἀπορφανισθεὶς
3865 3833 3959 3887 τοῦ

2388 3936 2554 3993 καλοὺ
2588 3935 2819 4006 Πατρὸς,
2847 3932 2951 3987 ποῦ
2985 3935 3145 4003 χεῖρα
3173 3929 3537 4001 ἀπερείσομαι
3594 3925 3740 3981 κατά
3783 3923 3963 3994 ψυχήν

2391 4028 2748 4098 σαλευόμενος
2773 4040 2789 4089 ;
2815 4024 2936 4077 τίνα
2973 4019 3328 4093 ὑπομνηστὴν
3368 4018 3588 4090 εὕροιμι
3630 4014 3962 4087 παραλόγως

2390 4121 2725 4192 φερόμενοςς
2764 4115 2881 4179 πῶς
2926 4114 3021 4169 τοῦ
3048 4113 3300 4187 Πονηροῦ
3345 4112 3447 4185 τὴν
3476 4109 3663 4181 ἔφοδον
3710 4108 3962 4178 φύγοιμι,

2395 4214 2471 4286 μὴ
2501 4214 2560 4267 σὲ
2589 4211 2679 4266 τὸν
2728 4208 2986 4281 νουθετήν
3032 4210 3127 4265 καὶ
3171 4206 3467 4278 παιδευτὴν
3520 4204 3773 4276 εὐπορῶν
3815 4203 3964 4257 οἰκο-

2395 4307 2485 4361 θεν
2510 4324 2525 4374 ;

2470 4406 2572 4471 με’.
2617 4399 2758 4453 Ἀλλ’
2789 4393 2836 4453 ῶ
2866 4396 2985 4451 θεία
3029 4412 3119 4466 μοι
3166 4392 3260 4446 καὶ
3307 4390 3431 4461 ίερά
3491 4387 3725 4458 κεφαλὴ.
3898 4401 3964 4456 με

726 4514 792 4553 ex
852 4499 963 4553 alto
1002 4497 1270 4568 propitius
1324 4496 1555 4564 respice,
1578 4496 1852 4549 labantem
1907 4494 2090 4564 erige,
2123 4492 2292 4562 dirige

2396 4494 2718 4558 ἐποπτεὺοις
2733 4494 2939 4550 ἀνωθεν
2955 4492 3135 4552 ἵλεως,
3151 4488 3246 4542 καὶ
3265 4485 3513 4557 ἀνορθοῖς
3533 4480 3965 4540 καταπίπτοντα,

729 4589 1088 4659 gradientem,
1131 4600 1290 4642 serva
1326 4586 1677 4646 incolumem,
1704 4598 1865 4653 pasce
1907 4599 2117 4637 mecum
2147 4584 2293 4637 hunc

728 4697 966 4752 gregem,
1002 4696 1163 4751 quem
1204 4678 1380 4733 multo
1436 4678 1620 4731 labore
1660 4686 1713 4730 et
1744 4675 1944 4729 sudore
1992 4672 2293 4743 collegisti;

731 4784 793 4828 ut
825 4774 933 4829 tuis
972 4773 1232 4827 insistens
1268 4770 1531 4840 vestigiis,
1564 4766 1805 4821 ambulet
1851 4781 1944 4833 per
1973 4765 2112 4819 viam
2143 4778 2297 4817 man-

728 4868 978 4922 datorum
1027 4864 1159 4921 Dei:
1192 4864 1445 4927 observa,
1504 4859 1647 4922 fove,
1684 4873 1965 4928 propugna
2031 4868 2138 4911 tam
2177 4870 2294 4910 ma-

731 4973 866 5028 gnos
931 4971 1094 5028 quam
1151 4970 1371 5025 parvos,
1396 4948 1855 5023 quemadmodum
1913 4958 1964 5003 te
2014 4947 2195 5018 rogavi
2238 4947 2291 5000 in

730 5049 863 5104 hora
923 5048 1104 5102 exitus
1155 5045 1230 5101 tui
1263 5064 1275 5099 :
1303 5044 1380 5098 tui
1436 5043 1580 5099 enim
1648 5049 1774 5095 sunt
1816 5054 2028 5103 omnes,
2062 5051 2295 5107 quorum

729 5143 897 5193 duces
925 5137 1020 5191 ﬁlii
1047 5137 1128 5191 tui
1157 5146 1304 5199 sunt,
1337 5145 1431 5190 aut
1457 5133 1550 5188 ﬁlii
1594 5132 1827 5187 ﬁliorum
1866 5146 1878 5183 :
1912 5139 1968 5184 ut
2002 5130 2055 5182 in
2091 5126 2201 5181 Deo
2240 5133 2293 5181 et

2395 4588 2488 4641 καὶ
2511 4585 2811 4649 διευθύνοις,
2836 4582 3218 4653 πορευόμενον,
3235 4578 3331 4631 καὶ
3349 4576 3633 4645 συντηροῖς
3653 4572 3966 4643 ἀνεπηρέα-

2395 4694 2555 4743 στον,
2591 4676 2744 4744 ἀγοις
2803 4691 2864 4727 τε
2912 4673 3008 4726 καὶ
3053 4666 3477 4739 συμποιμαίνοις
3529 4682 3643 4736 μοι,
3668 4665 3763 4716 καὶ
3808 4662 3967 4733 τήνδε

2397 4768 2497 4837 τήν
2554 4763 2810 4837 ποίμνην,
2850 4764 2917 4834 ἢν
2950 4761 3161 4822 πολλοῖς
3197 4759 3383 4821 πόνοις
3425 4773 3485 4810 τε
3511 4755 3605 4809 καὶ
3627 4754 3807 4822 ἀγῶσι
3844 4770 3979 4807 συνο.

2399 4856 2632 4926 εστήσω,
2656 4855 2715 4908 ὲν
2753 4854 2923 4925 ἴχνεσι
2961 4853 3074 4915 τοῖς
3114 4850 3226 4913 σοῖς
3270 4848 3613 4919 περιπατεῖν.
3658 4844 3717 4899 ἐν
3757 4842 3967 4914 τρίϐοις

2399 4948 2509 5001 τῶν
2539 4947 2698 5001 θείων
2721 4944 2951 4999 ἐντολῶν
2992 4941 3345 5013 πορεύεσθαι,
3386 4939 3625 5001 σκέπων,
3662 4936 3964 5006 περιέπων,

2405 5037 2770 5109 προπολεμῶν
2799 5036 2907 5088 τῶν
2929 5035 3180 5105 μεγάλων
3211 5050 3304 5086 σου
3324 5032 3418 5086 καὶ
3441 5028 3653 5102 μικρῶν
3674 5028 3963 5097 ποιμνίων,

2395 5128 2577 5193 καθὼς
2605 5128 2699 5181 καὶ
2747 5126 2987 5197 ὑπέσχου
3036 5126 3093 5178 ὲν
3134 5123 3312 5195 καιρῷ
3364 5138 3459 5176 σου
3478 5120 3577 5192 τῆς
3619 5118 3840 5186 ἑξόδου;
3872 5109 3966 5172 καὶ

2226 5217 2460 5273 ΝΟΤιΕ.

804 5319 918 5387 ('56)
950 5317 1022 5372 lta
1051 5317 1116 5371 ad
1149 5314 1614 5387 verbumgGrmca.
1660 5311 1894 5387 Sirletus
1924 5311 2121 5387 ver_tit:_
2149 5308 2294 5362 Iusti

731 5380 929 5443 Labori
962 5389 1176 5457 ejusque
1218 5387 1320 5457 diei
1373 5385 1489 5457 {esti
1525 5386 1853 5457 memoriam,
1894 5382 2053 5451 quale
2102 5380 2297 5457 festini:

734 5462 948 5514 nullum
986 5451 1191 5511 habent
1228 5451 1399 5509 GrmCi
1431 5473 1445 5519 ;
1477 5455 1570 5508 sed
1606 5453 1928 5521 simpliciter
1956 5451 2295 5521 meritoriam,

732 5528 1024 5586 occasione
1080 5525 1345 5592 evangelii
1417 5517 1590 5591 pridie
1640 5517 1937 5577 Dominica:
1980 5517 2296 5574 Palutaruni

732 5598 1269 5669 legendi,‘ut_supr_a‘
1287 5595 1517 5669 dictum.

2392 5309 2613 5365 tandem
2645 5323 2844 5376 corpus
2884 5307 3141 5381 sepulcro
3173 5302 3439 5381 condidit,
3499 5301 3683 5356 multis
3712 5301 3969 5381 undique

2393 5371 2815 5443 conﬂuentibus,
2848 5371 3078 5447 ejusque
3099 5375 3495 5449 depositionem
3545 5388 3642 5442 pro
3675 5371 3817 5423 virili
3847 5383 3971 5449 pro-

2396 5450 2737 5507 hibentibus.
2772 5457 2832 5503 ut
2865 5444 3091 5518 qui'nec
3121 5444 3340 5518 mortuo
3369 5444 3605 5518 quidem
3638 5450 3832 5494 sancto
3864 5444 3969 5518 pri-

2393 5520 2508 5590 vari
2541 5506 2756 5574 vellent.
2782 5538 2799 5569 ε
2826 5506 2897 5573 Εἰ
2919 5518 3022 5572 sub
3044 5518 3203 5570 tinem
3232 5514 3359 5590 V_it_2e
3388 5506 3831 5590 istababenture
3864 5506 3882 5559 ι
3914 5506 3967 5561 In

2398 5587 2574 5643 Studii
2613 5590 2945 5643 monasterio
2987 5596 3041 5641 et
3090 5586 3267 5654 magni
3296 5584 3537 5637 Platonis
3570 5591 3623 5635 et
3665 5583 3804 5633 beati
3835 5594 3970 5648 quo-

803 5654 933 5739 (ὅθ’)
958 5654 1175 5739 Ἐριίειιῖ
1197 5662 1330 5739 _Vita
1379 5664 1445 5717 de
1474 5661 1890 5739 sepulturaista
1932 5658 2118 5739 addit:
2155 5675 2172 5707 ι
2200 5654 2303 5739 cui
2396 5674 2503 5727 que
2529 5659 2763 5739 ane-plu
2788 5660 2959 5739 nives
2982 5672 3108 5739 arca
3146 5655 3348 5739 pariter
3372 5660 3731 5739 asservaturﬂ:
3758 5661 3968 5739 eteor-

736 5723 992 5818 tanquam
1022 5735 1167 5818 Patri
1197 5733 1419 5815 Patrum
1441 5723 1585 5818 "eum
1638 5731 1945 5818 patriarcha
1987 5728 2304 5818 innumeris
2397 5723 2500 5800 pus
2528 5728 2585 5783 S.
2616 5723 2888 5785 Theodori
2923 5728 2976 5782 in
3009 5723 3231 5781 Patrum
3266 5728 3477 5779 thecam
3514 5723 3725 5776 illatum
3757 5729 3861 5773 est.
3906 5735 3927 5769 ι

734 5800 1036 5864 luminibus
1064 5806 1350 5874 tburisque
1367 5802 1548 5860 sullitu
1568 5800 1714 5871 juSta
1763 5800 2137 5872 persolvisset,
2162 5812 2304 5869 aegre
