4170 6518
218 461 321 528 849

863 465 1144 526 ORATIO
1181 466 1321 528 XII.
1353 492 1425 504 —-
1449 469 1831 532 LAUDATIO
1861 472 1922 532 S.
1963 470 2279 532 ARSENII
2315 473 2858 563 ΑΝΑΟΗΟΒΕΤᾸΞ.

3357 481 3461 545 850

218 577 327 643 γάρ
359 589 456 625 σου
496 570 726 641 ποίμνια
779 573 975 638 πάντα,
1017 567 1092 627 ὧν
1140 575 1282 627 εἰσιν
1318 576 1694 645 καθηγεμόνες
1724 577 1793 630 τά

1893 582 2035 650 apud
2097 583 2264 636 Deum
2307 592 2360 636 te
2390 581 2651 635 habentes
2693 592 3007 650 patronum,
3043 597 3462 653 permancamus

218 665 289 719 σά
319 665 510 728 τέκνα,
553 663 646 715 καὶ
674 662 740 716 ἐκ
771 663 976 716 τέκνων
1003 664 1202 733 ἔγγονα
1224 681 1238 696 ·
1264 665 1340 729 ὡς
1389 666 1456 720 ἂν
1483 667 1696 738 ἔχοντές
1735 686 1795 722 σε

214 758 459 818 ἅπαντες
499 754 583 817 είς
627 751 764 807 Θεὸν
788 755 880 807 καὶ
906 755 1042 826 πρὸς
1065 755 1199 809 Θεὸν
1227 759 1624 830 προασπιστὴν,
1652 761 1798 832 ἀπη-

219 865 414 919 μαντοι
449 847 803 918 διαμένοιμεν
872 848 1125 917 ἀοράτων
1177 865 1238 901 τε
1323 849 1418 904 καὶ
1495 852 1680 922 όρωμέ
1695 871 1794 907 νων

213 940 451 1012 ἐχθρῶν,
485 939 655 1012 μηδὲν
684 939 932 1008 ὑφιέντες
950 939 1037 994 διὰ
1062 940 1229 1010 φόϐον
1263 940 1362 1012 τῆς
1391 940 1676 1012 όρθοδόξου
1702 946 1792 998 πί-

215 1049 410 1098 στεως,
470 1031 593 1103 μηδ’
623 1026 692 1086 αὖ
736 1031 1094 1104 ἐκφερόμενοι
1166 1032 1276 1087 τῶν
1333 1031 1495 1089 θείων
1541 1034 1794 1105 ἐντολῶν,

214 1125 346 1195 μήτ’
372 1121 443 1178 αὖ
469 1123 642 1198 θύραν
672 1124 983 1192 ἀνοίγοντες
1030 1121 1332 1195 ἀπροσεξίᾳ
1376 1128 1490 1190 τοῖς
1527 1126 1794 1198 ὀλεθρίοις

211 1213 468 1277 πάθεσιν,
517 1214 657 1285 μήτε
699 1212 806 1283 μὴν
837 1211 1332 1284 κατώιγωροῦντες
1362 1215 1463 1286 τῆς
1481 1216 1788 1289 ἀσκήσεως,

211 1305 271 1358 ἐν
293 1301 519 1375 Χριστῷ
553 1300 727 1373 Ἰησοῦ
759 1301 838 1371 τῷ
884 1300 1075 1372 Κυρίῳ
1105 1301 1283 1372 ημῶν,
1325 1296 1370 1372 ᾧ
1403 1305 1435 1374 η
1479 1303 1606 1369 δόξα
1631 1305 1725 1357 καὶ
1755 1305 1788 1375 ὴ

208 1396 349 1465 τιμὴ
378 1394 474 1449 καὶ
500 1393 562 1447 τὸ
608 1392 832 1465 κράτος,
876 1392 975 1446 σὺν
1025 1391 1104 1463 τῷ
1152 1395 1554 1466 παντοκράτορι
1591 1393 1786 1465 Πατρὶ,

209 1486 308 1541 καὶ
339 1484 420 1555 τῷ
457 1483 706 1554 ζωοποιῷ
722 1484 818 1537 καὶ
846 1482 1095 1553 παναγίῳ
1126 1483 1427 1555 Πνεύματι,
1450 1483 1546 1538 νῦν
1561 1486 1653 1538 καὶ
1677 1485 1784 1552 ἀεὶ,

211 1579 310 1634 καὶ
341 1581 422 1644 είς
457 1579 585 1644 τοὺς
607 1577 809 1639 αίῶνας
833 1574 944 1629 τῶν
972 1575 1205 1629 αἰώνων.
1251 1575 1443 1646 ’Δμήν.

1745 1835 1886 1899 XII.

1894 672 2165 727 immunes
2187 673 2256 727 ab
2282 672 2534 727 hostibus
2555 671 2865 728 visibilibus
2889 684 2944 729 et
2975 674 3366 742 invisibilibus,
3396 693 3462 736 ne

1890 777 1988 833 per
2020 763 2270 818 timorem
2303 764 2640 819 declinemus
2677 778 2707 818 ι
2750 780 2876 820 vera
2913 767 3015 822 ﬁde
3048 767 3101 822 in
3135 769 3343 839 aliquo,
3376 769 3460 824 vel

1889 854 2182 910 ell‘eramur
2233 865 2386 910 extra
2439 855 2528 911 Dei
2586 867 2852 926 praecepta
2880 875 2894 924 ;
2927 874 2995 913 ne
3039 875 3134 929 per
3184 861 3458 931 ignaviam

1890 947 2201 1016 aperiamus
2221 946 2448 1016 januam
2502 949 2684 1018 pravis
2736 949 3064 1018 allectibus;
3109 968 3175 1007 ne
3221 954 3460 1023 denique

1894 1038 2210 1094 deﬁciamus
2265 1039 2320 1093 in
2376 1040 2769 1095 exercitatione
2810 1042 3110 1111 proposita,
3147 1043 3200 1097 in
3237 1043 3460 1100 Christo

1891 1127 2023 1186 Jesu
2070 1129 2299 1186 Domino
2339 1141 2548 1196 nostro,
2581 1131 2668 1185 cui
2722 1142 2806 1187 est
2857 1133 3051 1200 gloria,
3085 1134 3263 1187 honor
3285 1144 3339 1188 et
3360 1149 3461 1204 po-

1893 1230 2080 1288 testas,
2135 1237 2259 1278 cum
2323 1223 2484 1280 Patre
2525 1225 2887 1295 omnipotenti
2945 1233 3107 1294 atque
3163 1225 3379 1280 viviﬁco
3407 1236 3462 1281 et

1890 1314 2242 1369 sanctissimo
2267 1313 2498 1384 Spiritu,
2527 1331 2692 1383 nunc,
2727 1324 2782 1372 et
2810 1330 3053 1386 semper,
3082 1324 3134 1371 et
3167 1315 3219 1370 in
3255 1318 3458 1372 sarcula

1888 1406 2239 1462 saeculorum.
2278 1407 2475 1464 Amen.

1083 2005 1495 2071 LAUDATIO
1537 2007 1600 2069 S.
1647 2005 1966 2068 ARSENII
2012 2005 2603 2068 ANACHORETE.
2702 2075 2712 2087 ι

211 2172 298 2227 Ex
333 2181 631 2244 permane
654 2169 828 2225 codice
859 2166 1006 2239 Petri
1039 2166 1317 2244 Seguierii,
1353 2167 1603 2223 Francia:
1641 2167 1972 2244 qanceyarii,
2009 2169 2153 2244 varie
2185 2167 2413 2244 col_l_ato._
2432 2167 2731 2244 interprete
2765 2170 2975 2226 Joanne
3012 2170 3192 2228 Pinio.
3229 2170 3458 2228 Ediderc

1226 2239 1614 2295 BOLLANDIANI.
1643 2237 1764 2294 Act.
1796 2236 1985 2294 Sanct.
2029 2237 2138 2293 Jul.
2166 2246 2204 2292 t.
2236 2236 2325 2301 IV,
2354 2238 2480 2293 617.

198 2697 203 2701 ,
796 2648 1198 2707 ΠΡΟΟΙΜΙΟΝ.

285 2747 358 2803 α’.
399 2744 601 2817 ’Δστὴρ
631 2745 893 2815 ἀειφανής
921 2747 1074 2816 ἡμῖν,
1100 2747 1200 2799 οὐκ
1225 2745 1286 2798 ἐν
1311 2743 1389 2814 τῷ
1414 2743 1662 2815 ζωδιακῷ
1692 2743 1790 2798 κύ·-

215 2842 334 2911 κλῳ
368 2838 869 2910 κατηριθμημένος,
899 2839 1015 2894 ἀλλ’
1043 2842 1102 2893 ἐν
1147 2837 1227 2909 τῷ
1250 2836 1352 2906 τῆς
1382 2835 1586 2906 ἀρετῆς
1620 2835 1788 2904 ούρα-

215 2933 294 3004 νῷ
319 2931 731 3001 ἐστηριγμένος,
761 2930 849 2985 διά
875 2931 975 3001 τῆς
1001 2930 1218 3001 ἐτησίου
1247 2926 1414 2981 αὐτοῦ
1446 2929 1665 2998 μνήμης
1696 2929 1791 2994 σή-

219 3041 391 3097 μερον
458 3022 761 3077 ἀνατέλλων
797 3062 812 3087 ,
873 3023 1013 3091 φωτὶ
1064 3021 1359 3090 ἀῦλωτάτῳ
1421 3020 1790 3090 μαρμαρυγὰς

219 3114 653 3186 ὑπερλάμπρους
680 3112 1051 3182 ἀγαθοεργίας
1078 3113 1344 3182 ἐπαφίησι
1370 3113 1438 3183 τῇ
1473 3110 1783 3179 οἰκουμένῃ.

216 3206 316 3267 Τίς
350 3204 408 3257 δέ
441 3206 590 3258 ἐστιν
625 3199 800 3267 οὗτος,
833 3196 880 3257 ὦ
918 3201 1168 3273 φιλάγιον
1196 3204 1504 3274 ἀθροισμα;
1543 3201 1603 3255 '0
1632 3201 1788 3269 ίσὰγ-

216 3296 378 3365 γελος
409 3295 704 3366 Ἀρσένιος,
731 3296 761 3348 ό
787 3294 888 3365 τὴν
915 3295 1116 3366 ἀρετὴν
1147 3295 1458 3367 ἀπρόσιτος,
1489 3293 1552 3347 τὸ
1577 3296 1675 3362 τῆς
1696 3309 1789 3346 τα-

218 3387 533 3451 πεινώσεως
566 3386 719 3457 ὕψος,
746 3386 808 3439 τὸ
833 3386 934 3456 τῆς
963 3385 1305 3452 κατανύξεως
1334 3386 1569 3459 ῥεῖθρον,
1599 3381 1661 3440 οὗ
1695 3385 1789 3438 καὶ

216 3482 254 3553 ὴ
287 3481 478 3552 μνήμη
504 3480 637 3550 μόνη
668 3479 1014 3550 παράκλησίς
1031 3481 1180 3533 ἐστιν
1203 3481 1282 3542 είς
1304 3478 1502 3549 ἀρετῆς
1529 3476 1784 3530 ἐπίδοσιν.

218 3572 332 3626 Καί
366 3588 456 3642 μοι
479 3570 777 3641 θαυμάζειν
798 3570 1007 3642 ἐπίησι,
1031 3571 1150 3633 πῶς
1169 3571 1279 3624 τῶν
1298 3571 1474 3624 ἀλλων
1505 3569 1789 3640 μακαρίων

217 3657 455 3728 ἀνδρῶν,
489 3659 640 3726 παρά
675 3657 783 3710 τῶν
813 3658 955 3711 κατά
982 3659 1173 3729 καιρὸν
1211 3659 1310 3730 τῆς
1337 3658 1542 3729 ἀρετῆς
1569 3659 1788 3714 ἐπαινε-

217 3750 351 3811 τῶν,
381 3749 492 3801 τῶν
520 3747 650 3818 βίων
679 3748 1206 3820 ἀναγεγραμμένων,
1248 3751 1342 3804 καὶ
1377 3752 1498 3812 ταῖς
1540 3751 1651 3803 τῶν
1692 3751 1787 3818 ἐγ-

217 3840 448 3910 κωμίων
493 3838 664 3909 βολίσι
713 3843 1257 3912 καταστραπτόντων,
1287 3841 1445 3894 τοῦδε
1488 3841 1584 3895 τοῦ
1631 3858 1789 3912 τρισ-

2485 2651 2752 2709 PROLOG
2764 2652 2868 2710 US.

1961 2747 2013 2800 Ι.
2058 2745 2223 2800 Stella
2255 2753 2516 2816 perpetuo
2550 2744 2712 2801 nobis
2757 2759 3048 2816 apparens,
3096 2759 3204 2800 non
3239 2742 3460 2799 zodiaca

1889 2837 2095 2893 circulo
2111 2845 2490 2901 annumerala,
2512 2836 2604 2891 sed
2624 2836 2679 2890 in
2699 2837 2916 2893 virtutis
2943 2837 3084 2894 calo
3105 2836 3344 2900 firmata,
3367 2853 3462 2905 per

1889 2927 2320 2983 anniversariam
2386 2941 2542 2982 suam
2587 2928 2910 2983 memoriam
2973 2928 3132 2983 hodie
3189 2929 3463 2991 exoriens,

1889 3020 2359 3094 splendidissimas
2387 3018 2652 3072 bonorum
2681 3033 2907 3088 operum
2929 3021 3341 3074 eoruscationes
3367 3020 3462 3074 de-

1892 3109 2231 3164 faecatissima
2253 3109 2372 3163 luce
2399 3109 2645 3163 immittit
2667 3109 2785 3164 orbi
2815 3119 3106 3165 terrarum.
3131 3110 3198 3164 At
3215 3125 3464 3179 quaenam

1892 3202 1982 3255 illa
2021 3211 2124 3263 est,
2157 3216 2191 3254 ο
2230 3199 2538 3256 sanctitatis
2577 3209 2826 3256 amantes
2859 3201 3174 3256 auditores?
3204 3202 3467 3257 Arsenius

1889 3301 1991 3354 est,
2022 3291 2227 3361 angelis
2266 3306 2383 3360 par,
2421 3292 2622 3345 virtute
2663 3291 2999 3356 inaccessus,
3026 3291 3349 3347 humilitatis
3388 3292 3467 3345 al-

1891 3383 2086 3446 titudo.
2118 3385 2368 3437 aseetiea:
2393 3380 2696 3450 disciplina:
2714 3383 2909 3451 gloria,
2940 3382 3250 3437 solitudinis
3278 3382 3466 3442 robur,

1891 3472 2329 3542 compunctionis
2373 3469 2675 3538 ﬂuentum;
2717 3473 2874 3541 cujus
2908 3471 2992 3526 vel
3041 3471 3156 3526 sola
3205 3473 3466 3526 memoria

1890 3565 1956 3618 ad
1981 3579 2327 3635 progressum
2361 3563 2414 3617 in
2448 3564 2647 3618 virtute
2677 3564 3088 3622 incitamentum
3120 3572 3222 3618 est.
3252 3564 3316 3617 Ει
3338 3578 3468 3617 vero

1890 3659 2076 3713 mirari
2117 3659 2285 3725 subit,
2317 3659 2447 3727 quid
2478 3658 2570 3726 sit,
2599 3657 2767 3728 quod.
2801 3669 3088 3728 postquam
3122 3658 3350 3713 aliorum
3388 3659 3468 3711 vi-

1890 3762 2074 3802 rorum
2113 3749 2415 3811 beatorum,
2456 3749 2677 3804 virtutis
2711 3764 2878 3803 causa
2926 3749 3301 3812 laudabilium,
3349 3749 3471 3803 vitte

1892 3842 2213 3910 conscripta:
2269 3850 2420 3907 sunt,
2493 3842 2889 3910 preconiorum
2950 3841 3119 3896 radiis
3183 3840 3467 3910 fulgentes,

219 3932 474 4000 μάκαρος
513 3932 543 3984 ό
587 3929 700 4000 βίος
729 3931 1080 4002 ἀνιστόρητος
1102 3931 1283 4002 είάθη,
1325 3932 1466 4002 πλὴν
1495 3931 1622 3984 ὅσον
1650 3948 1784 3985 σπο-

1894 3933 2039 3986 nulla
2065 3933 2134 3987 de
2171 3933 2470 3987 beatissimi
2496 3931 2724 4000 hujusce
2760 3933 2869 3984 vita
2903 3929 2969 3986 ad
3005 3940 3254 4001 posteros
3293 3941 3470 3986 trans-

218 4025 392 4098 ράδην
448 4024 600 4097 παρά
651 4042 814 4079 τινων
874 4025 1037 4080 ὁσίων
1085 4026 1343 4097 Πατὲρων
1396 4025 1785 4095 δεδηλωμένος,

215 4118 426 4189 καίπερ
455 4117 531 4189 μη
557 4118 1125 4188 ἐναπολιμπανόμενος
1147 4118 1249 4187 τῆς
1282 4117 1538 4190 ἐναρέτου
1566 4117 1790 4172 ἐκείνων

215 4211 655 4282 λαμπροφορίας,
686 4211 767 4264 ὅτι
800 4210 874 4280 μὴ
907 4209 1000 4262 καὶ
1029 4208 1228 4278 μᾶλλον
1252 4209 1362 4262 τῶν
1389 4209 1602 4263 πολλῶν
1627 4210 1791 4279 ὑπερ-

215 4302 455 4372 λάμπων
485 4303 604 4366 ταῖς
631 4301 831 4369 αὐγαῖς
857 4301 967 4354 τῶν
997 4300 1156 4355 θείων
1177 4299 1341 4353 αὐτοῦ
1366 4299 1790 4372 ἀνδραγαθημά-

215 4408 352 4446 των.

292 4482 361 4553 β’.
392 4483 459 4537 Τί
490 4482 614 4548 οὖνς
641 4480 1106 4555 Συνδιαμείψομεν
1133 4485 1232 4539 καὶ
1259 4487 1421 4556 ἡμεῖς
1447 4487 1562 4547 τοῖς
1585 4482 1789 4555 προλας

217 4573 374 4628 δοῦσι
402 4573 497 4628 τὸν
525 4573 733 4644 χρόνον,
768 4573 865 4627 καὶ
895 4575 1113 4644 οῐσομεν
1155 4573 1472 4647 τηλικοῦτον
1519 4574 1792 4644 θησαυρὸν

218 4665 330 4719 ὑπὸ
353 4665 452 4736 τῆς
472 4666 630 4736 σιγῆς
659 4665 1065 4733 καλύπτεσθαι;
1095 4668 1373 4737 Ούμενοῦν
1398 4685 1412 4698 ·
1440 4667 1573 4720 ἀλλὰ
1602 4666 1790 4719 πειθό-

220 4771 375 4823 μενοι
408 4755 520 4817 τοῖς
548 4756 643 4807 ἐπὶ
672 4753 828 4807 τοῦτο
859 4757 1251 4826 παρορμήσασι
1280 4756 1578 4827 Πατράσιν,
1611 4755 1661 4808 εί
1698 4753 1793 4807 καὶ

217 4845 441 4913 ἄμοιροι
464 4841 559 4896 τοῦ
583 4843 950 4913 προσήκοντος
977 4843 1158 4911 λόγου,
1179 4845 1470 4914 ἠλπικότες
1489 4862 1549 4899 τε
1580 4845 1793 4899 ἐπίκου-

220 4950 318 5004 ρον
341 4932 596 5000 δέξασθαι
642 4933 736 4986 τοῦ
768 4935 1169 5005 ἐγχειρήματος
1200 4936 1363 4989 αὐτὸν
1403 4937 1496 4989 τὸν
1541 4939 1621 4999 είς
1657 4935 1792 4988 ὑπό·

219 5027 372 5079 θεσιν
397 5025 491 5078 τοῦ
524 5023 638 5094 βίου
665 5024 1046 5096 προκείμενον,
1083 5027 1441 5098 ἀπαρξόμεθα
1465 5027 1560 5080 τοῦ
1591 5026 1790 5096 λέγειν,

217 5116 374 5171 οὐδὲν
401 5115 834 5182 ξενοδεκτοῠντες
861 5117 1010 5187 παρᾶ
1029 5117 1090 5171 τὸ
1121 5117 1340 5188 ἀληθὲς,
1370 5119 1470 5172 ὅσα
1502 5119 1558 5172 δέ
1587 5119 1652 5172 ἐκ
1682 5118 1793 5172 τῶν

218 5210 351 5278 περὶ
384 5206 551 5260 αἰοτοῦ
581 5208 1073 5278 περικεκομμένως
1118 5211 1425 5280 εἰρημένων
1451 5209 1788 5280 ἀναλεγόμε-

1893 4025 2015 4081 ierit
2034 4023 2282 4088 historia,
2309 4031 2504 4092 praeter
2530 4038 2675 4086 eam,
2702 4038 2825 4092 quae
2851 4016 2878 4076 a
2905 4023 3233 4093 quibusdam
3262 4026 3468 4081 sanctis

1890 4116 2143 4171 Patrihus
2173 4113 2408 4182 sparsim
2440 4114 2695 4174 indicata,
2734 4115 2953 4182 insigni,
2996 4128 3102 4183 qua
3129 4113 3350 4183 pollent,
3382 4131 3470 4170 res

1891 4207 2200 4263 illustrandi
2225 4206 2501 4269 facultate,
2530 4220 2635 4259 non
2663 4203 2887 4259 inferior
2907 4215 3013 4271 est,
3043 4205 3153 4260 imo
3174 4219 3303 4260 vero
3329 4207 3470 4260 mul-

1893 4301 1965 4355 tis
2018 4298 2203 4369 potius
2257 4297 2380 4352 aliis
2429 4296 2712 4366 praefulget
2765 4297 2835 4351 ob
2885 4297 3099 4353 divinos
3149 4298 3364 4353 Arsenii
3404 4313 3469 4354 ac

1892 4392 2167 4448 masculos
2195 4400 2474 4462 gestorum
2511 4390 2846 4459 splendores.

1961 4488 2016 4541 2.
2043 4486 2184 4554 Quid
2207 4486 2410 4557 igitur?
2430 4486 2508 4538 An
2534 4501 2637 4541 nos
2663 4486 2827 4539 etiam
2851 4500 2973 4539 cum
2999 4483 3086 4549 iis,
3113 4485 3205 4554 qui
3228 4493 3471 4554 tempore

1891 4587 2308 4648 praecesserunt,
2341 4577 2806 4632 eommutabimus
2835 4577 2981 4631 vices
3008 4585 3329 4645 tantumque
3359 4577 3472 4630 the-

1893 4685 2115 4726 saurum
2170 4670 2441 4738 patiemur
2487 4669 2590 4723 sub
2646 4668 2865 4723 silentio
2914 4668 3212 4722 abscondi?
3254 4667 3471 4735 Nequa-

1893 4781 2058 4836 quam
2088 4783 2102 4819 :
2138 4777 2191 4819 at
2213 4763 2435 4818 Patrum
2469 4763 2717 4832 exemplo
2748 4760 2973 4825 incitati,
3015 4759 3234 4822 tametsi
3267 4775 3468 4814 conve-

1893 4855 2074 4908 niente
2097 4854 2343 4908 oratione
2359 4851 2597 4906 destituti
2621 4868 2636 4918 ;
2669 4852 2920 4922 lretique,
2949 4851 3153 4905 auxilio
3184 4859 3469 4905 venturum

1893 4945 2144 5014 prasenti
2173 4945 2393 4999 conatui
2420 4945 2569 4999 illum
2605 4946 2803 5014 ipsum,
2838 4943 2996 5013 cujus
3029 4942 3187 4998 nobis
3218 4944 3457 5013 proposi-

1894 5042 2008 5087 tum
2033 5045 2118 5087 est
2143 5034 2268 5087 vitae
2283 5045 2685 5102 argumentum,
2707 5033 2919 5086 dicendi
2947 5032 3158 5086 initium
3185 5030 3468 5095 faciemus,

1895 5126 2028 5180 nihil
2059 5125 2401 5194 peregrinum
2428 5134 2482 5179 et
2512 5141 2542 5178 a
2572 5140 2697 5180 vero
2720 5125 2956 5179 alienum
2989 5125 3342 5194 adoptantes;
3375 5125 3468 5178 sed

1895 5231 2237 5286 quacunque
2281 5215 2665 5284 compendiose
2691 5215 2759 5270 de
2791 5215 2912 5285 ipso
2950 5214 3094 5270 dieta
3128 5225 3276 5278 sunt,
3315 5215 3471 5269 colli-

217 5318 321 5363 νοι,
352 5301 402 5352 εί
435 5298 530 5351 καὶ
574 5297 662 5352 διά
713 5298 964 5370 ἀρῤἀφου
994 5301 1321 5371 διηγήσεως,
1359 5304 1438 5366 εἰς
1484 5303 1776 5374 ύπόμνησυ

1898 5316 2104 5378 gentes,
2137 5315 2191 5360 et
2219 5306 2434 5360 etiamsi
2468 5307 2780 5362 narratione
2806 5321 2910 5360 non
2934 5306 3242 5360 colmrente
3273 5306 3326 5358 in
3354 5321 3475 5362 me-

217 5395 502 5464 φέροντες,
556 5392 650 5445 καὶ⁵
695 5391 872 5448 ταῦτα
918 5395 1082 5447 οἱονεὶ
1128 5397 1564 5464 συνυφαίνοντες,
1597 5399 1691 5451 καὶ
1730 5398 1794 5451 ἐκ

1900 5399 2128 5454 moriam
2166 5406 2501 5460 revocantes,
2532 5408 2696 5466 atque
2738 5398 2853 5452 lnec
2893 5397 3300 5466 quodammodo
3343 5413 3476 5450 con-

215 5484 428 5538 τούτων
456 5484 579 5546 ταῖς
611 5484 924 5551 ἀκολούθοις
948 5487 1178 5549 ἐννοίαις
1214 5486 1326 5539 ἐσθ’
1352 5489 1439 5540 ὅτε
1473 5487 1792 5558 προσθήκην

219 5575 537 5644 ποιούμενοι
567 5573 688 5628 καθ’
711 5575 926 5646 εἱρμὸν,
950 5578 1324 5649 πειρασόμεθα
1344 5578 1436 5631 τὸν
1464 5579 1577 5648 βίον
1609 5578 1791 5648 ἀπαρ-

217 5666 499 5728 τίσασθαι,
549 5666 970 5738 ἀφουσιούμενοι
1032 5669 1125 5722 τὸν
1184 5668 1368 5737 πόθον,
1416 5669 1473 5725 ὃν
1519 5671 1647 5742 περὶ
1699 5671 1791 5722 τοῦ

222 5756 599 5827 παμμάκαρος
632 5756 846 5828 ἔχουσιν
877 5761 925 5814 οἱ
959 5761 1255 5833 φιλάρετοι.

1901 5497 2160 5552 texentes,
2183 5489 2392 5557 adjecto
2423 5487 2607 5550 etiam,
2633 5488 2722 5542 ubi
2747 5503 2833 5542 res
2859 5485 3012 5550 feret,
3037 5502 3102 5540 ex
3128 5486 3474 5556 cogitationi-

1896 5581 1999 5634 bus
2050 5580 2175 5634 inde
2231 5581 2697 5646 consequentibus
2754 5578 3161 5641 additamento,
3219 5593 3328 5645 quo
3389 5593 3478 5630 res

1895 5670 2223 5732 cohaereant,
2248 5667 2412 5722 vitam
2437 5669 2718 5724 absolvere
2742 5669 3081 5730 conabimur,
3109 5667 3475 5735 gratiﬁcantes

1897 5761 2189 5823 desiderio,
2247 5774 2358 5826 quo
2409 5775 2536 5830 erga
2598 5758 2971 5816 beatissimum
3025 5758 3168 5813 hunc
3228 5764 3477 5812 tenentur

1901 5853 2116 5907 virtutis
2152 5859 2418 5905 amantes.
