  <div class='ocr_page' id='page_1' title='image "/cluster/home/n/w/nwhite01/storage/ocr_20150623/99/uva.x002264937/453.png"; bbox 0 0 4170 6486; ppageno 0'>
   <div class='ocr_carea' id='block_1_1' title="bbox 674 419 2321 492">
    <p class='ocr_par' dir='ltr' id='par_1_1' title="bbox 674 419 2321 492">
     <span class='ocr_line' id='line_1_1' title="bbox 674 419 2321 492; baseline 0.005 -10"><span class='ocrx_word' id='word_1_1' title='bbox 674 419 778 484; x_wconf 85' lang='grc'><strong>851</strong></span> <span class='ocrx_word' id='word_1_2' title='bbox 1873 432 1931 492; x_wconf 94' lang='lat' dir='ltr'><strong>S.</strong></span> <span class='ocrx_word' id='word_1_3' title='bbox 1969 431 2321 491; x_wconf 73' lang='lat' dir='ltr'><strong>THEODOB</strong></span> 
     </span>
    </p>
   </div>
   <div class='ocr_carea' id='block_1_2' title="bbox 2304 419 3951 492">
    <p class='ocr_par' dir='ltr' id='par_1_2' title="bbox 2304 423 3951 492">
     <span class='ocr_line' id='line_1_2' title="bbox 2304 423 3951 492; baseline -0.002 -2"><span class='ocrx_word' id='word_1_4' title='bbox 2304 433 2362 490; x_wconf 67' lang='lat' dir='ltr'><strong>ll</strong></span> <span class='ocrx_word' id='word_1_5' title='bbox 2397 431 2744 492; x_wconf 77' lang='lat' dir='ltr'><strong>STUDIT/E</strong></span> <span class='ocrx_word' id='word_1_6' title='bbox 3841 423 3951 487; x_wconf 75' lang='grc'><strong>852</strong></span> 
     </span>
    </p>
   </div>
   <div class='ocr_carea' id='block_1_3' title="bbox 1207 538 2854 609">
    <p class='ocr_par' dir='ltr' id='par_1_3' title="bbox 1207 538 2854 609">
     <span class='ocr_line' id='line_1_3' title="bbox 1207 538 2854 609; baseline -0.001 -15"><span class='ocrx_word' id='word_1_7' title='bbox 1207 538 1436 596; x_wconf 79' lang='lat' dir='ltr'><strong>CAPUT</strong></span> <span class='ocrx_word' id='word_1_8' title='bbox 1476 539 1769 598; x_wconf 79' lang='lat' dir='ltr'><strong>PRIMUM.</strong></span> <span class='ocrx_word' id='word_1_9' title='bbox 2294 557 2333 609; x_wconf 66' lang='grc' dir='ltr'>Α</span> <span class='ocrx_word' id='word_1_10' title='bbox 2790 541 2854 594; x_wconf 78' lang='grc' dir='ltr'><strong>ιιι</strong></span> 
     </span>
    </p>
   </div>
   <div class='ocr_carea' id='block_1_4' title="bbox 1865 538 3512 609">
    <p class='ocr_par' dir='ltr' id='par_1_4' title="bbox 2294 540 3512 609">
     <span class='ocr_line' id='line_1_4' title="bbox 2294 540 3512 609; baseline 0.002 -15"><span class='ocrx_word' id='word_1_11' title='bbox 2294 557 2333 609; x_wconf 67' lang='grc' dir='ltr'>Α</span> <span class='ocrx_word' id='word_1_12' title='bbox 2790 540 3186 594; x_wconf 72' lang='grc' dir='ltr'>κεψΑΑΑιοΝ</span> <span class='ocrx_word' id='word_1_13' title='bbox 3216 541 3512 598; x_wconf 76' lang='lat' dir='ltr'><strong>nroroN.</strong></span> 
     </span>
    </p>
   </div>
   <div class='ocr_carea' id='block_1_5' title="bbox 681 653 3946 797">
    <p class='ocr_par' dir='ltr' id='par_1_5' title="bbox 681 653 3946 797">
     <span class='ocr_line' id='line_1_5' title="bbox 681 653 3946 797; baseline -0.001 -89"><span class='ocrx_word' id='word_1_14' title='bbox 681 653 866 709; x_wconf 74' lang='lat' dir='ltr'><strong>Sancti</strong></span> <span class='ocrx_word' id='word_1_15' title='bbox 895 656 1095 725; x_wconf 88' lang='lat' dir='ltr'><strong>patria,</strong></span> <span class='ocrx_word' id='word_1_16' title='bbox 1126 657 1367 725; x_wconf 77' lang='lat' dir='ltr'><strong>natales;</strong></span> <span class='ocrx_word' id='word_1_17' title='bbox 1399 659 1503 713; x_wconf 82' lang='lat' dir='ltr'><strong>vita</strong></span> <span class='ocrx_word' id='word_1_18' title='bbox 1535 659 1807 714; x_wconf 75' lang='lat' dir='ltr'><strong>swcularis</strong></span> <span class='ocrx_word' id='word_1_19' title='bbox 1835 673 1953 712; x_wconf 83' lang='lat' dir='ltr'><strong>cum</strong></span> <span class='ocrx_word' id='word_1_20' title='bbox 2000 659 2246 781; x_wconf 63' lang='lat' dir='ltr'><strong>soliltarin</strong></span> <span class='ocrx_word' id='word_1_21' title='bbox 2303 657 2480 797; x_wconf 57' lang='lat' dir='ltr'><strong>divifuo</strong></span> <span class='ocrx_word' id='word_1_22' title='bbox 2511 659 2715 712; x_wconf 75' lang='lat' dir='ltr'><strong>monitu</strong></span> <span class='ocrx_word' id='word_1_23' title='bbox 2767 668 3130 724; x_wconf 82' lang='lat' dir='ltr'><strong>commutata;</strong></span> <span class='ocrx_word' id='word_1_24' title='bbox 3159 660 3388 729; x_wconf 73' lang='lat' dir='ltr'><strong>insignes</strong></span> <span class='ocrx_word' id='word_1_25' title='bbox 3418 660 3473 713; x_wconf 83' lang='lat' dir='ltr'><strong>in</strong></span> <span class='ocrx_word' id='word_1_26' title='bbox 3503 674 3567 714; x_wconf 78' lang='lat' dir='ltr'><strong>ea</strong></span> <span class='ocrx_word' id='word_1_27' title='bbox 3592 670 3946 728; x_wconf 69' lang='lat' dir='ltr'><strong>progressus,-</strong></span> 
     </span>
     <span class='ocr_line' id='line_1_6' title="bbox 2109 745 2546 797; baseline 0 -17"><span class='ocrx_word' id='word_1_28' title='bbox 2109 745 2359 782; x_wconf 76' lang='lat' dir='ltr'><strong>iomumm</strong></span> <span class='ocrx_word' id='word_1_29' title='bbox 2424 746 2546 797; x_wconf 81' lang='lat' dir='ltr'><strong>uga.</strong></span> 
     </span>
    </p>
   </div>
   <div class='ocr_carea' id='block_1_6' title="bbox 2109 745 2546 798">
    <p class='ocr_par' dir='ltr' id='par_1_6' title="bbox 2109 745 2546 798">
     <span class='ocr_line' id='line_1_7' title="bbox 2109 745 2546 798; baseline 0.007 -18"><span class='ocrx_word' id='word_1_30' title='bbox 2109 745 2264 782; x_wconf 78' lang='grc' dir='ltr'>ιοηιιη</span> <span class='ocrx_word' id='word_1_31' title='bbox 2276 745 2359 781; x_wconf 75' lang='lat' dir='ltr'><strong>una</strong></span> <span class='ocrx_word' id='word_1_32' title='bbox 2399 745 2522 798; x_wconf 61' lang='lat' dir='ltr'><strong>luga</strong></span> <span class='ocrx_word' id='word_1_33' title='bbox 2534 771 2546 784; x_wconf 90' lang='lat'><strong>.</strong></span> 
     </span>
    </p>
   </div>
   <div class='ocr_carea' id='block_1_7' title="bbox 754 838 2401 914">
    <p class='ocr_par' dir='ltr' id='par_1_7' title="bbox 754 838 2262 914">
     <span class='ocr_line' id='line_1_8' title="bbox 754 838 2262 914; baseline 0.001 -20"><span class='ocrx_word' id='word_1_34' title='bbox 754 840 809 895; x_wconf 81' lang='lat'><strong>3.</strong></span> <span class='ocrx_word' id='word_1_35' title='bbox 837 838 1021 896; x_wconf 86' lang='lat' dir='ltr'><strong>Genus</strong></span> <span class='ocrx_word' id='word_1_36' title='bbox 1057 839 1295 906; x_wconf 83' lang='lat' dir='ltr'><strong>Arsenii,</strong></span> <span class='ocrx_word' id='word_1_37' title='bbox 1333 850 1392 896; x_wconf 93' lang='lat' dir='ltr'><strong>ut</strong></span> <span class='ocrx_word' id='word_1_38' title='bbox 1420 841 1597 897; x_wconf 89' lang='lat' dir='ltr'><strong>dicam</strong></span> <span class='ocrx_word' id='word_1_39' title='bbox 1642 843 1694 898; x_wconf 91' lang='lat' dir='ltr'><strong>id</strong></span> <span class='ocrx_word' id='word_1_40' title='bbox 1739 844 1884 914; x_wconf 90' lang='lat' dir='ltr'><strong>quod</strong></span> <span class='ocrx_word' id='word_1_41' title='bbox 1938 858 2025 899; x_wconf 89' lang='lat' dir='ltr'><strong>res</strong></span> <span class='ocrx_word' id='word_1_42' title='bbox 2068 854 2173 905; x_wconf 90' lang='lat' dir='ltr'><strong>est,</strong></span> <span class='ocrx_word' id='word_1_43' title='bbox 2209 851 2262 896; x_wconf 90' lang='lat' dir='ltr'><strong>et</strong></span> 
     </span>
    </p>
   </div>
   <div class='ocr_carea' id='block_1_8' title="bbox 2307 838 3954 914">
    <p class='ocr_par' dir='ltr' id='par_1_8' title="bbox 2431 838 3954 912">
     <span class='ocr_line' id='line_1_9' title="bbox 2431 838 3954 912; baseline -0.003 -16"><span class='ocrx_word' id='word_1_44' title='bbox 2431 842 2686 910; x_wconf 79' lang='grc' dir='ltr'>γ’..Γένος</span> <span class='ocrx_word' id='word_1_45' title='bbox 2711 842 2812 912; x_wconf 80' lang='grc' dir='ltr'>μὲν</span> <span class='ocrx_word' id='word_1_46' title='bbox 2840 843 3136 912; x_wconf 84' lang='grc' dir='ltr'>Ἀρσενίου,</span> <span class='ocrx_word' id='word_1_47' title='bbox 3157 842 3388 912; x_wconf 82' lang='grc' dir='ltr'>τάληθὲς</span> <span class='ocrx_word' id='word_1_48' title='bbox 3406 843 3602 908; x_wconf 76' lang='grc' dir='ltr'>εἰπεῖν,</span> <span class='ocrx_word' id='word_1_49' title='bbox 3618 839 3716 894; x_wconf 72' lang='grc' dir='ltr'>καὶ</span> <span class='ocrx_word' id='word_1_50' title='bbox 3735 839 3799 892; x_wconf 85' lang='grc' dir='ltr'><strong>ού</strong></span> <span class='ocrx_word' id='word_1_51' title='bbox 3817 838 3954 892; x_wconf 79' lang='grc' dir='ltr'>σπά-</span> 
     </span>
    </p>
   </div>
   <div class='ocr_carea' id='block_1_9' title="bbox 686 930 2333 1006">
    <p class='ocr_par' dir='ltr' id='par_1_9' title="bbox 686 933 2262 1006">
     <span class='ocr_line' id='line_1_10' title="bbox 686 933 2262 1006; baseline 0.001 -19"><span class='ocrx_word' id='word_1_52' title='bbox 686 933 928 988; x_wconf 82' lang='lat' dir='ltr'><strong>alllnium</strong></span> <span class='ocrx_word' id='word_1_53' title='bbox 992 934 1303 1001; x_wconf 70' lang='lat' dir='ltr'><strong>multitudo,</strong></span> <span class='ocrx_word' id='word_1_54' title='bbox 1360 935 1528 990; x_wconf 85' lang='lat' dir='ltr'><strong>virtus</strong></span> <span class='ocrx_word' id='word_1_55' title='bbox 1580 935 1714 1001; x_wconf 78' lang='lat' dir='ltr'><strong>fuit;</strong></span> <span class='ocrx_word' id='word_1_56' title='bbox 1770 937 2001 1006; x_wconf 86' lang='lat' dir='ltr'><strong>ejusque</strong></span> <span class='ocrx_word' id='word_1_57' title='bbox 2048 935 2262 990; x_wconf 89' lang='lat' dir='ltr'><strong>incendi</strong></span> 
     </span>
    </p>
   </div>
   <div class='ocr_carea' id='block_1_10' title="bbox 2296 930 3943 1006">
    <p class='ocr_par' dir='ltr' id='par_1_10' title="bbox 2361 930 3943 1006">
     <span class='ocr_line' id='line_1_11' title="bbox 2361 930 3943 1006; baseline -0.002 -19"><span class='ocrx_word' id='word_1_58' title='bbox 2361 953 2461 988; x_wconf 85' lang='grc' dir='ltr'>νιοι</span> <span class='ocrx_word' id='word_1_59' title='bbox 2488 937 2535 988; x_wconf 89' lang='grc' dir='ltr'><strong>οί</strong></span> <span class='ocrx_word' id='word_1_60' title='bbox 2570 936 2909 1006; x_wconf 85' lang='grc' dir='ltr'>μετέχοντες,</span> <span class='ocrx_word' id='word_1_61' title='bbox 2936 937 2969 1006; x_wconf 83' lang='grc' dir='ltr'>ή</span> <span class='ocrx_word' id='word_1_62' title='bbox 3005 935 3173 1006; x_wconf 86' lang='grc' dir='ltr'>ἀρετή</span> <span class='ocrx_word' id='word_1_63' title='bbox 3201 953 3215 966; x_wconf 88' lang='grc'><strong>·</strong></span> <span class='ocrx_word' id='word_1_64' title='bbox 3245 936 3337 987; x_wconf 74' lang='grc' dir='ltr'>καὶ</span> <span class='ocrx_word' id='word_1_65' title='bbox 3363 935 3424 986; x_wconf 85' lang='grc' dir='ltr'>τὸ</span> <span class='ocrx_word' id='word_1_66' title='bbox 3457 930 3668 987; x_wconf 68' lang='grc' dir='ltr'>ἐκεῖθεν</span> <span class='ocrx_word' id='word_1_67' title='bbox 3701 933 3943 999; x_wconf 85' lang='grc' dir='ltr'>κατάγε-</span> 
     </span>
    </p>
   </div>
   <div class='ocr_carea' id='block_1_11' title="bbox 689 1024 2336 1098">
    <p class='ocr_par' dir='ltr' id='par_1_11' title="bbox 689 1025 2262 1098">
     <span class='ocr_line' id='line_1_12' title="bbox 689 1025 2262 1098; baseline 0.001 -20"><span class='ocrx_word' id='word_1_68' title='bbox 689 1026 882 1080; x_wconf 87' lang='lat' dir='ltr'><strong>studiis</strong></span> <span class='ocrx_word' id='word_1_69' title='bbox 913 1039 976 1080; x_wconf 87' lang='lat' dir='ltr'><strong>ac</strong></span> <span class='ocrx_word' id='word_1_70' title='bbox 1010 1025 1257 1096; x_wconf 76' lang='lat' dir='ltr'><strong>insigniri</strong></span> <span class='ocrx_word' id='word_1_71' title='bbox 1298 1027 1739 1092; x_wconf 86' lang='lat' dir='ltr'><strong>characteribus;</strong></span> <span class='ocrx_word' id='word_1_72' title='bbox 1776 1027 2031 1098; x_wconf 90' lang='lat' dir='ltr'><strong>quoniam</strong></span> <span class='ocrx_word' id='word_1_73' title='bbox 2075 1043 2200 1080; x_wconf 92' lang='lat' dir='ltr'><strong>vero</strong></span> <span class='ocrx_word' id='word_1_74' title='bbox 2233 1042 2262 1080; x_wconf 89' lang='lat' dir='ltr'><strong>a</strong></span> 
     </span>
    </p>
   </div>
   <div class='ocr_carea' id='block_1_12' title="bbox 2301 1024 3948 1098">
    <p class='ocr_par' dir='ltr' id='par_1_12' title="bbox 2363 1024 3948 1098">
     <span class='ocr_line' id='line_1_13' title="bbox 2363 1024 3948 1098; baseline -0.004 -18"><span class='ocrx_word' id='word_1_75' title='bbox 2363 1027 2485 1080; x_wconf 85' lang='grc' dir='ltr'>σθαι</span> <span class='ocrx_word' id='word_1_76' title='bbox 2513 1029 2606 1080; x_wconf 76' lang='grc' dir='ltr'>καὶ</span> <span class='ocrx_word' id='word_1_77' title='bbox 2629 1026 3163 1098; x_wconf 73' lang='grc' dir='ltr'>χαρακτηρίζεσθαιο</span> <span class='ocrx_word' id='word_1_78' title='bbox 3200 1025 3387 1096; x_wconf 80' lang='grc' dir='ltr'>ἐπειδὴ</span> <span class='ocrx_word' id='word_1_79' title='bbox 3414 1025 3471 1078; x_wconf 85' lang='grc' dir='ltr'>δὲ</span> <span class='ocrx_word' id='word_1_80' title='bbox 3503 1025 3564 1078; x_wconf 80' lang='grc' dir='ltr'>τὸ</span> <span class='ocrx_word' id='word_1_81' title='bbox 3597 1024 3690 1092; x_wconf 66' lang='grc' dir='ltr'>ἀφ’</span> <span class='ocrx_word' id='word_1_82' title='bbox 3720 1024 3948 1092; x_wconf 83' lang='grc' dir='ltr'>αῐμασιν</span> 
     </span>
    </p>
   </div>
   <div class='ocr_carea' id='block_1_13' title="bbox 689 1115 2336 1190">
    <p class='ocr_par' dir='ltr' id='par_1_13' title="bbox 689 1117 2260 1190">
     <span class='ocr_line' id='line_1_14' title="bbox 689 1117 2260 1190; baseline 0.002 -21"><span class='ocrx_word' id='word_1_83' title='bbox 689 1117 952 1186; x_wconf 81' lang='lat' dir='ltr'><strong>sanguine</strong></span> <span class='ocrx_word' id='word_1_84' title='bbox 971 1117 1021 1171; x_wconf 88' lang='lat' dir='ltr'><strong>id</strong></span> <span class='ocrx_word' id='word_1_85' title='bbox 1046 1127 1297 1188; x_wconf 89' lang='lat' dir='ltr'><strong>repetunt</strong></span> <span class='ocrx_word' id='word_1_86' title='bbox 1316 1119 1512 1174; x_wconf 88' lang='lat' dir='ltr'><strong>eruditi</strong></span> <span class='ocrx_word' id='word_1_87' title='bbox 1532 1137 1547 1185; x_wconf 91' lang='lat'>;</span> <span class='ocrx_word' id='word_1_88' title='bbox 1567 1121 1740 1190; x_wconf 88' lang='lat' dir='ltr'><strong>patria</strong></span> <span class='ocrx_word' id='word_1_89' title='bbox 1757 1121 1805 1175; x_wconf 89' lang='lat' dir='ltr'><strong>ei</strong></span> <span class='ocrx_word' id='word_1_90' title='bbox 1832 1120 1933 1173; x_wconf 89' lang='lat' dir='ltr'><strong>l&#39;uit</strong></span> <span class='ocrx_word' id='word_1_91' title='bbox 1956 1119 2260 1183; x_wconf 91' lang='lat' dir='ltr'><strong>civitatum,</strong></span> 
     </span>
    </p>
   </div>
   <div class='ocr_carea' id='block_1_14' title="bbox 2299 1115 3946 1190">
    <p class='ocr_par' dir='ltr' id='par_1_14' title="bbox 2361 1115 3946 1188">
     <span class='ocr_line' id='line_1_15' title="bbox 2361 1115 3946 1188; baseline -0.003 -18"><span class='ocrx_word' id='word_1_92' title='bbox 2361 1121 2473 1180; x_wconf 85' lang='grc' dir='ltr'>τοῖς</span> <span class='ocrx_word' id='word_1_93' title='bbox 2501 1115 2857 1186; x_wconf 75' lang='grc' dir='ltr'>φιλοπαθέσιν</span> <span class='ocrx_word' id='word_1_94' title='bbox 2903 1117 3263 1188; x_wconf 77' lang='grc' dir='ltr'>ὲπιζητείταιο</span> <span class='ocrx_word' id='word_1_95' title='bbox 3308 1118 3342 1188; x_wconf 76' lang='grc' dir='ltr'><strong>ἡ</strong></span> <span class='ocrx_word' id='word_1_96' title='bbox 3377 1116 3568 1187; x_wconf 84' lang='grc' dir='ltr'>πρώτη</span> <span class='ocrx_word' id='word_1_97' title='bbox 3627 1115 3738 1168; x_wconf 86' lang='grc' dir='ltr'><strong>τῶν</strong></span> <span class='ocrx_word' id='word_1_98' title='bbox 3775 1115 3946 1167; x_wconf 80' lang='grc' dir='ltr'>ὑπου-</span> 
     </span>
    </p>
   </div>
   <div class='ocr_carea' id='block_1_15' title="bbox 688 1207 2335 1280">
    <p class='ocr_par' dir='ltr' id='par_1_15' title="bbox 688 1208 2265 1280">
     <span class='ocr_line' id='line_1_16' title="bbox 688 1208 2265 1280; baseline 0.002 -20"><span class='ocrx_word' id='word_1_99' title='bbox 688 1221 812 1275; x_wconf 71' lang='grc' dir='ltr'>ηυαι</span> <span class='ocrx_word' id='word_1_100' title='bbox 845 1208 949 1262; x_wconf 88' lang='lat' dir='ltr'><strong>sub</strong></span> <span class='ocrx_word' id='word_1_101' title='bbox 979 1209 1119 1264; x_wconf 68' lang='lat' dir='ltr'><strong>coelo</strong></span> <span class='ocrx_word' id='word_1_102' title='bbox 1158 1218 1308 1276; x_wconf 84' lang='lat' dir='ltr'><strong>sunt,</strong></span> <span class='ocrx_word' id='word_1_103' title='bbox 1343 1211 1614 1280; x_wconf 89' lang='lat' dir='ltr'><strong>princeps,</strong></span> <span class='ocrx_word' id='word_1_104' title='bbox 1659 1209 1854 1274; x_wconf 77' lang='lat' dir='ltr'><strong>Roma,</strong></span> <span class='ocrx_word' id='word_1_105' title='bbox 1899 1211 2144 1279; x_wconf 91' lang='lat' dir='ltr'><strong>inquam,</strong></span> <span class='ocrx_word' id='word_1_106' title='bbox 2177 1224 2265 1263; x_wconf 90' lang='lat' dir='ltr'><strong>ce-</strong></span> 
     </span>
    </p>
   </div>
   <div class='ocr_carea' id='block_1_16' title="bbox 2303 1207 3950 1280">
    <p class='ocr_par' dir='ltr' id='par_1_16' title="bbox 2367 1207 3950 1280">
     <span class='ocr_line' id='line_1_17' title="bbox 2367 1207 3950 1280; baseline -0.002 -18"><span class='ocrx_word' id='word_1_107' title='bbox 2367 1209 2567 1279; x_wconf 81' lang='grc' dir='ltr'>ρανίων</span> <span class='ocrx_word' id='word_1_108' title='bbox 2629 1209 2837 1262; x_wconf 77' lang='grc' dir='ltr'>πόλεων</span> <span class='ocrx_word' id='word_1_109' title='bbox 2895 1208 3070 1280; x_wconf 87' lang='grc' dir='ltr'>τούτῳ</span> <span class='ocrx_word' id='word_1_110' title='bbox 3121 1209 3340 1280; x_wconf 77' lang='grc' dir='ltr'>πατρὶς,</span> <span class='ocrx_word' id='word_1_111' title='bbox 3384 1209 3606 1280; x_wconf 83' lang='grc' dir='ltr'><strong>Ῥώμην</strong></span> <span class='ocrx_word' id='word_1_112' title='bbox 3650 1207 3798 1277; x_wconf 80' lang='grc' dir='ltr'>λέγω</span> <span class='ocrx_word' id='word_1_113' title='bbox 3845 1208 3950 1277; x_wconf 81' lang='grc' dir='ltr'>τὴν</span> 
     </span>
    </p>
   </div>
   <div class='ocr_carea' id='block_1_17' title="bbox 691 1296 2338 1372">
    <p class='ocr_par' dir='ltr' id='par_1_17' title="bbox 691 1296 2266 1370">
     <span class='ocr_line' id='line_1_18' title="bbox 691 1296 2266 1370; baseline 0.003 -22"><span class='ocrx_word' id='word_1_114' title='bbox 691 1296 980 1351; x_wconf 88' lang='lat' dir='ltr'><strong>leherrima</strong></span> <span class='ocrx_word' id='word_1_115' title='bbox 1021 1313 1052 1352; x_wconf 90' lang='lat' dir='ltr'><strong>a</strong></span> <span class='ocrx_word' id='word_1_116' title='bbox 1081 1313 1189 1368; x_wconf 87' lang='lat' dir='ltr'><strong>qua</strong></span> <span class='ocrx_word' id='word_1_117' title='bbox 1214 1309 1639 1369; x_wconf 73' lang='lat' dir='ltr'><strong>cognomentum</strong></span> <span class='ocrx_word' id='word_1_118' title='bbox 1679 1310 2006 1370; x_wconf 88' lang='lat' dir='ltr'><strong>acceperunt</strong></span> <span class='ocrx_word' id='word_1_119' title='bbox 2039 1299 2138 1362; x_wconf 88' lang='lat' dir='ltr'><strong>illi,</strong></span> <span class='ocrx_word' id='word_1_120' title='bbox 2175 1298 2266 1367; x_wconf 88' lang='lat' dir='ltr'><strong>qui</strong></span> 
     </span>
    </p>
   </div>
   <div class='ocr_carea' id='block_1_18' title="bbox 2302 1296 3949 1372">
    <p class='ocr_par' dir='ltr' id='par_1_18' title="bbox 2364 1296 3949 1372">
     <span class='ocr_line' id='line_1_19' title="bbox 2364 1296 3949 1372; baseline -0.001 -19"><span class='ocrx_word' id='word_1_121' title='bbox 2364 1301 2690 1371; x_wconf 72' lang='grc' dir='ltr'>περιϐόητον</span> <span class='ocrx_word' id='word_1_122' title='bbox 2710 1317 2722 1330; x_wconf 80' lang='grc'><em>’</em></span> <span class='ocrx_word' id='word_1_123' title='bbox 2751 1300 2844 1370; x_wconf 77' lang='grc' dir='ltr'>ἀφ’</span> <span class='ocrx_word' id='word_1_124' title='bbox 2869 1296 2935 1370; x_wconf 78' lang='grc' dir='ltr'>ἧς</span> <span class='ocrx_word' id='word_1_125' title='bbox 2961 1301 3060 1371; x_wconf 85' lang='grc' dir='ltr'>τὴν</span> <span class='ocrx_word' id='word_1_126' title='bbox 3093 1302 3471 1372; x_wconf 78' lang='grc' dir='ltr'><strong>προσηγορίαν</strong></span> <span class='ocrx_word' id='word_1_127' title='bbox 3498 1303 3550 1355; x_wconf 87' lang='grc' dir='ltr'>οί</span> <span class='ocrx_word' id='word_1_128' title='bbox 3580 1301 3641 1356; x_wconf 78' lang='grc' dir='ltr'>τὸ</span> <span class='ocrx_word' id='word_1_129' title='bbox 3668 1299 3949 1370; x_wconf 78' lang='grc' dir='ltr'>βασιλικὸν</span> 
     </span>
    </p>
   </div>
   <div class='ocr_carea' id='block_1_19' title="bbox 691 1387 2338 1462">
    <p class='ocr_par' dir='ltr' id='par_1_19' title="bbox 691 1387 2269 1458">
     <span class='ocr_line' id='line_1_20' title="bbox 691 1387 2269 1458; baseline 0.004 -20"><span class='ocrx_word' id='word_1_130' title='bbox 691 1387 905 1456; x_wconf 90' lang='lat' dir='ltr'><strong>imperii</strong></span> <span class='ocrx_word' id='word_1_131' title='bbox 940 1399 1210 1458; x_wconf 83' lang='lat' dir='ltr'><strong>sceptrum</strong></span> <span class='ocrx_word' id='word_1_132' title='bbox 1255 1391 1626 1447; x_wconf 80' lang='lat' dir='ltr'><strong>moderantur.</strong></span> <span class='ocrx_word' id='word_1_133' title='bbox 1674 1392 1940 1447; x_wconf 89' lang='lat' dir='ltr'><strong>Surculus</strong></span> <span class='ocrx_word' id='word_1_134' title='bbox 1981 1391 2081 1445; x_wconf 78' lang='lat' dir='ltr'><strong>fuit</strong></span> <span class='ocrx_word' id='word_1_135' title='bbox 2117 1392 2269 1444; x_wconf 85' lang='lat' dir='ltr'><strong>nobi-</strong></span> 
     </span>
    </p>
   </div>
   <div class='ocr_carea' id='block_1_20' title="bbox 2303 1387 3950 1462">
    <p class='ocr_par' dir='ltr' id='par_1_20' title="bbox 2367 1389 3950 1462">
     <span class='ocr_line' id='line_1_21' title="bbox 2367 1389 3950 1462; baseline 0.001 -19"><span class='ocrx_word' id='word_1_136' title='bbox 2367 1392 2646 1461; x_wconf 79' lang='grc' dir='ltr'>σκῆπτρον</span> <span class='ocrx_word' id='word_1_137' title='bbox 2679 1393 3002 1462; x_wconf 82' lang='grc' dir='ltr'><strong>κατέχοντες</strong></span> <span class='ocrx_word' id='word_1_138' title='bbox 3036 1389 3386 1462; x_wconf 69' lang='grc' dir='ltr'>ἐξειλήφασιν</span> <span class='ocrx_word' id='word_1_139' title='bbox 3409 1409 3424 1424; x_wconf 79' lang='grc' dir='ltr'><strong><em>ο</em></strong></span> <span class='ocrx_word' id='word_1_140' title='bbox 3475 1392 3716 1460; x_wconf 77' lang='grc' dir='ltr'><strong>εὐγενῶν</strong></span> <span class='ocrx_word' id='word_1_141' title='bbox 3747 1407 3950 1460; x_wconf 87' lang='grc' dir='ltr'>γεννη-</span> 
     </span>
    </p>
   </div>
   <div class='ocr_carea' id='block_1_21' title="bbox 693 1478 2340 1554">
    <p class='ocr_par' dir='ltr' id='par_1_21' title="bbox 693 1478 2270 1554">
     <span class='ocr_line' id='line_1_22' title="bbox 693 1478 2270 1554; baseline 0.005 -25"><span class='ocrx_word' id='word_1_142' title='bbox 693 1478 824 1530; x_wconf 89' lang='lat' dir='ltr'><strong>lium</strong></span> <span class='ocrx_word' id='word_1_143' title='bbox 850 1489 1155 1548; x_wconf 89' lang='lat' dir='ltr'><strong>parentum,</strong></span> <span class='ocrx_word' id='word_1_144' title='bbox 1186 1482 1490 1553; x_wconf 85' lang='lat' dir='ltr'><strong>opibusque</strong></span> <span class='ocrx_word' id='word_1_145' title='bbox 1513 1499 1576 1539; x_wconf 90' lang='lat' dir='ltr'><strong>ac</strong></span> <span class='ocrx_word' id='word_1_146' title='bbox 1599 1485 1807 1554; x_wconf 91' lang='lat' dir='ltr'><strong>reliquo</strong></span> <span class='ocrx_word' id='word_1_147' title='bbox 1834 1484 1956 1536; x_wconf 77' lang='lat' dir='ltr'><strong>vita:</strong></span> <span class='ocrx_word' id='word_1_148' title='bbox 1982 1483 2270 1552; x_wconf 85' lang='lat' dir='ltr'><strong>splendore</strong></span> 
     </span>
    </p>
   </div>
   <div class='ocr_carea' id='block_1_22' title="bbox 2304 1478 3951 1554">
    <p class='ocr_par' dir='ltr' id='par_1_22' title="bbox 2365 1481 3951 1553">
     <span class='ocr_line' id='line_1_23' title="bbox 2365 1481 3951 1553; baseline -0.001 -18"><span class='ocrx_word' id='word_1_149' title='bbox 2365 1484 2540 1552; x_wconf 80' lang='grc' dir='ltr'>τὸρων</span> <span class='ocrx_word' id='word_1_150' title='bbox 2578 1483 2848 1552; x_wconf 83' lang='grc' dir='ltr'>στέλεχος,</span> <span class='ocrx_word' id='word_1_151' title='bbox 2881 1482 3095 1552; x_wconf 82' lang='grc' dir='ltr'>πλούτῳ</span> <span class='ocrx_word' id='word_1_152' title='bbox 3127 1499 3186 1536; x_wconf 87' lang='grc' dir='ltr'><strong>τε</strong></span> <span class='ocrx_word' id='word_1_153' title='bbox 3241 1481 3536 1553; x_wconf 80' lang='grc' dir='ltr'><strong>κομώντων</strong></span> <span class='ocrx_word' id='word_1_154' title='bbox 3565 1483 3659 1536; x_wconf 68' lang='lat' dir='ltr'><strong>atat</strong></span> <span class='ocrx_word' id='word_1_155' title='bbox 3689 1485 3754 1552; x_wconf 78' lang='grc' dir='ltr'>τῇ</span> <span class='ocrx_word' id='word_1_156' title='bbox 3783 1482 3951 1551; x_wconf 78' lang='grc' dir='ltr'>λοιπῇ</span> 
     </span>
    </p>
   </div>
   <div class='ocr_carea' id='block_1_23' title="bbox 693 1569 2340 1646">
    <p class='ocr_par' dir='ltr' id='par_1_23' title="bbox 693 1569 2340 1646">
     <span class='ocr_line' id='line_1_24' title="bbox 693 1569 2340 1646; baseline 0.006 -27"><span class='ocrx_word' id='word_1_157' title='bbox 693 1569 1024 1625; x_wconf 81' lang='lat' dir='ltr'><strong>ﬂorentium.</strong></span> <span class='ocrx_word' id='word_1_158' title='bbox 1077 1571 1302 1626; x_wconf 77' lang='lat' dir='ltr'><strong>Familia</strong></span> <span class='ocrx_word' id='word_1_159' title='bbox 1344 1574 1515 1642; x_wconf 90' lang='lat' dir='ltr'><strong>ipsius</strong></span> <span class='ocrx_word' id='word_1_160' title='bbox 1553 1573 1622 1629; x_wconf 87' lang='lat' dir='ltr'><strong>ad</strong></span> <span class='ocrx_word' id='word_1_161' title='bbox 1674 1576 1776 1628; x_wconf 87' lang='lat' dir='ltr'><strong>hoc</strong></span> <span class='ocrx_word' id='word_1_162' title='bbox 1832 1589 2003 1643; x_wconf 88' lang='lat' dir='ltr'><strong>usque</strong></span> <span class='ocrx_word' id='word_1_163' title='bbox 2056 1583 2268 1643; x_wconf 87' lang='lat' dir='ltr'><strong>tempus</strong></span> <span class='ocrx_word' id='word_1_164' title='bbox 2304 1589 2340 1646; x_wconf 75' lang='grc' dir='ltr'><strong>Β</strong></span> 
     </span>
    </p>
   </div>
   <div class='ocr_carea' id='block_1_24' title="bbox 2302 1569 3949 1646">
    <p class='ocr_par' dir='ltr' id='par_1_24' title="bbox 2304 1569 3949 1646">
     <span class='ocr_line' id='line_1_25' title="bbox 2304 1569 3949 1646; baseline -0.001 -18"><span class='ocrx_word' id='word_1_165' title='bbox 2304 1589 2343 1646; x_wconf 76' lang='grc' dir='ltr'><strong>Β</strong></span> <span class='ocrx_word' id='word_1_166' title='bbox 2372 1575 2462 1628; x_wconf 80' lang='grc' dir='ltr'><strong>τοῦ</strong></span> <span class='ocrx_word' id='word_1_167' title='bbox 2499 1575 2612 1644; x_wconf 74' lang='grc' dir='ltr'>βίου</span> <span class='ocrx_word' id='word_1_168' title='bbox 2648 1575 3011 1645; x_wconf 77' lang='grc' dir='ltr'>περιφανείᾳ·</span> <span class='ocrx_word' id='word_1_169' title='bbox 3045 1569 3106 1629; x_wconf 75' lang='grc' dir='ltr'>οὗ</span> <span class='ocrx_word' id='word_1_170' title='bbox 3141 1575 3296 1628; x_wconf 76' lang='grc' dir='ltr'>ἑστία</span> <span class='ocrx_word' id='word_1_171' title='bbox 3327 1575 3489 1645; x_wconf 80' lang='grc' dir='ltr'>μέχρι</span> <span class='ocrx_word' id='word_1_172' title='bbox 3527 1574 3621 1627; x_wconf 91' lang='grc' dir='ltr'><strong>τοῦ</strong></span> <span class='ocrx_word' id='word_1_173' title='bbox 3651 1574 3746 1627; x_wconf 85' lang='grc' dir='ltr'><strong>νῦν</strong></span> <span class='ocrx_word' id='word_1_174' title='bbox 3785 1574 3949 1645; x_wconf 89' lang='grc' dir='ltr'>περί-</span> 
     </span>
    </p>
   </div>
   <div class='ocr_carea' id='block_1_25' title="bbox 695 1659 2342 1737">
    <p class='ocr_par' dir='ltr' id='par_1_25' title="bbox 695 1659 2272 1734">
     <span class='ocr_line' id='line_1_26' title="bbox 695 1659 2272 1734; baseline 0.004 -22"><span class='ocrx_word' id='word_1_175' title='bbox 695 1659 904 1730; x_wconf 88' lang='lat' dir='ltr'><strong>integra</strong></span> <span class='ocrx_word' id='word_1_176' title='bbox 933 1677 1039 1716; x_wconf 92' lang='lat' dir='ltr'><strong>non</strong></span> <span class='ocrx_word' id='word_1_177' title='bbox 1066 1674 1316 1733; x_wconf 80' lang='lat' dir='ltr'><strong>superest</strong></span> <span class='ocrx_word' id='word_1_178' title='bbox 1343 1667 1604 1734; x_wconf 89' lang='lat' dir='ltr'><strong>(quonam</strong></span> <span class='ocrx_word' id='word_1_179' title='bbox 1635 1665 1780 1719; x_wconf 93' lang='lat' dir='ltr'><strong>enim</strong></span> <span class='ocrx_word' id='word_1_180' title='bbox 1817 1675 1976 1734; x_wconf 87' lang='lat' dir='ltr'><strong>pacto</strong></span> <span class='ocrx_word' id='word_1_181' title='bbox 2011 1674 2087 1720; x_wconf 92' lang='lat' dir='ltr'><strong>tot</strong></span> <span class='ocrx_word' id='word_1_182' title='bbox 2112 1664 2272 1719; x_wconf 86' lang='lat' dir='ltr'><strong>annis</strong></span> 
     </span>
    </p>
   </div>
   <div class='ocr_carea' id='block_1_26' title="bbox 2306 1659 3953 1737">
    <p class='ocr_par' dir='ltr' id='par_1_26' title="bbox 2375 1666 3953 1737">
     <span class='ocr_line' id='line_1_27' title="bbox 2375 1666 3953 1737; baseline -0.001 -18"><span class='ocrx_word' id='word_1_183' title='bbox 2375 1684 2522 1719; x_wconf 90' lang='grc' dir='ltr'>εστιν</span> <span class='ocrx_word' id='word_1_184' title='bbox 2567 1668 2665 1736; x_wconf 78' lang='grc' dir='ltr'>οὐχ</span> <span class='ocrx_word' id='word_1_185' title='bbox 2706 1666 3032 1737; x_wconf 74' lang='grc' dir='ltr'>ὁλόκληροςο</span> <span class='ocrx_word' id='word_1_186' title='bbox 3065 1667 3184 1731; x_wconf 87' lang='grc' dir='ltr'><strong>πῶς</strong></span> <span class='ocrx_word' id='word_1_187' title='bbox 3227 1668 3334 1737; x_wconf 80' lang='grc' dir='ltr'><strong>γὰρ</strong></span> <span class='ocrx_word' id='word_1_188' title='bbox 3377 1667 3444 1720; x_wconf 80' lang='grc' dir='ltr'>ἂν</span> <span class='ocrx_word' id='word_1_189' title='bbox 3495 1668 3589 1720; x_wconf 59' lang='grc' dir='ltr'><strong>καὶ⁵</strong></span> <span class='ocrx_word' id='word_1_190' title='bbox 3624 1667 3953 1720; x_wconf 85' lang='grc' dir='ltr'>διεσέσωστο</span> 
     </span>
    </p>
   </div>
   <div class='ocr_carea' id='block_1_27' title="bbox 695 1754 2342 1828">
    <p class='ocr_par' dir='ltr' id='par_1_27' title="bbox 695 1754 2274 1826">
     <span class='ocr_line' id='line_1_28' title="bbox 695 1754 2274 1826; baseline 0.003 -21"><span class='ocrx_word' id='word_1_191' title='bbox 695 1763 904 1807; x_wconf 85' lang='lat' dir='ltr'><strong>servata</strong></span> <span class='ocrx_word' id='word_1_192' title='bbox 933 1754 1098 1809; x_wconf 80' lang='lat' dir='ltr'><strong>fuerit</strong></span> <span class='ocrx_word' id='word_1_193' title='bbox 1118 1754 1162 1823; x_wconf 71' lang='grc'><strong>2)</strong></span> <span class='ocrx_word' id='word_1_194' title='bbox 1190 1755 1282 1811; x_wconf 90' lang='lat' dir='ltr'><strong>sed</strong></span> <span class='ocrx_word' id='word_1_195' title='bbox 1311 1756 1561 1826; x_wconf 84' lang='lat' dir='ltr'><strong>vestigia,</strong></span> <span class='ocrx_word' id='word_1_196' title='bbox 1592 1756 1683 1811; x_wconf 88' lang='lat' dir='ltr'><strong>tali</strong></span> <span class='ocrx_word' id='word_1_197' title='bbox 1708 1757 2079 1826; x_wconf 78' lang='lat' dir='ltr'><strong>magnitudine</strong></span> <span class='ocrx_word' id='word_1_198' title='bbox 2103 1756 2274 1811; x_wconf 82' lang='lat' dir='ltr'><strong>excel-</strong></span> 
     </span>
    </p>
   </div>
   <div class='ocr_carea' id='block_1_28' title="bbox 2304 1754 3951 1828">
    <p class='ocr_par' dir='ltr' id='par_1_28' title="bbox 2372 1755 3951 1828">
     <span class='ocr_line' id='line_1_29' title="bbox 2372 1755 3951 1828; baseline 0 -20"><span class='ocrx_word' id='word_1_199' title='bbox 2372 1757 2645 1819; x_wconf 87' lang='grc' dir='ltr'>τοσούτοις</span> <span class='ocrx_word' id='word_1_200' title='bbox 2678 1756 2890 1823; x_wconf 58' lang='grc' dir='ltr'>ἐτεσινξ</span> <span class='ocrx_word' id='word_1_201' title='bbox 2934 1757 3056 1826; x_wconf 84' lang='grc' dir='ltr'>ίχνη</span> <span class='ocrx_word' id='word_1_202' title='bbox 3084 1757 3141 1810; x_wconf 84' lang='grc' dir='ltr'>δὲ</span> <span class='ocrx_word' id='word_1_203' title='bbox 3170 1758 3264 1810; x_wconf 70' lang='grc' dir='ltr'>καὶ</span> <span class='ocrx_word' id='word_1_204' title='bbox 3297 1757 3538 1828; x_wconf 84' lang='grc' dir='ltr'>τοσούτῳ</span> <span class='ocrx_word' id='word_1_205' title='bbox 3579 1756 3800 1827; x_wconf 81' lang='grc' dir='ltr'><strong>μεγέθει</strong></span> <span class='ocrx_word' id='word_1_206' title='bbox 3829 1755 3951 1808; x_wconf 82' lang='grc' dir='ltr'>δια-</span> 
     </span>
    </p>
   </div>
   <div class='ocr_carea' id='block_1_29' title="bbox 697 1844 2344 1920">
    <p class='ocr_par' dir='ltr' id='par_1_29' title="bbox 697 1844 2272 1908">
     <span class='ocr_line' id='line_1_30' title="bbox 697 1844 2272 1908; baseline 0.003 -12"><span class='ocrx_word' id='word_1_207' title='bbox 697 1844 884 1908; x_wconf 85' lang='lat' dir='ltr'><strong>lentia,</strong></span> <span class='ocrx_word' id='word_1_208' title='bbox 941 1845 1127 1901; x_wconf 77' lang='lat' dir='ltr'><strong>divisit</strong></span> <span class='ocrx_word' id='word_1_209' title='bbox 1188 1847 1588 1903; x_wconf 80' lang='lat' dir='ltr'><strong>habitatoribus</strong></span> <span class='ocrx_word' id='word_1_210' title='bbox 1641 1849 1787 1902; x_wconf 86' lang='lat' dir='ltr'><strong>velut</strong></span> <span class='ocrx_word' id='word_1_211' title='bbox 1845 1848 1897 1902; x_wconf 92' lang='lat' dir='ltr'><strong>in</strong></span> <span class='ocrx_word' id='word_1_212' title='bbox 1953 1848 2116 1903; x_wconf 92' lang='lat' dir='ltr'><strong>cellas</strong></span> <span class='ocrx_word' id='word_1_213' title='bbox 2175 1847 2272 1901; x_wconf 92' lang='lat' dir='ltr'><strong>tri-</strong></span> 
     </span>
    </p>
   </div>
   <div class='ocr_carea' id='block_1_30' title="bbox 2308 1844 3955 1920">
    <p class='ocr_par' dir='ltr' id='par_1_30' title="bbox 2374 1848 3955 1920">
     <span class='ocr_line' id='line_1_31' title="bbox 2374 1848 3955 1920; baseline 0 -20"><span class='ocrx_word' id='word_1_214' title='bbox 2374 1849 2630 1918; x_wconf 76' lang='grc' dir='ltr'>φέροντα,</span> <span class='ocrx_word' id='word_1_215' title='bbox 2677 1849 2751 1912; x_wconf 90' lang='grc' dir='ltr'><strong>ώς</strong></span> <span class='ocrx_word' id='word_1_216' title='bbox 2783 1851 2841 1901; x_wconf 78' lang='grc' dir='ltr'>ὲν</span> <span class='ocrx_word' id='word_1_217' title='bbox 2870 1848 3214 1920; x_wconf 78' lang='grc' dir='ltr'><strong>τριακοσίαις</strong></span> <span class='ocrx_word' id='word_1_218' title='bbox 3255 1849 3472 1912; x_wconf 85' lang='grc' dir='ltr'>κέλλαις</span> <span class='ocrx_word' id='word_1_219' title='bbox 3512 1848 3793 1919; x_wconf 78' lang='grc' dir='ltr'>διαιροῦσα</span> <span class='ocrx_word' id='word_1_220' title='bbox 3839 1851 3955 1911; x_wconf 79' lang='grc' dir='ltr'>τοῖς</span> 
     </span>
    </p>
   </div>
   <div class='ocr_carea' id='block_1_31' title="bbox 698 1935 2345 2012">
    <p class='ocr_par' dir='ltr' id='par_1_31' title="bbox 698 1938 2272 2008">
     <span class='ocr_line' id='line_1_32' title="bbox 698 1938 2272 2008; baseline 0.001 -18"><span class='ocrx_word' id='word_1_221' title='bbox 698 1938 846 2003; x_wconf 80' lang='lat' dir='ltr'><strong>ginta</strong></span> <span class='ocrx_word' id='word_1_222' title='bbox 886 1938 1020 2007; x_wconf 75' lang='lat'><strong>(37).</strong></span> <span class='ocrx_word' id='word_1_223' title='bbox 1052 1939 1228 2008; x_wconf 80' lang='lat' dir='ltr'><strong>Atque</strong></span> <span class='ocrx_word' id='word_1_224' title='bbox 1262 1939 1365 1995; x_wconf 89' lang='lat' dir='ltr'><strong>hoc</strong></span> <span class='ocrx_word' id='word_1_225' title='bbox 1407 1939 1626 2004; x_wconf 87' lang='lat' dir='ltr'><strong>sullicit,</strong></span> <span class='ocrx_word' id='word_1_226' title='bbox 1659 1950 1716 1993; x_wconf 93' lang='lat' dir='ltr'><strong>ut</strong></span> <span class='ocrx_word' id='word_1_227' title='bbox 1743 1939 2078 2004; x_wconf 84' lang='lat' dir='ltr'><strong>ostendatur,</strong></span> <span class='ocrx_word' id='word_1_228' title='bbox 2108 1954 2272 2008; x_wconf 90' lang='lat' dir='ltr'><strong>quam</strong></span> 
     </span>
    </p>
   </div>
   <div class='ocr_carea' id='block_1_32' title="bbox 2309 1935 3956 2012">
    <p class='ocr_par' dir='ltr' id='par_1_32' title="bbox 2373 1935 3956 2012">
     <span class='ocr_line' id='line_1_33' title="bbox 2373 1935 3956 2012; baseline 0 -20"><span class='ocrx_word' id='word_1_229' title='bbox 2373 1942 2678 2010; x_wconf 83' lang='grc' dir='ltr'>οἰκήτορσι.</span> <span class='ocrx_word' id='word_1_230' title='bbox 2721 1939 3108 2009; x_wconf 79' lang='grc' dir='ltr'>Ἐξαρκοῦντος</span> <span class='ocrx_word' id='word_1_231' title='bbox 3137 1940 3327 1994; x_wconf 87' lang='grc' dir='ltr'>τούτου</span> <span class='ocrx_word' id='word_1_232' title='bbox 3352 1941 3706 2012; x_wconf 78' lang='grc' dir='ltr'>ὲπιδηλῶσαι,</span> <span class='ocrx_word' id='word_1_233' title='bbox 3734 1941 3854 2001; x_wconf 80' lang='grc' dir='ltr'>ὅσος</span> <span class='ocrx_word' id='word_1_234' title='bbox 3882 1935 3956 2011; x_wconf 69' lang='grc' dir='ltr'>ἦν</span> 
     </span>
    </p>
   </div>
   <div class='ocr_carea' id='block_1_33' title="bbox 699 2030 2346 2101">
    <p class='ocr_par' dir='ltr' id='par_1_33' title="bbox 699 2030 2272 2100">
     <span class='ocr_line' id='line_1_34' title="bbox 699 2030 2272 2100; baseline 0.002 -17"><span class='ocrx_word' id='word_1_235' title='bbox 699 2031 930 2085; x_wconf 85' lang='lat' dir='ltr'><strong>illustris</strong></span> <span class='ocrx_word' id='word_1_236' title='bbox 952 2045 1014 2084; x_wconf 83' lang='lat' dir='ltr'><strong>ac</strong></span> <span class='ocrx_word' id='word_1_237' title='bbox 1040 2031 1404 2100; x_wconf 90' lang='lat' dir='ltr'><strong>undequaque</strong></span> <span class='ocrx_word' id='word_1_238' title='bbox 1429 2032 1619 2086; x_wconf 87' lang='lat' dir='ltr'><strong>beatus</strong></span> <span class='ocrx_word' id='word_1_239' title='bbox 1647 2030 1813 2086; x_wconf 76' lang='lat' dir='ltr'><strong>fuerit</strong></span> <span class='ocrx_word' id='word_1_240' title='bbox 1836 2031 1914 2084; x_wconf 86' lang='lat' dir='ltr'><strong>vir</strong></span> <span class='ocrx_word' id='word_1_241' title='bbox 1943 2032 2042 2085; x_wconf 86' lang='lat' dir='ltr'><strong>iste</strong></span> <span class='ocrx_word' id='word_1_242' title='bbox 2071 2047 2272 2086; x_wconf 86' lang='lat' dir='ltr'><strong>memo-</strong></span> 
     </span>
    </p>
   </div>
   <div class='ocr_carea' id='block_1_34' title="bbox 2306 2030 3953 2101">
    <p class='ocr_par' dir='ltr' id='par_1_34' title="bbox 2377 2030 3953 2101">
     <span class='ocr_line' id='line_1_35' title="bbox 2377 2030 3953 2101; baseline -0.001 -17"><span class='ocrx_word' id='word_1_243' title='bbox 2377 2033 2682 2101; x_wconf 76' lang='grc' dir='ltr'>περιφανὴς</span> <span class='ocrx_word' id='word_1_244' title='bbox 2729 2032 2822 2084; x_wconf 78' lang='grc' dir='ltr'>καὶ</span> <span class='ocrx_word' id='word_1_245' title='bbox 2886 2030 3180 2094; x_wconf 80' lang='grc' dir='ltr'>πολύολὸος</span> <span class='ocrx_word' id='word_1_246' title='bbox 3208 2033 3237 2085; x_wconf 86' lang='grc' dir='ltr'>ὁ</span> <span class='ocrx_word' id='word_1_247' title='bbox 3280 2031 3558 2101; x_wconf 74' lang='grc' dir='ltr'>ἀοίδιμοςο</span> <span class='ocrx_word' id='word_1_248' title='bbox 3610 2031 3850 2094; x_wconf 84' lang='grc' dir='ltr'>τοιοῦτός</span> <span class='ocrx_word' id='word_1_249' title='bbox 3891 2047 3953 2082; x_wconf 78' lang='grc' dir='ltr'><strong>τε</strong></span> 
     </span>
    </p>
   </div>
   <div class='ocr_carea' id='block_1_35' title="bbox 701 2122 2348 2194">
    <p class='ocr_par' dir='ltr' id='par_1_35' title="bbox 701 2122 2276 2192">
     <span class='ocr_line' id='line_1_36' title="bbox 701 2122 2276 2192; baseline 0.003 -18"><span class='ocrx_word' id='word_1_250' title='bbox 701 2122 922 2188; x_wconf 82' lang='lat' dir='ltr'><strong>rabilis;</strong></span> <span class='ocrx_word' id='word_1_251' title='bbox 946 2136 1180 2192; x_wconf 84' lang='lat' dir='ltr'><strong>cumque</strong></span> <span class='ocrx_word' id='word_1_252' title='bbox 1211 2133 1389 2179; x_wconf 89' lang='lat' dir='ltr'><strong>tantus</strong></span> <span class='ocrx_word' id='word_1_253' title='bbox 1410 2132 1575 2186; x_wconf 89' lang='lat' dir='ltr'><strong>esset,</strong></span> <span class='ocrx_word' id='word_1_254' title='bbox 1599 2123 1846 2178; x_wconf 85' lang='lat' dir='ltr'><strong>doctrina</strong></span> <span class='ocrx_word' id='word_1_255' title='bbox 1879 2122 2042 2177; x_wconf 88' lang='lat' dir='ltr'><strong>altius</strong></span> <span class='ocrx_word' id='word_1_256' title='bbox 2069 2123 2276 2178; x_wconf 82' lang='lat' dir='ltr'><strong>emine-</strong></span> 
     </span>
    </p>
   </div>
   <div class='ocr_carea' id='block_1_36' title="bbox 2310 2122 3957 2194">
    <p class='ocr_par' dir='ltr' id='par_1_36' title="bbox 2377 2122 3957 2194">
     <span class='ocr_line' id='line_1_37' title="bbox 2377 2122 3957 2194; baseline -0.002 -18"><span class='ocrx_word' id='word_1_257' title='bbox 2377 2123 2475 2187; x_wconf 84' lang='grc' dir='ltr'>ὢν,</span> <span class='ocrx_word' id='word_1_258' title='bbox 2507 2125 2721 2193; x_wconf 75' lang='grc' dir='ltr'>ὑπῆρχε</span> <span class='ocrx_word' id='word_1_259' title='bbox 2757 2124 2851 2176; x_wconf 79' lang='grc' dir='ltr'>καὶ</span> <span class='ocrx_word' id='word_1_260' title='bbox 2876 2125 2942 2194; x_wconf 80' lang='grc' dir='ltr'><strong>τῇ</strong></span> <span class='ocrx_word' id='word_1_261' title='bbox 2975 2123 3255 2176; x_wconf 76' lang='grc' dir='ltr'><strong>παιδεύσει</strong></span> <span class='ocrx_word' id='word_1_262' title='bbox 3295 2124 3625 2194; x_wconf 76' lang='grc' dir='ltr'>ὑπέρτερος,</span> <span class='ocrx_word' id='word_1_263' title='bbox 3663 2122 3957 2192; x_wconf 79' lang='grc' dir='ltr'>Ἑλληνικῇ</span> 
     </span>
    </p>
   </div>
   <div class='ocr_carea' id='block_1_37' title="bbox 701 2212 2348 2286">
    <p class='ocr_par' dir='ltr' id='par_1_37' title="bbox 701 2212 2273 2285">
     <span class='ocr_line' id='line_1_38' title="bbox 701 2212 2273 2285; baseline -0.001 -17"><span class='ocrx_word' id='word_1_264' title='bbox 701 2213 813 2278; x_wconf 81' lang='lat' dir='ltr'><strong>bat,</strong></span> <span class='ocrx_word' id='word_1_265' title='bbox 836 2213 1022 2268; x_wconf 66' lang='lat' dir='ltr'><strong>Graeca</strong></span> <span class='ocrx_word' id='word_1_266' title='bbox 1046 2230 1108 2269; x_wconf 91' lang='lat' dir='ltr'><strong>ac</strong></span> <span class='ocrx_word' id='word_1_267' title='bbox 1127 2212 1372 2269; x_wconf 83' lang='lat' dir='ltr'><strong>Romana</strong></span> <span class='ocrx_word' id='word_1_268' title='bbox 1393 2215 1592 2285; x_wconf 90' lang='lat' dir='ltr'><strong>pariter</strong></span> <span class='ocrx_word' id='word_1_269' title='bbox 1616 2215 1878 2283; x_wconf 87' lang='lat' dir='ltr'><strong>sapientia</strong></span> <span class='ocrx_word' id='word_1_270' title='bbox 1902 2215 2273 2268; x_wconf 79' lang='lat' dir='ltr'><strong>admirandus.</strong></span> 
     </span>
    </p>
   </div>
   <div class='ocr_carea' id='block_1_38' title="bbox 1898 2212 3545 2286">
    <p class='ocr_par' dir='ltr' id='par_1_38' title="bbox 1902 2214 3545 2286">
     <span class='ocr_line' id='line_1_39' title="bbox 1902 2214 3545 2286; baseline 0.001 -19"><span class='ocrx_word' id='word_1_271' title='bbox 1902 2215 2273 2268; x_wconf 79' lang='lat' dir='ltr'><strong>admirandus.</strong></span> <span class='ocrx_word' id='word_1_272' title='bbox 2377 2233 2436 2268; x_wconf 92' lang='grc' dir='ltr'><strong>τε</strong></span> <span class='ocrx_word' id='word_1_273' title='bbox 2474 2215 2566 2268; x_wconf 74' lang='grc' dir='ltr'>καὶ</span> <span class='ocrx_word' id='word_1_274' title='bbox 2600 2215 2883 2284; x_wconf 81' lang='grc' dir='ltr'><strong>Ῥωμαϊκῇ</strong></span> <span class='ocrx_word' id='word_1_275' title='bbox 2915 2215 3080 2286; x_wconf 70' lang='grc' dir='ltr'>σοφίᾳ</span> <span class='ocrx_word' id='word_1_276' title='bbox 3111 2214 3545 2285; x_wconf 78' lang='grc' dir='ltr'>θαυμαζόμενος.</span> 
     </span>
    </p>
   </div>
   <div class='ocr_carea' id='block_1_39' title="bbox 773 2301 2420 2378">
    <p class='ocr_par' dir='ltr' id='par_1_39' title="bbox 773 2303 2277 2375">
     <span class='ocr_line' id='line_1_40' title="bbox 773 2303 2277 2375; baseline 0.001 -19"><span class='ocrx_word' id='word_1_277' title='bbox 773 2305 824 2357; x_wconf 74' lang='grc'><strong>4.</strong></span> <span class='ocrx_word' id='word_1_278' title='bbox 859 2303 989 2374; x_wconf 82' lang='lat' dir='ltr'><strong>Ejus</strong></span> <span class='ocrx_word' id='word_1_279' title='bbox 1030 2305 1212 2375; x_wconf 83' lang='lat' dir='ltr'><strong>itaque</strong></span> <span class='ocrx_word' id='word_1_280' title='bbox 1247 2305 1389 2359; x_wconf 82' lang='lat' dir='ltr'><strong>fama</strong></span> <span class='ocrx_word' id='word_1_281' title='bbox 1419 2310 1484 2359; x_wconf 91' lang='lat' dir='ltr'><strong>ad</strong></span> <span class='ocrx_word' id='word_1_282' title='bbox 1518 2321 1677 2360; x_wconf 85' lang='lat' dir='ltr'><strong>aures</strong></span> <span class='ocrx_word' id='word_1_283' title='bbox 1725 2314 1853 2360; x_wconf 88' lang='lat' dir='ltr'><strong>tunc</strong></span> <span class='ocrx_word' id='word_1_284' title='bbox 1890 2305 2064 2358; x_wconf 89' lang='lat' dir='ltr'><strong>delata</strong></span> <span class='ocrx_word' id='word_1_285' title='bbox 2098 2306 2277 2374; x_wconf 80' lang='lat' dir='ltr'><strong>magni</strong></span> 
     </span>
    </p>
   </div>
   <div class='ocr_carea' id='block_1_40' title="bbox 2314 2301 3961 2378">
    <p class='ocr_par' dir='ltr' id='par_1_40' title="bbox 2448 2301 3961 2378">
     <span class='ocr_line' id='line_1_41' title="bbox 2448 2301 3961 2378; baseline -0.004 -17"><span class='ocrx_word' id='word_1_286' title='bbox 2448 2308 2510 2361; x_wconf 89' lang='grc' dir='ltr'><strong>δ’.</strong></span> <span class='ocrx_word' id='word_1_287' title='bbox 2558 2307 2712 2359; x_wconf 68' lang='grc' dir='ltr'>Ἐπεὶ</span> <span class='ocrx_word' id='word_1_288' title='bbox 2753 2301 2845 2360; x_wconf 71' lang='grc' dir='ltr'>οὖν</span> <span class='ocrx_word' id='word_1_289' title='bbox 2875 2307 2934 2359; x_wconf 82' lang='grc' dir='ltr'>τὸ</span> <span class='ocrx_word' id='word_1_290' title='bbox 2975 2307 3277 2378; x_wconf 87' lang='grc' dir='ltr'>τηνικαῦτα</span> <span class='ocrx_word' id='word_1_291' title='bbox 3321 2307 3584 2377; x_wconf 85' lang='grc' dir='ltr'>Θεοδοσίῳ</span> <span class='ocrx_word' id='word_1_292' title='bbox 3615 2307 3692 2376; x_wconf 83' lang='grc' dir='ltr'>τῷ</span> <span class='ocrx_word' id='word_1_293' title='bbox 3735 2305 3961 2376; x_wconf 75' lang='grc' dir='ltr'>μεγάλῳ</span> 
     </span>
    </p>
   </div>
   <div class='ocr_carea' id='block_1_41' title="bbox 704 2394 2351 2468">
    <p class='ocr_par' dir='ltr' id='par_1_41' title="bbox 704 2394 2281 2466">
     <span class='ocr_line' id='line_1_42' title="bbox 704 2394 2281 2466; baseline 0.001 -18"><span class='ocrx_word' id='word_1_294' title='bbox 704 2394 995 2451; x_wconf 80' lang='lat' dir='ltr'><strong>Theodosii</strong></span> <span class='ocrx_word' id='word_1_295' title='bbox 1032 2398 1400 2465; x_wconf 76' lang='lat' dir='ltr'><strong>imperatoris,</strong></span> <span class='ocrx_word' id='word_1_296' title='bbox 1451 2397 1741 2466; x_wconf 60' lang='lat' dir='ltr'><strong>quaerentis</strong></span> <span class='ocrx_word' id='word_1_297' title='bbox 1783 2397 1941 2450; x_wconf 87' lang='lat' dir='ltr'><strong>talem</strong></span> <span class='ocrx_word' id='word_1_298' title='bbox 1995 2397 2118 2450; x_wconf 91' lang='lat' dir='ltr'><strong>liliis</strong></span> <span class='ocrx_word' id='word_1_299' title='bbox 2165 2396 2281 2450; x_wconf 85' lang='lat' dir='ltr'><strong>suis</strong></span> 
     </span>
    </p>
   </div>
   <div class='ocr_carea' id='block_1_42' title="bbox 2313 2394 3960 2468">
    <p class='ocr_par' dir='ltr' id='par_1_42' title="bbox 2384 2397 3960 2468">
     <span class='ocr_line' id='line_1_43' title="bbox 2384 2397 3960 2468; baseline -0.002 -17"><span class='ocrx_word' id='word_1_300' title='bbox 2384 2398 2719 2468; x_wconf 81' lang='grc' dir='ltr'>βασιλεύοντι</span> <span class='ocrx_word' id='word_1_301' title='bbox 2742 2397 3047 2468; x_wconf 78' lang='grc' dir='ltr'><strong>ἐξηκούσθη</strong></span> <span class='ocrx_word' id='word_1_302' title='bbox 3078 2399 3146 2452; x_wconf 81' lang='grc' dir='ltr'><strong>τά</strong></span> <span class='ocrx_word' id='word_1_303' title='bbox 3175 2398 3303 2468; x_wconf 72' lang='grc' dir='ltr'>περὶ</span> <span class='ocrx_word' id='word_1_304' title='bbox 3331 2397 3518 2460; x_wconf 80' lang='grc' dir='ltr'>αὑτοῦ,</span> <span class='ocrx_word' id='word_1_305' title='bbox 3549 2398 3796 2467; x_wconf 78' lang='grc' dir='ltr'><strong>ζητοῦντι</strong></span> <span class='ocrx_word' id='word_1_306' title='bbox 3824 2414 3960 2449; x_wconf 83' lang='grc' dir='ltr'>παι-</span> 
     </span>
    </p>
   </div>
   <div class='ocr_carea' id='block_1_43' title="bbox 706 2487 2353 2559">
    <p class='ocr_par' dir='ltr' id='par_1_43' title="bbox 706 2487 2282 2558">
     <span class='ocr_line' id='line_1_44' title="bbox 706 2487 2282 2558; baseline 0.001 -17"><span class='ocrx_word' id='word_1_307' title='bbox 706 2489 940 2542; x_wconf 79' lang='lat' dir='ltr'><strong>Arcadio</strong></span> <span class='ocrx_word' id='word_1_308' title='bbox 966 2499 1020 2542; x_wconf 88' lang='lat' dir='ltr'><strong>et</strong></span> <span class='ocrx_word' id='word_1_309' title='bbox 1060 2487 1300 2542; x_wconf 83' lang='lat' dir='ltr'><strong>Honorio</strong></span> <span class='ocrx_word' id='word_1_310' title='bbox 1328 2489 1651 2558; x_wconf 80' lang='lat' dir='ltr'><strong>IuagiStrum</strong></span> <span class='ocrx_word' id='word_1_311' title='bbox 1699 2489 1995 2555; x_wconf 61' lang='lat' dir='ltr'><strong>pratllcere,</strong></span> <span class='ocrx_word' id='word_1_312' title='bbox 2026 2488 2122 2557; x_wconf 90' lang='lat' dir='ltr'><strong>qui</strong></span> <span class='ocrx_word' id='word_1_313' title='bbox 2166 2503 2282 2542; x_wconf 89' lang='lat' dir='ltr'><strong>ma-</strong></span> 
     </span>
    </p>
   </div>
   <div class='ocr_carea' id='block_1_44' title="bbox 2316 2487 3963 2559">
    <p class='ocr_par' dir='ltr' id='par_1_44' title="bbox 2383 2488 3963 2559">
     <span class='ocr_line' id='line_1_45' title="bbox 2383 2488 3963 2559; baseline -0.004 -15"><span class='ocrx_word' id='word_1_314' title='bbox 2383 2490 2578 2556; x_wconf 80' lang='grc' dir='ltr'>δευτὴν</span> <span class='ocrx_word' id='word_1_315' title='bbox 2602 2489 2841 2542; x_wconf 87' lang='grc' dir='ltr'>τοιοῦτον</span> <span class='ocrx_word' id='word_1_316' title='bbox 2869 2490 3160 2559; x_wconf 80' lang='grc' dir='ltr'>ἐπιστῆσαι</span> <span class='ocrx_word' id='word_1_317' title='bbox 3201 2491 3335 2552; x_wconf 79' lang='grc' dir='ltr'>υἱοῖς</span> <span class='ocrx_word' id='word_1_318' title='bbox 3362 2489 3528 2543; x_wconf 69' lang='grc' dir='ltr'>αὑτοῦ</span> <span class='ocrx_word' id='word_1_319' title='bbox 3569 2489 3839 2558; x_wconf 80' lang='grc' dir='ltr'>’Δρκαδίῳ</span> <span class='ocrx_word' id='word_1_320' title='bbox 3863 2488 3963 2539; x_wconf 75' lang='grc' dir='ltr'>καὶ</span> 
     </span>
    </p>
   </div>
   <div class='ocr_carea' id='block_1_45' title="bbox 703 2577 2350 2652">
    <p class='ocr_par' dir='ltr' id='par_1_45' title="bbox 703 2577 2283 2648">
     <span class='ocr_line' id='line_1_46' title="bbox 703 2577 2283 2648; baseline 0.003 -19"><span class='ocrx_word' id='word_1_321' title='bbox 703 2577 823 2646; x_wconf 79' lang='lat' dir='ltr'><strong>jore</strong></span> <span class='ocrx_word' id='word_1_322' title='bbox 851 2594 961 2648; x_wconf 78' lang='lat' dir='ltr'><strong>pra:</strong></span> <span class='ocrx_word' id='word_1_323' title='bbox 986 2579 1242 2633; x_wconf 86' lang='lat' dir='ltr'><strong>omnibus</strong></span> <span class='ocrx_word' id='word_1_324' title='bbox 1271 2579 1320 2632; x_wconf 90' lang='lat' dir='ltr'><strong>id</strong></span> <span class='ocrx_word' id='word_1_325' title='bbox 1358 2593 1537 2648; x_wconf 70' lang='lat' dir='ltr'><strong>opera:</strong></span> <span class='ocrx_word' id='word_1_326' title='bbox 1566 2579 1740 2648; x_wconf 89' lang='lat' dir='ltr'><strong>pretio</strong></span> <span class='ocrx_word' id='word_1_327' title='bbox 1769 2578 1988 2644; x_wconf 77' lang='lat' dir='ltr'><strong>faceret,</strong></span> <span class='ocrx_word' id='word_1_328' title='bbox 2021 2579 2283 2634; x_wconf 82' lang='lat' dir='ltr'><strong>Arsenius</strong></span> 
     </span>
    </p>
   </div>
   <div class='ocr_carea' id='block_1_46' title="bbox 2318 2577 3965 2652">
    <p class='ocr_par' dir='ltr' id='par_1_46' title="bbox 2394 2580 3965 2652">
     <span class='ocr_line' id='line_1_47' title="bbox 2394 2580 3965 2652; baseline -0.001 -20"><span class='ocrx_word' id='word_1_329' title='bbox 2394 2581 2641 2650; x_wconf 86' lang='grc' dir='ltr'>Ὠνορίῳ,</span> <span class='ocrx_word' id='word_1_330' title='bbox 2683 2580 2739 2643; x_wconf 86' lang='grc' dir='ltr'><strong>δς</strong></span> <span class='ocrx_word' id='word_1_331' title='bbox 2781 2581 2865 2650; x_wconf 70' lang='grc' dir='ltr'><strong>εἴη</strong></span> <span class='ocrx_word' id='word_1_332' title='bbox 2894 2580 3349 2652; x_wconf 80' lang='grc' dir='ltr'>προύργιέστερος</span> <span class='ocrx_word' id='word_1_333' title='bbox 3390 2581 3667 2634; x_wconf 76' lang='grc' dir='ltr'>ἁπάντων·</span> <span class='ocrx_word' id='word_1_334' title='bbox 3701 2580 3891 2646; x_wconf 77' lang='grc' dir='ltr'>ἄγεται</span> <span class='ocrx_word' id='word_1_335' title='bbox 3935 2580 3965 2630; x_wconf 84' lang='grc' dir='ltr'>ὀ</span> 
     </span>
    </p>
   </div>
   <div class='ocr_carea' id='block_1_47' title="bbox 708 2669 2355 2743">
    <p class='ocr_par' dir='ltr' id='par_1_47' title="bbox 708 2672 2284 2742">
     <span class='ocr_line' id='line_1_48' title="bbox 708 2672 2284 2742; baseline 0.003 -18"><span class='ocrx_word' id='word_1_336' title='bbox 708 2672 885 2726; x_wconf 81' lang='lat' dir='ltr'><strong>accitu</strong></span> <span class='ocrx_word' id='word_1_337' title='bbox 934 2673 1277 2742; x_wconf 86' lang='lat' dir='ltr'><strong>imperatoris</strong></span> <span class='ocrx_word' id='word_1_338' title='bbox 1332 2672 1651 2742; x_wconf 76' lang='lat' dir='ltr'><strong>Byzantium</strong></span> <span class='ocrx_word' id='word_1_339' title='bbox 1700 2673 1996 2738; x_wconf 86' lang='lat' dir='ltr'><strong>contendit,</strong></span> <span class='ocrx_word' id='word_1_340' title='bbox 2042 2682 2096 2728; x_wconf 91' lang='lat' dir='ltr'><strong>et</strong></span> <span class='ocrx_word' id='word_1_341' title='bbox 2129 2687 2284 2728; x_wconf 89' lang='lat' dir='ltr'><strong>assu-</strong></span> 
     </span>
    </p>
   </div>
   <div class='ocr_carea' id='block_1_48' title="bbox 2315 2669 3962 2743">
    <p class='ocr_par' dir='ltr' id='par_1_48' title="bbox 2397 2669 3962 2743">
     <span class='ocr_line' id='line_1_49' title="bbox 2397 2669 3962 2743; baseline -0.004 -16"><span class='ocrx_word' id='word_1_342' title='bbox 2397 2673 2673 2742; x_wconf 83' lang='grc' dir='ltr'>Ἀρσένιος</span> <span class='ocrx_word' id='word_1_343' title='bbox 2706 2674 2773 2741; x_wconf 72' lang='grc' dir='ltr'>τῇ</span> <span class='ocrx_word' id='word_1_344' title='bbox 2805 2671 2901 2724; x_wconf 92' lang='grc' dir='ltr'><strong>τοῦ</strong></span> <span class='ocrx_word' id='word_1_345' title='bbox 2929 2671 3258 2743; x_wconf 80' lang='grc' dir='ltr'>κρατοῦντος</span> <span class='ocrx_word' id='word_1_346' title='bbox 3291 2673 3432 2742; x_wconf 77' lang='grc' dir='ltr'>ῥοπῇ</span> <span class='ocrx_word' id='word_1_347' title='bbox 3463 2672 3521 2725; x_wconf 74' lang='grc' dir='ltr'>ἐν</span> <span class='ocrx_word' id='word_1_348' title='bbox 3552 2669 3631 2741; x_wconf 85' lang='grc' dir='ltr'>τῷ</span> <span class='ocrx_word' id='word_1_349' title='bbox 3661 2669 3962 2738; x_wconf 78' lang='grc' dir='ltr'>Βυζαντίῳ,</span> 
     </span>
    </p>
   </div>
   <div class='ocr_carea' id='block_1_49' title="bbox 711 2761 2358 2835">
    <p class='ocr_par' dir='ltr' id='par_1_49' title="bbox 711 2764 2284 2835">
     <span class='ocr_line' id='line_1_50' title="bbox 711 2764 2284 2835; baseline 0.003 -19"><span class='ocrx_word' id='word_1_350' title='bbox 711 2779 868 2818; x_wconf 87' lang='lat' dir='ltr'><strong>mens</strong></span> <span class='ocrx_word' id='word_1_351' title='bbox 914 2764 1101 2819; x_wconf 83' lang='lat' dir='ltr'><strong>ambos</strong></span> <span class='ocrx_word' id='word_1_352' title='bbox 1154 2780 1372 2834; x_wconf 90' lang='lat' dir='ltr'><strong>pueros,</strong></span> <span class='ocrx_word' id='word_1_353' title='bbox 1412 2766 1656 2820; x_wconf 88' lang='lat' dir='ltr'><strong>moribus</strong></span> <span class='ocrx_word' id='word_1_354' title='bbox 1694 2780 1757 2818; x_wconf 86' lang='lat' dir='ltr'><strong>ac</strong></span> <span class='ocrx_word' id='word_1_355' title='bbox 1799 2764 2101 2835; x_wconf 81' lang='lat' dir='ltr'><strong>disciplinis</strong></span> <span class='ocrx_word' id='word_1_356' title='bbox 2135 2765 2284 2834; x_wconf 86' lang='lat' dir='ltr'><strong>ipsos</strong></span> 
     </span>
    </p>
   </div>
   <div class='ocr_carea' id='block_1_50' title="bbox 2318 2761 3965 2835">
    <p class='ocr_par' dir='ltr' id='par_1_50' title="bbox 2386 2761 3965 2835">
     <span class='ocr_line' id='line_1_51' title="bbox 2386 2761 3965 2835; baseline -0.002 -18"><span class='ocrx_word' id='word_1_357' title='bbox 2386 2766 2480 2817; x_wconf 82' lang='grc' dir='ltr'>καὶ</span> <span class='ocrx_word' id='word_1_358' title='bbox 2509 2761 2842 2834; x_wconf 77' lang='grc' dir='ltr'>παραλαδὼν</span> <span class='ocrx_word' id='word_1_359' title='bbox 2865 2763 3208 2835; x_wconf 77' lang='grc' dir='ltr'>ἀμφοτέρους</span> <span class='ocrx_word' id='word_1_360' title='bbox 3233 2762 3361 2826; x_wconf 76' lang='grc' dir='ltr'>τοὺς</span> <span class='ocrx_word' id='word_1_361' title='bbox 3389 2762 3605 2826; x_wconf 77' lang='grc' dir='ltr'>παῖδας,</span> <span class='ocrx_word' id='word_1_362' title='bbox 3635 2761 3834 2831; x_wconf 78' lang='grc' dir='ltr'>ἀνῆγεν</span> <span class='ocrx_word' id='word_1_363' title='bbox 3867 2761 3965 2814; x_wconf 80' lang='grc' dir='ltr'><strong>αὺ-</strong></span> 
     </span>
    </p>
   </div>
   <div class='ocr_carea' id='block_1_51' title="bbox 711 2850 2358 2924">
    <p class='ocr_par' dir='ltr' id='par_1_51' title="bbox 711 2853 2286 2924">
     <span class='ocr_line' id='line_1_52' title="bbox 711 2853 2286 2924; baseline 0.001 -16"><span class='ocrx_word' id='word_1_364' title='bbox 711 2853 1048 2919; x_wconf 81' lang='lat' dir='ltr'><strong>informavit,</strong></span> <span class='ocrx_word' id='word_1_365' title='bbox 1080 2862 1138 2908; x_wconf 93' lang='lat' dir='ltr'><strong>ut</strong></span> <span class='ocrx_word' id='word_1_366' title='bbox 1169 2855 1403 2924; x_wconf 80' lang='lat' dir='ltr'><strong>Optimos</strong></span> <span class='ocrx_word' id='word_1_367' title='bbox 1425 2869 1520 2910; x_wconf 87' lang='lat' dir='ltr'><strong>eos</strong></span> <span class='ocrx_word' id='word_1_368' title='bbox 1551 2869 1674 2910; x_wconf 89' lang='lat' dir='ltr'><strong>esse</strong></span> <span class='ocrx_word' id='word_1_369' title='bbox 1699 2855 2014 2909; x_wconf 85' lang='lat' dir='ltr'><strong>ostenderet</strong></span> <span class='ocrx_word' id='word_1_370' title='bbox 2057 2855 2110 2908; x_wconf 90' lang='lat' dir='ltr'><strong>in</strong></span> <span class='ocrx_word' id='word_1_371' title='bbox 2137 2865 2286 2910; x_wconf 86' lang='lat' dir='ltr'><strong>utra-</strong></span> 
     </span>
    </p>
   </div>
   <div class='ocr_carea' id='block_1_52' title="bbox 2318 2850 3965 2924">
    <p class='ocr_par' dir='ltr' id='par_1_52' title="bbox 2387 2850 3965 2924">
     <span class='ocr_line' id='line_1_53' title="bbox 2387 2850 3965 2924; baseline -0.004 -17"><span class='ocrx_word' id='word_1_372' title='bbox 2387 2857 2513 2917; x_wconf 76' lang='grc' dir='ltr'>τοὺς</span> <span class='ocrx_word' id='word_1_373' title='bbox 2547 2855 2605 2906; x_wconf 79' lang='grc' dir='ltr'>ἐν</span> <span class='ocrx_word' id='word_1_374' title='bbox 2627 2870 2686 2906; x_wconf 88' lang='grc' dir='ltr'><strong>τε</strong></span> <span class='ocrx_word' id='word_1_375' title='bbox 2712 2854 2898 2923; x_wconf 70' lang='grc' dir='ltr'>ῆθεσιν</span> <span class='ocrx_word' id='word_1_376' title='bbox 2921 2856 3014 2908; x_wconf 70' lang='grc' dir='ltr'>καὶ</span> <span class='ocrx_word' id='word_1_377' title='bbox 3036 2851 3425 2923; x_wconf 82' lang='grc' dir='ltr'>παιδεύμασιν,</span> <span class='ocrx_word' id='word_1_378' title='bbox 3460 2853 3716 2924; x_wconf 80' lang='grc' dir='ltr'>ἀρίστους</span> <span class='ocrx_word' id='word_1_379' title='bbox 3741 2850 3965 2906; x_wconf 82' lang='grc' dir='ltr'>ἀποδει-</span> 
     </span>
    </p>
   </div>
   <div class='ocr_carea' id='block_1_53' title="bbox 713 2939 2360 3014">
    <p class='ocr_par' dir='ltr' id='par_1_53' title="bbox 713 2943 2352 3014">
     <span class='ocr_line' id='line_1_54' title="bbox 713 2943 2352 3014; baseline 0.002 -17"><span class='ocrx_word' id='word_1_380' title='bbox 713 2961 820 3014; x_wconf 80' lang='lat' dir='ltr'><strong>que</strong></span> <span class='ocrx_word' id='word_1_381' title='bbox 851 2943 1124 2998; x_wconf 76' lang='lat' dir='ltr'><strong>facultate.</strong></span> <span class='ocrx_word' id='word_1_382' title='bbox 1152 2944 1230 2998; x_wconf 86' lang='lat' dir='ltr'><strong>Ad</strong></span> <span class='ocrx_word' id='word_1_383' title='bbox 1259 2944 1732 3014; x_wconf 79' lang='lat' dir='ltr'><strong>quadragesimum</strong></span> <span class='ocrx_word' id='word_1_384' title='bbox 1769 2961 1940 3014; x_wconf 91' lang='lat' dir='ltr'><strong>usque</strong></span> <span class='ocrx_word' id='word_1_385' title='bbox 1967 2947 2142 3000; x_wconf 71' lang='lat' dir='ltr'><strong>aalatis</strong></span> <span class='ocrx_word' id='word_1_386' title='bbox 2172 2960 2282 3000; x_wconf 60' lang='lat' dir='ltr'><strong>sua</strong></span> <span class='ocrx_word' id='word_1_387' title='bbox 2309 2951 2352 3008; x_wconf 87' lang='lat' dir='ltr'><strong>C</strong></span> 
     </span>
    </p>
   </div>
   <div class='ocr_carea' id='block_1_54' title="bbox 2316 2939 3963 3014">
    <p class='ocr_par' dir='ltr' id='par_1_54' title="bbox 2316 2939 3963 3013">
     <span class='ocr_line' id='line_1_55' title="bbox 2316 2939 3963 3013; baseline -0.004 -16"><span class='ocrx_word' id='word_1_388' title='bbox 2316 2951 2352 3008; x_wconf 76' lang='grc' dir='ltr'>ε,</span> <span class='ocrx_word' id='word_1_389' title='bbox 2385 2947 2516 3007; x_wconf 78' lang='grc' dir='ltr'>κνὺς</span> <span class='ocrx_word' id='word_1_390' title='bbox 2573 2942 2985 3013; x_wconf 81' lang='grc' dir='ltr'>ἀμφοτέρωθεν.</span> <span class='ocrx_word' id='word_1_391' title='bbox 3038 2943 3215 3012; x_wconf 78' lang='grc' dir='ltr'>Μέχρι</span> <span class='ocrx_word' id='word_1_392' title='bbox 3263 2943 3320 2996; x_wconf 80' lang='grc' dir='ltr'>δὲ</span> <span class='ocrx_word' id='word_1_393' title='bbox 3364 2941 3461 2996; x_wconf 90' lang='grc' dir='ltr'><strong>τοῦ</strong></span> <span class='ocrx_word' id='word_1_394' title='bbox 3512 2939 3963 3012; x_wconf 78' lang='grc' dir='ltr'>τεσσαρακοστοῦ</span> 
     </span>
    </p>
   </div>
   <div class='ocr_carea' id='block_1_55' title="bbox 713 3027 2360 3106">
    <p class='ocr_par' dir='ltr' id='par_1_55' title="bbox 713 3036 2285 3106">
     <span class='ocr_line' id='line_1_56' title="bbox 713 3036 2285 3106; baseline 0.001 -16"><span class='ocrx_word' id='word_1_395' title='bbox 713 3054 918 3091; x_wconf 86' lang='lat' dir='ltr'><strong>auuqu</strong></span> <span class='ocrx_word' id='word_1_396' title='bbox 955 3037 1008 3090; x_wconf 93' lang='lat' dir='ltr'><strong>iu</strong></span> <span class='ocrx_word' id='word_1_397' title='bbox 1049 3037 1171 3090; x_wconf 86' lang='lat' dir='ltr'><strong>aula</strong></span> <span class='ocrx_word' id='word_1_398' title='bbox 1219 3036 1439 3091; x_wconf 88' lang='lat' dir='ltr'><strong>assidue</strong></span> <span class='ocrx_word' id='word_1_399' title='bbox 1465 3046 1718 3091; x_wconf 86' lang='lat' dir='ltr'><strong>versatus</strong></span> <span class='ocrx_word' id='word_1_400' title='bbox 1743 3045 1826 3090; x_wconf 91' lang='lat' dir='ltr'><strong>est</strong></span> <span class='ocrx_word' id='word_1_401' title='bbox 1858 3036 2043 3106; x_wconf 63' lang='lat'><strong>(37‘);</strong></span> <span class='ocrx_word' id='word_1_402' title='bbox 2082 3036 2285 3104; x_wconf 87' lang='lat' dir='ltr'><strong>Deique</strong></span> 
     </span>
    </p>
   </div>
   <div class='ocr_carea' id='block_1_56' title="bbox 2316 3027 3963 3106">
    <p class='ocr_par' dir='ltr' id='par_1_56' title="bbox 2388 3027 3963 3105">
     <span class='ocr_line' id='line_1_57' title="bbox 2388 3027 3963 3105; baseline -0.004 -17"><span class='ocrx_word' id='word_1_403' title='bbox 2388 3036 2539 3098; x_wconf 73' lang='grc' dir='ltr'>ἔτους</span> <span class='ocrx_word' id='word_1_404' title='bbox 2570 3037 2668 3104; x_wconf 82' lang='grc' dir='ltr'>τῆς</span> <span class='ocrx_word' id='word_1_405' title='bbox 2701 3033 2915 3105; x_wconf 75' lang='grc' dir='ltr'>ἡλικίας</span> <span class='ocrx_word' id='word_1_406' title='bbox 2962 3031 3130 3086; x_wconf 82' lang='grc' dir='ltr'>αὐτοῦ</span> <span class='ocrx_word' id='word_1_407' title='bbox 3173 3034 3230 3084; x_wconf 80' lang='grc' dir='ltr'>ὲν</span> <span class='ocrx_word' id='word_1_408' title='bbox 3260 3031 3339 3102; x_wconf 85' lang='grc' dir='ltr'>τῷ</span> <span class='ocrx_word' id='word_1_409' title='bbox 3381 3031 3630 3100; x_wconf 78' lang='grc' dir='ltr'>παλατίῳ</span> <span class='ocrx_word' id='word_1_410' title='bbox 3667 3027 3963 3099; x_wconf 81' lang='grc' dir='ltr'>διηνυκὼς,</span> 
     </span>
    </p>
   </div>
   <div class='ocr_carea' id='block_1_57' title="bbox 716 3121 2363 3197">
    <p class='ocr_par' dir='ltr' id='par_1_57' title="bbox 716 3127 2290 3197">
     <span class='ocr_line' id='line_1_58' title="bbox 716 3127 2290 3197; baseline -0.001 -15"><span class='ocrx_word' id='word_1_411' title='bbox 716 3130 967 3183; x_wconf 86' lang='lat' dir='ltr'><strong>timorem</strong></span> <span class='ocrx_word' id='word_1_412' title='bbox 1008 3129 1060 3182; x_wconf 90' lang='lat' dir='ltr'><strong>iu</strong></span> <span class='ocrx_word' id='word_1_413' title='bbox 1096 3141 1275 3182; x_wconf 85' lang='lat' dir='ltr'><strong>mente</strong></span> <span class='ocrx_word' id='word_1_414' title='bbox 1326 3127 1551 3190; x_wconf 67' lang='lat' dir='ltr'><strong>habent,</strong></span> <span class='ocrx_word' id='word_1_415' title='bbox 1587 3127 1873 3197; x_wconf 91' lang='lat' dir='ltr'><strong>ingemuit,</strong></span> <span class='ocrx_word' id='word_1_416' title='bbox 1922 3139 1976 3182; x_wconf 90' lang='lat' dir='ltr'><strong>et</strong></span> <span class='ocrx_word' id='word_1_417' title='bbox 2007 3128 2290 3182; x_wconf 83' lang='lat' dir='ltr'><strong>invocabat</strong></span> 
     </span>
    </p>
   </div>
   <div class='ocr_carea' id='block_1_58' title="bbox 2319 3121 3966 3197">
    <p class='ocr_par' dir='ltr' id='par_1_58' title="bbox 2389 3121 3966 3194">
     <span class='ocr_line' id='line_1_59' title="bbox 2389 3121 3966 3194; baseline -0.004 -16"><span class='ocrx_word' id='word_1_418' title='bbox 2389 3127 2486 3180; x_wconf 73' lang='grc' dir='ltr'>καὶ</span> <span class='ocrx_word' id='word_1_419' title='bbox 2509 3127 2600 3179; x_wconf 71' lang='grc' dir='ltr'><strong>τὸν</strong></span> <span class='ocrx_word' id='word_1_420' title='bbox 2629 3125 2795 3194; x_wconf 80' lang='grc' dir='ltr'>φόὸον</span> <span class='ocrx_word' id='word_1_421' title='bbox 2819 3125 2913 3179; x_wconf 90' lang='grc' dir='ltr'><strong>τοῦ</strong></span> <span class='ocrx_word' id='word_1_422' title='bbox 2939 3123 3075 3178; x_wconf 86' lang='grc' dir='ltr'>Θεοῦ</span> <span class='ocrx_word' id='word_1_423' title='bbox 3101 3124 3245 3178; x_wconf 84' lang='grc' dir='ltr'><strong>κατά</strong></span> <span class='ocrx_word' id='word_1_424' title='bbox 3265 3123 3504 3177; x_wconf 79' lang='grc' dir='ltr'>διάνοιαν</span> <span class='ocrx_word' id='word_1_425' title='bbox 3527 3122 3684 3191; x_wconf 74' lang='grc' dir='ltr'>ἔχων,</span> <span class='ocrx_word' id='word_1_426' title='bbox 3710 3121 3966 3184; x_wconf 72' lang='grc' dir='ltr'>ἐστέναξε</span> 
     </span>
    </p>
   </div>
   <div class='ocr_carea' id='block_1_59' title="bbox 719 3213 2366 3290">
    <p class='ocr_par' dir='ltr' id='par_1_59' title="bbox 719 3219 2287 3290">
     <span class='ocr_line' id='line_1_60' title="bbox 719 3219 2287 3290; baseline 0.002 -19"><span class='ocrx_word' id='word_1_427' title='bbox 719 3220 884 3273; x_wconf 84' lang='lat' dir='ltr'><strong>Deum</strong></span> <span class='ocrx_word' id='word_1_428' title='bbox 924 3235 1046 3274; x_wconf 89' lang='lat' dir='ltr'><strong>cum</strong></span> <span class='ocrx_word' id='word_1_429' title='bbox 1082 3219 1337 3290; x_wconf 86' lang='lat' dir='ltr'><strong>laerymis</strong></span> <span class='ocrx_word' id='word_1_430' title='bbox 1367 3219 1592 3274; x_wconf 89' lang='lat' dir='ltr'><strong>dicens:</strong></span> <span class='ocrx_word' id='word_1_431' title='bbox 1629 3219 1874 3284; x_wconf 89' lang='lat' dir='ltr'><strong>Domine,</strong></span> <span class='ocrx_word' id='word_1_432' title='bbox 1908 3220 2132 3276; x_wconf 89' lang='lat' dir='ltr'><strong>ostende</strong></span> <span class='ocrx_word' id='word_1_433' title='bbox 2158 3220 2287 3274; x_wconf 88' lang='lat' dir='ltr'><strong>mihi</strong></span> 
     </span>
    </p>
   </div>
   <div class='ocr_carea' id='block_1_60' title="bbox 2319 3213 3966 3290">
    <p class='ocr_par' dir='ltr' id='par_1_60' title="bbox 2391 3213 3966 3287">
     <span class='ocr_line' id='line_1_61' title="bbox 2391 3213 3966 3287; baseline -0.003 -17"><span class='ocrx_word' id='word_1_434' title='bbox 2391 3219 2485 3270; x_wconf 72' lang='lat' dir='ltr'><strong>ml.</strong></span> <span class='ocrx_word' id='word_1_435' title='bbox 2516 3218 2815 3287; x_wconf 81' lang='grc' dir='ltr'>παρεκάλει</span> <span class='ocrx_word' id='word_1_436' title='bbox 2839 3217 2928 3270; x_wconf 77' lang='grc' dir='ltr'>τὸν</span> <span class='ocrx_word' id='word_1_437' title='bbox 2953 3217 3084 3270; x_wconf 74' lang='grc' dir='ltr'>Θεὸν</span> <span class='ocrx_word' id='word_1_438' title='bbox 3114 3215 3254 3285; x_wconf 77' lang='grc' dir='ltr'><strong>μετά</strong></span> <span class='ocrx_word' id='word_1_439' title='bbox 3278 3213 3528 3286; x_wconf 81' lang='grc' dir='ltr'>δακρύων</span> <span class='ocrx_word' id='word_1_440' title='bbox 3553 3214 3725 3281; x_wconf 81' lang='grc' dir='ltr'>λέγων</span> <span class='ocrx_word' id='word_1_441' title='bbox 3747 3227 3762 3243; x_wconf 81' lang='lat'><strong><em>°</em></strong></span> <span class='ocrx_word' id='word_1_442' title='bbox 3790 3213 3966 3282; x_wconf 83' lang='grc' dir='ltr'>Κύριε</span> 
     </span>
    </p>
   </div>
   <div class='ocr_carea' id='block_1_61' title="bbox 717 3303 2364 3382">
    <p class='ocr_par' dir='ltr' id='par_1_61' title="bbox 717 3312 2292 3382">
     <span class='ocr_line' id='line_1_62' title="bbox 717 3312 2292 3382; baseline 0.002 -19"><span class='ocrx_word' id='word_1_443' title='bbox 717 3314 881 3378; x_wconf 79' lang='lat' dir='ltr'><strong>viam,</strong></span> <span class='ocrx_word' id='word_1_444' title='bbox 915 3312 966 3365; x_wconf 93' lang='lat' dir='ltr'><strong>iu</strong></span> <span class='ocrx_word' id='word_1_445' title='bbox 995 3327 1101 3380; x_wconf 90' lang='lat' dir='ltr'><strong>qua</strong></span> <span class='ocrx_word' id='word_1_446' title='bbox 1141 3313 1326 3366; x_wconf 80' lang='lat' dir='ltr'><strong>salvus</strong></span> <span class='ocrx_word' id='word_1_447' title='bbox 1373 3312 1520 3366; x_wconf 85' lang='lat' dir='ltr'><strong>ﬁam.</strong></span> <span class='ocrx_word' id='word_1_448' title='bbox 1562 3313 1628 3366; x_wconf 85' lang='lat' dir='ltr'><strong>Et</strong></span> <span class='ocrx_word' id='word_1_449' title='bbox 1665 3327 1811 3376; x_wconf 80' lang='lat' dir='ltr'><strong>vero,</strong></span> <span class='ocrx_word' id='word_1_450' title='bbox 1857 3312 1985 3366; x_wconf 93' lang='lat' dir='ltr'><strong>dum</strong></span> <span class='ocrx_word' id='word_1_451' title='bbox 2024 3313 2110 3366; x_wconf 89' lang='lat' dir='ltr'><strong>die</strong></span> <span class='ocrx_word' id='word_1_452' title='bbox 2139 3317 2292 3382; x_wconf 87' lang='lat' dir='ltr'><strong>&#39;qua-</strong></span> 
     </span>
    </p>
   </div>
   <div class='ocr_carea' id='block_1_62' title="bbox 2321 3303 3968 3382">
    <p class='ocr_par' dir='ltr' id='par_1_62' title="bbox 2391 3303 3968 3379">
     <span class='ocr_line' id='line_1_63' title="bbox 2391 3303 3968 3379; baseline -0.003 -17"><span class='ocrx_word' id='word_1_453' title='bbox 2391 3309 2659 3379; x_wconf 77' lang='grc' dir='ltr'>δδήγησόν</span> <span class='ocrx_word' id='word_1_454' title='bbox 2693 3325 2782 3378; x_wconf 86' lang='grc' dir='ltr'><strong>με,</strong></span> <span class='ocrx_word' id='word_1_455' title='bbox 2814 3306 2931 3369; x_wconf 81' lang='grc' dir='ltr'>πῶς</span> <span class='ocrx_word' id='word_1_456' title='bbox 2963 3303 3142 3358; x_wconf 85' lang='grc' dir='ltr'>σωθῶ.</span> <span class='ocrx_word' id='word_1_457' title='bbox 3163 3306 3274 3358; x_wconf 76' lang='grc' dir='ltr'><strong>Καὶ</strong></span> <span class='ocrx_word' id='word_1_458' title='bbox 3303 3306 3367 3375; x_wconf 80' lang='grc' dir='ltr'>δὴ</span> <span class='ocrx_word' id='word_1_459' title='bbox 3391 3306 3449 3358; x_wconf 79' lang='grc' dir='ltr'>ὲν</span> <span class='ocrx_word' id='word_1_460' title='bbox 3486 3307 3586 3376; x_wconf 75' lang='grc' dir='ltr'>μιᾷ</span> <span class='ocrx_word' id='word_1_461' title='bbox 3617 3305 3769 3369; x_wconf 72' lang='grc' dir='ltr'>ὄντος</span> <span class='ocrx_word' id='word_1_462' title='bbox 3798 3303 3968 3359; x_wconf 86' lang='grc' dir='ltr'>αὑτοῦ</span> 
     </span>
    </p>
   </div>
   <div class='ocr_carea' id='block_1_63' title="bbox 716 3394 2363 3472">
    <p class='ocr_par' dir='ltr' id='par_1_63' title="bbox 716 3403 2292 3472">
     <span class='ocr_line' id='line_1_64' title="bbox 716 3403 2292 3472; baseline -0.003 -13"><span class='ocrx_word' id='word_1_463' title='bbox 716 3407 840 3460; x_wconf 88' lang='lat' dir='ltr'><strong>dam</strong></span> <span class='ocrx_word' id='word_1_464' title='bbox 871 3407 922 3460; x_wconf 92' lang='lat' dir='ltr'><strong>iu</strong></span> <span class='ocrx_word' id='word_1_465' title='bbox 947 3407 1072 3460; x_wconf 86' lang='lat' dir='ltr'><strong>aula</strong></span> <span class='ocrx_word' id='word_1_466' title='bbox 1103 3415 1264 3470; x_wconf 86' lang='lat' dir='ltr'><strong>esset,</strong></span> <span class='ocrx_word' id='word_1_467' title='bbox 1313 3405 1522 3459; x_wconf 91' lang='lat' dir='ltr'><strong>audivit</strong></span> <span class='ocrx_word' id='word_1_468' title='bbox 1564 3405 1803 3460; x_wconf 89' lang='lat' dir='ltr'><strong>divinam</strong></span> <span class='ocrx_word' id='word_1_469' title='bbox 1847 3419 2058 3467; x_wconf 87' lang='lat' dir='ltr'><strong>vocem,</strong></span> <span class='ocrx_word' id='word_1_470' title='bbox 2093 3419 2214 3472; x_wconf 55' lang='lat' dir='ltr'><strong>quas</strong></span> <span class='ocrx_word' id='word_1_471' title='bbox 2243 3403 2292 3456; x_wconf 89' lang='lat' dir='ltr'><strong>ei</strong></span> 
     </span>
    </p>
   </div>
   <div class='ocr_carea' id='block_1_64' title="bbox 2316 3394 3963 3472">
    <p class='ocr_par' dir='ltr' id='par_1_64' title="bbox 2393 3394 3963 3469">
     <span class='ocr_line' id='line_1_65' title="bbox 2393 3394 3963 3469; baseline -0.004 -17"><span class='ocrx_word' id='word_1_472' title='bbox 2393 3403 2452 3452; x_wconf 81' lang='grc' dir='ltr'>ἐν</span> <span class='ocrx_word' id='word_1_473' title='bbox 2479 3398 2557 3469; x_wconf 78' lang='grc' dir='ltr'>τῷ</span> <span class='ocrx_word' id='word_1_474' title='bbox 2588 3397 2855 3466; x_wconf 82' lang='grc' dir='ltr'>παλατίῳ,</span> <span class='ocrx_word' id='word_1_475' title='bbox 2884 3394 3073 3448; x_wconf 81' lang='grc' dir='ltr'>ἀκούει</span> <span class='ocrx_word' id='word_1_476' title='bbox 3102 3394 3254 3458; x_wconf 81' lang='grc' dir='ltr'>θείας</span> <span class='ocrx_word' id='word_1_477' title='bbox 3281 3396 3486 3463; x_wconf 82' lang='grc' dir='ltr'>φωνῆς,</span> <span class='ocrx_word' id='word_1_478' title='bbox 3511 3394 3774 3463; x_wconf 80' lang='grc' dir='ltr'>λεγούσης</span> <span class='ocrx_word' id='word_1_479' title='bbox 3794 3395 3963 3462; x_wconf 80' lang='grc' dir='ltr'>αὐτῷ·</span> 
     </span>
    </p>
   </div>
   <div class='ocr_carea' id='block_1_65' title="bbox 718 3485 2365 3564">
    <p class='ocr_par' dir='ltr' id='par_1_65' title="bbox 718 3494 2292 3564">
     <span class='ocr_line' id='line_1_66' title="bbox 718 3494 2292 3564; baseline 0 -16"><span class='ocrx_word' id='word_1_480' title='bbox 718 3499 920 3552; x_wconf 77' lang='lat' dir='ltr'><strong>diceret</strong></span> <span class='ocrx_word' id='word_1_481' title='bbox 956 3516 968 3550; x_wconf 95' lang='lat'>:</span> <span class='ocrx_word' id='word_1_482' title='bbox 1011 3498 1225 3561; x_wconf 76' lang='lat' dir='ltr'><strong>Arseni,</strong></span> <span class='ocrx_word' id='word_1_483' title='bbox 1266 3497 1310 3552; x_wconf 92' lang='lat' dir='ltr'><strong>si</strong></span> <span class='ocrx_word' id='word_1_484' title='bbox 1353 3497 1538 3552; x_wconf 88' lang='lat' dir='ltr'><strong>salvus</strong></span> <span class='ocrx_word' id='word_1_485' title='bbox 1567 3510 1687 3553; x_wconf 81' lang='lat' dir='ltr'><strong>esse</strong></span> <span class='ocrx_word' id='word_1_486' title='bbox 1719 3495 1823 3564; x_wconf 90' lang='lat' dir='ltr'><strong>vis,</strong></span> <span class='ocrx_word' id='word_1_487' title='bbox 1866 3494 1989 3564; x_wconf 81' lang='lat' dir='ltr'><strong>iuge</strong></span> <span class='ocrx_word' id='word_1_488' title='bbox 2021 3494 2292 3556; x_wconf 86' lang='lat' dir='ltr'><strong>homines.</strong></span> 
     </span>
    </p>
   </div>
   <div class='ocr_carea' id='block_1_66' title="bbox 2322 3485 3969 3564">
    <p class='ocr_par' dir='ltr' id='par_1_66' title="bbox 2409 3485 3969 3561">
     <span class='ocr_line' id='line_1_67' title="bbox 2409 3485 3969 3561; baseline -0.003 -17"><span class='ocrx_word' id='word_1_489' title='bbox 2409 3490 2671 3561; x_wconf 79' lang='grc' dir='ltr'>’Δρσὲνιε,</span> <span class='ocrx_word' id='word_1_490' title='bbox 2703 3489 2752 3543; x_wconf 80' lang='grc' dir='ltr'><strong>εί</strong></span> <span class='ocrx_word' id='word_1_491' title='bbox 2776 3487 2950 3550; x_wconf 84' lang='grc' dir='ltr'>Θέλεις</span> <span class='ocrx_word' id='word_1_492' title='bbox 2977 3485 3238 3557; x_wconf 79' lang='grc' dir='ltr'>σωθῆναι,</span> <span class='ocrx_word' id='word_1_493' title='bbox 3275 3485 3444 3554; x_wconf 77' lang='grc' dir='ltr'>φεῦγε</span> <span class='ocrx_word' id='word_1_494' title='bbox 3474 3485 3601 3548; x_wconf 79' lang='grc' dir='ltr'>τοὺς</span> <span class='ocrx_word' id='word_1_495' title='bbox 3623 3485 3969 3557; x_wconf 80' lang='grc' dir='ltr'>ἀνθρώπους,</span> 
     </span>
    </p>
   </div>
   <div class='ocr_carea' id='block_1_67' title="bbox 718 3576 2365 3656">
    <p class='ocr_par' dir='ltr' id='par_1_67' title="bbox 718 3576 1359 3656">
     <span class='ocr_line' id='line_1_68' title="bbox 718 3576 1359 3656; baseline 0.002 -15"><span class='ocrx_word' id='word_1_496' title='bbox 718 3597 774 3641; x_wconf 83' lang='lat' dir='ltr'><strong>et</strong></span> <span class='ocrx_word' id='word_1_497' title='bbox 802 3587 1100 3642; x_wconf 82' lang='lat' dir='ltr'><strong>salvaberis</strong></span> <span class='ocrx_word' id='word_1_498' title='bbox 1137 3588 1268 3656; x_wconf 78' lang='lat'><strong>(58).</strong></span> <span class='ocrx_word' id='word_1_499' title='bbox 1347 3576 1359 3586; x_wconf 74' lang='grc'><strong>’</strong></span> 
     </span>
    </p>
   </div>
   <div class='ocr_carea' id='block_1_68' title="bbox 1041 3576 2688 3656">
    <p class='ocr_par' dir='ltr' id='par_1_68' title="bbox 1041 3576 2688 3656">
     <span class='ocr_line' id='line_1_69' title="bbox 1041 3576 2688 3656; baseline -0.002 -16"><span class='ocrx_word' id='word_1_500' title='bbox 1041 3589 1100 3642; x_wconf 84' lang='lat' dir='ltr'><strong>&#39;is</strong></span> <span class='ocrx_word' id='word_1_501' title='bbox 1137 3588 1268 3656; x_wconf 78' lang='lat'><strong>(58).</strong></span> <span class='ocrx_word' id='word_1_502' title='bbox 1347 3576 1359 3586; x_wconf 73' lang='grc'><strong>’</strong></span> <span class='ocrx_word' id='word_1_503' title='bbox 2398 3584 2492 3636; x_wconf 72' lang='grc' dir='ltr'>καὶ</span> <span class='ocrx_word' id='word_1_504' title='bbox 2520 3584 2688 3654; x_wconf 79' lang='grc' dir='ltr'>σώσῃ.</span> 
     </span>
    </p>
   </div>
   <div class='ocr_carea' id='block_1_69' title="bbox 793 3668 2440 3746">
    <p class='ocr_par' dir='ltr' id='par_1_69' title="bbox 793 3673 2295 3746">
     <span class='ocr_line' id='line_1_70' title="bbox 793 3673 2295 3746; baseline -0.001 -15"><span class='ocrx_word' id='word_1_505' title='bbox 793 3678 845 3731; x_wconf 88' lang='grc'><strong>5.</strong></span> <span class='ocrx_word' id='word_1_506' title='bbox 876 3678 1000 3732; x_wconf 58' lang='grc' dir='ltr'><strong>Ηώς</strong></span> <span class='ocrx_word' id='word_1_507' title='bbox 1025 3677 1206 3746; x_wconf 86' lang='lat' dir='ltr'><strong>itaque</strong></span> <span class='ocrx_word' id='word_1_508' title='bbox 1233 3677 1323 3730; x_wconf 90' lang='lat' dir='ltr'><strong>ubi</strong></span> <span class='ocrx_word' id='word_1_509' title='bbox 1359 3677 1598 3732; x_wconf 82' lang='lat' dir='ltr'><strong>audisset</strong></span> <span class='ocrx_word' id='word_1_510' title='bbox 1635 3673 1921 3740; x_wconf 82' lang='lat' dir='ltr'><strong>Arsenius,</strong></span> <span class='ocrx_word' id='word_1_511' title='bbox 1941 3675 2053 3744; x_wconf 74' lang='lat' dir='ltr'><strong>iam</strong></span> <span class='ocrx_word' id='word_1_512' title='bbox 2087 3675 2295 3744; x_wconf 90' lang='lat' dir='ltr'><strong>pridem</strong></span> 
     </span>
    </p>
   </div>
   <div class='ocr_carea' id='block_1_70' title="bbox 2323 3668 3970 3746">
    <p class='ocr_par' dir='ltr' id='par_1_70' title="bbox 2469 3668 3970 3746">
     <span class='ocr_line' id='line_1_71' title="bbox 2469 3668 3970 3746; baseline -0.009 -11"><span class='ocrx_word' id='word_1_513' title='bbox 2469 3688 2531 3737; x_wconf 85' lang='grc' dir='ltr'><strong>ε’.</strong></span> <span class='ocrx_word' id='word_1_514' title='bbox 2561 3681 2778 3733; x_wconf 84' lang='grc' dir='ltr'>Τούτων</span> <span class='ocrx_word' id='word_1_515' title='bbox 2808 3673 2902 3734; x_wconf 81' lang='grc' dir='ltr'>οὖν</span> <span class='ocrx_word' id='word_1_516' title='bbox 2939 3678 3182 3740; x_wconf 82' lang='grc' dir='ltr'>ἀκούσας</span> <span class='ocrx_word' id='word_1_517' title='bbox 3212 3678 3240 3729; x_wconf 88' lang='grc' dir='ltr'>ὁ</span> <span class='ocrx_word' id='word_1_518' title='bbox 3273 3672 3572 3746; x_wconf 79' lang='grc' dir='ltr'>Ἀρσένιος,</span> <span class='ocrx_word' id='word_1_519' title='bbox 3609 3668 3704 3722; x_wconf 74' lang='grc' dir='ltr'>καὶ</span> <span class='ocrx_word' id='word_1_520' title='bbox 3739 3669 3970 3722; x_wconf 72' lang='grc' dir='ltr'>ἐπιπολὺ</span> 
     </span>
    </p>
   </div>
   <div class='ocr_carea' id='block_1_71' title="bbox 720 3763 2367 3846">
    <p class='ocr_par' dir='ltr' id='par_1_71' title="bbox 720 3767 2299 3832">
     <span class='ocr_line' id='line_1_72' title="bbox 720 3767 2299 3832; baseline 0 -12"><span class='ocrx_word' id='word_1_521' title='bbox 720 3769 906 3822; x_wconf 77' lang='lat' dir='ltr'><strong>divino</strong></span> <span class='ocrx_word' id='word_1_522' title='bbox 945 3767 1217 3822; x_wconf 84' lang='lat' dir='ltr'><strong>desiderio</strong></span> <span class='ocrx_word' id='word_1_523' title='bbox 1255 3769 1554 3832; x_wconf 74' lang='lat' dir='ltr'><strong>sauciatus,</strong></span> <span class='ocrx_word' id='word_1_524' title='bbox 1590 3769 1740 3824; x_wconf 91' lang='lat' dir='ltr'><strong>omni</strong></span> <span class='ocrx_word' id='word_1_525' title='bbox 1790 3784 1913 3826; x_wconf 80' lang='lat' dir='ltr'><strong>mox</strong></span> <span class='ocrx_word' id='word_1_526' title='bbox 1946 3767 2185 3823; x_wconf 86' lang='lat' dir='ltr'><strong>humana</strong></span> <span class='ocrx_word' id='word_1_527' title='bbox 2235 3783 2299 3821; x_wconf 91' lang='lat' dir='ltr'><strong>ac</strong></span> 
     </span>
    </p>
   </div>
   <div class='ocr_carea' id='block_1_72' title="bbox 2324 3763 3971 3846">
    <p class='ocr_par' dir='ltr' id='par_1_72' title="bbox 2397 3763 3971 3846">
     <span class='ocr_line' id='line_1_73' title="bbox 2397 3763 3971 3846; baseline -0.01 -18"><span class='ocrx_word' id='word_1_528' title='bbox 2397 3775 2476 3846; x_wconf 85' lang='grc' dir='ltr'>τῷ</span> <span class='ocrx_word' id='word_1_529' title='bbox 2518 3774 2646 3843; x_wconf 81' lang='grc' dir='ltr'>θείῳ</span> <span class='ocrx_word' id='word_1_530' title='bbox 2675 3771 2825 3841; x_wconf 74' lang='grc' dir='ltr'>πόθῳ</span> <span class='ocrx_word' id='word_1_531' title='bbox 2866 3771 3117 3841; x_wconf 81' lang='grc' dir='ltr'>τρωθεὶς,</span> <span class='ocrx_word' id='word_1_532' title='bbox 3145 3769 3326 3837; x_wconf 80' lang='grc' dir='ltr'>πάσης</span> <span class='ocrx_word' id='word_1_533' title='bbox 3353 3763 3514 3826; x_wconf 78' lang='grc' dir='ltr'>εὐθὺς</span> <span class='ocrx_word' id='word_1_534' title='bbox 3553 3763 3971 3831; x_wconf 74' lang='grc' dir='ltr'>καταφρονήσας</span> 
     </span>
    </p>
   </div>
   <div class='ocr_carea' id='block_1_73' title="bbox 722 3852 2369 3937">
    <p class='ocr_par' dir='ltr' id='par_1_73' title="bbox 722 3860 2300 3932">
     <span class='ocr_line' id='line_1_74' title="bbox 722 3860 2300 3932; baseline 0.001 -20"><span class='ocrx_word' id='word_1_535' title='bbox 722 3860 925 3914; x_wconf 80' lang='lat' dir='ltr'><strong>caduca</strong></span> <span class='ocrx_word' id='word_1_536' title='bbox 961 3860 1131 3929; x_wconf 78' lang='lat' dir='ltr'><strong>gloria</strong></span> <span class='ocrx_word' id='word_1_537' title='bbox 1179 3869 1518 3929; x_wconf 88' lang='lat' dir='ltr'><strong>contempta;</strong></span> <span class='ocrx_word' id='word_1_538' title='bbox 1553 3862 1949 3932; x_wconf 90' lang='lat' dir='ltr'><strong>splendoreque</strong></span> <span class='ocrx_word' id='word_1_539' title='bbox 1990 3876 2054 3914; x_wconf 92' lang='lat' dir='ltr'><strong>ac</strong></span> <span class='ocrx_word' id='word_1_540' title='bbox 2091 3860 2300 3915; x_wconf 86' lang='lat' dir='ltr'><strong>deliciis</strong></span> 
     </span>
    </p>
   </div>
   <div class='ocr_carea' id='block_1_74' title="bbox 2324 3852 3971 3937">
    <p class='ocr_par' dir='ltr' id='par_1_74' title="bbox 2400 3852 3971 3937">
     <span class='ocr_line' id='line_1_75' title="bbox 2400 3852 3971 3937; baseline -0.008 -18"><span class='ocrx_word' id='word_1_541' title='bbox 2400 3864 2746 3937; x_wconf 82' lang='grc' dir='ltr'>ἀνθρωπίνης</span> <span class='ocrx_word' id='word_1_542' title='bbox 2793 3864 2885 3915; x_wconf 71' lang='grc' dir='ltr'>καὶ</span> <span class='ocrx_word' id='word_1_543' title='bbox 2911 3861 3249 3932; x_wconf 83' lang='grc' dir='ltr'>προσκαίρου</span> <span class='ocrx_word' id='word_1_544' title='bbox 3295 3857 3578 3920; x_wconf 78' lang='grc' dir='ltr'>αἰνέσεως,</span> <span class='ocrx_word' id='word_1_545' title='bbox 3609 3852 3702 3907; x_wconf 82' lang='grc' dir='ltr'>καὶ</span> <span class='ocrx_word' id='word_1_546' title='bbox 3732 3869 3971 3924; x_wconf 77' lang='grc' dir='ltr'>περιφα-</span> 
     </span>
    </p>
   </div>
   <div class='ocr_carea' id='block_1_75' title="bbox 723 3943 2370 4027">
    <p class='ocr_par' dir='ltr' id='par_1_75' title="bbox 723 3950 2301 4020">
     <span class='ocr_line' id='line_1_76' title="bbox 723 3950 2301 4020; baseline 0.001 -17"><span class='ocrx_word' id='word_1_547' title='bbox 723 3952 992 4019; x_wconf 80' lang='lat' dir='ltr'><strong>corporis,</strong></span> <span class='ocrx_word' id='word_1_548' title='bbox 1021 3950 1280 4020; x_wconf 88' lang='lat' dir='ltr'><strong>omnique</strong></span> <span class='ocrx_word' id='word_1_549' title='bbox 1305 3951 1406 4003; x_wconf 92' lang='lat' dir='ltr'><strong>alia</strong></span> <span class='ocrx_word' id='word_1_550' title='bbox 1441 3951 1664 4006; x_wconf 90' lang='lat' dir='ltr'><strong>honoris</strong></span> <span class='ocrx_word' id='word_1_551' title='bbox 1695 3951 2021 4020; x_wconf 88' lang='lat' dir='ltr'><strong>appetentia,</strong></span> <span class='ocrx_word' id='word_1_552' title='bbox 2051 3951 2301 4019; x_wconf 87' lang='lat' dir='ltr'><strong>aulisque</strong></span> 
     </span>
    </p>
   </div>
   <div class='ocr_carea' id='block_1_76' title="bbox 2326 3943 3973 4027">
    <p class='ocr_par' dir='ltr' id='par_1_76' title="bbox 2402 3943 3973 4027">
     <span class='ocr_line' id='line_1_77' title="bbox 2402 3943 3973 4027; baseline -0.01 -16"><span class='ocrx_word' id='word_1_553' title='bbox 2402 3959 2571 4022; x_wconf 88' lang='grc' dir='ltr'>νείας,</span> <span class='ocrx_word' id='word_1_554' title='bbox 2601 3955 2814 4027; x_wconf 81' lang='grc' dir='ltr'>τρυφῆς</span> <span class='ocrx_word' id='word_1_555' title='bbox 2845 3970 2905 4005; x_wconf 89' lang='grc' dir='ltr'><strong>τε</strong></span> <span class='ocrx_word' id='word_1_556' title='bbox 2938 3951 3258 4022; x_wconf 79' lang='grc' dir='ltr'>σωματικῆς</span> <span class='ocrx_word' id='word_1_557' title='bbox 3281 3949 3374 4001; x_wconf 77' lang='grc' dir='ltr'>καὶ</span> <span class='ocrx_word' id='word_1_558' title='bbox 3402 3949 3582 4016; x_wconf 70' lang='grc' dir='ltr'>πάσης</span> <span class='ocrx_word' id='word_1_559' title='bbox 3614 3945 3781 4014; x_wconf 80' lang='grc' dir='ltr'>ἀλλης</span> <span class='ocrx_word' id='word_1_560' title='bbox 3820 3943 3973 4014; x_wconf 78' lang='grc' dir='ltr'>φιλο-</span> 
     </span>
    </p>
   </div>
   <div class='ocr_carea' id='block_1_77' title="bbox 729 4035 2376 4116">
    <p class='ocr_par' dir='ltr' id='par_1_77' title="bbox 729 4041 2302 4114">
     <span class='ocr_line' id='line_1_78' title="bbox 729 4041 2302 4114; baseline -0.001 -18"><span class='ocrx_word' id='word_1_561' title='bbox 729 4044 1121 4110; x_wconf 87' lang='lat' dir='ltr'><strong>imperatorum</strong></span> <span class='ocrx_word' id='word_1_562' title='bbox 1155 4057 1252 4112; x_wconf 92' lang='lat' dir='ltr'><strong>pro</strong></span> <span class='ocrx_word' id='word_1_563' title='bbox 1298 4043 1471 4098; x_wconf 89' lang='lat' dir='ltr'><strong>nihilo</strong></span> <span class='ocrx_word' id='word_1_564' title='bbox 1501 4043 1723 4114; x_wconf 88' lang='lat' dir='ltr'><strong>putatis,</strong></span> <span class='ocrx_word' id='word_1_565' title='bbox 1758 4043 1892 4096; x_wconf 89' lang='lat' dir='ltr'><strong>nihil</strong></span> <span class='ocrx_word' id='word_1_566' title='bbox 1923 4044 2175 4111; x_wconf 89' lang='lat' dir='ltr'><strong>cuiquam</strong></span> <span class='ocrx_word' id='word_1_567' title='bbox 2221 4041 2302 4094; x_wconf 81' lang='lat' dir='ltr'><strong>lo-</strong></span> 
     </span>
    </p>
   </div>
   <div class='ocr_carea' id='block_1_78' title="bbox 2327 4035 3974 4116">
    <p class='ocr_par' dir='ltr' id='par_1_78' title="bbox 2401 4035 3974 4116">
     <span class='ocr_line' id='line_1_79' title="bbox 2401 4035 3974 4116; baseline -0.01 -13"><span class='ocrx_word' id='word_1_568' title='bbox 2401 4049 2598 4115; x_wconf 80' lang='grc' dir='ltr'>δοξίας,</span> <span class='ocrx_word' id='word_1_569' title='bbox 2631 4048 2725 4100; x_wconf 74' lang='grc' dir='ltr'>καὶ</span> <span class='ocrx_word' id='word_1_570' title='bbox 2782 4043 3088 4116; x_wconf 82' lang='grc' dir='ltr'>βασιλείους</span> <span class='ocrx_word' id='word_1_571' title='bbox 3147 4039 3316 4101; x_wconf 75' lang='grc' dir='ltr'>αὐλὰς</span> <span class='ocrx_word' id='word_1_572' title='bbox 3353 4040 3433 4100; x_wconf 85' lang='grc' dir='ltr'><strong>εἰς</strong></span> <span class='ocrx_word' id='word_1_573' title='bbox 3473 4037 3626 4090; x_wconf 74' lang='grc' dir='ltr'>οὐδὲν</span> <span class='ocrx_word' id='word_1_574' title='bbox 3663 4035 3974 4104; x_wconf 80' lang='grc' dir='ltr'>διαλογισά-</span> 
     </span>
    </p>
   </div>
   <div class='ocr_carea' id='block_1_79' title="bbox 725 4126 2372 4212">
    <p class='ocr_par' dir='ltr' id='par_1_79' title="bbox 725 4133 2300 4207">
     <span class='ocr_line' id='line_1_80' title="bbox 725 4133 2300 4207; baseline 0 -21"><span class='ocrx_word' id='word_1_575' title='bbox 725 4144 886 4188; x_wconf 84' lang='lat' dir='ltr'><strong>cutus</strong></span> <span class='ocrx_word' id='word_1_576' title='bbox 937 4133 1322 4188; x_wconf 82' lang='lat' dir='ltr'><strong>Alexandriam</strong></span> <span class='ocrx_word' id='word_1_577' title='bbox 1372 4135 1630 4207; x_wconf 85' lang='lat' dir='ltr'><strong>navigat;</strong></span> <span class='ocrx_word' id='word_1_578' title='bbox 1677 4135 1908 4204; x_wconf 87' lang='lat' dir='ltr'><strong>indeque</strong></span> <span class='ocrx_word' id='word_1_579' title='bbox 1957 4135 2201 4204; x_wconf 91' lang='lat' dir='ltr'><strong>pervenit</strong></span> <span class='ocrx_word' id='word_1_580' title='bbox 2247 4134 2300 4187; x_wconf 92' lang='lat' dir='ltr'><strong>in</strong></span> 
     </span>
    </p>
   </div>
   <div class='ocr_carea' id='block_1_80' title="bbox 2332 4126 3979 4212">
    <p class='ocr_par' dir='ltr' id='par_1_80' title="bbox 2407 4126 3979 4212">
     <span class='ocr_line' id='line_1_81' title="bbox 2407 4126 3979 4212; baseline -0.012 -18"><span class='ocrx_word' id='word_1_581' title='bbox 2407 4159 2596 4212; x_wconf 85' lang='grc' dir='ltr'>μενος,</span> <span class='ocrx_word' id='word_1_582' title='bbox 2661 4137 2851 4209; x_wconf 75' lang='grc' dir='ltr'>μηδενὶ</span> <span class='ocrx_word' id='word_1_583' title='bbox 2908 4136 3074 4206; x_wconf 82' lang='grc' dir='ltr'>μηδὲν</span> <span class='ocrx_word' id='word_1_584' title='bbox 3141 4129 3379 4202; x_wconf 74' lang='grc' dir='ltr'>εἰρηκὼς</span> <span class='ocrx_word' id='word_1_585' title='bbox 3428 4126 3694 4182; x_wconf 81' lang='grc' dir='ltr'>ἀποπλέει</span> <span class='ocrx_word' id='word_1_586' title='bbox 3737 4127 3832 4179; x_wconf 74' lang='grc' dir='ltr'><strong>ἐπὶ</strong></span> <span class='ocrx_word' id='word_1_587' title='bbox 3876 4126 3979 4194; x_wconf 81' lang='grc' dir='ltr'>τὴν</span> 
     </span>
    </p>
   </div>
   <div class='ocr_carea' id='block_1_81' title="bbox 727 4215 2374 4299">
    <p class='ocr_par' dir='ltr' id='par_1_81' title="bbox 727 4227 2373 4299">
     <span class='ocr_line' id='line_1_82' title="bbox 727 4227 2373 4299; baseline -0.001 -18"><span class='ocrx_word' id='word_1_588' title='bbox 727 4227 962 4292; x_wconf 77' lang='lat' dir='ltr'><strong>Scetim;</strong></span> <span class='ocrx_word' id='word_1_589' title='bbox 993 4237 1046 4281; x_wconf 90' lang='lat' dir='ltr'><strong>et</strong></span> <span class='ocrx_word' id='word_1_590' title='bbox 1083 4227 1367 4282; x_wconf 87' lang='lat' dir='ltr'><strong>ecclesiam</strong></span> <span class='ocrx_word' id='word_1_591' title='bbox 1404 4228 1682 4298; x_wconf 87' lang='lat' dir='ltr'><strong>ingressus</strong></span> <span class='ocrx_word' id='word_1_592' title='bbox 1715 4227 1943 4282; x_wconf 87' lang='lat' dir='ltr'><strong>clericos</strong></span> <span class='ocrx_word' id='word_1_593' title='bbox 1975 4227 2120 4296; x_wconf 62' lang='lat'><strong>(38&#39;)</strong></span> <span class='ocrx_word' id='word_1_594' title='bbox 2147 4242 2302 4280; x_wconf 90' lang='lat' dir='ltr'><strong>acce-</strong></span> <span class='ocrx_word' id='word_1_595' title='bbox 2336 4286 2373 4299; x_wconf 38' lang='lat' dir='ltr'><strong>ﬁ</strong></span> 
     </span>
    </p>
   </div>
   <div class='ocr_carea' id='block_1_82' title="bbox 2332 4215 3979 4299">
    <p class='ocr_par' dir='ltr' id='par_1_82' title="bbox 2336 4215 3979 4299">
     <span class='ocr_line' id='line_1_83' title="bbox 2336 4215 3979 4299; baseline -0.012 -13"><span class='ocrx_word' id='word_1_596' title='bbox 2336 4286 2373 4299; x_wconf 77' lang='lat'><em>_</em></span> <span class='ocrx_word' id='word_1_597' title='bbox 2418 4230 2849 4299; x_wconf 65' lang='grc' dir='ltr'>Ἀλεξάνδρειαν,</span> <span class='ocrx_word' id='word_1_598' title='bbox 2900 4225 3156 4280; x_wconf 81' lang='grc' dir='ltr'>κάκεῖθεν</span> <span class='ocrx_word' id='word_1_599' title='bbox 3207 4224 3427 4292; x_wconf 72' lang='grc' dir='ltr'>ἔρχεται</span> <span class='ocrx_word' id='word_1_600' title='bbox 3481 4219 3561 4280; x_wconf 78' lang='grc' dir='ltr'>εἰς</span> <span class='ocrx_word' id='word_1_601' title='bbox 3597 4215 3828 4285; x_wconf 75' lang='grc' dir='ltr'>Σκῆτινο</span> <span class='ocrx_word' id='word_1_602' title='bbox 3881 4215 3979 4268; x_wconf 73' lang='grc' dir='ltr'>καὶ</span> 
     </span>
    </p>
   </div>
   <div class='ocr_carea' id='block_1_83' title="bbox 729 4286 2376 4390">
    <p class='ocr_par' dir='ltr' id='par_1_83' title="bbox 729 4286 2376 4383">
     <span class='ocr_line' id='line_1_84' title="bbox 729 4286 2376 4383; baseline 0.001 -15"><span class='ocrx_word' id='word_1_603' title='bbox 729 4317 832 4379; x_wconf 89' lang='lat' dir='ltr'><strong>dit,</strong></span> <span class='ocrx_word' id='word_1_604' title='bbox 862 4317 1052 4372; x_wconf 88' lang='lat' dir='ltr'><strong>dicens</strong></span> <span class='ocrx_word' id='word_1_605' title='bbox 1086 4337 1099 4371; x_wconf 89' lang='lat'><strong>:</strong></span> <span class='ocrx_word' id='word_1_606' title='bbox 1139 4317 1240 4373; x_wconf 80' lang='lat' dir='ltr'><strong>Per</strong></span> <span class='ocrx_word' id='word_1_607' title='bbox 1273 4317 1590 4383; x_wconf 87' lang='lat' dir='ltr'><strong>Dominum,</strong></span> <span class='ocrx_word' id='word_1_608' title='bbox 1624 4319 1786 4374; x_wconf 79' lang='lat' dir='ltr'><strong>facile</strong></span> <span class='ocrx_word' id='word_1_609' title='bbox 1821 4334 1906 4373; x_wconf 92' lang='lat' dir='ltr'><strong>me</strong></span> <span class='ocrx_word' id='word_1_610' title='bbox 1951 4319 2296 4379; x_wconf 88' lang='lat' dir='ltr'><strong>monachum,</strong></span> <span class='ocrx_word' id='word_1_611' title='bbox 2336 4286 2376 4338; x_wconf 68' lang='grc' dir='ltr'>ο</span> 
     </span>
    </p>
   </div>
   <div class='ocr_carea' id='block_1_84' title="bbox 2332 4286 3979 4390">
    <p class='ocr_par' dir='ltr' id='par_1_84' title="bbox 2336 4286 3979 4390">
     <span class='ocr_line' id='line_1_85' title="bbox 2336 4286 3979 4390; baseline -0.013 -11"><span class='ocrx_word' id='word_1_612' title='bbox 2336 4286 2377 4338; x_wconf 77' lang='lat' dir='ltr'><strong>D</strong></span> <span class='ocrx_word' id='word_1_613' title='bbox 2407 4286 2745 4379; x_wconf 46' lang='lat' dir='ltr'><strong>elcelét‘ovtv</strong></span> <span class='ocrx_word' id='word_1_614' title='bbox 2773 4286 2848 4390; x_wconf 34' lang='grc' dir='ltr'><strong>τῇ,</strong></span> <span class='ocrx_word' id='word_1_615' title='bbox 2866 4317 3150 4387; x_wconf 66' lang='grc' dir='ltr'>ἐκκλησία,</span> <span class='ocrx_word' id='word_1_616' title='bbox 3180 4286 3544 4384; x_wconf 79' lang='grc' dir='ltr'>προσέρχεται</span> <span class='ocrx_word' id='word_1_617' title='bbox 3568 4313 3676 4372; x_wconf 80' lang='grc' dir='ltr'>τοῖς</span> <span class='ocrx_word' id='word_1_618' title='bbox 3700 4308 3979 4378; x_wconf 82' lang='grc' dir='ltr'>κληρικοῖς</span> 
     </span>
    </p>
   </div>
   <div class='ocr_carea' id='block_1_85' title="bbox 731 4398 2378 4484">
    <p class='ocr_par' dir='ltr' id='par_1_85' title="bbox 731 4407 2298 4473">
     <span class='ocr_line' id='line_1_86' title="bbox 731 4407 2298 4473; baseline 0.001 -13"><span class='ocrx_word' id='word_1_619' title='bbox 731 4423 795 4461; x_wconf 87' lang='lat' dir='ltr'><strong>ac</strong></span> <span class='ocrx_word' id='word_1_620' title='bbox 833 4409 973 4461; x_wconf 84' lang='lat' dir='ltr'><strong>viam</strong></span> <span class='ocrx_word' id='word_1_621' title='bbox 1010 4409 1140 4462; x_wconf 91' lang='lat' dir='ltr'><strong>mihi</strong></span> <span class='ocrx_word' id='word_1_622' title='bbox 1164 4411 1454 4473; x_wconf 84' lang='lat' dir='ltr'><strong>ostendite,</strong></span> <span class='ocrx_word' id='word_1_623' title='bbox 1495 4411 1584 4464; x_wconf 91' lang='lat' dir='ltr'><strong>ubi</strong></span> <span class='ocrx_word' id='word_1_624' title='bbox 1611 4411 1792 4466; x_wconf 83' lang='lat' dir='ltr'><strong>salvus</strong></span> <span class='ocrx_word' id='word_1_625' title='bbox 1824 4411 1969 4464; x_wconf 84' lang='lat' dir='ltr'><strong>liam.</strong></span> <span class='ocrx_word' id='word_1_626' title='bbox 2009 4407 2088 4462; x_wconf 89' lang='lat' dir='ltr'><strong>llli</strong></span> <span class='ocrx_word' id='word_1_627' title='bbox 2117 4419 2298 4462; x_wconf 83' lang='lat' dir='ltr'><strong>autem</strong></span> 
     </span>
    </p>
   </div>
   <div class='ocr_carea' id='block_1_86' title="bbox 2331 4398 3978 4484">
    <p class='ocr_par' dir='ltr' id='par_1_86' title="bbox 2409 4398 3978 4484">
     <span class='ocr_line' id='line_1_87' title="bbox 2409 4398 3978 4484; baseline -0.014 -14"><span class='ocrx_word' id='word_1_628' title='bbox 2409 4418 2582 4484; x_wconf 74' lang='grc' dir='ltr'>λέγων</span> <span class='ocrx_word' id='word_1_629' title='bbox 2605 4433 2618 4447; x_wconf 92' lang='grc'><strong>·</strong></span> <span class='ocrx_word' id='word_1_630' title='bbox 2665 4414 2762 4466; x_wconf 83' lang='grc' dir='ltr'>Διά</span> <span class='ocrx_word' id='word_1_631' title='bbox 2801 4412 2893 4465; x_wconf 76' lang='grc' dir='ltr'>τὸν</span> <span class='ocrx_word' id='word_1_632' title='bbox 2926 4409 3152 4480; x_wconf 78' lang='grc' dir='ltr'>Κύριον,</span> <span class='ocrx_word' id='word_1_633' title='bbox 3181 4404 3445 4474; x_wconf 72' lang='grc' dir='ltr'>ποιήσατέ</span> <span class='ocrx_word' id='word_1_634' title='bbox 3493 4419 3559 4472; x_wconf 89' lang='grc' dir='ltr'><strong>με</strong></span> <span class='ocrx_word' id='word_1_635' title='bbox 3605 4399 3857 4470; x_wconf 82' lang='grc' dir='ltr'>μοναχὸν,</span> <span class='ocrx_word' id='word_1_636' title='bbox 3884 4398 3978 4449; x_wconf 78' lang='grc' dir='ltr'>καὶ</span> 
     </span>
    </p>
   </div>
   <div class='ocr_carea' id='block_1_87' title="bbox 737 4484 2384 4576">
    <p class='ocr_par' dir='ltr' id='par_1_87' title="bbox 737 4498 2304 4570">
     <span class='ocr_line' id='line_1_88' title="bbox 737 4498 2304 4570; baseline 0.003 -19"><span class='ocrx_word' id='word_1_637' title='bbox 737 4500 840 4552; x_wconf 87' lang='lat' dir='ltr'><strong>viri</strong></span> <span class='ocrx_word' id='word_1_638' title='bbox 889 4498 1225 4555; x_wconf 83' lang='lat' dir='ltr'><strong>nobilitatem</strong></span> <span class='ocrx_word' id='word_1_639' title='bbox 1275 4517 1338 4555; x_wconf 78' lang='lat' dir='ltr'><strong>ex</strong></span> <span class='ocrx_word' id='word_1_640' title='bbox 1372 4502 1641 4567; x_wconf 90' lang='lat' dir='ltr'><strong>moribus,</strong></span> <span class='ocrx_word' id='word_1_641' title='bbox 1688 4511 1743 4556; x_wconf 90' lang='lat' dir='ltr'><strong>et</strong></span> <span class='ocrx_word' id='word_1_642' title='bbox 1779 4501 1926 4555; x_wconf 87' lang='lat' dir='ltr'><strong>vultu</strong></span> <span class='ocrx_word' id='word_1_643' title='bbox 1963 4512 2017 4557; x_wconf 90' lang='lat' dir='ltr'><strong>et</strong></span> <span class='ocrx_word' id='word_1_644' title='bbox 2064 4501 2304 4570; x_wconf 87' lang='lat' dir='ltr'><strong>alloquio</strong></span> 
     </span>
    </p>
   </div>
   <div class='ocr_carea' id='block_1_88' title="bbox 2331 4484 3978 4576">
    <p class='ocr_par' dir='ltr' id='par_1_88' title="bbox 2407 4484 3978 4576">
     <span class='ocr_line' id='line_1_89' title="bbox 2407 4484 3978 4576; baseline -0.014 -17"><span class='ocrx_word' id='word_1_645' title='bbox 2407 4504 2712 4576; x_wconf 79' lang='grc' dir='ltr'>ὁδηγὴσατὲ</span> <span class='ocrx_word' id='word_1_646' title='bbox 2744 4518 2811 4572; x_wconf 86' lang='grc' dir='ltr'><strong>με</strong></span> <span class='ocrx_word' id='word_1_647' title='bbox 2846 4498 2962 4561; x_wconf 83' lang='grc' dir='ltr'>πῶς</span> <span class='ocrx_word' id='word_1_648' title='bbox 2993 4494 3172 4549; x_wconf 83' lang='grc' dir='ltr'>σωθῶ.</span> <span class='ocrx_word' id='word_1_649' title='bbox 3215 4495 3279 4546; x_wconf 79' lang='lat' dir='ltr'><strong>Ol</strong></span> <span class='ocrx_word' id='word_1_650' title='bbox 3324 4493 3382 4545; x_wconf 78' lang='grc' dir='ltr'>δὲ</span> <span class='ocrx_word' id='word_1_651' title='bbox 3424 4494 3527 4559; x_wconf 74' lang='grc' dir='ltr'>τὴν</span> <span class='ocrx_word' id='word_1_652' title='bbox 3558 4489 3838 4556; x_wconf 78' lang='grc' dir='ltr'>εὐγένειαν</span> <span class='ocrx_word' id='word_1_653' title='bbox 3883 4484 3978 4538; x_wconf 89' lang='grc' dir='ltr'><strong>τοῦ</strong></span> 
     </span>
    </p>
   </div>
   <div class='ocr_carea' id='block_1_89' title="bbox 733 4576 2380 4667">
    <p class='ocr_par' dir='ltr' id='par_1_89' title="bbox 733 4591 2306 4664">
     <span class='ocr_line' id='line_1_90' title="bbox 733 4591 2306 4664; baseline 0.003 -20"><span class='ocrx_word' id='word_1_654' title='bbox 733 4591 1124 4659; x_wconf 78' lang='lat' dir='ltr'><strong>t-oujectantes,</strong></span> <span class='ocrx_word' id='word_1_655' title='bbox 1167 4595 1484 4663; x_wconf 60' lang='lat' dir='ltr'><strong>qua&#39;rebaut</strong></span> <span class='ocrx_word' id='word_1_656' title='bbox 1525 4609 1592 4648; x_wconf 81' lang='lat' dir='ltr'><strong>ex</strong></span> <span class='ocrx_word' id='word_1_657' title='bbox 1634 4609 1720 4657; x_wconf 92' lang='lat' dir='ltr'><strong>eo,</strong></span> <span class='ocrx_word' id='word_1_658' title='bbox 1763 4594 2012 4664; x_wconf 84' lang='lat' dir='ltr'><strong>quisnam</strong></span> <span class='ocrx_word' id='word_1_659' title='bbox 2055 4603 2110 4648; x_wconf 90' lang='lat' dir='ltr'><strong>et</strong></span> <span class='ocrx_word' id='word_1_660' title='bbox 2150 4594 2306 4662; x_wconf 88' lang='lat' dir='ltr'><strong>cujus</strong></span> 
     </span>
    </p>
   </div>
   <div class='ocr_carea' id='block_1_90' title="bbox 2333 4576 3980 4667">
    <p class='ocr_par' dir='ltr' id='par_1_90' title="bbox 2413 4576 3980 4667">
     <span class='ocr_line' id='line_1_91' title="bbox 2413 4576 3980 4667; baseline -0.015 -15"><span class='ocrx_word' id='word_1_661' title='bbox 2413 4598 2602 4667; x_wconf 78' lang='grc' dir='ltr'>ἀνδρὸς</span> <span class='ocrx_word' id='word_1_662' title='bbox 2635 4596 2700 4648; x_wconf 83' lang='grc' dir='ltr'>ὲκ</span> <span class='ocrx_word' id='word_1_663' title='bbox 2729 4593 2821 4646; x_wconf 86' lang='grc' dir='ltr'><strong>τοῦ</strong></span> <span class='ocrx_word' id='word_1_664' title='bbox 2852 4591 3040 4662; x_wconf 73' lang='grc' dir='ltr'>ἡθους,</span> <span class='ocrx_word' id='word_1_665' title='bbox 3097 4587 3192 4640; x_wconf 65' lang='grc' dir='ltr'><strong>κα)⁵</strong></span> <span class='ocrx_word' id='word_1_666' title='bbox 3247 4585 3342 4638; x_wconf 89' lang='grc' dir='ltr'><strong>τοῦ</strong></span> <span class='ocrx_word' id='word_1_667' title='bbox 3391 4583 3708 4653; x_wconf 81' lang='grc' dir='ltr'>προσώπου,</span> <span class='ocrx_word' id='word_1_668' title='bbox 3750 4579 3843 4632; x_wconf 78' lang='grc' dir='ltr'>καὶ</span> <span class='ocrx_word' id='word_1_669' title='bbox 3881 4576 3980 4645; x_wconf 79' lang='grc' dir='ltr'>τῆς</span> 
     </span>
    </p>
   </div>
   <div class='ocr_carea' id='block_1_91' title="bbox 732 4671 2379 4758">
    <p class='ocr_par' dir='ltr' id='par_1_91' title="bbox 732 4681 2308 4754">
     <span class='ocr_line' id='line_1_92' title="bbox 732 4681 2308 4754; baseline 0.003 -19"><span class='ocrx_word' id='word_1_670' title='bbox 732 4691 898 4738; x_wconf 64' lang='grc' dir='ltr'>γεδει.</span> <span class='ocrx_word' id='word_1_671' title='bbox 936 4681 986 4738; x_wconf 90' lang='lat' dir='ltr'><strong>ls</strong></span> <span class='ocrx_word' id='word_1_672' title='bbox 1021 4700 1145 4738; x_wconf 90' lang='lat' dir='ltr'><strong>cum</strong></span> <span class='ocrx_word' id='word_1_673' title='bbox 1192 4686 1369 4754; x_wconf 83' lang='lat' dir='ltr'><strong>primo</strong></span> <span class='ocrx_word' id='word_1_674' title='bbox 1401 4686 1684 4749; x_wconf 88' lang='lat' dir='ltr'><strong>abnueret,</strong></span> <span class='ocrx_word' id='word_1_675' title='bbox 1727 4685 2039 4754; x_wconf 88' lang='lat' dir='ltr'><strong>diceretque</strong></span> <span class='ocrx_word' id='word_1_676' title='bbox 2081 4702 2094 4737; x_wconf 93' lang='lat'><strong>:</strong></span> <span class='ocrx_word' id='word_1_677' title='bbox 2131 4685 2308 4740; x_wconf 85' lang='lat' dir='ltr'><strong>Homo</strong></span> 
     </span>
    </p>
   </div>
   <div class='ocr_carea' id='block_1_92' title="bbox 2336 4671 3983 4758">
    <p class='ocr_par' dir='ltr' id='par_1_92' title="bbox 2416 4671 3983 4758">
     <span class='ocr_line' id='line_1_93' title="bbox 2416 4671 3983 4758; baseline -0.013 -16"><span class='ocrx_word' id='word_1_678' title='bbox 2416 4689 2702 4758; x_wconf 79' lang='grc' dir='ltr'>συντυχίας</span> <span class='ocrx_word' id='word_1_679' title='bbox 2728 4683 3122 4754; x_wconf 75' lang='grc' dir='ltr'>στοχασάμενοι</span> <span class='ocrx_word' id='word_1_680' title='bbox 3147 4678 3408 4748; x_wconf 74' lang='grc' dir='ltr'>ἐξήταζον</span> <span class='ocrx_word' id='word_1_681' title='bbox 3435 4675 3618 4739; x_wconf 79' lang='grc' dir='ltr'>αὐτὸν,</span> <span class='ocrx_word' id='word_1_682' title='bbox 3652 4673 3738 4734; x_wconf 85' lang='grc' dir='ltr'><strong>τίς</strong></span> <span class='ocrx_word' id='word_1_683' title='bbox 3773 4672 3857 4740; x_wconf 74' lang='grc' dir='ltr'><strong>εἴη</strong></span> <span class='ocrx_word' id='word_1_684' title='bbox 3891 4671 3983 4721; x_wconf 75' lang='grc' dir='ltr'>καὶ</span> 
     </span>
    </p>
   </div>
   <div class='ocr_carea' id='block_1_93' title="bbox 735 4763 2382 4848">
    <p class='ocr_par' dir='ltr' id='par_1_93' title="bbox 735 4776 2306 4848">
     <span class='ocr_line' id='line_1_94' title="bbox 735 4776 2306 4848; baseline 0.003 -20"><span class='ocrx_word' id='word_1_685' title='bbox 735 4791 854 4829; x_wconf 92' lang='lat' dir='ltr'><strong>sum</strong></span> <span class='ocrx_word' id='word_1_686' title='bbox 888 4776 1204 4846; x_wconf 85' lang='lat' dir='ltr'><strong>peregrinus</strong></span> <span class='ocrx_word' id='word_1_687' title='bbox 1231 4787 1281 4831; x_wconf 89' lang='lat' dir='ltr'><strong>et</strong></span> <span class='ocrx_word' id='word_1_688' title='bbox 1313 4777 1579 4848; x_wconf 89' lang='lat' dir='ltr'><strong>ahjectus,</strong></span> <span class='ocrx_word' id='word_1_689' title='bbox 1610 4777 1700 4846; x_wconf 88' lang='lat' dir='ltr'><strong>qui</strong></span> <span class='ocrx_word' id='word_1_690' title='bbox 1732 4777 1915 4832; x_wconf 87' lang='lat' dir='ltr'><strong>salvus</strong></span> <span class='ocrx_word' id='word_1_691' title='bbox 1947 4777 2058 4832; x_wconf 82' lang='lat' dir='ltr'><strong>ﬁeri</strong></span> <span class='ocrx_word' id='word_1_692' title='bbox 2090 4793 2306 4846; x_wconf 68' lang='lat' dir='ltr'><strong>quaero;</strong></span> 
     </span>
    </p>
   </div>
   <div class='ocr_carea' id='block_1_94' title="bbox 2334 4763 3981 4848">
    <p class='ocr_par' dir='ltr' id='par_1_94' title="bbox 2415 4763 3981 4847">
     <span class='ocr_line' id='line_1_95' title="bbox 2415 4763 3981 4847; baseline -0.014 -13"><span class='ocrx_word' id='word_1_693' title='bbox 2415 4780 2600 4834; x_wconf 75' lang='grc' dir='ltr'>πόθεν.</span> <span class='ocrx_word' id='word_1_694' title='bbox 2644 4774 3005 4847; x_wconf 75' lang='grc' dir='ltr'>’Δρνουμένου</span> <span class='ocrx_word' id='word_1_695' title='bbox 3037 4772 3093 4825; x_wconf 85' lang='grc' dir='ltr'>δὲ</span> <span class='ocrx_word' id='word_1_696' title='bbox 3122 4769 3286 4823; x_wconf 82' lang='grc' dir='ltr'>αὑτοῦ</span> <span class='ocrx_word' id='word_1_697' title='bbox 3319 4769 3387 4821; x_wconf 70' lang='grc' dir='ltr'>τὰ</span> <span class='ocrx_word' id='word_1_698' title='bbox 3421 4766 3635 4836; x_wconf 83' lang='grc' dir='ltr'>πρῶτα,</span> <span class='ocrx_word' id='word_1_699' title='bbox 3675 4765 3770 4817; x_wconf 73' lang='grc' dir='ltr'>καὶ</span> <span class='ocrx_word' id='word_1_700' title='bbox 3796 4763 3981 4828; x_wconf 74' lang='grc' dir='ltr'>λέγον-</span> 
     </span>
    </p>
   </div>
   <div class='ocr_carea' id='block_1_95' title="bbox 733 4851 2380 4940">
    <p class='ocr_par' dir='ltr' id='par_1_95' title="bbox 733 4866 2311 4940">
     <span class='ocr_line' id='line_1_96' title="bbox 733 4866 2311 4940; baseline 0.004 -21"><span class='ocrx_word' id='word_1_701' title='bbox 733 4866 820 4921; x_wconf 78' lang='lat' dir='ltr'><strong>vix</strong></span> <span class='ocrx_word' id='word_1_702' title='bbox 854 4867 1070 4924; x_wconf 85' lang='lat' dir='ltr'><strong>tandem</strong></span> <span class='ocrx_word' id='word_1_703' title='bbox 1105 4867 1154 4923; x_wconf 88' lang='lat' dir='ltr'><strong>ei</strong></span> <span class='ocrx_word' id='word_1_704' title='bbox 1193 4870 1519 4937; x_wconf 86' lang='lat' dir='ltr'><strong>persuadere</strong></span> <span class='ocrx_word' id='word_1_705' title='bbox 1550 4880 1843 4940; x_wconf 84' lang='lat' dir='ltr'><strong>potuerunt</strong></span> <span class='ocrx_word' id='word_1_706' title='bbox 1878 4879 1954 4936; x_wconf 93' lang='lat' dir='ltr'><strong>ut,</strong></span> <span class='ocrx_word' id='word_1_707' title='bbox 1995 4885 2116 4940; x_wconf 63' lang='lat' dir='ltr'><strong>quae</strong></span> <span class='ocrx_word' id='word_1_708' title='bbox 2143 4870 2209 4925; x_wconf 88' lang='lat' dir='ltr'><strong>ad</strong></span> <span class='ocrx_word' id='word_1_709' title='bbox 2251 4885 2311 4926; x_wconf 84' lang='lat' dir='ltr'><strong>se</strong></span> 
     </span>
    </p>
   </div>
   <div class='ocr_carea' id='block_1_96' title="bbox 2338 4851 3985 4940">
    <p class='ocr_par' dir='ltr' id='par_1_96' title="bbox 2416 4851 3985 4939">
     <span class='ocr_line' id='line_1_97' title="bbox 2416 4851 3985 4939; baseline -0.015 -12"><span class='ocrx_word' id='word_1_710' title='bbox 2416 4889 2538 4936; x_wconf 87' lang='grc' dir='ltr'>τος,</span> <span class='ocrx_word' id='word_1_711' title='bbox 2562 4872 2643 4925; x_wconf 82' lang='grc' dir='ltr'>ὅτι</span> <span class='ocrx_word' id='word_1_712' title='bbox 2678 4865 3000 4939; x_wconf 82' lang='grc' dir='ltr'>’Δνθρωπός</span> <span class='ocrx_word' id='word_1_713' title='bbox 3029 4863 3143 4933; x_wconf 83' lang='grc' dir='ltr'>είμι</span> <span class='ocrx_word' id='word_1_714' title='bbox 3172 4861 3322 4929; x_wconf 70' lang='grc' dir='ltr'>ξένος</span> <span class='ocrx_word' id='word_1_715' title='bbox 3349 4859 3441 4914; x_wconf 75' lang='grc' dir='ltr'>καὶ</span> <span class='ocrx_word' id='word_1_716' title='bbox 3464 4855 3717 4918; x_wconf 72' lang='grc' dir='ltr'>ταπεινὸς</span> <span class='ocrx_word' id='word_1_717' title='bbox 3747 4851 3985 4922; x_wconf 78' lang='grc' dir='ltr'>σωθῆναι</span> 
     </span>
    </p>
   </div>
   <div class='ocr_carea' id='block_1_97' title="bbox 2244 5076 2477 5136">
    <p class='ocr_par' dir='ltr' id='par_1_97' title="bbox 2244 5076 2477 5136">
     <span class='ocr_line' id='line_1_98' title="bbox 2244 5076 2477 5136; baseline 0.026 -6"><span class='ocrx_word' id='word_1_718' title='bbox 2244 5076 2477 5136; x_wconf 72' lang='grc' dir='ltr'><strong>ΝΟΤιΕ.</strong></span> 
     </span>
    </p>
   </div>
   <div class='ocr_carea' id='block_1_98' title="bbox 810 5264 3990 5358">
    <p class='ocr_par' dir='ltr' id='par_1_98' title="bbox 810 5264 3990 5358">
     <span class='ocr_line' id='line_1_99' title="bbox 810 5264 3990 5358; baseline -0.004 -16"><span class='ocrx_word' id='word_1_719' title='bbox 810 5286 924 5353; x_wconf 76' lang='lat'><strong>(37)</strong></span> <span class='ocrx_word' id='word_1_720' title='bbox 968 5285 1193 5342; x_wconf 79' lang='lat' dir='ltr'><strong>Videtur</strong></span> <span class='ocrx_word' id='word_1_721' title='bbox 1217 5297 1406 5342; x_wconf 88' lang='lat' dir='ltr'><strong>auctor</strong></span> <span class='ocrx_word' id='word_1_722' title='bbox 1437 5287 1569 5341; x_wconf 85' lang='lat' dir='ltr'><strong>nihil</strong></span> <span class='ocrx_word' id='word_1_723' title='bbox 1599 5289 1743 5344; x_wconf 86' lang='lat' dir='ltr'><strong>aliud</strong></span> <span class='ocrx_word' id='word_1_724' title='bbox 1785 5288 1942 5352; x_wconf 88' lang='lat' dir='ltr'><strong>velle,</strong></span> <span class='ocrx_word' id='word_1_725' title='bbox 1967 5303 2129 5358; x_wconf 92' lang='lat' dir='ltr'><strong>quam</strong></span> <span class='ocrx_word' id='word_1_726' title='bbox 2158 5289 2315 5358; x_wconf 84' lang='lat' dir='ltr'><strong>stipi-</strong></span> <span class='ocrx_word' id='word_1_727' title='bbox 2417 5305 2538 5358; x_wconf 84' lang='lat' dir='ltr'><strong>cap.</strong></span> <span class='ocrx_word' id='word_1_728' title='bbox 2603 5287 2658 5358; x_wconf 73' lang='lat'><strong>2,</strong></span> <span class='ocrx_word' id='word_1_729' title='bbox 2717 5301 2890 5358; x_wconf 39' lang='lat' dir='ltr'><strong>pag.”</strong></span> <span class='ocrx_word' id='word_1_730' title='bbox 2914 5283 3038 5348; x_wconf 77' lang='lat'><strong>565,</strong></span> <span class='ocrx_word' id='word_1_731' title='bbox 3066 5296 3234 5358; x_wconf 63' lang='lat' dir='ltr'><strong>nunl.</strong></span> <span class='ocrx_word' id='word_1_732' title='bbox 3280 5276 3364 5358; x_wconf 73' lang='lat'><strong>2._</strong></span> <span class='ocrx_word' id='word_1_733' title='bbox 3391 5264 3990 5358; x_wconf 49' lang='grc' dir='ltr'><strong>ρειηαίθνξςξξιξηνξξπ</strong></span> 
     </span>
    </p>
   </div>
   <div class='ocr_carea' id='block_1_99' title="bbox 739 5346 3989 5434">
    <p class='ocr_par' dir='ltr' id='par_1_99' title="bbox 739 5346 3989 5434">
     <span class='ocr_line' id='line_1_100' title="bbox 739 5346 3989 5434; baseline -0.005 -20"><span class='ocrx_word' id='word_1_734' title='bbox 739 5346 848 5414; x_wconf 81' lang='lat' dir='ltr'><strong>tem</strong></span> <span class='ocrx_word' id='word_1_735' title='bbox 883 5346 1102 5434; x_wconf 72' lang='lat' dir='ltr'><strong>familiae</strong></span> <span class='ocrx_word' id='word_1_736' title='bbox 1134 5359 1308 5434; x_wconf 72' lang='lat' dir='ltr'><strong>sancti</strong></span> <span class='ocrx_word' id='word_1_737' title='bbox 1363 5361 1680 5434; x_wconf 75' lang='lat' dir='ltr'><strong>priuuevum</strong></span> <span class='ocrx_word' id='word_1_738' title='bbox 1706 5361 1767 5434; x_wconf 82' lang='lat' dir='ltr'><strong>in</strong></span> <span class='ocrx_word' id='word_1_739' title='bbox 1797 5346 2197 5430; x_wconf 60' lang='lat' dir='ltr'><strong>plures&#39;postea</strong></span> <span class='ocrx_word' id='word_1_740' title='bbox 2227 5346 2315 5434; x_wconf 75' lang='lat' dir='ltr'><strong>ra-</strong></span> <span class='ocrx_word' id='word_1_741' title='bbox 2418 5346 2594 5434; x_wconf 74' lang='lat' dir='ltr'><strong>sancti</strong></span> <span class='ocrx_word' id='word_1_742' title='bbox 2623 5346 3152 5434; x_wconf 57' lang='lat' dir='ltr'><strong>pogtiinilierguijta:</strong></span> <span class='ocrx_word' id='word_1_743' title='bbox 3180 5346 3989 5434; x_wconf 39' lang='grc' dir='ltr'>ϐαπιαιιριιιειιξξξἐξιξιςξῖᾼιιζ</span> 
     </span>
    </p>
   </div>
   <div class='ocr_carea' id='block_1_100' title="bbox 740 5418 3990 5498">
    <p class='ocr_par' dir='ltr' id='par_1_100' title="bbox 740 5418 3990 5498">
     <span class='ocr_line' id='line_1_101' title="bbox 740 5418 3990 5498; baseline -0.006 -13"><span class='ocrx_word' id='word_1_744' title='bbox 740 5445 863 5485; x_wconf 90' lang='lat' dir='ltr'><strong>mos</strong></span> <span class='ocrx_word' id='word_1_745' title='bbox 917 5428 1153 5482; x_wconf 90' lang='lat' dir='ltr'><strong>divisum</strong></span> <span class='ocrx_word' id='word_1_746' title='bbox 1213 5418 1422 5493; x_wconf 75' lang='lat' dir='ltr'><strong>fuisse;</strong></span> <span class='ocrx_word' id='word_1_747' title='bbox 1479 5446 1609 5484; x_wconf 91' lang='lat' dir='ltr'><strong>usus</strong></span> <span class='ocrx_word' id='word_1_748' title='bbox 1666 5431 1773 5491; x_wconf 90' lang='lat' dir='ltr'><strong>hic.</strong></span> <span class='ocrx_word' id='word_1_749' title='bbox 1798 5418 2095 5498; x_wconf 58' lang='lat' dir='ltr'><strong>&#39;quantum</strong></span> <span class='ocrx_word' id='word_1_750' title='bbox 2133 5429 2316 5498; x_wconf 88' lang='lat' dir='ltr'><strong>suspi-</strong></span> <span class='ocrx_word' id='word_1_751' title='bbox 2421 5427 2578 5484; x_wconf 91' lang='lat' dir='ltr'><strong>moll</strong></span> <span class='ocrx_word' id='word_1_752' title='bbox 2613 5418 2794 5498; x_wconf 77' lang='lat' dir='ltr'><strong>Junii,</strong></span> <span class='ocrx_word' id='word_1_753' title='bbox 2818 5441 2940 5494; x_wconf 88' lang='lat' dir='ltr'><strong>pag.</strong></span> <span class='ocrx_word' id='word_1_754' title='bbox 2974 5422 3100 5486; x_wconf 73' lang='grc'>556,</span> <span class='ocrx_word' id='word_1_755' title='bbox 3149 5435 3298 5475; x_wconf 90' lang='lat' dir='ltr'><strong>num.</strong></span> <span class='ocrx_word' id='word_1_756' title='bbox 3469 5425 3748 5498; x_wconf 73' lang='lat' dir='ltr'><strong>secessum</strong></span> <span class='ocrx_word' id='word_1_757' title='bbox 3783 5422 3990 5498; x_wconf 40' lang='lat' dir='ltr'><strong>eluant</strong></span> 
     </span>
    </p>
   </div>
   <div class='ocr_carea' id='block_1_101' title="bbox 739 5492 3991 5572">
    <p class='ocr_par' dir='ltr' id='par_1_101' title="bbox 739 5492 3991 5572">
     <span class='ocr_line' id='line_1_102' title="bbox 739 5492 3991 5572; baseline -0.002 -18"><span class='ocrx_word' id='word_1_758' title='bbox 739 5517 856 5572; x_wconf 87' lang='lat' dir='ltr'><strong>cor,</strong></span> <span class='ocrx_word' id='word_1_759' title='bbox 885 5500 968 5552; x_wconf 88' lang='lat' dir='ltr'><strong>vel</strong></span> <span class='ocrx_word' id='word_1_760' title='bbox 1007 5499 1192 5569; x_wconf 86' lang='lat' dir='ltr'><strong>phrasi</strong></span> <span class='ocrx_word' id='word_1_761' title='bbox 1253 5492 1416 5554; x_wconf 87' lang='lat' dir='ltr'><strong>istius</strong></span> <span class='ocrx_word' id='word_1_762' title='bbox 1447 5501 1724 5571; x_wconf 84' lang='lat' dir='ltr'><strong>temporis,</strong></span> <span class='ocrx_word' id='word_1_763' title='bbox 1773 5492 1862 5555; x_wconf 80' lang='lat' dir='ltr'><strong>vel</strong></span> <span class='ocrx_word' id='word_1_764' title='bbox 1902 5501 2168 5570; x_wconf 68' lang='lat' dir='ltr'><strong>partemia</strong></span> <span class='ocrx_word' id='word_1_765' title='bbox 2198 5492 2313 5553; x_wconf 80' lang='lat' dir='ltr'><strong>tum</strong></span> <span class='ocrx_word' id='word_1_766' title='bbox 2419 5515 2664 5554; x_wconf 87' lang='lat' dir='ltr'><strong>eremum</strong></span> <span class='ocrx_word' id='word_1_767' title='bbox 2705 5492 3118 5572; x_wconf 66' lang='lat' dir='ltr'><strong>Dobrovensetu</strong></span> <span class='ocrx_word' id='word_1_768' title='bbox 3164 5497 3382 5572; x_wconf 28' lang='lat' dir='ltr'><strong>cnaOt&#39;ral.</strong></span> <span class='ocrx_word' id='word_1_769' title='bbox 3426 5505 3450 5572; x_wconf 51' lang='grc' dir='ltr'>,ι</span> <span class='ocrx_word' id='word_1_770' title='bbox 3480 5494 3774 5572; x_wconf 48' lang='lat' dir='ltr'><strong>lfllflfﬁfl“</strong></span> <span class='ocrx_word' id='word_1_771' title='bbox 3793 5492 3991 5572; x_wconf 27' lang='lat'><strong>{[513}:</strong></span> 
     </span>
    </p>
   </div>
   <div class='ocr_carea' id='block_1_102' title="bbox 741 5556 3991 5634">
    <p class='ocr_par' dir='ltr' id='par_1_102' title="bbox 741 5556 3991 5634">
     <span class='ocr_line' id='line_1_103' title="bbox 741 5556 3991 5634; baseline -0.008 -10"><span class='ocrx_word' id='word_1_772' title='bbox 741 5556 962 5624; x_wconf 71' lang='lat' dir='ltr'><strong>usitata.</strong></span> <span class='ocrx_word' id='word_1_773' title='bbox 1007 5556 1023 5569; x_wconf 83' lang='grc'><em>’</em></span> <span class='ocrx_word' id='word_1_774' title='bbox 1559 5556 1573 5571; x_wconf 88' lang='grc'><em>’</em></span> <span class='ocrx_word' id='word_1_775' title='bbox 1710 5556 1724 5568; x_wconf 78' lang='grc'><em>’</em></span> <span class='ocrx_word' id='word_1_776' title='bbox 1902 5556 1920 5570; x_wconf 81' lang='grc'><em>’</em></span> <span class='ocrx_word' id='word_1_777' title='bbox 2421 5579 2541 5624; x_wconf 81' lang='lat' dir='ltr'><strong>ctus</strong></span> <span class='ocrx_word' id='word_1_778' title='bbox 2577 5583 2762 5622; x_wconf 86' lang='lat' dir='ltr'><strong>vocem</strong></span> <span class='ocrx_word' id='word_1_779' title='bbox 2808 5566 3016 5634; x_wconf 85' lang='lat' dir='ltr'><strong>lapsam</strong></span> <span class='ocrx_word' id='word_1_780' title='bbox 3067 5561 3333 5634; x_wconf 84' lang='lat' dir='ltr'><strong>divinitus</strong></span> <span class='ocrx_word' id='word_1_781' title='bbox 3375 5557 3440 5610; x_wconf 89' lang='lat' dir='ltr'><strong>ad</strong></span> <span class='ocrx_word' id='word_1_782' title='bbox 3487 5556 3777 5634; x_wconf 45' lang='lat' dir='ltr'><strong>hrseuiutu</strong></span> <span class='ocrx_word' id='word_1_783' title='bbox 3812 5556 3864 5634; x_wconf 77' lang='lat' dir='ltr'><strong>in</strong></span> <span class='ocrx_word' id='word_1_784' title='bbox 3897 5565 3991 5634; x_wconf 67' lang='lat' dir='ltr'><strong>sua</strong></span> 
     </span>
    </p>
   </div>
   <div class='ocr_carea' id='block_1_103' title="bbox 813 5619 2460 5711">
    <p class='ocr_par' dir='ltr' id='par_1_103' title="bbox 813 5619 2460 5711">
     <span class='ocr_line' id='line_1_104' title="bbox 813 5619 2460 5711; baseline 0 -20"><span class='ocrx_word' id='word_1_785' title='bbox 991 5639 1293 5708; x_wconf 83' lang='grc' dir='ltr'>Διηνεκῶς·</span> <span class='ocrx_word' id='word_1_786' title='bbox 1326 5641 1560 5696; x_wconf 88' lang='lat' dir='ltr'><strong>subaudi</strong></span> <span class='ocrx_word' id='word_1_787' title='bbox 1596 5642 1798 5711; x_wconf 81' lang='grc' dir='ltr'>ἔμεινε,</span> <span class='ocrx_word' id='word_1_788' title='bbox 1830 5640 1905 5711; x_wconf 77' lang='grc' dir='ltr'>ὣν</span> <span class='ocrx_word' id='word_1_789' title='bbox 1948 5641 2035 5695; x_wconf 87' lang='lat' dir='ltr'><strong>vel</strong></span> <span class='ocrx_word' id='word_1_790' title='bbox 2081 5640 2217 5711; x_wconf 10' lang='lat' dir='ltr'><strong>quid,</strong></span> <span class='ocrx_word' id='word_1_791' title='bbox 2243 5640 2317 5693; x_wconf 92' lang='lat' dir='ltr'><strong>si-</strong></span> <span class='ocrx_word' id='word_1_792' title='bbox 2422 5619 2460 5691; x_wconf 59' lang='lat'><strong>6;</strong></span> 
     </span>
    </p>
   </div>
   <div class='ocr_carea' id='block_1_104' title="bbox 2342 5619 3989 5711">
    <p class='ocr_par' dir='ltr' id='par_1_104' title="bbox 2422 5619 3989 5693">
     <span class='ocr_line' id='line_1_105' title="bbox 2422 5619 3989 5693; baseline -0.014 -2"><span class='ocrx_word' id='word_1_793' title='bbox 2422 5619 3031 5693; x_wconf 15' lang='lat' dir='ltr'><strong>vorationeVaudivisset</strong></span> <span class='ocrx_word' id='word_1_794' title='bbox 3062 5651 3074 5686; x_wconf 91' lang='lat'>:</span> <span class='ocrx_word' id='word_1_795' title='bbox 3108 5631 3306 5686; x_wconf 84' lang='lat' dir='ltr'><strong>Arseni</strong></span> <span class='ocrx_word' id='word_1_796' title='bbox 3330 5625 3598 5682; x_wconf 91' lang='lat' dir='ltr'><strong>tumultus</strong></span> <span class='ocrx_word' id='word_1_797' title='bbox 3628 5621 3774 5692; x_wconf 76' lang='lat' dir='ltr'><strong>fuge,</strong></span> <span class='ocrx_word' id='word_1_798' title='bbox 3806 5628 3859 5672; x_wconf 93' lang='lat' dir='ltr'><strong>et</strong></span> <span class='ocrx_word' id='word_1_799' title='bbox 3884 5619 3989 5672; x_wconf 78' lang='lat' dir='ltr'><strong>sal-</strong></span> 
     </span>
    </p>
   </div>
   <div class='ocr_carea' id='block_1_105' title="bbox 745 5709 2392 5783">
    <p class='ocr_par' dir='ltr' id='par_1_105' title="bbox 745 5709 2306 5783">
     <span class='ocr_line' id='line_1_106' title="bbox 745 5709 2306 5783; baseline -0.002 -18"><span class='ocrx_word' id='word_1_800' title='bbox 745 5712 892 5783; x_wconf 70' lang='lat' dir='ltr'><strong>niile.</strong></span> <span class='ocrx_word' id='word_1_801' title='bbox 916 5709 1077 5783; x_wconf 80' lang='lat' dir='ltr'><strong>_Apud</strong></span> <span class='ocrx_word' id='word_1_802' title='bbox 1119 5711 1445 5783; x_wconf 57' lang='lat' dir='ltr'><strong>Cotelerium</strong></span> <span class='ocrx_word' id='word_1_803' title='bbox 1476 5709 1775 5783; x_wconf 58' lang='lat' dir='ltr'><strong>legq:&quot;Ett</strong></span> <span class='ocrx_word' id='word_1_804' title='bbox 1815 5710 1889 5764; x_wconf 83' lang='grc' dir='ltr'>ὢν</span> <span class='ocrx_word' id='word_1_805' title='bbox 1929 5713 1987 5764; x_wconf 84' lang='grc' dir='ltr'>ἐν</span> <span class='ocrx_word' id='word_1_806' title='bbox 2015 5713 2092 5781; x_wconf 75' lang='grc' dir='ltr'>τῷ</span> <span class='ocrx_word' id='word_1_807' title='bbox 2130 5710 2306 5763; x_wconf 83' lang='grc' dir='ltr'>παλα-</span> 
     </span>
    </p>
   </div>
   <div class='ocr_carea' id='block_1_106' title="bbox 1721 5709 3368 5783">
    <p class='ocr_par' dir='ltr' id='par_1_106' title="bbox 1721 5710 3368 5783">
     <span class='ocr_line' id='line_1_107' title="bbox 1721 5710 3368 5783; baseline 0.005 -19"><span class='ocrx_word' id='word_1_808' title='bbox 1721 5716 1775 5764; x_wconf 77' lang='lat' dir='ltr'><strong>tt</strong></span> <span class='ocrx_word' id='word_1_809' title='bbox 1815 5710 1889 5764; x_wconf 83' lang='grc' dir='ltr'>ὢν</span> <span class='ocrx_word' id='word_1_810' title='bbox 1929 5713 2092 5781; x_wconf 84' lang='grc' dir='ltr'>ἐντῴ</span> <span class='ocrx_word' id='word_1_811' title='bbox 2130 5710 2306 5763; x_wconf 82' lang='grc' dir='ltr'>παλα-</span> <span class='ocrx_word' id='word_1_812' title='bbox 2414 5711 2714 5783; x_wconf 44' lang='lat' dir='ltr'><strong>\ahet&#39;is.)</strong></span> <span class='ocrx_word' id='word_1_813' title='bbox 2819 5779 2830 5783; x_wconf 91' lang='lat'>_</span> <span class='ocrx_word' id='word_1_814' title='bbox 2902 5777 2912 5783; x_wconf 89' lang='lat'><strong>_</strong></span> <span class='ocrx_word' id='word_1_815' title='bbox 3045 5775 3056 5783; x_wconf 87' lang='lat'>_</span> <span class='ocrx_word' id='word_1_816' title='bbox 3318 5769 3368 5783; x_wconf 79' lang='grc'><strong>,,</strong></span> 
     </span>
    </p>
   </div>
   <div class='ocr_carea' id='block_1_107' title="bbox 745 5759 3986 5852">
    <p class='ocr_par' dir='ltr' id='par_1_107' title="bbox 745 5759 3986 5852">
     <span class='ocr_line' id='line_1_108' title="bbox 745 5759 3986 5852; baseline -0.006 -18"><span class='ocrx_word' id='word_1_817' title='bbox 745 5759 1881 5852; x_wconf 58' lang='grc' dir='ltr'><strong>Σέέᾡῗὸἆὶἷὲιίξιίιὲἧᾶιὶί’έὲὶέῗῖιί’ραῑιὶὶίτῐ⁷</strong></span> <span class='ocrx_word' id='word_1_818' title='bbox 1932 5759 1980 5764; x_wconf 63' lang='grc'><strong>’⁷</strong></span> <span class='ocrx_word' id='word_1_819' title='bbox 2425 5759 2754 5852; x_wconf 51' lang='lat' dir='ltr'><strong>&quot;(sema</strong></span> <span class='ocrx_word' id='word_1_820' title='bbox 2785 5772 3283 5852; x_wconf 40' lang='lat' dir='ltr'><strong>clericosniutellige</strong></span> <span class='ocrx_word' id='word_1_821' title='bbox 3318 5769 3411 5852; x_wconf 61' lang='grc' dir='ltr'>[δίε</span> <span class='ocrx_word' id='word_1_822' title='bbox 3426 5763 3756 5849; x_wconf 77' lang='lat' dir='ltr'><strong>monachos.</strong></span> <span class='ocrx_word' id='word_1_823' title='bbox 3787 5759 3986 5818; x_wconf 76' lang='lat' dir='ltr'><strong>Exem-</strong></span> 
     </span>
    </p>
   </div>
   <div class='ocr_carea' id='block_1_108' title="bbox 818 5839 3524 5926">
    <p class='ocr_par' dir='ltr' id='par_1_108' title="bbox 818 5839 3524 5926">
     <span class='ocr_line' id='line_1_109' title="bbox 818 5839 3524 5926; baseline -0.005 -19"><span class='ocrx_word' id='word_1_824' title='bbox 818 5839 931 5922; x_wconf 63' lang='grc' dir='ltr'><strong>ίὸδ)</strong></span> <span class='ocrx_word' id='word_1_825' title='bbox 978 5851 1109 5908; x_wconf 83' lang='lat' dir='ltr'><strong>Vide</strong></span> <span class='ocrx_word' id='word_1_826' title='bbox 1140 5851 1287 5908; x_wconf 74' lang='lat' dir='ltr'><strong>Vitas</strong></span> <span class='ocrx_word' id='word_1_827' title='bbox 1315 5854 1537 5910; x_wconf 80' lang='lat' dir='ltr'><strong>Patrum</strong></span> <span class='ocrx_word' id='word_1_828' title='bbox 1568 5839 1711 5926; x_wconf 72' lang='lat' dir='ltr'><strong>apud</strong></span> <span class='ocrx_word' id='word_1_829' title='bbox 1734 5852 2095 5923; x_wconf 69' lang='lat' dir='ltr'><strong>llosweydum</strong></span> <span class='ocrx_word' id='word_1_830' title='bbox 2129 5852 2226 5908; x_wconf 90' lang='lat' dir='ltr'><strong>lib.</strong></span> <span class='ocrx_word' id='word_1_831' title='bbox 2257 5869 2307 5918; x_wconf 91' lang='lat' dir='ltr'><strong>v,</strong></span> <span class='ocrx_word' id='word_1_832' title='bbox 2413 5839 2503 5922; x_wconf 68' lang='lat' dir='ltr'><strong>pla</strong></span> <span class='ocrx_word' id='word_1_833' title='bbox 2537 5839 2629 5908; x_wconf 77' lang='lat' dir='ltr'><strong>dat</strong></span> <span class='ocrx_word' id='word_1_834' title='bbox 2658 5850 2896 5921; x_wconf 73' lang='lat' dir='ltr'><strong>Congius</strong></span> <span class='ocrx_word' id='word_1_835' title='bbox 2931 5849 2986 5905; x_wconf 90' lang='lat' dir='ltr'><strong>iu</strong></span> <span class='ocrx_word' id='word_1_836' title='bbox 3014 5844 3283 5902; x_wconf 83' lang='lat' dir='ltr'><strong>Clouario</strong></span> <span class='ocrx_word' id='word_1_837' title='bbox 3314 5839 3524 5896; x_wconf 81' lang='lat' dir='ltr'><strong>Latino.</strong></span> 
     </span>
    </p>
   </div>
  </div>
