4170 6484
246 413 351 476 853

853 414 1134 476 ORATIO
1170 419 1309 478 XII.
1333 439 1399 454 ε-
1442 422 1824 482 LAUDATIO
1863 425 1924 484 S.
1963 427 2272 486 ARSENII
2324 429 2865 495 ANACIIORETE.

3394 435 3501 498 854

247 526 448 595 ζητῶν,
499 523 660 596 μόγις
707 523 1051 597 ἠδυνήθησαν
1096 528 1284 579 πεῖσαι
1328 527 1511 593 αὑτὸν,
1553 529 1823 600 θαρρῆσαι

1936 535 2263 601 spectabant,
2303 537 2636 593 confidenter
2670 539 2736 594 iis
2765 549 3080 608 exponeret.
3129 542 3260 609 Qua:
3297 543 3495 604 edocti.

246 619 434 680 αύτοῖς
473 617 544 669 τὰ
576 617 700 671 καθ’
741 617 953 672 ἑαυτόν.
1007 617 1116 668 Kal
1165 616 1450 686 μαθόντες,
1492 613 1648 672 εἷπον
1688 621 1822 689 πρὸς

247 708 511 776 ἀλλήλους
538 722 553 736 ο
586 706 682 769 Τίς
711 708 818 777 ἀρα
845 707 1014 769 ἐστὶν,
1039 707 1068 758 ό
1099 707 1330 774 ὀφείλων
1358 708 1548 763 τοῦτον
1577 712 1820 782 παραλαο

245 797 368 848 ϐεἰν
397 798 489 850 καὶ
512 796 777 867 samum
817 797 896 859 εἰς
929 795 1028 867 τὴν
1063 797 1359 867 μοναδικὴν
1383 799 1659 854 πολιτείαν
1687 819 1701 832 ο
1734 803 1825 856 καὶ

245 885 313 954 δὴ
349 884 794 955 βουλευσαμένων
819 885 1022 947 αὐτῶν,
1047 886 1286 938 συνεῖδον
1314 887 1641 956 ἀπενεγκεῖν
1663 890 1823 944 αὑτὸν

248 977 328 1046 τῷ
371 976 516 1047 ἀϐϐᾆ
563 976 781 1048 Ἰιιιάννῃ
832 974 910 1045 τῷ
950 975 1192 1044 Κολοϐᾦ.
1232 976 1342 1029 Kal
1374 977 1631 1043 λαϐόντες
1660 979 1826 1034 αὑτὸν

253 1069 375 1138 μεθ’
417 1067 648 1134 ἑαυτῶν,
677 1066 918 1137 ἀπῆλθον
951 1067 1089 1138 πρὸς
1117 1066 1208 1119 τὸν
1245 1066 1495 1136 γέροντα.
1542 1070 1654 1124 Kal
1687 1070 1827 1140 μετά

249 1163 312 1214 τὸ
344 1161 566 1230 ποιῆσαι
597 1161 794 1224 αὐτοὺς
827 1158 1015 1229 εὐχὴν,
1047 1157 1315 1228 ἐλάλησαν
1351 1159 1500 1230 αὺτῷ
1534 1161 1663 1231 περὶ
1696 1161 1820 1232 Ἀρ-

254 1253 461 1307 σενίου.

325 1351 402 1414 ις’⁸
443 1344 553 1398 Kal
573 1344 631 1396 ἐν
656 1342 734 1413 τῷ
763 1344 1147 1413 συντυγχάνειν
1172 1343 1390 1408 αὐτοὺς,
1417 1343 1827 1416 καταλαϐούσης

249 1435 353 1504 τῆς
408 1435 636 1505 ἐννάτης
688 1434 858 1504 ὥρας,
890 1433 1039 1502 λέγει
1071 1435 1184 1497 τοῖς
1212 1435 1492 1505 κληρικοῐς
1538 1438 1567 1488 ὁ
1611 1436 1821 1507 γέρωνο

251 1524 442 1584 Δεῦτε.
468 1525 782 1594 ποιήσωμεν
807 1525 1047 1594 ἀγάπην,
1072 1526 1166 1578 καὶ
1189 1525 1250 1577 τὸ
1274 1523 1485 1594 θέλημα
1506 1523 1597 1577 τοῦ
1622 1524 1826 1595 Κυρίου

253 1616 521 1684 γενέσθω.
550 1617 660 1669 Kal
690 1616 976 1679 καθεσθεὶς
1009 1619 1038 1670 ό
1066 1617 1242 1679 ἀϐϐᾶς
1274 1616 1528 1686 Ἰωάννης
1563 1616 1700 1686 μετά
1719 1616 1828 1670 τῶν

253 1707 558 1776 κληρικῶν,
605 1707 840 1777 ἤρξαντο
877 1707 1098 1772 ἐσθίειν,
1126 1708 1385 1770 ἐάσαντες
1416 1707 1508 1759 τὸν
1553 1707 1828 1776 Ἀρσένιον

1928 623 2068 679 alter
2099 625 2252 682 alteri
2282 629 2540 683 dicebant
2569 647 2581 682 :
2617 628 2879 696 Quisnam
2909 642 3012 699 est,
3042 632 3138 703 qui
3167 634 3325 689 debet
3359 636 3502 691 hunc

1925 714 2198 783 excipere,
2225 726 2279 771 et
2305 718 2610 773 conducere
2640 721 2707 776 ad
2746 722 3105 777 monasticum
3150 723 3502 779 institutum?

1926 804 2012 870 Et,
2045 807 2178 863 inito
2205 810 2456 874 consilio,
2485 811 2662 866 visum
2691 821 2774 868 est
2804 814 3074 870 abducere
3099 817 3274 884 ipsum
3302 818 3367 870 ad
3400 817 3499 870 ab-

1925 895 2102 950 batem
2132 896 2392 953 Joannem
2428 898 2692 956 Colobum
2725 903 2857 972 ('59).
2897 904 2960 958 Et
3000 915 3343 961 assumentes
3373 921 3496 960 eum

1926 1001 2138 1053 secum,
2190 989 2442 1044 abierunt
2489 992 2556 1045 ad
2602 1007 2818 1059 senem;
2858 998 3201 1068 peractisque
3250 998 3500 1067 precibus

1926 1076 2091 1133 locuti
2127 1093 2250 1133 eum
2289 1079 2381 1135 illo
2406 1089 2535 1136 sunt
2560 1081 2626 1137 de
2648 1081 2900 1138 Arsenio.

2000 1341 2052 1396 6.
2089 1341 2336 1413 Cumque
2370 1343 2511 1399 inter
2543 1346 2961 1417 colloquendum
2999 1349 3110 1420 jam
3151 1364 3292 1406 nona
3333 1350 3499 1407 adve-

1930 1436 2098 1492 nisset
2133 1438 2284 1502 hora,
2309 1437 2440 1493 dicit
2467 1440 2681 1495 clericis
2721 1458 2886 1497 senex
2922 1461 2940 1500 :
2981 1443 3203 1508 Adeste,
3233 1444 3500 1499 faciamus

1927 1543 2133 1598 agapen
2190 1529 2324 1599 (40),
2381 1538 2435 1586 et
2483 1532 2737 1588 voluntas
2784 1533 2876 1588 Dei
2931 1534 3046 1588 flat.
3093 1535 3502 1604 Considensque

1925 1618 2164 1675 Joannes
2194 1620 2363 1675 abbas
2415 1636 2536 1676 cum
2573 1623 2813 1690 clericis,
2859 1633 3144 1694 cceperunt
3191 1625 3497 1690 comedere,

1927 1710 2166 1764 sitientes
2217 1709 2507 1764 Arsenium
2571 1721 2735 1767 stare.
2803 1712 3029 1783 Projicit
3095 1714 3278 1785 itaque
3333 1730 3500 1785 pasa-

256 1799 571 1868 ἱστάμενον.
604 1797 924 1852 Ῥίπτειοῠν
953 1798 1210 1868 τιαξαμάν
1239 1797 1316 1860 είς
1344 1797 1445 1867 τὴν
1468 1797 1573 1868 γῆν
1602 1799 1632 1850 ό
1655 1798 1828 1862 άϐϐἄς

1936 1815 2054 1854 man
2087 1799 2196 1870 (4|)
2227 1800 2278 1854 in
2315 1810 2514 1856 terram
2550 1803 2718 1858 abbas
2740 1803 3002 1870 Joannes,
3027 1807 3209 1876 aitque
3231 1808 3460 1862 Arsenio
3487 1823 3499 1859 :

266 1865 546 1960 Ἰωάννης,
575 1890 669 1943 καὶ⁵
700 1888 954 1959 λέγειτῷ
987 1865 1246 1959 Ἀρσενίῳ
1271 1905 1285 1920 ·
1316 1865 1487 1956 Φάγε,
1511 1865 1604 1941 ἐὰν
1647 1888 1826 1959 θέλῃς.

1936 1889 2184 1953 Comede,
2208 1891 2254 1945 si
2288 1891 2442 1946 velis.
2476 1891 2568 1945 ille
2590 1903 2769 1947 autem
2802 1893 3071 1948 inclinans
3096 1911 3154 1948 se
3188 1895 3241 1948 in
3276 1904 3498 1960 terram,

267 1980 330 2036 '0
352 1980 409 2036 δὲ
431 1982 620 2045 κλίνας
652 1982 842 2035 ἐαυτὸν
867 1981 960 2034 ἐπὶ
985 1981 1087 2051 τὴν
1113 1981 1238 2050 γῆν,
1272 1979 1483 2050 ἀπῆλθε
1510 1981 1829 2051 περιπατῶν

254 2073 381 2135 ταῖς
408 2074 570 2144 χερσὶ
601 2074 700 2126 καὶ
725 2075 838 2136 τοῖς
869 2073 1050 2138 ποσὶν,
1083 2073 1216 2126 ὅπου
1240 2066 1307 2142 ἦν
1341 2075 1369 2126 ό
1401 2071 1662 2142 παξαμάς
1681 2089 1694 2104 ο
1737 2073 1830 2126 καὶ

257 2165 463 2233 ἔφαγεν
490 2164 676 2231 αὐτὸν,
705 2164 780 2228 ὡς
812 2166 989 2217 ἐκειτο
1019 2165 1100 2226 είς
1127 2163 1228 2233 τὴν
1255 2165 1377 2233 γῆν.
1407 2163 1517 2216 Kal
1546 2163 1668 2215 ἰδὼν
1693 2163 1722 2216 ό
1744 2163 1832 2232 γέ·

261 2273 394 2326 ρων,
417 2255 563 2324 λέγει
595 2258 709 2320 τοῖς
737 2256 985 2325 ἀδελφοῖς
1003 2271 1016 2285 ·
1062 2255 1333 2323 Ὑπάγετε
1363 2254 1505 2324 μετά
1527 2253 1716 2319 καλοῦ,
1739 2255 1833 2308 καὶ

257 2347 487 2413 εὔξασθε
521 2349 662 2420 ὑπὲρ
689 2349 875 2420 ήμῶνο
902 2347 1077 2413 οὕτως
1116 2348 1225 2419 γάρ
1257 2347 1576 2416 γινώσκετε,
1617 2349 1700 2401 ὅτι
1748 2348 1832 2401 δό-

259 2458 428 2511 κιμον
462 2442 574 2512 εχει
602 2446 826 2513 ποιῆσαι
851 2443 1108 2513 μοναχόν.
1153 2440 1472 2511 Ἦρώτησαν
1502 2436 1594 2494 οὖν
1618 2442 1668 2493 οἱ
1699 2441 1832 2512 κλη-

263 2533 409 2602 ρικοὶ
460 2532 554 2586 τὸν
600 2533 872 2604 Ἀρσένιον
895 2533 1018 2586 καθ’
1068 2533 1317 2596 ἑαυτοὺς,
1353 2531 1608 2600 λέγοντες
1649 2532 1826 2603 αὐτῷ·

263 2624 500 2690 Ποίησον
540 2624 785 2694 ἀγάπην,
811 2623 1029 2690 ἀδελφὶ,
1054 2624 1146 2677 διὰ
1178 2623 1270 2676 τὸν
1312 2623 1539 2694 Κύριον,
1575 2625 1669 2679 καὶ
1712 2625 1832 2678 είπέ

257 2717 419 2784 ἡμῖν,
471 2716 622 2767 ποῖον
653 2713 912 2784 λογισμὸν
966 2712 1123 2782 ισχες
1174 2710 1370 2765 ἐσθίων
1411 2711 1503 2765 τὸν
1542 2713 1828 2782 παξαμάνς

257 2806 378 2861 Kal
408 2805 557 2874 λέγει
596 2804 813 2868 αὐτοῖς·
856 2803 1221 2873 Έλογισάμην
1275 2801 1411 2874 πρὸς
1449 2803 1707 2874 ἐμαυτὸν,
1751 2805 1833 2857 ὅτι

267 2900 362 2962 Ὠς
391 2897 514 2952 κυνί
537 2915 618 2951 σοι
647 2896 877 2968 ἔρριψαν
900 2894 993 2949 τδν
1019 2895 1283 2966 aptatum;
1310 2895 1455 2948 κύων
1483 2897 1623 2964 φάγε
1649 2897 1832 2951 αὐτόν.

257 2991 374 3044 Kal
422 2988 682 3053 ἐδόξασαν
717 2987 812 3042 τὸν
849 2987 1004 3040 Θεόν.
1053 2987 1257 3056 Χρόνον
1285 2981 1380 3041 οὖν
1425 2987 1607 3056 ὀλίγον
1647 2991 1835 3058 μείνας

263 3081 408 3150 μετά
435 3078 530 3134 τοῦ
558 3078 703 3133 assa
740 3079 990 3133 Ἰωάννου
1012 3078 1042 3131 ό
1069 3077 1360 3148 Ἀρσένιος,
1385 3079 1481 3132 καὶ
1507 3079 1694 3150 μαθὼν
1726 3083 1833 3135 πᾶ-

1930 1981 2100 2036 abivit
2161 1980 2310 2044 illuc,
2370 1983 2658 2039 ambulans
2703 1985 2956 2040 manibus
3007 1985 3363 2055 pedibusque,
3409 1986 3500 2040 ubi

1930 2081 2047 2126 erat
2091 2087 2382 2140 paxamas;
2429 2082 2482 2126 et
2533 2073 2585 2126 in
2625 2081 2792 2139 terra,
2833 2083 2993 2143 prout
3037 2075 3270 2142 jacebat,
3324 2076 3502 2144 ipsum

1930 2161 2184 2215 comedit.
2213 2162 2388 2232 Atque
2427 2163 2532 2216 hoc
2559 2164 2905 2232 conspicatus
2934 2178 3118 2228 senex,
3149 2165 3282 2218 dicit
3320 2165 3503 2218 fratri-

1931 2249 2033 2304 bus
2058 2268 2072 2304 :
2108 2250 2264 2306 Abite
2291 2265 2412 2306 cum
2437 2253 2601 2317 bono,
2636 2261 2690 2308 et
2713 2265 2866 2310 orate
2890 2271 2988 2325 pro
3011 2257 3171 2311 nobis
3195 2274 3211 2312 :
3254 2257 3325 2310 ita
3356 2257 3502 2310 enim

1931 2343 2135 2409 scietis,
2159 2343 2297 2411 quod
2317 2345 2578 2413 probatus
2599 2346 2688 2408 sit,
2717 2354 2776 2400 ut
2801 2346 2893 2400 flat
2917 2348 3236 2403 monachus.
3266 2347 3502 2402 Interro-

1931 2445 2128 2504 garunt
2173 2435 2352 2503 itaque
2393 2436 2578 2491 clerici
2622 2437 2761 2492 inter
2803 2453 2864 2492 se
2913 2439 3225 2502 Arsenium,
3261 2439 3504 2494 dicentes

1931 2528 2006 2582 illi
2037 2543 2050 2578 :
2079 2525 2185 2580 Fac
2210 2542 2436 2596 agapen,
2464 2526 2652 2590 frater,
2678 2542 2774 2598 per
2796 2527 3117 2592 Dominum;
3139 2538 3193 2583 et
3215 2528 3302 2583 dic
3324 2529 3504 2593 nobis,

1930 2617 2126 2687 ecquid
2172 2617 2518 2686 cogitationis
2574 2617 2869 2684 habueris,
2923 2619 3144 2687 quando
3183 2618 3506 2674 comedebas

1933 2707 2239 2778 paxaman?
2268 2707 2479 2773 Quibus
2510 2707 2621 2773 ille,
2659 2707 3002 2779 Cogitabam,
3024 2709 3224 2778 inquit,
3253 2723 3460 2763 mecum
3488 2725 3502 2760 :

1933 2815 2093 2870 quem
2135 2798 2232 2853 tibi
2271 2807 2530 2868 tanquam
2596 2801 2719 2854 cani
2756 2800 3098 2870 proiecerunt
3146 2815 3361 2866 panem,
3409 2813 3508 2854 co-

1935 2890 2087 2944 mede
2109 2889 2261 2942 illum
2313 2899 2577 2955 tauquam
2605 2889 2779 2944 cauis.
2817 2888 2880 2942 Et
2907 2887 3284 2959 gloriﬁcabant
3315 2889 3504 2942 Deum.

1933 2979 2143 3050 Exiguo
2169 2979 2332 3049 igitur
2356 2987 2597 3048 tempore
2619 2979 2881 3034 Arsenius
2903 2994 3028 3034 cum
3055 2981 3252 3034 abbate
3293 2978 3510 3034 Joanne

1933 3083 2203 3140 versatus,
2236 3088 2567 3142 omnemque
2596 3073 2909 3128 monasticae
2938 3074 3062 3128 vita:
3087 3073 3349 3128 rationem
3379 3071 3509 3126 edo-

261 3187 366 3224 σαν
389 3169 486 3241 τὴν
515 3171 816 3241 μοναχικὴν
843 3169 1198 3233 κατάστασιν.
1227 3169 1472 3243 ἀπελύθη
1511 3171 1640 3244 παρ’
1667 3173 1834 3228 αὑτοῦ

1937 3177 2076 3230 ctus,
2113 3166 2363 3222 discessit
2397 3166 2466 3220 ab
2491 3180 2579 3230 eo,
2610 3174 2668 3220 ut
2711 3165 2988 3220 secederet
3027 3163 3240 3233 sibique
3276 3163 3379 3218 soli
3413 3177 3511 3217 va-

259 3261 520 3317 ἀπελθεῖν
545 3262 638 3314 καὶ
664 3261 883 3316 καθίσαι
912 3260 1055 3314 κατὰ
1087 3260 1253 3331 μόνας
1277 3278 1292 3295 θ
1319 3263 1414 3317 καὶ
1435 3263 1651 3332 ἔμεινεν
1689 3266 1837 3334 ἀγω-

259 3353 545 3422 νιζόμενος
569 3353 628 3405 ἐν
650 3351 864 3423 Κυρίῳ,
890 3351 1032 3405 ὥστε
1061 3352 1289 3415 πολλοὺς
1315 3355 1425 3406 τῶν
1446 3355 1587 3410 κατά
1604 3355 1697 3409 τὸν
1718 3375 1838 3410 και-

265 3443 362 3516 ρὸν
389 3445 596 3497 ἐκεῖνον
631 3443 884 3515 μεγάλων
910 3442 1182 3513 γερόντων
1225 3443 1529 3514 ὑπερϐῆναι
1582 3448 1696 3510 τοῖς
1742 3448 1835 3500 πό-

262 3552 401 3601 νοις,
431 3537 499 3605 τῇ
533 3551 593 3588 τε
639 3534 925 3606 καρτερίᾳ,
957 3533 1052 3588 καὶ
1080 3535 1147 3603 τῇ
1183 3533 1427 3604 ὑπομονῇ
1461 3534 1572 3587 τῶν
1606 3532 1836 3606 ἀσκητι-

263 3624 381 3678 κῶν
417 3625 670 3693 ἀγώνων.
718 3624 1106 3694 ’Δναχωρήσας
1156 3619 1248 3677 οὖν
1291 3623 1350 3677 ἐν
1376 3624 1453 3694 τῷ
1475 3627 1825 3699 ήσυχαστικῷ

265 3717 392 3788 βίῳ,
424 3717 588 3771 πάλιν
619 3716 818 3787 ηῡξατο
843 3714 921 3784 τῷ
945 3713 1064 3785 Θεῷ
1086 3715 1259 3783 λέγων
1279 3732 1293 3747 ο
1339 3715 1532 3785 Κύριε,
1565 3719 1832 3791 ὁδήγησόν

267 3823 366 3880 με,
386 3807 504 3871 πῶς
528 3805 713 3861 σωθῶ·
747 3807 842 3859 καὶ
867 3806 1067 3876 ἧκουσε
1093 3803 1279 3874 φωνῆς
1309 3803 1602 3876 λεγούσηςο
1642 3810 1833 3878 Ἀρσέ-

264 3897 575 3970 νιε,φεῦγε,
599 3897 806 3967 σιώπα,
829 3896 1100 3968 ἡσύχαζεο
1133 3897 1294 3952 αὑταὶ
1311 3898 1420 3968 γάρ
1445 3899 1581 3953 εἰσιν
1608 3902 1665 3955 al
1690 3903 1836 3972 ῥίζαι

262 3987 369 4061 τῆς
388 3990 827 4060 ἀναμαρτησίας.

1941 3268 2108 3316 caret.
2137 3258 2201 3313 Et
2231 3257 2613 3328 perseveravit,
2653 3271 2750 3326 pro
2781 3256 2922 3311 virili
2957 3255 3292 3310 contendens
3324 3254 3377 3308 in
3409 3253 3512 3307 Do-

1941 3353 2091 3406 mino
2119 3365 2292 3420 usque
2323 3350 2482 3415 adeo,
2508 3358 2568 3404 ut
2607 3363 2832 3419 magnos
2865 3349 2916 3402 id
2952 3347 3213 3418 temporis
3244 3362 3404 3402 senes
3432 3345 3510 3399 Ia-

1939 3445 2186 3510 boribus,
2226 3442 2556 3503 constantia,
2599 3456 2662 3497 ac
2724 3440 3088 3496 certaminum
3151 3438 3514 3494 asceticorum

1940 3536 2227 3592 tolerantia
2309 3542 2610 3606 superaret.
2684 3535 2978 3603 Postquam
3041 3531 3108 3588 ad
3175 3529 3512 3600 hesychasti-

1941 3643 2062 3685 cam
2103 3627 2213 3697 (Ω)
2262 3628 2426 3682 vitam
2480 3626 2819 3691 secessisset,
2864 3626 3057 3680 iterum
3097 3624 3274 3678 oravit
3322 3620 3514 3685 Deum,

1936 3721 2170 3777 dicens:
2209 3717 2455 3781 Domine,
2508 3715 2649 3770 viam
2689 3714 2948 3779 ostende,
3001 3714 3092 3768 ubi
3141 3713 3325 3768 salvus
3367 3711 3511 3775 liam,

1944 3811 2008 3866 Et
2051 3809 2258 3864 audivit
2297 3822 2512 3882 vocem,
2567 3805 2835 3862 dicentem
2873 3823 2886 3859 :
2933 3804 3152 3869 Arseni,
3183 3803 3327 3874 fuge,
3372 3811 3514 3868 tace,

1944 3903 2166 3974 quiesce
2198 3921 2210 3955 :
2241 3916 2363 3955 nam
2411 3900 2496 3953 liae
2537 3909 2665 3953 sunt
2708 3897 2941 3963 radices,
2982 3897 3182 3966 quibus
3224 3911 3256 3952 a
3296 3905 3519 3966 peccato

1949 3993 2211 4052 immunis
2243 3992 2339 4049 llas
2367 3989 2503 4063 (45).

1785 4132 2018 4191 ΝΟΤᾹΣ.

343 4215 453 4286 (39)
484 4214 743 4288 Joannes,
776 4216 1024 4288 Colobus
1085 4217 1165 4288 (in
1228 4217 1526 4288 appendice
1575 4221 1642 4276 ad
1700 4223 1850 4282 Vitas

343 4234 722 4286 (owaoanues
784 4234 1024 4272 LOIODUS
1085 4234 1165 4288 un
1228 4234 1526 4343 apéienatce
1575 4234 1642 4276 ad
1703 4234 1849 4282 Vitas

272 4288 501 4342 Patrum
528 4303 652 4357 pag.
688 4287 801 4358 90b,
842 4302 936 4355 per
968 4301 1246 4358 apocopen
1325 4288 1487 4356 olob;
1523 4289 1709 4350 Graece
1741 4297 1849 4349 Ko-

268 4358 451 4421 λοϐδς.
501 4367 694 4426 estque
728 4357 842 4426 hic
889 4366 1104 4419 curtus,
1145 4357 1369 4426 parvus,
1409 4374 1607 4426 nanus,
1664 4364 1848 4422 brevis

271 4439 515 4502 staturae,
549 4425 680 4502 etc.)
715 4425 818 4482 fuit
844 4426 984 4502 inter
1015 4425 1385 4502 anac’horetas‘
1419 4425 1844 4502 celeberrimus;

273 4501 528 4568 idemque
555 4495 807 4568 fortasse,
838 4497 1013 4568 quiin
1037 4497 1418 4568 Martyrologio
1450 4497 1666 4565 Coptica
1699 4495 1846 4559 tomo

274 4565 451 4637 tertio
466 4565 664 4630 Martii,
704 4581 830 4637 pag.
848 4565 954 4621 692
982 4565 1203 4637 notatur
1235 4565 1530 4637 bisgverbis
1556 4589 1568 4623 :
1608 4590 1626 4622 ι
1651 4571 1845 4630 Obitus

271 4636 501 4692 Joannis
527 4638 678 4707 parvi
696 4634 986 4707 eremith
1017 4635 1292 4707 Gerardus
1323 4634 1550 4693 Vossius
1581 4639 1842 4696 Borchlo-

276 4708 428 4772 nius,
459 4703 786 4776 praepositus
804 4703 1162 4776 Tungrensis,
1191 4707 1333 4760 inter
1386 4708 1841 4832 Agophtttegmata

273 4775 523 4844 Patrum,
548 4791 698 4846 ﬁcum
737 4785 943 4846 saneto
962 4775 1212 4846 Ephrem
1243 4775 1381 4846 Syro
1466 4783 1659 4835 olomze
1696 4783 1839 4836 edita

271 4818 1842 4917 Ξτῖιὶἒῖἶόοξῖ*μαῖ’ίὲὂῆῖξὲὶὸῖὲὀζῗιξῖςιῖἴῒιὶἓῖζιέῖᾶῗ

271 4916 414 4971 deus
448 4932 464 4971 :
513 4935 533 4970 t
580 4914 963 4984 Ver‘isimiliter
1009 4914 1098 4971 hic
1129 4914 1652 4984 itttelligi'Joannem
1680 4919 1840 4976 Colo-

271 4984 468 5056 bitam,
512 4994 588 5056 et_
617 4985 756 5056 alias
806 4983 1142 5056 Calybitam,
1202 4983 1483 5056 eremitam
1534 4986 1839 5044 Romanum

275 5055 486 5130 (potius
516 5054 872 5130 CBolitannum
900 5054 922 5115 ;’
970 5054 1183 5130 νιιιθεὶρΔ
1213 5054 1679 5130 Commentarium
1701 5059 1840 5130 ejus

273 5122 533 5196 prmium
563 5125 651 5180 die
685 5125 751 5179 15
781 5122 1050 5188 Januarii,
1136 5124 1214 5193 2),
1249 5124 1408 5191 cujus
1440 5130 1641 5182 mentio
1680 5122 1838 5186 m'in

276 5193 660 5249 Πανιωνίουίο
712 5123 1360 5249 Romano.15§1anuarii.
1418 5214 1438 5248 ι
1499 5196 1619 5249 Mox
1657 5207 1838 5249 tamen
1872 5153 1917 5210 Β

276 5192 660 5266 )fartyrolqgio
712 5192 1066 5266 Κωθωνιοηῦ
1088 5192 1360 5266 Januarii.
1418 5214 1438 5248 ι
1499 5196 1619 5252 Mox
1657 5207 1838 5255 tamen

273 5263 500 5320 alterius
546 5263 773 5320 Joannis
815 5265 1058 5318 eremita:
1103 5263 1343 5334 [Egyptii
1399 5267 1670 5334 meminit,
1731 5284 1842 5323 non

274 5334 609 5390 sufﬁcienter
635 5336 956 5403 instructus,
992 5343 1051 5403 ut
1075 5333 1288 5403 aliquid
1313 5334 1458 5390 circa
1495 5333 1842 5393 illumabso-

273 5405 452 5460 solute
496 5402 958 5474 determinet_._ibe
989 5402 1210 5474 Joanne
1252 5402 1458 5460 Colobo
1507 5407 1720 5474 plenius
1760 5410 1843 5463 in-

273 5476 413 5527 strui
455 5474 657 5541 poteris
707 5488 775 5528 ex
810 5470 944 5526 Vitis
979 5471 1204 5541 Patrum
1243 5474 1410 5529 variis
1461 5470 1637 5541 locis;
1680 5477 1843 5532 Cote-

275 5542 600 5667 Ilgio‘tg;tto
626 5545 663 5608 I,
693 5557 726 5597 a
751 5559 874 5614 pag.
901 5541 1026 5608 468,
1056 5559 1121 5597 ac
1145 5540 1491 5599 Tillemontio
1534 5540 1684 5601 tomo
1713 5548 1781 5613 Χ,
1815 5562 1843 5600 a

349 5630 399 5667 α.
539 5651 554 5665 .

313 5628 399 5666 δα.
429 5628 554 5666 CII.

277 5628 710 5752 patglo‘fXgape,
743 5681 929 5755 Graece
947 5683 1158 5752 ἀγάπη,
1189 5683 1454 5755 accipitur
1486 5685 1568 5738 vel
1601 5701 1699 5755 pro
1747 5701 1843 5742 cx-

277 5754 642 5825 traordinaria
671 5754 963 5825 refectione
1003 5755 1058 5807 in
1091 5754 1473 5816 monasteriis;
1505 5754 1727 5825 v‘el’pro
1752 5772 1842 5810 so-

279 5822 451 5880 lemni
479 5823 727 5882 convivio
752 5839 766 5890 ;
803 5823 883 5880 vel
907 5839 1004 5895 pro
1033 5838 1190 5880 ctena
1216 5825 1284 5881 ad
1325 5840 1490 5895 quam
1518 5819 1838 5895 Christiani,

1947 4227 2042 4283 sed
2079 4236 2347 4294 pauperes
2383 4222 2732 4294 potissimum
2783 4219 3206 4294 adhibebantur.
3245 4219 3317 4294 De
3343 4219 3518 4294 p_rima

1946 4289 2343 4364 significatione
2380 4289 2603 4347 consule
2629 4291 2896 4360 Cangium
2924 4308 2938 4356 ;
2989 4295 3054 4344 de
3083 4290 3322 4344 secunda
3353 4289 3516 4344 Cote-

1948 4366 2142 4419 Ierium
2177 4363 2230 4416 in
2265 4363 2408 4415 notis
2443 4362 2548 4416 col.
2587 4360 2725 4419 80l;
2769 4361 2834 4415 de
2883 4359 3044 4414 tertia
3079 4359 3431 4414 Ciacconium
3461 4361 3515 4416 in

1948 4367 2142 4421 Ierium
2177 4367 2230 4416 in
2265 4367 2408 4415 notis
2443 4367 2548 4416 col.
2587 4367 2725 4426 80l;
2769 4367 2834 4415 de
2883 4367 3044 4414 tertia
3079 4367 3431 4414 Ciacconium
3461 4367 3515 4416 in

1947 4435 2093 4490 notis
2117 4432 2184 4487 ad
2210 4432 2534 4486 Cassianum
2565 4447 2687 4500 pag.
2718 4428 2841 4485 669.
2882 4428 2982 4484 llic
3013 4445 3140 4484 vero
3158 4444 3265 4484 non
3303 4429 3415 4482 scio
3445 4446 3513 4485 an

1945 4509 2068 4576 plus
2123 4501 2331 4576 aliquid
2393 4499 2750 4572 significetur,
2813 4513 2979 4570 quam
3033 4514 3188 4555 coena
3237 4499 3516 4555 ordinaria

1945 4573 2364 4629 monachorum.

2016 4643 2128 4714 (ιιι)
2171 4641 2262 4714 llla
2284 4655 2387 4694 vox
2415 4639 2564 4714 varie
2594 4638 2896 4714 scribitur;
2933 4638 3512 4714 nimirumﬁpaxamas,

1981 4707 2310 4771 aiamation,
2347 4708 2818 4780 paxiiuatiou:_de
2873 4724 2979 4777 qua
3026 4707 3517 4780 fusellosweydus

1967 4801 1997 4837 ιι
2030 4780 2370 4837 Onomastico
2405 4779 2472 4832 ad
2505 4777 2653 4832 Vitas
2706 4776 2817 4831 PP.
2857 4776 3042 4847 apag.
3077 4776 3254 4840 1045;
3295 4776 3515 4834 brevius

1943 4853 2000 4907 in
2050 4851 2321 4907 Glossario
2359 4847 2571 4902 Latino.
2599 4847 2910 4918 Significat_
2940 4862 3069 4918 vero
3104 4861 3295 4916 panem
3329 4850 3515 4903 subci-

1945 4921 2232 4984 nericium,
2281 4928 2378 4972 aut
2434 4915 2709 4974 recoctum
2744 4933 2842 4971 seu
2900 4915 3292 4987 bis_c0ctum:
3351 4935 3514 4987 quem

1944 4991 2015 5046 ita
2063 4983 2391 5071 appellatum
2439 4987 2662 5060 quidam
2705 4988 2898 5041 volunt
2940 4983 3242 5041 aPaxamo
3276 4983 3514 5056 quodam

1943 5061 2282 5130 cupediario.

1965 5200 1974 5201 ί
2016 5129 2129 5201 (42)
2169 5129 2223 5183 ld
2255 5138 2366 5201 est
2415 5127 2712 5201 quietam_,_
2757 5125 3084 5201 taciturnam
3110 5167 3126 5192 ,
3185 5125 3515 5182 solitariam.

1945 5196 2194 5257 Graecum
2242 5196 2605 5270 ἡσυχα-στικδς
2641 5196 2928 5270 dilucidari
2965 5205 3155 5270 potest
3185 5213 3250 5270 ex
3285 5208 3517 5270 annota-

1945 5270 2108 5352 εἰς-ρὰ
2147 5264 2380 5352 caput};
2410 5267 2543 5322 Vita:
2571 5268 2743 5322 sancti
2771 5264 3025 5336 Stephani
3066 5264 3307 5320 Sabaita:
3331 5267 3416 5322 die
3452 5270 3517 5323 l5

1943 5340 2095 5403 Julii,
2126 5355 2249 5408 pag.
2283 5339 2409 5393 554.

1985 5481 1998 5493 θ
2016 5409 2128 5493 μδ)
2159 5410 2393 5490 sanctus
2415 5407 2596 5493 _Luc_as
2623 5405 3262 5493 Iuniordth‘auLmaturgus
3279 5405 3353 5493 de
3373 5408 3514 5472 loco,

1947 5475 2038 5535 ubi
2067 5475 2266 5548 saepius
2301 5493 2332 5531 ιι
2378 5479 2625 5548 pluribus
2673 5475 3141 5548 interpellabatur,
3173 5491 3295 5548 cum
3335 5493 3518 5548 scere:

1947 5550 2068 5604 tiori
2124 5545 2510 5602 commutando
2570 5547 3032 5615 Theophylactum
3096 5545 3408 5605 consulens.
3464 5546 3516 5600 id

1945 5619 2197 5683 responsi
2229 5619 2349 5672 tulit
2378 5619 2543 5688 (tomo
2570 5613 2810 5671 secundo
2833 5613 3139 5678 Februarii,
3175 5631 3294 5684 pag.
3332 5617 3456 5685 194)
3499 5631 3512 5667 :

1959 5708 1978 5740 ε
2025 5688 2365 5740 Tenendum.
2397 5690 2538 5740 uuod
2579 5686 2783 5740 optime
2828 5685 3050 5738 haberet
3090 5686 3303 5739 Arseuii
3336 5687 3516 5740 consi-

1959 5708 1978 5741 ι
2025 5688 2365 5751 Tenendum,
2397 5690 2538 5757 quod
2579 5688 2783 5755 optime
2828 5688 3050 5738 haberet
3090 5688 3303 5739 Arseuii
3336 5688 3513 5740 consi-

1951 5761 2082 5814 lium
2121 5778 2131 5811 :
2161 5759 2208 5812 is
2237 5759 2382 5812 enim
2433 5759 2619 5826 fugere
2646 5755 2721 5808 ait
2765 5755 3011 5826 homines
3047 5765 3102 5810 et
3135 5755 3366 5826 salvari.
3407 5756 3513 5809 lte-

1949 5844 2182 5900 rumquc
2210 5846 2222 5884 :
2253 5826 2420 5900 Fuge,
2458 5823 2594 5894 tace,
2625 5829 2866 5894 quiesce.
2903 5844 2920 5878 ι
2949 5823 3147 5897 lnspici
3179 5826 3348 5882 etiam
3384 5839 3511 5898 pos-
