4170 6476
695 395 803 459 859

1825 401 1887 462 S.
1919 401 2309 463 THEODORI
2360 403 2703 464 STUDIT/‘E

3823 407 3947 470 860

692 526 856 578 quam
895 509 941 565 si
985 525 1090 564 non
1131 526 1254 566 cum
1310 512 1431 583 ipso
1458 513 1764 569 collocutus
1806 513 1980 570 fuero.
2012 516 2275 572 Miserunt

2378 518 2525 587 αύτῷ
2565 517 2887 587 ἁπαντήσω.
2931 516 3228 587 Ἐπεμψαν
3275 512 3368 571 οῦν
3413 516 3552 586 μετὰ
3590 517 3682 572 τοῦ
3723 519 3978 590 ἀδελφοῦ

696 601 860 670 igitttr
902 600 1134 672 aliquem
1189 619 1312 658 cum
1355 603 1542 669 fratre,
1595 606 1687 675 qui
1750 606 1928 675 ipsum
1972 608 2038 662 ad
2079 609 2274 664 cellam

694 695 938 757 duceret,
973 694 1098 761 quia
1131 695 1289 763 longe
1331 695 1592 750 distabat.
1636 697 1703 751 Et
1733 698 1949 766 pulsato
1999 700 2161 763 ostio,
2194 701 2276 753 in-

696 783 869 852 gressi
921 794 1080 851 sunt;
1133 787 1478 856 salutatoque
1512 787 1673 851 Sene,
1706 789 1965 844 sederunt
2018 791 2072 844 in
2107 792 2274 845 silen-

698 875 795 928 tio.
829 873 974 929 Dixit
1010 876 1192 946 itaque
1230 878 1318 931 ille
1350 879 1594 933 ecclesia:
1618 879 1787 934 frater
1819 899 1832 934 :
1867 881 2044 951 Surgo
2094 883 2276 938 disce-

698 963 790 1027 do,
823 975 974 1020 orate
1010 981 1107 1034 pro
1139 982 1242 1021 me.
1273 970 1338 1020 At
1361 967 1525 1022 frater
1548 970 1890 1040 peregrinus,
1921 987 2026 1024 non
2058 973 2275 1027 inventa

698 1069 822 1107 cum
846 1053 986 1110 Sene
1007 1057 1348 1126 colloquendi
1381 1059 1649 1126 libertate,
1691 1061 1827 1116 dixit
1861 1061 2015 1116 fratri
2049 1082 2061 1117 :
2103 1061 2276 1118 Venio

698 1152 752 1197 et
785 1158 885 1212 ego
919 1157 1114 1199 tecum.
1144 1145 1208 1200 Et
1232 1149 1436 1215 egressi
1463 1157 1593 1202 sunt
1627 1150 1811 1203 simul.
1846 1150 2078 1222 Rogavit
2114 1166 2276 1219 porro

701 1230 880 1298 ipsum
932 1235 1252 1303 peregrinus
1303 1235 1534 1291 dicens:
1589 1237 1705 1293 Duc
1766 1256 1853 1294 me
1905 1242 1972 1294 ad
2023 1243 2274 1297 abbatem

701 1321 943 1391 Moysen,
1004 1340 1068 1378 ex
1127 1327 1432 1382 latronibus
1466 1343 1792 1386 conversum
1822 1332 1955 1402 (59).
1991 1334 2070 1388 Ad
2114 1350 2274 1404 quem

701 1422 986 1480 postquam
1040 1417 1352 1482 venissent,
1394 1422 1637 1491 suscepit
1674 1423 1848 1490 ipsum
1897 1440 2020 1478 cum
2054 1427 2276 1495 gaudio,

699 1510 754 1554 et
810 1504 1066 1558 exhibitis
1112 1506 1498 1576 hospitalitatis
1544 1511 1734 1567 ciliciis
1789 1516 2015 1570 dimisit.
2055 1516 2192 1572 Tum
2232 1521 2276 1574 is

700 1594 792 1656 qui
830 1596 998 1648 alium
1032 1598 1283 1662 duxerat,
1334 1603 1412 1656 sic
1444 1603 1564 1658 iniit
1597 1623 1610 1659 :
1670 1604 1828 1671 Ecce,
1873 1609 2068 1662 adduxi
2121 1619 2171 1663 te
2211 1612 2276 1664 ad

704 1683 1038 1759 [Arscnium]
1103 1693 1431 1746 monachum
1488 1705 1829 1762 extraneum,
1889 1710 1943 1753 et
2002 1702 2067 1754 ad
2117 1701 2275 1773 Egy-

703 1775 872 1842 ptiqu
904 1796 916 1830 :
953 1788 1072 1832 uter
1113 1783 1282 1850 magis
1315 1783 1516 1852 placuit
1565 1787 1694 1840 tibi?
1731 1788 1830 1842 Cui
1863 1790 2028 1844 frater
2064 1812 2076 1846 :
2107 1793 2278 1865 Egy-

703 1866 846 1934 ptius
873 1869 1070 1934 placuit
1099 1874 1228 1926 mihi
1267 1873 1488 1930 Patrum
1520 1877 1743 1948 aliquis,
1772 1881 1857 1936 his
1889 1885 2112 1949 auditis,
2148 1901 2275 1940 ora-
2309 1851 2350 1907 Β

704 1957 778 2010 vit
808 1958 998 2023 Deum,
1025 1961 1211 2017 dicens
1244 1982 1256 2016 :
1289 1966 1536 2032 Domine,
1572 1985 1684 2023 rem
1717 1971 1858 2026 hanc
1879 1974 2272 2032 mihiosteude.

703 2045 806 2102 Istc
836 2053 979 2104 enim
1043 2053 1179 2122 fugit
1221 2065 1440 2124 propter
1476 2074 1678 2112 nomen
1735 2068 1908 2122 tuum,
1944 2064 2034 2118 ille
2063 2080 2189 2121 vero
2221 2068 2272 2121 in

701 2140 862 2195 ulnas
887 2144 1083 2212 accipit
1137 2157 1352 2214 propter
1384 2164 1579 2203 nomen
1623 2163 1798 2207 tuum.
1845 2153 1908 2206 Et
1937 2166 2170 2211 ostcusre
2197 2159 2272 2213 illi

700 2242 830 2286 sunt
867 2236 984 2287 dote
1015 2251 1179 2290 naves
1226 2253 1432 2307 magum
1470 2257 1484 2304 ;
1540 2250 1592 2294 et
1627 2243 1680 2296 in
1718 2259 1826 2298 una
1879 2246 2096 2314 quidem
2138 2264 2274 2303 con~

702 2323 995 2391 templatur
1022 2326 1272 2380 abbatem
1303 2328 1590 2382 Arsenium
1619 2341 1673 2384 et
1718 2335 1970 2401 spiritum
1999 2334 2092 2388 Dei
2125 2339 2274 2391 navi-

701 2425 890 2480 gantes
919 2416 969 2468 in
996 2417 1206 2485 quiete;
1236 2427 1290 2472 et
1319 2419 1484 2474 abbas
1516 2420 1729 2492 Moyses
1767 2433 1822 2477 et
1847 2427 2024 2494 angeli
2054 2427 2145 2482 Dei
2180 2445 2275 2484 na-

701 2506 960 2573 vigabant
989 2509 1040 2561 in
1073 2509 1264 2571 altera,
1310 2510 1555 2565 favorum
1596 2516 1773 2572 mellis
1800 2520 2094 2587 particulas
2127 2521 2178 2575 in
2211 2537 2274 2578 os

699 2595 820 2662 ejus
853 2600 1152 2650 inserentes
1183 2599 1314 2667 (60).
1360 2601 1450 2656 Sic
1502 2603 1590 2658 ille
1619 2609 1880 2663 secedens
1910 2611 2151 2666 virorum
2180 2629 2274 2668 ac-

699 2685 876 2738 cessui
923 2686 1237 2761 indulgebat
1285 2692 1730 2762 aliquantulum;
1799 2701 2088 2756 mulierum
2146 2720 2275 2762 vero

702 2791 769 2829 ne
798 2778 875 2829 vel
907 2780 1176 2832 tantillum
1224 2783 1444 2851 quidem
1481 2804 1492 2838 :
1530 2795 1676 2843 totus
1707 2792 1907 2860 quippe
1946 2806 2065 2848 erat
2094 2811 2270 2866 asper,

700 2879 754 2920 et
788 2884 817 2921 a
856 2868 1108 2927 liberiore
1135 2887 1388 2930 sermone
1414 2877 1652 2946 alienus,
1693 2897 1880 2938 amore
1911 2883 2004 2940 Dei
2037 2901 2273 2959 occupa-

702 2960 884 3014 batur.

775 3053 861 3105 12.
905 3053 1095 3109 Mulier
1150 3058 1336 3129 itaque
1391 3061 1639 3132 quadam
1701 3068 1976 3123 senatoria
2030 3069 2272 3127 Romana

701 3143 981 3214 Canopum
1033 3148 1370 3206 Alexandriae
1428 3155 1664 3220 devenit,
1706 3157 1858 3215 dives
1923 3162 2077 3217 valde
2114 3180 2177 3217 ac
2211 3167 2274 3218 ti-

705 3249 857 3290 mens
902 3236 1092 3303 Deum,
1117 3252 1364 3296 sanctum
1401 3245 1693 3301 Arsenium
1729 3249 1912 3305 videre
1941 3254 2275 3311 desiderans.

706 3321 928 3394 Excepit
982 3327 1128 3382 illam
1196 3328 1531 3400 Theophilus
1589 3337 2064 3410 archiepiscopus;
2118 3360 2276 3414 quem

704 3418 935 3482 rogavit,
991 3423 1342 3488 persuaderet
1394 3425 1545 3491 Seni,
1599 3437 1658 3482 ut
1721 3445 1779 3485 se
1829 3433 2158 3493 admitteret.
2218 3438 2282 3492 Et

707 3518 993 3578 postquam
1027 3513 1091 3565 ad
1116 3530 1240 3568 cum
1272 3517 1511 3573 venisset
1567 3522 2037 3596 archiepiscopus,
2075 3533 2283 3599 rogat-it

708 3610 768 3653 ut
813 3616 932 3656 eam
989 3605 1322 3663 admitteret.
1383 3609 1563 3667 Senex
1625 3631 1751 3670 vero
1799 3618 2129 3688 colloquium
2182 3624 2281 3692 ipsi

704 3694 1000 3748 recusavit.
1029 3696 1243 3762 Quibus
1269 3701 1432 3756 rebus
1458 3705 1506 3757 ei
1540 3705 1894 3774 denuntiatis,
1928 3711 2084 3778 jubet
2110 3716 2282 3769 sterni

704 3778 950 3848 jumenta
981 3800 1100 3850 sua,
1137 3789 1364 3844 dicens:
1402 3791 1635 3849 Coutido
1673 3795 1784 3851 Deo
1838 3799 1956 3855 fore
1988 3813 2046 3857 ut
2071 3805 2282 3859 videam

709 3871 884 3941 ipsqu
921 3891 936 3928 :
989 3891 1165 3946 neque
1209 3881 1354 3936 enim
1411 3884 1532 3939 veni
1573 3887 1756 3941 visura
1799 3889 2074 3949 hominem
2107 3896 2285 3965 (multi

706 3965 851 4018 enim
885 3965 1134 4024 homines
1149 3983 1275 4026 sunt
1315 3972 1369 4027 in
1410 3977 1627 4034 civitate
1655 3985 1890 4050 nostra),
1928 3986 2023 4039 sed
2051 3989 2285 4056 propheo

709 4063 820 4109 tam
858 4057 1040 4112 visura
1093 4063 1236 4116 veni.
1267 4061 1446 4134 thue
1475 4069 1542 4122 ad
1577 4071 1771 4124 cellam
1806 4071 1965 4129 Senis
2005 4079 2283 4146 pervenit;

707 4156 858 4202 extra
892 4149 1062 4215 illam,
1096 4151 1206 4209 Deo
1261 4155 1335 4210 ita
1368 4157 1712 4228 disponente,
1759 4165 1990 4220 vacabat
2055 4168 2228 4224 Senex
2263 4189 2277 4227 :

2377 609 2725 678 καταστῆσαι
2780 607 2960 673 αὑτὸν,
2996 609 3080 661 ὅτι
3131 607 3349 678 μακρὰν
3387 603 3456 678 ἦν
3486 610 3519 675 ἡ
3555 609 3719 663 κέλλα
3750 612 3940 664 αὑτοῦ
3968 629 3981 642 ⁸

2377 701 2470 753 καὶ
2493 701 2824 770 κρούσαντες
2845 701 2945 770 τὴν
2989 699 3181 770 θύραν,
3209 700 3478 769 εἰσῆλθον
3505 701 3601 756 καί
3628 703 3983 772 ἀσπασάμε-

2376 810 2457 845 νοι
2499 791 2592 844 τὸν
2643 791 2873 863 γέροντα
2915 791 3181 845 ἐκάθισαν
3233 792 3568 856 σιωπῶντες.
3601 790 3764 847 Εἶπεν
3801 792 3918 849 οὖν
3955 801 3984 849 6

2376 885 2604 953 ἁδελφὸς
2640 887 2669 938 6
2707 885 2809 952 τῆς
2845 885 3175 954 ἐκκλησίας·
3220 884 3556 956 Ἐγείρομαι,
3609 887 3823 957 ὑπάγω,
3869 889 3979 940 εὖ·-

2379 977 2540 1042 ξασθε
2591 979 2731 1048 ὑπὲρ
2765 977 2922 1046 ἐμοῦ.
2966 978 3025 1031 '0
3067 977 3126 1031 δὲ
3173 977 3320 1041 ξένος
3360 977 3607 1045 ἀδελφὸς,
3649 980 3722 1050 μὴ
3774 979 3982 1049 εὑρὼν

2378 1067 2692 1138 παρρησίαν
2749 1066 2885 1137 πρὸς
2934 1068 3027 1121 τὸν
3072 1068 3340 1138 γέροντα,
3389 1063 3546 1122 εἶπεν
3591 1069 3668 1136 τῷ
3703 1070 3977 1141 ἀδελφῷ·

2381 1159 2653 1228 Ἔρχομαι
2695 1160 2848 1228 κάγὼ
2888 1160 3026 1231 μετὰ
3056 1160 3172 1215 σοῦ.
3203 1163 3310 1215 Καὶ
3343 1160 3567 1230 ἐξῆλθον
3609 1163 3765 1232 ὁμοῦ.
3801 1165 3983 1234 Περι

2377 1252 2640 1305 εκάλεσεν
2668 1251 2759 1305 οῦν
2785 1252 2969 1314 αὐτὸν,
3001 1253 3175 1321 λέγων
3198 1269 3212 1284 ⁸
3255 1253 3400 1306 Λάϐε
3442 1271 3510 1323 με
3553 1256 3646 1309 καὶ
3684 1257 3822 1324 πρὸς
3872 1257 3984 1308 τὸν

2376 1342 2552 1398 ἀὸὁᾶν
2577 1344 2782 1414 Μωσῆν
2809 1343 2904 1398 τδν
2953 1343 3060 1398 ἀπὸ
3082 1343 3315 1415 λῃστῶν.
3348 1346 3459 1399 Καὶ
3489 1346 3748 1400 ἐλθόντων
3770 1347 3985 1401 αὐτῶν

2378 1435 2518 1505 πρὸς
2543 1435 2727 1499 αὑτὸν,
2759 1434 2978 1500 ἐδέξατο
3005 1436 3170 1489 αὐτὸν
3203 1437 3341 1505 μετὰ
3374 1439 3570 1506 χαρᾶς,
3601 1438 3698 1492 καί
3731 1440 3981 1507 φιλοξε-

2377 1526 2580 1588 νίσαςά
2624 1527 2914 1581 ἀπέλυσεν.
2962 1529 3069 1580 Καὶ
3100 1527 3248 1595 λέγει
3288 1530 3317 1582 6
3359 1529 3600 1597 ἐνεγκὼν
3647 1530 3736 1583 τὸν
3765 1531 3984 1600 ἕτερον

2379 1619 2606 1686 ἁδελφός
2630 1637 2644 1651 ⁸
2691 1619 2822 1672 Ἰδοὺ
2848 1620 3139 1686 ἀπήνεγκα
3168 1637 3228 1672 σε
3254 1621 3389 1690 πρὸς
3421 1621 3512 1673 τὸν
3547 1620 3752 1686 ξενικὸν
3785 1638 3984 1691 μονα-

2379 1709 2472 1780 χδν
2505 1711 2601 1763 καὶ
2638 1710 2774 1780 πρὸς
2803 1709 2893 1762 τὸν
2926 1710 3224 1777 Αἰγύπτιον
3246 1726 3262 1742 ⁸
3307 1711 3390 1773 τίς
3419 1711 3484 1764 ἐκ
3512 1712 3622 1764 τῶν
3650 1712 3743 1765 δύο
3783 1713 3980 1782 ηρεσέ

2380 1817 2503 1866 σοις
2556 1802 2718 1868 Λέγει
2760 1802 2790 1854 6
2842 1800 3104 1868 ἀδελφός·
3166 1801 3225 1856 '0
3275 1801 3572 1869 Αἰγύπτιος
3619 1803 3783 1874 ἧρεσέ
3835 1822 3975 1873 μοι.

2392 1892 2659 1955 Ἀκούσας
2673 1892 2730 1945 δέ
2752 1909 2836 1954 τις
2858 1892 2968 1944 τῶν
2994 1893 3256 1963 Πατέρων
3274 1892 3468 1957 ταῦτα,
3490 1893 3691 1964 ηῦξατο
3708 1895 3786 1964 τῷ
3807 1894 3978 1964 Θεῷ,

2379 1981 2554 2048 λέγων
2575 1997 2587 2010 ⁸
2619 1979 2813 2048 Κύριε,
2842 1980 3016 2046 δεῖξόν
3065 1999 3156 2050 μοι
3201 1980 3263 2034 τὸ
3303 1982 3538 2051 πρᾶγμα
3569 1982 3752 2036 τοῦτο·
3783 1985 3870 2036 ὅτι
3908 1986 3982 2049 ὃς

2383 2073 2481 2142 μὲν
2505 2071 2698 2140 φεύγει
2722 2072 2811 2125 διὰ
2838 2071 2899 2124 τὸ
2923 2071 3095 2141 ὄνομά
3127 2089 3243 2135 σου,
3266 2072 3324 2134 δς
3345 2072 3402 2126 δὲ
3430 2073 3842 2141 έναγκαλίζεται
3869 2077 3985 2130 διὰ

2378 2158 2440 2211 τὸ
2469 2159 2640 2228 δνομά
2669 2176 2785 2212 σου.
2814 2159 2923 2213 Καὶ
2952 2158 3164 2229 ἐδείχθη
3197 2160 3345 2229 αὐτῷ
3375 2159 3468 2214 δύο
3499 2161 3562 2213 π)
3574 2164 3660 2215 οἶα
3697 2165 3932 2232 μεγάλα
3961 2185 3977 2198 ⁸

2381 2250 2474 2302 καὶ
2511 2251 2705 2319 θεωρεῖ
2731 2251 2822 2303 τὸν
2861 2250 3034 2304 ἁὸὄᾶν
3068 2250 3342 2318 Ἀρσένιον
3370 2253 3464 2305 καί
3507 2252 3567 2304 τὸ
3600 2253 3821 2322 Πνεῦμα
3855 2257 3978 2309 τοῦ

2378 2339 2513 2393 Θεοῦ
2555 2341 2810 2403 πλέοντες
2841 2341 2898 2392 ὲν
2928 2342 3132 2411 ἡσυχίᾳ
3172 2343 3250 2404 εἰς
3281 2342 3339 2394 ἓν
3373 2353 3398 2383 ο
3435 2345 3528 2397 καὶ
3561 2346 3590 2397 6
3615 2345 3788 2407 αδὸἇς
3819 2347 3979 2401 Mm-

2381 2434 2480 2501 σῆς
2501 2432 2594 2484 καὶ
2623 2433 2673 2484 οἰ
2724 2431 2943 2499 ἄγγελοι
2986 2431 3080 2484 τοῦ
3119 2432 3255 2485 Θεοῦ
3299 2433 3551 2498 πλέοντες
3586 2438 3664 2498 εἰς
3692 2436 3750 2489 ἓν
3777 2437 3819 2500 τ,
3850 2443 3975 2492 καὶ

2377 2520 2655 2590 έψώμιζον
2689 2520 3047 2592 μελικηρίδας
3073 2537 3086 2552 ⁸
3113 2521 3255 2576 οὕτω
3282 2523 3338 2576 δὲ
3381 2524 3680 2593 ὑποχωρῶν
3712 2527 3808 2589 τὰς
3833 2531 3972 2582 τῶν

2378 2612 2586 2681 ἀνδρῶν
2628 2613 2848 2682 ὁμιλίας
2893 2614 3150 2680 ένεδίδου,
3193 2616 3290 2677 τὰς
3314 2615 3424 2668 τῶν
3458 2617 3732 2684 γυναικών
3767 2620 3977 2673 ὁτιοῦν

2378 2703 2664 2774 οὐδαμῶς⁸
2701 2704 2898 2775 δριμὺς
2940 2706 3051 2774 γὰρ
3081 2701 3148 2776 ἦν
3185 2705 3306 2769 ὅλος
3352 2706 3447 2761 καὶ
3477 2707 3972 2780 ἀπαρρησίαστος.

2381 2794 2663 2865 ἐρωτικῶς
2686 2795 2821 2866 πρὸς
2854 2795 2987 2849 Θεὸν
3019 2796 3384 2868 διακείμενος.

2453 3063 2538 3133 ιβ’.
2567 3065 2822 3119 Ἐλθοῦσα
2851 3065 3141 3137 τοιγαροῦν
3169 3068 3248 3131 εἰς
3272 3067 3362 3122 τὸν
3395 3071 3663 3124 Κάνωπον
3697 3069 3975 3134 Ἀλεξαν-

2307 3196 2350 3253 C
2380 3155 2564 3226 δρείας
2603 3158 2702 3226 μιὰ
2739 3158 3075 3229 συγκλητικὴ
3099 3160 3206 3213 ἀπὸ
3231 3160 3448 3230 Ῥώμης
3476 3162 3704 3214 πλουσία
3722 3163 3975 3231 σφόδρα,

2384 3247 2476 3298 καί
2513 3245 2822 3318 φοϐουμένη
2852 3247 2942 3300 τὸν
2971 3249 3125 3313 Θεὸν,
3165 3248 3406 3303 ποθοῦσα
3473 3249 3600 3302 ἰδεῖν
3623 3251 3804 3316 αὐτὸν,
3847 3254 3977 3306 ὑπ-

2380 3338 2599 3402 εδέξατο
2624 3339 2790 3409 αὐτὴν
2811 3342 2840 3392 6
2865 3341 3121 3410 Θεόφιλος
3149 3345 3178 3396 6
3205 3343 3655 3413 ἀρχιεπίσκοπος,
3683 3347 3778 3398 καί
3811 3365 3975 3418 παρ-

2384 3431 2644 3484 εκάλεσεν
2674 3431 2838 3484 αὑτὸν
2864 3432 2952 3486 ῐνα
2988 3433 3152 3504 πείσῃ
3179 3433 3272 3489 τὸν
3299 3435 3531 3506 γέροντα
3559 3436 3814 3503 δέξασθαι
3850 3441 3977 3492 αὑ-

2385 3523 2504 3592 τήν.
2537 3523 2648 3575 Καὶ
2683 3522 2852 3576 ἐλθὼν
2883 3524 2913 3576 6
2957 3525 3388 3596 ἀρχιεπίσκοπος
3419 3527 3556 3597 πρὸς
3590 3528 3769 3592 αὑτὸν,
3811 3544 3978 3598 παρ-

2386 3613 2571 3667 εκάλει
2599 3614 2854 3678 δέξασθαι
2884 3615 3075 3685 αὑτήν.
3123 3615 3182 3670 Ὀ
3222 3617 3278 3670 δὲ
3320 3617 3499 3686 γέρων
3539 3617 3600 3670 ού
3632 3616 3980 3683 κατεδέξατο

2381 3706 2712 3775 ἀπαντῆσαι.
2750 3706 2838 3769 Ὠς
2877 3701 2972 3760 οὖν
3012 3705 3290 3776 ἀνηγγέλη
3338 3707 3476 3778 αὐτῇ
3507 3705 3702 3774 ταῦτα,
3742 3709 3977 3764 κελεύει

2385 3796 2693 3865 πρωθῆναι
2735 3797 2804 3850 τὰ
2856 3799 3028 3868 κτήνη
3071 3800 3262 3866 αὐτῆς,
3293 3798 3564 3867 λέγουσα⁸
3601 3799 3848 3853 Πιστεύω
3877 3803 3978 3873 τῷ

2381 3884 2502 3956 Θεῷ
2535 3886 2664 3939 ἰδεῖν
2697 3888 2859 3941 αὐτόν
2879 3903 2894 3918 ⁸
2926 3889 2988 3941 ού
3016 3889 3124 3958 γὰρ
3148 3890 3437 3960 ἄνθρωπον
3457 3886 3620 3961 ἦλθον
3655 3891 3779 3944 ἰδεῖν
3798 3908 3814 3924 ⁸
3845 3894 3977 3945 εἰσὶ

2383 3976 2492 4046 γὰρ
2534 3978 2628 4030 καὶ
2675 3979 2731 4031 ὲν
2765 3981 2831 4049 τῇ
2878 3979 3030 4031 πόλει
3069 3980 3226 4050 ήμῶν
3258 3981 3442 4036 πολλοί
3473 3981 3780 4052 ἀνθρώποιο
3818 3983 3978 4038 ἀλλὰ

2390 4068 2676 4137 προφήτην
2703 4063 2867 4138 ἦλθον
2897 4069 3045 4121 ἰδεῖν.
3071 4069 3181 4123 Καὶ
3209 4070 3286 4133 ὡς
3315 4070 3516 4140 ἔφθασε
3549 4072 3677 4144 περί
3703 4071 3802 4142 τὴν
3832 4074 3977 4127 κέλ-

2388 4154 2488 4208 λαν
2513 4156 2608 4209 τοῦ
2640 4158 2914 4227 γέροντος,
2943 4161 3063 4213 κατ’
3090 4161 3403 4232 οἰκονομίαν
3444 4161 3580 4216 Θεοῦ
3617 4163 3980 4234 ηὐκαίρησεν

708 4253 869 4306 quem
894 4243 1234 4311 conspicata,
1263 4248 1496 4316 procidit
1517 4253 1583 4306 ad
1615 4254 1779 4324 pedes
1812 4256 1962 4326 ejus;
2000 4262 2278 4333 erexitque

2388 4248 2491 4312 ἔξω
2535 4252 2634 4319 τῆς
2681 4250 2888 4343 κέλλης
2919 4253 2949 4304 6
2980 4253 3190 4323 γέρων⁸
3217 4254 3313 4306 καί
3344 4253 3525 4307 ἰδοῦσα
3557 4255 3741 4319 αὐτὸν,
3785 4272 3978 4324 προσ-

709 4330 856 4385 illam
893 4349 1018 4388 cum
1048 4335 1130 4390 ira
1165 4351 1214 4402 ο,
1253 4339 1339 4393 his
1381 4340 1544 4396 dictis
1589 4344 1642 4397 in
1693 4361 1813 4400 eam
1864 4349 2152 4410 intendens
2183 4330 2202 4410 ς⁷
2226 4355 2278 4411 Si

2391 4340 2553 4393 έπεσε
2580 4343 2690 4404 τοῖς
2717 4330 2888 4395 ποσίν’
2909 4342 3095 4406 αὐτοῦ,
3128 4346 3220 4396 καὶ
3258 4346 3480 4414 ἤγειρεν
3509 4345 3678 4416 αὐτὴν
3711 4346 3831 4416 μετ’
3858 4347 3975 4416 ὁρ-

709 4421 902 4475 l'aeiem
959 4440 1134 4480 meam
1163 4428 1348 4485 videre
1408 4432 1520 4500 vis;
1560 4449 1650 4499 en,
1691 4437 1830 4492 vide.
1875 4441 1968 4495 llla
2017 4459 2145 4499 vero
2177 4464 2278 4516 pra'

2391 4432 2513 4500 γῆς,
2551 4432 2646 4484 καὶ
2687 4433 2988 4502 προσέσχεν
3039 4434 3176 4503 αὐτῇ
3231 4434 3438 4502 λέγων·
3475 4437 3536 4489 Εἰ
3568 4436 3632 4488 τὺ
3661 4437 3977 4506 πρόσωπόν

708 4513 1034 4565 verecundia
1081 4513 1279 4571 faciem
1337 4519 1511 4588 ipsius
1564 4525 1929 4596 contemplata
1978 4543 2086 4582 non
2149 4513 2272 4587 fuit.

2383 4537 2482 4590 μου
2521 4521 2694 4584 θέλεις
2729 4522 2876 4586 ἰδεῖν,
2912 4522 3042 4583 ἰδοὺ,
3078 4521 3260 4590 βλέπε.
3308 4524 3374 4576 Ἦ
3418 4524 3476 4576 δὲ
3523 4524 3634 4577 ἀπὸ
3681 4526 3976 4596 αἰσχύνης

708 4599 845 4656 Tum
881 4603 1116 4662 Sanctus
1144 4625 1156 4661 :
1194 4607 1382 4666 Nonne
1412 4628 1578 4682 opera
1617 4632 1736 4671 mea
1769 4620 2012 4674 audisti?
2045 4621 2277 4678 Necesse

2383 4611 2444 4663 ού
2475 4611 2769 4680 κατενόησε
2799 4611 2861 4663 τὸ
2899 4611 3190 4681 πρόσωπον
3224 4611 3413 4667 αὑτοῦ.
3451 4613 3559 4666 Καὶ
3589 4613 3738 4681 λέγει
3764 4616 3907 4684 αύτῇ
3949 4634 3969 4648 ο

705 4704 824 4748 crat
873 4696 963 4751 illa
1027 4699 1397 4756 considerare.
1450 4703 1738 4770 Quomodo
1795 4719 1980 4765 autem
2022 4723 2129 4767 tam
2162 4730 2278 4767 tua-

2383 4703 2495 4754 Ούκ
2515 4702 2752 4770 ηκουσας
2777 4701 2845 4755 τὰ
2867 4700 3001 4772 ἔργα
3025 4719 3127 4772 μου
3150 4718 3165 4768 ;
3185 4687 3611 4772 Ταῦταᾟλέπεω
3636 4705 3968 4771 ἀναγκαῖον.

708 4804 867 4857 gnam
893 4789 1292 4859 navigationem
1321 4793 1605 4854 instituere
1630 4813 1763 4855 ausa
1793 4802 1898 4856 es?
1925 4803 2004 4858 An
2031 4803 2273 4875 ignoras,

2383 4799 2508 4861 Πῶς
2533 4798 2590 4851 δὲ
2626 4799 2721 4851 καὶ
2749 4798 3053 4868 ἐτόλμησας
3075 4799 3298 4868 ποιῆσαι
3325 4801 3578 4853 τοσοῦτον
3611 4799 3778 4853 πλοῦν
3800 4816 3814 4864 ;
3838 4799 3974 4855 Οὐκ

706 4879 853 4970 quod
890 4881 1088 4937 mulier
1115 4885 1216 4951 sis,
1256 4895 1308 4940 et
1335 4887 1480 4956 quod
1501 4904 1775 4962 nunquam
1806 4893 2005 4951 debeas
2023 4899 2277 4966 prodire?

2381 4885 2546 4954 οἶδας,
2584 4891 2666 4943 ὃτι
2711 4891 2849 4962 γυνὴ
2881 4886 2951 4956 εἴ,
2989 4888 3084 4942 καί
3121 4888 3222 4942 οὐκ
3261 4889 3500 4970 ὀφείλεις
3547 4889 3968 4960 προσέρχεσθαι

709 4967 848 5023 Num
881 4971 1019 5028 forte
1048 4974 1152 5030 huc
1189 4977 1406 5042 venisti,
1438 4987 1500 5034 ut
1529 4981 1693 5039 abeas
1735 4984 1985 5050 Romam,
2024 4999 2079 5042 et
2125 4989 2276 5045 dicas

2379 4981 2635 5047 πώποτες
2662 4981 2694 5051 ἢ
2739 4982 2825 5035 ἵνα
2854 4979 3096 5053 ἀπέλθῃς
3123 4981 3203 5044 εἰς
3239 4967 3482 5051 Ῥώμην,
3514 4981 3610 5035 καὶ
3637 4981 3799 5051 εἴπῃς
3829 4981 3970 5044 ταῖς

711 5063 1070 5122 mulieribus:
1129 5067 1248 5124 Vidi
1287 5069 1613 5138 Arsenium;
1669 5088 1734 5128 ac
1785 5077 2025 5144 pervium
2069 5077 2274 5134 faciant

2378 5074 2643 5142 γυναιξὶν,
2665 5075 2747 5128 ὅτι
2793 5073 3046 5145 Ἑώρακα
3087 5073 3383 5144 ’Δρσένιον,
3413 5076 3509 5128 καὶ
3537 5075 3822 5145 ποιήσουσι
3849 5072 3970 5142 τὴν

711 5170 862 5211 mare
890 5158 1145 5214 mulieres
1180 5160 1247 5214 ad
1283 5178 1366 5218 me
1406 5165 1772 5219 ventitantes?
1811 5165 2108 5237 Respondit
2141 5171 2270 5225 illa:

2380 5166 2657 5220 θάλασσαν
2703 5165 2844 5231 ὁδὸν,
2882 5165 3158 5234 γυναικῶν
3205 5165 3517 5237 ἐρχομένων
3551 5165 3691 5237 πρός
3725 5180 3835 5234 μσς
3879 5163 3968 5219 Ἡ

711 5245 770 5300 Si
805 5247 1035 5304 Domino
1064 5252 1349 5321 placuerit,
1383 5255 1658 5311 neminem
1691 5257 1798 5314 huc
1836 5259 2020 5315 venire
2052 5262 2278 5330 permit-

2379 5259 2437 5312 δὲ
2481 5251 2666 5311 εἰπενο
2722 5257 2848 5311 Ἐὰν
2895 5257 3024 5329 θέλῃ
3067 5256 3290 5329 Κύριος,
3320 5258 3420 5312 οὐκ
3449 5257 3573 5328 ἀφῶ
3619 5275 3742 5312 τινα
3771 5256 3966 5312 nam

2015 5367 2246 5424 VARIA‘I
2285 5366 2663 5424 LECTIONES

739 5490 741 5493 .
777 5461 812 5534 ξ.
847 5450 952 5534 γῆς.
982 5450 1095 5534 91³.
1153 5473 1171 5506 ι
1214 5453 1350 5508 Cum
1386 5454 1773 5525 festinatione;
1832 5474 1958 5516 cum
2010 5462 2398 5534 indignatione.
2444 5481 2462 5514 ›
2538 5460 2570 5502 ἀ
2601 5459 2774 5517 Cotel.
2807 5461 3211 5533 φιλοφρονήσας
3236 5461 3454 5526 αὐτούς.

3554 5473 3578 5502 ο
3608 5461 3786 5519 Cotel.
3825 5463 3956 5521 Eva.

721 5522 739 5560 ί
772 5520 945 5577 Cotcl.
983 5523 1101 5576 ἕνα.

2211 5641 2446 5701 NOTAE.

781 5732 893 5808 (59)
936 5735 1008 5788 De
1048 5734 1230 5861 Mogse
1269 5756 1297 5795 c
1339 5707 1550 5795 latrone
1597 5753 1863 5797 converso
1909 5739 2018 5810 agit
2066 5739 2269 5798 Comm.

781 5819 865 5860 ev.
897 5821 1050 5861 num.
1081 5807 1116 5860 2
1157 5843 1171 5859 .

781 5735 893 5808 (59)
936 5735 1008 5788 De
1048 5735 1230 5860 Mogse
1269 5756 1297 5795 c
1339 5738 1550 5795 latrone
1597 5753 1863 5797 converso
1909 5739 2018 5810 agit
2066 5739 2269 5798 Comm.
2451 5739 2564 5808 (60)
2604 5737 2711 5793 Res
2737 5738 2854 5815 haec
2885 5746 3032 5809 gesta
3061 5749 3315 5824 narra‘lur
3343 5737 3395 5791 in
3437 5735 3538 5792 Vit.
3578 5735 3691 5822 PP:
3721 5735 3813 5790 lib.
3845 5751 3952 5806 vn,

743 5801 865 5860 ὅρι’.
897 5821 1050 5860 num.
1081 5807 1116 5860 2
1157 5843 1171 5859 .
2379 5826 2498 5860 can.
2536 5810 2619 5860 £8.
2654 5825 2805 5860 num.
2840 5810 2894 5860 2.
2935 5818 2988 5860 et
3017 5809 3161 5860 apud
3191 5809 3428 5860 Loteler.
3457 5823 3582 5860 Dan.
3613 5807 3739 5860 308.

706 5819 865 5871 ριιαιυ.
897 5821 1050 5861 num.

2379 5826 2498 5880 cap.
2536 5810 2619 5875 l8,
2654 5825 2805 5865 nutu.
2840 5807 2908 5876 ἓξ
2935 5818 2988 5866 et
3017 5809 3161 5880 apud
3191 5809 3428 5866 Cotelcr.
3456 5823 3582 5878 pag.
3613 5807 3739 5865 568.
