4170 6490
270 461 374 527 861

889 460 1170 522 ORATIO
1204 461 1344 521 XII.
1373 488 1441 497 —
1476 460 1857 521 LAUDATIO
1894 460 1956 520 S.
1993 459 2308 520 ARSENII
2343 459 2887 521 ANACIIORETRE.

3415 467 3521 532 862

270 546 377 604 ὦδε
403 566 417 580 ·
437 548 550 603 ἀλλ’
589 547 755 619 εὔχου
788 549 926 618 ὑπὲρ
957 547 1114 618 ἐμοῦ,
1147 549 1241 600 καὶ
1272 548 1578 618 μνημόνευε
1606 565 1706 618 μου
1734 548 1848 600 δια-

1958 555 2087 599 tam.
2119 548 2218 601 Ast
2271 563 2366 602 ora
2398 562 2496 617 pro
2529 563 2637 614 me,
2687 563 3010 618 semperque
3052 551 3160 606 mei
3199 555 3520 613 memoriam

272 641 500 702 παντός.
547 641 609 692 '0
646 641 705 692 δὲ
737 641 1073 709 ἀποκριθεὶς,
1110 638 1264 694 εἶπεν
1302 641 1460 711 αὐτῇ.
1495 638 1739 709 Εὖχομαι
1769 638 1847 707 τῷ

272 734 420 803 Θεῷ.
451 733 538 786 ῖνα
580 731 872 801 ἐξαλειφθῇ
909 731 970 784 τὸ
1006 733 1348 803 μνημόσυνόν
1378 749 1471 784 σου
1504 732 1568 784 ὲκ
1596 731 1693 798 τῆς
1731 731 1849 784 δια-

274 827 429 888 νοίας
469 842 592 894 μου.
630 823 818 877 Ταῦτα
845 822 1142 887 ἀκούσασα,
1179 823 1404 890 ἐξῆλθεν
1441 821 1846 892 τεταραγμένη.

277 919 393 970 Καὶ
417 917 492 980 ὡς
517 911 682 986 ἦλθεν
708 915 790 978 εις
809 913 908 984 τὴν
933 915 1106 979 πόλιν,
1129 915 1235 967 ἀπὸ
1266 914 1440 984 λύπης
1461 913 1619 967 ἔϐαλε
1648 913 1850 983 πυρέτ-

275 1026 414 1061 τειν.
445 1009 552 1060 Καὶ
579 1006 858 1077 ἀνηγγέλη
886 1005 964 1075 τῷ
990 1005 1168 1076 πάπᾳ,
1218 1007 1301 1058 δτι
1335 1004 1571 1058 ἀσθενεῖ.
1617 1005 1729 1057 Καὶ
1757 1004 1846 1057 ἑλ-

277 1099 394 1151 θὼν
423 1099 559 1168 πρὸς
598 1096 795 1166 αὐτὴν,
823 1095 1122 1164 παρεκάλει
1153 1094 1344 1164 μαθεῖν
1367 1093 1420 1146 τί
1453 1095 1621 1154 ἐστιν.
1650 1092 1680 1145 δ
1710 1093 1845 1161 ἔχει.

288 1190 353 1242 Ἦ
383 1191 439 1242 δὲ
462 1185 616 1242 εἶπεν
648 1186 827 1256 αὐτῷ’
853 1182 978 1238 Εἴθε
1004 1185 1077 1256 μὴ
1105 1186 1393 1256 ἀπήντησα
1417 1179 1520 1238 ὧδε
1545 1201 1560 1217 ο
1587 1181 1715 1236 εἶπα
1741 1183 1847 1253 γὰρ

275 1281 359 1349 τῷ
390 1281 643 1348 γέροντιο
695 1276 1017 1346 Μνημόνευέ
1069 1291 1210 1345 μου⁶
1246 1275 1342 1328 καὶ
1397 1272 1521 1328 εἶπέ
1570 1291 1698 1344 μοι,
1763 1274 1847 1326 ὅτι

279 1368 528 1437 Εὒχομαι
561 1365 639 1435 τῷ
664 1365 802 1434 Θεῷ,
839 1364 926 1416 ἴνα
956 1361 1246 1432 ἐξαλειφθῇ
1274 1362 1336 1414 τὸ
1369 1359 1716 1432 μνημόσυνόν
1751 1375 1845 1411 σου

279 1461 347 1510 ἐκ
400 1457 500 1526 τῆς
537 1455 776 1516 διανοίας
830 1471 952 1524 μου.
985 1453 1095 1507 Καὶ
1138 1452 1246 1506 ἰδοὺ
1276 1450 1387 1520 ἐγὼ
1414 1448 1740 1520 ἀποθνήσκω
1782 1449 1846 1500 ὲκ

275 1548 379 1615 τῆς
415 1545 610 1614 λύπης.
654 1545 762 1598 Καὶ
795 1543 946 1611 λέγει
984 1544 1122 1613 αὐτῇ
1165 1545 1193 1595 6
1229 1539 1676 1611 άρχιεπίσκοπος.
1731 1537 1846 1590 οὐκ

275 1633 426 1699 οἶδας
452 1637 533 1690 ὅτι
568 1634 705 1704 γυνὴ
733 1629 804 1700 εἷ,
833 1636 925 1688 καὶ
952 1635 980 1686 6
1007 1632 1198 1703 ἐχθρὸς
1219 1629 1462 1692 διάϐολος
1495 1628 1584 1681 διὰ
1611 1626 1719 1680 τῶν
1743 1643 1843 1694 γυ-

276 1728 484 1780 ναικῶν
513 1726 740 1796 πολεμεῖ
785 1726 912 1787 τοὺς
942 1724 1164 1792 ἀγίους;
1203 1722 1314 1775 Καὶ
1347 1720 1433 1774 διὰ
1455 1718 1615 1771 τοῦτο
1639 1712 1790 1770 εἶπεν
1817 1717 1846 1770 6

274 1819 462 1888 γέρων
481 1833 495 1848 ’
543 1835 608 1870 πε
619 1818 672 1886 pl
699 1817 806 1886 γὰρ
833 1817 930 1884 τῆς
954 1815 1131 1886 ψυχῆς
1157 1831 1250 1867 σου
1287 1812 1506 1881 εὔχεται
1530 1809 1842 1873 διαπαντός.

1952 636 2112 691 habe.
2162 639 2267 703 Qui
2302 639 2658 710 respondens,
2693 640 2830 693 dixit
2863 642 2979 694 illi:
3024 641 3208 699 Orabo
3236 643 3428 711 Deum,
3461 657 3522 704 ut

1948 731 2211 783 memoria
2264 732 2338 783 tui
2405 731 2648 785 deleatur
2676 749 2741 786 ex
2779 734 2962 787 animo
3019 749 3160 789 meo.
3218 735 3343 793 Hec
3393 755 3518 794 cum

1948 819 2231 884 andiisset,
2261 821 2430 875 exivit
2457 823 2804 876 conturbata.
2849 825 3025 893 Atque
3055 835 3112 878 ut
3141 829 3390 895 pervenit
3425 831 3518 885 :ad

1949 908 2249 972 civitatem,
2295 925 2406 978 pra:
2454 912 2668 965 tristitia
2716 913 2769 966 in
2823 912 3016 967 febrim
3051 916 3282 972 incidit:
3317 934 3518 972 renun-

1951 997 2259 1067 tiatumqne
2303 1011 2385 1054 est
2416 1016 2566 1071 papa:
2589 1003 2721 1073 (6|),
2747 1005 2889 1073 quod
2913 1017 3236 1074 aegrotaret;
3275 1011 3369 1079 qui
3394 1026 3516 1064 eam

1947 1090 2210 1146 accedens
2277 1093 2501 1159 rogabat
2566 1095 2852 1150 certiorem
2881 1112 2940 1152 se
2967 1099 3136 1162 reddi,
3181 1115 3292 1170 quo
3328 1103 3520 1158 morbo

1953 1177 2246 1235 laboraret.
2330 1182 2574 1253 Subiecit
2618 1183 2754 1240 illa:
2813 1184 3027 1242 Utinam
3087 1205 3362 1259 nunquam
3412 1193 3520 1248 huc

1947 1271 2251 1326 venissem!
2282 1274 2393 1327 dixi
2423 1276 2623 1330 etenim
2658 1276 2786 1331 Seni
2815 1295 2830 1336 :
2863 1279 3180 1335 Memoriam
3213 1282 3319 1336 mei
3355 1282 3517 1350 habe,

1947 1371 2000 1416 et
2030 1364 2310 1432 respondit
2339 1384 2351 1419 :
2400 1361 2577 1420 Orabo
2616 1365 2810 1432 Deum,
2839 1378 2896 1423 ut
2938 1371 3199 1425 memoria
3233 1375 3306 1426 tui
3335 1373 3516 1427 delea-

1945 1459 2034 1505 tur
2095 1467 2162 1506 ex
2213 1453 2394 1509 animo
2437 1471 2577 1510 meo.
2627 1453 2694 1509 Et
2736 1471 2858 1512 ecce
2885 1459 3086 1513 morior
3112 1475 3212 1529 ego
3251 1476 3360 1530 prae
3418 1462 3517 1516 tri-

1943 1542 2114 1607 stitia,
2153 1541 2388 1597 Rursum
2439 1546 2933 1615 archiepiscopus:
2990 1548 3106 1602 Non
3152 1552 3316 1615 nosti,
3370 1553 3516 1621 quod

1944 1632 2142 1686 mulier
2198 1633 2296 1697 sis,
2338 1643 2391 1688 et
2435 1635 2578 1703 quod
2632 1637 2806 1692 hostis
2853 1638 3106 1695 diabolus
3132 1656 3227 1710 per
3256 1643 3514 1699 mulieres

1945 1723 2222 1794 impugnet
2281 1729 2536 1781 sanctos!
2574 1727 2743 1796 quue
2786 1729 2907 1784 ideo
2937 1730 3074 1784 dixit
3114 1731 3288 1787 Senex
3326 1750 3340 1786 :
3386 1748 3513 1788 nam

1946 1827 2044 1881 pro
2091 1815 2275 1869 anima
2319 1825 2409 1870 tua
2437 1817 2656 1872 assidue
2703 1829 2844 1873 orat.
2873 1819 2939 1874 Et
2983 1821 3063 1876 sic
3092 1837 3247 1877 mens
3280 1821 3400 1890 ejus
3431 1837 3516 1878 re-

276 1879 392 1962 ῖίαὶ
417 1908 590 1970 οὕτως
610 1879 950 1978 ἐθεραπεύθη
1025 1879 1281 1975 λογισμὸς
1311 1879 1501 1972 αύ-τῆς,
1524 1902 1619 1955 καὶ
1637 1899 1848 1970 ἀπῆλθε

1950 1879 2130 1959 creata
2162 1914 2278 1974 est;
2308 1917 2360 1960 et
2388 1923 2513 1963 cum
2544 1910 2742 1980 gaudio
2770 1910 3017 1967 discessit
3045 1911 3111 1966 ad
3136 1879 3352 1982 propria
3374 1912 3510 1982 (62).

281 2000 424 2068 μετὰ
453 1999 628 2068 χαρᾶς
666 2000 746 2060 είς
784 1999 853 2050 τά
883 1997 1010 2052 ἴδια.
1063 1997 1126 2048 Ἦ
1164 1997 1263 2066 μὲν
1288 1991 1383 2048 οὖν
1423 1993 1644 2065 ἡσυχία,
1690 1995 1783 2046 καὶ
1812 1994 1847 2064 ὴ

275 2091 586 2161 ἀπάντησις
612 2089 836 2160 τοιαύτη
863 2087 956 2141 τοῦ
1005 2085 1308 2156 Ἀρσενίου.

877 2199 1126 2253 ΚΕΦΑΛ.
1169 2197 1244 2251 B'.

1951 1990 2018 2050 Et
2091 1996 2216 2052 talis
2280 1999 2498 2069 quidem
2559 2001 2773 2056 Arsenii
2825 2016 3074 2058 secessus
3126 2011 3182 2058 et
3237 2018 3503 2060 occursus

1949 2084 2074 2142 fuit.

2561 2200 2788 2258 CAPUT
2825 2202 2890 2258 ll.

297 2317 513 2372 Donum
544 2313 799 2368 orationis
827 2319 875 2366 et
905 2313 1291 2383 lacrymarum;
1327 2311 1540 2390 signi-lim,
1582 2311 1916 2390 documenta,
1959 2310 2112 2390 fabor
2139 2329 2433 2390 ni_anuum_,-
2474 2316 2840 2386 mortiﬁcatio,
2877 2326 3196 2388 paupertas;
3227 2318 3516 2390 discipulo-

1233 2398 1351 2433 rum
1384 2382 1646 2447 dimissio,
1677 2391 1726 2435 et
1768 2380 2059 2446 adniissio,‘
2085 2384 2279 2436 reditus
2305 2385 2359 2437 in
2389 2383 2579 2440 Troen.

355 2508 444 2570 ιγ’.
479 2499 657 2569 Εύχῆς
687 2496 743 2550 δὲ
775 2497 867 2549 καὶ
893 2495 1386 2566 ταπεινοφροσύνης
1415 2496 1602 2564 χάρισι
1633 2495 1716 2558 τίς
1749 2495 1835 2549 οὔ.

276 2613 389 2658 τως
426 2593 800 2660 ὲκεκόσμητο;
855 2589 965 2641 Καί
1018 2605 1103 2651 τις
1154 2589 1254 2658 μὲν
1305 2588 1513 2660 μάρτυς
1555 2591 1583 2641 6
1619 2588 1846 2657 ἀδελφὸς

279 2689 511 2748 ἐκεῖνος,
540 2685 568 2734 6
602 2678 927 2750 παραϐαλὼν
948 2681 1005 2733 ὲν
1032 2679 1110 2749 τῷ
1145 2679 1339 2748 κελλίῳ
1368 2678 1462 2732 τοῦ
1492 2679 1763 2749 γέροντος,
1788 2679 1847 2743 ὃς

280 2774 538 2847 προσχὼν
570 2772 656 2826 διὰ
680 2772 775 2840 τῆς
802 2772 1015 2842 θυρίδος
1054 2771 1221 2835 ἔνδον,
1259 2770 1455 2838 θεωρεῖ
1497 2770 1586 2823 τὸν
1617 2769 1850 2840 γέροντα

279 2869 404 2922 ὅλον
435 2866 508 2927 ὡς
539 2863 668 2934 πῦρ.
700 2857 806 2915 Ἦν
838 2862 930 2915 καὶ
961 2862 1108 2928 ἄξιος
1131 2863 1160 2914 6
1187 2860 1410 2929 ἀδελφὸς
1437 2859 1530 2913 τοῦ
1563 2861 1705 2914 ἰδεῖν.
1740 2862 1850 2915 Καὶ

279 2961 358 3021 ὼς
391 2958 669 3026 ἔκρουσεν,
705 2952 927 3024 ἐξῆλθεν
974 2955 1002 3006 6
1037 2953 1213 3023 γέρων
1237 2969 1251 2981 ·
1287 2953 1380 3005 καὶ
1425 2951 1547 3004 ἰδὼν
1577 2952 1668 3004 τὸν
1700 2951 1852 3004 ἀδελ-

279 3049 386 3117 φὸν
443 3045 736 3115 ἐκθαμϐον,
788 3045 936 3114 λέγει
984 3042 1161 3116 αὐτῷ’
1224 3044 1410 3112 Ἔχεις
1458 3041 1657 3112 πολλὴν
1700 3041 1850 3112 ὥραν

2011 2495 2105 2552 15.
2143 2497 2263 2553 Jam
2288 2514 2416 2555 vero
2440 2501 2564 2570 quis
2592 2502 2852 2560 orationis
2870 2511 2924 2559 et
2947 2504 3271 2561 humilitatis
3297 2506 3514 2563 dotibus

1949 2586 2202 2641 ornatior
2236 2587 2328 2641 illo
2385 2590 2631 2645 exstitit?
2674 2592 2842 2662 Cujus
2889 2594 3106 2663 quidem
3142 2597 3216 2650 rei
3249 2598 3402 2652 testis
3432 2607 3516 2653 est

1948 2675 2113 2731 frater
2168 2677 2279 2742 ille,
2314 2679 2406 2747 qui
2447 2680 2516 2734 ad
2566 2681 2758 2736 cellam
2809 2683 2959 2738 senis
2996 2684 3296 2756 digressus,
3329 2697 3382 2742 et
3411 2689 3514 2742 ob-

1952 2780 2174 2821 servans
2202 2783 2299 2836 per
2326 2767 2618 2824 fenestram
2649 2785 2731 2835 ea,
2767 2787 2890 2843 quas
2934 2773 3136 2828 fiebant
3173 2774 3345 2835 intus.
3368 2778 3516 2833 videt

1950 2869 2132 2909 senem
2183 2864 2378 2921 totum,
2433 2858 2591 2926 quasi
2647 2858 2825 2930 ignem
2884 2861 2962 2931 (et
3013 2876 3145 2917 sane
3173 2864 3372 2933 dignus
3397 2875 3516 2920 erat

1951 2942 2118 3000 frater
2162 2947 2264 3001 ista
2291 2948 2517 3017 videre).
2573 2949 2749 3005 Simul
2779 2959 2944 3018 atque
2969 2953 3014 3008 is
3045 2955 3300 3022 pulsavit,
3331 2971 3516 3026 egres-

1951 3051 2045 3092 sus
2067 3047 2151 3092 est
2176 3053 2363 3102 senex,
2397 3040 2697 3111 vidensque
2735 3041 2958 3097 fratrem
2996 3053 3219 3112 stupore
3250 3046 3513 3112 defixum,

280 3138 533 3210 κρούωνς
582 3137 674 3209 Μή
716 3137 769 3190 τί
803 3153 933 3189 ποτε
963 3133 1103 3199 εἶδες
1146 3128 1282 3200 ὦδε;
1322 3134 1431 3187 Καὶ
1466 3130 1646 3186 εἶπεν·
1691 3127 1844 3203 Οὐχί.

1949 3129 2077 3184 dicit
2104 3132 2153 3184 ei
2191 3147 2205 3183 :
2240 3129 2324 3183 An
2357 3145 2388 3184 a
2433 3133 2604 3186 multo
2657 3141 2895 3201 tempore
2947 3135 3208 3204 pulsasti?
3246 3135 3515 3193 Numnam

279 3230 396 3285 Kal
444 3228 684 3298 λαλήσας
723 3227 891 3295 αὐτῷ,
917 3225 1206 3280 ἀπέλυσεν.
1265 3226 1362 3288 Τὶς
1393 3225 1450 3278 δὲ
1483 3227 1511 3278 6
1544 3223 1731 3287 εἰπὼν,
1770 3226 1850 3276 δτι

279 3320 476 3389 ὥσπερ
513 3317 685 3380 οὐδεὶς
725 3316 819 3370 τοῦ
864 3316 1124 3369 παλατίου
1169 3316 1355 3387 ὲφόρει
1404 3315 1648 3385 βελτίονα
1686 3313 1850 3369 αὑτοῦ

280 3409 490 3479 ἐσθῆτα
536 3409 595 3460 ὲν
636 3409 746 3470 τοῖς
778 3406 1069 3477 βασιλείοις
1098 3407 1319 3476 διάγων,
1352 3406 1522 3467 οὕτως
1548 3407 1668 3459 οὐδὲ
1700 3409 1757 3458 ὲν
1784 3409 1849 3476 τῇ

282 3501 552 3572 ἐκκλησίᾳ
590 3501 689 3570 τῆς
736 3499 986 3568 Σκήτεως
1016 3495 1448 3567 προσερχόμενος
1471 3493 1853 3561 εὐτελεστέραν

281 3590 450 3645 αὐτοῦ
481 3590 639 3653 ἄλλος
671 3589 958 3659 ὲφόρησεν.
993 3587 1122 3639 Ὅτε
1150 3587 1245 3640 καὶ
1272 3585 1426 3655 ἐδόθη
1459 3583 1589 3637 ποτε
1615 3585 1694 3646 είς
1719 3583 1854 3652 Σκῆ-

281 3700 370 3736 τιν
402 3681 539 3751 πρὸς
570 3682 725 3748 ὀλίγα
760 3679 990 3748 ἰσχάδια,
1024 3677 1121 3730 καὶ
1157 3676 1231 3740 ὡς
1264 3675 1428 3747 μηδὲν
1462 3675 1589 3729 δντα
1616 3676 1716 3729 οὑκ
1744 3677 1852 3728 ἀπ-

283 3773 524 3826 έστειλεν
556 3771 633 3841 τῷ
673 3768 953 3840 Ἀρσενίῳ,
981 3768 1057 3829 ὡς
1080 3767 1168 3821 ἵνα
1203 3766 1277 3837 μὴ
1311 3765 1468 3836 ὕϐριν
1501 3765 1666 3840 πάθῃ.
1703 3765 1763 3819 Ὀ
1795 3767 1851 3821 δὲ

282 3866 466 3933 γέρων
498 3861 733 3923 ἀκούσας
753 3901 767 3924 ,
802 3859 900 3911 οὐκ
929 3853 1091 3928 ἦλθεν
1122 3859 1200 3920 είς
1231 3857 1331 3928 τὴν
1360 3856 1597 3923 σύναξιν,
1640 3856 1813 3924 λέγων
1832 3872 1848 3889 ο

298 3947 624 4019 Ἥφορίσατέ
661 3965 750 4016 μοι
780 3945 874 3999 τοῦ
919 3944 993 4014 μὴ
1020 3943 1201 3997 δοῦναί
1241 3961 1331 4014 μοι
1352 3944 1454 4012 τὴν
1483 3943 1752 4010 εὐλογίαν,
1785 3944 1852 4012 ἢν

285 4039 531 4109 ἔπεμψεν
551 4041 579 4091 6
604 4038 734 4100 Θεὸς
757 4038 868 4098 τοῖς
905 4033 1172 4102 ἀδελφοῖς,
1208 4035 1273 4104 ἢν
1305 4033 1405 4086 οὐκ
1430 4033 1548 4104 εἰμὶ
1576 4034 1724 4099 ἄξιος
1754 4033 1851 4086 λα-

284 4132 424 4183 ϐεῖν.
457 4130 563 4181 Καὶ
591 4130 828 4200 ἥκουσαν
857 4127 1075 4188 πάντες,
1107 4124 1204 4177 καὶ
1245 4122 1606 4194 ὠφελήθησαν
1649 4124 1729 4186 είς
1751 4124 1852 4194 τὴν

283 4220 611 4273 ταπείνωσιν
667 4219 759 4272 τοῦ
817 4217 1091 4286 γέροντος.
1159 4215 1269 4268 Καὶ
1319 4213 1570 4267 ἀπελθὼν
1628 4216 1658 4267 6
1719 4231 1851 4284 πρε-

285 4307 547 4380 σϐύτερός
600 4309 806 4376 ἢγαγεν
854 4306 1013 4360 αὑτὸν
1055 4306 1135 4368 είς
1173 4305 1273 4375 τὴν
1317 4302 1536 4368 σύναξιν
1574 4304 1711 4374 μετὰ
1749 4322 1848 4374 χα-

285 4401 410 4472 ρᾶς·

359 4574 443 4627 ιδ’.
477 4572 551 4626 Τδ
576 4572 632 4625 δὲ
669 4573 932 4644 διερωτᾷν
962 4572 1146 4636 αὐτὸν.
1183 4575 1275 4628 καὶ
1306 4574 1382 4646 μὴ
1422 4578 1649 4646 στοιχεῖν
1677 4577 1738 4629 ἐν
1773 4575 1850 4646 τῷ

291 4665 412 4734 ῖδίῳ
442 4663 647 4734 σκοπῷ,
678 4665 738 4716 ού
767 4663 1146 4727 ταπεινώσεως
1169 4667 1366 4734 ἔργονς
1397 4668 1599 4738 καίπερ
1629 4668 1850 4735 γνώσει,

288 4756 388 4808 καὶ
416 4755 630 4807 συνέσει
671 4755 763 4807 καὶ
791 4755 951 4825 σοφίᾳ
980 4755 1468 4825 κατηγλαῖσμένος.
1492 4759 1681 4813 Τοίνυν
1715 4777 1852 4812 πυν-

287 4846 587 4915 θανόμενον
615 4845 775 4899 αὐτόν
799 4846 927 4898 ποτέ
949 4863 1068 4898 τινα
1093 4846 1389 4913 Αίγύπτιον
1413 4849 1542 4918 περὶ
1568 4851 1674 4903 τῶν
1707 4851 1853 4904 ίδίων

286 4935 584 5005 λογισμῶν,
634 4934 759 4988 ίδὼν
803 4935 963 4987 αὐτὸν
1000 4935 1185 5006 ἕτερος
1222 4938 1331 4990 τῶν
1363 4939 1626 5007 ἀδελφῶν,
1661 4935 1848 4993 εἶπενο

297 5027 474 5084 ’Δϐϐᾶ
513 5027 775 5098 Ἀρσένιε,
817 5027 934 5091 πῶς
978 5027 1246 5098 τοσαύτην
1286 5030 1568 5084 παίδευσιν
1614 5032 1852 5102 Ῥωμαῖ-

1952 3219 2155 3288 aliquid
2189 3219 2275 3274 hic
2305 3220 2532 3275 vidisti?
2573 3220 2676 3288 Qui
2706 3223 2842 3276 dixit
2873 3241 2887 3277 :
2919 3222 3298 3295 Nequaquam.
3326 3226 3393 3281 Et
3428 3227 3516 3296 ip-

1950 3324 2071 3364 sum
2121 3309 2409 3375 allocutus,
2468 3311 2682 3367 dimisit
2731 3314 2972 3382 (63-64).
3028 3315 3153 3372 Fuit
3207 3320 3300 3386 qui
3356 3319 3516 3384 dixit,

1949 3399 2114 3468 quod,
2146 3400 2286 3453 sicut
2317 3414 2476 3453 nemo
2504 3401 2558 3455 in
2598 3403 2797 3471 palatio
2826 3413 3061 3474 gestaret
3093 3407 3516 3474 splendidiorem

1951 3499 2178 3557 vestem,
2213 3492 2378 3560 quam
2410 3493 2549 3562 ipse.
2587 3495 2808 3563 quando
2836 3495 3064 3563 degebat
3095 3499 3147 3551 in
3191 3499 3310 3553 aula
3353 3501 3519 3570 impe-

1950 3583 2181 3650 ratoris;
2208 3585 2288 3638 sic
2321 3600 2481 3640 nemo
2513 3601 2624 3656 prae
2669 3588 2786 3656 ipso
2821 3588 2963 3643 alius
2996 3591 3219 3659 gestarit
3246 3591 3516 3658 viliorem,

1950 3682 2233 3742 postquam
2256 3675 2321 3728 ad
2353 3683 2555 3729 ccetum
2599 3674 2839 3731 Sceticos
2868 3679 3194 3734 accessisset
3217 3680 3328 3750 (65)
3379 3683 3517 3737 Cum

1948 3763 2238 3833 aliquando
2267 3765 2319 3818 in
2351 3764 2495 3820 Sceti
2527 3765 2771 3834 paucula:
2799 3767 2993 3821 caricae
3024 3768 3506 3837 distribuerentur;

1947 3869 2042 3909 eas
2097 3863 2354 3923 tanquam
2409 3870 2494 3910 res
2544 3855 2700 3908 nihili
2745 3856 2973 3910 Arsenio
3004 3871 3108 3911 non
3140 3859 3422 3924 miserunt,
3459 3872 3518 3916 ut

1949 3960 2018 4000 ne
2074 3944 2270 4011 injuria
2315 3943 2636 3999 alﬁceretur.
2675 3945 2794 4010 Quo
2851 3946 3060 4014 audito,
3118 3962 3226 4002 non
3277 3951 3420 4005 venit
3447 3953 3517 4007 ad

1949 4036 2231 4091 collectam
2293 4050 2478 4102 senex,
2534 4036 2766 4091 dicens:
2822 4035 3160 4107 Segregastis
3221 4055 3344 4104 me,
3405 4058 3516 4098 non

1949 4125 2128 4180 dando
2167 4125 2297 4178 mihi
2345 4125 2615 4195 eulogiam
2651 4125 2785 4195 (66),
2839 4141 3001 4195 quam
3042 4127 3192 4182 misit
3222 4127 3366 4184 Deus
3399 4129 3514 4185 fra-

1949 4215 2164 4279 tribus;
2205 4228 2367 4283 qnam
2402 4229 2510 4267 non
2543 4228 2664 4268 sum
2702 4214 2904 4285 dignus
2932 4216 3203 4285 accipere.
3235 4216 3300 4272 Et
3333 4219 3519 4275 audie-

1950 4313 2080 4359 runt
2111 4319 2322 4367 omnes,
2352 4303 2714 4373 mdiﬁcatique
2754 4313 2884 4361 sunt
2925 4305 2980 4360 in
3011 4305 3321 4361 humilitate
3346 4310 3516 4367 senis.

1950 4396 2018 4450 Et
2056 4396 2244 4452 abiens
2275 4395 2558 4466 presbyter
2585 4394 2698 4468 (67)
2725 4399 2884 4454 duxit
2921 4399 3098 4470 ipsum
3131 4399 3200 4454 ad
3232 4401 3517 4458 collectam

1880 4486 1922 4540 ο
1949 4502 2074 4542 cum
2101 4487 2317 4558 gaudio.

2025 4577 2111 4630 lt.
2153 4579 2232 4633 Ad
2282 4579 2418 4647 haec,
2481 4580 2626 4650 quod
2690 4581 3047 4651 interrogaret
3097 4581 3254 4648 alios,
3306 4598 3519 4654 suoque

1946 4668 2265 4737 neutiquam
2294 4668 2563 4724 arbitratu
2589 4669 2932 4738 procederet,
2972 4685 3152 4724 nonne
3190 4671 3518 4729 humilitatis

1952 4767 2035 4812 est
2060 4757 2241 4826 opus?
2283 4759 2498 4813 tametsi
2532 4759 2744 4821 notitia,
2781 4758 3134 4828 intelligentia
3161 4773 3228 4813 ac
3251 4761 3517 4829 sapientia

1953 4847 2343 4904 ornatissimus
2369 4847 2530 4904 foret.
2585 4847 2720 4902 Dum
2775 4849 2960 4916 itaque
2996 4849 3235 4916 quodam
3273 4859 3518 4919 tempore

1952 4937 2268 5008 Egyptium
2332 4941 2570 5010 aliquem
2633 4947 3046 5007 percontaretur
3067 4939 3135 4994 de
3180 4940 3520 5009 cogitationi-

1950 5029 2053 5086 bus
2079 5031 2218 5095 suis,
2246 5031 2387 5088 alius
2411 5031 2630 5102 quidam
2660 5032 2891 5086 fratrum
2936 5030 3116 5100 ipsum
3142 5033 3516 5104 conspicatus,

1790 5162 2026 5219 NOTE.

361 5275 476 5346 (6|)
514 5273 605 5346 ’1ξῷ
625 5272 902 5346 πάπᾳδιθ
922 5285 1146 5333 vocatus
1168 5277 1268 5331 fuit
1285 5277 1592 5346 patriarcha
1616 5279 1850 5334 Alexan-

284 5345 518 5417 drinus._
543 5343 754 5417 Videsis
795 5343 1122 5417 Glossarium
1160 5343 1402 5417 ercum
1445 5348 1659 5417 Cangii.
1689 5349 1850 5403 Cote-

286 5413 598 5488 lerhltabgt
632 5413 733 5488 τῷ⁸
748 5415 997 5488 μακαρίῳ
1036 5416 1276 5486 Θεοφίλῳ
1307 5413 1845 5488 τῷνάρχιεὲιισκόπῳ.

363 5482 508 5556 (62L
540 5481 642 5536 Vit.
682 5481 818 5556 ’I‘P.
847 5481 985 5556 _lib.'_
1014 5498 1097 5548 Ill,
1143 5481 1264 5555 pag:
1312 5481 1540 5556 Sllf'e't
1577 5488 1746 5544 libell.
1788 5481 1848 5556 '2,

289 5567 448 5624 num.
477 5551 561 5624 ’ζμΔ
585 5552 1074 5624 et_apud_Coteler.
1103 5551 1238 5624 pag:
1258 5555 1382 5610 360.

361 5619 571 5690 (63-66)
617 5618 730 5692 iiit.
761 5618 878 5674 PP.
920 5621 1015 5676 lih.
1048 5618 1303 5687 v,'libell.
1349 5625 1434 5692 18,
1471 5640 1622 5680 num.
1658 5627 1710 5692 1,
1734 5626 1842 5682 Co-

288 5689 447 5744 teler.
479 5705 598 5758 pag.
637 5689 760 5743 360.

363 5757 503 5838 (65);
538 5757 641 5838 [δι.
686 5758 825 5838 _PP.
860 5757 1109 5838 lil).__|_t_i,
1158 5778 1281 5834 pag.
1332 5763 1457 5832 506,
1515 5764 1682 5821 libell.
1744 5766 1838 5834 15,

287 5843 446 5888 num.
472 5827 526 5899 6,
548 5828 782 5887 Coteler.
816 5845 935 5902 pag.
966 5830 1086 5885 355.

2027 5282 2139 5353 (66)
2180 5282 2465 5351 Εὑλογίαν.
2495 5281 2595 5339 llic
2616 5281 2853 5352 intellige
2872 5281 3122 5353 edulium
3140 5281 3516 5353 benedictione

1954 5351 2257 5408 sacerdotis
2305 5363 2706 5417 consecratum,
2743 5351 2888 5420 quod
2938 5362 3060 5421 post
3109 5351 3301 5407 Missas
3352 5354 3515 5409 alicui

1954 5422 2084 5477 dare
2138 5424 2220 5478 vel
2267 5423 2660 5485 transmittere,
2696 5432 2814 5476 erat
2850 5423 3066 5486 signum
3108 5423 3514 5479 communionis

1952 5503 2005 5548 et
2033 5493 2341 5559 cluat-italis,
2374 5493 2450 5546 uti
2485 5492 2688 5547 videsis
2716 5493 2859 5561 apud
2891 5490 3250 5563 Rosweydum
3278 5492 3332 5545 in
3366 5491 3514 5547 Ono-

1952 5575 2197 5617 masttco.

2021 5633 2133 5701 (67)
2172 5632 2406 5701 Coteleri.
2439 5647 2561 5699 pag.
2591 5629 2696 5684 356
2733 5630 2925 5701 addit:
2966 5650 2983 5680 ι
3018 5630 3240 5687 Caricas
3274 5630 3325 5701 ei
3353 5630 3512 5685 detu-

1949 5698 2040 5768 lit;'
2071 5721 2088 5753 ι
2110 5698 2163 5757 et
2196 5702 2298 5755 Vit.
2323 5698 2552 5755 PP.’lib.
2580 5717 2631 5766 ν,
2652 5699 2817 5758 libell.
2847 5700 2934 5768 55,
2961 5717 3112 5756 num.
3133 5702 3199 5756 8:
3227 5721 3244 5754 ι
3269 5698 3511 5756 Portavit

1947 5772 1995 5828 ei
2028 5771 2093 5828 de
2119 5773 2315 5827 caricis
2351 5771 2478 5826 illis.
2509 5791 2526 5821 ι
