4170 6470
678 422 788 486 863

1878 420 1937 479 S.
1978 415 2369 478 THEODORI
2420 412 2762 475 STUDITzE

3801 413 3910 480 864

676 533 810 588 dixit
839 550 853 587 :
908 527 1055 584 Abba
1104 530 1318 595 Arseni,
1359 531 1635 600 quomodo
1663 537 1744 595 tu,
1781 529 1875 599 qui
1907 537 2058 583 tanta
2085 527 2234 581 vales

2337 522 2436 594 κήν
2463 525 2557 577 καὶ
2593 523 2913 596 Ἑλληνικὴν
2955 524 3337 594 ἐπιστάμενος,
3369 525 3556 579 τοῦτον
3584 525 3677 578 τὸν
3719 527 3910 596 ἀγροῖο

675 624 979 680 eruditione
1012 624 1251 677 Romana
1297 641 1360 679 ac
1382 625 1591 687 Grmca,
1625 633 1893 694 agrestem
1926 624 2086 678 istum
2121 637 2235 691 per-

676 717 923 772 contaris
975 717 1039 770 de
1090 717 1197 770 tuis
1224 715 1686 783 cogitationibus?
1719 713 1820 769 Cui
1852 713 2040 767 beatus
2077 728 2091 765 :
2123 712 2232 767 Ro-

678 825 892 864 manam
937 808 1157 878 quidem
1191 819 1243 861 et
1271 807 1510 861 Graecam
1553 807 1895 877 disciplinam
1925 806 2035 877 (68)
2067 807 2189 860 novi
2217 823 2230 870 ;

677 901 1023 970 alphabetum
1064 915 1192 954 vero
1217 899 1384 968 hujus
1428 902 1655 969 agrestis
1695 899 1923 954 necdum
1949 899 2134 953 didici.
2173 897 2238 952 Et

673 1007 802 1044 vero
824 992 1077 1060 quidnam
1107 1002 1328 1046 sanctus
1355 991 1626 1060 significat
1666 991 1768 1046 hac
1805 991 1896 1044 re?
1922 988 2096 1056 Quod,
2133 989 2237 1044 nisi

673 1084 795 1150 quis
826 1099 920 1152 per
969 1099 1150 1136 veram
1200 1083 1555 1137 humilitatem
1604 1093 1729 1137 ante
1761 1083 1942 1138 omnia
1983 1081 2236 1151 alphabe-

673 1184 786 1227 tum
817 1175 1008 1234 disc:nt,
1044 1175 1095 1226 in
1126 1175 1379 1229 secundis
1421 1189 1626 1243 ponens
1669 1185 1927 1242 tanquam
1963 1173 2014 1227 in
2053 1188 2238 1228 acces-

672 1263 822 1317 sorio
873 1277 1087 1316 omnem
1137 1262 1467 1316 mundanam
1519 1262 1884 1330 sapientiam,
1941 1261 2152 1317 etiamsi
2185 1262 2236 1314 iu

673 1353 819 1407 omni
859 1354 1186 1408 exercitatus
1224 1353 1388 1407 fuerit
1416 1353 1725 1423 disciplina,
1766 1368 1949 1408 revera
2000 1353 2154 1408 rudis
2183 1362 2238 1408 et

674 1443 1080 1499 indoctissimus
1111 1443 1202 1498 sit.
1237 1442 1432 1497 lterum
1467 1444 1649 1512 itaque
1690 1443 2042 1512 interrogavit
2066 1460 2190 1498 eum
2220 1462 2234 1498 :

670 1533 955 1599 Quomodo
982 1551 1076 1590 nos
1103 1551 1165 1589 ex
1191 1544 1337 1589 tanta
1363 1535 1668 1590 eruditione
1690 1544 1744 1589 et
1787 1535 2072 1604 sapientia,
2104 1535 2236 1589 nihil

671 1623 850 1695 [lxini]
885 1624 1186 1690 habemus;
1245 1623 1482 1696 Egyptii
1522 1637 1700 1679 autem
1743 1625 1830 1678 isti
1863 1634 2040 1680 tantas
2063 1625 2239 1695 possi-

669 1716 798 1770 dent
837 1717 1105 1771 virtutes?
1162 1717 1472 1786 Respondet
1546 1715 1808 1770 Arsenius
1842 1733 1854 1769 :
1904 1714 2012 1770 Nos
2054 1731 2117 1770 ex
2150 1731 2240 1770 sa-

2335 631 2428 667 κον
2458 614 2587 683 περὶ
2611 614 2720 666 τῶν
2763 614 2873 668 σῶν
2900 617 3108 687 ἐρωτᾷς
3129 615 3404 685 λογισμῶν
3425 633 3440 683 ;
3466 617 3573 670 Καὶ
3593 617 3622 668 6
3644 619 3914 687 μακάριος

2335 706 2437 774 ἔφη
2461 720 2476 735 ⁸
2504 706 2622 774 Τὴν
2654 706 2750 775 μὲν
2790 707 3107 777 Ῥωμαικὴν
3137 707 3235 760 καὶ
3275 705 3599 777 Ἑλληνικὴν
3629 707 3913 759 παίδευσιν

2335 793 2584 862 ῐσταμαι,
2608 792 2698 845 τὸν
2721 793 2777 846 δὲ
2801 793 3110 864 ἀλφάσητον
3131 793 3226 847 τοῦ
3254 795 3513 864 ἀγροίκου
3541 796 3733 848 τούτου
3757 794 3914 847 οὕπω

2338 882 2652 950 μεμάθηκα.
2683 881 2748 933 Τί
2811 882 2963 952 δηλοῖ
3021 883 3050 936 6
3083 882 3234 949 ἀγιος
3290 885 3347 935 ιν
3394 883 3601 951 τούτῳ;
3639 883 3760 935 Ὀτι
3805 884 3916 936 κᾶν

2336 975 2516 1025 πᾶσαν
2556 973 2836 1026 παίδευσιν
2960 991 3045 1036 τις
3078 973 3417 1044 ὲξησκηκὼς,
3457 975 3532 1044 μὴ
3560 975 3659 1045 τὴν
3695 974 3784 1028 διὰ
3811 992 3914 1028 τα-

2337 1064 2644 1127 πεινώσεως
2680 1064 2913 1135 ἀληθοῦς
2939 1065 3255 1136 ἀλφάὁητον
3286 1067 3345 1119 έν
3373 1065 3608 1138 πρώτοις
3642 1067 3824 1136 μάθοι,
3855 1068 3914 1118 ὲν

2343 1151 2582 1223 δευτέρῳ
2609 1154 2780 1214 τιθεὶς
2800 1155 2876 1218 ὼς
2897 1159 2954 1209 ὲν
2984 1157 3248 1227 παρέργῳ
3278 1159 3460 1211 πᾶσαν
3491 1157 3684 1225 σοφίαν
3717 1174 3916 1226 κοσμι-

2337 1242 2460 1313 κὴν,
2487 1245 2810 1308 ἀπαίδευτός
2841 1247 2958 1300 ἔστι
2986 1247 3064 1316 τῷ
3089 1248 3223 1311 δντι,
3250 1249 3342 1301 καὶ
3368 1247 3764 1318 ἀμαθέστατος.
3799 1249 3916 1302 Πά-

2336 1333 2422 1386 λιν
2453 1331 2545 1387 οὖν
2571 1335 2924 1407 ἐπηρώτησεν
2947 1340 3129 1392 αὐτόν’
3167 1339 3290 1400 Πῶς
3313 1339 3473 1409 ἡμεῖς
3501 1337 3610 1393 ἀπὸ
3639 1339 3915 1410 τοσαύτης

2339 1425 2669 1490 παιδεύσεως
2725 1428 2818 1480 καὶ
2867 1429 3060 1496 σοφίας
3109 1429 3262 1483 οὐδὲν
3309 1430 3544 1501 ῑχομεν,
3572 1425 3718 1486 οὗτοι
3755 1431 3812 1484 δὲ
3860 1432 3912 1483 οί

2337 1516 2621 1582 Αίγύπτιοι
2649 1518 2916 1581 τοσαύτας
2945 1519 3144 1588 ἀρετὰς
3169 1521 3461 1589 κέκτηνται
3484 1539 3498 1588 ;
3521 1521 3686 1590 Λέγει
3709 1521 3861 1591 αὐτῷ
3884 1524 3914 1575 6

2351 1607 2657 1678 Ἀρσένιοςο
2700 1609 2892 1678 Ἡμεῖς
2923 1611 3032 1663 ἀπὸ
3061 1611 3161 1680 τῆς
3200 1611 3293 1664 τοῦ
3325 1611 3534 1682 κόσμου
3571 1612 3913 1673 παιδεύσεως

2337 1699 2490 1752 οὐδὲν
2519 1699 2715 1769 ἔχομεν
2736 1716 2749 1731 ο
2782 1694 2928 1754 οῦτοι
2955 1701 3011 1754 δὲ
3038 1703 3088 1755 οῖ
3123 1703 3410 1770 Αἰγύπτιοι
3444 1704 3540 1757 καὶ
3564 1703 3773 1759 ἰδιῶται
3801 1705 3914 1758 ἀπὸ

671 1808 870 1876 pientia
935 1808 1120 1862 mundi
1177 1808 1311 1862 nihil
1379 1809 1690 1863 habemus:
1739 1817 1821 1862 ast
1892 1807 1965 1861 illi
2002 1805 2234 1879 Egyptii

2342 1788 2488 1842 ιδίων
2518 1790 2702 1842 κόπων
2731 1790 3032 1859 ἐκτήσαντο
3059 1793 3158 1856 τάς
3181 1794 3402 1864 ἀρετάς.

668 1906 723 1952 et
765 1899 943 1953 idiota
995 1913 1063 1954 ex
1122 1898 1240 1955 suis
1287 1898 1564 1954 laboribus
1624 1908 2010 1967 compararunt
2070 1902 2240 1954 virtu-

668 1991 749 2038 tes
775 1985 910 2054 (69).

745 2075 830 2130 t5.
869 2075 1069 2130 Practer
1110 2075 1491 2138 humilitatem,
1538 2091 1742 2146 pernox
1769 2080 1932 2133 etiam
1961 2087 2079 2133 erat
2107 2093 2235 2134 san-

669 2177 812 2229 ctus,
846 2175 1087 2220 sanctam
1113 2166 1318 2236 jugiter
1346 2166 1644 2237 lacrymam
1677 2182 1830 2223 suam
1859 2168 2194 2238 prol’uudens
2220 2186 2234 2222 :

668 2256 819 2311 omni
869 2257 1069 2325 quippe
1108 2265 1349 2325 tempore
1403 2256 1530 2311 vita:
1552 2273 1692 2322 suae,
1720 2273 1831 2329 quo
1865 2260 1931 2313 ad
1958 2274 2094 2328 opus
2118 2274 2238 2314 ma-

671 2363 843 2401 nuum
873 2348 1115 2409 sedebat,
1149 2362 1387 2415 pannum
1424 2349 1678 2418 gestabat
1726 2350 1778 2403 in
1811 2352 1934 2406 sinu
1968 2350 2239 2422 lacryma-

673 2455 791 2492 rum
818 2455 1008 2506 causa,
1042 2455 1106 2493 ex
1133 2439 1312 2494 oculis
1353 2439 1472 2510 ejus
1499 2442 1809 2496 cadentium
1847 2443 1983 2512 (70).
2014 2445 2092 2497 Ad
2123 2445 2237 2498 haec

672 2532 848 2586 inerat
873 2532 974 2600 ipsi
1013 2531 1320 2600 vigiliarum
1357 2535 1529 2600 gratia
1581 2547 1748 2602 supra
1780 2549 1942 2602 quam
1977 2534 2082 2588 dici
2117 2550 2235 2604 pos-

671 2620 764 2676 sit.
796 2620 1100 2690 Aliquando
1135 2620 1299 2690 igitur
1327 2619 1538 2674 vocavit
1567 2617 1683 2691 (71)
1713 2621 1963 2676 abbatem
1996 2623 2236 2678 Alexan-

670 2712 828 2766 drum
885 2726 950 2766 ac
1002 2709 1234 2777 Zoilum,
1290 2711 1595 2779 discipulos
1656 2728 1806 2776 suos,
1842 2728 2011 2784 seque
2061 2716 2235 2784 ipsum

672 2800 986 2867 humilians,
1021 2800 1199 2855 dixit:
1244 2799 1692 2870 Quandoquidem
1738 2801 2014 2858 (laniones
2059 2804 2236 2872 impu-

669 2901 838 2962 gnant
864 2906 968 2956 me,
1017 2906 1081 2947 ac
1114 2891 1301 2946 nescio
1326 2907 1393 2947 an
1435 2892 1488 2946 in
1523 2907 1716 2948 somno
1746 2895 1879 2950 mihi
1902 2896 2235 2965 subrepant;

671 2993 883 3035 noctem
920 2983 1059 3037 hanc
1114 2982 1331 3052 vigilate
1382 2997 1620 3045 mecum,
1658 2993 1714 3038 et
1758 2985 2069 3048 observate,
2106 3001 2236 3040 num

670 3071 726 3125 in
755 3071 1035 3140 pervigilio
1054 3071 1363 3124 dormitem.
1399 3070 1566 3140 Igitur
1591 3085 1622 3124 a
1660 3073 1967 3138 vespertino
1999 3080 2239 3138 tempore

671 3159 931 3215 sederunt
981 3160 1162 3225 taciti,
1203 3175 1343 3214 unus
1372 3175 1401 3213 a
1444 3160 1649 3214 dextris
1696 3161 1862 3225 illius,
1887 3162 2024 3217 alter
2051 3178 2081 3216 a
2106 3163 2237 3216 siui-
2266 3192 2307 3247 ο

671 3250 798 3304 stris
831 3268 845 3304 :
904 3259 958 3305 et
995 3250 1130 3304 dixit
1173 3259 1434 3319 uterque:
1477 3248 1590 3306 Nos
1619 3251 1999 3316 dormivimus,
2028 3261 2082 3306 et
2110 3267 2237 3306 sur-

672 3342 936 3406 reximus,
997 3356 1170 3411 aeque
1227 3343 1502 3397 sensimus
1545 3359 1670 3398 eum
1727 3344 2050 3400 uictantem.
2085 3345 2238 3400 Mane

675 3440 856 3484 autem
885 3428 1048 3496 (Deus
1084 3431 1232 3484 novit
1264 3441 1441 3485 utrum
1474 3433 1590 3501 ipse
1619 3433 1912 3498 simularit,
1942 3450 2051 3502 quo
2092 3446 2239 3503 puta-

674 3534 876 3583 remus,
900 3520 1075 3589 ipsum
1089 3521 1508 3585 dormituriisse,
1528 3538 1622 3578 seu
1642 3539 1710 3576 an
1730 3525 1990 3580 naturalis
2012 3541 2237 3580 somnus

673 3624 802 3664 vere
849 3610 899 3663 ei
936 3611 1262 3678 obrepserit)
1304 3621 1384 3665 ter
1422 3613 1588 3677 ﬂavit,
1625 3629 1688 3668 ac
1723 3630 1844 3668 mox
1873 3617 2129 3680 surrexit,
2157 3616 2238 3670 di-

671 3713 846 3754 Ccus:
902 3698 1252 3754 Dorniiturivi
1299 3703 1441 3755 enim
1499 3719 1646 3758 vero.
1708 3704 1772 3759 Et
1816 3710 2232 3776 respondimus:

671 3788 784 3844 Nos
813 3793 1108 3846 nescimus.
1141 3791 1407 3846 Ceterum
1440 3805 1652 3848 noctem
1680 3795 1793 3865 (72)
1825 3805 1993 3851 totam
2028 3799 2233 3853 transi-

671 3882 830 3949 gebat
887 3882 1014 3952 vigil
1041 3900 1056 3947 ;
1105 3892 1160 3936 et
1192 3885 1421 3952 quando
1452 3901 1631 3951 mane,
1661 3897 1854 3942 natura
1883 3890 1954 3942 ita
1990 3902 2233 3958 cogente,

674 3969 920 4024 veniebat
963 3971 1317 4034 dormiturus,
1363 3973 1575 4028 dicebat
1626 3990 1820 4030 somno
1861 3994 1874 4030 :
1934 3977 2232 4043 Adesdum,

670 4075 826 4114 serve
854 4076 1085 4130 nequam
1114 4077 1128 4124 ;
1161 4061 1390 4130 adiuva;
1423 4064 1713 4132 somnique
1765 4066 1988 4134 paulum
2046 4083 2234 4137 carpe-

673 4151 784 4215 bat,
817 4151 1035 4214 sedeus,
1057 4163 1112 4205 et
1130 4153 1313 4205 statim
1345 4154 1764 4223 expergeﬂebat.
1793 4154 2027 4225 Vespere
2054 4169 2233 4213 autem

674 4241 1059 4306 Sabbatornm,
1105 4250 1389 4310 postquam
1414 4242 1524 4311 (73)
1560 4244 1904 4300 illucescebat
1934 4246 2231 4314 Dominica,

670 4329 986 4384 demittebat
1041 4330 1210 4383 solem
1273 4341 1391 4399 post
1448 4347 1528 4397 se,
1577 4343 1633 4387 et
1680 4336 2002 4390 extendebat
2041 4352 2234 4392 manus

671 4433 801 4472 suas
831 4419 882 4471 in
909 4419 1111 4473 caalum
1142 4433 1329 4483 orans,
1361 4421 1534 4475 donec
1565 4422 1757 4477 iterum
1792 4427 1873 4478 sol
1899 4423 2092 4480 {aciem
2113 4425 2233 4495 ejus

2411 2071 2493 2124 ιε’.
2528 2071 2670 2139 Πρὸς
2713 2071 2771 2125 δὲ
2809 2072 2908 2145 τὴν
2937 2075 3459 2147 ταπεινοφροσύνην,
3494 2077 3585 2130 καὶ
3613 2076 3916 2131 εύκατάνυο

2337 2178 2464 2226 κτος
2504 2157 2574 2232 ἦν
2604 2164 2633 2216 6
2661 2163 2834 2231 ἅγιος,
2862 2163 3112 2234 προχέων
3158 2165 3399 2230 ἁεννάως
3427 2167 3489 2220 τὸ
3519 2168 3664 2238 ἱερὸν
3699 2169 3914 2220 ἐκείνου

2335 2249 2570 2320 δάκρυον
2593 2267 2607 2280 ·
2639 2250 2761 2305 ὅλον
2792 2252 2902 2322 γάρ
2940 2252 3031 2304 τὸν
3054 2254 3243 2323 χρόνον
3280 2255 3378 2325 τῆς
3403 2255 3550 2326 ζωῆς
3579 2255 3746 2311 αὐτοῦ
3780 2256 3914 2309 καο-

2337 2341 2592 2412 εζόμενος
2617 2344 2701 2407 είς
2726 2342 2790 2396 τὸ
2819 2344 3131 2414 ἐρχόμενον,
3160 2347 3326 2416 ῥάκος
3357 2341 3503 2417 εῐχεν
3533 2348 3591 2401 ἑν
3612 2347 3692 2418 τῷ
3719 2349 3911 2418 κόλπῳ

2338 2432 2497 2502 χάριν
2521 2432 2630 2486 τῶν
2658 2433 2929 2503 δακρύων,
2953 2434 3062 2488 τῶν
3086 2436 3396 2492 πιπτόντων
3437 2437 3545 2492 ἀπὸ
3569 2438 3681 2492 τῶν
3716 2439 3916 2508 ὀφθαλ-

2342 2523 2457 2590 μῶν
2482 2523 2668 2576 αὑτοῦ.
2714 2526 2930 2594 Προσῆν
2962 2525 3199 2603 δὲάὒτῷ
3241 2529 3335 2581 καὶ
3372 2529 3434 2582 τὸ
3462 2530 3561 2599 τῆς
3603 2531 3914 2600 ἀγρυπνίας

2340 2614 2585 2682 χάρισμα
2621 2607 2936 2684 ὑπερφυῶς.
2972 2616 3108 2668 [locs
3148 2616 3242 2672 οῦν
3285 2618 3510 2671 ἐκάλεσε
3532 2622 3623 2673 τόν
3646 2637 3706 2672 τε
3737 2621 3913 2674 ἀόὁᾶν

2352 2702 2694 2774 Ἀλέξανδρον
2734 2709 2826 2758 καὶ
2868 2705 3091 2772 Ζὼῖλον,
3125 2709 3252 2771 τοὺς
3302 2709 3548 2780 μαθητὰς
3589 2711 3779 2774 αὑτοῦ,
3815 2714 3914 2766 καὶ

2338 2795 2610 2848 ταπεινῶν
2643 2796 2856 2862 ἑαυτὸν,
2882 2797 3106 2868 εἴρηκεν
3127 2814 3138 2826 '
3186 2801 3405 2872 Ἐπειδὴ
3434 2803 3483 2855 οί
3519 2802 3773 2871 δαίμονες
3813 2823 3915 2858 πο-

2338 2886 2562 2955 λεμοῦσί
2593 2905 2684 2956 με,
2710 2890 2803 2941 κα)⁵
2835 2891 2936 2943 οὐκ
2981 2885 3098 2944 οἶδα
3131 2893 3178 2944 εἰ
3209 2892 3498 2946 κλέπτουσί
3532 2912 3599 2965 με
3629 2897 3688 2949 ἐν
3729 2897 3906 2968 ὕπνῳ,

2337 2977 2436 3046 τὴν
2456 2977 2623 3029 νύκτα
2646 2979 2847 3050 ταύτην
2872 2981 3168 3034 κοπιάσατε
3195 2984 3311 3052 μετ’
3335 2984 3494 3050 ἐμοῦ,
3515 2985 3609 3038 κα)⁸
3639 2988 3912 3057 τηρήσατέ

2342 3085 2431 3137 με,
2462 3071 2512 3122 εί
2535 3069 2778 3135 νυστάξω
2807 3072 2866 3122 έν
2894 3075 2961 3143 τῇ
2995 3073 3291 3146 ἀγρυπνίᾳ.
3321 3077 3432 3148 Kal.
3458 3077 3718 3131 ἐκάθισαν
3750 3073 3831 3143 εἷς
3851 3082 3916 3133 ἐκ

2338 3157 2526 3222 δεξιῶν
2551 3159 2740 3226 αὑτοῦ,
2772 3163 2866 3215 καὶ
2901 3157 2988 3226 είς
3024 3164 3084 3231 ἐξ
3125 3165 3421 3235 εὐωνύμων
3459 3167 3622 3221 αὐτοῦ
3667 3168 3775 3222 ἀπὺ
3814 3170 3914 3239 ὀψὲ

2339 3249 2752 3316 σιωπήσαντες,
2807 3252 2902 3306 καὶ
2965 3249 3117 3309 εἶπον
3166 3256 3507 3327 ἀμφότεροι,
3563 3260 3646 3313 ὅτι
3723 3261 3915 3329 Ἡμεῖς

2338 3339 2743 3413 ἐκοιμήθημεν,
2795 3343 2890 3394 καὶ
2931 3345 3259 3417 ἀνέστημιν,
3295 3350 3390 3401 καὶ
3423 3351 3525 3402 οῦκ
3563 3350 3915 3422 ᾐσθάνθημεν

2336 3429 2498 3482 αὐτὸν
2535 3430 2897 3496 νυστάξαντα,
2935 3435 3030 3487 καὶ
3058 3437 3151 3489 ἐπὶ
3173 3436 3253 3506 τῷ
3281 3437 3446 3506 πρωῒ,
3479 3441 3508 3492 6
3533 3440 3666 3503 θεὸς
3698 3437 3838 3494 οἶδεν
3873 3446 3907 3514 ἢ

2335 3519 2418 3571 ὅτι
2446 3520 2538 3587 ἀφ’
2565 3519 2755 3573 ἑαυτοῦ
2800 3522 3074 3592 ἐποίησεν,
3113 3525 3198 3578 ῖνα
3240 3528 3524 3598 νοήσωμεν
3565 3530 3646 3582 ὅτι
3687 3531 3915 3585 ἐνύστα-

2341 3607 2450 3672 ξεν,
2478 3610 2511 3679 ἢ
2549 3609 2632 3662 ὅτι
2667 3612 2785 3664 κατ’
2825 3613 3086 3684 ἀλήθειαν
3132 3617 3164 3686 ή
3196 3618 3359 3685 φύσις
3403 3619 3499 3673 τοῦ
3529 3619 3699 3674 ὕπνου
3728 3619 3910 3694 ἦλθεν,

2337 3695 2571 3765 ὲκύσησε
2628 3701 2776 3767 τρεῖς
2836 3701 3024 3766 πνοὰς,
3081 3705 3174 3758 καὶ
3226 3706 3388 3770 εὐθὺς
3436 3708 3656 3780 ἀνέστη,
3695 3711 3908 3780 λέγων·

2348 3785 2676 3851 Ἐνύσταξα,
2716 3790 2828 3844 ναί.
2862 3793 2974 3846 Καὶ
2994 3794 3391 3866 ἀπεκρίθημεν·
3429 3797 3616 3870 Ἡμεῖς
3647 3803 3747 3856 οὐκ
3775 3805 3912 3859 οἶδα-

2338 3895 2459 3947 μεν.
2502 3879 2646 3948 Πλὴν
2682 3881 2812 3951 ὅλην
2854 3883 2954 3954 τὴν
2991 3887 3160 3940 νύκτα
3202 3887 3427 3943 διετέλει
3460 3893 3779 3961 ἀγρυπνῶν,
3815 3899 3911 3950 καὶ

2333 3972 2422 4024 ὅτε
2451 3965 2580 4040 ἦλθε
2615 3969 2692 4041 τῷ
2726 3972 2869 4042 πρωῒ
2897 3974 2983 4028 διὰ
3013 3978 3114 4046 τὴν
3139 3978 3300 4046 φύσιν
3335 3982 3685 4052 καθευδῆσαι,
3723 3987 3910 4055 ἔλεγεν

2334 4059 2410 4128 τῷ
2444 4058 2618 4130 ὕπνῳ·
2669 4061 2860 4132 Δεῦρο,
2908 4067 3044 4118 κακὲ
3067 4067 3241 4133 δοῦλε,
3281 4071 3642 4142 ὑπούργησονο
3684 4078 3777 4128 καὶ
3805 4079 3909 4148 ἡρ-

2335 4152 2469 4216 παξε
2496 4154 2690 4222 μικρὸν
2715 4155 3098 4225 καθεξόμενος,
3125 4161 3219 4213 καὶ
3244 4161 3447 4225 εὐθέως
3471 4165 3724 4234 ἠγείρετο
3782 4169 3908 4239 Ὀψὲ

2334 4241 2648 4308 Σαόσάτων,
2677 4245 3097 4318 έπιφωσκούσης
3147 4251 3427 4322 Κυριακῆς
3458 4253 3584 4322 ἧφιε
3630 4255 3720 4307 τὸν
3756 4257 3907 4326 ἥλιον

2332 4333 2509 4386 ὀπίσω
2537 4333 2722 4400 αὑτοῦ,
2773 4337 2868 4388 καὶ
2914 4337 3083 4392 ετεινε
3124 4340 3221 4405 τὰς
3269 4343 3456 4412 χεῖρας
3493 4344 3656 4398 αὑτοῦ
3700 4348 3779 4410 είς
3817 4350 3907 4404 τὸν

2331 4426 2559 4495 οὐρανὸν
2605 4427 2913 4496 εὐχόμενος,
2963 4431 3068 4494 ἕως
3119 4426 3180 4486 οὕ
3233 4433 3396 4488 πάλιν
3442 4437 3470 4489 6
3525 4436 3679 4506 ἥλιος
3733 4438 3904 4509 ἐλαμ-

669 4510 1064 4575 collustraret;
1111 4519 1166 4565 et
1207 4511 1304 4577 sic,
1341 4513 1487 4581 quod
1515 4523 1632 4570 erat
1672 4516 1966 4586 reliquum,
1999 4517 2236 4572 sedendo

2337 4515 2438 4584 ψεν
2474 4517 2554 4579 είς
2582 4517 2645 4570 τὸ
2673 4518 2965 4588 πρόσωπον
2992 4522 3180 4588 αὑτοῦ,
3219 4525 3315 4579 καὶ
3346 4523 3490 4580 οὕτω
3516 4526 3704 4584 λοιπὸν
3738 4531 3904 4586 ἐκαθ-

670 4599 1000 4656 insumebat.

740 4715 830 4770 i6.
872 4714 1106 4771 Eﬂatum
1159 4725 1342 4773 autem
1399 4717 1504 4775 hoc
1554 4719 1713 4776 beato
1756 4732 1876 4777 erat
1926 4723 2228 4780 familiare:

666 4807 818 4874 quod
847 4805 963 4878 (Ἡ)
996 4807 1265 4864 sumceret
1291 4811 1560 4866 monacho
1586 4828 1682 4883 per
1695 4829 1858 4869 unam
1889 4817 2077 4872 horam
2103 4819 2230 4872 dor-

667 4898 826 4961 mire,
856 4899 1018 4953 modo
1044 4901 1239 4968 pugilis
1263 4901 1310 4956 is
1334 4917 1532 4958 nomen
1561 4915 1885 4961 mereretur.
1914 4908 1990 4963 Ac
2011 4910 2190 4964 denuo
2214 4932 2227 4966 :

665 4989 967 5047 Monachus
1011 4993 1334 5064 peregrinus
1360 4995 1475 5065 (75)
1520 4996 1575 5050 in
1614 4999 1837 5068 regione
1873 5000 2072 5067 aliena,
2097 5005 2229 5060 nulli

2338 4606 2509 4669 έζετο.

2408 4723 2506 4788 ις’.
2538 4724 2724 4795 θέρων
2746 4725 2803 4779 δὲ
2821 4721 2890 4797 ἦν
2911 4727 2998 4781 διά
3026 4726 3278 4800 γλώσσης
3303 4730 3333 4782 6
3373 4731 3639 4803 μακάριος
3663 4734 3757 4787 καὶ
3777 4735 3900 4788 τοῦ-

2335 4830 2396 4867 τη
2417 4828 2432 4843 ⁶
2457 4815 2540 4868 ὅτι
2563 4815 2794 4884 ἀρκετὸν
2817 4816 2895 4886 τῷ
2920 4818 3158 4889 μοναχῷ,
3185 4821 3273 4873 ἴνα
3298 4823 3556 4891 κοιμᾶται
3583 4824 3709 4893 μίαν
3730 4824 3900 4898 ῶραν,

2338 4902 2434 4955 δάν
2461 4903 2610 4954 ἐστιν
2639 4905 2967 4975 ἀγωνιστής.
3005 4908 3116 4961 Καὶ
3153 4909 3318 4963 πάλιν
3343 4952 3357 4976 ,
3397 4911 3480 4965 ὅτι
3535 4911 3698 4977 Ξένος
3741 4932 3903 4985 μονα-

2339 4992 2430 5063 χδς
2457 4996 2538 5058 είς
2569 4994 2859 5065 ἀλλοτρίαν
2891 4996 3076 5068 χώραν
3119 4999 3284 5070 μηδὲν
3311 5002 3610 5072 μεσαζέτω,
3639 5005 3731 5058 καὶ
3769 5009 3902 5060 ἀνα-

2171 5096 2403 5161 NOTAS.

739 5172 854 5248 (68)
903 5173 1012 5230 νει.
1045 5174 1156 5248 P_P.
1190 5175 1286 5248 lib.
1310 5189 1364 5240 ν,
1397 5175 1565 5232 libell.
1596 5179 1685 5246 15,
1716 5195 1872 5236 num.
1898 5181 1957 5248 7,
1986 5184 2229 5243 addunt:

671 5261 692 5296 s
723 5243 999 5308 Quantum
1024 5245 1091 5298 ad
1122 5244 1406 5300 saeculum.
1438 5264 1457 5298 ι

2335 5197 2434 5250 ler.
2465 5211 2590 5317 pag.
2623 5197 2748 5251 371.

2407 5265 2460 5328 (7
2505 5269 2519 5328 )
2559 5266 2746 5321 Cotele

2407 5265 2520 5339 (Β)
2546 5265 2798 5339 Ιῖοιειετ.
2837 5282 2982 5339 ρας.
3018 5267 3124 5323 356
3152 5287 3166 5324 :
3196 5285 3216 5321 ι
3249 5269 3458 5330 Retulit
3504 5276 3672 5334 abbas
3710 5277 3898 5338 Daniel

736 5312 1022 5408 ἐξέτι
1322 5315 1634 5408 ἕπε-1
1647 5319 2233 5408 D,nlltttl'l‘._5_llarr3_u_t
2335 5312 2424 5408 de:
2436 5312 3896 5408 ⁷ᾸῗέέηῑὸζἨυόἇἠὀὲιέιῖἶῖἓῖαιῖιῗτὲιὲἶἭίΪ

665 5396 730 5474 9-5-
749 5383 1639 5474 έξξίρερέεξξὺξεςξιξ,ἓνξξςίιιξωε
1663 5383 1693 5440 »ί
1713 5387 1959 5474 ϐορειοτλ
1980 5405 2101 5462 pas.
2129 5395 2234 5474 355
2337 5383 2463 5455 r‘r.’
2473 5383 3898 5474 Ἦιῖξ⁷νΪίῐιῖἕιῖ’ιῖ⁷ιῖιῖιιίζῒὲἰίὶιῖὗέἱὲίὲιἶ’ὗέιιᾶ-Σῖὶ

665 5461 722 5505 et
749 5451 896 5506 554:
935 5471 954 5504 ι
982 5452 1130 5508 Dixit
1165 5453 1364 5523 aliquis
1406 5451 1564 5511 béato
1610 5458 1840 5514 Arsenio
1869 5477 1883 5514 :
1918 5451 2233 5526 Quovmodo

1056 5589 1173 5644 PP.
1214 5592 1307 5646 lib.
1337 5608 1388 5654 ν,
1423 5595 1586 5650 libell.
1617 5598 1671 5678 ς’),
1706 5614 1856 5680 num.
1902 5600 1951 5652 1.
1984 5601 2200 5654 Cotelor

667 5675 790 5713 nan.
876 5661 964 5713 70.
1010 5659 1085 5713 De
1136 5661 1291 5713 ﬂetus
1334 5664 1664 5713 abundantia
1713 5685 1765 5713 In
1813 5668 2015 5713 Comm-
2063 5687 2199 5713 nrmr

664 5659 790 5729 pag.
836 5659 964 5715 370.
1010 5659 1085 5715 De
1136 5661 1291 5716 ﬂetus
1334 5659 1665 5722 abundantia
1711 5669 1766 5722 in
1813 5668 2016 5723 Comm.
2063 5687 2217 5738 pra’t'.

665 5745 819 5784 num.
852 5732 953 5792 45;
992 5740 1046 5785 et
1076 5730 1214 5785 infra
1249 5747 1396 5786 num.
1426 5736 1517 5788 ‘23.

736 5799 848 5872 (71)
888 5801 1014 5858 Haec
1042 5819 1060 5855 ι
1102 5802 1345 5858 narravit
1392 5805 1557 5862 abbas
1590 5805 1779 5863 Daniel
1815 5827 1833 5861 ι
1884 5809 2025 5879 apud
2063 5808 2218 5865 Colc-

2333 5474 2536 5527 tionem
2577 5473 2847 5529 tribuunt.

2847 5546 3012 5627 libell.
3124 5551 3335 5627 num.
3355 5551 3589 5627 Coteler.
3616 5573 3739 5627 pag.
3768 5558 3892 5614 356.

2402 5611 2514 5680 (74)
2564 5611 2668 5664 Vit.
2705 5613 2822 5668 PP.
2859 5617 3014 5679 ibid.,
3045 5611 3212 5675 libell.
3252 5621 3338 5681 10,
3366 5638 3516 5677 num.
3545 5625 3598 5678 6.

2400 5681 2674 5806 (ἔὸὼὸιῖίι.
2703 5683 2814 5740 PP.
2861 5686 3016 5752 ibid.,
3059 5690 3229 5746 libell.
3271 5691 3358 5758 11,
3391 5709 3546 5748 num.
3593 5695 3617 5750 |
3658 5695 3890 5756 Cotclcr.

2327 5765 2448 5821 pag.
2479 5765 2602 5806 suo.
