4170 6504
252 444 357 510 865

880 439 1159 502 ORATIO
1197 439 1332 499 ΧΠ.
1362 461 1427 471 -
1463 431 1840 496 LAUDATIO
1876 430 1939 491 S.
1966 429 2278 488 ARSENII
2332 428 2872 490 ANACHORET/E.

3399 427 3502 492 866

255 556 516 611 παύεται.
541 553 650 607 Καὶ
673 551 835 606 πάλιν
855 548 1005 603 εἶπεν
1021 565 1035 578 ’
1075 548 1198 602 Ἐὰν
1219 547 1311 600 τὸν
1334 547 1464 599 Θεὸν
1486 545 1830 615 ζητήσωμεν,

1937 553 1994 592 se
2024 537 2241 605 negotio
2274 536 2507 589 medium
2562 536 2892 604 interponat,
2929 542 2982 588 et
3020 533 3236 603 quietus
3285 536 3408 590 erit.
3441 537 3505 592 Et

253 645 560 715 φανήσεται
593 643 748 710 ἡμῖν,
781 641 874 693 καὶ
909 638 1005 691 ὲάν
1035 637 1197 690 αὑτὸν
1223 636 1610 705 κατάσχωμεν,
1653 651 1827 704 παρα-

257 737 413 806 μένει
443 736 598 803 ἡμῖν.
626 730 926 802 Είργάξετο
966 729 1020 781 δὲ
1061 729 1154 781 καὶ
1196 729 1318 789 ταῖς
1356 726 1542 796 χερσὶν
1575 727 1604 779 ὁ
1643 723 1831 795 ’Λρσέ-

253 845 390 888 νιος.
432 823 774 892 ἀποστολικῷ
815 822 1131 891 καυχήματι
1172 819 1596 889 σεμνυνόμενοςο
1633 814 1829 869 ἑπλεκε

255 918 367 986 γὰρ
399 917 498 984 τὴν
530 914 738 983 σειρὰν,
771 913 866 966 καὶ
889 911 1161 982 ἔρῤαπτεν
1191 910 1294 972 ἓως
1323 907 1470 980 ὧρας
1507 908 1702 975 ’ἐκτηςι
1735 905 1831 958 καὶ

255 1007 318 1058 τὸ
349 1005 416 1076 δὴ
443 1003 775 1074 θαυμαστὸν,
817 1003 899 1056 ὃτι
937 1004 986 1054 εί
1018 1000 1094 1071 μὴ
1130 1001 1277 1066 ἅπαξ
1321 1000 1414 1052 τοῦ
1454 996 1703 1051 ἐνιαυτοῦ
1732 997 1831 1050 οὐκ

257 1096 532 1164 ἧλλασσεν
570 1092 682 1146 τῶν
716 1092 884 1162 βαῖων
909 1092 970 1144 τὸ
996 1091 1163 1163 ὕδωρ,
1192 1092 1392 1161 μᾶλλον
1424 1091 1480 1144 δὲ
1511 1089 1828 1159 προσετίθη.

258 1185 372 1238 Καὶ
401 1184 746 1253 παρεκάλουν
766 1180 932 1235 αὐτόν
955 1198 1096 1244 τινες
1118 1182 1225 1234 τῶν
1251 1180 1530 1250 Πατέρων,
1557 1179 1828 1246 λέγοντεςο

259 1276 361 1328 Διά
412 1274 466 1327 τί
495 1277 602 1328 οὐκ
631 1275 921 1335 ἀλλάσσεις
948 1273 1057 1325 τῶν
1100 1272 1269 1341 βαῖων
1294 1272 1356 1324 τὸ
1384 1271 1526 1343 ὕδωρ
1551 1289 1565 1338 ;
1597 1274 1677 1325 ὅτι
1696 1271 1829 1335 ὄζει.

261 1366 375 1418 Καὶ
397 1365 579 1431 ἔλεγεν
599 1363 782 1426 αὐτοῖς
808 1377 821 1391 ·
870 1362 1016 1414 Ἀντ)⁵
1036 1360 1144 1412 τῶν
1174 1358 1534 1429 θυμιαμάτων
1560 1361 1586 1400 ⁸
1609 1358 1832 1412 καὶτῶν

264 1454 476 1525 μύρων,
511 1447 585 1507 ὧν
615 1452 908 1521 ἀπήλαυσα
931 1452 990 1504 ὲν
1022 1449 1099 1520 τῷ
1122 1449 1330 1520 κόσμῳ,
1358 1450 1514 1520 χρεία
1540 1447 1834 1504 ἀπολαύειν

265 1563 333 1616 με
354 1546 454 1615 τῆς
477 1545 740 1608 δυσωδίας
759 1543 962 1611 ταύτης
981 1559 994 1572 ·
1009 1533 1080 1594 ὀὐ
1105 1540 1180 1610 μὴ
1203 1543 1349 1611 παρῇ
1373 1541 1546 1594 καὶτὸ
1570 1540 1834 1610 ἐγκρατὲς

263 1639 324 1690 ὲν
381 1637 460 1706 τῷ
503 1635 729 1705 τοιούτῳ
773 1634 980 1705 σκοπῷ,
1034 1634 1148 1687 ἀλλ’
1196 1633 1515 1696 ὑποπιάζων
1559 1631 1618 1684 τὸ
1651 1633 1832 1700 σῶμα,

266 1723 630 1790 ὲδουλαγώγει
653 1721 864 1785 ἑαυτὸν,
886 1722 960 1784 ὡς
985 1722 1203 1790 ἄριστος
1223 1721 1599 1791 πωλοδάμνης,
1619 1721 1835 1789 φεύγων

269 1816 370 1885 μὲν
399 1815 490 1867 τὸν
521 1813 701 1886 κόρον,
729 1813 806 1875 ὡς
835 1812 1098 1884 ὑϐριστὴν
1155 1813 1354 1866 πῶλον.
1383 1810 1495 1882 Τῆς
1527 1810 1744 1882 ὀπώρας
1778 1810 1834 1862 δὲ

1937 629 2135 682 iterum
2162 626 2334 681 dixit:
2381 627 2436 679 Si
2466 625 2633 680 Deum
2660 628 2772 696 (76)
2803 628 3238 696 ηιιωείνογὶηιυε,
3276 645 3505 698 appare-

1935 719 2013 773 bit
2043 718 2244 772 nobis:
2292 726 2348 772 et
2395 719 2438 771 si
2472 734 2594 772 eum
2648 721 3000 784 tenuerimus,
3040 721 3378 790 permanebit
3409 736 3508 774 no-

1935 809 2171 864 biscum.
2203 807 2457 864 Manibus
2478 810 2639 862 etiam
2666 809 2928 863 Arsenius
2963 810 3263 876 laborabat,
3300 812 3503 880 gloria-

1936 901 2085 957 tione
2148 901 2445 971 apostolica
2518 901 2917 956 condecoratus
2955 920 2968 956 :
3001 903 3267 971 plectebat
3311 904 3508 974 quippe

1934 1004 1990 1048 et
2012 993 2315 1048 consuebat
2346 1007 2519 1062 usque
2559 994 2624 1047 ad
2661 993 2852 1047 horam
2885 1003 3096 1048 sextam
3133 1012 3147 1048 :
3181 1006 3343 1064 atque
3372 995 3504 1048 illud

1937 1083 2208 1149 mirabile,
2242 1083 2388 1152 quod
2433 1097 2542 1136 non
2575 1093 2808 1138 mutaret
2838 1099 3035 1154 aquam
3070 1085 3370 1154 palmarum
3403 1086 3507 1138 nisi

1937 1175 2103 1229 semel
2153 1174 2205 1226 in
2250 1188 2419 1238 anno,
2453 1174 2545 1228 sed
2591 1175 2770 1242 potius
2815 1175 2975 1228 aliam
3025 1177 3298 1244 adjiceret.
3336 1177 3508 1245 Roga-

1949 1263 2189 1332 bantque
2236 1279 2360 1318 eum
2397 1265 2615 1332 quidam
2645 1279 2676 1318 e
2710 1265 2977 1333 patribus,
3012 1266 3248 1321 dicentes
3284 1284 3298 1320 :
3333 1266 3510 1331 Quare

1937 1370 2047 1409 non
2071 1364 2248 1409 mutas
2271 1371 2470 1424 aquam
2511 1356 2855 1425 palmarum?
2890 1359 3015 1426 quia
3064 1359 3211 1412 fetet.
3258 1358 3508 1427 Dixitque

1940 1447 2047 1500 illis
2080 1464 2094 1499 :
2146 1447 2248 1500 Pro
2277 1448 2618 1514 suflimentis,
2658 1457 2710 1503 et
2762 1453 3074 1518 unguentis,
3099 1451 3299 1518 quibus
3329 1452 3380 1504 in
3412 1466 3509 1506 sae-

1938 1538 2063 1592 culo
2109 1538 2349 1604 fruebar,
2404 1550 2619 1608 oportet
2670 1555 2755 1594 me
2804 1542 2881 1594 uti
2937 1541 3041 1596 isto
3085 1539 3274 1596 fetore.
3324 1541 3510 1610 Neque

1940 1629 2348 1696 temperantiam
2403 1630 2456 1683 in
2505 1631 2605 1686 hac
2635 1647 2692 1685 re
2739 1630 2841 1685 sibi
2875 1633 3209 1700 propositam
3256 1633 3505 1697 habebat,

1940 1722 2033 1775 sed
2057 1722 2328 1790 castigans
2359 1738 2576 1790 corpus,
2608 1723 2660 1775 in
2691 1723 3011 1776 servitutem
3044 1724 3173 1777 illud
3209 1725 3381 1794 ipsum
3420 1742 3506 1778 reo

1941 1811 2178 1878 digebat,
2214 1822 2469 1881 tanquam
2520 1816 2761 1882 Optimus
2802 1817 2924 1884 equi
2977 1816 3256 1881 domitor;
3293 1816 3508 1886 fugiens

264 1911 450 1981 πάντη
481 1910 817 1980 ἀπεχόμενος
850 1905 938 1978 ἦν.
966 1911 1142 1963 Μόνον
1171 1908 1248 1970 ὡς
1279 1909 1529 1977 ἤκουσεν,
1556 1909 1639 1960 ὃτι
1661 1906 1832 1959 ἐτέλε-

1937 1904 2264 1968 satietatem,
2309 1922 2414 1957 non
2456 1920 2612 1960 secus
2640 1922 2702 1960 ac
2741 1907 3058 1960 insolentem
3107 1908 3332 1974 pullum.
3368 1908 3506 1962 Fru-

267 2019 362 2056 σεν
393 2004 419 2042 ιι
451 2003 558 2055 πᾶν
583 2002 830 2070 γέννημα
862 2001 1105 2068 ὀπώρας,
1135 1999 1320 2066 ἔλεγεν
1346 2000 1437 2067 ἀφ’
1469 1997 1662 2050 ἑαυτοῦ
1685 2015 1699 2028 ·
1729 1998 1832 2050 Φέ-

267 2093 392 2162 ριτέ
417 2108 510 2162 μοι
532 2107 547 2122 ⁸
582 2091 676 2144 καὶ
695 2088 915 2157 ἐγεύετο
945 2087 1092 2152 ἅπαξ
1123 2087 1233 2140 ἀπὸ
1259 2087 1480 2141 πάντων
1506 2087 1721 2157 μικρὸν,
1747 2085 1835 2138 εὐ-

267 2182 544 2254 χαριστῶν
608 2181 686 2251 τῷ
748 2179 886 2250 Θεῷ.
948 2179 1140 2248 Ἔλεγε
1203 2180 1260 2233 δὲ
1318 2181 1347 2233 ὁ
1406 2179 1581 2240 άϐϐᾶς
1637 2177 1835 2248 Δανιὴλ

267 2277 400 2346 περὶ
470 2273 636 2328 αὑτοῦ
661 2313 676 2338 ,
706 2274 789 2326 ὅτι
831 2271 1078 2324 Τοσαῦτα
1111 2271 1205 2339 έτη
1252 2270 1466 2340 ἔμεινεν
1502 2269 1621 2340 μεθ’
1656 2269 1831 2339 ἡμῶν,

270 2367 434 2435 μόνον
478 2364 663 2418 θαλλλν
715 2363 861 2416 σίτου
904 2362 1195 2432 ἐποιοῦμεν
1229 2360 1379 2430 αὐτῷ
1424 2359 1518 2412 τοῦ
1563 2358 1833 2420 ἐνιαυτοῦ,

269 2457 366 2509 καὶ
402 2458 494 2510 ὅτε
527 2453 905 2529 παρεϐάλομεν
940 2453 1076 2524 πρὸς
1114 2451 1301 2520 αὑτὸν,
1344 2452 1406 2517 ἐξ
1447 2449 1610 2505 αὑτοῦ
1652 2449 1837 2519 ὴσθίο-

273 2563 391 2615 μεν.

345 2721 433 2785 ιζ’.
483 2720 645 2774 Ἀλλὰ
678 2721 787 2790 γὰρ
837 2719 930 2774 καὶ
977 2719 1240 2789 ἀκτήμων
1289 2713 1356 2790 ἦν
1403 2721 1432 2772 ὁ
1479 2719 1773 2789 Ἀρσένιος,
1808 2719 1836 2771 ὁ

271 2813 442 2876 ὅντως
471 2814 527 2864 ὲν
557 2811 780 2880 ἀγαθοῖς
804 2808 1076 2872 πλούσιος.
1108 2809 1377 2880 Ἔχρῃζον
1403 2807 1497 2863 οῦν
1517 2812 1836 2879 πράγματος

271 2898 380 2959 ἕως
413 2899 528 2959 ἑνὸς
561 2894 744 2949 λικνοῦ
786 2897 828 2961 ί,
863 2898 956 2949 καὶ
1007 2897 1084 2966 μὴ
1132 2897 1288 2966 ἔχων,
1330 2897 1494 2950 πόθεν
1544 2899 1834 2967 ἀγοράσαι,

271 2990 438 3046 ἔλαϐε
482 2991 632 3061 παρά
666 3007 810 3053 τινος
855 2991 1098 3062 ἀγάπην,
1137 2992 1232 3045 καὶ
1277 2988 1466 3045 εἶπεν
1517 2993 1838 3063 Εὐχαριστῶ

277 3100 382 3147 σοι,
415 3081 609 3150 Κύριε,
638 3082 721 3135 ὃτι
747 3082 986 3152 ἠξίωσας
1031 3100 1099 3153 με
1149 3083 1332 3136 λαϐεῖν
1380 3085 1598 3155 ἀγάπην
1643 3085 1732 3138 διὰ
1777 3085 1838 3138 τδ

274 3171 449 3241 δνομά
483 3188 597 3224 σου.
625 3165 749 3224 Οἷον
779 3171 832 3224 δὲ
860 3173 953 3225 καὶ
980 3171 1040 3224 τὸ
1069 3172 1241 3244 παρὸν
1270 3173 1535 3237 ἀπαθείας
1559 3173 1635 3228 ὢν
1669 3177 1836 3245 ἀκρο-

273 3263 446 3330 τάτης
493 3261 732 3315 λεκτέον.
763 3256 933 3314 Ἦλθε
979 3257 1072 3316 οῦν
1123 3280 1252 3316 ποτε
1293 3264 1429 3335 πρὸς
1473 3264 1636 3318 αὑτὸν
1677 3282 1837 3335 μαγι-

277 3351 550 3420 στριανδς.
576 3353 755 3423 φέρων
784 3352 930 3423 αὐτῷ
957 3353 1222 3425 διαθήκην
1256 3354 1622 3423 συγκλητικοῦ
1652 3355 1838 3423 αὑτοῦ,

276 3443 336 3506 ὃς
410 3443 702 3496 κατέλιπεν
754 3443 902 3514 αὐτῷ
953 3444 1320 3516 κληρονομίαν
1369 3447 1567 3518 πολλὴν
1615 3449 1838 3520 σφόδρα.

277 3537 388 3588 Καὶ
412 3536 592 3588 λαϐὼν
637 3536 806 3608 αὐτὴν
845 3536 1035 3609 ἢθελεν
1061 3540 1264 3608 σχίσαι.
1300 3540 1501 3593 Ἔπεσε
1533 3540 1590 3594 δὲ
1618 3543 1646 3594 ὁ
1679 3558 1842 3610 μαγι-

281 3626 533 3697 στριανὸς
578 3629 657 3691 είς
683 3629 812 3689 τοὺς
851 3623 1019 3693 πόδας
1045 3630 1208 3684 αὑτοῦ
1246 3630 1421 3700 λέγων
1443 3647 1459 3663 ·
1488 3631 1691 3701 Δέομαί
1725 3650 1841 3699 σου,

1933 1994 2113 2050 ctibus
2140 1995 2252 2064 (77)
2287 1996 2512 2050 omnino
2551 1997 2879 2062 abstinebat,
2922 2007 3282 2069 praeterquam
3336 2001 3507 2069 quod,

1936 2085 2027 2138 ubi
2092 2086 2362 2148 audierat,
2430 2101 2590 2141 omne
2638 2087 2917 2144 fructuum
2967 2105 3137 2160 genus
3161 2091 3507 2156 maturuisse,

1933 2189 1998 2229 ex
2027 2191 2085 2230 se
2111 2175 2356 2232 diceret:
2408 2177 2610 2233 Afferte
2656 2181 2812 2234 mihi.
2847 2181 2910 2234 Et
2945 2183 3113 2236 semel
3145 2197 3211 2236 ex
3247 2184 3508 2237 omnibus

1935 2268 2209 2322 modicum
2247 2269 2374 2338 quid
2407 2270 2681 2339 gustabat,
2713 2273 2918 2341 gratias
2961 2288 3128 2344 agens
3172 2273 3299 2328 Deo.
3328 2274 3512 2330 Abbas

1938 2358 2121 2413 Daniel
2160 2360 2225 2413 de
2251 2361 2367 2430 ipso
2392 2363 2574 2416 retulit
2605 2381 2618 2414 :
2651 2362 2942 2420 Totannos
2971 2367 3169 2421 mansit
3195 2367 3507 2431 nobiscum,

1934 2457 1990 2502 et
2015 2448 2230 2502 unicum
2271 2449 2464 2504 thallin
2501 2452 2613 2521 (78)
2669 2453 2928 2509 frumenti
2959 2457 3250 2524 quotannis
3277 2456 3376 2525 ipsi
3411 2456 3511 2509 da-

1936 2539 2185 2596 bamus:
2265 2551 2320 2596 et
2381 2545 2600 2612 quando
2662 2547 3125 2603 conveniebamus
3189 2547 3390 2617 ipsum,
3445 2564 3510 2601 ex

1936 2631 2124 2684 eodem
2155 2632 2514 2688 comedimus.

2010 2723 2100 2776 17.
2135 2722 2200 2776 Et
2237 2739 2364 2778 vero
2422 2740 2734 2795 quanquam
2786 2727 2917 2781 nihil
2968 2729 3225 2785 Arsenius
3262 2729 3510 2800 posside-

1937 2812 2050 2874 bat,
2095 2829 2221 2869 vere
2263 2826 2440 2871 tamen
2489 2817 2648 2872 bonis
2687 2818 3021 2874 abundabat.
3062 2819 3231 2874 Tanta
3279 2836 3400 2874 cum
3434 2822 3512 2874 la-

1937 2905 2154 2959 boraret
2207 2906 2320 2978 (79)
2373 2924 2553 2963 rerum
2605 2908 2808 2978 inopia,
2871 2922 2929 2964 ut
2978 2910 3060 2964 vel
3115 2926 3219 2965 una
3281 2911 3510 2966 interula

1937 2998 2078 3054 linea
2106 3000 2219 3069 (80)
2254 3002 2536 3071 indigeret,
2574 3019 2749 3075 neque
2779 3004 3002 3059 haberet
3034 3005 3177 3059 unde
3209 3019 3326 3058 eam
3359 3019 3509 3059 etne-

1936 3100 2062 3156 ret;
2119 3093 2328 3162 accepit
2386 3097 2455 3148 ab
2493 3095 2676 3164 aliquo
2731 3097 3155 3166 eleemosynam,
3216 3096 3508 3166 dixitque:

1937 3181 2152 3237 Gratias
2204 3184 2301 3238 tibi
2348 3200 2470 3253 ago,
2523 3186 2770 3251 Domine,
2823 3195 2968 3256 quod
3028 3187 3284 3255 dignatus
3323 3202 3406 3240 me
3432 3188 3512 3241 sis

1936 3274 2277 3344 eleemosyna
2325 3289 2548 3346 propter
2614 3293 2810 3334 nomen
2860 3289 3032 3334 tuum.
3103 3277 3258 3333 Nune
3329 3287 3508 3332 autem

1936 3362 2080 3432 quod
2121 3364 2187 3418 ad
2226 3364 2676 3421 sublimissimam
2730 3368 2896 3422 animi
2925 3383 2954 3422 a
2995 3367 3498 3437 perturbationibus

1936 3453 2088 3510 liberi
2133 3455 2518 3524 perfectionem
2575 3460 2901 3528 pervenerit.
2957 3459 3120 3514 modo
3173 3460 3374 3529 pariter
3416 3461 3505 3513 di-

1937 3544 2193 3600 cendum.
2236 3546 2395 3603 Venit
2425 3550 2538 3620 (81)
2573 3551 2639 3604 ad
2679 3565 2804 3605 eum
2839 3550 3135 3620 aliquando
3197 3552 3510 3622 magistria-

1939 3652 2043 3692 nus
2082 3639 2217 3708 (82),
2265 3642 2512 3698 deferens
2559 3645 2606 3697 ei
2658 3651 3045 3698 testamentum
3116 3644 3217 3698 viri
3277 3644 3510 3712 alicujus

282 3714 360 3786 μὴ
391 3716 582 3788 σχίσεις
613 3714 802 3788 αὐτὴν,
839 3717 916 3789 μὴ
962 3717 1273 3790 δεξάμενος.
1315 3720 1458 3792 Πρὸς
1500 3719 1706 3785 τούτοις
1745 3723 1832 3776 καὶ

1949 3731 2208 3786 senatorii
2247 3733 2478 3800 ordinis,
2523 3734 2737 3804 cognati
2768 3735 2913 3805 ejus,
2953 3734 3046 3807 qui
3081 3735 3374 3806 reliquerat
3408 3736 3508 3806 ipsi

1504 3831 1742 3889 VARIA‘I
1796 3834 2204 3898 LECTIONES.
2801 3838 2807 3845 ’

364 3921 391 3960 ⁸
413 3917 646 3975 Coteler.
679 3917 1009 3992 ἀρωμάτων.
1081 3921 1110 3962 δ
1136 3920 1309 3977 Cotel.
1341 3921 1625 3994 ιτελέσθη.
1708 3925 1725 3965 ί
1760 3923 1931 3984 λίνου.

1785 4036 2018 4096 NOTIE.

353 4123 468 4196 (⁸16)
509 4123 745 4178 Ἔπλεκε
772 4125 880 4196 γὰρ
905 4125 1003 4248 τέὶν
1043 4125 1249 4206 σειράν.
1290 4125 1396 4180 Vit.
1429 4123 1543 4180 PP.
1581 4127 1738 4194 ibid.,
1770 4129 1841 4183 Ii-

358 4196 414 4248 ll.
463 4193 517 4248 4.
559 4209 710 4247 ηυιη.
761 4195 794 4248 5
831 4213 844 4247 :
880 4215 898 4246 ί
982 4197 1191 4248 acuebat
1233 4197 1486 4248 electam.
1523 4215 1542 4248 ι
1603 4198 1837 4248 Coteler-

284 4193 414 4249 bell.
451 4193 719 4264 Linum:
761 4193 794 4248 5
831 4193 898 4247 τ’(
938 4193 1191 4249 Faciebat
1233 4197 1486 4264 plectam.
1523 4215 1542 4248 ι
1603 4193 1837 4255 Coteler.

286 4280 414 4338 pag.
459 4263 562 4318 357
590 4280 658 4338 λι
691 4261 926 4338 Plectam
984 4261 1270 4338 texebat‘fi
1313 4264 1425 4338 Vox
1461 4266 1669 4333 plecta,
1720 4284 1841 4338 qtlze

284 4331 504 4387 videtur
526 4347 555 4404 a
585 4331 774 4404 Graeco
799 4332 1074 4404 (πλεκτὸν,
1108 4334 1292 4404 πλέκω
1322 4331 1520 4404 quippe
1545 4345 1650 4397 cst,
1669 4331 1844 4402 necto,

285 4401 544 4474 contexo)
597 4400 818 4454 formari
872 4416 1064 4474 posse,
1112 4400 1350 4457 habenae
1388 4400 1516 4458 sunt
1556 4419 1586 4458 e
1635 4400 1847 4474 palma,

285 4473 480 4541 junco,
531 4479 718 4542 sparto
763 4479 854 4522 aut
895 4471 1060 4542 simili
1104 4487 1179 4542 re
1207 4483 1492 4536 contextae,
1544 4487 1608 4527 ex
1635 4471 1848 4542 'quibus

288 4539 513 4611 sportg,
557 4539 834 4611 canistra.)
875 4540 1092 4610 aliaque
1137 4541 1402 4611 ejusmodi
1460 4539 1845 4599 conficiuntur.

337 4625 400 4683 as
423 4608 660 4683 Egy‘ptii
692 4608 878 4683 σειρᾲς
908 4608 1654 4683 voi-aitt._Adisis_ltosweydi
1691 4624 1848 4670 notas

287 4680 344 4733 in
378 4676 1022 4748 huncil’ocmn.'Hispani
1051 4680 1366 4748 hujusmodi
1403 4676 1641 4737 habenas
1670 4685 1849 4736 nomi-

287 4755 426 4828 nant
490 4747 724 4816 pleytas,
779 4758 1060 4828 cumquae
1115 4747 1180 4804 ex

287 4816 490 4878 scenae,
531 4815 662 4880 etc.,
698 4832 862 4870 seras.
902 4815 1038 4872 Vide
1068 4829 1223 4875 notas
1251 4819 1526 4874 Ciacconii
1557 4822 1609 4874 in
1634 4823 1848 4876 Cassia-

287 4901 450 4956 num,
501 4900 624 4955 pag.
669 4884 792 4939 687.
842 4886 1002 4942 Locis
1041 4901 1207 4956 supra
1257 4889 1345 4942 hic
1396 4889 1577 4946 citatis
1613 4891 1849 4945 refertur

287 4955 501 5009 factum
528 4969 770 5044 praesens
801 4971 865 5010 ex
895 4972 990 5010 ore
1027 4955 1238 5013 abbatis
1268 4958 1522 5012 Danielis.

365 5023 475 5044 ΙἾἾΧ
547 5022 777 5044 Π--ο.--,
847 5023 928 5044 Iis-
994 5025 1077 5044 nn
1135 5028 1202 5044 0|!
1228 5029 1239 5044 I
1327 5028 1388 5044 ιιι
1436 5027 1466 5044 II

361 5023 476 5092 (77)
517 5022 797 5093 (Ὀπώρας.
847 5023 949 5078 Vit.
983 5025 1097 5080 PP.
1134 5028 1286 5092 ibid.,
1327 5027 1489 5081 libell.
1520 5027 1576 5088 4,
1610 5043 1761 5081 num.
1792 5028 1848 5092 6,

289 5103 346 5148 et
375 5092 619 5167 CotelerL
640 5092 891 5167 pag._557
920 5103 1140 5167 vertunt
1167 5113 1460 5167 pomorum.
1493 5097 1718 5152 Factum
1747 5099 1850 5154 hoc

289 5176 553 5218 narrasse
589 5161 886 5226 Danielem,
925 5161 1183 5221 habemus
1213 5167 1477 5220 indidem.

365 5231 476 5300 (78)
517 5231 714 5284 Θαλλὶν
739 5233 885 5285 σίτου
926 5233 1029 5288 Vit.
1061 5233 1172 5288 PP.
1203 5235 1333 5289 ibid.
1364 5250 1513 5287 num.
1542 5235 1575 5288 4
1602 5253 1614 5288 :
1655 5255 1672 5287 ι
1705 5235 1853 5289 Men-

288 5317 478 5356 surani
508 5316 728 5368 parvam
763 5305 957 5356 vietus.
989 5322 1007 5353 ›
1043 5303 1275 5358 Coteler.
1319 5323 1336 5355 ι
1375 5303 1550 5357 Unum
1580 5306 1848 5367 Iliallium,

289 5385 606 5440 mensuram
658 5369 937 5424 frumenti.
970 5390 988 5422 ι
1041 5375 1194 5440 Apud
1246 5374 1463 5427 Surium
1525 5391 1671 5428 num.
1733 5376 1850 5428 18:

295 5458 313 5489 ι
347 5437 620 5510 Thallium
652 5455 664 5491 :
697 5450 912 5507 oportet
945 5437 1104 5495 enini
1139 5443 1222 5497 bis
1265 5444 1340 5496 uti
1382 5444 1572 5510 patriis
1621 5445 1854 5497 nomini-

289 5509 418 5582 bus.
451 5527 469 5558 ι
514 5507 767 5582 Mensura
807 5511 989 5582 itaque
1029 5513 1144 5564 haec
1179 5523 1294 5565 erat
1336 5507 1477 5578 apud
1510 5511 1789 5582 Aigyptios
1823 5527 1855 5567 e

292 5577 444 5652 loliis
481 5578 710 5652 palmeis
743 5577 1023 5652 conde—cla;
1071 5591 1228 5650 prout
1260 5577 1530 5649 colligitur
1573 5577 1853 5652 éfetymo

292 5647 559 5710 nominis,
593 5650 658 5697 de
685 5663 794 5715 quo
818 5647 1085 5719 Cangiusj
1124 5660 1178 5705 et
1201 5647 1430 5707 inferius
1455 5652 1543 5705 hic
1570 5647 1851 5716 numfi'l;

304 5712 387 5768 ubi
427 5730 528 5768 vox
562 5715 773 5768 θαλλὲα.

304 5730 387 5768 um
427 5730 528 5769 νοχ
562 5730 773 5770 υαΑλεα.

370 5784 481 5851 (79)
533 5785 638 5838 Vit.
674 5785 789 5841 PP.
821 5788 916 5845 lib.
950 5805 1002 5855 ν,
1037 5789 1202 5845 libell.
1239 5789 1292 5854 6,
1327 5805 1478 5844 num.
1509 5792 1562 5855 3,
1597 5799 1650 5845 ct
1691 5789 1852 5845 Cote-

298 5853 399 5910 ler.
433 5871 560 5926 pag.
595 5855 719 5909 357.

1235 4753 1301 4805 iis
1361 4752 1725 4804 conficiuntur
1780 4753 1846 4806 fi-
1879 4739 1924 4798 D

2018 4130 2131 4208 (_80)
2171 4133 2352 4208 Λίνον,
2385 4135 2530 4206 quod
2575 4137 2867 4200 substitue,
2919 4138 3060 4194 inter
3099 4138 3204 4193 alia
3243 4138 3511 4208 significat

1945 4202 2264 4278 carbasum.
2299 4202 2591 4278 Noslcum,
2615 4209 2895 4278 Cotelerjo
2920 4222 3040 4278 pag.
3087 4208 3191 4262 357
3234 4202 3320 4263 me
3349 4210 3511 4264 intel-

1946 4271 2164 4336 ligimus
2209 4288 2320 4327 rem
2372 4271 2610 4347 amnem.
2661 4277 2762 4331 Vit.
2812 4271 2933 4332 PP."
2977 4271 3090 4331 rem
3131 4279 3286 4347 plane
3329 4280 3510 4347 diver-

1949 4355 2065 4416 sam
2104 4352 2328 4416 _ponunt
2394 4346 2488 4400 lib.
2545 4362 2613 4411 ν,
2669 4347 2832 4401 libell.
2883 4347 2953 4412 6,
3003 4346 3156 4416 unm.
3206 4348 3333 4401 ιιι
3365 4346 3511 4416 Opus

1950 4408 2153 4486 habuit
2177 4412 2231 4486 in_
2275 4408 2608 4470 necessitate
2627 4432 2724 4470 sua
2755 4408 3023 4486 usquead
3056 4408 3216 4470 bnam
3248 4408 3506 4486 siliquam

1951 4433 2142 4465 nauuu
2177 4433 2230 4466 ιη
2275 4433 2596 4470 necessitate
2627 4433 2724 4470 sua
2755 4433 2818 4470 us
2861 4433 2926 4470 ne
2952 4433 3018 4470 aa
3056 4433 3216 4470 unam
3248 4433 3506 4486 siliquam

1948 4482 2154 4555 nummi
2181 4483 2268 4550 (de
2297 4499 2403 4552 qua
2431 4486 2670 4555 Cangius
2704 4487 2756 4540 in
2787 4433 2961 4541 δίο...
2992 4483 3138 4554 Lat.)
3162 4495 3213 4539 et
3245 4501 3366 4540 cum
3402 4503 3509 4542 non

1952 4549 2240 4626 inveniret,
2274 4549 2484 4626 accepit
2516 4549 2808 4624 a'quodam
2847 4556 2990 4608 velut
3025 4549 3449 4626 eleemosynam.
3485 4577 3506 4608 ι

1952 4615 2118 4694 Vetus
2149 4615 2625 4694 interpres-legerit
2646 4625 2751 4688 ἕως
2775 4627 2938 4694 νόμου
2962 4623 3100 4688 ἑνός,
3133 4615 3350 4694 (ιυοιῖύο
3375 4627 3511 4680 scri-

1951 4687 2059 4756 psit
2111 4708 2126 4739 t
2159 4687 2450 4764 usquead
2481 4687 2643 4748 tinam
2693 4687 2946 4764 siliquam
2998 4687 3225 4747 nummi.
3258 4713 3277 4746 ι
3325 4694 3508 4749 Codex

1952 4767 2132 4828 noster
2160 4760 2226 4814 de
2255 4761 2391 4816 Vitis
2424 4761 2642 4817 Patrum
2667 4760 3142 4828 metn'branaeeus,
3177 4764 3369 4818 litteris
3404 4781 3507 4818 un-

1952 4827 2184 4900 cialibus
2218 4845 2311 4884 seu
2337 4831 2617 4900 quadratis
2656 4833 2794 4887 forte
2839 4849 2868 4887 a
2916 4833 3060 4886 mille
3090 4827 3307 4888 circiter
3347 4835 3509 4888 annis

1953 4896 2220 4970 scriptus,
2278 4896 2378 4970 sub
2432 4906 2652 4956 nomine
2710 4902 2928 4956 Caesarii
2981 4917 3108 4970 ep.,
3172 4917 3234 4956 ac
3292 4913 3510 4956 notatus

1954 4964 1999 5040 O_
2030 4966 2128 5040 Ms.
2159 4968 2245 5031 i0,
2283 4968 2408 5039 legit
2438 4989 2450 5023 :
2484 4988 2502 5020 ι
2528 4969 2674 5040 Opus
2709 4971 2892 5025 habuit
2920 4972 2973 5025 in
3009 4964 3262 5025 cessitate
3297 4973 3508 5037 (neces-

1956 5035 2135 5108 sitate)
2161 5052 2260 5090 sua
2285 5035 2460 5108 usque
2493 5035 2756 5094 ad'unam
2792 5042 3043 5108 siliquam
3076 5035 3349 5092 nummos.
3381 5059 3401 5091 ι

2029 5104 2139 5176 (81)
2180 5107 2281 5163 Ista
2315 5104 2606 5162 narrantur
2646 5111 2699 5164 in
2748 5109 2848 5163 Vit.
2900 5104 3015 5162 PP.
3062 5108 3417 5170 ibid.,‘libell.
3451 5108 3503 5174 6,

1953 5189 2109 5249 num.
2140 5176 2196 5249 2,
2217 5186 2290 5249 _et
2314 5180 2456 5245 apud
2480 5178 2711 5233 Coteler.
2743 5195 2869 5249 pag.
2890 5178 2994 5233 362
3021 5193 3085 5231 ex
3119 5193 3214 5249 ore
3248 5176 3503 5249 Danielis.

2027 5245 2158 5326 (8‘2L
2178 5245 3025 5326 Ilfayttrrptavdg.“magistrianus
3063 5247 3145 5326 νηί
3165 5248 3506 5326 _magisleria-

1956 5330 2073 5368 nus.
2122 5314 2288 5368 Erant
2336 5314 2408 5369 illi
2448 5333 2510 5370 ex
2558 5314 2756 5372 officio'
2778 5318 2985 5370 militia:
3017 5314 3282 5385 palatium,
3326 5316 3416 5384 qui
3453 5327 3507 5370 et

1958 5393 2162 5455 agentes
2190 5386 2244 5436 in
2284 5385 2454 5440 rebus.
2490 5385 2642 5439 Varia
2689 5389 2753 5440 de
2785 5388 2849 5439 iis
2883 5387 3097 5455 collegit
3142 5386 3507 5455 HOSchyiluS

1958 5401 2162 5453 agentes
2190 5401 2244 5436 in
2284 5401 2454 5440 renus.
2494 5401 2642 5439 vam
2689 5401 2753 5440 ae
2785 5403 2849 5439 us
2883 5401 3097 5455 C0llegll
3142 5401 3368 5439 Isosze
3407 5401 3505 5439 tltlS

1957 5456 2010 5508 in
2034 5453 2405 5526 Onomastico.
2438 5455 2644 5526 Cangio
2672 5467 2755 5510 est
2783 5455 3286 5526 0/ﬁcialis_t_nagistri
3318 5401 3505 5526 σχὲς-ἱρ-

1957 5539 2073 5576 rum
2103 5538 2120 5575 :
2147 5522 2204 5575 ln
2256 5523 2474 5578 (lodicis
2518 5522 2865 5588 regularum,
2915 5526 2983 5578 ab
3030 5522 3311 5578 llol'stenio
3354 5523 3504 5585 editi,

1957 5601 2109 5662 parte
2143 5607 2200 5653 ll,
2226 5607 2356 5663 pag.
2400 5594 2526 5657 477,
2575 5589 2920 5655 Crimlaicus,
2970 5593 3107 5646 idem
3141 5593 3340 5663 factum
3380 5608 3508 5663 uar—

1958 5660 2086 5716 i'ans
2120 5679 2133 5714 :
2170 5679 2188 5710 ι
2226 5660 2404 5733 Venit,
2437 5664 2632 5732 inquit,
2673 5665 2891 5733 quidam
2926 5663 3107 5726 homo,
3141 5660 3508 5733 nominest!-

1959 5735 2244 5801 gistratus,
2275 5750 2293 5782 ι
2345 5729 2705 5803 ineptissime'
2732 5747 2944 5803 ponens
2989 5745 3188 5787 nomen
3231 5729 3509 5800 appellati-

1957 5816 2083 5854 vum
2111 5815 2211 5870 pro
2244 5801 2460 5856 nomine
2487 5803 2721 5871 proprio.
