4170 6518
189 469 297 532 869
861 461 1142 524 ORATIO
1183 460 1319 520 ΧΠ.
1355 483 1420 494 ·-
1460 451 1839 515 LAUDATIO
1864 452 1924 511 S.
1966 450 2276 511 ARSENII
2323 449 2864 511 ANACHORET/E.
3337 441 3443 505 870

191 579 425 648 ἀδελφόν
453 591 574 629 σου.
610 573 668 628 ’0
695 574 750 628 δὲ
779 573 977 636 Ζώῖλος
1032 572 1126 624 ἐπὶ
1157 570 1236 638 τῷ
1274 568 1418 637 λόγῳ
1457 563 1771 635 ταραχθεὶς,
1803 611 1805 618 ,

1905 560 1964 613 iis
2000 560 2164 616 dictis
2188 563 2458 626 turbatus,
2487 562 2694 615 tacuit:
2724 569 2888 629 atque
2915 558 2989 613 ita
3019 556 3158 613 alter
3179 557 3248 613 ab
3272 560 3444 612 altero

193 671 496 738 ἐσιώπησε,
555 666 649 718 καὶ
704 665 876 726 οὕτως
935 661 1311 732 ἐχωρίσθησαν
1367 660 1461 712 ἀπ’
1504 656 1766 725 ἀλλήλων.

1905 650 2111 720 ejuncti
2136 663 2284 706 sunt.
2316 651 2599 706 Descendit
2630 652 2794 721 igitur
2813 665 2977 706 senex
3013 650 3069 704 in
3096 659 3280 720 partes
3301 649 3445 704 The-

193 759 486 830 Κατῆλθεν
528 753 622 810 οὖν
669 759 698 809 6
737 756 915 826 γέρων
949 753 1042 806 ἐπὶ
1079 752 1149 804 τὰ
1181 753 1323 821 μέρη
1363 749 1641 817 Θηϐαΐδος,
1676 747 1772 801 καὶ

1905 745 2051 798 ιιιίιιὶε
2103 745 2239 815 (89),
2293 746 2551 814 gravique
2605 743 2921 798 infirmitate
3000 751 3286 812 correptus
3339 751 3443 796 est.

191 851 501 920 ἠσθένησεν
547 846 860 919 ἀρρωστίαν
891 843 1156 914 μεγάλην.
1190 843 1253 895 Ol
1281 841 1338 895 δὲ
1364 840 1554 893 τούτου
1587 840 1771 893 διακο-

1905 837 2104 893 linistri
2130 845 2311 891 autem
2355 836 2473 905 ejus
2513 836 2771 890 dixerunt
2804 835 2946 889 inter
2978 849 3080 889 se:
3126 834 3207 887 An
3252 833 3450 903 aliquis

193 942 361 1010 νηταὶ
392 935 549 992 εἶπον
574 938 712 1008 πρὸς
747 935 1011 1004 ἀλλήλους
1034 951 1048 966 ο
1079 935 1172 1004 Μὴ
1203 933 1314 1002 ἄρά
1347 949 1433 994 τις
1461 930 1617 1002 ἡμῶν
1647 929 1771 982 ἐλύ-

1905 939 2122 985 ιοσιι-υιιι
2160 927 2508 984 contristavit
2547 943 2754 990 senem,
2787 941 2963 994 eaque
2993 927 3061 981 de
3086 940 3250 980 causa
3288 941 3317 979 a
3345 940 3445 979 no-

193 1050 340 1104 πησε
395 1031 489 1086 τὸν
543 1030 801 1101 γέροντα,
849 1027 946 1081 καὶ
998 1026 1086 1080 διὰ
1133 1025 1295 1080 τοῦτο
1349 1022 1623 1095 ἐχωρίσθη
1677 1021 1772 1090 ἀφ’

1905 1023 1960 1076 ἠδ
2007 1021 2283 1084 seiunctus
2320 1021 2440 1074 est?
2467 1019 2532 1074 Et
2563 1035 2668 1073 non
2705 1019 3026 1072 invenerunt
3070 1017 3365 1086 quidquam
3397 1016 3451 1069 in

191 1124 356 1195 ἡμῶν
381 1138 398 1190 ;
434 1123 546 1176 Kal
570 1123 670 1190 οὐχ
709 1114 868 1190 εὖρον
893 1119 950 1172 ἑν
974 1118 1186 1180 έαυτοῖς
1219 1114 1392 1170 οὐδέν.
1432 1113 1688 1182 ’Υγιάνας
1715 1114 1772 1168 δὶ

1905 1127 1937 1166 e
1987 1113 2179 1180 culpae.
2223 1109 2454 1165 Sanitati
2500 1121 2681 1164 autem
2724 1109 3008 1163 restitutus
3044 1121 3231 1170 senex,
3265 1106 3448 1161 dixit:

193 1216 224 1267 6
250 1215 436 1284 γέρων
463 1208 646 1265 εἶπεν·
675 1209 1020 1280 Πορεὺσομαι
1045 1207 1184 1278 πρὸς
1211 1207 1337 1269 τοὺς
1365 1205 1610 1274 πατέρας
1647 1219 1770 1273 μου.

1909 1202 1976 1256 bo
2012 1202 2077 1257 ad
2123 1209 2306 1272 patres
2337 1217 2527 1266 meos;
2557 1211 2610 1255 et
2641 1201 2722 1255 sic
2761 1200 2885 1254 navi
2930 1207 3178 1254 revectus
3215 1199 3362 1252 venit
3396 1197 3450 1252 in

198 1307 314 1358 Kal
341 1303 516 1367 οὕτως
546 1301 892 1364 ἀναπλεύσας
921 1297 1086 1370 ἦλθεν
1129 1301 1207 1363 είς
1239 1299 1339 1368 τὴν
1368 1296 1603 1366 Πέτραν,
1638 1296 1773 1350 ὅπου

1905 1296 2095 1348 'etram
2122 1293 2257 1362 (90),
2289 1293 2381 1348 ubi
2433 1299 2590 1346 erant
2626 1289 2878 1361 discipuli
2933 1288 3074 1357 ejus.
3131 1286 3266 1341 Cum
3324 1302 3454 1340 vero

197 1392 340 1468 ἦσαν
364 1398 412 1450 ol
439 1395 678 1466 μαθηταὶ
701 1392 894 1447 αὐτοῦ.
926 1394 1116 1454 Ὄντος
1144 1389 1202 1444 δὲ
1232 1387 1397 1444 αὐτοῦ
1429 1386 1655 1457 πλησίον
1680 1383 1772 1438 τοῦ

1905 1398 2046 1452 πορθ
2092 1382 2316 1437 fluvium
2369 1391 2532 1444 esset,
2575 1381 2752 1449 puella
2817 1381 3064 1449 quaedam
3116 1378 3450 1446 Etliiopissa

200 1486 477 1557 ποταμοῦ,
525 1486 788 1556 παιδίσκη
821 1500 906 1546 τις
940 1472 1268 1537 Αἰθιὸπισσα
1309 1478 1558 1541 ιλθοῦσα,
1597 1476 1775 1546 ἥψατο

1905 1474 2144 1528 ιεοθόεηε
2201 1475 2376 1544 tetigit
2413 1473 2645 1526 meluten
2681 1471 2790 1542 (9i)
2821 1471 3016 1539 ipsius.
3064 1470 3133 1522 At
3163 1484 3329 1523 senex
3366 1469 3450 1521 in-

204 1577 470 1649 μηλωτῆς
510 1577 697 1631 αὐτοῦ.
731 1562 791 1628 Ὀ
823 1576 880 1630 δὲ
907 1574 1087 1644 γέρων
1125 1572 1458 1641 ἐπετίμησεν
1503 1569 1662 1638 αὐτῇ.
1710 1567 1773 1618 'H

1905 1565 2117 1633 :repavit
2159 1579 2299 1619 eam.
2350 1563 2534 1618 Puella
2564 1579 2695 1618 vero
2720 1564 2856 1618 dixit
2886 1563 2961 1617 illi
2993 1581 3006 1616 :
3065 1561 3123 1616 Si
3153 1561 3454 1615 monachus

200 1666 297 1724 οὖν
325 1667 583 1737 παιδίσκη
606 1667 755 1735 λέγει
779 1665 952 1736 αὐτῷ’
979 1665 1043 1720 El
1076 1661 1306 1734 μοναχὸς
1333 1656 1402 1722 el,
1438 1658 1670 1727 πορεύου
1697 1659 1777 1720 εἰς

1905 1670 1959 1718 :s,
2004 1654 2138 1708 vade
2165 1655 2230 1707 ad
2278 1663 2538 1708 montem.
2587 1651 2760 1706 Senex
2794 1662 2976 1706 autem
3018 1665 3270 1705 sermone
3302 1664 3452 1702 com-

200 1760 264 1814 τὺ
292 1759 443 1831 ὅρος.
486 1759 544 1812 '0
571 1759 626 1812 δὲ
652 1759 834 1829 γέρων
865 1758 959 1810 ἐπὶ
987 1755 1066 1826 τῷ
1100 1756 1244 1825 λόγῳ
1275 1750 1620 1819 κατανυγεὶς,
1658 1750 1778 1802 ἔλε-

1905 1754 2136 1809 ιιιιιοῑυει,
2175 1745 2388 1803 dicebat
2417 1745 2558 1800 intra
2586 1759 2644 1800 se
2672 1763 2686 1799 :
2713 1744 2931 1806 Arseni,
2970 1743 3015 1798 si
3041 1743 3342 1796 monachus
3370 1757 3450 1803 es,

202 1868 300 1918 γεν
332 1854 388 1903 ὲν
427 1849 630 1919 έαυτῷο
672 1849 936 1918 ’Δρσένιε,
973 1848 1022 1900 εί
1071 1846 1301 1917 μοναχδς
1329 1841 1399 1907 εί,
1425 1842 1656 1911 πορεύου
1697 1842 1779 1904 εἰς

1905 1837 2020 1891 rade
2063 1836 2130 1890 ad
2175 1845 2434 1891 montem.
2493 1837 2701 1890 Interea
2750 1844 3048 1890 occurrunt
3076 1834 3124 1887 ei
3153 1832 3457 1888 Alexander

295 1945 422 2012 ὅρος
447 1959 461 1974 ·
495 1902 591 1994 καί
619 1941 712 1993 ἐπὶ
737 1902 897 1994 τοῦτο
923 1902 1246 2009 ἀπήντησαν
1275 1902 1424 2005 ἆοτῷ
1443 1937 1472 1988 ὅ
1498 1902 1558 1987 τε
1601 1902 1783 2000 ’Δλέξζ

1905 1933 1941 1979 ιι
1992 1924 2210 1988 Zoilus;
2263 1940 2498 1994 cumque
2561 1925 2920 1994 procidissent
2975 1924 3041 1978 ad
3102 1924 3268 1993 pedes
3316 1923 3455 1988 eius,

206 2035 403 2104 ανδρος
427 2033 520 2086 καὶ
546 2031 766 2094 Ζώῖλος,
793 2031 888 2084 καὶ
911 2029 1282 2082 ἐπιπεσόντων
1309 2025 1491 2079 αὐτῶν
1515 2027 1627 2088 τοῖς
1656 2024 1783 2077 ποσὶ

1905 2017 2113 2086 irojeeit
2155 2032 2213 2072 se
2257 2017 2421 2070 etiam
2492 2032 2704 2071 senex:
2755 2025 2809 2070 et
2855 2016 3121 2071 ﬂeverunt
3177 2017 3453 2084 utrinque.

207 2124 400 2186 αὑτοῦ,
432 2123 654 2194 ἔρριψεν
695 2122 882 2176 ἑαυτὸν
915 2122 944 2174 6
981 2119 1163 2190 Γέρων
1183 2135 1198 2150 ο
1227 2118 1320 2171 καὶ
1353 2116 1627 2172 ἔκλαυσαν
1673 2117 1782 2185 ap.-

1905 2109 2032 2162 )ixit
2073 2123 2278 2164 senex:
2325 2107 2438 2162 Non
2483 2108 2740 2171 audistis,
2772 2109 2916 2178 quod
2951 2109 3314 2178 aagrotarem?
3355 2107 3459 2160 Re-

208 2215 450 2284 φότεροι.
483 2210 648 2266 Εῐπεν
669 2212 724 2265 δὲ
753 2213 781 2264 6
809 2211 987 2280 γέρων
1006 2225 1021 2239 °
1050 2209 1164 2262 Οὐκ
1192 2207 1488 2277 ἠκούσατε,
1512 2209 1595 2260 ὅτι
1621 2207 1786 2261 ἀσθε-

1905 2200 2264 2268 ιροιιιιειυιιιι
2306 2199 2382 2255 Ita
2416 2210 2520 2254 est.
2564 2200 2801 2256 Rursum
2838 2214 3005 2254 senex
3038 2217 3051 2252 :
3103 2199 3167 2253 Et
3206 2215 3306 2254 cur
3351 2215 3458 2252 non

209 2305 287 2358 νῶ
313 2321 328 2369 ;
357 2305 466 2358 Kal
505 2298 660 2356 εἷπον
691 2299 839 2371 αὐτῷ
860 2317 873 2330 ο
903 2299 1028 2354 Ναί.
1063 2299 1173 2352 Kal
1200 2299 1347 2368 λέγει
1385 2302 1412 2353 6
1441 2300 1645 2372 Γέρωνο
1677 2300 1789 2352 Kal

1905 2292 2114 2346 venistis
2155 2307 2242 2346 me
2288 2292 2566 2346 invisum?
2613 2291 2677 2344 Et
2726 2292 2863 2345 dixit
2894 2291 3064 2346 abbas
3105 2291 3456 2345 Alexander:

209 2396 300 2449 διὰ
355 2395 408 2446 τί
456 2393 557 2446 οὐκ
616 2391 809 2461 mea:
861 2390 990 2442 ίδεῑν
1041 2407 1148 2461 με;
1181 2391 1292 2444 Kal
1350 2390 1497 2459 λέγει
1544 2392 1573 2443 6
1618 2390 1790 2454 ἀόὀᾶς

1905 2380 2174 2451 Separatio
2228 2383 2301 2436 tui
2335 2399 2364 2436 a
2403 2383 2558 2436 nobis
2603 2383 2897 2452 approbata
2961 2382 3104 2436 haud
3159 2381 3303 2446 fuit;
3351 2383 3463 2436 imo

225 2485 576 2554 Ἀλέξανδρος
597 2499 610 2514 ·
641 2482 762 2536 Ὀτι
797 2482 826 2534 6
858 2481 1135 2551 χωρισμός
1161 2498 1253 2535 σου
1287 2482 1379 2550 ἀφ’
1413 2482 1570 2551 ἡμῶν
1597 2482 1657 2535 οὐ
1692 2482 1790 2550 γέ-

1905 2474 2077 2529 multis
2111 2488 2215 2527 non
2272 2474 2497 2543 profuit,
2535 2474 2840 2529 dicentibus
2875 2493 2888 2528 :
2945 2473 3058 2529 Nisi
3089 2475 3462 2530 inobedientes

213 2594 340 2645 γονε
370 2573 616 2637 πιθανὸς,
647 2574 742 2626 καὶ
773 2573 960 2624 πολλοὶ
986 2573 1090 2626 οὐκ
1111 2572 1495 2643 ὠφελήθησαν,
1521 2572 1788 2640 λέγοντες·

1905 2564 2125 2621 fuissent
2152 2567 2288 2630 seni,
2317 2581 2424 2620 non
2457 2567 2643 2637 utique
2681 2583 2802 2622 sese
2829 2567 2898 2622 ab
2950 2568 3084 2637 ipsis
3111 2568 3462 2636 sejunxisset.

216 2669 341 2720 Ὀτι
366 2667 415 2719 εί
443 2650 530 2735 μή
553 2666 911 2733 παρήκουσαν
946 2663 1041 2716 τοῦ
1072 2664 1342 2734 γέροντος,
1375 2664 1475 2718 οὐκ
1509 2663 1574 2717 ἂν
1599 2664 1794 2733 ἐχωρί-

1905 2658 2050 2714 ΐιιιιο
2073 2659 2162 2714 ille
2199 2676 2213 2714 :
2247 2658 2310 2713 Et
2340 2675 2440 2730 ego
2480 2661 2530 2715 id
2563 2662 2710 2719 novi.
2743 2661 2938 2716 lterum
2966 2676 3095 2729 ergo
3117 2663 3314 2716 dicturi
3337 2671 3464 2715 sunt

221 2758 324 2828 σΘη
357 2757 454 2810 ἀπ’
496 2754 698 2809 αὐτῶν.
751 2754 860 2806 Kal
912 2753 1062 2820 λέγει
1115 2753 1328 2813 αὐτοῖς’
1379 2753 1550 2820 Κάγὼ
1589 2753 1792 2821 ἐγνωνο

1905 2751 2144 2806 homines
2178 2769 2192 2805 :
2221 2751 2482 2806 Columba
2517 2768 2622 2806 non
2648 2753 2927 2807 inveniens
2963 2752 3202 2822 requiem
3236 2754 3464 2822 pedibus

217 2850 383 2904 πάλιν
427 2842 523 2901 οὖν
569 2845 854 2916 μέλλουσιν
892 2845 1072 2912 λέγειν
1109 2845 1161 2897 οἱ
1206 2844 1484 2914 ἄνθρωποι
1508 2859 1522 2873 ⁸
1564 2846 1686 2898 Ὅτι
1722 2845 1796 2916 μὴ

1905 2844 2036 2906 suis,
2077 2858 2293 2897 reversa
2334 2852 2420 2897 est
2474 2843 2541 2897 ad
2590 2842 2701 2899 Noe
2753 2843 2808 2898 in
2858 2858 3064 2898 arcam.
3097 2843 3164 2897 Et
3193 2844 3271 2898 sic
3295 2844 3467 2897 curati

218 2939 460 3012 εὑροῦσα
498 2940 532 3008 ἡ
575 2937 873 3007 περιστερά
912 2937 1220 2991 ἀνάπαυσιν
1260 2939 1372 3000 τοῖς
1415 2937 1574 2990 ποσὶν
1605 2939 1798 3008 αὐτῆς,

219 3031 552 3102 ἀνέστρεψεν
579 3031 713 3100 πρὸς
756 3030 876 3082 Νῶε
929 3030 1010 3091 είς
1053 3027 1154 3097 τὴν
1196 3028 1448 3082 κιϐωτόν.
1490 3031 1601 3083 Kal
1629 3031 1800 3092 οὕτως

221 3121 709 3192 ἐθεραπεύθησαν,
750 3121 847 3175 καὶ⁵
891 3121 1114 3190 ἔμειναν
1159 3121 1277 3190 μετ’
1305 3119 1517 3174 αὑτοῦι
1560 3121 1665 3186 ἕως
1702 3123 1801 3191 τῆς

223 3214 485 3284 τελευτῆς
519 3214 710 3268 αὑτοῦ.

852 3323 1103 3378 ΚΕΦΔΛ.
1131 3324 1204 3376 Γ’.

1901 2945 2049 2999 sunt,
2106 2945 2541 3006 manseruntque
2592 2951 2716 2991 cum
2765 2951 2832 2991 eo
2887 2950 3064 3006 usque
3111 2936 3179 2991 ad
3238 2945 3468 2990 mortem

1905 3041 2094 3097 ipsms.

2549 3316 2699 3372 CAP.
2745 3314 2829 3371 Ill.

228 3434 534 3491 Prandium
557 3436 836 3499 damonis,
868 3444 918 3490 et
950 3450 1269 3490 arcanorum
1299 3435 1708 3504 perspicientia;
1735 3439 1971 3502 morbus,
2000 3440 2153 3501 visio,
2186 3453 2315 3490 cura
2365 3433 2640 3488 vilissime
2673 3432 2992 3501 sepulturas;
3018 3445 3158 3485 mors
3181 3431 3477 3494 ,‘habilmlo

1352 3506 1612 3574 corporis,
1642 3508 1887 3574 periocha
1925 3511 2068 3574 vila',
2103 3507 2350 3576 elogium.

302 3600 393 3654 ιδ’.
424 3599 593 3655 Πάλιν
621 3599 784 3653 ἄλλου
817 3597 1146 3670 πυθομένου,
1169 3600 1265 3653 καὶ
1291 3599 1544 3668 λέγοντος
1577 3600 1656 3671 τῷ
1677 3603 1735 3654 ’Δ
1747 3619 1800 3672 ρ-

1973 3604 2058 3659 19.
2095 3604 2230 3658 Dum
2289 3617 2482 3656 rursus
2540 3600 2680 3655 alius
2744 3598 3106 3666 interrogaret
3160 3612 3225 3650 ac
3269 3597 3473 3652 diceret

234 3693 430 3762 σενίῳο
465 3693 527 3744 Ol
569 3691 824 3761 λογισμοί
860 3708 960 3762 μου
995 3690 1236 3743 Θλίδουσί
1279 3708 1367 3762 με,
1397 3691 1682 3759 λέγοντεςο
1729 3693 1803 3746 Οὐ

1905 3697 2179 3753 Arsenio:
2239 3694 2612 3765 Cogitationes
2675 3707 2804 3746 mea:
2865 3689 3108 3759 amigunt
3140 3704 3245 3752 me,
3275 3704 3471 3756 sugge-

231 3783 458 3836 δὺνασαι
487 3781 799 3851 νηστεῦσαι,
826 3782 946 3835 οὐδὲ
974 3781 1325 3852 ἐργάζεσθαι,
1352 3782 1453 3836 κᾶν
1475 3783 1804 3836 ἐπισκέπτου

1905 3798 2118 3844 rentes:
2151 3787 2266 3841 Non
2304 3789 2451 3842 vales
2472 3786 2741 3855 jejunare,
2773 3799 2872 3838 nec
2899 3781 3150 3852 operari;
3182 3783 3369 3836 saltem
3394 3783 3476 3834 in-

234 3875 619 3936 ἀσθενοῦντας,
651 3874 748 3927 καὶ
782 3873 940 3926 τοῦτο
968 3874 1024 3926 δὲ
1057 3874 1246 3941 ἀγάπη
1282 3873 1449 3927 ἐστίν.
1491 3873 1658 3936 Εἰδὼς
1691 3874 1746 3926 δὲ
1777 3875 1806 3926 6

235 3967 418 4036 γέρων
445 3966 546 4027 τὰς
573 3963 862 4034 πονηρίας,
890 3963 985 4015 καὶ
1009 3964 1135 4026 τοὺς
1167 3963 1352 4025 δόλους
1379 3963 1487 4015 τῶν
1514 3964 1804 4033 δαιμόνων,

236 4057 385 4125 λέγει
436 4055 514 4125 τῷ
561 4053 772 4124 ἀδελφῷ
797 4071 810 4085 ·
857 4054 1098 4122 ’Υπαγε,
1129 4055 1292 4123 φάγε,
1335 4053 1445 4118 πίε,
1481 4055 1678 4126 κοιμῶ,
1714 4057 1809 4109 καὶ

242 4148 317 4219 μὴ
354 4147 567 4218 ἐργάσῃ
585 4162 599 4177 ·
641 4145 800 4215 μόνον
823 4145 916 4198 τοῦ
941 4145 1152 4199 κελλίου
1175 4163 1269 4199 σου
1296 4147 1370 4217 μὴ
1397 4147 1641 4217 ἀποστῇς
1661 4164 1674 4177 ·
1707 4148 1809 4218 ήδη

239 4239 350 4308 γάρ
375 4240 458 4293 ὅτι
481 4240 515 4308 ἡ
543 4235 788 4308 ὑπομονὴ
812 4235 906 4290 τοῦ
937 4237 1149 4289 κελλίου
1173 4239 1330 4307 φέρει
1352 4237 1444 4289 τὸν
1473 4235 1703 4305 μοναγὸν
1731 4239 1810 4297 είς

240 4331 340 4402 τὴν
362 4329 519 4396 τάξιν
546 4328 735 4384 αὑτοῦ.
767 4329 882 4383 Οὐκ
909 4329 1323 4399 ἀπελιμπάνετο
1358 4327 1415 4382 δὲ
1443 4326 1538 4380 τοῦ
1573 4328 1810 4399 διορατι-

1905 3880 2088 3934 firmos
2123 3880 2322 3943 visita;
2357 3887 2519 3946 atque
2556 3879 2656 3930 boc
2683 3885 2831 3929 certe
2881 3874 3121 3928 eliaritas
3150 3883 3256 3928 est.
3298 3873 3475 3928 Senex

1906 3969 2086 4039 itaque
2136 3979 2282 4023 artes
2325 3969 2591 4037 dolosque
2612 3965 2876 4020 damonis
2924 3975 3206 4034 perspecta
3242 3966 3473 4029 habens,

1905 4062 2044 4116 dixit
2096 4060 2294 4115 fratri:
2343 4060 2510 4122 Vade,
2561 4059 2806 4120 comede.
2853 4058 2997 4119 bibe,
3035 4059 3231 4122 dormi,
3282 4066 3335 4110 et
3368 4072 3476 4111 non

1906 4168 2133 4222 operare
2161 4169 2173 4206 :
2205 4153 2366 4206 modo
2389 4167 2417 4205 a
2451 4152 2582 4206 cella
2610 4160 2698 4203 tua
2721 4165 2784 4203 ne
2807 4149 3040 4203 desistas
3072 4167 3085 4202 :
3119 4157 3276 4201 norat
3305 4149 3480 4211 enim,

1907 4242 2179 4310 patientia:
2220 4241 2272 4295 in
2319 4241 2449 4295 cella
2489 4239 2878 4293 exercitatione
2923 4236 3249 4291 monaelnnn
3299 4235 3351 4289 in
3386 4251 3478 4288 or-

1907 4329 2089 4384 dinem
2141 4344 2301 4385 suum
2334 4328 2503 4401 redigi
2531 4329 2666 4400 (92).
2694 4325 2881 4398 Neque
2905 4326 3306 4384 destituebatur
3339 4323 3475 4381 cha-

1503 4462 1743 4520 VARIA'J
1785 4463 2198 4523 LECTIONES.

1748 4603 1979 4663 NOTAE.

320 4535 340 4578 ι
366 4534 603 4591 Coteler.
631 4534 818 4605 ῐμιινε
848 4533 966 4604 μετ’
993 4533 1196 4590 αὐτῶν.

247 4698 445 4754 fuisset
467 4694 533 4750 ad
557 4694 904 4751 eximendam
934 4692 1133 4750 famem
1160 4703 1215 4749 et
1237 4691 1624 4749 restaurandas
1645 4693 1814 4756 vires,

1915 4696 2248 4766 quadrupes.
2279 4695 2464 4766 Itaque
2490 4695 2782 4751 Ciaconins
2808 4697 2861 4750 in
2893 4693 3037 4752 notis
3062 4695 3126 4750 ad
3157 4694 3479 4752 Cassianum

245 4768 340 4825 sed
386 4775 554 4831 tuam,
595 4781 704 4836 qua
745 4765 890 4820 vesci
921 4765 1087 4826 soles,
1119 4779 1277 4835 pane,
1313 4763 1519 4825 herbis,
1564 4772 1660 4817 aut
1693 4765 1818 4819 aliis
1915 4763 2041 4888 pag.
2070 4763 2165 4820 681
2200 4778 2347 4820 recte
2378 4763 2584 4826 censet,
2613 4781 2773 4836 posse
2803 4767 2978 4836 accipi
3024 4782 3122 4834 pro
3155 4781 3484 4836 quacunque

245 4835 541 4889 esculentis
596 4833 914 4889 huiusmodi
965 4843 1310 4889 eoncoctam.
1371 4848 1538 4889 sume.
1592 4834 1816 4888 comede
1919 4837 2075 4889 Dele.
2131 4835 2500 4889 Delerminate
2554 4837 2718 4888 etiam
2781 4837 2923 4889 sumi
2974 4845 3153 4889 potest
3195 4852 3293 4889 nro
3346 4839 3481 4889 uelle

243 4835 541 4894 esculentis
596 4833 1310 4905 bujusmodieoncoctam,
1371 4834 1816 4905 sum_e,_con_i_ed_e
1915 4833 1984 4905 'pe

243 4912 377 4974 (non
412 4905 614 4958 dicitur
639 4901 770 4966 bibe,
797 4903 946 4971 quod
979 4902 1038 4956 fit
1070 4903 1125 4956 in
1161 4919 1300 4972 aqua
1326 4902 1525 4974 mera).
1559 4901 1650 4957 Sic
1676 4903 1817 4956 dici-

2062 4876 2075 4889 .
2131 4835 2500 4890 Delerminate
2554 4835 2718 4888 etiam
2781 4835 2935 4891 sumi
2974 4845 3153 4904 potest
3195 4852 3293 4904 pro
3346 4835 3481 4905 pelle

1918 4907 2162 4975 caprina.
2221 4906 2519 4960 Cassianus
2571 4906 2708 4959 libro
2743 4920 2784 4970 ι,
2840 4907 3017 4973 capite
3065 4906 3118 4967 8,
3168 4907 3235 4959 de
3286 4909 3482 4959 inclute

244 4973 370 5056 tur,
399 4975 676 5056 jusculum
728 4989 966 5036 sumere,
1005 4974 1102 5056 .I‘ac
1149 4973 1457 5037 comedere,
1503 4987 1817 5042 quanquam
1919 4973 2718 5056 monachorumEgyptiorum
2744 4989 2932 5056 agens,
2970 4975 3306 5056 sic.scribit:
3337 4995 3354 5026 ι
3389 4975 3482 5030 UI-

242 5043 613 5118 panis‘gin_eis‘_
629 5053 941 5118 maceratus
974 5043 1066 5118 sit.

1921 5047 2087 5099 timus
2118 5055 2201 5098 est
2245 5046 2461 5098 habitus
2504 5060 2694 5097 eorum
2742 5045 2896 5114 pellis
2931 5046 3176 5113 caprina,
3209 5061 3331 5114 qua:
3371 5063 3483 5099 mc-

318 5089 954 5186 i§§)"'sa'.ii_.:.:.i_.:;.;i:{c
974 5089 1349 5186 Ἄὶξπιιηᾱτίφ,
1370 5128 1476 5167 non
1508 5112 1810 5186 Thebaidis,
1839 5089 1893 5149 Ι)
1921 5089 2710 5186 meum;Zamam;
2743 5089 2895 5168 ξ’ὗὲ
2923 5089 3483 5186 ι]ἵζ’ρἰἒαῚόΞὶιξῖἱιέ

242 5181 664 5264 monuimus_in
720 5181 1690 5264 Commentarioprtevio',“num‘.n3§;
1737 5182 1810 5236 Ea

241 5268 394 5317 vero,
427 5268 548 5322 qua:
575 5251 661 5305 hic
691 5261 1006 5316 narrantur,
1037 5251 1200 5306 habes
1233 5253 1285 5306 in
1330 5252 1465 5306 Vitis
1496 5251 1608 5306 PP.
1635 5252 1729 5306 lib.
1757 5267 1812 5317 ν,

243 5324 414 5378 libell.
453 5323 540 5390 15,
574 5336 724 5373 ιιιιιιι.
757 5320 812 5381 9,
850 5322 992 5389 apud
1029 5321 1266 5376 Coteler.
1300 5338 1328 5376 a
1363 5338 1482 5390 pag.
1521 5321 1644 5375 565.
1720 5389 1725 5390 γ

316 5392 432 5460 (90)
475 5389 724 5511 lntellige
757 5391 970 5444 Petram
1004 5391 1195 5456 Troes,
1237 5393 1304 5445 de
1344 5389 1453 5460 qua
1489 5407 1674 5460 supra.
1707 5389 1818 5444 Su-

316 5477 363 5511 ts
417 5476 573 5511 num.
617 5461 651 5511 2
693 5500 706 5511 .
764 5470 924 5511 vocat
970 5459 1187 5511 Petram
1241 5459 1507 5511 Stromes.
1569 5461 1817 5511 Anoara-

283 5465 363 5515 ius
414 5459 573 5514 num.
617 5459 706 5521 22,
764 5470 924 5515 vocat
970 5459 1187 5515 Petram
1241 5459 1507 5514 Stromes.
1563 5459 1817 5529 ’Apogra-

283 5534 414 5584 lium
453 5530 767 5583 Medicaeum
809 5531 950 5599 regis
989 5529 1233 5584 Francia:
1278 5529 1417 5584 infra
1461 5531 1689 5584 citatum
1721 5532 1817 5584 ha-

241 5463 363 5516 rius
417 5476 573 5514 num.
617 5461 651 5513 2

317 5609 338 5652 t
357 5599 695 5684 ξτρὼμνης,
729 5599 826 5684 sed
871 5600 1102 5684 scriptio
1132 5600 1232 5679 sibi
1269 5615 1376 5653 non
1407 5609 1622 5684 constat
1651 5621 1663 5654 :
1691 5615 1815 5652 nam

245 5678 300 5724 et
357 5669 600 5738 Τρώμην
655 5669 816 5738 paulo
872 5679 995 5738 post
1047 5671 1162 5738 lego
1212 5670 1266 5722 in
1317 5671 1608 5724 accusandi
1663 5684 1814 5723 casu.

247 5736 451 5794 Neutra
489 5736 684 5805 placet.
727 5736 836 5791 Vit.
873 5736 990 5790 PP.
1029 5736 1228 5792 ibidem
1267 5755 1417 5793 num.
1449 5739 1537 5801 10,
1587 5738 1813 5794 Tro/wn.

322 5808 436 5876 (9|)
475 5806 728 5874 Μελωτή,
775 5808 960 5860 met'ote
985 5809 1068 5862 vel
1110 5809 1345 5870 melotes,
1385 5808 1539 5876 pellis
1569 5809 1754 5869 ovina,
1787 5823 1814 5860 a

257 5875 446 5933 Greco
502 5876 696 5948 μῆλον,
746 5877 876 5941 ovis,
928 5878 1024 5932 sed
1077 5882 1129 5932 et
1176 5875 1560 5946 quodcumque
1613 5879 1816 5932 animal

1919 5186 1974 5240 in
2011 5192 2242 5252 utroque
2279 5183 2568 5237 Clossario.

1993 5253 2106 5322 (92)
2160 5251 2266 5306 Vit.
2314 5253 2426 5308 PP.
2479 5253 2571 5307 lib.
2605 5268 2660 5314 v,
2712 5251 2885 5307 libell.
2918 5253 2968 5320 7,
3021 5269 3173 5308 num.
3222 5253 3290 5306 27
3337 5254 3484 5307 hisee

1921 5325 2125 5379 addunt
2154 5325 2220 5376 de
2268 5325 2538 5377 monacho
2582 5325 2730 5377 isto:
2770 5341 2786 5372 ι
2819 5322 2920 5388 Qui
2965 5339 3086 5378 cum
3127 5323 3343 5378 fecisset
3375 5334 3485 5377 tres

1919 5397 2055 5455 dies,
2086 5394 2407 5447 extaediatus
2435 5402 2540 5452 est.
2576 5401 2630 5446 et
2653 5394 2935 5448 inveniens
2963 5409 3160 5462 paucas
3192 5395 3482 5461 palmulas,

1919 5465 2080 5519 scidit
2127 5472 2345 5518 easzet
2395 5464 2592 5532 iterum
2650 5463 2702 5515 in
2755 5465 2998 5516 crastino
3046 5465 3209 5532 C(Bpil.
3252 5465 3483 5531 plectam

1920 5533 2102 5587 facere
2137 5549 2202 5585 ex
2250 5535 2349 5587 eis.
2401 5531 2503 5597 Qui
2554 5547 2677 5585 cum
2708 5533 2992 5595 csurisset.
3029 5534 3166 5587 dixit
3206 5533 3346 5585 intra
3387 5548 3444 5586 se
3471 5573 3484 5586 .

1921 5604 2060 5657 Ecce
2109 5603 2228 5656 alia:
2282 5617 2470 5670 paucae
2525 5611 2654 5656 sunt
2715 5603 2936 5670 palmae;
2990 5603 3200 5671 explico
3253 5617 3378 5667 eas;
3433 5611 3488 5655 et

1920 5671 2209 5726 manduco.
2241 5673 2304 5726 Et
2333 5688 2457 5725 cum
2484 5672 2925 5740 perexpendisset
2954 5688 3068 5736 eas,
3093 5671 3228 5724 dixit
3255 5673 3482 5725 iterum:

1920 5741 2064 5811 Lego
2095 5757 2308 5810 parum,
2341 5743 2420 5795 sic
2452 5744 2747 5795 manduco.
2779 5743 2845 5796 Et
2873 5757 2997 5796 cum
3033 5743 3272 5811 legisset,
3307 5742 3483 5794 dixit:

1920 5810 2106 5863 Dicam
2157 5812 2464 5879 aliquantus
2503 5812 2764 5879 psalmos,
2807 5822 2861 5864 et
2891 5813 3005 5880 jam
3055 5810 3282 5866 securus
3334 5826 3488 5862 man-

1918 5881 2080 5936 duco.
2113 5879 2176 5934 Et
2207 5881 2280 5934 ita
2311 5883 2570 5948 paulatim
2617 5879 2956 5950 proﬁciebat,
2989 5881 3097 5939 Deo
3136 5890 3482 5950 c00perante,
