4170 6490
250 429 353 488 8'73

872 429 1151 491 ORATIO
1190 433 1324 493 XII.
1367 458 1436 468 -
1470 436 1849 499 LAUDATIO
1881 440 1939 499 S.
2001 441 2311 501 ARSENII
2354 443 2892 505 ANACIIORET/E.

3391 448 3491 509 874

246 534 426 587 ϐάτων
469 538 637 607 ἢμην.
688 526 798 591 Καὶ
849 541 997 608 λέγει
1034 543 1062 594 6
1094 542 1495 614 πρεσϐύτερος·
1538 546 1659 610 Πῶς
1692 543 1805 609 οὖν,

1915 551 2196 608 traduxisti
2223 556 2235 606 l
2272 550 2369 608 llic
2394 568 2539 619 vero,
2562 553 2616 607 In
2645 554 2827 610 labore
2857 554 3050 619 multo,
3084 556 3180 622 ait,
3200 566 3255 612 et
3289 574 3491 613 mrum-

245 625 403 694 φησι,
435 626 620 697 διῆγες
650 629 740 681 τὸν
768 629 882 697 βίον
917 647 1044 697 σου;
1089 631 1146 684 ὐ
1193 634 1250 686 δέ
1296 651 1495 703 φησιν·
1543 636 1628 689 Ἐν
1662 639 1814 708 κόπῳ

243 714 448 786 πολλῷ,
477 718 572 767 καὶ
596 716 798 785 μόχθῳ.
827 719 934 771 Καὶ
953 717 1098 786 λέγει
1124 719 1298 790 αὐτῷ’
1319 723 1436 774 Καὶ
1464 721 1579 785 πῶς
1605 724 1814 792 διάγεις

241 806 449 876 ἀρτίως
496 808 554 858 ὲν
597 807 674 876 τῷ
704 808 899 878 κελλξῳ
932 825 1024 862 σου
1050 827 1064 875 ς
1109 811 1166 864 '0
1193 813 1249 864 δὲ
1281 812 1383 884 ἔφη
1406 831 1418 843 ’
1450 815 1642 879 Καλῶς
1679 817 1811 869 ἀναν

240 896 512 966 παύομαι.
569 899 675 951 Kal.
713 899 860 967 λέγει
903 901 1052 972 αὐτῷ
1093 904 1121 956 6
1151 903 1549 976 πρεσϐύτερος”
1589 906 1814 972 Βλέπεις

238 988 430 1041 τοῦτον
457 988 548 1041 τὸν
576 990 748 1044 ἁσὸᾶν
787 993 1091 1062 Ἀρσένιονς
1124 995 1305 1066 πατὴρ
1341 997 1604 1065 βασιλέων
1631 998 1814 1069 ὑπῆρ-

240 1096 338 1148 χεν
386 1081 443 1130 ὲν
492 1079 567 1150 τῷ
611 1081 833 1153 κόσμῳ,
884 1084 976 1136 καὶ
1025 1084 1183 1154 χίλιοι
1230 1086 1405 1140 δοῦλοι
1459 1088 1812 1158 σηρικοφόροι

241 1166 522 1236 παρέσταν
551 1170 645 1237 (m)
669 1170 816 1241 αὐτῷ
838 1187 850 1200 ·
886 1172 1159 1244 πολύτιμα
1193 1174 1248 1227 δὲ
1281 1177 1577 1246 στρώματα
1603 1179 1812 1233 ὑποκά-

238 1275 320 1311 τω
349 1260 519 1313 αὐτοῦ
546 1257 611 1331 ἦν
638 1278 652 1292 θ
703 1262 766 1315 σὺ
800 1263 857 1316 δὲ
903 1265 1105 1337 ποιμὴν
1136 1265 1230 1332 ὢν,
1264 1269 1361 1338 οὐχ
1393 1263 1559 1338 εἶχες,
1603 1270 1669 1340 ἢν
1716 1270 1813 1324 νῦν

240 1348 409 1418 ἔχεις,
441 1353 774 1408 ἀνάπαυσιν*
799 1351 1074 1421 καὶ.οὗτος
1103 1359 1200 1426 τὴν
1225 1360 1454 1431 τρυφὴν,
1485 1361 1552 1432 ἢν
1582 1356 1728 1432 εἶχεν
1753 1364 1811 1416 ὲν

239 1442 320 1513 τῷ
369 1443 582 1516 κόσμῳ,
624 1441 724 1500 ὧδε
778 1449 877 1501 οὐκ
923 1448 1056 1518 ἔχει.
1103 1449 1232 1504 ’ἰδοὺ
1280 1446 1393 1516 οὖν,
1436 1452 1498 1505 σὺ
1541 1453 1640 1523 μὲν
1684 1454 1812 1507 ἀνα·

243 1536 417 1606 παύῃ,
477 1537 728 1600 κάκεῖνος
788 1538 1049 1594 θλίϐεται.
1101 1541 1160 1594 '0
1209 1541 1265 1594 δὲ
1315 1543 1555 1605 ἀκούσας
1613 1544 1809 1611 ταῦτα,

242 1627 550 1702 κατηνύγη.
588 1629 682 1681 καὶ
731 1628 888 1683 ἔϐαλε
941 1631 1248 1701 μετάνοιαν,
1277 1632 1480 1702 λέγων·
1515 1636 1811 1706 Συγχωρη-

245 1714 341 1767 σόν
372 1734 482 1786 μοι,
514 1717 680 1779 ἀδεᾶ.
725 1722 1043 1792 ἡμάρτηκα,
1077 1723 1157 1778 ὅτι
1204 1716 1360 1788 οὗτος
1409 1720 1573 1797 ἦλθεν
1614 1728 1694 1791 εις
1721 1727 1811 1780 κό-

244 1821 372 1870 πον,
414 1807 568 1877 κάγὼ
613 1811 694 1873 εἰς
734 1811 1071 1868 ἀνάπαυσιν·
1106 1817 1199 1869 καὶ
1230 1815 1529 1888 ὠφεληθεὶς
1571 1818 1600 1871 6
1633 1819 1809 1888 γέρων

243 1897 582 1970 ἀνεχώρησε.

314 1994 422 2043 κα’.
452 1990 639 2061 Τούτῳ
666 1991 744 2061 τῷ
774 1994 1030 2066 μακαρίῳ
1058 1994 1367 2066 ἐπέστησαν
1398 1997 1446 2050 oi
1470 1997 1720 2066 δαίμονες
1749 2000 1808 2052 ἐν

238 2077 318 2147 τῷ
373 2079 589 2149 κελλίῳ,
647 2081 921 2147 θλιϐόντες
956 2084 1135 2140 αὐτόν.
1189 2086 1605 2157 Παραλαὸὀντες
1652 2087 1709 2141 δὲ
1758 2089 1808 2142 οἱ

241 2163 617 2229 διακονοῦντες
667 2169 835 2238 αὐτῷ,
885 2173 979 2224 καὶ
1021 2174 1243 2236 στάντες
1293 2173 1397 2240 ἔξω
1441 2178 1539 2247 τῆς
1591 2177 1806 2245 κέλλας,

240 2254 484 2322 ἤκουσαν
516 2257 678 2311 αὑτοῦ
708 2258 934 2329 βοῶντος
962 2264 1097 2334 πρὸς
1122 2264 1211 2318 τὸν
1242 2265 1375 2320 Θεὸν
1395 2268 1488 2321 καὶ
1524 2267 1773 2337 λέγοντος
1791 2287 1805 2301 ·

250 2345 309 2399 '0
348 2348 481 2412 Θεός
525 2366 646 2420 μου,
691 2350 764 2422 μὴ
809 2354 1182 2428 ὲγκαταλίπῃς
1223 2374 1290 2428 με
1316 2373 1330 2387 °
1389 2359 1539 2413 οὐδὲν
1580 2361 1809 2432 ἐποίησα

236 2437 471 2494 ἐνώπιόν
505 2459 599 2496 σου
631 2443 832 2512 ἀγαθόν
859 2463 872 2478 ο
904 2445 1038 2500 ἀλλὰ
1067 2447 1154 2512 δός
1183 2465 1272 2518 μοι
1297 2449 1437 2503 κατὰ
1459 2451 1555 2519 τὴν
1577 2453 1807 2523 χρηστό-

235 2533 383 2601 τητα
427 2551 520 2586 σου
552 2535 736 2604 βαλεῖν
765 2538 960 2608 ἀρχήν.
999 2537 1311 2607 Πυθομένου
1349 2540 1405 2594 δὲ
1430 2541 1592 2595 αὐτὸν
1618 2543 1805 2614 ἑτέρου

235 2620 470 2693 ἀδελφοῦ
503 2626 734 2679 ἀκοῦσαι
773 2628 930 2697 λόγον
957 2628 1245 2699 ὠφελείας,
1295 2625 1447 2685 εἶπεν
1479 2633 1627 2704 αὐτῷ
1655 2635 1682 2686 6
1709 2635 1805 2702 γέ-

237 2729 382 2781 ρων·
415 2715 555 2786 ὐση
612 2717 857 2787 δύναμις,
894 2719 1177 2787 ἀγώνισαι,
1221 2723 1307 2778 ἵνα
1341 2725 1373 2796 ἡ
1404 2724 1550 2780 ἔνδον
1596 2743 1693 2780 σου
1717 2727 1806 2797 ἐρ-

231 2803 405 2870 γασία
434 2807 576 2860 κατὰ
604 2807 736 2862 Θεὸν
757 2805 813 2884 ᾖ,
840 2811 932 2864 καὶ
956 2813 1200 2884 νικήσεις
1217 2815 1284 2868 τὰ
1311 2816 1417 2881 ἔξω
1443 2818 1806 2890 πάθηΔιηνε-

230 2895 350 2959 κῶς
376 2891 469 2951 οὖν
496 2899 554 2951 ὲν
594 2901 806 2966 πολλοῖς
836 2903 1010 2957 ἐτεσιν
1037 2907 1065 2960 6
1097 2907 1382 2978 Μακάριος
1423 2910 1549 2971 τοὺς
1578 2911 1805 2982 ἀσκητι-

231 2988 366 3052 xei);
390 2990 553 3044 αὑτοῦ
583 2992 819 3061 ἀγῶνας,
845 2997 936 3049 καὶ
966 2998 1248 3063 ἀνάπλεως
1277 3000 1352 3052 ὢν
1388 3002 1585 3066 παντὸς
1610 3021 1806 3075 κατορ-

229 3078 507 3150 θώματος,
531 3085 653 3136 ἐπεὶ
679 3085 967 3157 ἐνέστηκεν
992 3088 1020 3142 6
1048 3089 1146 3159 τῆς
1175 3091 1559 3160 μεταστάσεως
1591 3093 1801 3166 καιρὸς,

227 3171 538 3240 παρῃνήνει
563 3171 640 3242 (u)
671 3175 781 3237 τοῖς
811 3178 1072 3245 μαθηταῖς
1094 3178 1257 3232 αὐτοῦ
1289 3180 1462 3249 λέγων
1481 3199 1495 3213 ο
1528 3183 1617 3254 Μὴ
1643 3201 1804 3256 φρον-

1919 657 2007 697 na.
2059 642 2196 698 Tum
2229 645 2366 700 alter
2404 660 2636 700 rursus:
2677 645 2742 698 Et
2792 646 2884 715 qui
2938 662 3084 702 nunc
3125 649 3276 717 degis
3311 650 3362 703 in
3397 659 3488 703 tua

1917 733 2085 790 cella?
2143 735 2484 805 Respondit:
2542 737 2840 792 Commode
2883 737 3130 807 quiesco.
3176 738 3243 792 Et
3291 739 3485 793 iterum

1917 828 2197 898 presbyter
2231 846 2243 882 :
2305 829 2461 884 Vides
2492 829 2742 884 abbatem
2789 828 2936 883 hunc
2963 829 3297 884 Arsenium?
3326 829 3486 884 Pater

1916 919 2304 988 imperatorum
2337 929 2453 974 erat
2481 919 2534 972 in
2566 919 2783 985 saeculo,
2817 927 2870 973 et
2903 919 3048 974 mille
3074 918 3263 973 famuli
3297 920 3486 975 sericis

1916 1011 2086 1064 induti
2143 1010 2394 1065 astabant
2453 1010 2532 1074 ei,
2587 1012 2822 1080 pretiosa
2876 1011 3040 1065 etiam
3092 1019 3268 1067 strata
3327 1021 3486 1065 erant

1915 1099 2100 1154 subter
2126 1099 2282 1168 ipso:
2317 1108 2371 1153 tu
2404 1113 2535 1155 vero
2558 1105 2662 1154 non
2700 1100 2934 1156 habuisti
2969 1114 3157 1169 pastor
3190 1100 3482 1164 exsistens,

1915 1204 2076 1258 quam
2117 1204 2264 1245 nunc
2297 1190 2483 1255 babes,
2519 1191 2758 1260 requiem
2787 1210 2799 1246 :
2829 1192 2922 1247 sed
2946 1192 3036 1246 ille
3065 1192 3310 1256 delicias,
3345 1205 3485 1260 quas

1917 1276 2104 1332 habuit
2155 1279 2209 1330 in
2236 1279 2457 1340 saeculo,
2513 1278 2601 1333 hic
2654 1294 2762 1333 non
2798 1279 2978 1334 habet.
3011 1278 3141 1334 Vide
3183 1279 3389 1348 igitur;
3425 1289 3482 1334 tu

1913 1367 2080 1436 quieti
2121 1366 2404 1434 indulges;
2453 1369 2541 1423 ille
2587 1384 2714 1424 vero
2747 1370 3053 1424 aibictatur.
3089 1370 3299 1436 Quibus
3330 1371 3483 1425 andi-

1916 1460 2006 1526 tis,
2064 1470 2423 1530 compunctus
2472 1470 2575 1526 est,
2608 1475 2671 1516 ac
2701 1475 2927 1531 corpore
2980 1461 3238 1515 inclinato
3267 1462 3477 1516 veniam

1914 1551 2066 1622 petiit
2115 1550 2340 1608 dicens:
2372 1552 2595 1622 Ignosce
2644 1552 2812 1618 mihi,
2873 1553 3033 1619 abba,
3077 1552 3320 1622 peccavi.
3386 1552 3482 1606 llic

1914 1644 2058 1699 venit
2092 1643 2159 1699 ad
2189 1643 2450 1708 laborem,
2477 1655 2530 1699 et
2554 1659 2654 1714 ego
2685 1643 2751 1698 ad
2775 1644 3041 1715 requiem.
3066 1644 3130 1699 Et
3156 1660 3278 1698 cum
3301 1645 3479 1699 fructu

1913 1748 2080 1788 senex
2109 1734 2381 1792 discessit.

1977 1999 2067 2055 21.
2113 1998 2339 2055 Beatum
2391 2000 2502 2070 (95)
2549 2003 2713 2056 istum
2761 2002 3053 2073 aliquando
3095 2002 3148 2055 in
3194 2001 3328 2056 cella
3381 2015 3479 2069 ag-

1909 2089 2082 2159 gressi
2115 2100 2243 2146 sunt
2275 2091 2568 2153 dzemoncs.
2610 2093 2906 2159 amigeutes
2946 2108 3092 2147 eum.
3145 2091 3480 2146 Accedentes

1909 2191 2090 2238 autem
2111 2182 2205 2254 qui
2227 2184 2608 2241 ministrabant
2635 2185 2828 2255 ipsi,et
2854 2193 3058 2240 stantes
3084 2193 3235 2239 extra
3261 2183 3477 2256 cellam,

1908 2273 2201 2328 audierunt
2237 2273 2415 2343 ipsum
2465 2274 2789 2331 clamantem
2835 2277 2903 2330 ad
2950 2273 3142 2338 Deum,
3197 2290 3262 2329 ac
3291 2274 3479 2328 dicen-

1909 2371 2016 2418 tem
2043 2381 2056 2418 :
2087 2361 2131 2418 Ο
2191 2363 2266 2418 mi
2309 2365 2471 2428 Deus,
2536 2379 2606 2420 ne
2636 2364 2982 2435 derelinquas
3023 2380 3145 2430 me;
3182 2364 3320 2418 nihil
3348 2362 3478 2418 boni

1908 2455 1964 2508 in
2013 2464 2306 2526 conspectu
2342 2465 2436 2510 tuo
2468 2456 2551 2524 egi
2585 2474 2598 2510 :
2642 2457 2733 2511 sed
2763 2456 2830 2510 da
2871 2456 2999 2510 mibi
3047 2463 3268 2526 propter
3323 2453 3475 2509 beni-

1907 2543 2164 2613 gnitatem
2225 2555 2410 2608 tuam,
2461 2553 2522 2600 ut
2572 2544 2773 2615 jaciam
2838 2544 3270 2600 fundamentum.
3338 2544 3474 2598 Dum

1906 2643 2087 2690 autem
2115 2633 2224 2704 (96)
2253 2633 2392 2688 alius
2422 2632 2589 2688 frater
2619 2633 2979 2704 interrogaret
3012 2632 3213 2702 ipsum,
3251 2639 3309 2683 ut
3345 2628 3473 2683 boni

1905 2723 2108 2796 aliquid
2161 2740 2228 2780 ex
2284 2725 2403 2795 ipso
2447 2725 2681 2792 audiret,
2727 2724 2866 2780 dixit
2888 2739 3050 2780 senex
3095 2743 3108 2777 :
3169 2721 3472 2782 Contende.

1905 2825 2168 2887 quantum
2200 2824 2370 2886 potes,
2421 2824 2480 2872 ut
2524 2816 2735 2871 interna
2766 2817 3010 2887 operatio
3052 2826 3142 2868 tua
3182 2815 3472 2869 sitsccnn-

1904 2910 2033 2964 dum
2093 2907 2285 2973 Deum,
2348 2916 2404 2962 et
2454 2917 2705 2962 externas
2747 2908 3105 2978 appetitiones
3162 2903 3468 2975 superabis.

1904 2998 2199 3070 Postquam
2224 2999 2406 3069 itaque
2434 2998 2625 3055 beatus
2651 2998 2871 3055 assidue
2901 2999 3135 3054 ascetica
3165 3012 3262 3052 sua
3289 3006 3464 3052 certa-

1905 3092 2050 3147 mina
2074 3106 2174 3162 per
2202 3092 2401 3147 multos
2428 3105 2603 3146 annos
2634 3091 2966 3147 exantlasset
3010 3090 3144 3159 (97),
3180 3087 3328 3142 omni
3355 3087 3467 3139 vir-

1905 3192 2017 3238 tute
2067 3182 2180 3253 jam
2221 3182 2434 3253 plenus,
2482 3181 2821 3252 instaretque
2861 3191 3074 3250 tempus
3128 3179 3469 3248 migrationis

227 3259 416 3330 τίσητε
449 3265 622 3315 ποιεῖν
655 3264 874 3332 ἀγάπας
910 3274 936 3304 ο
968 3268 1108 3340 ὑπὲρ
1142 3269 1274 3340 ἐμοῦ
1295 3287 1309 3304 ο
1361 3271 1474 3340 ἐγὼ
1522 3275 1631 3346 γὰρ
1673 3274 1726 3328 εἴ
1749 3293 1802 3330 τι

1908 3277 2044 3350 ejus,
2078 3278 2400 3333 hortabatur
2433 3277 2729 3345 discipulos
2765 3292 2919 3342 suos,
2949 3277 3174 3332 dicens:
3207 3274 3284 3330 Ne
3313 3275 3466 3330 solli-

225 3350 463 3421 ἐποίησα
494 3353 720 3426 ἐμαυτῷ
747 3367 796 3423 P,
827 3357 1026 3430 ταύτην
1055 3360 1163 3430 ἔχω
1205 3361 1405 3431 εὑρεῖν.
1456 3363 1799 3437 Ἐταράχθη-

227 3460 331 3495 σαν
360 3439 452 3497 οὖν
478 3446 524 3498 οἱ
553 3447 813 3518 μαθηταὶ,
845 3449 1176 3515 ἀκούσαντες
1202 3452 1392 3507 ταῦτα’
1418 3455 1511 3508 καὶ
1533 3456 1680 3525 λέγει
1706 3459 1799 3512 αὖ·

223 3536 371 3597 τοῖς⁶
399 3524 562 3591 Οὔπω
587 3533 717 3609 ἦλθε
744 3541 777 3610 ἡ
808 3539 925 3610 ὥρα
947 3559 960 3574 ο
996 3542 1084 3596 ὅτε
1114 3542 1169 3596 δὲ
1196 3543 1431 3615 ἔρχεται,
1463 3524 1614 3616 λέγων
1632 3550 1761 3618 ὑμῖν
1783 3567 1794 3579 ·

225 3625 482 3697 κριθῆναι
514 3629 570 3683 δὲ
601 3630 710 3700 ἔχω
743 3633 861 3702 μεθ’
884 3633 1036 3703 ὑμῶν
1065 3636 1162 3688 ἐπὶ
1189 3637 1280 3692 τοῦ
1311 3637 1552 3709 βήματος
1593 3647 1667 3709 (ο)
1703 3642 1797 3696 τοῦ

224 3717 489 3789 Χριστοῦ,
528 3722 622 3775 ἐὰν
663 3721 871 3794 δώσητε
900 3725 960 3778 τὸ
987 3726 1237 3796 λείψανον
1268 3730 1371 3799 μού
1417 3749 1543 3786 τινι.
1582 3733 1646 3786 Τί
1680 3729 1792 3798 οὖν,

224 3811 386 3878 φησὶ,
423 3816 746 3883 ποιήσομενς
796 3816 1007 3870 ὅτιούκ
1036 3818 1253 3889 οἴδαμεν
1294 3820 1634 3890 ἐνταφιάσαι.
1688 3826 1796 3878 Kal.

222 3899 379 3986 λέγει
403 3899 585 3966 αὐτοῖς
614 3905 642 3956 6
662 3905 876 3976 Γέρων·
911 3907 1024 3962 Οὐκ
1051 3907 1228 3962 οἴδατε
1266 3909 1448 3980 βαλεῖν
1479 3915 1708 3986 σχοινίον
1740 3926 1788 3982 q,

223 3991 324 4042 καὶ
353 3985 485 4063 ἆραι
514 4011 579 4065 με
603 3995 680 4060 εἰς
707 3997 767 4050 τὸ
792 3997 946 4069 δροςς
977 3993 1144 4065 Οὗτος
1163 4001 1218 4056 δὲ
1239 3997 1306 4076 ἦν
1329 4004 1358 4057 6
1385 4005 1541 4075 λόγος
1573 4007 1665 4061 τοῦ
1699 4009 1796 4061 Γέ-

225 4099 449 4152 ροντος·
523 4088 788 4158 Ἀρσινιε,
837 4091 916 4145 διὸ
972 4093 1225 4164 ἑξῆλθες;
1295 4097 1452 4153 τοῦτο
1509 4105 1792 4172 σημαῖνον.

234 4173 522 4246 Ἐπεεπερ,
556 4180 689 4250 φησι
720 4180 839 4251 Θεῷ
865 4186 1098 4240 συνεῖναι
1130 4188 1323 4241 σαυτὸν
1347 4189 1604 4259 προέθου,
1630 4191 1792 4246 ἀκλύ-

1900 3372 1993 3427 citi
2018 3370 2153 3443 (98),
2190 3380 2248 3426 ut
2273 3386 2474 3442 agapas
2497 3371 2608 3441 (99)
2639 3371 2851 3428 faciatis
2887 3387 2986 3442 pro
3029 3386 3115 3426 mc
3143 3389 3157 3426 :
3188 3384 3314 3424 nam
3345 3383 3466 3440 ego.

1898 3462 2166 3532 siquidem
2191 3463 2320 3517 mihi
2351 3461 2478 3528 feci,
2507 3462 2650 3517 illam
2671 3464 2964 3519 inveniam.
2990 3462 3217 3517 Turbati
3237 3475 3368 3531 ergo
3388 3461 3467 3532 (l)

1899 3561 2028 3609 sunt
2057 3554 2328 3625 discipuli,
2371 3554 2486 3609 haec
2522 3553 2839 3621 audientes;
2861 3553 2937 3609 et
2968 3553 3108 3608 dixit
3137 3553 3244 3609 illis
3274 3569 3288 3607 :
3315 3549 3466 3606 Non-

1899 3646 2029 3700 dum
2057 3647 2203 3701 venit
2227 3649 2393 3713 hora;
2423 3646 2641 3716 quando
2671 3655 2851 3701 autem
2883 3647 3112 3710 venerit,
3146 3645 3325 3702 dicam
3365 3661 3464 3698 vo-

1903 3739 2009 3794 bis.
2063 3737 2334 3793 Judicium
2376 3732 2522 3793 enim
2570 3737 2852 3793 vobiscum
2895 3739 3082 3795 subire
3125 3739 3299 3793 debeo
3340 3746 3467 3790 ante

1904 3828 2141 3884 tribunal
2211 3828 2434 3895 Christi,
2510 3829 2556 3886 si
2628 3829 2881 3900 cuiquam
2951 3830 3206 3886 dederitis
3265 3843 3466 3898 corpus

1902 3935 2081 3977 meum
2136 3919 2233 3992 (2).
2266 3920 2533 3989 Quidnam
2580 3938 2730 3994 ergo,
2817 3920 3089 3994 inquiunt,
3155 3917 3462 3975 faciemus?

1900 4014 2029 4084 quia
2073 4013 2348 4068 nescimus
2371 4015 2447 4084 (ὅ)
2479 4014 2609 4070 illud
2633 4014 2882 4085 sepelire.
2908 4014 2969 4068 Et
2990 4014 3120 4069 dicit
3149 4014 3229 4069 eis
3257 4026 3420 4068 senex
3449 4029 3461 4064 :

1898 4103 2016 4158 Non
2062 4104 2237 4160 nostis
2287 4105 2502 4160 mittere
2552 4104 2760 4170 funem,
2787 4115 2843 4161 et
2875 4106 3066 4161 tollere
3115 4120 3200 4161 me
3230 4105 3284 4160 in
3319 4118 3466 4158 mon-

1904 4194 2052 4249 tem?
2100 4193 2234 4250 Illud
2285 4205 2464 4250 autem
2509 4195 2820 4267 frequenter
2868 4198 3207 4268 usurpabat:
3246 4194 3462 4257 Arseni,

1511 4330 1746 4388 νΑιιιΑε
1808 4332 2208 4390 LECTIONES.

301 4461 331 4492 ο
354 4453 425 4508 al.
451 4455 690 4529 ἀγάπην.
764 4469 791 4508 ι’
814 4460 1029 4517 additur
1063 4465 1201 4534 apud
1226 4465 1399 4520 Cotel.
1436 4469 1676 4542 ἀγάπην.
1751 4483 1778 4523 ει
1803 4472 2040 4532 Coteler.
2071 4475 2152 4538 si;
2189 4476 2280 4529 τὸν
2311 4476 2447 4529 πόδα
2480 4493 2604 4545 μου,
2633 4478 2687 4528 in
2709 4477 2892 4545 pedem
2927 4493 3116 4530 nteant.

1729 4623 1962 4680 ΝΟΤᾹΞ.

295 4744 396 4882 ἔνη)
432 4747 713 4814 Παρέσταν
741 4765 836 4820 per
865 4767 1135 4822 syncopen
1167 4769 1264 4824 pro
1293 4757 1662 4830 παρέστησαν.

319 4812 374 4882 n)
405 4817 730 4882 Παρῃνήνει,
768 4837 864 4882 pro
893 4839 1001 4882 quo
1031 4825 1300 4879 substitue
1330 4827 1562 4882 παρῄνει
1592 4847 1606 4882 :
1639 4845 1662 4882 a

1717 4760 1883 4816 Paulo
1921 4772 2046 4842 post
2070 4767 2325 4842 _o_ccurrit
2361 4770 2916 4842 ὲπέστησανγιιὺείιιιο
2948 4787 3198 4842 syncope.

319 4812 1300 4911 fi)Efggvftfgg‘pt‘ogquosubstitue
1330 4812 1562 4911 παρῄνὲι
1592 4847 1606 4883 :
1639 4845 1668 4884 a
1702 4812 1986 4911 παραινξω
2030 4835 2155 4899 nisi,
2198 4853 2346 4893 more
2371 4812 2574 4896 Graecis
2605 4812 2916 4897 alibi-"saltis
2953 4812 3231 4911 familiari,
3260 4853 3452 4898 auctor

221 4898 366 4971 usus
391 4883 556 4971 fuerit
581 4883 1031 4971 a'nad‘itilosit's‘e‘u
1060 4883 1486 4971 reduplicatio'n'é
1516 4883 1762 4971 secunda:
1785 4883 2024 4971 syllabae.

294 4957 369 5024 (0)
398 4953 630 5011 Cotcler.
671 4953 794 5014 Ἐπὶ
823 4953 913 5022 τοῦ
942 4953 1304 5033 βήματος’τοῦ
1339 4953 1724 5042 φοϐεροῦνίοιι.
1762 4953 2024 5042 Χρίέτόῡ)
2053 4993 2066 5030 :
2112 4986 2235 5030 ante
2275 4980 2600 5033 tremendum
2635 4981 2892 5035 tribunal.

296 5063 565 5190 ἓθόὲὸζῖι.
592 5067 704 5126 PP.
737 5072 831 5128 lib.
857 5090 908 5141 ν,
938 5075 1103 5132 libell.
1143 5079 1229 5144 15,
1276 5096 1430 5138 num.
1455 5083 1526 5138 5:
1558 5084 1790 5149 Cotcler,

219 5149 347 5204 pag.
384 5149 508 5204 sas.

295 5204 412 5283 (ορ)
461 5203 565 5283 ξε.
604 5205 714 5283 pp.
750 5210 904 5278 ibid.,
940 5215 1107 5270 libell.
1138 5218 1222 5283 ιι,
1256 5236 1405 5275 num.
1445 5223 1495 5275 ι.

295 5275 427 5363 (ιη)
464 5275 956 5363 Ἐξαντλησιὰμενος
1009 5275 1221 5363 addidi;
1265 5305 1374 5363 quo
1412 5292 1563 5346 fieret
1611 5294 1788 5363 perfe-

218 5355 608 5428 ct_us.sensus';
661 5351 765 5404 nisi
807 5351 942 5408 forte
994 5371 1090 5424 pro
1142 5351 1402 5428 διηνεκῶς
1440 5351 1786 5419 scribendum

217 5414 291 5468 sit
325 5414 642 5481 διενεγκών.

291 5483 404 5566 (θές)
436 5485 518 5566 "In
559 5485 660 5566 Yt't.
705 5488 814 5543 PP.
995 5509 1048 5554 ν.
1091 5495 1257 5552 libell.
1307 5498 1392 5563 10,
1431 5518 1579 5557 num.
1628 5505 1680 5566 9,
1733 5517 1784 5560 et

214 5553 366 5679 laigud
430 5556 663 5612 Coteler.
697 5575 818 5629 pag.
870 5562 973 5618 369
1028 5553 1284 5621 narratur
1320 5553 1392 5624 ex,
1434 5553 1784 5630 δὶἐόξιῖιιὲξ

289 5693 401 5760 (99)
452 5696 828 5778 Ἀγάπας,-1ιὶο
854 5701 1089 5771 intellige
1119 5704 1507 5778 eleemosynas,
1541 5713 1794 5769 refectio-

351 5780 670 5853 pa'up‘eruttt.
719 5768 848 5824 Vide
881 5768 1173 5853 utrumqtte
1213 5768 1540 5832 Glossarium
1575 5768 1789 5853 Cangii.

227 5829 362 5886 Vitf
399 5829 517 5890 PP.
577 5837 668 5891 lib.
703 5855 784 5903 Ill,
844 5857 991 5895 num.
1029 5829 1150 5907 165,
1214 5829 1353 5917 pag.

544 5931 810 5994 PATROL.
855 5932 973 5994 Gtt.
1011 5934 1219 5999 XCIX.

1906 5105 1924 5135 ι
1964 5086 2150 5160 Nemo
2213 5107 2376 5160 super
2441 5109 2525 5147 me
2593 5093 2753 5148 faciat
2823 5095 3181 5159 cbaritatem,
3245 5096 3348 5150 nisi
3405 5097 3455 5150 iu

1896 5159 2008 5280 silua
2062 5159 2376 5216 oblatione:
2430 5179 2531 5234 ego
2578 5165 2622 5219 si
2674 5164 2775 5219 feci
2832 5166 3188 5232 cbaritatem,
3237 5168 3456 5221 invenio

1896 5243 1907 5279 ι
1956 5245 2062 5280 am.
2101 5249 2117 5280 ι

1895 5243 2062 5282 utam.
2101 5249 2117 5280 ι

1965 5299 2040 5376 (1,)
2072 5297 2126 5353 1η
2168 5300 2411 5376 Vit._PP.
2447 5304 2538 5358 lib.
2574 5319 2657 5366 ιιι,
2698 5319 2849 5376 ntnn.
2892 5303 3159 5376 I_63,rpag.
3189 5305 3292 5358 525
3321 5323 3457 5376 pra:-

1894 5369 2171 5423 mittitur:
2212 5391 2227 5421 ι
2275 5372 2534 5446 Turbatis
2577 5383 2756 5446 autem
2788 5369 3452 5446 idiiscipuliscquasi'jant

1894 5445 2131 5512 tempore
2164 5444 2575 5512 propinquante.
2618 5461 2634 5492 ι
2689 5443 2753 5498 Ει
2786 5445 2877 5496 lib.
2917 5459 2963 5506 v,
2999 5443 3272 5506 libellﬁiz'),
3300 5443 3450 5501 num.

1889 5506 1963 5560 9:
2007 5506 2025 5558 ι
2066 5506 2178 5573 Qui
2210 5528 2328 5564 cum
2375 5506 2717 5576 'morerctur,
2780 5514 2976 5567 turbati
3037 5525 3165 5568 sunt
3214 5515 3387 5569 valde.
3429 5537 3446 5567 ι

1901 5577 2158 5655 (ξοιειονη
2200 5595 2318 5650 pag.
2350 5582 2473 5649 569,
2506 5583 2783 5654 μέλλοντος
2804 5583 3060 5655 τελευτᾷν
3105 5601 3120 5637 :
3180 5585 3312 5638 Cum
3341 5604 3452 5638 mo-

1902 5650 2100 5702 riturus
2135 5661 2284 5704 esset.

1973 5719 2047 5788 (2)
2103 5719 2201 5772 Vit.
2239 5720 2349 5793 PP.
2393 5741 2410 5793 ι
2451 5722 2505 5776 Si
2553 5723 2905 5793 permiseritis
2933 5724 3185 5793 cuiquam
3218 5723 3285 5778 de
3328 5738 3452 5778 cor-

1900 5802 2029 5857 pore
2061 5807 2179 5843 meo
2208 5791 2406 5857 aliquid
2442 5791 2636 5846 facere.
2673 5811 2690 5842 ι

1970 5859 2043 5927 (ὅ)
2097 5860 2195 5912 Vit.
2226 5860 2331 5916 PP.
2378 5880 2395 5912 ι
2431 5862 2697 5919 Mortuutn
2727 5861 2924 5917 vestire
2952 5863 3030 5915 vel
3056 5861 3297 5932 sepelire.
3348 5881 3365 5912 ι

2972 5957 3049 6017 '28
