4170 6528
245 486 347 549 877

875 482 1155 545 ORATIO
1187 484 1322 544 XII.
1360 509 1429 520 -
1463 478 1821 545 LAUDATIC

1926 525 1939 539 .
1985 479 2232 539 ARSEN
2246 480 2299 539 [Ι
2340 474 2881 541 ΑΝΑΟΗΟΗΕΤλΕ.

3396 473 3495 538 878

245 609 411 647 κοντα
443 591 609 646 πέντε
633 607 647 623 ’
681 591 935 663 ὶποίησεν
978 592 1035 648 δὲ
1073 593 1152 657 είς
1184 595 1244 646 τὸ
1278 594 1537 648 παὶάτιον
1580 592 1675 646 τοῦ
1720 590 1818 660 τῆς

1923 589 2195 657 quintum.
2220 588 2417 645 Mansit
2450 603 2610 659 porro
2645 587 2697 641 in
2720 586 2922 656 palatio
2949 583 3295 655 imperatoris
3319 582 3495 641 Theo-

246 684 401 748 θιίας
430 684 655 755 μνήμης
684 682 964 737 Θεοδοσίου
993 682 1087 737 τοῦ
1117 684 1353 753 μεγάλου
1380 685 1482 745 ἕως
1504 683 1599 737 τοῦ
1627 699 1819 735 τεσσα-

244 773 514 844 ρακοστοῦ
558 774 715 838 ἔτους
743 775 844 845 τῆς
872 774 1036 830 αὐτοῦ
1063 776 1302 847 ἡλικίας,
1332 777 1427 829 καί
1466 778 1524 829 ὲν
1554 766 1620 846 τῇ
1654 775 1820 845 Σκῆτι

242 866 341 937 ἔτη
368 872 441 938 μ’,
468 866 564 920 καὶ⁸
589 866 721 921 δέκα
756 867 833 931 είς
863 866 1057 939 Τρὼην
1087 869 1184 939 τῆς
1211 866 1321 921 ἅνω
1346 866 1663 929 Βαῦυλῶνος
1690 885 1821 921 κατ-

243 959 431 1011 έναντι
464 959 770 1028 Μέμφεωςο
801 958 895 1012 καὶ
936 958 1029 1029 ἔτη
1076 964 1123 1027 γ’
1167 960 1247 1022 είς
1282 960 1372 1012 τὸν
1416 958 1683 1012 Κάνωπον
1719 959 1820 1029 τῆς

256 1049 687 1122 Ἀλεξανδρείας,
741 1051 835 1103 καὶ
872 1049 1005 1105 ἄλλα
1054 1049 1148 1103 δύο
1192 1050 1286 1120 ἐτη
1334 1046 1497 1121 ἦλθεν
1533 1050 1694 1104 πάλιν
1739 1052 1819 1114 είς

242 1142 468 1214 Τρὼην,
497 1144 590 1197 καὶ
622 1144 740 1196 ἐκεῖ
763 1142 1052 1214 ἐκοιμήθη,
1084 1142 1309 1207 τελέσας
1335 1155 1363 1183 ιι
1402 1146 1460 1197 ἐν
1504 1145 1696 1217 εἰρήνῃ
1726 1144 1820 1197 καὶ

242 1233 401 1304 φόϐῳ
423 1232 558 1287 Θεοῦ
580 1233 672 1287 τὸν
692 1233 889 1303 δρόμον
911 1233 1077 1287 αὑτοῦ
1099 1249 1111 1263 ⁸
1135 1234 1216 1287 ὅτι
1239 1230 1307 1305 ἦν
1330 1234 1466 1306 ἀνὴρ
1493 1235 1697 1304 ἀγαθὸς
1726 1235 1820 1290 καὶ

242 1326 463 1398 πλήρης
493 1324 805 1395 Πνεῦματος
840 1325 1017 1393 ἁγίου,
1048 1326 1142 1379 καὶ
1164 1327 1419 1390 πίστεως.
1458 1327 1730 1380 Κατέλιπε
1760 1324 1816 1379 δέ

247 1435 343 1487 μοι
374 1417 469 1471 τὸν
505 1417 711 1486 χιτῶνα
752 1417 916 1476 αὑτοῦ
946 1416 1040 1470 τὸν
1075 1417 1417 1489 δερματινδν,
1452 1421 1543 1475 καὶ
1578 1421 1818 1490 τρίχινον

241 1510 476 1579 κάμισιν
500 1508 713 1575 λευκὸν,
744 1508 835 1562 καὶ
866 1508 1121 1563 σανδάλια
1148 1510 1424 1564 σεόἐννινα
1448 1520 1497 1575 ν,
1530 1512 1621 1564 καὶ
1651 1511 1760 1579 ἐγὼ
1789 1513 1818 1565 ό

243 1597 464 1661 ἀνάξιος
490 1596 723 1667 ἑφόρεσα
748 1595 907 1662 αὐτα,
938 1598 1085 1659 ὅπως
1114 1597 1412 1669 εὐλογηθῶ.
1446 1598 1616 1653 Τοῦτο
1644 1600 1705 1653 τὸ
1729 1600 1819 1653 πέ-

246 1705 350 1759 ρας
378 1688 472 1741 τοῦ
501 1688 617 1758 βίου
655 1687 749 1742 τοῦ
780 1688 1069 1759 Μακαρίου
1109 1690 1406 1760 ’Ᾱρσενίου,
1435 1690 1509 1753 ὡς
1535 1692 1592 1744 ὲν
1616 1690 1819 1759 ὀλίγοις

238 1782 302 1833 δὲ
340 1781 691 1851 διηγημένον,
724 1781 786 1834 οὐ
816 1780 956 1834 κατὰ
994 1780 1056 1833 τὸ
1086 1781 1293 1851 πλῆθος
1332 1781 1441 1837 τῶν
1474 1783 1819 1853 ἁξιαγάστων

242 1873 414 1926 αὐτοῦ
451 1873 787 1945 πρακτικῶν,
816 1872 951 1927 ἀλλὰ
981 1874 1123 1929 κατὰ
1151 1874 1212 1927 τὸ
1238 1874 1441 1944 φθᾶσαι
1474 1876 1818 1947 βραχυμερὲς

240 1966 433 2035 γραφῇ
489 1964 861 2034 παραδοθῆναι
918 1964 1071 2035 παρὰ
1132 1966 1242 2019 τῶν
1302 1966 1462 2019 ὁσίων
1517 1968 1805 2037 γερόντων.

254 2057 450 2126 Ἡμεῖς
473 2056 530 2109 δὲ
552 2057 647 2110 καὶ
670 2056 737 2110 τὰ
764 2056 893 2125 περὶ
912 2057 1120 2111 ἑαυτῶν
1146 2057 1438 2128 ληψόμενοι
1461 2068 1508 2123 ι,
1537 2060 1637 2114 οὐκ
1654 2062 1812 2133 ὀκνή-

243 2166 415 2219 σομεν
453 2149 627 2220 τόλμῃ
646 2148 920 2221 χρώμενοι
944 2149 1245 2220 προσθῆναί
1268 2167 1322 2204 τι
1344 2152 1457 2215 τοῖς
1476 2154 1810 2224 εἰρημένοις,

238 2240 346 2311 τῆς
388 2239 486 2308 μὲν
525 2237 935 2308 πενιχρολογίας
972 2238 1130 2309 ἡμῶν
1162 2239 1415 2310 δήλωσιν,
1443 2240 1539 2295 τοῦ
1576 2241 1633 2295 δὲ
1676 2244 1815 2307 πρὸς

239 2332 339 2384 τὸν
368 2331 561 2400 ’Δγιον
598 2331 763 2383 πόθου
786 2328 1205 2403 ἀποπλήρωσιν.

319 2592 419 2648 κδ’.
464 2595 561 2659 Τίς
609 2589 764 2665 λόγος
824 2596 1077 2670 δυνηθείη
1141 2602 1343 2671 φράσαι
1391 2602 1486 2657 τοῦ
1529 2604 1817 2657 πανολϐίου

244 2684 461 2749 τούτου,
500 2686 594 2739 καὶ
629 2686 1000 2758 τρισμάκαρος
1028 2691 1323 2744 ὁσιωτάτου
1357 2692 1548 2763 ἀνδρὸς
1582 2694 1649 2747 τὰ
1688 2711 1819 2747 κατ-

246 2777 548 2849 ορθώματα
572 2778 931 2847 διηγήσασθαι
954 2799 969 2845 ;
1010 2780 1045 2836 ἃ.
1074 2782 1134 2835 οὐ
1162 2782 1320 2852 μόνον
1341 2785 1375 2854 ή
1402 2783 1523 2837 καθ’
1550 2786 1699 2855 ἡμᾶς
1734 2802 1825 2855 γε-

247 2871 349 2922 νεὰ
376 2868 666 2938 θαυμάζει,
699 2868 793 2923 καὶ
817 2872 1073 2942 πειρᾶται
1098 2872 1195 2936 τὰς
1221 2872 1411 2926 τούτου
1442 2873 1738 2945 ἀθλητικὰς
1765 2880 1823 2931 ὲν

250 2962 487 3032 ἀσκήσει
538 2962 879 3029 παλαίστρας
910 2963 1252 3033 ζηλοτυπῶν,
1282 2964 1417 3018 ἀλλὰ
1446 2966 1539 3019 καὶ
1568 2968 1616 3020 οἱ
1654 2968 1823 3038 ὰκρέο

253 3069 415 3122 μονες
458 3052 551 3106 καὶ
590 3057 874 3125 κορυφαῖοι
914 3056 1020 3108 τῶν
1063 3055 1232 3124 ἁγίων
1275 3056 1519 3127 ἀρχαίων
1562 3060 1823 3131 Πατέρων

250 3145 353 3215 τὴν
384 3143 479 3198 τοῦ
513 3145 851 3215 ὲμηνύσαντο
892 3146 1166 3201 πολιτείαν
1187 3165 1201 3181 ο
1229 3148 1373 3217 λέγω
1417 3149 1481 3221 δὴ
1513 3151 1606 3205 τὸν
1647 3154 1821 3222 μέγαν
1850 3178 1893 3236 C
1926 3162 2314 3225 expresserunt
2394 3152 2518 3205 νίιιο
2589 3149 2910 3203 ἶηειὶιυιιιῐῐὶ
2950 3165 2964 3201 ε

254 3236 550 3309 Εὖθύμιον,
575 3238 633 3303 ὃς
672 3240 853 3293 πᾶσαν
880 3241 1114 3312 σπουδὴν
1150 3242 1383 3297 δποιεῖτο
1412 3244 1605 3298 τούτου
1645 3250 1826 3317 μιμεῖ-

256 3329 385 3383 σθαι
417 3329 516 3393 τὰς
541 3330 760 3400 ἀρετὰς,
786 3330 884 3395 τήν
910 3347 967 3383 τε
999 3332 1227 3402 ἡσυχίαν
1252 3335 1438 3397 αὑτοῦ,
1470 3337 1563 3389 καὶ
1591 3338 1822 3408 σιωπὴν,

256 3422 354 3476 καὶ
380 3422 899 3493 ταπεινοφροσύνην,
931 3423 992 3477 τὸ
1012 3424 1105 3478 τοῦ
1133 3424 1438 3496 ὲνδὼματος
1468 3427 1699 3492 εὐτελὲς,
1733 3430 1826 3482 καὶ

256 3515 360 3585 τὴν
387 3515 495 3568 τῶν
532 3515 834 3585 βρωμάτων
857 3517 1088 3587 ἀποχὴν,
1121 3520 1214 3571 καὶ
1240 3518 1339 3587 τὴν
1366 3519 1446 3579 είς
1481 3520 1659 3575 πάντα
1691 3538 1826 3591 καρ-

256 3607 447 3677 τερίαν
476 3605 539 3658 τὸ
575 3605 751 3676 ἑαυτῷ
785 3608 1094 3678 προσέχειν,
1124 3610 1262 3663 κατὰ
1290 3610 1353 3662 τὸ
1381 3611 1472 3662 ὑπ’
1495 3612 1707 3664 ἐκείνου
1740 3613 1830 3664 λε-

258 3697 513 3767 γόμενον·
556 3698 819 3767 Ἀρσὲνιε,
858 3699 939 3752 διὸ
985 3698 1245 3767 ὲξῆλθεςς
1300 3702 1524 3770 Ἐζήλου
1562 3703 1619 3757 δὲ
1665 3702 1829 3757 αὐτοῦ

262 3789 362 3841 καὶ
390 3788 489 3859 τὴν
521 3788 834 3855 κατάνυξιν,
875 3792 966 3843 καὶ
999 3790 1067 3844 τὰ
1093 3792 1324 3863 δάκρυα,
1365 3795 1458 3847 καὶ
1499 3794 1597 3857 τὰς
1636 3795 1834 3848 παννύ-

261 3896 394 3949 χους
417 3880 741 3949 ἀγρυπνίας,
776 3880 836 3932 τὺ
869 3880 1169 3951 φιλέρημόν
1200 3901 1254 3936 τε
1284 3887 1374 3937 καὶ
1413 3885 1705 3953 μιτόδοξον,
1741 3888 1833 3939 καὶ

1921 680 2061 734 dosii
2117 681 2297 751 magni
2351 681 2550 736 divinae
2604 678 2882 733 memoriae
2940 693 3117 748 usque
3165 680 3232 732 ad
3291 692 3493 732 annum

1922 783 2034 826 sna:
2081 772 2256 826 aetatis
2328 770 2807 842 quadragesimum
2841 768 2960 839 (9):
3004 774 3058 825 tu
3124 766 3269 824 Secti
3325 782 3496 822 annos

1921 862 2280 935 quadraginta
2308 881 2320 917 :
2367 862 2421 917 in
2463 861 2607 917 Troe
2637 877 2765 917 vero
2790 860 3096 930 superioris
3123 860 3236 931 (10)
3270 859 3497 929 Babylo-

1922 953 2008 1009 nis
2040 970 2232 1012 versus
2260 955 2574 1025 Memphim,
2627 969 2801 1017 annos
2830 953 3052 1008 decem:
3089 960 3202 1007 tres
3229 953 3285 1006 in
3312 951 3465 1007 Cano
3482 981 3499 990 -ι

1924 1060 1992 1114 po
2022 1046 2133 1116 (11)
2172 1046 2515 1102 Alexandria:
2550 1065 2563 1101 :
2610 1055 2666 1101 et
2705 1044 2927 1115 reliquis
2966 1043 3182 1098 duobus
3216 1042 3378 1097 annis
3411 1057 3498 1097 re-

1920 1139 2021 1194 diit
2062 1138 2116 1193 in
2168 1139 2394 1206 Troen;
2457 1139 2643 1208 ibique
2691 1135 3043 1202 obdormivit,
3101 1148 3500 1190 consummatis

1920 1245 2142 1286 cursum
2174 1246 2333 1287 suum
2362 1231 2417 1285 in
2446 1245 2575 1300 pace
2614 1244 2678 1283 ac
2705 1229 2897 1283 timore
2922 1227 3013 1282 Dei
3046 1245 3061 1281 :
3093 1227 3222 1297 quia
3253 1232 3374 1279 erat
3416 1224 3500 1278 vir

1921 1324 2094 1379 bonus
2154 1336 2209 1379 et
2252 1324 2449 1393 plenus
2499 1322 2704 1393 Spiritu
2752 1329 2943 1375 sancto
2990 1328 3047 1375 et
3097 1318 3222 1375 ﬁde.
3259 1316 3499 1387 Reliquit

1919 1426 2101 1470 autem
2134 1415 2266 1469 milii
2298 1416 2580 1484 pelliceam
2605 1428 2761 1469 suam
2796 1412 3065 1477 tunicam,
3092 1412 3384 1481 albamque
3407 1426 3500 1466 ca-

1918 1508 2135 1564 misiam
2171 1507 2282 1579 (12)
2310 1507 2608 1574 cilicinam,
2633 1522 2735 1563 nec
2766 1522 2875 1561 non
2912 1505 3181 1569 sandalia,
3214 1520 3243 1560 e
3273 1504 3490 1575 palmu-

1918 1600 1968 1656 la
2000 1599 2268 1655 confecta.
2305 1600 2368 1653 Et
2400 1615 2500 1670 ego
2546 1600 2799 1670 indignus
2830 1599 2919 1653 illa
2956 1598 3200 1670 gestavi,
3238 1606 3297 1652 ut
3332 1598 3498 1652 bene-

1919 1694 2132 1749 dicerer
2178 1692 2310 1762 (l3).
2370 1690 2469 1746 llic
2524 1692 2650 1746 vitae
2692 1691 2909 1746 Arsenii
2964 1690 3271 1755 transitus;
3307 1689 3497 1759 paucis

1921 1786 2139 1857 quidem
2186 1784 2489 1853 expositus,
2543 1798 2653 1837 non
2704 1793 2884 1838 autem
2933 1790 3099 1853 prout
3127 1797 3333 1847 rerum,
3361 1795 3500 1851 quas

1921 1878 2106 1946 gessit,
2151 1876 2513 1931 admiratione
2547 1875 2836 1945 dignarum
2871 1873 3174 1927 multitudo
3212 1872 3496 1943 exigebat;

1917 1968 2010 2023 sed
2056 1975 2219 2036 prout
2255 1964 2555 2021 secundum
2609 1974 2793 2029 tenue,
2836 1964 2983 2032 quod
3016 1961 3316 2031 praecessit,
3352 1974 3499 2015 com-

1914 2060 2171 2131 pendium
2214 2074 2245 2114 a
2299 2056 2503 2113 sanctis
2557 2055 2781 2111 senibus
2829 2053 3034 2123 scripto
3090 2050 3478 2107 commendatae

1915 2158 2063 2207 sunt.
2098 2147 2209 2204 Nos
2242 2163 2393 2211 vero,
2426 2154 2546 2217 post
2578 2146 2693 2199 hate
2714 2143 2780 2198 ab
2811 2143 2945 2212 ipsis
2964 2151 3212 2211 accepta,
3246 2155 3353 2194 non
3382 2153 3502 2211 gra-

1916 2242 2168 2297 vahimur
2214 2240 2416 2295 audere
2440 2237 2669 2307 aliquid,
2702 2244 2755 2290 et
2786 2235 3083 2303 adjungere
3112 2234 3204 2296 iis,
3235 2231 3497 2302 quatjam

1920 2332 2063 2387 dicta
2093 2338 2240 2394 sunt,
2278 2338 2387 2382 tam
2426 2337 2483 2381 ut
2515 2326 2839 2381 ostendatur
2886 2322 3157 2379 sermonis
3188 2323 3365 2379 nostri
3406 2338 3503 2393 pe-

1924 2423 2107 2487 nuria,
2162 2434 2324 2490 quam
2372 2428 2435 2473 ut
2476 2432 2747 2488 propensa
2803 2416 2859 2470 in
2917 2423 3171 2471 sanctum
3238 2414 3499 2468 voluntas

1924 2516 2225 2583 expleatur.

1994 2606 2083 2660 24.
2128 2604 2387 2671 Quaenam
2460 2600 2881 2657 fortunatissimi
2954 2597 3151 2663 hujus,
3198 2595 3500 2651 beatissimi

1926 2712 1992 2753 ac
2027 2695 2361 2752 sanctissimi
2387 2692 2486 2747 viri
2522 2701 2667 2747 recte
2700 2690 2857 2745 factis
2883 2688 3229 2744 recensendis
3252 2702 3349 2756 par
3373 2701 3496 2741 esse

1928 2790 2100 2860 possit
2130 2786 2349 2843 oratio?
2372 2784 2504 2852 Quae
2542 2799 2647 2839 non
2687 2792 2897 2837 tantum
2919 2790 3053 2836 mtas
3079 2788 3264 2835 nostra
3295 2779 3503 2833 aduri--

1928 2891 2103 2943 ratur,
2136 2887 2191 2933 et
2225 2876 2468 2933 aemulari
2509 2884 2741 2931 conatur
2777 2872 3054 2929 exantlata
3086 2872 3154 2925 ab
3184 2871 3279 2924 illo
3312 2870 3501 2925 solita-

1928 2974 2025 3028 ria:
2065 2971 2191 3025 vitae
2236 2970 2557 3030 certamina,
2608 2966 2699 3021 sed
2728 2966 3082 3033 antiquorum
3121 2977 3344 3031 quoque
3371 2976 3502 3016 san-

1929 3074 2141 3120 ctorum
2195 3060 2418 3115 Patrum
2473 3059 2744 3129 primores
2818 3070 2880 3110 ac
2947 3054 3222 3126 principes
3276 3052 3505 3122 hujusce

3047 3161 3305 3216 magnum
3382 3145 3506 3199 dico

1933 3244 2309 3316 Euthymium,
2337 3243 2426 3313 qui
2454 3258 2671 3313 operam
2705 3240 2850 3295 dedit
2883 3238 3201 3299 maximam,
3239 3248 3297 3291 ut
3331 3237 3506 3306 ipsius

1930 3340 2161 3394 virtutes
2202 3337 2543 3399 imitaretur;
2600 3346 2877 3390 secessmn
2924 3332 3133 3403 ipsius,
3186 3332 3502 3392 silentium,

1932 3430 2330 3491 humilitatem,
2376 3428 2602 3481 vestitus
2657 3427 2916 3481 vilitatem
2945 3464 2960 3489 ,
3026 3425 3272 3477 ciborum
3324 3424 3497 3489 absti-

1932 3518 2195 3579 nentiam.
2262 3516 2617 3585 vigilantiam,
2656 3530 2761 3585 qua
2802 3515 2854 3567 in
2884 3512 3138 3566 omnibus
3178 3510 3282 3565 sibi
3334 3520 3509 3565 atten-

1925 3610 2107 3669 debat,
2140 3607 2291 3676 juxta
2328 3605 2400 3670 id,
2429 3605 2573 3674 quod
2606 3606 2673 3658 ah
2716 3606 2832 3672 ipso
2870 3602 3072 3656 dictum
3124 3608 3208 3656 est
3240 3618 3252 3654 :
3291 3599 3506 3662 Arseni,

1928 3716 2025 3756 cur
2066 3698 2312 3771 [saeculo]
2343 3698 2541 3754 existi?
2591 3697 2667 3751 Ad
2724 3698 2872 3759 haec,
2927 3694 3177 3749 :emulari
3226 3694 3509 3762 satagebat

1929 3794 2101 3864 ipsius
2146 3792 2627 3862 compunctionem
2657 3830 2672 3853 ,
2723 3790 3021 3859 lacrymas,
3071 3785 3510 3857 pervigilationes

1932 3895 2244 3949 nocturnas,
2286 3898 2527 3939 amorem
2580 3880 2931 3944 solitudinis,
2982 3878 3165 3933 odium
3219 3876 3404 3947 gloria:
3456 3886 3508 3928 et

1570 4020 1799 4074 VARIJE
1845 4018 2247 4075 LECTIONES.

336 4137 364 4166 ¹³
391 4132 460 4185 al.
491 4129 805 4193 τελειώσας.
880 4140 906 4167 '
938 4131 1005 4184 :il.
1043 4133 1309 4198 σεΰένινα,
1342 4134 1637 4189 σεὸεννίνα.

1718 4144 1741 4171 ι
1777 4136 2083 4206 λαϐόμενοι.

1770 4250 1974 4305 NOTAE
1987 4292 1999 4304 .

339 4363 416 4430 (9i
450 4364 684 4419 Coteler.

719 4378 841 4434 pag.
871 4364 993 4429 571,
1029 4380 1192 4434 annos
1223 4364 1597 4432 quadraginta,
1636 4376 1691 4417 ut
1730 4366 1825 4418 ali-

1937 4367 2154 4430 rucrat,
2222 4366 2402 4435 insula
2466 4364 2727 4421 Metancea
2792 4374 3081 4420 vocaretur
3134 4382 3147 4420 :
3200 4365 3515 4435 inducitque

262 4435 323 4489 bi
348 4436 794 4507 observavimus;
829 4436 1037 4507 addens
1052 4452 1068 4507 7:
1116 4453 1134 4485 ι
1174 4433 1331 4487 Pater
1357 4434 1532 4490 factus
1563 4436 1830 4491 divinissi-
1866 4437 1908 4492 ὓ
1937 4447 2185 4490 sanetum
2221 4433 2599 4507 Hieronymum
2630 4446 2683 4490 et
2714 4436 3074 4491 Athanasium
3119 4433 3512 4507 presbyterum,

266 4520 485 4560 morum
518 4504 730 4557 Arcadii
758 4513 812 4558 et
839 4502 1084 4559 Honorii.
1124 4525 1141 4555 ι

342 4574 455 4644 (ιο)
520 4574 621 4628 ru.
680 4570 796 4644 PP.
825 4574 926 4644 l_ih.
961 4592 1013 4639 ν,
1046 4574 1211 4630 libell.
1264 4577 1351 4641 is,
1403 4577 1673 4631 nuin.10.
1714 4596 1731 4628 ι
1777 4577 1833 4631 1η

266 4642 416 4711 loco,
438 4642 441 4643 ⁷
464 4647 555 4719 qui
590 4642 794 4719 dicitur
822 4642 1037 4719 'l_‘rohe_n
1083 4660 1246 4719 supra
1281 4648 1714 4719 Babyloniam.)
1749 4646 1835 4719 ln-

268 4713 495 4788 terpres’
529 4716 581 4788 in
611 4713 800 4788 (ἕκτῳ
846 4714 1033 4788 legerit
1069 4713 1499 4788 elg‘fl‘pdiqvirijv
1530 4718 1641 4770 ἅνω
1666 4717 1839 4769 Βαϐυ-

266 4782 460 4856 λῶνος,
488 4786 568 4840 vel
609 4787 689 4847 είς
745 4782 939 4853 Τρώην
983 4784 1095 4837 ἄνω
1139 4782 1239 4856 τῆς
1289 4782 1621 4848 Βαϐυλῶνος.
1658 4788 1719 4839 Et
1760 4788 1839 4841 sic

270 4855 511 4927 intellige
540 4862 744 4927 textum
786 4863 1029 4927 nostrum
1064 4871 1078 4907 :
1108 4869 1284 4924 neque
1328 4856 1473 4911 enim
1522 4858 1638 4927 duae
1668 4856 1839 4927 Baby-

270 4926 426 4996 lones
453 4922 674 4996 [uerunt
712 4923 766 4996 in
806 4921 1039 4996 Egypto
1069 4962 1085 4989 ,
1120 4921 1205 4979 uti
1230 4940 1329 4996 nec
1357 4927 1478 4979 dua:
1524 4921 1837 4996 Memphcs:

270 5004 329 5049 et
356 4995 519 5049 simili
549 4996 691 5049 haud
723 4995 886 5048 dubie
915 4993 1093 5050 sensu
1126 4996 1177 5049 in
1225 4993 1405 5051 Fastis
1436 4996 1604 5047 sacris
1625 4993 1839 5049 Ait/iia-

272 5066 428 5134 picis,
462 5080 491 5119 a
520 5064 657 5119 Jobo
693 5063 918 5119 Ludollo
942 5064 1001 5134 in
1040 5064 1279 5119 Historia
1328 5066 1636 5134 xEthiopica
1659 5068 1838 5129 editis,

273 5132 400 5205 pag.
436 5135 540 5206 4‘25
581 5135 899 5206 intelligitur
934 5132 1261 5206 Ptolomaeus
1302 5132 1579 5206 martyre
1606 5133 1840 5205 Memphi

274 5203 581 5273 superiore.
601 5203 676 5258 De
695 5203 815 5259 istis
844 5205 1054 5259 duabus
1081 5207 1305 5261 urhibus
1327 5203 1531 5261 dictum
1560 5207 1609 5259 in
1637 5203 1839 5259 Canini.

273 5289 437 5346 prin.
473 5276 644 5346 Adde,
693 5275 780 5329 hic
831 5274 1103 5346 designari
1145 5275 1468 5346 Babylonem
1519 5290 1737 5338 novam,
1770 5277 1843 5330 ad

278 5344 461 5398 Nilum
520 5343 768 5414 ﬂuvium,
822 5343 1007 5413 postea
1033 5343 1303 5410 dirutam;
1358 5361 1426 5401 ex
1472 5346 1628 5414 cujus
1670 5347 1845 5400 ruinis

277 5414 512 5468 excitata
545 5412 646 5467 fuit
675 5414 728 5467 in
767 5412 979 5487 vii-iniis
1014 5416 1142 5487 urbs
1176 5416 1393 5478 Cairus,
1422 5412 1589 5470 totius
1622 5415 1842 5487 Aigypti

278 5494 476 5553 caput;
509 5498 538 5536 a
590 5498 696 5556 qua
746 5485 1010 5556 tantisper
1044 5486 1250 5540 distant
1292 5488 1405 5556 ejus
1462 5490 1677 5549 rudera,
1710 5485 1847 5556 quae

278 5556 581 5611 etiamnum
615 5553 781 5606 videri
811 5553 1085 5609 dicuntur.

326 5624 464 5694 -(H)
500 5624 574 5678 De
623 5637 831 5695 calippo
870 5641 1031 5695 supra
1062 5645 1074 5679 ε
1112 5626 1309 5692 quibus
1342 5625 1463 5680 addi
1520 5636 1742 5695 possunt
1780 5643 1844 5681 ex

279 5692 655 5748 notatimiibus
701 5692 900 5748 Valesii
926 5692 991 5749 ad
1020 5696 1216 5749 librum
1252 5712 1307 5750 ιιι
1334 5692 1586 5749 Historiis
1602 5698 1845 5749 ecclesia-

278 5766 433 5817 stica
484 5764 793 5835 Sozotneiii,
859 5781 982 5835 pag.
1038 5765 1157 5827 117,
1215 5782 1334 5834 qua:
1365 5768 1524 5819 habet
1558 5766 1841 5830 deinsigui

283 5834 614 5886 monasterio
646 5829 1081 5903 Tabemieufsium
1115 5852 1128 5885 :
1158 5829 1361 5903 ex'quo
1392 5836 1614 5896 factum,
1652 5845 1710 5886 ut
1739 5836 1842 5887 Cn-

285 5916 480 5968 nopus,
539 5916 659 5967 qua:
713 5911 867 5953 antea
908 5902 977 5953 ob
1032 5903 1215 5952 linum
1266 5902 1318 5955 et
1366 5903 1586 5954 delicias
1620 5904 1836 5957 infamis

1936 4508 2004 4561 de
2067 4521 2133 4560 eo
2194 4506 2511 4575 loquentes;
2578 4508 2669 4574 qui
2729 4516 3038 4575 postremus
3106 4506 3305 4560 ibidem
3360 4519 3513 4560 vocat

1944 4595 1962 4629 ι
2027 4575 2394 4640 Metanmam,
2446 4576 2824 4630 suburbanum
2878 4576 3128 4629 maxima:
3177 4576 3328 4629 urbis
3389 4577 3515 4633 Alc-

1940 4647 2200 4717 xandﬁriae,
2233 4648 2376 4717 quod
2413 4647 2544 4717 olim
2574 4645 2829 4717 Canopus
2852 4646 3171 4717 vocabatur.
3212 4664 3230 4697 ι

2010 4716 2122 4785 (12)
2164 4715 2405 4787 Κάμισιν
2433 4716 2665 4787 Coteler.
2700 4716 2977 4787 Kapdaw,
3006 4726 3197 4787 estque
3226 4715 3513 4779 subucula.

1940 4786 2083 4841 linea
2142 4785 2394 4852 interula,
2470 4785 2769 4856 indusium,
2799 4786 2969 4856 lintea
2988 4785 3201 4856 _sindon
3241 4804 3255 4840 :
3312 4787 3377 4839 de
3406 4804 3513 4856 qua

1940 4872 2072 4911 voce
2138 4856 2375 4925 Cangius
2428 4865 2484 4910 et
2531 4854 3289 4925 OnomaslicumirRoswcydi.
3355 4854 3517 4909 γόοις

1940 4936 2156 4998 etymon
2200 4924 2367 4981 tradit
2415 4939 2647 4998 sanctus
2684 4926 2921 4998 Isidorus
2952 4924 3287 4993 llispalensis
3319 4926 3428 4998 _l_ih.
3464 4943 3516 4979 ix

1945 4995 2222 5066 Originum
2253 5015 2267 5063 ;
2316 5007 2543 5050 stratum
2567 4996 2732 5066 enim__
2765 4996 2849 5066 vel
2886 4995 3093 5066 lectus
3126 5012 3277 5066 canta
3319 4995 3516 5065 Hispa-

1944 5062 2069 5121 nico
2104 5062 2365 5122 idioniate
2410 5077 2656 5121 vocatur.
2694 5062 2929 5117 Camisia
2983 5064 3153 5119 Gallis
3184 5062 3433 5119 chemise.
3463 5066 3516 5117 In

1944 5136 2212 5205 liturgicis
2264 5146 2348 5191 est
2390 5136 2627 5191 exterior
2676 5134 2846 5190 vestis
2901 5134 3023 5188 alba
3062 5136 3419 5203 clericorum,
3464 5138 3519 5189 in

1944 5208 2175 5262 ecclesia
2206 5207 2408 5276 gestari
2436 5205 2618 5261 solita.

2018 5278 2130 5346 (Ιὸ)
2176 5274 2478 5331 leonismus
2540 5275 2758 5341 sancti,
2816 5275 2928 5330 sive
2987 5274 3223 5346 exterior
3272 5278 3519 5344 corporis

1946 5344 2172 5416 species,
2203 5348 2270 5401 ab
2300 5356 2524 5401 auctore
2554 5346 2685 5401 Vitae
2715 5348 3125 5402 accuratissime
3167 5344 3521 5416 liicitelinea-

1949 5425 2023 5478 ta,
2067 5427 2321 5471 narratur
2367 5418 2509 5483 apud
2548 5418 2784 5471 Coteler.
2824 5432 2944 5485 pag.
2983 5418 3078 5471 571
3119 5416 3216 5468 :in
3266 5415 3369 5469 Vit.
3401 5415 3516 5468 PP.

1947 5487 2041 5539 lib.
2087 5502 2139 5550 ν,
2175 5487 2338 5539 libell.
2380 5487 2464 5551 15,
2519 5488 2818 5540 num.10:
2875 5487 3068 5539 ibidem
3120 5486 3282 5539 etiam
3342 5487 3520 5539 brevis

1950 5557 2063 5610 haec
2120 5559 2243 5610 vita:
2286 5556 2559 5624 periocha.
2611 5556 2794 5611 Codex
2846 5556 3521 5625 noster,lngolstadiensis

1951 5627 2107 5695 plane
2136 5629 2431 5694 singularis
2453 5635 2556 5695 est,
2588 5629 2714 5679 dum
2734 5627 2865 5679 dicit
2896 5644 2908 5679 :
2942 5646 2959 5679 ι
2996 5626 3221 5679 Moritur
3251 5641 3517 5695 annorum

1952 5693 2168 5749 centum
2202 5693 2305 5760 xv;
2348 5715 2364 5747 ι
2413 5705 2467 5749 at
2508 5694 2667 5751 facile
2698 5697 2899 5749 alicubi
2930 5712 2991 5751 ex
3026 5710 3127 5749 xcv
3162 5696 3303 5764 (qua:
3357 5693 3521 5764 lectio

1952 5782 2017 5819 ex
2051 5767 2164 5819 Vita
2206 5778 2411 5828 nostra,
2483 5766 2615 5819 Vitis
2666 5766 2779 5819 Pl‘.
2837 5782 2900 5819 ac
2940 5762 3214 5819 Cotelerid
3258 5762 3520 5833 probatur

1948 5850 2067 5887 esse
2097 5836 2353 5903 genuina)
2384 5836 2605 5890 formari
2674 5838 2845 5903 potuit
2889 5851 3009 5899 cxv,
3067 5836 3393 5902 transposita
3427 5834 3517 5882 tit—

1947 5911 2056 5953 tera
2095 5920 2144 5954 Χ.
