4170 6480
696 433 802 494 879
1892 430 1952 486 S.
2007 428 2104 487 ΤΗ
2117 427 2396 488 EODURI
2430 430 2774 490 STUDl'I‘iE
3841 433 3945 493 880

693 547 991 611 societatis,
1029 544 1364 600 alacritatem
1397 560 1460 598 ac
1501 543 1904 599 contentionem
1940 546 1993 599 in
2028 544 2256 612 orando,
2291 593 2297 608 η

2401 546 2777 617 .ισοσύντυχον,
2829 549 2888 602 τὸ
2941 550 3015 614 είς
3065 551 3374 621 προσευχὴν
3411 548 3692 620 πρόθυμόν
3740 565 3799 601 τε
3858 551 3949 601 καὶ

692 638 1225 695 commiserationem
1291 651 1356 692 ac
1403 634 1814 690 discretionem.
1871 632 2032 690 Omni
2087 635 2270 705 itaque

2402 636 2608 702 ύτονον,
2671 637 2792 690 τότε
2842 639 3129 708 συμπαθὲς
3177 639 3268 692 καὶ
3304 639 3664 709 διακριτικόν.
3727 638 3950 707 Ἐπειδὴ

695 731 876 786 studio
919 729 1039 784 vitae
1087 731 1257 800 ipsius
1305 729 1619 785 institutum
1655 727 1919 793 imitatus,
1963 728 2267 798 gratiarum

2403 727 2549 780 οίνυν
2580 727 2733 802 πάσῃ
2779 729 2981 800 σπουδῇ
3035 731 3157 800 τὴνι
3184 730 3392 783 ἐκείνου
3437 729 3752 799 ἐμιμήσατο
3800 728 3950 782 πολι-

694 821 879 885 etiam,
909 821 1108 892 quibus
1158 822 1248 876 ille
1277 830 1394 876 erat
1426 820 1705 890 prcditus,
1734 823 1938 876 donum
1974 821 2267 876 fruendum

2405 818 2537 885 είαν,
2569 819 2794 872 καὶτῶν
2815 820 3010 891 ἐκείνῳ
3032 821 3343 892 προσόντων
3369 820 3725 892 χαρισμάτων
3745 819 3950 889 ἠξιώθη

695 915 926 984 accepit,
990 913 1320 970 sanctissimi
1394 913 1633 984 Spiritus
1682 914 2264 978 communicationem,

697 1005 863 1060 divini
893 1006 1115 1061 luminis
1136 1005 1552 1061 illustrationem
1580 1019 1644 1060 ac
1671 1005 1900 1075 gratiam
1932 1004 2268 1075 perspicien-

699 1097 751 1150 di
779 1111 1004 1151 arcana.

2371 907 2430 968 έν
2467 914 2765 970 ἀπολαύσει
2816 916 3068 984 γενέσθαι
3103 915 3202 984 τῆς
3232 932 3290 968 τε
3339 912 3433 966 τοῦ
3468 911 3742 979 παναγὶου
3777 910 3952 962 Πνεύο

2385 1022 2554 1076 ματος
2605 1007 2948 1077 μεταδοσίας,
2971 1007 3065 1060 καὶ
3111 1008 3209 1077 τῆς
3259 1005 3354 1059 τοῦ
3380 1003 3525 1056 θείου
3550 1002 3728 1072 φωτὸς
3755 1001 3954 1070 ἐλλάμ-

2379 1097 2548 1166 ψεως,
2580 1097 2674 1152 καὶ
2705 1098 2798 1152 τοῦ
2830 1097 3137 1170 διορατικού
3169 1098 3526 1169 χαρίσματος.

2147 1231 2510 1291 EPILOGUS.

770 1346 862 1400 25.
895 1343 939 1399 Ο
961 1345 1235 1400 beatorum
1282 1343 1597 1398 beatissime
1632 1343 2067 1414 Arseni,purum
2109 1341 2288 1414 Spiri-

2469 1354 2564 1399 κε’.
2602 1342 2670 1398 Ὠ
2710 1345 2996 1415 μακαρίων
3047 1343 3430 1414 μακαριώτατε
3473 1342 3737 1413 Ἀρσένιε,
3771 1344 3836 1397 τὸ
3865 1361 3961 1398 κα-

705 1449 793 1494 tus
849 1438 1263 1507 receptaculum.
1319 1436 1518 1506 Ecquis
1557 1451 1738 1490 sermo
1794 1447 1881 1492 tua
1934 1448 2081 1492 recte
2140 1447 2291 1508 gesta

2401 1437 2564 1506 θαρὸν
2597 1437 2690 1490 τοῦ
2720 1435 3032 1504 Πνεύματος
3061 1436 3428 1502 καταγώγιον.
3481 1433 3579 1496 Τίς
3615 1434 3782 1500 ἀξίως
3827 1435 3961 1504 ἐφη-

707 1530 883 1600 dignis
911 1530 1199 1599 praeconiis
1244 1529 1510 1584 extollat?
1553 1529 1722 1596 Quale
1771 1533 1988 1587 virtutis
2023 1546 2194 1602 genus
2225 1533 2278 1586 in

2401 1532 2556 1582 νεῖται
2591 1529 2664 1600 (q)
2715 1529 2873 1596 λόγος
2911 1526 3020 1580 τῶν
3049 1526 3158 1579 σῶν
3195 1525 3680 1596 κατορθωμάτων;
3717 1528 3872 1578 ποῖον
3905 1526 3962 1578 δὲ

710 1633 760 1678 te
815 1623 1051 1693 primum
1097 1622 1364 1677 laudabo?
1395 1624 1478 1677 An
1526 1638 1801 1679 secessum
1851 1640 1878 1676 a
1925 1623 2164 1678 saeculo?
2219 1621 2283 1677 Et

2401 1617 2528 1684 εἶδος
2561 1621 2762 1692 ἀρετῆς
2791 1619 3006 1690 πρῶτον
3035 1621 3092 1672 ἐν
3121 1619 3206 1671 σοὶ
3239 1618 3601 1686 ἐπαινέσομαι
3626 1633 3641 1682 ;
3670 1617 3963 1687 ἀναχώρη-

709 1682 963 1781 quisnam
1004 1713 1075 1766 ita
1112 1711 1261 1766 dicto
1305 1711 1491 1767 divino
1521 1712 1772 1777 audiens,
1814 1713 1978 1768 citius
2019 1713 2283 1768 mundum

2401 1727 2472 1763 σιν
2505 1682 2752 1781 κόσμους
2789 1682 2880 1763 καὶ
2917 1710 3001 1772 τίς
3038 1707 3211 1772 οὕτως
3240 1682 3566 1778 ἐπακηκοὼς
3600 1682 3964 1778 φωνῆς-’θείας

711 1801 931 1871 reliquit
959 1801 1318 1856 universum?
1342 1801 1423 1855 Ad
1449 1801 1668 1856 modum
1705 1803 1999 1870 locumque
2031 1800 2288 1855 salutaris

714 1891 920 1960 requiei
989 1893 1233 1946 cucurrit
1293 1891 1567 1946 Abraham
1632 1892 1983 1959 patriarcha,
2045 1901 2100 1949 at
2166 1903 2290 1944 cum

717 1995 886 2035 uxore
917 1989 972 2035 et
1020 1992 1329 2050 apparatu;
1381 1991 1438 2034 tu
1498 1995 1626 2034 vero
1664 1991 1771 2034 tam
1821 1983 1970 2035 solus
2000 1996 2163 2049 quam
2197 1979 2290 2049 qui

717 2074 970 2134 maxime,
1003 2073 1208 2142 absque
1247 2081 1507 2142 apparatu
1552 2088 1614 2127 ac
1646 2073 1810 2126 rebus
1858 2072 2168 2142 snperﬂuis,
2205 2087 2292 2125 so-

716 2165 823 2218 lam
881 2163 1084 2219 Christi
1134 2179 1352 2219 crucem
1403 2164 1456 2217 in
1515 2164 1753 2218 humeris
1821 2165 2000 2218 ferens
2047 2179 2291 2218 eremum

717 2254 1018 2310 indoluisti.
1079 2253 1450 2325 Imperatoriae
1511 2265 1562 2309 te
1615 2255 1752 2310 aula:
1811 2271 1919 2310 non
1979 2264 2293 2321 traxerunt;

717 2345 1048 2416 dignitatum
1107 2347 1293 2416 apices
1346 2361 1452 2401 non
1500 2346 1871 2400 detinuerunt.
1916 2344 2134 2412 Quanto
2182 2347 2295 2401 haec

722 2440 843 2506 plus
894 2438 1336 2494 adrnirahiiitatis
1393 2438 1612 2504 habent,
1671 2453 1837 2508 quam
1882 2450 2032 2508 gesta
2077 2440 2290 2510 ipsius!

725 2530 786 2584 Et
804 2532 929 2601 quis
962 2532 1030 2585 ab
1055 2531 1481 2602 appetitionibus
1510 2540 1665 2586 extra
1697 2531 1958 2586 saeculum
1996 2548 2094 2588 nec
2130 2548 2240 2588 non
2267 2548 2296 2586 a

722 2631 1064 2674 terrenarum
1111 2620 1532 2689 impressionum
1582 2619 1928 2674 lineamentis
1977 2634 2297 2683 conversus,

724 2713 815 2765 tali
845 2727 968 2776 cum
1005 2713 1110 2765 Deo
1137 2711 1482 2781 colloquendi
1512 2710 1718 2765 honore
1762 2711 1992 2765 donatus
2018 2711 2161 2766 fuit?
2191 2711 2300 2767 Ma-

727 2818 866 2872 gnus
917 2801 1006 2857 ille
1068 2799 1277 2871 Moyses
1343 2810 1582 2854 montem
1638 2798 1768 2854 Sina
1823 2800 2096 2864 ascendit;
2145 2812 2202 2856 at
2241 2809 2296 2855 tu

727 2909 966 2964 quoque,
1029 2903 1292 2964 occupata
1347 2892 1615 2948 orationis
1674 2891 1952 2956 columna,
2017 2907 2143 2947 cum
2191 2893 2298 2948 Deo

727 2984 972 3054 quatidie
1017 2985 1270 3039 versandi
1311 2984 1573 3039 honorem
1625 2985 1903 3053 accepisti.
1941 2983 2090 3039 lllius
2115 2985 2299 3040 vultus

730 3077 896 3145 gloria
950 3077 1144 3130 exinde
1190 3077 1557 3130 coruscabat:
1618 3084 1674 3129 tu
1727 3087 1908 3130 autem
1952 3093 2130 3132 nonne
2157 3086 2300 3132 totus

733 3167 870 3237 ignis
893 3167 1194 3236 apparuisti
1231 3166 1432 3220 videnti
1470 3165 1565 3220 te?
1593 3167 1647 3235 (ο
1673 3165 1997 3219 miraculum
2021 3167 2058 3233 ι)
2091 3165 2300 3220 oratio-

733 3258 818 3311 nis
851 3257 917 3310 ad
968 3255 1137 3310 Deum
1175 3264 1432 3310 contactu
1466 3256 1519 3310 in
1552 3254 1827 3310 ﬂammam
1885 3258 2081 3310 mutari
2115 3258 2301 3319 visus;

733 3360 918 3418 tuque,
953 3349 1039 3403 cui
1073 3364 1156 3415 res
1195 3348 1728 3413 communicabatur,
1767 3349 1867 3412 rei,
1902 3366 2024 3419 quae
2055 3364 2303 3404 commu-

737 3442 1019 3496 nicabatur
1051 3442 1379 3507 consimilis,
1422 3443 1647 3513 angelus
1682 3458 1803 3498 eras
1830 3443 1952 3512 igne
1981 3443 2201 3506 ardens,
2229 3450 2302 3507 et,

735 3533 782 3589 si
815 3549 918 3586 non
975 3534 1234 3588 audacius
1292 3550 1453 3603 quam
1503 3549 1598 3602 par
1631 3543 1736 3600 est,
1779 3534 2029 3602 eloquar,
2075 3534 2303 3602 gloriam

738 3624 1028 3679 Mosaicam
1059 3639 1470 3694 supergressus.
1509 3623 1628 3678 Jam
1666 3640 1794 3677 vero
1831 3624 1960 3692 quid
1984 3624 2150 3676 statio
2178 3638 2304 3692 pcr-

741 3732 843 3770 nox
873 3735 886 3770 :
917 3714 1030 3768 Nox
1081 3716 1224 3769 sicut
1277 3715 1390 3768 dies
1439 3714 1739 3769 illuminata
1794 3714 1893 3768 fuit
1944 3713 2304 3775 orationibus,

739 3805 1201 3875 quemadmodum
1259 3806 1478 3861 divinus
1537 3803 1708 3860 David
1770 3806 2029 3862 cecinit‘.
2089 3804 2180 3859 Sol
2215 3805 2307 3860 tibi

741 3900 920 3952 oranti
983 3909 1191 3964 astans,
1240 3899 1341 3954 soli
1376 3909 1427 3954 te
1465 3900 1699 3964 remisit,
1733 3899 2057 3954 circnlarem
2085 3913 2307 3954 cursum

745 4006 1028 4059 peragens.
1065 3989 1108 4044 Ο
1148 3991 1250 4054 sol,
1309 3992 1410 4044 soli
1463 3992 1816 4060 intelligentia
1859 3991 2085 4060 praedito
2119 4006 2309 4045 revera

741 4081 936 4135 aemule
973 4083 986 4134 l
1045 4078 1197 4134 Mens
1232 4087 1321 4134 tua
1356 4081 1560 4134 lumine
1594 4094 1903 4150 praegnans,
1932 4080 2123 4148 purius
2147 4094 2310 4148 quam

743 4175 951 4229 solares
1009 4174 1145 4227 radii
1184 4174 1235 4226 in
1266 4175 1466 4227 calum
1509 4172 1728 4226 demisit
1767 4171 2130 4243 c0gitationes
2169 4183 2310 4236 tuas,

743 4262 913 4318 caelos
944 4263 1094 4332 ipsos
1129 4265 1602 4317 transcemlentes.

2391 1804 2648 1858 κατέλιπε
2685 1805 2876 1858 θᾶττον
2913 1803 3116 1872 κόσμον
3147 1803 3302 1866 ὅλονς
3337 1801 3480 1872 Πρὸς
3512 1801 3602 1854 τὸν
3633 1801 3840 1871 τρόπον
3873 1803 3966 1854 καὶ

2390 1900 2481 1953 τὸν
2514 1901 2678 1953 τόπον
2704 1900 2800 1970 τῆς
2835 1897 3214 1969 σωτηριώδους
3244 1896 3650 1960 καταπαύσεως
3679 1899 3961 1970 προσδρα-

2395 1991 2508 2060 μὼν
2531 1992 2788 2061 Ἀϐραὰμ
2823 1991 2851 2043 ό
2896 1990 3262 2061 πατριάρχης,
3291 1989 3428 2043 ἀλλὰ
3473 1989 3573 2041 σὺν
3614 1990 3837 2056 γυναικὶ
3872 1989 3968 2041 καὶ

2393 2087 2707 2156 ἀποσκευῇ·
2743 2086 2806 2138 σὺ
2851 2084 2908 2137 δέ
2966 2082 3274 2152 μονώτατος
3316 2083 3411 2136 καὶ⁵
3458 2083 3688 2146 ἄσκευος
3735 2085 3830 2135 καὶ
3863 2085 3966 2136 ἀπ-

2393 2183 2623 2250 έριττός,
2657 2176 2817 2246 μόνον
2848 2175 2940 2231 τού
2974 2175 3210 2246 Χριστοῦ
3243 2175 3334 2228 τὸν
3375 2174 3604 2243 σταυρὸν
3659 2174 3968 2244 ἐπωμάδιον

2394 2273 2578 2342 φέρων
2601 2269 2865 2340 ηύλίσθης
2891 2271 2948 2323 ἐν
2975 2273 3040 2341 τῇ
3070 2270 3284 2341 ἐρὴμῳ.
3324 2267 3596 2322 Βασίλειοί
3626 2285 3684 2322 σε
3714 2268 3878 2322 αὐλαὶ
3907 2268 3968 2320 οὑ

2395 2363 2779 2426 καθείλκυσαν,
2825 2362 3091 2432 ὑπεροχαὶ
3144 2361 3472 2434 ἀξιωμάτων
3515 2360 3579 2413 ού
3627 2362 3968 2430 περικράτη-

2397 2478 2519 2514 σαν.
2547 2462 2713 2512 Ὄσον
2739 2459 2912 2512 ταῦτα
2937 2458 3148 2510 ἐκείνου
3179 2455 3605 2527 θαυμασιώτερα
3634 2457 3969 2526 προσέτυχεν

2395 2551 2679 2624 ἐργασίαν.
2709 2551 2806 2612 Τίς
2838 2549 3008 2612 οὕτως
3043 2548 3372 2619 συστραφεὶς
3402 2548 3509 2601 τῶν
3535 2547 3842 2617 αἰσθήσεων
3868 2545 3970 2608 ἐξω

2399 2647 2630 2716 κόσμου,
2681 2645 2910 2698 καὶτῶν
2945 2643 3096 2697 κάτω
3143 2641 3566 2712 φαντασιώντων
3605 2641 3970 2712 χαρακτήρων

2398 2739 2710 2808 γενόμενος.
2740 2735 2860 2805 Θιῷ
2903 2734 3234 2805 συλλαλῆσαι
3259 2735 3519 2804 ἡξίωταις
3561 2733 3770 2803 Μωσῆς
3807 2735 3836 2786 ό
3873 2733 3969 2803 μέ-

2399 2851 2502 2903 γας
2527 2830 2782 2901 ἀναχθεὶς
2817 2830 2875 2881 ἐν
2897 2826 2974 2898 τῷ
3009 2827 3204 2897 Σιναίῳ
3229 2843 3242 2857 ο
3276 2827 3412 2880 ἀλλὰ
3454 2828 3547 2880 καὶ
3582 2827 3644 2878 σὺ
3674 2827 3732 2879 ἐν
3761 2825 3838 2897 τῷ
3876 2825 3970 2893 τῆς

2403 2921 2714 2994 προσευχῆς
2761 2917 2941 2988 στύλῳ
2969 2915 3224 2984 ἐφθακὼς
3261 2915 3467 2984 όμιλεῖν
3496 2914 3613 2985 Θεῷ
3645 2915 3799 2984 ἠξίου
3842 2915 3971 2968 ἐκά-

2327 3025 2369 3084 c
2405 3030 2578 3066 στοτε.
2624 3013 2889 3074 Κάκεῖνος
2934 3010 2995 3062 τὸ
3033 3007 3327 3080 πρόσωπον
3369 3006 3616 3059 ἐντεῦθεν
3647 3007 3772 3077 δόξῃ
3815 3022 3964 3076 περιρ

2402 3108 2685 3177 ἡστραπτο
2703 3121 2716 3134 ·
2744 3105 2808 3157 σὺ
2837 3103 2895 3156 δέ
2927 3102 3026 3172 οὐχ
3049 3101 3168 3164 ὅλος
3197 3099 3309 3171 πῦρ
3332 3099 3410 3169 τῷ
3436 3099 3635 3170 δρῶντι
3663 3098 3969 3156 ἐδείκνυσος

2403 3196 2448 3248 ὣ
2482 3197 2576 3249 τοῦ
2609 3195 2887 3266 θαύματος
2911 3210 2924 3225 ’
2958 3197 3026 3266 τῇ
3058 3193 3126 3248 δι’
3160 3192 3327 3263 εὐχῆς
3374 3193 3513 3264 πρὸς
3542 3190 3675 3245 θεὸν
3710 3187 3973 3258 συναςείᾳ

2405 3287 2538 3356 φλὸξ
2563 3287 2937 3356 δεικνύμενος,
2978 3286 3237 3355 ἐφόμοιος
3286 3285 3361 3337 ὢν
3405 3284 3499 3336 τοῦ
3547 3284 3910 3355 μετεχομένου
3947 3282 3973 3332 ὁ

2409 3381 2674 3451 μετέχων,
2710 3378 2940 3445 ἄγγελος
2976 3375 3412 3446 πυριφλεγέθων,
3444 3375 3537 3427 καὶ
3564 3377 3611 3428 εί
3647 3375 3722 3444 μὴ
3771 3374 3974 3442 τολμη-

2411 3473 2518 3542 ρῶς
2576 3473 2772 3536 εἰπεῖν,
2811 3469 2909 3539 τῆς
2942 3470 3241 3536 Μωσαῖκῆς
3273 3466 3431 3535 δόξης
3477 3465 3972 3536 ὐπερφερέστερος.

2409 3563 2471 3618 Τί
2511 3565 2567 3617 δὲ
2604 3565 2638 3634 ἡ
2675 3561 2926 3631 στάσιςὴ
2956 3560 3263 3628 πάννυχος;
3301 3558 3334 3626 ἡ
3364 3555 3461 3619 νὺξ
3506 3558 3580 3618 ὡς
3620 3557 3806 3627 ἡμέρα
3859 3556 3976 3612 ταῖς

2409 3659 2740 3728 προσευχαῖς
2771 3656 3133 3724 ἐπεφὼτιστο,
3157 3651 3230 3714 ὡς
3256 3652 3284 3704 ό
3315 3649 3458 3712 θεῖος
3484 3647 3647 3700 Δαϐὶδ
3675 3647 3976 3718 ἐμελογρά-

2411 3765 2602 3818 φησιν.
2636 3748 2828 3810 Ἥλιὸς
2861 3763 2918 3799 σε
2958 3742 3246 3816 παρεστιῦν
3269 3743 3336 3812 τῇ
3368 3739 3501 3809 εὐχῇ
3524 3737 3661 3808 ἡλίῳ
3691 3737 3977 3806 παρέπεμ-

2411 3857 2536 3904 πεν,
2573 3839 2674 3909 τὴν
2705 3837 2973 3907 κυκλικὴν
3005 3834 3345 3905 περιδρομὴν
3376 3831 3719 3900 ποιούμενος.
3759 3823 3828 3879 Ὠ
3864 3828 3978 3896 ἥλιε

2414 3933 2508 3984 καὶ
2541 3930 2634 3983 τοῦ
2666 3931 2834 3990 δντως
2875 3928 3066 3997 νοητοῦ
3094 3925 3244 3996 ἡλίου
3275 3922 3570 3994 ἐφάμιλλεο
3602 3918 3868 3990 ἡδιάνοιά
3892 3933 3980 3968 σου

2414 4021 2592 4089 φωτὸς
2639 4019 2897 4088 ἐγκύμων
2929 4019 3252 4087 ὑπάρχουσα
3275 4013 3516 4082 ἡλιακῶν
3548 4010 3780 4066 ἀκτίνων
3815 4008 3981 4061 καθει-

2418 4111 2674 4182 ρώτερον,
2719 4111 2847 4171 τοὺς
2877 4107 3172 4176 λογισμοὺς
3217 4109 3295 4170 είς
3327 4103 3555 4175 οὐρανὸν
3589 4103 3723 4173 ἡφίη
3751 4103 3844 4169 (r),
3893 4100 3984 4151 καὶ

2415 4202 2560 4274 ὑπὲρ
2585 4203 2712 4265 τοὺς
2741 4200 3006 4270 οὐρανοὺς
3027 4197 3446 4268 ἀνατρέχοντας.

812 4353 904 4408 26.
945 4355 1027 4407 An
1088 4355 1399 4408 solitudinis
1475 4352 1874 4422 iucunditatem
1965 4353 2297 4424 praedicabo‘

2490 4359 2603 4427 κς’.
2646 4359 2902 4430 Ἡσυχίας
2932 4357 3302 4429 τερπνότητας
3331 4353 3424 4407 καὶ
3445 4353 3528 4417 τίς
3554 4371 3647 4406 σου
3671 4353 3849 4423 ᾣπται
3873 4351 3985 4420 φιλο

747 4447 949 4517 Ecquis
995 4458 1047 4502 te
1080 4449 1330 4516 apparuit
1355 4445 1668 4502 solitudinis
1692 4445 1984 4508 amantior,
2020 4446 2087 4500 ab
2122 4447 2315 4500 huma-

750 4538 834 4592 nis
859 4537 1180 4591 tumultibus
1211 4536 1515 4602 recedente,
1541 4543 1595 4589 et
1625 4534 1680 4589 in
1712 4534 1888 4590 solum
1921 4533 2094 4589 Deum
2125 4535 2310 4590 eleva-

749 4629 845 4682 to?
872 4627 1228 4700 Pythagoram
1260 4626 1642 4697 philosophum
1676 4641 1799 4682 cum
1837 4626 2054 4681 nemine
2091 4626 2311 4696 quidem

749 4717 876 4782 alio,
939 4729 995 4772 at
1047 4733 1171 4772 cum
1204 4717 1378 4773 bobus
1429 4725 1608 4771 tamen
1651 4725 1705 4771 et
1735 4716 1927 4770 avibus
1979 4715 2311 4770 collocutum

750 4809 950 4872 ferunt,
979 4823 1044 4862 ex
1075 4823 1262 4862 amore
1310 4806 1510 4877 quietis
1541 4825 1554 4861 :
1600 4815 1656 4860 tu
1705 4821 1832 4861 vero
1868 4806 1942 4869 id,
1989 4805 2135 4875 quod
2169 4806 2220 4858 in
2251 4820 2315 4857 eo

753 4896 854 4952 fuit
897 4913 927 4952 a
965 4897 1306 4967 philosophia
1356 4896 1619 4959 alienum,
1664 4903 1923 4964 tanquam
1981 4911 2171 4966 parum
2224 4897 2315 4950 dc-

751 5003 901 5052 cens,
953 4989 1351 5059 redarguendo,
1380 4987 1612 5042 docuisti
1642 4987 1996 5057 hesychasten
2030 4987 2084 5041 in
2119 4987 2314 5042 solitu-

751 5078 877 5132 dine
934 5077 1148 5148 degere,
1208 5095 1277 5134 ne
1332 5093 1518 5134 vocem
1573 5077 1792 5146 quidem
1854 5077 2034 5132 avium
2090 5079 2314 5132 audien-

755 5177 856 5222 tem
888 5168 1018 5239 (M).
1079 5167 1184 5224 Cor
1237 5177 1388 5223 tuum
1435 5183 1634 5238 purum
1693 5169 1828 5222 mari
1870 5167 2139 5236 profunda
2172 5178 2314 5222 tran-

831 5282 846 5313 ¹
878 5281 1020 5338 Psal.
1056 5299 1317 5346 cuxvm,
1349 5283 1435 5337 12.

2417 4451 2790 4522 ησυχώτερος,
2827 4449 2936 4502 τῶν
2989 4445 3342 4516 ἀνθρωπίνων
3396 4442 3640 4512 θορύϐων
3681 4443 3986 4510 ἀφιστάμε-

2417 4561 2525 4606 νος,
2562 4542 2652 4596 καὶ
2689 4541 2824 4612 πρὸς
2846 4539 2979 4592 Θεὸν
3009 4539 3170 4608 μόνον
3213 4534 3712 4608 μετεωριζόμενοςς
3744 4530 3987 4599 Πυθαγό-

2421 4651 2517 4704 ραν
2549 4634 2685 4702 φασδ.
2725 4633 2816 4685 τὸν
2859 4631 3148 4699 φιλόσοφον
3186 4627 3332 4698 ἀλλῳ
3372 4626 3470 4697 μέν
3508 4624 3706 4688 οὐδενὶ,
3739 4624 3894 4694 βουσὶ
3935 4622 3987 4673 δὲ

2419 4726 2515 4778 καὶ
2547 4725 2754 4794 ὀρνέοις
2787 4723 3108 4793 προσλαλεῖν
3137 4720 3366 4790 ἡσυχίας
3405 4718 3570 4789 ἐρωτι
3593 4731 3606 4744 ·
3650 4718 3714 4769 σὺ
3745 4716 3804 4768 δέ
3836 4713 3984 4768 τοῦδε

2419 4818 2478 4869 τὸ
2511 4817 2833 4885 ἀφιλόσοφον
2874 4814 3195 4884 διήλλεγξας
3233 4813 3308 4874 ὡς
3350 4808 3800 4880 σμικροπρεπές,
3855 4803 3984 4874 μηδέ

2422 4909 2603 4978 φωνῆς
2663 4909 2863 4980 ὀρνέων
2917 4906 3176 4960 ἐπαΐοντα
3234 4904 3324 4958 τὸν
3378 4901 3690 4972 ἡσυχαστὴν
3740 4898 3985 4967 ἠρεμεῖν.

2424 5003 2638 5056 Ἐοικέν
2667 5019 2760 5055 σου
2793 5004 2825 5073 ἡ
2853 5000 3065 5069 καθαρά
3087 4997 3282 5070 καρδία
3307 4995 3532 5064 πελάγει
3560 4989 3987 5062 κατεστορεσμέ·

2423 5112 2496 5163 νῳ
2528 5094 2739 5165 γαλήνῃ
2771 5092 2983 5164 βαθείᾳ,
3013 5093 3203 5162 πόρῤω
3244 5088 3351 5142 τῶν
3385 5087 3484 5157 τῆς
3515 5083 3781 5154 πονηρίας
3835 5095 3989 5132 πνευ-

2424 5188 2607 5256 μάτων
2636 5186 2978 5256 βαλλομένων
3015 5182 3271 5252 ἐπιπνοία
3311 5177 3407 5234 τοῦ
3444 5176 3709 5244 παναγίου
3741 5171 3986 5242 ηνεύμα·

2256 5371 2489 5428 NOTAE.

827 5499 900 5567 (qi
944 5498 1296 5568 Ἕπιηνεῖται.
1333 5497 1407 5551 Ita
1438 5497 1806 5568 apographnm
1837 5504 2106 5568 nostrum.
2137 5491 2297 5568 _Vocei

2401 5505 2514 5543 iane
2545 5503 2647 5541 non
2683 5484 2897 5538 invenio
2935 5501 2945 5535 :
3001 5481 3136 5546 Quid
3178 5479 3222 5532 si
3247 5475 3454 5533 scribas
3495 5471 3854 5568 ἐςςυμγεῖτριιῖ

829 5570 900 5638 (ν)
941 5567 1124 5634 ἰιφίη,
1162 5569 1228 5620 ah
1260 5567 1483 5636 ἀφίημι
1513 5584 1610 5634 Pr"
1644 5567 1822 5638 ἀφίηὲ

2374 5541 2509 5628 dii’a'
2537 5556 2900 5625 componitur,
2964 5541 3253 5618 atigmentn
3302 5541 3615 5625 temporali;
3643 5545 3728 5596 hic
3756 5543 3810 5596 in
3849 5541 3990 5594 initia

1910 5637 1919 5648 .
2080 5633 2108 5648 μ
2165 5631 2182 5648 ι
2482 5646 2515 5648 _,
2553 5630 2600 5648 se
2639 5629 2870 5648 ειη-μη---
2902 5624 3144 5648 ρ-...,..ι..ι
3179 5634 3278 5648 non
3332 5617 3431 5648 ιιτ
3458 5633 3469 5643 ο
3503 5614 3590 5648 nln
3627 5614 3850 5648 υμι-Ιηιιη
3900 5615 3990 5648 lum

759 5614 1226 5704 auie'c’m'i‘u'e‘ilﬁéi
1863 5614 2520 5688 (El—enardi”Institutione;
2553 5630 2606 5710 in
2639 5614 3146 5696 linguam’Grmcam
3179 5634 3298 5688 pag.
3332 5617 3431 5670 H5
3458 5633 3469 5668 :
3503 5614 3593 5668 ubi
3627 5614 3851 5668 verbum
3900 5615 3990 5664 hoc

763 5725 906 5764 nunc
929 5709 1112 5777 augeri
1147 5709 1199 5760 in
1238 5709 1408 5773 initio,
1444 5724 1589 5762 nunc
1617 5710 1668 5760 in
1697 5707 1896 5769 medii),
1929 5721 2070 5757 nunc
2100 5706 2352 5769 utrinque
2403 5706 2660 5767 reperies.

829 5802 941 5867 (l4)
974 5799 1176 5854 Allndit
1209 5801 1272 5853 ad
1310 5801 1460 5860 illud.
1493 5802 1634 5870 quod
1669 5802 1734 5854 ilo
1765 5815 1894 5854 voce
1935 5798 2157 5870 avicula!
2193 5812 2320 5870 nar-

762 5873 899 5924 ravit
937 5887 1085 5924 num.
1131 5870 1183 5924 8.
1237 5871 1352 5925 Alia
1403 5867 1841 5940 hic'seqncntia,
1891 5885 1998 5939 quo
2041 5867 2318 5923 referenda

2428 5793 2557 5871 sint,
2609 5789 2836 5860 quilibet
2888 5802 2984 5857 per
3037 5800 3096 5842 sc
3153 5798 3216 5838 ex
3265 5779 3426 5834 dictis
3476 5776 3786 5847 perspicere
3852 5781 3988 5843 νοις·

2431 5874 2518 5916 ιιι.
