4170 6528
219 447 324 514 881

829 445 1111 509 ORATIO
1145 445 1286 507 XII.
1324 469 1395 482 --
1433 444 1806 508 LAUDATIO

1908 495 1910 503 ,
1972 446 2287 507 ARSENII
2321 443 2866 507 ΑΝΑΕΗΟΒΕΤΛΞ.

3367 443 3474 507 882

217 577 335 626 τος,
384 559 444 611 ἑν
492 548 539 626 ᾧ
581 557 646 611 τὸ
702 557 867 611 πλοῦν
912 555 1269 625 διαπεράνας,
1302 557 1384 620 είς
1422 556 1515 610 τὸν
1553 556 1804 626 ἀκύμονα

1908 557 2177 630 quillitate
2203 566 2379 613 strato
2415 556 2594 612 simile
2625 554 2744 622 fuit,
2775 553 3061 625 spiritibus
3090 553 3314 612 malitiae
3346 573 3475 628 pro-

218 650 419 723 λιμινα
444 648 546 719 τῆς
573 649 686 705 ἄνω
713 647 992 718 βασιλείας
1018 648 1387 714 κατέπαυσας.
1419 650 1795 721 Ταπεινοφροο

222 743 391 814 σύνης
419 741 585 813 ῦψοςς
619 743 712 796 καὶ
733 742 816 806 τίς
840 742 1011 807 οὕτως
1031 743 1319 800 ὲταπείνου
1344 744 1535 799 ἑαυτὸν
1560 746 1619 799 ὲν
1645 746 1798 799 εὐτε-

219 835 348 907 λείᾳ⁵
374 835 637 907 ἐσθῆτος
678 833 776 900 Τίς
815 833 991 901 οῦτως
1029 836 1099 891 τὰ
1129 838 1321 909 πρῶτα
1359 837 1498 908 ἔχων
1543 839 1601 891 ἐν
1642 837 1798 908 βασι-

220 924 400 989 λεῦσι,
447 925 540 978 καὶ
587 924 756 988 πολὺς
799 926 856 978 ἑν
903 925 1204 993 παιδεύσει,
1255 926 1488 992 ὕστατος
1532 927 1688 1000 ὤφθη
1740 930 1800 984 ιν

221 1017 540 1088 ἀποκρύψει
577 1016 862 1087 εὐγενείας
898 1035 960 1082 τε
990 1020 1085 1073 καὶ
1117 1019 1311 1090 σοφίας
1356 1022 1456 1092 τῆς
1489 1021 1801 1094 ἀπολλυμέ-

221 1127 324 1181 νης
349 1125 363 1140 ·
413 1112 442 1164 ό
486 1110 936 1182 χρυσοστόλιστος
979 1110 1394 1183 πενιχροφόρος,
1436 1114 1464 1166 ό
1493 1112 1802 1184 πολύσοφος

225 1207 720 1278 ἀγροικιζόμενοςο
764 1207 792 1259 ό
826 1204 1305 1275 πολυμαθέστατος
1357 1205 1802 1276 μαθητευόμενος

222 1301 348 1362 ταῖς
381 1299 712 1369 ἐρωτήσεσιν
744 1294 885 1368 [καὶ]
914 1299 1033 1360 ταῖς
1063 1296 1406 1368 ὲκμαθήσεσι
1427 1296 1802 1364 προσπαθείας

223 1390 554 1463 νεκρότητα,
579 1390 675 1444 καὶ
698 1389 945 1460 παρῆκες
965 1389 1138 1459 ἑτέρῳ
1167 1389 1346 1444 πλέων
1370 1389 1458 1459 ἔχε
1469 1407 1532 1443 ιν.
1564 1391 1636 1443 Τὸ
1665 1389 1802 1461 πρὸς

224 1482 354 1544 τοὺς
387 1479 819 1551 ἁγχιστεύαντας
844 1480 1165 1546 αἱσθὲσθαι;
1206 1479 1487 1534 Ἐντεῦθεν
1519 1496 1601 1534 σοι
1627 1481 1688 1534 τὸ
1715 1480 1804 1535 λέ-

1903 650 1994 705 cul
2055 649 2246 718 ejectis
2304 649 2488 704 amatu
2578 648 2815 717 Spiritus
2882 648 3257 705 sanctissimi:
3315 652 3477 721 cujus

1903 741 2162 812 auspiciis
2213 741 2614 813 navigationem
2706 754 2986 804 emensus,
3062 742 3118 795 in
3176 743 3478 813 tranquillo

1904 835 2126 904 superni
2181 834 2332 906 regni
2411 843 2572 904 portu
2631 831 2965 902 requievisti.
3021 833 3105 887 An
3153 833 3478 890 humilitatis

1906 925 2248 981 altitudinem
2281 928 2538 997 eloquar?
2565 925 2767 996 Ecquis
2807 924 2948 981 adeo
3003 925 3244 996 seipsum
3277 925 3479 998 abiecit

1907 1017 1964 1074 in
2021 1018 2226 1074 vilitate
2271 1019 2549 1075 vestitus?
2574 1017 2709 1086 Quis
2743 1017 2980 1088 primum
3009 1017 3150 1088 apud
3178 1018 3475 1088 imperato-

1907 1124 1995 1165 res
2024 1109 2198 1164 locum
2233 1119 2444 1176 tenens,
2494 1110 2774 1179 multaque
2805 1108 3075 1179 sapientia
3121 1109 3480 1181 conspicuus.

1907 1203 2044 1258 adeo
2079 1203 2326 1272 apparuit
2376 1213 2722 1272 postremus,
2769 1201 3110 1258 occultando
3140 1202 3480 1259 nobilitatem

1907 1312 1973 1352 ac
2033 1296 2377 1366 sapientiam,
2428 1312 2550 1366 qua:
2581 1297 2740 1367 peril.
2774 1297 2879 1364 Qui
2933 1311 3101 1353 aurea
3159 1295 3479 1351 induebaris

1907 1388 2068 1451 stola,
2097 1389 2487 1458 pauperculum
2517 1389 2628 1445 fers
2661 1389 2944 1458 habitum;
2987 1390 3081 1460 qui
3109 1403 3235 1445 eras
3265 1387 3483 1459 sapien-

1909 1479 2176 1546 tissimus,
2224 1480 2288 1537 ﬂs
2338 1481 2492 1537 rudis
2535 1489 2590 1537 et
2638 1483 2912 1553 agrestis;
2950 1482 3044 1552 qui
3072 1496 3196 1537 eras
3229 1481 3486 1552 magister

225 1590 383 1641 γειν·
423 1572 566 1641 Ἐγὼ
613 1572 719 1645 πρὸ
749 1571 962 1627 ἐκείνου
992 1571 1286 1637 ἀπέθανον,
1321 1571 1399 1642 τῷ
1432 1573 1803 1646 προαιρετικῷ

1908 1560 2217 1642 disciplinis
2285 1572 2730 1640 excultissimus,
2824 1572 3350 1644 interrogationibus
3422 1586 3488 1626 ac

223 1665 428 1736 δηλαδὴ
485 1664 701 1736 Θανάτῳ
757 1662 854 1718 τοῦ
902 1662 1136 1734 φυσικοῦ
1192 1663 1622 1736 προτεθνηκότος
1682 1681 1801 1720 σου.

1909 1665 2214 1736 disciplinis
2255 1666 2732 1723 mortificationem
2792 1666 2962 1724 discis
3002 1665 3378 1731 aﬂ‘ectionum,
3430 1676 3487 1720 ct

238 1757 524 1811 Ἐντεῦθεν
545 1757 605 1810 τὸ
634 1755 899 1828 μακάριόν
927 1772 1020 1809 σου
1047 1755 1395 1827 ἐπίφθεγμα·
1437 1756 1701 1827 Ἀρσένιε,
1724 1756 1806 1811 διὸ

1911 1765 2152 1831 potiores
2181 1759 2338 1814 alteri
2380 1769 2565 1830 partes
2611 1757 2960 1815 concessisti.
2985 1758 3162 1822 Anne,
3198 1771 3328 1828 erga
3360 1770 3489 1827 pro-

224 1847 449 1918 ὲξῆλθες
468 1865 481 1879 ·
512 1847 540 1901 ὃ
570 1849 759 1919 ᾄδουσι
806 1845 960 1917 χοροὶ
991 1846 1298 1917 μοναστῶν,
1335 1849 1593 1919 φέροντες
1623 1864 1802 1917 σωτη-

1911 1851 2151 1920 pinquos
2192 1850 2469 1918 quomodo
2509 1849 2736 1904 affectus
2787 1847 2982 1911 fueris.
3037 1848 3311 1918 eloquar?
3354 1846 3492 1903 lilnc

225 1942 352 2012 ρίας
406 1941 652 2008 ἑφόδιονσ
699 1940 972 2012 ἁμαρτίας
1026 1941 1137 2010 γάρ
1181 1942 1330 1994 ἔστιν
1384 1941 1668 2012 ἐμπόδιον,
1709 1943 1806 2014 τὴν

1917 1950 2069 1996 tuum
2137 1949 2285 1996 certe
2313 1939 2534 1995 effatum
2580 1940 2734 2010 (15):
2800 1938 2914 2010 Ego
2970 1947 3099 1994 ante
3134 1939 3312 2009 ipsum
3343 1952 3491 1992 mor-

221 2033 428 2096 αίτίαν,
449 2031 516 2084 δι’
535 2030 603 2102 ἢν
621 2031 825 2103 κόσμου
844 2033 1256 2104 ὲπερῤἀγημεν,
1273 2033 1806 2105 ὲπαναμιμνήσκειν,

1919 2043 2044 2089 tuus
2097 2049 2218 2088 sum
2255 2051 2269 2087 :
2311 2033 2623 2090 voluntaria
2666 2032 2920 2088 videlicet
2968 2040 3147 2087 morte
3187 2030 3492 2085 naturalem

225 2124 322 2178 καὶ
354 2124 488 2194 πρὸς
524 2124 692 2195 μηδὲν
728 2124 857 2177 ἀλλο
876 2123 918 2195 ἦ
944 2123 1074 2194 περὶ
1098 2122 1253 2178 τοῦδε
1279 2124 1443 2195 μόνου
1479 2125 1806 2196 φροντίζειν.

1920 2137 1970 2182 te
2001 2133 2378 2195 prazvertcnte.
2415 2120 2554 2177 Hinc
2593 2123 2814 2176 beatum
2845 2133 2998 2176 tuum
3030 2123 3235 2177 dictum
3267 2140 3279 2176 :
3311 2123 3482 2176 Arse-

225 2217 304 2282 ni,
357 2231 523 2286 quare
591 2214 971 2281 existi?Quod
1019 2216 1315 2271 concinunt
1372 2217 1527 2272 chori
1576 2219 1993 2284 monachorum,
2063 2215 2298 2271 ferentes
2357 2214 2616 2269 viaticum
2686 2214 2902 2270 salutis.
2949 2214 3239 2270 Peccatum
3295 2215 3495 2284 quippe

225 2309 455 2378 impedit
504 2325 682 2366 causa:
741 2319 960 2380 propter
1007 2324 1170 2380 quam
1204 2325 1234 2365 a
1270 2311 1475 2367 mundo
1503 2313 1681 2367 avulsi
1740 2329 1954 2380 sumus,
2022 2309 2453 2375 reminiscentia,
2513 2309 2772 2379 nullaque
2794 2310 2900 2365 alia
2923 2325 3090 2382 quam
3150 2310 3219 2367 de
3245 2310 3348 2367 hoc
3377 2311 3494 2366 solo

229 2416 385 2457 cura.

295 2493 404 2558 κζ’.
440 2493 506 2546 Τί
538 2493 593 2546 δὲ
617 2493 649 2562 ή
674 2491 998 2561 ἀγαλλίασις
1028 2494 1131 2566 τῆς
1159 2495 1308 2560 θείας
1330 2497 1693 2564 κατανύξεως,
1715 2517 1810 2570 με·

225 2584 357 2656 λέτη
390 2584 623 2638 θανάτου
653 2585 935 2655 διηνεκὴς,
970 2586 1215 2651 ἀεννάως
1244 2587 1616 2657 πελαγίζουσα
1651 2593 1709 2644 ὲν
1737 2593 1804 2663 τῇ

229 2675 451 2748 καθαρᾷ
481 2676 676 2748 καρδίᾳ
705 2693 820 2740 σου,
850 2677 911 2743 ἐξ
938 2673 1006 2749 ἦς
1053 2680 1124 2734 τά.
1169 2681 1366 2752 ῥεῖθρα
1398 2681 1508 2735 τῶν
1547 2682 1802 2755 δακρύων

229 2768 563 2832 ἁνελλειπῶς
594 2768 896 2840 προχέοντα
921 2771 1129 2844 πυρσόν
1164 2790 1247 2826 σοι
1273 2773 1446 2844 ἀνῆψε
1479 2774 1630 2841 θείας
1662 2777 1803 2845 ἀγα-

231 2860 486 2932 πήσεωςς
542 2860 619 2930 Τῇ
663 2861 985 2934 σωφροσύνῃ
1041 2863 1293 2935 δεύτερον
1332 2865 1532 2938 Ἰωσὴφ
1577 2868 1804 2934 είκότως

232 2951 561 3022 καλόσαιμιο
597 2951 732 3005 ἀλλά
773 2955 869 3007 καὶ
908 2954 968 3008 τὸ
995 2955 1093 3027 τῆς
1123 2955 1309 3025 θήλεος
1347 2956 1688 3027 μνημόσυνον
1727 2960 1807 3022 εἰς

232 3043 382 3095 ἅπαν
409 3039 641 3111 ἐξαίρων
671 3041 730 3108 ἐξ
759 3044 926 3114 ἁγνῆς
974 3044 1204 3116 καρδίας
1267 3063 1383 3100 σου.
1419 3047 1477 3101 '0
1511 3049 1678 3113 ὅντως
1707 3051 1807 3104 Φε-

1983 2495 2075 2550 27.
2093 2493 2213 2549 1am
2236 2507 2370 2549 vero
2407 2493 2540 2565 quid
2568 2491 2866 2548 exsultatio
2895 2489 3092 2546 divinae
3118 2491 3500 2559 compunctiov

1910 2587 2019 2656 nis,
2048 2603 2112 2643 ac
2145 2586 2426 2642 meditatio
2461 2585 2652 2639 mortis
2695 2583 2938 2646 assidua,
2965 2582 3172 2654 jugiter
3205 2581 3494 2639 exundans

1909 2678 1964 2733 in
1989 2692 2128 2748 puro
2151 2676 2315 2732 corde
2345 2686 2461 2743 tuo,
2493 2691 2524 2731 e
2555 2690 2664 2746 quo
2701 2675 3064 2746 lacrymaruin
3107 2673 3311 2729 ﬂuenta
3342 2674 3495 2730 inde-

1910 2769 2159 2826 sinenter
2203 2767 2587 2840 promanantia
2633 2767 2912 2822 flammam
2965 2766 3069 2820 sibi
3125 2765 3496 2822 accenderunt

1909 2857 2108 2915 divina:
2158 2858 2516 2916 dilectionis?
2560 2856 2903 2914 Verecundia
2964 2857 3196 2912 alterum
3248 2867 3300 2912 te
3341 2842 3498 2913 lose-

1912 2953 2080 3024 phum
2141 2955 2338 3007 merito
2373 2951 2792 3023 appellaverim;
2825 2951 2919 3006 sed
2962 2950 3109 3004 enim
3140 2949 3356 3006 femina:
3382 2966 3498 3006 me-

1913 3045 2146 3101 moriam
2180 3061 2247 3099 ex
2293 3054 2446 3100 casto
2474 3044 2640 3098 corde
2675 3052 2769 3098 tuo
2801 3041 3028 3096 omnino
3055 3042 3299 3097 delevisti
3322 3060 3339 3110 ;
3361 3058 3497 3098 con-

235 3133 485 3205 ρὼνυμος
510 3133 684 3205 ἄρσην
711 3135 803 3207 (ε),
840 3137 938 3189 καὶ
964 3135 1117 3190 οὐδὲν
1148 3136 1511 3212 θηλυπρεπῶς
1547 3141 1805 3212 ἐπιφερό-

1910 3138 2161 3192 veniente
2211 3136 2286 3190 rei
2335 3135 2734 3206 significatione
2774 3132 2961 3190 ferens
3003 3150 3201 3190 nomen
3230 3135 3332 3189 viri
3364 3173 3381 3200 ,
3411 3137 3496 3189 ni-

234 3243 418 3294 μενος.
448 3227 526 3297 Τῇ
557 3228 855 3300 ἐγκρατείᾳ
879 3230 946 3285 τά
972 3230 1120 3302 πάθη
1147 3234 1470 3304 πτερνίζων,
1495 3235 1588 3289 τὸν
1612 3253 1808 3306 πατρι-

1911 3229 2094 3298 hilque
2168 3227 2464 3283 eﬂeminati
2533 3242 2644 3298 pra:
2705 3234 2771 3281 .te
2829 3222 3034 3282 ferens.
3116 3225 3496 3297 Temperantia

232 3317 412 3390 ἀρχην
451 3319 645 3373 Ἰακὼὸ
676 3322 980 3393 ὲζηλώσας,
1018 3324 1215 3380 ἐσθίων
1259 3327 1346 3382 διὰ
1374 3327 1436 3382 τὸ
1459 3327 1580 3400 ζῇν,
1609 3328 1670 3382 οὐ
1700 3328 1806 3393 ζῶν

1908 3340 2104 3397 pravas
2131 3326 2300 3381 animi
2344 3325 2788 3396 perturbationes
2832 3324 3078 3389 calcans,
3118 3324 3492 3394 patriarcham

230 3412 324 3465 διὰ
353 3412 413 3465 τὸ
433 3412 666 3466 ἐσθίεινο
759 3414 866 3485 γάρ
899 3417 1013 3481 τοῖς
1044 3417 1150 3484 ἔξω
1175 3417 1318 3489 λόγῳ
1353 3419 1811 3489 πεφιλοσόφηται,

231 3505 395 3559 τοῦτό
426 3523 507 3560 σοι
540 3507 686 3579 ἔργῳ
716 3507 973 3562 ἑκάστοτε
1003 3508 1382 3581 ἐπεπλήρωτο.
1425 3511 1504 3583 Τῇ
1531 3512 1812 3585 ἀγρυπνίᾳ

231 3599 310 3663 ὡς
371 3599 663 3670 ἀσώματος
714 3599 1042 3667 διετέλεσας,
1075 3601 1340 3670 κοιμίζων
1395 3605 1522 3670 τοὺς
1573 3605 1813 3675 ἀστέρας

233 3691 356 3753 ταῖς
388 3689 772 3761 ὲγρηγόρσεσι,
800 3692 1187 3762 παραπέμπων
1214 3694 1314 3765 τὴν
1336 3692 1506 3748 νύκτα
1534 3698 1655 3761 ταῖς
1685 3697 1810 3749 ιπι-

235 3780 485 3850 κλήσεσι.
517 3781 695 3848 πάσης
721 3782 922 3852 ἀρετῆς
955 3783 1262 3848 ἀνάπλεως,
1291 3784 1493 3848 παντὸς
1536 3786 1813 3856 κατορθώ-

238 3891 412 3943 ματος
461 3874 698 3945 ὲραστὴς
754 3874 1166 3948 ἀκριϐέστατος.
1207 3873 1278 3931 '0
1306 3877 1534 3950 φωστὴρ
1579 3878 1678 3948 τῆς
1720 3879 1813 3931 ὑπ’

233 3963 468 4033 οὐρανὸν
517 3963 898 4033 φωτεινότατε.
941 3961 1012 4018 '0
1057 3967 1233 4039 ἀστὴρ
1277 3967 1600 4040 ἠσυχαστῶν
1645 3969 1816 4037 αὐγο-

235 4050 512 4104 ειδὲστατε
531 4067 544 4081 ’
560 4047 629 4105 '0
653 4053 808 4117 κλέος
835 4055 1116 4125 μοναστῶν
1140 4055 1601 4112 πολυευκτότατον
1616 4073 1631 4088 ο
1653 4054 1814 4126 Εὖγε,

235 4141 462 4211 ἄγγελε,
506 4143 735 4214 ἑπίγειε,
777 4145 1045 4210 ἀπαθείας
1084 4146 1412 4219 ὡραιότησιν
1441 4149 1812 4220 ὲπτερωμένε.

1909 3415 2081 3474 Jacob
2132 3419 2422 3474 aemulatus
2472 3432 2555 3485 es;
2588 3416 2882 3473 comedens
2901 3425 2960 3472 ut
2983 3416 3195 3472 viveres
3225 3455 3240 3481 ,
3278 3431 3387 3471 non
3416 3417 3498 3471 vi-

1911 3525 2065 3573 vens,
2099 3519 2158 3565 ut
2199 3509 2538 3566 comederes.
2587 3507 2744 3576 Quod
2787 3509 2935 3564 enim
2985 3509 3054 3563 ab
3087 3509 3335 3564 externis
3370 3508 3495 3578 phi-

1912 3603 2260 3673 losophatum
2306 3600 2413 3658 fuit
2439 3601 2626 3669 verbo,
2674 3601 2808 3658 illud
2853 3601 2952 3657 ahs
2984 3611 3033 3656 te
3067 3601 3268 3672 passim
3301 3602 3498 3672 imple-

1915 3706 2028 3751 tum
2059 3710 2246 3766 opere.
2281 3695 2410 3750 Sine
2458 3710 2653 3752 somno
2695 3693 3047 3766 perdurasti;
3089 3711 3196 3749 non
3242 3709 3403 3750 secus
3435 3710 3500 3751 ac

1913 3786 1963 3843 si
2025 3785 2228 3843 fuisses
2291 3787 2683 3856 incorporeus;
2741 3785 2930 3840 stellas
2986 3785 3209 3855 sopiens
3264 3785 3494 3854 vigiliis,

1914 3889 2241 3949 noctemque
2310 3880 2623 3950 transigens
2688 3878 3150 3942 invocationibus,
3211 3879 3364 3933 omni
3393 3879 3498 3932 vir-

1917 3979 2031 4026 tute
2057 3971 2274 4040 plenus,
2324 3981 2379 4026 et
2433 3971 2878 4027 studiosissimus
2943 3970 3124 4026 omnis
3172 3971 3304 4026 recti
3335 3967 3496 4025 ofﬁcii

1917 4073 2153 4116 amator.
2216 4060 2260 4116 Ο
2315 4062 2585 4118 luminare
2642 4062 2840 4126 omnis,
2915 4076 3036 4131 quae
3089 4061 3194 4116 sub
3221 4060 3362 4116 caelo
3394 4067 3496 4124 est,

1917 4161 2078 4207 terra:
2128 4153 2558 4210 lucidissimuml
2617 4153 2663 4210 Ο
2724 4155 2880 4210 stella
2911 4154 3359 4226 hesychastarum
3395 4152 3501 4206 ful-

239 4228 406 4302 Εὖγε,
443 4237 650 4306 ἀρετῶν
697 4237 1015 4310 παράδεισε,
1060 4241 1259 4303 παντὸς
1302 4241 1503 4313 ὡραίου
1542 4240 1806 4312 κατορθώ-

1918 4244 2233 4314 gidissima!
2297 4259 2330 4299 ο
2375 4246 2542 4301 decus
2609 4247 3006 4303 monachorum
3060 4245 3494 4316 optatissimum.

243 4344 414 4398 ματος
467 4330 864 4400 πεφυτευμένε.
901 4331 1285 4401 Εὖγε,οὐρανὲ
1332 4333 1660 4400 κατάστερε,
1699 4350 1818 4385 ποι-

1920 4334 2068 4401 Euge
2117 4336 2392 4392 terrestris
2427 4337 2635 4408 angele,
2669 4338 2880 4394 alarum
2921 4354 2952 4393 a
2985 4336 3167 4408 pravis
3217 4333 3500 4406 appetitio-

241 4421 416 4486 κίλοις
444 4422 693 4478 κάλλεσι.
717 4461 731 4476 .
751 4423 1206 4496 ,δεδιουργημένε
1245 4426 1331 4493 ἐφ’
1364 4424 1489 4494 ὕψει
1523 4423 1617 4478 τοῦ
1650 4425 1806 4480 καθα-

1921 4427 2084 4482 nibus
2135 4427 2482 4484 immunitum
2526 4439 2868 4486 venustatem
2909 4429 3117 4484 indute.
3148 4427 3298 4498 Euge
3326 4427 3499 4481 virtu-

241 4512 491 4584 ρωτάτου
522 4512 638 4583 βίου
657 4552 672 4566 .
691 4551 706 4567 .
723 4551 740 4567 .
757 4551 771 4567 .

1847 4500 1892 4555 Ῑ)
1922 4525 2039 4571 tum
2081 4519 2355 4588 paradise,
2403 4521 2557 4576 omni
2590 4532 2806 4576 maturo
2823 4522 3127 4578 honestatis
3158 4520 3337 4576 fructu
3367 4533 3500 4574 con-

240 4606 365 4659 silc.
414 4604 560 4676 Euge
591 4607 861 4660 stellatum
895 4607 1115 4672 cadum,
1144 4606 1292 4661 varia
1357 4607 1850 4676 pulchritudine....
1892 4607 2213 4666 fabricatum
2261 4628 2424 4683 super
2480 4611 2698 4683 fastigio
2754 4615 3062 4685 purissima
3107 4613 3228 4669 vita:
3285 4611 3496 4683 (16)...-

240 4707 435 4751 cetera
482 4697 871 4752 desiderantur.

1752 4813 1984 4871 NOTAE.

316 4928 388 5000 (ε)
423 4929 654 5002 ’Δρσην.
681 4927 759 4985 lta
799 4931 886 4986 hic
914 4929 1116 4984 mutavi
1148 4928 1472 4985 mendosum
1503 4929 1674 5000 ἄρεις.
1709 4928 1806 4984 Vid

1908 4940 2090 5002 tymon
2121 4933 2176 4987 in
2207 4931 2413 4992 Comm.
2443 4933 2655 5003 prmio,
2690 4946 2839 4985 num.
2876 4929 2930 4982 ‘2.

317 5044 431 5114 (15)
464 5041 678 5098 Dictum
714 5043 846 5099 illud
879 5044 958 5098 vel
986 5054 1197 5115 auctor,
1226 5043 1308 5097 vel
1340 5042 1534 5115 aliquis
1562 5043 1824 5115 transcri-
1931 5045 2128 5102 dentur
2157 5046 2243 5102 hic
2295 5046 2397 5103 nisi
2455 5045 2687 5115 paucula
2742 5039 3041 5097 desiderari
3077 5054 3090 5092 :
3130 5050 3317 5115 neque
3355 5035 3498 5090 enim

243 5106 749 5187 ptorpraetermisit
773 5119 826 5169 in
862 5123 1007 5168 textu
1037 5112 1171 5168 Vita:
1198 5129 1349 5175 num.
1384 5106 1487 5187 Γῇ
1524 5114 1616 5187 sed
1648 5114 1824 5187 aliun-
1931 5117 2244 5172 verosimile
2275 5127 2380 5180 est,
2414 5106 2562 5187 quod
2600 5120 2793 5169 auctor
2819 5126 2987 5182 parvo
3025 5108 3186 5178 capiti
3210 5106 3500 5177 adjungere

241 5183 310 5239 de
335 5184 464 5238 illud
497 5185 777 5254 eruimus,
824 5194 884 5237 ut
921 5193 1064 5254 patet
1102 5199 1168 5237 ex
1203 5184 1478 5238 annotatis
1509 5183 1575 5237 ad
1608 5199 1728 5252 cap.
1761 5184 1818 5254 ‘2.

317 5256 432 5323 (16)
469 5255 526 5309 Si
553 5253 828 5325 epilogum
858 5253 1112 5310 conferas
1162 5268 1285 5309 cum
1327 5255 1573 5326 prologo,
1605 5268 1710 5308 non
1743 5253 1822 5308 vi-

1927 5187 2162 5244 voluerit
2187 5188 2418 5244 caudam
2437 5186 2738 5255 majorem.
