4170 6474
718 391 824 453 883
1876 393 1937 452 S.
1978 392 2367 453 THEODORI
2414 388 2757 452 STUDITAS

1349 528 1456 589 DE
1484 529 1903 604 SEQUENTE
1947 532 2459 595 LAUDATIONE
2521 530 2863 593 FUNEBRI
2912 529 3311 595 MONITUM.

1716 720 1871 785 (Asc.
1917 717 2046 783 MAI,
2075 718 2328 772 Bibliotlt.
2356 732 2506 805 natu,
2549 722 2587 767 t.
2621 728 2694 776 vt,
2720 728 2775 783 p.
2810 712 2957 784 565.)

786 909 1012 965 Matrem
1043 926 1193 965 suam
1227 910 1603 968 'flteoctistam
1643 930 1905 983 supremo
1953 915 2143 970 morbo
2188 914 2523 969 laboramem
2559 922 2872 983 peramante
2922 913 3118 982 piaque
3146 912 3381 984 epistola
3425 914 3741 969 consolatus
3776 913 3946 971 fuerat

716 998 1056 1063 Theodorus,
1088 1014 1213 1068 qua:
1237 1010 1320 1054 est
1346 1000 1467 1054 libri
1503 1000 1704 1070 prioris
1729 1011 1905 1057 sexta.
1938 999 2081 1056 Idem
2110 1016 2235 1056 mox
2262 1003 2587 1057 exstinctam
2632 1001 2844 1055 funebri
2873 1001 3124 1055 oratione
3164 1010 3489 1071 prosecutus
3518 1012 3620 1067 est,
3646 1010 3703 1057 et
3730 1004 3945 1073 quidem

718 1086 938 1156 insigni,
977 1102 1141 1155 quam
1176 1099 1484 1141 memorant
1537 1088 1644 1143 duo
1684 1089 1993 1159 biographi,
2027 1100 2215 1144 noster
2246 1103 2366 1160 cap.
2395 1088 2452 1151 2,
2483 1098 2536 1142 et
2569 1085 2991 1141 Sirmondianus
3040 1102 3091 1156 p.
3127 1087 3181 1142 5.
3209 1085 3327 1142 Jam
3372 1103 3503 1143 vero
3536 1104 3662 1144 cum
3712 1090 3769 1145 in
3802 1103 3951 1145 cata-

717 1174 839 1244 lngo
868 1174 1136 1243 impresso
1172 1174 1420 1229 codicum
1449 1191 1584 1229 mss.
1611 1175 1953 1231 bibliotheca:
1976 1177 2151 1247 ltegiaa
2169 1174 2521 1238 Parisiensis,
2559 1183 2598 1227 t.
2630 1174 2698 1236 ll,
2731 1190 2780 1243 p.
2809 1173 2936 1237 338,
2963 1174 3215 1244 legissem
3250 1176 3455 1230 servari
3489 1176 3541 1230 in
3573 1178 3765 1232 codice
3815 1177 3942 1232 μοι

716 1261 859 1315 hanc
892 1259 1120 1315 Studita:
1160 1262 1463 1315 orationem
1492 1261 1557 1316 de
1591 1273 1765 1317 matre
1797 1279 1919 1330 sua,
1942 1280 2171 1333 eamque
2202 1264 2445 1319 nondum
2481 1262 2681 1317 editam
2708 1262 2947 1316 viderem
2967 1305 2981 1328 ,
3005 1262 3149 1331 justa
3180 1262 3311 1318 mihi
3342 1264 3610 1334 cupiditas
3629 1266 3822 1320 oborta
3849 1278 3949 1330 est,

716 1348 1160 1418 quandoquidem
1198 1350 1478 1417 complura
1516 1350 1621 1403 alia
1655 1349 1884 1405 Studitae
1917 1352 2118 1419 scripta
2149 1351 2449 1416 edideram,
2484 1351 2586 1405 hoc
2612 1350 2981 1420 epitaphicum
3023 1351 3223 1420 pariter
3253 1352 3307 1405 in
3346 1351 3521 1406 lucem
3552 1355 3904 1422 protrahendi
3937 1375 3949 1409 ;

715 1436 917 1489 etenim
962 1445 1166 1491 sanctae
1206 1434 1423 1489 feminae
1461 1436 1767 1490 encomium
1807 1453 1835 1490 a
1868 1448 2055 1492 sancto
2088 1437 2195 1491 [ilio
2220 1439 2531 1501 recitatum,
2563 1453 2723 1507 quem
2760 1452 2868 1490 non
2896 1437 3162 1491 delectet?
3196 1436 3395 1506 Rogavi
3427 1439 3591 1508 igitur
3613 1456 3711 1511 per
3745 1440 3954 1497 litteras

714 1522 894 1577 virum
925 1523 1164 1592 equestri
1214 1522 1479 1593 dignitate
1525 1533 1803 1587 ornatum,
1830 1533 1992 1593 atque
2035 1524 2194 1577 editis
2224 1525 2378 1581 libris
2400 1526 2788 1590 clarissimum,
2828 1524 3073 1591 mihique
3103 1525 3305 1593 jamdiu
3354 1527 3587 1580 amicitia
3616 1528 3951 1593 devinctum,

716 1608 944 1663 Paulum
974 1610 1291 1673 Drachium,
1325 1620 1383 1664 ut
1417 1610 1731 1679 praedictam
1766 1610 1995 1665 Studitze
2023 1610 2481 1678 lucubrationem,
2524 1615 2624 1666 mei
2658 1628 2820 1667 causa
2855 1628 2919 1666 ex
2956 1611 3254 1668 Parisiensi
3316 1614 3501 1669 codice
3538 1617 3953 1671 exscribendam

719 1707 939 1751 curaret
980 1715 995 1764 ;
1031 1698 1172 1765 quod
1240 1698 1329 1751 ille
1381 1713 1476 1765 per
1520 1698 1793 1767 egregium
1848 1699 2236 1769 calligraphum
2298 1698 2625 1773 Sypsomum
2684 1715 2819 1769 pure
2863 1700 3243 1770 eleganterque
3281 1703 3675 1757 conficiendum
3738 1707 3953 1774 sategit.

716 1784 885 1854 Igitur
930 1783 1119 1839 Graeco
1172 1792 1397 1853 accepto
1454 1785 1771 1853 exemplari,
1820 1786 2041 1839 latinam
2095 1785 2382 1842 confestim
2433 1788 2849 1841 translationem
2884 1788 3077 1857 adjeci,
3118 1796 3177 1843 ut
3228 1789 3350 1859 pius
3396 1791 3483 1845 hic
3513 1790 3956 1847 Commentarios

716 1871 968 1939 plurimis
992 1873 1184 1942 prosit.
1223 1870 1337 1923 Erit
1374 1872 1538 1941 igitur
1572 1872 1675 1927 hoc
1706 1874 1771 1926 de
1797 1871 2110 1927 Thcoctista
2162 1875 2423 1943 scriptum
2460 1874 2867 1943 adjuugeudum
2907 1874 3004 1937 illi,
3040 1873 3185 1943 quod
3212 1874 3277 1929 de
3307 1873 3533 1931 Platone
3555 1918 3569 1941 ,
3599 1878 3957 1948 pientissinne

714 1958 957 2028 ejusdem
1008 1958 1225 2013 femina:
1275 1958 1464 2025 fratre,
1498 1975 1599 2014 suo
1632 1975 1825 2029 nempe
1852 1962 2145 2025 aruncolo,
2170 1969 2224 2015 et
2252 1962 2304 2015 in
2330 1962 2674 2031 spiritalibus
2698 1960 2884 2026 Patre,
2918 1961 3060 2015 idem
3092 1962 3305 2016 Studita
3334 1964 3598 2030 exaravit,
3630 1975 3684 2022 et
3734 1964 3955 2022 Bollan-

716 2047 860 2101 diani
894 2048 946 2101 in
972 2047 1149 2118 primo
1184 2046 1381 2115 Aprilis
1410 2047 1688 2101 volumine
1716 2048 1961 2117 Append.
1999 2065 2052 2118 p.
2083 2048 2276 2114 46-54,
2307 2064 2373 2103 ex
2407 2048 2675 2103 Vaticano
2722 2050 2913 2103 codice
2937 2048 3145 2118 jamdiu
3184 2051 3523 2120 et’ulgat-unt.

1421 2154 1562 2209 Xlll.

717 2248 902 2303 Sancti
936 2249 1115 2304 Patris
1136 2250 1303 2302 nostri
1344 2258 1393 2301 et
1419 2248 1731 2317 confessoris
1759 2248 2014 2303 Theodori
2039 2249 2284 2307 Catane-

1053 2322 1124 2373 δίε
1152 2319 1384 2388 funebris
1420 2320 1473 2370 in
1520 2331 1738 2372 matrem
1774 2336 1948 2375 suam.

785 2484 834 2535 l.
867 2480 1103 2551 Tempus
1132 2481 1317 2549 exigit,
1346 2494 1379 2533 ο
1403 2478 1495 2532 lilii
1518 2494 1581 2532 ac
1612 2476 1823 2539 fratres,
1862 2488 1919 2531 ut
1952 2478 2287 2548 inexspecta-

717 2585 825 2629 tam
857 2573 1099 2628 notitiam
1132 2572 1311 2627 obitus
1342 2570 1554 2640 inclytae
1578 2570 1880 2623 communis
1907 2568 2081 2623 Patris
2112 2568 2286 2623 nostri

714 2666 923 2723 sororis
954 2664 1286 2719 ntmtiemus.
1320 2660 1444 2715 llaec
1472 2660 1615 2715 enim
1648 2668 1933 2729 postquam
1966 2660 2120 2729 juxta
2151 2674 2287 2730 prae-

716 2761 922 2815 finitam
953 2759 1217 2817 creatoris
1264 2757 1358 2813 Dei
1392 2758 1726 2812 voluntatem
1759 2764 2027 2826 praesente
2055 2756 2163 2811 vita
2188 2756 2283 2810 de-

716 2852 902 2907 functa
940 2851 1063 2917 fuit,
1092 2852 1158 2906 ad
1208 2848 1669 2919 supermundialia
1710 2863 1768 2902 se
1802 2848 2108 2914 transtulit,
2143 2848 2286 2901 haud

718 2946 921 2999 luctum
968 2944 1129 2999 nobis
1195 2941 1593 3011 ineptissimum
1649 2939 1985 3009 relinquens,
2040 2950 2099 2994 ut
2152 2939 2287 2995 forte

717 3038 916 3108 aliquis
957 3034 1321 3097 existimabit,
1359 3032 1450 3086 sed
1487 3030 1727 3083 laetitiam
1770 3029 1973 3098 potius,
2018 3029 2087 3083 ob
2141 3029 2287 3097 ejus.

716 3130 840 3184 dem
872 3128 1081 3197 plenam
1115 3140 1210 3195 spe
1244 3123 1641 3193 migrationem.
1688 3120 1860 3176 Vultis
1905 3120 2047 3174 enim
2079 3120 2287 3174 narrari

718 3238 749 3276 a
782 3236 866 3275 me
892 3219 1044 3275 vobis
1070 3219 1295 3287 aliisque
1321 3215 1409 3270 hic
1438 3215 1801 3286 praesentibus
1826 3213 2287 3285 (quandoquidem

722 3312 863 3365 haud
892 3310 1128 3375 tacendi,
1166 3308 1257 3364 sed
1293 3309 1549 3376 loquendi
1587 3317 1797 3376 tempus
1828 3316 1944 3371 est,
1994 3314 2153 3375 prout
2198 3305 2286 3359 illa

721 3377 1056 3471 przescriptio
1090 3393 1267 3469 jubet'
1297 3396 1406 3452 εΝε
1434 3398 1616 3451 laudes
1638 3398 1899 3450 hominem
1940 3406 2059 3449 ante
2088 3396 2285 3450 obitum

2318 2168 2365 2221 Α

3127 2158 3224 2211 II".

2392 2248 2502 2302 Τοῦ
2543 2248 3173 2322 ὁσίου-ΠατρὸςΑήμῷν,
3196 2249 3291 2301 καὶ
3324 2250 3696 2319 ὁμολογητοῦ
3734 2255 3955 2307 Θιτὸὠο

2450 2336 2564 2440 ρὲυ
2593 2316 2931 2386 κατήχησις
2962 2316 3271 2387 ἐπιτάφιος
3299 2316 3385 2385 elo
3432 2316 3547 2388 τῆνο
3574 2316 3803 2378 ἑαυτοῦ
3842 2346 3957 2395 μη-

2464 2407 2484 2440 τ
2526 2405 2617 2440 0a.

2464 2405 2617 2453 τερα.

2458 2479 2526 2531 α’.
2574 2480 2841 2545 Ἠνεγκεν
2871 2479 2898 2531 6
2930 2478 3119 2549 καιρὸς
3139 2519 3151 2543 ,
3184 2471 3228 2531 ὦ
3254 2479 3416 2533 τέκνα
3449 2482 3541 2533 καὶ
3575 2482 3817 2552 ἀδελφοὶ,
3856 2487 3955 2553 ἀγ-

2388 2568 2573 2637 γελίαν
2603 2570 2731 2641 ὑμῖν
2775 2572 3097 2638 ἀναγγεῖλαι
3131 2571 3559 2641 ἀπροσδόκητον,
3590 2574 3713 2643 ἣτις
3743 2577 3893 2629 ἐστὶν
3928 2581 3957 2631 6

2389 2662 2615 2725 θάνατος
2664 2662 2765 2733 τῆς
2812 2664 3055 2735 ἀοιδίμου
3099 2665 3331 2735 ἀδελφῆς
3370 2665 3461 2720 τοῦ
3507 2669 3685 2721 κοινοῦ
3745 2670 3955 2739 [ἰατρὸς

2388 2755 2545 2825 ἡμῶν
2572 2757 2683 2827 (l)°
2730 2754 2871 2825 αὕτη
2908 2758 3015 2827 γὰρ
3049 2760 3113 2827 τῇ
3147 2758 3429 2829 ὡρισμένῃ
3473 2757 3636 2831 βουλῇ
3680 2759 3777 2814 τοῦ
3822 2760 3954 2824 Caro—

2389 2845 2624 2898 πλάστου
2649 2843 2784 2898 Θεοῦ
2814 2844 3252 2918 λειτουργήσασα
3273 2847 3354 2919 τῷ
3382 2850 3605 2919 παρόντι
3641 2849 3764 2923 βίῳ,
3794 2868 3956 2922 μετα-

2388 2936 2701 3007 κεχωρηκεν
2732 2937 2812 3001 εἰς
2840 2937 2908 2991 τὰ
2935 2936 3279 3009 ὑπερκόσμια
3301 2957 3314 2970 ·
3341 2940 3401 2993 οὐ
3430 2940 3606 3012 λύπην
3637 2942 3768 3011 ἡμῖν
3788 2960 3955 2997 κατα·

2388 3024 2619 3080 λιποῦσα
2660 3028 2947 3098 ἀλόγιστον
2970 3068 2984 3091 ,
3016 3029 3092 3092 ὼς
3122 3030 3187 3083 ἄν
3219 3047 3303 3093 τις
3330 3032 3540 3103 οἰηθείη
3565 3072 3579 3095 ,
3613 3034 3749 3087 ἀλλὰ
3776 3034 3955 3105 χαρὰν

2390 3120 2760 3189 ἑμποιήσασα,
2794 3122 2883 3174 διὰ
2909 3122 3008 3191 τῆς
3031 3124 3348 3179 εὑελπίστου
3379 3126 3551 3197 αὐτῆς
3581 3128 3951 3197 μεταὸἀσεως.

2389 3213 2579 3266 Θέλετε
2600 3214 2705 3282 γὰρ
2726 3214 3074 3283 διηγήσωμαι
3103 3217 3231 3286 ὑμῖν
3254 3216 3441 3288 ὥσπερ
3464 3219 3557 3272 καὶ
3580 3221 3691 3281 τοῖς
3722 3219 3955 3273 ἐνταῦθα

2390 3305 2600 3373 (ἐπειδὴ
2633 3306 2826 3374 καιρδς
2857 3305 2915 3357 οὐ
2958 3306 3051 3357 τοῦ
3080 3308 3259 3378 σιγᾷν.
3290 3310 3427 3363 ἀλλὰ
3458 3309 3551 3364 τοῦ
3572 3297 3781 3379 λαλεῖν,
3816 3313 3957 3367 κατὰ

2388 3394 2489 3465 τὴν
2520 3393 2847 3448 κελεύουσαν
2877 3395 3129 3467 ἐντολήνθ
3162 3397 3258 3466 Μὴ
3293 3399 3617 3469 ἐπαινέσῃς
3638 3402 3830 3471 ἄνδρα
3850 3404 3958 3470 ἕως

720 3490 881 3560 ejus),
912 3489 1094 3552 vultis,
1134 3488 1377 3557 inquam,
1427 3488 1637 3541 narrari
1698 3486 1961 3556 quidquid
2014 3486 2166 3540 beata
2199 3486 2292 3554 illa

2395 3485 2505 3555 τῆς
2532 3486 2747 3551 ἐξόδου
2784 3486 2991 3558 αὐτοῦ)
3019 3489 3119 3541 ὅσα
3145 3489 3402 3561 ἐποίησεν
3434 3493 3466 3562 ὴ
3502 3495 3745 3564 μακαρία
3771 3496 3955 3565 ἐκείνη

723 3582 929 3645 anima,
962 3580 1137 3636 adhuc
1193 3579 1246 3635 in
1302 3593 1465 3634 carne
1531 3593 1775 3642 versans,
1837 3578 1962 3632 boni
2010 3579 2292 3648 sanctique

724 3674 913 3742 egerit,
940 3682 994 3728 et
1017 3673 1256 3727 caelestis
1304 3670 1454 3740 regni
1490 3670 1713 3739 praemio
1744 3670 1912 3739 digni.
1945 3669 2087 3741 Ergo
2120 3669 2295 3726 favete

726 3766 978 3830 auribus,
1025 3764 1119 3818 ﬁlii
1155 3765 1283 3827 mei,
1310 3763 1438 3816 dum
1478 3778 1579 3833 ego
1604 3763 1790 3831 procul
1828 3764 1976 3816 omni
2009 3763 2294 3819 mendacio

729 3856 1098 3912 narrationem
1131 3855 1410 3909 instituam
1440 3873 1451 3907 :
1479 3856 1691 3924 eritque
1727 3854 1877 3908 vobis
1897 3852 2109 3908 femina:
2134 3854 2294 3923 hujus

727 3949 944 4014 notitia,
975 3948 1325 4003 catecheseos
1371 3959 1477 3999 non
1532 3942 1742 3997 inutilis
1808 3945 2016 4010 instar,
2070 3946 2179 4000 imo
2240 3953 2295 4000 et

726 4040 883 4094 valde
913 4038 1187 4108 proficuae.

800 4130 850 4185 2.
902 4130 1095 4185 Utrum
1148 4145 1209 4184 ea
1249 4131 1465 4199 quidem
1501 4146 1528 4184 a
1563 4128 1878 4200 parentibus
1924 4126 2137 4181 initium
2184 4125 2295 4181 vir-

731 4220 879 4285 tutis,
925 4220 1069 4275 sicut
1128 4228 1184 4274 et
1237 4221 1378 4286 vitae,
1418 4220 1743 4291 sumpserit,
1797 4218 1977 4274 dicere
2034 4232 2293 4298 nequeo:

731 4312 1029 4379 praesertim
1082 4312 1209 4382 quia
1246 4328 1354 4367 non
1389 4330 1476 4368 res
1501 4324 1627 4367 ante
1651 4330 1759 4379 me,
1787 4312 1879 4368 sed
1913 4317 2037 4380 post
2086 4326 2172 4365 me
2201 4324 2297 4363 ua—

732 4417 866 4470 tum,
900 4412 1081 4475 gestas
1118 4405 1437 4461 scribeudas
1470 4406 1715 4475 suscepi;
1758 4413 1919 4473 atque
1948 4402 2015 4457 ab
2046 4416 2111 4456 eo
2160 4411 2295 4456 tem-

730 4510 882 4565 pore,
913 4510 1025 4565 quo
1056 4497 1177 4565 ipsa
1210 4497 1341 4551 recti
1396 4500 1657 4567 pravique
1700 4496 2083 4552 discretinnem
2147 4508 2299 4548 asse-

729 4596 855 4642 cuta
905 4585 1030 4641 fttit.
1060 4584 1298 4643 Pueritia
1333 4590 1495 4658 igitur
1528 4599 1690 4659 atque
1731 4586 2095 4643 adolescentia
2128 4587 2298 4639 omis-

730 4681 828 4744 sis,
885 4695 950 4735 ex
1001 4681 1236 4752 conjugii
1282 4683 1401 4751 ejus
1454 4694 1695 4753 tempore
1731 4682 1985 4737 narrandi
2014 4680 2297 4735 exordium

728 4774 1033 4844 capiamus.
1068 4772 1134 4827 Et
1172 4776 1423 4842 quamvis
1468 4774 1768 4830 conformis
1801 4772 1926 4828 huic
1951 4782 2147 4828 nostrae
2178 4786 2302 4843 pro-

2397 3576 2475 3627 ἔτι
2522 3579 2578 3629 ὲν
2607 3578 2771 3648 σαρκὶ
2811 3573 2944 3630 οὖσα
2984 3578 3126 3633 καλά
3157 3596 3217 3632 τε
3255 3581 3351 3634 καὶ
3395 3581 3519 3634 ὅσια
3543 3623 3556 3647 ,
3590 3586 3683 3636 καὶ
3720 3585 3817 3651 τῆς
3850 3587 3960 3638 τῶν

2394 3667 2640 3735 οὐρανῶν
2674 3668 2950 3737 βασιλείας
2986 3670 3223 3736 ἑπάξιας
3257 3671 3379 3725 θέτε
3422 3672 3488 3745 δὴ
3531 3670 3623 3726 οὖν
3656 3691 3757 3737 τις
3786 3677 3959 3740 ἀκοὰς

2395 3757 2571 3831 ὑμῶν,
2616 3759 2779 3812 τέκνα
2813 3778 2915 3830 μου
2936 3801 2950 3825 ,
2981 3761 3135 3830 κάγὼ
3167 3763 3521 3835 ὑφηγήσομαι
3550 3766 3699 3834 ὑμῖν,
3730 3766 3839 3831 ἕξω
3867 3767 3958 3820 τοῦ

2392 3848 2621 3919 ψεύδους
2659 3851 2941 3915 παντελῶς
2975 3855 3295 3924 φερόμενος,
3322 3856 3416 3909 καὶ
3440 3858 3733 3928 γενήσεται
3767 3858 3900 3928 ὑμῖν
3929 3860 3960 3928 ἡ

2394 3944 2523 4014 περὶ
2563 3944 2766 4013 ταύτης
2808 3944 3116 4013 ἀπαγγελία
3140 3988 3155 4011 ,
3197 3949 3315 4001 ἀντὶ
3360 3952 3713 4019 κατηχήσεως
3742 3950 3823 4022 (2)
3863 3952 3960 4004 οὐκ

2394 4036 2673 4106 ἀνόνητος,
2705 4038 2783 4099 ὡς
2814 4032 2988 4107 οἶμαι,
3024 4037 3161 4091 ἀλλὰ
3193 4041 3285 4091 καὶ
3321 4040 3461 4109 μάλα
3490 4042 3786 4113 ὠφέλιμος.

2467 4124 2536 4195 β’.
2588 4126 2681 4180 Ἐκ
2734 4127 2939 4197 γονέων
2990 4125 3089 4197 μὲν
3132 4122 3335 4197 ἧρχθαι
3379 4131 3549 4201 αὐτῆς
3593 4130 3693 4203 τὴν
3736 4133 3961 4203 ἀρετὴν,

2395 4217 2584 4289 ὥσπερ
2612 4219 2706 4271 καὶ
2740 4219 2829 4271 τδν
2859 4218 3002 4290 βίον,
3039 4219 3139 4271 οὐκ
3170 4219 3277 4290 ἔχω
3319 4220 3499 4290 λέγειν
3521 4238 3535 4251 ·
3579 4224 3699 4276 ἐπεὶ
3732 4224 3870 4294 μηδὲ
3898 4226 3965 4277 τὰ

2397 4310 2503 4380 πρὸ
2534 4310 2689 4379 ἐμοῦ.
2728 4310 2863 4364 ἀλλὰ
2891 4311 2960 4363 τὰ
2992 4312 3111 4382 μετ’
3139 4313 3240 4383 ἐμὲ
3275 4314 3560 4384 προῆγμαι
3592 4318 3960 4386 συγγράφειν·

2398 4403 2489 4455 καὶ
2526 4402 2676 4466 ἐξότε
2727 4406 2923 4473 πεῖραν
2952 4404 3204 4475 εἰληφυῖα
3242 4400 3309 4475 ἦν
3353 4407 3453 4475 τῆς
3492 4407 3835 4475 διαγνώσεως
3874 4408 3964 4461 τοῦ

2398 4492 2562 4547 καλοῦ
2592 4495 2685 4547 καὶ
2707 4496 2781 4565 μὴ
2804 4494 2975 4557 οὕτως
3000 4498 3234 4567 ἔχοντος.
3272 4499 3390 4552 Ίνα
3415 4494 3509 4553 οὖν
3527 4500 3595 4552 τὰ
3618 4500 3716 4569 τῆς
3745 4500 3965 4571 πρώτης

2396 4585 2491 4638 καὶ
2555 4585 2813 4658 δευτέρας
2877 4586 3319 4659 μεθηλικιώσεως
3367 4590 3653 4662 παρῶμεν,
3708 4592 3819 4645 ἀπὸ
3873 4592 3964 4645 τοῦ

2398 4677 2590 4747 καιροῦ
2632 4677 2734 4747 τῆς
2775 4678 3131 4749 συμϐιώσεως
3168 4679 3462 4752 ἀρξώμεθα
3488 4682 3587 4751 τῆς
3623 4683 3962 4751 διηγήσεωςο

2400 4768 2494 4821 καῖ
2519 4771 2565 4821 εί
2599 4768 2673 4839 μὴ
2698 4770 2915 4834 οἰκείως
2942 4772 3074 4842 ἡμῖν
3105 4771 3216 4842 ἔχει
3237 4773 3265 4824 6
3287 4774 3551 4842 κοσμικδς
3581 4772 3695 4842 βίος
3715 4774 3814 4844 τῆς
3839 4774 3965 4827 καλ-

730 4866 951 4921 fessioni
984 4880 1091 4920 non
1118 4875 1201 4921 est
1230 4867 1504 4921 mundana
1540 4868 1767 4938 egregie
1800 4866 2041 4939 parentis
2096 4873 2292 4920 nostra:

2396 4859 2690 4931 λιμήτορος
2713 4900 2729 4926 ,
2764 4862 2913 4931 ὅμως
2944 4865 3009 4916 ἐκ
3035 4864 3135 4933 τῆς
3161 4865 3333 4935 ἀρχῆς
3362 4864 3423 4917 τὸ
3451 4865 3605 4927 τέλος
3635 4864 3962 4936 κατίδωμεν,

729 4958 861 5021 vita,
887 4965 1061 5011 tamen
1101 4972 1168 5011 ex
1207 4958 1478 5027 principio
1520 4958 1678 5012 linem
1714 4960 2112 5030 prospeximus,
2145 4958 2287 5013 ideo-

729 5066 836 5120 que
872 5050 1018 5104 illam
1050 5051 1175 5105 vita:
1218 5058 1426 5119 partem
1458 5054 1769 5106 necessario
1809 5062 2145 5107 connectatn.
2175 5049 2300 5105 Fuit

730 5159 859 5212 ergo
885 5142 1030 5196 illius
1058 5140 1233 5211 prima
1265 5142 1460 5207 virtus,
1489 5140 1657 5197 Deum
1683 5143 1862 5198 colere
1893 5158 1956 5197 ac
1982 5142 2298 5197 medullitus

728 5234 985 5288 adamare
1017 5252 1029 5287 :
1062 5234 1134 5287 ita
1169 5243 1245 5298 ut,
1284 5250 1594 5305 quanquam
1617 5234 1737 5288 viro
1766 5234 1819 5288 in
1845 5235 2153 5307 conjugium
2186 5244 2298 5289 tra-

728 5323 882 5386 dita,
932 5322 1104 5377 nihilo
1160 5331 1339 5377 tamen
1400 5325 1584 5379 minus
1652 5325 1953 5380 eniteretur
2023 5326 2299 5380 meliorem

729 5412 905 5481 quoad
960 5412 1076 5468 fieri
1129 5422 1344 5485 pclerat
1409 5415 1532 5469 vitae
1576 5430 1796 5470 cursum
1842 5417 2058 5471 sectari.
2099 5415 2301 5483 Quam-

728 5504 915 5557 obrem
959 5518 1080 5558 cum
1123 5504 1359 5574 primum
1395 5522 1496 5561 nos
1539 5508 1771 5577 peperit,
1802 5523 1905 5562 non
1952 5523 2103 5578 aeque
2140 5517 2305 5578 atque

801 5615 817 5645 ⁸
852 5611 1019 5669 Eccli.
1050 5630 1126 5681 xt,
1159 5614 1248 5672 30.

795 5733 875 5803 (ι)
924 5732 1202 5787 Platonem
1236 5732 1387 5799 dicit,
1427 5748 1702 5792 summum
1733 5734 2048 5793 monasticae.
2077 5733 2303 5791 familiar;

728 5803 1011 5873 praesidem
1045 5812 1170 5860 ante
1207 5804 1575 5861 Theodorum.

2398 4952 2713 5019 ἀναγκαίως
2778 4953 2965 5007 τοῦτον
3026 4955 3424 5027 προσθήσομαι.
3485 4955 3732 5028 Ἐκείνης
3789 4957 3965 5011 τοίνυν

2399 5044 2616 5114 πρῶτον
2671 5045 3025 5116 κατόρθωμα.
3078 5047 3141 5100 τὸ
3184 5049 3276 5101 τὸν
3325 5049 3457 5103 Θεὸν
3501 5048 3835 5119 σεόασθῆναι
3875 5050 3964 5103 καὶ

2400 5136 2684 5207 ἀγαπῆσαι
2735 5136 2797 5201 ἐξ
2837 5137 3163 5209 ὁλοκλήρου·
3214 5139 3352 5193 ὥστε
3399 5143 3447 5194 εί
3495 5140 3749 5213 συνήφθη
3791 5141 3963 5212 ἀνδρὶ.

2399 5227 2514 5282 ἀλλ’
2562 5229 2689 5299 ὃλην
2732 5230 2931 5299 ἑαυτὴν
2980 5231 3231 5295 ἐσιάζετο
3280 5236 3379 5295 τῆς
3426 5233 3733 5301 κρείττονος
3774 5234 3965 5304 μοίρας

2399 5321 2649 5390 γενέσθαι
2671 5338 2686 5352 ·
2720 5321 2809 5385 διὰ
2835 5320 2995 5375 τοῦτο
3036 5324 3346 5394 γεννήσασα
3376 5325 3522 5395 ἡμᾶς
3560 5322 3795 5396 πρώτως
3816 5364 3832 5389 ,
3872 5325 3965 5377 οὐκ

2400 5410 2520 5467 εἷπε
2555 5414 2615 5467 τὸ
2643 5416 2763 5477 ταῖς
2797 5414 2979 5478 ἄλλαις
3026 5416 3295 5484 γυναιξὶν,
3344 5411 3431 5470 οἷα
3480 5418 3686 5471 διεῖναι
3730 5416 3826 5470 ἐπὶ
3863 5417 3967 5478 τοῖς

2400 5507 2670 5575 νεογόνοις
2717 5504 2941 5559 εἰώθασι
2983 5506 3121 5559 κατὰ
3152 5506 3471 5579 δαιμονικὴν
3503 5507 3723 5578 κίνησιν
3771 5506 3965 5578 κιχρῆ·

2476 5732 2553 5801 (‘2)
2594 5730 2935 5789 Catechesim
2977 5732 3196 5803 proprie
3228 5732 3465 5803 appellat
3497 5732 3637 5787 hanc
3667 5732 3962 5787 orationem

2404 5804 2564 5860 etiam
2593 5803 2927 5876 biographus
2959 5801 3145 5859 noster
3173 5801 3277 5860 loc.
3319 5802 3413 5857 cit.
