4170 6544
275 455 388 518 885

821 458 1104 521 ORATIO
1127 462 1298 527 XIII.
1323 489 1395 500 -
1429 466 1812 529 LAUDATIO
1865 471 2250 534 FUNEBRIS
2303 470 2383 536 ΙΝ
2421 477 2741 540 MATREM
2780 477 3009 544 SUAM.

3426 488 3531 550 886

279 563 406 614 σθαι
447 560 836 633 κλῃδονισμοῖς
881 567 977 621 καὶ
1005 568 1391 638 περι·ἀμμασιν
1420 571 1516 625 καὶ
1548 573 1739 639 ἄλλαις
1768 594 1824 630 τι

1929 580 2077 638 alia:
2123 582 2380 640 mulieres
2430 587 2610 643 locuta
2641 595 2753 653 est;
2787 604 2961 659 neque
3000 597 3061 645 ut
3103 590 3207 647 illa:
3241 606 3300 647 se
3341 595 3530 664 gessit.

276 655 364 706 σὶν
393 653 635 724 ἐπῳδαῖς
664 656 745 719 είς
778 673 837 709 τε
877 659 1006 722 τοὺς
1051 659 1274 728 δίφρους
1316 662 1414 714 καὶ
1446 664 1571 728 τοὺς
1606 669 1854 721 κοιτωνί-

274 763 444 810 σκους
468 787 483 809 ,
532 748 934 819 περιτραχήλιά
971 767 1032 802 τε
1070 749 1362 820 βάλλουσαι
1408 755 1502 808 καὶ
1543 757 1853 825 περίαπτα,

275 837 396 891 ἀλλ’
428 839 652 909 ἠρκεῖτο
682 840 841 909 μόνον
876 844 942 911 τῇ
976 844 1230 913 σφραγῖδι
1253 845 1348 898 τοῦ
1389 844 1658 909 ζωοποιοῦ
1693 866 1854 904 σταυσ

276 927 377 1000 ροῦ
408 930 743 1000 τετειχίσθαι
781 933 927 1002 ἡμᾶς
948 975 962 997 ,
1010 935 1140 987 ἀντ)⁸
1168 936 1334 989 ὅπλου
1366 937 1512 1002 τινὸς
1537 940 1629 992 καὶ
1656 940 1853 1010 θυρεοῦ

269 1021 644 1092 ἀμαχωτάτου
670 1021 829 1076 τοῦτο
859 1025 1275 1099 προϐαλλομένη
1299 1043 1313 1058 °
1353 1029 1441 1082 διὰ
1467 1029 1625 1084 τοῦτο
1663 1032 1855 1086 πασῶν

263 1113 377 1166 τῶν
426 1112 603 1166 ἄλλων
649 1116 922 1183 γυναικῶν
969 1121 1391 1188 προσκυνουσῶν
1422 1123 1518 1176 καὶ
1545 1125 1853 1180 ἀπανιστα-

267 1206 450 1274 μένων
483 1204 544 1270 ἐξ
566 1205 737 1277 αὑτῆς
761 1207 938 1276 ὅψεως
963 1213 1028 1281 τῇ
1060 1212 1348 1282 αὐτουργῷ
1375 1214 1470 1266 καὶ
1502 1218 1854 1291 μυσταγωγῷ

262 1300 360 1351 καὶ
403 1298 712 1370 διδασκάλῳ
761 1299 870 1352 τῶν
909 1303 1190 1368 τοιούτων,
1233 1306 1367 1374 μόνη
1399 1306 1498 1360 οὑκ
1533 1308 1780 1379 ἠνείχετο
1816 1313 1850 1381 ἡ

262 1390 516 1457 ἡμετέρα
550 1392 759 1460 μήτηρ,
791 1392 913 1445 οὔτε
963 1395 1206 1465 κεφαλὴν
1239 1396 1417 1451 κλῖναι
1445 1398 1692 1463 πώποτε.
1725 1401 1852 1457 οὔτε

263 1482 665 1551 προσδραμεῖν,
702 1477 810 1534 οὔδ’
838 1478 905 1536 αὖ
944 1489 1237 1554 μετασχεῖν
1279 1486 1379 1556 τῆς
1409 1490 1697 1560 γοητείαςο
1725 1494 1850 1546 καί·

258 1589 370 1643 περ
416 1573 526 1625 ὑπὸ
580 1573 690 1625 τῶν
741 1573 1080 1644 τελουμένων
1130 1577 1502 1650 ἁπειλουμένη
1555 1583 1852 1648 πολλάκις·

257 1665 381 1717 ἀλλ’
421 1665 614 1729 ὄντως,
656 1666 854 1733 Ψυχαὶ
887 1666 1134 1720 δικαίων
1153 1669 1222 1722 ἐν
1258 1670 1409 1738 χειρὶ
1445 1672 1616 1738 Θεοῦ,
1661 1675 1757 1728 καὶ
1780 1695 1826 1731 01

1955 1686 2311 1758 professionis

1958 685 2080 740 quae
2115 687 2311 730 recens
2353 675 2520 743 uatis,
2548 677 2823 735 diabolico
2866 681 3124 751 impulsu,
3157 683 3448 741 claviculas
3475 698 3531 742 et

1957 763 2221 833 ligaturas
2256 773 2420 836 atque
2467 768 2572 822 alia
2604 771 2878 843 praestigia
2906 773 2972 826 ad
3000 773 3220 830 sellulas
3249 784 3302 830 et
3326 777 3530 832 cubilia

1956 859 2234 926 adhibent,
2263 870 2486 931 torques
2519 866 2681 918 etiam
2715 874 2770 919 et
2813 866 3053 922 amuleta
3091 868 3246 924 collis
3275 869 3529 939 injicien-

1955 959 2073 1019 tes;
2105 954 2199 1008 sed
2254 956 2385 1011 satis
2442 957 2492 1012 ei
2548 968 2667 1013 erat
2709 960 2966 1017 salutaris
3011 964 3194 1019 crucis
3239 966 3395 1036 signo
3431 980 3531 1019 nos

1953 1047 2318 1113 communire,
2369 1058 2534 1117 atque
2567 1053 2668 1106 hac
2715 1055 2870 1122 quasi
2900 1066 3174 1111 armatura
3218 1065 3272 1112 et
3304 1059 3532 1128 iuexpu~

1954 1137 2155 1206 gnabili
2189 1149 2347 1194 scuto
2403 1151 2705 1214 protegere.
2732 1146 2919 1217 Itaque
2960 1163 3086 1202 cum
3142 1150 3260 1204 alia:
3317 1150 3530 1205 feminae

1953 1229 2356 1284 venerabundze
2407 1244 2758 1303 assurgerent
2803 1247 3095 1307 conspecta
3147 1239 3390 1309 qualibet
3431 1255 3530 1295 au-

1954 1315 2120 1372 ctrice
2155 1325 2210 1371 et
2239 1318 2535 1376 iuitiatrice
2580 1337 2644 1377 ac
2694 1325 2952 1396 magistra
2977 1327 3286 1397 hujusmodi
3319 1331 3528 1399 praesti-

1953 1407 2192 1479 giorum,
2245 1412 2359 1466 sola
2392 1422 2568 1469 mater
2605 1426 2819 1484 nostra,
2852 1433 3028 1489 neque
3057 1421 3328 1490 caputhis
3367 1421 3528 1478 incli—

1953 1515 2105 1568 nare,
2138 1517 2312 1573 neque
2363 1521 2456 1562 eas
2508 1507 2784 1573 invocare,
2824 1526 3000 1580 neque
3027 1513 3297 1570 ullatenus
3332 1530 3526 1584 super-

1953 1594 2200 1651 stitiones
2227 1599 2553 1670 participare
2581 1617 2741 1671 passa
2775 1615 2890 1670 est;
2945 1620 3086 1674 srepe
3133 1605 3258 1661 licet
3285 1607 3353 1661 ab
3380 1607 3526 1662 illius

2365 1693 2585 1749 feminis
2638 1695 2813 1752 minas
2874 1707 3116 1767 experta.
3180 1698 3284 1754 Sed
3337 1716 3528 1771 reapse

249 1754 340 1824 μὴ
365 1755 590 1824 ἅψηται
622 1755 821 1810 αὐτῶν
835 1757 1115 1826 βάσανος
1142 1776 1156 1790 ο
1208 1760 1320 1814 Καὶ
1360 1763 1394 1815 ὁ
1429 1764 1728 1831 πεποιθὼς
1756 1768 1826 1822 ἐπ

1949 1774 2225 1844 justorum
2257 1779 2454 1834 animae
2503 1782 2555 1836 in
2585 1797 2749 1837 manu
2801 1785 2891 1838 Dei
2941 1795 3068 1840 sunt
3095 1829 3108 1846 .
3143 1802 3317 1857 neque
3344 1797 3527 1858 tanget

254 1847 592 1916 Κύριον,ὼς
618 1846 754 1916 ὄρος
782 1848 954 1916 Σιὼν,
988 1850 1061 1914 ὡς
1086 1851 1151 1904 τὰ
1181 1851 1354 1920 Λόγιά
1389 1870 1572 1925 φησιν.

327 2032 400 2093 γ’.
440 2025 722 2100 Δεύτερον,
758 2029 853 2084 τοῦ
890 2031 1036 2085 θείου
1081 2033 1248 2087 πόθου
1275 2034 1532 2101 αὑξοντος
1563 2038 1737 2109 αὑτῆς
1777 2040 1836 2094 ὲν

251 2117 320 2184 τῇ
356 2116 575 2188 καρδίᾳ,
610 2120 797 2191 ἐπειδὴ
831 2118 900 2193 ἦν
931 2124 1298 2194 ἀγράμματος
1325 2127 1384 2190 ἐξ
1406 2128 1672 2199 ὀρφανίας
1703 2133 1836 2199 ἀγο-

254 2207 398 2277 μένη
423 2246 438 2270 ,
485 2212 866 2279 γραμματίζει
901 2215 1098 2286 ἑαυτὴν
1129 2219 1162 2286 ἡ
1209 2218 1348 2289 σοφὴ
1391 2219 1487 2272 καὶ
1523 2221 1794 2286 συνετίζει
1817 2265 1832 2291 ,

253 2299 349 2352 καὶ
377 2299 438 2352 τὸ
469 2300 782 2373 Ψαλτήριον
809 2306 1166 2376 ἁποστηθίςει
1197 2308 1459 2364 κάλλιστά
1482 2327 1541 2363 τε
1575 2312 1671 2366 καὶ
1709 2330 1831 2366 συν-

240 2391 546 2464 τομώτατα
565 2407 580 2422 ·
601 2395 693 2445 καὶ
717 2393 877 2448 τοῦτο
906 2395 1020 2458 πῶς
1041 2413 1056 2463 ;
1078 2397 1180 2450 οὑκ
1204 2399 1261 2452 ὲν
1284 2401 1471 2472 ἡμέρᾳ
1501 2399 1837 2472 σχολάζουσα

247 2485 316 2552 τῇ
355 2481 556 2557 μελέτῃ
575 2525 591 2549 ,
622 2485 698 2547 ὠς
729 2486 795 2540 ἂν
824 2487 900 2559 μὴ
929 2488 1021 2540 τὸν
1047 2489 1216 2562 ἄνδρα
1255 2491 1651 2566 παραλυπήσῃ,
1683 2493 1715 2564 ἢ
1743 2493 1836 2547 τὸν

245 2573 402 2626 οἰκον
454 2576 848 2648 ὑπελαττώσῃ,
902 2580 1041 2633 ἀλλὰ
1088 2583 1196 2652 πρὸ
1239 2581 1410 2637 ὕπνου
1455 2601 1515 2638 τε
1565 2585 1662 2638 καὶ
1711 2585 1835 2655 μεθ’

246 2667 444 2726 ὕπνον.
478 2669 922 2741 φωταγωγούσης
953 2672 1225 2742 καγδήλης
1250 2674 1531 2743 κάμνουσα
1558 2676 1715 2746 τόνῳ,
1739 2675 1833 2730 τοῦ

244 2761 311 2810 ἐκ
334 2758 446 2810 τῶν
469 2761 669 2831 χειρῶν
697 2760 859 2832 ἔργου
888 2763 992 2815 οὑκ
1018 2764 1244 2833 ἡμέλειο
1267 2765 1405 2819 ἀλλὰ
1431 2766 1507 2836 πῆ
1539 2767 1638 2836 μὲν
1659 2766 1833 2835 τούτῳ

244 2850 618 2920 προσέχουσα,
658 2852 736 2922 πῆ
763 2854 821 2907 δὲ
849 2855 910 2906 τὸ
929 2854 1116 2924 ἓτερον
1137 2852 1276 2920 εἶδος
1311 2858 1829 2930 μεταχειριζομένη,

242 2945 339 2995 καὶ
373 2944 469 2996 τὸν
507 2940 659 2998 οἷκον
697 2944 850 3016 ηὖξει
873 2984 888 3009 ,
924 2948 1017 3000 καὶ
1065 2949 1175 3002 τῶν
1217 2948 1556 3020 μαθημάτων
1587 2953 1831 3024 ἐπελαμ-

240 3036 474 3089 ὕάνετο·
527 3037 712 3090 ἔκτοτε
760 3038 940 3092 τοίνυν
989 3041 1091 3093 οὑκ
1141 3041 1422 3096 ἐπαύσατο
1448 3043 1714 3114 ὁμιλοῦσα
1752 3045 1832 3117 τῷ

239 3124 374 3196 θείῳ
402 3125 568 3180 Δαυῒδ
607 3127 820 3199 ἡμέραν
849 3128 909 3194 ἐξ
933 3131 1171 3200 ἡμέρας,
1203 3132 1299 3185 καὶ
1327 3134 1448 3196 ταῖς
1485 3134 1660 3198 θείαις
1702 3135 1831 3188 ἀνα-

238 3218 480 3286 γνώσεσι
533 3221 872 3292 προσέχουσα
891 3240 905 3254 ·
937 3224 1149 3276 ἐκεῖθέν
1174 3242 1234 3277 τε
1258 3226 1525 3302 καιομένη
1551 3227 1650 3297 τὴν
1688 3244 1828 3298 καρ-

1956 1879 2051 1920 eos
2075 1874 2404 1922 tormentum
2450 1872 2492 1923 ’.
2526 1870 2591 1924 Et
2618 1874 2706 1942 qui
2759 1873 2975 1943 conﬁdit
3005 1876 3057 1928 iu
3087 1875 3342 1940 Domino,
3389 1879 3526 1932 sicut

1869 1953 1911 2008 Β
1940 1971 2086 2011 mons
2121 1955 2249 2011 Sion
2281 1958 2387 2022 ',ul
2422 1958 2715 2031 Scriptura:
2745 1963 2919 2018 aiunt.

2009 2044 2064 2098 3.
2092 2044 2356 2101 Posthinc
2376 2047 2561 2102 divino
2588 2065 2773 2107 amore
2799 2053 2852 2105 in
2878 2053 2997 2121 ejus
3031 2055 3194 2108 corde
3224 2065 3522 2120 crescente,

1938 2132 2065 2202 quia
2110 2135 2227 2189 sine
2277 2136 2616 2202 litteratura,
2670 2148 2730 2194 ut
2772 2142 3037 2211 orphaua,
3093 2143 3279 2198 relicta
3323 2144 3519 2206 fuerat,

1938 2219 2053 2290 ipsa
2083 2221 2280 2279 litteris
2304 2236 2475 2280 semet
2499 2228 2772 2297 sapienter
2807 2229 3003 2285 imbuit
3041 2232 3431 2305 instruxitquc,
3467 2244 3522 2290 et

1938 2308 2256 2377 psalterium
2321 2315 2536 2385 egregie
2601 2316 3039 2389 brevissimoque
3103 2329 3346 2390 tempore
3406 2339 3516 2376 me-

1938 2396 2127 2450 moria:
2180 2400 2475 2454 mandavit.
2541 2402 2599 2456 Id
2658 2411 2839 2458 autem
2890 2407 3204 2473 quomodo?
3252 2407 3515 2476 Equidem

1937 2482 2081 2539 haud
2112 2485 2348 2542 interdiu
2373 2489 2500 2543 huic
2525 2493 2867 2561 occupationi
2905 2509 3126 2559 vacans,
3157 2511 3224 2552 ne
3257 2498 3376 2552 viro
3404 2515 3521 2556 mo—

1938 2571 2154 2630 lestiam
2205 2588 2449 2647 crearet,
2489 2590 2583 2635 aut
2631 2582 2898 2637 minorem
2953 2585 3135 2639 domui
3184 2602 3370 2642 curam
3411 2588 3517 2642 im-

1935 2665 2220 2733 penderet,
2256 2667 2350 2722 sed
2375 2680 2497 2724 ante
2524 2679 2578 2724 et
2607 2680 2727 2739 post
2751 2687 3023 2741 somnum,
3042 2675 3266 2732 ardente
3296 2678 3526 2733 lucerna

1934 2757 2125 2813 sedulo
2174 2759 2471 2817 lucubratis
2496 2803 2511 2824 .
2565 2779 2652 2820 res
2688 2781 2808 2834 qua}
2834 2777 2990 2822 erant
3031 2769 3084 2823 in
3123 2770 3376 2826 manibus
3407 2788 3513 2826 nou

1933 2849 2274 2919 negligebat,
2336 2853 2429 2906 sed
2477 2855 2638 2909 modo
2684 2855 2812 2911 huic
2849 2859 3008 2913 modo
3050 2859 3203 2914 alteri
3236 2874 3381 2916 cura:
3428 2861 3517 2916 in-

1937 2945 2082 2991 tenta
2111 2975 2127 2999 ,
2159 2947 2213 2993 et
2242 2940 2464 2997 domum
2495 2959 2550 2996 re
2581 2943 2834 3001 familiari
2878 2949 3130 3018 augebat,
3162 2960 3216 3006 et
3243 2951 3511 3008 doctrinis

1932 3027 2098 3082 simul
2143 3031 2387 3086 animum
2440 3036 2747 3092 excolebat.
2804 3039 2982 3109 Atque
3034 3058 3098 3096 ex
3131 3057 3196 3097 eo
3247 3045 3509 3098 nimirum

1934 3124 2178 3189 tempore
2247 3138 2531 3194 nunquam
2587 3125 2796 3182 destitit
2850 3146 2973 3184 cum
3019 3131 3217 3187 Davidc
3263 3138 3507 3199 versari,

1931 3205 2131 3262 divinis
2160 3211 2405 3280 quotidie
2437 3215 2762 3274 lectionibus
2786 3234 3005 3290 operam
3040 3237 3267 3280 navans.
3299 3226 3508 3292 Quibus

235 3312 358 3363 δίαν
379 3351 395 3373 ,
426 3311 522 3363 καὶ
563 3314 701 3383 πρὸς
727 3314 790 3365 τὸ
822 3313 1018 3383 μέλλον
1053 3298 1272 3384 ἀγαθὸν
1301 3317 1700 3388 ἀναλάμπουσα
1721 3358 1736 3382 ,
1771 3319 1823 3372 τί

1929 3311 2024 3353 eor
2084 3298 2331 3367 incensa,
2365 3320 2431 3360 ac
2463 3306 2630 3362 futuri
2664 3309 2790 3364 boni
2827 3326 2924 3381 spe
2958 3312 3340 3383 exardescens,
3376 3318 3505 3387 quid

235 3405 385 3455 ποιεῖ
413 3403 510 3456 καὶ
542 3403 594 3455 τί
639 3404 936 3475 ἐργάζεται
971 3408 1003 3476 ἡ
1039 3407 1352 3476 (impacta;
1390 3409 1827 3479 ἀποκοσμήσασα

235 3496 441 3564 ἑαυτὴν
485 3495 593 3548 τῶν
644 3497 913 3566 ματαίων,
955 3498 1048 3552 καὶ
1079 3498 1152 3562 ὼς
1184 3499 1509 3569 χηρευτικόν
1545 3518 1600 3553 τι
1635 3501 1823 3571 σχῆμα

234 3585 593 3641 ἀηιαλασοῦσα
612 3626 627 3651 ,
659 3586 832 3652 οὕτως
860 3591 940 3653 είς
971 3589 1278 3661 ὑπόδειγμα
1324 3591 1490 3646 καλὸν
1530 3592 1826 3664 προῦκειτο

232 3681 359 3743 ταῖς
387 3680 708 3751 γνωρίμοις,
736 3682 876 3751 μήτε
907 3682 1185 3751 ὀμνύουσα
1212 3683 1274 3736 τὸ
1299 3684 1555 3746 καθόλου,
1599 3687 1723 3757 μηδ’
1753 3681 1820 3739 αὖ

231 3770 567 3842 ψευδομένη,
603 3773 740 3842 μήτε
774 3773 842 3825 τὰ
876 3773 1050 3826 πολλὰ
1077 3774 1488 3844 κρεοφαγοῦσα,
1513 3777 1572 3829 ιν
1596 3776 1675 3846 τῷ
1710 3777 1816 3848 μάὲ

232 3863 396 3916 λιστα
427 3865 978 3934 τεσσαρακοστίζειψ
1013 3865 1150 3918 ἀλλὰ
1177 3869 1274 3919 καὶ
1324 3867 1378 3920 εῐ
1417 3884 1548 3921 ποτε
1583 3870 1664 3932 είς
1732 3870 1818 3922 εὑ.

230 3954 408 4023 ωχίαν
453 3955 817 4026 προύκαλεῖτο
838 3957 1101 4027 γαμικὴν,
1131 3957 1504 4023 λανθανόντως
1546 3959 1818 4030 ὑπεξῆγεν

233 4045 442 4115 ἑαυτὴν
467 4045 712 4116 μηδόλως
746 4050 1026 4118 ἁπτομένη
1053 4049 1254 4120 κρεῶν,
1296 4051 1432 4122 μηδὲ
1458 4051 1518 4104 τὸ
1541 4051 1696 4123 ὄμμα
1730 4052 1816 4105 ατ-

236 4148 410 4206 ρουσα
442 4139 524 4200 είς
551 4139 622 4191 τὰ
652 4140 920 4210 θυμελικὰ
952 4143 1210 4209 παίγνιαο
1237 4144 1460 4215 καὶγὰρ
1486 4140 1554 4215 ἦν
1582 4146 1817 4215 σώφρων

229 4228 279 4279 εξ
309 4228 406 4280 καί
430 4245 511 4292 τις
545 4229 704 4301 ἄλλη,
737 4231 834 4284 ἓνα
874 4232 1042 4300 ἄνδρα
1073 4234 1388 4306 γνωρίσασα
1415 4273 1432 4300 ,
1457 4235 1554 4288 κα)⁵
1580 4236 1678 4306 τὴν
1714 4236 1816 4306 ψυ-

229 4321 333 4391 χὴν
373 4321 514 4391 μετὰ
560 4321 661 4393 τὴν
701 4323 984 4395 ἀποταγὴν
1013 4326 1269 4380 τοσοῦτον
1303 4329 1385 4391 είς
1414 4326 1584 4400 ἄκρον
1611 4329 1813 4396 ἁγνεύ-

231 4429 398 4476 σασα.
447 4411 523 4477 ὡς
569 4414 663 4468 καὶ
713 4415 876 4486 μέχρι
921 4416 1182 4490 λογισμοῦ
1227 4420 1614 4492 τυραννήσεως
1651 4422 1811 4493 ἀκριο

227 4502 510 4558 σεύεσθαι.

295 4595 364 4649 δ’.
407 4594 504 4660 Τίς
538 4595 632 4650 οὖν
671 4597 888 4668 ἐκείνην
934 4597 1126 4652 ἔλαθεν
1172 4602 1530 4670 μεσονυκτίου
1579 4604 1804 4676 καιρόςς

1928 3391 2260 3461 aggreditur,
2293 3398 2489 3464 quidve
2525 3400 2638 3471 agit
2662 3401 3006 3460 admirabilis
3033 3405 3232 3461 femina
3269 3409 3292 3463 ?
3339 3407 3507 3466 Vanis

1927 3480 2031 3534 sibi
2117 3483 2377 3541 detractis
2453 3491 2842 3558 ornamentis,
2900 3504 2954 3548 et
3015 3497 3214 3551 viduali
3269 3504 3502 3568 quodam

1926 3571 2132 3626 amictu
2164 3588 2470 3647 assumpto,
2527 3582 2852 3650 praeclarum
2895 3595 3069 3640 semet
3109 3589 3388 3658 exemplar
3419 3591 3502 3644 fa-

1926 3661 2234 3722 miliaribus
2286 3669 2606 3737 praebebat:
2673 3690 2850 3745 neque
2897 3675 3118 3743 iurabat
3211 3696 3452 3750 unquam
3483 3726 3498 3748 ,

1925 3767 2102 3823 neque
2129 3758 2512 3824 mentiebatur,
2543 3777 2720 3832 neque
2743 3767 3001 3821 carnibus
3030 3768 3353 3840 plerumque
3378 3787 3496 3827 ves-

1921 3846 2188 3912 cebatur,
2245 3852 2700 3922 quadragesima“
2753 3861 3054 3929 praesertim
3087 3869 3350 3931 tempore.
3394 3862 3498 3920 Sed

1921 3949 1976 3994 et
2019 3941 2066 3996 si
2124 3943 2346 4012 quando
2399 3945 2466 3999 ad
2510 3950 2752 4018 nuptiale
2794 3952 3103 4006 convivium
3141 3966 3495 4023 evocaretur,

1922 4031 2333 4088 dissimulanter
2388 4051 2447 4091 se
2496 4040 2856 4106 continebat,
2918 4042 3134 4100 intactis
3196 4047 3495 4114 carnibus,

1918 4122 2218 4194 oculosque
2268 4127 2336 4181 ad
2389 4129 2709 4201 thymelicos
2735 4133 2889 4189 lusus
2930 4136 3153 4190 minime
3189 4138 3490 4194 attollens:

1918 4224 2036 4270 erat
2075 4217 2221 4271 enim
2265 4232 2389 4272 cum
2445 4221 2642 4289 primis
2681 4224 2898 4294 pudica,
2959 4242 3127 4282 unum
3175 4229 3351 4284 virum
3400 4246 3494 4301 ag-

1916 4320 2151 4362 noscens
2177 4350 2193 4374 ,
2230 4309 2585 4382 animumque
2615 4329 2775 4370 suum
2811 4327 2934 4387 post
2984 4322 3246 4377 consortii
3290 4338 3492 4380 renun-

1915 4401 2198 4459 tiationem
2231 4420 2405 4474 usque
2425 4407 2490 4460 ad
2525 4423 2796 4465 summam
2828 4413 3219 4483 cogitationum
3247 4417 3488 4488 ipsarum

1913 4493 2326 4565 castigationem
2360 4499 2759 4566 purificavcrat.

1986 4606 2040 4661 4.
2096 4607 2252 4673 Quod
2299 4626 2428 4679 ergo
2473 4611 2622 4667 illam
2668 4616 2857 4670 media:
2894 4618 3068 4674 noctis
3113 4629 3327 4690 tempus
3351 4639 3486 4693 prae—

225 4688 416 4759 ὲπειδὴ
439 4688 602 4761 ἔργον
645 4690 706 4742 τὸ
734 4690 919 4758 λόγιον
962 4692 1097 4763 ὲπλή
1108 4709 1200 4764 ρου
1222 4709 1235 4722 ·
1265 4673 1688 4750 Μεσονύκτιονί
1707 4697 1805 4761 ἐξ·

2363 4673 2388 4679 ν
3052 4673 3061 4674 κ
3148 4673 3155 4674 κ
3228 4673 3323 4690 ,νη
3351 4673 3459 4693 τη-

1929 4699 2101 4754 .eriit?
2150 4699 2226 4754 Re
2262 4717 2393 4756 sane
2429 4718 2554 4758 vera
2578 4719 2792 4760 sacrum
2819 4706 3036 4762 eﬂatum
3063 4713 3438 4781 complebatur
3471 4759 3479 4766 .

222 4781 542 4850 εγεφόμην
585 4781 692 4835 τοῦ
739 4782 1233 4854 ἐξομολογεῖσθαι
1275 4803 1375 4841 σοι
1424 4787 1523 4840 ἐπὶ
1564 4789 1636 4843 τὰ
1680 4789 1806 4858 κρί-

217 4889 379 4940 ματα
407 4871 519 4940 τῆς
553 4871 945 4942 δικαιοσύνης
975 4890 1122 4930 σουο
1155 4877 1239 4941 τίς
1266 4877 1323 4931 δὲ
1351 4878 1548 4950 ὄρθρου
1584 4881 1804 4952 ἐξέγερ-

224 4981 346 5028 σιςς
397 4963 479 5027 τίς
523 4963 580 5016 δὲ
624 4965 820 5035 ἐτέρας
869 4965 1235 5038 διωρισμένης
1283 4972 1635 5041 εὐχαριστίας
1681 4972 1802 5043 ὥρα

222 5054 628 5125 παρελείπετος
688 5057 989 5127 Οὐδαμῶς·
1035 5059 1174 5112 ἀλλὰ
1223 5061 1316 5114 καὶ
1372 5063 1472 5131 τῆς
1523 5066 1800 5135 οἰκουρίας

220 5141 557 5218 ἂντεχομένη
584 5148 704 5202 λίαν
724 5190 740 5214 ,
773 5154 868 5205 καὶ
893 5151 967 5213 ὼς
996 5152 1096 5204 οὑκ
1129 5151 1194 5206 ἄν
1221 5171 1306 5215 τις
1331 5154 1440 5208 τῶν
1474 5157 1798 5223 φιλοπόνων,

221 5237 631 5308 πλουσιωτέραν
656 5239 756 5306 τὴν
783 5240 840 5291 ὲν
869 5242 980 5302 τοῖς
1011 5241 1235 5308 ἀγαθοῖς
1263 5241 1444 5312 ἔργοις
1478 5246 1800 5299 είσεποιεῖτο

216 5329 484 5393 ἐπίδοσιν,
547 5330 884 5400 ῥυθμίζουσα
918 5332 998 5401 τῷ
1029 5333 1151 5386 καθ’
1181 5336 1380 5404 ἑαυτὴν
1414 5337 1794 5406 ὑποδείγματι,

216 5422 312 5473 καὶ
344 5419 436 5473 τὸν
479 5421 770 5491 ὁμόζυγον,
806 5424 900 5475 καὶ
938 5425 1134 5490 παῖδας
1165 5469 1178 5490 ,
1234 5427 1331 5480 καὶ
1378 5427 1792 5498 θεραπαινίδας·

213 5517 306 5570 τὸν
332 5514 456 5583 μὲν,
489 5514 626 5584 μετὰ
647 5513 756 5567 τῶν
776 5516 952 5570 ἄλλων
982 5518 1076 5570 καὶ
1105 5519 1187 5581 είς
1215 5519 1523 5589 ὑπόμνησιν
1547 5523 1791 5590 φέρουσα

211 5605 308 5659 τοῦ
335 5605 625 5660 θανατικοῦ
657 5608 942 5678 χωρισμοῦ
964 5624 976 5637 °
1013 5610 1106 5662 καὶ
1136 5611 1227 5664 διὰ
1255 5610 1415 5664 τοῦτο
1457 5612 1791 5682 συμϐουλεύο

209 5713 350 5750 ουσα
397 5698 493 5751 καὶ
537 5697 937 5769 παρακαλοῦσα
963 5699 1062 5771 τὴν
1090 5699 1183 5752 ἀπ’
1213 5700 1458 5771 ἀλλήλων
1493 5702 1750 5773 στέρησιν
1771 5721 1783 5734 ·

1907 4789 2085 4844 Media
2145 4801 2295 4844 nocte
2346 4792 2621 4862 surgebam
2669 4796 2739 4847 ad
2790 4798 3142 4866 conﬁtendum
3190 4803 3286 4854 tibi
3327 4821 3483 4871 super

1897 4881 2109 4950 judicia
2158 4882 2560 4950 justiﬁeationis
2591 4895 2696 4942 tute
2728 4888 2770 4941 ".
2821 4888 2952 4954 Quae
3006 4904 3183 4947 autem
3216 4899 3477 4951 matutina

1906 4977 2307 5039 consurrectio,
2345 4992 2593 5046 quamam
2621 4979 2725 5032 alia
2756 4981 3016 5049 praefinita
3047 4986 3341 5053 gratiarum
3373 4988 3478 5043 Deo

1907 5064 2244 5134 agendarum
2286 5067 2419 5120 hora
2446 5071 3006 5138 praetermittebatur?
3041 5075 3199 5132 Nulla
3227 5095 3472 5148 prorsus.

1906 5153 2009 5209 Sed
2034 5164 2088 5211 et
2112 5156 2306 5210 domus
2329 5160 2593 5214 custodia:
2644 5176 2972 5232 magnopere
3002 5165 3179 5221 dedita
3200 5211 3214 5235 ,
3263 5186 3373 5240 pne
3406 5174 3476 5226 la-

1902 5245 2127 5301 borioso
2181 5248 2444 5315 quolibet,
2494 5253 2714 5308 uberius
2744 5255 3010 5310 bonorum
3040 5274 3259 5328 operum
3290 5278 3476 5318 exem-

1901 5341 1990 5408 plo
2043 5342 2264 5410 proprio
2330 5345 2728 5401 incrementum
2784 5348 3049 5406 efﬁciebat
3103 5354 3157 5408 in
3207 5357 3362 5419 viro,
3413 5358 3470 5414 iu

1900 5432 2104 5496 liberis,
2146 5436 2196 5488 in
2228 5437 2463 5491 ancillis.
2517 5437 2583 5492 Et
2609 5440 2683 5494 illi
2714 5442 2932 5510 quidem
2963 5487 2978 5509 ,
3009 5455 3204 5514 praeter
3237 5459 3467 5510 caetera.

1898 5521 2137 5577 futuram
2172 5542 2388 5595 quot]th
2416 5531 2607 5586 mortis
2637 5547 2802 5588 causa
2831 5537 3227 5604 separatiouem
3259 5539 3314 5593 in
3357 5559 3471 5598 me-

1897 5614 2129 5667 moriam
2169 5617 2500 5685 revocabat;
2551 5621 2778 5691 ideoque
2802 5625 3128 5682 admonebat
3171 5639 3224 5683 et
3264 5631 3469 5687 adhor-

1896 5707 2146 5772 tabatur,
2204 5719 2262 5762 ut
2312 5709 2540 5766 invicem
2591 5713 2974 5772 abstinerent:
3035 5735 3198 5791 quam
3251 5737 3364 5776 rem
3415 5725 3464 5778 ei

213 5788 308 5838 aut
351 5786 535 5856 μέντοι
595 5786 806 5839 πείθει·
857 5786 951 5840 καὶ
1021 5787 1257 5842 πείσασα
1306 5790 1399 5842 ἐπὶ
1449 5793 1577 5861 μιᾶς
1625 5793 1785 5861 εὐνῆς

1929 5798 2162 5853 ersuasit
2195 5799 2246 5854 in
2276 5809 2479 5856 tantum
2508 5845 2522 5868 ,
2559 5815 2614 5860 ut
2645 5823 2753 5863 uno
2790 5809 2986 5865 lectulo
3023 5820 3272 5880 utentes,
3303 5815 3460 5882 quin-

278 5903 297 5932 ²
340 5897 468 5968 Sap.
503 5916 582 5965 Ill,
623 5902 666 5954 Ι.
748 5903 767 5934 ³
807 5900 951 5958 Psal.
986 5917 1168 5968 cxxtv,
1202 5904 1245 5957 l.
1328 5904 1345 5935 ⁵
1387 5904 1529 5959 Psal.
1571 5921 1779 5970 tzxvm,
1822 5908 1908 5962 6‘2.
