4170 6468
728 401 830 464 887

1905 392 1962 452 S.
2003 386 2395 450 THEODORI
2436 387 2781 449 STUDITE
3852 399 3947 461 888

730 510 970 580 quennio
1009 519 1062 566 et
1089 509 1228 564 ultra
1281 508 1417 562 inter
1459 521 1516 560 se
1552 522 1658 558 nou
1704 505 2086 576 cognoverint;
2148 503 2287 572 quod

2390 499 2532 564 ὅλοις
2562 502 2720 554 πέντε
2751 501 2924 556 ἔτεσιν
2947 502 2980 573 ἢ
3008 503 3101 556 καὶ
3128 503 3403 576 πρὸς-,οὐκ
3431 505 3676 575 ἔγνωσαν
3707 509 3948 576 ἑαυτοὺς,

729 611 814 657 est
845 600 1165 656 admirabile
1193 615 1258 655 ac
1281 613 1488 653 rarum.
1520 595 1621 663 Qui
1647 597 1792 651 enim
1825 595 1964 650 fuerit
1990 596 2196 665 possit,
2233 605 2290 648 ut

731 693 872 767 ignis
901 692 1170 761 adjacenti
1202 690 1419 761 stipula:
1457 703 1565 743 non
1589 687 1988 750 admisceatur,
2051 684 2156 740 nisi
2191 685 2292 740 Iioc

733 782 870 837 forte
933 783 1348 853 supranaturale
1401 780 1556 836 fuit?
1613 777 1770 845 Quod
1815 778 1861 834 si
1906 776 2158 843 Boosus,
2196 777 2289 846 qui

729 873 1200 929 eondormieutem
1234 872 1468 926 Rutliam
1542 885 1650 925 una
1700 878 1860 924 nocte
1892 869 2112 938 reliquit
2153 868 2291 921 inta-

727 973 894 1030 ctam,
920 964 1194 1029 laudatur,
1226 963 1415 1035 quidni
1463 971 1690 1032 uterque
1741 975 1936 1031 parens
1973 973 2126 1014 meus
2180 974 2289 1013 me-

727 1055 888 1110 vitam
920 1056 1296 1127 temperantia:
1324 1055 1553 1127 gloriam
1585 1052 1785 1108 referat
1807 1053 1830 1106 ἲ
1850 1051 1978 1106 Esto
2003 1051 2164 1122 igitur
2189 1051 2291 1105 hoc

724 1146 1010 1201 amborum
1067 1147 1416 1202 encomium:
1469 1144 1668 1199 etenim
1719 1143 1821 1196 liae
1870 1143 1920 1195 in
1944 1156 2002 1195 re
2059 1155 2162 1193 non
2189 1139 2292 1192 im-

724 1235 942 1304 pr0prie
990 1245 1144 1305 pater
1207 1250 1363 1290 meus
1418 1232 1632 1288 laudem
1690 1231 1881 1285 matris
1928 1226 2288 1298 participabit.

723 1321 844 1377 Jam
873 1338 1004 1378 vero
1036 1324 1236 1380 liberos
1266 1323 1575 1393 plenissima
1603 1322 1817 1376 virtutis
1845 1318 2044 1374 femina
2078 1315 2292 1372 monitis

723 1423 780 1468 et
829 1413 1305 1470 adhortationibus
1359 1414 1658 1469 erudiebat.
1716 1411 1782 1465 Et
1819 1410 1980 1466 modo
2037 1408 2289 1464 rationali

721 1501 876 1574 virga
897 1503 1230 1573 percutiens,
1258 1504 1419 1558 modo
1447 1503 1733 1558 sedulitate
1753 1501 2045 1562 deducens,
2066 1514 2287 1569 urgens,

723 1607 790 1649 ac
816 1594 1123 1665 provehens
1159 1594 1225 1650 ad
1285 1593 1632 1665 perfectiora.
1670 1592 1809 1659 Quid
1847 1592 2011 1647 inde?
2041 1591 2288 1645 Filiolam

723 1685 980 1740 roborant
1005 1686 1257 1755 stupendi
1291 1685 1482 1740 matris
1515 1699 1716 1750 mores,
1757 1700 1878 1754 qua:
1906 1698 2007 1738 nec
2053 1683 2197 1738 illam
2222 1682 2289 1737 ad

723 1775 962 1830 Virorum
980 1785 1331 1846 conspectum
1357 1777 1684 1842 adducebat,
1705 1791 1800 1831 nec
1817 1773 2046 1830 feminea
2067 1775 2288 1829 monilia

721 1866 1050 1921 etdextralia
1080 1839 1490 1937 purpureasque
1520 1839 1698 1922 vestes
1727 1865 1901 1921 eidem
1924 1864 2277 1932 ostendebat;
2321 1839 2360 1892 Β

719 1957 813 2012 sed
839 1958 904 2010 ad
941 1957 1192 2026 pietatem
1234 1959 1555 2030 potiuserga
1593 1957 1761 2013 Deum
1790 1957 2116 2026 impellebat,
2152 1965 2206 2011 et
2229 1956 2284 2009 in

719 2048 894 2103 sacris
928 2047 1147 2104 Litteris
1188 2050 1489 2115 erudiebat,
1519 2065 1783 2120 pauperes
1839 2049 2074 2118 hospitio
2132 2048 2282 2102 exci-

720 2153 848 2208 pere
873 2138 1121 2203 docebat,
1156 2140 1287 2208 quin
1318 2141 1482 2196 etiam
1538 2140 1876 2210 leprosorum
1926 2140 2107 2194 ulcera
2155 2153 2283 2209 pro-

724 2230 863 2300 priis
930 2231 1186 2286 manibus
1225 2233 1450 2302 cogebat
1498 2232 1826 2300 abstergere.
1881 2229 2161 2286 Postremo
2214 2231 2281 2284 ad

717 2320 889 2376 Deum
919 2324 1278 2394 caelestesque
1311 2323 1739 2394 pulchritudines
1777 2338 1841 2377 ex
1877 2323 1960 2378 bis
2015 2323 2165 2377 humi
2195 2339 2282 2378 re-

720 2412 971 2479 pentibus
998 2423 1232 2468 mentcm
1265 2413 1453 2483 puellm
1471 2413 1826 2480 transferens,
1851 2412 1960 2467 Deo
1974 2422 2277 2468 consecrat.

718 2499 786 2555 Et
812 2501 988 2558 lautos
1038 2504 1256 2573 quidem
1304 2505 1406 2559 lioc
1449 2505 1666 2573 optima:
1720 2504 2060 2558 educationis
2117 2521 2279 2574 argu-

718 2598 961 2645 mentum
1037 2596 1459 2648 commentarios
1531 2593 1664 2648 mihi
1721 2594 2125 2664 suppeditaret;
2186 2595 2280 2648 sed

718 2695 786 2733 ne
829 2697 989 2752 quem
1044 2684 1291 2740 satietate
1346 2701 1585 2750 onerem,
1615 2686 1705 2740 ltic
1748 2689 1961 2740 sistam.
1987 2685 2160 2742 Unum
2203 2695 2281 2740 ta-

721 2784 867 2839 men,
899 2771 1046 2841 quod
1086 2783 1233 2828 recte
1292 2775 1506 2828 reticeri
1565 2776 1769 2843 nequit,
1814 2774 2106 2844 adjiciam:
2136 2776 2280 2844 quod

719 2857 976 2914 nimirum
1041 2863 1302 2931 quotidie,
1361 2873 1646 2932 pestquam
1695 2879 1754 2917 se
1811 2864 1964 2918 liberi
2022 2866 2077 2918 in
2130 2865 2283 2919 lectis

717 2962 1157 3022 composuerant,
1196 2955 1334 3009 haud
1369 2966 1493 3010 ante
1520 2958 1635 3025 ipsa
1670 2957 1913 3010 cubitum
1954 2957 2086 3020 ibat,
2118 2973 2278 3027 quam

716 3045 1102 3114 superveniens
1116 3048 1296 3102 crucis
1318 3051 1473 3118 signo
1494 3049 1736 3103 membra
1757 3049 1969 3104 illorum
1995 3051 2279 3118 signasset.

717 3131 1040 3204 Rursusque
1067 3149 1191 3189 eum
1249 3146 1555 3207 surgerent,
1587 3151 1730 3207 saepe
1774 3151 1875 3192 nos
1926 3137 2282 3192 exstimulans

715 3230 880 3293 atque
908 3227 1316 3295 expergiscens,
1343 3228 1406 3281 ad
1432 3243 1620 3296 preces
1650 3227 2006 3296 compellebat
2034 3244 2047 3280 :
2079 3228 2286 3281 scilicet

718 3327 774 3369 ut
804 3331 910 3370 non
940 3318 1054 3385 ipsa
1088 3329 1316 3382 tantum,
1341 3319 1434 3374 sed
1467 3328 1520 3374 et
1557 3318 1672 3382 lilii,
1711 3317 1805 3372 Dei
1836 3317 2063 3372 servitio
2094 3333 2291 3374 assue—

715 3413 946 3460 soerent.

782 3498 838 3551 5.
870 3498 982 3567 Age
1029 3513 1155 3552 vero
1203 3499 1269 3554 de
1319 3499 1539 3557 fatnulis
1604 3502 2024 3574 famulabusque
2085 3504 2288 3558 multus

717 3588 850 3641 mihi
896 3605 1079 3647 sermo
1133 3591 1454 3657 oboriretur,
1495 3595 1539 3648 si
1571 3609 1846 3664 exponere
1901 3596 2115 3661 vellem,
2151 3611 2289 3666 quo-

719 3680 879 3734 modo
909 3681 1031 3736 illos
1064 3683 1165 3736 sibi
1195 3684 1533 3739 conciliaret.
1569 3686 1758 3748 aleret,
1789 3695 2020 3755 potaret,
2044 3689 2287 3753 vestiret,

717 3780 981 3840 quantum
1037 3789 1198 3827 nemo
1251 3776 1392 3830 alius
1423 3776 1504 3830 vel
1559 3778 2045 3834 clementissimus.
2085 3781 2283 3849 Neque,

717 3869 774 3915 ut
807 3862 1056 3932 fit,panis
1073 3873 1282 3918 tantum
1329 3876 1380 3922 et
1407 3867 1519 3921 vini
1544 3882 1607 3922 ac
1633 3868 1770 3923 lardi
1803 3867 2055 3924 diurnum
2082 3869 2283 3924 victum

715 3957 1126 4025 suppeditabat;
1162 3959 1255 4013 sed
1298 3974 1441 4030 saepe
1469 3970 1520 4016 et
1579 3963 1912 4019 solemnibus
1968 3965 2286 4033 plet-unique

722 4049 931 4113 diebus,
963 4061 1178 4106 recente
1225 4067 1390 4107 carne
1442 4054 1735 4117 nutriebat,
1767 4054 2026 4124 piscibus,
2057 4064 2108 4109 et
2165 4055 2284 4109 alti-

720 4139 888 4206 libus,
916 4151 971 4195 et
996 4144 1299 4198 mulsorum
1358 4146 1830 4214 propinationibus
1880 4147 2044 4215 ;quia
2094 4162 2285 4214 nempe

721 4232 861 4286 baud
893 4234 1004 4300 ipsa
1033 4233 1146 4286 sola
1179 4233 1264 4288 bis
1299 4233 1401 4288 frui
1456 4235 1688 4290 volebat.
1739 4236 1931 4292 Nonne
1961 4237 2077 4291 haec
2108 4237 2286 4290 dilau-

718 4322 895 4376 danda
931 4333 1058 4378 sunt
1084 4335 1136 4379 et
1167 4328 1334 4381 rara?
1365 4343 1545 4382 nonne
1576 4328 1876 4398 peculiares
1912 4339 2114 4384 sancta:
2144 4331 2289 4383 illius

718 4415 913 4474 animze
963 4419 1374 4487 praerogativae?
1429 4419 1607 4475 Credo
1656 4422 1909 4492 equidem
1950 4423 2000 4475 id
2033 4423 2165 4476 milii
2199 4438 2288 4476 as-

2391 590 2453 643 τδ
2481 590 2912 662 παραδοξότατόν
2939 609 2998 646 τε
3026 594 3119 647 καὶ
3163 593 3490 666 δυσεύρητον
3512 613 3528 628 ο
3577 597 3696 662 πῶς
3744 599 3856 670 γὰρ
3890 601 3953 670 ἂν

2394 681 2488 734 καὶ
2514 682 2613 752 οὐχ
2635 681 2946 753 ὁμιλήσειεν
2976 683 3037 736 τὸ
3063 682 3174 753 πῦρ
3203 687 3270 756 τῇ
3305 687 3683 760 παρακειμένῃ
3705 690 3948 765 καλάμῃ,

2392 772 2444 824 εί
2485 772 2560 845 μή
2591 774 2885 845 ὑπερφυῶς
2920 777 3035 829 ἐστι
3069 775 3130 829 τὸ
3173 777 3490 848 γινόμενον;
3533 782 3626 834 καὶ
3654 784 3706 835 εί
3747 785 3778 836 ό
3825 785 3952 846 Βοὸζ

2393 861 2493 933 τήν
2529 863 2684 917 Ῥοὺθ
2719 864 2885 928 ἐάσας
2917 867 3193 934 ἀνέπαφον
3227 869 3750 942 συγκαθευδήσασαν
3772 876 3833 927 ἐν
3861 880 3952 947 μιᾷ

2393 953 2550 1004 νυκτὶ
2597 955 2934 1020 ἐπαινεῖται,
2969 956 3085 1019 πῶς
3112 957 3212 1010 οὐκ
3255 959 3553 1030 ἀμφότεροι
3593 963 3821 1026 εἰκότως
3862 981 3956 1018 σω·

2393 1046 2664 1116 φροσύνης
2695 1049 3105 1116 ἀπενέγκωνται
3134 1051 3285 1108 κλέος
3305 1068 3319 1116 ;
3339 1052 3478 1105 Ἀλλ’
3510 1054 3648 1108 ἔστω
3674 1056 3774 1125 μὲν
3802 1055 3953 1110 τοῦτο

2391 1138 2504 1189 τοῖν
2551 1137 2695 1192 δυοῖν
2745 1141 3051 1210 ἐγκώμιονο
3103 1145 3520 1214 παραπολαύσει
3565 1148 3674 1220 γὰρ
3723 1148 3954 1204 ἐνταῦθα

2391 1226 2490 1279 οὐκ
2523 1228 2766 1299 ἀκαίρως
2808 1231 2956 1282 καὶὸ
2990 1234 3276 1302 γεννήσας,
3309 1234 3402 1286 τοῦ
3430 1237 3528 1306 τῆς
3555 1237 3822 1309 τεκούσης
3860 1239 3952 1292 ἐπ-

2393 1316 2563 1372 αίνου.
2597 1318 2680 1371 Τὰ
2710 1319 2766 1373 δὲ
2793 1314 2956 1374 τέκνα
2991 1323 3024 1393 ή
3055 1326 3360 1395 πανάρετος
3407 1327 3652 1382 παιδεύει
3683 1331 3744 1383 ἐν
3771 1329 3954 1384 νουθε-

2393 1407 2536 1472 σίαις
2602 1411 2696 1462 καὶ
2748 1413 3172 1482 παραινέσεσιν,
3234 1415 3312 1486 πῆ
3365 1418 3467 1486 μὲν
3525 1419 3705 1492 ράὁδῳ
3762 1419 3951 1493 λογικῇ

2393 1500 2708 1569 πλήσσουσα
2727 1541 2744 1568 ,
2771 1502 2847 1573 πῆ
2873 1503 2928 1556 δὲ
2955 1504 3223 1578 ἐμμελείᾳ
3251 1507 3458 1576 ἄγουσα
3485 1511 3578 1563 καὶ
3606 1512 3953 1580 προσάγουσα

2391 1589 2486 1644 καὶ⁸
2515 1591 2753 1659 αῦξουσα
2796 1595 2878 1658 είς
2923 1595 2992 1648 τὰ
3039 1597 3469 1669 τελειὶιτερα.“Εξ
3497 1597 3560 1656 οῦ
3607 1603 3661 1656 τί
3708 1602 3950 1670 γίνεται;

2391 1688 2706 1758 καταρτίζει
2733 1689 2793 1744 τὸ
2839 1691 3128 1764 θυγάτριον
3168 1697 3262 1749 καὶ
3308 1697 3336 1749 ό
3373 1698 3574 1768 τρόπος
3605 1698 3950 1768 θαυμαστόςο

2391 1777 2516 1832 οὕτε
2547 1781 2626 1846 είς
2659 1783 2782 1852 δψιν
2815 1785 3060 1856 ἀρρένων
3089 1788 3364 1860 φέρουσα,
3406 1789 3530 1844 οὔτε
3561 1791 3628 1846 τά
3659 1794 3953 1861 γυναικιλὰ

2390 1871 2664 1941 ἐμπλόκια
2696 1874 2790 1927 καὶ
2822 1876 3101 1946 περιδέξια
3147 1878 3242 1932 καὶ
3297 1881 3683 1952 περιπόρφυρα
3736 1883 3951 1938 ὑποδειο

2391 1959 2628 2014 κνύουσα
2650 1979 2663 1993 ο
2699 1964 2835 2033 πρὸς
2867 1965 2923 2018 δὲ
2951 1965 3260 2020 θεοσέϐειαν
3290 1969 3588 2036 ἀνάγουσα,
3621 1971 3714 2024 καὶ
3739 1974 3808 2024 τὰ
3837 1973 3954 2044 ίερά

2389 2054 2693 2126 γράμματα
2722 2057 3142 2125 ὲκκπαιδεύουσα,
3189 2063 3283 2114 καὶ
3315 2065 3440 2127 τοὺς
3469 2065 3720 2134 πτωχοὺς
3765 2067 3954 2120 ύποδέο

2390 2146 2581 2214 χεσθαι
2624 2148 3021 2205 ἐκδιδάσκουσα
3045 2191 3059 2214 ,
3092 2153 3190 2206 καὶ
3217 2153 3327 2206 τῶν
3364 2154 3553 2208 λωσῶν
3582 2156 3653 2208 τὰ
3694 2156 3832 2228 ἕλκη
3866 2160 3953 2210 ἐκ·

2392 2238 2692 2306 μάσσεσθαι
2735 2242 3067 2313 αὖτοχείρως
3111 2245 3606 2314 ὐπαναγκάζουσαο
3649 2251 3741 2302 καὶ
3768 2252 3950 2314 τέλος,

2389 2330 2468 2391 είς
2512 2328 2646 2384 Θεδν
2675 2332 2768 2384 καὶ
2795 2333 2862 2385 τά
2905 2334 3200 2405 ἐπουράνια
3241 2337 3413 2410 κάλλη
3447 2339 3554 2394 ἀπὸ
3598 2339 3705 2392 τῶν
3744 2340 3950 2395 ἐνθένδε

2389 2422 2747 2492 χαμαιζήλων
2774 2423 2867 2477 τὸν
2911 2425 3035 2479 νοῦν
3080 2427 3173 2479 τοῦ
3222 2428 3409 2498 κορίου
3448 2433 3794 2500 μετάγουσα,
3838 2431 3952 2502 Θεῷ

2387 2511 2728 2583 ἀνατίθησιν.
2767 2514 2933 2568 Ἀλλά
2966 2517 3136 2572 πολλά
3181 2535 3246 2589 με
3276 2519 3455 2589 λέγειν
3487 2523 3520 2592 η
3559 2521 3816 2585 ὑπόθεσις
3855 2523 3952 2593 τῆς

2388 2605 2679 2676 καλλίστης
2731 2607 2902 2672 αὐτῆς
2955 2611 3341 2684 παιδοτροφίας
3391 2615 3760 2684 ὑπομνήματα
3813 2633 3952 2689 παρ-

2388 2696 2642 2768 εχομένη.
2690 2699 2777 2754 διὰ
2819 2700 2911 2753 τὸν
2966 2703 3124 2773 κόρον
3171 2704 3404 2758 ἐνταῦθα
3444 2707 3654 2776 στήτω·
3702 2707 3732 2759 δ
3781 2707 3838 2760 δέ
3887 2725 3950 2778 με

2388 2789 2709 2843 καταλιπεῖν
2731 2791 2791 2844 οὐ
2814 2793 2998 2858 καλον,
3025 2796 3182 2848 τοῦτο
3217 2796 3544 2868 προσθείηνο
3577 2798 3659 2850 ὅτι
3690 2799 3950 2852 ἑκάστοτε

2393 2881 2531 2948 μετὰ
2559 2883 2618 2936 τὸ
2652 2884 2979 2957 καθευδῆσαι
3013 2888 3139 2949 τοὺς
3171 2889 3395 2952 παῖδας,
3424 2891 3486 2942 οὐ
3517 2890 3734 2952 πάντως
3757 2885 3827 2959 ἦν
3858 2893 3948 2944 αὐο

2387 2973 2485 3042 τὴν
2517 2975 2902 3047 κοιτασθῆναι,
2937 2979 3064 3047 πρὶν
3096 2977 3161 3031 ἂν
3194 2979 3465 3033 ἀπιοῦσαν
3494 2980 3848 3051 σημειοῦσθαι
3887 2983 3951 3036 τά

2391 3065 2541 3133 σφῶν
2577 3067 2714 3136 μέλη
2753 3069 2820 3138 τῇ
2869 3067 2964 3120 τοῦ
3017 3070 3250 3140 σταυροῦ
3303 3072 3594 3142 σφραγῖδι·
3630 3067 3749 3125 εἶτα
3791 3073 3952 3126 πάλιν

2310 3188 2352 3245 C
2393 3158 2529 3225 μετά
2557 3159 2654 3228 τὴν
2685 3160 2902 3229 ἔγερσιν
2927 3160 3002 3224 ὼς
3027 3163 3119 3214 ἐπὶ
3151 3163 3211 3215 τὸ
3240 3165 3374 3216 πολὺ
3402 3165 3700 3219 νύσσουσαν
3733 3167 3828 3220 καὶ
3855 3168 3954 3235 ἀφ·

2392 3250 2666 3305 υπνοῦσαν
2693 3253 2840 3322 ἡμᾶς
2867 3255 2959 3306 καὶ
2982 3255 3116 3326 πρὸς
3147 3258 3454 3329 προσευχὴν
3476 3261 3952 3332 προτρεπομένην,

2393 3339 2479 3389 ἵνα
2526 3338 2600 3408 μὴ
2651 3340 2812 3408 μόνον
2856 3341 3070 3414 ἐκείνη,
3100 3345 3236 3399 ἀλλά
3266 3348 3360 3400 καὶ
3389 3347 3458 3400 τὰ
3485 3349 3650 3403 τέκνα
3695 3350 3814 3423 Θεῷ
3856 3350 3952 3405 λα-

2390 3427 2603 3496 τρεύειν
2633 3430 3012 3488 παιδεύωνται.

2460 3517 2524 3573 ε’.
2572 3522 2636 3572 ’Ἀ
2672 3521 2730 3574 δὲ
2756 3524 2886 3595 περὶ
2917 3525 3120 3579 δούλων
3150 3529 3244 3580 καὶ
3267 3528 3544 3595 δουλίδων,
3577 3533 3745 3596 πολὺς
3791 3535 3820 3586 ό
3866 3534 3952 3587 λό-

2389 3624 2505 3676 γος,
2558 3609 2869 3684 βουλομένῳ
2917 3631 3008 3685 μοι
3051 3615 3300 3686 φράζειν,
3334 3619 3433 3672 ὃσα
3462 3621 3642 3688 ἐκείνη
3677 3622 3948 3693 ὡμήρετο.

2388 3701 2703 3773 διέτρεφεν,
2754 3707 3030 3772 ἐπότιζεν,
3081 3711 3450 3778 ἐνεδίδυσκεν,
3484 3713 3558 3776 ὠς
3596 3713 3772 3779 οὐδεὶς
3817 3716 3950 3770 πολὺ

2387 3791 2494 3844 τῶν
2524 3792 2720 3859 ἀλλων,
2752 3797 2846 3848 καὶ
2869 3799 2915 3848 εἰ
2943 3798 3062 3852 λίαν
3089 3800 3488 3879 φιλανθρώπων
3507 3821 3520 3837 ο
3548 3806 3643 3876 οὐχ
3663 3806 3739 3868 ὡς
3767 3807 3952 3878 ἔτυχεν

2387 3885 2534 3954 ἄρτῳ
2568 3889 2661 3938 καὶ
2694 3887 2821 3957 οῐνῳ
2859 3889 2950 3942 καὶ
2979 3889 3159 3961 λάρδῳ
3205 3892 3546 3964 δεξιουμένη,
3580 3898 3640 3950 τδ
3666 3900 3952 3972 ἐφημερή-

2387 3991 2499 4028 σιον
2526 3980 2854 4048 σιτηρέσιον,
2887 3981 3024 4035 ἀλλά
3049 3984 3334 4055 πολλαχῶς
3367 3987 3460 4039 καὶ
3489 3989 3546 4040 ἐν
3572 3989 3953 4058 ἑορταστικαῖς

2381 4068 2640 4140 ἡμέραις,
2676 4071 2771 4124 καὶ
2806 4073 3103 4144 προσφάτῳ
3131 4076 3284 4146 κρέει
3308 4075 3692 4148 διατρέφουσα,
3723 4081 3874 4150 ὗψοις
3895 4100 3952 4136 τε

2385 4163 2480 4213 καὶ
2509 4162 2715 4232 ὀρνέοις
2765 4164 2860 4217 καὶ
2890 4169 3309 4236 καρυκευτικοῖς
3355 4171 3726 4240 προπόμασιν,
3759 4174 3818 4246 οὐ
3856 4173 3950 4243 φέ-

2391 4269 2556 4322 ρουσα
2581 4256 2678 4325 τὴν
2709 4256 2816 4308 τῶν
2865 4255 3129 4310 τοιούτων
3180 4259 3479 4330 μετάληψιν
3509 4263 3592 4331 ἐφ’
3624 4247 3822 4333 ἑαυτῆς
3857 4264 3952 4334 μό-

2389 4362 2483 4414 νης
2517 4347 2833 4417 ἱσταμένην.
2860 4342 2986 4418 Ἆρ’
3015 4349 3115 4402 οὐκ
3161 4351 3425 4403 ἐπαινετὰ
3465 4353 3637 4406 ταῦτα
3675 4355 3767 4407 καὶ
3813 4355 3952 4419 ξενί-

2390 4437 2573 4500 ζοντα,
2601 4438 2696 4489 καὶ
2739 4437 2837 4506 τῆς
2865 4437 3022 4505 ἁγίας
3065 4437 3243 4507 ψυχῆς
3275 4439 3489 4506 ἐκείνης
3519 4443 3950 4512 προτερήματα;

719 4507 1023 4561 scntiemini
1095 4521 1365 4580 quatquot
1421 4513 1644 4568 auditis.
1709 4513 1812 4566 Sed
1874 4514 2005 4567 illud
2065 4529 2283 4584 quoque

2391 4532 2702 4600 συμφήσετε
2734 4526 2832 4583 οἷδ’
2856 4534 2938 4584 ὅτι
2969 4534 3018 4584 οἱ
3051 4533 3445 4603 ένωτιζόμενοι.
3486 4507 3628 4586 Ἀλλ’
3655 4507 3844 4605 ἔμοιγε
3893 4507 3951 4593 εῦ

719 4605 863 4650 recte
893 4613 977 4650 me
1010 4597 1284 4654 dicturum
1317 4612 1470 4672 puto,
1517 4605 1662 4672 quod
1703 4606 1867 4658 etiam
1901 4604 2277 4668 minitabatur,

719 4689 1043 4759 corrigebat,
1098 4701 1152 4747 et
1211 4696 1483 4764 praecipue
1535 4695 1854 4750 domesticis
1913 4695 2079 4766 (quod
2135 4695 2280 4750 haud

719 4780 835 4834 scio
868 4789 1050 4835 utrum
1081 4785 1208 4838 vitio
1235 4798 1301 4838 an
1339 4785 1484 4839 laudi
1518 4789 1746 4852 vertam)
1784 4787 1971 4856 alapas
2003 4785 2273 4854 impinge-

719 4871 830 4935 liat,
879 4871 1201 4943 objurgaliat
1229 4890 1323 4930 eos
1355 4887 1402 4930 et
1441 4876 1763 4932 verberabat
1798 4897 1810 4930 :
1862 4879 1990 4948 quia
2025 4877 2140 4932 haec
2186 4877 2283 4931 lio-

720 4962 946 5017 nestatis
969 4963 1226 5018 docenda:
1257 4982 1439 5030 causa,
1481 4983 1509 5021 a
1542 4967 1701 5023 furtis
1755 4968 2113 5033 absterrendi,
2147 4968 2282 5022 alia-

718 5068 952 5124 rumque
986 5055 1246 5110 virtutum
1291 5059 1470 5113 studio
1512 5060 1746 5127 fiebant;
1798 5060 2023 5129 ejusque
2057 5063 2283 5116 rectitu-

717 5149 864 5205 dinis
889 5166 1078 5207 amans
1116 5155 1335 5211 animus
1377 5157 1660 5211 iracundia
1708 5161 2120 5229 percellebatur,
2155 5177 2278 5217 cum

717 5251 772 5295 et
797 5244 999 5314 alioqui
1058 5246 1190 5300 satis
1251 5249 1501 5303 irritabili
1570 5259 1761 5305 natura
1821 5264 1988 5318 esset,
2037 5257 2153 5308 zelo
2188 5253 2279 5309 Dei

719 5349 862 5402 saepe
890 5345 1234 5404 compuncta.
1273 5336 1468 5394 Verum
1501 5341 1689 5395 eadem
1725 5353 1844 5412 post
1878 5343 2281 5399 verberatioues

720 5428 1032 5482 cubiculum
1087 5445 1247 5484 suum
1303 5431 1567 5502 ingressa,
1617 5435 1718 5489 sibi
1751 5452 1915 5505 genas
1946 5437 2191 5504 pulsans,
2229 5447 2282 5490 et

721 5519 926 5574 utinam
966 5519 1190 5575 doleas!
1242 5522 1343 5576 sibi
1376 5523 1584 5589 dicens,
1611 5535 1774 5595 atque
1806 5527 1871 5580 ad
1908 5528 2280 5596 paenitentiam

723 5610 939 5676 inﬂexa,
965 5619 1159 5666 vocata
1189 5612 1254 5667 ad
1285 5628 1343 5667 se
1370 5630 1490 5684 qua:
1515 5618 1861 5686 vapulaverat
1886 5619 2109 5681 famula,
2145 5618 2281 5674 flexo

721 5717 860 5769 genu
896 5703 1111 5758 veniam
1154 5705 1391 5774 petebat.
1443 5707 1487 5761 Ο
1513 5718 1756 5764 sanctam
1805 5712 2276 5781 resipiscentiam!

722 5793 874 5849 Certe
906 5796 952 5851 si
986 5796 1124 5854 forte
1168 5799 1368 5870 aliquis
1418 5801 1598 5872 priora
1649 5803 2061 5873 vituperaverit,
2090 5805 2134 5861 is
2168 5805 2280 5862 haec

2390 4621 2455 4674 ἂν
2493 4623 2606 4690 ἔχοι
2650 4622 2786 4691 πρὸς
2831 4622 3039 4686 τούτοις
3075 4625 3283 4690 εἰπεῖν,
3321 4626 3400 4679 ὅτι
3443 4626 3535 4678 καὶ
3571 4627 3818 4696 ἠπείλει,
3861 4631 3954 4684 καὶ

2387 4713 2735 4781 ήσφαλίζετο,
2759 4712 2852 4766 καὶ
2884 4713 3114 4783 μάλιστα
3145 4718 3253 4778 τοῖς
3276 4715 3504 4784 ἐγγύθεν
3536 4719 3654 4786 (οὐκ
3687 4713 3785 4773 οἷδ’
3814 4722 3842 4774 ὅ
3878 4739 3950 4783 τι.

2391 4804 2448 4856 ἐν
2477 4803 2630 4873 μέρει
2663 4803 2832 4872 ψόγου
2866 4805 2899 4873 ἢ
2936 4805 3158 4858 ἐπαίνου
3195 4806 3456 4877 θήσομαι)
3478 4807 3538 4860 τὸ
3565 4809 3659 4861 καὶ
3687 4810 3950 4881 ἐρῤάπιζε

2390 4895 2486 4948 καὶ
2533 4895 2814 4965 ὲφύὸριζε,
2860 4898 2953 4951 καὶ
2996 4898 3338 4968 προσέτυπτε
3369 4898 3457 4952 διά
3482 4899 3543 4952 τὸ
3573 4900 3714 4970 ὑπὲρ
3740 4917 3950 4972 σωφροο

2390 4987 2554 5056 σύνης
2581 4987 2674 5040 καὶ
2725 4989 2991 5052 ἀκλοπίας
3040 4990 3134 5044 καὶ
3165 4990 3330 5059 άλλης
3360 4991 3564 5061 ἀρετῆς
3593 4993 3767 5046 ταῦτα
3810 4996 3952 5063 γίνε-

2391 5075 2543 5138 σθαι,
2589 5077 2678 5129 καὶ
2722 5076 2800 5148 τῷ
2855 5078 3010 5149 θυμῷ
3063 5079 3366 5147 ὲπλήσσετο
3409 5082 3441 5151 ή
3494 5083 3949 5154 σπουδαιόψυχος,

2390 5168 2574 5239 ἐπειδὴ
2604 5171 2694 5222 καὶ
2724 5187 2936 5239 φύσεως
2958 5167 3025 5241 ἦν
3055 5171 3335 5242 ὀξυτέρας,
3366 5172 3513 5244 ζήλῳ
3534 5174 3669 5228 Θεοῦ
3694 5177 3761 5230 τὰ
3790 5179 3952 5231 πολλά

2387 5263 2846 5332 τιτρωσκομένης.
2871 5264 3114 5334 Ἐκείνης
3145 5264 3201 5318 δέ
3245 5265 3392 5319 ἐστιν
3422 5267 3483 5318 τὸ
3529 5269 3665 5337 μετά
3709 5271 3771 5322 τὸ
3802 5287 3947 5323 τετυ-

2389 5353 2549 5421 φέναι
2581 5355 2969 5425 είσερχομένης
3003 5357 3081 5419 είς
3110 5356 3199 5409 τὸν
3234 5358 3602 5423 κοιτωνίσκον,
3636 5360 3729 5412 καὶ
3757 5361 3950 5433 ἑαυτῆς

2389 5446 2823 5516 ἀντιτυπτούσης
2854 5449 2950 5510 τὰς
2980 5450 3238 5520 παρειὰς,
3265 5448 3330 5503 Et
3363 5451 3606 5518 πονοίης,
3642 5453 3811 5524 ἑαυτῇ
3837 5455 3950 5510 ὲπιο

2389 5531 2674 5604 λεγούσης,
2706 5535 2816 5588 κάκ
2842 5536 3032 5589 τούτου
3068 5539 3514 5610 ἀνακοπτομένης
3543 5541 3678 5610 πρὸς
3717 5544 3951 5612 μετάμε-

2389 5624 2500 5690 λον,
2552 5627 2646 5679 καὶ
2690 5628 2788 5696 τὴν
2832 5630 3128 5696 τυφθεῖσαν
3157 5633 3641 5705 προσκαλουμένης
3672 5636 3766 5687 καὶ¹
3797 5653 3950 5704 γονυ-

2390 5717 2682 5787 πετούσης,
2719 5721 2810 5772 καὶ
2843 5720 3228 5792 ἐξαιτουμένης
3265 5724 3634 5794 συγχώρησιν.
3661 5724 3771 5778 Καὶ
3792 5725 3838 5778 ὣ
3861 5729 3950 5792 τῆς

2391 5807 2616 5878 εύαγοῦς
2650 5813 3110 5880 έπανακλήσεωςί
3146 5816 3244 5870 κᾶν
3287 5816 3395 5888 γὰρ
3435 5817 3494 5871 τὸ
3537 5818 3805 5890 πρότερον
3841 5819 3950 5886 δοίη
