4170 6492
206 427 313 489 889

779 425 1064 489 ORATIO
1093 424 1266 487 XIII.
1295 450 1367 464 -
1406 426 1789 490 LAUDATIO
1825 429 2215 494 FUNEBRIS
2275 435 2358 496 IN
2391 437 2713 500 MATREM
2741 441 2972 504 SUAM.

3380 447 3482 510 890

211 556 296 602 τις
322 538 826 612 κατηγορούμενον,
845 539 985 594 ἀλλά
999 555 1064 609 γε
1090 541 1152 594 τὸ
1176 539 1430 612 δεύτερον
1459 541 1780 612 παραδόξως

1890 547 2204 602 mirabiliter
2233 549 2375 605 facta
2397 552 2674 621 posterius
2720 555 3152 612 commendabil.
3187 556 3278 615 Sic
3308 564 3478 618 metui

210 633 521 705 γινόμενον,
560 635 590 687 ό
619 633 782 696 αὐτὸς
805 633 1147 688 ἐπαινέσειεν
1169 648 1183 663 ·
1213 632 1338 686 ὅθεν
1369 634 1465 686 καὶ
1502 633 1790 705 κεράσασα

208 725 290 797 τῷ
334 725 486 797 φόϐῳ
536 726 632 781 τὸν
679 724 860 792 ἔλεον,
911 725 1009 781 καὶ
1057 724 1382 797 στέργεσθαι
1423 727 1558 797 παρ’
1606 727 1792 782 αὐτῶν

208 817 573 889 ἐγνωρίζετο,
604 818 700 873 καὶ
749 820 1007 891 φρουρεῖν
1036 817 1208 883 αὑτὰς
1240 818 1378 890 πρὸς
1411 819 1792 890 σωφρονισμὸν

208 911 566 965 ὑπεδείκνυτο
581 927 594 940 ο
610 910 705 964 καὶ
743 909 1087 979 ἑκατέρωθεν
1111 911 1173 964 τὸ
1192 909 1486 982 κράτιστον
1504 911 1788 982 ἐκέκτητο.

218 1005 533 1074 Ἀγάπησιν
557 1003 615 1057 δὲ
642 1002 795 1074 παρά
822 1002 935 1056 τῶν
950 1001 1396 1071 γειτνιαζουσῶν,
1415 1002 1790 1075 ἐλεημοσύνην

205 1097 262 1150 δὲ
290 1096 431 1168 πρὸς
458 1096 584 1160 τοὺς
614 1095 838 1161 ἐνδεεῖς,
868 1095 955 1160 τίς
985 1094 1324 1166 ὑπερέσαλεν
1352 1094 1602 1167 ἐκείνην;
1638 1095 1791 1165 έχου-

207 1205 310 1243 σαν
361 1189 424 1242 τὸ
475 1189 575 1260 μὲν
616 1189 684 1242 ἐκ
739 1185 836 1242 τοῦ
877 1185 1336 1259 συμμετριάζειν,
1393 1187 1631 1258 μάλιστα
1667 1190 1790 1251 τατς

206 1279 663 1351 ύποδεεστέραιςο
695 1279 756 1333 τὺ
775 1278 834 1334 δέ
864 1281 929 1333 ἐκ
954 1279 1048 1334 τοῦ
1088 1279 1230 1348 ἀγαν
1266 1279 1650 1350 συμπαθούσα,
1682 1280 1787 1335 κᾶν

206 1374 334 1427 ὅσον
359 1373 422 1428 τὺ
455 1372 674 1443 δαψιλὲς
714 1373 816 1443 τῆς
859 1371 1204 1444 προθέσεως,
1231 1371 1331 1426 ούκ
1362 1372 1451 1426 εία
1491 1370 1790 1445 προφαίνε-

207 1465 336 1519 σθαι
355 1466 388 1534 ἡ
423 1465 713 1536 μετριότης
739 1463 840 1534 τῆς
867 1462 1177 1535 ὑπάρξεως.
1222 1462 1370 1536 Πλὴν
1395 1462 1670 1536 μάρτυρες
1689 1463 1789 1534 τῆς

205 1552 472 1625 ἀληθείας
499 1554 548 1606 οί
573 1553 761 1606 πολλοὶ
782 1551 879 1606 καὶ
901 1551 1161 1634 πολλάκις
1180 1551 1277 1607 καὶ
1307 1552 1788 1624 ἀποτεταγμένως,

205 1645 440 1716 ὀρφανοί
471 1661 530 1698 τε
559 1644 652 1698 καὶ
683 1643 874 1715 χῆραι,
892 1643 1034 1711 ξένοι
1065 1660 1126 1698 τε
1151 1645 1245 1698 καὶ
1274 1643 1620 1715 αὐτόχθονες,
1638 1661 1789 1698 νοσε-

208 1741 294 1811 ροί
325 1757 384 1794 τε
407 1739 500 1794 καὶ
528 1739 805 1812 γέροντες,
829 1739 924 1792 καὶ
949 1740 999 1792 oi
1029 1738 1128 1807 τῆς
1153 1738 1304 1810 ίερᾶς
1324 1739 1483 1792 νόσου
1505 1738 1784 1811 λαχόντες,

207 1831 364 1902 παρά
402 1831 505 1903 τῆς
535 1830 924 1901 πτωχοτρόφου
970 1829 1155 1894 δεξιᾶς
1186 1829 1635 1902 θεραπευόμενοι.
1676 1834 1787 1888 Καὶ

1893 638 2333 696 misericordiam
2394 642 2728 710 admiscens,
2787 655 2841 703 et
2910 647 2980 703 ab
3024 649 3242 705 ancillis
3293 651 3476 722 palam

1891 731 2199 800 amabatur,
2269 741 2326 788 et
2385 733 2602 789 illarum
2666 751 2725 793 se
2783 740 3064 796 custodire
3127 742 3476 798 honestatem

1891 824 2273 882 monstrabat:
2322 832 2378 880 et
2403 840 2518 880 rem
2557 835 2847 899 utramque
2879 831 3141 900 optimam
3172 835 3474 893 obtinebat.

1890 912 2008 969 1am
2041 931 2229 972 amore
2272 932 2399 987 erga
2452 921 2902 990 circumstantes,
2933 933 2986 979 et
3029 926 3379 998 eleemosyua
3407 928 3474 982 ad

1891 1024 2112 1079 egenos,
2162 1011 2289 1081 quis
2340 1027 2461 1067 eam
2507 1014 2828 1084 superavit?
2878 1015 2943 1071 Et
2977 1032 3132 1072 amor
3155 1020 3374 1088 quidem
3407 1035 3473 1075 ex

1889 1097 2014 1166 ejus
2067 1099 2446 1156 moderatione
2501 1104 2817 1171 apparebat,
2863 1108 3170 1174 praesertim
3227 1123 3358 1177 erga
3391 1108 3476 1163 in-

1893 1189 2159 1247 firmiores
2192 1209 2205 1246 :
2239 1192 2615 1248 misericordia
2647 1205 2831 1249 autem
2865 1211 2931 1250 ex
2962 1198 3080 1265 ejus
3113 1198 3285 1253 nimia
3325 1215 3478 1255 com-

1888 1279 2197 1349 passione:
2259 1297 2579 1352 quanquam
2634 1286 2934 1342 voluntatis
2997 1288 3162 1357 hujus
3211 1290 3466 1356 capiam,

1889 1370 2209 1426 facultatum
2263 1383 2578 1429 nostrarum
2632 1375 2986 1434 rnediocritas
3037 1379 3298 1450 effulgere
3357 1399 3467 1438 non

1889 1462 2123 1519 sinebat.
2181 1463 2287 1518 Sed
2333 1473 2513 1519 tamen
2562 1474 2733 1522 testes
2786 1469 3033 1526 veritatis
3064 1481 3194 1526 sunt
3226 1472 3381 1526 multi
3415 1482 3472 1528 et

1889 1568 2269 1624 saepenumero
2287 1565 2342 1610 et
2368 1557 2590 1613 statutis
2613 1558 2846 1623 vicibus,
2902 1562 3132 1630 orphani
3180 1579 3244 1619 ac
3275 1565 3469 1630 viduae,

1889 1645 2162 1716 peregrini
2211 1656 2264 1701 et
2307 1647 2602 1717 indigenae,
2645 1650 2833 1718 aegroti
2887 1667 2952 1708 ac
2995 1669 3176 1722 senes,
3224 1664 3279 1710 et
3315 1673 3473 1712 sacro

1891 1739 2082 1794 morbo
2111 1740 2370 1810 correpti,
2402 1741 2498 1810 qui
2531 1741 2650 1811 ejus
2703 1745 2918 1800 nutrice
2967 1760 3270 1816 pauperum
3303 1765 3466 1804 manu

1889 1828 2060 1899 adjuti
2114 1831 2354 1887 fuerunt.
2413 1834 2588 1904 Atque
2629 1835 2733 1892 hoc
2767 1839 2933 1893 etiam
2966 1840 3243 1896 excellens
3295 1842 3348 1896 in
3396 1857 3462 1897 ea

205 1899 343 1994 γούν
371 1899 473 1979 καὶ⁷
498 1899 862 1995 τούτο-ἀὑτῆς
910 1925 971 1978 τὸ
1023 1899 1322 1993 ἐξαίρετον,
1370 1925 1432 1978 τὸ
1466 1899 1785 1980 ⁷σύνδειιτιτνον

1892 1923 2017 1989 fuit,
2064 1923 2208 1994 quod
2263 1927 2548 1981 convivam
2600 1928 2652 1982 in
2708 1945 2898 1985 mensa
2950 1930 3151 1986 habere
3185 1933 3470 1989 Christum

208 2019 306 2072 καὶ
335 2012 712 2088 ὁμοτράπεζον
749 2015 838 2068 τὸν
869 2014 1106 2086 Χριστὸν
1147 2015 1314 2086 ἐχειν,
1352 2016 1515 2086 ἡνίκα
1550 2017 1790 2088 μάλιστα

208 2111 394 2182 παρῆν
423 2108 615 2179 καιρὸς
658 2107 752 2162 τοῦ
800 2108 1103 2178 ἑορτάξειν.
1149 2107 1335 2162 Ταῦτα
1373 2109 1433 2162 ού
1481 2110 1657 2181 μικρά
1698 2127 1789 2180 μοι

207 2203 605 2272 καταφαίνεται
632 2204 745 2265 τοῖς
801 2201 1164 2272 προληφθεϊσι
1195 2202 1272 2272 τῷ
1299 2202 1463 2273 γάμῳ
1508 2203 1644 2273 πρὸς
1681 2220 1787 2256 σω-

204 2296 406 2368 τηρίας
437 2294 734 2366 ἐφόδιον,εί
765 2293 860 2347 καὶ
889 2293 970 2347 ἐτι
989 2293 1171 2346 λέγειν
1209 2293 1309 2347 ούκ
1338 2293 1536 2365 ἔχομεν
1568 2293 1790 2365 μείζονα

207 2407 277 2442 πε
285 2391 342 2461 pi.
373 2389 473 2460 τῆς
510 2389 650 2458 εύφη
659 2405 757 2457 μου
767 2387 959 2458 μένης.

280 2482 360 2547 ς’.
404 2480 711 2550 Τοιγαροῦν
739 2479 928 2549 ἐπειδὴ
960 2479 1193 2550 ἧνεγκεν
1238 2479 1267 2530 ό
1309 2476 1504 2548 καιρὸς
1548 2477 1648 2548 τὴν
1694 2476 1787 2531 τοῦ

211 2575 506 2644 μοναδικοῦ
536 2574 818 2645 σχήματος
862 2570 1182 2641 ἀνάκλησιν,
1210 2570 1295 2633 τίς
1325 2570 1434 2642 πρὸ
1467 2571 1685 2640 ἐκείνης
1707 2611 1722 2633 ,
1753 2571 1786 2640 ἢ

209 2665 506 2732 ὑπεδέξατο
540 2665 666 2726 τοὺς
695 2661 934 2732 Χριστοῦ
965 2661 1349 2732 θεραπευτὰς.
1391 2661 1424 2734 ἢ
1472 2659 1787 2733 ἐξενοδόχη-

210 2776 327 2823 σεν,
373 2757 408 2828 ἢ
449 2756 858 2828 ἐθεράπευσεν,
920 2754 1157 2825 μάλιστα
1190 2752 1286 2805 καὶ
1333 2754 1398 2806 ἐκ
1445 2753 1540 2806 τοῦ
1586 2753 1786 2807 οίκείου

209 2847 444 2916 ἀδελφοῦ
475 2844 841 2916 συνελκομένη
867 2861 882 2911 ;
910 2844 1076 2898 Ὅθεν
1099 2843 1185 2898 ἴνα
1211 2843 1278 2897 τὰ
1312 2842 1482 2896 πολλὰ
1511 2846 1784 2915 συντέμω,

207 2943 288 3004 είς
319 2939 485 2994 πόθον
525 2937 756 2991 ἐλθοῦσα
784 2937 884 3006 τῆς
910 2936 1220 3007 summa;
1265 2935 1434 3006 ζωῆς,
1480 2935 1660 2990 πείθει
1697 2937 1787 2990 τόν

207 3030 405 3103 ἄνδρα,
452 3027 744 3099 συμπείθει
791 3029 919 3090 τοὺς
949 3026 1144 3089 παῖδας
1184 3025 1410 3088 πολλαῖς
1443 3026 1788 3095 ἐπιμελείαις

208 3121 304 3174 καὶ
331 3117 641 3181 νουθεσίαις
678 3118 776 3171 καὶ
806 3116 1186 3186 ὑποσχέσεσιν,
1220 3114 1417 3169 ἔπειτα
1448 3116 1575 3180 τοὺς
1603 3117 1659 3183 ἐξ
1697 3118 1787 3169 riv-

1893 2015 2203 2085 (pauperem
2240 2017 2504 2087 aliquem)
2545 2020 2847 2089 praesertim
2901 2029 3150 2090 tempore
3207 2024 3471 2080 solemni-

1894 2106 2042 2171 tatis,
2070 2107 2227 2162 solita
2269 2107 2393 2162 fuit.
2436 2109 2561 2165 Haec
2590 2110 2737 2165 haud
2769 2112 2908 2166 levia
2945 2113 3079 2166 mihi
3119 2114 3377 2170 videntur
3411 2115 3465 2170 in

1891 2196 1958 2252 iis
1994 2197 2084 2267 qui
2121 2199 2419 2269 nuptialem
2455 2210 2657 2256 statum
2692 2203 2758 2257 ad
2790 2203 2985 2258 salutis
3034 2203 3292 2258 viaticum
3328 2221 3470 2274 pra:-

1891 2297 2284 2357 sumpserunt;
2335 2291 2549 2346 etiamsi
2593 2290 2735 2346 forte
2777 2292 2984 2362 majora
3019 2293 3128 2348 alia
3156 2294 3226 2349 de
3250 2295 3352 2350 hac
3380 2297 3473 2350 be-

1891 2381 2102 2435 nedicta
2131 2380 2329 2435 femina
2362 2383 2545 2437 dicere
2582 2399 2688 2438 non
2734 2384 3087 2441 haberemus.

1960 2472 2013 2528 6.
2045 2473 2409 2540 Quamobrem
2461 2485 2751 2545 postquam
2802 2478 2959 2547 lapsu
2990 2488 3296 2548 temporum
3351 2494 3472 2535 mo-

1889 2565 2134 2621 uachalis
2186 2567 2405 2622 habitus
2459 2568 2745 2623 restitutus
2802 2567 2926 2634 fuit,
2991 2571 3117 2639 quis
3162 2579 3288 2624 ante
3315 2571 3467 2627 illam

1888 2656 2093 2712 Christi
2152 2656 2387 2714 famulos
2449 2659 2994 2730 suscepit,hospitio
3046 2661 3182 2717 fovit
3212 2662 3472 2734 eurisque

1888 2748 2102 2814 refecit,
2153 2766 2184 2804 a
2232 2750 2401 2807 fratre
2453 2753 2758 2820 praesertim
2815 2755 2880 2808 ad
2927 2754 2978 2808 id
3017 2754 3278 2810 inducta?
3313 2755 3471 2813 Unde

1887 2842 2075 2905 etiam,
2102 2852 2162 2898 ut
2191 2845 2360 2898 multa
2388 2844 2714 2914 compendio
2755 2846 3124 2916 iutercipiam,
3178 2849 3297 2904 viro
3334 2866 3464 2906 sua-

1887 2933 2001 2998 det,
2037 2935 2223 2992 liberis
2258 2939 2462 3006 pariter
2503 2938 2808 2994 consuadct
2856 2939 3006 2995 curis
3041 2941 3249 3005 multis,
3292 2944 3470 2996 moni-

1889 3029 1958 3083 tis
1987 3043 2051 3084 ac
2090 3030 2575 3099 promissiouibus.
2633 3047 2761 3086 mox
2817 3033 2983 3088 etiam
3018 3035 3119 3089 viri
3153 3035 3415 3090 fratribus
3450 3056 3465 3092 :

1888 3130 1940 3175 et
1964 3121 2074 3190 jam
2110 3123 2274 3178 rebus
2317 3123 2456 3178 bene
2481 3124 2823 3193 compositis,
2864 3126 3028 3181 dumo
3058 3128 3337 3196 egreditur
3368 3143 3469 3198 po-

206 3213 335 3283 δρὸς
366 3210 628 3280 ἀδελφούς
652 3227 666 3242 ·
700 3212 794 3263 καὶ
819 3211 888 3263 τὰ
921 3209 1100 3262 πάντα
1123 3207 1189 3261 εὖ
1218 3206 1534 3279 διαθεμένη.
1567 3209 1786 3280 ἐξέρχε-

1890 3215 2076 3284 pulum
2139 3215 2409 3285 integrum
2468 3215 2580 3270 Deo
2640 3215 2912 3281 offerens,
2973 3227 3212 3286 quatuor
3272 3234 3469 3288 nempe

206 3323 299 3358 ται
340 3303 443 3374 τῆς
487 3304 683 3365 οίκίας,
714 3301 888 3370 δῆμον
936 3300 1060 3354 ὅλον
1087 3298 1167 3369 τῷ
1195 3297 1317 3370 Θεῷ
1345 3300 1783 3370 παραστήσασα·

207 3396 448 3465 τέτταρα
498 3393 598 3465 μέν
640 3391 711 3447 τὰ
756 3391 924 3446 τέκνα
957 3391 1064 3462 (3),
1116 3392 1270 3461 τρεῖς
1314 3394 1442 3454 τοὺς
1489 3393 1547 3459 ἐξ
1595 3393 1788 3463 ἀνδρὸς

207 3487 476 3558 ἀδελφοὺς
502 3486 600 3558 (4),
628 3486 721 3539 mi.
757 3484 878 3555 μεθ’
926 3485 1128 3555 ἐαυτῆς
1161 3486 1262 3557 τὴν
1293 3485 1560 3558 κεφαλήν.
1597 3486 1661 3538 Ὢ
1688 3485 1786 3554 τῆς

207 3581 525 3651 θαυμασίας
554 3578 942 3648 καινοτομίαςί
972 3578 1018 3632 ὦ
1042 3578 1142 3648 τῆς
1176 3579 1478 3650 παραδόξου
1509 3581 1786 3649 μεταστά-

210 3675 379 3737 σεωςι
398 3673 570 3727 Τοῦτο
599 3671 804 3738 ἐξένισε
835 3671 935 3743 μὲν
966 3671 1106 3726 κατὰ
1135 3672 1234 3742 τὴν
1260 3673 1474 3743 ἡμέραν
1501 3671 1599 3742 τὴν
1633 3671 1786 3740 βασι-

208 3765 350 3826 λίδα,
379 3761 641 3834 ἐξέπληξε
671 3763 728 3816 δὲ
759 3762 860 3825 τὰς
895 3760 1254 3830 συγγενίδας,
1283 3760 1574 3832 ἐθάμϐησε
1599 3760 1656 3814 δὲ
1685 3762 1786 3824 τὰς

207 3853 557 3924 γνωρίμους,
600 3852 892 3917 κατένυξεν
942 3852 1000 3905 δέ
1043 3852 1106 3906 ού
1149 3855 1307 3918 μόνον
1353 3855 1482 3916 τοὺς
1508 3853 1783 3920 ὁρῶντας,

209 3944 347 3998 ἀλλὰ
371 3944 465 3997 καὶ
487 3945 806 4008 ἀκούοντας,
839 3944 921 3996 ὅτι
963 3943 1199 4012 συζυγία
1245 3944 1325 3996 ἔτι
1367 3942 1782 4015 μεσηλικιοῦσα,

209 4037 635 4108 αύταρκουμένη
665 4054 725 4090 τε
755 4038 896 4091 κατά
923 4037 1016 4109 τὸν
1047 4036 1183 4107 βίον,
1216 4035 1487 4106 ἀξιώματι
1519 4035 1785 4107 βασιλικῷ

210 4130 306 4183 καὶ
339 4128 680 4200 ταμιευτικῷ
723 4127 1008 4198 τιμωμένη
1034 4168 1049 4193 ,
1085 4129 1212 4191 τοὺς
1262 4127 1456 4190 παῖδας
1487 4125 1785 4196 ἡλικιώτας

208 4221 412 4290 ἔχουσα
434 4260 449 4284 ,
494 4217 594 4288 ούχ
632 4216 821 4288 εἴλχθη
861 4219 956 4288 μὲν
987 4216 1066 4288 τῷ
1095 4216 1297 4271 τούτων
1326 4218 1534 4299 ιρίλτρῳ
1557 4258 1573 4284 ,
1605 4218 1668 4270 οὐ
1706 4217 1784 4286 τῷ

211 4310 530 4365 καταλιπεῖν
554 4309 798 4379 διάδοχον
829 4309 923 4363 τού
952 4310 1163 4378 γένους,
1206 4309 1327 4362 ούδέ
1359 4308 1436 4380 τῷ
1462 4310 1657 4379 αἵματι
1685 4310 1784 4379 τῆς

209 4402 553 4474 ἀγχιστείας,
581 4401 642 4456 οὖ
658 4420 706 4455 τε
738 4405 803 4474 τῇ
839 4405 937 4473 τῆς
962 4402 1138 4466 οἰκίας
1171 4403 1646 4472 ἀποστερήσει,ού
1677 4401 1785 4473 μὴν

207 4494 330 4549 ούδέ
356 4496 423 4566 τῇ
456 4495 556 4565 τῆς
583 4494 880 4565 θεραπείας
907 4493 1258 4565 ἀλλοτριώσει
1288 4511 1301 4524 ·
1323 4494 1435 4547 ἀλλ’
1461 4493 1650 4566 ἔρριψε
1686 4494 1785 4564 μὲν

1891 3307 2054 3368 filios,
2091 3316 2201 3361 tres
2226 3307 2325 3361 viri
2353 3307 2437 3361 sui
2473 3305 2690 3370 fratres,
2722 3322 3023 3378 secumque
3057 3308 3235 3378 ipsum
3264 3311 3462 3365 domus

1889 3406 2072 3467 caput.
2117 3397 2161 3452 Ο
2193 3397 2462 3452 mirabilis
2501 3398 2712 3452 novitas
2733 3399 2745 3452 l
2766 3413 2799 3453 ο
2831 3399 3208 3469 inexspectata
3235 3416 3470 3457 conver-

1890 3492 2005 3546 sio!
2049 3491 2104 3545 ld
2137 3506 2270 3546 sane
2318 3493 2664 3563 peregrinum
2725 3501 2854 3547 tunc
2912 3492 3093 3547 visum
3123 3502 3206 3548 est
3241 3495 3466 3566 reginae,

1889 3595 2112 3653 stupore
2142 3584 2320 3640 affecit
2341 3587 2802 3656 consanguineas,
2841 3597 2997 3641 notas
3022 3590 3251 3658 quasvis
3285 3590 3464 3646 admi-

1888 3675 2099 3728 ratione
2128 3676 2430 3744 suspendit,
2465 3675 2781 3744 compunxit
2823 3675 3058 3742 denique
3100 3666 3204 3731 neu
3236 3693 3467 3733 cernen-

1891 3777 1970 3821 tes
1993 3774 2203 3820 tantum
2232 3766 2326 3820 sed
2357 3775 2411 3820 et
2442 3766 2765 3830 audientes;
2800 3769 2944 3836 quod
2977 3783 3173 3837 nempe
3207 3769 3466 3839 conjugio

1888 3859 2124 3913 medium
2159 3857 2342 3913 adhuc
2372 3873 2593 3913 cursum
2640 3866 2885 3924 tenente,
2931 3858 3045 3928 ipsa
3097 3860 3260 3915 rebus
3292 3861 3358 3916 ad
3383 3863 3464 3915 vi-

1889 3959 1996 4006 tam
2048 3951 2180 4006 satis
2240 3951 2540 4014 instructa,
2597 3953 2858 4022 dignitate
2907 3951 3117 4016 aulica,
3171 3956 3464 4022 quaestoria

1887 4040 2098 4097 scilicet
2123 4039 2359 4109 fulgens,
2395 4041 2540 4096 filios
2592 4041 2800 4096 habens
2845 4051 3005 4096 aetate
3040 4042 3319 4110 florentes,
3356 4062 3463 4102 uon

1889 4131 2080 4187 fuisset
2114 4133 2311 4187 horum
2340 4149 2531 4189 amore
2563 4142 2860 4198 commota,
2897 4150 3003 4190 non
3031 4135 3304 4194 desiderio
3334 4155 3466 4194 suc-

1886 4239 2160 4280 cessarem
2225 4225 2413 4296 stirpis
2462 4225 2830 4297 relinquendi,
2883 4242 2988 4279 non
3028 4231 3468 4300 consanguineo-

1887 4333 2007 4371 rum
2032 4315 2246 4382 affectu,
2283 4333 2460 4388 neque
2484 4321 2677 4374 domus
2708 4320 3083 4385 derelictiouc,
3131 4337 3309 4391 neque
3348 4339 3466 4378 ser-

1889 4425 2080 4463 vorum
2135 4410 2521 4476 destitutione;
2578 4412 2671 4467 sed
2722 4413 2863 4485 regis
2917 4430 3107 4469 omnes
3141 4415 3467 4484 projecissct

1888 4501 2145 4566 honores,
2185 4501 2308 4556 vitae
2344 4501 2567 4558 delicias
2601 4504 2890 4568 calcasset,
2943 4521 3112 4575 seque
3148 4506 3328 4576 gladio
3352 4507 3466 4575 spi-

209 4589 308 4651 τὰς
340 4588 404 4640 ἐκ
445 4586 708 4658 βασιλέων
735 4585 901 4656 τιμὰς
923 4626 936 4650 ,
968 4587 1319 4659 κατεπάτησε
1355 4587 1412 4639 δέ
1440 4586 1508 4640 τὰ
1537 4586 1630 4639 τού
1669 4585 1782 4657 βίου

1894 4591 2032 4646 ritus
2092 4606 2122 4645 a
2174 4593 2487 4647 carnalibus
2539 4595 3030 4651 consuetudinibus
3085 4597 3464 4665 prmcidisset,

215 4682 449 4752 τερπνὰ,
477 4681 692 4750 διέκοψέ
716 4697 777 4734 τε
805 4682 871 4752 τῇ
908 4680 1002 4733 τοῦ
1034 4680 1344 4750 πνεύματος
1383 4681 1629 4751 μαχαίρᾳ
1657 4683 1786 4733 ἐαυ-

221 4773 319 4843 τὴν
358 4773 422 4825 ἐκ
456 4772 566 4825 τῶν
597 4771 874 4841 σαρκικῶν
906 4772 1162 4841 σχέσεων,
1197 4773 1290 4825 καὶ
1319 4771 1387 4824 τὰ
1417 4772 1644 4836 δόξαντα
1671 4771 1788 4842 θεῴ

217 4867 470 4934 πέπραχε
501 4864 943 4935 μεγαλοσούλως.
987 4866 1050 4916 Ὢ
1076 4866 1173 4934 τῆς
1205 4865 1574 4934 Ἀϐραμιαίας
1609 4863 1790 4934 ψυχῆς

212 4961 287 5022 ὡς
316 4957 536 5028 ἀληθῶς
555 4957 652 5012 καὶ
678 4959 1126 5031 ὰνδρειόφρονοςι
1154 4958 1394 5021 Εἰκότως
1421 4959 1486 5012 ἄν
1520 4975 1602 5021 τις
1621 4957 1790 5027 αὐτὴν

216 5049 355 5117 μετὰ
385 5050 484 5119 τῆς
511 5050 914 5121 Μακκαὸαἳκῆς
945 5049 1176 5120 ἀρίστης
1212 5050 1419 5122 μητρὸς
1454 5050 1790 5114 συντάξειεν,

215 5139 458 5192 θύσασαν
484 5143 549 5211 τῇ
577 5141 851 5211 ἀσκητικῇ
884 5142 1113 5211 ἀθλήσει
1143 5143 1241 5206 τὰς
1276 5143 1471 5204 ὠδῖνας
1491 5158 1504 5172 ·
1529 5144 1623 5195 καὶ
1655 5143 1794 5212 μετὰ

218 5233 422 5303 Ἀννης
463 5233 564 5302 τῆς
598 5233 1020 5303 Σαμουηλίτιδος
1044 5274 1057 5294 .
1090 5235 1189 5304 οὐχ
1218 5235 1315 5288 ’ἐνα
1342 5235 1432 5286 τὸν
1463 5233 1520 5299 ἐξ
1552 5236 1792 5302 ἐπαγγεο

215 5323 356 5387 λίας,
389 5323 504 5376 ἀλλ’
536 5325 656 5378 ὅλον
703 5325 796 5377 τὸν
836 5325 1046 5397 καρπὸν
1078 5326 1246 5396 αὐτῆς
1290 5326 1676 5396 ἀφιερώσασαν
1715 5327 1794 5396 τῷ

218 5417 428 5487 Κυρίῳ.
481 5417 797 5487 Χαρίσομαι
831 5417 886 5469 δὲ
917 5417 1048 5486 ὑμῖν
1080 5420 1194 5482 τοῖς
1227 5419 1525 5486 ἀκροαταῖς
1560 5421 1700 5488 τάχα
1739 5436 1793 5473 τι

216 5508 533 5579 ὁσιώτερον,
565 5509 660 5563 καὶ
687 5509 779 5562 τὸν
805 5509 903 5579 τῆς
935 5510 1216 5574 ἐκϐάσεως
1255 5511 1425 5580 αὐτῆς
1466 5511 1666 5580 τρόπον
1714 5511 1791 5562 δι-

215 5600 587 5672 ηγησάμενος.
619 5601 745 5654 Ἐπὶ
764 5602 872 5672 γάρ
888 5604 952 5672 τῇ
971 5602 1251 5674 ὡρισμένῃ
1268 5606 1368 5672 τὴν
1387 5602 1563 5655 οἰκίαν
1581 5601 1796 5668 ἐξαλλά-

291 5736 367 5805 (5)
411 5733 633 5807 Nempe
667 5734 1027 5801 Theodorus,
1068 5735 1342 5807 Iosephus
1389 5746 1577 5806 postea
1635 5736 1786 5807 areh.

219 5805 454 5929 'l'hess.f
494 5805 867 5886 .Euthymius,
923 5816 976 5862 ct
1031 5808 1138 5862 lilia
1200 5805 1344 5874 una,
1396 5805 1462 5861 de
1509 5821 1616 5872 qua
1677 5806 1787 5876 jam

219 5890 397 5929 sermo
457 5885 552 5929 uit.

217 5890 397 5930 SCI'ITIO
433 5885 552 5930 Ιιιιι.

1892 4683 1988 4736 Dei
2015 4681 2270 4751 placitum
2314 4683 2663 4752 magnanima
2701 4699 2824 4738 cum
2858 4687 3144 4738 voluntate
3178 4695 3463 4740 exsecuta.

1893 4773 1936 4828 Ο
1962 4775 2296 4828 Abramitica
2334 4791 2461 4829 vere
2488 4775 2667 4829 anima
2700 4786 2862 4844 atque
2897 4777 3104 4831 virilis!
3147 4775 3338 4831 Merito
3369 4777 3468 4831 ali-

1891 4865 2015 4934 quis
2049 4881 2172 4920 curn
2222 4865 2654 4922 Machabaeorum
2702 4868 3086 4923 strenuissima
3117 4881 3291 4924 matre
3327 4871 3469 4927 hanc

1893 4960 2389 5026 connumeraverit,
2457 4975 2577 5028 quae
2640 4960 2882 5014 ascetico
2933 4961 3218 5014 certamini
3274 4972 3469 5030 partus

1896 5063 2028 5103 suos
2059 5049 2294 5104 hostiam
2322 5047 2523 5119 objecit
2553 5070 2566 5107 :
2597 5051 2837 5119 itemque
2864 5067 2989 5104 cum
3014 5053 3171 5104 Anna
3205 5051 3471 5106 Samueli-

1896 5141 2027 5204 tide,
2069 5142 2197 5210 quia
2228 5157 2334 5196 non
2372 5158 2542 5196 unum
2571 5158 2634 5196 ex
2664 5153 2810 5207 voto,
2843 5142 2934 5196 sed
2973 5144 3297 5198 universum
3329 5144 3465 5197 uteri

1895 5233 1978 5285 sui
2011 5230 2247 5287 fructum
2301 5233 2527 5287 Domino
2565 5235 2926 5289 consecravit.
2982 5231 3088 5287 Sed
3123 5236 3471 5303 gratificahor

1897 5324 2053 5378 vobis
2087 5324 2429 5381 audituribus
2478 5321 2656 5380 adhuc
2685 5326 2892 5396 aliquid
2919 5325 3156 5380 fortasse
3202 5328 3468 5389 sanetius,

1895 5416 2196 5470 discessum
2253 5417 2372 5485 ejus
2414 5419 2742 5472 enarraudo.
2795 5416 2928 5471 Nam
2977 5418 3198 5471 definito
3229 5428 3472 5488 tempore

1898 5507 2060 5560 domo
2087 5507 2199 5575 jam
2232 5508 2517 5573 decedens,
2549 5525 2643 5564 ceu
2671 5511 2716 5564 si
2747 5509 2939 5565 festum
2976 5509 3120 5564 diem
3163 5520 3366 5578 ageret,
3399 5513 3464 5566 ad

1903 5613 1960 5652 se
1991 5611 2179 5652 omnes
2215 5603 2539 5656 convocavit
2596 5601 2822 5656 alliues:
2856 5616 3091 5671 quorum
3128 5600 3225 5653 viri
3253 5602 3470 5671 quidem

1974 5735 2049 5804 (μί)
2094 5735 2146 5788 lu
2181 5735 2289 5808 vita
2325 5735 2597 5790 Theodori
2627 5752 2751 5806 cap.
2784 5736 2834 5797 5,
2869 5736 2924 5789 in
2957 5732 3475 5808 interp._‘lat._ocpil.

1903 5802 2126 5873 traiciunt
2162 5806 2329 5859 tribus
2373 5809 2638 5859 sororibus
2679 5802 2889 5872 corrige
2929 5822 3046 5858 cum
3092 5802 3258 5857 (ribus
3284 5802 3474 5874 fratri.

1903 5878 2016 5939 bus,
2052 5877 2138 5931 ubi
2170 5875 2280 5943 jam
2322 5893 2426 5930 non
2463 5879 2618 5932 fuerit
2651 5878 3016 5932 emendatum.
