4170 6522
692 409 787 473 891

1885 399 1942 457 S.
1978 398 2371 458 THEODORI
2413 397 2759 457 STUDlT£

3850 389 3961 450 89?.

693 519 972 581 dolebant,
998 513 1210 566 feminae
1240 512 1407 565 etiam
1438 509 1749 580 plorabant,
1781 507 2137 577 peregrinum
2171 506 2272 558 hoc

2389 505 2532 568 ξασα,
2586 504 2661 566 ὡς
2711 497 2822 556 οἷον
2866 501 3074 568 ἄγουσα
3137 498 3462 569 ἑορτάσιμον
3512 497 3753 568 ἡμέραν,
3810 497 3962 549 οὕτω

694 608 940 662 videntes
987 603 1359 674 spectaculum
1408 599 1697 657 voluntarii
1727 599 2033 663 discessus;
2083 611 2150 650 ac
2185 610 2270 650 re-

693 708 948 770 putantes
1015 695 1257 769 mysterii
1313 693 1764 765 magnitudinem,
1811 705 1925 744 rem
1981 687 2272 759 preconiis

695 790 1051 846 extollebant.
1082 787 1217 843 Nam
1262 788 1480 857 utrique
1526 784 1918 847 observabant,
1975 779 2272 851 patremfa-

698 883 878 937 milias
899 882 1189 950 domojam
1225 889 1516 935 exeuntem
1539 919 1554 944 ,
1585 887 1813 932 matrem
1846 885 2024 930 autem
2059 888 2274 944 parum-

698 991 795 1045 per
849 975 1259 1037 subsistentem,
1323 988 1450 1027 mox
1507 971 1572 1025 ad
1604 969 1932 1024 asceterium
1990 975 2275 1020 transeun-

702 1077 832 1129 tem,
865 1075 990 1134 post
1016 1064 1344 1118 divenditam
1392 1064 1615 1116 domum
1649 1060 1995 1130 pretiumque
2023 1057 2271 1126 pauperi-

701 1157 800 1211 bus
849 1157 1219 1211 distributum.
1290 1153 1412 1208 Hinc
1476 1162 1605 1208 sunt
1686 1151 1876 1205 matris
1946 1159 2148 1204 nostra:
2218 1148 2271 1200 in

703 1249 977 1302 mundana
1006 1249 1110 1300 vita
1142 1246 1424 1311 facinora;
1457 1254 1618 1314 atque
1647 1245 1761 1297 hac
1796 1241 2048 1310 exposui,
2081 1249 2140 1293 ut
2166 1256 2272 1292 non

702 1353 799 1391 vos
831 1340 952 1399 soli,
985 1338 1078 1392 sed
1119 1346 1173 1392 et
1205 1339 1250 1392 si
1274 1337 1367 1406 qui
1405 1338 1457 1390 in
1485 1333 1731 1390 saeculari
1773 1335 1973 1385 mundo
2005 1347 2274 1400 cognove-

707 1430 834 1491 rint,
865 1428 1100 1482 habeant
1129 1443 1238 1496 quo
1263 1428 1526 1497 juventur
1555 1423 1940 1493 pulcherrimis
1969 1423 2054 1475 his
2087 1437 2276 1473 narra-

707 1516 968 1582 tionibus,
991 1526 1044 1571 et
1075 1515 1184 1570 Deo
1215 1517 1426 1569 laudem
1454 1514 1713 1568 tribuant.

786 1792 837 1844 ’1.
879 1790 986 1844 Sed
1039 1788 1216 1860 agesis
1249 1787 1454 1857 reliqua
1490 1803 1920 1858 persequamur,
1977 1788 2028 1841 in
2078 1790 2277 1858 quibus

2377 593 2773 662 προσκαλεῖται
2801 591 2930 655 τοὺς
2958 588 3053 643 τοῦ
3084 591 3276 658 γένους
3303 589 3573 651 ἅπαντας·
3621 588 3722 640 καὶ
3754 587 3810 639 οἱ
3858 589 3964 656 μὲν

2378 686 2597 756 ἤλγουν,
2627 686 2684 738 at
2729 683 2788 737 δέ
2828 681 3109 754 ἐθρήνουν,
3142 681 3292 748 ξένον
3317 698 3370 733 τι
3401 680 3605 750 ὁρῶσαι
3635 680 3828 747 θέαμα
3869 679 3968 732 τὸν

2378 775 2615 829 ἐθελοντὶ
2646 772 2943 845 χωρισμὸν,
2977 773 3070 827 καὶ
3098 775 3156 826 ἐν
3188 773 3406 834 ἑαυταῖς
3437 771 3841 841 δοκιμάζουσαι
3866 769 3968 823 τοῦ

2383 867 2682 936 μυστηρίου
2717 865 2779 917 τὺ
2812 863 3062 935 μέγεθος,
3103 862 3374 932 ἀνύμνουν
3403 863 3464 914 τὸ
3496 861 3780 930 γινόμενον
3803 875 3821 890 ·
3871 861 3971 912 καὶ

2379 959 2485 1030 γάρ
2515 957 2700 1028 ἐώρων
2727 956 3049 1026 ἀμφότεροι,
3080 953 3174 1007 τὸν
3223 954 3322 1025 μὲν
3352 952 3563 1017 ἐξιόντα
3604 952 3707 1020 τῆς
3750 952 3970 1015 οἰκίας,

2379 1048 2476 1118 τὴν
2501 1047 2558 1100 δὲ
2580 1048 2715 1116 πρὸς
2741 1052 2938 1117 μικρὸν
2968 1048 3359 1116 ἐπιμένουσαν,
3379 1043 3494 1098 εἶτα
3519 1044 3792 1098 ἀπιοῦσαν
3823 1044 3972 1114 πρὸς

2379 1140 2440 1192 τὸ
2473 1141 2826 1209 ἀσκητήριον,
2857 1139 2953 1191 καὶ
2985 1139 3154 1208 αὐτὴν
3188 1139 3286 1208 τὴν
3317 1138 3494 1191 οἰκίαν
3523 1136 3972 1206 ἁπεμπωληθεῖο

2382 1249 2482 1284 σαν
2509 1232 2602 1284 καὶ
2623 1231 3045 1300 διανεμηθείσαν
3063 1231 3177 1293 τοῖς
3204 1229 3461 1282 ἐνδεέσιν.
3483 1228 3669 1281 Ταῦτά
3694 1229 3842 1280 εἰσιν
3868 1228 3974 1297 τῆς

2381 1322 2658 1393 ἡμετέρας
2690 1321 2900 1391 μητρὸς
2922 1321 3018 1390 τῆς
3038 1320 3308 1390 κοσμικῆς
3330 1319 3569 1389 βιώσεως
3589 1321 3657 1372 τὰ
3681 1321 3968 1389 ἐπίσημα,

2381 1415 2476 1466 καὶ
2503 1412 2677 1465 ταῦτα
2702 1411 2939 1483 διῆλθον,
2964 1413 3062 1482 οὐχ
3093 1412 3179 1464 ἵνα
3209 1410 3372 1481 μόνον
3402 1411 3588 1481 ὑμεῖς,
3621 1410 3735 1463 ἀλλ’
3777 1412 3830 1462 εί
3869 1411 3967 1462 καί

2381 1522 2526 1569 τινες
2551 1505 2659 1558 τῶν
2691 1507 2748 1557 ἐν
2769 1504 2847 1575 τῷ
2887 1504 3078 1574 κόσμῳ
3104 1503 3386 1572 φθάσωσιν
3415 1503 3722 1564 ἐπανιέναι,
3757 1502 3966 1571 ἔχωσιν

2383 1597 2709 1667 ὠφελεῖσθαι
2735 1600 2846 1661 τοῖς
2866 1597 3175 1660 καλλίστοις
3202 1597 3538 1670 διηγήμασιν
3567 1595 3687 1667 Θεῷ
3717 1595 3967 1666 ἀνθομο-

2384 1689 2541 1757 λογού
2551 1707 2615 1760 με
2622 1707 2719 1743 νοι.

2455 1781 2520 1844 ζ’.
2545 1779 2714 1850 Δεῦρο
2739 1779 2803 1849 δὴ
2837 1777 3042 1842 λοιπὸν,
3063 1778 3171 1831 τῶν
3197 1776 3323 1849 ἑξῆς
3350 1776 3628 1848 ἐχώμεθα,
3645 1777 3786 1845 πρὸς
3804 1777 3842 1830 ἃ
3871 1780 3970 1847 μά.

713 1881 984 1950 praecipue
1038 1879 1367 1948 proprieque
1424 1893 1604 1933 sermo
1661 1889 1844 1932 noster
1885 1877 2218 1942 versabitur,
2251 1894 2283 1931 ο

2389 1875 2539 1928 λιστα
2572 1875 2665 1926 καὶ
2695 1874 2913 1936 οίκείως
2958 1875 3090 1943 ἡμῖν
3119 1873 3229 1939 ἕξει
3270 1873 3298 1924 ό
3331 1872 3487 1939 λόγος
3513 1911 3528 1935 ,
3575 1872 3962 1942 ἠγαπημένοι.

710 1970 911 2025 dilecti.
960 1968 1246 2022 Pulchram
1279 1967 1409 2022 facit
1439 1967 1820 2031 mutationem,
1864 1967 2166 2036 angelicum
2201 1967 2284 2018 in-

712 2064 883 2116 duens
934 2061 1178 2115 habitum
1211 2059 1562 2114 ornatissima
1609 2057 1808 2112 femina
1844 2076 1856 2110 :
1896 2058 2186 2112 multorum
2221 2073 2284 2111 eo

719 2151 856 2208 facto
920 2150 1190 2221 lacrymas
1245 2149 1423 2213 elicit,
1478 2147 1570 2216 qui
1629 2149 1718 2201 illa
1779 2149 1865 2202 die
1917 2148 2089 2202 vocati
2153 2163 2286 2201 con-

712 2250 1012 2305 venerant,
1069 2238 1154 2291 vel
1188 2239 1349 2292 etiam
1386 2246 1579 2307 sponte
1614 2247 2049 2302 concurrerant,
2083 2246 2142 2291 ut
2185 2239 2288 2291 hoc

712 2331 1088 2385 tantummodo
1134 2339 1442 2399 spectarent
1483 2330 1804 2400 mysterium
1859 2330 2062 2399 peragi.
2148 2329 2288 2381 Ade-

715 2437 902 2478 ramus
930 2430 984 2476 et
1047 2437 1151 2476 nos
1179 2437 1302 2476 cum
1348 2421 1594 2491 genitore
1641 2422 1918 2476 communi
1957 2459 1972 2485 ,
2019 2419 2290 2474 festumne

714 2515 890 2567 acturi
921 2529 988 2567 an
1022 2514 1330 2583 ploratnri?
1361 2523 1588 2568 matrem
1615 2515 1944 2575 amittentes,
1981 2527 2154 2582 neque
2175 2513 2286 2581 jam

715 2600 1044 2655 confidentia
1096 2600 1254 2655 solita
1291 2616 1408 2655 eam
1450 2601 1790 2668 alloquentes
1838 2610 1931 2654 aut
2005 2601 2287 2665 adeuntes,

716 2688 810 2740 sed
842 2688 908 2741 de
940 2687 1114 2756 ipsius
1140 2688 1384 2742 discessu
1409 2689 1708 2757 cogitantes
1735 2698 1933 2742 mtesto
1959 2704 2080 2741 cum
2105 2689 2288 2743 corde.

718 2773 851 2827 Nam
885 2791 1008 2828 cum
1061 2783 1114 2828 et
1148 2790 1248 2829 nos
1275 2775 1375 2842 ipsi
1401 2786 1521 2844 post
1551 2786 1756 2830 eertum
1807 2777 2065 2845 temporis
2129 2777 2293 2830 inter-

726 2866 928 2919 vallum
1004 2865 1205 2918 abituri
1264 2866 1331 2918 ad
1398 2865 1792 2933 professionem
1855 2881 2102 2920 essemus
2167 2883 2288 2921 cum

719 2957 994 3027 genitore,
1039 2971 1140 3026 ego
1164 2957 1382 3025 quidem
1439 2967 1620 3025 utpote
1647 2973 1711 3011 ex
1745 2957 1971 3011 imberbi
2002 2967 2156 3013 aetate
2182 2959 2290 3028 jalll

719 3050 774 3102 in
802 3047 977 3101 virum
1035 3048 1425 3118 progrediens,
1479 3047 1668 3102 dolens
1717 3048 1903 3117 utique
1950 3063 2294 3116 mmrensque

717 3154 913 3203 eram;
964 3139 1152 3208 quidni
1213 3138 1411 3192 enim?
1466 3139 1724 3193 Attamen
1776 3155 1902 3193 cum
1995 3140 2291 3208 gratiarum

2399 1967 2734 2020 ’Δλλοιοῦται
2756 1967 2856 2037 τὴν
2883 1966 3053 2036 καλὴν
3070 1964 3374 2031 ἀλλοίωσιν,
3392 1964 3452 2017 τὸ
3471 1964 3758 2032 ίσάγγελον
3777 1963 3965 2032 σχῆμα

2391 2059 2892 2129 μεταμφιασαμένη
2925 2061 2958 2129 ῆ
2989 2059 3327 2129 περίκοσμος
3346 2075 3360 2089 ο
3407 2059 3547 2109 κινεῖ
3588 2055 3722 2125 γοῦν
3752 2055 3965 2108 πολλῶν

2385 2151 2594 2221 δάκρυα
2658 2151 2752 2203 ἐπὶ
2804 2150 2880 2221 τῷ
2927 2150 3278 2220 γεγενημένῳ
3333 2147 3769 2217 συνεληλυθότων
3820 2148 3965 2199 κατὰ

2388 2240 2487 2308 τὴν
2527 2239 2768 2309 ἡμέραν,
2804 2239 2954 2292 ἐστιν
2983 2233 3058 2292 ὧν
3089 2241 3183 2292 καὶ
3213 2238 3466 2307 ἀκλήτως
3491 2279 3506 2302 ,
3551 2237 3637 2291 ἵνα
3675 2237 3771 2290 καὶ
3804 2237 3965 2306 μόνον

2389 2330 2694 2383 θεάσωνται
2743 2330 2805 2382 τὸ
2853 2331 3153 2401 μυστήριον
3185 2329 3544 2400 τελούμενονο
3598 2329 3860 2398 παρῆμεν
3909 2328 3964 2381 δὲ

2389 2420 2484 2473 καὶ
2521 2421 2683 2490 ⁴ἡμεῖς
2714 2421 2812 2473 σὺν
2843 2419 2921 2489 τῷ
2955 2419 3120 2490 κοινῷ
3157 2421 3366 2489 Πατρὶ,
3419 2420 3471 2473 τί
3501 2421 3594 2473 καὶ
3627 2419 3736 2487 φῶ,
3773 2419 3964 2488 ἐορτά-

2393 2527 2576 2574 σοντες
2605 2511 2638 2580 ῆ
2674 2511 3071 2581 θρηνήσοντεςς
3123 2513 3222 2582 τήν
3247 2528 3307 2564 τε
3341 2511 3555 2582 μητέρα
3588 2509 3962 2578 ἀποϐεϐληκό-

2390 2618 2503 2666 τες,
2528 2602 2712 2656 οὸκέτι
2747 2603 2886 2673 μετὰ
2915 2606 3015 2672 τῆς
3053 2603 3226 2672 αὐτῆς
3266 2603 3600 2674 παρρησίας,
3635 2600 3761 2653 οὔτε
3791 2619 3960 2671 προσ-

2391 2693 2726 2762 ομιλοῦντες,
2763 2693 2886 2748 οὔτε
2916 2696 3234 2764 προσιόντες
3260 2734 3274 2759 ,
3315 2695 3405 2746 τόν
3432 2709 3492 2745 τε
3527 2692 3621 2745 ἀπ’
3655 2692 3831 2761 αὐτῆς
3863 2712 3965 2762 χω-

2395 2786 2588 2856 ρισμὸν
2621 2786 3016 2856 ἐπινοούμενοι,
3047 2789 3140 2839 καὶ
3168 2783 3678 2856 καῷιαλγοὺμενοι.
3717 2786 3828 2836 Καὶ
3861 2786 3966 2854 γὰρ

2398 2879 2702 2948 μελλόντων
2732 2879 2889 2949 ἡμῶν
2918 2879 3060 2949 μετά
3083 2879 3182 2947 τὴν
3217 2876 3611 2946 συμπλήρωσιν
3637 2874 3734 2930 τοῦ
3773 2874 3964 2945 καιροῦ

2394 2971 2652 3041 ἀπαίρειν
2702 2971 2840 3041 πρὸς
2886 2970 2947 3022 τὺ
2993 2969 3090 3022 καὶ
3140 2969 3286 3038 ἡμᾶς
3319 2966 3639 3036 τελεσθῆναι
3687 2965 3829 3036 μετά
3877 2965 3967 3018 τοῦ

2396 3065 2740 3133 γεννήτορος,
2770 3061 2943 3128 ἔγωγε
2973 3061 3070 3130 μὲν
3090 3060 3164 3123 ὡς
3187 3060 3282 3112 ἆτε
3311 3059 3370 3123 ἐξ
3403 3058 3664 3127 ἀγενείων
3691 3060 3770 3120 είς
3800 3058 3969 3122 ἄνδρα

2397 3155 2586 3217 τελῶν,
2633 3154 2896 3222 ἀλγεινῶς
2934 3154 3031 3222 μὲν
3067 3154 3160 3206 καὶ
3201 3153 3480 3222 ὀδυνηρῶς
3519 3150 3678 3221 (πῶς
3711 3151 3824 3221 γάρ
3858 3149 3963 3218 οὗ),

719 3231 957 3294 actione,
990 3231 1131 3284 hanc
1185 3230 1500 3283 maestitiam
1559 3229 1817 3283 ferebam.
1885 3230 1992 3283 Sed
2059 3231 2289 3284 duormn

2399 3248 2539 3316 πλὴν
2573 3247 2765 3316 ἔφερον
2806 3245 2921 3315 μετ’
2950 3245 3298 3315 εὐχαριστίας
3341 3244 3402 3296 τὸ
3441 3243 3648 3307 πάθος*
3679 3246 3792 3297 τοῖν
3826 3243 3968 3296 δυοῖν

718 3320 945 3376 fratrum
972 3337 1113 3376 unus
1161 3321 1447 3374 admodum
1476 3321 1821 3385 adolescens,
1870 3321 2052 3375 statim
2099 3337 2162 3375 ac
2216 3321 2296 3374 af.

719 3412 822 3467 fuit
872 3413 1146 3467 discessus
1181 3411 1312 3465 hora
1344 3452 1358 3476 ,
1415 3421 1468 3465 et
1492 3422 1826 3480 postremum
1893 3411 2009 3473 vale
2049 3412 2162 3481 jam
2214 3414 2298 3466 di-

717 3503 965 3568 cebatur,
1017 3513 1071 3558 et
1121 3502 1565 3572 compcllationes
1593 3502 1952 3572 ploratusque
1999 3514 2158 3573 atque
2185 3518 2300 3556 am-

720 3597 916 3669 plexus
967 3593 1208 3658 ﬂebant;
1270 3593 1402 3656 ille,
1465 3593 1684 3663 inquam
1719 3634 1733 3659 ,
1787 3594 1853 3647 ad
1900 3594 2089 3646 matris
2120 3594 2297 3648 sinum

718 3691 1019 3747 convolans
1066 3685 1500 3756 inseparabiliter
1553 3686 1828 3750 haerebat,
1879 3687 2036 3755 quasi
2091 3687 2296 3740 vitulus

719 3785 930 3855 sejungi
979 3799 1039 3838 se
1071 3797 1306 3836 renuens
1330 3820 1345 3844 ,
1399 3781 1732 3850 rogabatque
1764 3789 1821 3833 ut
1853 3795 2143 3849 parumper
2176 3795 2297 3835 cum

719 3886 895 3931 matre
925 3883 1203 3938 maneret;
1268 3882 1379 3927 tum
1426 3871 1544 3942 ejus
1598 3883 1782 3941 postea
1833 3871 2160 3927 voluntatem
2209 3888 2303 3925 ex.

719 3966 990 4036 pleturum
1041 3979 1099 4018 se
1158 3961 1544 4033 promittebat.
1611 3962 1747 4016 Num
1807 3962 1970 4033 igitur
2030 3978 2124 4018 cor
2172 3964 2300 4017 ada-

724 4055 1030 4110 mantinum
1061 4054 1327 4108 mollitum
1371 4062 1500 4117 est,
1547 4063 1641 4107 aut
1668 4054 1945 4119 concidit.
2005 4065 2097 4108 aut
2142 4054 2297 4123 pueri

723 4147 1018 4218 ploratibus
1055 4145 1284 4199 fractum
1315 4144 1440 4199 est?
1480 4143 1698 4198 Minime
1729 4146 1989 4213 gentium.
2027 4144 2294 4210 Quidnam

724 4254 853 4294 vero
901 4247 1092 4293 sancte
1138 4235 1465 4306 respondit?
1519 4236 1655 4290 Cum
1692 4237 1926 4304 quadam
1963 4239 2143 4292 vultus
2174 4247 2295 4292 tor-

725 4330 894 4385 vitate
922 4369 937 4393 ,
987 4327 1437 4398 potentissimum
1475 4337 1846 4380 maternorum
1878 4327 2145 4382 viscerum
2181 4329 2299 4383 vin-

725 4435 853 4476 cens
885 4417 1140 4472 affectum
1169 4434 1182 4470 :
1213 4415 1330 4471 Nisi
1366 4427 1574 4486 sponte,
1599 4419 1797 4487 inquit,
1825 4417 1918 4479 fili,
1951 4419 2175 4484 abieris,
2203 4435 2300 4487 ego

726 4522 781 4567 te
813 4526 976 4564 manu
1013 4509 1234 4580 propria
1267 4510 1318 4562 in
1344 4509 1523 4562 navim
1549 4509 1847 4578 imponam.
1902 4509 2080 4564 Cessit
2118 4511 2298 4579 itaque

2401 3339 2456 3391 δὲ
2488 3339 2758 3407 ἀδελφοῖν,
2810 3340 2838 3391 δ
2905 3338 3090 3407 ἔτερος
3157 3336 3353 3407 κομιδῇ
3388 3337 3508 3397 νέος
3533 3335 3607 3388 ὢν
3635 3335 3746 3404 (5),
3778 3335 3965 3403 ἐπειδὴ

2403 3427 2588 3498 παρῆν
2625 3429 2657 3497 ἡ
2685 3426 2784 3497 τῆς
2819 3425 3081 3496 ἐκδημίας
3112 3426 3296 3496 ῆμέρα
3319 3467 3334 3491 ,
3361 3425 3496 3478 οἵτε
3525 3425 3788 3495 ἐξιτήριοι
3823 3423 3970 3490 λόγοι

2402 3520 2496 3572 καὶ
2525 3520 2991 3589 προπεμπ-τήριοι,
3010 3515 3070 3570 αἶ
3095 3534 3154 3570 τε
3179 3516 3526 3587 ἀνακλήσεις,
3545 3517 3605 3568 αἴ
3630 3532 3689 3568 τε
3715 3513 3968 3583 οἰμωγαὶ,

2401 3611 2545 3663 αἵτε
2580 3609 2931 3680 περιπλοκαί,
2965 3605 3699 3679 ἐπέτρεχεν,είσεκολποῦτο,
3737 3605 3970 3656 δυσαπο⁴

2404 3701 2660 3764 σπάστως
2698 3696 2809 3768 εἶχε
2857 3703 2954 3770 τῆς
2995 3700 3199 3770 μητρὸς
3225 3738 3240 3762 ,
3285 3697 3490 3750 ὡσανεὶ
3541 3695 3840 3766 μοσχάριον
3873 3694 3968 3765 τὴν

2401 3788 2673 3853 διάζευξιν
2704 3789 3165 3857 ἀπαναινόμενον,
3197 3787 3383 3858 ἐξῄτει
3410 3787 3490 3839 ἐτι
3517 3785 3800 3856 ἐπιμένειν
3841 3785 3966 3855 πρὸς

2404 3883 2576 3953 βραχὺ
2605 3885 2672 3952 τῇ
2705 3875 3011 3952 μητρ“ι,εῐθ⁹
3040 3881 3268 3952 ὕστερον
3299 3880 3543 3952 πληροῦν
3572 3879 3740 3950 αὐτῆς
3767 3878 3830 3931 τὸ
3853 3877 3967 3949 βού-

2401 3975 2578 4044 λευμα
2619 3969 3091 4043 ἐπήγγελτο.Ἀρ⁹
3137 3969 3232 4026 οὖν
3270 3970 3722 4042 κατεμαλακίσθη
3761 3971 3794 4040 ῆ
3840 3969 3964 4024 ἀδα-

2403 4065 2633 4136 μαντίνη
2665 4064 2862 4134 καρδία
2905 4065 3088 4135 ἐκείνη
3113 4105 3128 4130 ,
3164 4065 3197 4135 ἢ
3235 4065 3558 4130 συνέπεσεν,
3594 4065 3627 4135 ἢ
3667 4062 3964 4117 συνώκλασε

2400 4158 2514 4218 τοῖς
2542 4155 2636 4208 τοῦ
2671 4155 2866 4218 παιδὸς
2910 4154 3462 4225 κλαυθμυρίσμασιν;
3509 4151 3807 4223 οὐμενοῦν·
3859 4150 3963 4204 ἀλλ’

2399 4243 2512 4301 οἷον
2546 4249 2606 4301 τὸ
2639 4249 2787 4301 ὅσιον
2837 4247 3007 4318 αὐτῆς
3048 4247 3395 4317 ἐπίφθεγμας
3439 4247 3580 4316 μετά
3603 4262 3746 4307 τινος
3783 4243 3963 4313 ἐμϐρι-

2402 4339 2526 4402 θοῦς
2547 4338 2714 4402 ἕξεως
2732 4321 3202 4408 ὑπέρνικήσαντος
3227 4338 3336 4390 τῶν
3356 4335 3625 4408 μητρῴων
3652 4335 3962 4405 σπλάγχνων

2399 4432 2459 4484 τὸ
2487 4431 2972 4500 τυραννικώτατον,
3002 4430 3063 4482 Et
3102 4430 3176 4498 μὴ
3199 4427 3359 4490 ἑκὼν,
3382 4420 3626 4496 φησὶν,ὧ
3646 4426 3834 4480 τέκνον
3861 4428 3960 4478 ἀπο

2401 4523 2574 4584 έλθοις
2599 4563 2614 4587 ,
2647 4523 2756 4589 ἐγώ
2807 4539 2864 4574 σε
2899 4524 2966 4591 τῇ
3016 4519 3106 4589 νηῒ
3149 4519 3427 4589 αὐτοχειρὶ
3462 4516 3827 4587 ἐπιϐαλοῦμαι
3856 4517 3956 4585 (6)·

729 4619 882 4673 puer,
908 4611 962 4656 et
990 4615 1240 4655 seorsum
1274 4600 1650 4656 discessimus.
1682 4601 1771 4654 Illa
1802 4611 1982 4656 autem
2008 4641 2023 4666 ,
2054 4610 2112 4655 ut
2141 4613 2289 4671 puto,

2399 4611 2538 4678 εἶξεν
2573 4614 2666 4667 οὖν
2690 4617 2717 4666 ό
2736 4616 2881 4676 παῖς,
2909 4613 3002 4665 κα)⁸
3029 4612 3320 4681 διέστημεν
3344 4611 3641 4695 ἀμφότεροι
3661 4627 3674 4641 ·
3717 4609 3953 4678 κάκείνη,

727 4714 823 4768 par
869 4696 1127 4767 quiddam
1185 4705 1453 4766 patrasset
1485 4735 1500 4760 ,
1555 4712 1618 4750 ac
1651 4699 1704 4750 in
1746 4697 2104 4767 quadraginta
2155 4711 2299 4749 mar-

729 4800 906 4861 tyrum
949 4789 1216 4858 supplicio
1240 4797 1429 4843 sancta
1462 4797 1664 4852 mater,
1697 4803 1818 4858 qua:
1849 4789 2114 4842 celebrem
2147 4788 2296 4842 illum

728 4881 1021 4952 spirantem
1064 4881 1242 4936 adhuc
1284 4881 1453 4936 ﬁlium
1485 4898 1644 4938 suum
1679 4883 1732 4937 in
1790 4883 2091 4952 plaustrum
2135 4883 2297 4938 attol-

728 4973 846 5026 lens
882 4973 1163 5041 imposuit.

805 5057 854 5114 8.
916 5059 1057 5126 Quid
1089 5075 1219 5116 vero
1247 5071 1432 5131 postea
1458 5063 1481 5116 ?
1531 5061 1766 5132 Optabat
1798 5063 2058 5133 praeclara
2097 5064 2298 5118 femina

728 5152 833 5209 sub
863 5152 1171 5207 obedientia
1204 5156 1379 5224 magis
1407 5153 1590 5209 vivere
1614 5193 1630 5218 .
1665 5155 1809 5222 quod
1833 5165 1886 5209 et
1915 5170 2132 5225 aequum
2161 5166 2297 5210 erat.

732 5244 838 5300 Sed
867 5244 996 5314 quia
1048 5259 1114 5299 ex
1149 5247 1420 5316 praeterito
1475 5257 1776 5315 temporum
1834 5247 2071 5312 turbine,
2125 5262 2301 5316 neque

729 5337 1124 5392 monasterium
1157 5339 1335 5394 adhuc
1365 5348 1482 5394 erat
1517 5346 1892 5393 constructum
1919 5383 1931 5406 ,
1970 5355 2146 5409 neque
2182 5356 2299 5395 mo-

803 5453 881 5523 (5)
920 5453 1048 5508 Erat
1069 5453 1156 5508 hic
1188 5453 1413 5508 nomine
1440 5452 1788 5524 Euthymius,
1819 5455 1887 5510 de
1925 5469 2034 5525 quo
2071 5453 2208 5509 infra
2246 5455 2300 5510 in

732 5521 922 5578 adnot.
945 5539 1082 5594 pag.
1111 5538 1227 5594 seq.

807 5594 885 5665 (ϐ)
928 5591 1254 5665 Sanctorum
1285 5591 1427 5648 facta
1467 5593 1821 5656 admiremur,
1865 5593 1955 5664 qui
1992 5597 2172 5650 omnia
2212 5597 2299 5665 pio

735 5662 936 5736 mentis
959 5662 1153 5736 aﬂ‘ectu
1178 5673 1441 5736 egerunt;
1470 5662 1918 5736 quanquaminoit
1943 5680 2096 5736 aeque
2113 5662 2296 5720 omnia

736 5735 939 5806 imitari
964 5732 1246 5806 debemus}
1272 5732 1432 5806 Certe
1469 5732 1832 5806 adolescentis
1873 5732 2147 5806 Euth'ytnii
2187 5753 2293 5791 non

737 5805 870 5861 satis
909 5804 1126 5858 firmum
1159 5803 1393 5876 religiosi
1421 5804 1651 5876 instituti
1670 5803 2030 5876 suscipiendi
2051 5807 2294 5876 proposi-

740 5887 851 5931 tum
906 5889 1029 5930 mox
1085 5872 1560 5944 matri—fratrique
1605 5872 2022 5932 sollicitudinem
2052 5872 2291 5942 gravem

2399 4704 2471 4766 ὡς
2501 4703 2663 4768 δοκῶ,
2714 4702 3014 4772 ἐφάμιλλον
3054 4719 3108 4756 τι
3157 4703 3255 4773 τῆς
3299 4704 3392 4756 ἐπὶ
3421 4701 3514 4754 τοῦ
3547 4701 3657 4754 τῶν
3692 4702 3956 4774 Τεσσαρά-

2401 4809 2568 4846 κοντα
2601 4791 2896 4863 μαρτύρων
2923 4791 3087 4860 ἁγίας
3130 4794 3338 4863 μητρὸς
3367 4791 3632 4862 ᾀδομένου
3662 4792 3756 4844 ἐπὶ
3785 4794 3850 4861 τῇ
3872 4791 3956 4861 τῆς

2410 4884 2625 4955 ἀμάξης
2652 4885 2748 4937 τοῦ
2776 4884 2855 4939 ἑτι
2882 4885 3210 4954 ἐμπνέοντος
3230 4884 3431 4939 οἰκείου
3456 4883 3574 4938 υίοῦ
3606 4884 3764 4938 deos:
3787 4901 3844 4938 τε
3877 4887 3958 4938 καὶ

2401 4976 2663 5040 ἐπιθέσει,
2697 4976 3008 5041 ἐξετέλεσεν
3031 4978 3130 5046 (7).

2479 5071 2549 5135 η’.
2603 5065 2764 5119 Ἀλλά
2793 5066 2844 5117 τί
2879 5067 2948 5117 τά
2986 5066 3150 5135 ἐξῆς;
3192 5064 3410 5119 Ἐπόθει
3449 5065 3634 5118 τοίνυν
3678 5064 3712 5134 ἡ
3756 5065 3956 5132 γενναία

2405 5158 2668 5229 ἄρχεσθαι
2703 5158 2904 5227 μᾶλλον
2923 5197 2939 5222 ,
2968 5157 3156 5228 ὥσπερ
3187 5159 3282 5211 καὶ
3317 5152 3385 5228 ἦν
3421 5158 3630 5212 δίκαιον
3649 5177 3662 5190 ·
3704 5157 3883 5228 ἐπειδὴ
3907 5157 3954 5210 δὲ

2406 5253 2472 5304 ἐκ
2509 5251 2608 5320 τῆς
2651 5252 2782 5322 πρὶν
2811 5251 3129 5321 διειλήσεως
3150 5291 3165 5314 ,
3191 5249 3316 5304 οὕτε
3353 5253 3717 5322 μοναστήριον
3744 5246 3811 5320 ἦν
3845 5267 3951 5303 συν-

2411 5344 2734 5413 ιστάμενον,
2789 5343 2899 5396 οὐδ’
2952 5342 3023 5396 αὖ
3067 5342 3214 5413 ψυχὴ
3271 5343 3652 5412 ἐπιστημόνως
3701 5341 3949 5411 δυναμένη

2403 5457 2632 5520 creavit,
2667 5468 2725 5512 ut
2771 5468 2892 5528 post
2927 5458 3158 5512 dicetur.
3203 5459 3526 5528 lmpositnra
3572 5468 3750 5514 autem
3783 5460 3948 5516 fuisset

2404 5529 2456 5581 in
2491 5531 2670 5582 navim
2708 5528 3023 5583 Theoctista
3050 5529 3241 5592 tilium,
3270 5533 3396 5596 quia
3427 5530 3819 5583 transeundum
3848 5540 3948 5586 erat

2404 5599 2540 5651 ultra
2577 5599 2916 5668 Bosphorum
2946 5600 3012 5653 ad
3043 5598 3403 5653 Saccudionis
3445 5599 3498 5652 in
3533 5599 3661 5653 Asia
3696 5610 3944 5655 monaste-

2400 5669 2564 5722 rium.
2603 5667 2710 5722 Vit.
2749 5667 2957 5722 Theod.
2996 5683 3118 5735 cap.
3154 5670 3204 5720 5.

2470 5738 2546 5805 (7)
2590 5739 2816 5809 Exstant
2854 5738 3238 5809 pulcherrimae
3267 5738 3334 5791 de
3381 5738 3465 5809 his
3500 5755 3567 5794 xi.
3602 5737 3725 5792 MM.
3759 5739 3936 5796 Oratio-

2399 5804 2492 5865 nes
2523 5809 2620 5863 SS.
2661 5804 2868 5875 Basilii,
2893 5819 2944 5864 et
2975 5807 3136 5879 (ἂι-εις.
3170 5804 3419 5880 Nysseni.
