4170 6514
253 425 362 491 893

790 436 1075 499 ORATIO
1099 440 1271 502 XIII.
1303 469 1374 480 --
1421 448 1810 512 LAUDATIO
1859 454 2249 520 FUNEBBIS
2282 461 2364 523 ΙΝ
2423 462 2747 525 MATREM
2773 466 3004 530 SUAM.

3407 475 3512 536 894

251 538 588 609 ἀφηγεῖσθαι
620 540 734 596 τῶν
766 544 1000 608 πολλῶν,
1028 548 1092 600 ἐκ
1113 549 1302 605 τούτου
1331 551 1578 622 βιάζεται
1604 557 1709 612 ὑπὸ
1742 576 1808 613 τοι

1940 565 2102 622 nialis
2166 569 2350 625 aderat
2414 587 2535 640 qua:
2588 575 2882 643 prudenter
2926 586 3249 636 caeterarum
3306 594 3508 639 emtum

249 630 488 701 άδεκφοῦ
518 633 893 704 κελλιωτικῶς
939 638 1016 708 (8)
1059 638 1254 708 βιῶσαι
1287 645 1429 714 μετὰ
1459 647 1558 718 τῆς
1589 667 1833 722 προκαρ-

1933 671 2120 729 regere
2168 670 2397 731 posset,
2454 671 2742 733 propterea
2792 682 2822 721 a
2860 665 3025 723 fratre
3053 670 3266 741 cogitur
3290 673 3511 730 cellula-

251 722 448 795 θείσης
483 723 814 799 θυγατρίδος
855 732 946 784 καὶ
994 733 1190 804 ἐτέρας
1237 740 1570 807 συγγενίδος.
1616 745 1692 815 Ζῇ
1733 744 1808 814 μὲε

1997 722 2021 729 -
2168 722 2185 731 -
2383 722 2394 728 .
2456 722 2470 732 .
2557 722 2574 733 .
2953 722 2956 723 γ
3006 722 3017 723 κ
3062 722 3255 741 --οηη
3293 722 3482 730 --η-.-

1934 766 2128 806 norum
2160 769 2311 808 more
2336 755 2559 822 vivere,
2619 773 2743 813 cum
2794 759 2902 816 filia
2954 761 3069 830 jam
3107 773 3264 820 antea
3311 774 3506 834 tonsa,

247 814 456 872 αὐτίκα
479 818 904 893 ύπομονητικῶς
925 838 939 853 ⁸
967 824 1034 898 ζῇ
1054 826 1110 881 δὲ
1133 828 1430 902 ὀδυνηρῶςο
1455 833 1571 898 πῶς
1597 836 1707 906 γὰρ
1732 837 1828 906 eli;

247 908 343 961 τὸν
371 912 828 982 χειραγωγοῦντα
861 918 936 987 μὴ
988 921 1306 992 κεκτημένη
1328 965 1344 990 ,
1397 925 1494 980 καὶ
1526 927 1626 992 τὰς
1676 930 1828 983 ἀντι-

247 1002 605 1071 πραττούσας
645 1005 725 1077 τῷ
750 1008 999 1065 εὐσεϐεῖν
1025 1013 1398 1087 ἐφευραμινη.
1420 1018 1517 1071 καὶ
1547 1020 1826 1084 τοσοῦτον,

243 1088 392 1144 ὥστε
420 1093 517 1147 καὶ
541 1093 636 1148 τοῦ
673 1097 923 1167 σεμνείου
949 1097 1308 1171 ἐξορίζεσθαι.
1350 1106 1620 1178 Αἰδοῦμαι
1651 1110 1827 1163 εἰπεῖν

243 1180 393 1252 ὑπὲρ
422 1182 568 1247 τίνος
605 1185 701 1240 καὶ
729 1186 819 1239 διὰ
846 1187 990 1252 τίνος
1012 1230 1028 1255 ,
1065 1193 1239 1258 φειδοί
1276 1194 1388 1248 τῶν
1417 1196 1788 1268 ἀκροωμένων
1807 1215 1824 1231 ⁸

243 1273 402 1343 ὅμως
434 1275 593 1346 φέρει
634 1277 776 1349 ὑπὲρ
803 1278 898 1332 τοῦ
930 1281 1098 1335 καλοῦ
1136 1284 1423 1356 πάσχουσα
1455 1291 1549 1342 καὶ
1586 1291 1674 1344 διὰ
1713 1292 1826 1346 Κύ-

247 1381 368 1434 ριον
395 1367 767 1441 πελαζομένη.
803 1371 911 1424 Καὶ
938 1373 1038 1426 ούκ
1071 1369 1169 1428 οἷδ’
1200 1376 1351 1442 ὅπως
1379 1379 1703 1449 άπαγγείλω
1725 1382 1823 1446 τάς

241 1459 589 1530 ἐπαλλήλους
629 1463 898 1534 ἐπιφορὰς
929 1467 1024 1519 καὶ
1052 1471 1382 1538 μεταγωγὰς
1419 1472 1522 1541 τῆς
1552 1471 1698 1544 ζωῆς
1726 1473 1824 1528 αύ-

238 1549 364 1617 τῆς,
402 1550 495 1603 καὶ¹
531 1550 632 1615 τὰς
661 1553 1039 1624 ἐπισυμὸάσας
1084 1559 1238 1628 ἡμῖν,
1282 1561 1346 1613 ἐκ
1372 1577 1430 1614 τε
1467 1563 1814 1631 συγγενείας,

238 1641 307 1693 ἐκ
330 1657 390 1694 τε
423 1641 702 1712 βασιλείας
729 1644 936 1716 θλίψεις
969 1649 1061 1701 καὶ
1091 1650 1284 1716 ὀδύνας
1319 1653 1414 1706 καὶ
1443 1656 1817 1726 περιστάσεις·

237 1729 302 1782 τὸ
335 1729 392 1782 δὲ
423 1731 794 1802 συναγόμενον
831 1731 933 1806 ἦν,
993 1739 1026 1807 ἠ
1056 1738 1430 1812 θρυλλουμένη
1468 1745 1684 1814 μοιχεία
1724 1745 1818 1800 τοῦ

237 1822 669 1892 αὐτοκράτορος,
700 1827 840 1898 ὑπὲρ
862 1823 930 1899 ἦς
959 1833 1052 1884 καὶ
1073 1834 1133 1886 τὸ
1157 1836 1390 1904 πάσχειν
1420 1832 1487 1908 ἦν
1510 1839 1645 1909 αὐτῇ
1671 1838 1814 1909 [cod.

235 1917 425 1991 αὐτῇ.
446 1919 605 1973 Ἐπεὶ
644 1921 700 1974 δὲ
728 1923 823 1976 τοῦ
855 1926 1237 1995 οίκουμενικοῦ
1267 1929 1618 1999 τολμήματος
1647 1933 1816 2000 ἐμνή-

235 2009 398 2080 σθην,
436 2013 549 2066 ῐστε
584 2007 696 2067 οἷον
723 2014 981 2087 ὀδυνηρὸν
1009 2017 1230 2084 ἐλαϐεν,
1260 2020 1426 2089 ἡνίκα
1474 2021 1620 2093 ἐώρα
1669 2024 1817 2092 ἡμᾶς

234 2104 302 2157 ἐκ
331 2103 427 2158 τοῦ
464 2109 838 2180 μοναστηρίου
865 2109 1300 2181 ἁρπαζομένους,
1321 2114 1650 2168 συνελθοῦσα
1675 2116 1818 2170 κατὰ

231 2195 338 2265 τὴν
372 2196 557 2267 ὦρανο
590 2200 730 2252 άλλά
773 2203 821 2253 εἰ
853 2204 946 2255 καὶ
974 2203 1033 2254 τὸ
1066 2203 1290 2273 θρηνεῖν
1335 2201 1402 2276 ἦν
1442 2207 1578 2278 αύτῇ
1625 2225 1810 2278 μονουο

236 2288 378 2361 μένῃ
411 2290 648 2358 μάλιστα
673 2293 732 2357 ἐξ
758 2293 938 2362 ἡμῶν,
958 2294 1060 2347 οὐκ
1078 2296 1485 2368 ἠγανάκτησεν,
1509 2301 1569 2353 ού
1593 2303 1814 2372 προΐετο

235 2379 395 2448 ῥῆμα
447 2381 661 2450 άγενές,
692 2383 812 2435 ούδέ
850 2382 1046 2456 ἔρρηξε
1075 2386 1166 2440 τὸν
1199 2389 1421 2458 χιτῶνα,
1450 2390 1549 2443 ούκ
1581 2391 1814 2460 ἠλάλαξε

232 2472 350 2533 τοῖς
378 2475 673 2537 κωκυτοίς’
708 2475 843 2541 ἀλλ’,
863 2477 1080 2541 ’Δπιτε,
1110 2482 1293 2551 φησὶν,
1313 2475 1358 2535 ὦ
1387 2482 1574 2546 παῖδες
1598 2484 1692 2537 καὶ
1709 2483 1814 2536 σώ-

231 2561 417 2626 ζοισθε
450 2565 509 2618 ὲν
539 2565 749 2637 Κυρίῳ,
779 2567 1024 2640 ὅπουπερ
1056 2571 1122 2624 ἂν
1175 2573 1502 2642 ἀπάγοισθε,
1531 2576 1626 2629 καὶ
1653 2576 1813 2631 ὁποῖά

230 2657 355 2708 ποτ’
389 2655 455 2709 ἂν
488 2659 840 2724 πάθοιτε-,διὰ
866 2663 1030 2732 νόμον
1054 2665 1220 2718 αὐτοῦ
1244 2666 1404 2719 τοῦτο
1429 2668 1808 2739 προελόμενοι⁸

227 2747 440 2815 ἀγαθὸν
484 2749 593 2820 γάρ
623 2752 753 2821 ὑμῖν
785 2753 814 2806 ὃ
846 2771 898 2808 τι
926 2756 992 2809 ἂν
1022 2758 1116 2810 καὶ
1148 2758 1480 2830 ὑποσταίητε
1513 2760 1684 2814 δεινὸν
1715 2762 1811 2831 μέ-

229 2855 327 2906 χρι
373 2841 466 2893 καὶ
510 2840 764 2910 αἵματος,
800 2843 832 2913 ἦ
882 2847 1262 2916 προσήκασθαι
1296 2849 1386 2901 τὸν
1419 2849 1807 2919 μοιχεύσαντα,

234 2929 337 2981 καὶ
365 2929 452 2982 διὰ
485 2930 646 2984 τοῦτο
680 2933 972 3002 προδοῦναι
1015 2935 1114 3006 τὴν
1154 2936 1436 3007 ἀλήθειαν.
1464 2940 1526 2991 ’Ὡ
1558 2939 1658 3008 τῆς
1694 2939 1809 2991 τολ-

231 3022 418 3090 μηρᾶς
432 3022 524 3074 καὶ
554 3023 803 3090 γενναίας
825 3026 1037 3097 ψυχῆςι
1073 3027 1235 3091 εὐθὺς
1258 3028 1318 3080 ού
1344 3029 1673 3096 κατέπεσεν,
1702 3029 1808 3084 ὣσ-

231 3126 344 3179 περ
369 3106 438 3180 ἦν
473 3112 640 3179 είκὸς,
668 3113 1103 3186 χθαμαλωτέρας
1138 3120 1232 3171 καὶ
1273 3107 1538 3190 ἀνάνδρου
1575 3119 1804 3173 παθεῖν⁹

227 3201 368 3254 ἀλλὰ
397 3201 484 3267 τίς
514 3204 938 3277 συνεξεδήμησε,
976 3209 1434 3282 συνωδοιπόρησε,
1470 3213 1804 3286 συνέθραυσε

226 3293 291 3345 τὸ
317 3293 678 3350 άπαλώτατον
710 3300 958 3369 σαρκίον,
1004 3303 1069 3370 τῇ
1114 3300 1209 3354 τοῦ
1253 3302 1412 3373 ὅρους
1463 3305 1800 3379 ύπερὸάσει·
1834 3277 1877 3334 C

226 3387 353 3440 ούδέ
385 3388 479 3441 τὸν
515 3391 798 3463 πρόθυμον
831 3394 1217 3466 συνοδοιπόρον
1250 3399 1531 3469 εὑραμένη
1553 3417 1565 3430 ι
1601 3401 1684 3467 αἲ,
1724 3399 1804 3464 αἲ,

226 3477 351 3543 πῶς
392 3481 650 3548 γεγόνασι
694 3485 894 3548 πάντες
919 3487 1009 3538 τοῦ
1037 3487 1232 3558 καιροῦ
1278 3489 1802 3562 άπανΘρωπότεροι;

226 3569 323 3619 καὶ
355 3568 558 3637 μᾶλλόν
587 3588 734 3635 τινες
771 3574 866 3626 καὶ
894 3576 1467 3644 προσεπεμῦαίνοντες
1504 3579 1596 3633 καὶ
1635 3598 1806 3651 προσ-

223 3660 583 3726 ονειδὶζοντες
608 3663 720 3717 ,τῶν
752 3666 1101 3736 ὑποχειρίων,
1133 3667 1208 3732 ὠς
1237 3670 1598 3741 πληρωθῆναι
1625 3674 1686 3726 τὸ
1712 3675 1804 3728 εύ-

222 3752 539 3821 αγγελικδν,
567 3755 652 3808 ὅτι
697 3756 923 3825 Ἑχθροί
958 3757 1062 3812 τοῦ
1097 3761 1416 3830 ἀνθρώπου
1445 3767 1499 3818 οι
1521 3765 1803 3820 οῑκειακοὶ

206 3843 447 3909 ,αὐτοῦ’
489 3844 689 3914 ἔφθασε
727 3847 858 3917 γοῦν
899 3849 1044 3920 ἡμᾶς
1082 3852 1175 3905 καὶ
1213 3852 1566 3918 αἰκισθέντας
1614 3856 1648 3925 ἡ
1692 3873 1793 3926 μα-

223 3935 415 4008 καρία.

293 4097 359 4150 θ’.
401 4095 512 4149 Καὶ
547 4099 620 4168 μή
653 4115 739 4163 τις
784 4100 842 4153 ἐν
884 4099 1019 4172 τῷδε
1064 4099 1348 4174 λογίσηται
1382 4105 1608 4170 ἑαυτοὺς
1653 4108 1801 4179 ἡμᾶς

219 4189 613 4258 ἐγκωμιάζειν,
658 4192 759 4244 οὐκ
815 4192 1039 4262 ἔχοντάς
1086 4211 1138 4248 τι
1184 4195 1294 4248 τῶν
1349 4199 1796 4269 ἐπαινουμένωνο

217 4280 374 4333 ἄλλοι
408 4280 518 4354 γὰρ
555 4282 652 4353 οὐχ
687 4284 846 4353 ἡμεῖς
877 4286 927 4337 οι
961 4285 1368 4357 ἀνδρισάμενοι,
1406 4291 1501 4343 καὶ
1531 4290 1610 4360 τῷ
1636 4289 1800 4362 κοινῷ

224 4371 407 4442 Ilath
440 4374 811 4444 ἐπιγραπτέον
844 4381 905 4428 τὸ
935 4377 1269 4449 κατόρθωμα
1286 4378 1361 4449 (9)
1383 4398 1396 4411 ·
1419 4381 1506 4434 ἵνα
1529 4381 1586 4434 δὲ
1615 4399 1799 4455 παρα-

218 4466 512 4533 στήσωμεν
543 4465 632 4518 τὸν
656 4466 755 4534 τῆς
771 4469 1168 4540 ἐπαινουμένης
1188 4469 1398 4539 άγῶνα,
1423 4473 1506 4526 ἐνε
1517 4473 1659 4528 πέσα
1668 4491 1794 4545 μεν,

218 4551 528 4621 σύγγνωτε,
562 4557 640 4617 είς
668 4555 794 4618 τοὺς
827 4557 954 4627 περὶ
988 4559 1097 4610 τῶν
1134 4561 1419 4631 ἡμετέρων
1442 4563 1666 4618 ἐκείνων
1705 4565 1795 4618 λό-

213 4661 377 4711 γους,
411 4646 487 4709 ὠς
530 4647 588 4700 ού
625 4647 1036 4719 βεϐουλήμεθα·
1078 4653 1233 4716 ἀλλὰ,
1279 4655 1478 4723 Μέγας
1521 4660 1552 4710 ό
1578 4659 1795 4725 Κύριος

213 4737 406 4808 ἡμῶν.
438 4740 532 4793 καί
561 4741 794 4810 μεγάλη
825 4743 862 4809 ὴ
882 4743 1060 4810 ἰσχὺς
1089 4746 1296 4801 αὑτοῦ.
1330 4747 1418 4811 Ὠς
1455 4750 1637 4820 ἐκείνη
1669 4750 1793 4802 λαν-

214 4828 487 4894 θανόντως
545 4833 796 4905 ύπεισῄει
862 4833 922 4887 ὲν
974 4836 1054 4906 τῷ
1111 4838 1357 4909 φρουρίῳ
1414 4839 1510 4903 τὰς
1577 4841 1793 4909 πληγὰς

211 4923 416 4993 δρῶσα,
450 4925 543 4977 καὶ
571 4925 772 4989 ταύτας
803 4927 1179 4998 ὑπαλείφουσα
1204 4971 1218 4993 ,
1255 4931 1350 4983 καὶ
1376 4929 1453 5001 τῷ
1479 4931 1599 5002 Θεῷ
1633 4931 1791 4997 δόξαν

211 5015 305 5067 καὶ
333 5008 484 5068 αἶνον
515 5016 574 5069 ἐν
599 5017 676 5087 τῷ
708 5018 776 5071 δι’
806 5020 1026 5090 ἐντολὴν
1060 5019 1223 5074 αὑτοῦ
1253 5021 1425 5076 ταῦτα
1457 5023 1785 5092 ύφίστατθαι

208 5107 276 5158 τα
307 5106 482 5177 αὐτῆς
513 5107 715 5177 ἔγγονα
742 5110 1177 5184 άναπέμπουσα’
1213 5112 1386 5176 οὕτως
1419 5116 1567 5186 ἡμᾶς
1604 5116 1785 5169 εὐκτι-

209 5196 320 5260 κῶς
345 5198 442 5250 καὶ
471 5198 897 5272 κλαυθμυρικῶς
925 5204 1021 5258 καὶ
1050 5204 1367 5276 περιχαρῶς
1389 5206 1449 5258 ἐν
1475 5207 1783 5279 μεταιχμίῳ

205 5288 315 5342 τῶν
344 5288 442 5342 δύο
464 5290 673 5358 παθῶν,
704 5294 770 5348 ἐκ
797 5295 907 5349 τῶν
940 5297 1117 5350 ἐκεῖσε
1145 5297 1280 5369 πρὸς
1304 5295 1375 5351 τὰ
1405 5298 1662 5354 ἐπέκεινα
1685 5303 1784 5371 τῆς

276 5487 299 5521 ⁸
338 5489 528 5545 Matth.
566 5509 618 5557 ι,
649 5493 738 5548 36.
815 5498 834 5528 ⁶
873 5495 1018 5552 Psal.
1051 5515 1231 5566 cxtvt,
1266 5502 1318 5557 5.

274 5664 352 5732 (8)
391 5666 656 5724 Cellulani
685 5686 782 5727 seu
823 5673 1051 5730 celliote
1079 5676 1335 5732 monachi
1372 5688 1469 5733 aut
1509 5679 1780 5736 moniales

202 5743 357 5818 extra
380 5741 784 5818 [monasterium
829 5743 882 5818 in
922 5745 1076 5818 cellis
1110 5747 1442 5818 habitantes.
1483 5749 1551 5804 de
1580 5749 1779 5818 quibus

204 5807 346 5887 satis
376 5806 710 5887 Cangiusin
741 5811 963 5887 Lexico,
997 5816 1178 5876 citatis
1210 5817 1415 5875 Graecis
1434 5806 1775 5887 auCto'ribus,

202 5885 251 5928 et
283 5882 586 5944 praisertim
619 5882 838 5937 Allatio.

1931 842 2146 913 aliaque
2194 855 2446 917 cognata.
2503 847 2811 920 Statimque
2864 853 3157 920 patientem
3205 857 3373 912 vitam
3415 874 3509 914 ex-

1932 942 2084 1004 perta
2117 944 2203 991 est
2232 978 2249 1003 ,
2288 940 2706 1010 necessarioque
2741 942 2951 997 tristem
2980 985 2996 1011 ,
3031 945 3158 1016 quia
3190 956 3244 1002 et
3272 949 3502 1019 spiritali

1928 1026 2068 1081 duce
2093 1029 2335 1093 carebat,
2370 1030 2417 1083 ei
2451 1031 2718 1100 quasdam
2752 1041 2910 1088 nacta
2941 1044 3024 1090 est
3068 1037 3285 1093 sodales
3316 1039 3504 1108 pietati

1926 1118 2185 1174 adversas
2219 1159 2236 1185 ,
2292 1120 2346 1175 in
2384 1129 2594 1176 tantum
2629 1133 2684 1178 ut
2711 1124 2872 1178 etiam
2931 1141 3090 1182 sacro
3118 1128 3210 1182 illo
3253 1130 3371 1185 loco
3411 1148 3506 1186 cx-

1927 1209 2246 1279 pelleretur.
2267 1210 2377 1265 Cur
2393 1223 2574 1267 autem
2600 1214 2682 1268 vel
2707 1215 2865 1285 cujus
2889 1232 3077 1287 opera,
3105 1221 3272 1288 pudet
3297 1223 3502 1289 dicere,

1928 1308 1984 1352 ut
2014 1299 2351 1355 audientium
2402 1303 2632 1358 auribus
2690 1320 2932 1374 parcam.
2992 1309 3240 1363 Attamen
3288 1313 3504 1368 virtutis

1924 1406 2089 1447 causa
2116 1433 2132 1458 ,
2185 1402 2238 1448 et
2263 1404 2485 1464 propter
2517 1397 2803 1450 Dominum
2857 1398 3056 1453 afﬂicta
3084 1442 3097 1464 ,
3158 1403 3422 1470 patienter
3445 1419 3505 1458 se

1924 1485 2164 1554 gerebat.
2221 1484 2330 1542 Nec
2359 1503 2469 1558 quo
2501 1498 2658 1556 pacto
2697 1490 2916 1545 recitem
2971 1495 3086 1548 scio
3119 1495 3255 1550 alias
3283 1510 3346 1548 ex
3379 1496 3503 1550 aliis

1922 1578 2048 1632 vita:
2074 1577 2192 1645 ejus
2225 1580 2566 1635 calamitates
2596 1590 2650 1634 et
2683 1581 2827 1636 vices
2854 1623 2868 1645 ,
2903 1593 3225 1652 nostraSque
3254 1587 3502 1640 allinibus

1921 1678 1973 1721 et
1998 1669 2065 1722 ab
2089 1669 2316 1738 imperio
2335 1685 2645 1740 pressuras,
2671 1670 3014 1738 aﬂlictiones,
3038 1683 3092 1728 et
3118 1675 3498 1733 adversitates.

1924 1760 2146 1814 Summa
2178 1762 2251 1814 rei
2287 1760 2408 1826 fuit,
2445 1760 2719 1815 famosum
2753 1764 3103 1832 imperatoris
3134 1767 3462 1822 adulterium
3483 1812 3498 1836 ,

1923 1851 2067 1920 quod
2124 1853 2280 1906 matri
2313 1869 2532 1922 quoque
2564 1863 2765 1908 nostra:
2810 1871 2975 1910 causa
3022 1857 3233 1912 doloris
3263 1861 3497 1916 exstitit.

1923 1938 2076 1995 Nunc
2107 1958 2232 2011 quia
2263 1944 2542 2012 publicum
2573 1944 2789 2000 facinus
2818 1951 3242 2003 commemoravi
3280 1993 3295 2016 ,
3331 1953 3499 2020 probe

1926 2032 2078 2089 scitis
2137 2049 2301 2103 quam
2349 2051 2495 2105 aagre
2552 2035 2640 2089 illa
2694 2037 2898 2101 tulerit,
2951 2053 3071 2091 cum
3128 2055 3228 2094 nos
3271 2041 3338 2096 de
3377 2058 3496 2097 mo-

1923 2128 2162 2183 nasterio
2221 2128 2528 2184 abstractos
2591 2130 2744 2194 vidit,
2813 2131 3015 2201 quippe
3064 2149 3184 2202 quae
3234 2135 3298 2187 ad
3345 2135 3493 2190 illam

1920 2221 2111 2274 horam
2159 2229 2507 2277 convenerat.
2576 2221 2682 2276 Sed
2715 2225 2964 2290 quamvis
3022 2225 3074 2276 in
3133 2225 3280 2278 luctu
3338 2239 3492 2291 erat,

1919 2313 2173 2368 sodalitio
2216 2313 2516 2383 praesertim
2565 2325 2758 2368 nostro
2799 2315 3032 2384 spoliata
3065 2359 3079 2382 ,
3134 2333 3241 2370 non
3269 2328 3352 2373 est
3406 2320 3494 2372 in-

1916 2408 2155 2479 dignata,
2193 2423 2369 2478 neque
2396 2407 2710 2462 indecorum
2739 2410 3038 2479 quidquam
3076 2411 3254 2465 locuta
3279 2451 3292 2475 ,
3322 2427 3495 2482 neque

1917 2500 2156 2552 tunicam
2192 2499 2374 2563 scidit,
2411 2513 2588 2569 neque
2622 2499 2893 2554 clamores
2921 2501 3179 2569 lugubres
3216 2504 3438 2557 sustulit
3475 2521 3490 2570 ;

1915 2593 2006 2646 sed
2040 2591 2197 2646 Abite
2227 2632 2241 2659 ,
2280 2592 2456 2662 inquit
2479 2633 2493 2657 ,
2524 2592 2618 2647 filii
2648 2633 2666 2660 ,
2695 2603 2748 2649 et
2775 2595 2828 2648 in
2860 2593 3091 2649 Domino
3125 2597 3258 2650 salvi
3287 2608 3488 2660 eSIole,

1914 2699 2241 2753 quocunque
2301 2684 2520 2738 demum
2549 2685 2822 2740 ducemini
2854 2726 2868 2752 ,
2916 2697 2971 2740 et
3000 2688 3254 2755 quzelibct
3300 2703 3494 2758 perpe-

1916 2774 2165 2836 ttemini,
2230 2774 2672 2843 quandoquidem
2734 2774 2866 2845 legis
2924 2774 3072 2831 illius
3131 2779 3301 2846 gratia
3365 2793 3492 2847 pro-

1913 2865 2149 2932 positum
2208 2863 2310 2918 hoc
2347 2865 2691 2934 suscepistis.
2750 2865 2948 2922 Melius
3002 2868 3147 2922 enim
3189 2867 3345 2922 vobis
3384 2877 3488 2931 est,

1911 2970 2075 3026 grave
2135 2957 2410 3024 quodlibet
2443 2972 2614 3026 usque
2637 2958 2703 3012 ad
2733 2961 3060 3030 sanguinem
3096 2962 3205 3030 pati
3240 3000 3257 3026 ,
3322 2977 3488 3031 quam

1911 3049 2220 3104 adulterum
2275 3050 2327 3103 in
2383 3051 2824 3106 communionem
2861 3053 3169 3117 admittere,
3217 3064 3382 3124 atque
3415 3055 3488 3109 ita

1910 3142 2194 3194 veritatem
2225 3143 2475 3208 prodere.
2508 3141 2552 3196 Ο
2593 3142 2860 3212 intrepida
2887 3145 3069 3200 anima
3102 3155 3155 3200 et
3182 3161 3442 3216 generosa
3471 3148 3484 3200 l

1912 3231 1987 3285 lbi
2029 3231 2251 3286 Illittlme
2305 3233 2585 3297 concidit,
2645 3249 2742 3289 ceu
2793 3250 2890 3304 par
2924 3233 3118 3290 fuisset
3177 3237 3490 3306 contingere

1910 3323 2109 3378 infimae
2147 3323 2310 3378 alicui
2337 3333 2392 3378 et
2421 3325 2629 3378 enervi.
2665 3326 2806 3392 Quid
2841 3341 2969 3380 vero
2998 3327 3021 3378 ξ’
3048 3324 3345 3381 Nobiscum
3376 3328 3487 3381 dis-

1908 3413 2090 3478 cessit,
2143 3413 2427 3469 nobiscum
2470 3416 2573 3469 iter
2620 3416 2879 3486 suscepit,
2936 3417 3232 3471 delicatum
3278 3418 3488 3471 attrivit

1908 3508 2295 3576 corpusculum
2326 3507 2378 3560 in
2402 3508 2601 3561 montis
2623 3523 2876 3572 ascensu,
2903 3510 3109 3563 nullum
3131 3510 3364 3563 alacrem
3388 3510 3488 3563 viae

1907 3600 2160 3654 comitem
2194 3607 2371 3654 nacta.
2407 3598 2523 3653 Heu
2551 3601 2564 3653 ί
2604 3602 2703 3654 heu
2733 3603 2746 3654 l
2797 3603 3072 3669 quomodo
3104 3618 3294 3656 omnes
3323 3617 3485 3658 occa-

1907 3690 2156 3745 sionibus
2217 3691 2352 3744 fiunt
2407 3691 2734 3746 inhumani!
2791 3691 2934 3759 Quin
2987 3703 3040 3748 et
3098 3694 3348 3747 nonnulli
3404 3695 3486 3747 in-

1906 3780 2178 3836 sultabant
2197 3791 2253 3836 et
2274 3782 2730 3838 conviciabantur
2751 3786 2844 3855 qui
2868 3787 3081 3840 fuerant
3106 3786 3174 3840 de
3190 3785 3482 3851 famulitio,

1908 3881 1966 3925 ut
1996 3874 2377 3942 evangelicum
2402 3874 2534 3928 illud
2562 3877 2932 3945 compleretur
2967 3897 2980 3933 :
3016 3876 3230 3930 Inimici
3254 3877 3482 3930 hominis

1904 3964 2178 4019 domestici
2209 3966 2322 4036 ejus
2354 3967 2397 4018 ⁸.
2450 3964 2638 4037 Itaque
2666 3970 2732 4022 ad
2765 3985 2864 4025 nos
2895 3970 2948 4025 in
2977 3969 3315 4025 cruciatibus
3347 3985 3484 4042 quo-

1904 4072 2012 4128 que
2055 4060 2262 4128 positos
2292 4061 2447 4117 beata
2484 4063 2601 4118 haec
2632 4063 2961 4118 adventavit.

1976 4151 2028 4207 9.
2074 4149 2244 4206 Nemo
2283 4167 2489 4220 autem,
2523 4172 2730 4226 quaeso,
2764 4166 2975 4226 reputet
3007 4165 3224 4211 nosmet
3253 4157 3401 4226 ipsos
3451 4173 3479 4210 a

1904 4242 2063 4296 nobis
2098 4245 2416 4311 praedicari,
2449 4249 2544 4317 qui
2601 4264 2791 4304 revera
2834 4250 3038 4303 nullam
3071 4263 3278 4320 partem
3319 4250 3483 4319 hujus

1903 4332 2079 4389 laudis
2108 4338 2448 4408 attingimus.
2506 4339 2713 4411 Quippe
2737 4343 2828 4396 alii
2864 4383 2878 4407 ,
2930 4360 3037 4396 non
3070 4359 3170 4398 nos
3192 4384 3206 4408 ,
3261 4354 3483 4399 strenue

1901 4434 2145 4492 egerunt,
2208 4436 2260 4479 et
2309 4431 2588 4482 communi
2646 4432 2828 4500 potius
2873 4432 3020 4484 Patri
3056 4448 3140 4486 res
3171 4432 3306 4486 bene
3331 4443 3479 4502 gesta

1903 4512 2160 4566 vertenda
2211 4523 2311 4568 est.
2370 4513 2638 4584 ignoscite
2702 4531 2926 4582 autem,
2979 4520 3022 4572 si
3053 4519 3182 4572 dum
3251 4521 3482 4572 laudatae

1829 4619 1872 4674 ι)
1903 4597 2116 4654 femina:
2171 4613 2447 4656 certamen
2483 4606 2812 4674 exponimus
2834 4648 2849 4672 ,
2879 4608 3032 4660 inviti
3066 4611 3116 4660 in
3146 4622 3327 4660 rerum
3361 4607 3479 4660 illa-

1899 4705 2019 4742 rum
2052 4693 2420 4747 narrationem
2450 4695 2762 4750 incidimus.
2813 4697 2915 4750 Sed
2960 4697 3181 4767 Magnus
3219 4696 3475 4750 Dominus

1897 4789 2092 4843 noster,
2123 4789 2172 4831 et
2222 4796 2411 4848 magna
2462 4783 2626 4835 virtus
2661 4784 2774 4852 ejus
2806 4785 2827 4815 ⁸
2866 4786 2877 4839 ι
2910 4783 3003 4838 llla
3037 4784 3220 4855 itaque
3245 4785 3386 4839 clam
3419 4785 3472 4839 in

1895 4867 2196 4920 CttSlOdiallt
2228 4868 2496 4937 ingressa,
2526 4870 2657 4925 visis
2690 4871 2864 4940 plagis
2890 4887 3098 4943 easque
3133 4873 3379 4927 osculata
3422 4883 3476 4927 et

1894 4958 2256 5012 medicamine
2281 4976 2489 5030 ungens
2517 5001 2532 5026 ,
2597 4961 2707 5017 Deo
2743 4964 2970 5033 gloriam
3024 4966 3350 5036 laudemque
3377 4969 3474 5021 ob-

1895 5049 2039 5115 tulit,
2092 5051 2220 5120 quia
2291 5053 2386 5106 filii
2446 5055 2530 5109 sui
2597 5066 2819 5125 propter
2857 5055 3104 5126 ejusdem
3145 5059 3314 5131 legem
3347 5060 3471 5114 talia

1891 5146 2230 5207 paterentur.
2274 5141 2364 5195 Sic
2389 5141 2479 5195 illa
2515 5157 2619 5196 nos
2649 5159 2773 5198 eum
2808 5146 3061 5214 precibus
3083 5186 3098 5211 ,
3134 5149 3425 5217 gemitibus
3453 5191 3468 5213 ,

1891 5224 2167 5295 simulque
2191 5228 2484 5295 hilaritate,
2511 5231 2652 5284 inter
2676 5232 2774 5286 has
2794 5233 2932 5287 duas
2962 5235 3130 5288 animi
3154 5235 3469 5305 passiones,

1893 5313 2089 5369 abillo
2155 5316 2275 5370 loco
2315 5317 2380 5371 ad
2433 5319 2689 5376 ulteriora
2744 5321 3013 5378 abductos
3056 5324 3326 5380 comitatis
3374 5326 3470 5381 ad-

1960 5682 2038 5753 (9)
2077 5681 2194 5762 lps_e
2223 5682 2548 5762 Theodorus
2571 5696 2780 5762 patrem
2823 5704 2983 5762 suum
3018 5691 3321 5762 spiritalem
3347 5692 3465 5749 Pla-

1889 5761 2073 5831 tonem
2102 5754 2587 5831 adeonstantiam'
2610 5759 2663 5813 in
2709 5754 3066 5823 adversitate',
3098 5763 3332 5831 exempli
3369 5778 3467 5817 ca:-

1889 5824 2021 5902 teris
2068 5824 2339 5902 praebenti}
2379 5840 2569 5902 causa,
2617 5843 2946 5902 magnopere
2996 5824 3460 5890 hortatus'fuerat

1890 5892 2068 5946 Eoist.
2109 5893 2204 5948 lib.
2237 5909 2274 5960 ι,
2308 5893 2331 5948 1
2363 5905 2418 5952 et
2450 5895 2504 5950 2.
