4170 6478
715 373 822 437 895

1907 384 1968 442 S.
2009 383 2404 445 THEODORI
2446 387 2798 448 STUDlT/E

3889 395 3980 459 896

716 479 995 534 mirationi
1022 491 1162 563 erat,
1191 490 1246 538 et.
1284 499 1313 538 a
1347 483 1456 538 Deo
1493 485 1709 557 piisque
1749 487 2068 544 hominibus
2117 490 2290 546 beatae

2398 495 2702 566 ἀπαγωγῆς
2740 497 3196 570 παραπέμπουσα
3233 499 3579 571 ἐθαυμάζετο
3599 543 3615 568 ,
3646 501 3771 574 Θεῷ
3805 520 3862 556 τε
3891 508 3977 558 καὶ

726 580 929 620 nomen
963 569 1414 639 consequebatur.
1432 571 1524 628 Sic
1554 590 1656 629 nos
1702 591 1894 631 rursus
1925 579 2188 646 praevenit
2218 595 2302 634 re-

713 655 945 710 deuntes
989 655 1243 714 Catharis
1263 671 1317 714 et
1341 659 1785 718 Thessalonicam
1809 666 2064 718 exsilium
2088 668 2297 736 pulsos,

715 741 851 796 hora
899 743 1130 798 brumali
1192 755 1245 801 et
1300 751 1607 819 vespertina
1653 753 1708 806 in
1765 753 1994 808 taberna
2047 755 2253 810 rustica
2287 795 2302 820 ,

716 831 1060 890 clandestino
1088 847 1143 891 et
1179 839 1458 908 incognito
1489 842 1751 907 adventu,
1783 853 1841 898 ut
1878 860 1979 900 nos
2020 845 2225 900 videret
2248 856 2303 900 et

718 930 828 976 tota
881 921 1053 980 ferme
1105 938 1263 984 nocte
1311 932 1602 988 nobiscum
1653 945 1967 990 versaretur
1995 977 2010 1002 ,
2038 937 2167 991 dum
2201 952 2303 993 nos

717 1012 946 1068 invicem
986 1016 1039 1069 in
1089 1016 1322 1075 Domino
1365 1031 1688 1079 testamenta
1731 1026 2119 1082 conderemus.
2179 1025 2304 1082 Sta-

716 1105 925 1173 timque
961 1123 1178 1165 summo
1211 1127 1370 1168 mane
1391 1154 1406 1177 ,
1440 1116 1586 1186 quod
1616 1127 1733 1172 erat
1761 1119 2024 1173 acerbum
2059 1131 2112 1174 et
2141 1120 2305 1176 mise-

719 1198 936 1262 rabile,
995 1206 1264 1271 separatis
1332 1206 1603 1272 invicem,
1667 1210 1756 1264 illa
1807 1211 1928 1267 vale
1967 1211 2195 1275 dicens,
2250 1222 2306 1268 et

721 1300 979 1358 tanquam
1012 1291 1066 1345 in
1106 1296 1302 1350 animae
1329 1299 1807 1356 commendatione
1839 1303 2026 1357 oscula
2075 1302 2304 1372 singulis

717 1378 966 1445 corporis
1013 1383 1275 1438 membris
1327 1386 1668 1456 imprimens,
1727 1405 1852 1444 cum
1893 1390 2124 1461 gemitu,
2167 1390 2298 1461 Ego,

717 1467 900 1522 aiebat
934 1470 1032 1540 (ut
1076 1472 1197 1542 ejus
1241 1476 1515 1533 locutione
1547 1479 1711 1552 utar)
1756 1481 1870 1551 jam
1933 1498 2078 1538 nunc
2129 1498 2163 1537 o
2207 1484 2303 1539 lilii

716 1571 972 1625 suprema
1031 1564 1197 1618 verba
1260 1569 1623 1627 morientibus
1679 1572 1862 1627 dicere
1914 1574 2123 1628 videor.
2174 1572 2305 1629 Cui-

717 1643 846 1699 libet
879 1658 1060 1702 autem
1116 1653 1368 1708 rationali
1417 1669 1598 1712 mente
1651 1660 1879 1729 praedito
1911 1662 2218 1730 cujusmodi
2250 1662 2302 1716 id

717 1741 994 1806 negotium
1026 1740 1210 1809 fuerit,
1257 1747 1565 1816 conjectare
1604 1751 1749 1804 licet.
1796 1749 1932 1806 Nam
1966 1755 2012 1808 si
2046 1763 2303 1811 amanter

717 1825 858 1880 inter
908 1843 968 1884 se
1022 1833 1313 1902 copulatis,
1372 1847 1425 1890 et
1471 1854 1598 1893 mox
1660 1841 1970 1898 dissociatis
2023 1842 2107 1907 fit,
2143 1844 2301 1913 juxta
2334 1847 2375 1902 Β

717 1934 980 1989 magnum
1017 1921 1353 1996 Theologum
1388 1927 1737 2001 Gregorium,
1775 1935 1940 1989 unius
1967 1937 2216 2006 corporis
2244 1938 2298 1993 in

714 2009 825 2065 duo
876 2012 1158 2082 dissectio,
1200 2030 1254 2072 et
1317 2023 1602 2091 utriusque
1659 2025 2051 2094 mortiﬁcatio;
2105 2029 2196 2085 vel
2252 2030 2299 2085 si

714 2104 880 2159 boum
949 2106 1113 2164 simul
1188 2110 1590 2180 educatorum,
1640 2115 1931 2188 eidemque
1980 2118 2114 2188 jugo
2166 2120 2298 2175 sub-

715 2196 978 2262 ditorum,
1031 2216 1137 2255 non
1170 2203 1289 2258 sine
1322 2205 1536 2276 lugubri
1584 2211 1790 2280 mugitu
1839 2213 1896 2266 tit
1958 2213 2299 2279 dissociatio,

715 2293 958 2362 separari
991 2311 1099 2350 non
1131 2299 1448 2367 patientium
1477 2317 1492 2365 ;
1528 2302 1682 2371 quid,
1724 2305 1884 2373 quale
1924 2315 2302 2378 quantumque

714 2379 767 2431 in
796 2395 853 2434 re
885 2385 1137 2450 presenti
1169 2386 1467 2456 contigisse
1491 2390 1903 2445 concedemus?
1939 2390 2082 2446 Sane
2110 2395 2304 2449 utrim-

712 2481 842 2535 que,
886 2469 956 2523 ob
996 2468 1087 2524 Dei
1119 2473 1408 2538 timorem,
1459 2475 1668 2530 doloris
1721 2478 2072 2534 acerbitatem
2130 2483 2302 2553 repri-

715 2554 1000 2612 mehamus
1040 2575 1052 2610 :
1084 2559 1176 2613 scd
1227 2560 1277 2612 id
1313 2561 1533 2630 quidem
1564 2563 1726 2633 quale
1753 2577 2133 2638 quantumque
2169 2569 2298 2636 fuit,

715 2645 1147 2715 magnanimitati
1173 2649 1294 2718 ejus
1322 2652 1653 2708 ascribatur.

785 2884 872 2939 10.
920 2884 1092 2942 Porro
1152 2887 1219 2942 ad
1259 2904 1346 2945 res
1385 2899 1591 2945 vestras
1642 2892 1788 2962 quod
1829 2895 2043 2960 attinet,
2075 2894 2299 2962 fratres,

713 2974 814 3046 ipsi
854 2993 951 3032 vos
985 2982 1273 3043 narrastis,
1303 2981 1392 3051 qui
1425 2983 1782 3038 beneficentia
1813 2985 1960 3040 fruiti
1997 2988 2154 3049 estis,
2192 3003 2301 3056 quo

2400 587 2514 648 τοῖς
2559 587 2970 660 εὐσεϐεστέροις
3018 590 3130 644 τῶν
3175 591 3482 662 ἀνθρώπων
3533 592 3977 669 μακαριζομένηο

2401 674 2573 742 οὓτως
2603 678 2949 747 προέφθασεν
2973 676 3132 745 αὖθις
3169 681 3755 758 παλινστροφήσαντας
3785 691 3851 742 ικ
3881 689 3980 743 τῶν

2403 767 2637 838 Καθαρὰ
2671 769 2822 841 (10),
2856 771 2953 824 καὶ
2979 772 3117 843 πρὸς
3147 773 3555 847 Θεσσαλονίκην
3585 778 3982 851 ὑπεροριξομέ-

2403 876 2530 923 νους
2556 863 2635 924 είς
2659 861 2980 934 χειμερινὴν
3004 864 3096 916 καὶ
3124 865 3424 938 ἑσπεραίαν
3452 867 3601 938 ὥραν
3631 871 3692 923 ἐν
3719 872 3982 943 χωριακῷ

2405 951 2750 1022 καταλύματι
2775 993 2792 1019 ,
2843 954 2993 1024 φόϐῳ
3033 956 3211 1027 πολλῷ
3251 960 3652 1030 κρυπτοφανῶς
3698 963 3796 1016 καὶ
3837 964 3979 1018 ἀδια-

2404 1042 2663 1113 γνώστως
2719 1045 3050 1110 θεάσασθαι,
3101 1050 3196 1103 καὶ
3244 1055 3523 1122 συντυχεῖν
3564 1056 3696 1124 ήμῐν
3746 1054 3815 1108 δι’
3862 1055 3982 1126 ὅλης

2406 1134 2593 1205 σχεδὸν
2619 1137 2718 1206 τῆς
2751 1139 2976 1202 νυκτόςο
3009 1140 3346 1210 διαθεμένων
3379 1143 3536 1213 ήμῶν
3560 1144 3832 1216 διαθήκας
3875 1146 3980 1216 (H)

2405 1227 2504 1290 τὰς
2549 1228 2606 1280 ἐν
2659 1228 2851 1300 Κυρίῳ
2905 1233 3044 1302 πρὸς
3100 1234 3402 1306 ἀλλήλους,
3452 1236 3548 1289 καὶ
3602 1237 3768 1302 εὐθὺς
3820 1238 3981 1292 ἔωθεν

2406 1320 2608 1387 (ὁποῖον
2630 1314 2700 1390 ἦν
2753 1322 3005 1391 ἀλγεινὸν
3031 1325 3126 1379 καὶ
3158 1325 3390 1380 ἐλεεινόν
3421 1328 3460 1398 Ι)
3506 1328 3796 1399 διαζευγνυ
3807 1331 3980 1402 μένων

2403 1413 2562 1484 ήμῶν
2589 1415 2684 1467 ἀπ’
2720 1416 2967 1487 ἀλλήλων
2988 1457 3004 1481 ,
3037 1421 3298 1490 κάκείνης
3328 1422 3418 1476 τὸν
3465 1426 3864 1497 συντακτήριον
3893 1427 3978 1480 λόο

2405 1521 2502 1573 γον
2538 1506 2832 1578 ποιούσης,
2876 1511 2972 1563 καὶ
3006 1509 3082 1574 ὡς
3111 1510 3289 1575 έξόδια
3315 1515 3429 1577 τοῖς
3467 1514 3771 1585 φιλήμασιν
3812 1534 3980 1588 προσ-

2404 1598 2787 1669 επιτιθεμένης
2832 1602 2967 1672 ἡμῖν
3018 1605 3160 1657 κατά
3210 1606 3319 1658 πᾶν
3371 1605 3533 1675 μέλος
3577 1606 3673 1660 τοῦ
3729 1607 3980 1678 σώματος

2407 1690 2544 1759 μετὰ
2574 1692 2893 1762 κλαυθμῶν.
2945 1693 3086 1762 Ἐγὼ
3118 1696 3248 1767 γὰρ,
3281 1699 3468 1767 φησὶν,
3495 1699 3640 1768 ἄρτι,
3665 1700 3857 1764 τέκνα,
3898 1700 3978 1753 ῐνα

2405 1784 2498 1837 καὶ
2544 1784 2636 1838 τὸν
2685 1785 3010 1840 αὑτόλεκτον
3054 1789 3226 1858 αὐτῆς
3273 1790 3433 1858 λόγον
3473 1792 3632 1856 είπω,
3685 1792 3977 1857 ἑξοδιάςειν

2405 1873 2549 1942 ὑμᾶς
2575 1874 2717 1928 δοκῶ
2743 1875 2854 1946 (12)
2877 1891 2890 1906 ⁸
2925 1876 3104 1941 ἔξεστι
3135 1879 3504 1949 στοχάσασθαι
3532 1884 3642 1945 τοῖς
3667 1882 3974 1953 ἐχέφροοιν⁹

2401 1965 2450 2017 ει
2475 1965 2584 2036 γὰρ
2610 1967 2704 2018 ἐπὶ
2727 1969 2838 2030 τοῖς
2867 1969 3255 2040 συγκραθεζσιν
3272 1971 3636 2041 ἀγαητικῶς
3656 1975 3794 2045 πρὸς
3821 1975 3978 2046 ἀλλήο

2401 2053 2527 2119 λους
2551 2057 2647 2110 καὶ
2676 2057 3041 2128 διισταμένοις
3070 2060 3301 2129 γίνεται,
3335 2063 3478 2116 κατὰ
3517 2063 3612 2117 τὸν
3647 2068 3828 2134 μέγαν
3857 2065 3979 2119 Θεο-

2402 2145 2557 2216 λόγον
2573 2149 2872 2220 Γρηγόριον
2891 2192 2906 2216 ,
2961 2151 3152 2223 ὥσπερ
3184 2152 3304 2218 ἑνός
3337 2152 3592 2224 σώματος
3623 2157 3704 2221 είς
3718 2156 3815 2210 δύο
3843 2160 3976 2229 τομή

2403 2239 2497 2293 καὶ
2525 2240 2853 2311 ἀμφοτέρων
2883 2241 3149 2315 νέκρωσις
3172 2286 3186 2308 ,
3227 2245 3260 2316 ἢ
3293 2245 3512 2316 μόσχων
3538 2248 3864 2318 συντρόφων
3891 2252 3977 2303 καὶ

2402 2330 2687 2406 όμοζὺγων
2739 2333 3012 2402 διάζευξις
3057 2335 3268 2408 γοερῶς
3303 2339 3646 2409 μυκωμένων
3687 2341 3778 2393 ἐπ’
3821 2342 3976 2412 aias.

2402 2424 2515 2487 λοις
2541 2425 2639 2477 καὶ
2662 2426 2723 2479 οὐ
2759 2427 3035 2496 φερόντων
3065 2430 3164 2497 τὴν
3191 2428 3550 2500 ἀλλοτρίωσιν
3568 2446 3582 2461 ·
3608 2431 3659 2484 τί
3689 2433 3786 2486 καὶ
3819 2433 3975 2487 πόσον

2404 2517 2498 2570 καὶ
2526 2517 2712 2588 ήλίκον
2745 2519 2968 2589 δοίημεν
2991 2521 3086 2572 ἐπὶ
3118 2520 3212 2573 τοῦ
3248 2522 3547 2592 παρόντος;
3588 2524 3683 2576 καὶ
3713 2541 3977 2596 κατεκρα-

2401 2607 2606 2680 τοῦμεν
2637 2610 2936 2681 ἀμφότεροι
2959 2611 3217 2683 φοϐοθεῖᾳ
3233 2612 3333 2682 τῆς
3365 2612 3793 2684 δριμυπαθείας.
3823 2617 3975 2670 Ἀλλὰ

2402 2699 2563 2755 τοῦτο
2599 2701 2698 2770 μὲν
2729 2700 2792 2771 δὴ
2820 2700 3063 2754 τοιοῦτον
3093 2703 3188 2755 καὶ
3217 2702 3536 2774 τηλικοῦτον
3567 2704 3648 2770 δν,
3683 2707 3786 2777 τῆς
3815 2724 3976 2778 μεγα-

2401 2791 2666 2864 λοψυχίας
2690 2793 2862 2864 αὐτῆς
2887 2793 3163 2865 τιμάσθω.

2475 2890 2527 2939 ι’.
2569 2885 2642 2939 Τὸ
2673 2885 2730 2938 δὲ
2766 2887 3055 2956 ὑμέτερον,
3086 2887 3326 2953 ἀδελφοὶ,
3359 2887 3515 2942 αὐτοὶ
3543 2889 3978 2960 ιξηγήσασθε,οι

2403 2977 2627 3048 καὶτῆς
2666 2977 2990 3047 εὐεργεσίας
3021 2979 3454 3045 ἀπολαύσαντες,
3489 2981 3565 3045 ὡς
3603 2982 3981 3055 συμϐέϐληκεν

715 3075 955 3134 tempore
989 3083 1083 3122 vos
1112 3069 1330 3139 collegit
1375 3071 1440 3125 ad
1482 3088 1583 3127 nos
1617 3075 1840 3130 veniens
1864 3115 1879 3137 ,
1910 3085 1959 3130 et
1996 3093 2093 3131 ceu
2126 3080 2297 3146 pullos

2405 3069 2548 3139 ὑμᾶς
2607 3068 2937 3140 ἐξερχομένη
2993 3071 3131 3141 πρὸς
3192 3073 3375 3143 ήμᾶς,
3430 3072 3687 3145 καθάπερ
3735 3077 3976 3138 νεοττοὺς

713 3155 841 3208 nido
868 3171 1151 3224 excussos,
1199 3162 1251 3215 in
1293 3179 1454 3217 suum
1512 3164 1812 3220 claustrum
1847 3169 2066 3238 recepit.
2104 3167 2297 3224 Deinde

2407 3163 2730 3235 ἐκριφέντας
2760 3166 2824 3217 lx
2856 3164 3070 3226 καλιᾶς,
3110 3167 3191 3224 είς
3221 3165 3284 3219 το
3315 3167 3516 3220 οίκείον
3542 3169 3978 3238 φροντιστήριον

713 3259 929 3300 reversa
964 3248 1210 3320 singulos
1237 3255 1516 3310 consolata
1547 3268 1649 3326 est,
1678 3261 1744 3312 ad
1787 3262 1977 3315 urbem
2011 3276 2069 3316 se
2112 3260 2297 3317 confe-

2405 3254 2597 3308 ἔπειτα
2614 3255 3005 3326 ὑποστρέψασα
3031 3256 3283 3327 καθάπερ
3302 3259 3530 3312 ἕκαστον
3554 3260 3978 3330 παρηγορήσατο

715 3353 841 3393 rens
869 3357 885 3406 ;
919 3339 1151 3413 illucque
1181 3354 1456 3418 utcunque
1484 3348 1819 3417 intromissa,
1869 3353 2297 3425 ingemiscenda,

2403 3347 2541 3419 πρὸς
2592 3347 2659 3400 τὰ
2706 3347 2766 3398 έν
2815 3347 2969 3400 ἄστει
3021 3347 3398 3417 πορευομένησ
3449 3349 3674 3401 κάκεῖσε
3725 3349 3978 3413 ποδαπῶς

713 3432 944 3495 orando,
983 3441 1038 3488 et
1067 3434 1213 3490 hunc
1243 3438 1510 3508 hospitem
1549 3444 1889 3513 excipiendo,
1942 3447 2110 3503 alium
2141 3449 2297 3505 robo-

2403 3437 2722 3494 εἰσελθοῦσα
2766 3437 3158 3511 περιέτρυζεν,
3193 3439 3496 3508 ἠντιϐόλει,
3547 3439 3645 3493 τὸν
3672 3441 3774 3511 μὲν
3815 3458 3980 3512 προσ-

717 3522 907 3588 raudo,
944 3525 1109 3580 alium
1149 3534 1539 3599 sustentando,
1605 3537 1769 3591 alium
1815 3539 2172 3597 subducendo
2207 3552 2297 3600 :et

2400 3530 2688 3602 δεχομένη,
2719 3529 2810 3582 τὸν
2843 3530 2898 3582 δὲ
2928 3530 3328 3599 ὑπαλείφουσα,
3351 3529 3441 3582 τὸν
3469 3529 3527 3583 δὲ
3557 3529 3864 3600 ὲρείδουσα,
3891 3532 3978 3584 τὸν

716 3627 866 3668 more
899 3617 1086 3684 optimi
1145 3624 1418 3675 meonomi
1453 3633 1500 3677 et
1544 3629 1843 3682 secundum
1895 3631 2062 3686 Deum
2111 3637 2299 3703 prmi-

714 3706 892 3758 dentis
919 3748 932 3767 ,
970 3710 1164 3775 partim
1215 3711 1390 3778 alens,
1421 3716 1615 3784 partim
1655 3721 2087 3788 administrans,
2144 3729 2289 3782 velut

715 3813 851 3852 nova
880 3797 1124 3866 Natalia,
1157 3811 1211 3856 et
1245 3802 1507 3862 Priscillae
1560 3810 1775 3866 aemula.
1805 3812 1998 3870 Testes
2049 3831 2166 3882 vos,
2202 3819 2297 3872 be-

714 3891 905 3944 neticia
934 3895 1162 3961 experti,
1201 3896 1295 3963 qui
1348 3906 1402 3951 et
1449 3899 1632 3970 lingua
1678 3905 2089 3962 commoditates
2138 3923 2296 3963 acce-

714 3989 835 4049 ptas
899 3980 1144 4038 fatemini
1198 4001 1262 4040 ac
1299 3989 1606 4045 celebratis.
1659 3992 1811 4049 Tunc
1863 4006 1988 4051 vero
2028 3999 2295 4054 mirabilis

715 4073 825 4124 hare
862 4070 1060 4127 femina
1107 4085 1435 4141 postremam
1491 4096 1712 4150 quoque
1741 4085 2128 4143 beatitudinem
2161 4105 2294 4144 con-

711 4162 863 4229 sequi
911 4163 1072 4231 digna
1114 4164 1237 4231 fuit,
1294 4170 1559 4226 conviciis
1593 4173 1850 4228 nimirum
1896 4192 1926 4230 a
1965 4178 2290 4247 quibusdam

711 4253 921 4317 aﬂ'ecta,
964 4271 1199 4324 quorum
1230 4260 1450 4315 nomina
1479 4273 1672 4332 sponte
1713 4266 1918 4321 reticeo
1955 4279 2053 4333 ;et
2102 4286 2291 4340 perse-

710 4347 984 4401 cutionem
1043 4358 1264 4418 propter
1317 4351 1585 4421 justitiam
1636 4371 1795 4425 passa
1847 4373 1912 4414 ac
1978 4361 2285 4417 veritatem.

713 4441 996 4509 Responde
1021 4452 1076 4495 tu
1108 4445 1312 4509 mihi,o
1339 4445 1664 4520 Pater,quid
1693 4467 1788 4520 pro
1815 4461 1866 4506 te
1894 4457 2102 4508 carceri
2133 4472 2290 4511 man-

2399 3622 2456 3676 δὲ
2483 3622 2862 3691 ὑπεξάγουσα·
2910 3623 3006 3675 καὶ
3052 3621 3149 3686 οὓς
3187 3621 3286 3692 μὲν
3336 3621 3746 3693 τροφευομένη,
3798 3621 3894 3685 οὓς
3924 3622 3978 3676 δὲ

2399 3715 2779 3787 διοικουμένη,
2807 3716 2882 3781 ὡς
2909 3717 2974 3771 ἄν
3002 3733 3085 3779 τις
3120 3716 3344 3786 ἄριστος
3390 3715 3674 3787 οἰκονόμος
3705 3715 3804 3769 καὶ
3843 3719 3978 3770 κατά

2397 3807 2531 3862 Θεὸν
2566 3811 2900 3880 προστάτης,
2924 3809 2957 3876 ή
2983 3809 3153 3872 ὅντως
3175 3808 3270 3861 νέα
3299 3808 3567 3870 Νατάλια,
3595 3807 3689 3862 καὶ
3720 3807 3977 3877 Πρισκίλ-

2397 3900 2498 3968 λης
2533 3899 2644 3971 (13)
2674 3899 2942 3969 όμόςηλος
2962 3914 2977 3928 ⁸
3029 3900 3125 3954 καὶ
3163 3899 3442 3971 μάρτυρες
3474 3901 3657 3970 ὑμεῖς,
3706 3901 3756 3953 οἱ
3783 3896 3848 3955 εὖ
3879 3917 3978 3955 πα-

2399 3991 2584 4053 θόντες
2604 4031 2618 4053 ,
2647 3991 2741 4043 καὶ
2769 3990 2858 4043 διὰ
2901 3979 3154 4060 γλώσσης
3182 3993 3243 4045 τὸ
3273 3991 3698 4064 εὐσυμπάθητον
3733 3993 3976 4066 φερόμε-

2397 4099 2487 4136 νον
2528 4081 2745 4153 ἔχοντες
2795 4083 2886 4134 καὶ
2911 4081 3360 4153 θαυμαζόμενον.
3413 4081 3648 4153 Ἦξιὼθη
3686 4083 3976 4154 τοιγαροῦν

2395 4175 2699 4248 τηνικαῦτα
2733 4175 2767 4247 ή
2798 4173 3078 4244 θαυμασία
3115 4175 3208 4228 καὶ
3241 4173 3335 4227 τοῦ
3387 4172 3699 4228 τελευταίου
3738 4193 3978 4248 μακαρι-

2395 4266 2536 4338 σμοῦ
2562 4268 3025 4339 ἐπιτυγχάνουσα.
3054 4265 3427 4337 ὀνειδιζομένη
3461 4266 3566 4319 ὑπό
3590 4283 3776 4328 τινων,
3808 4261 3886 4322 ὧν
3911 4267 3975 4321 τὰ

2393 4363 2633 4432 ὀνόματα
2666 4360 2808 4414 ἑκὼν
2841 4360 3258 4434 ὑπερϐήσομαιο
3297 4360 3392 4414 καὶ
3438 4360 3623 4428 μέντοι
3668 4359 3974 4430 διωκομένη

2392 4455 2577 4508 ’ένεκεν
2603 4454 2946 4524 δικαιοσύνης
2979 4457 3072 4507 καὶ
3101 4454 3382 4525 ἀληθείας.
3413 4453 3708 4525 Ἀπόκρινέ
3752 4470 3843 4524 μοι
3889 4455 3976 4506 καὶ

708 4533 888 4603 cipato
918 4535 1316 4604 patientissima
1350 4541 1462 4596 haec
1491 4545 1836 4611 sustinuerit,
1895 4562 2017 4602 cum
2066 4564 2289 4604 accusa-

2398 4547 2578 4612 αὐτὸς,
2606 4540 2651 4601 ὦ
2682 4547 2885 4618 Πάτερ,
2918 4547 2946 4599 ὃ
2971 4563 3023 4598 τι
3057 4547 3151 4598 καὶ
3187 4546 3395 4616 ὑπέστη
3430 4544 3519 4598 διὰ
3567 4545 3627 4598 σὲ
3677 4559 3975 4615 πεφρουρι-

709 4624 870 4685 reris,
901 4639 1024 4677 cum
1066 4629 1296 4694 quaestio
1327 4628 1394 4684 de
1447 4644 1497 4686 te
1537 4634 1688 4689 tieret
1717 4675 1731 4700 ,
1774 4646 2050 4706 postremo
2103 4639 2175 4693 ob
2209 4639 2288 4694 rei

711 4716 1032 4770 necessariae
1083 4719 1563 4776 ministrationem.
1620 4723 1716 4781 Dic
1778 4732 1991 4798 tyranni
2046 4731 2286 4800 rapinas,

710 4806 918 4871 minas,
945 4812 1398 4868 exanimationes.
1427 4813 1618 4870 Nonne
1644 4817 1759 4887 ipsa
1807 4820 1954 4874 socia
1989 4820 2081 4874 tibi
2131 4822 2288 4877 dolo-

710 4911 823 4949 rum
860 4898 1079 4968 triginta
1104 4903 1296 4958 diebus
1331 4904 1432 4960 fuit
1476 4909 1532 4961 in
1573 4911 1818 4965 custodia
1860 4913 2098 4972 detenta,
2162 4929 2287 4969 cum

706 5000 942 5055 quatuor
969 5006 1220 5048 asceseos
1253 4998 1621 5062 consortibus,
1671 5011 1725 5055 et
1762 5003 1980 5070 quidem
2021 5019 2115 5073 per
2163 5019 2286 5060 car-

706 5094 857 5134 ceres
891 5082 1198 5139 distributis
1227 5087 1452 5157 ?lbique
1481 5094 1674 5146 omitto
1703 5093 1882 5150 dicere
1920 5106 2122 5162 quanta
2166 5095 2284 5151 fue-

781 5193 890 5259 (10)
908 5189 1036 5246 Post
1058 5195 1487 5254 verberationem
1517 5202 1716 5258 missus
1744 5202 1838 5258 fuit
1873 5219 1901 5258 a
1926 5204 2286 5261 Constantino

707 5262 838 5328 imp.
889 5264 1044 5317 exse]
1108 5264 1558 5325 Thessalonicam
1610 5271 1933 5328 Theodorus
1985 5290 2107 5328 cum
2162 5277 2284 5331 aliis

709 5333 1018 5410 monachis,
1049 5338 1207 5403 cujus
1237 5340 1448 5394 itineris
1479 5345 1651 5410 prima
1685 5346 1900 5398 mansio
1931 5346 2147 5398 fuerunt
2180 5346 2283 5399 Ca-

708 5405 884 5480 Ihara,
914 5415 968 5456 ut
998 5406 1225 5480 ipsemet
1255 5405 1671 5480 seripsit‘Epist.
1709 5415 1803 5468 lib.
1839 5431 1875 5472 ι.
1920 5417 1972 5470 3.
2007 5414 2137 5469 Loci
2173 5417 2280 5471 Ca-

707 5475 1088 5553 tfiare‘mentio
1120 5478 1176 5553 lit
1208 5475 1494 5535 etiam—lib.
1523 5475 1592 5553 ti,
1621 5486 1778 5553 epist.
1817 5486 1899 5537 l2.

777 5544 889 5612 (Il)
940 5542 1268 5622 Theoctistae
1322 5567 1447 5603 cum
1513 5542 1680 5608 fratre
1725 5557 2012 5622 deportato
2058 5569 2279 5610 noctun-

707 5628 835 5735 |nlum
888 5614 1220 5740 Ctiutitlstl‘litllll
1281 5627 1669 5691 cognoscimus
1718 5614 1882 5679 etiam
1933 5644 1996 5681 ex
2043 5628 2202 5696 epist.
2235 5628 2269 5681 5

725 5700 796 5738 ι).
833 5701 870 5740 I.
902 5701 953 5740 ι).
1103 5728 1114 5740 .

725 5700 796 5738 ιι).
833 5701 870 5745 ι,
902 5701 953 5752 p.
995 5700 1114 5740 164.

2399 4640 2600 4712 σμένου
2636 4658 2729 4693 σου
2765 4638 2927 4692 ἕνεκα
2958 4640 2990 4709 ή
3026 4637 3348 4702 πολύαθλος,
3384 4640 3442 4690 ἑν
3471 4639 3538 4707 τῇ
3569 4636 3890 4708 συζητήσει,
3921 4639 3975 4690 ὲν

2395 4731 2463 4800 τῇ
2511 4727 2750 4798 φροντίδι
2778 4726 2886 4779 τῶν
2923 4727 3270 4794 ἀναγκαίων
3295 4725 3419 4794 λέγε
3453 4725 3554 4794 τὴν
3584 4726 3846 4796 ἁρπαγὴν
3881 4723 3971 4778 τοῦ

2397 4819 2747 4891 κρατοῦντος,
2775 4819 2872 4889 τὴν
2904 4818 3156 4888 ἀπειλὴν,
3199 4817 3300 4889 τὴν
3330 4817 3612 4871 ἀνέτασιν·
3647 4818 3770 4887 οὐχὶ
3802 4816 3972 4888 καύτὴ

2398 4911 2782 4982 συμπέπονθέν
2816 4928 2921 4975 σοι,
2951 4908 3422 4980 τριακονθήμερον
3442 4909 3672 4978 μείνασα
3701 4925 3972 4980 φρουρου-

2398 5003 2534 5074 μένη
2565 5001 2671 5055 ὑπὸ
2698 5002 2974 5073 τεττάρων
3003 5000 3113 5054 τῶν
3163 4999 3643 5070 συνασκουμένων,
3674 5002 3770 5053 καὶ
3801 5001 3978 5065 ταῦτα,

2389 5097 2740 5169 διῃρημένων
2764 5098 2886 5159 ταῖς
2915 5096 3195 5164 εἱρκταίς;
3223 5096 3381 5148 κάκεῖ
3408 5092 3482 5146 ἐῶ
3515 5094 3714 5162 λέγειν.
3739 5095 3843 5148 ὅσα
3870 5094 3969 5148 ὑπὸ

2461 5210 2576 5277 (15)
2617 5206 2866 5263 Priscilla
2886 5216 3022 5278 nota
3064 5216 3148 5264 est
3182 5223 3246 5262 ex
3272 5208 3390 5264 Act.
3412 5217 3593 5278 apost.
3625 5217 3775 5278 c_t_ex
3814 5205 3964 5260 Pauli

2389 5275 2651 5358 epistolis.
2701 5280 2808 5358 De_
2854 5277 3089 5358 lﬁatalian
3117 5279 3194 5332 sic
3244 5275 3512 5358 Batonius
3545 5280 3599 5333 in
3649 5275 3966 5358 Martyrolo:

2388 5347 2494 5421 gio,
2535 5353 2554 5403 l
2597 5350 2931 5404 Decembriis
2961 5366 2974 5402 :
3008 5369 3023 5400 ι
3057 5348 3273 5421 Sancte
3309 5347 3568 5421 Natalia,
3604 5347 3802 5421 uxoris
3826 5348 3962 5404 beati

2386 5415 2608 5474 Adriani
2637 5422 2891 5490 martyris
2909 5436 3029 5488 qua:
3051 5419 3154 5474 sub
3173 5419 3508 5473 Diocletiano
3533 5422 3664 5488 imp.
3685 5415 3789 5490 SS.
3823 5434 3964 5472 mar-

2386 5494 2595 5562 tyribus
2629 5489 2957 5570 Nicomedia:
2986 5491 3037 5570 in
3079 5504 3300 5570 carcere
3343 5491 3577 5545 detentis
3618 5489 3793 5570 multo
3832 5499 3963 5570 tem-

2387 5560 2518 5631 pore
2589 5563 2951 5626 ministravit;
3009 5560 3576 5631 impletoqueeorum
3627 5560 3957 5621 certamine,

2393 5631 2918 5698 Constantinopolim
2951 5629 3214 5700 profecta,
3272 5629 3472 5684 ibidem
3517 5631 3570 5684 in
3619 5644 3752 5699 pace
3804 5631 3957 5700 quie-

2387 5705 2485 5755 vit.
2522 5723 2539 5754 ι
2582 5700 2787 5758 Videsis
2822 5703 3030 5771 reliqua
3073 5702 3138 5757 dc
3182 5714 3246 5756 ea
3293 5700 3620 5756 documenta
3662 5715 3691 5754 a
3725 5699 3955 5754 Baronio

774 5756 886 5823 (l2)
907 5754 1144 5835 _Piornm
1169 5759 1477 5835 hujusmodi
1506 5772 1979 5835 testamentorum,
2009 5769 2271 5826 habemus
2379 5754 2567 5828 citata.

708 5832 1012 5896 exertiplum
1047 5832 1187 5895 apud
1228 5834 1402 5901 ipsum
1447 5836 1716 5891 Studitalu
1749 5838 1911 5891 infra.
