4170 6506
209 457 312 519 897

777 460 1062 522 ORATIO
1096 464 1266 524 XIII.
1305 492 1368 500 —
1412 466 1798 528 LAUDATIO
1830 465 2214 528 FI'NEBRIS
2262 465 2338 524 ΙΝ
2395 463 2714 524 MATREM
2751 465 2980 526 SUAM.

3386 469 3491 529 898

212 568 324 619 τῶν
353 566 618 620 δουλίδων
638 565 732 620 τοῦ
762 570 1045 639 φρουρέως
1078 571 1306 643 ὑπέστη,
1334 573 1428 626 καὶ
1459 573 1558 626 ὅσα
1589 573 1802 628 ἐταλαι-

1912 573 1974 626 rit
2029 587 2188 642 passa
2245 588 2274 625 a
2318 571 2563 626 custodis
2593 571 2844 633 ancillis,
2903 582 3106 640 quanta
3144 571 3197 625 in
3238 577 3489 643 angustia

216 659 451 730 πωρήθη
487 657 635 712 κατὰ
679 658 778 730 τὴν
825 660 925 730 τῆς
981 661 1124 730 ζωῆς
1168 661 1455 734 ἀφορμὴν,
1508 664 1603 718 καὶ
1639 665 1802 735 ᾶρτον

215 751 417 820 ὀδύνης
449 751 712 806 ἐσθίουσα
745 754 840 805 καὶ
869 752 1024 824 πόμα
1055 754 1288 819 θλίψεως
1320 757 1548 810 πίνουσα
1570 773 1584 788 ·
1621 759 1715 810 καὶ
1739 757 1798 809 ού

216 845 314 898 τοῦ
346 845 614 916 παρόντος
658 846 852 916 καιροῦ
884 845 952 899 τὰ
1003 847 1253 917 τηνικάδε
1287 849 1666 919 τετολμημένα
1709 849 1802 902 καὶ

218 940 570 1006 γεγενημένα
608 937 1016 1007 διασημαίνεινο
1067 937 1206 991 ἀλλὰ
1254 939 1644 1012 συγχωρείσθω
1688 943 1803 1004 τοῖς

219 1027 566 1095 δεδρακόσιν,
613 1029 642 1081 ὃ
669 1045 722 1081 τι
768 1030 862 1081 καὶ
901 1029 1280 1100 πεπράκασινο
1313 1031 1454 1084 οὕτω
1480 1031 1590 1104 γάρ
1628 1035 1801 1086 εἰπεῖν

222 1118 632 1190 ἁρμοδιώτερον
655 1161 670 1185 ,
700 1121 748 1173 εί
783 1123 876 1173 καὶ
911 1120 1178 1190 κρίμασιν
1222 1116 1302 1185 οἷς
1333 1124 1730 1195 παρεχώρησεν
1769 1125 1800 1196 ἢ

222 1211 605 1283 ᾡκονόμησεν,
649 1211 736 1264 ἴνα
767 1211 1109 1280 ἐγκόπτηται
1137 1213 1306 1266 κακία
1327 1255 1340 1279 ,
1371 1215 1464 1268 καὶ
1495 1215 1568 1286 μὴ
1598 1217 1678 1279 είς
1709 1216 1805 1267 νό-

229 1321 334 1375 μον
380 1304 602 1373 ἐρχεται
645 1303 705 1357 τὸ
739 1304 1252 1375 παρανομούμενον,
1283 1305 1418 1370 Θεὸς
1446 1307 1536 1360 τὸν
1564 1308 1804 1378 διωγμὸν

222 1397 627 1450 ἀνεκαλέσατοο
661 1397 757 1450 καὶ
783 1397 892 1468 γὰρ
915 1398 1264 1466 ἐπανήκομεν
1284 1401 1330 1451 οί
1357 1400 1805 1472 ύπερορισοέντες

224 1491 325 1543 καὶ
371 1489 895 1559 διασκορπισθέντεςι
915 1491 994 1554 είς
1038 1490 1266 1554 ταυτὸν,
1315 1490 1392 1555 ὡς
1441 1494 1574 1554 ῐστε,
1627 1493 1806 1556 δεξιᾶς

225 1581 487 1652 τυχόντες
512 1581 610 1650 τῆς
646 1580 1053 1645 ἐπανελεύσεως
1088 1583 1240 1650 παρὰ
1267 1584 1363 1652 τῆς
1393 1583 1721 1653 κρατούσης.

299 1725 390 1772 ια’.
446 1719 607 1771 Ἀλλὰ
643 1718 688 1770 τί
721 1718 802 1772 ἔτι
842 1722 907 1791 τῇ
950 1719 1256 1792 θεοτιμήτῳ
1311 1721 1480 1792 μητρὶ
1512 1720 1648 1792 πρὸς
1694 1738 1806 1784 τοις

225 1810 543 1881 εἰρημένοις
573 1812 966 1882 προσθείημεν,
999 1813 1094 1866 καὶ
1125 1811 1177 1865 τί
1205 1812 1676 1883 προσερεισόμεθα
1705 1813 1805 1884 ἁρ-

227 1901 588 1972 μοδιώτερονς;
611 1897 680 1953 Ὦ
706 1902 959 1973 δακρύων
984 1901 1183 1972 ὀχετοὶ,
1209 1903 1324 1956 ὅσοι
1359 1904 1423 1956 ἐκ
1449 1903 1557 1955 τῶν
1588 1903 1804 1972 ἐκείνης
1839 1940 1877 1994 Β

223 1993 526 2064 ὀφθαλμῶν
553 1995 765 2058 ἀενᾶως
788 1993 1112 2065 προεχέοντο
1136 1995 1224 2049 διὰ
1253 1996 1344 2048 τὸν
1374 1997 1563 2068 ἄνδρα,
1582 1997 1669 2050 διὰ
1694 1996 1802 2049 τῶν

224 2085 436 2139 παίδων
466 2085 557 2140 τὸν
591 2086 1004 2159 σφαλερώτερον
1036 2088 1172 2156 (14),
1205 2087 1296 2141 διὰ
1328 2088 1388 2142 τὸ
1423 2087 1802 2159 ποίμνιον,διὰ

223 2177 355 2240 τοὺς
376 2177 803 2241 ὀλισθαίνοντας,
822 2177 910 2230 διὰ
934 2177 1023 2230 τὸν
1051 2177 1173 2231 καθ’
1205 2178 1436 2232 ἕκαστον
1463 2180 1798 2250 στηριγμόνί

225 2265 418 2335 ἐπειδὴ
447 2265 524 2329 ῶς
561 2267 744 2336 μήτηρ
791 2268 1137 2338 πνευματικὴ
1179 2268 1240 2320 τὸ
1275 2268 1444 2322 ἐλεεῖν
1492 2263 1672 2340 εἶχεν’
1711 2270 1805 2324 καὶ

221 2357 300 2420 ώς
324 2357 527 2428 ἀδελφὴ
551 2359 689 2428 ὑπὲρ
714 2358 957 2427 ἀδελφῶν
980 2360 1121 2414 κατὰ
1145 2361 1350 2432 Κύριον
1371 2361 1458 2414 ἀεὶ
1477 2360 1802 2432 ἠγωνίζετο,

224 2450 332 2504 κᾶν
392 2450 453 2503 ού
515 2450 866 2520 συνῳκίζετο.
925 2451 990 2504 ’Ὠ
1063 2452 1242 2524 ψυχῆς
1301 2453 1646 2525 οίκτίρμονος
1711 2454 1806 2508 καὶ⁸

224 2543 520 2613 ἐλεήμονος
573 2541 844 2604 ἐπίδοσιςῑ
896 2545 990 2598 καὶ
1032 2538 1078 2599 ῶ
1127 2546 1452 2616 σπλάγχνων
1498 2543 1805 2616 συμπαθῶν

224 2632 488 2695 κένωσις,
537 2631 598 2684 ού
648 2632 921 2703 φερόντων
972 2632 1068 2704 τὴν
1117 2633 1230 2688 τῶν
1283 2633 1617 2706 προσιόντων
1680 2632 1801 2687 στέ-

225 2726 434 2778 νωσινῐ
507 2724 645 2778 ὥστε
705 2726 800 2778 καὶ
850 2725 1068 2780 δέεσθαι
1117 2727 1288 2796 αὐτὴν
1335 2727 1477 2797 ὑπὲρ
1535 2726 1645 2780 τῶν
1690 2727 1807 2780 δεοο

225 2817 429 2888 μένων,
465 2818 559 2870 καὶ
589 2815 928 2879 δανείζεσθαι
955 2817 1093 2888 ὑπὲρ
1126 2817 1222 2871 τοῦ
1282 2817 1509 2872 δανείων
1561 2817 1806 2872 ἀπαλλά-

223 2909 355 2975 ξαιο
385 2909 482 2962 καὶ
534 2910 744 2978 χαίρειν
803 2910 896 2962 καὶ
938 2909 1133 2980 ἑαυτὴν
1190 2910 1456 2981 πρίασθαι
1503 2909 1644 2980 ὑπὲρ
1705 2909 1807 2979 τῆς

224 3003 433 3072 ἐτέρων
465 2999 1517 3072 ἀπολυτρώσεως,τραπεζοποιουμὲνην
1547 3001 1616 3055 αὖ
1655 3001 1806 3054 πλει-

224 3093 421 3155 στάκις
448 3095 894 3162 χριστομιμήτως
923 3131 941 3157 ,
976 3093 1072 3147 καὶ
1104 3093 1203 3156 τὰς
1233 3091 1533 3161 πενομένας
1597 3107 1803 3159 συγκα-

221 3184 520 3255 λουμένην,
550 3184 644 3238 καὶ
667 3186 786 3248 ταῖς
819 3184 976 3248 ἰδίαις
1023 3185 1210 3254 χερσὶν
1245 3182 1646 3254 ὑπηρετοῦσαν,
1673 3183 1806 3236 διότι

1912 664 2073 718 fuerit
2101 667 2246 734 quod
2287 664 2481 717 attinet
2521 663 2587 717 ad
2621 663 2742 716 vitae
2781 663 3258 718 sustentationem.
3292 679 3487 734 panem

1905 755 2112 809 doloris
2166 754 2478 818 comedens,
2528 761 2582 807 et.
2618 754 2843 808 calicem
2877 753 3068 808 bibens
3101 755 3488 810 tribulationis.

1908 846 2011 900 Sed
2044 862 2150 900 non
2182 858 2263 901 est
2305 845 2463 915 hujus
2501 845 2761 914 temporis
2793 845 2975 898 omnia
3030 861 3153 914 quae
3188 855 3316 900 tunc
3357 861 3489 900 ausa

1905 948 1958 993 et
1985 947 2101 992 acta
2145 937 2366 992 fuerunt
2414 938 2743 1008 signiticare.
2805 935 3162 1005 lgnoscamus
3221 938 3486 991 malorum

1906 1032 2222 1095 auctoribus
2253 1030 2515 1101 quidquid
2549 1039 2796 1100 egerunt.
2835 1029 2927 1084 Sic
2969 1031 3112 1085 enim
3143 1030 3322 1086 dicere
3353 1045 3490 1084 con-

1908 1125 2221 1182 venientius
2255 1134 2380 1190 est;
2413 1124 2861 1193 quandoquidem
2901 1122 3123 1193 iudiciis
3195 1122 3312 1177 suis
3364 1137 3490 1192 per-

1907 1217 2188 1270 missionis
2228 1224 2321 1268 aut
2378 1215 2751 1285 providentiae,
2789 1225 2848 1267 ut
2899 1214 3103 1267 malum
3140 1214 3493 1283 abrumpere-

1908 1318 2017 1373 tur,
2049 1318 2102 1362 et
2133 1324 2200 1360 ue
2229 1308 2311 1362 lex
2337 1308 2486 1361 lieret
2514 1307 2659 1376 quod
2683 1317 2802 1360 erat
2833 1306 3197 1375 illegitimum,
3235 1319 3490 1373 persecu-

1909 1403 2110 1456 tionem
2150 1401 2293 1454 Deus
2328 1399 2580 1455 sedavit:
2625 1415 2751 1453 nam
2785 1407 2838 1452 et
2889 1398 3131 1460 exsules,
3176 1397 3374 1452 reversi
3399 1411 3492 1452 su-

1909 1508 2068 1559 mus;
2101 1501 2154 1546 et
2195 1492 2456 1560 dispersi,
2501 1490 2684 1544 denuo
2731 1491 3125 1552 convenimus;
3157 1487 3388 1548 felicem.
3433 1495 3492 1540 ut

1907 1585 2077 1646 scitis,
2118 1582 2352 1639 reditum
2379 1583 2478 1636 alis
2544 1590 2802 1650 regnante
2836 1579 3063 1633 Domina
3121 1579 3415 1633 consecuti.

1978 1721 2066 1776 ll.
2095 1721 2206 1791 Age
2233 1735 2361 1774 vero
2386 1719 2511 1790 quid
2571 1719 2750 1772 adhuc
2803 1716 3122 1771 veneranda!
3154 1715 3344 1771 matris
3373 1714 3490 1767 lau-

1909 1815 2069 1870 dibus
2103 1815 2386 1876 addemus,
2418 1821 2510 1865 aut
2532 1811 2662 1881 quid
2689 1809 3102 1864 convenientius
3146 1805 3492 1860 attexemus‘l

1908 1907 1952 1964 0
1985 1909 2347 1977 lacrymarum
2375 1905 2554 1969 rivuli,
2581 1910 2928 1972 quotquotex
2959 1902 3077 1968 ejus
3091 1901 3264 1952 oculis
3288 1914 3494 1967 peren-

1907 1999 2046 2053 niter
2112 1997 2415 2060 ﬂuxerunt,
2481 2003 2701 2065 propter
2744 1994 2944 2054 virum,
2999 2000 3216 2059 propter
3265 2003 3492 2042 unutne

1907 2090 2034 2146 ﬁliis
2077 2089 2286 2144 lubrico
2329 2088 2502 2158 magis
2565 2086 2891 2148 obnoxium,
2943 2093 3165 2154 propter
3232 2080 3493 2134 Ecclesiae

1906 2195 2144 2252 gregem,
2176 2187 2394 2249 propter
2427 2179 2608 2248 lapsos
2643 2217 2658 2242 ,
2686 2179 2814 2232 dum
2856 2175 3100 2246 singulos
3131 2172 3368 2228 solidare
3397 2187 3491 2226 co-

1907 2284 2066 2328 natur
2099 2274 2112 2326 !
2146 2270 2394 2342 Namque
2426 2282 2484 2326 ut
2513 2271 2777 2340 spiritalis
2809 2277 3002 2330 mater,
3034 2268 3274 2320 eleineus
3325 2273 3484 2328 erat;

1908 2374 1966 2420 ut
1995 2379 2170 2428 soror,
2213 2377 2311 2433 pro
2355 2361 2614 2417 fratribus
2643 2363 2698 2416 in
2753 2359 2983 2416 Domino
3037 2371 3314 2425 nunquam
3377 2371 3486 2410 non

1907 2455 2162 2518 sollicita,
2187 2453 2398 2508 etiamsi
2434 2451 2843 2508 contubernalis
2898 2465 3004 2504 non
3036 2460 3204 2507 esset.
3233 2443 3276 2500 0
3306 2445 3486 2499 anima

1907 2543 2294 2602 misericordiae
2324 2552 2374 2599 et
2403 2543 2761 2615 eleetnosynze
2792 2557 3008 2610 semper
3041 2544 3261 2613 parata!
3295 2539 3339 2596 0
3381 2537 3490 2593 vis-

1907 2651 2094 2694 oerum
2127 2635 2491 2706 benignorum
2533 2633 2705 2689 effusa
2741 2635 3001 2699 cltaritas,
3035 2650 3158 2704 qua:
3213 2633 3485 2689 neminem

1906 2728 2248 2785 accedentem
2297 2729 2567 2796 angustiis
2622 2727 2745 2796 angi
2805 2727 3016 2781 sinebat
3052 2729 3065 2780 ι
3097 2729 3169 2782 ita
3207 2735 3266 2780 ut
3305 2732 3488 2795 egeret

1907 2822 2025 2890 ipsa
2053 2835 2154 2890 pro
2184 2818 2574 2890 indigentibus,
2634 2833 2917 2871 vet-suram
2954 2815 3158 2872 faceret
3201 2831 3297 2886 pro
3344 2816 3488 2869 redi-

1907 2910 2118 2966 mendis
2148 2909 2379 2964 aliorum
2418 2907 2680 2966 versuris.
2718 2910 2940 2979 gestiret
2975 2907 3212 2978 denique
3257 2907 3485 2976 pretium

1907 3015 2006 3071 pro
2031 2999 2260 3055 aliorum
2323 3000 2694 3068 redemptione
2727 2998 3038 3068 persolvere
3061 3040 3076 3062 ,
3121 2997 3487 3066 trapeziticam

1908 3091 2074 3146 etiant
2105 3091 2406 3162 sepissime
2445 3091 2643 3144 Christi
2679 3090 2983 3146 imitatione
3019 3104 3308 3144 exercens.
3344 3090 3488 3143 Pau-

1910 3185 2130 3255 peribus
2157 3199 2376 3256 quoque
2411 3183 2631 3238 feminis
2662 3184 2727 3238 ad
2773 3199 2834 3239 se
2899 3182 3212 3239 convocatis
3255 3183 3490 3251 propriis

223 3279 370 3347 ἔρως
409 3270 477 3345 ἦν
506 3273 666 3346 αὐτῇ,
695 3275 756 3328 τὸ
779 3276 877 3346 τῆς
924 3273 1293 3344 φιλοπτωχίας
1327 3271 1582 3344 δώρημα.
1636 3273 1701 3325 Ὠ
1730 3272 1805 3325 τί-

1913 3278 2169 3333 manibus
2219 3277 2613 3343 ministrabat;
2655 3291 2889 3346 namque
2957 3275 3012 3330 in
3066 3275 3279 3329 deliciis
3300 3273 3349 3326 ei
3391 3271 3492 3326 fuit

227 3373 360 3444 μίου
386 3372 651 3442 στόματος
670 3372 767 3441 τῆς
795 3373 860 3424 ἐκ
891 3371 1050 3425 θείων
1078 3371 1274 3438 λογίων
1295 3369 1488 3424 ἀενάου
1517 3369 1811 3440 ἐκμελετή-

226 3482 392 3529 σεως,
425 3467 518 3518 καὶ
552 3464 968 3534 άπαραλείπτου
1007 3464 1169 3535 μέχρι
1202 3464 1434 3518 θανάτου
1464 3463 1804 3531 διαλειτουρ-

224 3558 450 3627 γήσεως
484 3557 497 3609 l
531 3557 593 3608 ’Ὠ
627 3556 825 3624 τιμίων
864 3554 1040 3608 ποδῶν
1070 3553 1537 3625 ἀποσφυρώσεωςς
1595 3554 1657 3606 ἐκ
1712 3551 1810 3622 τῆς

225 3650 589 3716 ἐντιυκτικῆς
620 3645 754 3715 πρὸς
778 3645 910 3699 Θεὸν
937 3644 1220 3700 άνενδότου
1250 3645 1466 3714 πήξεώς
1491 3663 1548 3698 τε
1590 3645 1686 3698 καὶ
1711 3663 1812 3699 πα-

228 3741 576 3812 ραστάσεωςι
612 3739 675 3792 Ὢ
697 3738 758 3792 ού
796 3739 954 3808 μόνον
981 3738 1294 3810 ἐσπερινῆς,
1335 3737 1471 3794 ἀλλὰ
1500 3739 1595 3792 καὶ
1625 3737 1812 3808 ὀρθρι-

227 3834 326 3903 νῆς
354 3832 449 3885 καὶ
479 3831 874 3901 μεσονυκτινῆς
900 3831 1065 3882 ὁσίων
1095 3831 1292 3900 χειρῶν
1331 3831 1470 3901 πρὸς
1528 3830 1660 3883 Θεὸν
1712 3832 1811 3883 ἐπ-

227 3925 445 3993 άρσεως
470 3923 562 3973 καὶ
590 3921 904 3988 διανυτικῆς
928 3919 1038 3970 τῶν
1076 3919 1411 3989 αἱτηθέντων
1440 3919 1768 3984 ἐπιτεύξεως
1795 3920 1807 3972 ί

229 4012 392 4068 καλῶ
423 4011 754 4083 νυκτερινῶν
803 4011 1067 4068 ἐνυπνίων
1121 4011 1547 4081 διασαφήσεωςί
1619 4011 1810 4080 ἐπειδὴ

229 4104 372 4175 πρὸς
397 4103 466 4156 τὰ
501 4103 889 4174 παριστάμενα
911 4102 1150 4175 λυπηρὰ,
1179 4103 1442 4166 πολλάκις
1476 4104 1613 4174 αὐτῇ
1678 4102 1811 4166 Θεὸς

229 4199 294 4252 τὸ
318 4196 513 4268 μέλλον
538 4197 981 4268 προμεμήνυκεν,
1010 4197 1504 4268 παραμυθούμενος
1525 4197 1625 4264 τὴν
1644 4195 1810 4250 αὑτοῦ

232 4290 591 4360 θεράπαιναν.
636 4289 700 4341 Ὢ
725 4292 822 4359 τῆς
859 4289 952 4343 τοῦ
980 4289 1100 4342 ὅλου
1134 4289 1386 4360 σώματος
1441 4290 1500 4355 ἐξ
1527 4291 1813 4360 ἀσκήσεως

232 4379 602 4449 παραλύσεως
630 4380 642 4433 l
675 4380 770 4432 καὶ
797 4380 842 4432 ῶ
864 4380 1114 4442 εὐτελοῦς
1149 4381 1243 4434 καὶ
1274 4381 1515 4434 ἀθάλπου
1547 4384 1603 4433 ἐν
1631 4380 1810 4451 καιρῷ

232 4469 439 4538 κρύους
469 4469 731 4530 ἐνδύσεως
759 4468 773 4519 ι
809 4469 900 4522 καὶ
921 4467 966 4521 ῶ
1002 4470 1294 4540 στρωμνῆς
1323 4469 1584 4541 διαξήρου
1621 4470 1810 4539 στενῆς

232 4579 293 4615 τε.
330 4561 426 4614 καὶ
457 4560 708 4629 κολοσῆς,
742 4561 834 4612 καὶ
859 4560 1139 4631 ψυχούσης
1170 4561 1538 4624 ἀνακλίσεωςί
1604 4560 1648 4613 ῶ
1709 4563 1810 4631 τῆς

1912 3385 2036 3439 erga
2070 3369 2259 3434 inopes
2301 3368 2605 3438 benignitas
2638 3368 2990 3438 largitasque.
3043 3365 3088 3421 Ο
3120 3366 3486 3420 venerandum

1913 3477 1997 3526 os,
2034 3459 2179 3532 quod
2217 3459 2402 3514 divina
2455 3458 2674 3530 eloquia
2732 3474 2949 3529 semper
2995 3457 3386 3522 meditabatur,
3438 3467 3491 3509 et

1915 3552 2292 3607 incessabilem
2345 3567 2520 3622 usque
2556 3551 2623 3606 ad
2677 3561 2907 3607 mortem
2960 3549 3234 3621 liturgiam
3270 3548 3439 3604 obivit
3476 3548 3489 3600 l

1913 3641 1957 3698 Ο
1994 3643 2427 3698 venerandorum
2469 3642 2665 3711 pedum
2716 3640 2783 3695 ad
2836 3640 3225 3695 ambulandum
3293 3637 3494 3692 indesi-

1916 3743 2104 3788 nenter
2133 3733 2200 3788 ad
2233 3731 2398 3787 Deum
2428 3733 2659 3787 malleoli
2696 3731 2835 3786 ﬁrmi
2868 3745 3082 3800 semper
3109 3738 3278 3798 atque
3330 3745 3491 3798 para-

1917 3823 1952 3877 ti
1984 3826 1996 3878 !
2029 3823 2072 3878 0
2095 3838 2202 3878 non
2231 3839 2454 3893 vespere
2484 3832 2692 3878 tantum
2714 3822 2808 3877 sed
2839 3833 2893 3876 et
2917 3837 3076 3876 mane
3104 3831 3156 3875 ct
3186 3832 3347 3876 nocte
3389 3837 3492 3875 me-

1912 3917 1998 3968 dia
2036 3925 2348 3968 sanctarum
2383 3929 2644 3967 manuum
2676 3913 2742 3967 ad
2781 3913 2948 3968 Deum
2976 3914 3226 3977 elevatio,
3259 3923 3312 3968 ct
3342 3924 3488 3968 certa

1913 4006 2309 4076 postulatorum
2341 4007 2648 4076 intpetratio
2682 4004 2763 4060 ΣΟ
2802 4015 3192 4060 nocturnorum
3257 4010 3495 4061 somnio-

1915 4113 2033 4152 rum
2066 4099 2421 4152 revelationes
2449 4099 2462 4152 !
2496 4097 2708 4152 Etenim
2741 4099 2811 4152 ob
2842 4100 3265 4153 circumstantes
3300 4099 3493 4154 moles-

1916 4191 2019 4244 tias
2080 4205 2220 4258 srepe
2287 4189 2428 4244 Deus
2488 4189 2670 4244 futura
2711 4191 3189 4259 praemonstravit,
3233 4189 3492 4245 famulam

1913 4297 2065 4336 suam
2123 4282 2437 4336 consolans.
2482 4279 2526 4336 0
2561 4281 2728 4338 totius
2778 4283 3029 4352 corporis
3078 4285 3147 4337 ob
3203 4287 3492 4339 asceticam

1913 4376 2079 4430 vitam
2114 4376 2426 4440 dissolutio,
2466 4377 2700 4448 vilisque
2750 4388 2802 4434 et
2838 4379 2980 4433 male
3023 4379 3092 4432 ab
3135 4379 3365 4434 hiberno
3397 4378 3494 4433 l‘ri-

1912 4482 2043 4536 gore
2098 4479 2385 4538 protegens
2434 4471 2604 4525 vestis
2640 4473 2651 4523 ι
2699 4467 2743 4524 0
2773 4471 2967 4525 lectule
3011 4471 3223 4541 rigide,
3268 4479 3497 4538 anguste

1912 4571 2194 4631 curteque,
2249 4562 2538 4632 {rigidique
2598 4561 2947 4617 discubitus!
2982 4562 3026 4617 0
3053 4563 3368 4618 inditl'erens
3427 4573 3481 4616 et

232 4652 428 4722 ἀφίλου
453 4651 548 4704 καὶ
577 4651 944 4704 ἀσυνδυάστου
984 4653 1116 4722 πρὸς
1168 4655 1349 4706 πᾶσαν
1411 4651 1532 4721 ὄψιν
1580 4653 1808 4724 ἄρρενος

1917 4653 2333 4709 iuconciliabilis
2359 4668 2486 4723 erga
2521 4652 2814 4722 cujuslibet
2871 4653 2970 4706 viri
3018 4664 3295 4722 aspectum
3328 4656 3492 4706 animi

233 4744 556 4808 διαθέσεωςί
587 4745 681 4796 καὶ
710 4741 755 4796 ὣ
784 4742 881 4812 τῆς
907 4743 1170 4812 ἐπιμόνου
1205 4746 1299 4796 καλ⁸
1354 4745 1658 4816 τεταμένης
1710 4745 1808 4798 αύ-

236 4833 339 4904 τῆς
369 4834 506 4905 πρὸς
530 4834 661 4887 Θεὸν
694 4833 1001 4904 μονώσεως.
1027 4834 1125 4887 Διὰ
1156 4834 1315 4887 τοῦτο
1350 4837 1572 4906 γὰρκαὶ
1604 4837 1804 4905 ἀκηδίᾳ

236 4927 567 4991 παλαίουσα,
599 4927 695 4979 καὶ
729 4928 867 4996 μήτε
895 4928 1040 4997 ἡμᾶς
1071 4927 1200 4997 όρᾷν
1229 4925 1427 4996 ἔχουσα
1459 4928 1802 4998 συχνότερον,

240 5019 381 5090 μήτε
419 5019 577 5073 ἄλλον
610 5019 701 5072 τὸν
735 5018 1120 5089 πνευματικῶς
1163 5017 1557 5086 ύπαλείφοντα,
1613 5021 1813 5089 ἡττᾶτο

239 5111 539 5181 ποιουμένη
568 5112 666 5174 τάς
695 5128 848 5174 τινας
872 5111 1133 5182 προόδους
1163 5111 1257 5164 καὶ
1284 5111 1594 5180 ἀποδημίας
1627 5129 1638 5142 °
1674 5113 1811 5166 ἀλλὰ

238 5201 344 5251 κάν
394 5201 567 5271 τούτῳ
605 5201 696 5254 τὸν
758 5203 958 5256 κανόνα
1009 5203 1350 5270 φυλάττουσα
1403 5203 1812 5272 ἀπαράλειπτον

239 5291 598 5346 ἀπεδείκνυτο
616 5308 632 5325 ⁶
675 5293 718 5346 ῶ
746 5295 1033 5365 φιλεργίας
1061 5294 1470 5365 ἀνυπερϐλήτου
1508 5294 1723 5365 νύκτωρ
1753 5311 1812 5346 τε

239 5383 338 5434 καὶ
366 5382 485 5451 μεθ’
516 5385 728 5455 ἡμέραν
755 5384 1139 5448 διακοπώσεως
1167 5388 1178 5438 l
1213 5387 1306 5438 καὶ
1327 5385 1371 5436 ῶ
1400 5387 1678 5439 δακτύλων
1717 5385 1812 5438 τοῦ

239 5476 568 5544 ἐργαστικοῦ
593 5477 1085 5548 ἀποσκληρώσεως,
1108 5479 1200 5530 καὶ
1229 5478 1307 5540 εἰς
1343 5476 1547 5546 βύρσης
1581 5478 1814 5548 σκληρά⁴⁹

239 5583 377 5638 τητα
404 5570 863 5641 μεταποιηθείσης
914 5571 1011 5640 τῆς
1045 5571 1277 5640 φυσικῆς
1326 5570 1667 5640 ἁπαλότητος
1695 5587 1706 5599 ο
1739 5570 1814 5641 μὴ

316 5799 428 5878 (μ)
470 5800 726 5878 lntelligit
764 5802 1137 5878 Eulltymium,
1161 5824 1318 5877 quem
1350 5810 1414 5862 ad
1445 5809 1809 5864 constantiam

244 5870 432 5923 multis
483 5870 676 5927 verbis
723 5870 1012 5930 roborabat
1064 5870 1192 5945 ipse'
1243 5879 1560 5932 Theodurus
1622 5880 1714 5931 lib.
1761 5895 1808 5942 ι,

1920 4745 2136 4800 habitus
2163 4745 2174 4798 !
2210 4745 2250 4798 Ο
2280 4753 2538 4798 constans
2569 4752 2622 4797 et
2654 4745 2815 4797 enixa
2841 4744 3014 4814 ipsius
3044 4759 3167 4799 cum
3226 4743 3334 4799 Deo
3367 4746 3496 4799 soli-

1920 4838 2088 4890 tudo!
2123 4835 2304 4902 Quare
2338 4847 2392 4890 ct
2426 4851 2549 4891 cum
2581 4835 2760 4891 tristia
2793 4836 3144 4902 conﬂictans,
3180 4853 3355 4905 neque
3397 4853 3495 4891 nos

1919 4946 2062 4998 saepe
2101 4932 2342 4999 aspicere
2377 4935 2586 4997 valens,
2625 4946 2800 4999 neque
2854 4933 3021 4985 alium
3043 4935 3134 5000 qui
3179 4932 3497 5001 spiritaliter

1923 5033 2212 5086 recrearet,
2251 5023 2472 5076 ntmrori
2529 5022 2748 5086 cedens,
2801 5023 3145 5091 egressiones
3202 5025 3414 5091 aliquas
3445 5036 3495 5078 et

1921 5116 2385 5186 peregrinationes
2420 5115 2649 5169 faciebat
2684 5134 2697 5170 :
2733 5126 3104 5172 verumtamen
3143 5118 3194 5170 in
3237 5117 3321 5170 liis
3365 5119 3495 5185 ipsis

1921 5208 2218 5261 solemnem
2269 5222 2489 5275 precum
2529 5207 2773 5260 ordinem
2805 5219 3062 5262 accurate
3106 5211 3397 5265 observare
3437 5225 3495 5262 se.

1919 5297 2352 5350 demonstrabat.
2379 5297 2422 5351 0
2455 5297 2632 5350 diurni
2686 5299 3047 5368 nocturnique
3099 5299 3301 5354 laboris
3345 5315 3491 5353 sum-

1922 5405 2042 5442 nms
2073 5389 2260 5442 amor!
2291 5387 2333 5442 0
2364 5387 2658 5456 digitorum
2681 5405 2742 5443 ex
2781 5407 2943 5459 opere
2979 5392 3227 5454 durities,
3251 5404 3302 5446 et
3339 5403 3496 5447 natu-

1923 5479 2052 5533 ralis
2080 5479 2383 5532 teneritudo
2415 5479 2465 5532 in
2503 5482 2634 5534 corii
2657 5483 3006 5551 asperitatem
3044 5501 3306 5540 conversa
3331 5487 3343 5539 !
3368 5487 3495 5555 quia

1922 5569 2171 5623 videlicet
2204 5584 2308 5622 non
2340 5584 2437 5638 pro
2456 5586 2512 5626 se
2536 5582 2770 5638 tantum,
2805 5574 2881 5641 (id
2910 5576 3054 5629 enim
3087 5579 3310 5632 minime
3332 5595 3494 5632 cura-

1918 5809 2079 5876 epist.
2118 5809 2139 5861 1
2179 5827 2191 5861 :
2218 5804 2468 5873 ἀνδρίζου
2497 5802 2587 5858 οὖν
2615 5807 2707 5860 καὶ
2735 5808 2916 5871 αὐτὸς.
2947 5808 3140 5876 ἀδελφέ
3168 5810 3295 5877 κῦρι
3327 5805 3498 5861 E1306-

1921 5895 2010 5946 μιε
2040 5898 2051 5932 ;
2090 5877 2326 5930 Viriliter
2355 5892 2448 5942 age
2477 5888 2521 5928 et
2557 5888 2634 5939 tu,
2657 5880 2864 5932 domine
2891 5880 3059 5945 frater
3086 5881 3354 5946 Eulh‘ymi,
3387 5887 3490 5933 etc.
