4170 6470
725 396 836 461 899

1912 400 1975 460 S.
2006 396 2399 459 THEODORI
2442 396 2791 461 STUDI‘I‘E

3871 384 3970 446 900

727 508 867 578 bat),
892 505 986 564 sed
1014 520 1113 578 pro
1146 506 1314 563 totius
1344 505 1457 563 fere
1487 507 1724 563 emnobii
1748 508 2087 565 indumentis
2111 521 2294 578 opera-

2404 508 2486 561 δτι
2516 508 2653 576 πρὸς
2680 508 2741 562 τὸ
2785 506 2985 576 ἑαυτὴν
3040 502 3304 575 ἐπαρκεῖν
3360 496 3739 573 ἐργαζομένης
3790 494 3969 565 (τοῦτο

725 596 910 665 batur,
947 605 1006 653 ut
1034 612 1131 654 vos
1158 597 1433 653 auditores
1462 598 1640 654 scitis.

798 867 886 921 ιε.
923 865 1226 935 Singularis
1256 864 1457 936 quippe
1506 864 1560 920 in
1592 864 1694 922 hoc
1743 864 1941 921 femina
1970 865 2072 922 fuit
2102 877 2295 938 prater

725 966 916 1014 caetera
959 998 974 1022 ,
1028 958 1099 1011 ita
1140 967 1198 1012 ut
1247 957 1295 1012 si
1325 972 1429 1028 qua
1470 956 1524 1011 in
1564 971 1620 1012 re
1686 957 2009 1028 reprehendi
2041 967 2098 1013 ut
2131 958 2295 1013 homo

726 1054 921 1115 potest,
946 1045 1072 1099 hinc
1094 1060 1222 1098 ansa
1274 1044 1584 1113 arripiatur,
1606 1053 1767 1113 atque
1792 1060 1859 1099 ex
1892 1046 2098 1115 reliquo
2141 1045 2291 1115 ejus-

724 1134 844 1189 dem
873 1150 1000 1205 erga
1031 1135 1281 1189 virtutem
1320 1134 1531 1190 fervore
1560 1153 1575 1198 ;
1630 1150 1739 1204 quo
1785 1135 1944 1191 fiebat
1974 1137 2293 1207 plerumque

723 1226 1015 1282 vehemens
1041 1236 1095 1281 et
1122 1227 1285 1281 nimia
1314 1243 1441 1297 erga
1477 1228 1655 1282 socias
1679 1243 1927 1284 asceseos
1959 1246 2023 1284 ac
2048 1230 2293 1285 subditas

722 1318 983 1374 exactrix.
1030 1317 1144 1373 Imo
1174 1328 1228 1374 et
1268 1318 1548 1375 iracundia
1592 1322 2022 1377 succendebatur
2049 1322 2102 1376 in
2147 1321 2293 1377 defe-

721 1410 899 1465 ctibus
945 1410 1060 1464 sive
1106 1426 1369 1479 operum,
1407 1414 1522 1467 sive
1575 1412 2023 1482 psalmodiarum,
2076 1415 2189 1471 sive
2223 1416 2290 1470 ad

721 1500 891 1557 officia
924 1503 1266 1560 assiduitatis
1298 1520 1313 1569 ;
1346 1519 1579 1575 raroque
1627 1505 1680 1559 in
1726 1506 1811 1561 his
1840 1521 1866 1557 a
1895 1507 2148 1575 quapiam
2197 1521 2290 1561 su—

728 1595 1021 1663 perabatur
1052 1635 1067 1660 ,
1106 1596 1472 1665 socordesque
1532 1597 1792 1665 urgebat,
1823 1606 1876 1651 et
1902 1598 2073 1667 alapis
2124 1598 2286 1652 etiam

720 1686 1144 1756 inobsequentes
1189 1686 1461 1757 pulsabat.
1498 1687 1602 1742 Sed
1639 1698 1816 1743 tamen
1852 1689 1932 1743 sic
1981 1689 2145 1743 etiam
2176 1705 2291 1743 ma-

720 1776 802 1845 gis
841 1777 1188 1847 diligebatur,
1221 1792 1384 1847 quam
1416 1777 1491 1831 illi
1519 1776 1612 1847 qui
1644 1778 1763 1847 plus
1794 1776 1961 1832 nimio
2004 1778 2288 1847 indulgen-

718 1844 800 1921 tes
839 1844 969 1922 sunt
996 1884 1012 1933 ;
1065 1867 1191 1937 quia
1238 1844 1363 1922 non
1416 1844 1552 1922 nisi—
1581 1844 1711 1922 recti
1739 1868 1973 1938 bonique
2006 1844 2190 1923 amore
2220 1868 2285 1923 iis
2313 1844 2359 1903 Β

716 1958 960 2012 motibus
997 1958 1423 2027 percellebatur:
1449 1958 1685 2027 alioquin
1716 1973 1939 2027 prorsus
1976 1958 2045 2011 ab
2084 1957 2169 2011 his
2194 1958 2288 2012 ab-

715 2048 963 2112 h0rrens,
996 2056 1049 2103 et
1082 2048 1311 2103 subesse
1339 2048 1459 2103 aliis
1489 2047 1787 2117 deposcens
1816 2066 1829 2101 :
1861 2047 2076 2102 interim
2116 2046 2284 2101 Deum

716 2140 821 2195 sibi
856 2138 1262 2194 misericordem
1295 2138 1612 2208 implorans,
1641 2138 1779 2192 sicut
1807 2153 1907 2192 nos
1935 2139 2057 2193 aliis
2085 2139 2289 2209 pariter

714 2232 1109 2289 condonamus.
1160 2230 1369 2301 Reapse
1412 2241 1536 2302 post
1574 2229 1785 2286 Patrem
1812 2230 2164 2302 (Platonem)
2194 2247 2290 2286 cu-

715 2324 892 2380 stodia
936 2324 1227 2388 inclusum,
1261 2323 1397 2378 adeo
1436 2323 1569 2377 mihi
1612 2323 1682 2378 ob
1720 2338 1875 2377 suam
1929 2325 2290 2378 humilitatem

719 2416 961 2487 subjecta
996 2425 1134 2480 erat,
1162 2431 1327 2485 seque
1351 2415 1405 2469 in
1439 2416 1762 2482 obsequium
1797 2414 2116 2477 tradiderat,
2151 2425 2210 2469 ut
2239 2424 2292 2471 et

719 2506 979 2563 famulam
1005 2521 1062 2562 se
1095 2506 1409 2575 appellaret,
1440 2514 1495 2559 et
1516 2504 1749 2574 indignis
1782 2504 2008 2573 pedibus
2035 2506 2171 2560 meis
2194 2505 2293 2559 ad-

724 2598 1070 2660 volveretur,
1126 2604 1180 2650 et
1221 2595 1401 2649 cordis
1446 2609 1643 2649 arcana
1688 2594 1819 2648 mihi
1867 2593 2209 2663 patefaceret,
2241 2603 2296 2650 et

727 2690 1039 2744 nullatenus
1089 2703 1119 2742 a
1173 2688 1308 2742 meis
1355 2687 1682 2757 praescriptis
1714 2688 2036 2743 discederet.
2084 2687 2295 2743 Pudore

723 2780 891 2848 igitur
919 2781 1080 2833 miser
1104 2793 1204 2849 ego
1234 2777 1537 2841 sulfundor,
1556 2779 1770 2849 quoties
1796 2789 1989 2847 reputo
2018 2780 2294 2849 quomodo

724 2871 814 2926 illa
873 2882 984 2925 me‘
1021 2871 1302 2925 dominum
1368 2880 1683 2940 patremque
1725 2870 2053 2935 nominaret,
2079 2880 2131 2925 et
2156 2885 2294 2940 quo-

723 2964 883 3019 modo
915 2978 999 3018 me
1037 2964 1264 3027 coleret,
1292 2976 1534 3017 amorem
1568 2961 1752 3015 timori
1798 2960 2107 3016 admiscens
2132 3002 2147 3026 ,
2200 2976 2295 3016 ne-

721 3072 829 3127 que
854 3065 913 3111 ut
950 3065 1143 3121 mater,
1166 3054 1259 3110 sed
1294 3063 1349 3108 ut
1394 3055 1498 3108 tilia
1537 3068 1743 3108 morem
1779 3064 2014 3122 gereret.

2396 599 2502 667 γὰρ
2536 599 2761 670 μηδενὸς
2791 599 2949 667 λόγου
2978 597 3119 667 πρὸς
3142 594 3362 665 αὐτῆς),
3397 592 3533 647 ἀλλὰ
3564 590 3661 645 καὶ
3706 590 3852 659 πρὸς
3912 591 3969 642 τὸ

2392 690 2512 742 ὅλον
2534 690 2800 744 κοινύδιον
2840 688 3025 760 σχεδὸν
3058 686 3409 751 ἐνδιδύσκειν,
3442 684 3519 747 ὡς
3544 679 3868 744 ἐπίστασθε,
3920 682 3967 733 οἱ

2392 781 2687 846 ἀκούοντες
2710 782 2845 850 (15).

2466 874 2553 944 ιβ’.
2584 874 2694 927 Καὶ
2728 873 2835 942 γὰρ
2867 872 2992 941 ξένη
3015 888 3102 933 τις
3130 868 3239 923 τῶν
3271 863 3546 935 γυναικῶν
3564 864 3622 916 ἐν
3649 864 3830 934 τούτῳ
3852 861 3965 930 ὢφ-

2395 961 2461 1032 θη
2514 962 2651 1031 μετὰ
2673 961 2781 1014 τῶν
2814 961 2987 1015 ἄλλων
3007 975 3022 990 ο
3053 959 3193 1013 ὥστε
3248 955 3343 1009 καὶ
3366 954 3420 1006 εί
3442 970 3495 1006 τι
3544 952 3621 1015 ὡς
3679 952 3965 1021 ἄνθρωπον

2393 1054 2561 1125 αὐτὴν
2586 1054 2699 1107 ἐστι
2740 1052 3066 1124 μωμεῖσθαι,
3096 1047 3344 1103 ἐντεῦθεν
3369 1045 3471 1108 τὰς
3501 1044 3759 1114 ἀφορμὰς
3789 1060 3964 1113 προσ-

2394 1147 2554 1211 εῖναι,
2622 1144 2717 1198 καὶ
2740 1146 2803 1197 ἐκ
2826 1146 2925 1213 τῆς
2959 1143 3122 1212 ἄλλης
3152 1138 3324 1207 αὐτῆς
3361 1135 3487 1207 περὶ
3519 1134 3587 1189 τὰ
3640 1134 3787 1188 καλὰ
3844 1134 3966 1205 θερ-

2396 1236 2649 1306 μότητος,
2682 1234 3003 1304 ἐπιτατικὴν
3028 1233 3106 1296 ὠς
3142 1230 3213 1285 τὰ
3244 1227 3416 1282 πολλὰ
3455 1225 3625 1280 οὖσαν
3675 1224 3964 1295 ἀκριϐολο-

2392 1329 2666 1398 γουμὲνην
2692 1328 2826 1400 πρὸς
2857 1327 2953 1390 τὰς
2982 1323 3427 1392 συνασκουμένας
3451 1319 3801 1390 ὑποχειρίους
3820 1356 3837 1381 ,
3874 1320 3964 1370 καὶ

2393 1418 2745 1488 θυμουμένην
2774 1416 2919 1469 ἔστιν
2943 1414 3032 1467 ὅτε
3070 1414 3128 1467 ἐν
3184 1413 3305 1474 ταῖς
3343 1409 3648 1480 ἐλλείψεσιν
3696 1408 3811 1461 εἴτε
3857 1406 3964 1459 τῶν

2391 1507 2588 1578 ἔργων.
2625 1506 2734 1559 εἴτε
2760 1504 2867 1558 τῶν
2895 1501 3244 1574 ψαλμῳδιῶν,
3266 1502 3373 1553 εῐτε
3392 1500 3502 1553 τῶν
3532 1497 3955 1569 παραστάσεσιν

2389 1598 2463 1661 ὡς
2490 1598 2582 1651 καὶ
2612 1596 2906 1667 νικηθῆναι
2932 1596 3101 1664 αὐτὴν
3134 1592 3194 1646 οὐ
3221 1590 3502 1653 πολλάκις,
3550 1587 3765 1658 ὠθῆσαί
3792 1603 3854 1640 τε
3876 1604 3963 1638 νυ-

2391 1688 2714 1753 σταζούσας,
2744 1686 2777 1757 ἢ
2809 1687 2904 1739 καὶ
2937 1685 3161 1755 ῥαπίσαι
3207 1681 3572 1751 ἁνηκοούσας.
3642 1678 3837 1757 ’.Αλλὰ⁸
3869 1680 3960 1731 καὶ

2390 1778 2488 1831 εἶθ’
2514 1780 2683 1843 οὕτως
2711 1773 2824 1848 εἶχε
2860 1779 2920 1831 τδ
2948 1775 3264 1844 ἀγαπᾶσθαι
3299 1774 3502 1844 μᾶλλον
3522 1770 3663 1842 ὑπὲρ
3695 1772 3828 1834 τοὺς
3845 1770 3962 1823 λίαν

2386 1872 2791 1942 ὁμαλωτάτους,
2825 1870 2914 1923 διὰ
2945 1869 3006 1922 τὸ
3038 1870 3096 1936 ἐξ
3122 1867 3328 1937 ἀγαθοῦ
3354 1866 3525 1935 αὐτὴν
3547 1862 3817 1917 κινεῖσθαι
3832 1863 3964 1933 πρὸς

2385 1959 2577 2025 ταῦτα,
2604 1961 2698 2014 καὶ
2729 1959 2958 2015 πάντοτε
2980 1956 3431 2026 ἁπογινὼσκουσα
3470 1956 3565 2009 καὶ
3582 1952 3818 2023 ζητοῦσα
3835 1952 3962 2004 ὑπο-

2387 2052 2719 2107 τάσσεσθαι·
2754 2053 2849 2106 καὶ
2878 2049 3071 2121 μέντοι
3133 2048 3220 2102 διὰ
3251 2048 3412 2101 τοῦτο
3464 2048 3555 2100 τὸν
3602 2045 3736 2099 Θεὸν
3796 2044 3962 2097 ίλεου·

2392 2144 2550 2213 μένη,
2586 2143 2663 2206 ὡς
2715 2143 2878 2212 ἡμεῖς
2938 2138 3095 2194 αὐτοὶ
3154 2138 3256 2202 τὰς
3316 2137 3693 2207 συγχωρήσεις
3744 2134 3973 2195 εῑκότωξ

2388 2234 2719 2305 ἐποιούμεθα
2739 2252 2752 2265 ’
2786 2234 2879 2287 καὶ
2902 2234 3011 2304 γὰρ
3042 2233 3177 2302 μετὰ
3204 2230 3301 2301 τὴν
3314 2228 3594 2302 κάθειρξιν
3619 2226 3714 2280 τοῦ
3753 2225 3963 2296 [ἰατρὸς

2388 2327 2639 2382 τοσοῦτον
2673 2328 2918 2397 ὑπετάγη
2959 2342 3060 2395 μου
3095 2326 3163 2395 τῇ
3193 2323 3524 2376 ταπεινώσει
3558 2321 3652 2373 καὶ
3713 2317 3961 2372 ἐπιδέδω-

2392 2438 2488 2474 κεν
2522 2423 2603 2483 εἰς
2629 2418 2902 2488 ὑπακοὴν,
2934 2418 3077 2472 ὥστε
3109 2418 3204 2468 καὶ⁵
3226 2400 3431 2483 ’δούλην
3457 2413 3655 2480 ἑαυτὴν
3680 2410 3961 2481 ὀνομάζειν

2393 2511 2487 2565 καὶ
2518 2511 2626 2563 τῶν
2656 2509 2893 2574 ἀναξίων
2909 2524 3009 2577 μου
3034 2506 3209 2559 ¹ποδῶν
3240 2496 3961 2573 ἐφάπτεσθαι,ἐξαγορεύειν

2394 2621 2452 2658 τε
2486 2604 2555 2657 τὰ
2594 2603 2813 2675 κρυπτὰ
2842 2601 2944 2671 τῆς
2979 2600 3229 2670 καρδίας,
3259 2600 3354 2652 καὶ
3380 2598 3462 2659 είς
3515 2597 3623 2649 πᾶν
3659 2594 3843 2647 ὁτιοῦν
3891 2594 3961 2663 μὴ

2394 2694 2712 2749 ἀντιτείνειν
2755 2693 2864 2746 τῶν
2910 2692 3319 2761 ἐπιταγμάτων.
3356 2687 3551 2750 Αἰδοῦς
3600 2686 3786 2739 τοίνυν
3831 2686 3962 2753 πλη-

2397 2787 2596 2859 ροῦμαι
2627 2787 2803 2856 ἔγωγε
2833 2788 2861 2839 ὁ
2894 2784 3061 2848 τάλας
3083 2783 3275 2846 ὁσάκις
3312 2782 3376 2836 ἂν
3408 2782 3504 2835 καὶ
3555 2778 3961 2847 ἀναλογίσωμαι

2394 2882 2541 2943 ὃπως
2576 2881 2634 2934 τὲ
2658 2897 2723 2951 με
2749 2878 2995 2949 ὠνόμαζε
3028 2877 3216 2948 κύριον
3250 2874 3347 2928 καὶ
3385 2873 3626 2943 Πατέρα,
3682 2870 3779 2926 καὶ
3824 2871 3963 2931 ὅπως

2396 2973 2619 3027 ἐσέϐετο
2648 2973 2968 3044 συμμίξασα
2998 2970 3075 3041 τῷ
3102 2968 3253 3040 φόϐῳ
3287 2968 3378 3021 τὸν
3412 2964 3598 3032 πόθον,
3630 2964 3726 3018 καὶ
3750 2962 3851 3034 οὐχ
3893 2960 3961 3022 ὡς

2398 3065 2605 3134 μήτηρ.
2647 3063 2761 3116 ἀλλ’
2786 3062 2861 3125 ὡς
2891 3062 3079 3116 τέκνον
3114 3056 3508 3131 πειθαρχοῦσα.

789 3146 878 3201 13.
918 3144 1185 3201 Przterea
1236 3146 1318 3199 lex
1353 3145 1427 3198 illi
1485 3144 1566 3197 vel
1589 3144 1745 3199 limes
1783 3144 2129 3199 continentiae
2171 3143 2291 3209 fuit,

2470 3161 2557 3221 ιγ’.
2587 3154 2728 3224 Πρὸς
2754 3153 2927 3206 ταῦτα
2964 3151 3289 3223 ἐγκρατείας
3320 3151 3416 3221 μὲν
3441 3150 3587 3220 ὅρον,
3641 3145 3706 3200 τδ
3757 3146 3833 3219 μὴ
3890 3148 3961 3206 είς

716 3254 995 3310 nunquam
1024 3238 1307 3293 comedere
1334 3237 1400 3291 ad
1435 3238 1735 3291 satietatem
1771 3236 1896 3290 :sed
1930 3243 2108 3291 tamen
2134 3237 2290 3291 cibo-

719 3345 836 3383 rum
872 3328 1196 3399 qualitatem
1259 3342 1508 3383 coercere
1559 3343 1654 3399 per
1697 3326 2058 3383 obedientiam
2102 3328 2149 3383 ei
2181 3343 2289 3383 non

716 3419 1073 3485 licebat;etsi
1109 3420 1163 3473 in
1200 3420 1303 3475 hoc
1351 3434 1678 3490 magnOpere
1726 3421 2081 3489 repugnabat,
2119 3434 2293 3491 neque

715 3512 1066 3567 exaudiebat.
1137 3510 1315 3566 Semel
1357 3512 1539 3581 itaque
1588 3514 1641 3566 in
1710 3512 1799 3567 die
1840 3513 2157 3567 vescebatur
2188 3553 2204 3578 ,
2239 3523 2295 3569 et

717 3602 936 3671 quidem
978 3602 1121 3657 circa
1180 3602 1314 3657 solis
1351 3614 1604 3656 occasum
1647 3602 1967 3672 plerumque
2004 3642 2019 3666 ,
2070 3618 2292 3657 sumens

720 3701 933 3747 tenuem
965 3701 1020 3746 et
1067 3692 1367 3760 simplicem
1418 3692 1533 3747 sine
1570 3692 1688 3747 oleo
1721 3693 1955 3763 vinoque
1992 3694 2201 3749 cibum.
2228 3692 2295 3747 Et

719 3783 990 3850 siquando
1027 3784 1181 3838 statis
1198 3783 1389 3838 diebus
1414 3784 1680 3853 jejunium
1706 3786 2010 3852 omittebat,
2038 3803 2142 3841 non
2164 3802 2294 3843 sane

723 3878 789 3930 ad
825 3876 1197 3947 repletionem,
1251 3876 1341 3930 sed
1388 3891 1578 3945 parum
1642 3877 1772 3947 quid
1815 3878 2067 3947 brevique
2123 3880 2294 3949 degu-

720 3977 916 4033 stans,
960 3970 1087 4023 satis
1120 3968 1169 4022 ei
1239 3977 1374 4022 erat.
1441 3966 1724 4038 Religiosae
1782 3984 1913 4023 vero
1966 3972 2298 4041 paupertatis

720 4058 1109 4113 demonstratio
1136 4070 1269 4123 erat,
1299 4060 1439 4129 quod
1468 4059 1599 4111 nihil
1635 4061 1857 4116 omnino
1892 4061 2149 4127 habebat,
2184 4078 2291 4116 non

724 4148 1003 4214 famulam,
1042 4166 1146 4204 non
1201 4167 1394 4205 aurum
1438 4161 1810 4222 argentumve,
1856 4168 2027 4223 neque
2074 4153 2298 4208 munda-

722 4242 1097 4311 numaliquid,
1135 4244 1229 4296 sed
1268 4243 1586 4298 vestimenta
1618 4245 1855 4306 cilicina,
1881 4255 1935 4300 et
1967 4246 2295 4316 paupercula

721 4335 830 4389 duo
857 4343 1183 4404 tegumenta.
1213 4332 1337 4391 Haec
1366 4337 1557 4391 mortis
1584 4353 1748 4391 causa
1769 4340 1899 4391 mihi
1925 4349 1978 4393 et
2006 4339 2157 4394 fratri
2190 4341 2295 4395 lar-

722 4428 829 4500 gita
850 4468 865 4492 ,
887 4429 1097 4483 caeteris
1126 4428 1415 4496 sepultura:
1435 4430 1742 4493 reservatis,
1771 4429 1851 4483 sic
1877 4430 2013 4484 nuda
2042 4432 2296 4486 substan-

2395 3247 2555 3318 κόρον
2586 3250 2782 3313 φαγεῖν
2816 3242 2961 3315 εἶχεν
2983 3262 2997 3277 ο
3026 3247 3125 3314 τὴν
3149 3245 3204 3298 δὲ
3236 3246 3498 3313 ποιότητα
3519 3244 3627 3296 τῶν
3658 3242 3961 3313 βρωμάτων

2394 3339 2727 3408 συστεῖλαιή
2764 3337 3009 3408 ὑποταγὴ
3041 3338 3139 3391 οὐκ
3205 3338 3292 3389 εῐα
3316 3374 3332 3399 ,
3369 3336 3571 3405 καίπερ
3639 3333 3959 3404 προσκειμέ-

2391 3454 2490 3506 νην
2521 3432 2795 3488 ἐπὶτοῦτο
2827 3432 3070 3503 σφοδρῶς
3092 3471 3107 3494 .
3140 3430 3234 3484 καὶ
3264 3430 3339 3501 μὴ
3385 3426 3837 3496 εἰσακουομένην.
3860 3420 3960 3477 Ἦν

2391 3525 2572 3580 τοίνυν
2614 3523 2993 3594 μονοσιτοῦσα,
3031 3521 3127 3575 καὶ
3166 3519 3303 3591 πρὸς
3332 3517 3483 3571 δύσιν
3507 3515 3601 3569 τοῦ
3632 3516 3782 3586 ἡλίου
3804 3515 3879 3578 ὡς
3900 3516 3963 3566 τὶ

2395 3618 2585 3681 πολλὰ,
2624 3615 3287 3687 μεταλαμϐάνουσαλιτήν
3316 3628 3438 3665 τινα
3469 3611 3561 3664 καὶ
3589 3609 3822 3680 σχέδιον,
3882 3609 3964 3661 ἀν-

2393 3708 2571 3761 έλαίον
2607 3725 2665 3761 τε
2689 3707 2782 3761 καὶ
2801 3709 2979 3762 ἄοινον
3003 3706 3100 3778 τὴν
3126 3704 3336 3777 τροφήν
3364 3718 3378 3733 ⁸
3412 3701 3517 3754 κᾶν
3550 3700 3713 3752 ὁπότε
3744 3699 3802 3751 δέ
3833 3714 3960 3752 κατ-

2392 3800 2547 3853 έλυεν
2582 3804 2639 3853 ἐν
2703 3801 2823 3862 ταῖς
2850 3799 3186 3869 ὡρισμέναις
3219 3795 3477 3867 ἡμέραις,
3513 3793 3573 3845 οὐ
3640 3792 3780 3843 κατὰ
3838 3790 3963 3857 πληο

2396 3892 2622 3963 σμονὴν,
2658 3889 2717 3957 ἐξ
2744 3892 2924 3959 ὀλίγου
2946 3892 3002 3944 δὲ
3045 3890 3143 3944 καὶ
3191 3890 3334 3943 κατὰ
3373 3886 3569 3959 μικρὸν
3616 3883 3961 3953 λαμϐάνουσα

2393 3984 2618 4052 ⁴ἠρκεῖτο
2646 4000 2660 4015 ο
2710 3984 2848 4052 ἀκτη
2861 3981 3098 4053 μοσύνης
3131 3981 3188 4033 δέ
3216 3981 3437 4050 δεῖγμα,
3488 3977 3550 4031 τὸ
3602 3975 3770 4045 μηδὲν
3824 3975 3961 4042 ἔχειν

2396 4070 2584 4137 αὐτὴν,
2628 4072 2761 4139 μήτε
2794 4068 3171 4138 θεραπαινίδα.
3204 4070 3339 4137 μήτε
3369 4066 3594 4137 χρυσίον
3623 4104 3637 4128 ,
3698 4062 3837 4133 μήτε
3868 4063 3957 4131 ἀρ-

2396 4161 2604 4230 γύριον,
2644 4159 2779 4229 μήτε
2808 4176 2859 4211 τι
2886 4159 2981 4212 τοῦ
3013 4160 3206 4222 αίῶνος
3240 4158 3454 4224 τούτου,
3488 4158 3521 4227 ἢ
3565 4154 3725 4227 μόνον
3754 4153 3826 4206 τὰ
3847 4154 3957 4222 τρίο

2396 4269 2524 4323 χινα
2582 4252 2746 4323 ῥάκια
2800 4250 2836 4305 ἃ
2896 4250 3293 4321 περιϐέϐλητο,
3342 4248 3436 4302 καὶ
3463 4248 3532 4301 τὰ
3585 4246 3678 4301 δύο
3736 4245 3961 4315 πενιχρὰ

2398 4346 2765 4415 σκεπάσματα
2799 4342 2934 4413 (16).
2978 4340 3193 4412 Ἀμέλει
3243 4338 3424 4393 τοίνυν
3480 4340 3567 4393 ὅτε
3606 4335 3956 4393 ἁπετελεύτα,

2397 4436 2520 4507 ιμοί
2548 4454 2605 4491 τε
2634 4437 2727 4490 καὶ
2750 4434 2829 4507 τῷ
2857 4432 3072 4503 ἀδελφῷ
3125 4430 3448 4501 διανείμασα
3507 4430 3701 4492 ταῦτα,
3766 4428 3862 4481 καὶ
3906 4426 3961 4478 τὶ)

722 4519 812 4575 tiis
844 4527 895 4574 et
925 4519 1113 4574 mundi
1162 4520 1459 4586 affectibus,
1487 4521 1605 4575 laeta
1662 4530 1919 4590 tanquam
1977 4523 2042 4575 ad
2071 4526 2288 4593 propria

2392 4527 2579 4580 λοιπὸν
2614 4530 2693 4590 εἰς
2718 4524 3083 4595 ἐνταφιασμδν
3146 4522 3360 4592 ἔχουσα,
3401 4520 3574 4585 οὕτως
3635 4521 3821 4591 γυμνὴ
3875 4522 3959 4572 καὶ

722 4607 1074 4678 proficiscens
1131 4610 1295 4664 rebus
1349 4611 1597 4665 humanis
1648 4612 1902 4677 excessit,
1942 4612 2079 4669 bene
2133 4616 2291 4672 nobis

722 4701 1120 4771 salubriterque
1175 4711 1425 4772 precata,
1484 4716 1775 4773 prmsenles
1815 4722 2029 4778 quoque
2099 4724 2292 4765 omnes

722 4794 903 4847 crucis
952 4794 1198 4865 symbolo
1254 4795 1510 4865 signans;
1545 4813 1666 4851 nam
1712 4799 1872 4854 multi
1929 4802 2133 4857 inventi
2165 4810 2292 4857 sunt

724 4886 797 4943 ibi
828 4887 1042 4954 fratres,
1074 4887 1190 4957 ejus
1214 4887 1420 4943 obitum
1444 4890 1761 4960 spectaturi.

796 5153 880 5207 l4.
914 5150 1041 5214 Sed.
1068 5168 1101 5207 ο
1132 5152 1439 5208 veneranda
1469 5162 1523 5208 et
1574 5152 2037 5207 desideratissima
2095 5162 2287 5217 mater,

722 5244 789 5299 ad
816 5254 867 5299 te
894 5245 1039 5299 enim
1074 5260 1380 5300 sermonem
1439 5256 1719 5312 converto,
1752 5247 1929 5302 dulcis
1956 5246 2087 5300 mihi
2114 5262 2202 5301 res
2238 5256 2292 5301 et

796 5468 905 5537 (l5)
948 5467 1000 5522 id
1047 5467 1280 5522 allirmat
1307 5466 1632 5523 Theodorus
1665 5468 1829 5523 etiam
1864 5469 1916 5523 in
1953 5468 2181 5539 epistola
2215 5470 2283 5525 ad

723 5547 974 5599 matrem,
1001 5540 1095 5593 lih.
1128 5555 1187 5601 ιι.
1218 5539 1270 5592 6.

794 5608 907 5676 (l6)
945 5607 1149 5664 Confer
1176 5608 1487 5680 pradictam
1520 5607 1791 5665 Theodori
1819 5608 1885 5663 ad
1916 5618 2141 5663 matrem
2169 5610 2287 5679 epi—

726 5680 1151 5816 ει(ἶιίὶῧμιιιιιοιοι-
1185 5748 1457 5804 chronica:
1495 5762 1794 5818 synopseos
1828 5748 1962 5803 \‘itze
2014 5750 2286 5804 'l'heodori

732 5818 786 5869 in
820 5818 1054 5871 editione
1093 5818 1371 5873 Sirmondi
1415 5821 1481 5873 ad
1515 5834 1602 5870 an.
1640 5818 1765 5880 795,
1805 5830 1953 5884 putat
1997 5818 2287 5872 coistnlam

2398 4621 2519 4682 ταῖς
2552 4617 2707 4682 ὕλαις
2729 4618 2825 4671 καὶ
2850 4619 2968 4680 ταῖς
2998 4615 3094 4669 τοῦ
3127 4615 3334 4684 κόσμου
3363 4612 3780 4685 προσπαθείαις,
3844 4613 3959 4682 χαίο

2401 4725 2569 4779 ρουσα
2621 4710 2716 4761 καὶ
2746 4707 2823 4771 ὡς
2853 4707 2989 4779 πρὸς
3030 4705 3099 4759 τὰ
3141 4707 3247 4759 ἴδια
3298 4702 3575 4775 χωροῦσα,
3607 4701 3959 4771 ἀπεδήμησεν

2392 4799 2459 4853 ἐκ
2486 4798 2593 4853 τῶν
2626 4798 2860 4863 ἐνθένδε,
2894 4797 3340 4868 ἐπιφθεγξαμένη
3367 4798 3499 4867 ἡμῖν
3551 4794 3816 4865 εὐκτήρια
3871 4793 3958 4845 καὶ

2392 4887 2658 4956 σωτήρια,
2684 4888 2778 4939 καὶ
2805 4886 3320 4968 κατασφραγίσασε
3346 4886 3577 4939 ἕκαστον
3665 4883 3774 4936 τῶν
3827 4899 3959 4952 παρ·

2396 4976 2720 5045 ισταμένων,
2761 4976 2956 5045 ἐπειδὴ
2998 4977 3090 5029 καὶ
3122 4976 3309 5029 πολλοὶ
3333 4975 3441 5030 τῶν
3474 4974 3718 5044 ἀδελφῶν
3744 4974 3961 5045 εὑρέθη-

2394 5084 2494 5121 σαν
2522 5066 2786 5136 θεώμενοι
2810 5068 2909 5137 τὴν
2941 5067 3199 5138 κοίμησιν
3224 5069 3358 5137 (l7).

2473 5159 2553 5213 ιδ’.
2626 5158 2836 5214 ’Δλλ”ὦ
2897 5160 3077 5230 μῆτερ
3138 5159 3412 5229 σεδασμία
3470 5158 3565 5212 καὶ
3626 5156 3955 5227 πολυπόθητε

2401 5254 2559 5325 (πρὸς
2581 5254 2640 5307 σέ
2664 5256 2770 5326 γάρ
2798 5254 3415 5323 είμιέπιστρεφόμενος,
3442 5252 3503 5304 τὸ
3539 5249 3709 5318 γλυκύ
3742 5266 3833 5320 μοι
3870 5251 3957 5303 καὶ

2390 5475 2455 5530 ad
2502 5483 2731 5529 matrem
2780 5472 3038 5541 scriptam
3080 5469 3251 5525 fuisse.
3283 5482 3409 5541 apte
3457 5485 3621 5541 suam
3665 5467 3948 5541 profectim

2392 5560 2513 5598 nem
2556 5545 2607 5597 in
2652 5538 2908 5597 exsilium
2960 5541 3026 5595 ad
3064 5542 3251 5595 urbem
3302 5538 3781 5603 Thessalonicam;
3819 5540 3945 5601 quod

2392 5616 2435 5669 si
2478 5615 2549 5667 ita
2578 5629 2635 5668 se
2668 5614 2911 5677 haberet,
2944 5610 3257 5665 Theoctista
3293 5625 3513 5680 quoque
3549 5624 3644 5680 per
3669 5608 3717 5660 id
3748 5616 3946 5680 tempus

2392 5685 2656 5748 obiisset;
2714 5682 2854 5752 quod
2909 5698 2939 5735 a
2996 5681 3224 5752 veritate
3285 5678 3459 5752 plane
3494 5678 3773 5752 abhorret.
3827 5678 3941 5729 Nam

2392 5753 2701 5809 Theoctista
2735 5748 2925 5807 eomes
2965 5751 3117 5806 illius
3149 5751 3362 5805 itineris
3391 5748 3501 5802 tilio
3535 5748 3660 5800 fuit.
