4170 6502
209 424 312 492 901

766 424 1047 487 ORATIO
1071 427 1244 491 XIII.
1275 457 1344 467 —
1368 434 1750 498 LAUDATIO
1788 441 2175 503 FUNEBRIS
2203 442 2286 502 IN
2322 440 2644 503 MATREM
2677 441 2905 503 SUAM.

3352 445 3460 509 902

206 542 441 608 πρᾶγμα
466 539 562 592 καὶ
585 539 776 610 ὄνομα,
809 547 871 597 τὸ
923 546 1157 616 παθητόν
1215 565 1307 617 μοι
1359 549 1453 601 καὶ
1501 549 1766 621 ἐράσμιον

1891 568 2089 620 tamen,
2111 555 2487 611 desiderabilis
2511 555 2875 624 amabilisqne
2905 563 3255 624 conspectus,
3282 568 3460 610 mater

206 631 473 703 θεώρημα
497 672 514 699 ,
545 633 580 701 ἡ
611 634 999 703 μητρότεκνος,
1035 636 1234 706 μᾶλλον
1266 636 1324 690 δὲ
1363 637 1635 702 διτοτόκος
1674 656 1777 709 μου

203 724 492 795 διμήτηρ),
526 720 628 776 ποῦ
657 740 788 778 ποτε
832 727 979 796 ἡμᾶς
1036 727 1433 792 ἀπολέλοιπας;
1491 728 1593 783 ποῦ
1648 745 1780 782 ποτε

208 819 681 887 μετακεχώρηκας
710 833 726 883 ;
763 816 840 886 πῆ
867 818 924 871 δὲ
957 818 1335 890 μεθωρίσθηςς
1382 820 1457 890 πῆ
1509 820 1684 874 δὲκαὶ
1722 821 1780 875 ἐν

206 909 385 970 ποίοις
415 909 600 971 τόποις
627 909 880 980 ἐναυλίζῃ
907 926 921 974 ;
955 910 1016 962 ὲν
1049 909 1230 973 ποίαις
1253 909 1509 964 ὲπαύλεσι
1569 929 1782 983 συγχω-

209 999 460 1068 ριάζεις;
489 1000 757 1071 ὁπηλίκας
792 1002 1180 1068 κατοπτεύεις;
1221 1003 1324 1058 Τὸν
1379 1005 1490 1074 γὰρ
1543 1003 1781 1074 ἄρχοντα

206 1089 304 1142 τοῦ
336 1090 498 1161 ἀέρος
530 1091 720 1145 τούτου
739 1091 799 1145 εὖ
822 1088 936 1146 οἶδα
952 1095 1014 1146 ὲκ
1032 1095 1139 1166 τῷν
1161 1095 1380 1163 ἀγαθῶν
1406 1113 1498 1148 σου
1530 1095 1782 1166 πράξεων

210 1183 682 1253 ὑπερνικήσασαν,
719 1186 894 1238 ἐκεῖσε
928 1180 1067 1238 εἶναι
1097 1186 1224 1239 ἔνθα
1252 1187 1462 1257 ἀπέδρα
1484 1186 1640 1258 ὀδύνη
1688 1186 1780 1239 λύ-

211 1291 289 1343 πη
326 1276 420 1327 καὶ
451 1276 753 1344 στεναγμὸς
779 1320 793 1341 ,
857 1276 985 1330 ἔνθα
1011 1278 1120 1331 τῶν
1162 1277 1336 1347 ἁγίων
1381 1279 1599 1333 πάντων
1633 1280 1784 1333 ἐστὶν

209 1365 658 1435 εὐφραινομένων
698 1368 732 1439 ή
782 1368 1079 1434 κατοικία,
1112 1369 1240 1424 ἔνθα
1299 1365 1433 1441 ἦχος
1479 1372 1573 1424 καὶ
1625 1371 1785 1442 χορὸς

210 1457 577 1526 ἑορταζόντων
611 1461 706 1512 καὶ
735 1459 1157 1531 ἀγαλλιωμένων
1185 1502 1202 1527 ,
1233 1462 1360 1516 ἔνθα
1382 1463 1478 1516 καὶ
1509 1464 1560 1516 οἱ
1613 1464 1784 1517 κοινοὶ

211 1548 372 1616 ἡμῶν
397 1548 617 1619 ἀδελφοὶ
651 1550 744 1614 οὓς
805 1552 897 1604 καὶ
926 1553 1206 1624 ὲπόθησας
1254 1555 1349 1608 καὶ⁴
1403 1560 1784 1623 συγκοινωνεῖν

214 1639 337 1710 ἥρω
363 1657 376 1672 ’
413 1641 538 1712 ἄρτι
579 1641 686 1712 γὰρ
711 1642 781 1695 τὰ
833 1643 1100 1713 ἰδιώματα
1143 1646 1240 1716 τῆς
1277 1646 1479 1716 σαρκὸς
1537 1646 1786 1717 παρόντα

215 1729 481 1801 διαφορὰν
519 1732 795 1787 ποιοῦνται
818 1735 918 1803 τῆς
959 1735 1334 1805 συμϐιώσεως.
1371 1739 1461 1808 Μὴ
1486 1738 1549 1810 δὴ
1595 1739 1786 1793 ἐπιλά-

217 1821 286 1892 θῃ
305 1822 464 1893 ἡμῶν
478 1823 587 1876 τῶν
609 1824 716 1876 σῶν
747 1825 1040 1895 ἐλαχίστων
1066 1828 1270 1882 τέκνων
1290 1845 1304 1861 ⁸
1333 1828 1431 1901 μὴ,
1454 1831 1779 1902 παρακαλῶο

1887 641 2050 698 simul
2089 653 2162 699 ειη
2197 644 2328 708 lilia,
2379 658 2501 714 quae
2555 643 2639 699 bis
2671 658 2755 698 me
2785 643 3061 714 peperisti,
3092 644 3173 698 bis
3205 647 3456 714 genitrix,

1887 731 2109 786 ubinam
2145 748 2245 788 nos
2283 734 2549 804 reliquisti
2576 735 2600 788 3
2626 749 2862 803 quonam
2905 742 2964 789 tu
3011 735 3297 805 migrasti?
3323 752 3462 805 quos

1889 823 1943 878 in
2011 825 2145 880 lines
2205 826 2467 881 translata
2497 827 2809 896 es?quseve
2835 826 2949 881 loca
3016 843 3160 882 nunc
3216 829 3461 884 habitas?

1888 914 2086 984 quibus
2118 914 2172 968 in
2215 916 2436 970 sedibus
2474 916 3019 986 diversarisiquales
3072 933 3220 972 nunc
3275 928 3464 972 contu-

1890 1005 2139 1061 bernales
2168 1017 2380 1075 spectas
2409 1009 2434 1062 ?
2460 1007 2593 1061 Nam
2617 1008 2915 1076 principem
2946 1008 3162 1076 quidem
3189 1009 3331 1063 aeris
3363 1009 3466 1063 hue

1885 1097 1976 1168 jus
2005 1107 2153 1153 certo
2186 1099 2300 1154 scio
2332 1107 2385 1153 te
2417 1099 2573 1154 bonis
2611 1101 2719 1154 tuis
2745 1099 3004 1168 operibus
3033 1100 3321 1165 devicisse,
3353 1101 3458 1154 ibi-

1889 1204 1996 1258 que
2024 1197 2074 1242 te
2103 1203 2223 1243 esse
2277 1189 2416 1243 unde
2465 1189 2618 1242 dolor
2659 1197 2712 1243 et
2746 1204 2947 1243 maeror
2976 1199 3029 1243 et
3057 1189 3237 1244 luctus
3292 1204 3454 1243 exsu-

1891 1277 2044 1331 lant:
2083 1277 2170 1332 ubi
2203 1287 2511 1334 sanctorum
2568 1279 2812 1332 omnium
2870 1279 3140 1333 incolatus
3169 1288 3250 1334 est
3279 1280 3464 1334 beato-

1892 1385 2010 1423 rum
2043 1389 2055 1424 :
2087 1371 2178 1424 ubi
2212 1371 2472 1442 strepitus
2529 1371 2844 1440 chorusque
2878 1371 3354 1425 solemnizantium
3391 1381 3468 1426 at-

1891 1476 1998 1530 que
2049 1462 2342 1516 laztantium
2375 1471 2456 1517 est
2487 1481 2500 1518 :
2532 1462 2621 1516 ubi
2674 1462 2843 1516 nostri
2902 1477 3218 1518 communes
3250 1461 3462 1526 fratres,

1891 1565 2030 1620 quos
2049 1560 2102 1604 et
2132 1552 2322 1606 amasti
2347 1560 2400 1604 et
2426 1560 2707 1606 consortes
2742 1552 2940 1606 habere
2963 1552 3255 1620 exoptasti.
3311 1551 3466 1605 Nunc

1892 1644 2035 1698 enim
2078 1652 2370 1712 prmsentes
2417 1643 2596 1698 adhuc
2626 1645 2807 1698 carnis
2845 1645 3203 1713 proprietates
3271 1643 3468 1700 discri-

1892 1751 2016 1791 men
2043 1736 2326 1804 convictus
2353 1735 2613 1789 efﬁciunt.
2647 1734 2832 1804 Neque
2859 1735 2964 1790 mei
3014 1736 3354 1792 obliviscaris
3405 1737 3468 1790 li-

1893 1826 2086 1881 liorum
2113 1835 2325 1880 tuorum
2354 1827 2559 1880 minimi
2588 1845 2600 1881 :
2627 1842 2715 1890 ne,
2754 1827 2994 1896 inquam,
3022 1841 3120 1881 oro
3151 1843 3464 1897 quaesoque,

217 1915 318 1986 μὴ,
341 1915 625 1981 ἀντιϐολῶ,
659 1916 733 1987 μὴ
758 1918 988 1991 ἐπιλήσῃ
1017 1919 1110 1973 τοῦ
1145 1922 1397 1992 ποιμνίου
1430 1939 1522 1976 σου
1555 1923 1648 1976 τοῦ
1699 1941 1787 1994 μι-

1891 1917 2070 1988 pusilli
2101 1917 2277 1987 gregis
2308 1918 2386 1971 tui
2418 1933 2604 1971 curam
2631 1918 2851 1972 omittas
2881 1931 3056 1987 neque
3086 1918 3287 1988 magni.
3352 1915 3456 1970 Sed

216 2007 354 2078 κροῦ
385 2025 442 2061 τε
475 2010 567 2062 καὶ⁵
594 2007 687 2060 τοῦ
716 2009 952 2078 μεγάλου
975 2026 989 2040 ·
1046 2011 1180 2064 ἀλλὰ
1233 2015 1545 2084 παρρησίας
1591 2015 1786 2085 τυχοῦ-

216 2116 309 2163 σα,
357 2100 600 2154 πιστεύω
626 2099 670 2152 δ’
717 2102 798 2154 ὅτι
851 2102 947 2156 καὶ
996 2103 1425 2175 ὲπιτετύχηκας,
1496 2105 1654 2176 στῆθι
1693 2107 1789 2160 καὶ

218 2189 366 2244 ίλεοῦ
396 2191 490 2244 καὶ
536 2191 821 2256 ἑξιλάσκου
890 2194 1193 2264 προσεύχου
1224 2195 1319 2248 καὶ
1348 2197 1651 2266 ὑπερεύχου
1696 2199 1789 2251 καὶ

219 2283 423 2351 μᾶλλον
452 2281 579 2352 ἄρτι
601 2284 1022 2354 ἐκτενεστέρως,
1055 2286 1486 2353 παιδαγωγοῦσα
1517 2287 1610 2341 καὶ
1663 2305 1791 2358 στη-

219 2373 450 2442 ρίςουσα
478 2373 570 2425 καὶ
598 2371 912 2442 φρουροῦσα
949 2391 1016 2444 με
1049 2374 1139 2427 τὸν
1168 2375 1400 2427 δείλαιον
1445 2377 1552 2428 ἀπὸ
1621 2377 1786 2446 φόϐου

216 2462 622 2532 ἀμαρτητικοῦ,
663 2464 770 2516 ἀπὸ
802 2463 988 2533 βέλους
1013 2466 1320 2536 πετομένου
1373 2467 1624 2537 ἀνομίας,
1681 2467 1789 2521 ἀπὸ

215 2554 400 2623 πάσης
437 2553 605 2622 ἄλλης
635 2555 898 2624 ἐπηρείας
927 2556 1247 2627 δαιμονικῆς
1267 2574 1280 2590 ο
1311 2559 1673 2629 ποιμαίνουσα
1693 2559 1791 2614 καὶ

217 2662 284 2698 συ
293 2646 716 2714 μποιμαίνουσα,
738 2646 1006 2701 νύσσουσα
1028 2649 1123 2700 καὶ
1147 2654 1711 2722 προσυπομιμνήσκου
1722 2669 1791 2704 σα

212 2735 309 2790 διὰ
335 2736 569 2808 ψυχικῆς
599 2738 890 2802 ἐντεύξεως
911 2755 924 2769 ο
953 2741 1392 2813 ὲπισκεπτομένη
1426 2760 1484 2795 τε
1513 2743 1607 2796 καὶ
1627 2744 1790 2795 ἐπαν-

214 2827 522 2900 ορθουμένη
585 2830 868 2896 ἑκάστοτε,
894 2833 988 2885 καὶ
1021 2832 1271 2904 θεωμένη
1301 2834 1420 2897 πῶς
1464 2834 1785 2904 ἀνίσταμαι,

217 2920 341 2984 πῶς
363 2921 654 2991 κεκίνημαι
679 2923 824 2994 ψυχῇ
869 2941 928 2975 τε
979 2924 1072 2977 καὶ
1115 2923 1350 2994 σώματι,
1410 2926 1497 2978 ἴνα
1551 2926 1790 2996 παντοίῳ

217 3010 364 3079 λόγῳ
388 3010 762 3082 ρυθμούμενος
794 3013 888 3065 καὶ
910 3012 1400 3084 καταρτιζόμενος,
1429 3013 1569 3066 κατὰ
1593 3016 1793 3066 σκοπόν

218 3119 282 3155 τι
313 3101 513 3171 βαίνων
543 3103 642 3172 τῆς
670 3103 950 3174 ἀληθείας,
982 3103 1172 3173 φθάσω
1219 3105 1537 3175 εὐαρεστεῖν
1571 3104 1689 3175 Θεῷ
1710 3105 1796 3160 διὰ

220 3196 321 3263 τῆς
352 3193 562 3262 ἀγαθῆς
579 3195 927 3264 ἀφηγήσεως,
963 3196 1057 3247 καὶ
1076 3193 1224 3264 τύχω
1257 3195 1392 3265 μετὰ
1411 3195 1501 3249 τὸν
1522 3195 1647 3265 τῇδε
1686 3195 1797 3265 βίον

221 3284 322 3336 σὺν
346 3286 456 3347 τοῖς
489 3284 775 3352 ἑπομένοις
801 3303 889 3355 μοι
918 3286 1021 3338 ὑπὸ
1046 3287 1144 3356 τὴν
1170 3287 1375 3356 σκέπην
1399 3304 1492 3340 σου
1518 3282 1678 3354 εἶναι,
1709 3288 1802 3341 καὶ

221 3379 635 3446 συμμετασχεῖν
664 3393 756 3430 σου
793 3376 866 3440 ὡς
901 3377 1089 3430 τέκνον
1123 3378 1410 3448 ἐλάχιστον
1466 3379 1564 3448 τῆς
1611 3381 1676 3433 ἐκ
1715 3380 1802 3434 δε·-

1896 2009 2238 2064 securitatem
2302 2009 2517 2077 adepta,
2547 2009 2710 2062 credo
2774 2009 2920 2063 enim
2974 2016 3025 2063 te
3077 2008 3168 2062 illa
3211 2008 3462 2079 potitam,

1889 2100 2096 2161 adesto,
2142 2097 2381 2168 indulge,
2443 2099 2758 2168 pr0piliare.
2823 2096 2930 2152 Ora
2980 2107 3032 2152 et
3087 2113 3252 2153 exora
3320 2113 3464 2151 nunc

1890 2193 2122 2246 maxime
2149 2190 2390 2257 enixius;
2417 2189 2609 2261 dirige,
2641 2192 2817 2255 lirma,
2851 2189 3064 2245 custodi
3096 2205 3182 2245 me
3205 2191 3463 2245 miserum

1889 2299 1918 2337 a
1959 2282 2213 2352 peccandi
2263 2283 2523 2352 periculo,
2554 2299 2585 2338 a
2617 2284 2723 2339 telo
2770 2285 2982 2339 volante
3044 2283 3368 2355 iniquitatis,
3396 2284 3465 2337 ab

1891 2375 2038 2427 omni
2072 2374 2281 2442 reliquo
2334 2373 2535 2427 diaboli
2585 2385 2931 2429 uocumcnto.
2964 2374 3134 2429 Pasce
3171 2389 3278 2439 me,
3308 2388 3463 2428 eom-

1893 2478 2073 2532 pasce,
2121 2478 2610 2533 urge,commone,
2666 2465 2898 2534 spiritali
2949 2465 3233 2535 prasentia
3285 2465 3462 2525 visita.

1892 2553 2103 2623 corrige
2150 2555 2202 2607 in
2236 2553 2488 2622 singulis,
2520 2562 2684 2622 atque
2735 2552 2962 2608 observa
3014 2552 3288 2623 quomodo
3342 2569 3465 2607 sur-

1893 2659 2035 2712 gam,
2065 2646 2340 2713 quomodo
2364 2644 2579 2707 cubem,
2612 2645 2888 2713 quomodo
2919 2659 3150 2713 corpore
3175 2645 3467 2713 animoque

1893 2749 2237 2789 commovear
2266 2752 2279 2786 ε
2309 2742 2367 2787 ut
2414 2735 2743 2788 omnimodis
2796 2734 3036 2790 directus
3088 2743 3142 2789 et
3171 2734 3463 2804 perfectus,

1894 2843 1958 2882 ex
1987 2841 2178 2880 norma
2212 2825 2453 2880 veritatis
2485 2825 2762 2890 incedens,
2804 2825 2911 2880 Deo
2934 2825 3145 2893 placere
3181 2826 3324 2881 bono
3348 2827 3468 2880 vitae

1895 2918 2112 2973 tramite
2135 2933 2325 2987 queam
2356 2935 2370 2983 ;
2400 2926 2588 2986 etpost
2607 2918 2744 2971 hanc
2767 2918 2928 2970 vitam
2957 2918 3236 2986 impetrem
3264 2928 3318 2971 ut
3344 2934 3464 2972 cum

1897 3009 2122 3064 asseclis
2173 3009 2307 3063 meis
2362 3008 2464 3064 sub
2515 3019 2608 3062 tuo
2657 3009 2960 3078 patrocinio
3010 3009 3130 3064 [iam
3163 3052 3178 3076 ,
3208 3019 3259 3064 et
3324 3011 3469 3065 (ilius

1899 3103 2158 3155 minimus
2189 3111 2364 3154 tecum
2391 3101 2589 3155 sortiar
2625 3101 2678 3153 in
2709 3101 2933 3155 dextera
2980 3099 3182 3156 Christi
3220 3102 3310 3156 Dei
3350 3118 3471 3155 nos-

1901 3194 1970 3248 tri
1991 3193 2307 3249 consistere.
2342 3193 2467 3248 Haec
2518 3207 2627 3259 me,
2668 3207 2702 3246 ο
2748 3192 2864 3256 lilii,
2891 3192 3070 3262 eloqui
3101 3193 3298 3248 veritas
3344 3209 3469 3248 coe—

1909 3287 2004 3357 git,
2043 3286 2308 3340 vobismet
2329 3287 2535 3340 scilicet
2575 3284 2700 3339 talia
2749 3284 2951 3340 cursim
2985 3301 3238 3355 perorare
3276 3303 3360 3340 me
3381 3285 3472 3356 ju-

1909 3379 2180 3434 bentibus.

223 3468 352 3534 ξιῶν
382 3470 621 3541 Χριστοῦ
663 3470 757 3524 τοῦ
815 3470 951 3523 Θεοῦ
1023 3472 1178 3543 ἡμῶν
1247 3474 1662 3543 παραστάσεως.
1717 3474 1902 3530 Ταῦτά
1942 3492 2032 3545 με,
2099 3474 2289 3539 τέκνα,
2357 3473 2668 3545 ⁴ἠνάγκασεν
2714 3473 2747 3544 ἡ
2797 3472 3021 3543 ἀλήθεια
3074 3471 3466 3544 διηγήσαστθαι

224 3565 321 3616 καὶ
371 3562 522 3633 ὑμῖν,
565 3563 714 3636 παρὰ
769 3563 952 3635 ῥεῦσιν
994 3566 1062 3620 τὰ
1107 3565 1328 3620 τοιαῦτα
1364 3565 1692 3621 κελεύουσιν.
