4170 6478
155 424 277 488 905
1433 430 1775 492 EPISTOLA

1877 429 1968 490 5M
1992 430 2141 491 LIB.
2181 431 2230 491 Ι.
3349 429 3458 496 906

147 542 249 593 θα·
300 540 520 604 κλίνας
561 557 622 593 τε
653 541 735 604 είς
765 541 1113 610 συμπάθειαν
1150 540 1252 604 τὰς
1284 541 1512 612 καρδίας
1549 541 1661 595 τῶν
1688 541 1775 595 δν-

1885 539 2172 608 perduxit,
2230 538 2296 594 ad
2349 552 2606 594 aerumna:
2653 546 2856 595 nostra:
2913 534 3455 597 commiserationem

144 650 274 685 των
317 633 556 703 ἀνδρῶν
584 631 687 702 τῆς
716 632 1092 705 ταλαιπωρίας
1113 634 1146 702 ἠ
1157 632 1295 702 μῶν,
1317 631 1414 685 καὶ
1446 632 1683 703 μάλιστά
1709 648 1773 700 γε

1880 631 2185 686 incolarum
2213 630 2376 686 corda
2423 629 2727 698 inﬂectens,
2760 631 2856 687 sed
2898 631 3248 702 pmisaimum
3278 634 3460 688 archi-

146 724 259 777 τοῦ
322 721 806 793 ἀρχιεπισκόπου.
841 721 957 774 Μία
995 721 1054 774 δὲ
1089 721 1292 776 λοιπὸν.
1329 721 1568 791 μέριμνα
1624 722 1775 773 ἐστιν

1878 721 2141 790 episcopi.
2201 719 2428 790 Reliqua
2469 735 2600 776 vero
2654 736 2761 776 una
2816 732 2902 778 est
2958 738 3091 780 cura
3130 733 3350 792 nostra,
3405 735 3461 782 et

147 817 306 885 ἡμῖν
343 817 456 868 xui
495 814 868 876 ἀδιάσπαστος
900 812 1208 883 ἀδολεσχία,
1242 813 1380 882 μετὰ
1409 812 1648 883 δεήσεως
1682 814 1775 866 ἐκ·

1879 810 2106 867 assidua
2135 812 2438 875 meditatio,
2471 827 2596 867 cum
2638 811 2866 882 prolixis
2891 813 3146 882 precibus
3173 824 3230 870 et
3263 816 3458 871 imme-

148 907 380 971 τενοῦς
437 906 535 960 καὶ
571 904 838 972 ἀναξίας,
895 906 959 959 τὸ
1007 905 1068 958 σε
1125 903 1544 975 κραταιοῦσθαι,
1590 905 1775 976 Πάτερ

1880 903 2022 967 ritis,
2055 913 2112 958 ut
2155 905 2269 974 ipse
2297 904 2696 969 corroboreris,
2727 902 2889 958 Pater
2933 905 3480 966 desiderabilissime.

151 999 341 1068 ἡμῶν
389 997 766 1068 πολυπόθητε,
814 997 911 1051 καὶ
960 997 1144 1067 μένειν
1185 998 1244 1049 ἐν
1285 997 1400 1060 τοῖς
1432 996 1775 1067 δεδογμένοις

1877 1001 1933 1048 et
1983 993 2036 1048 in
2085 994 2332 1049 instituta
2377 1009 2476 1064 pro
2514 995 2744 1049 veritate
2792 992 2886 1049 Dei
2933 994 3279 1052 confessione
3314 996 3458 1052 fixus

150 1092 270 1159 τῆς
309 1090 472 1160 ὑπὲρ
505 1089 767 1161 ἀληθείας
790 1087 926 1142 Θεοῦ
961 1088 1252 1157 ὁμολογίας
1281 1087 1475 1157 ἀκλινῆ
1519 1089 1614 1141 xui
1655 1087 1775 1142 άκί-

1882 1096 2050 1155 atque
2095 1087 2392 1143 immobilis
2418 1101 2666 1154 maneas;
2694 1086 2830 1142 nihil
2862 1088 3166 1158 trepidans,
3203 1099 3296 1144 aut
3339 1092 3461 1144 ani-

151 1197 344 1250 νητον
369 1222 386 1244 ,
443 1181 502 1234 ὲν
546 1181 740 1250 μηδενὶ
783 1161 1162 1251 πτυρόμενον,
1211 1180 1244 1248 ἢ
1294 1178 1625 1250 διψυχοῦντα
1658 1179 1777 1240 ταῖς

153 1273 284 1325 τῶν
330 1272 760 1344 προϐαλλόντων
781 1273 904 1324 κατ’
935 1270 1244 1342 ἐκστροφὴν
1263 1271 1372 1325 τῶν
1399 1271 1777 1342 οίκοδομηθέν-

158 1383 286 1418 των
355 1383 448 1418 σοι
485 1367 667 1435 χάριτι
708 1365 844 1418 Θεοῦ
882 1364 1025 1436 ὑπὲρ
1055 1364 1340 1428 εὐσεϐείας
1377 1365 1777 1434 ἀγωνισμάτων

1879 1193 2026 1233 mum
2059 1181 2396 1236 conturbans
2439 1180 2507 1234 ad
2543 1195 2736 1234 eorum
2771 1179 3028 1248 insultus,
3068 1182 3161 1252 qui
3202 1181 3460 1236 cet-tami-

1880 1289 2010 1326 num
2054 1274 2284 1343 gloriam
2339 1290 2462 1344 quse
2509 1289 2609 1344 pro
2643 1277 2846 1346 pietate
2878 1291 3005 1330 cum
3053 1275 3236 1332 divina
3283 1277 3457 1348 gratia

1878 1363 2104 1429 obiisti,
2166 1374 2412 1420 evertere
2453 1375 2745 1421 conantur.
2804 1365 3005 1435 Sparsa
3061 1367 3207 1422 enim
3254 1368 3460 1438 ubique

161 1455 606 1526 ἐγχειρήσεσιν.
650 1456 942 1526 Ἐξήχηται
977 1457 1084 1524 γὰρ
1111 1457 1139 1510 6
1159 1456 1315 1523 λόγος
1339 1455 1642 1526 πανταχοῦ,
1680 1456 1777 1511 καὶ

160 1547 557 1617 δεδυσώπηκε
595 1547 779 1617 σχεδὸν
816 1550 996 1601 πᾶσαν
1029 1547 1231 1618 ψυχὴν,
1264 1547 1356 1600 xui
1390 1547 1582 1618 ἤγειρε
1609 1548 1777 1619 κέρας

164 1639 476 1709 σωτηρίας
533 1641 591 1691 ὲν
651 1641 766 1703 τοῖς
816 1641 1188 1710 Χριστιανοῖς,
1239 1639 1336 1691 xui
1383 1640 1606 1709 ἀφεῖλεν
1635 1642 1778 1693 δνει-

165 1732 270 1794 δος
308 1735 381 1784 ὲκ
416 1731 524 1784 τῶν
559 1731 862 1804 μοναστῶν.
913 1734 1026 1787 Καὶ
1053 1730 1150 1788 οἷδ’
1175 1733 1258 1786 ὅτι
1297 1733 1523 1804 φήσειεν
1548 1733 1779 1798 ἕκαστος

169 1818 238 1875 εὗ
293 1823 543 1894 φρονῶν,
575 1824 659 1877 ὅτι
688 1822 755 1893 ζῇ
784 1822 1021 1894 Χριστὸς
1051 1823 1108 1875 ὲν
1149 1823 1301 1892 ἡμῖν,
1345 1824 1440 1876 xui
1475 1822 1776 1892 βασιλεύει,

171 1917 284 1966 καὶ
325 1916 713 1984 πειθαρχεῖται
744 1914 946 1985 μᾶλλον
974 1914 1113 1985 ὑπὲρ
1143 1913 1465 1993 ἀνθρώπους
1492 1915 1586 1979 οὒς
1609 1915 1778 1970 ἔπλα-

171 2021 308 2067 σεν,
354 2005 454 2075 οὐχ
503 2006 589 2058 ἵνα
633 2006 962 2076 άπειθῆται,
1017 2005 1312 2076 δοξάζηται
1349 2005 1407 2059 δὲ
1449 2005 1540 2060 ὑπ’
1576 2006 1776 2060 αὐτῶν.

174 2099 388 2150 Πάντα
424 2093 516 2151 οὖν
545 2098 854 2166 γινώσκεις,
891 2093 1040 2162 οἶδας
1079 2098 1149 2151 τὰ
1189 2098 1401 2163 δέοντα,
1432 2098 1492 2151 οὐ
1523 2099 1621 2167 τῆς
1646 2100 1779 2168 ἡμε-

173 2190 368 2256 τέρας
405 2190 763 2260 ὑπομνήσεως
795 2189 923 2260 δέῃ·
971 2189 1112 2259 πλὴν
1157 2191 1563 2259 προεκέλευσας
1604 2189 1780 2254 οῦτως

176 2281 350 2348 ἡμᾶς
385 2281 634 2349 γράφειν.
684 2281 776 2334 Διὸ
807 2281 872 2352 δὴ
923 2280 997 2352 μὴ
1029 2281 1294 2354 φοϐηθῇς,
1329 2283 1534 2352 Πάτερ,
1567 2283 1776 2353 ἀνθρω-

179 2387 326 2433 πον,
368 2369 400 2438 ἢ
440 2369 744 2440 ἀνθρώπων
774 2371 1072 2442 ὲκθλίψεις.
1105 2374 1397 2446 Γνωρίζεις
1430 2376 1512 2428 ὅτι
1545 2376 1593 2428 οἱ
1633 2374 1779 2442 ἆγιοι

178 2461 336 2531 δναρ
364 2462 457 2513 xui
485 2462 642 2514 σκιὰν
668 2462 844 2517 ταῦτα
873 2464 1244 2536 λογισάμενοι,
1273 2467 1778 2538 ὲθαυμαστώθησαν

177 2553 245 2604 ὲν
293 2553 515 2624 οὐρανῷ
558 2555 652 2608 xui
693 2557 786 2610 ini
829 2558 955 2627 γῆς.
991 2559 1226 2628 Μικρὸν,
1269 2559 1486 2630 δέομαι,
1525 2561 1778 2631 πονήσω-

184 2663 321 2714 μενο
367 2646 448 2700 ἔτι
487 2648 682 2721 μικρὸν
732 2650 1150 2723 ὑπομείνωμεν·
1190 2653 1282 2707 xui
1317 2653 1546 2724 ήνυσται
1589 2655 1722 2724 ἡμίν
1748 2653 1778 2706 6

178 2737 399 2806 δρόμος
428 2741 456 2792 6
484 2741 668 2804 καλός.
702 2742 812 2794 Καὶ
837 2745 866 2796 6
914 2744 1182 2812 στέφανος
1231 2745 1565 2809 πέπλεκται,
1607 2745 1703 2798 xui
1749 2745 1777 2798 6

186 2833 393 2900 μισθὸς
423 2835 778 2903 ὲτοιμάζεται
809 2835 1051 2900 αἰώνιος,
1083 2839 1177 2892 xui
1211 2837 1364 2906 φίλος
1393 2838 1642 2909 κληθήσῃ
1681 2837 1776 2890 τοῦ

183 2926 526 2997 ἐπουρανίου
557 2927 842 2994 βασιλέως,
875 2930 970 2982 xui
1001 2929 1110 2981 τῶν
1139 2930 1311 2996 ἁγίων
1358 2930 1614 2992 κοινωνὸς
1630 2961 1658 2994 ,ε
1679 2927 1777 2980 xui

183 3018 542 3088 ὸμολογητὴς
599 3021 752 3091 παρὰ
791 3020 1121 3090 ἀνθρώποις.
1165 3022 1294 3086 Ναὶ,
1335 3025 1422 3076 vui
1454 3023 1643 3095 δέομαι
1683 3027 1776 3080 xui

183 3110 464 3164 ἀντιϐολῶ
518 3111 588 3166 τὰ
628 3113 873 3182 πατρικά
914 3131 1017 3181 μου
1059 3113 1377 3186 σπλάγχνα·
1429 3118 1590 3186 γενοῦ
1645 3120 1776 3189 ἡμῖν

185 3202 481 3274 ὀχύρωμα,
520 3205 788 3277 ὑπομονὴ,
813 3205 1105 3276 καρτερία.
1151 3209 1276 3261 Ἐὰν
1299 3208 1408 3280 γάρ
1439 3211 1526 3276 σὺ,
1566 3211 1770 3283 Πάτερ,
1803 3227 1846 3286 C

189 3297 449 3366 στήκης,
481 3298 643 3367 ἡμεῖς
682 3298 750 3352 τὰ
796 3299 992 3369 ἀχρεῖά
1032 3317 1128 3354 σου
1183 3302 1350 3354 τέκνα
1384 3303 1773 3375 εὐτονούμεθα,

190 3387 381 3438 πάντα
411 3387 634 3456 οίσομεν
684 3388 952 3456 γενναίως
1002 3389 1071 3442 τὰ
1123 3391 1512 3461 συμϐαίνοντα,
1546 3394 1777 3464 δυνάμει

188 3473 332 3528 Θεοῦ
371 3476 465 3528 xui
495 3476 682 3545 εὐχαῖς
715 3494 831 3530 σου.
870 3479 965 3532 Ἐκ
999 3481 1108 3549 γὰρ
1130 3479 1266 3533 Θεοῦ
1298 3483 1775 3554 ήπαραχώρησις,

190 3565 370 3628 οὕτως
397 3565 747 3630 εὐδοκοῦντος
785 3567 1004 3632 πάντως
1054 3569 1124 3622 τὰ
1175 3571 1442 3640 ἡμέτερα,
1484 3573 1578 3627 xui
1607 3575 1776 3628 αὐτοῦ

191 3654 431 3718 διδὸντος
466 3656 718 3726 δύναμιν.
763 3657 874 3720 Τὰς
915 3657 1260 3728 τεχνολογίας
1312 3660 1424 3714 τῶν
1468 3663 1778 3719 ὑποκλίνειν

193 3764 259 3799 σε
290 3747 392 3817 τῆς
423 3748 678 3819 ἀληθείας
712 3751 1069 3820 πειρωμένων
1124 3753 1200 3822 μὴ
1240 3753 1306 3824 δὴ
1355 3756 1545 3820 πτοοῦ,
1590 3749 1635 3810 ὦ
1667 3758 1780 3811 Πά-

190 3856 314 3908 τερ.
351 3839 582 3902 Ἀπλοῦς
625 3842 654 3893 6
692 3841 870 3908 λόγος.
898 3842 1037 3912 Φησὶ
1076 3844 1186 3915 γάρ
1221 3862 1327 3899 που
1365 3849 1392 3899 6
1435 3847 1590 3916 ἅγιος
1632 3850 1778 3903 Ἐπιο

193 3929 391 3996 φάνιος
420 3921 478 3981 ἔν
511 3929 587 3999 τῷ
618 3931 746 3998 περὶ
790 3930 883 3984 τοῦ
917 3934 1110 4003 Πάσχα
1147 3937 1312 3990 αὐτοῦ
1353 3937 1517 4008 λόγῳ·
1551 3935 1676 4003 υἷος
1708 3942 1775 3996 ἂν

191 4015 228 4093 ᾖ
275 4020 583 4090 ἄνθρωπος,
612 4022 767 4092 παρὰ
811 4022 882 4076 τὰ
929 4024 988 4077 ὲν
1034 4029 1101 4097 τῇ
1152 4027 1274 4100 θείᾳ
1320 4030 1511 4102 Γραφῇ
1543 4033 1774 4102 κείμενα

195 4110 610 4181 συμϐουλεύων,
681 4109 791 4166 ἀπὸ
839 4115 1068 4186 καρδίας
1107 4117 1277 4183 λαλεῖ,
1322 4120 1414 4173 xui
1462 4122 1775 4192 ἐντάλματα

192 4200 502 4270 ἀνθρώπων
538 4201 833 4273 διηγεῖται’
866 4204 962 4258 xui
1003 4207 1129 4276 περὶ
1169 4207 1278 4260 τῶν
1308 4212 1565 4264 τοιούτων
1593 4213 1773 4282 φέρων

191 4289 264 4340 τὰ
299 4287 391 4341 τοῦ
437 4290 763 4345 Ἀποστόλου
793 4294 973 4361 λέγει,
1005 4296 1087 4349 ὅτι
1117 4297 1242 4351 Κάν
1271 4297 1526 4368 ἅγγελος
1556 4301 1625 4366 ἐξ
1663 4305 1766 4358 οὐ·

183 4379 384 4449 ρανοῦ
414 4381 605 4449 ἐστιν,
641 4383 909 4454 ἀνάθεμα
945 4385 1125 4452 αὐτῷ.
1175 4387 1284 4441 Ποῦ
1317 4389 1372 4443 δὲ
1407 4393 1655 4463 φήσομεν
1683 4396 1768 4460 τὸ,

195 4473 262 4523 οι
309 4470 488 4539 ιερεῖς
510 4490 630 4541 μου
657 4474 915 4541 ήθέτουν
940 4477 1128 4546 νόμον
1144 4497 1285 4548 μου,
1314 4482 1411 4536 καὶ
1442 4483 1771 4553 ἐϐεϐήλουν

1879 1451 2023 1506 fama
2059 1462 2163 1518 est,
2199 1467 2501 1524 omnesque
2533 1455 2926 1524 propemodum
2960 1455 3210 1511 homines
3238 1465 3459 1526 stupore

1878 1545 2190 1615 complevit,
2233 1555 2288 1600 et
2325 1561 2496 1601 cornu
2543 1547 2739 1604 salutis
2785 1548 2962 1603 erexit
3011 1548 3068 1604 in
3101 1549 3456 1617 Christianis,

1881 1636 2163 1692 infamiam
2200 1637 2458 1693 auferens
2495 1653 2562 1692 ex
2595 1639 2788 1694 ordine
2829 1640 3249 1696 monachorum.
3281 1641 3459 1712 Atque

1883 1727 2008 1791 hoc,
2065 1729 2220 1796 scio,
2275 1729 2534 1784 fatebitur
2580 1730 2965 1802 unusquisque
3018 1747 3243 1802 compos
3299 1741 3458 1788 rectae

1882 1819 2104 1884 mentis,
2137 1820 2320 1875 vivere
2352 1820 2630 1876 Christum
2676 1821 2728 1875 in
2767 1822 2946 1887 nobis,
2980 1831 3035 1877 et
3085 1838 3332 1893 regnare,
3378 1826 3459 1878 ei-

1883 1925 1986 1980 que
2017 1909 2244 1966 obedire
2269 1926 2370 1966 nos
2406 1911 2580 1982 magis
2602 1926 2765 1982 quam
2795 1912 3112 1968 hominibus
3143 1928 3282 1983 quos
3305 1930 3459 1970 crea-

1879 2001 1992 2064 vit;
2031 2015 2138 2054 non
2169 2009 2227 2054 ut
2274 2009 2680 2068 contemnatur,
2723 2003 2817 2058 sed
2855 2003 3194 2074 gloriﬁcetur
3235 2004 3305 2059 ab
3350 2006 3452 2059 eis.

1879 2090 2074 2147 Omnia
2118 2107 2248 2165 ergo
2301 2094 2394 2148 tibi
2447 2103 2734 2164 perspecta
2786 2106 2951 2150 sunt:
2981 2096 3090 2151 scis
3135 2094 3269 2166 quid
3314 2095 3457 2150 iacto

1878 2199 2050 2256 opus;
2105 2186 2533 2240 commonitione
2579 2196 2770 2242 nostra
2823 2201 2930 2241 non
2967 2200 3094 2256 eges
3130 2203 3145 2239 :
3176 2197 3458 2242 verumta-

1879 2287 2004 2327 men
2049 2273 2164 2328 haec
2209 2273 2282 2328 ita
2320 2288 2421 2328 nos
2469 2275 2712 2330 scribere
2749 2275 3077 2346 praecepisti.
3112 2275 3294 2342 Quare
3346 2277 3458 2331 noli

1881 2364 2159 2419 hominem
2205 2365 2426 2433 timere,
2459 2364 2641 2432 Pater,
2673 2375 2769 2422 aut
2801 2367 3085 2422 hominum
3117 2367 3456 2422 vexationes.

1878 2451 2032 2510 Nosti
2059 2467 2284 2512 sanctos
2313 2472 2439 2512 cum
2475 2458 2728 2514 umbram
2768 2468 2824 2514 et
2846 2459 3118 2514 somnium
3151 2458 3268 2513 haec
3289 2457 3456 2512 duce-

1880 2555 2024 2615 rent,
2063 2549 2416 2605 admirabiles
2448 2550 2590 2605 ccelo
2633 2551 2907 2620 terrisque
2943 2551 3242 2606 exstitisse.
3286 2549 3458 2604 Modi-

1877 2652 2024 2705 cum,
2057 2654 2269 2710 quaeso,
2303 2639 2616 2696 laboremus
2645 2658 2659 2695 :
2683 2641 2958 2696 modicum
2982 2641 3164 2696 adhuc
3185 2640 3458 2696 sustinea-

1883 2747 2030 2799 mus,
2075 2742 2130 2788 et
2175 2732 2454 2803 egregium
2498 2747 2720 2788 cursum
2766 2732 3291 2790 consummabimus.
3335 2730 3456 2786 Jam

1878 2835 2084 2876 corona
2144 2821 2398 2886 texitur,
2451 2835 2663 2876 merces
2714 2830 2917 2876 eterna
2972 2830 3342 2890 praeparatur,
3402 2831 3459 2875 et

1877 2910 2119 2967 celestis
2169 2911 2313 2982 regis
2379 2911 2595 2966 amicus
2655 2921 3091 2980 sanctorumque
3184 2910 3456 2980 particeps

1877 3003 2170 3070 vocabere,
2203 3014 2256 3059 et
2285 3003 2428 3074 apud
2470 3003 2728 3060 homines
2763 3003 3068 3060 confessor.
3096 3002 3204 3064 Sic.
3239 3003 3320 3060 sic
3357 3019 3457 3058 oro

1879 3106 2043 3165 atque
2096 3096 2340 3151 obtestor
2392 3094 2571 3151 Patris
2627 3096 2733 3151 mei
2791 3097 3006 3152 viscera
3055 3114 3070 3152 :
3119 3105 3240 3152 esto
3296 3096 3457 3153 nobis

1879 3185 2165 3254 fortitudo,
2210 3186 2490 3257 patientia,
2539 3187 2868 3243 constantia.
2919 3185 3002 3242 Tu
3049 3187 3235 3252 enim,
3271 3186 3454 3254 Pater,

1879 3279 1924 3334 si
1955 3278 2191 3345 steteris,
2220 3293 2320 3334 nos
2345 3279 2644 3335 imbecilles
2670 3280 2765 3334 lilii
2797 3279 2874 3335 tui
2907 3279 3236 3335 valentiores
3258 3279 3458 3334 redde-

1881 3385 2045 3441 mur,
2087 3377 2142 3425 et
2188 3369 2376 3425 viriles
2424 3371 2640 3426 animos
2689 3370 2994 3441 capiemus,
3045 3385 3210 3425 casus
3265 3384 3456 3424 omnes

1879 3439 2089 3516 fortiter
2129 3459 2392 3529 feremus,
2441 3461 2536 3517 Dei
2577 3439 2778 3518 virtute
2827 3478 2892 3518 ac
2923 3461 3179 3532 precibus
3226 3462 3357 3517 tuis.
3410 3467 3455 3516 Α

1880 3550 1992 3606 Deo
2044 3552 2317 3623 siquidem
2370 3563 2454 3610 est
2512 3554 2602 3609 hic
2655 3569 2943 3620 secessus,
2983 3553 3066 3610 sic
3120 3555 3457 3626 approbante

1879 3645 2107 3702 omnino
2137 3661 2224 3702 res
2258 3655 2499 3712 nostras,
2523 3647 2778 3718 viresque
2814 3647 3215 3718 suppeditante.
3247 3645 3457 3701 Facun-

1877 3737 2022 3792 diam
2051 3751 2240 3792 eorum
2271 3737 2365 3808 qui
2400 3748 2451 3793 te
2481 3753 2513 3794 a
2558 3739 2788 3794 veritate
2830 3738 3114 3794 dimovere
3158 3749 3453 3792 conantur.

1879 3825 2022 3881 haud
2052 3842 2330 3897 quaquam
2365 3827 2711 3892 reformides,
2747 3827 2924 3882 Pater.
2962 3826 3204 3897 Simplex
3245 3842 3452 3883 sermo.

1878 3918 1967 3972 Ait
2003 3918 2147 3972 enim
2205 3919 2418 3989 uspiam
2455 3931 2680 3976 sanctus
2727 3922 3064 3992 Epiphanius
3110 3923 3164 3976 in
3211 3923 3456 3977 oratione

1879 4023 1979 4063 sua
2017 4008 2087 4064 de
2117 4007 2404 4076 Paschate,
2434 4012 2615 4081 qualis
2639 4012 2711 4068 sit
2740 4013 2925 4080 homo,
2953 4024 3148 4084 prater
3170 4031 3230 4070 ea
3254 4032 3374 4086 quae
3399 4016 3454 4070 in

1877 4101 2077 4156 divinis
2106 4101 2330 4159 Litteris
2365 4105 2568 4174 scripta
2604 4115 2754 4170 sunt,
2806 4108 3132 4173 consultus;
3172 4124 3238 4163 ex
3291 4109 3455 4164 corde

1879 4193 2145 4262 loquitur,
2187 4206 2241 4250 et
2266 4206 2489 4250 enarrat
2529 4198 2790 4253 mandata
2833 4199 3138 4254 hominum.
3181 4199 3244 4253 Et
3272 4200 3339 4254 de
3369 4199 3454 4253 his

1878 4288 2011 4358 ipsis
2062 4288 2307 4357 Apostoli
2363 4290 2526 4344 verba
2602 4293 2910 4360 prodttcens
2956 4290 3186 4356 :Licet,
3237 4293 3450 4364 inquit,

1876 4381 2090 4451 angelus
2113 4387 2176 4435 de
2207 4383 2334 4436 caelo
2363 4385 2454 4446 sit,
2493 4385 2778 4438 anathema
2812 4385 2894 4439 illi
2915 4387 2956 4440 ’.
2986 4385 3105 4453 Quo
3137 4397 3317 4442 autem
3349 4403 3454 4441 nu-

1876 4488 2030 4528 mero
2075 4474 2205 4528 illud
2253 4475 2621 4543 censebimus,
2651 4477 2962 4533 Sacerdotes
2992 4480 3092 4533 mei
3130 4491 3454 4548 contempta-

191 4562 265 4615 τὰ
294 4562 436 4630 ἅγιά
461 4582 615 4632 pou;
650 4565 678 4618 6
705 4570 1042 4639 προφητικὸν
1075 4571 1134 4624 ὃν
1171 4575 1493 4644 προσλαϐὼν
1528 4580 1555 4631 6
1575 4579 1766 4632 Θεολύ-

1877 4574 1997 4619 runt
2039 4566 2202 4636 legem
2243 4584 2435 4632 meam,
2485 4580 2534 4622 et
2566 4569 2870 4637 polluerunt
2910 4572 3226 4625 sanctuaria
3256 4572 3454 4626 ntea'?

190 4669 291 4720 γος
325 4655 383 4706 ὲν
414 4655 491 4724 τῷ
520 4656 742 4728 μεγάλῳ
777 4658 1229 4730 Ἀπολογητικῷ,
1256 4669 1609 4738 προστίθησιν
1628 4671 1771 4725 οὕτω

189 4744 398 4813 λέγων’
439 4747 698 4819 Βεϐήλοις
748 4753 842 4804 xui
879 4755 1046 4817 ὁσίοις
1082 4757 1144 4808 οὐ
1192 4758 1513 4814 διέστελλονο
1555 4763 1671 4816 ἀλλ’
1703 4761 1771 4836 ἦν

191 4837 379 4902 αὐτοῖς
414 4842 626 4893 ἅπαντα
677 4843 851 4898 κοινά.
903 4846 1050 4900 Πόσα
1079 4849 1135 4902 δὲ
1181 4850 1348 4916 ἄλλα,
1382 4854 1477 4908 ἐάν
1505 4874 1590 4919 τις
1640 4857 1771 4930 θέλῃ

190 4928 449 4993 άκούειν;
487 4931 853 4988 Παυὲσθωσαν
905 4937 1092 4992 λοιπὸν
1127 4942 1173 4992 oi
1204 4942 1623 5014 διαστρέφοντες
1670 4928 1771 5020 τὴν

190 5019 452 5091 ἀλήθειαν
481 5023 574 5076 τοῦ
607 5026 740 5079 Θεοῦ
769 5027 987 5096 ψευδέσι
1017 5032 1215 5100 λόγοις,
1247 5036 1340 5087 xui
1366 5037 1575 5102 ἑαυτοῖς
1605 5019 1771 5110 προσ-

191 5115 485 5182 εχέτωσαν.
537 5116 726 5186 Ἡμεῖς
758 5121 864 5192 γὰρ
907 5123 1006 5192 τῆς
1058 5125 1280 5195 ἐντολῆς
1326 5129 1627 5201 τηλαυγοῦς
1679 5132 1769 5184 05-

193 5221 318 5272 σης,
355 5209 448 5259 x'ui
485 5211 552 5279 τῇ
585 5211 896 5280 παραϐάσει
930 5215 991 5267 τὸ
1024 5215 1240 5271 αἰώνιον
1271 5219 1382 5290 πῦρ
1412 5222 1758 5293 ἀπειλούσης,

191 5296 293 5365 οὐχ
327 5297 682 5368 ύποκύψομεν
712 5305 828 5367 τοῖς
875 5306 1241 5376 ἀνθρωπίνοις
1285 5312 1527 5384 φόϐοιςῆ
1563 5317 1765 5376 πόνοιςο

191 5393 288 5454 οὐ,
344 5394 420 5461 μὰ
468 5396 592 5459 τοὺς
622 5397 761 5468 ὑπὲρ
811 5401 1013 5472 ἀρετῆς
1065 5405 1317 5472 ἀγῶνας·
1367 5409 1480 5460 ἀλλ’
1511 5410 1559 5460 εί
1591 5412 1684 5463 xui
1709 5410 1768 5462 τὸ

191 5480 329 5551 αἷμα
365 5485 556 5554 χεῦσαι
586 5489 684 5553 δεῖ,
716 5494 853 5560 μετὰ
882 5497 1054 5564 χαρᾶς
1083 5501 1446 5568 ποιησόμεθα,
1482 5501 1620 5555 Θεοῦ
1675 5504 1760 5556 ἐν·

195 5576 473 5646 ισχύοντος
501 5579 588 5632 διὰ
621 5581 726 5633 τῶν
762 5585 868 5636 σῶν
902 5588 1073 5654 ἁγίων
1106 5592 1442 5661 προσευχῶν.

264 5851 284 5881 ³
306 5848 481 5904 Galat.
514 5867 552 5913 I,
586 5851 638 5905 8.
717 5854 735 5884 ³
761 5853 951 5910 Ezeeli.
983 5877 1112 5920 χχιι,
1147 5862 1236 5915 26.

471 5951 741 6015 Panos.
779 5953 893 6014 Gn.
933 5957 1115 6018 XCIX

1877 4655 2022 4725 quod
2053 4657 2330 4726 prephetae
2360 4657 2568 4712 dictum
2603 4675 2877 4729 usurpans
2909 4659 3222 4731 Theologus
3252 4663 3302 4715 in
3339 4677 3454 4715 ma-

1879 4761 1983 4816 gno
2011 4747 2373 4816 Apologetico,
2420 4753 2534 4804 haec
2563 4749 2714 4804 addit
2747 4768 2758 4803 :
2790 4749 3030 4806 Profana
3061 4763 3116 4805 et
3153 4767 3308 4806 sacra
3340 4768 3450 4807 non

1877 4838 2304 4907 distinguebant,
2357 4840 2449 4894 sed
2490 4841 2674 4894 omnia
2735 4841 2842 4896 illis
2893 4842 3210 4895 communia
3270 4853 3446 4898 erant.

1869 4927 2042 4994 Quam
2099 4933 2266 4982 multa
2315 4941 2443 4985 sunt
2474 4932 2599 4995 alia,
2632 4933 2676 4986 si
2712 4933 2836 5002 quis
2868 4934 3060 4988 audire
3093 4934 3254 4988 velit?
3293 4933 3448 4989 Desi-

1869 5030 1998 5074 nant
2052 5036 2198 5091 ergo,
2252 5024 2343 5091 qui
2392 5021 2543 5078 falsis
2589 5025 2938 5078 sermonibus
2986 5035 3306 5094 pervertunt
3352 5027 3444 5080 Dei

1868 5113 2176 5179 veritatem,
2226 5116 2436 5184 sibique
2474 5118 2607 5187 ipsis
2644 5117 2948 5173 attendant.
2983 5118 3092 5175 Nos
3134 5122 3278 5175 enim
3317 5137 3442 5176 cum

1873 5207 2220 5273 perspicuum
2280 5208 2349 5262 sit
2407 5210 2770 5275 mandatum,
2831 5219 2886 5266 et
2947 5211 3125 5282 ignem
3180 5224 3442 5268 aeternum

1875 5298 2360 5364 praevaricantibus
2423 5303 2700 5365 minetur,
2769 5319 3116 5374 nequaquam
3181 5307 3442 5362 cedemus

1872 5391 2125 5445 humanis
2167 5394 2461 5448 terroribus
2513 5406 2606 5449 aut
2643 5397 2955 5467 suppliciis;
2997 5414 3232 5469 non,per
3257 5414 3446 5453 susce-

1870 5490 1958 5548 pta
2016 5497 2114 5550 pro
2171 5484 2397 5539 veritate
2449 5489 2770 5542 certamina.
2817 5488 2954 5553 Quin
3015 5490 3062 5545 si
3119 5489 3439 5560 sanguinem

1869 5571 2194 5641 profundere
2212 5589 2344 5641 opus
2361 5577 2451 5638 sit,
2473 5576 2701 5631 libentes
2717 5587 2880 5648 atque
2901 5579 3102 5635 hilares
3143 5579 3440 5650 profunde-

1873 5681 2015 5730 mus,
2036 5664 2144 5720 Deo
2167 5680 2265 5721 nos
2294 5681 2388 5736 per
2409 5679 2625 5724 sanctas
2653 5685 2840 5739 preces
2884 5681 3007 5728 tuas
3024 5673 3416 5728 corroborante

3003 5965 3084 6029 29
