4170 6480
724 394 826 459 907

796 502 1039 559 Virilitcr
1101 516 1203 571 age
1257 513 1311 559 et
1360 512 1455 568 tu,
1501 500 1720 556 domine
1771 499 1938 557 frater
1997 504 2251 575 Euthymi
2281 521 2294 557 :
2326 514 2377 571 Α

722 599 927 654 bonum
954 594 1176 650 certasti
1207 602 1481 649 certamen
1507 597 1526 623 ⁸
1561 610 1575 647 :
1609 608 1676 648 ne
1705 594 2026 650 deseramus
2057 611 2177 658 nos,
2210 594 2305 650 lux

723 707 867 755 mea,
903 700 955 743 et
985 689 1195 743 viscera
1232 702 1351 742 mea
1379 703 1393 741 :
1422 702 1489 741 ne
1530 701 1631 756 pro
1674 687 1873 757 exiguo
1903 697 1958 741 et
1991 689 2138 743 brevi
2170 687 2307 742 laeti-

721 785 813 839 tia:
852 782 1054 846 fructu,
1106 780 1318 835 beatam
1351 778 1518 833 vitam
1568 779 1906 834 amittamus.
1951 780 2029 835 Ne
2065 795 2305 851 praesen-

722 876 859 930 tium
898 888 1080 928 rerum
1110 871 1454 941 iucunditate
1492 869 1747 939 capiaris,
1792 886 1926 926 neve
1971 872 2037 925 ad
2071 873 2303 927 tribula-

723 965 904 1019 tiones
950 962 1300 1026 succumbas,
1332 959 1525 1015 frater.
1558 958 1675 1012 Noli
1706 971 1852 1030 terga
1883 961 2035 1015 dare.
2068 960 2302 1016 Gavisus

721 1066 805 1111 est
836 1056 1113 1117 Christus,
1140 1054 1332 1109 videns
1365 1064 1416 1107 te
1447 1068 1545 1107 sua
1581 1066 1744 1105 causa
1778 1051 2130 1122 ﬂagellatum.
2156 1052 2301 1107 Cave

721 1148 871 1202 illum
897 1147 1209 1208 contristes,
1242 1145 1438 1200 dilecte
1466 1145 1559 1208 mi,
1594 1143 1674 1196 vel
1697 1143 2029 1199 collaztautes
2054 1145 2300 1215 angelos,

720 1239 808 1293 vel
846 1238 1131 1292 dominum
1165 1236 1401 1299 Patrem,
1434 1234 1539 1297 vel.
1572 1250 1693 1304 qua:
1728 1250 1828 1289 nos
1868 1234 2073 1305 Spiritu
2109 1247 2301 1292 sancto

718 1330 881 1385 enixa
923 1338 1024 1393 est,
1072 1327 1438 1382 venerandam
1489 1326 1738 1392 Matrem,
1790 1327 1872 1381 vel
1924 1326 2123 1382 fratres
2178 1339 2301 1385 tuos

720 1435 936 1484 omnes,
962 1432 1155 1487 meque
1185 1418 1477 1489 praecipue,
1502 1432 1661 1485 quem
1694 1431 1877 1471 amare
1900 1425 1949 1472 te
1979 1416 2137 1472 dicis.
2167 1418 2299 1475 Tres

719 1526 913 1567 sumus
937 1526 1101 1566 carne
1134 1509 1353 1573 fratres,
1388 1509 1563 1564 simus
1593 1517 1645 1563 et
1669 1508 1866 1577 spiritu
1896 1527 1907 1561 :
1939 1523 2005 1563 ue
2032 1510 2300 1566 violemus

718 1618 940 1659 sacrum
993 1613 1048 1657 et
1099 1600 1343 1657 divinum
1400 1615 1687 1654 numerum
1731 1618 1744 1652 :
1788 1615 2130 1669 exponamus
2198 1617 2299 1659 nos

719 1698 871 1765 ipsos
902 1710 999 1765 pro
1042 1694 1133 1748 Dei
1173 1692 1433 1747 mandato
1461 1692 1528 1746 ad
1574 1690 1924 1760 supplicium,
1957 1701 2015 1745 ut
2055 1692 2107 1746 in
2139 1703 2297 1749 aeter-

718 1802 851 1841 num
894 1787 1164 1840 vivamus.
1197 1783 1353 1849 Quod
1393 1792 1663 1853 superest,
1707 1783 1927 1837 solliciti
1968 1783 2154 1849 etiam,
2193 1784 2296 1839 Pa-

718 1890 823 1944 ter,
848 1894 1041 1933 sumus
1068 1880 1132 1932 de
1162 1876 1388 1945 reliquis
1416 1874 1675 1930 fratribus
1706 1875 1911 1929 nostris
1938 1875 2294 1944 dulcissimis,
2328 1862 2370 1917 Β

718 1988 884 2041 quam
914 1981 1057 2026 recte
1088 1971 1209 2025 illos
1237 1968 1505 2023 Dominus
1531 1969 1810 2023 direxerit.
1855 1966 1967 2024 Hoc
1996 1971 2141 2024 enim
2174 1987 2299 2042 pec—

717 2074 935 2121 catores
984 2078 1223 2127 oramus,
1260 2071 1318 2116 ut
1364 2062 1479 2131 ipse
1518 2062 1736 2115 illorum
1782 2071 2006 2116 curator
2053 2064 2144 2127 sit,
2184 2064 2300 2119 dis-

718 2167 999 2229 pensator,
1049 2165 1102 2209 et
1144 2155 1356 2220 ductor,
1398 2162 1562 2223 prout
1620 2154 1735 2224 ipse
1777 2154 1929 2208 novit
1972 2163 2025 2209 et
2060 2154 2216 2225 jubet
2248 2165 2302 2212 ct

716 2251 857 2318 vult,
905 2264 993 2304 res
1038 2249 1257 2303 illorum
1292 2246 1707 2302 administrans.
1748 2245 1954 2302 Revera
1987 2248 2131 2301 enim
2168 2249 2299 2304 ube-

719 2356 809 2397 res
859 2356 959 2411 pro
1011 2340 1119 2397 illis
1175 2340 1443 2411 lacrymas
1501 2337 1779 2393 fundimus
1828 2352 2201 2408 :semperque
2243 2342 2296 2394 in

718 2436 895 2492 ocuiis
924 2437 1129 2493 nostris
1160 2436 1378 2492 illorum
1410 2434 1590 2490 vultus
1612 2444 1923 2499 versantur,
1951 2434 2079 2489 dum
2109 2449 2298 2492 eorum

719 2550 911 2605 preces
958 2536 1319 2605 imploramus
1379 2536 1627 2592 subsidio
1684 2535 2023 2605 negligentia:
2076 2542 2297 2587 nostra.

724 2626 1113 2682 Verumtamen
1172 2639 1227 2683 tu
1270 2643 1371 2699 pro
1414 2629 1671 2683 omnibus
1724 2644 1966 2698 precare,
2009 2626 2189 2690 Pater,
2246 2636 2305 2679 ut

1917 398 1977 457 S.
2008 397 2402 458 THEODORI
2451 398 2799 459 STUDITAZ

2484 504 2759 577 ’Δνδρίζου
2798 500 2892 560 οὖν
2941 504 3036 559 καὶ
3069 504 3269 570 αὐτὸς,
3301 502 3499 573 άδελφὲ
3544 503 3674 575 κῦρι
3725 503 3980 577 Εὑθύμιε·

2407 598 2573 651 καλὸν
2599 599 2790 668 ἀγῶνα
2835 597 3113 669 ἠγωνίσω
3149 596 3226 669 μὴ
3254 595 3676 668 ἀπολειφθῶμεν
3717 598 3983 670 ἀλλήλων,

2407 690 2526 760 φῶς
2572 691 2706 762 ἐμὸν
2746 690 2842 745 καὶ
2873 689 3205 761 σπλάγχνον·
3248 689 3328 760 μὴ
3362 688 3432 742 δι’
3457 688 3649 757 ὀλίγην
3680 691 3778 743 καὶ
3823 694 3988 763 πρός.

2408 801 2597 855 καιρον
2647 784 2907 850 εὐζωῖαν,
2957 783 3316 854 ἀπολέσωμεν
3350 781 3451 854 τὴν
3494 783 3777 853 μακαρίαν
3823 785 3987 855 ζωήν.

2406 877 2499 948 Μὴ
2538 878 2781 949 τερφθῇς
2805 880 2919 941 τοῖς
2952 876 3221 948 παροῦσιν
3246 876 3424 947 ἡδέσι,
3453 875 3548 929 καὶ
3590 874 3833 946 ὀχλάσῃς
3859 878 3992 947 πρὸς

2404 972 2474 1025 τὰ
2502 971 2747 1043 θλιὸερά,
2794 964 2841 1025 ὦ
2890 969 3108 1040 ἀδελφέ.
3146 970 3239 1040 Μὴ
3268 966 3451 1043 δὼσῃς
3511 968 3678 1022 νῶτα.
3720 969 3991 1040 Ἐτέρφθη

2405 1059 2499 1117 οῦν
2531 1064 2559 1116 ὁ
2594 1065 2851 1134 Χριστὸς,
2889 1063 3014 1117 ἰδών
3041 1079 3102 1115 σε
3131 1062 3473 1131 τυπτόμενον
3507 1059 3651 1131 ὑπὲρ
3683 1059 3881 1114 αὐτοῦ’
3920 1064 3992 1132 μὴ

2405 1158 2659 1233 λυπήσῃς
2689 1160 2871 1227 αὑτὸν,
2899 1158 3155 1231 ἀγαπητέ
3192 1175 3317 1229 μου,
3350 1157 3487 1229 μηδέ
3516 1158 3642 1221 τοὺς
3667 1160 3995 1228 περιχαρέν-

2402 1269 2501 1315 τας
2526 1252 2815 1321 ἀγγέλους,
2864 1252 3001 1323 μηδὲ
3039 1252 3131 1304 τὸν
3164 1252 3373 1322 Κύριον
3424 1248 3518 1303 τὸν
3571 1249 3823 1320 Πατέρα,
3859 1250 3992 1320 μηδὲ

2401 1346 2503 1416 τὴν
2536 1346 2629 1399 καλ⁵
2667 1344 2948 1414 Πνεύματι
2989 1344 3134 1415 ἁγίῳ
3168 1343 3466 1397 ὠδίνουσαν
3509 1343 3659 1413 ἡμᾶς
3684 1331 3994 1411 σεϐάσμίαν

2402 1440 2655 1510 Μητέρα,
2690 1438 2823 1508 μηδέ
2846 1438 2973 1501 τοὺς
3002 1436 3264 1506 ἀδελφούς
3297 1453 3392 1489 σου
3422 1436 3658 1499 πάντας·
3693 1435 3994 1505 ἐξαιρέτως

2402 1532 2521 1603 ἐμὲ,
2552 1531 2611 1583 δν
2636 1530 2816 1598 λέγεις
2844 1530 3019 1601 δῶρον
3049 1531 3245 1599 φιλεῖν.
3278 1528 3443 1599 Τρεῖς
3466 1529 3638 1598 ἐσμεν
3666 1527 3745 1598 (1)
3769 1526 3993 1594 ἀδελφοὶ

2398 1625 2463 1678 τὸ
2500 1622 2645 1677 κατά
2706 1624 2926 1694 σάρκα,
2976 1621 3117 1675 ἔστω
3148 1621 3245 1673 καὶ
3294 1619 3355 1673 τὸ
3406 1618 3548 1673 κατὰ
3591 1618 3856 1688 πνεῦμαο
3916 1618 3991 1688 μὴ

2400 1717 2759 1788 ἀτιμάσωμεν
2803 1714 2895 1769 τὸν
2947 1715 3130 1785 τίμιον
3210 1713 3304 1766 καὶ
3359 1710 3653 1783 θεαρχικδν
3704 1710 3988 1782 ἀριθμόνῖ·

2400 1808 2583 1879 δῶμεν
2643 1807 2873 1871 ἑαυτοὺς
2928 1805 3070 1877 ὺπέρ
3122 1803 3344 1874 ἐντολῆς
3386 1802 3523 1857 Θεοῦ
3571 1803 3847 1873 πάσχειν,
3905 1802 3991 1855 [va

2398 1903 2654 1974 ζήσωμεν
2678 1901 2768 1954 τὸν
2807 1899 3002 1955 αἰῶνα.
3028 1896 3186 1969 Λύπη
3226 1896 3271 1950 δ’
3298 1891 3391 1949 οὖν
3420 1896 3554 1967 ἡμῖν
3608 1896 3749 1960 ἐστι,
3782 1894 3988 1965 Πάτερ,

2400 1994 2615 2065 μεγάλη
2669 1992 2764 2047 καὶ
2817 1991 2905 2045 διὰ
2959 1992 3087 2053 τοὺς
3145 1987 3369 2050 λοιποὺς
3420 1986 3677 2055 γλυκῐους
3724 1985 3987 2054 ἀδελφοὺς

2396 2086 2595 2157 ἡμῶν,
2646 2083 2765 2146 πῶς
2827 2085 2856 2136 ὁ
2897 2080 3103 2152 Κύριος
3145 2078 3491 2148 διευθέτησεν
3537 2077 3763 2141 αὐτούς.
3816 2075 3989 2129 Τοῦτο

2396 2179 2505 2249 γὰρ
2559 2177 2634 2241 ὡς
2685 2174 2999 2246 ἁμαρτωλοὶ
3059 2170 3353 2243 εὐχόμεθα,
3404 2169 3495 2224 (va
3524 2169 3688 2234 αὐτὸς
3722 2186 3989 2239 μεριμνη-

2401 2270 2500 2341 τὴς
2545 2269 2726 2324 αὐτῶν
2756 2268 3006 2339 γένηται,
3035 2264 3316 2337 διοικητὴς
3337 2304 3352 2329 ,
3378 2264 3595 2334 ὁδηγδς,
3640 2262 3716 2327 ὡς
3755 2257 3870 2316 οἶδε
3898 2261 3987 2315 καὶ

2401 2363 2639 2427 κελεύει,
2673 2362 2768 2416 καὶ
2797 2361 2966 2425 θέλει,
2995 2358 3062 2413 τὰ
3093 2360 3215 2412 κατ’
3244 2357 3441 2419 αὐτοὺς
3478 2354 3860 2426 πρυτανεῦων.
3898 2353 3987 2423 Τῷ

2403 2457 2515 2510 δντι
2558 2454 2668 2525 γὰρ
2732 2453 2907 2522 πικρά
2952 2452 3164 2522 δάκρυα
3213 2446 3598 2517 ἀποστάζομεν
3650 2445 3719 2499 δι’
3750 2445 3985 2509 αὐτούς’

2404 2549 2497 2602 καὶ
2552 2547 2640 2601 ἐπ’
2673 2545 2990 2617 ὀφθαλμοὺς
3029 2542 3190 2615 ἡμῶν
3236 2541 3328 2598 ἀεὶ
3353 2542 3410 2593 αἱ
3452 2540 3602 2608 ὄψεις
3635 2537 3817 2592 αὐτῶν
3847 2540 3987 2591 κεῖν-

2399 2655 2512 2703 ται,
2545 2639 2645 2707 τὴν
2688 2638 2853 2707 εὐχὴν
2901 2636 3084 2690 αυτῶν
3117 2632 3390 2703 δεομένων
3456 2630 3538 2692 εἰς
3578 2628 3844 2699 βοήθειαν
3888 2628 3986 2697 τῆς

724 2723 1047 2792 patientiam
1100 2722 1514 2792 adipiscamur,
1567 2719 1883 2774 felicitatem
1916 2758 1931 2783 ,
1983 2717 2298 2788 praesidium

2407 2728 2892 2803 ρᾳθυμίαςοὴμῶν.
2922 2726 3115 2795 Ὅμως
3157 2722 3345 2793 εὔχου,
3375 2714 3421 2775 ῶ
3449 2719 3655 2790 Πάτερ,
3685 2718 3831 2789 ὑπὲρ
3858 2720 3989 2774 πάν-

723 2829 753 2868 a
796 2812 929 2877 Deo,
979 2823 1033 2868 et
1078 2814 1342 2868 auxilium
1376 2812 1639 2868 adversus
1675 2810 1873 2867 diaboli
1926 2809 2299 2865 tentationes:

2402 2840 2533 2885 των,
2566 2819 2846 2891 ὑπομονὴν
2876 2816 3185 2889 κτήσασθαι
3233 2815 3403 2885 ἡμᾶς,
3470 2811 3749 2882 εὐτυχίαν,
3780 2811 3987 2881 σκέπην

723 2918 798 2973 et,
840 2906 985 2977 quod
1035 2904 1143 2961 Deo
1183 2906 1468 2976 placuerit,
1509 2915 1567 2960 ut
1615 2914 1665 2959 te
1697 2904 1750 2958 in
1802 2919 1985 2969 carne,
2026 2914 2116 2957 aut
2165 2903 2302 2957 alios

2405 2917 2470 2969 ἐκ
2491 2915 2646 2981 Θεοῦ,
2670 2916 2764 2967 καὶ
2792 2912 3044 2983 βοήθειαν
3091 2912 3157 2963 ἐκ
3178 2908 3288 2961 τῶν
3320 2905 3646 2978 πειρασμῶν
3676 2903 3774 2958 τοῦ
3810 2902 3988 2957 διαδό-

725 3000 924 3053 l'ratres
957 3009 1177 3053 nostros
1216 2999 1498 3054 videamus
1532 3016 1545 3052 :
1581 2998 1693 3062 fiat,
1732 2998 1844 3051 liat.
1877 2994 2203 3061 Quazsumus
2250 3004 2305 3048 et

2406 3008 2500 3061 λου
2519 3024 2534 3039 ο
2572 3008 2666 3061 καὶ⁸
2696 3005 2722 3058 ὃ
2754 3003 2979 3074 ἀρέσκει
3006 3000 3084 3072 τῷ
3114 2998 3252 3071 Θεῷ,
3289 2999 3419 3071 περὶ
3446 2996 3541 3051 τοῦ
3579 2998 3637 3049 ἐν
3667 2996 3836 3066 σαρκὶ
3862 2994 3986 3048 ἰδεῖν

725 3090 992 3146 audemus
1039 3106 1103 3145 ex
1154 3091 1314 3145 nobis
1368 3092 1605 3146 salutare
1665 3089 1879 3143 dulcem
1934 3087 2154 3141 fratrem
2200 3100 2303 3140 no-

2410 3112 2468 3148 σε
2486 3094 2519 3164 ἢ
2534 3094 2661 3156 τοὺς
2677 3091 2939 3160 ἀδελφοὺς
2958 3090 3136 3163 ἡμῶν,
3151 3091 3382 3158 γένοιτο,
3398 3087 3631 3157 γένοιτο.
3643 3085 3888 3157 Δεόμεθα
3897 3086 3987 3139 καὶ

726 3195 928 3248 strum,
976 3184 1020 3237 si
1080 3194 1261 3239 tecum
1297 3194 1401 3249 est,
1454 3194 1547 3237 aut
1598 3183 1644 3237 si
1704 3181 1829 3251 quis
1885 3178 2025 3234 alius
2073 3178 2302 3232 lratrum

2410 3139 2703 3255 τολμῶμεν
2732 3139 3458 3253 ἐξῆ
3475 3139 3570 3232 τδν
3598 3139 3807 3246 γλυκῦν
3834 3177 3986 3247 ἡμῶν

726 3287 1065 3338 nostrorum,
1111 3277 1364 3347 quisquis
1424 3276 1533 3330 crit
1580 3275 1670 3330 cui
1730 3272 2029 3329 nuutiabis.
2092 3269 2305 3326 Salutat

2411 3272 2663 3341 ἀδελφὺν,
2707 3273 2867 3343 εἴπερ
2900 3269 3018 3323 ἐστὶ
3056 3269 3195 3340 μετὰ
3230 3267 3349 3334 σοῦ,
3381 3268 3414 3338 ἡ
3449 3267 3543 3320 καὶ
3576 3265 3735 3329 ἄλλος
3761 3264 3985 3334 ἀδελφὸς

727 3385 941 3424 mecum
982 3377 1225 3424 sanctam
1265 3369 1503 3423 animam
1536 3378 1682 3423 tuam
1724 3367 1982 3423 dominus
2008 3366 2303 3427 diaconus,

2411 3364 2571 3435 ἡμῶν
2604 3360 2713 3429 οἶος
2743 3364 2811 3418 ἂν
2850 3360 2907 3439 ᾖ,
2945 3362 3049 3417 κᾶν
3079 3362 3293 3436 φθάσῃς
3338 3360 3599 3431 μηνῦσαι.
3654 3358 3980 3423 Ἀσπάζεται

728 3472 779 3516 et
808 3471 957 3529 pater
991 3468 1199 3522 noster,
1240 3461 1493 3530 egregius
1518 3459 1684 3515 frater
1713 3474 1889 3523 meus,
1924 3468 1977 3513 et
2008 3458 2151 3513 filius
2181 3465 2305 3513 tuus

2410 3455 2467 3509 δὲ
2525 3456 2623 3509 σὺν
2673 3455 2801 3525 ἐμοὶ
2831 3454 2931 3526 τὴν
2960 3453 3124 3522 άγίαν
3166 3470 3261 3506 σου
3288 3451 3465 3522 ψυχὴν
3511 3453 3541 3505 ὁ
3582 3449 3774 3521 κύριος
3809 3452 3986 3507 διάκο-

728 3568 1049 3609 ωοοηυηιυς
1099 3554 1281 3608 caeteri
1306 3552 1605 3608 honorandi
1633 3550 1825 3606 fratres
1856 3560 1911 3605 et
1937 3549 2303 3607 desiderandi.

2410 3565 2500 3611 νος
2539 3547 2616 3618 (2)
2648 3549 2744 3600 καὶ
2772 3546 2962 3617 Πατὴρ
2994 3542 3173 3615 ήμῶν,
3220 3543 3250 3596 ὁ
3280 3542 3447 3605 καλός
3484 3559 3585 3612 μου
3608 3541 3856 3610 ἀδελφὸς,
3897 3544 3984 3598 καὶ

728 3645 836 3704 Ora
868 3662 966 3717 pro
1012 3647 1192 3712 nobis,
1226 3646 1406 3709 Pater,
1448 3645 1608 3701 enixe
1640 3655 1697 3700 et
1736 3645 2088 3708 incessanter,
2128 3657 2186 3697 ut
2211 3643 2305 3712 ju—

2407 3639 2597 3692 τέκνον
2626 3656 2741 3701 σου,
2769 3638 2798 3690 ὁ
2826 3635 3129 3706 οἰκονόμος·
3161 3634 3213 3688 οἱ
3236 3633 3411 3687 λοιποὶ
3448 3633 3621 3701 τίμιοι
3650 3632 3869 3701 ἀδελφοὶ
3896 3636 3984 3689 καὶ

732 3733 844 3792 bes.
870 3738 1026 3792 Aliud
1060 3739 1205 3792 enim
1233 3738 1414 3794 dicere
1444 3753 1552 3793 non
1588 3736 1868 3793 habemus.

2402 3728 2795 3800 πολυπόθητοι.
2828 3726 3002 3796 Εὔχου
3034 3728 3189 3797 ἡμῖν,
3216 3723 3426 3797 Πάτερ,
3456 3722 3678 3794 θερμῶς
3706 3722 3803 3778 καὶ
3836 3723 3981 3779 ἀδια-

2412 3823 2688 3886 λείπτως,
2727 3818 2803 3882 ὡς
2845 3816 3107 3882 κελεύεις.
3165 3817 3232 3872 Τί
3286 3815 3398 3889 γάρ
3455 3814 3588 3871 ἀλλο
3628 3813 3835 3884 λέγειν,
3888 3818 3981 3872 οὐκ

2420 3920 2635 3991 ἔχομεν.

1314 4016 1375 4069 ΙΙ.
1406 4047 1476 4057 -
1504 4016 1705 4071 Eidem.

2945 4013 3021 4068 B'.
3054 4037 3119 4052 --
3150 4011 3236 4079 Τῷ
3264 4010 3445 4079 αὐτῷ.

890 4134 1148 4186 Platonem
1172 4136 1363 4200 magnis
1387 4138 1535 4190 etl'ert
1557 4136 1783 4189 laudibus
1812 4154 1822 4187 :
1863 4147 1984 4198 tum,
2012 4139 2135 4261 ιξὲἐη
2161 4146 2392 4211 suscepta
2412 4135 2648 4249 {agitatis}
2666 4132 2961 4260 defensione
2988 4138 3301 4195 perseveret,
3326 4146 3496 4183 rursus
3514 4133 3826 4183 cohortatur.

2119 4214 2286 4250 romus
2308 4216 2387 4252 an.
2427 4220 2439 4250 ι
2513 4237 2526 4260 ,
2550 4212 2599 4247 ιι.
2658 4236 2670 4249 .

2119 4214 2286 4250 ιὀηιυς
2308 4216 2387 4252 an.
2418 4212 2526 4260 Ἰυυ,
2550 4212 2599 4247 Il.
2623 4212 2670 4249 'l.

796 4328 915 4382 .laiu
962 4330 1161 4389 iterum
1211 4332 1279 4388 ad
1314 4342 1366 4389 te
1405 4334 1610 4401 scribo,
1661 4334 1941 4389 dominum
1990 4342 2043 4390 et
2090 4332 2305 4389 Patrem

2483 4328 2797 4402 Δευτερεύω
2832 4329 2958 4399 ἄρτι
3007 4327 3237 4399 γράφων
3285 4323 3443 4398 [cod.
3496 4325 3701 4398 Regius
3730 4331 3977 4402 ἀντιγρὼ

727 4435 931 4475 meum.
964 4420 1157 4479 Nescio
1209 4437 1277 4479 an
1318 4424 1531 4481 litteras
1582 4441 1729 4480 meas
1771 4426 2067 4494 acceperis.
2127 4426 2305 4495 Atque

2410 4423 2550 4496 φων]
2584 4426 2720 4494 πρὸς
2752 4422 2842 4475 τὸν
2878 4420 3039 4489 κῦριν
3080 4420 3177 4475 καὶ
3214 4419 3436 4488 Πατέρα
3472 4436 3601 4489 μου.
3633 4420 3747 4475 Οὐκ
3789 4419 3903 4477 οἶδα
3929 4426 3974 4478 εἰ

726 4514 781 4566 iu
828 4513 934 4567 illis
983 4516 1203 4585 quidem
1237 4517 1385 4588 quod
1426 4529 1640 4587 tempus
1697 4518 1967 4587 exigebat,
2015 4519 2193 4588 quoad
2249 4520 2303 4572 in

2408 4516 2576 4581 ἐδέξω
2618 4516 2688 4569 τὰ
2736 4513 3060 4584 γράμματα.
3111 4513 3224 4566 Καὶ
3266 4514 3324 4567 ἐν
3368 4512 3605 4576 ἐκείνοις
3646 4508 3763 4581 οὖν,
3792 4516 3848 4568 εῐ
3869 4534 3920 4570 τι
3947 4518 3975 4571 δ

726 4606 884 4661 nobis
915 4606 1040 4675 fuit,
1082 4608 1302 4679 indigne
1330 4610 1478 4676 licet,
1514 4611 1710 4665 elocuti
1753 4627 1965 4667 sumus.
1993 4609 2149 4666 Nunc
2175 4626 2304 4666 vero

2407 4608 2599 4678 καιρὸς
2629 4605 2851 4677 ἀπῄτει,
2884 4605 2981 4658 καὶ
3010 4599 3078 4675 ἦν
3104 4606 3237 4675 ἡμῖν
3274 4604 3352 4668 εις
3382 4603 3633 4674 δύναμιν,
3668 4606 3905 4672 ἀναξίως
3930 4608 3973 4661 δ’

723 4710 847 4765 ηοω
897 4708 1230 4768 congruunt,
1280 4713 1334 4756 et
1388 4702 1699 4772 suppeditat
1754 4703 1915 4769 Deus,
1960 4704 2029 4758 ad
2080 4703 2303 4759 humilis

2406 4696 2521 4763 οῦν,
2554 4701 2703 4770 ὅμως
2729 4694 3137 4768 ἐφθεγξάμεθα.
3166 4696 3276 4749 Καὶ
3310 4696 3435 4766 ἄρτι
3464 4696 3522 4749 δέ
3551 4696 3653 4751 ὅσα
3673 4697 3970 4763 ἐπιϐάλλει,

721 4790 922 4842 aniuue
973 4804 1105 4844 mea:
1150 4792 1464 4859 utilitatem,
1521 4804 1616 4849 aut
1659 4794 1727 4849 ad
1774 4805 1879 4850 tua:
1921 4796 2107 4860 etiam,
2153 4796 2299 4866 quod

2407 4794 2501 4846 κα)⁸
2524 4791 2659 4845 διδοῖ
2682 4790 2813 4852 Θεὸς
2839 4791 2925 4842 ἐπ’
2959 4788 3201 4859 ὠφελείᾳ
3230 4787 3328 4859 τῆς
3358 4788 3620 4859 ταπεινῆς
3646 4807 3750 4858 μου
3778 4790 3969 4863 ψυχῆς,

725 4880 1020 4934 audentius
1044 4879 1189 4947 dico,
1223 4885 1694 4954 magnanimitatis
1726 4886 2177 4948 consolationem,
2216 4902 2304 4955 pa-

2405 4886 2437 4955 ἢ
2470 4886 2565 4939 καὶ
2594 4885 2729 4956 πρὸς
2764 4884 3135 4954 παρηγορίαν,
3172 4881 3387 4952 τολμῶν
3415 4882 3578 4950 λέγω,
3609 4884 3711 4955 τῆς
3748 4886 3848 4956 σῆς
3880 4904 3969 4958 με-

725 4984 826 5037 ter,
870 4973 1147 5043 adjiciam.
1189 4976 1303 5031 Hoc
1346 4978 1514 5045 enim,
1555 4987 1614 5031 ut
1645 4980 1783 5034 alias
1827 4995 1990 5049 saepe,
2037 4981 2108 5034 ita
2156 4996 2303 5036 nunc

2405 4977 2771 5047 γαλοψυχίας,
2805 4970 3077 5047 ῶΠάτερ,
3112 4975 3553 5045 προσερήσομεν.
3589 4976 3763 5031 Τοῦτο
3786 4979 3867 5044 δέ,
3904 4981 3970 5042 ὡς

724 5065 848 5117 dico
890 5078 956 5119 ac
984 5065 1243 5135 profiteor
1276 5085 1287 5120 :
1316 5068 1360 5121 si
1389 5084 1496 5138 qua
1529 5069 1583 5123 in
1621 5085 1707 5124 me
1747 5080 1831 5126 est
1870 5070 2081 5125 dicendi
2115 5071 2215 5136 vis,
2249 5081 2302 5126 et

2406 5070 2689 5133 πολλάκις,
2724 5072 2821 5123 καὶ
2845 5065 2942 5121 νῦν
2971 5068 3116 5136 λέγω
3146 5068 3242 5121 καὶ
3272 5067 3648 5139 ἀπολογοῦμαι
3667 5088 3681 5100 ·
3703 5070 3786 5125 ὅτι
3817 5072 3873 5125 εἷ
3897 5090 3970 5135 τις

725 5156 958 5211 facultas
1013 5158 1289 5212 scribendi
1339 5160 1853 5231 quantulacunque,
1910 5176 2020 5215 non
2081 5171 2301 5231 propter

2404 5163 2562 5232 λόγος
2590 5166 2647 5216 ἐν
2676 5163 2801 5233 ἐμοὶ
2832 5164 2925 5216 καὶ
2952 5160 3329 5232 ἐπιτηδειότης
3350 5161 3466 5224 πῶς
3488 5178 3619 5214 ποτε
3648 5165 3825 5236 μικρὰ
3852 5169 3967 5236 περὶ

724 5263 810 5303 me
844 5248 1119 5307 infelicem
1150 5249 1417 5306 famulum
1459 5262 1608 5307 tuum
1637 5252 1815 5309 datam
1856 5254 2046 5317 fuisse,
2084 5254 2178 5308 sed
2222 5256 2297 5309 tui

2406 5255 2501 5307 τοῦ
2532 5254 2789 5325 γράφειν,
2823 5256 2885 5309 οὐ
2926 5254 2994 5308 δι’
3024 5254 3126 5324 ἐμὲ
3150 5254 3244 5309 τὸν
3270 5254 3453 5309 ἄθλιον
3476 5255 3666 5311 δοῦλόν
3697 5275 3794 5313 σου
3821 5260 3967 5315 δεδώ-

756 5426 778 5457 δ
835 5426 854 5480 l
894 5426 1037 5483 Tim.
1064 5444 1138 5496 Iv,
1166 5430 1221 5483 7.

2240 5570 2468 5627 ΝΟΤίΕ.

790 5683 867 5756 (1)
892 5682 1276 5756 Τρεῖςᾷἐσμεν,
1295 5682 1636 5756 Theodorus,
1665 5683 1959 5756 Josephus,
1985 5686 2077 5752 qui
2105 5688 2287 5741 arcliio

719 5755 1012 5827 episeop_i_us
1048 5754 1557 5827 Thessalonicensis
1595 5756 1715 5819 fuit,
1743 5754 2173 5827 et'Eutltytnius,
2195 5775 2287 5813 su—

721 5823 817 5894 pra
852 5825 907 5880 iu
928 5823 1201 5882 Theodori
1229 5824 1371 5891 Vita,
1396 5841 1548 5879 mnu.
1584 5827 1638 5885 τ,

2395 5761 2407 5773 .
2570 5694 2784 5773 Κύριος
2809 5695 3111 5773 διάκονος.
3168 5698 3329 5773 Forte
3382 5698 3730 5773 Naucratiu},
3762 5702 3837 5773 de
3867 5715 3962 5770 quo

2394 5761 2447 5842 in
2487 5761 2755 5842 Theodori
2782 5766 2952 5842 _Vita,
3000 5761 3153 5842 nunt.
3186 5770 3288 5827 126
3309 5814 3322 5839 ,
3354 5772 3420 5826 ad
3448 5786 3609 5842 quem
3658 5761 3961 5828 Theodorus

2394 5835 2577 5903 plures
2601 5836 2821 5906 scripsit
2861 5840 3139 5907 epistolas.
