4170 6486
223 434 334 497 909

1470 442 2004 501 EPISTULARUM
2039 446 2179 503 LIB.
2206 446 2250 504 I.

3388 457 3495 522 910

227 559 419 615 ρηται,
462 541 581 596 ἀλλ’
616 541 785 596 ἕνεκα
818 541 908 595 σοῦ
943 540 1034 596 τοῦ
1082 541 1295 613 ἔχοντος
1325 543 1424 615 τὴν
1458 547 1687 614 ἄφθονον
1719 547 1790 615 χά

1925 563 2114 614 causa,
2158 552 2252 620 qui
2307 552 2585 622 c0piosam
2630 553 2682 608 in
2722 555 2888 611 corde
2934 559 3319 618 scaturientem
3371 581 3498 635 gra-

227 651 318 705 ριν
358 635 414 687 ἐν
449 634 655 704 καρδίᾳ
684 634 1058 705 πηγὰζουσαν.
1088 635 1206 688 Καὶ
1231 635 1317 688 διά
1331 637 1509 689 ’τοῦτο
1540 637 1818 708 ἡδομένως

224 729 327 780 καὶ
368 729 671 797 χαιρόντως
705 728 864 797 ἔργον
909 727 1054 799 ἔχεις
1101 728 1377 792 παιδεύειν
1420 729 1516 784 καὶ
1548 731 1814 799 σοφίζειν,

221 817 292 870 ού
340 817 502 885 μόνον
529 818 704 887 ἡμᾶς,
753 817 845 880 οὓς
889 817 965 881 ὠς
1014 817 1332 887 ἀδελφιδοῦς
1367 821 1641 890 οἰηθέντες
1674 823 1818 885 τινὲς

222 908 661 978 ἀπεσφάλησαν,
693 909 828 962 ἀλλά
862 912 956 964 καὶ
982 911 1190 974 πάντας
1215 913 1376 977 ὅσους
1408 917 1472 967 ὲκ
1504 915 1816 985 πνεύματος

221 1004 473 1071 ῆνεγκας
507 1001 658 1074 υίούης
700 1020 760 1055 τε
793 1004 890 1055 καὶ
919 1003 1121 1067 παῖδάς
1152 1022 1266 1058 σου·
1301 1007 1395 1061 καὶ
1433 1007 1516 1060 ὅτι
1539 1008 1811 1077 ἀληθεύω,

221 1094 398 1159 ἔδειξε
440 1096 507 1148 τὰ
539 1097 840 1166 πράγματα
888 1097 1030 1168 ὑπὲρ
1069 1097 1167 1151 σοῦ
1210 1099 1466 1171 ἀληθινοῦ
1515 1101 1813 1172 ποιμένος,

218 1187 324 1240 τοῦ
358 1189 456 1259 τὴν
482 1189 662 1259 ψυχὴν
694 1189 1002 1253 τεθεικότος
1036 1190 1179 1261 ὑπὲρ
1217 1191 1364 1245 ἰδίων
1398 1192 1706 1262 προϐάτωνο
1739 1179 1816 1258 ῶς

218 1283 290 1336 ἂν
327 1285 404 1352 μὴ
457 1286 913 1354 παρατραποῖμεν
948 1284 1052 1351 ἔξω
1090 1302 1194 1337 που
1222 1287 1323 1357 τῆς
1347 1287 1628 1364 ἀληθείας,
1660 1291 1812 1360 αίρε-

216 1375 514 1442 τισάμενοι
561 1373 689 1445 [ms.
736 1375 871 1446 Reg.
906 1377 1291 1449 αἱρησάμενοι]
1337 1378 1481 1449 τάχα
1513 1381 1814 1452 προθύμως

218 1465 321 1516 καὶ
365 1465 429 1516 τὸ
485 1467 683 1518 οίκεῖον
728 1461 868 1536 αἷμα
917 1467 1174 1522 κενῶσαι.
1227 1469 1375 1540 Αὕτη
1411 1466 1504 1524 οὖν
1557 1474 1814 1544 ποιμένος

218 1553 484 1622 ἀληθινοῦ
511 1555 828 1620 ἐπιστασία,
857 1555 1214 1628 διελέγχουσα
1243 1561 1371 1621 τοὺς
1399 1562 1808 1636 ψευδωνύμους,

217 1645 319 1700 καὶ
348 1646 521 1708 ὅντως
548 1645 878 1717 δεικνυμένη
903 1647 994 1719 Ῑτῷ
1021 1649 1139 1720 Θεῴ
1177 1652 1270 1704 καὶ
1307 1652 1485 1723 Πατρὶ
1515 1657 1610 1710 καὶ
1647 1660 1804 1728 ἀρχι-

216 1740 449 1807 ποίμενι
481 1738 725 1805 ἐπάξιος.
773 1740 857 1792 Τὰ
883 1740 971 1794 διὰ
1003 1741 1064 1794 σὲ
1109 1744 1401 1814 τοιγαροῦν
1435 1751 1811 1820 κεχαρισμένα

219 1853 316 1902 μοι
336 1829 640 1902 ’ὀλιγοστῶς
673 1834 791 1899 πῶς
821 1853 902 1890 σοι
932 1838 1218 1907 προσάγω⁹
1257 1843 1352 1894 καὶ
1395 1842 1443 1897 εἴ
1471 1845 1808 1916 δρεπόμενος

1923 641 2050 695 tiam
2083 641 2269 697 habes.
2304 643 2541 712 Indeque
2584 646 2705 700 lzeto
2732 662 2798 704 ac
2828 648 3014 703 libenti
3048 651 3310 720 animojd
3355 656 3490 724 agis.

1920 742 1980 786 ut
2034 733 2233 789 doceas
2279 743 2333 790 et
2373 736 2614 801 erudias,
2664 755 2769 792 non
2826 740 2987 794 modo
3045 755 3168 807 nos,
3209 759 3348 814 quos
3399 761 3498 814 pro

1918 826 2208 894 nepotibus
2239 827 2497 884 habentes
2527 831 2747 898 quidam
2775 831 3137 899 aberrarunt;
3178 837 3271 890 sed
3303 851 3495 893 omnes

1918 921 2075 983 adeo,
2105 929 2374 990 quotquot
2401 937 2468 976 ex
2497 925 2691 992 spiritu
2735 924 2875 979 ﬁlios
2901 927 3218 995 procreasti.
3245 928 3312 984 Et
3346 931 3493 1000 qttod

1918 1009 2027 1073 aio,
2051 1025 2240 1063 verum
2285 1026 2407 1066 esse
2451 1029 2538 1068 res
2567 1014 2872 1070 docuerunt
2904 1017 2971 1072 de
3005 1029 3054 1074 te
3081 1035 3211 1075 vero
3249 1032 3490 1091 pastore,

1917 1104 2007 1170 qui
2041 1118 2138 1172 pro
2162 1103 2276 1158 tuis
2304 1105 2500 1160 ovibus
2540 1108 2779 1160 animam
2809 1109 3062 1177 posuisti,
3095 1128 3163 1167 ne
3193 1129 3426 1184 usquam
3457 1132 3490 1170 a

1916 1195 2146 1250 veritate
2191 1197 2577 1264 deﬂectamus;
2608 1201 2782 1269 parati
2825 1203 2907 1257 vel
2940 1205 3256 1273 sanguinem
3307 1207 3488 1278 ipsum

1916 1301 2023 1340 non
2069 1298 2291 1356 gravate
2334 1290 2682 1359 profundere.
2718 1291 2840 1346 llmc
2878 1294 3060 1364 itaque
3097 1298 3208 1351 veri
3257 1302 3489 1368 pastoris

1915 1389 1999 1434 est
2035 1381 2336 1449 vigilantia,
2375 1383 2543 1440 falsos
2575 1386 2925 1458 redarguens,
2976 1399 3029 1444 et
3055 1389 3162 1444 Deo
3207 1408 3271 1446 ac
3320 1393 3484 1458 Patri,

1918 1482 2312 1544 pastorumque
2347 1476 2582 1547 Principi
2630 1494 2754 1533 vere
2804 1479 3022 1549 dignam
3075 1497 3134 1537 se
3198 1485 3483 1540 exhibens.

1914 1564 2048 1629 Qua:
2081 1565 2243 1636 igitur
2269 1576 2489 1637 propter
2515 1579 2564 1623 te
2593 1570 2724 1624 mihi
2761 1572 2929 1641 gratis
2952 1588 3209 1629 concessa
3244 1576 3485 1641 fuerunt,

1915 1656 2033 1714 haec
2070 1660 2162 1713 tibi
2192 1661 2389 1732 exigua
2415 1665 2650 1733 quadam
2694 1679 2761 1719 ex
2800 1675 2951 1734 parte
2979 1667 3148 1722 odero
3182 1687 3197 1724 :
3230 1679 3285 1724 et
3316 1672 3486 1725 semi-

1915 1766 2043 1805 num
2081 1769 2203 1823 quae
2235 1770 2428 1826 magna
2481 1773 2612 1812 cura
2643 1759 2864 1827 copiose
2905 1761 3177 1828 sparsisti,
3226 1771 3484 1832 tanquam

1914 1842 2092 1899 bonus
2127 1847 2388 1917 agricola,
2439 1849 2608 1904 exiles
2653 1850 2837 1905 nescio
2871 1865 3010 1920 quos
3038 1851 3251 1908 fructus
3299 1856 3484 1910 metis.

213 1927 349 1990 τοὺς
385 1927 495 1980 τῶν
545 1926 1000 1998 καταϐληθέντων
1046 1948 1130 1984 σοι
1179 1931 1660 2005 πολυφροντίστως
1710 1939 1794 1991 καῖ

1911 1936 2049 2002 Quid
2083 1953 2210 2007 ergo
2249 1953 2546 2008 congruum
2590 1940 2656 1994 de
2688 1952 2905 2007 cetero,
2941 1953 3254 2013 sanctzrque
3288 1946 3487 2001 animae

212 2018 470 2085 ἀφθόνως
511 2017 848 2089 σπερμάτων
879 2019 955 2083 ὼς
998 2021 1204 2089 ἀγαθὸς
1237 2024 1516 2094 γεωργὸς,
1547 2028 1672 2091 τοὺς
1702 2030 1807 2082 οὐκ

213 2105 314 2160 οἷδ’
351 2110 502 2171 ὅπως
531 2109 747 2179 εἴποιμι
782 2110 1136 2182 ίσχνοφόρους
1166 2113 1435 2185 καρπούς.
1473 2115 1538 2168 Τί
1573 2112 1664 2170 οὖν
1695 2118 1807 2170 λοι-

214 2204 319 2255 πὸν
352 2201 493 2256 είπω
534 2204 845 2274 πρόσφορον
899 2203 996 2256 καὶ
1041 2205 1404 2260 εὑαπύδεκτον
1451 2212 1515 2279 τῇ
1568 2213 1633 2281 σῇ
1673 2212 1805 2284 ἁγία

210 2294 385 2366 ψυχῇ,
421 2295 604 2366 Πάτερ
644 2311 744 2364 μου
775 2294 1125 2363 γλυκύτατε;
1156 2296 1240 2361 τίς
1274 2316 1342 2369 με
1382 2299 1665 2372 διέστησεν
1695 2303 1802 2356 ἀπὸ

209 2386 307 2440 τοῦ
352 2386 446 2440 σοῦ
494 2386 786 2450 ἀειποθοῦς
820 2386 1154 2457 προσώπου;
1201 2389 1302 2460 τῆς
1341 2392 1635 2461 ὴδυλαλοῦς
1681 2413 1804 2448 συν-

208 2479 436 2549 τυχίαςς
467 2479 568 2549 τῆς
598 2479 1000 2550 σωτηριοποιοῦ
1029 2480 1286 2551 ὁδηγίας;
1325 2483 1396 2536 Σύ
1429 2503 1529 2544 μου
1564 2487 1623 2540 τὸ
1659 2488 1797 2557 φῶς,

209 2575 238 2625 ὁ
271 2572 540 2642 άειφανὴς
564 2571 758 2642 λύχνος
781 2573 890 2626 τῶν
921 2576 978 2626 ἐν
1002 2571 1153 2645 ψυχῇ
1183 2578 1476 2632 σκοτεινῶν
1499 2579 1797 2652 λογισμῶνο

209 2663 416 2733 ῥάϐδος
449 2663 903 2734 ύποστηρίζουσά
935 2684 1038 2735 μου
1079 2667 1142 2720 τὸ
1188 2668 1378 2726 ἄτονον
1419 2673 1518 2743 τῆς
1545 2675 1797 2746 καρδίας,

205 2755 459 2825 ἀθυμίας
497 2756 792 2828 μεταϐολὴ,
829 2758 1140 2830 προθυμίας
1189 2761 1420 2834 ἀλοιφὴ,
1454 2766 1795 2836 εὐαγγέλιον,

207 2848 382 2919 χαρά,
420 2849 606 2919 ἑορτὴ,
627 2849 863 2914 εὐδοξία.
903 2853 1066 2905 Ἀνευ
1100 2851 1195 2906 σοῦ
1223 2855 1315 2907 καὶ
1340 2858 1367 2908 ὁ
1394 2856 1545 2926 ἥλιός
1582 2875 1673 2928 μοι
1699 2877 1796 2913 κα-

204 2944 417 3013 τηφής.
459 2941 604 3009 Ἐγὼ
651 2943 744 2996 τὸν
797 2944 936 3015 ἀέρα
995 2945 1219 3014 βλέπειν
1267 2947 1367 3000 οὐκ
1396 2949 1608 3020 ἣθελον,
1641 2952 1674 3023 ἢ
1706 2954 1796 3005 τὸν

207 3033 304 3085 σὺν
337 3032 702 3104 προσϐλέπειν
749 3036 1095 3107 χαρακτῆρα.
1139 3038 1304 3093 Οὐδέν
1338 3057 1425 3110 μοι
1451 3036 1517 3112 ἦν
1551 3043 1650 3112 ﬂva
1683 3044 1795 3098 τῶν

207 3126 304 3177 ἐπὶ
332 3125 460 3194 γῆς,
511 3126 585 3196 μὴ
631 3125 918 3198 παρούσης
963 3131 1063 3200 τῆς
1104 3130 1204 3198 σῆς
1239 3132 1548 3197 συνουσίας.
1588 3137 1652 3188 Τί
1685 3138 1794 3208 γὰρ

206 3219 426 3311 ila-cpe;
448 3219 711 3311 άληθινοῦ
739 3219 1149 3311 ποθεινότερον,
1183 3226 1278 3277 καὶ
1315 3226 1477 3280 τοῦτο
1522 3230 1616 3282 ἐπὶ
1652 3229 1788 3283 Θεοῦ
1817 3252 1860 3311 C

204 3308 663 3379 λαμϐανόμενον;
694 3306 815 3363 Οἷδε
845 3311 1002 3365 τοῦτο
1031 3316 1162 3376 παῖς
1209 3316 1548 3390 φιλοπάτωρ,
1584 3322 1678 3375 καὶ
1708 3324 1789 3377 δν-

202 3417 316 3463 τως
371 3401 618 3471 γνήσιος.
678 3401 744 3453 Τί
783 3401 993 3457 πολλῶν
1049 3406 1314 3476 ῥημάτων
1360 3411 1546 3480 χρεία;
1588 3413 1788 3479 ἐξείπω

201 3494 345 3563 ὅπερ
373 3493 694 3547 ἐπάνθανον.
732 3494 855 3548 Ὅτι
889 3513 993 3565 μου
1025 3498 1284 3565 πολλάκις
1314 3503 1407 3556 καὶ
1429 3503 1504 3575 μὴ
1532 3505 1790 3578 ὡρμημέ-

204 3603 299 3639 νου
337 3586 594 3655 ἐρχεσθαι
635 3590 691 3641 ἐν
721 3589 800 3657 τῷ
828 3590 970 3660 ἀγίῳ
1000 3591 1196 3663 κελλίῳ
1225 3611 1340 3661 σου,
1373 3598 1788 3670 ἀνεπαισθήτως

203 3695 345 3743 πως,
374 3678 450 3740 ῶς
475 3695 618 3742 τινος
643 3681 919 3747 ἕλκοντος,
940 3682 1132 3754 ἐπῄειν
1156 3688 1296 3738 κατὰ
1340 3689 1632 3759 πρόσωπόν
1667 3709 1782 3745 σου·

201 3773 279 3834 ὼς
315 3772 577 3835 πολλάκις
609 3774 954 3844 ἐρωτῶντος,
984 3776 1049 3828 Τί
1078 3771 1244 3848 ἦκες;
1276 3780 1500 3854 ἀπορεῖν
1543 3802 1609 3854 με
1659 3787 1786 3840 ἀποο

201 3861 512 3932 κρίνεσθαι,
537 3862 707 3926 οὕτως
743 3864 845 3934 τῆς
887 3867 1163 3938 σωτηρίας
1194 3886 1296 3939 μου
1346 3873 1404 3925 ἐν
1435 3875 1517 3927 σοὶ
1541 3877 1782 3948 ἀποκρε-

203 3953 482 4023 μαμένης.
518 3955 626 4007 Καὶ
655 3955 741 4018 τίς
768 3956 904 4028 πρὸς
929 3956 990 4011 τὸ
1021 3958 1135 4027 φῶς
1165 3961 1264 4014 ούκ
1291 3963 1596 4036 ἐπιτρέχεις
1639 3969 1783 4024 Ἀλλ’

200 4046 515 4116 εὐχαριστῶ
540 4047 616 4118 τῷ
629 4049 768 4119 Θεῷ,
792 4049 860 4103 δι’
876 4043 937 4104 οὗ
967 4068 1060 4105 σου
1084 4054 1426 4128 ἐξεσπάσθην
1457 4061 1561 4114 ὑπὸ
1581 4065 1781 4135 χειρῶν

197 4139 309 4191 τῶν
346 4142 708 4208 πατησάντων
736 4143 827 4195 τὸν
862 4144 1025 4216 νόμον
1055 4147 1243 4213 αὑτοῦ,
1275 4151 1368 4204 καὶ
1398 4152 1693 4222 ὴργμὲνων
1723 4157 1781 4222 ἐξ

197 4231 423 4299 ὁμοίων.
461 4233 551 4302 Μὴ
577 4233 761 4297 αὐτοῖς
788 4235 1065 4308 λογισθείη
1093 4239 1295 4310 Κύριος
1320 4243 1347 4294 ό
1378 4243 1510 4307 Θεός
1543 4263 1644 4315 μου
1683 4248 1780 4320 τὴν

198 4321 494 4392 ἁμαρτίαν·
532 4323 675 4386 ἐλξοι
701 4324 756 4376 δὲ
787 4326 865 4388 είς
911 4326 1207 4396 ἐπίγνωσιν
1251 4332 1348 4385 τοῦ
1390 4335 1775 4407 τολμήματος,

196 4416 446 4467 κάκεῖνοι
487 4416 616 4485 περὶ
645 4414 797 4469 τοῦδε
822 4417 1107 4474 ἀνεύθυνοι
1145 4422 1460 4492 εὑρεθῶσιν.
1511 4429 1777 4483 Ἐνέκλει-

199 4505 296 4557 σάν
327 4519 411 4566 σε,
439 4502 515 4566 ὡς
544 4504 845 4574 ἐμάθομεν,
891 4509 952 4559 ἐν
1003 4509 1232 4580 οίκίσκῳ
1262 4513 1442 4586 μικρῷ
1493 4518 1568 4587 (5)
1589 4535 1602 4548 θ
1638 4519 1773 4574 ἀλλά

192 4596 288 4648 τοῦ
321 4595 552 4666 ούρανοῦ
597 4613 657 4649 σε
707 4599 968 4668 οἰκήτορα
1019 4601 1318 4669 ἀνέδειξαν.
1366 4607 1767 4682 Ἑφρούρησαν,
1801 4603 1847 4660 D

193 4689 295 4741 οὐκ
328 4688 561 4759 ᾔσθοντο
589 4689 670 4743 δέ·
712 4689 986 4763 θησαυρὸν
1014 4693 1122 4763 γάρ
1153 4696 1445 4766 ὁμολογίας
1474 4701 1629 4755 Θεοῦ*
1662 4706 1770 4758 κάκ

191 4781 387 4834 τούτου
419 4785 600 4849 γνοῖεν
626 4781 672 4834 δ’
704 4782 792 4848 ἂν,
820 4784 978 4856 εἴπερ
1000 4783 1268 4854 βλέψοιεν,
1302 4790 1383 4843 ὅτι
1416 4809 1475 4845 σε
1504 4794 1684 4866 τίμιον
1710 4798 1770 4850 ἐν

190 4873 501 4946 ἀνθρώποις
518 4874 844 4947 ἐγνώρισαν,
870 4877 964 4932 καὶ
989 4877 1181 4950 κόσμῳ
1208 4882 1494 4954 σωτήριον,
1521 4889 1615 4942 καὶ
1641 4891 1770 4944 πολ-

189 4964 304 5027 λοῖς
328 4964 668 5032 φιλοθέατον.

269 5055 468 5121 Ἐδέξω
512 5059 608 5120 τὰς
636 5060 861 5131 ἀτιμίας
910 5063 1006 5116 καὶ
1069 5063 1258 5133 ῦϐρεις
1309 5068 1450 5138 μετὰ
1500 5070 1759 5140 Χριστοῦο

187 5148 453 5220 ἐδιώχθης
508 5149 584 5212 ὡς
635 5151 903 5223 μακάριος
927 5172 940 5185 ·
975 5157 1310 5228 ἐσκόρπισάν
1351 5177 1445 5213 σου
1467 5162 1534 5216 τὰ
1564 5167 1763 5234 πρόϐα-

184 5255 276 5306 τα,
316 5241 398 5293 ὅτι
443 5256 502 5293 σε
550 5239 643 5293 τὸν
690 5244 926 5312 ποιμένα
961 5247 1038 5310 ὡς
1093 5250 1328 5319 Χριστὸν
1374 5253 1670 5320 ἐπάταξαν.
1699 5261 1761 5314 Et

185 5332 280 5385 καὶ
305 5331 580 5402 τολμηρὸν
632 5333 830 5399 εἰπεῖν,
883 5335 1032 5406 ὅμως
1070 5339 1235 5392 αὐτοῦ
1285 5342 1378 5396 καὶ
1421 5345 1454 5412 ή
1489 5347 1661 5418 φωνὴ,
1691 5354 1761 5406 Εἰ

1909 2037 2016 2083 tua:
2043 2038 2350 2099 acceptum,
2386 2030 2707 2086 dulcissime
2740 2042 2911 2102 pater,
2944 2035 3258 2103 proferam?
3285 2035 3487 2106 Ecquis

1909 2135 1994 2173 me
2023 2134 2052 2173 a
2087 2135 2304 2190 semper
2336 2122 2572 2191 optanda
2602 2120 2742 2178 facie
2782 2133 2871 2177 tua
2906 2124 3212 2194 disjunxit?
3241 2140 3271 2179 a
3299 2124 3454 2180 suavi
3474 2155 3486 2165 -

1905 2209 2072 2281 loquu
2116 2213 2456 2281 congressu?
2499 2229 2527 2266 a
2565 2213 2791 2269 salutari
2827 2215 3034 2270 ductu?
3071 2213 3153 2268 Tu
3195 2214 3288 2270 lux
3338 2231 3473 2280 mea,

1904 2312 1961 2357 tu
2039 2319 2253 2374 semper
2334 2305 2623 2374 splendens
2699 2306 2920 2360 lucerna
3009 2308 3480 2362 tenebricosarunt

1905 2397 2100 2451 anima:
2143 2397 2536 2466 cogitationum
2594 2398 2790 2467 :virga
2845 2399 3029 2453 cordis
3087 2401 3191 2453 mei
3252 2400 3483 2472 languo-

1903 2506 2016 2544 rem
2065 2490 2314 2556 l‘ulciens,
2353 2491 2606 2547 mmroris
2640 2490 2967 2562 proﬂigatio,
3001 2491 3298 2547 alacritatis
3341 2509 3481 2548 con-

1902 2581 2130 2644 ciliatio,
2161 2580 2362 2634 bonum
2405 2579 2679 2644 nuntium,
2708 2580 2991 2650 gaudium,
3027 2578 3248 2642 festum,
3280 2580 3474 2650 gloria.

1903 2666 2033 2722 Sine
2067 2679 2115 2722 te
2159 2670 2244 2723 sol
2289 2670 2406 2739 ipse
2437 2670 2571 2723 mihi
2605 2668 3242 2740 injucunduszaereipso
3286 2684 3478 2723 carere

1901 2762 2194 2826 malebam,
2226 2778 2390 2831 quam
2429 2763 2540 2816 oris
2582 2761 2659 2815 tui
2690 2769 2987 2831 conspectu
3031 2760 3294 2815 fraudari.
3328 2761 3450 2815 Nihi

1898 2856 2145 2910 omnium
2175 2870 2295 2924 quae
2319 2855 2371 2908 in
2403 2864 2545 2909 terra
2577 2863 2724 2919 sunt,
2748 2868 2914 2908 suave
2940 2853 3073 2907 mihi
3097 2868 3218 2908 esse
3239 2860 3470 2922 poterat.

1897 2949 1940 3001 si
1973 2946 2311 3001 consuetudo
2346 2955 2438 3000 tua
2473 2947 2707 3001 deesset.
2748 2944 2889 3011 Quid
2937 2947 3080 3000 enim
3125 2960 3259 3001 vero
3293 2956 3347 3000 et
3388 2962 3474 3001 see

1896 3042 2134 3097 cundum
2174 3041 2342 3096 Deum
2392 3050 2548 3110 patre
2589 3040 2926 3109 optabilius?
2968 3038 3130 3093 Novit
3172 3041 3274 3094 hoc
3329 3040 3473 3095 [ilius

1895 3137 2067 3204 patris
2097 3150 2308 3196 amans,
2342 3148 2406 3188 ac
2436 3147 2563 3189 vere
2596 3149 2909 3205 germanus.
2951 3133 3090 3199 Quid
3116 3134 3303 3188 multis
3333 3148 3472 3204 Opus

1894 3237 1976 3282 est
2010 3227 2231 3281 verbis?
2259 3225 2445 3282 Dicam
2478 3227 2624 3296 quod
2656 3226 2790 3281 mihi
2827 3227 3044 3281 accidit.
3083 3223 3470 3296 Saepenumero

1898 3322 2066 3385 enim,
2100 3321 2315 3375 tametsi
2360 3322 2426 3376 ad
2473 3335 2686 3376 sacram
2721 3320 2972 3375 cellulam
3027 3330 3174 3376 tuam
3209 3321 3471 3374 accedere

1895 3430 2005 3470 non
2039 3415 2430 3481 instituissem,
2483 3413 2603 3469 sine
2641 3429 2803 3469 sensu
2845 3413 3026 3476 ﬁebat,
3073 3424 3133 3467 ut
3159 3415 3313 3482 quasi
3357 3423 3469 3465 tra-

1893 3509 2056 3564 hente
2100 3508 2284 3579 aliquo
2329 3508 2397 3563 ad
2437 3517 2488 3564 te
2534 3509 2776 3564 venirem
2809 3526 2820 3561 :
2853 3509 2922 3561 it—a
2952 3516 3011 3560 ut
3040 3507 3306 3561 adventus
3338 3523 3466 3561 cau-

1891 3617 2007 3657 sam
2061 3603 2445 3672 interroganti,
2493 3601 2623 3671 quid
2669 3615 2948 3665 causarer,
2995 3599 3309 3669 plerumque
3357 3613 3467 3655 non

1892 3692 2195 3746 haberem:
2233 3706 2406 3761 usque
2450 3691 2585 3745 adeo
2629 3690 2778 3745 salus
2821 3705 2938 3744 mea
2971 3707 3035 3744 ex
3091 3700 3143 3745 te
3175 3690 3463 3756 pendebat.

1891 3783 1958 3837 Et
1985 3792 2188 3854 quotus
2221 3786 2456 3855 quisque
2488 3793 2570 3841 est
2600 3784 2691 3854 qui
2721 3783 2786 3838 ad
2822 3784 3003 3836 lumen
3038 3798 3142 3837 non
3178 3783 3467 3838 occurrat?

1890 3872 2092 3930 Verum
2126 3879 2327 3946 gratias
2354 3877 2465 3932 Deo
2496 3891 2621 3946 ago,
2655 3885 2876 3947 propter
2904 3892 3065 3946 quem
3091 3875 3121 3931 a
3156 3883 3208 3930 te
3237 3875 3464 3930 avulsus

1888 3984 2008 4024 sum
2068 3970 2287 4024 illorum
2336 3969 2610 4032 manibus,
2657 3968 2748 4039 qui
2789 3968 2905 4037 ejus
2954 3968 3124 4038 legem
3169 3969 3465 4023 conculca-

1885 4070 2035 4127 runt,
2069 4071 2120 4116 et
2157 4077 2186 4115 a
2229 4062 2506 4117 similibus
2540 4061 2722 4116 exorsi
2751 4069 2901 4116 sunt.
2931 4059 3048 4114 Non
3093 4063 3320 4131 imputet
3354 4061 3462 4115 illis

1887 4153 2150 4209 Dominus
2186 4153 2328 4209 Deus
2357 4168 2512 4209 meus
2547 4163 2859 4224 peccatum;
2898 4155 2991 4210 sed
3035 4155 3102 4209 ad
3142 4154 3462 4210 temeritatis

1882 4247 2215 4318 agnitionem
2264 4247 2386 4302 illos
2428 4247 2750 4317 compellat;
2794 4255 2854 4301 ut
2899 4248 3060 4304 nobis
3109 4249 3326 4319 quidem
3365 4265 3462 4318 pa-

1885 4351 2021 4396 trem
2073 4342 2396 4408 restituant;
2459 4341 2564 4410 ipsi
2623 4351 2804 4396 autem
2858 4357 3047 4411 pmnas
3105 4343 3225 4414 ejus
3291 4358 3457 4398 causa

1881 4448 1990 4487 non
2029 4433 2201 4486 luant.
2237 4431 2587 4488 lncluserunt
2616 4443 2688 4499 te,
2738 4441 2797 4487 ut
2843 4434 3177 4504 accepimus,
3226 4444 3457 4505 angusta

1881 4524 1935 4578 in
1979 4525 2244 4592 aedicula;
2274 4534 2329 4580 at
2359 4526 2479 4580 cmli
2517 4525 2690 4581 civem
2739 4533 2791 4581 te
2830 4528 3231 4582 renuntiarunt.
3276 4528 3355 4582 Te
3399 4526 3454 4582 in

1875 4618 2180 4673 custodiam
2222 4618 2474 4673 homines
2516 4632 2708 4674 sensus
2774 4627 3022 4687 expertes
3064 4620 3453 4687 coniecerunt,

1875 4709 2194 4765 thesaurum
2256 4708 2620 4765 confessionis
2669 4709 2884 4764 divinae.
2945 4709 3037 4764 Vel
3100 4712 3225 4766 hinc
3267 4722 3451 4766 autem

1873 4810 2251 4869 agnoscerent,
2303 4799 2349 4854 si
2394 4800 2524 4870 quid
2564 4800 2828 4866 viderent,
2875 4803 3018 4870 quod
3071 4811 3122 4857 te
3150 4804 3450 4872 pretiosum

1876 4894 2019 4963 apud
2049 4893 2298 4947 homines
2338 4892 2693 4957 ostenderint,
2731 4903 2783 4946 et
2813 4893 3016 4947 mundo
3047 4896 3368 4960 salutarem,
3396 4905 3451 4951 et

1875 4987 2065 5041 multis
2094 4987 2476 5056 expetendum.

1944 5079 2150 5134 Probra
2191 5090 2245 5134 et
2298 5079 2657 5135 contumelias
2712 5096 2835 5135 cum
2885 5081 3102 5135 Christo
3154 5083 3443 5152 pertulisti,

1871 5171 2305 5242 persecutionem
2358 5185 2549 5241 passus
2576 5187 2636 5227 es
2679 5182 2736 5228 ut
2788 5174 2978 5228 beatus
3025 5194 3037 5229 :
3073 5175 3447 5244 disperserunt

1869 5280 2000 5322 oves
2037 5275 2180 5329 tuas,
2212 5266 2340 5335 quia
2382 5275 2433 5320 te
2481 5277 2775 5335 pastorem,
2800 5269 2942 5323 sicut
2974 5267 3275 5337 Christum,
3314 5286 3441 5340 per-

1868 5369 2180 5416 cusserunt.
2240 5358 2351 5414 Etsi
2421 5359 2600 5416 dicere
2663 5361 2839 5416 audax
2889 5362 3153 5430 videatur,
3198 5375 3439 5423 attamen

1685 5461 1730 5514 Ν
1736 5462 1919 5523 ΟΤΛΕ.

255 5534 332 5618 (ξ)
370 5535 466 5588 Ἑν
493 5538 744 5618 οίκζσκφ
769 5539 1413 5618 ’μικρῷηξΐιιοοριιοηθε
1451 5549 1516 5604 ad
1559 5566 1763 5610 annum

183 5613 235 5650 Vt
271 5607 617 5662 Constantini
675 5618 728 5662 et
769 5609 976 5665 lrenes.
1026 5613 1084 5666 '0

184 5669 489 5764 ρωρδάνιον
501 5677 594 5729 τὸν
613 5680 901 5764 πατρίκιον
925 5683 1018 5736 καὶ
1037 5669 1755 5764 ῥομέστικον

182 5748 276 5833 καὶ
317 5747 570 5833 Ἰωάννην
598 5749 688 5802 τὸν
721 5747 952 5833 ἱξόμητα
978 5753 1073 5833 τοῦ
1110 5747 1374 5833 Ὄφικίου,
1400 5762 1498 5833 *καὶ
1526 5747 1754 5833 εἷ’σήγα-ἴ

1866 5564 2142 5639 Παλατίῳ.
2175 5564 2468 5639 Imperator
2492 5566 2822 5639 Bardam’um
2846 5571 3126 5639 patricium
3155 5582 3205 5626 et
3227 5573 3442 5627 schola-

1141 5614 1396 5710 ξασιλεὺς
1432 5619 1762 5710 ἀπέστειλεν

1895 5614 2377 5710 ιιηι-ιίοῆιεδιίίιιᾼηι,
2409 5649 2457 5692 et
2497 5637 2760 5692 Joannem
2793 5614 2976 5710 Ofﬁcii
3004 5645 3242 5696 comitem
3263 5646 3433 5710 inist't,

1858 5706 1949 5784 (Ζιιί
1979 5705 2259 5784 Plu-tonent
2295 5707 2354 5784 in_
2403 5709 2580 5784 urbem
2635 5705 2929 5784 inductam,
2963 5714 3016 5764 in
3064 5713 3330 5784 ergastulo
3364 5705 3435 5768 ad

1856 5774 2133 5851 Michaelis
2150 5777 2380 5851 Δεοείεδιὲδ
2404 5781 2610 5834 militia:
2629 5783 2883 5851 principis
2909 5774 2960 5835 in
2981 5774 3186 5851 palat'io
3204 5793 3434 5839 erectam

181 5826 277 5900 ’ξεν
298 5816 392 5900 τὸν
415 5816 680 5900 Πλάτωνα
718 5816 930 5900 sterili)
963 5825 1138 5900 πάλιν,
1175 5816 1270 5879 καὶ
1305 5816 1750 5898 ἀπέκλεισιν”είς

198 5881 549 5960 Ἐγκεῖστραν
584 5889 643 5944 ὀν
676 5890 754 5961 τῷ
779 5881 910 5964 ⁷ναῷ
939 5894 1033 5949 τοῦ
1077 5881 1636 5970 ’Ᾰρχιστρατηγοῦῂἐν
1668 5881 1744 5974 ἆέξῖ
