4170 6480
748 401 845 464 911

1933 399 1993 457 S.
2025 396 2415 457 THEODORI
2454 396 2802 457 STUDITJ‘I
3880 394 3970 458 912

750 507 911 579 ipsius
932 520 1035 561 vox
1057 516 1141 562 est
1167 525 1177 559 :
1197 506 1257 561 Si
1280 523 1360 561 me
1398 507 1651 577 persecuti
1677 515 1881 571 sunt,et
1903 523 1989 560 vos
2010 524 2310 577 persequuti

2426 508 2530 577 ἐμὲ
2557 508 2840 571 ἐδίωξαν,
2882 509 2976 562 καί
3003 507 3159 576 ὑμᾶς
3209 504 3493 571 διώξουσι
3517 522 3529 538 ·
3562 506 3655 560 καὶ
3678 505 3864 568 τᾶλλα,
3889 509 3973 563 ὅσα

750 611 836 657 tur
865 603 919 665 ’ς
948 610 1000 655 et
1028 610 1243 666 caetera,
1279 615 1400 669 quae
1434 600 1610 669 ipsum
1638 600 1979 669 sequentium
2010 601 2314 656 similitudi-

744 706 869 745 ttem
910 690 1188 746 declarant
1214 710 1227 745 :
1256 690 1316 746 Si
1343 700 1515 744 tamen
1562 691 1663 760 ipsi
1690 692 2060 761 compatimur,
2086 701 2145 746 ut
2194 707 2311 746 ma-

748 800 887 850 gnus
914 782 1111 840 Paulus
1136 785 1229 849 ait,
1272 792 1329 837 ut
1372 793 1420 837 et
1444 783 1897 853 congloriﬁcemur
1923 785 1963 841 ⁸.
1995 784 2171 853 Atque
2202 784 2317 839 haec

750 875 965 941 quidem
999 877 1052 930 in
1083 876 1226 930 hunc
1276 875 1518 929 modum.
1578 873 1705 929 Mihi
1731 889 1860 929 vero
1890 874 2117 944 prodigo
2151 884 2205 929 et
2231 874 2315 929 in-

750 962 935 1032 digno,
960 964 1163 1019 sanctis
1196 964 1447 1030 precibus
1496 963 1629 1023 tuis,
1680 962 1839 1017 Pater
1864 963 2031 1033 iuste,
2062 963 2317 1018 consola-

754 1056 952 1109 tionem
1000 1056 1140 1110 hanc
1188 1056 1413 1127 largitus
1466 1066 1547 1111 est
1597 1056 1911 1111 misericors
1962 1054 2127 1121 Deus,
2171 1062 2317 1109 utet

753 1146 943 1214 spiritu
980 1155 1157 1200 tecum
1214 1147 1338 1201 siin.
1379 1145 1469 1201 Sic
1501 1147 1644 1200 enim
1680 1162 1891 1217 semper
1920 1162 2042 1218 ago,
2079 1148 2236 1217 quasi
2265 1156 2317 1204 te

751 1238 984 1299 videam,
1014 1238 1171 1307 quasi
1235 1247 1412 1292 tecum
1477 1238 1692 1309 loquar,
1745 1240 1900 1309 quasi
1950 1240 2315 1309 precationem

755 1329 1072 1397 percipiam,
1104 1330 1260 1397 quasi
1300 1339 1568 1399 protegar,
1606 1331 1764 1399 quasi
1796 1340 2014 1387 mutuos
2037 1331 2316 1387 conferam

753 1432 1032 1472 sermones
1063 1419 1127 1473 ad
1152 1420 1523 1473 stabiliendam
1549 1420 1941 1477 confessionem
1985 1438 2148 1492 quam
2182 1437 2317 1479 eon-

758 1506 929 1563 lessus
960 1523 1041 1562 es.
1097 1509 1165 1562 At
1199 1509 1331 1562 mihi
1374 1510 1557 1564 videor
1606 1520 1852 1581 percepta
1899 1527 2028 1567 voce
2069 1524 2158 1568 tua
2204 1514 2319 1569 haec

754 1600 942 1651 audire
968 1616 982 1653 :
1009 1598 1207 1655 Pusille
1240 1598 1539 1663 Theodore,
1569 1602 1818 1671 exiguum
1850 1611 1932 1657 est
1960 1618 2139 1659 revera
2174 1605 2317 1673 quod

752 1690 1040 1759 afﬂigimur
1074 1708 1088 1753 ;
1119 1692 1244 1760 quia
1285 1708 1434 1760 spem
1462 1694 1771 1760 praeclaram
1800 1695 1956 1750 offert
2003 1695 2162 1751 Deus.
2195 1696 2318 1753 Haec

754 1782 882 1835 mihi
921 1792 1050 1835 sunt
1083 1784 1403 1845 consolatio,
1431 1784 1541 1837 haec
1570 1784 1912 1839 refocillatio.
1962 1786 2043 1841 Ne
2070 1786 2317 1842 reformi-

2418 601 2528 659 τοίς
2574 597 2959 652 ἀκολουθοῦσιν
3002 598 3152 668 αὐτῷ
3206 598 3363 669 φέρει
3422 597 3522 668 τὴν
3549 597 3974 651 ταυτοπάθειαν·

2418 689 2606 758 Εἴπερ
2648 691 2760 758 γὰρ
2816 688 3268 758 συμπάσχομεν
3305 687 3477 758 αὐτῷ,
3524 687 3598 751 ὥς
3627 704 3797 757 φησιν
3823 689 3852 740 6
3892 690 3983 757 μέ-

2418 798 2520 849 γας
2554 780 2786 846 Παῦλος,
2830 782 2931 834 ἵνα
2976 781 3075 833 καί
3116 778 3651 849 συνδοξασθῶμεν.
3699 780 3813 833 Καὶ
3851 780 3984 834 οὕτω

2421 873 2521 943 μὲν
2558 873 2756 928 ταῦτα.
2788 872 2947 943 Ἐμοὶ
2975 871 3032 926 δὲ
3059 871 3139 941 τῷ
3165 872 3362 941 ἀσώτῳ
3391 872 3488 926 καὶ
3513 871 3741 942 ἀναξίῳ,
3766 872 3859 924 διὰ
3883 872 3985 925 τῶν

2420 964 2527 1018 σῶν
2557 964 2729 1032 ἀγίων
2751 964 2949 1034 εὐχῶν,
3003 963 3186 1034 Πάτερ
3223 963 3423 1030 δίκαιε,
3467 964 3763 1035 ἐχαρίσατο
3789 966 3820 1018 6
3843 962 3988 1033 ὲλεήο

2421 1074 2539 1128 μων
2561 1057 2765 1129 Κύριος
2802 1058 3167 1128 παράκλησιν,
3211 1058 3389 1112 καὶτὸ
3414 1058 3473 1110 ὲν
3509 1058 3784 1127 πνεύματι
3816 1059 3987 1110 συνεῖο

2416 1152 2506 1207 ναί
2537 1168 2652 1206 σοι·
2684 1152 2801 1222 εἰμὶ
2842 1152 2950 1223 γὰρ
2994 1154 3082 1206 ἀεὶ
3118 1153 3193 1215 ὡς
3240 1152 3383 1223 ὀρῶν
3425 1169 3485 1205 σε
3526 1152 3622 1206 καὶ
3650 1152 3861 1221 ὁμιλῶν
3890 1168 3987 1217 σοι,

2417 1243 2513 1297 καὶ
2535 1242 2609 1307 ὡς
2644 1244 3006 1313 κομιζόμενος
3032 1246 3131 1315 τὴν
3171 1244 3357 1315 εὐχὴν,
3384 1245 3477 1299 καὶ
3508 1245 3584 1310 ὡς
3632 1246 3987 1315 σκεπόμενος,

2417 1332 2511 1386 καὶ
2534 1331 2610 1395 ὡς
2637 1332 2811 1396 διδοὺς
2834 1333 2929 1385 καὶ
2962 1334 3254 1404 λαμϐἀνων
3282 1334 3477 1402 λόγους
3503 1336 3582 1399 είς
3611 1335 3867 1405 ιδρασμα
3896 1336 3989 1405 τῆς

2415 1423 2706 1493 ὁμολογίας
2734 1419 2804 1495 ἦς
2833 1424 3213 1495 ὡμολόγησας.
3256 1426 3369 1481 Καὶ
3399 1426 3541 1480 δοκῶ
3574 1443 3667 1479 σου
3685 1426 3989 1494 ὲπαῖούσης

2416 1516 2514 1580 τῆς
2541 1518 2724 1586 φωνῆς
2749 1516 2925 1570 ταῦτα
2950 1517 3194 1571 ἀκούειν’
3226 1518 3461 1571 Ταπεινὲ
3504 1518 3770 1589 Θεόδωρε,
3798 1519 3991 1589 μικρὸν

2416 1608 2585 1671 ὅντως
2618 1607 3100 1679 ταλαιπωρούμεν,
3132 1608 3255 1663 ἐπεὶ
3286 1610 3457 1680 καλὴν
3490 1609 3647 1680 φέρει
3677 1611 3706 1664 6
3731 1609 3867 1673 Θεὸς
3896 1612 3989 1680 τὴν

2416 1700 2629 1754 ἐλπίδα.
2664 1701 2847 1755 Ταῦτά
2890 1719 2981 1771 μοι
3029 1703 3366 1773 παρηγορία,
3408 1703 3578 1757 ταῦτα
3601 1703 3882 1775 meum.
3906 1704 3988 1775 Mi)

2422 1794 2624 1866 δείσῃς,
2658 1795 2861 1865 Πάτερ,
2896 1794 2963 1847 δι’
2988 1796 3087 1864 ἐμὲ
3114 1796 3207 1850 τὸν
3234 1796 3420 1850 δοῦλόν
3461 1814 3555 1850 σου
3579 1798 3673 1851 καὶ
3704 1799 3989 1851 παντάπα-

750 1872 867 1933 des,
898 1870 1078 1937 Pater,
1110 1874 1212 1927 mei
1243 1888 1427 1937 causa,
1460 1876 1551 1943 qui
1600 1891 1789 1929 servus
1841 1886 1967 1931 tuus
2002 1893 2122 1931 sum
2159 1880 2310 1947 plane

2424 1902 2507 1937 σιν
2538 1862 3105 1956 ἀπερριμμένον.Καὶ
3123 1888 3233 1959 γάρ
3248 1891 3364 1958 είμι
3392 1888 3488 1942 τοῦ
3516 1888 3749 1958 ούρανοῦ
3777 1889 3875 1943 καὶ
3897 1890 3988 1960 τῆς

752 1963 1017 2029 abjeetus,
1050 1963 1171 2018 caeli
1214 1972 1479 2033 terraeque
1514 1967 1807 2034 piaculum,
1837 1968 2146 2023 mortalium
2193 1985 2313 2024 out-

752 2051 902 2105 nium
955 2052 1361 2121 frigidissimus.
1415 2052 1606 2107 Verum
1651 2064 1828 2110 tamen
1875 2056 2055 2113 dicere
2116 2060 2312 2124 audeo,

752 2150 1010 2211 tanquam
1041 2158 1135 2212 spe
1157 2144 1294 2199 bona
1327 2155 1519 2214 praeter
1565 2148 1817 2201 meritum
1865 2148 2054 2217 fretus,
2095 2166 2313 2208 sursum

748 2244 1021 2296 Spectatus,
1061 2236 1446 2291 iutercessiooe
1476 2247 1564 2292 tua
1590 2242 1992 2303 corroboratus.
2022 2258 2128 2298 non
2157 2245 2228 2299 ob
2252 2260 2313 2299 ea

746 2324 1083 2379 insolescetts
1125 2343 1245 2397 quae
1273 2344 1467 2394 passus
1496 2346 1615 2384 sunt
1655 2349 1668 2394 ;
1706 2332 1800 2386 sed
1838 2348 1924 2389 me
1954 2334 2129 2405 ipsum
2155 2338 2311 2392 dam-

747 2432 882 2470 nans
913 2420 1116 2486 potius,
1162 2421 1306 2488 quod
1334 2436 1440 2473 non
1477 2419 1707 2486 fortiter,
1758 2439 1857 2478 nec
1901 2435 1961 2479 ιιι
1984 2426 2226 2491 decebat,
2262 2438 2318 2483 et

746 2510 889 2577 quod
944 2524 1133 2578 pauca,
1167 2512 1479 2581 nulliusque
1537 2516 1820 2575 momenti,
1848 2516 2088 2572 vivificas
2128 2520 2313 2572 consi;

746 2601 944 2655 derans
969 2604 1251 2671 passiones
1274 2613 1609 2659 sanctorum.
1636 2605 1696 2659 ln
1726 2608 1893 2661 multa
1932 2610 2074 2663 enim
2102 2621 2316 2678 marty-

746 2691 825 2742 ria
877 2691 1039 2744 incidi
1100 2691 1385 2745 duodecim
1422 2692 1784 2748 voluminibus
1837 2696 2127 2763 descripta,
2164 2696 2315 2750 itaut

745 2792 842 2831 cor
861 2780 1290 2846 obstupesceret,
1323 2797 1423 2835 nec
1452 2797 1537 2836 me
1564 2784 1767 2853 aliquid
1796 2801 1892 2854 pro
1923 2786 2139 2841 Christo
2194 2803 2315 2855 pas-

747 2886 866 2925 sum
900 2871 1079 2928 dicere
1117 2876 1395 2929 auderem.
1452 2872 1592 2940 Quid
1642 2892 1803 2946 porro
1857 2879 2090 2941 dulcius,
2132 2880 2312 2946 Pater,

746 2972 1003 3033 tanquam
1037 2980 1227 3021 servus
1252 2983 1505 3038 suggero,
1537 2985 1699 3039 quam
1733 2986 1831 3041 pro
1864 2972 1981 3040 ipso
2006 2975 2151 3043 pati?
2177 2972 2314 3029 Sur-

745 3074 867 3111 sum
922 3060 1122 3127 aspice,
1149 3060 1329 3125 Pater,
1360 3078 1522 3119 cerne
1555 3063 1866 3132 Dominum,
1910 3068 2118 3122 intuere
2156 3085 2316 3139 ange-

2415 1978 2517 2045 γῆς
2565 1979 2804 2048 μίασμα,
2845 1982 2939 2037 καὶ
2986 1980 3191 2044 παντὸς
3230 1982 3523 2052 ἀνθρώπου
3573 1982 3988 2051 κατεψυγμένος

2418 2069 2637 2137 μᾶλλον.
2684 2071 2831 2141 Πλὴν
2884 2073 3068 2143 τολμῶ
3115 2073 3418 2149 λέγεινΏὼς
3467 2074 3684 2139 ἀνάξιος
3741 2075 3987 2137 εὔελπις,

2414 2158 2527 2212 ἀνω
2550 2160 2762 2229 βλέπων
2793 2163 3137 2235 ρωννύμενος
3160 2165 3264 2219 ὑπὸ
3280 2166 3383 2236 τῆς
3411 2167 3510 2237 σῆς
3544 2167 3870 2237 πρεσϐείας,
3894 2168 3989 2221 οὐκ

2414 2250 2733 2306 ἀπευδοκῶν
2764 2257 2843 2319 είς
2864 2256 3136 2321 ἃέπαθον,
3171 2260 3621 2329 ἐπιμεμφόμενος
3646 2260 3699 2313 δὲ
3728 2261 3987 2328 ἐμαυτὸν,

2415 2345 2497 2399 ὅτι
2536 2346 2607 2417 μὴ
2634 2349 2896 2420 ἀνδρείως
2923 2356 3017 2406 καὶ
3045 2353 3185 2406 κατά
3208 2352 3386 2422 λόγον,
3428 2354 3522 2408 καὶ
3562 2355 3644 2408 ὅτι
3669 2354 3846 2421 ςόλίγα
3901 2356 3990 2409 καὶ

2417 2437 2631 2502 οὐδενὸς
2684 2441 2809 2507 ἄξια
2865 2443 3087 2512 ἀφορῶν
3141 2443 3279 2513 πρὸς
3321 2444 3388 2499 τά
3428 2446 3668 2510 ζωοποιά
3707 2446 3857 2515 πάοη
3887 2448 3990 2500 τῶν

2416 2526 2609 2593 ἁγίων.
2645 2530 2891 2597 Ἐγένετό
2910 2550 2999 2601 μοι
3021 2532 3130 2604 γὰρ
3162 2534 3375 2588 πολλῶν
3408 2535 3649 2601 ἔντευξις
3675 2536 3990 2607 μαρτυρίων

2417 2619 2475 2669 έν
2512 2618 2718 2673 δώδεκα
2745 2622 2949 2688 δέλτοις
2968 2625 3486 2698 ἀπογεγραμμένων
3508 2646 3521 2656 ·
3544 2628 3686 2681 ὥστε
3715 2630 3989 2701 παταχθῆ.

2416 2727 2503 2763 ναι
2532 2711 2629 2781 τὴν
2653 2715 2903 2784 καρδίαν,
2929 2718 3021 2771 καὶ
3066 2720 3201 2789 μηδὲ
3226 2721 3428 2791 τολμᾷν
3458 2721 3641 2789 λέγειν
3670 2723 3756 2777 ὅτι
3788 2724 3988 2780 ἔπαθόν

2416 2817 2469 2854 τι
2500 2801 2587 2855 διὰ
2614 2803 2871 2873 Χριστόν.
2916 2808 3027 2860 Καὶ
3063 2809 3115 2861 τί
3154 2808 3509 2880 γλυκύτερον,
3556 2811 3759 2883 Πάτερ.
3788 2813 3987 2884 ὑπομι-

2420 2893 2643 2961 μνήσκω
2668 2896 2742 2959 ὡς
2771 2897 2977 2961 δοῦλος,
3022 2898 3115 2952 τοῦ
3162 2899 3230 2952 δι’
3261 2900 3426 2954 αὑτὸν
3473 2903 3741 2973 πάσχειν;
3776 2906 3984 2977 Ἀθρει,

2420 2982 2627 3053 Πάτερ,
2672 2985 2813 3039 ἀνωο
2842 2988 2943 3057 ὅρα
2990 2989 3079 3042 τὸν
3111 2988 3333 3061 Κύριον,
3372 2991 3643 3047 ὲπὸπτευε
3690 2995 3789 3058 τάς
3818 2998 3986 3066 ἀγγε-

2416 3074 2629 3138 λοθεῖας
2651 3093 2663 3105 ·
2696 3078 2972 3143 ἑνατένιζε
3003 3081 3101 3145 τὰς
3136 3082 3518 3154 ἀγιοχορείας*
3554 3085 3630 3139 ῐδε
3670 3088 3766 3141 ἐπὶ
3798 3088 3982 3159 θρόνου

746 3150 922 3204 lorum
946 3152 1247 3216 discursus,
1279 3154 1558 3209 considera
1583 3167 1894 3213 sanctorum
1924 3159 2119 3215 choros
2149 3179 2160 3215 :
2195 3163 2310 3216 vide

2416 3170 2621 3239 ὑψηλοῦ
2665 3172 2757 3226 καὶ
2802 3174 3117 3245 ἐπηρμένου
3156 3182 3249 3231 τὸν
3266 3150 3484 3250 -Κριτὴν
3524 3179 3617 3233 τοῦ
3649 3150 3856 3251 κόσμου
3883 3200 3897 3214 ο
3928 3186 3985 3247 ὃς

746 3240 800 3293 in
852 3241 997 3295 edito
1034 3250 1088 3295 et
1135 3242 1353 3297 sublimi
1405 3243 1545 3299 solio
1574 3243 1817 3301 Judicem
1872 3250 2082 3313 mundi,
2133 3252 2221 3319 qui
2264 3261 2310 3307 te

2419 3278 2477 3314 σε
2511 3263 2842 3333 ἀνακηρύξει
2883 3240 3073 3319 πιστὸν
3121 3240 3341 3331 δοῦλον,-
3362 3240 3460 3324 καί
3483 3271 3592 3323 τῶν
3624 3240 3857 3326 ιντολῶν
3886 3240 3984 3328 αὑζ

746 3332 957 3386 fidelem
986 3349 1200 3387 servum
1235 3344 1736 3407 prece-plerumque
1771 3354 1997 3394 suorum
2033 3343 2313 3398 custodem

746 3422 1167 3490 pronuntiabitJ
1197 3431 1271 3486 et,
1318 3428 1461 3492 quod
1523 3426 1699 3493 majus
1759 3437 1862 3491 est,
1922 3428 2312 3487 confessorem.

746 3510 950 3565 Deinde
981 3527 1217 3579 quonam
1274 3520 1324 3566 te
1353 3513 1565 3567 mittet?
1593 3512 1708 3569 Non
1738 3515 1790 3569 in
1819 3516 1997 3586 ignem
2031 3528 2311 3584 aeternum,

746 3606 838 3673 qui
880 3604 981 3675 legi
1033 3604 1150 3675 ejus
1206 3620 1312 3659 non
1348 3606 1710 3676 obsequentes
1737 3609 1935 3679 excipit
1965 3626 1978 3665 :
2008 3610 2100 3663 sed
2135 3611 2201 3665 ad
2237 3611 2315 3665 vi-

747 3698 878 3751 tales
904 3698 1077 3762 sedes,
1114 3699 1180 3752 ad
1217 3697 1449 3767 quietem
1495 3698 1876 3763 immortalem,
1910 3701 1975 3755 ad
2032 3703 2314 3771 sempiter-

746 3804 870 3841 nam
910 3790 1345 3859 immensamque
1372 3790 1632 3852 lmtitiam,
1658 3790 1836 3855 Intra,
1864 3793 2038 3863 inquit
2068 3795 2235 3858 enim,
2258 3796 2311 3847 in

744 3880 998 3947 gaudium
1050 3879 1264 3932 Domini
1294 3881 1408 3932 tui'
1431 3919 1445 3933 .
1478 3877 1732 3934 Omnium
1774 3892 2020 3936 nostrum
2054 3884 2197 3938 oculi
2247 3887 2311 3938 ad

745 3980 795 4022 te
827 3970 1107 4022 collimant
1133 3986 1145 4022 :
1174 3984 1363 4022 omnes
1388 3977 1437 4022 te
1460 3977 1635 4022 stante
1660 3972 1869 4039 magnis
1902 3982 1954 4025 et
1976 3974 2169 4027 erectis
2204 3973 2316 4027 atti-

745 4061 847 4112 tnis
885 4075 1095 4113 smnus.
1148 4058 1303 4112 Adsit
1337 4059 1431 4113 tibi
1478 4060 1639 4113 etiam
1672 4068 1831 4130 atque
1857 4063 2016 4116 etiam
2049 4066 2310 4119 auxilium

736 4145 837 4203 Dei
861 4149 1109 4204 muniens
1140 4158 1213 4213 te,
1244 4152 1572 4204 confirmans
1605 4159 1676 4215 te,
1702 4154 2086 4209 constabiliens
2115 4166 2185 4221 te,
2210 4157 2313 4211 for-

745 4242 935 4295 tiorem
987 4242 1215 4297 reddens
1246 4251 1316 4295 te.
1377 4240 1478 4308 Qui
1542 4242 1709 4299 Deutn
1774 4247 1953 4312 times,
2002 4263 2069 4302 ne
2122 4251 2312 4307 timeas

743 4333 885 4402 quod
918 4332 1044 4385 fecit
1088 4334 1181 4386 tibi
1221 4334 1383 4388 homo
1406 4334 1448 4400 ⁸,
1476 4347 1571 4390 aut
1602 4334 1713 4391 fors
1742 4338 1905 4393 etiam
1938 4339 2179 4398 facturus
2208 4354 2309 4398 est.

744 4426 990 4483 Confidis
1034 4427 1086 4482 in
1149 4428 1401 4494 Domino,
1438 4447 1595 4485 mons
1623 4447 1680 4486 es
1709 4433 1861 4498 Sion,
1907 4453 2014 4491 non
2073 4454 2310 4494 commo-

2416 4426 2671 4513 κατοικον

742 4521 954 4575 veheris
1012 4521 1065 4574 in
1123 4530 1383 4576 aeternum
1412 4524 1431 4555 ’
1462 4540 1474 4577 :
1508 4524 1894 4581 inhabitantem
1942 4530 2084 4583 enim
2143 4534 2307 4587 habes

2416 4566 2511 4617 την
2544 4551 2636 4603 καὶ
2666 4551 2729 4620 δη

740 4625 990 4679 superine
1020 4608 1318 4666 Jerusalem
1352 4614 1685 4668 conditorem
1705 4626 1756 4670 et
1786 4618 2165 4674 architectum.
2216 4621 2304 4675 Vi-

738 4702 983 4757 rulentas
1026 4712 1080 4757 et
1120 4706 1185 4757 ad
1221 4702 1462 4758 fraudem
1499 4709 1830 4775 compositas
1879 4724 2067 4763 eorum
2121 4727 2302 4778 voces,

737 4795 829 4863 qui
861 4796 953 4848 tibi
980 4797 1313 4865 serpentium
1369 4796 1472 4851 ritu
1508 4800 1873 4865 insusurrant,
1908 4813 2067 4873 teque
2097 4821 2124 4858 a
2155 4808 2303 4861 vitali

738 4888 983 4942 veritatis
1013 4887 1162 4957 ligno
1192 4889 1462 4945 abducere
1494 4892 1700 4957 volunt,
1736 4893 1879 4965 fuge,
1907 4906 1960 4949 et
2000 4912 2162 4952 aures
2207 4900 2304 4953 ob-

737 4978 916 5041 firma,
958 4980 1169 5034 veritati
1225 4980 1381 5035 firme
1439 4984 1742 5045 adhaerens.
1786 4987 2077 5058 multisque
2135 5007 2305 5046 sacrae

735 5069 1028 5139 Scriptura:
1055 5086 1117 5125 ac
1165 5070 1378 5142 piorum
1422 5074 1587 5127 etiam
1628 5075 1907 5131 hominum
1958 5082 2302 5147 testimoniis,

734 5160 799 5213 ad
841 5163 1209 5217 ontnimodatn
1260 5164 1694 5221 immoltilitateut
1722 5170 2036 5234 obstrictus,
2070 5186 2119 5226 ut
2155 5177 2301 5230 vocis

731 5270 949 5324 quoque
996 5256 1141 5313 illius
1190 5256 1402 5310 laudem
1459 5274 1793 5323 consequare
1854 5261 1957 5325 Qui
2010 5264 2133 5330 facit
2169 5268 2299 5331 lia'c,

732 5366 832 5402 non
857 5351 1145 5403 movebitur
1186 5350 1239 5402 in
1273 5359 1524 5403 wternum
1562 5352 1622 5403 ὀ.
1651 5350 1776 5406 Sani
1813 5353 2005 5410 fratres
2036 5368 2160 5410 sunt
2186 5371 2303 5410 nm-

730 5458 828 5495 nes
862 5460 872 5494 :
910 5442 1165 5495 dominus
1193 5442 1458 5496 diaconus
1508 5443 1666 5497 Pater
1724 5460 1896 5509 meus,
1928 5447 2103 5503 dulcis
2137 5448 2301 5504 frater

728 5548 905 5596 meus,
939 5549 1002 5587 ac
1050 5534 1221 5603 magis
1250 5549 1396 5587 nunc
1452 5538 1644 5588 merito
1690 5537 2085 5597 desiderabilis.
2111 5542 2299 5610 reliqui

727 5626 891 5681 etiam
922 5625 1102 5681 dilecti
1143 5628 1273 5681 mihi
1304 5637 1356 5680 et
1412 5626 1715 5682 honorandi
1752 5630 1841 5683 ﬁlii
1891 5632 1963 5684 ttti
1997 5650 2010 5697 ;
2048 5649 2143 5701 pro
2172 5637 2295 5703 qui-

795 5741 817 5770 ⁸
842 5738 999 5863 Ιὲοη.
1032 5758 1118 5801 xv,
1148 5743 1237 5795 20.
1314 5744 1335 5774 ⁸
1361 5742 1515 5797 Rom.
1540 5763 1651 5807 \‘Ill,
1684 5748 1764 5799 i7.

795 5826 833 5863 ι’.
910 5853 920 5862 .

730 5824 833 5875 τιν,
875 5824 920 5863 5.

1842 5750 1859 5771 ⁷
1893 5748 2077 5805 Matth.
2116 5770 2242 5817 xxv.
2300 5757 2388 5815 ‘25.

2416 3353 2509 3404 τοῦ
2538 3354 2799 3425 τηρητὴν,
2828 3357 2942 3412 καὶ.
2968 3356 3032 3410 τὸ
3073 3358 3257 3428 μεῖζον
3279 3398 3294 3423 ,
3324 3360 3685 3436 όμολογητήν.
3720 3360 3854 3419 Εἶτα
3884 3367 3983 3421 ποῦ

2418 3460 2478 3496 σε
2508 3444 2712 3515 πέμψει
2732 3462 2746 3511 ;
2764 3446 2864 3499 ούκ
2893 3449 2973 3512 είς
2999 3447 3112 3520 πῦρ
3148 3449 3389 3517 αἰώνιον,
3413 3453 3550 3524 ὅπερ
3567 3455 3839 3527 λαμϐάνει
3861 3459 3983 3520 τοὺς

2415 3535 2661 3599 ἀπειθεῖς
2689 3536 2781 3590 τοῦ
2810 3538 2977 3608 νόμου
3006 3541 3171 3595 αὑτοῦ
3192 3558 3206 3573 ·
3234 3542 3350 3597 ἀλλ’
3367 3546 3446 3609 είς
3473 3544 3739 3617 ζωοδόχον
3762 3550 3981 3620 χωρίον,

2415 3628 2510 3680 καὶ
2543 3626 2809 3683 ἀθάνατον
2838 3632 3202 3697 κατάπαυσιν,
3235 3638 3329 3689 καὶ
3355 3638 3879 3707 ἀπειροαγαλλίατον
3898 3644 3983 3695 εύ-

2416 3720 2690 3791 φροσύνην
2709 3721 2835 3793 [ins.
2859 3723 2992 3795 Reg.
3021 3725 3442 3800 θεοφροσύνην].
3468 3732 3983 3804 Εῐσελθεγάρ,φη-

2417 3813 2521 3877 σιν,
2536 3816 2623 3879 εἰς
2640 3814 2756 3881 τὴν
2773 3817 2968 3883 χαρὰν
2982 3818 3090 3871 τοῦ
3108 3821 3333 3887 Κυρίου
3356 3836 3493 3876 σου.
3516 3822 3741 3877 Πάντων
3763 3827 3919 3896 ἡμῶν
3934 3828 3979 3881 oi

2414 3903 2685 3974 ὀφθαλμοὶ
2710 3908 2789 3970 είς
2814 3908 2872 3960 σε
2911 3907 3192 3977 βλέπουσι.
3219 3912 3426 3977 Πάντες
3469 3915 3978 3988 μεγάλοψυχοῦμεν,

2417 3996 2510 4048 σοῦ
2528 3997 2892 4069 ήδρασμένου.
2914 4000 3013 4073 Εῐη
3044 4018 3124 4057 σοι
3142 4004 3234 4057 ἐπὶ
3254 4003 3417 4058 πλέον
3442 4008 3473 4077 ἡ
3497 4006 3719 4077 βοήθεια
3735 4010 3830 4063 τοῦ
3848 4010 3979 4065 Θεοῦ

2413 4089 2689 4161 δχυροῦσά
2708 4110 2789 4156 σε,
2812 4093 3126 4166 δυναμοῦσά
3146 4114 3229 4162 σε,
3246 4098 3540 4155 εὐτονοῢσά
3558 4118 3638 4166 σε,
3662 4103 3982 4174 ἀνδρειοῦσά

2416 4198 2494 4235 σε.
2544 4182 2602 4236 Ὀ
2635 4184 2727 4237 τὸν
2764 4184 2898 4239 Θεὸν
2930 4188 3293 4258 φοϐούμενος,
3328 4190 3405 4262 μὴ
3434 4193 3678 4264 φοϐηθῇς
3704 4195 3733 4247 δ
3758 4198 3980 4268 ἐποίησέ

2416 4290 2496 4326 σοι
2523 4274 2827 4345 ἄνθρωπος,
2863 4278 2896 4350 ἢ
2935 4279 3032 4333 καὶ
3075 4283 3291 4352 ποιήσει
3350 4285 3531 4354 τυχόν.
3578 4286 3856 4350 Πέποιθας
3891 4289 3981 4342 ἐπὶ

2415 4368 2639 4436 Κύριον,
2672 4369 2798 4440 ὅρος
2826 4367 2876 4424 εἶ
2903 4371 3064 4439 Σιὼν,
3095 4373 3156 4427 ού
3182 4374 3487 4446 σαλευθήσῃ
3519 4378 3600 4440 είς
3645 4377 3731 4431 τὸν
3767 4379 3940 4433 αἰῶνα
3964 4397 3975 4408 ·

2831 4462 2974 4532 ἔχεις
3004 4464 3097 4517 τὸν
3124 4465 3226 4535 τῆς
3260 4466 3372 4520 ἀνω
3412 4466 3766 4541 Ἰερουσαλὴμ
3802 4471 3980 4542 τεχνί-

2740 4553 3018 4622 μιουργόν.
3052 4555 3165 4619 Τάς
3218 4555 3456 4621 ίοϐόλους
3480 4559 3683 4628 φωνὰς,
3714 4561 3811 4615 καὶ
3842 4563 3979 4616 ἀπα-

2408 4636 2738 4704 τηλοθελείς,
2769 4640 2876 4693 τῶν
2920 4642 2995 4704 ὡς
3028 4642 3207 4711 ὄφεων
3253 4645 3679 4718 ὑποσυρομένων
3732 4667 3841 4715 σοι,
3889 4652 3979 4706 καὶ

2411 4728 2671 4785 θελόντων
2698 4749 2755 4785 σε
2784 4733 2880 4786 τοῦ
2898 4733 3057 4801 ξύλου
3083 4736 3177 4790 τοῦ
3198 4736 3429 4802 ζωτικοῦ
3464 4741 3563 4812 τῆς
3585 4741 3843 4812 ἀληθείας
3880 4748 3977 4799 ἀπ-

2412 4820 2557 4886 ἀξαι,
2603 4820 2795 4891 φεῦγε,
2829 4824 2923 4876 καὶ
2954 4824 3209 4889 ένωτίζου
3243 4827 3390 4895 ἅπαξ
3434 4832 3799 4901 κραταιωθεὶς
3826 4835 3886 4889 ἑν
3912 4836 3971 4905 τῇ

2409 4912 2657 4984 ἀληθεία,
2690 4914 2786 4967 καὶ
2814 4914 2902 4968 διὰ
2932 4915 3138 4970 πολλῶν
3167 4920 3482 4993 μαρτυριῶν
3510 4924 3609 4993 τῆς
3643 4925 3808 4993 ἁγίας
3838 4926 3973 5000 Γρα-

2410 5004 2519 5072 φῆς
2549 5005 2923 5075 συσφιγχθεὶς,
2950 5005 3063 5061 ἔσθ’
3092 5010 3181 5063 ὅτε
3220 5011 3315 5065 καὶ
3368 5013 3672 5085 ἀνθρώπων
3713 5018 3968 5084 εὐσεϐῶν,

2409 5096 2489 5159 εἰς
2543 5098 2778 5169 παντελῆ
2818 5100 3145 5172 ἀκινησίαν’
3178 5104 3329 5168 ὅπως
3369 5106 3535 5181 τεύξῃ
3579 5110 3843 5180 κάκείνης
3877 5111 3969 5180 τῆς

2408 5189 2594 5259 φωνῆς
2625 5191 2686 5243 τί.
2732 5193 3008 5265 ἐγκώμιον
3034 5214 3049 5228 -
3087 5196 3150 5249 Ὀ
3189 5196 3378 5251 ποιῶν
3404 5198 3612 5264 ταῦτα,
3649 5201 3721 5253 οὐ
3750 5204 3966 5255 σαλευ-

2402 5283 2652 5349 θήσεται
2709 5287 2796 5348 εἰς
2855 5288 2960 5339 τὸν
3008 5288 3212 5343 αἰῶνα.
3260 5291 3627 5357 ’Υγιαίνουσιν
3670 5294 3718 5344 οἱ
3769 5294 3962 5355 πάντες

2401 5373 2641 5441 ἀδελφοὶ,
2676 5378 2705 5429 ὁ
2734 5377 2921 5447 κύριος
2967 5379 3213 5444 διάκονος
3240 5383 3269 5433 6
3309 5384 3496 5451 Πατήρ
3528 5400 3654 5451 μου,
3700 5384 3729 5435 6
3766 5384 3961 5452 γλυκύς

2406 5481 2507 5532 μου
2537 5466 2783 5536 ἀδελφὸς,
2817 5470 2913 5522 καὶ
2944 5470 3038 5522 νῦν
3070 5471 3271 5540 μᾶλλον
3297 5472 3459 5537 ἀξίως
3497 5473 3887 5546 περιπόθητος,
3917 5476 3959 5527 οἰ

2402 5556 2581 5610 λοιποὶ
2613 5561 2925 5630 προσφίλιοι
2955 5563 3048 5615 καὶ
3078 5563 3248 5632 τίμιοί
3274 5580 3397 5632 μου,
3428 5566 3521 5617 καὶ
3552 5566 3718 5619 τέκνα
3752 5583 3865 5631 σου,
3890 5560 3959 5627 οἷς

2404 5652 2500 5701 σὺν
2531 5652 2653 5719 ἐμοὶ
2685 5656 2839 5721 πᾶσι,
2874 5654 3074 5725 Πάτερ,
3098 5654 3283 5726 εὔχου.
3320 5656 3526 5719 Πάντες
3570 5658 3753 5711 αὐτῶν
3785 5659 3959 5727 εὐδρο-

2500 5763 2520 5794 ⁸
2560 5762 2700 5819 Psal.
2806 5782 2887 5827 LV.
2922 5768 2974 5823 ὅ.
3086 5767 3282 5825 ’Psal.
3339 5785 3519 5827 cum
3589 5775 3609 5825 f
3754 5773 3797 5804 “
3819 5770 3954 5827 Psal-

2806 5768 2974 5831 t.v,5.
3086 5767 3282 5825 ’Psal.
3339 5785 3519 5833 cum
3589 5775 3609 5825 l
