4170 6480
149 429 266 494 913

1435 435 1979 494 EPISTOLABUM
2012 438 2159 495 LIB.
2198 439 2245 496 Ι.

3371 447 3478 508 914

148 551 331 622 μοῦσι
361 570 379 586 ο
414 554 674 624 ποθητὸν
697 553 887 615 αὐτοῖς
929 551 1146 622 μόνονή
1187 552 1254 624 σὴ
1281 553 1439 619 ὑγεία
1486 553 1545 606 ὲν
1578 555 1764 626 Κυρίῳ

1896 555 1996 611 bus
2019 557 2276 611 omnibus
2299 571 2542 618 mecum,
2573 553 2764 618 Pater,
2791 570 2906 609 ora.
2940 555 3144 610 Omnes
3178 565 3327 612 recte
3351 573 3481 613 cur-

143 646 250 700 καὶ
283 647 634 719 εὐφόρητον
667 647 782 700 πᾶν
816 644 996 698 ὁτιοῦν
1019 642 1274 700 παθοῦσι.
1303 645 1526 709 Πάντως
1571 647 1665 699 καὶ
1692 646 1784 699 λυ-

142 738 474 810 πούμεθα,
530 738 630 792 καὶ
678 735 1098 809 ἀδημονοῦμεν,
1154 738 1245 790 καὶ
1290 736 1654 808 ἀσχάλλομεν,
1687 739 1783 792 καὶ

144 827 578 899 ρᾳθυμοῦμεν,
629 829 727 882 καὶ
757 827 1036 898 λογισμῶν
1082 827 1340 900 πονηρῶν
1372 829 1626 901 ὀχλήσεις
1662 831 1784 901 ἔχο-

145 937 257 989 μεν
290 939 306 951 ·
343 922 460 975 καὶ
517 921 640 976 οὐδὲ
674 920 784 992 γὰρ
843 919 995 973 ἔστιν
1040 919 1196 984 ἐκτὸς
1220 920 1454 990 θλίψεων
1488 923 1783 993 παρελθεῖν

140 1014 264 1066 τῶν
288 1013 441 1084 τῇδε
464 1027 482 1044 °
515 1013 651 1069 ἀλλά
673 1013 763 1066 διά
792 1011 890 1084 τὴν
939 1012 1134 1066 ὲλπίδα
1159 1015 1256 1066 καὶ
1274 1014 1442 1084 εὐχήν
1475 1031 1569 1068 σου
1598 1015 1779 1086 ίσχύο-

146 1122 284 1174 μεν.
339 1107 522 1176 Ἐμοὶ
555 1105 634 1168 δὲ,
665 1106 870 1175 Πάτερ,
929 1104 1117 1176 εὔχου,
1164 1107 1248 1159 ὅτι
1283 1105 1374 1159 τὸν
1418 1106 1645 1160 Ἡσαΐαν
1692 1107 1783 1162 τὸν

144 1198 320 1264 ἅγιον
349 1197 701 1268 ὲκστηθίζω.
730 1199 840 1252 Καὶ
861 1197 1103 1269 δήλωσόν
1131 1217 1226 1270 μοι
1261 1200 1332 1266 εί,
1367 1203 1520 1270 παρά
1553 1202 1615 1255 τὸ
1642 1203 1782 1273 γρά-

145 1305 312 1355 φειν,
343 1289 766 1360 ἀναγινώσκειν
808 1307 879 1361 με
910 1290 1107 1355 Θέλεις.

720 1489 795 1546 I".
819 1520 888 1532 -—
929 1486 1014 1556 Τῷ
1045 1488 1229 1554 αὐτῷ.

1889 654 2068 700 runt:
2135 660 2302 700 unum
2351 645 2456 699 illis
2497 655 2704 710 votum,
2756 655 2846 698 tua
2893 644 2947 698 in
2997 643 3226 700 Domino
3280 645 3474 700 salus:

1887 736 2006 792 leve
2030 745 2211 792 autem
2234 747 2289 792 et
2323 737 2628 802 tolerabile,
2666 735 2930 807 quidquid
2955 745 3038 792 est
3065 739 3210 807 quod
3262 739 3480 807 patiun-

1887 840 1996 884 tur.
2034 827 2272 884 Omnino
2305 838 2359 884 et
2386 830 2657 893 dolemus,
2684 837 2739 883 et
2779 831 3082 894 tristamur,
3109 839 3162 884 et
3198 830 3474 898 angimur,

1883 931 1936 976 et
1965 923 2150 976 animo
2173 923 2480 992 dejicimur,
2512 933 2568 978 et
2611 937 2898 992 pravarum
2932 923 3333 992 cogitationum
3376 921 3476 975 ilu-

1888 1015 2073 1069 ctibus
2111 1015 2416 1083 agitamur:
2448 1031 2627 1086 neque
2653 1017 2798 1070 enim
2835 1015 2958 1070 sine
2981 1016 3243 1072 aerumnis
3275 1013 3340 1069 ei
3372 1015 3478 1070 hac

1891 1106 2000 1160 vita
2040 1107 2223 1176 egredi
2259 1107 2383 1161 licet
2421 1125 2434 1160 :
2472 1107 2564 1161 sed
2591 1121 2687 1177 spe
2718 1107 2959 1172 subnixi,
2988 1121 3050 1162 ac
3083 1108 3336 1176 precibus
3361 1107 3471 1162 tuis

1890 1197 2035 1253 vires
2059 1197 2354 1253 sumimus.
2390 1197 2470 1252 Tu
2500 1214 2646 1263 vero,
2677 1199 2858 1266 Pater,
2897 1200 3032 1253 bene
3065 1199 3195 1252 mihi
3228 1214 3470 1268 precare,

1889 1288 1944 1341 in
1979 1300 2233 1343 sanctum
2269 1288 2464 1343 Isaiam
2519 1290 2854 1344 incumbenti
2882 1307 2896 1344 :
2929 1299 2984 1344 et
3015 1290 3262 1360 signiﬁca
3316 1292 3473 1358 mihi,

1888 1396 1957 1435 an
1983 1382 2162 1452 legere
2193 1399 2280 1438 me
2309 1383 2592 1448 duntaxat,
2625 1399 2730 1436 non
2757 1393 2938 1438 autem
2969 1393 3019 1439 et
3052 1384 3293 1439 scribere
3315 1385 3467 1439 velis.

2457 1494 2523 1549 Ill
2560 1524 2630 1538 —-
2672 1493 2875 1549 Eidem.

320 1603 762 1657 Thessalonicam
787 1605 837 1652 in
859 1600 1094 1652 exsilium
1112 1602 1421 1665 deportatus,
1479 1601 1675 1655 itineris
1693 1607 1772 1654 sui
1795 1606 1989 1655 modum
2012 1612 2065 1656 et
2096 1606 2322 1657 ordinem
2352 1605 2573 1669 exponit.
2600 1608 2800 1668 (Baron.
2825 1620 2903 1658 an.
2932 1607 3041 1667 796,
3078 1622 3213 1659 num.
3266 1609 3339 1670 1.)

225 1712 548 1786 Προχεῦεαί
601 1729 695 1784 μοι
731 1713 792 1765 τὸ
833 1711 1069 1782 δάκρυον
1095 1709 1204 1782 πρὸ
1225 1708 1323 1764 τοῦ
1345 1709 1505 1780 λόγου
1531 1728 1545 1742 ·
1578 1713 1671 1766 καὶ
1705 1715 1764 1767 τὰ

1948 1713 2230 1770 Proﬂuunt
2268 1716 2400 1770 mihi
2456 1715 2710 1786 lacrymae
2739 1725 2864 1770 ante
2899 1716 3066 1771 verba
3100 1736 3112 1771 :
3142 1719 3216 1783 (et
3254 1719 3465 1774 viscera

147 1807 482 1876 σπλάγχνα
531 1806 763 1859 δονεῖται
788 1821 802 1835 ⁸
835 1804 931 1858 καὶ
960 1806 994 1876 ἠ
1015 1804 1136 1876 χεὶρ
1174 1803 1474 1875 ὑποτρέμει
1502 1804 1598 1859 τοῦ
1631 1805 1770 1877 γρά-

147 1917 288 1969 φειν
313 1915 333 1930 ο
379 1899 482 1952 καὶ
507 1898 737 1968 ἕλκομαι
783 1896 1148 1967 πανταχόθεν,
1172 1898 1268 1950 καὶ
1311 1897 1500 1968 φέρειν
1539 1899 1598 1951 τὸ
1645 1899 1770 1952 ὀδυ-

146 1990 474 2061 νηρδνιούχ
504 1983 616 2052 οἷός
659 1987 720 2041 τι
752 1989 892 2056 είμι.
918 1988 984 2039 Ὠ
1023 1986 1142 2050 πῶς
1173 1986 1384 2054 ἐνέγκω
1409 2004 1526 2053 σου,
1555 1988 1765 2056 Πάτερ,

147 2080 388 2150 Πάτερ,
417 2079 489 2132 τά
516 2077 928 2149 χριστομίμητα
953 2077 1103 2150 πάθη
1127 2095 1142 2144 ;
1169 2077 1215 2130 ὣ
1242 2077 1360 2140 πῶς
1389 2077 1524 2130 οίσω
1551 2093 1647 2130 σου
1671 2076 1770 2146 τὴν

147 2173 395 2244 ὑψηλὴν
425 2173 522 2226 καὶ
573 2171 735 2240 ἀγίαν
779 2171 1150 2238 ταπείνωσιν;
1194 2169 1313 2234 πῶς
1365 2170 1664 2242 ύπαντήσω
1685 2186 1768 2224 σοι

150 2265 313 2319 κατά
354 2265 524 2333 λόγον
575 2264 974 2336 ἀντιγράφειν;
1006 2263 1103 2317 καὶ
1159 2265 1254 2316 ποῖ
1303 2263 1641 2334 τράπωμαι,
1673 2264 1769 2317 καὶ

149 2357 292 2410 ὅθεν
325 2357 506 2429 ῐωμαι
546 2355 842 2426 κατάρχειν
901 2355 1013 2408 τῶν
1061 2354 1411 2426 γραμμάτων
1435 2371 1452 2420 ;
1479 2355 1623 2426 Πρὸς
1665 2353 1768 2426 ἐμὲ

150 2449 257 2503 οῦν
290 2451 392 2514 σὺ,
427 2442 476 2504 ὦ
519 2450 724 2520 Πάτερ,
766 2447 993 2502 τοιαῦτα
1041 2447 1312 2518 γράφεις;
1340 2446 1480 2518 πρὸς
1529 2445 1630 2518 ἐμὲ
1677 2445 1768 2500 τὸν

153 2537 466 2608 σκώληκα,
500 2539 595 2592 καὶ
645 2537 928 2608 βόρϐορον,
986 2537 1084 2592 καὶ
1123 2537 1354 2602 ἄσωτον,
1381 2537 1410 2589 6
1440 2535 1632 2607 Πατὴρ
1662 2552 1770 2604 φω-

153 2635 264 2698 νάς
289 2634 496 2705 ἀφίησι
548 2632 867 2703 πρεπούσας
893 2631 1106 2701 τέκνῳξς
1147 2627 1404 2682 Ἰκετικδν
1450 2626 1769 2698 ἀναλαμϐά-

153 2741 215 2776 νε
226 2741 279 2786 ις
304 2725 499 2795 σχῆμα
524 2724 554 2774 6
573 2723 805 2792 ὀφείλων
833 2719 1198 2776 ίκετεύεσθαι.
1227 2718 1399 2784 Κάγὼ
1420 2717 1606 2772 λοιπὸν
1626 2719 1655 2771 6
1673 2716 1769 2770 τά·

154 2817 266 2881 λας
295 2818 358 2870 τί
402 2814 905 2888 προσφθέγξωμαι;
946 2813 1042 2866 καὶ
1074 2811 1194 2875 πῶς
1226 2810 1547 2864 ταπεινωθῶ
1577 2811 1655 2882 τῷ
1683 2810 1766 2865 δι-

156 2908 317 2980 καίῳ
352 2926 458 2981 μου
478 2909 692 2980 Πατρί;
733 2909 885 2979 ὅμως
918 2904 1191 2976 ἐδεξάμην
1222 2897 1402 2970 σου,ιῖ›
1435 2905 1638 2974 Πάτερ,
1663 2903 1765 2975 τὴν

1879 1807 2222 1874 quatiuntur,
2280 1820 2332 1861 et
2361 1823 2564 1862 manus
2593 1809 2880 1863 scribendo
2903 1811 3296 1867 contremiscit.
3327 1812 3466 1868 Tor-

1874 1910 2043 1965 queor
2068 1898 2327 1966 undique,
2355 1913 2454 1952 nec
2472 1899 2713 1952 dolorem
2743 1897 2890 1953 ferre
2913 1899 3028 1968 jam
3055 1900 3228 1954 valeo.
3265 1902 3328 1954 Et
3356 1920 3466 1972 quo

1879 1998 2058 2056 pacto,
2091 1987 2272 2052 Pater,
2309 2005 2340 2044 o
2366 1989 2545 2052 Pater,
2581 1988 2860 2043 Christum
2891 1991 3165 2045 imitantes
3191 1992 3464 2048 cruciatus

1873 2087 1997 2132 tuos
2058 2077 2518 2149 perferam?quo
2582 2091 2740 2151 pacto
2780 2081 3049 2136 excelsam
3103 2093 3465 2156 sanctamque

1872 2169 2263 2226 demissionem
2327 2181 2477 2227 tuam
2542 2173 3007 2244 sustinebo‘lquo
3049 2185 3208 2244 pacto
3263 2193 3460 2248 queam

1872 2259 1986 2324 tibi,
2021 2271 2178 2331 prout
2212 2263 2350 2319 ratio
2390 2267 2649 2336 postulat,
2686 2267 3032 2322 rescribere?
3064 2268 3182 2335 Quo
3233 2287 3318 2325 me
3344 2287 3462 2327 ver-

1874 2362 2004 2418 tam,
2033 2363 2087 2407 et
2115 2356 2483 2414 undelitteras
2509 2361 2808 2416 exordiar?
2837 2364 2916 2418 Ad
2951 2380 3034 2420 me
3061 2364 3249 2436 igitur,
3278 2366 3457 2433 Pater,

1871 2455 1926 2500 tu
1961 2447 2087 2502 talia
2132 2450 2372 2505 scribis?
2409 2453 2475 2506 ad
2505 2469 2592 2508 me
2646 2457 3024 2521 vertnicnlttm,
3068 2475 3313 2527 ccenum,
3359 2464 3446 2516 in-

1871 2547 2285 2609 temperantem,
2334 2543 2492 2599 Pater
2518 2557 2884 2616 congruentes
2913 2549 3032 2604 filio
3065 2567 3228 2607 voces
3266 2555 3453 2608 mittit.

1885 2629 2160 2701 Supplicis
2203 2635 2410 2688 cultum
2470 2637 2671 2701 induis,
2713 2638 2800 2693 cui
2860 2640 3156 2710 supplicari
3207 2658 3304 2712 par
3352 2653 3454 2700 est.

1867 2720 1938 2774 At
1969 2735 2071 2792 ego
2105 2725 2324 2779 tandem
2356 2725 2544 2781 infelix
2592 2728 2722 2797 quid
2773 2729 3019 2800 eloquar,
3049 2741 3101 2786 et
3142 2749 3251 2803 quo
3299 2746 3457 2804 pacto

1864 2813 2020 2883 justo
2089 2813 2237 2870 Patri
2271 2833 2393 2872 meo
2427 2819 2792 2876 humiliabor?
2822 2823 3202 2878 Verumtamen
3249 2829 3453 2896 accepi,

1866 2901 2043 2969 Pater,
2069 2905 2307 2978 indignis
2325 2909 2575 2964 manibus
2594 2919 2838 2965 sanctam
2864 2913 3169 2983 epistolam,
3197 2923 3452 2985 tanquam

160 3003 345 3072 ἁγίαν
374 3002 668 3073 δπιστολὴν
697 3003 757 3056 ιν
800 3001 991 3072 χερσὶν
1031 2997 1378 3063 ἀναξίαιςὼς
1421 2997 1763 3068 θεογράφους

1868 2995 2077 3050 tabulas
2099 3013 2128 3051 a
2159 2997 2266 3053 Deo
2302 3010 2572 3057 exaratas.
2617 3001 2814 3057 Audivi
2845 3018 3036 3060 vocem
3068 3015 3226 3060 tuam
3256 3007 3455 3062 litteris

159 3096 418 3159 πλάκας.
467 3094 716 3149 Ἤκουσα
758 3110 854 3146 σου
897 3095 998 3164 τῆς
1040 3089 1442 3161 ἐγγραμμάτου
1466 3088 1649 3158 φωνῆς
1685 3087 1760 3152 ὡς

162 3189 221 3242 si
252 3205 349 3252 τις
381 3185 670 3242 ἀκούσειεν
716 3185 954 3254 ἀγγέλου
1005 3184 1194 3253 φωνῆς
1241 3182 1274 3253 ἢ
1299 3181 1601 3236 ἀποστόλου
1628 3197 1640 3210 ο
1665 3181 1761 3234 καὶ

166 3280 472 3352 συνέτριψε
497 3280 599 3352 τὴν
643 3278 894 3351 καρδίαν,
930 3278 1028 3331 καὶ⁵
1070 3275 1326 3340 ὲξέϐλυσε
1368 3275 1625 3346 δάκρυον,
1665 3274 1760 3328 καὶ

165 3367 640 3443 ἀπεκλαυσάμην,
666 3372 764 3426 καὶ
792 3371 1073 3442 ἐθρήνησα
1099 3368 1199 3438 οὐχ
1243 3367 1600 3439 ἰερεμιτικδν
1630 3367 1761 3438 θρῆ-

166 3483 264 3520 νον
323 3466 420 3520 ἐπὶ
469 3465 662 3519 παθῶν
696 3461 1016 3531 θεοστυγέσι
1071 3460 1488 3530 γεγενημένωνο
1521 3459 1657 3514 ῐδιον
1701 3459 1759 3513 δέ

165 3575 302 3613 τινα
330 3560 429 3612 καὶ
459 3557 841 3628 φιλοπάτριον,
867 3554 966 3609 καὶ
1000 3553 1122 3625 Θεῷ
1163 3553 1335 3618 ὅντως
1375 3553 1751 3626 χαριστήριον.

167 3651 450 3713 Αίνέτεως
517 3649 626 3720 γάρ
675 3645 912 3716 ἀληθοῦς
951 3647 988 3701 ἀ
1035 3645 1407 3709 ἀπέσταλκας,
1473 3645 1653 3716 Πάτερ
1683 3644 1760 3697 δίο

169 3759 326 3805 καιε,
361 3739 696 3812 ἀπογραφῆς
747 3739 897 3806 ἀξια,
936 3737 1036 3810 τῆς
1070 3740 1151 3803 είς
1195 3738 1330 3793 Θεὸν
1363 3738 1643 3803 ὁλοτελοῦς
1662 3755 1757 3793 σου

172 3832 496 3904 προθέσεως
523 3830 800 3901 γνώριμα.

243 3922 580 3994 Τοιγαροῦν,
610 3915 656 3975 ὦ
688 3921 898 3992 Πάτερ,
926 3920 1225 3993 ὲστήριξας
1264 3921 1426 3993 ἡμῶν
1456 3921 1527 3975 τά
1551 3921 1758 3993 φρονή-

175 4031 358 4084 ματα·
394 4013 707 4085 ὲνεύρωσας
731 4013 890 4084 ἡμῶν
919 4013 1019 4076 τὰς
1066 4012 1317 4084 καρδίας.
1362 4013 1538 4085 ’Υπὲρ
1566 4013 1760 4066 ἐλπίδα

170 4107 208 4174 ὴ
237 4104 438 4176 ἀνδρία
482 4119 618 4157 σου·
657 4105 800 4176 ὑπὲρ
849 4103 1180 4174 προσδοκίαν
1229 4107 1262 4176 ἡ
1305 4105 1593 4176 παρρησία
1637 4120 1756 4158 σου.

178 4198 378 4261 ’Δλλος
423 4214 508 4260 τις
558 4199 692 4267 ἡμῖν
739 4198 951 4269 ὤφθης,
993 4200 1027 4270 ἢ
1058 4200 1231 4270 δσπερ
1266 4198 1564 4269 ἰγνωρίζου
1597 4213 1612 4228 ο
1638 4198 1758 4260 ὅλος

175 4292 237 4344 εν
269 4290 393 4360 Θεῷ
433 4288 825 4360 ἠλλοιωμένος.
859 4292 1000 4357 Δόξα
1028 4292 1106 4362 τῷ
1137 4308 1197 4344 σε
1231 4289 1637 4361 δυναμώσαντι.
1680 4291 1755 4343 Ού

1863 3088 2239 3158 consignatam
2289 3099 2347 3145 ut
2400 3091 2446 3146 si
2480 3093 2606 3162 quis
2652 3094 2830 3165 angeli
2864 3096 2947 3150 vel
2993 3099 3226 3167 apostoli
3263 3115 3454 3154 vocem

1861 3179 2176 3246 audiat;et
2236 3197 2337 3236 cor
2398 3183 2664 3238 contrivit
2722 3195 2778 3240 et
2833 3185 3103 3258 lacrymas
3159 3193 3451 3260 expressit.

1860 3269 2047 3325 Planxi
2079 3281 2132 3327 et
2181 3273 2512 3331 lamentatus
2554 3291 2699 3340 sum,
2737 3293 2843 3332 non
2893 3276 3203 3337 Jeremitica
3242 3285 3454 3340 lamen-

1860 3367 2086 3429 tatione,
2104 3367 2171 3419 de
2195 3366 2541 3422 inimicorum
2575 3365 2669 3421 Dei
2693 3368 3100 3427 calamitatibus
3127 3377 3449 3444 composita;

1859 3455 1955 3511 sed
2005 3457 2288 3526 peculiari,
2318 3474 2438 3528 qua:
2467 3469 2521 3514 et
2544 3459 2787 3514 studium
2841 3462 2899 3515 in
2935 3461 3151 3520 Patrem
3196 3476 3449 3534 testetur,

1858 3560 1911 3604 et
1940 3563 2066 3604 vere
2095 3547 2206 3604 Deo
2239 3558 2421 3621 grates
2443 3550 2664 3608 referat.
2696 3553 2846 3608 Vera:
2885 3555 3030 3610 enim
3090 3559 3446 3629 laudationis,

1859 3637 2021 3695 Pater
2048 3640 2215 3710 juste,
2245 3651 2376 3697 sunt
2431 3657 2554 3713 qua:
2606 3643 2828 3712 misisti,
2861 3645 3025 3716 digna
3061 3663 3180 3720 quae
3239 3653 3449 3708 descri-

1859 3731 2075 3799 bantur,
2113 3734 2408 3803 perfectam
2431 3751 2558 3806 erga
2581 3733 2751 3790 Deum
2782 3749 3053 3808 mentem,
3095 3743 3449 3815 animumque

1862 3833 2012 3878 tuum
2044 3827 2501 3881 demonstrantia.

1929 3915 2108 3983 Quare
2140 3932 2333 3973 sensus
2375 3928 2610 3983 nostros,
2633 3919 2815 3984 Pater,
2867 3921 3240 3980 confirmasti:
3281 3929 3443 3984 corda

1859 4019 2043 4063 nostra
2095 4010 2480 4065 corroborasti.
2539 4011 2719 4083 Supra
2786 4028 2940 4084 spem
3009 4015 3272 4074 fortitudo
3333 4033 3445 4087 tua,

1859 4116 2020 4170 supra
2050 4103 2507 4170 exspectationem
2556 4104 2779 4161 libertas
2825 4116 2937 4161 tua.
2976 4109 3128 4164 Alius
3172 4114 3444 4184 quispiam

1859 4190 2014 4244 nobis
2045 4192 2195 4245 visus
2224 4206 2283 4245 es
2313 4193 2381 4246 ab
2397 4208 2462 4248 eo
2479 4209 2640 4263 quem
2667 4212 2997 4254 noveramus
3027 4219 3040 4255 :
3079 4211 3220 4259 totus
3251 4206 3303 4259 in
3337 4207 3444 4263 Deo

1860 4281 2196 4335 immutatus.
2229 4280 2370 4336 Laus
2400 4283 2446 4337 ei
2478 4285 2569 4353 qui
2608 4295 2658 4339 te
2703 4287 3064 4344 conﬁrmavit.
3098 4290 3217 4346 Non
3249 4294 3447 4364 dejecit

175 4379 454 4435 κατέϐαλὲ
509 4396 570 4432 σε
618 4377 784 4448 φόϐος
849 4378 1168 4450 βασιλείαςθ
1213 4381 1313 4433 ούκ
1382 4380 1661 4451 εχαύνωσὲ
1697 4397 1755 4432 σε

1868 4379 1914 4425 te
1945 4381 2118 4426 terror
2173 4372 2538 4442 imperatoris,
2594 4393 2703 4431 non
2734 4380 2997 4434 emollivit
3041 4391 3091 4436 te
3142 4385 3442 4442 insidiatrix

173 4469 416 4542 γοητικὴ
462 4467 694 4524 θωπεία.
728 4469 843 4540 Οὐχ
876 4469 1017 4522 είλου
1077 4469 1418 4541 προσκαίρου
1469 4469 1764 4525 ἀπολαύειν

175 4565 398 4637 ἡδονῆς,
427 4562 869 4635 προκινδυνεύειν
896 4563 1064 4618 θέλων
1084 4567 1183 4634 τῆς
1198 4564 1457 4634 ἀληθείας
1481 4564 1574 4617 τοῦ
1603 4566 1762 4622 Θεοῦ.

188 4660 249 4714 '0
279 4655 488 4729 ποιμὴν
516 4658 545 4710 6
573 4655 763 4720 καλδς,
791 4657 822 4709 6
851 4655 966 4720 θεὶς
989 4655 1088 4727 τὴν
1115 4657 1296 4728 ψυχὴν
1331 4657 1470 4728 ὑπὲρ
1489 4658 1598 4710 τῶν
1632 4675 1763 4728 προ.

177 4750 366 4807 ϐάτων
385 4766 400 4781 ⁶
429 4752 458 4804 6
487 4749 585 4804 καὶ
604 4747 701 4803 νῦν
730 4747 952 4817 δέσμιος
975 4747 1064 4800 διά
1091 4747 1192 4816 τῆς
1228 4750 1493 4820 φρουρᾶς,
1521 4748 1596 4810 ὼς
1630 4749 1765 4818 Χριο

179 4842 313 4898 στοῦ
354 4840 772 4904 ’Δπόστολος.Ὢ
794 4837 888 4893 τοῦ
913 4839 1189 4909 δωματίου
1216 4840 1447 4903 ἐκείνου,
1466 4841 1524 4892 ὲν
1551 4831 1596 4907 ᾧ
1618 4840 1760 4912 φέρῃ

177 4939 276 4988 καὶ
312 4932 556 5003 περιάγη
602 4931 680 4995 ὡς
721 4931 906 5003 τίμιον
955 4932 1051 4985 καὶ
1094 4930 1400 5004 εὔχρηστον
1449 4931 1642 4995 σκεῦος
1681 4929 1759 5000 τῷ

179 5024 431 5096 Asan/nn
482 5023 601 5095 Θεῷ
626 5025 640 5078 ι
664 5022 789 5078 Εῐθε
816 5022 912 5077 οῦν
941 5023 1001 5077 τὸ
1028 5022 1222 5092 ἔδαφος
1253 5025 1430 5076 ἐκεῖνο
1461 5040 1758 5093 περιεπτυ-

179 5119 385 5188 ξάμην,
411 5109 474 5171 οὖ
509 5117 560 5168 ot
596 5117 756 5179 πόδες
788 5117 882 5170 τοῦ
931 5118 1120 5188 κυρίου
1162 5133 1263 5187 μου
1298 5117 1392 5169 καὶ
1421 5116 1634 5187 Πατρός
1664 5117 1762 5187 βαι

177 5209 439 5275 δίζουσιν.
472 5205 596 5260 Εἴθε
629 5205 729 5268 τάς
754 5208 896 5259 κατά
921 5206 1016 5260 σοῦ
1040 5206 1189 5270 κλεῖς
1217 5207 1312 5259 καὶ
1345 5205 1569 5277 κλεῖθρα
1593 5223 1761 5278 προσ-

177 5304 462 5373 εκύνησα,
528 5300 606 5363 ὡς
665 5299 943 5370 θησαυρὸν
1025 5299 1312 5362 εὐσεϐείας
1393 5299 1752 5369 φυλάττοντα.

178 5396 400 5452 Μᾶλλον
442 5395 502 5448 δὲ
554 5393 857 5465 ἑϐουλόμην
885 5394 948 5447 τὺ
980 5394 1162 5464 τίμιον
1190 5395 1370 5447 ἐκεῖνο
1406 5394 1756 5448 ἀσπάσασθαι

179 5490 356 5554 στόμα
401 5483 465 5537 τδ
504 5483 849 5555 ὁμολογῆσαν
877 5483 970 5538 τὸν
1012 5483 1168 5553 λόγον
1198 5486 1296 5555 τῆς
1338 5472 1594 5557 ἀληθείας
1615 5503 1630 5518 ο
1655 5487 1755 5551 τάς

175 5579 329 5640 ὁσίας
363 5579 557 5647 χεῖρας
587 5577 689 5640 τάς
723 5577 1098 5648 ἐπαιρομένας
1130 5579 1212 5641 είς
1242 5577 1404 5646 ἀγίας
1445 5579 1754 5649 προσευχὰς

180 5669 274 5722 καὶ
312 5666 768 5738 εὐπροσδέκτους.
801 5668 913 5722 Ποῦ
946 5669 1078 5722 ποτέ
1110 5687 1214 5738 μου
1241 5669 1303 5722 τὸ
1334 5669 1508 5737 γλυκὺ
1534 5670 1755 5738 ἀπέπτη

178 5759 512 5828 πρόσωπον;
547 5757 654 5812 ποῦ
691 5758 750 5811 δὲ
781 5762 813 5829 ὴ
847 5761 1118 5831 σωτήριος
1148 5761 1302 5832 φωνὴ
1343 5763 1751 5832 κατεσιγάσθη;

179 5847 310 5902 Ἰδοὺ
338 5845 402 5920 δὴ
428 5845 541 5917 ἐγὼ
561 5847 798 5922 ὀρφανὸς
817 5850 846 5904 6
864 5849 1102 5916 ἐλεεινὸς
1122 5852 1214 5907 καὶ
1245 5853 1622 5926 παντέρημος,
1652 5854 1752 5906 ούκ

1863 4463 2121 4518 adulatio.
2153 4462 2382 4520 Noluisti
2423 4467 2602 4538 exigui
2663 4471 2925 4540 temporis
2984 4473 3256 4543 voluptate
3311 4476 3441 4546 frui,

1862 4557 1955 4627 qui
1983 4573 2082 4627 pro
2111 4557 2206 4612 Dei
2245 4559 2474 4614 veritate
2527 4562 2824 4632 periclitari
2859 4565 3094 4622 volebas.
3136 4568 3318 4625 Bonus
3344 4589 3441 4642 pa-

1862 4660 1992 4715 stor,
2021 4649 2114 4719 qui
2140 4665 2239 4722 pro
2268 4651 2460 4706 ovibus
2480 4653 2720 4709 animam
2755 4659 2955 4726 posuit,
2992 4661 3083 4729 qui
3113 4677 3259 4716 nunc
3305 4679 3444 4733 quo-

1860 4756 1966 4810 que
2014 4740 2226 4796 vinctus
2276 4742 2332 4796 in
2387 4745 2656 4811 custodia,
2697 4756 2756 4800 ut
2792 4746 2995 4803 Christi
3033 4751 3348 4821 Apostolus.
3397 4755 3442 4810 0

1860 4833 2108 4888 cellulam
2142 4835 2287 4890 illam
2321 4839 2376 4891 iu
2422 4855 2529 4908 qua
2576 4841 2814 4896 versaris
2861 4851 3026 4914 atque
3091 4846 3441 4903 concluderis

1860 4937 2117 4996 tanquam
2153 4929 2456 4998 pretiosum
2499 4941 2555 4987 et
2603 4933 2735 4988 utile
2760 4949 2854 4988 vas
2884 4936 3111 4992 Domino
3151 4938 3279 4994 Deo.
3318 4940 3438 4995 Uti-

1859 5034 1983 5071 nam
2010 5019 2077 5073 ad
2111 5020 2286 5074 solum
2341 5021 2472 5076 illud
2530 5024 2866 5090 advolverer,
2927 5026 2980 5080 in
3010 5045 3117 5098 quo
3156 5030 3363 5085 domini
3385 5041 3442 5086 et

1861 5109 2039 5166 Patris
2063 5112 2169 5167 mei
2200 5114 2368 5183 pedes
2391 5115 2763 5172 inambulantl
2807 5119 3029 5175 Utinam
3075 5131 3131 5177 et
3168 5124 3348 5180 claves
3386 5140 3441 5181 et

1859 5203 2096 5258 claustra
2127 5207 2492 5271 exoscularer,
2525 5225 2645 5278 qua:
2677 5210 2993 5266 thesaurum
3024 5213 3238 5283 pietatis
3263 5231 3440 5273 custo-

1861 5294 2051 5348 diunt!
2094 5295 2238 5361 Quin
2288 5297 2472 5368 potius
2507 5303 2876 5356 venerandum
2908 5319 2969 5358 os
3013 5301 3140 5360 illud
3182 5309 3437 5379 amplecti

1866 5387 2065 5451 malim,
2089 5388 2234 5456 quod
2265 5390 2510 5448 veritatis
2557 5395 2722 5448 verba
2757 5394 3065 5451 confessum
3095 5408 3178 5453 est
3205 5415 3220 5465 ;
3257 5410 3313 5453 et
3345 5419 3437 5456 sa-

1857 5494 1978 5535 cras
2004 5496 2216 5547 manus,
2253 5499 2375 5552 qua:
2404 5485 2470 5538 ad
2503 5496 2719 5542 sanctas
2762 5497 2817 5542 et
2862 5491 3220 5559 acceptabiles
3243 5510 3434 5560 preces

1858 5571 2212 5627 attolluntur.
2247 5573 2312 5628 Et
2342 5594 2452 5646 quo
2481 5579 2696 5632 tandem
2727 5581 2858 5636 mihi
2889 5580 3064 5636 dulcis
3108 5583 3273 5638 facies
3309 5603 3439 5639 avo-

1858 5664 2008 5728 lavit,
2068 5682 2177 5735 quo
2222 5679 2382 5736 pacto
2417 5671 2673 5728 Salutaris
2724 5689 2823 5728 vox
2852 5676 3163 5731 conticuit?
3214 5677 3291 5731 En
3337 5696 3437 5750 ego

1855 5758 2064 5812 scilicet
2091 5759 2391 5829 orphanus,
2429 5765 2775 5829 miserabilis,
2825 5767 3068 5836 undique
3098 5770 3430 5835 destitutus;

1855 5851 2071 5910 Patrem
2121 5867 2304 5909 meum
2353 5872 2461 5912 non
2496 5857 2724 5924 habens,
2763 5858 3032 5916 luminare
3086 5878 3265 5918 meum
3323 5880 3431 5918 non
