4170 6472
747 406 850 469 915

1942 412 2000 467 5.
2043 405 2435 465 THEODORI
2464 402 2808 462 STUDIT:E

3886 402 3990 463 916

744 517 971 581 habens,
1019 514 1294 571 medicum
1391 516 1825 585 nutritoremque
1886 514 2081 567 anima:
2140 528 2305 575 mete;

2429 506 2546 576 ἒχων
2577 506 2669 559 τὸν
2708 506 2929 576 Πατέρα
2958 522 3086 575 μου,
3123 506 3225 560 ούκ
3265 505 3407 577 ἔχων
3440 506 3532 560 τὸν
3561 509 3825 579 φωστῆρά
3846 527 3981 580 μου,

742 608 858 664 sine
904 619 1103 672 tutore,
1143 610 1259 663 sine
1320 609 1604 665 defensore
1660 611 1917 664 adversus
1967 606 2311 661 invisibiliter

2429 598 2500 653 ςδν
2545 598 2725 667 ίατρδν
2765 598 2859 651 καὶ
2900 599 3104 669 τροφέα
3139 600 3240 669 τῆς
3304 599 3563 670 ταπεινῆς
3612 618 3713 670 μου
3770 599 3983 671 ψυχῆςο

744 700 1129 772 impugnantes
1159 716 1268 766 me,
1311 700 1511 755 Factus
1541 719 1655 755 sum
1704 704 1837 756 sicut
1860 717 2040 753 corvus
2084 700 2136 751 in
2180 699 2307 750 soli-

745 792 923 846 tudine
965 801 1012 846 et
1047 794 1179 846 sicut
1219 810 1401 861 passer
1465 794 1744 847 solitarius
1780 794 1836 846 in
1868 800 2000 845 tecto
2031 792 2093 856 ¹¹,
2124 790 2310 843 oculos

746 883 1034 938 intendens
1066 885 1323 953 quotidie,
1362 886 1465 939 huc
1493 886 1617 939 illuc
1644 882 2311 954 prospectansetcircum-

744 976 1000 1043 spiciens,
1038 992 1139 1031 nec
1171 993 1397 1048 usquam
1424 987 1605 1047 optata
1628 977 1811 1033 facies.
1852 976 1956 1031 Sed
1982 990 2051 1029 ne
2080 974 2157 1029 sic
2187 973 2312 1042 qui-

745 1068 867 1122 dem
892 1068 1132 1124 dolorem
1158 1085 1340 1125 meum
1365 1087 1462 1141 pro
1490 1072 1697 1126 meritis
1726 1084 2050 1141 exaggerare
2093 1084 2310 1138 queam.

742 1161 1012 1215 Caeterum
1060 1163 1257 1233 gratias
1300 1179 1422 1235 ago,
1463 1180 1670 1236 agoque
1710 1164 1873 1219 etiam
1910 1172 2071 1231 alque
2126 1160 2311 1225 etiam,

743 1254 889 1323 quod
929 1266 1149 1325 propter
1180 1257 1272 1310 Dei
1319 1256 1493 1327 legem
1543 1258 1627 1311 his
1677 1256 1873 1326 dignus
1907 1255 2120 1308 habitus
2150 1269 2313 1319 sum;

745 1347 886 1415 quod
944 1349 1077 1401 tanti
1135 1346 1312 1401 Patris
1342 1348 1487 1403 filius
1529 1363 1834 1415 nuncupor.
1872 1346 2006 1401 Fors
2035 1348 2200 1401 etiam
2229 1362 2317 1401 re-

745 1455 911 1511 gnare
937 1456 1032 1509 per
1082 1450 1133 1494 te
1167 1440 1328 1495 hodie
1366 1440 1569 1503 videar,
1625 1440 1785 1494 Pater
1840 1449 2046 1504 sancte,
2080 1440 2125 1493 si
2157 1439 2318 1493 modo

747 1546 937 1600 preces
987 1544 1091 1586 tua:
1145 1531 1352 1587 salvum
1403 1548 1489 1587 me
1552 1532 1879 1587 custodiant.
1935 1532 2125 1585 Timeo
2172 1532 2318 1586 enim

747 1626 988 1693 peccatis
1022 1625 1180 1690 meis,
1224 1634 1279 1679 et
1308 1625 1739 1695 intemperantia:
1774 1642 1927 1680 meae.
1961 1626 2111 1680 Scito
2136 1636 2319 1679 autem

747 1732 834 1771 me
873 1718 1126 1787 precibus
1169 1718 1276 1773 tuis
1299 1760 1312 1783 ,
1346 1718 1447 1773 etsi
1484 1718 1636 1773 valde
1674 1719 1902 1772 imbellis
1925 1734 2065 1783 sum,
2120 1717 2321 1771 confir-

748 1820 953 1864 matum
1005 1821 1059 1865 et
1096 1820 1339 1865 erectum
1369 1830 1380 1863 :
1412 1825 1588 1880 neque
1620 1826 1719 1880 ego
1759 1810 1959 1877 solum,
2000 1811 2095 1865 sed
2128 1826 2321 1866 omnes
2351 1849 2393 1907 Β

749 1918 918 1955 unum
953 1918 1161 1967 sumus,
1208 1902 1351 1955 idem
1402 1911 1580 1956 tecum
1634 1904 1951 1967 sentientes,
2012 1904 2316 1969 unanimes,

748 1996 813 2049 ad
845 2004 1071 2048 mortem
1104 2011 1271 2063 usque
1294 1995 1479 2049 eadem
1527 1996 1733 2065 perpeti
1771 1997 1939 2066 parati
1969 2012 1983 2049 :
2027 2012 2128 2050 nec
2158 2012 2318 2051 causa

748 2095 928 2140 nostra
962 2084 1258 2155 quidquam
1299 2086 1638 2141 reformides.
1680 2087 1794 2153 Eia,
1843 2087 2020 2153 Pater,
2059 2089 2162 2143 eia.
2202 2090 2318 2153 Eia,

748 2178 953 2247 optime
978 2178 1327 2248 gubernator,
1377 2178 1660 2233 :emulator
1716 2179 1955 2249 pietatis,
2008 2190 2317 2234 sanctorum

749 2269 1008 2323 imitator.
1043 2268 1323 2339 Magniﬁce
1378 2286 1564 2325 revera
1612 2271 1899 2335 dimicasti,
1952 2272 2181 2327 viriliter
2223 2274 2317 2327 de-

748 2362 993 2418 certasti.
1034 2362 1177 2415 lnter
1212 2372 1495 2433 martyres,
1533 2372 1613 2418 sat
1642 2364 1776 2427 scio,
1805 2364 2025 2434 spiritus
2071 2378 2198 2418 tuus
2237 2365 2319 2419 lo-

747 2471 871 2509 cum
901 2456 1079 2509 habet.
1110 2454 1235 2510 Hth
1278 2456 1439 2527 igitur
1478 2457 1543 2509 ad
1594 2458 1740 2510 hunc
1782 2457 2023 2522 modum,
2075 2457 2322 2527 quamvis

749 2548 927 2603 adhuc
952 2547 1089 2601 infra
1122 2548 1452 2603 desiderium
1493 2564 1695 2613 meum,
1722 2559 1774 2603 et
1818 2550 1956 2603 infra
2000 2549 2321 2621 dignitatem

752 2645 921 2693 tuam.
964 2638 1029 2692 Et
1056 2640 1315 2708 quoniam
1349 2640 1605 2695 distincte
1659 2656 1877 2695 narrare
1924 2658 2010 2695 me
2048 2642 2209 2711 jubes
2255 2643 2323 2697 ab

752 2731 838 2784 illa
863 2731 973 2793 die,
998 2746 1103 2799 qua
1144 2731 1446 2785 luctuosam
1488 2733 1890 2802 separationem
1937 2734 2320 2795 sustinuimus.

754 2832 925 2877 totum
969 2823 1072 2877 iter
1114 2833 1385 2889 nostrum,
1450 2833 1562 2878 tum
1594 2841 1713 2894 qua:
1761 2825 1813 2878 in
1861 2841 1927 2879 eo
1956 2826 2114 2880 nobis
2145 2827 2322 2879 conti-

752 2925 980 2987 gerunt:
1015 2915 1264 2985 equidem
1319 2916 1491 2986 impar
1523 2932 1683 2981 sum;
1716 2916 1994 2989 aggrediar
2016 2924 2195 2971 tamen
2224 2919 2324 2972 im-

752 3009 903 3078 pigre
938 3008 1080 3077 quod
1110 3008 1292 3077 jubes.
1331 3009 1425 3062 lllo
1447 3024 1576 3081 ergo
1620 3010 1710 3065 die
1751 3026 1860 3080 quo
1891 3010 2069 3065 abiisti
2112 3020 2166 3065 tu
2202 3015 2326 3083 qui-

751 3098 898 3160 dem,
937 3098 1116 3161 Pater,
1167 3098 1233 3152 ad
1282 3108 1509 3154 mortem
1572 3111 1661 3155 tua
1703 3103 2000 3168 voluntate,
2068 3104 2217 3158 missi
2274 3114 2327 3158 et

753 3205 854 3243 nos
896 3190 948 3242 in
989 3190 1238 3247 exsilium
1270 3207 1478 3257 sumus,
1510 3194 1702 3259 obviis,
1737 3205 1795 3249 ut
1818 3211 1902 3251 res
1936 3196 2074 3262 tulit,
2107 3199 2327 3268 jumen-
2354 3202 2403 3266 (ζ

755 3283 825 3337 tis
850 3283 1118 3338 subvecti.
1154 3285 1220 3339 Et
1267 3286 1499 3355 primum
1540 3286 1780 3354 quidem,
1842 3297 2099 3356 tanquam
2136 3288 2327 3341 harum

755 3390 938 3429 rerum
964 3376 1126 3430 rudes
1158 3386 1319 3446 atque
1357 3377 1647 3446 inexperti,
1682 3378 1932 3433 nonnihil
1978 3379 2158 3434 animo
2195 3394 2328 3434 con-

753 3468 978 3522 sternati
1004 3484 1213 3524 sumus.
1244 3469 1568 3538 Appulimus
1584 3471 1728 3525 enim
1752 3473 1815 3524 ad
1850 3488 2017 3542 pagos
2041 3474 2327 3543 quosdam,

756 3560 1125 3627 spectaculum
1163 3559 1291 3613 facti
1327 3562 1475 3615 onmi
1524 3563 1804 3617 hominum
1849 3565 2002 3618 sexui
2038 3574 2093 3618 et
2139 3567 2285 3621 :etati
2312 3608 2328 3633 ,

756 3650 849 3703 ubi
908 3650 1142 3706 tumultu
1186 3652 1624 3725 clamoribusque
1676 3656 1912 3725 impleta:
1970 3658 2127 3713 nobis
2170 3675 2332 3715 aures

758 3745 1001 3810 fuerunt,
1030 3759 1153 3799 cum
1197 3745 1472 3801 solverent
1502 3755 1556 3801 et
1599 3748 1961 3805 subsisterent
1998 3751 2065 3806 ad
2110 3768 2332 3823 compa-

758 3835 927 3889 randa
978 3836 1140 3890 victui
1190 3840 1520 3900 necessaria.
1558 3842 1649 3910 qui
1687 3857 1785 3895 nos
1834 3843 2125 3898 ducebant.
2176 3843 2331 3899 Post-

758 3942 919 3996 quam
947 3944 1077 3982 vero
1132 3929 1423 3985 assuefacti
1481 3933 1698 3986 tandem
1752 3934 1975 3997 fuimus,
2010 3935 2226 3989 facilius
2276 3946 2333 3991 et

758 4020 936 4075 lenius
961 4019 1102 4075 ferre
1133 4022 1398 4091 ccepimus
1439 4022 1688 4078 adversa.
1718 4024 1972 4079 Omnium
2024 4042 2185 4095 porro
2215 4044 2327 4082 ma-

758 4111 900 4165 xime
934 4128 1033 4167 nos
1059 4114 1292 4182 angebat
1324 4112 1501 4168 Patris
1531 4125 1584 4168 et
1615 4116 1819 4169 domini
1853 4116 2069 4173 diaconi
2100 4120 2331 4175 inﬁrmi-

758 4212 863 4259 tas.
897 4204 1073 4274 Atque
1101 4205 1203 4259 hoc
1226 4206 1389 4259 modo
1441 4206 1624 4263 tristes
1648 4217 1704 4261 et
1758 4210 2006 4263 exhausti
2067 4211 2171 4265 iter
2201 4229 2332 4268 con-

760 4298 1009 4353 fecimus.
1050 4297 1355 4353 Mansiones
1381 4309 1561 4353 autem
1610 4301 1692 4355 ha:
1739 4300 1980 4369 fuerunt,
2017 4320 2047 4358 a
2086 4305 2334 4362 Calharis

759 4390 827 4443 ad
854 4390 1095 4455 Liviana,
1132 4389 1258 4444 inde
1289 4391 1354 4444 ad
1388 4389 1618 4459 Leucas,
1652 4404 1765 4448 tum
1796 4393 2111 4466 Phyrarum:
2142 4415 2250 4468 quo
2278 4398 2332 4453 in

758 4482 881 4536 loco
913 4482 1141 4553 lugubre
1172 4483 1429 4553 quiddam
1464 4494 1518 4539 et
1567 4496 1865 4540 memoratu
1914 4488 2136 4559 (lignum
2174 4490 2333 4544 nobis

760 4573 976 4628 accidit.
1002 4574 1141 4627 Cum
1168 4574 1313 4628 enim
1351 4590 1416 4629 ex
1454 4575 1750 4645 improviso
1780 4593 1838 4632 se
1869 4579 2197 4634 obtulissent
2234 4596 2332 4636 no-

759 4682 884 4721 veni
923 4682 989 4721 ex
1022 4666 1294 4735 primariis
1343 4667 1627 4730 fratribus,
1687 4670 1869 4723 ovium
1914 4672 2085 4724 instar
2119 4674 2331 4742 disper-

760 4773 971 4821 sarum,
1020 4757 1487 4812 circumsederunt
1518 4773 1617 4812 nos
1651 4757 1844 4814 flentes
1870 4770 1923 4815 et
1952 4762 2115 4816 corda
2148 4773 2334 4817 nostra

761 4847 1133 4904 conficientes.
1171 4847 1239 4901 At
1267 4847 1457 4902 ductor
1483 4856 1667 4903 noster
1700 4865 1799 4903 nec
1825 4850 2024 4921 alloqui
2064 4868 2158 4908 eos
2188 4854 2337 4909 sine-

764 4939 877 4995 bat.
910 4938 987 4993 lta
1011 4938 1271 4992 miserum
1300 4938 1352 4991 in
1391 4939 1614 4993 modum
1651 4950 1997 5009 aspectantes
2044 4954 2251 5010 mutuo,
2282 4954 2336 4999 et

763 5032 885 5087 vale
918 5030 1186 5096 dicentes,
1226 5045 1348 5084 cum
1379 5030 1631 5100 lacrymis
1681 5032 1898 5086 tandem
1932 5034 2128 5089 divulsi
2158 5045 2212 5090 et
2248 5052 2337 5091 se-

762 5124 935 5197 parati
966 5123 1187 5178 fuimus.
1221 5122 1420 5177 Deinde
1448 5122 1668 5177 Paulam
1705 5123 1873 5189 ducti,
1904 5126 2211 5183 invenimus
2244 5144 2336 5184 ve-

766 5216 1065 5272 nerandam
1116 5230 1362 5269 sororem
1414 5223 1562 5269 tuam
1598 5231 1720 5270 cum
1774 5217 1994 5271 domino
2035 5217 2232 5284 Sabba,
2282 5232 2339 5277 et

765 5311 905 5366 clam
943 5308 1194 5363 venimus
1252 5307 1304 5360 in
1355 5316 1729 5376 conspectum,
1796 5318 2071 5380 totamque
2124 5324 2338 5369 noctem

767 5416 1011 5470 congruo
1061 5412 1313 5453 sermone
1337 5398 1623 5453 duximus:
1662 5408 1774 5453 tum
1810 5400 2041 5457 invicem
2084 5412 2337 5476 tanquam

766 5492 927 5549 morti
956 5492 1197 5546 addictos
1228 5490 1547 5555 salutantes.
1585 5492 1942 5550 discessimus
1974 5511 2095 5550 cum
2138 5500 2339 5570 gemitu

838 5628 881 5661 “
915 5626 1055 5681 Psal.
1090 5643 1161 5690 Cl,
1194 5626 1244 5689 7,
1276 5626 1329 5683 8.

2411 689 2848 757 ἀπροστάτευτος
2876 730 2892 755 ,
2958 690 3403 760 ἀνεπαμύνευτος
3454 690 3592 761 πρὸς
3646 693 3774 755 τοὺς
3835 693 3996 745 πολε-

2414 778 2649 849 μούντάς
2730 796 2798 849 με
2874 780 3155 851 ἀοράτωςο
3240 780 3566 851 Ἐγενόμην
3613 782 3755 836 ὡσεὶ
3805 784 3994 851 κόραξ

2410 870 2482 923 ἐν
2531 870 2729 939 ἐρήμῳ
2808 872 2889 937 ὠς
2948 873 3269 939 στρουθίον
3337 874 3435 927 ἐπὶ
3512 873 3804 943 δώματος,
3868 873 3994 927 καθ’

2414 962 2629 1032 ἡμέραν
2690 962 3114 1033 ἐποφθαλμιῶν,
3173 958 3277 1019 ὦδε
3337 966 3559 1019 κάκεῖσε
3616 966 3829 1035 βλέπων
3900 967 3997 1020 καὶ

2416 1054 2752 1124 περιαθρῶν,
2790 1056 2885 1108 καὶ
2922 1056 3177 1126 οὐδαμῶς
3211 1058 3271 1110 τὸ
3307 1058 3644 1127 ποθούμενον
3676 1062 3993 1130 πρόσωπον.

2415 1145 2525 1198 Καὶ
2559 1145 2712 1199 οὔπω
2759 1147 2881 1199 κατ’
2922 1146 3083 1213 ἀξίαν
3117 1147 3386 1219 δυναίμην
3434 1150 3850 1221 ἐκτραγῳδῆσαί
3888 1167 3995 1218 μου

2414 1238 2476 1289 τὸ
2504 1238 2695 1301 πάθος.
2726 1239 2874 1307 Πλὴν
2917 1239 3228 1311 εὐχαριστῶ
3267 1242 3362 1295 καὶ
3410 1242 3879 1313 ύπερευχαριστῶ,
3911 1244 3995 1295 ὅτι

2416 1328 2501 1381 διὰ
2528 1330 2690 1399 νόμον
2722 1327 2861 1383 Θεοῦ
2888 1329 3063 1384 ταῦτα
3097 1331 3472 1400 κατηξίωμαιο
3502 1333 3583 1385 ὅτι
3610 1332 3853 1385 τοιούτου
3879 1332 3996 1385 [Ια-

2416 1420 2542 1491 τρὸς
2591 1422 2941 1491 ἐχρημάτισα
2992 1423 3201 1478 τέκνον.
3253 1424 3407 1494 Τάχα
3463 1422 3769 1493 βασιλεύειν
3810 1424 3997 1492 οἴομαι

2417 1512 2507 1565 διὰ
2536 1512 2631 1565 σοῦ
2668 1514 2936 1584 σήμερον,
2993 1514 3176 1585 Πάτερ
3227 1514 3371 1583 ἀγιε,
3426 1516 3583 1584 εῐπερ
3628 1517 3661 1584 ή
3714 1516 3847 1586 εύχή
3899 1532 3994 1568 σου

2422 1602 2563 1655 σῶόν
2600 1620 2666 1672 με
2690 1604 3031 1672 διαφυλάξοι.
3063 1606 3289 1659 Δέδοικα
3318 1609 3427 1676 γάρ
3459 1625 3561 1677 μου
3593 1606 3693 1678 τὴν
3721 1607 3999 1677 ἁμαρτίαν

2422 1694 2519 1747 καὶ
2558 1693 2657 1765 τὴν
2704 1696 2980 1750 ἀσωτίαν·
3018 1696 3141 1770 είσῃ
3178 1698 3235 1752 δὲ
3270 1699 3557 1767 γινώσκων
3604 1701 3688 1753 ὅτι
3728 1717 3824 1753 σου
3872 1702 3998 1763 ταῖς

2424 1786 2611 1853 ἁγίαις
2658 1787 2843 1857 εὐχαῖς
2875 1789 3166 1861 ἐνίσχυμαι
3220 1790 3315 1844 καὶ
3357 1791 3674 1863 ἐνίδρυμαιο
3721 1792 3827 1846 κᾶν
3875 1792 4000 1845 λίαν

2423 1878 2899 1945 εύκαταγὼνιστός
2941 1882 3089 1951 είμι·
3133 1880 3229 1934 καὶ
3275 1883 3336 1935 ού
3386 1884 3547 1952 μόνον
3572 1882 3703 1951 ἐγὼ,
3740 1883 3998 1937 ἀλλὰκαὶ

2421 1971 2468 2022 οἱ
2509 1969 2708 2034 πάντες
2738 1972 2798 2025 τὸ
2830 1973 2889 2025 ἐν
2910 1975 3080 2044 ἐσμεν
3107 1974 3550 2044 συμφρονοῧντές
3584 1993 3667 2029 σοι
3700 1975 3999 2047 σύμψυχοι,

2423 2059 2768 2129 συμπάσχειν
2806 2062 3121 2132 αἱρούμενοι
3154 2062 3319 2133 μέχρι
3367 2063 3623 2119 θανάτου.
3673 2066 3787 2119 Καὶ
3822 2068 3998 2137 μηδα-

2424 2149 2542 2217 μῶς
2580 2151 2739 2219 ἡμῶν
2794 2152 2955 2205 ἕνεκα
2988 2152 3175 2216 δεδιὼς
3210 2148 3295 2227 ᾖς.
3338 2149 3502 2224 Εὖγε,
3531 2150 3576 2211 ὧ
3605 2157 3810 2229 Πάτερ,
3846 2154 3997 2225 εὖγε.

2421 2234 2585 2307 Εὖγε,
2611 2234 2657 2294 ὦ
2686 2239 2876 2311 ἄριστε
2912 2241 3499 2315 κυϐερνῆτα,ιιζηλωτά
3538 2245 3639 2316 τῆς
3686 2247 3998 2313 εὐσεϐείας,

2424 2332 2641 2402 μιμητά
2671 2332 2781 2386 τῶν
2808 2334 3001 2403 ἁγίων.
3029 2335 3484 2406 Μεγαλοπρεπῶς
3506 2337 3676 2402 ὅντως
3705 2340 3999 2409 ἠγώνισαι.

2421 2424 2709 2489 Νεανικῶς
2753 2427 3174 2498 ύπερήθλησας·
3226 2428 3367 2499 μετά
3418 2430 3713 2500 μαρτύρων
3771 2425 3871 2484 οἷδ’
3915 2432 3999 2484 ὅτι

2424 2520 2507 2591 εἴη
2561 2519 2624 2572 τὸ
2669 2520 2890 2591 πνεῦμά
2938 2538 3052 2577 σου.
3094 2520 3247 2593 Ἐχει
3283 2523 3383 2594 μὲν
3428 2524 3571 2577 οὕτω
3599 2522 3796 2586 ταῦτα,
3828 2526 3876 2576 εί
3904 2530 4001 2577 καὶ

2427 2612 2593 2681 μήπω
2637 2611 2739 2680 τῆς
2768 2612 3069 2683 ἐπιθυμίας
3113 2631 3216 2685 μου
3254 2615 3350 2668 καὶ
3400 2616 3499 2686 τῆς
3544 2615 3703 2679 ἀξίας
3750 2631 3871 2681 σου,
3919 2618 4001 2678 είς

2422 2703 2563 2755 δέον.
2608 2702 2761 2755 Ἐπεὶ
2784 2704 2841 2758 δὲ
2870 2704 3113 2770 κελεύεις
3154 2706 3440 2777 ἱστορῆσαί
3474 2723 3555 2759 σοι
3577 2706 3703 2759 κατ’
3724 2706 3875 2771 ἔπος,
3905 2707 3999 2777 ἀφ’

2422 2786 2490 2861 ἦς
2531 2790 2743 2861 ἡμέρας
2783 2793 3103 2865 ὑπέστημεν
3150 2796 3369 2863 ἐκείνην
3420 2796 3521 2866 τὴν
3564 2796 3835 2870 ὀδυνηρὰν
3882 2799 4001 2854 διά-

2426 2880 2629 2946 ζευξιν,
2665 2885 2764 2953 τήν
2812 2902 2873 2938 τε
2910 2886 3243 2957 ὁδοιπορίαν,
3286 2888 3379 2939 καὶ
3409 2888 3478 2942 τά
3521 2889 3642 2943 κατ’
3669 2891 3842 2963 αὐτὴν
3872 2893 4003 2961 ἡμῖν

2428 2971 2852 3041 συμϐεϐηκότα·
2889 2975 2987 3044 οὐχ
3043 2974 3246 3027 ίκανῶ·
3283 2972 3428 3045 πλὴν
3470 2977 3531 3030 τὸ
3573 2979 3867 3032 κελευσθέν
3911 2996 4003 3049 μοι

2430 3064 2645 3131 ποιήσω
2673 3064 2996 3118 ἀοκνότατα.
3040 3066 3176 3118 Κατ’
3205 3065 3378 3133 αὐτὴν
3408 3070 3690 3140 τοιγάρτοι
3730 3071 3831 3140 τὴν
3857 3071 3999 3141 ἡμέ-

2436 3170 2537 3222 ραν
2572 3154 2694 3205 καθ’
2727 3157 2793 3225 ἢν
2818 3155 3017 3225 ἀπῄεις
3048 3157 3111 3210 σὺ
3136 3156 3257 3229 μὲν,
3287 3151 3332 3211 ὦ
3362 3161 3564 3231 Πάτερ,
3592 3162 3694 3231 τὴν
3722 3162 3815 3213 tul
3839 3163 4005 3215 θάναο

2430 3262 2522 3297 τον
2550 3246 2668 3298 ὁδὸν
2696 3250 2763 3317 τῇ
2798 3248 3141 3319 προαιρέσει,
3181 3255 3275 3305 καὶ
3304 3254 3467 3322 ἡμεῖς
3500 3252 3869 3322 ἐστειλάμεθα
3900 3255 4002 3325 τὴν

2430 3335 2708 3406 ἐξόριστον
2757 3338 3093 3411 ὁδοιπορίαν,
3158 3342 3519 3412 ἐποχηθέντες
3579 3344 3665 3413 ἐφ’
3710 3338 3793 3408 οἷς
3845 3343 4004 3418 ἔτυχε

2432 3426 2610 3492 ζώοις.
2640 3430 2751 3483 Καὶ
2775 3430 2852 3494 ὡς
2890 3433 3213 3503 ἀπείραστοι
3259 3436 3381 3487 κατ’
3414 3434 3591 3505 ἀργὰς
3635 3434 3731 3489 τοῦ
3757 3429 4003 3493 τοιούτου

2431 3517 2729 3589 δράματος,
2756 3515 2901 3591 ἦμέν
2927 3538 3048 3585 πως
3077 3525 3131 3575 ἐν
3155 3522 3384 3595 ἀθυμία.
3420 3524 3873 3597 Προσεϐάλλομεν
3898 3531 4005 3599 γὰρ

2434 3611 2525 3663 καί
2575 3627 2682 3663 τισι
2733 3613 2970 3682 κώμαις,
3013 3613 3420 3685 θεατριζόμενοι
3458 3616 3553 3669 ἐπὶ
3600 3618 3782 3686 πάσης
3830 3619 4006 3687 ὅψεως

2434 3702 2527 3755 καὶ
2559 3703 2777 3773 ἡλικίας
2818 3702 3152 3773 ἀνθρώπων·
3189 3706 3439 3777 θορύϐοις
3481 3726 3540 3762 τε
3589 3710 3683 3762 καὶ
3736 3714 4007 3780 κραυγαῖς

2436 3794 2853 3863 περιηχήθημεν
2882 3794 3166 3867 ἀμφότερα
3191 3798 3260 3851 τά
3288 3793 3402 3853 ὦτα
3420 3816 3434 3829 ’
3464 3800 3523 3851 ἐν
3559 3817 3616 3851 τε
3644 3800 3723 3871 τῷ
3752 3802 4007 3872 ἀπαίρειν

2434 3886 2529 3937 καὶ
2576 3885 2917 3938 καταπαύειν
2963 3887 3115 3957 παρὰ
3143 3888 3203 3941 τὸ
3252 3889 3317 3943 τὰ
3362 3890 3643 3958 ἐπιτήδεια
3678 3893 4010 3962 συμπορίζε-

2435 3975 2557 4027 σθαι
2587 3976 2715 4039 τοὺς
2738 3977 2994 4042 ἄγοντας.
3024 3978 3110 4041 Ὦς
3142 3978 3201 4032 δέ
3230 3980 3399 4050 ᾔομεν
3436 3980 3606 4052 [unus
3664 3981 3883 4055 ᾔειμεν]
3919 3983 4009 4037 ἐπὶ

2432 4067 2622 4138 πρόσω
2657 4068 2985 4134 ἐθισθέντες,
3021 4072 3150 4142 ῥᾷον
3180 4072 3381 4142 μᾶλλον
3405 4074 3673 4145 ἐφέρομεν
3700 4076 3768 4130 τά
3810 4076 4011 4146 δυσχε-

2436 4158 2527 4227 ρῆ.
2566 4158 2640 4211 Τὸ
2670 4160 2727 4213 δέ
2754 4160 2920 4214 ἀνιῶν
2946 4162 3094 4232 ἡμᾶς
3120 4162 3283 4217 πλέον
3314 4166 3347 4235 ἡ
3381 4166 3634 4219 ἀσθένεια
3664 4161 3731 4237 ἦν
3773 4167 3869 4221 τοῦ
3897 4170 4009 4223 lla.

2432 4248 2558 4319 τρὸς
2586 4248 2679 4302 τοῦ
2710 4251 2901 4319 κυρίου
2943 4251 3215 4309 διακόνου.
3258 4253 3367 4307 Καὶ
3388 4253 3531 4308 οὕτω
3556 4256 3657 4325 τὴν
3692 4256 3810 4309 ὁδὸν
3840 4257 4006 4327 ἀχθό·

2446 4356 2619 4409 μενοι,
2676 4342 3159 4413 περιαντλούμενοι
3212 4344 3633 4417 διεπεράναμεν.
3664 4340 3833 4400 Αὗται
3859 4347 3921 4399 δὲ
3957 4347 4011 4399 al

2436 4433 2741 4502 καταμοναί
2768 4448 2782 4460 ⁸
2814 4434 2923 4486 ἀπὸ
2946 4435 3013 4487 τά
3058 4436 3290 4506 Καθαρά
3311 4439 3392 4499 είς
3417 4436 3679 4490 Λιϐιανά·
3710 4437 3903 4489 ἔπειτα
3933 4439 4013 4500 είς

2436 4520 2649 4583 Λεύκας
2674 4537 2687 4551 ·
2716 4516 2815 4575 εἷθ’
2847 4523 3019 4586 οὕτως
3053 4526 3133 4586 είς
3168 4524 3227 4576 τὸ
3254 4526 3517 4594 Φύραιοψ
3549 4523 3679 4577 ἔνθα
3700 4524 3792 4579 καὶ
3821 4524 4015 4593 ὀδυνη-

2445 4614 2536 4682 ρὸν
2580 4613 2709 4681 ἡμῖν
2744 4614 2965 4682 συνέϐη,
3015 4616 3108 4667 καὶ
3149 4616 3391 4687 ίστορίας
3431 4614 3601 4680 ἄξιον.
3640 4616 4015 4686 ’Υπερφανέν-

2440 4718 2532 4764 τες
2565 4702 2674 4771 γάρ
2713 4720 2829 4765 πως
2859 4704 2918 4769 ἐξ
2947 4705 3260 4776 ἀπροόπτου
3292 4707 3445 4759 ἐννέα
3472 4707 3581 4760 τῶν
3624 4706 4018 4777 πρωτευόντων

2443 4794 2711 4862 ἀδελφῶν,
2756 4793 2833 4857 ὡς
2878 4795 3131 4866 πρόϐατα
3192 4796 3593 4867 διεσπαρμένα,
3646 4796 4017 4867 περιέστησαν

2444 4890 2577 4959 ἡμῖν
2603 4889 2905 4955 κλαίοντες,
2933 4891 3030 4944 καὶ
3068 4890 3499 4962 συνθρύπτοντες
3539 4890 3699 4962 ἡμῶν
3749 4893 3846 4960 τὴν
3875 4908 4017 4963 καρ-

2445 4980 2587 5038 δίαν.
2629 4982 2740 5035 Καὶ
2768 4982 2796 5035 ό
2828 4982 2926 5051 μὲν
2954 4982 3104 5050 ἄγων
3130 4985 3281 5053 ἡμᾶς
3318 4984 3439 5037 ούδέ
3478 4982 3854 5054 προσλαλῆσαι
3882 4985 3982 5037 sta.
4002 5000 4015 5012 '

2440 5072 2651 5125 ἐλεεινά
2675 5072 2731 5126 δὲ
2762 5073 3053 5143 βλέποντες
3090 5076 3185 5127 καὶ
3223 5074 3572 5145 βλεπόμενοι,
3622 5075 3720 5129 καὶ
3754 5074 4020 5145 ἐπιφθέγ-

2442 5181 2587 5233 ματα
2611 5164 2860 5235 ἀλλήλοις
2890 5165 3232 5228 ἐπειπόντες,
3265 5166 3575 5220 τελευταῖον
3600 5166 3741 5237 μετά
3767 5164 4021 5236 δακρύων

2439 5252 2897 5324 διεχωρίσθημεν.
2952 5250 3085 5307 Εἶτα
3140 5255 3510 5326 καταχθέντες
3561 5258 3619 5309 ἐν
3674 5259 3740 5327 τῇ
3805 5254 4019 5326 Παύλᾳ,

2440 5342 2676 5413 εὕρομεν
2708 5344 2805 5416 τὴν
2836 5346 3205 5417 πολυτίμητόν
3237 5365 3331 5401 σου
3356 5348 3592 5419 ἀδελφὴν
3618 5348 3714 5401 σὺν
3734 5347 3812 5418 τῷ
3845 5347 4022 5417 κυρίῳ

2447 5435 2637 5507 Σάϐϐα
2659 5437 2757 5507 (4),
2789 5438 3047 5508 κρυπτῶς
3089 5438 3522 5509 συνοψισθέντες,
3553 5442 3649 5492 καὶ
3692 5438 3757 5491 δι’
3778 5437 3902 5507 ὅλης
3933 5455 4023 5492 vo.

2451 5528 2578 5591 κτδς
2604 5530 2662 5581 ὲν
2690 5528 2871 5601 ταυτῷ
2917 5530 3227 5601 μείναντες,
3258 5530 3593 5603 λαλήσαντές
3624 5547 3681 5584 τε
3714 5528 3783 5584 τὰ
3810 5529 4021 5594 εἰκότα,

2271 5704 2503 5763 ΝΟΤᾸΞ.

843 5794 921 5881 μ)
954 5794 1044 5881 τῷ,
1086 5800 1274 5881 κηρίῳ
1338 5796 1555 5851 Σάϐϐα.
1608 5798 1834 5866 Sabbas,
1869 5801 2205 5858 Studitarum
2274 5805 2328 5861 Ηι

2429 5824 2640 5877 menus,
2673 5808 2728 5864 in
2805 5809 3035 5867 concilio
3085 5808 3306 5868 Nicaeae
3345 5810 3386 5867 ll
3448 5826 3552 5868 una
3604 5827 3726 5870 cum
3779 5814 4024 5881 Platone,

772 5869 1115 5938 subscriptus
1149 5868 1367 5937 legitur.
