4170 6486
266 415 372 481 917

1509 415 2040 480 EPISTOLARUM
2065 420 2211 483 LIB.
2253 422 2302 482 Ι.

3427 434 3528 520 918

274 534 370 588 καὶ
390 530 779 602 ἀσπασάμενοι
806 527 1068 600 ἀλλήλους
1098 527 1176 591 ώς
1205 524 1610 613 ἐπιθανατίους,
1638 526 1845 597 διέστη-

1952 538 2008 584 et
2032 531 2345 600 ejulatione.
2371 532 2449 589 Ac
2480 543 2615 590 tunc
2641 534 2829 592 videre
2867 546 2986 594 erat
3005 537 3266 596 convulsa
3305 553 3524 613 pectora

277 639 380 693 μεν
411 621 694 684 στένοντες
723 621 818 674 καὶ
843 617 1230 688 ποτνιώμενοι.
1257 611 1366 669 Ἦν
1402 615 1529 669 ίδεῖν
1555 616 1677 670 ἐκεῖ
1702 633 1845 670 σπα⁸

276 715 592 788 ρασσόμενα
635 711 920 781 σπλάγχνα
965 711 1061 764 καὶ
1099 707 1465 779 σφαδάζοντα,
1519 708 1845 781 θεοπρεπῶς

273 805 592 877 νικωμένης
636 805 735 874 τῆς
774 803 1013 872 φύσεως.
1052 802 1146 855 Ἐκ
1190 799 1358 855 τῶνδε
1415 800 1850 871 κατεπαύσαμεν

271 899 335 951 ἐν
372 897 450 968 τῷ
493 895 800 966 Δουπαδίῳ,
838 893 1176 965 φιλοφρόνως
1206 892 1655 964 συμπαθηθέντες
1695 893 1852 962 παρά

272 989 373 1044 τοῦ
422 987 851 1058 ξενοδοκοῦντος,
890 984 1226 1056 χρησάμενοι
1273 1001 1334 1037 τε
1377 986 1472 1038 καὶ
1518 983 1730 1054 λουτρῷ
1762 984 1852 1038 διὰ

269 1082 405 1146 τοὺς
438 1080 711 1153 μώλωπας
737 1095 750 1109 ·
786 1077 1045 1146 γεγόνασι
1085 1076 1194 1146 γάρ
1238 1074 1334 1130 καί
1380 1092 1543 1130 τινων
1583 1076 1846 1143 δυσίατοι,

268 1172 386 1227 ἀπὸ
437 1172 538 1241 τῆς
600 1169 930 1239 ὁδοιπορίας.
979 1167 1090 1220 Kal
1136 1165 1498 1238 κατήχθημεν
1549 1167 1629 1230 είς
1677 1168 1850 1236 Τίλιν.

284 1265 437 1318 Ἐκεῖ
469 1263 647 1316 τοίνυν
675 1257 1001 1314 καταλαϐὼν
1028 1259 1178 1327 ήμᾶς
1204 1258 1232 1311 ὅ
1254 1274 1312 1312 τε
1344 1257 1542 1322 Ἀϐϐᾶς
1576 1259 1853 1330 Ζαχαρίας

274 1353 420 1425 μετά
445 1353 541 1406 τοῦ
588 1351 826 1415 Πιονίου,
859 1352 926 1403 ἐκ
957 1349 1170 1420 θερμῆς
1197 1349 1513 1419 προθέσεως
1543 1349 1849 1417 κλαίοντες,

268 1446 369 1498 καὶ
420 1443 540 1515 μεθ’
586 1443 744 1514 ήμῶν
795 1440 1113 1512 αἱρούμενοι
1179 1440 1535 1511 πορεύεσθαι,
1589 1441 1696 1497 κᾶν
1751 1442 1851 1496 οὑκ

267 1536 562 1606 εἰάθησαν.
601 1535 734 1587 Ἀπὸ
764 1533 922 1587 τοῦδε
955 1535 1034 1597 είς
1072 1532 1392 1603 Ἀλκέριζαν
1415 1547 1430 1562 °
1458 1534 1525 1586 ἐκ
1553 1533 1724 1586 τῶνδε
1769 1535 1850 1598 είς

282 1625 856 1697 ’Δναγεγραμμένους,
880 1624 976 1678 ἕπε
987 1641 1074 1678 ιτα
1103 1626 1182 1688 είς
1203 1624 1544 1695 Περπερίναν
1559 1640 1571 1653 ’
1595 1624 1850 1679 κάκεῖθεν

270 1722 358 1784 είς
386 1719 451 1773 τὸ
481 1719 710 1789 Πάριον·
745 1716 1130 1779 κοινωνοῦντες
1173 1714 1325 1786 παρά
1355 1714 1465 1768 τῶν
1512 1715 1850 1781 ἐπισκόπων,

267 1813 419 1883 πλὴν
448 1812 544 1865 καὶ
569 1810 710 1881 μετά
759 1808 1142 1871 ταπεινώσεως
1194 1807 1704 1878 ὑπομιμνήσκοντες
1753 1809 1852 1878 ὁμ-

1951 630 2007 675 et
2035 620 2359 690 fatiscentia,
2389 638 2512 679 cum
2568 624 2828 681 decenter
2858 627 2997 684 victa
3033 630 3255 686 cederet
3304 638 3523 687 natura.

1952 713 2030 768 Ex
2058 714 2162 768 hoc
2209 714 2329 769 loco
2375 717 2605 787 digressi
2654 717 2996 776 substitimus
3034 721 3093 776 in
3137 721 3402 794 Lupadio,
3433 724 3526 779 ubi

1951 813 2302 874 peramanter
2342 806 2410 861 ab
2447 807 2662 878 hospite
2717 810 2890 865 habiti
2944 810 3173 880 fuimus,
3220 815 3525 885 balneoque

1953 895 2034 950 usi
2056 907 2278 967 propter
2303 898 2550 954 vibices:
2593 902 2872 958 nonnullis
2914 904 3061 958 enim
3108 920 3249 976 pene
3300 907 3525 962 insana-

1950 985 2087 1042 biles
2110 999 2403 1044 evaserunt
2433 1005 2498 1045 ex
2535 991 2744 1048 itineris
2773 993 3084 1065 agitatione.
3112 997 3181 1051 Et
3205 998 3526 1054 divertimus

1952 1076 2131 1133 Tilim.
2174 1079 2285 1135 Illic
2306 1097 2436 1152 ergo
2455 1090 2740 1138 assecutus
2763 1099 2864 1140 nos
2887 1086 3056 1141 abbas
3080 1085 3373 1144 Zacharias
3397 1105 3523 1145 cum

1950 1169 2164 1238 Pionio,
2217 1188 2329 1242 prae
2351 1175 2518 1228 animi
2561 1176 2757 1231 ardore
2811 1179 3095 1234 nobiscum
3125 1181 3315 1235 venire
3335 1183 3524 1252 cupie-

1951 1261 2081 1317 bant
2107 1282 2120 1317 :
2149 1264 2243 1318 sed
2278 1266 2607 1334 permissum
2638 1267 2692 1322 id
2721 1268 2802 1322 eis
2842 1283 2952 1324 non
2984 1269 3108 1325 fuit.
3133 1271 3264 1327 lnde
3310 1274 3522 1329 Alceri-

1952 1368 2090 1417 sam,
2130 1363 2243 1409 tum
2273 1356 2340 1411 ad
2391 1357 2943 1429 Anagegrammenos,
3018 1361 3215 1417 deinde
3273 1361 3524 1434 Perperi-

1950 1459 2099 1508 nam,
2134 1454 2299 1516 atque
2324 1448 2471 1504 illinc
2503 1449 2746 1519 Parium,
2777 1467 2902 1508 cum
2927 1455 3199 1526 episcopis
3221 1460 3523 1513 communio

1950 1549 2156 1602 cantes,
2188 1547 2244 1593 et
2296 1541 2364 1595 de
2406 1543 2771 1613 jurejurando
2829 1548 3077 1602 modeste
3136 1551 3523 1623 admonentes.

1951 1625 2078 1683 Post
2127 1630 2242 1685 hac
2271 1630 2530 1700 llorcum,
2576 1635 2704 1690 inde
2748 1636 3106 1708 Lampsacum
3133 1678 3147 1704 ,
3204 1641 3293 1694 ubi
3352 1641 3522 1697 Hera-

1950 1720 2150 1776 cleotas
2184 1724 2350 1787 nacti,
2402 1727 2582 1782 triduo
2623 1727 2880 1784 hasimns
2905 1732 3160 1802 navigare
3191 1749 3302 1787 non
3334 1735 3522 1790 valen-

1954 1821 2055 1868 tes.
2112 1814 2319 1872 Deinde
2348 1818 2628 1875 solventes
2667 1823 2977 1891 appulimus
3018 1825 3289 1895 Abydum,
3323 1842 3352 1880 a
3383 1843 3522 1898 prat-

267 1906 522 1968 vdovrac.
572 1899 704 1956 Είτα
755 1903 835 1965 είς
871 1900 1085 1972 Ὀρκὸν,
1130 1899 1340 1953 ἐκεῖθεν
1378 1900 1458 1963 είς
1504 1899 1842 1970 Λάμψακον·

1952 1906 2067 1959 side
2093 1906 2402 1963 humaniter
2422 1911 2654 1981 excepti.
2683 1911 2930 1984 Cumque
2946 1916 3016 1969 ibi
3037 1893 3208 1986 usque
3233 1918 3300 1972 ad
3326 1893 3524 1976 sabba-

263 2001 330 2053 tv
478 1996 729 2067 εὑρόντες
793 1990 1218 2063 Ἦρακλειώτας,
1270 1991 1845 2061 προσανεπαυσάμεθα

263 2095 591 2165 τριήμερον,
635 2091 791 2144 πλεῖν
829 2089 891 2142 ού
929 2087 1236 2157 δυνάμενοι.
1282 2080 1413 2140 Εἶτα
1458 2085 1847 2157 ἐξορμίσαντες

266 2183 728 2253 κατεπλεύσαμεν
772 2184 828 2235 ἐν
859 2182 926 2251 τῇ
972 2177 1188 2248 Ἀϐύδῳ
1209 2193 1223 2208 ·
1253 2177 1359 2231 ὑπὸ
1395 2176 1492 2231 τοῦ
1529 2181 1710 2232 ἐκεῖσε
1743 2180 1846 2251 ἀρ-

268 2292 465 2348 χοντος
521 2272 764 2335 εὐσεϐῶς
829 2269 1282 2341 κατελεηθέντεςο
1321 2270 1418 2324 καὶ
1467 2271 1847 2341 ἐπιμείναντες

264 2372 378 2434 ἕως
423 2366 519 2421 τοῦ
562 2365 828 2420 σαϐϐάτου
881 2363 1247 2434 ὁκταήμερον,
1299 2362 1727 2434 ἀπεπλεύσαμεν
1767 2365 1849 2427 είς

280 2459 623 2520 Ἐλεοῦντας.
668 2454 1078 2526 Ἐϐδοματιαῖόν
1113 2471 1175 2509 τε
1207 2454 1401 2526 χρόνον
1436 2456 1842 2525 ἐπιμείναντες,

263 2554 360 2609 διά
382 2552 442 2605 τὺ
471 2549 686 2613 ἀπλοον,
716 2546 890 2612 δεξιοῦ
911 2547 1114 2617 ἀνέμου
1148 2546 1505 2611 πνεύσαντος,
1535 2546 1841 2619 ἐπετάσθη-

1950 2005 2066 2051 tum
2097 2008 2222 2054 octo
2250 2000 2461 2056 dierum
2488 2005 2662 2073 spatio
2686 2007 3096 2073 mansissemus,
3133 2009 3253 2063 vela
3292 2008 3522 2065 fecimus

1949 2089 2018 2143 ad
2046 2087 2324 2158 Eleuntes,
2372 2093 2466 2149 ubi
2525 2096 2921 2153 hebdomadem
2983 2102 3327 2168 commorati,
3376 2101 3522 2172 quod

1951 2181 2198 2252 navigari
2219 2198 2329 2238 non
2353 2196 2555 2254 posset,
2591 2189 2832 2244 secundo
2880 2199 3047 2245 vento
3074 2191 3237 2246 flante
3270 2191 3522 2260 perveni-

1951 2287 2073 2326 mus
2129 2273 2186 2327 in
2246 2273 2514 2330 Lemnum
2572 2292 2768 2333 novem
2823 2279 3079 2335 horarum
3137 2277 3518 2339 veliIiCatione.

1951 2359 2266 2417 Orationem
2296 2365 2389 2422 hic
2439 2376 2680 2422 moratur
2702 2369 2878 2440 pietas
2905 2371 3150 2442 episcopi
3200 2373 3293 2443 qui
3336 2389 3442 2439 me,
3474 2374 3521 2428 si

1949 2455 2071 2524 quis
2091 2455 2249 2523 alius,
2280 2457 2514 2531 benigne
2542 2460 2804 2533 suscepit,
2847 2464 3160 2520 consolatus
3196 2474 3298 2534 est,
3324 2475 3382 2522 et
3409 2467 3523 2522 via-

1950 2547 2059 2602 tico
2085 2547 2361 2606 instruxit.

270 2659 375 2715 μεν
404 2643 462 2695 ἐν
489 2642 555 2710 τῇ
574 2639 779 2709 Λήμνῳ
797 2639 855 2691 ἐν
883 2636 1416 2709 ἐνναωρίῳ.”ιστησί
1460 2655 1563 2709 μου
1596 2639 1688 2692 τὸν
1712 2638 1870 2706 λόγον
1938 2637 2172 2692 ἐνταῦθα
2233 2641 2267 2711 ή
2311 2639 2405 2694 τοῦ
2449 2642 2749 2697 ἐπισκόπου
2787 2643 2897 2699 τῶν
2948 2645 3076 2716 τῇδε
3113 2647 3386 2703 εὐσέϐεια.
3424 2650 3521 2717 ’ος

264 2736 371 2791 οὑκ
402 2737 454 2788 εῖ
485 2751 570 2798 τις
607 2733 717 2805 γάρ
765 2731 922 2796 ἀλλος
961 2733 1057 2786 καὶ
1095 2730 1436 2799 ἐδεξιώσατο,
1473 2734 1566 2786 καὶ
1589 2733 1966 2804 παρηγόρησε,
1995 2732 2092 2787 καὶ
2129 2733 2452 2803 ἐφωδίασεν.

354 2826 449 2879 Ἐκ
475 2823 584 2879 τῶν
625 2823 751 2894 τῇδε
780 2822 959 2876 τοίνυν
989 2821 1436 2905 ἀποπλεύσαντες
1461 2824 1520 2875 tv
1548 2822 1720 2892 φόϐῳ,
1755 2823 1844 2877 διά

2021 2821 2150 2879 lnde
2203 2839 2334 2896 ergo
2395 2825 2575 2880 soluta
2629 2826 2776 2893 navi,
2832 2842 2945 2883 non
3007 2829 3126 2885 sine
3191 2841 3361 2900 metu,
3404 2840 3525 2905 pro'

265 2915 332 2970 τὸ
365 2914 770 2987 παρακείμενον
822 2910 994 2976 ἔθνος,
1022 2904 1480 2982 ἀντεπεράᾶαμεν
1511 2911 1845 2984 βορροφόρου

265 3007 369 3061 καὶ
403 3003 741 3078 ροιζήδοντος
784 3002 843 3055 tv
886 3001 1249 3070 δωδεκαωρίῳ
1283 3000 1476 3053 ἑκατὸν
1509 3001 1845 3069 πεντήκοντα

271 3096 472 3168 μιλίων
507 3093 566 3146 ὃν
597 3091 659 3145 τὸ
690 3089 955 3160 πέλαγος,
985 3092 1312 3161 ὁρμίσαντες
1337 3091 1395 3143 ἐν
1419 3089 1499 3159 τῷ
1533 3089 1845 3160 Κα-νάστρῳ

268 3191 332 3244 tv
370 3188 483 3249 τοῖς
530 3184 935 3254 Θεσσαλονίκης
982 3183 1154 3254 ὁρίοις
1175 3198 1189 3211 ο
1221 3181 1415 3235 ἔπειτα
1449 3181 1530 3244 είς
1562 3181 1846 3254 Παλλήνην

269 3279 344 3334 τά
377 3277 646 3348 πρόσγεια
679 3275 777 3330 τοῦ
809 3274 1015 3328 κόλπου
1038 3289 1053 3303 ⁶
1096 3269 1217 3326 εἶτα
1259 3274 1339 3336 είς
1368 3273 1429 3325 τὸ
1459 3272 1708 3343 ἐμϐολον.
1753 3273 1847 3326 Ἐκ

267 3371 381 3426 τῶν
413 3369 564 3425 ἐνθεν
599 3368 762 3435 ζώοις
790 3368 953 3422 πάλιν
987 3365 1377 3434 ἐπιϐεϐηκότες
1409 3364 1674 3436 Σαϐϐάτῳ
1701 3364 1844 3436 ἡμέ-

273 3479 347 3534 ρα
394 3461 588 3532 ἑορτῆς
645 3457 740 3513 τοῦ
791 3457 1204 3527 Εὑαγγελισμοῦ
1237 3456 1337 3528 (5),
1374 3455 1494 3527 ὥρᾳ
1530 3456 1692 3528 τρίτῃ
1734 3455 1846 3508 είσ-

267 3550 520 3623 ήχθημεν
548 3552 606 3604 tv
645 3551 714 3620 τῇ
745 3548 921 3602 πόλει.
955 3546 1068 3600 Kal
1100 3547 1186 3598 οἷα
1216 3548 1249 3617 ή
1283 3544 1486 3608 εῐσοδος
1516 3545 1530 3597 l
1565 3545 1698 3598 Ούδὲ
1734 3545 1846 3615 γὰρ

267 3642 432 3697 τοῦτο
483 3640 775 3713 παρελθεῖν
833 3640 1155 3710 ἀναγκαῖον.
1218 3638 1607 3711 Προπεμφθεὶς
1666 3639 1846 3694 τοίνυν

269 3734 429 3806 παρά
453 3732 548 3788 τοῦ
583 3734 831 3804 ὑπάρχου
862 3732 972 3787 τῶν
1006 3724 1236 3802 λέξόχων,
1279 3725 1363 3796 εἷς
1406 3731 1546 3802 μετὰ
1579 3747 1845 3801 στρατιω-

267 3827 402 3892 τῶν,
438 3825 779 3897 προσέμενεν
822 3825 882 3878 tv
927 3826 994 3894 τῇ
1030 3824 1322 3894 ἀνατολικῇ
1377 3825 1576 3894 πόρτῃ,
1604 3825 1700 3875 καί
1723 3825 1846 3875 ἐπι-

270 3921 468 3975 στᾶσιν
516 3916 836 3987 ὑπήντησαν
881 3913 1056 3985 ὁρθιοι
1089 3915 1177 3969 διὰ
1225 3915 1408 3984 σιγῆς.
1454 3915 1564 3968 Kal
1608 3913 1747 3986 μετὰ
1789 3913 1847 3966 τὸ

267 4009 536 4066 εἰσελθεῖν
563 4008 883 4071 κλείσαντες
919 4006 1019 4071 τάς
1051 4006 1248 4073 πύλας,
1276 4004 1412 4079 ἦγον
1443 4007 1532 4062 διὰ
1578 4008 1680 4077 τῆς
1723 4006 1847 4075 ἀγο-

269 4105 395 4176 ρᾶς,
426 4101 911 4175 προπομπεύοντες
965 4100 1060 4156 ἐπὶ
1103 4100 1203 4172 τῆς
1236 4101 1412 4171 ὅψεως
1441 4100 1549 4155 τῶν
1574 4103 1654 4162 είς
1685 4097 1845 4151 τοῦτο

1947 2922 2068 2982 pter
2115 2913 2400 2969 ﬁnitimam
2459 2925 2697 2988 gentem,
2742 2917 2802 2972 in
2846 2919 3131 2975 adversam
3195 2937 3368 2991 oram,
3429 2940 3524 2981 va-

1945 3005 2056 3061 lido
2084 3007 2329 3076 spirante
2377 3008 2564 3076 borea,
2624 3011 3053 3077 transmisimus,
3103 3023 3330 3070 centum
3363 3017 3521 3088 quin-

1944 3097 2201 3167 quaginta
2231 3097 2458 3153 millium
2486 3099 2708 3171 pelagus
2735 3100 3026 3157 duodecim
3080 3102 3229 3159 horis
3271 3107 3519 3161 emensi:

1945 3187 2360 3258 appulimusque
2405 3188 2732 3245 Canastrum
2762 3191 2816 3250 in
2863 3193 3063 3248 ﬁnibus
3099 3193 3519 3263 Thessalonicae,

1945 3278 2140 3334 deinde
2161 3278 2436 3335 Pallenam
2474 3282 2620 3336 sinui
2645 3283 2957 3356 contiguam
2987 3303 3000 3339 :
3035 3295 3148 3342 tum
3176 3289 3244 3344 ad
3277 3299 3520 3360 portum,

1944 3384 2012 3424 ex
2039 3385 2147 3440 quo
2176 3371 2231 3425 in
2261 3373 2592 3430 animalibus
2638 3374 2836 3430 iterum
2887 3378 3163 3446 sedentes,
3211 3381 3402 3436 urbem
3435 3384 3521 3437 in-

1946 3462 2116 3530 gressi
2165 3477 2356 3518 sumus
2402 3464 2664 3531 Sabbato,
2709 3467 2796 3522 die
2844 3467 2986 3523 festo
3046 3470 3520 3536 Annuntiationis.

1947 3553 2079 3609 hora
2109 3555 2288 3610 tertia.
2329 3555 2515 3622 Qualis
2545 3573 2676 3613 vero
2702 3560 2982 3631 ingressus
3007 3562 3020 3615 l
3045 3575 3222 3630 neque
3248 3561 3352 3616 hoc
3381 3579 3523 3633 pra:-

1949 3643 2110 3698 terire
2138 3645 2221 3700 fas
2247 3654 2349 3699 est.
2390 3647 2714 3703 Prannissus
2743 3663 2776 3703 a
2807 3649 3067 3718 praefecto
3099 3667 3242 3706 unus
3283 3667 3351 3707 ex
3406 3654 3491 3724 pri

1945 3737 2188 3792 moribus
2221 3752 2344 3792 cum
2395 3738 2631 3793 militum
2656 3755 2844 3807 manu,
2881 3740 2948 3795 ad
2998 3741 3334 3799 Orientalem
3392 3763 3522 3816 por-

1946 3838 2054 3884 tam
2076 3831 2443 3899 exspectabat.
2461 3830 2526 3886 Et
2545 3833 3110 3903 appropinquantibus
3127 3835 3306 3899 nobis,
3329 3852 3522 3891 occur-

1946 3931 2136 3977 rerunt
2194 3933 2342 3979 recta
2399 3924 2540 3989 acie,
2600 3925 2863 3982 silentio:
2908 3934 2963 3980 et
3020 3926 3220 3982 clausis
3283 3939 3405 3998 post
3436 3930 3522 3984 in-

1945 4031 2192 4087 gressum
2227 4026 2475 4070 nostrum
2510 4018 2705 4086 portis,
2759 4034 2858 4088 per
2888 4018 3067 4073 forum
3107 4035 3207 4074 nos
3247 4021 3520 4077 duxerunt

1947 4109 2148 4163 celebri
2180 4125 2400 4178 pompa,
2431 4111 2484 4162 in
2508 4109 2681 4164 oculis
2707 4125 2895 4164 eorum
2930 4111 3020 4179 qui
3045 4112 3111 4165 ad
3149 4114 3520 4181 spectaculum

268 4194 824 4268 συνδεδραμηκότων·
857 4194 950 4247 καὶ
977 4195 1357 4262 ἀπαγαγόντες
1387 4196 1681 4265 είσήγαγον
1705 4198 1843 4268 πρὸς

1951 4210 2317 4262 accurrerant,
2350 4201 2829 4271 perduxeruntque
2854 4201 2923 4255 ad
2957 4202 3262 4271 praesidem.
3303 4201 3347 4258 0
3385 4221 3522 4275 prae-

267 4289 364 4344 τδν
395 4290 651 4360 ἄρχοντα.
678 4285 791 4341 Καὶ
822 4281 949 4354 εὖγε
975 4285 1054 4356 τῷ
1073 4285 1253 4356 ἀνδρί·
1280 4286 1511 4357 εὐμενὲς
1541 4287 1649 4359 γὰρ
1674 4289 1845 4360 πρόσ-

268 4397 423 4438 ωπον
459 4379 658 4446 δείξας,
708 4376 851 4449 μετὰ
917 4377 980 4430 τὸ
1039 4381 1228 4431 πεσεῖν
1279 4379 1494 4448 χρηστὰ
1546 4378 1845 4449 ἐφθέγξατο

267 4474 426 4545 ἡμῖν.
460 4467 800 4542 Παρέπεμψέ
835 4485 897 4522 τε
927 4468 1065 4540 πρὸς
1095 4468 1187 4521 τὸν
1213 4468 1660 4556 ἀρχιεπίσκοπον,
1689 4470 1844 4540 πρῶ-

265 4579 362 4616 τον
392 4559 868 4633 προσευξαμένους
916 4560 974 4613 ἐν
1018 4561 1087 4630 τῇ
1119 4559 1252 4629 ἀγίᾳ
1299 4559 1489 4630 Σοφίᾳ.
1527 4560 1636 4614 Καὶ
1681 4561 1740 4612 tv
1763 4559 1842 4629 τῷ

267 4652 543 4724 εὐκτηρίῳ
567 4650 646 4722 τῷ
684 4649 817 4720 παρ’
844 4648 1009 4703 αὐτοῦ
1048 4649 1282 4720 ποιήσας
1313 4649 1509 4720 εὐχήν,
1539 4652 1568 4703 ὁ
1599 4651 1840 4718 ἁγιώτα-

265 4764 364 4810 τος
411 4744 630 4809 ἐδέξατο
681 4743 778 4796 καὶ
809 4741 1200 4813 κατησπάσατο
1221 4742 1386 4812 ἡμᾶς,
1419 4742 1688 4813 ὁμιλήσας
1713 4743 1843 4813 ήμῖν

265 4839 344 4894 τὰ
369 4837 581 4904 δέοντα,
612 4834 708 4890 καὶ
737 4832 866 4905 παρ’
899 4833 1037 4886 αὐτὰ
1071 4834 1374 4903 κρατήσας,
1404 4834 1498 4886 καὶ
1523 4834 1844 4897 ἀναπαύσας

266 4932 362 4989 διά
387 4949 448 4985 τε
474 4928 706 5000 λουτροῦ
734 4928 829 4982 καὶ
859 4923 1182 4996 βρωμάτων.
1217 4923 1295 4994 Τῇ
1344 4923 1572 4995 δευτέρᾳ
1600 4925 1842 4995 πρωῖθεν

265 5020 416 5095 ἦραν
459 5022 627 5092 ἡμᾶς,
660 5018 753 5072 καὶ
792 5018 860 5070 δι’
900 5016 1170 5086 αἰτήσεως
1203 5015 1532 5084 ποιήσαντες
1581 5014 1841 5080 εὔξασθαι

267 5119 354 5180 είς
387 5115 478 5169 τὸν
525 5113 681 5181 ἆγιον
721 5113 1054 5183 Δημήτριον,
1104 5110 1430 5181 διεχώρισαν
1486 5114 1695 5175 πάντας
1747 5112 1844 5166 ἀπ’

267 5208 538 5277 ἀλλήλων,
573 5204 1054 5275 προπεποιηκότας
1084 5203 1270 5273 εὐχὴν,
1299 5203 1393 5257 καὶ
1421 5205 1841 5274 ἀσπασαμένους

265 5296 552 5368 ἀλλήλους.
596 5297 736 5359 Τοὺς
781 5293 876 5350 δύο
906 5293 964 5347 δὲ
1005 5293 1152 5363 ἡμᾶς
1191 5292 1450 5360 ἀδελφοὺς
1476 5294 1842 5362 ἀναγαγόντες

265 5391 360 5443 ἐπὶ
393 5390 485 5443 τὸν
523 5390 582 5442 ἐν
617 5380 663 5457 ᾧ
706 5388 826 5457 είμι
871 5386 988 5439 νυνὶ
1031 5385 1214 5448 τόπον,
1245 5383 1522 5448 διέζευξαν
1554 5385 1842 5457 δακρυρῶς

264 5480 744 5551 καταφιλήσαντας
794 5477 1076 5549 ἀλλήλους,
1128 5476 1205 5539 ὡς
1244 5474 1338 5528 καί
1374 5492 1527 5539 τινας
1566 5478 1672 5530 τῶν
1707 5478 1842 5531 θεω⁶

1950 4288 2156 4342 clarum
2183 4288 2394 4344 virum!
2432 4290 2698 4360 placidum
2737 4291 2882 4346 enim
2923 4293 3082 4347 nobis
3113 4294 3322 4348 vultum
3360 4297 3520 4350 exhi-

1951 4376 2107 4442 bens,
2133 4391 2258 4432 cum
2300 4387 2602 4448 prostratus
2639 4379 2948 4448 salutasset,
2982 4384 3100 4437 miti
3132 4400 3232 4439 nos
3267 4400 3519 4440 sermone

1949 4468 2144 4523 allatus
2181 4478 2285 4532 est,
2344 4469 2601 4540 misitque
2630 4471 2700 4525 ad
2755 4471 3228 4542 archiepiscopum
3265 4475 3519 4543 precibus

1947 4570 2076 4616 ante
2107 4561 2239 4616 fusis
2264 4561 2319 4615 in
2366 4572 2568 4620 sanctae
2613 4563 2851 4633 Sophim.
2886 4563 2986 4619 Ubi
3033 4580 3163 4636 ergo
3198 4567 3254 4621 in
3283 4570 3520 4622 oratorio

1946 4666 2048 4706 suo
2078 4661 2330 4719 precatus
2354 4660 2441 4706 est
2476 4654 2871 4718 sanctissimus,
2911 4657 3127 4726 excepit
3174 4673 3295 4720 nos,
3331 4671 3386 4713 et
3406 4662 3523 4728 opi«

1948 4756 2078 4811 pare
2110 4743 2379 4806 tractavit,
2409 4746 2794 4799 consentaneis
2825 4746 3007 4800 verbis
3035 4747 3345 4816 alloquens,
3406 4759 3519 4804 tum

1947 4834 2143 4890 balneo
2194 4835 2443 4904 cibisque
2478 4835 2731 4891 reﬁciens
2776 4851 2842 4891 ac
2889 4838 3208 4892 restiluens.
3257 4839 3521 4894 Postridie

1949 4941 2107 4981 mane
2127 4926 2342 4982 abducti
2370 4942 2580 4991 sumus,
2605 4936 2660 4982 et
2681 4943 2776 4998 per
2795 4929 3032 4998 speciem
3053 4931 3209 4999 quasi
3237 4932 3303 4985 ad
3345 4934 3518 4986 sancti

1949 5015 2206 5071 Demetrii
2235 5033 2458 5087 precum
2509 5033 2672 5072 causa
2729 5020 3077 5086 ducerentur,
3128 5035 3522 5090 separaverunt

1948 5123 2050 5162 nos
2078 5123 2289 5173 omnes,
2336 5119 2554 5163 orantes
2603 5119 2794 5163 mutuo
2851 5119 2906 5162 et
2955 5109 3074 5163 vale
3116 5109 3384 5165 dicentes.
3411 5110 3520 5167 Nos

1949 5215 2079 5253 vero
2109 5199 2305 5254 fratres
2340 5200 2496 5265 duos,
2551 5216 2674 5255 cum
2706 5200 2761 5254 in
2792 5200 2937 5255 hunc
2965 5200 3020 5253 in
3052 5217 3160 5271 quo
3189 5218 3334 5258 nunc
3383 5205 3521 5275 dego

1948 5291 2123 5346 locum
2174 5293 2578 5362 perduxissent,
2619 5293 3002 5362 sejunxerunt,
3031 5293 3283 5348 ﬂebiliter
3313 5297 3517 5364 ample-

1947 5396 2158 5442 ctentes
2188 5395 2399 5450 mutuo,
2448 5386 2585 5440 adeo
2629 5395 2689 5439 ut
2743 5385 3104 5453 spectantium
3137 5385 3383 5438 nonnulli
3415 5386 3520 5440 mi-

1949 5478 2240 5534 sericordia
2263 5485 2755 5532 commoverentur.
2771 5475 2858 5532 Sic
2885 5491 2943 5530 se
2969 5475 3171 5530 habent
3188 5488 3273 5529 res
3297 5485 3520 5552 nostrae,

1772 5636 2006 5695 NOTAE.

339 5752 438 5830 (5).
459 5751 673 5830 Ἡμέρᾳ
693 5751 905 5830 taetris
938 5752 1044 5830 τοῦ
1069 5750 1546 5830 ,ξεθιξῖγενέισμςῦι
1599 5755 1721 5811 Dies
1740 5756 1834 5830 Ie:

264 5832 385 5878 stus
414 5822 888 5887 Annuntiationis,
921 5823 1036 5878 sive
1067 5822 1139 5876 25
1179 5823 1376 5891 Martii,
1401 5826 1695 5881 sabbatum
1732 5826 1835 5882 fuit

1897 5790 1907 5799 -
1948 5774 2035 5812 an.
2075 5760 2196 5823 797,
2226 5759 2449 5828 proinde
2478 5775 2620 5813 anno
2672 5758 2764 5811 illo
2808 5759 2931 5812 data
2981 5755 3352 5828 videtur_',_li;ec
3403 5755 3520 5824 epi-

1947 5830 2122 5898 stola;
2157 5825 2282 5886 licet
2318 5829 2580 5885 Baronius
2609 5829 2811 5883 referat
2851 5831 2915 5885 ad
2949 5842 3144 5883 annum
3174 5825 3295 5881 796.
