4170 6510
665 393 772 454 919

1855 392 1914 450 S.
1953 387 2345 450 THEODORI
2387 386 2735 448 STUDITE

3817 382 3917 445 9:20

669 507 849 568 Pater,
877 513 933 557 et
954 518 1053 574 ego
1080 503 1167 557 hic
1200 503 1365 556 vitam
1400 518 1546 558 nunc
1594 519 1693 574 ago
1724 504 2030 558 luctuosam
2086 513 2140 558 et
2174 503 2253 557 la-

2368 502 2536 572 μένων
2584 498 2922 572 ταραχθῆναι
2967 499 3035 569 τῇ
3090 496 3425 570 συμπαθείᾳ.
3466 493 3657 560 Οῦτως
3695 496 3764 550 τὰ
3805 500 3915 550 καθ’

669 593 1043 650 rnentabilem.
1081 592 1355 648 Caaterum
1411 593 1653 665 eulogias
1688 605 1887 650 sancta
1908 609 2102 649 melius
2126 603 2251 658 tuae,

672 685 818 738 velut
838 693 1040 738 sanctae
1062 683 1348 739 Trinitatis
1394 682 1503 738 vim
1533 683 1861 749 obtinentes,
1893 683 2253 753 suscepimus,

670 792 871 847 easque
907 777 1127 832 amuleti
1157 778 1276 834 loco
1303 778 1585 844 habemus,
1612 789 1666 833 et
1691 776 1863 832 oculis
1892 777 2093 831 nostris
2111 777 2258 831 velut

673 871 954 926 dexteram
987 878 1137 925 tuam
1179 872 1558 927 exosculantes
1601 871 1974 926 admovemus.
2021 871 2255 926 Rursum

674 963 941 1032 lacrymae,
978 979 1198 1018 rursum
1231 964 1437 1020 viscera
1477 965 1896 1020 convolvuntur.
1942 963 2256 1019 Orationem

674 1055 821 1108 enim
853 1055 1105 1111 claudere
1162 1067 1244 1111 est
1274 1058 1510 1112 animus.
1549 1056 1593 1111 0
1627 1057 1809 1122 Pater,
1840 1074 1938 1113 cur
1982 1073 2069 1112 me
2096 1057 2256 1112 dese-

674 1146 830 1201 ruisti
861 1147 885 1200 ?
917 1147 986 1202 At
1029 1163 1140 1203 non
1186 1149 1501 1204 deseruisti.
1533 1149 1815 1216 Quomodo
1853 1165 1886 1205 a
1935 1167 2022 1205 me
2068 1149 2264 1220 procul

676 1239 1123 1295 abscessisti?At
1169 1241 1224 1295 in
1261 1256 1349 1297 me
1405 1242 1634 1298 habitas.
1670 1242 1902 1298 Ubinam
1960 1252 2012 1296 te
2062 1243 2256 1296 iterum

674 1332 893 1387 visurus
921 1334 1088 1387 sum?
1115 1335 1390 1404 quomodo
1439 1345 1492 1390 te
1532 1337 1799 1390 cernam?
1853 1335 1944 1390 ubi
1997 1335 2259 1390 suavissi-

675 1437 819 1477 mam
845 1432 900 1476 et
928 1423 1223 1477 salutarem
1247 1434 1393 1478 tuam
1411 1439 1602 1478 vocem
1620 1423 1903 1478 exaudiam
1927 1424 1950 1476 ?
1974 1423 2258 1492 ecquando

678 1528 880 1568 mensa:
929 1522 1032 1568 tuae
1061 1515 1426 1568 accumbam?
1472 1516 1564 1570 ubi
1595 1531 1890 1586 congressu
1947 1525 2039 1569 tuo
2061 1515 2258 1568 fruar?

677 1614 771 1660 aut
799 1605 888 1660 ubi
923 1606 1140 1661 tandem
1171 1617 1222 1661 te
1249 1608 1503 1663 audiente
1534 1608 1706 1679 legam
1736 1609 1759 1661 ?
1787 1618 1881 1662 aut
1910 1617 1961 1663 te
1986 1617 2259 1678 praesente

679 1713 870 1752 canam
895 1699 918 1751 ?
946 1708 1040 1753 aut
1076 1700 1431 1771 castigabor?
1459 1710 1552 1754 aut
1592 1701 1962 1770 reprehendar
1987 1702 2012 1754 ?
2037 1709 2130 1754 aut
2159 1700 2254 1754 ad-

679 1787 942 1841 monebor
967 1787 990 1841 ?
1019 1789 1357 1857 amplectens
1388 1790 1607 1844 assidue
1648 1791 1700 1845 id
1727 1791 1870 1859 quod
1905 1790 1998 1845 tibi
2027 1790 2253 1860 placue-

680 1880 770 1945 rit,
792 1881 1126 1943 convictum.
1157 1897 1362 1947 escam,
1395 1891 1604 1952 potum,
1649 1884 2001 1953 colloquium,
2033 1894 2256 1946 statum,

679 1987 910 2036 sessum,
962 1974 1288 2030 recubitum.
1323 1975 1463 2042 Quid
1515 1985 1600 2032 est
1629 1976 1775 2046 quod
1825 1977 1961 2030 mihi
2018 1977 2260 2031 accidit?

680 2061 871 2118 Testes
916 2065 1133 2134 appello
1163 2067 1444 2132 mortales,
1472 2068 1687 2136 appello
1709 2077 1763 2121 et
1813 2067 2065 2122 cmlestes
2106 2077 2262 2136 pote-

680 2164 849 2212 states
883 2167 1140 2226 patronas
1174 2159 1331 2223 mihi,
1361 2161 1505 2230 quod
1550 2169 1602 2214 te
1647 2161 1730 2216 lex
1765 2161 1858 2215 Dei
1910 2175 1939 2214 a
1968 2177 2056 2216 me
2102 2177 2262 2230 sepa-

681 2249 834 2314 rarit,
870 2248 1183 2304 mandatum
1208 2267 1376 2306 unum
1410 2261 1698 2307 aeternum.
1738 2253 1939 2307 Audiat
1963 2263 2106 2308 terra
2141 2254 2262 2307 uni-

681 2358 857 2398 versa.
890 2341 1181 2412 Propterea
1219 2346 1448 2412 gaudeo,
1479 2356 1534 2401 et
1573 2347 1897 2402 laudationis
1938 2362 2125 2402 vocem
2152 2347 2262 2403 Dco

683 2432 871 2488 reddo.
923 2433 1305 2489 Abundantius
1340 2436 1523 2489 omnia
1549 2437 1777 2506 recipio.
1843 2437 2092 2501 Exsulto,
2150 2453 2259 2492 non

682 2523 917 2592 amplius
976 2524 1233 2588 orbabor,
1267 2540 1376 2578 non
1445 2527 1723 2588 tristabor.
1793 2543 1892 2581 nec
1946 2527 2261 2581 indecorum

681 2615 975 2684 quidquam
1033 2615 1274 2686 eloquar.
1315 2616 1540 2687 Suscipe
1563 2629 1744 2672 autem
1767 2629 1822 2672 et
1840 2620 2138 2688 superiora.
2164 2619 2264 2672 Pa-

684 2715 789 2770 ter,
826 2714 882 2758 ut
903 2706 1114 2760 sincera
1137 2717 1190 2761 et
1219 2707 1342 2777 pia:
1385 2709 1461 2762 tui
1514 2710 1660 2763 enim
1693 2710 1894 2764 amoris
1950 2719 2079 2764 sunt
2118 2725 2266 2780 sym-

683 2796 827 2850 bola.
867 2797 1053 2866 Itaque
1081 2798 1329 2868 plangam
1361 2809 1686 2861 etiamnum.
1721 2802 1815 2856 sed
1847 2802 2068 2870 planctu
2106 2811 2262 2872 grato

684 2898 740 2942 et
772 2899 1015 2958 accepto.
1053 2888 1133 2942 Tu
1159 2906 1306 2951 vero,
1347 2900 1429 2945 ter
1460 2892 1614 2946 beate
1666 2893 1844 2956 Pater,
1878 2893 2048 2964 gaude
2077 2903 2130 2947 et
2171 2895 2267 2948 la:-

687 2991 822 3036 tare.
854 2980 1043 3036 Bravia
1071 2982 1167 3035 tibi
1201 2993 1452 3039 contexta
1483 2995 1616 3039 sunt
1645 3003 1658 3038 :
1692 2987 1953 3054 requietis
1991 2987 2141 3040 locus
2173 3002 2267 3055 pa-

688 3084 839 3128 ratus
861 3082 981 3128 est:
1015 3075 1165 3129 zelus
1197 3085 1323 3130 tuus
1354 3085 1570 3145 patrum
1606 3087 1822 3132 tuorum
1851 3079 2025 3132 zelum
2053 3079 2218 3132 refert
2247 3097 2261 3134 :

2357 596 2504 663 ήμᾶς
2545 594 2679 663 ἔχει,
2714 586 2759 647 ὧ
2784 592 2986 661 Πάτερ.
3023 591 3134 643 Καὶ
3180 588 3276 643 νῦν
3316 592 3432 660 είμι
3475 589 3586 658 ἐγὼ
3617 591 3646 643 ό
3676 591 3920 654 ταπεινὸς

2356 685 2591 739 ἐνταῦθα
2644 685 2757 755 βίον
2803 684 2980 739 ἐλκων
3023 683 3288 753 ὀδυνηρὸν
3337 683 3435 737 καὶ
3466 682 3915 736 πολυστένακτον.

2358 779 2469 841 Τὰς
2498 778 2555 830 δὲ
2583 779 2648 832 ἐκ
2669 779 2768 847 τῆς
2801 778 2960 843 ἁγίας
2993 794 3085 830 σου
3113 777 3297 849 χειρὸς
3330 774 3582 843 εὐλογίας
3605 773 3921 844 ἐδεξάμεθα,

2355 871 2430 935 ὡς
2457 871 2685 941 δύναμιν
2711 869 2941 940 ἐχούσας
2967 870 3043 939 (6)
3072 870 3171 940 τῆς
3205 867 3366 936 ἁγίας
3390 867 3647 938 Τριάδος·
3683 869 3782 920 καὶ
3816 867 3926 935 ἑχο-

2362 980 2463 1033 μεν
2523 964 2693 1026 αὐτὰς
2725 963 2802 1026 ώς
2836 962 3226 1033 φυλακτήριον,
3253 962 3348 1013 καὶ
3382 958 3736 1031 περιτίθεμεν
3763 959 3928 1022 αὐτὰς

2359 1055 2418 1106 ἐν
2446 1053 2744 1124 ὀφθαλμοῖς
2783 1053 2962 1124 ήμῶν,
3000 1053 3076 1116 ὡς
3112 1054 3212 1124 τὴν
3240 1051 3422 1117 δεξιάν
3447 1069 3540 1105 σου
3571 1050 3927 1119 καταφιλοῦν-

2357 1162 2467 1208 τες.
2503 1144 2672 1198 Πάλιν
2699 1144 2930 1214 δάκρυα,
2972 1144 3136 1198 πάλιν
3165 1142 3493 1213 στρέφονταί
3521 1160 3625 1213 μου
3661 1143 3732 1195 τὰ
3763 1143 3928 1204 ἐντός.

2359 1236 2728 1289 Καταπαῦσαι
2761 1237 2869 1307 γὰρ
2916 1234 3054 1288 θέλω
3090 1235 3182 1289 τὸν
3222 1235 3397 1303 λόγον.
3425 1230 3496 1288 Ὦ
3545 1235 3750 1304 Πάτερ,
3780 1235 3833 1287 τί
3865 1251 3930 1303 με

2359 1327 2751 1395 ἐγκατέλιπες;
2808 1328 2945 1382 Ἀλλ’
3003 1329 3104 1380 οὐκ
3144 1328 3525 1396 ἐγκατέλιπες.
3570 1326 3691 1390 Πῶς
3739 1327 3798 1380 δέ
3831 1344 3932 1397 μου

2358 1421 2786 1492 ἀπεμάκρυναςς
2833 1420 2974 1474 Ἀλλ’
2999 1421 3056 1474 ἐν
3090 1422 3213 1490 ἐμοὶ
3242 1415 3310 1475 εί.
3337 1421 3448 1475 Ποῦ
3471 1420 3529 1474 δέ
3557 1436 3616 1472 σε
3641 1420 3724 1473 ἔτι
3759 1419 3935 1489 μέλλω

2357 1515 2522 1584 ὀρᾷνς
2559 1513 2677 1577 πῶς
2711 1530 2769 1566 σε
2808 1513 3045 1583 ὅψομαις
3081 1512 3184 1566 ποῦ
3216 1530 3310 1566 σου
3339 1512 3562 1566 ἀκούσω
3581 1513 3681 1583 τῆς
3711 1511 3935 1583 ἡδίστης

2359 1607 2455 1658 καὶ
2487 1605 2757 1676 σωτηρίου
2789 1606 3010 1676 φωνῆς;
3055 1606 3248 1660 Ὁπότε
3289 1623 3384 1659 σου
3424 1607 3668 1676 γένωμαι
3696 1605 3940 1676 ὁμοτρά-

2361 1698 2553 1763 πεζοςς
2591 1698 2701 1751 Ποῦ
2749 1715 2842 1751 σου
2888 1699 3174 1761 συνουσίας
3204 1696 3593 1768 ἀπολαύσω;ἢ
3633 1696 3851 1750 πώποτε
3875 1698 3938 1748 ἐν

2359 1788 2459 1841 ώσί
2489 1805 2581 1842 σου
2607 1789 3024 1859 ἀναγνώσομαις
3059 1791 3091 1861 ἢ
3120 1790 3228 1859 πρὸ
3257 1789 3550 1860 προσώπου
3592 1805 3688 1841 σου
3714 1788 3865 1858 Qum;
3899 1786 3937 1855 ἦ

2364 1880 2756 1951 σωρονισθῶς
2814 1883 2846 1952 ἢ
2907 1881 3253 1952 ἐπιτιμηθῶ;
3310 1882 3343 1952 ἢ
3416 1880 3773 1952 ἐπιμνησθῶ;
3827 1879 3941 1945 ἐξιν

2365 1972 2533 2025 ποιῶν
2563 1973 2598 2026 ἃ
2618 1973 2772 2042 φίλον
2801 1990 2908 2036 σοι,
2935 1975 3199 2038 ἑστίασιν,
3233 1973 3454 2046 βρῶσιν,
3485 1973 3667 2038 ποτὸν,
3696 1972 3938 2042 ὁμιλίαν,

2366 2064 2580 2126 στάσιν,
2633 2065 2926 2136 καθέδραν.
2981 2066 3287 2120 ἁνὰκλισιν.
3339 2064 3404 2118 Τί
3454 2082 3545 2134 μοι
3585 2063 3938 2134 συμϐέϐηκες

2366 2153 2531 2206 Καλῶ
2561 2154 2689 2218 τοὺς
2717 2154 3040 2225 ἀνθρώπους
3081 2156 3387 2226 μάρτυρας,
3426 2153 3576 2207 καλῶ
3603 2154 3698 2207 καὶ
3723 2154 3821 2216 τὰς
3849 2153 3944 2205 οὐ·

2366 2247 2582 2315 ρανξους
2609 2245 2866 2314 δυνάμεις
2894 2247 3228 2316 συνηγόρους
3265 2262 3356 2315 μοι
3375 2263 3388 2276 ·
3415 2246 3499 2299 ὅτι
3530 2245 3692 2316 νόμος
3714 2261 3776 2297 σε
3806 2243 3941 2296 Θεοῦ

2365 2337 2629 2409 ἐχώρισεν
2656 2339 2748 2391 ἀπ’
2782 2338 2916 2407 ἐμοῦ
2945 2340 3172 2410 ’ἐντολὴ
3209 2339 3307 2407 μία
3354 2339 3592 2402 αίώνιος.
3629 2339 3947 2392 Ἀκουσάτω

2365 2433 2398 2501 ὴ
2435 2433 2527 2484 ὐπ’
2556 2431 2807 2502 οὐρανόν.
2842 2432 2939 2484 Διὰ
2984 2431 3143 2484 τοῦτο
3165 2432 3362 2502 χαίρω,
3398 2432 3497 2484 καὶ
3524 2432 3709 2500 φωνὴν
3739 2429 3943 2500 ἀφίημι

2365 2526 2625 2587 αἰνέσεως
2673 2525 2810 2595 Θεῷ.
2859 2524 3077 2593 Ἀπέχω
3117 2525 3296 2579 πάντα
3346 2524 3488 2593 ὑπὲρ
3531 2525 3598 2576 ὲκ
3649 2521 3943 2593 περισσοῦ.

2379 2619 2732 2688 Ἀγάλλομαι.
2778 2619 2880 2672 οὐκ
2912 2616 3383 2689 ὀρφανισθήσομαι
3431 2615 3534 2678 ἐτι,
3562 2615 3664 2668 οὐκ
3690 2614 3948 2684 ὀδυνηθή-

2370 2727 2556 2778 σομαι,
2594 2711 2702 2762 οὐδ’
2743 2711 2938 2778 ἀγενές
2972 2728 3024 2763 τι
3070 2708 3396 2778 φθέγξομαι.
3446 2707 3635 2773 Δέξαυο
3667 2705 3724 2759 δέ
3754 2705 3852 2759 καὶ
3873 2705 3947 2757 τὰ

2367 2802 2636 2872 ἀνώτερα,
2700 2804 2902 2872 Πάτερ,
2960 2804 3035 2866 ώς
3073 2803 3284 2872 εὐαγῆ·
3325 2799 3419 2854 τοῦ
3468 2800 3634 2853 πόθου
3686 2816 3783 2852 σου
3836 2797 3945 2867 γὰρ

2370 2891 2640 2962 σύμϐολα.
2673 2891 2822 2963 Πλὴν
2857 2894 2940 2946 ὃτι
2982 2895 3077 2946 καὶ
3112 2893 3194 2946 ἔτι
3224 2892 3552 2962 κλαύσομαι,
3585 2890 3700 2944 ἀλλ’
3738 2887 3945 2943 εὐαπό·

2367 2987 2552 3039 δεκτα.
2589 2985 2663 3038 Σὺ
2691 2985 2767 3046 δὲ,
2808 2979 2853 3037 ὦ
2885 2987 3065 3057 Πάτερ
3107 2985 3504 3056 τρισμακάριε,
3531 2985 3688 3053 χαῖρε
3713 2982 3812 3034 καὶ
3854 2979 3944 3032 εῦ-

2371 3079 2618 3148 φραίνου.
2647 3077 2728 3130 Τὰ
2763 3076 2994 3148 βραδεἰὰ
3025 3095 3107 3130 σοι
3130 3078 3471 3146 έπλάκησαν,
3503 3079 3532 3130 ὀ
3559 3077 3658 3146 τῆς
3695 3071 3946 3128 ἀναπαῦ-

688 3167 933 3222 custodia
958 3177 1048 3222 tua
1066 3170 1350 3222 veritatem
1367 3169 1684 3238 proclamat.
1715 3169 1941 3225 Vinctus
1964 3179 2048 3225 est
2064 3171 2263 3240 justus,

2375 3187 2512 3232 σεως
2541 3169 2705 3233 τόπος
2734 3170 3084 3240 ἡτοίμασται.
3124 3169 3182 3223 '0
3211 3169 3374 3238 ζῆλός
3406 3185 3500 3221 σου
3530 3167 3670 3220 κατὰ
3691 3168 3819 3230 τοὺς
3850 3182 3948 3218 πα-

689 3259 842 3313 velut
899 3259 1278 3314 intractabilis.
1339 3259 1442 3325 Qui
1499 3261 1753 3330 pietatem
1809 3264 2016 3327 colunt,
2064 3263 2262 3335 gratias

688 3358 893 3420 agunt:
925 3352 1016 3420 qui
1049 3351 1162 3422 pari
1209 3351 1326 3407 zelo
1384 3360 1660 3416 tenentur,
1709 3353 2068 3409 ferventiores
2115 3365 2261 3422 sunt,

689 3441 1118 3511 pulcherrimum
1163 3443 1441 3498 exordium
1497 3445 1950 3514 contemplantes.
1993 3445 2094 3511 Qui
2143 3464 2266 3516 per-

691 3543 1015 3601 sequuntur,
1071 3550 1354 3590 sermones
1385 3535 1517 3590 loris
1549 3545 1774 3591 nectunt
1806 3546 1860 3591 et
1883 3537 2217 3592 maledicunt
2249 3554 2264 3603 ;

690 3622 914 3691 quidam
981 3626 1282 3695 praesertim
1333 3629 1606 3681 monachi.
1666 3629 1818 3682 Intus
1878 3645 2008 3684 vero
2062 3633 2268 3700 cogita-

695 3713 935 3769 tionibus
986 3715 1422 3782 diverberantur,
1476 3728 1532 3772 et
1590 3719 1848 3773 acerbum
1898 3732 2268 3776 accusatorem

695 3806 901 3860 habent
951 3823 1104 3861 suam
1160 3807 1403 3877 ipsorum
1462 3811 1874 3864 conscientiam.
1934 3811 2077 3878 Quin
2103 3816 2268 3868 etiam

695 3897 1054 3952 admirantur.
1088 3898 1302 3953 Norunt
1352 3900 1575 3970 quippe,
1610 3914 1666 3955 ut
1713 3918 1940 3973 magnus
1975 3904 2270 3976 Gregorius

694 3991 790 4053 ait,
814 3990 912 4044 viri
941 3989 1096 4044 l'ortis
1111 3991 1366 4045 virtutem
1398 3994 1651 4047 admirari
1671 3995 1832 4048 etiam
1858 3995 2041 4050 hostes
2075 4015 2087 4056 ;
2120 4014 2272 4059 cum,

696 4083 775 4135 ira
823 4091 1094 4145 cessante,
1127 4099 1226 4137 suo
1262 4099 1348 4138 res
1379 4094 1653 4141 momento
1681 4087 1999 4142 aestimatur.
2040 4088 2116 4142 Te
2156 4089 2270 4141 lau-

696 4176 827 4228 dant
850 4176 1045 4246 angeli.
1088 4175 1306 4230 beatum
1337 4178 1635 4247 praedicant
1697 4179 1967 4244 homines,
2019 4179 2271 4235 Christus

695 4265 931 4334 excepit,
972 4267 1120 4336 regni
1156 4267 1420 4322 cmlornm
1469 4268 1566 4323 tibi
1600 4269 1797 4338 ianuas
1836 4272 2052 4335 aperuit
2085 4272 2138 4325 in
2177 4288 2272 4326 sa:-

697 4357 836 4412 cula.
869 4358 1062 4411 Amen.

1067 4448 1155 4503 IV.
1191 4479 1260 4490 —-
1289 4450 1582 4520 NiCcpItoro
1620 4456 1918 4521 pra’porilo.

2306 4441 2353 4498 Ι)

2370 3260 2537 3332 τέρας
2566 3277 2659 3312 σου
2681 3277 2693 3289 ’
2713 3262 2748 3329 ἡ
2779 3261 2992 3332 φρουρὰ
3021 3261 3118 3332 βοᾷ
3142 3262 3240 3331 τὴν
3265 3259 3545 3330 ἀλήθειαν.
3590 3257 3779 3326 Ἔδέθη
3818 3260 3848 3311 ὁ
3868 3257 3947 3309 δί-

2372 3370 2552 3416 καιος,
2603 3351 2679 3414 ὡς
2716 3350 3088 3420 δύσχρηστος·
3120 3353 3169 3404 οἱ
3208 3352 3266 3404 ἐν
3295 3349 3548 3421 εὐσεϐείᾳ
3601 3349 3940 3418 εὐχάριστοι,

2373 3447 2420 3499 ot
2454 3445 2735 3518 ὁμόζηλοι,
2773 3442 3114 3513 θερμότεροι,
3165 3444 3450 3496 κάλλιστον
3489 3442 3774 3512 προοίμιον
3822 3440 3947 3493 θεα-

2377 3537 2623 3607 σάμενοι.
2682 3539 2745 3591 Ol
2778 3537 3069 3598 διώκοντες
3110 3534 3306 3601 λόγους
3336 3533 3537 3596 ἔξωθεν
3561 3533 3829 3585 πλέκουσι
3854 3531 3951 3582 καὶ

2371 3629 2682 3696 κακίζουσι,
2716 3629 2811 3682 καὶ⁵
2847 3629 3082 3699 μάλιστα
3105 3627 3300 3687 οἵτινες
3335 3623 3445 3676 τῶν
3465 3623 3736 3693 μοναχῶν.
3771 3624 3949 3676 Ἐσω-

2373 3720 2465 3773 θεν
2494 3722 2550 3774 δὲ
2587 3725 2708 3784 ταῖς
2747 3722 2981 3783 ἐννοίαις
3007 3719 3438 3782 ὐπωπιὰζονται,
3471 3717 3565 3769 καὶ
3594 3717 3792 3786 πικρὸν
3819 3733 3950 3768 κατ-

2374 3817 2572 3884 ήγορον
2603 3813 2701 3884 τὴν
2739 3814 2875 3866 ίδίαν
2907 3812 3211 3880 συνείδησιν
3242 3811 3479 3879 ἔχουσιν.
3516 3805 3670 3860 Ἐπεὶ
3700 3805 3795 3858 καὶ
3823 3805 3950 3858 θαυ-

2379 3908 2663 3978 μάζουσιν.
2702 3908 2880 3959 ἰαασι
2915 3907 3021 3976 γὰρ
3057 3903 3319 3971 ἄγασθαι,
3355 3901 3429 3964 ὡς
3462 3903 3491 3955 ὁ
3531 3901 3702 3971 μέγας
3747 3896 3951 3968 Γρηγό-

2380 4016 2518 4068 ριος,
2549 3998 2739 4066 ἀνδρὸς
2785 3997 2990 4066 ἀρετὴν
3037 3994 3132 4048 καὶ
3177 3993 3454 4063 πολέμιον
3481 3992 3612 4045 ὅταν
3641 3989 3737 4044 τοῦ
3776 3987 3948 4058 θυμοῦ

2376 4088 2633 4152 λήξαντος
2670 4087 2754 4155 ἐφ’
2781 4087 2978 4155 ἑαυτὴν
3013 4089 3046 4154 ἡ
3088 4085 3286 4155 πρᾶξις
3338 4069 3722 4152 δοκιμάζηται.
3751 4083 3951 4148 Ἀγγε-

2376 4180 2457 4233 λοι
2516 4179 2745 4250 ὐμνοῦσί
2796 4195 2877 4242 σε,
2922 4178 3201 4247 ἄνθρωποι
3255 4177 3664 4246 μακαρίζουσι·
3715 4174 3950 4244 Χριστὸς

2377 4273 2702 4338 ἀπεδέξατοο
2725 4273 2824 4337 τὰς
2860 4271 3033 4335 πύλας
3060 4289 3141 4324 σοι
3166 4271 3373 4338 ἀνέῳγε
3404 4269 3504 4339 τῆς
3539 4266 3817 4338 βασιλείας
3844 4266 3950 4320 τῶν

2373 4366 2620 4436 οὐρανῶν
2642 4368 2721 4428 είς
2749 4367 2873 4428 τοὺς
2905 4364 3127 4427 αίῶνας.
3158 4363 3353 4433 Ἀμήν.

2600 4461 2673 4510 Δό
2714 4488 2779 4500 —
2819 4459 3137 4524 Νικηφόρφ
3168 4455 3244 4523 t7)
3285 4453 3602 4524 ἡγουμένω
3635 4451 3734 4523 (8)-

840 4563 993 4622 Quam
1015 4577 1165 4625 grave
1201 4566 1266 4612 sit
1287 4565 1453 4614 scelus
1474 4563 1785 4628 imperatoris
1809 4570 1913 4630 qui,
1937 4581 2092 4617 uxore
2123 4572 2342 4632 legitima
2368 4573 2545 4635 ejecta,
2580 4572 2722 4621 aliam
2761 4570 3096 4634 assumpserit.
3131 4570 3335 4631 (Baron.
3360 4583 3472 4618 ann.
3497 4569 3607 4626 795,
3629 4580 3681 4615 n.
3703 4566 3808 4628 63.)

774 4645 1006 4701 Reddito
1028 4649 1184 4703 nobis
1217 4664 1313 4718 per
1341 4650 1620 4706 dominum
1644 4651 1933 4706 diaconum
1992 4669 2274 4723 responso,

702 4756 956 4812 germane
983 4756 1046 4794 ac
1071 4741 1533 4797 desideratissime
1582 4743 1654 4796 mi
1678 4746 2024 4810 consobrine,
2059 4749 2274 4802 animus

701 4843 819 4886 erat
843 4833 986 4885 illico
1011 4833 1076 4886 ad
1125 4843 1176 4887 te
1203 4834 1466 4889 scribere.
1498 4835 1604 4890 Sed
1631 4837 1756 4906 quia
1804 4837 2103 4907 hybernum
2133 4850 2273 4893 tem-

699 4941 805 4996 pus
835 4936 970 4989 erat,
999 4935 1373 4996 mutatumque
1409 4929 1693 4982 consilium
1735 4931 2066 4994 retrahebat,
2100 4933 2272 4987 satius

700 5019 829 5074 duxi
855 5035 961 5073 non
989 5019 1096 5074 cito
1121 5020 1283 5074 verba
1333 5021 1582 5076 fundere.
1621 5021 1910 5092 Postquam
1941 5042 2070 5079 vero
2092 5028 2156 5081 ad
2189 5027 2272 5081 in-

2451 4659 2564 4728 Τῆς
2594 4659 2938 4728 ἀποκρίσεως
2972 4655 3218 4724 δοθείσης
3249 4657 3380 4725 ἡμῖν
3421 4654 3573 4724 παρὰ
3615 4649 3710 4705 τοῦ
3761 4649 3948 4720 κυρίου

2377 4751 2646 4812 διακόνου,
2678 4752 2865 4820 γνήσιε
2915 4750 3008 4801 καὶ
3043 4746 3388 4816 πολυπόθητέ
3424 4762 3525 4815 μου
3552 4744 3760 4814 ἀνεψιέ,
3793 4742 3948 4803 εὐθὺς

2377 4841 2760 4911 ὴὸουλήθημεν
2790 4839 3092 4892 ἐπιστεῖλαί
3123 4855 3227 4893 σοι.
3275 4836 3426 4888 Ἐπεὶ
3451 4835 3507 4888 δέ
3529 4830 3598 4905 ἦν
3629 4835 3821 4904 καιρὸς
3843 4849 3948 4904 χει-

2386 4935 2572 5004 μέριος
2600 4933 2696 5002 (9).
2729 4933 2822 4984 καὶ
2857 4933 2890 5001 ὴ
2927 4930 3291 5001 παλιμσουλία
3323 4927 3706 4984 συστέλλουσα.
3751 4917 3945 4994 ἀγαθὸν

2382 5026 2711 5096 ἡγησάμεθα
2752 5024 2826 5095 μὴ
2862 5025 2999 5093 ταχὺ
3048 5022 3233 5077 δοῦναι
3271 5022 3451 5090 λόγον.
3492 5020 3689 5073 Ἦνίκα
3725 5018 3785 5071 δέ
3816 5015 3947 5089 μετά

2225 5137 2459 5193 NOTAE.

774 5231 853 5302 (6)
877 5227 1539 5302 ᾮςδύναμινὲχοὺσας.
1564 5229 1800 5284 Sanctus
1825 5227 2085 5302 Paulinus
2104 5233 2267 5300 epist.

701 5298 792 5359 45.
838 5298 1080 5354 ’Panem
1106 5314 1277 5353 unum
1308 5301 1604 5372 _sanc_titati
1658 5311 1762 5354 tua:
1819 5301 2045 5372 unitatis
2097 5298 2271 5372 gratia

703 5373 983 5437 misimus,
1015 5372 1070 5424 in
1107 5385 1216 5439 quo
1245 5370 1412 5423 etiam
1443 5368 1726 5424 Trinitatis
1752 5371 2003 5439 soliditas
2026 5368 2272 5425 contine-

702 5459 809 5499 tur.
842 5440 1000 5496 Hunc
1033 5438 1226 5510 panem
1256 5440 1528 5510 eulogiam
1581 5456 1705 5496 esse
1758 5449 1813 5494 tu
1871 5438 2042 5495 iacies
2080 5443 2274 5510 digna-

702 5521 852 5569 tione
875 5508 1152 5568 sumendi.
1190 5529 1208 5561 ι
1255 5508 1464 5565 Videsis
1501 5509 1789 5582 Rosweydi
1838 5521 1997 5567 notas
2045 5513 2098 5566 in
2134 5508 2275 5566 Pau-

703 5588 894 5639 linum.

775 5655 854 5724 (7)
923 5655 1258 5723 [νικηφόρῳ.
1314 5670 1332 5703 ι
1379 5650 1764 5709 Consobrinus
1803 5653 2077 5707 Theodori
2118 5653 2278 5708 Nice-

703 5723 910 5796 phOrns
931 5735 986 5779 et
1009 5726 1100 5778 alii
1130 5725 1337 5784 attines,
1359 5723 1502 5796 quod
1531 5740 1596 5779 ex
1620 5725 1968 5779 matrimonio
1989 5727 2123 5796 lmp.
2152 5741 2273 5779 cum

705 5795 990 5852 Thcodote
1018 5795 1260 5865 ipsorum
1292 5795 1619 5863 propinqua,
1645 5797 1754 5864 jam
1789 5796 2035 5865 Augusta
2066 5795 2273 5861 ereata,

708 5867 1001 5927 corradere
1054 5882 1314 5942 magnum
1373 5877 1658 5940 sperarent
1719 5867 2168 5934 emolumentum,
2219 5868 2271 5923 in

2377 5230 2720 5286 Theodorum
2757 5231 2857 5285 ista
2886 5229 3041 5284 nihili
3069 5229 3380 5292 facientem,
3414 5227 3510 5284 sed
3541 5227 3943 5285 adversantem.

2376 5303 2881 5356 commovebantur.
2919 5299 3146 5370 (Baron.
3187 5300 3311 5363 795,
3343 5314 3400 5352 ιι.
3440 5298 3558 5367 ει.)

2450 5372 2525 5440 (8)
2569 5367 2937 5440 Ἡτουμένφζ
2958 5371 3049 5426 Sic
3101 5370 3515 5439 appellabantur
3549 5367 3805 5440 iprafecti
3839 5381 3944 5422 mo-

2380 5439 2767 5506 nasteriorum,
2804 5443 3074 5498 interdum
3097 5444 3260 5496 etiam
3283 5449 3338 5495 et
3366 5439 3627 5511 praesides
3652 5441 3768 5505 alii,
3809 5440 3945 5496 velut

2381 5513 2434 5565 in
2463 5511 2756 5566 Justinian.
2776 5512 2909 5568 Nov.
2936 5529 3053 5574 VIII,
3082 5528 3202 5582 cap.
3228 5512 3280 5566 5.

2455 5583 2532 5651 (9)
2566 5584 2783 5650 Καιρὸς
2820 5579 3164 5652 χειμέριος-,⁷
3190 5583 3584 5654 Constantinus
3637 5579 3940 5654 Porphyro-

2385 5654 2600 5722 genitus
2631 5669 2774 5706 anno
2804 5655 3013 5722 imperii
3051 5655 3104 5715 5,
3140 5670 3324 5707 mense
3347 5653 3628 5718 Januario,
3657 5653 3942 5705 indictione

2386 5726 2438 5787 5,
2477 5723 2701 5777 Mariam
2739 5725 3020 5793 coniugem
3047 5725 3372 5792 repudiavit,
3401 5735 3454 5779 et
3484 5725 3535 5777 in
3565 5725 3938 5779 monasterium

2384 5795 2641 5849 detrusit.
2679 5794 2862 5849 Mense
2884 5795 3078 5848 deinde
3098 5795 3339 5864 Augusto
3375 5793 3690 5851 Theodoten
3723 5796 3940 5848 cubicu-

2385 5869 2578 5922 lariatu
2613 5867 3242 5938 coronavitAusustam,
3294 5873 3345 5921 et
3401 5865 3681 5936 illegititno
3727 5866 3827 5920 sibi
3869 5879 3941 5918 co-
