4170 6480
185 426 289 492 921

1439 421 1976 484 EPISTOLARUM
2011 421 2157 481 LIB.
2187 423 2235 481 Ι.

3360 421 3465 488 922

183 541 289 610 τῆς
318 541 740 613 ἐπερωτήσεως
781 541 876 596 καὶ
905 540 975 595 τά
1018 540 1322 620 γράμματα
1351 540 1619 612 ἀπῄτουν,
1655 539 1778 592 αὐτὶ

1898 539 2336 610 terrogationem,
2386 542 2552 596 etiam
2608 542 2800 599 littera:
2877 545 3112 614 idipsum
3161 543 3467 616 ﬂagitantes

185 632 357 687 τοῦτο
386 634 446 687 τί
474 634 559 688 δεῖ
587 633 672 688 ἔτι
700 633 1096 704 διακρίνεσθαι,
1129 634 1224 687 καὶ
1254 632 1329 716 μὴ
1353 633 1414 686 τὸ
1446 632 1790 703 παριστάμε-

185 744 280 778 νον
317 727 608 795 ἐξειπείνς
639 728 860 801 Πρῶτον
886 727 944 781 δὲ
989 729 1164 781 ἐκεῖνο
1204 724 1337 796 ἐρῶ,
1374 725 1466 777 καί
1492 740 1558 795 με
1587 721 1788 789 δέξαιο,

185 817 538 887 τιμιώτατε,
568 821 674 883 ὅτι,
708 817 784 881 ὥς
831 819 928 871 καὶ
959 818 1122 881 αὐτὸς
1160 812 1330 881 οἶδας,
1359 815 1560 886 πολλῆς
1591 815 1789 878 κακίας

186 911 518 980 ὑπόδειγμα
543 912 639 964 τὸν
664 911 858 966 ἑαυτοῦ
891 910 1007 982 βίον
1046 909 1482 981 παρεστησάμην
1513 909 1624 970 τοῖς
1664 906 1792 959 πολ-

185 1001 325 1064 λοῐ-ς.
357 1003 479 1055 Καὶ
506 1004 608 1056 οὑκ
648 1003 764 1055 ἐστι
790 1003 977 1073 σχεδὸν
1015 1002 1188 1055 εἰπεῖν
1217 999 1462 1069 σφάλμα,
1491 990 1552 1050 οὗ
1592 998 1666 1068 μὴ
1698 997 1792 1049 καὶ

183 1092 357 1155 αὐτὸς
376 1092 500 1160 ἐγὼ
528 1092 808 1164 μετέσχον,
833 1093 925 1144 καὶ
951 1091 1130 1154 ἄλλοις
1153 1089 1611 1160 προσπαρέδωκα.
1651 1085 1790 1140 Ἀλλ’

184 1182 390 1253 ἐπειδὴ
450 1182 710 1254 μανθάνω
762 1183 861 1252 τὴν
899 1179 1308 1252 φιλανθρωπίαν
1344 1179 1441 1232 τοῦ
1493 1179 1654 1244 Θεοῦ,
1695 1180 1790 1232 καὶ

181 1273 279 1325 τὸν
351 1277 442 1336 εἰς
507 1273 758 1342 πυθμένα
805 1271 1003 1334 κακίας
1067 1271 1467 1341 κατενεχθέντα
1514 1270 1790 1341 ἀναρρύε-

184 1362 342 1428 σθαι,
380 1363 486 1415 καὶ
544 1363 756 1434 ὀρέγειν
817 1364 976 1431 χεῖρα
1031 1358 1168 1430 πρὸς
1229 1359 1555 1430 μετάνοιαν
1588 1359 1790 1428 ἔφυγον

182 1457 288 1527 τὴν
323 1455 653 1523 ἀπόγνωσιν
678 1494 692 1518 ,
722 1455 815 1506 καὶ
854 1453 1010 1520 ἔδοξα
1066 1453 1264 1524 μικρόν
1301 1470 1356 1506 τι
1402 1452 1788 1522 ὑποστηρίζειν

183 1548 441 1616 ἐμαυτὸν
467 1547 606 1617 πρὸς
636 1547 696 1600 τὸ
723 1545 902 1610 εὑθές.

256 1639 366 1692 Διά
395 1637 582 1703 τοῦτο,
605 1638 679 1701 ὡς
695 1639 723 1691 ὁ
746 1637 856 1691 τῶν
888 1635 1106 1707 ἀφανῶν
1127 1635 1376 1705 γνὼστης
1398 1634 1529 1697 Θεὸς
1554 1635 1785 1687 ἐπίστα-

183 1748 303 1795 ται,
342 1731 712 1801 ἀπεσχοίνισα
749 1731 986 1799 ἐμαυτὸν
1016 1728 1112 1782 καὶ
1146 1727 1245 1798 τῆς
1270 1726 1656 1798 συνδιατριϐῆς
1674 1726 1784 1779 τῶν

185 1824 490 1894 συγγενῶν
539 1841 664 1894 μου,
708 1822 804 1876 καὶ
843 1820 936 1874 τοῦ
987 1817 1217 1888 ἐθισμοῦ
1268 1817 1378 1871 τῶν
1418 1818 1561 1871 κατά
1603 1817 1782 1888 σάρκα

1891 642 2257 700 accesserunt,
2288 634 2419 704 quid
2468 635 2702 705 amplius
2756 636 3058 691 deliberare
3083 653 3221 706 opus
3263 646 3367 702 est,
3403 652 3466 688 ac

1891 742 2000 781 non
2026 727 2205 797 potius
2234 729 2377 798 quod
2418 744 2506 784 res
2533 739 2616 783 est
2667 729 2955 799 profiteri?
2983 730 3226 784 Primum
3281 739 3466 783 autem

1893 817 2022 874 illud
2047 819 2247 886 dicam,
2285 827 2361 890 (et
2380 822 2590 876 sustine
2622 837 2727 881 me.
2760 822 3238 890 reverendissime)
3269 837 3373 884 tite,
3409 829 3468 873 ut

1893 910 2010 978 ipse
2055 911 2222 977 nosti,
2255 912 2550 982 singularis
2608 913 2866 981 nequitia:
2910 913 3219 982 exemplum
3261 913 3313 965 in
3356 914 3464 966 vita

1893 1017 2015 1056 mea
2061 1003 2249 1056 multis
2306 1004 2619 1069 exstitisse;
2651 1020 2757 1058 nec
2786 1004 2956 1058 ullum
2995 1004 3109 1058 fere
3138 1005 3254 1057 vitii
3296 1019 3466 1074 genus

1892 1103 2032 1156 esse,
2065 1093 2209 1160 quod
2241 1107 2350 1146 non
2389 1101 2446 1147 et
2501 1093 2618 1163 ipse
2656 1094 2951 1164 attigerim,
2999 1103 3054 1148 et
3086 1094 3289 1148 inalios
3317 1094 3464 1147 deri-

1891 1181 2085 1235 varim.
2112 1181 2499 1237 Verumtamen
2525 1184 2706 1239 sciens
2746 1185 3135 1255 benignitatem
3164 1183 3275 1246 Dei,
3300 1185 3463 1238 etiam

1891 1273 2041 1326 illum
2075 1274 2166 1342 qui
2198 1274 2253 1328 in
2289 1274 2400 1329 imo
2439 1276 2693 1330 vitiorum
2735 1275 2904 1330 fundo
2931 1276 3214 1330 demersus
3233 1277 3325 1337 sit,
3358 1277 3464 1329 eri-

1891 1379 2041 1433 pere,
2071 1380 2400 1434 manumque
2428 1366 2493 1418 ad
2521 1365 2899 1435 paenitentiam
2923 1366 3196 1437 porrigere
3228 1384 3242 1432 ;
3273 1367 3466 1436 despe-

1891 1456 2156 1510 rationem
2189 1457 2480 1522 declinavi,
2513 1473 2709 1526 meque
2748 1458 2929 1527 ipsum
2956 1459 3023 1513 ad
3055 1459 3188 1513 recti
3223 1460 3464 1514 studium

1888 1547 2168 1617 paululum
2192 1547 2515 1602 confirmare
2542 1548 2693 1601 visus
2725 1564 2866 1602 sum.

1957 1637 2273 1708 Propterea,
2335 1647 2394 1692 ut
2449 1639 2790 1693 occultorum
2837 1640 3088 1710 cognitor
3139 1643 3241 1698 scit
3297 1646 3461 1709 Deus,

1885 1730 2119 1786 subduxi
2147 1745 2234 1785 me
2260 1745 2290 1784 a
2322 1730 2682 1785 contubernio
2715 1731 3147 1801 propinquorum
3195 1751 3460 1796 meorum.

1886 1831 1942 1878 et
1983 1822 2439 1878 aconsuetudine
2503 1824 2806 1878 amicorum
2867 1840 3113 1879 meorum
3161 1829 3464 1883 secundum

183 1917 367 1984 φίλων
408 1933 533 1986 μου,
569 1915 661 1967 καὶ
698 1915 750 1966 εί
788 1929 930 1975 τινος
965 1913 1030 1981 δὴ
1080 1907 1178 1965 οὖν
1221 1909 1406 1975 ἄλλου,
1464 1909 1634 1978 μόνης
1678 1911 1778 1979 τῆς

1883 1927 2132 1972 carnem,
2163 1911 2500 1981 aliorumque
2538 1913 2928 1982 quorumlibet,
2958 1914 3072 1969 sola
3100 1914 3193 1970 Dei
3228 1919 3465 1985 potentia

184 2010 488 2079 δυνάμεως
527 2007 620 2060 τοῦ
659 2004 794 2059 Θεοῦ
835 2001 1235 2072 ἐπιδοηθούσης
1267 2003 1336 2072 τῇ
1373 1999 1627 2070 ἀσθενείᾳ.
1674 2015 1778 2068 μου

185 2103 324 2171 περὶ
381 2102 585 2153 πάντα.
634 2099 745 2152 Καὶ
789 2098 884 2149 νῦν
914 2096 941 2148 θ
974 2094 1320 2164 ἐπεζήτησας
1356 2094 1487 2163 παρ’
1519 2092 1652 2162 ἐμοῦ
1684 2090 1782 2144 τοῦ

186 2195 451 2265 ἀμαθοῦς
483 2193 693 2264 μαθεῖν,
719 2189 890 2252 οὕτως
927 2189 1060 2258 ἔχει,
1096 2189 1171 2249 ὼς
1193 2186 1381 2257 εἴρηκέ
1412 2203 1494 2240 σοι
1522 2187 1550 2238 ὁ
1594 2186 1783 2256 κύριος

185 2289 467 2349 διάκονος.
505 2285 677 2338 Τοῦτο
718 2281 773 2335 δὲ
808 2282 907 2335 οὐκ
941 2280 1204 2350 ἀκρίτως,
1232 2279 1266 2350 ἢ
1292 2276 1779 2347 ἀπεφθεγξάμεθα,

189 2383 224 2451 ἢ
263 2382 366 2433 καὶ
397 2380 728 2447 ὑπέσχομεν,
756 2375 871 2428 ἀλλ’
905 2374 964 2426 ἐν
1005 2374 1295 2443 ἐρευνήσει
1339 2371 1434 2424 καὶ
1480 2371 1780 2440 συζητήσει

187 2473 294 2542 τῆς
324 2471 689 2525 θεοπνεύστου
720 2468 757 2520 Γ
765 2469 941 2538 ραφῆς
971 2465 1029 2537 βε
1047 2465 1374 2527 ὁαιωθέντες
1403 2465 1498 2517 καί
1543 2480 1782 2534 κρατυν-

197 2567 416 2628 θέντες,
463 2565 557 2615 καὶ
585 2560 692 2631 μὴν
738 2559 876 2613 ἀλλὰ
911 2561 1005 2612 καὶ
1035 2558 1102 2611 δι’
1137 2558 1457 2628 ἐρωτήσεως
1491 2555 1602 2608 τῶν
1631 2556 1782 2625 ὀφει-

191 2659 423 2712 λόντων.
454 2656 562 2709 Καί
592 2671 658 2723 γε
691 2654 725 2723 ἡ
760 2651 989 2721 ἀλήθεια
1017 2650 1192 2713 οὑτως
1219 2649 1353 2720 ἔχει,
1388 2649 1480 2702 τοῦ
1514 2648 1658 2701 θείου
1691 2648 1779 2701 νό-

194 2767 303 2819 μου
330 2747 597 2819 ἐμφανῶς
631 2743 1090 2814 ἀπαγορεύοντος,
1121 2743 1183 2794 οὑ
1213 2741 1302 2795 διὰ
1324 2739 1418 2793 τοῦ
1453 2739 1601 2792 θείου
1633 2739 1780 2792 Παύ-

191 2843 288 2895 λου
323 2841 510 2913 μόνον,
549 2840 684 2892 ἀλλά
729 2837 823 2888 καὶ
865 2835 932 2887 δι’
955 2834 1130 2888 ἀλλων
1178 2833 1444 2901 θεολόγων
1496 2833 1775 2904 Πατέρων,

192 2935 334 2988 αὑτὸ
384 2932 544 2986 τοῦτο
588 2929 1034 3001 διευκρινοὺντων
1081 2929 1178 2982 καὶ
1253 2927 1775 2988 ἀπολευκαινόντων,

194 3026 293 3079 καὶ
356 3022 906 3092 συναποφαινομένων
971 3023 1037 3092 τῇ
1112 3019 1442 3089 ἀποστολικῇ
1521 3015 1779 3084 ἐγκελεύο

195 3132 305 3170 σει.
346 3115 459 3168 Καὶ
504 3113 619 3175 πῶς
649 3112 834 3165 λοιπὸν
871 3111 1083 3180 ἀλόγως
1131 3110 1519 3180 άδιαφορήσω;
1556 3108 1651 3160 καὶ
1703 3107 1779 3178 μὴ

200 3208 411 3277 μᾶλλον
443 3203 769 3269 διασταλθῶ,
795 3205 895 3257 καὶ
933 3201 1270 3271 ὑπεξαγάγω
1303 3200 1498 3253 ἐαυτὸν
1528 3199 1637 3252 ἀπὸ
1665 3198 1775 3251 τῶν

1883 2000 2246 2055 imbecillitati
2298 2015 2434 2055 mea:
2495 2002 2550 2054 in
2604 2002 2860 2057 omnibus
2917 2004 3242 2074 Opitulante.
3306 2005 3462 2072 Quod

1881 2105 2010 2162 ergo
2037 2107 2066 2144 a
2103 2105 2189 2144 me
2212 2090 2433 2145 indocto
2468 2091 2681 2145 discere
2711 2092 2952 2160 voluisti,
2992 2093 3071 2148 sic
3117 2095 3338 2164 penitus
3362 2095 3463 2149 ha-

1883 2182 1995 2246 bet,
2024 2191 2079 2237 ut
2106 2183 2309 2237 dictum
2341 2192 2425 2240 est
2447 2198 2479 2237 a
2509 2183 2732 2239 domino
2788 2184 3040 2241 diacono.
3076 2185 3261 2256 Neque
3292 2188 3342 2242 id
3365 2203 3466 2244 nos

1885 2281 2090 2327 temere
2115 2281 2210 2327 aut
2235 2272 2646 2339 aiiirmavimus,
2681 2282 2777 2328 aut
2807 2274 2970 2330 locuti
2999 2290 3187 2330 sumus
3213 2296 3227 2331 :
3266 2278 3358 2332 sed
3378 2279 3466 2332 in-

1884 2363 2219 2435 vestigandis
2247 2374 2302 2418 et
2348 2365 2759 2434 perscrutandis
2808 2368 2979 2422 sacris
3009 2366 3228 2423 Litteris
3258 2371 3462 2424 contir-

1883 2456 2012 2509 mati
2044 2465 2099 2510 et
2122 2456 2483 2521 corroborati,
2518 2457 2696 2526 iisque
2743 2458 2908 2512 etiam
2947 2459 3298 2530 interrogatis
3327 2478 3465 2533 quos

1883 2545 2270 2599 conveniebat.
2308 2544 2374 2599 Et
2403 2545 2653 2615 profecto
2675 2547 2876 2602 veritas
2914 2547 2996 2602 sic
3019 2549 3203 2616 habet,
3233 2551 3354 2622 lege
3381 2553 3464 2606 di-

1882 2635 2011 2689 vina
2042 2633 2337 2690 manifeste
2408 2646 2654 2702 vetante,
2713 2652 2824 2692 non
2866 2639 3029 2692 modo
3084 2655 3184 2710 per
3242 2642 3462 2696 beatum

1884 2725 2132 2790 Paulum,
2159 2728 2253 2782 sed
2279 2743 2376 2797 per
2404 2727 2541 2782 alios
2575 2728 2744 2782 etiam
2807 2728 3092 2802 theologos
3132 2733 3340 2797 Patres,
3371 2736 3463 2804 qui

1883 2819 1989 2873 hoc
2023 2820 2202 2889 ipsum
2237 2821 2540 2876 discutiunt
2586 2834 2651 2874 ac
2705 2819 3004 2887 declarant,
3059 2832 3115 2878 et
3165 2840 3289 2879 cum
3330 2841 3463 2896 apo-

1882 2913 2077 2969 stolico
2109 2914 2367 2969 mandato
2395 2914 2770 2970 consentiunt.
2805 2914 2871 2968 Et
2902 2931 3167 2985 quorsum
3211 2933 3311 2989 ego
3347 2935 3465 2973 am-

1883 3005 2029 3075 plius
2061 3005 2421 3062 dissimulabo
2457 3007 2795 3074 inconsulte,
2820 3024 2886 3065 ac
2923 3025 3033 3064 non
3068 3010 3251 3080 potius
3287 3022 3463 3066 retra-

1884 3097 2010 3151 ham
2034 3113 2121 3153 me
2160 3098 2362 3168 ipsum,
2414 3108 2470 3155 et
2507 3100 2815 3156 subducam
2844 3103 2913 3157 ab
2946 3102 3011 3157 iis
3057 3103 3151 3173 qui
3190 3103 3464 3160 infelicem

1882 3189 2119 3245 animam
2141 3207 2316 3245 meam
2339 3193 2699 3263 opprimunt?
2725 3194 3001 3261 Quantum
3026 3211 3189 3266 porro
3211 3205 3290 3251 εει
3313 3199 3462 3267 peri-

199 3265 556 3368 ἐλαπτόντων
579 3298 678 3368 τὴν
709 3265 950 3367 ἐλεεινήν
999 3265 1099 3365 μου
1124 3265 1372 3363 ⁷ψυχήν;
1414 3291 1508 3344 καὶ
1551 3285 1663 3353 οἷος
1708 3289 1775 3342 ἂν

1881 3282 2088 3348 culum,
2120 3300 2244 3339 cum
2279 3285 2498 3340 Patrum
2530 3303 2780 3343 summus
2817 3265 3172 3356 vociferetur,
3194 3298 3249 3344 et
3279 3265 3455 3344 dicat:

198 3391 450 3452 κίνδυνος
500 3392 673 3460 παρῇ,
721 3387 818 3441 τοῦ
865 3387 973 3440 τῶν
1028 3386 1288 3455 ιΙατέρων
1341 3381 1775 3453 κορυφαιοτάτου

199 3482 439 3552 βοῶντος
472 3484 566 3535 καὶ
586 3482 856 3549 λέγοντος,
883 3481 965 3532 ὅτι
1011 3478 1138 3531 Ἐάν
1159 3476 1584 3546 τιπαρἛντολήν
1609 3477 1775 3537 ἐστιν,

197 3577 232 3647 ἢ
272 3576 376 3649 τὴν
421 3578 640 3648 ἐντολὴν
706 3573 1097 3646 παρασλάπτῃ,
1165 3568 1419 3637 οὐδαμῶς
1487 3567 1777 3637 ἀνέχεσθαι

201 3671 342 3740 χρήο
381 3669 486 3722 κᾶν
524 3668 669 3736 ζωῆς
701 3663 1035 3734 ἐπαγγελίαν
1072 3661 1193 3734 ἔχῃ,
1221 3661 1325 3714 κᾶν
1360 3660 1592 3714 θανάτου
1625 3660 1781 3711 ἀπει-

198 3762 337 3833 λην;
383 3761 487 3814 Ἐῶ
510 3761 689 3828 λέγειν
712 3759 834 3811 ὅσαι
865 3755 1302 3827 παρυφίστανται
1333 3753 1427 3805 καὶ
1456 3751 1611 3806 άλλαι
1640 3752 1778 3822 χρή-

201 3870 342 3918 σεις,
375 3853 451 3923 μὴ
481 3852 648 3905 ἐῶσαι
679 3851 826 3920 ἡμᾶς
855 3847 1229 3915 ἐξυπάγεσθαι
1276 3846 1381 3900 κᾶν
1433 3846 1495 3897 τὸ
1541 3844 1777 3914 σμικρό-

199 3963 362 4000 τατον
415 3944 544 4014 γοῦν
583 3943 687 4007 ιξω
735 3941 835 4012 τῆς
884 3940 1107 4009 ἐντολῆς
1134 3956 1148 3969 ·
1184 3939 1360 4001 ἄλλως
1396 3954 1458 3990 τε
1487 3937 1579 3990 καὶ
1610 3936 1776 3990 πάλιν

200 4036 582 4108 παραγγελίαν
611 4034 834 4104 ἔχοντας
886 4032 982 4086 τοῦ
1043 4030 1279 4101 μεγάλου
1333 4028 1640 4093 Βασιλείου,
1690 4028 1774 4080 ὃτι

199 4130 281 4183 δεῖ
315 4129 491 4182 πάντα
518 4126 945 4198 ἀπαραλείπτως
984 4124 1274 4194 φυλάττειν
1305 4123 1375 4176 τά
1417 4122 1506 4175 διὰ
1548 4121 1643 4174 τοῦ
1672 4121 1775 4173 Εὑ-

200 4222 456 4291 αγγελίου
492 4221 586 4273 καὶ
617 4219 728 4272 τῶν
769 4217 1084 4270 ἀποστόλων
1112 4217 1239 4271 ,ὑπὸ
1282 4213 1377 4268 τοῦ
1425 4213 1634 4284 Κυρίου
1668 4230 1776 4264 πα-

203 4314 556 4385 ραδεδομένα.
591 4309 776 4364 Ταῦτα
804 4308 880 4372 ὡς
906 4309 1081 4376 Πατρὶ⁹
1110 4309 1202 4362 καὶ
1234 4307 1542 4377 φιλουμένῳ
1574 4305 1773 4377 τεθάρ-

201 4407 350 4473 ρηκα
385 4400 700 4470 φανερῶσαί
735 4417 818 4452 σοι
840 4414 856 4430 ο
888 4398 1010 4450 ἐπεὶ
1050 4399 1146 4450 καὶ
1171 4398 1355 4466 ἡμεῖς,
1384 4397 1458 4459 ὡς
1505 4396 1712 4466 μάρτυς
1743 4395 1772 4445 ὁ

199 4493 641 4566 καρδιογνώστης
683 4491 840 4560 Θεὸς,
887 4489 1010 4542 οὔτε
1058 4489 1407 4561 κηρύσσομεν
1459 4488 1620 4560 (οὔτε
1661 4490 1768 4558 γάρ

1885 3371 1938 3425 Si
1964 3373 2091 3442 quid
2119 3373 2175 3428 fit
2202 3385 2403 3444 praeter
2423 3377 2766 3445 mandatum,
2798 3387 2891 3433 aut
2919 3379 3176 3434 mandato
3197 3379 3458 3444 ofﬁciens,

1882 3481 2224 3535 nequaquam
2268 3466 2554 3523 ferendum
2595 3479 2700 3537 est,
2751 3471 3000 3541 quamvis
3042 3472 3458 3541 promissionem

1882 3556 2026 3621 vitas,
2056 3559 2304 3626 quamvis
2349 3561 2543 3613 mortis
2574 3561 2750 3614 minas
2802 3561 3047 3616 habeat?
3080 3560 3233 3616 Mitto
3277 3561 3463 3617 dicere

1881 3664 2042 3717 quam
2081 3649 2265 3703 multa:
2296 3650 2416 3704 aliae
2452 3651 2567 3704 sint
2601 3653 2914 3715 sententiae,
2946 3668 3068 3722 qua;
3101 3668 3203 3709 nos
3233 3655 3318 3708 vel
3355 3655 3461 3708 mi-

1882 3741 2089 3794 nimum
2118 3757 2148 3795 a
2178 3742 2434 3797 mandato
2467 3743 2750 3800 discedere
2777 3746 3094 3815 prohibent,
3123 3762 3247 3801 cum
3276 3747 3456 3818 magni

1881 3831 2078 3886 iterum
2129 3834 2308 3889 Basilii
2355 3836 2598 3890 edictum
2651 3836 2950 3893 habeamus
2997 3855 3011 3891 :
3073 3839 3216 3908 quod
3273 3841 3456 3895 omnia

1882 3941 2105 3996 prorsus
2157 3943 2254 3996 per
2310 3927 2664 3999 Evangelium
2722 3938 2780 3984 et
2830 3930 3107 4000 apostolos
3141 3945 3172 3985 a
3229 3929 3458 3986 Domino

1880 4018 2094 4084 tradita,
2123 4020 2388 4074 servanda
2423 4020 2533 4074 sint
2577 4021 2643 4072 “.
2674 4018 2800 4074 Haec
2834 4035 2935 4091 ego
2969 4021 3066 4075 tibi
3121 4031 3180 4075 ut
3222 4021 3364 4075 Patri
3401 4011 3460 4076 et

1878 4110 2054 4163 amico
2083 4111 2389 4180 patefacere
2424 4125 2533 4165 non
2561 4109 2826 4174 dubitavi,
2879 4112 3316 4181 quandoquidem
3355 4127 3458 4166 nos

1879 4200 1961 4270 (ut
1991 4200 2141 4254 testis
2179 4211 2263 4254 est
2287 4199 2530 4253 cordium
2575 4199 2849 4269 inspector
2895 4198 3059 4271 Deus)
3092 4217 3271 4271 neque
3319 4218 3457 4271 prae-

1875 4292 2161 4354 dicamus;
2192 4306 2302 4344 non
2341 4293 2491 4345 enim
2549 4292 2970 4361 praeminentes
3007 4308 3234 4358 sumus;
3275 4309 3454 4365 neque

1875 4383 1997 4437 odia
2047 4382 2388 4452 profitemur,
2425 4383 2520 4437 sed
2551 4392 2606 4437 et
2652 4384 3034 4453 imperatorem
3070 4384 3245 4454 ipsum
3274 4385 3453 4455 piissi-

1875 4487 2133 4541 mumque
2160 4487 2341 4544 regem
2384 4472 2650 4528 charitate
2695 4475 2935 4543 gerimus
2955 4475 3011 4527 in
3042 4485 3283 4543 pectore,
3321 4492 3444 4529 om-

198 4564 365 4658 ἐσμεν
412 4584 788 4658 προὺχοντες),
835 4580 960 4636 οὔτε
999 4579 1453 4651 ἀπεχθανόμεθα’
1487 4580 1623 4633 ἀλλά
1673 4580 1768 4632 καὶ

1881 4577 2079 4632 nesque
2125 4564 2388 4635 sanguine
2442 4565 2576 4619 mihi
2635 4565 2982 4634 conjunctos,
3026 4581 3152 4620 cum
3205 4582 3448 4622 necessa-

195 4683 288 4735 τὸν
361 4657 742 4750 αὐτοκράτορα
803 4677 899 4729 καὶ
949 4675 1061 4745 (10)
1111 4672 1494 4727 εὐσεϐέστατον
1545 4671 1769 4741 βασιλέα

1881 4657 2073 4710 riorum
2101 4657 2378 4712 studiosus
2409 4657 2532 4723 sim,
2569 4667 2628 4712 ut
2651 4658 2753 4728 ipsi
2779 4658 2950 4713 nostis
2976 4675 2991 4724 ;
3022 4667 3078 4712 et
3110 4661 3445 4714 mentionem

196 4772 635 4843 ἐγκαρδιωμένον
684 4768 880 4839 ἔχομεν
908 4769 974 4836 τῇ
1006 4767 1212 4836 ἀγάπῃ,
1249 4765 1344 4818 καὶ
1377 4764 1620 4826 ἅπαντας
1643 4763 1770 4824 τοὺς

197 4865 480 4933 συγγενεῖς
525 4879 652 4932 μου,
688 4858 948 4928 φιλοῖδιος
991 4857 1272 4926 ὑπάρχων,
1311 4855 1384 4919 ὡς
1419 4856 1571 4925 ὑμεῖς
1617 4854 1771 4924 γινώ-

197 4973 379 5021 σκετε,
419 4956 514 5009 καὶ
543 4953 959 5026 μνημονεύομεν
1001 4949 1169 5002 αὑτοῦ
1200 4950 1292 5002 καὶ
1319 4952 1375 5003 ἐν
1405 4952 1472 5019 τῇ
1507 4949 1630 5019 θείᾳ
1651 4949 1764 5002 λει-

192 5045 448 5117 τουργίᾳ,
497 5045 592 5097 καὶ
625 5039 971 5111 ἐπευχόμεθα
1003 5037 1109 5108 ίδίᾳ.
1147 5053 1203 5088 τε
1250 5037 1344 5088 καὶ
1372 5035 1624 5106 δημοσίᾳ.
1656 5034 1764 5086 Καὶ

191 5140 292 5208 τῆς
333 5135 661 5204 Ἐκκλησίας
702 5131 1004 5186 κοινωνικοί
1043 5133 1230 5198 ἐσμεν.
1259 5129 1367 5180 Καὶ
1409 5128 1484 5197 μὴ
1511 5128 1594 5197 εῐη
1627 5129 1762 5198 ἡμῖν

193 5247 325 5285 ποτε
367 5227 743 5299 διασχισθῆναι
776 5225 872 5278 ἀπ’
897 5223 1089 5293 αὑτῆς.
1128 5220 1528 5291 Συγχωρήσατέ
1565 5235 1653 5289 μοι
1682 5217 1758 5288 τῷ

194 5324 342 5394 μόνῳ
383 5317 730 5390 ἀμαρτωλᾷν
766 5317 992 5387 εἱλόμην
1036 5314 1304 5385 θρηνῆσαι
1351 5311 1450 5375 τὰς
1488 5311 1760 5381 ἁμαρτίας

265 5483 310 5514 ⁸²
334 5481 526 5535 Moral.
560 5479 762 5552 Regula
779 5496 874 5543 xu,
899 5493 1019 5549 cap.
1051 5477 1104 5530 5.

1866 4752 1984 4821 ejus
2013 4749 2244 4806 facimus
2276 4750 2441 4805 etiam
2489 4751 2545 4804 in
2604 4750 2789 4804 divina
2823 4750 3060 4820 liturgia,
3127 4758 3182 4804 et
3213 4765 3312 4819 pro
3355 4751 3447 4804 illo

1863 4858 2153 4915 precamur
2187 4843 2438 4912 privatim
2473 4857 2537 4897 ac
2561 4842 2795 4911 publice,
2846 4851 2900 4895 et
2922 4841 3179 4896 Ecclesiae
3201 4857 3448 4896 commu-

1865 4937 2046 4992 nionis
2078 4937 2374 5007 participes
2424 4952 2616 4991 sumus
2657 4955 2672 4991 :
2725 4936 2977 5005 absitque
3013 4946 3072 4990 ut
3124 4937 3190 4991 ab
3237 4952 3299 4992 ea
3342 4954 3448 4992 un-

1869 5046 2030 5099 quam
2075 5045 2415 5100 separemur.
2462 5028 2738 5100 lgnoscite
2806 5028 2939 5083 mihi
2989 5028 3087 5082 soli
3150 5030 3444 5098 peccaturi.

1874 5122 2052 5193 Delegi
2081 5123 2227 5177 hunc
2260 5121 2391 5176 mihi
2423 5120 2703 5192 angulum,
2735 5130 2794 5174 ut
2817 5119 3040 5174 defleam
3067 5130 3283 5189 peccata
3303 5137 3446 5185 mea,

1870 5224 2019 5269 etne
2069 5215 2301 5268 miscear
2329 5229 2454 5268 cum
2481 5211 2707 5267 mundo.
2742 5211 3029 5277 Quodnam
3083 5212 3185 5266 hoc
3235 5211 3444 5266 crimen

1870 5307 1997 5362 est?
2030 5305 2284 5363 Concede
2317 5307 2422 5363 hoc
2473 5307 2632 5373 mihi,
2677 5304 3033 5362 dilectissime
3092 5305 3442 5368 consobrine,

1710 5610 1942 5666 NOTAE.

230 5735 404 5791 nlavit
467 5730 840 5786 matrimonio.
889 5728 1069 5783 Mense
1133 5728 1352 5782 demum
1412 5725 1741 5794 Septembri,

192 5797 493 5862 imtiCIione
515 5803 568 5868 4,
607 5801 739 5856 feria
777 5798 1132 5854 hebdomadis
1169 5809 1379 5868 qua-rmJ
1435 5797 1634 5868 nuptias
1690 5797 1743 5851 in

188 5879 239 5934 ὃ.
271 5866 562 5931 Mamantis
585 5872 784 5943 templo
813 5871 1096 5926 celebrata:
1126 5880 1276 5924 sunt.
1314 5866 1601 5935 (Τιιεοριι.)

1925 5722 2035 5790 (10)
2064 5723 2527 5776 Εὑσεὸἐστατον
2567 5722 2854 5787 βασιλέα.
2922 5719 3135 5790 Scripta
3187 5729 3268 5774 est
3319 5719 3433 5775 lure

1851 5795 2080 5874 epistula
2106 5794 2265 5872 paulo
2296 5803 2422 5847 ante
2449 5796 2685 5874 primum
2715 5792 2990 5875 exsilium,
3025 5807 3155 5847 cum
3181 5791 3422 5846 ttondqu

1850 5878 1911 5920 se
1937 5873 2282 5934 imperatoris
2312 5873 2700 5919 communione
2732 5873 3083 5934 sejunnsset.
