4170 6478
720 384 826 448 923
1912 392 1970 452 s.
2001 394 2394 458 THEODORI
2427 397 2781 459 STUDIT/E
3867 394 3967 458 9%

719 509 873 568 potes
893 499 1058 563 enim,
1093 509 1174 554 sat
1220 501 1353 566 scio,
1387 500 1684 570 utqnietus
1729 502 1817 556 hic
1851 519 2031 574 agam,
2065 505 2136 559 ab
2162 521 2284 560 om-

2397 528 2495 580 μου
2529 514 2587 563 ἐν
2624 512 2690 581 τῇ
2725 510 2902 582 γωνίᾳ
2929 508 3121 580 ταύτῃ,
3157 508 3254 561 καὶ
3306 507 3384 579 μὴ
3430 507 3815 579 συμφὺρεσθαι
3858 509 3970 570 τοῖς

705 592 884 655 nibus,
934 592 1114 660 quoad
1179 592 1324 656 licet,
1385 602 1747 662 segregatus:
1800 604 1854 648 et
1893 597 2007 651 acri
2062 597 2286 653 solertia

2395 604 2454 655 ἐν
2481 604 2695 673 κόσμῳ.
2729 601 2794 655 Τί
2840 602 2996 655 τοῦτο
3042 602 3336 671 ἔγκλημας
3389 600 3609 670 χάρισαί
3657 617 3748 670 μοι
3788 597 3968 662 τοῦτο,

705 692 793 734 tua
836 683 1053 751 obliqua
1108 681 1298 753 dirige,
1346 691 1401 736 et
1437 698 1633 752 aspera
1681 686 1986 754 complana,
2024 688 2284 758 pacisque

2390 690 2739 743 ποθεινότατε
2788 689 2975 759 ἀνεψιέ
3049 687 3168 743 οἶδα
3221 690 3331 759 γάρ
3379 690 3461 742 δτι
3513 689 3607 741 καὶ
3655 687 3827 758 δύνῃ·
3877 690 3970 738 καὶ

704 779 904 826 nostra
932 772 1246 826 conciliator
1300 782 1436 837 esto,
1487 782 1542 826 et
1593 775 1792 842 quietis
1843 778 2079 846 adiutor,
2122 789 2182 833 ut
2237 780 2282 840 si

2390 783 2620 852 ἠρεμεῖν
2650 780 2909 845 ἐνταῦθα,
2953 783 3047 835 καὶ
3085 781 3506 836 ἀποδιίστασθαι
3554 780 3758 843 παντὸς
3801 779 3966 848 τυχὸν

703 863 831 929 quid
878 862 1002 917 hinc
1044 864 1200 917 nobis
1239 863 1513 918 commodi
1557 875 1758 933 exstet,
1805 867 1953 937 juste
2006 879 2170 939 atque
2217 885 2286 925 ex

2391 871 2676 941 ἀνθρώπου
2697 889 2711 903 ·
2741 872 2835 924 καὶ
2863 874 2931 942 τῇ
2975 873 3205 942 ἐμμελεῖ
3233 871 3486 942 ἀγχινοίᾳ
3540 887 3632 923 σου
3667 871 3737 924 τὰ
3780 868 3972 923 σκολιά

704 955 914 1006 ratione
944 955 1312 1023 dispensetur.

2392 961 2620 1031 ποίησον
2659 963 2781 1016 λεῖα
2807 980 2820 993 ·
2844 964 2936 1015 καὶ
2964 965 3032 1015 τά
3061 979 3402 1034 τραχυνοντα
3441 961 3828 1032 καθομάλισον.
3859 960 3969 1013 Καὶ

704 1043 862 1109 γενοῦ
910 1044 1003 1095 τοῦ
1035 1045 1310 1114 εἰρηνικοῦ
1344 1045 1499 1116 ἡμῶν
1531 1047 1857 1118 βραϐευτὴς,
1922 1051 2018 1104 καὶ
2088 1051 2186 1122 τῆς
2241 1051 2474 1122 ἡσυχίας
2538 1055 2936 1126 συνασπιστής’
2971 1056 3062 1109 ῖνα
3088 1056 3136 1108 εί
3168 1057 3261 1109 καί
3291 1073 3344 1108 τι
3374 1056 3506 1126 ἡμῖν
3527 1055 3674 1108 ἐστιν
3706 1054 3766 1107 ἐν
3793 1050 3968 1122 τούτῳ

703 1135 995 1206 χρήσιμον,
1035 1136 1286 1209 διαιτήσῃ
1319 1138 1544 1200 δικαίως
1574 1141 1668 1192 καὶ
1697 1142 1837 1193 κατὰ
1861 1141 2035 1210 λόγον.

1092 1251 1156 1304 ν.
1191 1283 1260 1291 —
1286 1252 1554 1323 Stephano
1587 1272 1618 1306 a
1650 1257 1886 1310 secretis.

2725 1261 2800 1315 E'.
2840 1291 2911 1301 —
2946 1260 3226 1330 Στεφάνῳ
3259 1261 3608 1330 ἀσηκρῆτις.

826 1391 1002 1440 Sacms
1026 1388 1173 1437 etiam
1198 1387 1466 1447 antistites,
1501 1401 1608 1437 cum
1641 1396 1866 1451 peccant,
1890 1393 1985 1440 rite
2012 1390 2072 1439 ab
2094 1391 2220 1453 aliis,
2242 1393 2359 1444 licet
2377 1395 2533 1458 gradu
2553 1393 2864 1445 inferioribus
2897 1397 3164 1445 admoneri.
3197 1396 3395 1458 (Baron.
3412 1410 3492 1446 an.
3519 1397 3627 1457 795,
3659 1410 3710 1446 n.
3730 1396 3834 1460 61.)

777 1495 1045 1549 Hesterno
1070 1495 1157 1547 die
1186 1509 1308 1546 cum
1356 1493 1589 1561 gloriosa
1623 1496 1910 1562 prasentia
1942 1506 2030 1550 tua
2064 1497 2275 1554 fruere-

705 1606 846 1652 mur,
884 1597 1004 1658 post
1032 1588 1134 1641 alia
1174 1588 1421 1655 quadam
1472 1586 1764 1654 colloquia,
1819 1604 2051 1656 quorum
2110 1606 2272 1646 causa

707 1683 813 1736 huc
836 1697 1083 1746 veneras,
1121 1681 1441 1735 devenimus
1482 1683 1696 1736 tandem
1728 1684 1792 1737 ad
1824 1683 2117 1753 Scriptura
2135 1701 2280 1756 qua-

705 1777 931 1838 stiones,
971 1784 1027 1828 et
1068 1775 1122 1828 in
1169 1775 1418 1844 ambigua
1473 1775 1743 1829 haerentes
1792 1777 2183 1845 disputatione,
2223 1793 2281 1833 re

706 1866 927 1927 iniecta.
968 1865 1192 1935 digressi
1233 1881 1440 1921 sumus.
1498 1864 1565 1920 Et
1603 1882 1704 1920 nos
1749 1867 1991 1936 quidem,
2038 1869 2278 1935 domine,

2467 1502 2557 1556 Ἐν
2586 1505 2650 1572 τῇ
2682 1501 2808 1571 χθὲς
2829 1502 3035 1573 ἡμέρᾳ,
3063 1502 3248 1573 ἐπειδὴ
3277 1501 3377 1572 τῆς
3407 1498 3659 1566 εὐκλεοῦς
3692 1520 3786 1556 σου
3817 1521 3965 1575 παρ-

2384 1593 2570 1656 ουσίας
2628 1595 2687 1646 ἐν
2731 1593 2949 1662 μεθέξει
2996 1594 3321 1664 γεγόναμεν,
3378 1594 3516 1663 μετά
3577 1610 3730 1658 τινας
3798 1597 3967 1660 ἀλλας

2385 1685 2622 1752 όμιλίας,
2637 1684 2702 1736 δι’
2731 1684 2796 1748 ἃς
2819 1686 2912 1737 καὶ
2927 1687 2955 1738 ό
2981 1686 3180 1755 τρόπος
3209 1685 3307 1754 τῆς
3330 1684 3564 1739 ἐνταῦθά
3586 1701 3678 1738 σου
3703 1686 3964 1755 ἀφίξεως,

2385 1777 2465 1837 είς
2512 1773 2665 1842 λόγον
2705 1792 2822 1837 πως
2864 1775 3204 1846 ἐληλύθαμεν
3240 1775 3537 1846 Γραφικῶν
3592 1777 3962 1847 ζητημάτων·

2389 1867 2482 1918 καὶ
2511 1865 2569 1917 ἐν
2600 1865 2902 1937 ἀμφιϐολίᾳ
2928 1866 3095 1936 πολλῇ
3126 1865 3501 1935 συσχεθέντες,
3524 1866 3807 1930 ἀπιθάνως
3827 1868 3968 1938 πρὸς

707 1959 870 2011 rudes
891 1967 946 2011 et
968 1956 1165 2028 ignari,
1204 1957 1484 2025 sapientia
1523 1965 1629 2011 tua
1644 1957 1868 2011 minime
1891 1974 2048 2026 pares
2069 1974 2280 2013 sumus.

2388 1956 2557 2009 ταῦτα
2598 1957 2888 2027 διέστημεν
2939 1957 3034 2009 ἀπ’
3087 1957 3371 2027 ἀλλήλωνο
3417 1956 3512 2008 καὶ
3553 1957 3717 2027 ἡμεῖς
3766 1958 3890 2026 μὲν,
3923 1951 3968 2011 ὦ

712 2053 794 2105 Ne
827 2062 1005 2105 tamen
1057 2066 1247 2104 eorum
1281 2066 1401 2120 qua
1456 2049 1561 2103 dici
1607 2050 1808 2104 debent
1855 2051 2072 2106 silentio
2121 2053 2282 2108 nobis

711 2140 976 2209 judicium
1005 2155 1380 2202 accersamus;
1408 2142 1607 2194 etenim
1636 2142 1933 2212 Arguendo,
1963 2144 2057 2208 ait,
2091 2162 2280 2215 argues

707 2231 1005 2299 proximum
1051 2240 1219 2294 tuum,
1279 2240 1325 2283 et
1359 2247 1459 2282 non
1500 2231 1714 2284 habebis
1762 2248 1918 2301 super
1953 2232 2043 2284 illo
2095 2250 2283 2299 pecca-

708 2322 907 2386 tum”,
953 2322 1189 2375 maxime
1237 2337 1361 2375 cum
1414 2322 1715 2391 sapientem
1756 2333 2046 2393 arguentes
2110 2325 2284 2394 magis

707 2414 1033 2484 diligamur:
1069 2413 1440 2467 necessarium
1492 2414 1746 2469 duximus
1797 2416 2153 2485 congruentia
2189 2416 2283 2470 tibi

708 2518 1158 2558 commemorare.
1209 2503 1310 2568 Tu,
1336 2505 1556 2559 domine
1599 2507 1693 2570 mi,
1732 2516 1790 2560 ut
1839 2509 2168 2576 compendio
2201 2509 2284 2562 di-

709 2612 854 2658 cam,
885 2597 1342 2667 interrogationes
1373 2599 1573 2652 multas
1603 2599 2106 2668 responsionesquc
2144 2616 2282 2668 pra-

709 2689 920 2752 cidens,
974 2688 1090 2741 hac
1123 2687 1304 2740 dixisti
1353 2704 1366 2738 :
1415 2688 1536 2740 Non
1597 2687 1795 2741 debere
1842 2688 2140 2742 antistitem
2194 2689 2285 2757 qui

710 2779 859 2850 gregi
893 2779 1096 2849 prasit,
1147 2789 1298 2832 extra
1335 2778 1458 2832 ﬁdei
1513 2794 1755 2840 causam,
1813 2779 1856 2832 si
1889 2779 2018 2848 quid
2078 2779 2134 2833 in
2166 2779 2285 2834 aliis

713 2872 925 2926 Domini
978 2871 1247 2925 mandatis
1302 2871 1386 2925 vel
1427 2871 1762 2940 imprudens,
1814 2872 1896 2926 vel
1947 2888 2044 2926 sua
2095 2883 2286 2942 sponte

712 2962 876 3016 iaciat
904 2961 1046 3030 quod
1084 2963 1308 3015 vetitum
1365 2962 1455 3023 sit,
1506 2968 1574 3016 ab
1615 2964 1722 3015 ullo
1772 2964 2092 3017 admoneri:
2129 2965 2286 3018 nobis

711 3062 901 3107 contra
955 3052 1369 3118 alIirmantibus,
1431 3054 1655 3107 omnino
1708 3055 1927 3118 debere,
1982 3055 2075 3109 sed
2122 3055 2287 3110 abiis

710 3144 802 3212 qui
839 3144 983 3196 inter
1013 3144 1148 3197 alios
1190 3144 1417 3197 scientia
1448 3154 1503 3197 et
1547 3145 1835 3213 prudentia
1875 3145 2135 3198 eminent.
2172 3145 2288 3199 Un-

711 3235 906 3289 denam
938 3251 1068 3288 vero
1090 3235 1220 3288 dicti
1249 3236 1412 3303 hujus
1438 3235 1828 3289 absurditatem
1861 3235 1955 3289 tibi
1985 3251 2094 3289 non
2111 3246 2289 3290 osten-

2380 2048 2615 2101 δέσποτα
2643 2087 2657 2112 ,
2701 2047 3074 2112 ίδιωτίζοντες,
3103 2047 3165 2101 οὗ
3197 2049 3415 2110 πάντως
3447 2048 3591 2100 κατά
3619 2048 3720 2116 τὴν
3752 2046 3965 2119 ’νεαροῦ⁶

2384 2137 2484 2189 σάν
2523 2153 2616 2188 σου
2655 2136 2853 2204 σοφίαν
2907 2136 3310 2205 ὑπαντήσομεν.
3343 2135 3459 2189 ’Ίνα
3486 2135 3542 2189 δὲ
3573 2135 3649 2206 μὴ
3673 2138 3738 2205 τῇ
3769 2138 3969 2206 ἐφησυο

2383 2230 2536 2298 χάσει
2593 2227 2702 2281 τῶν
2763 2229 3127 2298 ὀφειλομένων
3173 2227 3476 2298 λαληθῆναι
3527 2230 3700 2297 κρῖμα
3749 2229 3967 2292 ἑαυτοῖς

2383 2321 2778 2388 ἀπενέγκοιμεν
2819 2320 3113 2390 (Ἐλεγμῷ
3166 2319 3296 2388 γὰρ,
3339 2320 3524 2390 φησὶν,
3559 2318 3830 2388 ὲλέγξεις
3859 2320 3968 2373 τὸν

2383 2413 2652 2477 πλησίον
2714 2424 2852 2474 σου,
2905 2411 3003 2463 καὶ
3064 2412 3134 2464 οὐ
3200 2411 3373 2479 λήψῃ
3438 2411 3510 2464 δι’
3558 2413 3742 2465 αὐτὸν
3776 2411 3964 2480 ἀμαρ-

2385 2505 2572 2569 τΙαν),
2611 2504 2784 2566 άλλως
2833 2519 2892 2556 τε
2937 2503 3020 2555 ὅτι
3067 2503 3159 2554 καὶ
3209 2503 3370 2570 σοφὸν
3402 2503 3714 2572 ἐλέγχοντες
3759 2503 3966 2572 μᾶλλον

2386 2597 2876 2667 ἀγαπηθησόμεθα,
2937 2597 3235 2663 ἀναγκαῖον
3271 2596 3530 2666 ᾠήθημεν
3567 2596 3967 2666 προσφωνῆσαί

2388 2705 2471 2740 σοι
2508 2688 2576 2740 τὰ
2630 2688 3011 2742 ἐπιϐάλλοντα.
3059 2688 3120 2740 '0
3159 2686 3353 2757 κύριός
3397 2704 3519 2756 μου,
3550 2687 3636 2740 ἵνα
3685 2688 3967 2756 συντόμως

2387 2778 2518 2850 ἐρῶ,
2554 2777 2654 2842 τάς
2699 2779 2897 2842 πολλὰς
2941 2779 3164 2842 πεύσεις
3225 2780 3319 2831 καὶ
3367 2777 3716 2848 ἀντιρρήσεις
3767 2779 3958 2830 ἐπισυ-

2390 2873 2623 2926 στέλλων
2641 2913 2654 2935 ,
2688 2871 2921 2943 ἔφησθα,
2953 2872 3027 2935 ὡς
3052 2872 3112 2925 οὐ
3146 2870 3252 2942 χρὴ
3281 2870 3371 2924 τὸν
3399 2868 3720 2940 προεστῶτα
3736 2885 3960 2939 ποιμενο

2388 2968 2583 3037 άρχην,
2614 2966 2747 3036 άτερ
2793 2964 3049 3030 πίστεως,
3085 2965 3179 3017 ἐπὶ
3210 2966 3330 3027 ταῖς
3384 2963 3570 3026 ἄλλαις
3600 2963 3842 3026 ἐντολαῖς
3868 2961 3965 3016 τοῦ

2389 3057 2618 3128 Κυρίου,
2653 3055 2794 3110 κατά
2830 3053 3056 3123 ἄγνοιαν
3095 3056 3128 3126 ἢ
3172 3054 3413 3108 ἐθελοντὶ⁵
3443 3054 3750 3124 πράττοντά
3775 3070 3830 3106 τι
3857 3053 3967 3106 τῶν

2389 3144 3028 3217 ἀπηγορευμένων,πρός
3057 3161 3203 3206 τινος
3235 3143 3770 3216 ὑπομιμνήσκεσθαι,
3804 3142 3966 3214 ἡμῶν

2393 3225 2680 3306 λεγόντων,
2723 3239 2803 3290 ὃτι
2851 3239 2947 3292 καὶ
2991 3239 3166 3308 μάλα⁹
3189 3238 3303 3293 ἀλλ’
3333 3238 3439 3291 ὑπὸ
3474 3237 3582 3292 τῶν
3609 3238 3958 3310 προεχόντων

711 3327 948 3381 demus?
997 3325 1238 3380 Primum
1294 3327 1513 3395 quidem
1557 3342 1623 3381 ex
1673 3325 1851 3381 Veteri
1903 3327 2282 3382 Testamento.

2393 3331 2451 3382 ἐν
2480 3328 2677 3397 γνώσει
2711 3330 2805 3382 καὶ
2839 3307 3051 3383 συνέσει
3082 3329 3237 3400 παρά
3271 3331 3401 3394 τοὺς
3432 3307 3665 3394 ἄλλους(
3684 3307 3796 3383 Kal.
3828 3331 3968 3401 πρὸς

711 3419 850 3485 Quid
871 3419 1015 3472 enim
1050 3419 1118 3472 de
1151 3419 1369 3472 Daniele
1407 3420 1645 3474 censes?
1684 3421 1765 3473 An
1794 3420 2060 3484 seniores,
2096 3436 2287 3489 quam-

713 3510 795 3562 vis
822 3524 884 3562 ea
912 3509 1152 3562 nondum
1182 3519 1342 3562 atate
1373 3526 1493 3578 qua
1530 3511 1821 3579 legitimam
1848 3512 2100 3579 loquendi
2122 3513 2286 3566 liber-

714 3608 880 3653 tatem
929 3599 1099 3663 daret,
1143 3599 1196 3651 in
1245 3599 1445 3652 divina
1514 3600 1781 3654 Susanna
1832 3602 2288 3656 condemnatione

715 3690 1164 3760 pravaricantes,
1190 3706 1295 3742 non
1335 3690 1508 3743 solum
1541 3690 1860 3753 admonens,
1910 3707 2098 3746 verum
2123 3695 2288 3747 etiam

715 3781 1106 3845 condemnatis,
1142 3781 1392 3834 laudatus
1427 3791 1528 3844 est,
1562 3796 1630 3834 an
1661 3797 1770 3835 non
1799 3781 1884 3834 “?
1933 3782 2135 3837 Deinde
2174 3799 2285 3837 non

714 3873 1102 3926 animadvertis
1137 3870 1273 3926 Joab
1305 3872 1357 3925 in
1390 3872 1576 3941 populi
1604 3874 2044 3938 enumeratione,
2082 3890 2207 3936 curn
2232 3875 2284 3928 in

715 3965 812 4020 Dei
845 3967 1202 4021 tentationem
1238 3981 1325 4020 res
1366 3975 1633 4037 vergeret,
1685 3966 2103 4035 supplicantem,
2135 3965 2290 4019 obte-

716 4070 976 4123 stantem,
1010 4059 1338 4129 persuadere
1393 4060 1581 4113 divino
1635 4059 1820 4112 Davidi
1874 4066 2184 4122 conantem,
2220 4071 2290 4110 ne

718 4152 770 4206 id
803 4151 1079 4205 faciat"?
1117 4161 1243 4204 nota
1298 4152 1446 4204 enim
1503 4151 1599 4204 tibi
1640 4161 1723 4204 est
1751 4150 1997 4206 historia.
2035 4149 2116 4204 Me
2158 4164 2289 4204 vero

718 4253 899 4297 movet
922 4253 977 4296 et
1003 4243 1192 4296 Jethro
1231 4258 1486 4311 magnum
1528 4241 1712 4296 Mosen
1740 4243 2065 4305 admonens,
2111 4250 2167 4296 et
2192 4257 2289 4296 ex-

719 4337 944 4390 hortans
972 4351 1081 4389 non
1115 4335 1193 4390 sic
1221 4351 1406 4406 regere
1430 4335 1710 4404 pOpulum,
1766 4335 2153 4404 hominemque
2186 4350 2286 4388 ru-

717 4428 975 4482 dimentis
1003 4427 1402 4496 quodammodo
1443 4426 1753 4490 instituens,
1798 4427 2192 4495 traducensque
2222 4425 2290 4480 ad

719 4521 1008 4576 consilium
1037 4537 1214 4574 suum.
1247 4520 1312 4573 Et
1342 4521 1590 4589 quisnam
1618 4520 1777 4589 ipse?
1810 4520 2145 4590 Alienigena,
2182 4519 2287 4573 etsi

2388 3419 2546 3472 τοῦτο
2592 3418 2787 3472 ὁπόθεν
2869 3419 2964 3472 καὶ
3011 3419 3072 3471 οὐ
3117 3420 3584 3490 παραστησόμεθα
3633 3437 3716 3472 σοι
3751 3420 3815 3472 τὸ
3869 3420 3966 3475 τοῦ

2390 3511 2548 3579 λόγου
2577 3510 2804 3577 άτοπον;
2830 3511 3055 3582 Πρῶτον
3070 3511 3167 3581 μὲν
3197 3511 3305 3566 ἀπὸ
3339 3511 3441 3580 τῆς
3474 3511 3718 3575 Παλαιᾶς
3761 3511 3964 3583 Διαθή-

2391 3621 2512 3674 κης.
2546 3605 2610 3657 Τί
2642 3605 2751 3674 γάρ
2785 3621 2868 3657 σοι
2894 3603 3126 3658 δοκεῖτὸ
3153 3603 3248 3656 τοῦ
3280 3602 3511 3674 Antii);
3545 3598 3655 3674 άρα
3687 3605 3813 3668 τοὺς
3834 3621 3965 3676 πρε-

2393 3699 2708 3769 σϐυτέρους,
2738 3698 2939 3768 καίπερ
2972 3696 3045 3750 ὣν
3065 3697 3126 3751 οὐ
3159 3694 3253 3750 τοῦ
3289 3694 3512 3766 ἐννόμου
3543 3693 3736 3765 καιροῦ
3758 3695 3856 3761 τῆς
3886 3695 3965 3759 είς

2389 3791 2449 3845 τὸ
2478 3790 2658 3859 λέγειν
2679 3791 2772 3844 καὶ
2798 3787 3273 3860 παρρησιάζεσθαι
3311 3787 3548 3858 ἡλικίας,
3583 3785 3964 3857 παρανομοῦν-

2391 3900 2491 3946 τας
2542 3883 2678 3954 πρὸς
2721 3883 2821 3952 τὴν
2861 3881 2961 3952 τῆς
3021 3881 3168 3944 Θείας
3200 3880 3490 3950 Σωσάννης
3527 3878 3847 3946 καταδίκην,
3877 3879 3965 3932 ἐπρ

2391 3973 2555 4043 ῃνέθη
2578 3974 2638 4026 οὐ
2670 3973 2827 4042 μόνον
2848 3973 3298 4043 ὑπομιμνήσκων,
3317 3971 3452 4026 ἀλλά
3476 3972 3569 4024 καὶ
3598 3969 3961 4040 κατακρίνωνο

2390 4067 2477 4119 ναὶ
2505 4064 2536 4134 ἢ
2567 4064 2664 4127 οῦ;
2697 4059 2831 4117 Εἶτα
2905 4065 2964 4117 οὑ
3015 4064 3146 4137 δέχῃ
3197 4064 3288 4116 τὸν
3335 4062 3492 4116 ’Ῑωάδ
3543 4065 3601 4116 ἐν
3649 4063 3716 4132 τῇ
3767 4060 3964 4130 ἀπαρι-

2392 4156 2591 4226 θμήσει
2659 4153 2753 4207 τοῦ
2797 4153 2946 4218 λαοῦ,
3006 4154 3153 4216 ὄντος
3199 4153 3296 4206 τοῦ
3331 4153 3605 4223 δράματος
3634 4153 3715 4215 είς
3763 4166 3964 4221 παρορ-

2390 4247 2589 4319 γισμόν
2615 4245 2773 4314 Θεοῦ,
2825 4245 3231 4309 ἀντιδολοῦντα,
3278 4243 3696 4314 ἐκλιπαροῦντα,
3740 4243 3962 4295 ἀναπεί·

2392 4340 2504 4393 θειν
2544 4338 2888 4411 πειρώμενον
2923 4337 3021 4391 τὸν
3068 4336 3210 4392 θεῖον
3255 4335 3440 4398 Δαὸὶδ,
3478 4336 3553 4406 μὴ
3594 4336 3754 4388 τοῦτο
3795 4335 3960 4405 δρᾷν;

2391 4428 2548 4486 οἶσθα
2569 4433 2678 4502 γάρ
2705 4433 2803 4502 τὴν
2835 4431 3098 4502 ἱστορίαν.
3145 4430 3276 4500 Ἐμὲ
3305 4429 3360 4482 δέ
3386 4429 3627 4482 δυσωπεῖ
3656 4428 3751 4481 καὶ
3799 4427 3963 4498 Ἰοθὸρ

2392 4522 2826 4591 ὑπομιμνήσκων
2861 4520 2953 4572 τὸν
2983 4520 3155 4590 μέγαν
3180 4520 3405 4588 Μωσῆν,
3441 4517 3534 4570 καὶ
3571 4515 3964 4584 παρεγγυώμε-

720 4628 894 4667 socer.
929 4613 1029 4667 Cui
1053 4613 1280 4681 loquens
1306 4613 1328 4664 ?
1358 4612 1415 4665 Ei
1445 4612 1534 4681 qui
1577 4613 1758 4666 omnia
1794 4627 1856 4666 ex
1886 4612 2066 4666 divina
2124 4627 2284 4666 reve-

2394 4631 2482 4676 νος
2507 4613 2582 4683 μὴ
2606 4612 2748 4664 οῦτω
2777 4610 3042 4678 διεξάγειν
3077 4610 3165 4662 τὸν
3202 4609 3346 4672 λαὸν,
3363 4609 3454 4661 καὶ
3480 4607 3644 4661 οἱονεὶ
3666 4606 3958 4676 ποιχειῶν,

721 4702 921 4757 latione
968 4705 1159 4774 agebat
1185 4704 1246 4758 “.
1291 4704 1460 4772 Atque
1521 4704 1635 4757 hac
1684 4703 1899 4771 quidem
1953 4702 2161 4770 paucis,
2218 4716 2289 4756 ne

721 4793 993 4864 longiores
1018 4795 1207 4848 simus.
1243 4793 1660 4848 Transeundum
1693 4803 1773 4847 est
1807 4793 1873 4847 ad
1912 4791 2146 4847 Novum.
2179 4791 2291 4846 Re-

722 4899 1030 4945 vereamur,
1063 4885 1106 4938 si
1143 4886 1337 4954 placet,
1369 4885 1774 4956 gloriosissime,
1813 4884 2096 4938 clarissimi
2145 4884 2294 4940 orbis

725 4983 882 5028 terra
909 4976 1170 5043 praeconis
1200 4977 1435 5030 edictum
1462 4993 1475 5028 :
1500 4974 1556 5028 Si
1589 4984 1846 5043 postremo
1869 4974 2150 5028 revelatum
2177 4976 2294 5044 fue-

726 5066 814 5129 rit,
840 5066 1040 5133 primus
1065 5065 1218 5119 sileat
1258 5067 1321 5120 ".
1356 5065 1497 5131 Non,
1538 5067 1680 5121 sicut
1708 5066 1895 5135 objicit
1944 5067 2140 5121 caritas
2181 5076 2293 5130 tua,

724 5155 793 5210 de
820 5156 923 5210 ﬁde
954 5157 1084 5210 sola.
1121 5157 1206 5222 Et,
1263 5158 1408 5226 quod
1455 5174 1542 5212 me
1592 5157 1984 5228 propemodum
2026 5157 2287 5229 fugiebat,

728 5263 955 5318 magnus
996 5266 1172 5318 praco
1221 5251 1463 5306 veritatis
1511 5249 1750 5305 Joannes
1782 5251 2052 5304 Herodem
2103 5265 2292 5320 repre-

731 5335 920 5391 hcndit
946 5339 1008 5393 ³⁸.
1040 5338 1257 5404 Quaso,
1283 5340 1550 5410 responde
1581 5340 1738 5393 mihi.
1778 5338 1884 5393 Sed
1922 5339 2201 5408 explodar,
2239 5347 2298 5392 ut

730 5427 909 5493 video,
945 5439 1000 5483 et
1030 5430 1334 5496 deridebor,
1365 5432 1508 5500 quod
1531 5431 1859 5500 aqniparem
1883 5446 1968 5484 me
1996 5431 2295 5499 propheta.

733 5521 889 5576 Absit
922 5539 934 5574 :
969 5537 1076 5576 non
1110 5523 1180 5576 ita
1213 5533 1315 5586 est,
1338 5523 1563 5593 optime.
1595 5524 1719 5578 "ac
1745 5540 1886 5584 vero,
1922 5523 2115 5593 inquit,
2163 5525 2298 5577 scri-

735 5625 822 5679 pta
866 5623 987 5667 sunt
1035 5616 1105 5668 ad
1158 5617 1532 5684 correptionem
1574 5626 1808 5670 nostram
1841 5615 1926 5668 ¹⁸⁶.
1987 5614 2050 5669 Et
2101 5617 2297 5671 iterum

809 5744 850 5775 "
893 5744 1066 5800 chit.
1095 5747 1335 5814 x1x.l7;
1371 5747 1529 5801 Prov.
1561 5765 1638 5813 ιχ,
1670 5749 1722 5803 8.
1801 5749 1842 5780 ιδ
1872 5749 2005 5803 Dan.
2050 5765 2171 5811 XIII,
2223 5750 2243 5801 l

818 5815 836 5870 Ι
866 5818 990 5871 Cor.
1033 5835 1144 5880 xw,
1168 5818 1256 5872 30.
1336 5820 1377 5851 ¹⁸
1410 5818 1600 5874 Matth.
1645 5836 1752 5880 xiv,
1786 5822 1834 5874 πί.
1917 5820 1976 5851 ⁸⁸·
2011 5821 2172 5873 ltlor.
2205 5837 2253 5880 χ,
2282 5828 2286 5844 ‘

2388 5765 2435 5820 τι.
2519 5753 2559 5785 ¹⁸
2603 5752 2774 5825 chg.
2809 5769 2959 5820 ntv,
2988 5753 3011 5806 l
3045 5767 3193 5823 seqq.

741 5815 780 5846 "
818 5815 836 5870 Ι
866 5818 990 5871 Cor.
1033 5835 1144 5885 xw,
1168 5818 1256 5872 30.
1336 5820 1377 5851 ¹⁸
1410 5818 1600 5874 Matth.
1645 5836 1752 5885 xiv,
1786 5822 1834 5874 πί.

2400 4704 2496 4758 καὶ
2540 4705 2675 4774 πρὸς
2722 4703 2821 4770 τὴν
2865 4703 3070 4755 οἰκείαν
3101 4700 3294 4772 βουλὴν
3343 4698 3822 4771 μεταρρυθμίζων.
3855 4697 3963 4750 Καὶ

2399 4796 2482 4859 τίς
2503 4794 2616 4860 (iw;
2664 4793 3005 4864 ’Δλλογενὴς,
3025 4793 3074 4846 εί
3101 4792 3197 4846 καὶ
3229 4791 3519 4864 κηδεστής.
3563 4791 3670 4844 Καὶ
3690 4790 3792 4842 τίνι
3815 4787 3962 4858 φῶν;

2401 4887 2492 4957 Τῷ
2518 4888 2694 4940 πάντα
2734 4886 2875 4939 κατά
2927 4885 3273 4953 ἀποκάλυψιν
3324 4883 3461 4937 Θεοῦ
3497 4881 3960 4953 διαπραττομένῳ.

2401 4979 2512 5033 Καὶ
2557 4979 2728 5032 ταῦτα
2769 4977 2868 5047 μὲν
2917 4977 3005 5031 ἐπ’
3032 4977 3238 5044 ὀλίγον·
3273 4976 3362 5031 ἶνα
3412 4973 3486 5046 μὴ
3529 4973 3962 5044 μακρηγορήσω-

2406 5088 2525 5141 μεν.
2553 5069 2819 5123 Μετιτέον
2845 5069 2901 5123 δὲ
2925 5069 3017 5120 ἐπὶ
3050 5069 3148 5139 τὴν
3182 5067 3345 5121 Νέαν.
3379 5065 3746 5136 Αίδεσθῶμεν,
3779 5066 3826 5116 εί
3851 5063 3966 5133 βού-

2399 5164 2502 5227 λει,
2552 5161 2900 5232 πανεῦφημε,
2949 5161 3043 5214 καὶ
3093 5160 3154 5213 τὸ
3198 5159 3292 5214 τοῦ
3340 5159 3438 5230 τῆς
3479 5157 3808 5228 οίκουμένης
3849 5155 3961 5209 δια-

2397 5253 2625 5325 πρυσίου
2656 5255 2895 5325 κήρυκος
2929 5252 3308 5324 ὑπαγόρευμα,
3336 5253 3418 5318 τὺ,
3465 5251 3607 5305 Ἐὰν
3633 5248 3712 5315 τῷ
3737 5248 3964 5317 ἐσχάτῳ

2403 5344 2830 5414 ἀποκαλυφθῇ,
2859 5349 2891 5400 0'
2916 5345 3145 5414 πρῶτος
3169 5344 3410 5414 σιγάτω.
3425 5342 3557 5414 Οὐχ,
3586 5343 3663 5406 ὡς
3685 5341 3964 5396 ἀντιτείνει

2403 5440 2435 5507 ἡ
2469 5437 2691 5506 φιλότης
2717 5455 2831 5503 σου,
2867 5436 3024 5491 τοῦτο
3051 5436 3179 5508 περὶ
3211 5436 3383 5506 μόνης
3412 5436 3672 5497 πίστεως.
3701 5432 3827 5493 Καὶ,
3856 5425 3964 5484 οἷον

2404 5527 2468 5598 δή
2508 5545 2574 5596 με
2621 5528 2901 5598 παρέλαθε
2955 5527 3154 5598 μικροῦ
3199 5527 3330 5591 δεῖν,
3364 5529 3391 5580 ὁ
3427 5527 3599 5596 μέγας
3644 5524 3818 5594 κήρυξ
3869 5522 3963 5592 τῆς

2405 5617 2663 5689 ἀληθείας
2713 5619 2965 5690 Ἰωάννης
3009 5618 3218 5689 ἐλέγχει
3275 5618 3367 5671 τὸν
3408 5615 3678 5687 Ἡρώδην.
3721 5612 3958 5683 Ἐρωτῶ.

3277 5752 3318 5786 ¹⁶
3347 5751 3514 5807 Exod.
3541 5766 3691 5813 xviii,
3721 5749 3785 5804 15
3813 5762 3956 5818 seqq.
