4170 6482
258 431 364 492 925

1489 430 2028 490 ΕΡῙΞΤΟΙΑΒΠΜ
2072 434 2196 490 LIB
2245 435 2294 490 I-

3413 436 3516 498 926

257 540 553 608 ἀπόκριναί
611 556 726 609 μοι.
766 537 905 591 Ἀλλ’
959 538 1254 609 ἀγχίθυρος
1299 539 1328 590 ὁ
1380 541 1518 608 πρὸς
1574 543 1677 611 ἐμὲ
1736 538 1832 593 οἷδ’

1946 543 2166 597 Paulus:
2210 543 2508 596 Imitatores
2538 543 2640 598 mei
2678 551 2860 607 estote,
2888 543 3026 596 sicut
3053 553 3100 597 et
3129 561 3221 615 ego
3235 545 3428 601 Christi
3449 547 3493 578 ”

256 635 344 686 ὃτι
371 634 570 698 γέλωςο
603 631 666 683 τὸ
698 631 781 684 ὅτι
809 632 866 684 ὲν
892 630 1073 702 μέτρῳ
1105 631 1199 682 τοῦ
1250 633 1532 702 προφήτου
1571 635 1842 686 ἰσοστατεῖ

259 727 471 779 ἑαυτόν.
506 723 648 778 Ἀλλ’
687 725 785 794 οὐχ
838 723 1031 785 οὕτως,
1061 716 1104 774 ὦ
1163 722 1446 792 βέλτιστε
1512 724 1701 778 Ταῦτα
1748 725 1838 788 δὲ,

259 817 450 888 φησιν,
479 815 706 885 ἐγράφη
731 816 880 883 πρὸς
910 815 1236 870 νουθεσίαν
1265 815 1574 884 ἡμετέραν.
1611 817 1717 870 Καὶ
1742 813 1839 870 αὖ-

260 910 347 971 θις
374 911 402 961 ὁ
431 908 641 970 Παῦλος
660 924 673 938 ο
707 907 965 976 Μιμηται
996 923 1114 975 μου
1144 908 1404 976 γίνεσθε,
1436 907 1632 972 καθὼς
1681 907 1840 976 κάγὼ

261 1000 544 1070 Χριστοῦ.
564 1000 687 1062 Πῶς
697 1000 752 1051 δὲ
766 1000 857 1052 καὶ
873 993 984 1051 οἷόν
1002 1016 1060 1051 τε
1080 998 1376 1069 ὀρθοδοξεῖν
1391 999 1480 1050 τὸν
1494 998 1643 1062 λοξοε
1654 1000 1840 1070 ργοῦν-

260 1109 354 1156 τα,
376 1092 468 1143 τοῦ
481 1090 626 1143 θείου
657 1089 913 1142 Ἰακὼὅου
935 1091 1302 1160 ἐνισταμένου,
1337 1089 1523 1142 ἐκτῶν
1553 1090 1840 1162 ἐργωνδεξο

262 1183 494 1235 κνυσθαι
523 1181 623 1252 τὴν
663 1182 844 1235 πίστιν
863 1197 878 1212 °
909 1183 1151 1245 καὶτοὺς
1189 1183 1316 1252 περὶ
1343 1183 1404 1234 τὸ
1446 1182 1502 1234 ἓν
1535 1183 1832 1253 σφαλλομέο

260 1274 550 1345 νους,μηδὲ
568 1275 626 1328 τὸ
646 1274 869 1345 θάτερον
884 1275 972 1344 ἔχε
981 1292 1026 1327 ιν
1044 1291 1058 1340 ;
1078 1274 1356 1327 Τοσοὺτων
1376 1271 1468 1328 οὖν
1481 1277 1573 1329 καὶ
1589 1276 1838 1347 τηλικού-

260 1386 374 1421 των
398 1368 565 1420 ὄντων
589 1366 900 1438 μαρτύρων,
923 1367 1024 1419 οὐκ
1045 1365 1226 1436 οἴομαι
1250 1369 1604 1436 ἀντιφάσκειν
1629 1369 1729 1439 τὴν
1756 1369 1839 1420 εὐ-

261 1458 480 1524 γένειάν
514 1475 623 1509 σου.
670 1456 732 1509 Εἰ
772 1457 828 1509 δὲ
859 1456 1039 1521 τοῦτο,
1075 1459 1537 1513 ἀντεπιστελλέτω
1559 1463 1625 1531 τῇ
1657 1462 1837 1531 ἀσυμ-

260 1551 418 1622 φιλίᾳ
447 1551 604 1622 ἡμῶν
634 1550 924 1613 ἀναλύσεις
979 1552 1077 1622 μὲν
1119 1553 1178 1604 ὲν
1219 1552 1362 1623 λόγῳ
1406 1554 1514 1607 τῶν
1543 1557 1836 1625 προταθέν-

257 1661 372 1697 των
390 1661 404 1675 ο
433 1644 816 1712 ἀντεξαγωγάς
859 1644 914 1696 δὲ
943 1644 1420 1718 διευκρινεστέρας
1444 1647 1555 1701 τῶν
1581 1665 1838 1703 συσκευα-

256 1735 616 1806 σθησομένων
668 1753 772 1789 σοι.
828 1735 952 1789 Εῐθε
999 1738 1092 1790 καὶ
1117 1737 1370 1808 πάρεισιν
1393 1755 1407 1769 ο
1437 1741 1596 1810 ἡμεῖς
1616 1758 1677 1810 γε
1707 1759 1836 1795 σιω-

257 1829 534 1897 πὴσομεν,
579 1826 673 1879 καὶ
705 1827 1037 1898 συγγνώμην
1064 1827 1165 1898 τῆς
1196 1829 1520 1897 ὲνστάσεως,
1546 1833 1746 1904 καίπερ
1776 1836 1835 1887 ὲν

1945 635 2045 700 Qui
2078 644 2261 689 autem
2297 634 2409 690 fieri
2441 645 2644 706 potest,
2678 645 2737 690 ut
2767 645 2918 690 recte
2941 638 3064 706 quis
3087 640 3311 704 sentiat,
3346 653 3517 710 agens

1947 744 2220 798 perverse,
2270 728 2456 783 divino
2494 728 2698 783 Jacobo
2750 730 3075 796 afﬁrmante,
3137 748 3203 786 ex
3257 732 3516 801 operibus

1946 822 2156 875 ostendi
2197 821 2378 886 ﬁdem,
2411 830 2466 876 et
2501 823 2567 876 iis
2593 823 2681 890 qui
2717 823 2859 877 circa
2896 839 3063 876 unum
3107 825 3384 890 aberrant,
3416 841 3516 878 ne-

1945 927 2050 980 que
2073 913 2302 966 alterum
2343 913 2569 966 inesse?
2599 912 2700 965 Tot
2739 914 2904 982 igitur
2956 923 3010 967 et
3061 923 3206 967 tanta
3235 931 3359 967 cum
3407 916 3519 969 sint

1947 1004 2275 1068 testimonia,
2353 1021 2457 1058 non
2511 1015 2642 1074 pulo
2684 1007 2883 1058 habere
2954 1005 3292 1060 nobilitatem
3369 1017 3516 1060 tuam

1945 1095 2089 1165 quod
2116 1095 2474 1148 contradicat.
2531 1095 2624 1148 Sin
2654 1105 2878 1150 autem:
2932 1097 3109 1150 mittat
3149 1097 3340 1166 impari
3384 1098 3518 1151 ami-

1945 1185 2088 1241 citia:
2118 1196 2316 1240 nostrae
2366 1186 2663 1240 solutiones
2718 1190 3156 1257 propositionum
3180 1198 3514 1254 nostrarum,

1945 1287 2062 1332 tum
2105 1280 2363 1333 clariores
2417 1280 2720 1334 coatrarias
2757 1281 3130 1350 oppositiones
3158 1297 3347 1336 eorum
3394 1298 3516 1351 quae

1941 1372 2163 1426 astruis.
2197 1371 2415 1428 Utinam
2460 1387 2590 1427 vero
2615 1382 2926 1442 suppetant,
2959 1385 3014 1428 et
3065 1389 3163 1427 nos
3212 1374 3515 1436 silebimus,

1942 1465 2264 1533 veniamque
2312 1464 2682 1518 contentionis
2722 1475 2942 1530 nostras,
2974 1466 3220 1534 quamvis
3242 1481 3362 1519 cum
3401 1466 3516 1518 zelo

1943 1557 2269 1625 conjunctae,
2293 1555 2688 1625 postulabimus
2715 1559 2727 1608 l
2761 1555 3180 1626 Reprehendere
3220 1558 3360 1609 enim
3392 1565 3513 1611 tan-

1943 1650 2240 1712 tummodo,
2267 1648 2421 1702 facile
2448 1655 2549 1713 est,
2582 1657 2636 1702 et
2682 1649 2904 1702 cuilibet
2947 1649 3144 1702 volenti
3178 1659 3510 1717 promptum,

1941 1750 2000 1796 ut
2024 1741 2193 1811 legisti
2224 1758 2237 1806 ;
2267 1755 2418 1794 suam
2465 1756 2595 1794 vero
2643 1740 2968 1793 sententiam
3015 1755 3182 1794 sacrae
3222 1740 3516 1809 Scriptura:

1941 1830 2267 1885 testimoniis
2298 1830 2672 1885 conﬁrmatam
2693 1831 2968 1895 inducere,
3002 1832 3240 1885 hominis
3266 1842 3346 1885 est
3369 1847 3516 1887 sana:

256 1919 415 1987 ζήλῳ
455 1917 643 1988 οὔσης,
669 1917 1029 1988 αἰτησόμεθα.
1083 1920 1157 1972 Τὸ
1198 1921 1306 1988 γάρ
1361 1922 1622 1994 ἐπιτιμᾷν
1652 1926 1831 1992 μόνον,

1946 1925 2136 1980 mentis
2193 1938 2255 1978 ac
2302 1923 2515 1990 judicii.
2570 1921 2648 1976 Ne
2679 1938 2808 1993 ergo
2845 1923 2896 1975 in
2930 1922 3252 1977 immensum
3308 1932 3517 1977 crescat

257 2012 496 2080 ῥᾷστον·
533 2012 628 2064 καὶ
675 2010 768 2064 τοῦ
817 2010 1139 2082 βουλομένου
1173 2013 1395 2077 παντὸς,
1447 2015 1521 2078 ὡς
1569 2017 1837 2083 ἀναγινώ-

1946 2016 2188 2085 epistola,
2223 2017 2384 2068 finem
2409 2015 2497 2068 hic
2541 2014 2790 2078 fecimus,
2821 2015 3047 2082 adjectis
3090 2029 3306 2084 quoque
3338 2017 3515 2084 magni

256 2114 444 2162 σκεις·
477 2099 538 2152 τὸ
562 2100 618 2152 δὲ
644 2101 984 2168 ἀντεισάγειν
1009 2101 1107 2171 τὴν
1125 2101 1317 2155 ἑαυτοῦ
1336 2103 1559 2175 γνώμην
1587 2107 1674 2159 διὰ
1705 2124 1839 2176 pap-

254 2187 457 2257 τυρίας
484 2190 582 2256 τῆς
610 2188 965 2242 θεοπνεύστου
979 2190 1220 2259 Γραφῆς,
1253 2191 1442 2261 ἀνδρὸς
1469 2191 1637 2256 ὅντως
1653 2194 1838 2262 ὑγιοῦς

259 2281 363 2332 καὶ
388 2279 512 2332 νοῦν
550 2280 786 2349 ἔχοντος.
836 2281 978 2352 Πρὸς
1009 2281 1065 2333 δὲ
1087 2281 1148 2333 τὸ
1183 2281 1256 2351 μὴ
1280 2283 1359 2344 εἰς
1391 2283 1660 2353 ἀμετρίαν
1686 2289 1839 2356 ἐνεγ-

258 2373 382 2424 κεῖν
400 2371 496 2443 τὴν
525 2373 837 2444 ἐπιστολὴν,
869 2373 1101 2427 ἐνταῦθα
1149 2377 1613 2447 κατεπαυσάμεθα
1638 2380 1727 2433 τὺν
1755 2381 1841 2434 λό-

257 2481 363 2530 γον
382 2481 398 2497 ⁸
431 2465 764 2536 παραθέντες
783 2467 876 2520 καὶ
898 2467 1120 2537 χρήσεις
1148 2465 1238 2518 τοῦ
1260 2468 1495 2535 μεγάλου
1530 2470 1829 2535 Βασιλείου,

1941 2106 2119 2161 Basilii
2176 2107 2462 2161 sententiis
2489 2107 2554 2160 ad
2616 2106 2914 2176 pleniorem
2968 2105 3513 2160 demonstrationem.

1943 2198 2135 2252 Salvus
2163 2199 2238 2253 sis
2265 2215 2387 2254 cum
2435 2207 2543 2252 tota
2596 2199 2795 2253 familia
2823 2240 2836 2263 ,
2879 2198 3100 2252 domine
3144 2199 3513 2262 dilectissime,

1941 2290 2214 2359 utrimque
2247 2290 2387 2344 bene
2413 2289 2600 2343 valens
2639 2287 2747 2343 Nos
2774 2289 2918 2342 enim
2955 2289 3237 2344 cbaritatis
3284 2298 3388 2346 tua:
3417 2288 3515 2344 bo-

1943 2397 2074 2435 num
2106 2392 2161 2436 et
2187 2382 2490 2438 scribentes
2541 2391 2597 2436 et
2633 2396 2743 2436 non
2786 2381 3086 2436 scribentes
3126 2381 3375 2451 cupimus
3425 2395 3514 2435 re-

1940 2475 2132 2529 linere.

258 2559 348 2620 εἰς
399 2561 783 2629 ἐντελεστέραν
836 2561 1140 2629 ἀπόδειξιν⁸
1189 2563 1520 2635 φυλαχθείης
1570 2560 1664 2619 οὖν
1727 2569 1859 2638 ἡμῖν
1917 2570 2227 2634 πανέστιος,
2263 2572 2292 2624 ὁ
2330 2570 2689 2640 ἡγαπημένος
2733 2568 2892 2639 ἡμῶν
2939 2568 3227 2637 δεσπότης,
3275 2569 3516 2624 εὐεκτῶν

259 2655 657 2724 ἀμφοτέρωθεν
679 2671 693 2685 ·
721 2657 880 2726 ἡμεῖς
909 2657 1018 2724 γὰο
1045 2659 1106 2710 τὸ
1137 2659 1238 2726 τῆς
1269 2661 1492 2731 ἀγάπης
1522 2678 1616 2714 σου
1652 2663 1836 2731 καλὸν,
1874 2665 1970 2717 καὶ
1999 2666 2324 2736 γράφοντες,
2357 2667 2452 2718 καὶ
2495 2666 2570 2734 μὴ
2594 2663 2919 2734 γράφοντες,
2951 2662 3248 2732 γλιχόμεθα
3278 2663 3444 2731 ἔχειν.

280 2746 376 2801 Ἐκ
396 2747 501 2802 τοῦ
515 2749 792 2804 εἰκοστοῦ
813 2751 1002 2874 legor)
1029 2751 1151 2876 ei);
1163 2755 1346 2822 Ἀσκη
1355 2755 1534 2808 τικῶν
1550 2757 1656 2811 τοῦ
1673 2758 1846 2829 ἁγίου

951 2839 1052 2876 am
1153 2841 1246 2876 ου.

951 2839 1246 2878 ασιλειου.

340 2906 464 2961 Ὀτι
509 2908 590 2961 δεῖ
633 2908 733 2963 τὸν
774 2911 1095 2980 προεστῶτα
1146 2914 1659 2985 ὑπομιμνήσκεσθαι
1698 2919 1847 2989 παρὰ

2002 2762 2082 2816 Ex
2112 2779 2351 2817 sermone
2383 2762 2625 2816 vicesimo
2660 2761 3014 2814 Asceticorum
3052 2759 3222 2812 sancti
3252 2757 3462 2812 Basilii.

2011 2919 2166 2986 Quod
2200 2919 2314 2989 ipse
2346 2933 2565 2988 quoque
2611 2915 2892 2971 admoneri
2924 2914 3155 2968 antistes
3194 2912 3377 2978 debet,
3417 2926 3516 2981 per

261 2997 379 3050 τῶν
429 2999 767 3070 προεχόντων
812 3004 870 3055 έν
919 3005 984 3074 τῇ
1033 3002 1373 3075 ἀδελφότητι,
1419 3008 1487 3062 ἀν
1533 3024 1662 3062 ποτε
1712 3011 1841 3064 ἀπο-

1946 3027 2034 3068 eos
2062 3012 2156 3082 qui
2187 3012 2329 3066 inter
2357 3011 2552 3065 fratres
2573 3009 2841 3073 eminent,
2875 3007 2918 3060 si
2943 3006 3163 3076 quando
3195 3005 3411 3058 labatur
3442 3002 3512 3055 υ.

265 3087 469 3161 σφαλῇ.

577 3182 679 3236 Ἕκ
708 3183 815 3238 τοῦ
851 3187 1202 3254 τριακοστοῦ
1232 3188 1536 3258 τετάρτου.

337 3271 445 3326 Τδν
488 3274 564 3344 μὴ
609 3276 1038 3346 καταδεχόμενον
1071 3280 1140 3332 τὰ
1171 3281 1321 3352 παρὰ
1362 3281 1457 3335 τοῦ
1497 3284 1840 3354 προεστῶτος

264 3363 613 3434 ἑγκριθέντα,
644 3366 749 3437 χρὴ
767 3367 825 3420 ἐν
868 3367 947 3436 τῷ
996 3371 1236 3441 φανερῷ,
1279 3373 1312 3444 ἢ
1359 3373 1485 3445 ἰδίᾳ,
1516 3374 1665 3445 αὐτῷ
1694 3377 1842 3430 ἀντι-

265 3455 470 3522 λέγειν,
506 3457 560 3510 ετ
595 3473 716 3510 τινα
763 3458 877 3529 ἔχοι
906 3460 1062 3528 λόγον
1095 3463 1312 3533 ἰσχυρὸν
1341 3464 1481 3518 κατὰ
1504 3464 1568 3517 τὸ
1597 3465 1843 3536 βούλημα

265 3544 381 3598 τῶν
440 3545 694 3629 Γραφῶν3
751 3546 784 3616 ἧ
839 3551 1196 3620 σιωπήσαντα
1251 3552 1313 3604 τὸ
1365 3556 1843 3626 προστεταγμένον

267 3640 475 3690 ποιεῖν·
512 3639 559 3691 εἰ
584 3638 640 3690 δὲ
670 3638 831 3702 αὐτὸς
860 3642 1197 3712 αἰσχύνεται,
1221 3643 1404 3710 ἄλλοις
1436 3648 1548 3700 τισὶ
1592 3648 1844 3719 μεσίταις

266 3727 406 3799 πρὸς
428 3729 587 3784 τοῦτο
618 3730 934 3802 χρησάσθω.

280 3907 384 3960 Ἐκ
411 3905 531 3961 τῶν
565 3907 811 3963 Ἠθικῶν
843 3909 951 4032 tog
978 3910 1165 4032 αὺέοῦ
1186 3912 1372 3982 λόγου
1400 3909 1845 3983 ἐϐδομηκοστοῦ

943 3997 1046 4032 avt
1081 3998 1214 4032 οου.

943 3997 1214 4049 ευτερου.

343 4073 471 4125 Ὀτι
509 4072 616 4143 χρὴ
645 4073 754 4127 τῶν
777 4075 1063 4145 ἀκροατῶν
1096 4076 1222 4138 τοὺς
1254 4075 1725 4146 πεπαιδευμένους
1749 4077 1848 4139 τάς

2322 3185 2406 3240 Ex
2428 3203 2583 3240 serm.
2625 3185 2885 3239 tricesimo
2912 3193 3124 3254 quarto.

2012 3280 2147 3334 Eum
2171 3279 2261 3350 qui
2292 3280 2427 3334 nolit
2452 3279 2737 3332 admittere
2769 3292 2888 3346 qua:
2926 3276 3157 3332 antistes
3187 3272 3514 3339 decreverit,

1941 3381 2159 3444 oportet
2189 3372 2518 3442 respondere
2550 3370 2653 3440 ipsi
2697 3370 2871 3439 palam
2915 3377 3010 3422 aut
3054 3366 3306 3438 privatim
3349 3381 3519 3434 espo-

1944 3481 2098 3529 nere,
2129 3465 2174 3520 si
2219 3481 2377 3534 quam
2425 3463 2678 3518 habuerit
2726 3460 2958 3516 validam
3011 3460 3280 3513 rationem
3337 3457 3513 3512 sacris

1943 3557 2164 3613 Litteris
2193 3565 2615 3612 consentaneam
2654 3574 2666 3608 :
2700 3561 2794 3608 aut
2827 3564 2975 3609 certe
3004 3551 3146 3622 quod
3189 3551 3517 3620 imperatum

1944 3662 2047 3719 est,
2090 3652 2305 3707 silentio
2338 3651 2582 3720 exsequi.
2642 3649 2797 3715 Quod
2849 3648 2894 3702 si
2924 3647 3130 3718 pudore
3165 3643 3520 3715 prohibeatur

1947 3747 2050 3802 hoc
2083 3744 2282 3809 facere,
2316 3743 2437 3798 allis
2478 3742 2829 3812 quibuspiam
2867 3738 3221 3793 internuntiis
3282 3737 3350 3791 ad
3398 3750 3519 3790 eam

1945 3854 2062 3893 rem
2089 3845 2274 3891 utatur
2301 3836 2368 3888 ".

1947 3932 2029 3986 Ex
2056 3927 2337 3983 Moralium
2363 3926 2593 3996 ejusdem
2619 3939 2855 3978 sermone
2875 3921 3256 3991 septuagesimo
3272 3925 3518 3972 secundo.

2018 4086 2172 4152 Quod
2209 4084 2411 4140 debent
2435 4081 2712 4136 auditores
2759 4079 2850 4149 qui
2884 4094 3158 4134 sacrarum
3192 4075 3521 4131 Litterarum

267 4162 494 4235 Γραφάς
540 4164 850 4234 δοκιμάζειν
894 4167 961 4220 τά
1001 4166 1152 4236 παρὰ
1180 4166 1289 4220 τῶν
1336 4167 1666 4222 διδασκάλων
1703 4167 1841 4238 λεγό-

1950 4178 2109 4250 periti
2142 4183 2290 4242 sunt,
2343 4173 2587 4229 adhibito
2628 4171 2856 4242 judicio,
2891 4186 2956 4227 ea
2987 4170 3296 4224 auscultare
3345 4184 3467 4239 quae
3493 4182 3523 4221 a

346 4273 434 4310 να.

346 4273 434 4310 να.

268 4273 468 4402 με’Ήτι
492 4348 575 4402 δεῖ
603 4349 689 4404 τὸν
725 4350 1042 4422 προεστῶτα
1069 4351 1163 4404 τοῦ
1195 4351 1377 4419 λόγου,
1415 4351 1554 4420 μετά
1583 4351 1846 4422 περισκέ-

265 4439 416 4510 ψεως
442 4440 536 4493 καὶ
560 4440 882 4512 δοκιμασίας
916 4440 1138 4511 πολλῆς,
1175 4442 1316 4495 κατά
1348 4442 1548 4496 σκοπὸν
1569 4442 1668 4511 τῆς
1704 4441 1844 4511 πρὸς

1951 4267 2261 4324 doctoribus
2283 4265 2536 4321 dicuntur
2559 4265 2626 4318 ".

2022 4359 2178 4426 Quod
2224 4357 2315 4428 qui
2358 4357 2425 4411 ad
2467 4355 2773 4411 docendum
2817 4362 2903 4410 est
2930 4352 3274 4424 prrepositus,
3329 4366 3524 4422 magna

1954 4449 2439 4520 circumspectione
2473 4463 2536 4502 ac
2578 4446 2807 4518 judicio,
2855 4446 2922 4501 ad
2960 4462 3085 4500 eum
3122 4446 3282 4499 ﬁnem
3316 4454 3375 4500 ut
3414 4445 3529 4515 pla-

267 4529 402 4583 Θεὸν
437 4532 868 4602 εὐαρεστήσεως,
915 4531 1145 4584 ἕκαστον
1191 4536 1364 4585 ποιεῖν
1408 4550 1465 4586 τε
1505 4532 1600 4585 καὶ
1630 4532 1839 4599 λέγειν’

1949 4555 2068 4599 ceat
2099 4542 2226 4606 Deo,
2256 4557 2414 4614 agere
2440 4541 2651 4612 singula
2694 4539 2859 4595 debet
2909 4554 2972 4594 ac
3013 4539 3181 4609 loqui,
3220 4547 3277 4592 ut
3308 4538 3396 4607 qui
3431 4554 3526 4590 eo-

267 4624 347 4686 ῶς
373 4623 660 4692 ὀφείλοντα
701 4624 794 4677 καὶ
820 4624 910 4676 ὑπ’
937 4623 1115 4676 αὐτῶν
1144 4624 1252 4678 τῶν
1281 4624 1723 4678 πεπιστευκότων
1746 4623 1842 4676 αὑ-

263 4715 348 4787 τῷ
375 4715 786 4788 δοκιμάζεσθαι.

487 4833 575 4898 ς’.
617 4864 683 4874 -
725 4836 1050 4903 Θεοκτίστῃ
1078 4833 1152 4904 τῇ
1172 4831 1388 4888 ἑαυτοῦ
1417 4831 1597 4902 μητρί

1951 4652 2072 4692 rum
2108 4636 2272 4690 etiam
2323 4635 2532 4704 judicio
2579 4632 2672 4703 qui
2721 4648 2865 4687 curae
2903 4631 3075 4702 ipsius
3121 4630 3317 4686 crediti
3368 4636 3523 4693 sunt,

1952 4727 2266 4798 probandus
2289 4725 2360 4779 sit
2380 4725 2445 4779 “.

2305 4816 2395 4872 VI.
2427 4849 2495 4859 —-
2518 4815 2821 4870 Tlteoctistte
2851 4815 3012 4870 matri
3038 4829 3171 4868 suae.

424 4942 622 4993 Doloris
648 4948 701 4993 et
720 4946 900 4994 amoris
919 4950 1078 4995 testes
1100 4958 1158 4994 ac
1183 4942 1382 5007 pietatis
1402 4944 1575 5005 plenas
1595 4940 1792 4991 litteras
1830 4936 1988 4987 mittit
2010 4934 2173 4992 matri,
2196 4943 2307 4981 eum
2348 4943 2456 4979 eam
2493 4925 2780 4992 gravissime
2802 4931 3047 4989 egi-ctare
3078 4924 3369 4986 accepisset.

342 5049 409 5103 El
441 5045 553 5104 οἶόν
578 5066 639 5103 τε
682 5045 749 5120 ἦν
778 5051 985 5121 δάκρυα
1018 5053 1076 5104 ὲν
1112 5051 1437 5122 γράμμασιν
1463 5047 1842 5119 ἀποκομίζειν,

268 5144 560 5216 ἐμπλήσας
607 5144 811 5215 ταύτην
854 5161 954 5213 μου
991 5143 1058 5197 ἂν
1083 5144 1182 5214 τὴν
1221 5141 1530 5214 ἐπιστολὴν,
1568 5142 1726 5212 τιμία
1752 5140 1847 5194 καὶ

269 5236 499 5305 γλυκεῖα
546 5236 642 5289 καὶ
682 5233 979 5303 θεοπόθητέ
1015 5252 1116 5305 μου
1151 5237 1348 5304 μῆτερ,
1387 5233 1846 5305 παρεπεμψάμην

271 5342 358 5379 σοι
385 5327 444 5378 ὲν
467 5324 688 5388 ταύταις
712 5327 834 5389 ταῖς
866 5325 1121 5395 ἡμέραις.
1155 5325 1244 5395 Τῷ
1285 5325 1397 5379 ὄντι
1423 5325 1534 5396 γὰρ
1593 5325 1695 5377 οὐκ
1755 5324 1849 5377 ἀνο

271 5415 449 5478 εκτῶς
474 5416 625 5486 φέρω
657 5416 726 5469 τὰ
753 5417 880 5488 περὶ
911 5415 1003 5469 σοῦ
1044 5415 1281 5482 ἀκούειν,
1339 5416 1402 5469 οὒ
1429 5415 1574 5483 λέγω
1599 5415 1849 5483 ἐντάφια,

272 5503 414 5558 ἀλλά
436 5507 530 5559 καὶ
553 5510 839 5577 νοσήματα
879 5507 1270 5579 ἐπιθανάσιμα.
1308 5507 1420 5562 Καὶ
1453 5507 1541 5560 ἵνα
1567 5507 1619 5560 τί
1647 5505 1844 5573 οὕτως,

279 5597 456 5669 μῆτέρ
481 5616 603 5668 μου,
631 5598 776 5652 εἵλου
818 5601 964 5670 ἡμᾶς
992 5601 1172 5664 ἐᾶσαι,
1201 5601 1534 5671 ἀγαπήσασα
1582 5599 1673 5652 τὸν
1719 5598 1848 5668 μέλ-

256 5678 437 5741 ’λοντα
486 5689 692 5758 αἰῶνα;
733 5689 1038 5760 ἐκδημῆσαι
1079 5691 1172 5760 ἀφ’
1204 5690 1380 5761 ἡμῶν,
1411 5691 1502 5742 καὶ
1546 5689 1846 5758 ἐνδημῆσαι

2017 5038 2074 5094 Si
2108 5037 2223 5092 ﬁeri
2262 5042 2448 5106 posset
2472 5043 2532 5087 ut
2561 5033 2614 5086 in
2658 5031 2853 5086 litteris
2887 5032 3135 5102 lacrymre
3157 5030 3520 5098 deferrentur,

1950 5129 2037 5184 his
2064 5127 2278 5198 plenam
2309 5124 2449 5178 hanc
2492 5122 2776 5192 epistolam
2813 5135 3013 5186 meam,
3047 5119 3275 5174 colenda
3319 5129 3374 5176 et
3402 5120 3526 5176 dul-

1950 5222 2029 5277 cis
2069 5221 2287 5289 Deoque
2325 5224 2546 5284 accepta
2591 5223 2787 5277 mater,
2837 5212 2922 5266 his
2967 5211 3161 5266 diebus
3205 5212 3272 5265 ad
3313 5219 3365 5266 te
3416 5213 3524 5268 mi-

1952 5311 2165 5366 sissem.
2203 5306 2412 5361 Revera
2442 5304 2588 5359 enim
2612 5301 3087 5372 impatientissime
3124 5301 3262 5369 fero,
3295 5318 3418 5358 cum
3454 5304 3523 5360 de

1954 5404 2120 5458 rebus
2161 5400 2269 5456 tuis
2307 5397 2489 5464 audio,
2517 5412 2628 5452 non
2679 5396 2804 5450 dico
2852 5394 3121 5459 funebria,
3151 5395 3246 5450 sed
3300 5398 3525 5453 morbos

1955 5497 2120 5552 etiam
2151 5494 2402 5549 lethales.
2435 5490 2512 5546 Ae
2553 5504 2814 5560 quorsum
2859 5488 2933 5541 ita
2960 5502 3084 5551 nos,
3115 5495 3311 5552 mater,
3357 5488 3525 5542 relin-

1955 5606 2125 5662 quere
2147 5589 2307 5643 libuit
2342 5585 2513 5642 futuri
2545 5585 2727 5640 saeculi
2759 5582 3074 5638 desiderio?
3108 5597 3138 5638 a
3167 5582 3328 5637 nobis
3348 5581 3522 5646 abire,

1954 5692 2010 5738 et
2030 5683 2097 5737 ad
2137 5681 2432 5736 Dominum
2486 5677 2753 5749 proﬁcisci
2778 5676 2801 5728 ἲ
2831 5676 2940 5731 Sed
2988 5685 3046 5730 tu
3074 5675 3358 5742 nimirum,
3403 5690 3526 5743 qua:

351 5803 394 5834 ¹⁹
423 5799 443 5853 1
468 5800 588 5857 Cor.
629 5818 692 5872 ιι,
725 5803 775 5857 ί.
852 5801 898 5833 ²⁰
921 5799 1102 5873 Regul.
1130 5803 1230 5873 fus.
1256 5801 1478 5871 disput.,
1511 5799 1820 5868 interrogat.

2018 5798 2060 5831 "
2094 5797 2413 5867 lnterrogat.
2447 5796 2534 5851 i7.
2611 5796 2654 5828 ²¹
2690 5791 2889 5864 Regula
2913 5793 3003 5861 72,
3039 5807 3159 5862 cap.
3192 5791 3244 5846 1.
3319 5793 3366 5825 ’³
3388 5791 3522 5863 Reg.

276 5872 369 5937 τι).
393 5888 514 5943 cap.
539 5873 627 5927 37.
