  <div class='ocr_page' id='page_1' title='image "/cluster/home/n/w/nwhite01/storage/ocr_20150623/99/uva.x002264937/491.png"; bbox 0 0 4170 6476; ppageno 0'>
   <div class='ocr_carea' id='block_1_1' title="bbox 694 396 795 458">
    <p class='ocr_par' dir='ltr' id='par_1_1' title="bbox 694 396 795 458">
     <span class='ocr_line' id='line_1_1' title="bbox 694 396 795 458; baseline 0 0"><span class='ocrx_word' id='word_1_1' title='bbox 694 396 795 458; x_wconf 68' lang='grc'>997</span> 
     </span>
    </p>
   </div>
   <div class='ocr_carea' id='block_1_2' title="bbox 1876 404 2767 465">
    <p class='ocr_par' dir='ltr' id='par_1_2' title="bbox 1876 404 2767 465">
     <span class='ocr_line' id='line_1_2' title="bbox 1876 404 2767 465; baseline 0.001 -3"><span class='ocrx_word' id='word_1_2' title='bbox 1876 404 1935 463; x_wconf 86' lang='lat' dir='ltr'>S.</span> <span class='ocrx_word' id='word_1_3' title='bbox 1976 404 2366 465; x_wconf 79' lang='lat' dir='ltr'>TllEODORI</span> <span class='ocrx_word' id='word_1_4' title='bbox 2417 405 2767 465; x_wconf 76' lang='lat' dir='ltr'>STUDIT/E</span> 
     </span>
    </p>
   </div>
   <div class='ocr_carea' id='block_1_3' title="bbox 3849 398 3953 462">
    <p class='ocr_par' dir='ltr' id='par_1_3' title="bbox 3849 398 3953 462">
     <span class='ocr_line' id='line_1_3' title="bbox 3849 398 3953 462; baseline 0 0"><span class='ocrx_word' id='word_1_5' title='bbox 3849 398 3953 462; x_wconf 75' lang='lat'>928</span> 
     </span>
    </p>
   </div>
   <div class='ocr_carea' id='block_1_4' title="bbox 693 504 2264 585">
    <p class='ocr_par' dir='ltr' id='par_1_4' title="bbox 693 504 2264 579">
     <span class='ocr_line' id='line_1_4' title="bbox 693 504 2264 579; baseline 0.007 -20"><span class='ocrx_word' id='word_1_6' title='bbox 693 506 764 559; x_wconf 87' lang='lat' dir='ltr'>ibi</span> <span class='ocrx_word' id='word_1_7' title='bbox 797 514 925 559; x_wconf 89' lang='lat' dir='ltr'>sunt</span> <span class='ocrx_word' id='word_1_8' title='bbox 952 504 1256 572; x_wconf 88' lang='lat' dir='ltr'>adamaras,</span> <span class='ocrx_word' id='word_1_9' title='bbox 1292 515 1612 578; x_wconf 89' lang='lat' dir='ltr'>mutatoque</span> <span class='ocrx_word' id='word_1_10' title='bbox 1636 512 1896 579; x_wconf 84' lang='lat' dir='ltr'>majorem</span> <span class='ocrx_word' id='word_1_11' title='bbox 1928 515 1998 568; x_wconf 92' lang='lat' dir='ltr'>ob</span> <span class='ocrx_word' id='word_1_12' title='bbox 2023 516 2264 569; x_wconf 81' lang='lat' dir='ltr'>eil&#39;ectun</span> 
     </span>
    </p>
   </div>
   <div class='ocr_carea' id='block_1_5' title="bbox 2368 504 3955 585">
    <p class='ocr_par' dir='ltr' id='par_1_5' title="bbox 2386 510 3955 585">
     <span class='ocr_line' id='line_1_5' title="bbox 2386 510 3955 585; baseline -0.003 -17"><span class='ocrx_word' id='word_1_13' title='bbox 2386 514 2521 585; x_wconf 70' lang='grc' dir='ltr'>πρὸς</span> <span class='ocrx_word' id='word_1_14' title='bbox 2565 514 2796 585; x_wconf 81' lang='lat' dir='ltr'>Ktiptov;</span> <span class='ocrx_word' id='word_1_15' title='bbox 2836 512 3001 565; x_wconf 76' lang='grc' dir='ltr'>Ἀλλά</span> <span class='ocrx_word' id='word_1_16' title='bbox 3031 512 3098 565; x_wconf 78' lang='grc' dir='ltr'>τά</span> <span class='ocrx_word' id='word_1_17' title='bbox 3128 512 3244 564; x_wconf 80' lang='grc' dir='ltr'>ἐκεῖ</span> <span class='ocrx_word' id='word_1_18' title='bbox 3279 510 3493 573; x_wconf 76' lang='grc' dir='ltr'>πάντως</span> <span class='ocrx_word' id='word_1_19' title='bbox 3515 510 3830 580; x_wconf 70' lang='grc' dir='ltr'>ἡγαπήκεις</span> <span class='ocrx_word' id='word_1_20' title='bbox 3850 528 3864 543; x_wconf 82' lang='grc'><em>’</em></span> <span class='ocrx_word' id='word_1_21' title='bbox 3896 513 3955 563; x_wconf 77' lang='grc' dir='ltr'>ὲκ</span> 
     </span>
    </p>
   </div>
   <div class='ocr_carea' id='block_1_6' title="bbox 690 599 2269 671">
    <p class='ocr_par' dir='ltr' id='par_1_6' title="bbox 690 599 2269 671">
     <span class='ocr_line' id='line_1_6' title="bbox 690 599 2269 671; baseline 0.008 -21"><span class='ocrx_word' id='word_1_22' title='bbox 690 599 988 667; x_wconf 88' lang='lat' dir='ltr'>proposito,</span> <span class='ocrx_word' id='word_1_23' title='bbox 1024 600 1091 653; x_wconf 90' lang='lat' dir='ltr'>ad</span> <span class='ocrx_word' id='word_1_24' title='bbox 1135 600 1408 671; x_wconf 79' lang='lat' dir='ltr'>egregiam</span> <span class='ocrx_word' id='word_1_25' title='bbox 1442 612 1795 671; x_wconf 97' lang='lat' dir='ltr'>sanctamque</span> <span class='ocrx_word' id='word_1_26' title='bbox 1828 620 2070 661; x_wconf 86' lang='lat' dir='ltr'>sororem</span> <span class='ocrx_word' id='word_1_27' title='bbox 2094 625 2269 664; x_wconf 86' lang='lat' dir='ltr'>meant</span> 
     </span>
    </p>
   </div>
   <div class='ocr_carea' id='block_1_7' title="bbox 694 690 2269 761">
    <p class='ocr_par' dir='ltr' id='par_1_7' title="bbox 694 690 2269 761">
     <span class='ocr_line' id='line_1_7' title="bbox 694 690 2269 761; baseline 0.008 -19"><span class='ocrx_word' id='word_1_28' title='bbox 694 690 983 759; x_wconf 80' lang='lat' dir='ltr'>pervenire</span> <span class='ocrx_word' id='word_1_29' title='bbox 1022 692 1315 761; x_wconf 86' lang='lat' dir='ltr'>gestiebas,</span> <span class='ocrx_word' id='word_1_30' title='bbox 1350 702 1404 746; x_wconf 90' lang='lat' dir='ltr'>et</span> <span class='ocrx_word' id='word_1_31' title='bbox 1427 694 1491 746; x_wconf 91' lang='lat' dir='ltr'>ad</span> <span class='ocrx_word' id='word_1_32' title='bbox 1528 694 1741 748; x_wconf 82' lang='lat' dir='ltr'>dulcem</span> <span class='ocrx_word' id='word_1_33' title='bbox 1768 696 2050 752; x_wconf 88' lang='lat' dir='ltr'>dominum</span> <span class='ocrx_word' id='word_1_34' title='bbox 2085 715 2269 755; x_wconf 90' lang='lat' dir='ltr'>meum</span> 
     </span>
    </p>
   </div>
   <div class='ocr_carea' id='block_1_8' title="bbox 693 781 2272 853">
    <p class='ocr_par' dir='ltr' id='par_1_8' title="bbox 693 781 2272 853">
     <span class='ocr_line' id='line_1_8' title="bbox 693 781 2272 853; baseline 0.008 -21"><span class='ocrx_word' id='word_1_35' title='bbox 693 781 1066 851; x_wconf 76' lang='lat' dir='ltr'>Eutltyntium,</span> <span class='ocrx_word' id='word_1_36' title='bbox 1098 791 1192 836; x_wconf 89' lang='lat' dir='ltr'>aut</span> <span class='ocrx_word' id='word_1_37' title='bbox 1215 784 1281 837; x_wconf 91' lang='lat' dir='ltr'>ad</span> <span class='ocrx_word' id='word_1_38' title='bbox 1328 784 1505 852; x_wconf 90' lang='lat' dir='ltr'>ipsum</span> <span class='ocrx_word' id='word_1_39' title='bbox 1552 786 1733 853; x_wconf 90' lang='lat' dir='ltr'>potius</span> <span class='ocrx_word' id='word_1_40' title='bbox 1782 799 2095 843; x_wconf 88' lang='lat' dir='ltr'>sanctorum</span> <span class='ocrx_word' id='word_1_41' title='bbox 2139 790 2272 845; x_wconf 84' lang='lat' dir='ltr'>cito-</span> 
     </span>
    </p>
   </div>
   <div class='ocr_carea' id='block_1_9' title="bbox 690 870 2269 954">
    <p class='ocr_par' dir='ltr' id='par_1_9' title="bbox 690 870 2269 954">
     <span class='ocr_line' id='line_1_9' title="bbox 690 870 2269 954; baseline 0.008 -30"><span class='ocrx_word' id='word_1_42' title='bbox 690 887 830 925; x_wconf 85' lang='lat' dir='ltr'>rum.</span> <span class='ocrx_word' id='word_1_43' title='bbox 868 870 933 925; x_wconf 83' lang='lat' dir='ltr'>Et</span> <span class='ocrx_word' id='word_1_44' title='bbox 974 888 1082 942; x_wconf 89' lang='lat' dir='ltr'>quo</span> <span class='ocrx_word' id='word_1_45' title='bbox 1134 884 1315 942; x_wconf 87' lang='lat' dir='ltr'>pacto,</span> <span class='ocrx_word' id='word_1_46' title='bbox 1358 884 1549 937; x_wconf 89' lang='lat' dir='ltr'>tnater,</span> <span class='ocrx_word' id='word_1_47' title='bbox 1598 878 1714 931; x_wconf 88' lang='lat' dir='ltr'>sine</span> <span class='ocrx_word' id='word_1_48' title='bbox 1762 879 2010 949; x_wconf 68' lang='lat' dir='ltr'>lacryntis</span> <span class='ocrx_word' id='word_1_49' title='bbox 2052 897 2269 954; x_wconf 89' lang='lat' dir='ltr'>pergam</span> 
     </span>
    </p>
   </div>
   <div class='ocr_carea' id='block_1_10' title="bbox 689 962 2272 1036">
    <p class='ocr_par' dir='ltr' id='par_1_10' title="bbox 689 962 2272 1036">
     <span class='ocr_line' id='line_1_10' title="bbox 689 962 2272 1036; baseline 0.008 -22"><span class='ocrx_word' id='word_1_50' title='bbox 689 962 975 1028; x_wconf 74' lang='lat' dir='ltr'>epistolam</span> <span class='ocrx_word' id='word_1_51' title='bbox 1027 964 1367 1018; x_wconf 87' lang='lat' dir='ltr'>contexere?</span> <span class='ocrx_word' id='word_1_52' title='bbox 1405 964 1545 1035; x_wconf 77' lang='lat' dir='ltr'>Ergo</span> <span class='ocrx_word' id='word_1_53' title='bbox 1591 966 1643 1019; x_wconf 90' lang='lat' dir='ltr'>id</span> <span class='ocrx_word' id='word_1_54' title='bbox 1690 967 1957 1036; x_wconf 84' lang='lat' dir='ltr'>reliquum</span> <span class='ocrx_word' id='word_1_55' title='bbox 1998 970 2101 1023; x_wconf 83' lang='lat' dir='ltr'>fuit</span> <span class='ocrx_word' id='word_1_56' title='bbox 2141 972 2272 1026; x_wconf 81' lang='lat' dir='ltr'>infe-</span> 
     </span>
    </p>
   </div>
   <div class='ocr_carea' id='block_1_11' title="bbox 692 1054 2269 1128">
    <p class='ocr_par' dir='ltr' id='par_1_11' title="bbox 692 1054 2269 1128">
     <span class='ocr_line' id='line_1_11' title="bbox 692 1054 2269 1128; baseline 0.006 -21"><span class='ocrx_word' id='word_1_57' title='bbox 692 1054 777 1108; x_wconf 91' lang='lat' dir='ltr'>lici</span> <span class='ocrx_word' id='word_1_58' title='bbox 821 1056 942 1109; x_wconf 80' lang='lat' dir='ltr'>vita:</span> <span class='ocrx_word' id='word_1_59' title='bbox 988 1072 1141 1117; x_wconf 68' lang='lat' dir='ltr'>meae.</span> <span class='ocrx_word' id='word_1_60' title='bbox 1176 1064 1485 1110; x_wconf 88' lang='lat' dir='ltr'>utntortem</span> <span class='ocrx_word' id='word_1_61' title='bbox 1511 1073 1732 1128; x_wconf 87' lang='lat' dir='ltr'>quoque</span> <span class='ocrx_word' id='word_1_62' title='bbox 1792 1070 1941 1114; x_wconf 86' lang='lat' dir='ltr'>tuam</span> <span class='ocrx_word' id='word_1_63' title='bbox 2004 1064 2269 1117; x_wconf 86' lang='lat' dir='ltr'>audiam?</span> 
     </span>
    </p>
   </div>
   <div class='ocr_carea' id='block_1_12' title="bbox 693 1146 2267 1217">
    <p class='ocr_par' dir='ltr' id='par_1_12' title="bbox 693 1146 2267 1217">
     <span class='ocr_line' id='line_1_12' title="bbox 693 1146 2267 1217; baseline 0.008 -20"><span class='ocrx_word' id='word_1_64' title='bbox 693 1146 1059 1214; x_wconf 87' lang='lat' dir='ltr'>utlugubrent</span> <span class='ocrx_word' id='word_1_65' title='bbox 1088 1146 1186 1200; x_wconf 88' lang='lat' dir='ltr'>tibi</span> <span class='ocrx_word' id='word_1_66' title='bbox 1232 1156 1451 1201; x_wconf 90' lang='lat' dir='ltr'>cantum</span> <span class='ocrx_word' id='word_1_67' title='bbox 1504 1148 1860 1217; x_wconf 87' lang='lat' dir='ltr'>impendam?</span> <span class='ocrx_word' id='word_1_68' title='bbox 1898 1162 1956 1206; x_wconf 93' lang='lat' dir='ltr'>ut</span> <span class='ocrx_word' id='word_1_69' title='bbox 1999 1156 2267 1209; x_wconf 89' lang='lat' dir='ltr'>tumulum</span> 
     </span>
    </p>
   </div>
   <div class='ocr_carea' id='block_1_13' title="bbox 691 1238 2269 1315">
    <p class='ocr_par' dir='ltr' id='par_1_13' title="bbox 691 1238 2269 1315">
     <span class='ocr_line' id='line_1_13' title="bbox 691 1238 2269 1315; baseline 0.008 -25"><span class='ocrx_word' id='word_1_70' title='bbox 691 1246 844 1290; x_wconf 87' lang='lat' dir='ltr'>ttttttn</span> <span class='ocrx_word' id='word_1_71' title='bbox 892 1252 1145 1299; x_wconf 87' lang='lat' dir='ltr'>cernens,</span> <span class='ocrx_word' id='word_1_72' title='bbox 1189 1238 1372 1308; x_wconf 90' lang='lat' dir='ltr'>elegos</span> <span class='ocrx_word' id='word_1_73' title='bbox 1427 1238 1764 1292; x_wconf 82' lang='lat' dir='ltr'>inscribam?</span> <span class='ocrx_word' id='word_1_74' title='bbox 1818 1252 1873 1294; x_wconf 90' lang='lat' dir='ltr'>ut</span> <span class='ocrx_word' id='word_1_75' title='bbox 1925 1252 1983 1296; x_wconf 92' lang='lat' dir='ltr'>tu</span> <span class='ocrx_word' id='word_1_76' title='bbox 2041 1260 2269 1315; x_wconf 89' lang='lat' dir='ltr'>corpore</span> 
     </span>
    </p>
   </div>
   <div class='ocr_carea' id='block_1_14' title="bbox 690 1326 2265 1401">
    <p class='ocr_par' dir='ltr' id='par_1_14' title="bbox 690 1326 2265 1401">
     <span class='ocr_line' id='line_1_14' title="bbox 690 1326 2265 1401; baseline 0.008 -24"><span class='ocrx_word' id='word_1_77' title='bbox 690 1326 908 1393; x_wconf 77' lang='lat' dir='ltr'>quidem</span> <span class='ocrx_word' id='word_1_78' title='bbox 937 1326 1038 1380; x_wconf 89' lang='lat' dir='ltr'>sub</span> <span class='ocrx_word' id='word_1_79' title='bbox 1062 1334 1205 1379; x_wconf 88' lang='lat' dir='ltr'>terra</span> <span class='ocrx_word' id='word_1_80' title='bbox 1235 1326 1523 1395; x_wconf 90' lang='lat' dir='ltr'>deponaris</span> <span class='ocrx_word' id='word_1_81' title='bbox 1554 1344 1567 1379; x_wconf 89' lang='lat'><strong>:</strong></span> <span class='ocrx_word' id='word_1_82' title='bbox 1601 1328 1797 1397; x_wconf 77' lang='lat' dir='ltr'>spiritu</span> <span class='ocrx_word' id='word_1_83' title='bbox 1828 1330 1997 1395; x_wconf 90' lang='lat' dir='ltr'>enim,</span> <span class='ocrx_word' id='word_1_84' title='bbox 2028 1344 2109 1387; x_wconf 88' lang='lat' dir='ltr'>sat</span> <span class='ocrx_word' id='word_1_85' title='bbox 2131 1336 2265 1401; x_wconf 84' lang='lat' dir='ltr'>scio,</span> 
     </span>
    </p>
   </div>
   <div class='ocr_carea' id='block_1_15' title="bbox 693 1418 2264 1495">
    <p class='ocr_par' dir='ltr' id='par_1_15' title="bbox 693 1418 2264 1495">
     <span class='ocr_line' id='line_1_15' title="bbox 693 1418 2264 1495; baseline 0.008 -24"><span class='ocrx_word' id='word_1_86' title='bbox 693 1421 745 1471; x_wconf 89' lang='lat' dir='ltr'>itt</span> <span class='ocrx_word' id='word_1_87' title='bbox 792 1418 933 1489; x_wconf 62' lang='lat' dir='ltr'>coelo</span> <span class='ocrx_word' id='word_1_88' title='bbox 975 1418 1284 1473; x_wconf 87' lang='lat' dir='ltr'>habitabis:</span> <span class='ocrx_word' id='word_1_89' title='bbox 1331 1435 1432 1489; x_wconf 90' lang='lat' dir='ltr'>ego</span> <span class='ocrx_word' id='word_1_90' title='bbox 1488 1436 1618 1475; x_wconf 86' lang='lat' dir='ltr'>vero</span> <span class='ocrx_word' id='word_1_91' title='bbox 1672 1423 1726 1475; x_wconf 91' lang='lat' dir='ltr'>in</span> <span class='ocrx_word' id='word_1_92' title='bbox 1786 1433 1929 1478; x_wconf 89' lang='lat' dir='ltr'>terra</span> <span class='ocrx_word' id='word_1_93' title='bbox 1993 1441 2264 1495; x_wconf 89' lang='lat' dir='ltr'>maneam,</span> 
     </span>
    </p>
   </div>
   <div class='ocr_carea' id='block_1_16' title="bbox 694 1509 2269 1579">
    <p class='ocr_par' dir='ltr' id='par_1_16' title="bbox 694 1509 2269 1579">
     <span class='ocr_line' id='line_1_16' title="bbox 694 1509 2269 1579; baseline 0.009 -18"><span class='ocrx_word' id='word_1_94' title='bbox 694 1509 905 1561; x_wconf 89' lang='lat' dir='ltr'>tristem</span> <span class='ocrx_word' id='word_1_95' title='bbox 937 1509 1119 1563; x_wconf 83' lang='lat' dir='ltr'>adhuc</span> <span class='ocrx_word' id='word_1_96' title='bbox 1148 1517 1203 1563; x_wconf 90' lang='lat' dir='ltr'>et</span> <span class='ocrx_word' id='word_1_97' title='bbox 1244 1510 1480 1579; x_wconf 83' lang='lat' dir='ltr'>peccatis</span> <span class='ocrx_word' id='word_1_98' title='bbox 1507 1512 1741 1565; x_wconf 89' lang='lat' dir='ltr'>obsitam</span> <span class='ocrx_word' id='word_1_99' title='bbox 1782 1513 1947 1568; x_wconf 83' lang='lat' dir='ltr'>vitam</span> <span class='ocrx_word' id='word_1_100' title='bbox 1991 1520 2215 1574; x_wconf 91' lang='lat' dir='ltr'>trahens</span> <span class='ocrx_word' id='word_1_101' title='bbox 2246 1522 2269 1575; x_wconf 83' lang='lat'><strong>?</strong></span> 
     </span>
    </p>
   </div>
   <div class='ocr_carea' id='block_1_17' title="bbox 690 1601 2262 1667">
    <p class='ocr_par' dir='ltr' id='par_1_17' title="bbox 690 1601 2262 1667">
     <span class='ocr_line' id='line_1_17' title="bbox 690 1601 2262 1667; baseline 0.009 -15"><span class='ocrx_word' id='word_1_102' title='bbox 690 1601 973 1665; x_wconf 77' lang='lat' dir='ltr'>Quomodo</span> <span class='ocrx_word' id='word_1_103' title='bbox 1010 1602 1125 1655; x_wconf 79' lang='lat' dir='ltr'>inec</span> <span class='ocrx_word' id='word_1_104' title='bbox 1164 1602 1429 1655; x_wconf 82' lang='lat' dir='ltr'>ferenda?</span> <span class='ocrx_word' id='word_1_105' title='bbox 1460 1603 1591 1656; x_wconf 91' lang='lat' dir='ltr'>milti</span> <span class='ocrx_word' id='word_1_106' title='bbox 1639 1620 1769 1658; x_wconf 88' lang='lat' dir='ltr'>vero</span> <span class='ocrx_word' id='word_1_107' title='bbox 1819 1622 1929 1661; x_wconf 91' lang='lat' dir='ltr'>non</span> <span class='ocrx_word' id='word_1_108' title='bbox 1985 1610 2262 1667; x_wconf 81' lang='lat' dir='ltr'>eveniant.</span> 
     </span>
    </p>
   </div>
   <div class='ocr_carea' id='block_1_18' title="bbox 691 1692 2266 1760">
    <p class='ocr_par' dir='ltr' id='par_1_18' title="bbox 691 1692 2266 1760">
     <span class='ocr_line' id='line_1_18' title="bbox 691 1692 2266 1760; baseline 0.009 -17"><span class='ocrx_word' id='word_1_109' title='bbox 691 1693 948 1746; x_wconf 80' lang='lat' dir='ltr'>Attamen</span> <span class='ocrx_word' id='word_1_110' title='bbox 988 1692 1354 1760; x_wconf 88' lang='lat' dir='ltr'>permittenda</span> <span class='ocrx_word' id='word_1_111' title='bbox 1401 1702 1529 1747; x_wconf 90' lang='lat' dir='ltr'>sunt</span> <span class='ocrx_word' id='word_1_112' title='bbox 1560 1697 1743 1749; x_wconf 81' lang='lat' dir='ltr'>omnia</span> <span class='ocrx_word' id='word_1_113' title='bbox 1788 1698 2018 1752; x_wconf 89' lang='lat' dir='ltr'>consilio</span> <span class='ocrx_word' id='word_1_114' title='bbox 2068 1702 2266 1756; x_wconf 88' lang='lat' dir='ltr'>volun-</span> 
     </span>
    </p>
   </div>
   <div class='ocr_carea' id='block_1_19' title="bbox 694 1781 2263 1858">
    <p class='ocr_par' dir='ltr' id='par_1_19' title="bbox 694 1781 2263 1858">
     <span class='ocr_line' id='line_1_19' title="bbox 694 1781 2263 1858; baseline 0.008 -23"><span class='ocrx_word' id='word_1_115' title='bbox 694 1782 897 1850; x_wconf 87' lang='lat' dir='ltr'>tatique</span> <span class='ocrx_word' id='word_1_116' title='bbox 937 1782 1127 1851; x_wconf 82' lang='lat' dir='ltr'>Optimi</span> <span class='ocrx_word' id='word_1_117' title='bbox 1160 1781 1252 1835; x_wconf 92' lang='lat' dir='ltr'>Dei</span> <span class='ocrx_word' id='word_1_118' title='bbox 1298 1786 1488 1837; x_wconf 90' lang='lat' dir='ltr'>nostri.</span> <span class='ocrx_word' id='word_1_119' title='bbox 1520 1785 1851 1841; x_wconf 87' lang='lat' dir='ltr'>Novitenitn</span> <span class='ocrx_word' id='word_1_120' title='bbox 1887 1790 2015 1858; x_wconf 89' lang='lat' dir='ltr'>quid</span> <span class='ocrx_word' id='word_1_121' title='bbox 2060 1794 2263 1848; x_wconf 88' lang='lat' dir='ltr'>condu-</span> 
     </span>
    </p>
   </div>
   <div class='ocr_carea' id='block_1_20' title="bbox 2377 602 3949 675">
    <p class='ocr_par' dir='ltr' id='par_1_20' title="bbox 2377 602 3949 675">
     <span class='ocr_line' id='line_1_20' title="bbox 2377 602 3949 675; baseline -0.001 -18"><span class='ocrx_word' id='word_1_122' title='bbox 2377 607 2621 668; x_wconf 77' lang='grc' dir='ltr'>πλείονος</span> <span class='ocrx_word' id='word_1_123' title='bbox 2670 605 2837 658; x_wconf 81' lang='grc' dir='ltr'><strong>πόθου</strong></span> <span class='ocrx_word' id='word_1_124' title='bbox 2868 608 2934 675; x_wconf 79' lang='grc' dir='ltr'>τῇ</span> <span class='ocrx_word' id='word_1_125' title='bbox 2964 605 3201 657; x_wconf 77' lang='grc' dir='ltr'>διαθέσει</span> <span class='ocrx_word' id='word_1_126' title='bbox 3250 603 3627 674; x_wconf 78' lang='grc' dir='ltr'>μετατεθεῖσα,</span> <span class='ocrx_word' id='word_1_127' title='bbox 3654 602 3755 674; x_wconf 79' lang='grc' dir='ltr'>τὴν</span> <span class='ocrx_word' id='word_1_128' title='bbox 3784 603 3949 671; x_wconf 72' lang='grc' dir='ltr'>καλὴι</span> 
     </span>
    </p>
   </div>
   <div class='ocr_carea' id='block_1_21' title="bbox 2374 692 3956 765">
    <p class='ocr_par' dir='ltr' id='par_1_21' title="bbox 2374 692 3956 765">
     <span class='ocr_line' id='line_1_21' title="bbox 2374 692 3956 765; baseline -0.002 -17"><span class='ocrx_word' id='word_1_129' title='bbox 2374 696 2470 748; x_wconf 71' lang='grc' dir='ltr'>καὶ</span> <span class='ocrx_word' id='word_1_130' title='bbox 2511 697 2673 763; x_wconf 81' lang='grc' dir='ltr'>ἁγίαν</span> <span class='ocrx_word' id='word_1_131' title='bbox 2704 713 2807 765; x_wconf 88' lang='grc' dir='ltr'>μου</span> <span class='ocrx_word' id='word_1_132' title='bbox 2841 694 3078 764; x_wconf 81' lang='grc' dir='ltr'>ἀδελφὴν</span> <span class='ocrx_word' id='word_1_133' title='bbox 3108 694 3182 757; x_wconf 82' lang='grc' dir='ltr'>ὡς</span> <span class='ocrx_word' id='word_1_134' title='bbox 3229 693 3431 763; x_wconf 75' lang='grc' dir='ltr'>μᾶλλον</span> <span class='ocrx_word' id='word_1_135' title='bbox 3475 692 3833 762; x_wconf 66' lang='grc' dir='ltr'>ἐπεθύμησας</span> <span class='ocrx_word' id='word_1_136' title='bbox 3864 711 3956 745; x_wconf 86' lang='grc' dir='ltr'>κα-</span> 
     </span>
    </p>
   </div>
   <div class='ocr_carea' id='block_1_22' title="bbox 2372 782 3953 855">
    <p class='ocr_par' dir='ltr' id='par_1_22' title="bbox 2372 782 3953 855">
     <span class='ocr_line' id='line_1_22' title="bbox 2372 782 3953 855; baseline -0.004 -15"><span class='ocrx_word' id='word_1_137' title='bbox 2372 789 2649 851; x_wconf 78' lang='grc' dir='ltr'>ταλαϐεῖν,</span> <span class='ocrx_word' id='word_1_138' title='bbox 2685 789 2782 842; x_wconf 76' lang='grc' dir='ltr'>καὶ</span> <span class='ocrx_word' id='word_1_139' title='bbox 2807 787 2898 841; x_wconf 81' lang='grc' dir='ltr'>τὸν</span> <span class='ocrx_word' id='word_1_140' title='bbox 2926 786 3134 855; x_wconf 80' lang='grc' dir='ltr'>γλυκύν</span> <span class='ocrx_word' id='word_1_141' title='bbox 3168 803 3271 855; x_wconf 91' lang='grc' dir='ltr'>μου</span> <span class='ocrx_word' id='word_1_142' title='bbox 3294 784 3457 854; x_wconf 83' lang='grc' dir='ltr'>κῦριν</span> <span class='ocrx_word' id='word_1_143' title='bbox 3482 782 3781 854; x_wconf 80' lang='grc' dir='ltr'>Εὐθύμιον,</span> <span class='ocrx_word' id='word_1_144' title='bbox 3819 785 3953 853; x_wconf 75' lang='grc' dir='ltr'>μᾶλ-</span> 
     </span>
    </p>
   </div>
   <div class='ocr_carea' id='block_1_23' title="bbox 2371 872 3952 950">
    <p class='ocr_par' dir='ltr' id='par_1_23' title="bbox 2371 872 3952 950">
     <span class='ocr_line' id='line_1_23' title="bbox 2371 872 3952 950; baseline -0.002 -15"><span class='ocrx_word' id='word_1_145' title='bbox 2371 882 2461 936; x_wconf 89' lang='grc' dir='ltr'>λον</span> <span class='ocrx_word' id='word_1_146' title='bbox 2489 884 2545 935; x_wconf 84' lang='grc' dir='ltr'>δὲ</span> <span class='ocrx_word' id='word_1_147' title='bbox 2578 882 2667 936; x_wconf 79' lang='grc' dir='ltr'>τὸν</span> <span class='ocrx_word' id='word_1_148' title='bbox 2710 882 2821 934; x_wconf 83' lang='grc' dir='ltr'>τῶν</span> <span class='ocrx_word' id='word_1_149' title='bbox 2873 882 3045 949; x_wconf 81' lang='grc' dir='ltr'>ἁγίων</span> <span class='ocrx_word' id='word_1_150' title='bbox 3095 880 3274 950; x_wconf 85' lang='grc' dir='ltr'>χορόν.</span> <span class='ocrx_word' id='word_1_151' title='bbox 3331 880 3461 943; x_wconf 68' lang='grc' dir='ltr'>Καὶ,</span> <span class='ocrx_word' id='word_1_152' title='bbox 3494 872 3541 932; x_wconf 79' lang='grc' dir='ltr'><strong>ὧ</strong></span> <span class='ocrx_word' id='word_1_153' title='bbox 3594 878 3793 948; x_wconf 79' lang='grc' dir='ltr'>μῆτερ,</span> <span class='ocrx_word' id='word_1_154' title='bbox 3839 879 3952 942; x_wconf 80' lang='grc' dir='ltr'>πῶς</span> 
     </span>
    </p>
   </div>
   <div class='ocr_carea' id='block_1_24' title="bbox 2372 969 3949 1047">
    <p class='ocr_par' dir='ltr' id='par_1_24' title="bbox 2372 969 3949 1047">
     <span class='ocr_line' id='line_1_24' title="bbox 2372 969 3949 1047; baseline -0.003 -20"><span class='ocrx_word' id='word_1_155' title='bbox 2372 975 2638 1047; x_wconf 74' lang='grc' dir='ltr'>ἀδακρυτὶ</span> <span class='ocrx_word' id='word_1_156' title='bbox 2677 973 3091 1045; x_wconf 78' lang='grc' dir='ltr'>παρελεύσομαι</span> <span class='ocrx_word' id='word_1_157' title='bbox 3114 973 3215 1041; x_wconf 77' lang='grc' dir='ltr'>τὴν</span> <span class='ocrx_word' id='word_1_158' title='bbox 3248 970 3541 1040; x_wconf 65' lang='grc' dir='ltr'>επιστολὴν</span> <span class='ocrx_word' id='word_1_159' title='bbox 3572 969 3949 1040; x_wconf 79' lang='grc' dir='ltr'>διερχόμενοςς</span> 
     </span>
    </p>
   </div>
   <div class='ocr_carea' id='block_1_25' title="bbox 2372 1060 3955 1138">
    <p class='ocr_par' dir='ltr' id='par_1_25' title="bbox 2372 1060 3955 1138">
     <span class='ocr_line' id='line_1_25' title="bbox 2372 1060 3955 1138; baseline -0.006 -18"><span class='ocrx_word' id='word_1_160' title='bbox 2372 1064 2479 1138; x_wconf 86' lang='grc' dir='ltr'>ἆρα</span> <span class='ocrx_word' id='word_1_161' title='bbox 2518 1067 2806 1120; x_wconf 78' lang='grc' dir='ltr'>ἀπόκειται</span> <span class='ocrx_word' id='word_1_162' title='bbox 2835 1065 2996 1118; x_wconf 78' lang='grc' dir='ltr'>τοῦτο</span> <span class='ocrx_word' id='word_1_163' title='bbox 3026 1067 3094 1134; x_wconf 74' lang='grc' dir='ltr'>τῇ</span> <span class='ocrx_word' id='word_1_164' title='bbox 3137 1064 3382 1134; x_wconf 82' lang='grc' dir='ltr'>δυστήνῳ</span> <span class='ocrx_word' id='word_1_165' title='bbox 3428 1078 3531 1133; x_wconf 91' lang='grc' dir='ltr'>μου</span> <span class='ocrx_word' id='word_1_166' title='bbox 3567 1060 3702 1130; x_wconf 77' lang='grc' dir='ltr'>ζωῇ,</span> <span class='ocrx_word' id='word_1_167' title='bbox 3737 1060 3827 1113; x_wconf 79' lang='grc' dir='ltr'>ἴνα</span> <span class='ocrx_word' id='word_1_168' title='bbox 3864 1060 3955 1112; x_wconf 77' lang='grc' dir='ltr'>καὶ</span> 
     </span>
    </p>
   </div>
   <div class='ocr_carea' id='block_1_26' title="bbox 2369 1150 3955 1225">
    <p class='ocr_par' dir='ltr' id='par_1_26' title="bbox 2369 1150 3955 1225">
     <span class='ocr_line' id='line_1_26' title="bbox 2369 1150 3955 1225; baseline -0.006 -14"><span class='ocrx_word' id='word_1_169' title='bbox 2369 1160 2461 1211; x_wconf 78' lang='grc' dir='ltr'>τὸν</span> <span class='ocrx_word' id='word_1_170' title='bbox 2512 1159 2603 1211; x_wconf 75' lang='grc' dir='ltr'>σὺν</span> <span class='ocrx_word' id='word_1_171' title='bbox 2630 1159 2858 1212; x_wconf 87' lang='grc' dir='ltr'>θάνατον</span> <span class='ocrx_word' id='word_1_172' title='bbox 2876 1154 3121 1222; x_wconf 84' lang='grc' dir='ltr'>ἀκούσω;</span> <span class='ocrx_word' id='word_1_173' title='bbox 3150 1156 3237 1209; x_wconf 77' lang='grc' dir='ltr'>ἵνα</span> <span class='ocrx_word' id='word_1_174' title='bbox 3258 1154 3505 1223; x_wconf 70' lang='grc' dir='ltr'>ιπιψάλω</span> <span class='ocrx_word' id='word_1_175' title='bbox 3535 1151 3656 1225; x_wconf 71' lang='grc' dir='ltr'>[πυ.</span> <span class='ocrx_word' id='word_1_176' title='bbox 3688 1150 3817 1222; x_wconf 74' lang='lat' dir='ltr'>Reg.</span> <span class='ocrx_word' id='word_1_177' title='bbox 3841 1154 3955 1203; x_wconf 71' lang='lat' dir='ltr'>tm.</span> 
     </span>
    </p>
   </div>
   <div class='ocr_carea' id='block_1_27' title="bbox 2368 1246 3957 1322">
    <p class='ocr_par' dir='ltr' id='par_1_27' title="bbox 2368 1246 3957 1322">
     <span class='ocr_line' id='line_1_27' title="bbox 2368 1246 3957 1322; baseline -0.006 -17"><span class='ocrx_word' id='word_1_178' title='bbox 2368 1250 2577 1322; x_wconf 75' lang='grc' dir='ltr'>ψάλλω]</span> <span class='ocrx_word' id='word_1_179' title='bbox 2616 1267 2695 1303; x_wconf 82' lang='grc' dir='ltr'>σοι</span> <span class='ocrx_word' id='word_1_180' title='bbox 2728 1249 3048 1322; x_wconf 74' lang='grc' dir='ltr'>θρηνῳδῶςς</span> <span class='ocrx_word' id='word_1_181' title='bbox 3078 1247 3165 1303; x_wconf 85' lang='grc' dir='ltr'>ἴνα</span> <span class='ocrx_word' id='word_1_182' title='bbox 3182 1246 3323 1317; x_wconf 84' lang='grc' dir='ltr'>όρῶν</span> <span class='ocrx_word' id='word_1_183' title='bbox 3370 1263 3465 1300; x_wconf 85' lang='grc' dir='ltr'>σου</span> <span class='ocrx_word' id='word_1_184' title='bbox 3509 1246 3601 1298; x_wconf 79' lang='grc' dir='ltr'>τὸν</span> <span class='ocrx_word' id='word_1_185' title='bbox 3618 1246 3811 1312; x_wconf 80' lang='grc' dir='ltr'>τάφον,</span> <span class='ocrx_word' id='word_1_186' title='bbox 3846 1247 3957 1297; x_wconf 74' lang='grc' dir='ltr'>ἐπι-</span> 
     </span>
    </p>
   </div>
   <div class='ocr_carea' id='block_1_28' title="bbox 2369 1334 3952 1411">
    <p class='ocr_par' dir='ltr' id='par_1_28' title="bbox 2369 1334 3952 1411">
     <span class='ocr_line' id='line_1_28' title="bbox 2369 1334 3952 1411; baseline -0.004 -17"><span class='ocrx_word' id='word_1_187' title='bbox 2369 1341 2564 1411; x_wconf 71' lang='grc' dir='ltr'>γράψω</span> <span class='ocrx_word' id='word_1_188' title='bbox 2584 1341 2830 1409; x_wconf 65' lang='grc' dir='ltr'>ἐλεγείας</span> <span class='ocrx_word' id='word_1_189' title='bbox 2860 1340 3067 1394; x_wconf 82' lang='grc' dir='ltr'>ῐναὺπὸ</span> <span class='ocrx_word' id='word_1_190' title='bbox 3087 1343 3192 1409; x_wconf 78' lang='grc' dir='ltr'>γῆν</span> <span class='ocrx_word' id='word_1_191' title='bbox 3217 1338 3355 1408; x_wconf 78' lang='grc' dir='ltr'>αὐτὴ</span> <span class='ocrx_word' id='word_1_192' title='bbox 3384 1338 3599 1407; x_wconf 88' lang='grc' dir='ltr'>σώματι</span> <span class='ocrx_word' id='word_1_193' title='bbox 3629 1336 3727 1406; x_wconf 64' lang='grc' dir='ltr'>μιν</span> <span class='ocrx_word' id='word_1_194' title='bbox 3758 1334 3952 1404; x_wconf 71' lang='grc' dir='ltr'>τεθῇςο</span> 
     </span>
    </p>
   </div>
   <div class='ocr_carea' id='block_1_29' title="bbox 2368 1426 3954 1503">
    <p class='ocr_par' dir='ltr' id='par_1_29' title="bbox 2368 1426 3954 1503">
     <span class='ocr_line' id='line_1_29' title="bbox 2368 1426 3954 1503; baseline -0.003 -19"><span class='ocrx_word' id='word_1_195' title='bbox 2368 1431 2640 1501; x_wconf 85' lang='grc' dir='ltr'>πνεύματι</span> <span class='ocrx_word' id='word_1_196' title='bbox 2684 1433 2795 1503; x_wconf 72' lang='grc' dir='ltr'>γάρ</span> <span class='ocrx_word' id='word_1_197' title='bbox 2832 1426 2929 1484; x_wconf 78' lang='grc' dir='ltr'>οἶδ’</span> <span class='ocrx_word' id='word_1_198' title='bbox 2960 1432 3044 1485; x_wconf 81' lang='grc' dir='ltr'>ὅτι</span> <span class='ocrx_word' id='word_1_199' title='bbox 3083 1432 3142 1483; x_wconf 86' lang='lat' dir='ltr'>tv</span> <span class='ocrx_word' id='word_1_200' title='bbox 3188 1429 3441 1499; x_wconf 75' lang='grc' dir='ltr'>οὐρανοῖς</span> <span class='ocrx_word' id='word_1_201' title='bbox 3471 1426 3815 1497; x_wconf 78' lang='grc' dir='ltr'>αὑλισθήσῃ·</span> <span class='ocrx_word' id='word_1_202' title='bbox 3847 1426 3954 1497; x_wconf 67' lang='grc' dir='ltr'>ἐγὼ</span> 
     </span>
    </p>
   </div>
   <div class='ocr_carea' id='block_1_30' title="bbox 2367 1515 3954 1592">
    <p class='ocr_par' dir='ltr' id='par_1_30' title="bbox 2367 1515 3954 1592">
     <span class='ocr_line' id='line_1_30' title="bbox 2367 1515 3954 1592; baseline -0.003 -17"><span class='ocrx_word' id='word_1_203' title='bbox 2367 1521 2425 1575; x_wconf 72' lang='grc' dir='ltr'>δὲ</span> <span class='ocrx_word' id='word_1_204' title='bbox 2455 1522 2596 1592; x_wconf 75' lang='grc' dir='ltr'>ὑπὲρ</span> <span class='ocrx_word' id='word_1_205' title='bbox 2634 1522 2740 1591; x_wconf 84' lang='grc' dir='ltr'>γῆν</span> <span class='ocrx_word' id='word_1_206' title='bbox 2795 1515 2859 1581; x_wconf 82' lang='grc' dir='ltr'><strong>ὦ.</strong></span> <span class='ocrx_word' id='word_1_207' title='bbox 2887 1521 3061 1575; x_wconf 79' lang='grc' dir='ltr'>ῑλκων</span> <span class='ocrx_word' id='word_1_208' title='bbox 3104 1519 3184 1573; x_wconf 77' lang='grc' dir='ltr'>ῑτι</span> <span class='ocrx_word' id='word_1_209' title='bbox 3240 1521 3333 1574; x_wconf 81' lang='grc' dir='ltr'>τὸν</span> <span class='ocrx_word' id='word_1_210' title='bbox 3363 1517 3624 1589; x_wconf 77' lang='grc' dir='ltr'>ὀδυνηρὸν</span> <span class='ocrx_word' id='word_1_211' title='bbox 3666 1518 3760 1571; x_wconf 80' lang='grc' dir='ltr'>καὶ</span> <span class='ocrx_word' id='word_1_212' title='bbox 3796 1518 3954 1571; x_wconf 77' lang='grc' dir='ltr'>πολυ-</span> 
     </span>
    </p>
   </div>
   <div class='ocr_carea' id='block_1_31' title="bbox 2366 1610 3953 1683">
    <p class='ocr_par' dir='ltr' id='par_1_31' title="bbox 2366 1610 3953 1683">
     <span class='ocr_line' id='line_1_31' title="bbox 2366 1610 3953 1683; baseline -0.003 -16"><span class='ocrx_word' id='word_1_213' title='bbox 2366 1614 2682 1683; x_wconf 88' lang='grc' dir='ltr'>αμάρτητόν</span> <span class='ocrx_word' id='word_1_214' title='bbox 2707 1630 2808 1683; x_wconf 90' lang='grc' dir='ltr'>μου</span> <span class='ocrx_word' id='word_1_215' title='bbox 2838 1613 2981 1682; x_wconf 85' lang='grc' dir='ltr'>βίον;</span> <span class='ocrx_word' id='word_1_216' title='bbox 3011 1612 3121 1665; x_wconf 76' lang='grc' dir='ltr'>Καὶ</span> <span class='ocrx_word' id='word_1_217' title='bbox 3151 1611 3266 1674; x_wconf 76' lang='grc' dir='ltr'>πῶς</span> <span class='ocrx_word' id='word_1_218' title='bbox 3290 1610 3461 1664; x_wconf 79' lang='grc' dir='ltr'>ταῦτα</span> <span class='ocrx_word' id='word_1_219' title='bbox 3480 1612 3710 1674; x_wconf 66' lang='grc' dir='ltr'>ἀπκτάς</span> <span class='ocrx_word' id='word_1_220' title='bbox 3753 1612 3831 1680; x_wconf 79' lang='grc' dir='ltr'>μή</span> <span class='ocrx_word' id='word_1_221' title='bbox 3866 1628 3953 1681; x_wconf 82' lang='grc' dir='ltr'>μοι</span> 
     </span>
    </p>
   </div>
   <div class='ocr_carea' id='block_1_32' title="bbox 2366 1701 3952 1775">
    <p class='ocr_par' dir='ltr' id='par_1_32' title="bbox 2366 1701 3952 1775">
     <span class='ocr_line' id='line_1_32' title="bbox 2366 1701 3952 1775; baseline -0.001 -20"><span class='ocrx_word' id='word_1_222' title='bbox 2366 1704 2576 1769; x_wconf 77' lang='grc' dir='ltr'>γένοιτο</span> <span class='ocrx_word' id='word_1_223' title='bbox 2595 1720 2610 1733; x_wconf 86' lang='grc'><strong>·</strong></span> <span class='ocrx_word' id='word_1_224' title='bbox 2641 1704 2784 1775; x_wconf 77' lang='grc' dir='ltr'>πλὴν</span> <span class='ocrx_word' id='word_1_225' title='bbox 2808 1702 3236 1775; x_wconf 67' lang='grc' dir='ltr'>παραχωρητέον</span> <span class='ocrx_word' id='word_1_226' title='bbox 3265 1702 3441 1755; x_wconf 83' lang='grc' dir='ltr'>πάντα</span> <span class='ocrx_word' id='word_1_227' title='bbox 3463 1702 3521 1753; x_wconf 80' lang='grc' dir='ltr'>ὲν</span> <span class='ocrx_word' id='word_1_228' title='bbox 3546 1703 3610 1772; x_wconf 80' lang='grc' dir='ltr'>τῇ</span> <span class='ocrx_word' id='word_1_229' title='bbox 3662 1701 3825 1771; x_wconf 79' lang='grc' dir='ltr'>βουλῇ</span> <span class='ocrx_word' id='word_1_230' title='bbox 3859 1701 3952 1754; x_wconf 79' lang='grc' dir='ltr'>καὶ</span> 
     </span>
    </p>
   </div>
   <div class='ocr_carea' id='block_1_33' title="bbox 2367 1791 3951 1867">
    <p class='ocr_par' dir='ltr' id='par_1_33' title="bbox 2367 1791 3951 1867">
     <span class='ocr_line' id='line_1_33' title="bbox 2367 1791 3951 1867; baseline 0.001 -20"><span class='ocrx_word' id='word_1_231' title='bbox 2367 1794 2583 1866; x_wconf 76' lang='grc' dir='ltr'>θελήσει</span> <span class='ocrx_word' id='word_1_232' title='bbox 2608 1796 2703 1850; x_wconf 79' lang='grc' dir='ltr'>τοῦ</span> <span class='ocrx_word' id='word_1_233' title='bbox 2734 1796 3080 1867; x_wconf 79' lang='grc' dir='ltr'>ὑπεραγάθου</span> <span class='ocrx_word' id='word_1_234' title='bbox 3096 1796 3231 1850; x_wconf 81' lang='grc' dir='ltr'>Θεοῦ</span> <span class='ocrx_word' id='word_1_235' title='bbox 3265 1794 3568 1866; x_wconf 57' lang='grc' dir='ltr'>ἡμῶνλίαὶ⁵</span> <span class='ocrx_word' id='word_1_236' title='bbox 3594 1795 3706 1864; x_wconf 82' lang='grc' dir='ltr'>γάρ</span> <span class='ocrx_word' id='word_1_237' title='bbox 3744 1791 3890 1845; x_wconf 78' lang='grc' dir='ltr'>οἶδεν</span> <span class='ocrx_word' id='word_1_238' title='bbox 3923 1797 3951 1848; x_wconf 86' lang='grc' dir='ltr'><strong>ὅ</strong></span> 
     </span>
    </p>
   </div>
   <div class='ocr_carea' id='block_1_34' title="bbox 691 1870 2264 1957">
    <p class='ocr_par' dir='ltr' id='par_1_34' title="bbox 691 1877 2264 1957">
     <span class='ocr_line' id='line_1_34' title="bbox 691 1877 2264 1957; baseline 0.006 -28"><span class='ocrx_word' id='word_1_239' title='bbox 691 1889 780 1930; x_wconf 85' lang='lat' dir='ltr'>cat</span> <span class='ocrx_word' id='word_1_240' title='bbox 816 1877 1105 1946; x_wconf 86' lang='lat' dir='ltr'>unicuique</span> <span class='ocrx_word' id='word_1_241' title='bbox 1155 1886 1441 1931; x_wconf 89' lang='lat' dir='ltr'>nostrum:</span> <span class='ocrx_word' id='word_1_242' title='bbox 1473 1879 1602 1947; x_wconf 89' lang='lat' dir='ltr'>quid</span> <span class='ocrx_word' id='word_1_243' title='bbox 1646 1895 1786 1949; x_wconf 87' lang='lat' dir='ltr'>opus</span> <span class='ocrx_word' id='word_1_244' title='bbox 1825 1883 1916 1948; x_wconf 85' lang='lat' dir='ltr'>sit,</span> <span class='ocrx_word' id='word_1_245' title='bbox 1973 1884 2264 1957; x_wconf 75' lang='lat' dir='ltr'>intelligit;</span> 
     </span>
    </p>
   </div>
   <div class='ocr_carea' id='block_1_35' title="bbox 2368 1870 3950 1957">
    <p class='ocr_par' dir='ltr' id='par_1_35' title="bbox 2372 1883 3950 1955">
     <span class='ocr_line' id='line_1_35' title="bbox 2372 1883 3950 1955; baseline -0.001 -19"><span class='ocrx_word' id='word_1_246' title='bbox 2372 1900 2421 1936; x_wconf 90' lang='grc' dir='ltr'>τι</span> <span class='ocrx_word' id='word_1_247' title='bbox 2452 1886 2718 1955; x_wconf 77' lang='grc' dir='ltr'>συμφέρει</span> <span class='ocrx_word' id='word_1_248' title='bbox 2745 1886 2959 1955; x_wconf 75' lang='grc' dir='ltr'>ἑκάστῳ</span> <span class='ocrx_word' id='word_1_249' title='bbox 2981 1885 3157 1955; x_wconf 77' lang='grc' dir='ltr'>ἡμῶν·</span> <span class='ocrx_word' id='word_1_250' title='bbox 3177 1884 3551 1939; x_wconf 72' lang='grc' dir='ltr'>ίιπίσταταιτδ</span> <span class='ocrx_word' id='word_1_251' title='bbox 3574 1883 3723 1937; x_wconf 72' lang='grc' dir='ltr'>δέονο</span> <span class='ocrx_word' id='word_1_252' title='bbox 3751 1900 3950 1953; x_wconf 86' lang='grc' dir='ltr'>συναρ-</span> 
     </span>
    </p>
   </div>
   <div class='ocr_carea' id='block_1_36' title="bbox 686 1969 2268 2039">
    <p class='ocr_par' dir='ltr' id='par_1_36' title="bbox 686 1969 2268 2039">
     <span class='ocr_line' id='line_1_36' title="bbox 686 1969 2268 2039; baseline 0.009 -21"><span class='ocrx_word' id='word_1_253' title='bbox 686 1969 829 2037; x_wconf 85' lang='lat' dir='ltr'>quod</span> <span class='ocrx_word' id='word_1_254' title='bbox 856 1984 1156 2039; x_wconf 85' lang='lat' dir='ltr'>congruum</span> <span class='ocrx_word' id='word_1_255' title='bbox 1205 1979 1310 2031; x_wconf 91' lang='lat' dir='ltr'>est,</span> <span class='ocrx_word' id='word_1_256' title='bbox 1361 1970 1622 2039; x_wconf 89' lang='lat' dir='ltr'>adaptat;</span> <span class='ocrx_word' id='word_1_257' title='bbox 1672 1971 1906 2027; x_wconf 83' lang='lat' dir='ltr'>ﬁliorum</span> <span class='ocrx_word' id='word_1_258' title='bbox 1950 1991 2140 2031; x_wconf 87' lang='lat' dir='ltr'>amans</span> <span class='ocrx_word' id='word_1_259' title='bbox 2185 1988 2268 2033; x_wconf 89' lang='lat' dir='ltr'>est</span> 
     </span>
    </p>
   </div>
   <div class='ocr_carea' id='block_1_37' title="bbox 691 2062 2269 2137">
    <p class='ocr_par' dir='ltr' id='par_1_37' title="bbox 691 2062 2269 2137">
     <span class='ocr_line' id='line_1_37' title="bbox 691 2062 2269 2137; baseline 0.007 -24"><span class='ocrx_word' id='word_1_260' title='bbox 691 2062 867 2126; x_wconf 83' lang='lat' dir='ltr'>l‘ater,</span> <span class='ocrx_word' id='word_1_261' title='bbox 897 2072 1041 2115; x_wconf 87' lang='lat' dir='ltr'>recte</span> <span class='ocrx_word' id='word_1_262' title='bbox 1058 2063 1240 2115; x_wconf 90' lang='lat' dir='ltr'>omnia</span> <span class='ocrx_word' id='word_1_263' title='bbox 1267 2062 1530 2132; x_wconf 90' lang='lat' dir='ltr'>disponit,</span> <span class='ocrx_word' id='word_1_264' title='bbox 1566 2066 1722 2129; x_wconf 87' lang='lat' dir='ltr'>scite,</span> <span class='ocrx_word' id='word_1_265' title='bbox 1746 2068 2018 2131; x_wconf 80' lang='lat' dir='ltr'>consulte,</span> <span class='ocrx_word' id='word_1_266' title='bbox 2051 2069 2269 2137; x_wconf 87' lang='lat' dir='ltr'>sapien-</span> 
     </span>
    </p>
   </div>
   <div class='ocr_carea' id='block_1_38' title="bbox 688 2155 2267 2232">
    <p class='ocr_par' dir='ltr' id='par_1_38' title="bbox 688 2155 2267 2232">
     <span class='ocr_line' id='line_1_38' title="bbox 688 2155 2267 2232; baseline 0.007 -25"><span class='ocrx_word' id='word_1_267' title='bbox 688 2164 790 2217; x_wconf 91' lang='lat' dir='ltr'>ter,</span> <span class='ocrx_word' id='word_1_268' title='bbox 838 2155 1060 2223; x_wconf 84' lang='lat' dir='ltr'>pulchre</span> <span class='ocrx_word' id='word_1_269' title='bbox 1088 2171 1334 2223; x_wconf 76' lang='lat' dir='ltr'>prorsus,</span> <span class='ocrx_word' id='word_1_270' title='bbox 1388 2157 1777 2213; x_wconf 86' lang='lat' dir='ltr'>indesinenter.</span> <span class='ocrx_word' id='word_1_271' title='bbox 1818 2159 1903 2225; x_wconf 80' lang='lat' dir='ltr'>Et,</span> <span class='ocrx_word' id='word_1_272' title='bbox 1938 2178 1971 2213; x_wconf 92' lang='grc' dir='ltr'>ο</span> <span class='ocrx_word' id='word_1_273' title='bbox 1996 2163 2267 2232; x_wconf 86' lang='lat' dir='ltr'>sapientia</span> 
     </span>
    </p>
   </div>
   <div class='ocr_carea' id='block_1_39' title="bbox 686 2247 2265 2321">
    <p class='ocr_par' dir='ltr' id='par_1_39' title="bbox 686 2247 2265 2321">
     <span class='ocr_line' id='line_1_39' title="bbox 686 2247 2265 2321; baseline 0.008 -21"><span class='ocrx_word' id='word_1_274' title='bbox 686 2255 742 2300; x_wconf 90' lang='lat' dir='ltr'>et</span> <span class='ocrx_word' id='word_1_275' title='bbox 766 2247 991 2302; x_wconf 84' lang='lat' dir='ltr'>altitudo</span> <span class='ocrx_word' id='word_1_276' title='bbox 1024 2249 1354 2313; x_wconf 87' lang='lat' dir='ltr'>jttdieiorum</span> <span class='ocrx_word' id='word_1_277' title='bbox 1405 2251 1560 2319; x_wconf 84' lang='lat' dir='ltr'>ejus!</span> <span class='ocrx_word' id='word_1_278' title='bbox 1594 2253 1720 2321; x_wconf 90' lang='lat' dir='ltr'>quia</span> <span class='ocrx_word' id='word_1_279' title='bbox 1773 2253 2155 2310; x_wconf 87' lang='lat' dir='ltr'>inscrutabiles</span> <span class='ocrx_word' id='word_1_280' title='bbox 2210 2266 2265 2312; x_wconf 87' lang='lat' dir='ltr'>et</span> 
     </span>
    </p>
   </div>
   <div class='ocr_carea' id='block_1_40' title="bbox 688 2338 2264 2412">
    <p class='ocr_par' dir='ltr' id='par_1_40' title="bbox 688 2338 2264 2412">
     <span class='ocr_line' id='line_1_40' title="bbox 688 2338 2264 2412; baseline 0.008 -21"><span class='ocrx_word' id='word_1_281' title='bbox 688 2338 1091 2410; x_wconf 83' lang='lat' dir='ltr'>investigabiles</span> <span class='ocrx_word' id='word_1_282' title='bbox 1138 2340 1238 2394; x_wconf 69' lang='lat' dir='ltr'>viae</span> <span class='ocrx_word' id='word_1_283' title='bbox 1290 2341 1427 2408; x_wconf 90' lang='lat' dir='ltr'>ejus.</span> <span class='ocrx_word' id='word_1_284' title='bbox 1465 2342 1653 2397; x_wconf 89' lang='lat' dir='ltr'>Priore</span> <span class='ocrx_word' id='word_1_285' title='bbox 1708 2345 1926 2412; x_wconf 86' lang='lat' dir='ltr'>quidem</span> <span class='ocrx_word' id='word_1_286' title='bbox 1966 2348 2085 2402; x_wconf 93' lang='lat' dir='ltr'>loco</span> <span class='ocrx_word' id='word_1_287' title='bbox 2108 2364 2264 2403; x_wconf 80' lang='lat' dir='ltr'>soro—</span> 
     </span>
    </p>
   </div>
   <div class='ocr_carea' id='block_1_41' title="bbox 689 2432 2268 2506">
    <p class='ocr_par' dir='ltr' id='par_1_41' title="bbox 689 2432 2268 2506">
     <span class='ocr_line' id='line_1_41' title="bbox 689 2432 2268 2506; baseline 0.009 -24"><span class='ocrx_word' id='word_1_288' title='bbox 689 2446 800 2483; x_wconf 89' lang='lat' dir='ltr'>rent</span> <span class='ocrx_word' id='word_1_289' title='bbox 844 2432 1177 2500; x_wconf 86' lang='lat' dir='ltr'>assumpsit:</span> <span class='ocrx_word' id='word_1_290' title='bbox 1213 2434 1509 2503; x_wconf 84' lang='lat' dir='ltr'>assumpsit</span> <span class='ocrx_word' id='word_1_291' title='bbox 1551 2444 1739 2505; x_wconf 86' lang='lat' dir='ltr'>postea</span> <span class='ocrx_word' id='word_1_292' title='bbox 1770 2446 1825 2491; x_wconf 88' lang='lat' dir='ltr'>et</span> <span class='ocrx_word' id='word_1_293' title='bbox 1870 2437 2091 2494; x_wconf 80' lang='lat' dir='ltr'>fratrem</span> <span class='ocrx_word' id='word_1_294' title='bbox 2118 2460 2132 2506; x_wconf 87' lang='lat'><strong>;</strong></span> <span class='ocrx_word' id='word_1_295' title='bbox 2159 2451 2268 2496; x_wconf 86' lang='lat' dir='ltr'>ter-</span> 
     </span>
    </p>
   </div>
   <div class='ocr_carea' id='block_1_42' title="bbox 689 2524 2266 2602">
    <p class='ocr_par' dir='ltr' id='par_1_42' title="bbox 689 2524 2266 2602">
     <span class='ocr_line' id='line_1_42' title="bbox 689 2524 2266 2602; baseline 0.007 -25"><span class='ocrx_word' id='word_1_296' title='bbox 689 2527 822 2577; x_wconf 90' lang='lat' dir='ltr'>tium</span> <span class='ocrx_word' id='word_1_297' title='bbox 856 2524 1071 2593; x_wconf 68' lang='lat' dir='ltr'>quaerit.</span> <span class='ocrx_word' id='word_1_298' title='bbox 1105 2525 1238 2590; x_wconf 82' lang='lat' dir='ltr'>Quis</span> <span class='ocrx_word' id='word_1_299' title='bbox 1268 2526 1357 2581; x_wconf 86' lang='lat' dir='ltr'>ille</span> <span class='ocrx_word' id='word_1_300' title='bbox 1384 2528 1601 2582; x_wconf 86' lang='lat' dir='ltr'>tandem</span> <span class='ocrx_word' id='word_1_301' title='bbox 1635 2527 1855 2583; x_wconf 80' lang='lat' dir='ltr'>futurus</span> <span class='ocrx_word' id='word_1_302' title='bbox 1889 2532 2013 2585; x_wconf 87' lang='lat' dir='ltr'>est?</span> <span class='ocrx_word' id='word_1_303' title='bbox 2044 2532 2100 2586; x_wconf 91' lang='lat' dir='ltr'>Si</span> <span class='ocrx_word' id='word_1_304' title='bbox 2142 2533 2266 2602; x_wconf 88' lang='lat' dir='ltr'>qui-</span> 
     </span>
    </p>
   </div>
   <div class='ocr_carea' id='block_1_43' title="bbox 684 2616 2267 2695">
    <p class='ocr_par' dir='ltr' id='par_1_43' title="bbox 684 2616 2267 2695">
     <span class='ocr_line' id='line_1_43' title="bbox 684 2616 2267 2695; baseline 0.008 -28"><span class='ocrx_word' id='word_1_305' title='bbox 684 2616 808 2668; x_wconf 84' lang='lat' dir='ltr'>dem</span> <span class='ocrx_word' id='word_1_306' title='bbox 840 2616 977 2685; x_wconf 90' lang='lat' dir='ltr'>ipsa,</span> <span class='ocrx_word' id='word_1_307' title='bbox 1008 2632 1198 2687; x_wconf 89' lang='lat' dir='ltr'>magna</span> <span class='ocrx_word' id='word_1_308' title='bbox 1228 2618 1344 2672; x_wconf 88' lang='lat' dir='ltr'>laus</span> <span class='ocrx_word' id='word_1_309' title='bbox 1368 2627 1472 2673; x_wconf 92' lang='lat' dir='ltr'>est.</span> <span class='ocrx_word' id='word_1_310' title='bbox 1515 2619 1666 2676; x_wconf 89' lang='lat' dir='ltr'>Trini</span> <span class='ocrx_word' id='word_1_311' title='bbox 1717 2622 1861 2675; x_wconf 88' lang='lat' dir='ltr'>enim</span> <span class='ocrx_word' id='word_1_312' title='bbox 1894 2624 2106 2678; x_wconf 89' lang='lat' dir='ltr'>numeri</span> <span class='ocrx_word' id='word_1_313' title='bbox 2138 2641 2267 2695; x_wconf 91' lang='lat' dir='ltr'>par-</span> 
     </span>
    </p>
   </div>
   <div class='ocr_carea' id='block_1_44' title="bbox 690 2711 2267 2790">
    <p class='ocr_par' dir='ltr' id='par_1_44' title="bbox 690 2711 2267 2790">
     <span class='ocr_line' id='line_1_44' title="bbox 690 2711 2267 2790; baseline 0.008 -27"><span class='ocrx_word' id='word_1_314' title='bbox 690 2711 822 2763; x_wconf 89' lang='lat' dir='ltr'>tium</span> <span class='ocrx_word' id='word_1_315' title='bbox 855 2712 1075 2780; x_wconf 68' lang='lat' dir='ltr'>praemio</span> <span class='ocrx_word' id='word_1_316' title='bbox 1104 2713 1526 2783; x_wconf 89' lang='lat' dir='ltr'>appropinqttas,</span> <span class='ocrx_word' id='word_1_317' title='bbox 1563 2716 1671 2769; x_wconf 90' lang='lat' dir='ltr'>vita</span> <span class='ocrx_word' id='word_1_318' title='bbox 1724 2716 1825 2771; x_wconf 89' lang='lat' dir='ltr'>rite</span> <span class='ocrx_word' id='word_1_319' title='bbox 1861 2729 2099 2787; x_wconf 87' lang='lat' dir='ltr'>peracta,</span> <span class='ocrx_word' id='word_1_320' title='bbox 2145 2737 2267 2790; x_wconf 67' lang='lat' dir='ltr'>qua:</span> 
     </span>
    </p>
   </div>
   <div class='ocr_carea' id='block_1_45' title="bbox 686 2803 2267 2878">
    <p class='ocr_par' dir='ltr' id='par_1_45' title="bbox 686 2803 2267 2878">
     <span class='ocr_line' id='line_1_45' title="bbox 686 2803 2267 2878; baseline 0.006 -22"><span class='ocrx_word' id='word_1_321' title='bbox 686 2803 872 2856; x_wconf 87' lang='lat' dir='ltr'>omnia</span> <span class='ocrx_word' id='word_1_322' title='bbox 920 2804 1209 2873; x_wconf 89' lang='lat' dir='ltr'>reliquisti,</span> <span class='ocrx_word' id='word_1_323' title='bbox 1258 2807 1439 2860; x_wconf 87' lang='lat' dir='ltr'>omnia</span> <span class='ocrx_word' id='word_1_324' title='bbox 1474 2804 1583 2860; x_wconf 86' lang='lat' dir='ltr'>Deo</span> <span class='ocrx_word' id='word_1_325' title='bbox 1617 2806 1834 2871; x_wconf 87' lang='lat' dir='ltr'>dedisti,</span> <span class='ocrx_word' id='word_1_326' title='bbox 1874 2816 2055 2878; x_wconf 92' lang='lat' dir='ltr'>caput,</span> <span class='ocrx_word' id='word_1_327' title='bbox 2093 2826 2267 2865; x_wconf 85' lang='lat' dir='ltr'>mem-</span> 
     </span>
    </p>
   </div>
   <div class='ocr_carea' id='block_1_46' title="bbox 689 2896 2269 2969">
    <p class='ocr_par' dir='ltr' id='par_1_46' title="bbox 689 2896 2269 2969">
     <span class='ocr_line' id='line_1_46' title="bbox 689 2896 2269 2969; baseline 0.006 -21"><span class='ocrx_word' id='word_1_328' title='bbox 689 2896 804 2961; x_wconf 87' lang='lat' dir='ltr'>bra,</span> <span class='ocrx_word' id='word_1_329' title='bbox 841 2896 1067 2964; x_wconf 90' lang='lat' dir='ltr'>teipsam</span> <span class='ocrx_word' id='word_1_330' title='bbox 1098 2915 1111 2950; x_wconf 89' lang='lat'>:</span> <span class='ocrx_word' id='word_1_331' title='bbox 1146 2913 1267 2965; x_wconf 72' lang='lat' dir='ltr'>qn&#39;e</span> <span class='ocrx_word' id='word_1_332' title='bbox 1298 2900 1669 2953; x_wconf 90' lang='lat' dir='ltr'>venerandum</span> <span class='ocrx_word' id='word_1_333' title='bbox 1704 2915 1905 2969; x_wconf 89' lang='lat' dir='ltr'>corpus</span> <span class='ocrx_word' id='word_1_334' title='bbox 1939 2910 2090 2956; x_wconf 91' lang='lat' dir='ltr'>tuunt</span> <span class='ocrx_word' id='word_1_335' title='bbox 2116 2918 2269 2957; x_wconf 88' lang='lat' dir='ltr'>exer-</span> 
     </span>
    </p>
   </div>
   <div class='ocr_carea' id='block_1_47' title="bbox 687 2987 2269 3051">
    <p class='ocr_par' dir='ltr' id='par_1_47' title="bbox 687 2987 2269 3051">
     <span class='ocr_line' id='line_1_47' title="bbox 687 2987 2269 3051; baseline 0.006 -10"><span class='ocrx_word' id='word_1_336' title='bbox 687 2987 1039 3041; x_wconf 83' lang='lat' dir='ltr'>citationibus</span> <span class='ocrx_word' id='word_1_337' title='bbox 1084 2989 1384 3044; x_wconf 77' lang='lat' dir='ltr'>alti-ivisti:</span> <span class='ocrx_word' id='word_1_338' title='bbox 1428 2990 1591 3044; x_wconf 85' lang='lat' dir='ltr'>vitam</span> <span class='ocrx_word' id='word_1_339' title='bbox 1647 2992 1831 3046; x_wconf 87' lang='lat' dir='ltr'>multis</span> <span class='ocrx_word' id='word_1_340' title='bbox 1880 2993 1933 3046; x_wconf 93' lang='lat' dir='ltr'>in</span> <span class='ocrx_word' id='word_1_341' title='bbox 1990 2993 2269 3051; x_wconf 85' lang='lat' dir='ltr'>laboribus</span> 
     </span>
    </p>
   </div>
   <div class='ocr_carea' id='block_1_48' title="bbox 686 3078 2267 3154">
    <p class='ocr_par' dir='ltr' id='par_1_48' title="bbox 686 3078 2267 3154">
     <span class='ocr_line' id='line_1_48' title="bbox 686 3078 2267 3154; baseline 0.004 -21"><span class='ocrx_word' id='word_1_342' title='bbox 686 3078 910 3149; x_wconf 89' lang='lat' dir='ltr'>exegisti</span> <span class='ocrx_word' id='word_1_343' title='bbox 948 3096 962 3144; x_wconf 90' lang='lat'><strong>;</strong></span> <span class='ocrx_word' id='word_1_344' title='bbox 1003 3080 1082 3133; x_wconf 87' lang='lat' dir='ltr'>vel</span> <span class='ocrx_word' id='word_1_345' title='bbox 1137 3090 1343 3135; x_wconf 91' lang='lat' dir='ltr'>arctam</span> <span class='ocrx_word' id='word_1_346' title='bbox 1380 3082 1560 3151; x_wconf 88' lang='lat' dir='ltr'>potius</span> <span class='ocrx_word' id='word_1_347' title='bbox 1619 3093 1674 3137; x_wconf 90' lang='lat' dir='ltr'>et</span> <span class='ocrx_word' id='word_1_348' title='bbox 1726 3093 2010 3154; x_wconf 78' lang='lat' dir='ltr'>angustam</span> <span class='ocrx_word' id='word_1_349' title='bbox 2054 3084 2267 3141; x_wconf 87' lang='lat' dir='ltr'>Domini</span> 
     </span>
    </p>
   </div>
   <div class='ocr_carea' id='block_1_49' title="bbox 2370 1975 3949 2050">
    <p class='ocr_par' dir='ltr' id='par_1_49' title="bbox 2370 1975 3949 2050">
     <span class='ocr_line' id='line_1_49' title="bbox 2370 1975 3949 2050; baseline 0.001 -22"><span class='ocrx_word' id='word_1_350' title='bbox 2370 1977 2525 2045; x_wconf 72' lang='grc' dir='ltr'>μόζει</span> <span class='ocrx_word' id='word_1_351' title='bbox 2566 1976 2628 2029; x_wconf 84' lang='grc' dir='ltr'>τὸ</span> <span class='ocrx_word' id='word_1_352' title='bbox 2676 1977 2919 2048; x_wconf 71' lang='grc' dir='ltr'>πρόπονο</span> <span class='ocrx_word' id='word_1_353' title='bbox 2950 1979 3303 2050; x_wconf 71' lang='grc' dir='ltr'>φιλόστοργὰῖ</span> <span class='ocrx_word' id='word_1_354' title='bbox 3346 1980 3467 2031; x_wconf 65' lang='grc' dir='ltr'>ἑστι</span> <span class='ocrx_word' id='word_1_355' title='bbox 3522 1977 3742 2047; x_wconf 83' lang='grc' dir='ltr'>Πατήρ·</span> <span class='ocrx_word' id='word_1_356' title='bbox 3769 1975 3949 2039; x_wconf 83' lang='grc' dir='ltr'>καλῶς</span> 
     </span>
    </p>
   </div>
   <div class='ocr_carea' id='block_1_50' title="bbox 2365 2067 3948 2140">
    <p class='ocr_par' dir='ltr' id='par_1_50' title="bbox 2365 2067 3948 2140">
     <span class='ocr_line' id='line_1_50' title="bbox 2365 2067 3948 2140; baseline 0.006 -21"><span class='ocrx_word' id='word_1_357' title='bbox 2365 2067 2669 2138; x_wconf 81' lang='grc' dir='ltr'>διατίθησιν</span> <span class='ocrx_word' id='word_1_358' title='bbox 2716 2068 2931 2124; x_wconf 81' lang='grc' dir='ltr'>ἀπαντα</span> <span class='ocrx_word' id='word_1_359' title='bbox 2949 2110 2964 2134; x_wconf 91' lang='grc'>,</span> <span class='ocrx_word' id='word_1_360' title='bbox 2991 2071 3284 2140; x_wconf 84' lang='grc' dir='ltr'>εὐστόχως,</span> <span class='ocrx_word' id='word_1_361' title='bbox 3314 2068 3607 2132; x_wconf 77' lang='grc' dir='ltr'>εὐϐούλως.</span> <span class='ocrx_word' id='word_1_362' title='bbox 3634 2068 3948 2136; x_wconf 80' lang='grc' dir='ltr'>πανσόφως.</span> 
     </span>
    </p>
   </div>
   <div class='ocr_carea' id='block_1_51' title="bbox 2368 2158 3941 2229">
    <p class='ocr_par' dir='ltr' id='par_1_51' title="bbox 2368 2158 3941 2229">
     <span class='ocr_line' id='line_1_51' title="bbox 2368 2158 3941 2229; baseline 0.001 -18"><span class='ocrx_word' id='word_1_363' title='bbox 2368 2159 2687 2227; x_wconf 79' lang='grc' dir='ltr'>παγκάλως,</span> <span class='ocrx_word' id='word_1_364' title='bbox 2736 2160 3175 2226; x_wconf 69' lang='grc' dir='ltr'>ἀκαταλείπτιικ.</span> <span class='ocrx_word' id='word_1_365' title='bbox 3218 2162 3347 2225; x_wconf 75' lang='grc' dir='ltr'>Καὶ,</span> <span class='ocrx_word' id='word_1_366' title='bbox 3397 2159 3444 2214; x_wconf 81' lang='grc' dir='ltr'>ὢ</span> <span class='ocrx_word' id='word_1_367' title='bbox 3470 2160 3571 2229; x_wconf 77' lang='grc' dir='ltr'>τῆς</span> <span class='ocrx_word' id='word_1_368' title='bbox 3611 2160 3807 2229; x_wconf 75' lang='grc' dir='ltr'>σοφίας</span> <span class='ocrx_word' id='word_1_369' title='bbox 3846 2158 3941 2212; x_wconf 78' lang='grc' dir='ltr'>τοῦ</span> 
     </span>
    </p>
   </div>
   <div class='ocr_carea' id='block_1_52' title="bbox 2374 2248 3951 2322">
    <p class='ocr_par' dir='ltr' id='par_1_52' title="bbox 2374 2248 3951 2322">
     <span class='ocr_line' id='line_1_52' title="bbox 2374 2248 3951 2322; baseline 0 -19"><span class='ocrx_word' id='word_1_370' title='bbox 2374 2250 2578 2320; x_wconf 83' lang='grc' dir='ltr'>βάθους</span> <span class='ocrx_word' id='word_1_371' title='bbox 2598 2248 2709 2303; x_wconf 82' lang='grc' dir='ltr'>τῶν</span> <span class='ocrx_word' id='word_1_372' title='bbox 2738 2251 3027 2322; x_wconf 76' lang='grc' dir='ltr'>χριμάτων</span> <span class='ocrx_word' id='word_1_373' title='bbox 3056 2250 3223 2305; x_wconf 82' lang='grc' dir='ltr'>αὐτοῦ</span> <span class='ocrx_word' id='word_1_374' title='bbox 3249 2267 3265 2282; x_wconf 74' lang='grc' dir='ltr'>ο</span> <span class='ocrx_word' id='word_1_375' title='bbox 3297 2251 3379 2305; x_wconf 83' lang='grc' dir='ltr'>ὅτι</span> <span class='ocrx_word' id='word_1_376' title='bbox 3412 2250 3827 2321; x_wconf 80' lang='grc' dir='ltr'>ἀνεξερεύνητοι</span> <span class='ocrx_word' id='word_1_377' title='bbox 3857 2251 3951 2305; x_wconf 82' lang='grc' dir='ltr'>καὶ</span> 
     </span>
    </p>
   </div>
   <div class='ocr_carea' id='block_1_53' title="bbox 2367 2343 3949 2417">
    <p class='ocr_par' dir='ltr' id='par_1_53' title="bbox 2367 2343 3949 2417">
     <span class='ocr_line' id='line_1_53' title="bbox 2367 2343 3949 2417; baseline -0.001 -20"><span class='ocrx_word' id='word_1_378' title='bbox 2367 2343 2766 2414; x_wconf 74' lang='grc' dir='ltr'>ἀνεξιχνίαστοι</span> <span class='ocrx_word' id='word_1_379' title='bbox 2796 2345 2854 2397; x_wconf 80' lang='lat' dir='ltr'>at</span> <span class='ocrx_word' id='word_1_380' title='bbox 2880 2345 2991 2398; x_wconf 74' lang='grc' dir='ltr'>ὁδοὶ</span> <span class='ocrx_word' id='word_1_381' title='bbox 3017 2344 3205 2399; x_wconf 76' lang='grc' dir='ltr'>αὑτοῦ.</span> <span class='ocrx_word' id='word_1_382' title='bbox 3236 2344 3549 2417; x_wconf 73' lang='grc' dir='ltr'>Προσίλασι</span> <span class='ocrx_word' id='word_1_383' title='bbox 3576 2344 3708 2413; x_wconf 79' lang='grc' dir='ltr'>γοῦν</span> <span class='ocrx_word' id='word_1_384' title='bbox 3733 2343 3797 2397; x_wconf 76' lang='grc' dir='ltr'>τὸ</span> <span class='ocrx_word' id='word_1_385' title='bbox 3819 2344 3949 2414; x_wconf 81' lang='grc' dir='ltr'>πρό·</span> 
     </span>
    </p>
   </div>
   <div class='ocr_carea' id='block_1_54' title="bbox 2367 2436 3949 2511">
    <p class='ocr_par' dir='ltr' id='par_1_54' title="bbox 2367 2436 3949 2511">
     <span class='ocr_line' id='line_1_54' title="bbox 2367 2436 3949 2511; baseline -0.003 -18"><span class='ocrx_word' id='word_1_386' title='bbox 2367 2456 2523 2510; x_wconf 85' lang='grc' dir='ltr'>τερον</span> <span class='ocrx_word' id='word_1_387' title='bbox 2557 2438 2655 2506; x_wconf 82' lang='grc' dir='ltr'>τὴν</span> <span class='ocrx_word' id='word_1_388' title='bbox 2685 2438 2917 2510; x_wconf 78' lang='grc' dir='ltr'>ἀδελφὴν</span> <span class='ocrx_word' id='word_1_389' title='bbox 2938 2480 2953 2503; x_wconf 88' lang='grc'>,</span> <span class='ocrx_word' id='word_1_390' title='bbox 2984 2437 3368 2510; x_wconf 74' lang='grc' dir='ltr'>προσελήψατο</span> <span class='ocrx_word' id='word_1_391' title='bbox 3396 2438 3646 2511; x_wconf 79' lang='grc' dir='ltr'>δεύτερον</span> <span class='ocrx_word' id='word_1_392' title='bbox 3671 2438 3766 2491; x_wconf 77' lang='grc' dir='ltr'>τὸν</span> <span class='ocrx_word' id='word_1_393' title='bbox 3794 2436 3949 2491; x_wconf 81' lang='grc' dir='ltr'>ἀδελ-</span> 
     </span>
    </p>
   </div>
   <div class='ocr_carea' id='block_1_55' title="bbox 2369 2523 3945 2600">
    <p class='ocr_par' dir='ltr' id='par_1_55' title="bbox 2369 2523 3945 2600">
     <span class='ocr_line' id='line_1_55' title="bbox 2369 2523 3945 2600; baseline -0.003 -18"><span class='ocrx_word' id='word_1_394' title='bbox 2369 2530 2493 2597; x_wconf 80' lang='grc' dir='ltr'>φόν·</span> <span class='ocrx_word' id='word_1_395' title='bbox 2518 2529 2673 2598; x_wconf 79' lang='grc' dir='ltr'>ζητεί</span> <span class='ocrx_word' id='word_1_396' title='bbox 2701 2530 2791 2582; x_wconf 87' lang='grc' dir='ltr'>τὸν</span> <span class='ocrx_word' id='word_1_397' title='bbox 2819 2530 3021 2597; x_wconf 88' lang='grc' dir='ltr'>τρίτον.</span> <span class='ocrx_word' id='word_1_398' title='bbox 3053 2529 3149 2593; x_wconf 84' lang='grc' dir='ltr'>Τίς</span> <span class='ocrx_word' id='word_1_399' title='bbox 3181 2529 3268 2600; x_wconf 81' lang='grc' dir='ltr'>εἴη</span> <span class='ocrx_word' id='word_1_400' title='bbox 3316 2523 3510 2595; x_wconf 73' lang='grc' dir='ltr'>οὖτοςς</span> <span class='ocrx_word' id='word_1_401' title='bbox 3557 2527 3620 2581; x_wconf 80' lang='lat' dir='ltr'>Et</span> <span class='ocrx_word' id='word_1_402' title='bbox 3652 2525 3754 2596; x_wconf 66' lang='grc' dir='ltr'>μὲν</span> <span class='ocrx_word' id='word_1_403' title='bbox 3786 2525 3945 2596; x_wconf 75' lang='grc' dir='ltr'>αὕτη,</span> 
     </span>
    </p>
   </div>
   <div class='ocr_carea' id='block_1_56' title="bbox 2371 2616 3947 2691">
    <p class='ocr_par' dir='ltr' id='par_1_56' title="bbox 2371 2616 3947 2691">
     <span class='ocr_line' id='line_1_56' title="bbox 2371 2616 3947 2691; baseline -0.003 -18"><span class='ocrx_word' id='word_1_404' title='bbox 2371 2622 2515 2690; x_wconf 74' lang='grc' dir='ltr'>μέγα</span> <span class='ocrx_word' id='word_1_405' title='bbox 2556 2619 2617 2672; x_wconf 85' lang='grc' dir='ltr'>τὸ</span> <span class='ocrx_word' id='word_1_406' title='bbox 2662 2619 2958 2690; x_wconf 68' lang='grc' dir='ltr'>ἐγκώμιον.</span> <span class='ocrx_word' id='word_1_407' title='bbox 3009 2619 3307 2691; x_wconf 80' lang='grc' dir='ltr'>Τριαδικῆς</span> <span class='ocrx_word' id='word_1_408' title='bbox 3332 2621 3439 2690; x_wconf 81' lang='grc' dir='ltr'>γάρ</span> <span class='ocrx_word' id='word_1_409' title='bbox 3470 2618 3687 2689; x_wconf 80' lang='grc' dir='ltr'>μερίδος</span> <span class='ocrx_word' id='word_1_410' title='bbox 3716 2616 3947 2670; x_wconf 71' lang='grc' dir='ltr'>ἔπαθλον</span> 
     </span>
    </p>
   </div>
   <div class='ocr_carea' id='block_1_57' title="bbox 2366 2710 3946 2784">
    <p class='ocr_par' dir='ltr' id='par_1_57' title="bbox 2366 2710 3946 2784">
     <span class='ocr_line' id='line_1_57' title="bbox 2366 2710 3946 2784; baseline -0.002 -19"><span class='ocrx_word' id='word_1_411' title='bbox 2366 2712 2623 2775; x_wconf 83' lang='grc' dir='ltr'>διανύεις,</span> <span class='ocrx_word' id='word_1_412' title='bbox 2652 2712 2833 2776; x_wconf 83' lang='grc' dir='ltr'>καλῶς</span> <span class='ocrx_word' id='word_1_413' title='bbox 2871 2712 3210 2784; x_wconf 80' lang='grc' dir='ltr'>διαμείψασα</span> <span class='ocrx_word' id='word_1_414' title='bbox 3252 2712 3342 2766; x_wconf 83' lang='grc' dir='ltr'>τὸν</span> <span class='ocrx_word' id='word_1_415' title='bbox 3389 2711 3525 2781; x_wconf 83' lang='grc' dir='ltr'>βίον,</span> <span class='ocrx_word' id='word_1_416' title='bbox 3551 2710 3736 2764; x_wconf 83' lang='grc' dir='ltr'>πάντα</span> <span class='ocrx_word' id='word_1_417' title='bbox 3756 2710 3946 2763; x_wconf 85' lang='grc' dir='ltr'>ἀπολι-</span> 
     </span>
    </p>
   </div>
   <div class='ocr_carea' id='block_1_58' title="bbox 2371 2800 3945 2876">
    <p class='ocr_par' dir='ltr' id='par_1_58' title="bbox 2371 2800 3945 2876">
     <span class='ocr_line' id='line_1_58' title="bbox 2371 2800 3945 2876; baseline 0.004 -20"><span class='ocrx_word' id='word_1_418' title='bbox 2371 2803 2569 2867; x_wconf 80' lang='grc' dir='ltr'>ποῦσα,</span> <span class='ocrx_word' id='word_1_419' title='bbox 2612 2804 2794 2859; x_wconf 85' lang='grc' dir='ltr'>πάντα</span> <span class='ocrx_word' id='word_1_420' title='bbox 2841 2805 3007 2859; x_wconf 80' lang='grc' dir='ltr'>δοῦσα</span> <span class='ocrx_word' id='word_1_421' title='bbox 3051 2804 3194 2876; x_wconf 72' lang='grc' dir='ltr'>Θεῷ,</span> <span class='ocrx_word' id='word_1_422' title='bbox 3239 2803 3339 2875; x_wconf 78' lang='grc' dir='ltr'>τὴν</span> <span class='ocrx_word' id='word_1_423' title='bbox 3370 2802 3634 2872; x_wconf 77' lang='grc' dir='ltr'>κεφαλὴν,</span> <span class='ocrx_word' id='word_1_424' title='bbox 3664 2800 3735 2855; x_wconf 87' lang='grc' dir='ltr'>τά</span> <span class='ocrx_word' id='word_1_425' title='bbox 3789 2802 3945 2871; x_wconf 65' lang='grc' dir='ltr'>μέλη.</span> 
     </span>
    </p>
   </div>
   <div class='ocr_carea' id='block_1_59' title="bbox 2372 2893 3946 2969">
    <p class='ocr_par' dir='ltr' id='par_1_59' title="bbox 2372 2893 3946 2969">
     <span class='ocr_line' id='line_1_59' title="bbox 2372 2893 3946 2969; baseline -0.001 -20"><span class='ocrx_word' id='word_1_426' title='bbox 2372 2898 2576 2968; x_wconf 84' lang='grc' dir='ltr'>σαυτήν</span> <span class='ocrx_word' id='word_1_427' title='bbox 2598 2912 2613 2928; x_wconf 83' lang='lat'><strong><em>°</em></strong></span> <span class='ocrx_word' id='word_1_428' title='bbox 2639 2898 2696 2951; x_wconf 94' lang='lat' dir='ltr'>tv</span> <span class='ocrx_word' id='word_1_429' title='bbox 2723 2898 2957 2969; x_wconf 78' lang='grc' dir='ltr'>ἀσκήσει</span> <span class='ocrx_word' id='word_1_430' title='bbox 2998 2895 3384 2966; x_wconf 80' lang='grc' dir='ltr'>κατατρίψασα</span> <span class='ocrx_word' id='word_1_431' title='bbox 3410 2894 3471 2949; x_wconf 85' lang='grc' dir='ltr'>τὸ</span> <span class='ocrx_word' id='word_1_432' title='bbox 3494 2893 3679 2964; x_wconf 85' lang='grc' dir='ltr'>τίμιόν</span> <span class='ocrx_word' id='word_1_433' title='bbox 3712 2910 3809 2947; x_wconf 87' lang='grc' dir='ltr'>σου</span> <span class='ocrx_word' id='word_1_434' title='bbox 3839 2893 3946 2947; x_wconf 84' lang='grc' dir='ltr'>σῶ-</span> 
     </span>
    </p>
   </div>
   <div class='ocr_carea' id='block_1_60' title="bbox 2379 2983 3941 3060">
    <p class='ocr_par' dir='ltr' id='par_1_60' title="bbox 2379 2983 3941 3060">
     <span class='ocr_line' id='line_1_60' title="bbox 2379 2983 3941 3060; baseline -0.006 -16"><span class='ocrx_word' id='word_1_435' title='bbox 2379 3006 2475 3060; x_wconf 82' lang='grc' dir='ltr'>μα’</span> <span class='ocrx_word' id='word_1_436' title='bbox 2508 2990 2871 3043; x_wconf 81' lang='grc' dir='ltr'>πολύθλιπτον</span> <span class='ocrx_word' id='word_1_437' title='bbox 2919 2989 3034 3058; x_wconf 87' lang='grc' dir='ltr'>βίον</span> <span class='ocrx_word' id='word_1_438' title='bbox 3070 2987 3468 3054; x_wconf 79' lang='grc' dir='ltr'>διεξανύσασα’</span> <span class='ocrx_word' id='word_1_439' title='bbox 3510 2983 3715 3056; x_wconf 74' lang='grc' dir='ltr'>μᾶλλον</span> <span class='ocrx_word' id='word_1_440' title='bbox 3755 2984 3817 3039; x_wconf 79' lang='grc' dir='ltr'>δὲ</span> <span class='ocrx_word' id='word_1_441' title='bbox 3842 2984 3941 3053; x_wconf 83' lang='grc' dir='ltr'>τὴν</span> 
     </span>
    </p>
   </div>
   <div class='ocr_carea' id='block_1_61' title="bbox 2375 3076 3941 3153">
    <p class='ocr_par' dir='ltr' id='par_1_61' title="bbox 2375 3076 3941 3153">
     <span class='ocr_line' id='line_1_61' title="bbox 2375 3076 3941 3153; baseline -0.004 -17"><span class='ocrx_word' id='word_1_442' title='bbox 2375 3083 2565 3153; x_wconf 80' lang='grc' dir='ltr'>στενὴν</span> <span class='ocrx_word' id='word_1_443' title='bbox 2589 3084 2684 3135; x_wconf 78' lang='grc' dir='ltr'>καὶ</span> <span class='ocrx_word' id='word_1_444' title='bbox 2716 3081 3087 3151; x_wconf 72' lang='grc' dir='ltr'>τεθλιμμένην</span> <span class='ocrx_word' id='word_1_445' title='bbox 3114 3080 3235 3134; x_wconf 80' lang='grc' dir='ltr'>ὁδὸν</span> <span class='ocrx_word' id='word_1_446' title='bbox 3262 3078 3358 3132; x_wconf 80' lang='grc' dir='ltr'>τοῦ</span> <span class='ocrx_word' id='word_1_447' title='bbox 3401 3078 3607 3149; x_wconf 78' lang='grc' dir='ltr'>Κυρίου</span> <span class='ocrx_word' id='word_1_448' title='bbox 3641 3076 3905 3148; x_wconf 83' lang='grc' dir='ltr'>βαδίσασα</span> <span class='ocrx_word' id='word_1_449' title='bbox 3926 3092 3941 3106; x_wconf 90' lang='grc'><strong>·</strong></span> 
     </span>
    </p>
   </div>
   <div class='ocr_carea' id='block_1_62' title="bbox 688 3168 2264 3268">
    <p class='ocr_par' dir='ltr' id='par_1_62' title="bbox 688 3175 2264 3248">
     <span class='ocr_line' id='line_1_62' title="bbox 688 3175 2264 3248; baseline 0.005 -23"><span class='ocrx_word' id='word_1_450' title='bbox 688 3175 829 3226; x_wconf 89' lang='lat' dir='ltr'>viam</span> <span class='ocrx_word' id='word_1_451' title='bbox 860 3188 1101 3238; x_wconf 78' lang='lat' dir='ltr'>emensa,</span> <span class='ocrx_word' id='word_1_452' title='bbox 1134 3175 1337 3229; x_wconf 77' lang='lat' dir='ltr'>exitum</span> <span class='ocrx_word' id='word_1_453' title='bbox 1377 3175 1430 3228; x_wconf 94' lang='lat' dir='ltr'>in</span> <span class='ocrx_word' id='word_1_454' title='bbox 1463 3176 1603 3229; x_wconf 88' lang='lat' dir='ltr'>bona</span> <span class='ocrx_word' id='word_1_455' title='bbox 1634 3187 1916 3232; x_wconf 88' lang='lat' dir='ltr'>senectute</span> <span class='ocrx_word' id='word_1_456' title='bbox 1947 3194 2091 3234; x_wconf 90' lang='lat' dir='ltr'>nunc</span> <span class='ocrx_word' id='word_1_457' title='bbox 2122 3194 2264 3248; x_wconf 64' lang='lat' dir='ltr'>qua:-</span> 
     </span>
    </p>
   </div>
   <div class='ocr_carea' id='block_1_63' title="bbox 2368 3168 3938 3268">
    <p class='ocr_par' dir='ltr' id='par_1_63' title="bbox 2372 3168 3938 3244">
     <span class='ocr_line' id='line_1_63' title="bbox 2372 3168 3938 3244; baseline -0.003 -18"><span class='ocrx_word' id='word_1_458' title='bbox 2372 3174 2466 3227; x_wconf 77' lang='grc' dir='ltr'>καὶ</span> <span class='ocrx_word' id='word_1_459' title='bbox 2492 3172 2586 3225; x_wconf 86' lang='grc' dir='ltr'>νῦν</span> <span class='ocrx_word' id='word_1_460' title='bbox 2613 3175 2671 3225; x_wconf 90' lang='lat' dir='ltr'>tv</span> <span class='ocrx_word' id='word_1_461' title='bbox 2703 3174 2865 3243; x_wconf 76' lang='grc' dir='ltr'>γήρει</span> <span class='ocrx_word' id='word_1_462' title='bbox 2890 3172 3041 3244; x_wconf 82' lang='grc' dir='ltr'>καλῷ</span> <span class='ocrx_word' id='word_1_463' title='bbox 3072 3170 3308 3243; x_wconf 75' lang='grc' dir='ltr'>ζητοῦσα</span> <span class='ocrx_word' id='word_1_464' title='bbox 3347 3168 3447 3241; x_wconf 79' lang='grc' dir='ltr'>τὴν</span> <span class='ocrx_word' id='word_1_465' title='bbox 3496 3169 3777 3225; x_wconf 86' lang='grc' dir='ltr'>ἀνάλυσιν.</span> <span class='ocrx_word' id='word_1_466' title='bbox 3802 3171 3938 3223; x_wconf 82' lang='grc' dir='ltr'>Ταύ-</span> 
     </span>
    </p>
   </div>
   <div class='ocr_carea' id='block_1_64' title="bbox 688 3264 2265 3339">
    <p class='ocr_par' dir='ltr' id='par_1_64' title="bbox 688 3264 2265 3339">
     <span class='ocr_line' id='line_1_64' title="bbox 688 3264 2265 3339; baseline 0.003 -20"><span class='ocrx_word' id='word_1_467' title='bbox 688 3266 781 3321; x_wconf 87' lang='lat' dir='ltr'>ris.</span> <span class='ocrx_word' id='word_1_468' title='bbox 814 3264 971 3322; x_wconf 84' lang='lat' dir='ltr'>Hunc</span> <span class='ocrx_word' id='word_1_469' title='bbox 1001 3277 1180 3322; x_wconf 87' lang='lat' dir='ltr'>autem</span> <span class='ocrx_word' id='word_1_470' title='bbox 1206 3282 1305 3339; x_wconf 88' lang='lat' dir='ltr'>ego</span> <span class='ocrx_word' id='word_1_471' title='bbox 1337 3269 1604 3324; x_wconf 87' lang='lat' dir='ltr'>hactenus</span> <span class='ocrx_word' id='word_1_472' title='bbox 1648 3271 1933 3339; x_wconf 86' lang='lat' dir='ltr'>deprecor.</span> <span class='ocrx_word' id='word_1_473' title='bbox 1971 3269 2265 3334; x_wconf 65' lang='lat' dir='ltr'>Caeterum,</span> 
     </span>
    </p>
   </div>
   <div class='ocr_carea' id='block_1_65' title="bbox 685 3359 2267 3431">
    <p class='ocr_par' dir='ltr' id='par_1_65' title="bbox 685 3359 2267 3431">
     <span class='ocr_line' id='line_1_65' title="bbox 685 3359 2267 3431; baseline 0.001 -18"><span class='ocrx_word' id='word_1_474' title='bbox 685 3359 929 3414; x_wconf 91' lang='lat' dir='ltr'>omnium</span> <span class='ocrx_word' id='word_1_475' title='bbox 960 3361 1246 3429; x_wconf 89' lang='lat' dir='ltr'>optimum,</span> <span class='ocrx_word' id='word_1_476' title='bbox 1289 3363 1435 3431; x_wconf 88' lang='lat' dir='ltr'>quod</span> <span class='ocrx_word' id='word_1_477' title='bbox 1467 3362 1575 3416; x_wconf 87' lang='lat' dir='ltr'>Deo</span> <span class='ocrx_word' id='word_1_478' title='bbox 1602 3362 1891 3431; x_wconf 86' lang='lat' dir='ltr'>placuerit.</span> <span class='ocrx_word' id='word_1_479' title='bbox 1935 3360 2070 3428; x_wconf 87' lang='lat' dir='ltr'>Quis</span> <span class='ocrx_word' id='word_1_480' title='bbox 2119 3362 2267 3417; x_wconf 89' lang='lat' dir='ltr'>enim</span> 
     </span>
    </p>
   </div>
   <div class='ocr_carea' id='block_1_66' title="bbox 686 3452 2270 3524">
    <p class='ocr_par' dir='ltr' id='par_1_66' title="bbox 686 3452 2270 3524">
     <span class='ocr_line' id='line_1_66' title="bbox 686 3452 2270 3524; baseline 0.003 -18"><span class='ocrx_word' id='word_1_481' title='bbox 686 3452 990 3507; x_wconf 89' lang='lat' dir='ltr'>consultius</span> <span class='ocrx_word' id='word_1_482' title='bbox 1032 3468 1195 3522; x_wconf 92' lang='lat' dir='ltr'>quam</span> <span class='ocrx_word' id='word_1_483' title='bbox 1230 3453 1319 3507; x_wconf 91' lang='lat' dir='ltr'>ille</span> <span class='ocrx_word' id='word_1_484' title='bbox 1351 3454 1513 3508; x_wconf 90' lang='lat' dir='ltr'>rebus</span> <span class='ocrx_word' id='word_1_485' title='bbox 1578 3454 1783 3509; x_wconf 89' lang='lat' dir='ltr'>nostris</span> <span class='ocrx_word' id='word_1_486' title='bbox 1824 3455 2169 3524; x_wconf 80' lang='lat' dir='ltr'>prospiciet?</span> <span class='ocrx_word' id='word_1_487' title='bbox 2198 3457 2270 3511; x_wconf 81' lang='lat' dir='ltr'>At</span> 
     </span>
    </p>
   </div>
   <div class='ocr_carea' id='block_1_67' title="bbox 688 3544 2266 3609">
    <p class='ocr_par' dir='ltr' id='par_1_67' title="bbox 688 3544 2266 3609">
     <span class='ocr_line' id='line_1_67' title="bbox 688 3544 2266 3609; baseline 0.003 -11"><span class='ocrx_word' id='word_1_488' title='bbox 688 3555 744 3598; x_wconf 90' lang='lat' dir='ltr'>tu</span> <span class='ocrx_word' id='word_1_489' title='bbox 794 3544 960 3609; x_wconf 83' lang='lat' dir='ltr'>salve,</span> <span class='ocrx_word' id='word_1_490' title='bbox 1011 3556 1205 3609; x_wconf 88' lang='lat' dir='ltr'>mater,</span> <span class='ocrx_word' id='word_1_491' title='bbox 1256 3556 1311 3601; x_wconf 84' lang='lat' dir='ltr'>et</span> <span class='ocrx_word' id='word_1_492' title='bbox 1360 3545 1569 3609; x_wconf 88' lang='lat' dir='ltr'>vivens,</span> <span class='ocrx_word' id='word_1_493' title='bbox 1596 3555 1651 3601; x_wconf 91' lang='lat' dir='ltr'>et</span> <span class='ocrx_word' id='word_1_494' title='bbox 1686 3555 1921 3600; x_wconf 89' lang='lat' dir='ltr'>mortua.</span> <span class='ocrx_word' id='word_1_495' title='bbox 1955 3546 2072 3600; x_wconf 83' lang='lat' dir='ltr'>Non</span> <span class='ocrx_word' id='word_1_496' title='bbox 2116 3548 2266 3602; x_wconf 90' lang='lat' dir='ltr'>enim</span> 
     </span>
    </p>
   </div>
   <div class='ocr_carea' id='block_1_68' title="bbox 688 3638 2267 3708">
    <p class='ocr_par' dir='ltr' id='par_1_68' title="bbox 688 3638 2267 3708">
     <span class='ocr_line' id='line_1_68' title="bbox 688 3638 2267 3708; baseline 0.004 -18"><span class='ocrx_word' id='word_1_497' title='bbox 688 3638 959 3701; x_wconf 88' lang='lat' dir='ltr'>ntorieris,</span> <span class='ocrx_word' id='word_1_498' title='bbox 998 3638 1257 3708; x_wconf 89' lang='lat' dir='ltr'>quoniam</span> <span class='ocrx_word' id='word_1_499' title='bbox 1303 3638 1421 3693; x_wconf 80' lang='lat' dir='ltr'>viva</span> <span class='ocrx_word' id='word_1_500' title='bbox 1469 3654 1549 3693; x_wconf 90' lang='lat' dir='ltr'>es.</span> <span class='ocrx_word' id='word_1_501' title='bbox 1608 3638 1894 3694; x_wconf 81' lang='lat' dir='ltr'>Voluntate</span> <span class='ocrx_word' id='word_1_502' title='bbox 1945 3649 2159 3694; x_wconf 89' lang='lat' dir='ltr'>mortua</span> <span class='ocrx_word' id='word_1_503' title='bbox 2207 3656 2267 3696; x_wconf 89' lang='lat' dir='ltr'>es</span> 
     </span>
    </p>
   </div>
   <div class='ocr_carea' id='block_1_69' title="bbox 687 3730 2267 3801">
    <p class='ocr_par' dir='ltr' id='par_1_69' title="bbox 687 3730 2267 3801">
     <span class='ocr_line' id='line_1_69' title="bbox 687 3730 2267 3801; baseline 0.003 -18"><span class='ocrx_word' id='word_1_504' title='bbox 687 3730 830 3792; x_wconf 64' lang='lat' dir='ltr'>vitm,</span> <span class='ocrx_word' id='word_1_505' title='bbox 866 3731 992 3799; x_wconf 87' lang='lat' dir='ltr'>quia</span> <span class='ocrx_word' id='word_1_506' title='bbox 1026 3730 1231 3785; x_wconf 88' lang='lat' dir='ltr'>bonum</span> <span class='ocrx_word' id='word_1_507' title='bbox 1260 3740 1538 3785; x_wconf 87' lang='lat' dir='ltr'>certamen</span> <span class='ocrx_word' id='word_1_508' title='bbox 1582 3732 1800 3785; x_wconf 89' lang='lat' dir='ltr'>certasti</span> <span class='ocrx_word' id='word_1_509' title='bbox 1833 3749 1846 3795; x_wconf 88' lang='lat'><strong>;</strong></span> <span class='ocrx_word' id='word_1_510' title='bbox 1880 3732 2007 3801; x_wconf 85' lang='lat' dir='ltr'>quia</span> <span class='ocrx_word' id='word_1_511' title='bbox 2035 3733 2267 3787; x_wconf 88' lang='lat' dir='ltr'>terrenis</span> 
     </span>
    </p>
   </div>
   <div class='ocr_carea' id='block_1_70' title="bbox 686 3822 2264 3901">
    <p class='ocr_par' dir='ltr' id='par_1_70' title="bbox 686 3822 2264 3901">
     <span class='ocr_line' id='line_1_70' title="bbox 686 3822 2264 3901; baseline 0.002 -27"><span class='ocrx_word' id='word_1_512' title='bbox 686 3823 849 3876; x_wconf 87' lang='lat' dir='ltr'>rebus</span> <span class='ocrx_word' id='word_1_513' title='bbox 881 3822 1066 3876; x_wconf 88' lang='lat' dir='ltr'>orbata</span> <span class='ocrx_word' id='word_1_514' title='bbox 1094 3838 1173 3889; x_wconf 90' lang='lat' dir='ltr'>es,</span> <span class='ocrx_word' id='word_1_515' title='bbox 1209 3833 1261 3876; x_wconf 92' lang='lat' dir='ltr'>ut</span> <span class='ocrx_word' id='word_1_516' title='bbox 1293 3823 1595 3877; x_wconf 81' lang='lat' dir='ltr'>ccelestium</span> <span class='ocrx_word' id='word_1_517' title='bbox 1629 3824 2221 3901; x_wconf 78' lang='lat' dir='ltr'>adires_lt:ereditatem</span> <span class='ocrx_word' id='word_1_518' title='bbox 2249 3841 2264 3889; x_wconf 88' lang='lat'><strong>;</strong></span> 
     </span>
    </p>
   </div>
   <div class='ocr_carea' id='block_1_71' title="bbox 686 3913 2267 3985">
    <p class='ocr_par' dir='ltr' id='par_1_71' title="bbox 686 3913 2267 3985">
     <span class='ocr_line' id='line_1_71' title="bbox 686 3913 2267 3985; baseline 0.003 -21"><span class='ocrx_word' id='word_1_519' title='bbox 686 3915 812 3983; x_wconf 91' lang='lat' dir='ltr'>quia</span> <span class='ocrx_word' id='word_1_520' title='bbox 866 3914 1110 3981; x_wconf 87' lang='lat' dir='ltr'>martyrii</span> <span class='ocrx_word' id='word_1_521' title='bbox 1159 3915 1462 3969; x_wconf 87' lang='lat' dir='ltr'>certamina</span> <span class='ocrx_word' id='word_1_522' title='bbox 1519 3913 1639 3968; x_wconf 81' lang='lat' dir='ltr'>sine</span> <span class='ocrx_word' id='word_1_523' title='bbox 1696 3915 1961 3984; x_wconf 88' lang='lat' dir='ltr'>sanguine</span> <span class='ocrx_word' id='word_1_524' title='bbox 2038 3916 2267 3985; x_wconf 87' lang='lat' dir='ltr'>partici-</span> 
     </span>
    </p>
   </div>
   <div class='ocr_carea' id='block_1_72' title="bbox 686 4004 2261 4075">
    <p class='ocr_par' dir='ltr' id='par_1_72' title="bbox 686 4004 2261 4075">
     <span class='ocr_line' id='line_1_72' title="bbox 686 4004 2261 4075; baseline 0.002 -17"><span class='ocrx_word' id='word_1_525' title='bbox 686 4005 831 4075; x_wconf 79' lang='lat' dir='ltr'>pasti</span> <span class='ocrx_word' id='word_1_526' title='bbox 858 4022 871 4070; x_wconf 91' lang='lat'><strong>;</strong></span> <span class='ocrx_word' id='word_1_527' title='bbox 904 4007 1145 4059; x_wconf 89' lang='lat' dir='ltr'>membra</span> <span class='ocrx_word' id='word_1_528' title='bbox 1185 4014 1274 4059; x_wconf 84' lang='lat' dir='ltr'>tua</span> <span class='ocrx_word' id='word_1_529' title='bbox 1304 4004 1507 4059; x_wconf 85' lang='lat' dir='ltr'>Christi</span> <span class='ocrx_word' id='word_1_530' title='bbox 1540 4020 1725 4059; x_wconf 89' lang='lat' dir='ltr'>amore</span> <span class='ocrx_word' id='word_1_531' title='bbox 1782 4021 1882 4059; x_wconf 91' lang='lat' dir='ltr'>nos</span> <span class='ocrx_word' id='word_1_532' title='bbox 1910 4006 2261 4071; x_wconf 89' lang='lat' dir='ltr'>abscindens,</span> 
     </span>
    </p>
   </div>
   <div class='ocr_carea' id='block_1_73' title="bbox 686 4093 2261 4167">
    <p class='ocr_par' dir='ltr' id='par_1_73' title="bbox 686 4093 2261 4167">
     <span class='ocr_line' id='line_1_73' title="bbox 686 4093 2261 4167; baseline 0.001 -16"><span class='ocrx_word' id='word_1_533' title='bbox 686 4113 878 4151; x_wconf 88' lang='lat' dir='ltr'>secura</span> <span class='ocrx_word' id='word_1_534' title='bbox 930 4098 1166 4151; x_wconf 91' lang='lat' dir='ltr'>discedis</span> <span class='ocrx_word' id='word_1_535' title='bbox 1216 4098 1492 4151; x_wconf 84' lang='lat' dir='ltr'>intestata.</span> <span class='ocrx_word' id='word_1_536' title='bbox 1534 4093 1645 4151; x_wconf 82' lang='lat' dir='ltr'>Nec</span> <span class='ocrx_word' id='word_1_537' title='bbox 1709 4096 1853 4151; x_wconf 87' lang='lat' dir='ltr'>enim</span> <span class='ocrx_word' id='word_1_538' title='bbox 1908 4107 1992 4153; x_wconf 90' lang='lat' dir='ltr'>est</span> <span class='ocrx_word' id='word_1_539' title='bbox 2036 4098 2103 4153; x_wconf 86' lang='lat' dir='ltr'>de</span> <span class='ocrx_word' id='word_1_540' title='bbox 2153 4114 2261 4167; x_wconf 89' lang='lat' dir='ltr'>quo</span> 
     </span>
    </p>
   </div>
   <div class='ocr_carea' id='block_1_74' title="bbox 688 4186 2263 4258">
    <p class='ocr_par' dir='ltr' id='par_1_74' title="bbox 688 4186 2263 4258">
     <span class='ocr_line' id='line_1_74' title="bbox 688 4186 2263 4258; baseline 0.003 -19"><span class='ocrx_word' id='word_1_541' title='bbox 688 4187 928 4251; x_wconf 77' lang='lat' dir='ltr'>testeris,</span> <span class='ocrx_word' id='word_1_542' title='bbox 958 4196 1155 4255; x_wconf 67' lang='lat' dir='ltr'>prteter</span> <span class='ocrx_word' id='word_1_543' title='bbox 1188 4196 1393 4241; x_wconf 82' lang='lat' dir='ltr'>vestem</span> <span class='ocrx_word' id='word_1_544' title='bbox 1433 4196 1579 4240; x_wconf 87' lang='lat' dir='ltr'>tuam</span> <span class='ocrx_word' id='word_1_545' title='bbox 1621 4186 1914 4251; x_wconf 89' lang='lat' dir='ltr'>cilicinant,</span> <span class='ocrx_word' id='word_1_546' title='bbox 1951 4190 2086 4243; x_wconf 82' lang='lat' dir='ltr'>et~si</span> <span class='ocrx_word' id='word_1_547' title='bbox 2118 4188 2263 4258; x_wconf 89' lang='lat' dir='ltr'>quod</span> 
     </span>
    </p>
   </div>
   <div class='ocr_carea' id='block_1_75' title="bbox 686 4277 2264 4348">
    <p class='ocr_par' dir='ltr' id='par_1_75' title="bbox 686 4277 2264 4348">
     <span class='ocr_line' id='line_1_75' title="bbox 686 4277 2264 4348; baseline 0.002 -15"><span class='ocrx_word' id='word_1_548' title='bbox 686 4277 835 4333; x_wconf 89' lang='lat' dir='ltr'>aliud</span> <span class='ocrx_word' id='word_1_549' title='bbox 866 4288 952 4333; x_wconf 88' lang='lat' dir='ltr'>est</span> <span class='ocrx_word' id='word_1_550' title='bbox 982 4278 1162 4348; x_wconf 87' lang='lat' dir='ltr'>inopis</span> <span class='ocrx_word' id='word_1_551' title='bbox 1195 4279 1322 4333; x_wconf 63' lang='lat' dir='ltr'>vita:</span> <span class='ocrx_word' id='word_1_552' title='bbox 1371 4278 1821 4333; x_wconf 88' lang='lat' dir='ltr'>instrumentum.</span> <span class='ocrx_word' id='word_1_553' title='bbox 1878 4279 2089 4334; x_wconf 86' lang='lat' dir='ltr'>Nudam</span> <span class='ocrx_word' id='word_1_554' title='bbox 2134 4281 2264 4337; x_wconf 91' lang='lat' dir='ltr'>hinc</span> 
     </span>
    </p>
   </div>
   <div class='ocr_carea' id='block_1_76' title="bbox 682 4364 2263 4437">
    <p class='ocr_par' dir='ltr' id='par_1_76' title="bbox 682 4364 2263 4437">
     <span class='ocr_line' id='line_1_76' title="bbox 682 4364 2263 4437; baseline 0.004 -19"><span class='ocrx_word' id='word_1_555' title='bbox 682 4364 795 4434; x_wconf 88' lang='lat' dir='ltr'>jam</span> <span class='ocrx_word' id='word_1_556' title='bbox 827 4364 935 4419; x_wconf 91' lang='lat' dir='ltr'>Deo</span> <span class='ocrx_word' id='word_1_557' title='bbox 968 4372 1018 4418; x_wconf 88' lang='lat' dir='ltr'>te</span> <span class='ocrx_word' id='word_1_558' title='bbox 1064 4365 1232 4429; x_wconf 90' lang='lat' dir='ltr'>sistis,</span> <span class='ocrx_word' id='word_1_559' title='bbox 1292 4382 1482 4437; x_wconf 89' lang='lat' dir='ltr'>puram</span> <span class='ocrx_word' id='word_1_560' title='bbox 1506 4382 1536 4421; x_wconf 86' lang='lat' dir='ltr'>a</span> <span class='ocrx_word' id='word_1_561' title='bbox 1564 4367 1823 4423; x_wconf 90' lang='lat' dir='ltr'>sordibus</span> <span class='ocrx_word' id='word_1_562' title='bbox 1871 4370 2104 4426; x_wconf 90' lang='lat' dir='ltr'>terrenis</span> <span class='ocrx_word' id='word_1_563' title='bbox 2140 4371 2263 4425; x_wconf 87' lang='lat' dir='ltr'>ani-</span> 
     </span>
    </p>
   </div>
   <div class='ocr_carea' id='block_1_77' title="bbox 687 4459 2260 4533">
    <p class='ocr_par' dir='ltr' id='par_1_77' title="bbox 687 4459 2260 4533">
     <span class='ocr_line' id='line_1_77' title="bbox 687 4459 2260 4533; baseline 0.005 -22"><span class='ocrx_word' id='word_1_564' title='bbox 687 4473 829 4511; x_wconf 89' lang='lat' dir='ltr'>mam</span> <span class='ocrx_word' id='word_1_565' title='bbox 860 4472 1078 4529; x_wconf 83' lang='lat' dir='ltr'>gerens.</span> <span class='ocrx_word' id='word_1_566' title='bbox 1130 4459 1310 4513; x_wconf 80' lang='lat' dir='ltr'>Habes</span> <span class='ocrx_word' id='word_1_567' title='bbox 1356 4468 1539 4515; x_wconf 89' lang='lat' dir='ltr'>tamen</span> <span class='ocrx_word' id='word_1_568' title='bbox 1566 4460 1712 4530; x_wconf 84' lang='lat' dir='ltr'>quod</span> <span class='ocrx_word' id='word_1_569' title='bbox 1741 4460 1902 4516; x_wconf 90' lang='lat' dir='ltr'>nobis</span> <span class='ocrx_word' id='word_1_570' title='bbox 1960 4463 2260 4533; x_wconf 89' lang='lat' dir='ltr'>relinquas,</span> 
     </span>
    </p>
   </div>
   <div class='ocr_carea' id='block_1_78' title="bbox 2368 3260 3943 3334">
    <p class='ocr_par' dir='ltr' id='par_1_78' title="bbox 2368 3260 3943 3334">
     <span class='ocr_line' id='line_1_78' title="bbox 2368 3260 3943 3334; baseline -0.004 -17"><span class='ocrx_word' id='word_1_571' title='bbox 2368 3280 2469 3332; x_wconf 87' lang='grc' dir='ltr'>την</span> <span class='ocrx_word' id='word_1_572' title='bbox 2502 3264 2681 3317; x_wconf 91' lang='grc' dir='ltr'>τοίνυν</span> <span class='ocrx_word' id='word_1_573' title='bbox 2700 3264 3018 3334; x_wconf 82' lang='grc' dir='ltr'>ἀπεύχομαι</span> <span class='ocrx_word' id='word_1_574' title='bbox 3046 3264 3183 3326; x_wconf 66' lang='grc' dir='ltr'>τέως</span> <span class='ocrx_word' id='word_1_575' title='bbox 3211 3263 3359 3334; x_wconf 74' lang='grc' dir='ltr'>ἄρτι.</span> <span class='ocrx_word' id='word_1_576' title='bbox 3398 3261 3565 3332; x_wconf 78' lang='grc' dir='ltr'>Πλὴν,</span> <span class='ocrx_word' id='word_1_577' title='bbox 3594 3262 3889 3332; x_wconf 81' lang='grc' dir='ltr'>κράτιστον</span> <span class='ocrx_word' id='word_1_578' title='bbox 3917 3260 3943 3310; x_wconf 78' lang='grc' dir='ltr'>δ</span> 
     </span>
    </p>
   </div>
   <div class='ocr_carea' id='block_1_79' title="bbox 2368 3351 3944 3425">
    <p class='ocr_par' dir='ltr' id='par_1_79' title="bbox 2368 3351 3944 3425">
     <span class='ocr_line' id='line_1_79' title="bbox 2368 3351 3944 3425; baseline -0.002 -18"><span class='ocrx_word' id='word_1_579' title='bbox 2368 3353 2444 3424; x_wconf 84' lang='grc' dir='ltr'>τῷ</span> <span class='ocrx_word' id='word_1_580' title='bbox 2478 3354 2598 3425; x_wconf 80' lang='grc' dir='ltr'>Θεῷ</span> <span class='ocrx_word' id='word_1_581' title='bbox 2644 3354 2817 3423; x_wconf 69' lang='grc' dir='ltr'>φίλον,</span> <span class='ocrx_word' id='word_1_582' title='bbox 2862 3356 2958 3409; x_wconf 79' lang='grc' dir='ltr'>καὶ</span> <span class='ocrx_word' id='word_1_583' title='bbox 3005 3354 3090 3417; x_wconf 85' lang='grc' dir='ltr'>τίς</span> <span class='ocrx_word' id='word_1_584' title='bbox 3127 3352 3475 3423; x_wconf 72' lang='grc' dir='ltr'>οἰκειοτέρως</span> <span class='ocrx_word' id='word_1_585' title='bbox 3520 3352 3589 3405; x_wconf 89' lang='grc' dir='ltr'>τά</span> <span class='ocrx_word' id='word_1_586' title='bbox 3633 3354 3766 3423; x_wconf 81' lang='grc' dir='ltr'>περὶ</span> <span class='ocrx_word' id='word_1_587' title='bbox 3800 3351 3944 3421; x_wconf 69' lang='grc' dir='ltr'>ἡμᾶς</span> 
     </span>
    </p>
   </div>
   <div class='ocr_carea' id='block_1_80' title="bbox 2370 3444 3940 3519">
    <p class='ocr_par' dir='ltr' id='par_1_80' title="bbox 2370 3444 3940 3519">
     <span class='ocr_line' id='line_1_80' title="bbox 2370 3444 3940 3519; baseline -0.003 -20"><span class='ocrx_word' id='word_1_588' title='bbox 2370 3446 2715 3517; x_wconf 83' lang='grc' dir='ltr'>βουλεύσεται</span> <span class='ocrx_word' id='word_1_589' title='bbox 2770 3446 2904 3519; x_wconf 81' lang='grc' dir='ltr'>ἀτερ</span> <span class='ocrx_word' id='word_1_590' title='bbox 2957 3444 3163 3513; x_wconf 75' lang='grc' dir='ltr'>αὐτοῦς</span> <span class='ocrx_word' id='word_1_591' title='bbox 3205 3444 3365 3499; x_wconf 87' lang='grc' dir='ltr'>Ἀλλά</span> <span class='ocrx_word' id='word_1_592' title='bbox 3406 3462 3496 3515; x_wconf 92' lang='grc' dir='ltr'>μοι</span> <span class='ocrx_word' id='word_1_593' title='bbox 3540 3446 3720 3516; x_wconf 84' lang='grc' dir='ltr'>χαῖρε,</span> <span class='ocrx_word' id='word_1_594' title='bbox 3747 3444 3940 3512; x_wconf 83' lang='grc' dir='ltr'>μῆτερ,</span> 
     </span>
    </p>
   </div>
   <div class='ocr_carea' id='block_1_81' title="bbox 2367 3534 3942 3610">
    <p class='ocr_par' dir='ltr' id='par_1_81' title="bbox 2367 3534 3942 3610">
     <span class='ocr_line' id='line_1_81' title="bbox 2367 3534 3942 3610; baseline -0.004 -19"><span class='ocrx_word' id='word_1_595' title='bbox 2367 3542 2461 3592; x_wconf 76' lang='grc' dir='ltr'>καί</span> <span class='ocrx_word' id='word_1_596' title='bbox 2498 3538 2669 3603; x_wconf 78' lang='grc' dir='ltr'>ζῶσα,</span> <span class='ocrx_word' id='word_1_597' title='bbox 2700 3540 2795 3593; x_wconf 77' lang='grc' dir='ltr'>καὶ</span> <span class='ocrx_word' id='word_1_598' title='bbox 2838 3540 3179 3610; x_wconf 78' lang='grc' dir='ltr'>κοιμωμένη.</span> <span class='ocrx_word' id='word_1_599' title='bbox 3211 3540 3286 3592; x_wconf 84' lang='grc' dir='ltr'>Οὐ</span> <span class='ocrx_word' id='word_1_600' title='bbox 3312 3540 3419 3609; x_wconf 85' lang='grc' dir='ltr'>γάρ</span> <span class='ocrx_word' id='word_1_601' title='bbox 3466 3538 3761 3606; x_wconf 76' lang='grc' dir='ltr'>τεθνήξεις,</span> <span class='ocrx_word' id='word_1_602' title='bbox 3812 3534 3942 3587; x_wconf 83' lang='grc' dir='ltr'>διότι</span> 
     </span>
    </p>
   </div>
   <div class='ocr_carea' id='block_1_82' title="bbox 2368 3627 3941 3703">
    <p class='ocr_par' dir='ltr' id='par_1_82' title="bbox 2368 3627 3941 3703">
     <span class='ocr_line' id='line_1_82' title="bbox 2368 3627 3941 3703; baseline -0.004 -19"><span class='ocrx_word' id='word_1_603' title='bbox 2368 3630 2519 3695; x_wconf 77' lang='grc' dir='ltr'>ζῶσα</span> <span class='ocrx_word' id='word_1_604' title='bbox 2550 3627 2637 3685; x_wconf 76' lang='grc' dir='ltr'>εἷ’</span> <span class='ocrx_word' id='word_1_605' title='bbox 2673 3632 2995 3703; x_wconf 80' lang='grc' dir='ltr'>προαιρέσει</span> <span class='ocrx_word' id='word_1_606' title='bbox 3057 3631 3446 3702; x_wconf 82' lang='grc' dir='ltr'>ἀπενεκρώθης</span> <span class='ocrx_word' id='word_1_607' title='bbox 3496 3629 3576 3700; x_wconf 79' lang='grc' dir='ltr'>τῷ</span> <span class='ocrx_word' id='word_1_608' title='bbox 3622 3628 3759 3698; x_wconf 69' lang='grc' dir='ltr'>βίῳ*</span> <span class='ocrx_word' id='word_1_609' title='bbox 3811 3627 3941 3680; x_wconf 82' lang='grc' dir='ltr'>διότι</span> 
     </span>
    </p>
   </div>
   <div class='ocr_carea' id='block_1_83' title="bbox 2368 3719 3939 3792">
    <p class='ocr_par' dir='ltr' id='par_1_83' title="bbox 2368 3719 3939 3792">
     <span class='ocr_line' id='line_1_83' title="bbox 2368 3719 3939 3792; baseline -0.006 -15"><span class='ocrx_word' id='word_1_610' title='bbox 2368 3723 2530 3777; x_wconf 86' lang='grc' dir='ltr'>καλὸν</span> <span class='ocrx_word' id='word_1_611' title='bbox 2564 3724 2749 3791; x_wconf 82' lang='grc' dir='ltr'>ἀγῶνα</span> <span class='ocrx_word' id='word_1_612' title='bbox 2786 3723 3085 3792; x_wconf 64' lang='grc' dir='ltr'>ἠγώνισαν</span> <span class='ocrx_word' id='word_1_613' title='bbox 3117 3723 3251 3775; x_wconf 84' lang='grc' dir='ltr'>διότι</span> <span class='ocrx_word' id='word_1_614' title='bbox 3300 3721 3605 3791; x_wconf 71' lang='grc' dir='ltr'>ἑστερὴθης</span> <span class='ocrx_word' id='word_1_615' title='bbox 3650 3719 3760 3770; x_wconf 84' lang='grc' dir='ltr'>τῶν</span> <span class='ocrx_word' id='word_1_616' title='bbox 3818 3720 3939 3770; x_wconf 78' lang='lat' dir='ltr'>tm-</span> 
     </span>
    </p>
   </div>
   <div class='ocr_carea' id='block_1_84' title="bbox 2368 3808 3941 3884">
    <p class='ocr_par' dir='ltr' id='par_1_84' title="bbox 2368 3808 3941 3884">
     <span class='ocr_line' id='line_1_84' title="bbox 2368 3808 3941 3884; baseline -0.004 -18"><span class='ocrx_word' id='word_1_617' title='bbox 2368 3816 2555 3883; x_wconf 84' lang='grc' dir='ltr'>γέίων,</span> <span class='ocrx_word' id='word_1_618' title='bbox 2582 3816 2671 3869; x_wconf 77' lang='grc' dir='ltr'>ἵνα</span> <span class='ocrx_word' id='word_1_619' title='bbox 2698 3814 2767 3867; x_wconf 81' lang='grc' dir='ltr'>τά</span> <span class='ocrx_word' id='word_1_620' title='bbox 2800 3814 3029 3883; x_wconf 79' lang='grc' dir='ltr'>οὐράνια</span> <span class='ocrx_word' id='word_1_621' title='bbox 3070 3813 3519 3884; x_wconf 75' lang='grc' dir='ltr'>κληρονομήσῃς’</span> <span class='ocrx_word' id='word_1_622' title='bbox 3542 3810 3675 3863; x_wconf 85' lang='grc' dir='ltr'>διότι</span> <span class='ocrx_word' id='word_1_623' title='bbox 3703 3812 3819 3871; x_wconf 85' lang='grc' dir='ltr'>τοῖς</span> <span class='ocrx_word' id='word_1_624' title='bbox 3848 3808 3941 3860; x_wconf 72' lang='grc' dir='ltr'>τοῦ</span> 
     </span>
    </p>
   </div>
   <div class='ocr_carea' id='block_1_85' title="bbox 2371 3902 3941 3977">
    <p class='ocr_par' dir='ltr' id='par_1_85' title="bbox 2371 3902 3941 3977">
     <span class='ocr_line' id='line_1_85' title="bbox 2371 3902 3941 3977; baseline -0.003 -19"><span class='ocrx_word' id='word_1_625' title='bbox 2371 3907 2673 3977; x_wconf 87' lang='grc' dir='ltr'>μαρτυρίου</span> <span class='ocrx_word' id='word_1_626' title='bbox 2719 3905 3003 3975; x_wconf 84' lang='grc' dir='ltr'>ὡμίλησας</span> <span class='ocrx_word' id='word_1_627' title='bbox 3028 3904 3207 3967; x_wconf 78' lang='grc' dir='ltr'>ἄθλοις</span> <span class='ocrx_word' id='word_1_628' title='bbox 3236 3902 3541 3975; x_wconf 82' lang='grc' dir='ltr'>ἀναιμωτί⁶</span> <span class='ocrx_word' id='word_1_629' title='bbox 3572 3902 3643 3955; x_wconf 76' lang='grc' dir='ltr'>τά</span> <span class='ocrx_word' id='word_1_630' title='bbox 3679 3903 3814 3973; x_wconf 81' lang='grc' dir='ltr'>μέλη</span> <span class='ocrx_word' id='word_1_631' title='bbox 3850 3920 3941 3955; x_wconf 90' lang='grc' dir='ltr'>σου</span> 
     </span>
    </p>
   </div>
   <div class='ocr_carea' id='block_1_86' title="bbox 2367 3994 3942 4069">
    <p class='ocr_par' dir='ltr' id='par_1_86' title="bbox 2367 3994 3942 4069">
     <span class='ocr_line' id='line_1_86' title="bbox 2367 3994 3942 4069; baseline -0.001 -20"><span class='ocrx_word' id='word_1_632' title='bbox 2367 3999 2515 4069; x_wconf 72' lang='grc' dir='ltr'>ἡμᾶς</span> <span class='ocrx_word' id='word_1_633' title='bbox 2538 3996 2885 4067; x_wconf 80' lang='grc' dir='ltr'>ἀποτεμοῦσα</span> <span class='ocrx_word' id='word_1_634' title='bbox 2907 3996 2996 4050; x_wconf 86' lang='grc' dir='ltr'>διά</span> <span class='ocrx_word' id='word_1_635' title='bbox 3022 3994 3121 4067; x_wconf 76' lang='grc' dir='ltr'>τὴν</span> <span class='ocrx_word' id='word_1_636' title='bbox 3137 3997 3359 4066; x_wconf 80' lang='grc' dir='ltr'>ἀγάπην</span> <span class='ocrx_word' id='word_1_637' title='bbox 3380 3996 3473 4049; x_wconf 80' lang='grc' dir='ltr'>τοῦ</span> <span class='ocrx_word' id='word_1_638' title='bbox 3494 3996 3700 4066; x_wconf 79' lang='grc' dir='ltr'>Κυρίου</span> <span class='ocrx_word' id='word_1_639' title='bbox 3724 4011 3738 4024; x_wconf 83' lang='grc'><em>’</em></span> <span class='ocrx_word' id='word_1_640' title='bbox 3753 3996 3942 4065; x_wconf 72' lang='grc' dir='ltr'>ἀμέρι-</span> 
     </span>
    </p>
   </div>
   <div class='ocr_carea' id='block_1_87' title="bbox 2370 4088 3940 4162">
    <p class='ocr_par' dir='ltr' id='par_1_87' title="bbox 2370 4088 3940 4162">
     <span class='ocr_line' id='line_1_87' title="bbox 2370 4088 3940 4162; baseline -0.003 -17"><span class='ocrx_word' id='word_1_641' title='bbox 2370 4107 2499 4162; x_wconf 88' lang='grc' dir='ltr'>μνος</span> <span class='ocrx_word' id='word_1_642' title='bbox 2518 4090 2753 4162; x_wconf 73' lang='grc' dir='ltr'>ἀπέρχῃ,</span> <span class='ocrx_word' id='word_1_643' title='bbox 2770 4089 3065 4153; x_wconf 82' lang='grc' dir='ltr'>ἀδιάθετος.</span> <span class='ocrx_word' id='word_1_644' title='bbox 3092 4089 3166 4143; x_wconf 81' lang='grc' dir='ltr'>Οὐ</span> <span class='ocrx_word' id='word_1_645' title='bbox 3194 4090 3300 4162; x_wconf 84' lang='grc' dir='ltr'>γὰρ</span> <span class='ocrx_word' id='word_1_646' title='bbox 3323 4090 3556 4160; x_wconf 86' lang='grc' dir='ltr'>πάρεστί</span> <span class='ocrx_word' id='word_1_647' title='bbox 3574 4088 3655 4143; x_wconf 89' lang='grc' dir='ltr'>σοί</span> <span class='ocrx_word' id='word_1_648' title='bbox 3677 4106 3732 4141; x_wconf 92' lang='grc' dir='ltr'>τι</span> <span class='ocrx_word' id='word_1_649' title='bbox 3763 4088 3940 4143; x_wconf 82' lang='grc' dir='ltr'>διαθέ-</span> 
     </span>
    </p>
   </div>
   <div class='ocr_carea' id='block_1_88' title="bbox 2368 4182 3939 4255">
    <p class='ocr_par' dir='ltr' id='par_1_88' title="bbox 2368 4182 3939 4255">
     <span class='ocr_line' id='line_1_88' title="bbox 2368 4182 3939 4255; baseline -0.001 -17"><span class='ocrx_word' id='word_1_650' title='bbox 2368 4184 2510 4248; x_wconf 90' lang='grc' dir='ltr'>σθαι,</span> <span class='ocrx_word' id='word_1_651' title='bbox 2541 4185 2573 4255; x_wconf 79' lang='grc' dir='ltr'>ἢ</span> <span class='ocrx_word' id='word_1_652' title='bbox 2598 4186 2658 4237; x_wconf 76' lang='grc' dir='ltr'>τὸ</span> <span class='ocrx_word' id='word_1_653' title='bbox 2677 4184 2879 4255; x_wconf 74' lang='grc' dir='ltr'>ενδυμά</span> <span class='ocrx_word' id='word_1_654' title='bbox 2908 4201 2999 4237; x_wconf 91' lang='grc' dir='ltr'>σου</span> <span class='ocrx_word' id='word_1_655' title='bbox 3032 4185 3091 4237; x_wconf 76' lang='grc' dir='ltr'>τὸ</span> <span class='ocrx_word' id='word_1_656' title='bbox 3130 4184 3389 4255; x_wconf 83' lang='grc' dir='ltr'>τρίχινον,</span> <span class='ocrx_word' id='word_1_657' title='bbox 3413 4185 3507 4237; x_wconf 78' lang='grc' dir='ltr'>καὶ</span> <span class='ocrx_word' id='word_1_658' title='bbox 3550 4183 3603 4236; x_wconf 83' lang='grc' dir='ltr'>εί</span> <span class='ocrx_word' id='word_1_659' title='bbox 3621 4201 3671 4237; x_wconf 90' lang='grc' dir='ltr'>τι</span> <span class='ocrx_word' id='word_1_660' title='bbox 3696 4183 3827 4236; x_wconf 75' lang='grc' dir='ltr'>ἄλλο</span> <span class='ocrx_word' id='word_1_661' title='bbox 3847 4182 3939 4251; x_wconf 82' lang='grc' dir='ltr'>τῆς</span> 
     </span>
    </p>
   </div>
   <div class='ocr_carea' id='block_1_89' title="bbox 2366 4262 3938 4346">
    <p class='ocr_par' dir='ltr' id='par_1_89' title="bbox 2366 4262 3938 4346">
     <span class='ocr_line' id='line_1_89' title="bbox 2366 4262 3938 4346; baseline -0.003 -17"><span class='ocrx_word' id='word_1_662' title='bbox 2366 4275 2703 4330; x_wconf 75' lang='grc' dir='ltr'>ἀσκευάστου</span> <span class='ocrx_word' id='word_1_663' title='bbox 2754 4262 2898 4346; x_wconf 77' lang='grc' dir='ltr'>ζωῆς</span> <span class='ocrx_word' id='word_1_664' title='bbox 2938 4274 3164 4345; x_wconf 86' lang='grc' dir='ltr'>σχέδιον.</span> <span class='ocrx_word' id='word_1_665' title='bbox 3207 4274 3559 4329; x_wconf 80' lang='grc' dir='ltr'>’Δπεντεῦθιν</span> <span class='ocrx_word' id='word_1_666' title='bbox 3603 4274 3704 4345; x_wconf 70' lang='grc' dir='ltr'>ἤδη</span> <span class='ocrx_word' id='word_1_667' title='bbox 3759 4275 3938 4343; x_wconf 83' lang='grc' dir='ltr'>γυμνὴ</span> 
     </span>
    </p>
   </div>
   <div class='ocr_carea' id='block_1_90' title="bbox 2367 4360 3939 4438">
    <p class='ocr_par' dir='ltr' id='par_1_90' title="bbox 2367 4360 3939 4438">
     <span class='ocr_line' id='line_1_90' title="bbox 2367 4360 3939 4438; baseline -0.005 -18"><span class='ocrx_word' id='word_1_668' title='bbox 2367 4366 2699 4438; x_wconf 82' lang='grc' dir='ltr'>παρίστασαι</span> <span class='ocrx_word' id='word_1_669' title='bbox 2721 4365 2797 4436; x_wconf 81' lang='grc' dir='ltr'>τῷ</span> <span class='ocrx_word' id='word_1_670' title='bbox 2813 4364 2951 4436; x_wconf 84' lang='grc' dir='ltr'>Θεῷ,</span> <span class='ocrx_word' id='word_1_671' title='bbox 2970 4365 3214 4434; x_wconf 84' lang='grc' dir='ltr'>καθαράν</span> <span class='ocrx_word' id='word_1_672' title='bbox 3244 4364 3340 4434; x_wconf 81' lang='grc' dir='ltr'>τῆς</span> <span class='ocrx_word' id='word_1_673' title='bbox 3366 4363 3473 4417; x_wconf 81' lang='grc' dir='ltr'>τῶν</span> <span class='ocrx_word' id='word_1_674' title='bbox 3501 4362 3642 4417; x_wconf 77' lang='grc' dir='ltr'>ὑλῶν</span> <span class='ocrx_word' id='word_1_675' title='bbox 3670 4360 3939 4432; x_wconf 74' lang='grc' dir='ltr'>βορϐορώ-</span> 
     </span>
    </p>
   </div>
   <div class='ocr_carea' id='block_1_91' title="bbox 2368 4454 3939 4529">
    <p class='ocr_par' dir='ltr' id='par_1_91' title="bbox 2368 4454 3939 4529">
     <span class='ocr_line' id='line_1_91' title="bbox 2368 4454 3939 4529; baseline -0.004 -18"><span class='ocrx_word' id='word_1_676' title='bbox 2368 4475 2506 4522; x_wconf 86' lang='grc' dir='ltr'>σεως</span> <span class='ocrx_word' id='word_1_677' title='bbox 2536 4458 2773 4529; x_wconf 84' lang='grc' dir='ltr'>φέρουσα</span> <span class='ocrx_word' id='word_1_678' title='bbox 2799 4456 2898 4527; x_wconf 79' lang='grc' dir='ltr'>τὴν</span> <span class='ocrx_word' id='word_1_679' title='bbox 2945 4456 3143 4527; x_wconf 76' lang='grc' dir='ltr'>ψυχήν.</span> <span class='ocrx_word' id='word_1_680' title='bbox 3182 4456 3367 4525; x_wconf 80' lang='grc' dir='ltr'>Ἔχεις</span> <span class='ocrx_word' id='word_1_681' title='bbox 3393 4454 3439 4507; x_wconf 85' lang='grc' dir='ltr'>δ’</span> <span class='ocrx_word' id='word_1_682' title='bbox 3461 4455 3489 4507; x_wconf 84' lang='grc' dir='ltr'><strong>ὃ</strong></span> <span class='ocrx_word' id='word_1_683' title='bbox 3513 4470 3566 4506; x_wconf 89' lang='grc' dir='ltr'>τι</span> <span class='ocrx_word' id='word_1_684' title='bbox 3591 4454 3725 4523; x_wconf 77' lang='grc' dir='ltr'>ἡμῖν</span> <span class='ocrx_word' id='word_1_685' title='bbox 3773 4469 3939 4506; x_wconf 82' lang='grc' dir='ltr'>κατα-</span> 
     </span>
    </p>
   </div>
   <div class='ocr_carea' id='block_1_92' title="bbox 686 4544 2264 4623">
    <p class='ocr_par' dir='ltr' id='par_1_92' title="bbox 686 4548 2263 4623">
     <span class='ocr_line' id='line_1_92' title="bbox 686 4548 2263 4623; baseline 0.006 -22"><span class='ocrx_word' id='word_1_686' title='bbox 686 4548 917 4603; x_wconf 85' lang='lat' dir='ltr'>validam</span> <span class='ocrx_word' id='word_1_687' title='bbox 947 4550 1339 4619; x_wconf 85' lang='lat' dir='ltr'>precationem,</span> <span class='ocrx_word' id='word_1_688' title='bbox 1395 4567 1556 4621; x_wconf 90' lang='lat' dir='ltr'>quam</span> <span class='ocrx_word' id='word_1_689' title='bbox 1604 4569 1772 4623; x_wconf 90' lang='lat' dir='ltr'>prope</span> <span class='ocrx_word' id='word_1_690' title='bbox 1820 4554 1997 4609; x_wconf 87' lang='lat' dir='ltr'>adhuc</span> <span class='ocrx_word' id='word_1_691' title='bbox 2038 4556 2263 4611; x_wconf 80' lang='lat' dir='ltr'>infanti-</span> 
     </span>
    </p>
   </div>
   <div class='ocr_carea' id='block_1_93' title="bbox 2368 4544 3937 4623">
    <p class='ocr_par' dir='ltr' id='par_1_93' title="bbox 2369 4544 3937 4619">
     <span class='ocr_line' id='line_1_93' title="bbox 2369 4544 3937 4619; baseline -0.004 -19"><span class='ocrx_word' id='word_1_692' title='bbox 2369 4548 2591 4619; x_wconf 72' lang='grc' dir='ltr'>λείψεις,</span> <span class='ocrx_word' id='word_1_693' title='bbox 2621 4548 2718 4619; x_wconf 79' lang='grc' dir='ltr'>τὴν</span> <span class='ocrx_word' id='word_1_694' title='bbox 2748 4547 3018 4618; x_wconf 73' lang='grc' dir='ltr'>κραταιάν</span> <span class='ocrx_word' id='word_1_695' title='bbox 3066 4546 3252 4616; x_wconf 78' lang='grc' dir='ltr'>εὐχὴν,</span> <span class='ocrx_word' id='word_1_696' title='bbox 3288 4546 3354 4615; x_wconf 74' lang='grc' dir='ltr'>ῆν</span> <span class='ocrx_word' id='word_1_697' title='bbox 3400 4544 3493 4597; x_wconf 75' lang='grc' dir='ltr'>καὶ</span> <span class='ocrx_word' id='word_1_698' title='bbox 3540 4544 3757 4613; x_wconf 87' lang='grc' dir='ltr'>νηπίοις</span> <span class='ocrx_word' id='word_1_699' title='bbox 3810 4545 3937 4614; x_wconf 79' lang='grc' dir='ltr'>ἡμῖν</span> 
     </span>
    </p>
   </div>
   <div class='ocr_carea' id='block_1_94' title="bbox 687 4640 2261 4717">
    <p class='ocr_par' dir='ltr' id='par_1_94' title="bbox 687 4640 2261 4717">
     <span class='ocr_line' id='line_1_94' title="bbox 687 4640 2261 4717; baseline 0.006 -24"><span class='ocrx_word' id='word_1_700' title='bbox 687 4640 789 4695; x_wconf 87' lang='lat' dir='ltr'>bus</span> <span class='ocrx_word' id='word_1_701' title='bbox 818 4641 978 4695; x_wconf 91' lang='lat' dir='ltr'>nobis</span> <span class='ocrx_word' id='word_1_702' title='bbox 1009 4640 1377 4711; x_wconf 90' lang='lat' dir='ltr'>impertiebas,</span> <span class='ocrx_word' id='word_1_703' title='bbox 1414 4645 1696 4698; x_wconf 89' lang='lat' dir='ltr'>nocturnis</span> <span class='ocrx_word' id='word_1_704' title='bbox 1754 4646 1906 4699; x_wconf 89' lang='lat' dir='ltr'>horis</span> <span class='ocrx_word' id='word_1_705' title='bbox 1945 4648 2169 4717; x_wconf 90' lang='lat' dir='ltr'>signans</span> <span class='ocrx_word' id='word_1_706' title='bbox 2204 4658 2261 4702; x_wconf 91' lang='lat' dir='ltr'>et</span> 
     </span>
    </p>
   </div>
   <div class='ocr_carea' id='block_1_95' title="bbox 685 4731 2262 4807">
    <p class='ocr_par' dir='ltr' id='par_1_95' title="bbox 685 4731 2262 4807">
     <span class='ocr_line' id='line_1_95' title="bbox 685 4731 2262 4807; baseline 0.006 -24"><span class='ocrx_word' id='word_1_707' title='bbox 685 4731 1033 4799; x_wconf 88' lang='lat' dir='ltr'>consignans,</span> <span class='ocrx_word' id='word_1_708' title='bbox 1070 4746 1260 4799; x_wconf 86' lang='lat' dir='ltr'>preces</span> <span class='ocrx_word' id='word_1_709' title='bbox 1289 4745 1387 4801; x_wconf 92' lang='lat' dir='ltr'>pro</span> <span class='ocrx_word' id='word_1_710' title='bbox 1418 4732 1575 4786; x_wconf 91' lang='lat' dir='ltr'>nobis</span> <span class='ocrx_word' id='word_1_711' title='bbox 1607 4732 1838 4788; x_wconf 89' lang='lat' dir='ltr'>Domino</span> <span class='ocrx_word' id='word_1_712' title='bbox 1870 4751 2262 4807; x_wconf 88' lang='lat' dir='ltr'>usquequaque</span> 
     </span>
    </p>
   </div>
   <div class='ocr_carea' id='block_1_96' title="bbox 686 4820 2260 4899">
    <p class='ocr_par' dir='ltr' id='par_1_96' title="bbox 686 4820 2260 4899">
     <span class='ocr_line' id='line_1_96' title="bbox 686 4820 2260 4899; baseline 0.004 -22"><span class='ocrx_word' id='word_1_713' title='bbox 686 4822 949 4877; x_wconf 77' lang='lat' dir='ltr'>oﬂ&#39;erens.</span> <span class='ocrx_word' id='word_1_714' title='bbox 1004 4820 1307 4891; x_wconf 80' lang='lat' dir='ltr'>Relinques</span> <span class='ocrx_word' id='word_1_715' title='bbox 1357 4832 1411 4878; x_wconf 86' lang='lat' dir='ltr'>et</span> <span class='ocrx_word' id='word_1_716' title='bbox 1456 4824 1743 4896; x_wconf 81' lang='lat' dir='ltr'>impigram</span> <span class='ocrx_word' id='word_1_717' title='bbox 1793 4834 1941 4881; x_wconf 89' lang='lat' dir='ltr'>tuam</span> <span class='ocrx_word' id='word_1_718' title='bbox 1969 4828 2024 4881; x_wconf 89' lang='lat' dir='ltr'>itt</span> <span class='ocrx_word' id='word_1_719' title='bbox 2059 4828 2260 4899; x_wconf 86' lang='lat' dir='ltr'>divinis</span> 
     </span>
    </p>
   </div>
   <div class='ocr_carea' id='block_1_97' title="bbox 687 4912 2257 4986">
    <p class='ocr_par' dir='ltr' id='par_1_97' title="bbox 687 4912 2257 4986">
     <span class='ocr_line' id='line_1_97' title="bbox 687 4912 2257 4986; baseline 0.005 -19"><span class='ocrx_word' id='word_1_720' title='bbox 687 4913 924 4985; x_wconf 88' lang='lat' dir='ltr'>liturgiis</span> <span class='ocrx_word' id='word_1_721' title='bbox 947 4912 1305 4985; x_wconf 88' lang='lat' dir='ltr'>diligentiam,</span> <span class='ocrx_word' id='word_1_722' title='bbox 1333 4916 1579 4971; x_wconf 85' lang='lat' dir='ltr'>studium</span> <span class='ocrx_word' id='word_1_723' title='bbox 1618 4918 1890 4973; x_wconf 87' lang='lat' dir='ltr'>castitatis</span> <span class='ocrx_word' id='word_1_724' title='bbox 1922 4929 1980 4974; x_wconf 91' lang='lat' dir='ltr'>et</span> <span class='ocrx_word' id='word_1_725' title='bbox 2013 4921 2257 4986; x_wconf 90' lang='lat' dir='ltr'>virtutis,</span> 
     </span>
    </p>
   </div>
   <div class='ocr_carea' id='block_1_98' title="bbox 684 5005 2261 5077">
    <p class='ocr_par' dir='ltr' id='par_1_98' title="bbox 684 5005 2261 5077">
     <span class='ocr_line' id='line_1_98' title="bbox 684 5005 2261 5077; baseline 0.005 -18"><span class='ocrx_word' id='word_1_726' title='bbox 684 5016 741 5060; x_wconf 88' lang='lat' dir='ltr'>et</span> <span class='ocrx_word' id='word_1_727' title='bbox 767 5005 1119 5075; x_wconf 89' lang='lat' dir='ltr'>apostolicam</span> <span class='ocrx_word' id='word_1_728' title='bbox 1168 5006 1549 5077; x_wconf 90' lang='lat' dir='ltr'>gloriationem</span> <span class='ocrx_word' id='word_1_729' title='bbox 1588 5008 1811 5065; x_wconf 87' lang='lat' dir='ltr'>laboris.</span> <span class='ocrx_word' id='word_1_730' title='bbox 1858 5009 2069 5066; x_wconf 83' lang='lat' dir='ltr'>Revera</span> <span class='ocrx_word' id='word_1_731' title='bbox 2115 5014 2261 5068; x_wconf 87' lang='lat' dir='ltr'>enim</span> 
     </span>
    </p>
   </div>
   <div class='ocr_carea' id='block_1_99' title="bbox 685 5095 2257 5167">
    <p class='ocr_par' dir='ltr' id='par_1_99' title="bbox 685 5095 2257 5167">
     <span class='ocr_line' id='line_1_99' title="bbox 685 5095 2257 5167; baseline 0.004 -18"><span class='ocrx_word' id='word_1_732' title='bbox 685 5095 952 5167; x_wconf 90' lang='lat' dir='ltr'>plurimus</span> <span class='ocrx_word' id='word_1_733' title='bbox 980 5101 1292 5149; x_wconf 84' lang='lat' dir='ltr'>sanctarum</span> <span class='ocrx_word' id='word_1_734' title='bbox 1328 5111 1585 5151; x_wconf 89' lang='lat' dir='ltr'>manuum</span> <span class='ocrx_word' id='word_1_735' title='bbox 1603 5109 1814 5155; x_wconf 89' lang='lat' dir='ltr'>tuarum</span> <span class='ocrx_word' id='word_1_736' title='bbox 1848 5099 2002 5156; x_wconf 85' lang='lat' dir='ltr'>labor</span> <span class='ocrx_word' id='word_1_737' title='bbox 2030 5103 2257 5166; x_wconf 81' lang='lat' dir='ltr'>exstitit,</span> 
     </span>
    </p>
   </div>
   <div class='ocr_carea' id='block_1_100' title="bbox 684 5186 2261 5257">
    <p class='ocr_par' dir='ltr' id='par_1_100' title="bbox 684 5186 2261 5257">
     <span class='ocr_line' id='line_1_100' title="bbox 684 5186 2261 5257; baseline 0.006 -18"><span class='ocrx_word' id='word_1_738' title='bbox 684 5186 1014 5256; x_wconf 84' lang='lat' dir='ltr'>operuitque</span> <span class='ocrx_word' id='word_1_739' title='bbox 1045 5201 1111 5241; x_wconf 87' lang='lat' dir='ltr'>ac</span> <span class='ocrx_word' id='word_1_740' title='bbox 1157 5186 1310 5251; x_wconf 88' lang='lat' dir='ltr'>I&#39;ovit,</span> <span class='ocrx_word' id='word_1_741' title='bbox 1358 5202 1469 5241; x_wconf 93' lang='lat' dir='ltr'>non</span> <span class='ocrx_word' id='word_1_742' title='bbox 1513 5202 1613 5244; x_wconf 90' lang='lat' dir='ltr'>nos</span> <span class='ocrx_word' id='word_1_743' title='bbox 1645 5190 1812 5257; x_wconf 91' lang='lat' dir='ltr'>solos,</span> <span class='ocrx_word' id='word_1_744' title='bbox 1838 5192 1936 5247; x_wconf 90' lang='lat' dir='ltr'>sed</span> <span class='ocrx_word' id='word_1_745' title='bbox 1960 5203 2016 5247; x_wconf 90' lang='lat' dir='ltr'>et</span> <span class='ocrx_word' id='word_1_746' title='bbox 2063 5192 2261 5248; x_wconf 80' lang='lat' dir='ltr'>fratres</span> 
     </span>
    </p>
   </div>
   <div class='ocr_carea' id='block_1_101' title="bbox 685 5278 2260 5355">
    <p class='ocr_par' dir='ltr' id='par_1_101' title="bbox 685 5278 2260 5355">
     <span class='ocr_line' id='line_1_101' title="bbox 685 5278 2260 5355; baseline 0.005 -23"><span class='ocrx_word' id='word_1_747' title='bbox 685 5278 851 5333; x_wconf 84' lang='lat' dir='ltr'>simul</span> <span class='ocrx_word' id='word_1_748' title='bbox 897 5279 1209 5345; x_wconf 87' lang='lat' dir='ltr'>universos,</span> <span class='ocrx_word' id='word_1_749' title='bbox 1274 5278 1365 5348; x_wconf 91' lang='lat' dir='ltr'>qui</span> <span class='ocrx_word' id='word_1_750' title='bbox 1403 5288 1456 5335; x_wconf 88' lang='lat' dir='ltr'>te</span> <span class='ocrx_word' id='word_1_751' title='bbox 1488 5295 1592 5335; x_wconf 90' lang='lat' dir='ltr'>ceu</span> <span class='ocrx_word' id='word_1_752' title='bbox 1637 5292 1866 5339; x_wconf 88' lang='lat' dir='ltr'>matrem</span> <span class='ocrx_word' id='word_1_753' title='bbox 1919 5285 2260 5355; x_wconf 88' lang='lat' dir='ltr'>spiritualetn</span> 
     </span>
    </p>
   </div>
   <div class='ocr_carea' id='block_1_102' title="bbox 686 5372 2262 5449">
    <p class='ocr_par' dir='ltr' id='par_1_102' title="bbox 686 5372 2262 5449">
     <span class='ocr_line' id='line_1_102' title="bbox 686 5372 2262 5449; baseline 0.004 -22"><span class='ocrx_word' id='word_1_754' title='bbox 686 5379 1068 5441; x_wconf 84' lang='lat' dir='ltr'>agnoscentes,</span> <span class='ocrx_word' id='word_1_755' title='bbox 1118 5372 1489 5442; x_wconf 73' lang='lat' dir='ltr'>colentesque,</span> <span class='ocrx_word' id='word_1_756' title='bbox 1525 5388 1778 5445; x_wconf 60' lang='lat' dir='ltr'>peraeque</span> <span class='ocrx_word' id='word_1_757' title='bbox 1820 5386 1883 5433; x_wconf 93' lang='lat' dir='ltr'>ut</span> <span class='ocrx_word' id='word_1_758' title='bbox 1936 5393 2036 5432; x_wconf 84' lang='lat' dir='ltr'>nos</span> <span class='ocrx_word' id='word_1_759' title='bbox 2074 5379 2177 5449; x_wconf 89' lang='lat' dir='ltr'>ipsi</span> <span class='ocrx_word' id='word_1_760' title='bbox 2210 5389 2262 5434; x_wconf 86' lang='lat' dir='ltr'>te</span> 
     </span>
    </p>
   </div>
   <div class='ocr_carea' id='block_1_103' title="bbox 687 5463 2262 5535">
    <p class='ocr_par' dir='ltr' id='par_1_103' title="bbox 687 5463 2262 5535">
     <span class='ocr_line' id='line_1_103' title="bbox 687 5463 2262 5535; baseline 0.004 -18"><span class='ocrx_word' id='word_1_761' title='bbox 687 5464 877 5533; x_wconf 68' lang='lat' dir='ltr'>lugent</span> <span class='ocrx_word' id='word_1_762' title='bbox 910 5474 965 5518; x_wconf 92' lang='lat' dir='ltr'>et</span> <span class='ocrx_word' id='word_1_763' title='bbox 999 5464 1273 5518; x_wconf 89' lang='lat' dir='ltr'>invocant.</span> <span class='ocrx_word' id='word_1_764' title='bbox 1310 5463 1437 5518; x_wconf 69' lang='lat' dir='ltr'>llam</span> <span class='ocrx_word' id='word_1_765' title='bbox 1463 5481 1585 5535; x_wconf 60' lang='lat' dir='ltr'>qua</span> <span class='ocrx_word' id='word_1_766' title='bbox 1615 5468 1854 5523; x_wconf 89' lang='lat' dir='ltr'>nondum</span> <span class='ocrx_word' id='word_1_767' title='bbox 1908 5480 2038 5523; x_wconf 89' lang='lat' dir='ltr'>sunt</span> <span class='ocrx_word' id='word_1_768' title='bbox 2063 5470 2262 5525; x_wconf 88' lang='lat' dir='ltr'>litteris</span> 
     </span>
    </p>
   </div>
   <div class='ocr_carea' id='block_1_104' title="bbox 687 5552 2261 5629">
    <p class='ocr_par' dir='ltr' id='par_1_104' title="bbox 687 5552 2261 5629">
     <span class='ocr_line' id='line_1_104' title="bbox 687 5552 2261 5629; baseline 0.006 -21"><span class='ocrx_word' id='word_1_769' title='bbox 687 5552 1019 5618; x_wconf 78' lang='lat' dir='ltr'>eﬂinximus,</span> <span class='ocrx_word' id='word_1_770' title='bbox 1048 5553 1478 5610; x_wconf 88' lang='lat' dir='ltr'>consolationem</span> <span class='ocrx_word' id='word_1_771' title='bbox 1514 5557 1671 5611; x_wconf 89' lang='lat' dir='ltr'>nobis</span> <span class='ocrx_word' id='word_1_772' title='bbox 1697 5558 1829 5627; x_wconf 87' lang='lat' dir='ltr'>ipsis</span> <span class='ocrx_word' id='word_1_773' title='bbox 1862 5570 2166 5629; x_wconf 89' lang='lat' dir='ltr'>captantes,</span> <span class='ocrx_word' id='word_1_774' title='bbox 2204 5574 2261 5617; x_wconf 90' lang='lat' dir='ltr'>et</span> 
     </span>
    </p>
   </div>
   <div class='ocr_carea' id='block_1_105' title="bbox 685 5646 2259 5723">
    <p class='ocr_par' dir='ltr' id='par_1_105' title="bbox 685 5646 2259 5723">
     <span class='ocr_line' id='line_1_105' title="bbox 685 5646 2259 5723; baseline 0.006 -23"><span class='ocrx_word' id='word_1_775' title='bbox 685 5647 871 5700; x_wconf 83' lang='lat' dir='ltr'>cordis</span> <span class='ocrx_word' id='word_1_776' title='bbox 894 5646 1066 5701; x_wconf 89' lang='lat' dir='ltr'>nostri</span> <span class='ocrx_word' id='word_1_777' title='bbox 1089 5662 1331 5709; x_wconf 89' lang='lat' dir='ltr'>sensum,</span> <span class='ocrx_word' id='word_1_778' title='bbox 1364 5662 1526 5715; x_wconf 90' lang='lat' dir='ltr'>quem</span> <span class='ocrx_word' id='word_1_779' title='bbox 1554 5648 1667 5719; x_wconf 89' lang='lat' dir='ltr'>ipsa</span> <span class='ocrx_word' id='word_1_780' title='bbox 1697 5650 1858 5705; x_wconf 89' lang='lat' dir='ltr'>etiam</span> <span class='ocrx_word' id='word_1_781' title='bbox 1890 5667 1988 5722; x_wconf 87' lang='lat' dir='ltr'>per</span> <span class='ocrx_word' id='word_1_782' title='bbox 2020 5661 2070 5708; x_wconf 91' lang='lat' dir='ltr'>te</span> <span class='ocrx_word' id='word_1_783' title='bbox 2094 5655 2259 5723; x_wconf 91' lang='lat' dir='ltr'>nosti,</span> 
     </span>
    </p>
   </div>
   <div class='ocr_carea' id='block_1_106' title="bbox 691 5738 2261 5809">
    <p class='ocr_par' dir='ltr' id='par_1_106' title="bbox 691 5738 2261 5809">
     <span class='ocr_line' id='line_1_106' title="bbox 691 5738 2261 5809; baseline 0.007 -17"><span class='ocrx_word' id='word_1_784' title='bbox 691 5738 1101 5809; x_wconf 86' lang='lat' dir='ltr'>patefacientes.</span> <span class='ocrx_word' id='word_1_785' title='bbox 1138 5738 1253 5809; x_wconf 80' lang='lat' dir='ltr'>Ego</span> <span class='ocrx_word' id='word_1_786' title='bbox 1284 5739 1468 5808; x_wconf 78' lang='lat' dir='ltr'>igitur,</span> <span class='ocrx_word' id='word_1_787' title='bbox 1498 5751 1671 5797; x_wconf 89' lang='lat' dir='ltr'>mater</span> <span class='ocrx_word' id='word_1_788' title='bbox 1702 5754 1909 5809; x_wconf 87' lang='lat' dir='ltr'>sancta,</span> <span class='ocrx_word' id='word_1_789' title='bbox 1941 5754 2003 5800; x_wconf 91' lang='lat' dir='ltr'>ut</span> <span class='ocrx_word' id='word_1_790' title='bbox 2028 5748 2261 5803; x_wconf 79' lang='lat' dir='ltr'>maxime</span> 
     </span>
    </p>
   </div>
   <div class='ocr_carea' id='block_1_107' title="bbox 698 5831 2260 5911">
    <p class='ocr_par' dir='ltr' id='par_1_107' title="bbox 698 5831 2260 5911">
     <span class='ocr_line' id='line_1_107' title="bbox 698 5831 2260 5911; baseline 0.008 -29"><span class='ocrx_word' id='word_1_791' title='bbox 698 5831 914 5893; x_wconf 69' lang='lat' dir='ltr'>Vellem.</span> <span class='ocrx_word' id='word_1_792' title='bbox 938 5832 1080 5895; x_wconf 86' lang='lat' dir='ltr'>quod</span> <span class='ocrx_word' id='word_1_793' title='bbox 1106 5840 1156 5887; x_wconf 85' lang='lat' dir='ltr'>te</span> <span class='ocrx_word' id='word_1_794' title='bbox 1182 5848 1289 5887; x_wconf 92' lang='lat' dir='ltr'>non</span> <span class='ocrx_word' id='word_1_795' title='bbox 1318 5832 1466 5899; x_wconf 85' lang='lat' dir='ltr'>latet,</span> <span class='ocrx_word' id='word_1_796' title='bbox 1496 5834 1680 5890; x_wconf 81' lang='lat' dir='ltr'>venire</span> <span class='ocrx_word' id='word_1_797' title='bbox 1711 5852 1815 5890; x_wconf 90' lang='lat' dir='ltr'>ttott</span> <span class='ocrx_word' id='word_1_798' title='bbox 1848 5838 2020 5909; x_wconf 83' lang='lat' dir='ltr'>potui,</span> <span class='ocrx_word' id='word_1_799' title='bbox 2041 5847 2260 5911; x_wconf 84' lang='lat' dir='ltr'>propter</span> 
     </span>
    </p>
   </div>
   <div class='ocr_carea' id='block_1_108' title="bbox 2366 4632 3935 4705">
    <p class='ocr_par' dir='ltr' id='par_1_108' title="bbox 2366 4632 3935 4705">
     <span class='ocr_line' id='line_1_108' title="bbox 2366 4632 3935 4705; baseline -0.001 -16"><span class='ocrx_word' id='word_1_800' title='bbox 2366 4632 2483 4689; x_wconf 78' lang='grc' dir='ltr'>οὖσι</span> <span class='ocrx_word' id='word_1_801' title='bbox 2514 4636 2697 4705; x_wconf 78' lang='grc' dir='ltr'>σχεδὸν</span> <span class='ocrx_word' id='word_1_802' title='bbox 2728 4636 3100 4705; x_wconf 83' lang='grc' dir='ltr'>κατέπεμπες,</span> <span class='ocrx_word' id='word_1_803' title='bbox 3144 4634 3449 4704; x_wconf 83' lang='grc' dir='ltr'>σημειοῦσα</span> <span class='ocrx_word' id='word_1_804' title='bbox 3492 4634 3588 4687; x_wconf 80' lang='grc' dir='ltr'>καὶ</span> <span class='ocrx_word' id='word_1_805' title='bbox 3619 4651 3935 4705; x_wconf 72' lang='grc' dir='ltr'>κατασφρα-</span> 
     </span>
    </p>
   </div>
   <div class='ocr_carea' id='block_1_109' title="bbox 2364 4724 3937 4798">
    <p class='ocr_par' dir='ltr' id='par_1_109' title="bbox 2364 4724 3937 4798">
     <span class='ocr_line' id='line_1_109' title="bbox 2364 4724 3937 4798; baseline -0.001 -19"><span class='ocrx_word' id='word_1_806' title='bbox 2364 4728 2519 4796; x_wconf 71' lang='grc' dir='ltr'>γίζου</span> <span class='ocrx_word' id='word_1_807' title='bbox 2532 4746 2593 4781; x_wconf 73' lang='grc' dir='ltr'>πα</span> <span class='ocrx_word' id='word_1_808' title='bbox 2624 4729 2683 4781; x_wconf 74' lang='lat' dir='ltr'>tv</span> <span class='ocrx_word' id='word_1_809' title='bbox 2710 4729 2833 4790; x_wconf 76' lang='grc' dir='ltr'>ταῖς</span> <span class='ocrx_word' id='word_1_810' title='bbox 2866 4729 3213 4798; x_wconf 83' lang='grc' dir='ltr'>νυκτεριναίς</span> <span class='ocrx_word' id='word_1_811' title='bbox 3236 4724 3433 4797; x_wconf 81' lang='grc' dir='ltr'>ὥραις,</span> <span class='ocrx_word' id='word_1_812' title='bbox 3461 4725 3612 4791; x_wconf 81' lang='grc' dir='ltr'>λιτάς</span> <span class='ocrx_word' id='word_1_813' title='bbox 3641 4726 3761 4781; x_wconf 76' lang='grc' dir='ltr'>ἀνθ’</span> <span class='ocrx_word' id='word_1_814' title='bbox 3785 4727 3937 4797; x_wconf 81' lang='grc' dir='ltr'>ἡμῶν</span> 
     </span>
    </p>
   </div>
   <div class='ocr_carea' id='block_1_110' title="bbox 2363 4820 3934 4893">
    <p class='ocr_par' dir='ltr' id='par_1_110' title="bbox 2363 4820 3934 4893">
     <span class='ocr_line' id='line_1_110' title="bbox 2363 4820 3934 4893; baseline 0 -18"><span class='ocrx_word' id='word_1_815' title='bbox 2363 4821 2442 4891; x_wconf 87' lang='grc' dir='ltr'>τῷ</span> <span class='ocrx_word' id='word_1_816' title='bbox 2479 4823 2671 4893; x_wconf 81' lang='grc' dir='ltr'>Κυρίῳ</span> <span class='ocrx_word' id='word_1_817' title='bbox 2699 4822 2758 4876; x_wconf 92' lang='lat' dir='ltr'>tv</span> <span class='ocrx_word' id='word_1_818' title='bbox 2792 4821 2959 4876; x_wconf 79' lang='grc' dir='ltr'>παντὶ</span> <span class='ocrx_word' id='word_1_819' title='bbox 2998 4820 3176 4892; x_wconf 87' lang='grc' dir='ltr'>καιρῷ</span> <span class='ocrx_word' id='word_1_820' title='bbox 3218 4821 3627 4891; x_wconf 78' lang='grc' dir='ltr'>προσφέρουσα.</span> <span class='ocrx_word' id='word_1_821' title='bbox 3660 4822 3934 4876; x_wconf 73' lang='grc' dir='ltr'>Καταλεί-</span> 
     </span>
    </p>
   </div>
   <div class='ocr_carea' id='block_1_111' title="bbox 2362 4912 3937 4985">
    <p class='ocr_par' dir='ltr' id='par_1_111' title="bbox 2362 4912 3937 4985">
     <span class='ocr_line' id='line_1_111' title="bbox 2362 4912 3937 4985; baseline -0.001 -18"><span class='ocrx_word' id='word_1_822' title='bbox 2362 4914 2486 4983; x_wconf 73' lang='grc' dir='ltr'>ψεις</span> <span class='ocrx_word' id='word_1_823' title='bbox 2530 4915 2587 4968; x_wconf 68' lang='grc' dir='ltr'>δὲ</span> <span class='ocrx_word' id='word_1_824' title='bbox 2628 4915 2722 4967; x_wconf 82' lang='grc' dir='ltr'>καὶ</span> <span class='ocrx_word' id='word_1_825' title='bbox 2759 4914 2821 4967; x_wconf 80' lang='grc' dir='ltr'>τὸ</span> <span class='ocrx_word' id='word_1_826' title='bbox 2858 4914 3055 4968; x_wconf 80' lang='grc' dir='ltr'>ἀοκνόν</span> <span class='ocrx_word' id='word_1_827' title='bbox 3087 4929 3185 4965; x_wconf 90' lang='grc' dir='ltr'>σου</span> <span class='ocrx_word' id='word_1_828' title='bbox 3218 4913 3278 4966; x_wconf 86' lang='lat' dir='ltr'>tv</span> <span class='ocrx_word' id='word_1_829' title='bbox 3322 4914 3446 4975; x_wconf 81' lang='grc' dir='ltr'>ταῖς</span> <span class='ocrx_word' id='word_1_830' title='bbox 3479 4912 3656 4977; x_wconf 79' lang='grc' dir='ltr'>θείαις</span> <span class='ocrx_word' id='word_1_831' title='bbox 3692 4912 3937 4985; x_wconf 76' lang='grc' dir='ltr'>λειτουρο</span> 
     </span>
    </p>
   </div>
   <div class='ocr_carea' id='block_1_112' title="bbox 2363 5003 3934 5075">
    <p class='ocr_par' dir='ltr' id='par_1_112' title="bbox 2363 5003 3934 5075">
     <span class='ocr_line' id='line_1_112' title="bbox 2363 5003 3934 5075; baseline -0.001 -16"><span class='ocrx_word' id='word_1_832' title='bbox 2363 5008 2530 5074; x_wconf 86' lang='grc' dir='ltr'>γίαις,</span> <span class='ocrx_word' id='word_1_833' title='bbox 2574 5006 2669 5059; x_wconf 69' lang='grc' dir='ltr'>καὶ</span> <span class='ocrx_word' id='word_1_834' title='bbox 2703 5006 2986 5075; x_wconf 82' lang='grc' dir='ltr'>φίλαγνον,</span> <span class='ocrx_word' id='word_1_835' title='bbox 3024 5003 3122 5057; x_wconf 74' lang='grc' dir='ltr'>καὶ</span> <span class='ocrx_word' id='word_1_836' title='bbox 3166 5003 3481 5069; x_wconf 82' lang='grc' dir='ltr'>σπουδαῖον,</span> <span class='ocrx_word' id='word_1_837' title='bbox 3527 5004 3625 5059; x_wconf 80' lang='grc' dir='ltr'>καὶ</span> <span class='ocrx_word' id='word_1_838' title='bbox 3682 5004 3749 5058; x_wconf 78' lang='grc' dir='ltr'>τὸ</span> <span class='ocrx_word' id='word_1_839' title='bbox 3801 5005 3934 5058; x_wconf 80' lang='grc' dir='ltr'>ἀπο-</span> 
     </span>
    </p>
   </div>
   <div class='ocr_carea' id='block_1_113' title="bbox 2364 5096 3933 5169">
    <p class='ocr_par' dir='ltr' id='par_1_113' title="bbox 2364 5096 3933 5169">
     <span class='ocr_line' id='line_1_113' title="bbox 2364 5096 3933 5169; baseline 0 -18"><span class='ocrx_word' id='word_1_840' title='bbox 2364 5099 2611 5152; x_wconf 84' lang='grc' dir='ltr'>στολικὸν</span> <span class='ocrx_word' id='word_1_841' title='bbox 2640 5098 2902 5169; x_wconf 78' lang='grc' dir='ltr'>καύχημα</span> <span class='ocrx_word' id='word_1_842' title='bbox 2930 5097 3024 5150; x_wconf 75' lang='grc' dir='ltr'>τοῦ</span> <span class='ocrx_word' id='word_1_843' title='bbox 3069 5096 3341 5166; x_wconf 76' lang='grc' dir='ltr'>καμάτου.</span> <span class='ocrx_word' id='word_1_844' title='bbox 3368 5096 3459 5168; x_wconf 83' lang='grc' dir='ltr'><strong>Τῷ</strong></span> <span class='ocrx_word' id='word_1_845' title='bbox 3486 5096 3600 5151; x_wconf 82' lang='grc' dir='ltr'>δντι</span> <span class='ocrx_word' id='word_1_846' title='bbox 3627 5096 3739 5167; x_wconf 82' lang='grc' dir='ltr'>γὰρ</span> <span class='ocrx_word' id='word_1_847' title='bbox 3773 5098 3933 5162; x_wconf 74' lang='grc' dir='ltr'>πολὺς</span> 
     </span>
    </p>
   </div>
   <div class='ocr_carea' id='block_1_114' title="bbox 2364 5188 3932 5261">
    <p class='ocr_par' dir='ltr' id='par_1_114' title="bbox 2364 5188 3932 5261">
     <span class='ocr_line' id='line_1_114' title="bbox 2364 5188 3932 5261; baseline -0.001 -17"><span class='ocrx_word' id='word_1_848' title='bbox 2364 5193 2610 5261; x_wconf 80' lang='grc' dir='ltr'>κάματος</span> <span class='ocrx_word' id='word_1_849' title='bbox 2642 5192 2708 5244; x_wconf 72' lang='lat' dir='ltr'>tat</span> <span class='ocrx_word' id='word_1_850' title='bbox 2739 5189 2851 5243; x_wconf 82' lang='grc' dir='ltr'>τῶν</span> <span class='ocrx_word' id='word_1_851' title='bbox 2892 5189 3057 5242; x_wconf 82' lang='grc' dir='ltr'>ὁσίων</span> <span class='ocrx_word' id='word_1_852' title='bbox 3103 5204 3197 5242; x_wconf 88' lang='grc' dir='ltr'>σου</span> <span class='ocrx_word' id='word_1_853' title='bbox 3240 5188 3443 5260; x_wconf 83' lang='grc' dir='ltr'>χειρῶν</span> <span class='ocrx_word' id='word_1_854' title='bbox 3483 5188 3798 5259; x_wconf 66' lang='grc' dir='ltr'>ἐξελήλυθε,</span> <span class='ocrx_word' id='word_1_855' title='bbox 3843 5192 3932 5243; x_wconf 72' lang='grc' dir='ltr'>καὶ</span> 
     </span>
    </p>
   </div>
   <div class='ocr_carea' id='block_1_115' title="bbox 2361 5280 3931 5351">
    <p class='ocr_par' dir='ltr' id='par_1_115' title="bbox 2361 5280 3931 5351">
     <span class='ocr_line' id='line_1_115' title="bbox 2361 5280 3931 5351; baseline -0.001 -15"><span class='ocrx_word' id='word_1_856' title='bbox 2361 5283 2691 5336; x_wconf 75' lang='grc' dir='ltr'>διεσκιπασε</span> <span class='ocrx_word' id='word_1_857' title='bbox 2738 5284 2833 5337; x_wconf 68' lang='grc' dir='ltr'>καὶ⁵</span> <span class='ocrx_word' id='word_1_858' title='bbox 2880 5281 3191 5351; x_wconf 72' lang='grc' dir='ltr'>διέθαλψεν,</span> <span class='ocrx_word' id='word_1_859' title='bbox 3225 5280 3325 5351; x_wconf 83' lang='grc' dir='ltr'>οὐχ</span> <span class='ocrx_word' id='word_1_860' title='bbox 3359 5282 3507 5351; x_wconf 73' lang='grc' dir='ltr'>ἡμᾶς</span> <span class='ocrx_word' id='word_1_861' title='bbox 3551 5283 3773 5351; x_wconf 87' lang='grc' dir='ltr'>μόνους,</span> <span class='ocrx_word' id='word_1_862' title='bbox 3801 5281 3931 5335; x_wconf 79' lang='grc' dir='ltr'>ἀλλά</span> 
     </span>
    </p>
   </div>
   <div class='ocr_carea' id='block_1_116' title="bbox 2362 5371 3931 5445">
    <p class='ocr_par' dir='ltr' id='par_1_116' title="bbox 2362 5371 3931 5445">
     <span class='ocr_line' id='line_1_116' title="bbox 2362 5371 3931 5445; baseline -0.001 -16"><span class='ocrx_word' id='word_1_863' title='bbox 2362 5376 2456 5430; x_wconf 75' lang='grc' dir='ltr'>καὶ</span> <span class='ocrx_word' id='word_1_864' title='bbox 2515 5376 2733 5429; x_wconf 71' lang='grc' dir='ltr'>ἅπασαν</span> <span class='ocrx_word' id='word_1_865' title='bbox 2778 5376 2879 5445; x_wconf 77' lang='grc' dir='ltr'>τὴν</span> <span class='ocrx_word' id='word_1_866' title='bbox 2930 5373 3296 5443; x_wconf 72' lang='grc' dir='ltr'>ἀδελφότηταο</span> <span class='ocrx_word' id='word_1_867' title='bbox 3348 5372 3397 5425; x_wconf 75' lang='grc' dir='ltr'>οἳ</span> <span class='ocrx_word' id='word_1_868' title='bbox 3446 5372 3543 5425; x_wconf 76' lang='grc' dir='ltr'>καὶ</span> <span class='ocrx_word' id='word_1_869' title='bbox 3592 5371 3669 5435; x_wconf 85' lang='grc' dir='ltr'>ὡς</span> <span class='ocrx_word' id='word_1_870' title='bbox 3720 5375 3931 5445; x_wconf 84' lang='grc' dir='ltr'>μητέρα</span> 
     </span>
    </p>
   </div>
   <div class='ocr_carea' id='block_1_117' title="bbox 2366 5461 3927 5535">
    <p class='ocr_par' dir='ltr' id='par_1_117' title="bbox 2366 5461 3927 5535">
     <span class='ocr_line' id='line_1_117' title="bbox 2366 5461 3927 5535; baseline -0.001 -18"><span class='ocrx_word' id='word_1_871' title='bbox 2366 5465 2741 5535; x_wconf 78' lang='grc' dir='ltr'>πνευματικὴν</span> <span class='ocrx_word' id='word_1_872' title='bbox 2784 5464 2997 5535; x_wconf 73' lang='grc' dir='ltr'>ιχοντις</span> <span class='ocrx_word' id='word_1_873' title='bbox 3048 5479 3109 5516; x_wconf 82' lang='grc' dir='ltr'>σε</span> <span class='ocrx_word' id='word_1_874' title='bbox 3154 5463 3249 5516; x_wconf 67' lang='grc' dir='ltr'>καί⁵</span> <span class='ocrx_word' id='word_1_875' title='bbox 3304 5461 3681 5531; x_wconf 71' lang='grc' dir='ltr'>περιέποντες,</span> <span class='ocrx_word' id='word_1_876' title='bbox 3713 5464 3784 5516; x_wconf 69' lang='grc' dir='ltr'>τά</span> <span class='ocrx_word' id='word_1_877' title='bbox 3845 5464 3927 5516; x_wconf 69' lang='lat' dir='ltr'>In</span> 
     </span>
    </p>
   </div>
   <div class='ocr_carea' id='block_1_118' title="bbox 2362 5552 3921 5628">
    <p class='ocr_par' dir='ltr' id='par_1_118' title="bbox 2362 5552 3921 5628">
     <span class='ocr_line' id='line_1_118' title="bbox 2362 5552 3921 5628; baseline -0.001 -18"><span class='ocrx_word' id='word_1_878' title='bbox 2362 5559 2495 5628; x_wconf 79' lang='grc' dir='ltr'>ἡμῖν</span> <span class='ocrx_word' id='word_1_879' title='bbox 2541 5555 2986 5610; x_wconf 82' lang='grc' dir='ltr'>καταλυποῦνταί</span> <span class='ocrx_word' id='word_1_880' title='bbox 3023 5572 3080 5608; x_wconf 90' lang='grc' dir='ltr'>σε</span> <span class='ocrx_word' id='word_1_881' title='bbox 3127 5555 3223 5607; x_wconf 73' lang='grc' dir='ltr'>καὶ</span> <span class='ocrx_word' id='word_1_882' title='bbox 3272 5552 3695 5607; x_wconf 83' lang='grc' dir='ltr'>ἀνακαλοῦνται.</span> <span class='ocrx_word' id='word_1_883' title='bbox 3722 5556 3921 5619; x_wconf 74' lang='grc' dir='ltr'>Ταῦτα,</span> 
     </span>
    </p>
   </div>
   <div class='ocr_carea' id='block_1_119' title="bbox 2361 5645 3921 5721">
    <p class='ocr_par' dir='ltr' id='par_1_119' title="bbox 2361 5645 3921 5721">
     <span class='ocr_line' id='line_1_119' title="bbox 2361 5645 3921 5721; baseline -0.002 -18"><span class='ocrx_word' id='word_1_884' title='bbox 2361 5650 2437 5713; x_wconf 80' lang='grc' dir='ltr'>ὡς</span> <span class='ocrx_word' id='word_1_885' title='bbox 2465 5648 2542 5721; x_wconf 83' lang='grc' dir='ltr'>μὴ</span> <span class='ocrx_word' id='word_1_886' title='bbox 2568 5649 2850 5719; x_wconf 86' lang='grc' dir='ltr'>γινόμενα,</span> <span class='ocrx_word' id='word_1_887' title='bbox 2884 5645 3334 5717; x_wconf 72' lang='grc' dir='ltr'>ὶσχηματίσαμεν</span> <span class='ocrx_word' id='word_1_888' title='bbox 3376 5646 3435 5700; x_wconf 90' lang='lat' dir='ltr'>tv</span> <span class='ocrx_word' id='word_1_889' title='bbox 3468 5648 3583 5711; x_wconf 79' lang='grc' dir='ltr'>τοῖς</span> <span class='ocrx_word' id='word_1_890' title='bbox 3612 5646 3921 5718; x_wconf 86' lang='grc' dir='ltr'>γράμμασι,</span> 
     </span>
    </p>
   </div>
   <div class='ocr_carea' id='block_1_120' title="bbox 2362 5737 3920 5813">
    <p class='ocr_par' dir='ltr' id='par_1_120' title="bbox 2362 5737 3920 5813">
     <span class='ocr_line' id='line_1_120' title="bbox 2362 5737 3920 5813; baseline -0.001 -18"><span class='ocrx_word' id='word_1_891' title='bbox 2362 5739 2711 5813; x_wconf 89' lang='grc' dir='ltr'>παρηγορίαν</span> <span class='ocrx_word' id='word_1_892' title='bbox 2736 5741 2868 5811; x_wconf 79' lang='grc' dir='ltr'>ἡμῖν</span> <span class='ocrx_word' id='word_1_893' title='bbox 2888 5740 3071 5803; x_wconf 77' lang='grc' dir='ltr'>αὐτοῖς</span> <span class='ocrx_word' id='word_1_894' title='bbox 3098 5737 3400 5804; x_wconf 59' lang='grc' dir='ltr'>ποιοῦντες,</span> <span class='ocrx_word' id='word_1_895' title='bbox 3431 5740 3527 5793; x_wconf 76' lang='grc' dir='ltr'>καὶ</span> <span class='ocrx_word' id='word_1_896' title='bbox 3557 5739 3920 5795; x_wconf 75' lang='grc' dir='ltr'>ὑποδεικνύονο</span> 
     </span>
    </p>
   </div>
   <div class='ocr_carea' id='block_1_121' title="bbox 2364 5828 3910 5903">
    <p class='ocr_par' dir='ltr' id='par_1_121' title="bbox 2364 5828 3910 5903">
     <span class='ocr_line' id='line_1_121' title="bbox 2364 5828 3910 5903; baseline 0.001 -18"><span class='ocrx_word' id='word_1_897' title='bbox 2364 5834 2453 5897; x_wconf 85' lang='grc' dir='ltr'>τές</span> <span class='ocrx_word' id='word_1_898' title='bbox 2490 5850 2572 5887; x_wconf 89' lang='grc' dir='ltr'>σοι</span> <span class='ocrx_word' id='word_1_899' title='bbox 2605 5832 2673 5887; x_wconf 89' lang='grc' dir='ltr'>τά</span> <span class='ocrx_word' id='word_1_900' title='bbox 2712 5833 2812 5903; x_wconf 77' lang='grc' dir='ltr'>τῆς</span> <span class='ocrx_word' id='word_1_901' title='bbox 2850 5830 3075 5903; x_wconf 79' lang='grc' dir='ltr'>καρδίας</span> <span class='ocrx_word' id='word_1_902' title='bbox 3106 5829 3283 5901; x_wconf 71' lang='grc' dir='ltr'>ἡμῶν,</span> <span class='ocrx_word' id='word_1_903' title='bbox 3320 5828 3466 5902; x_wconf 75' lang='grc' dir='ltr'>άπερ</span> <span class='ocrx_word' id='word_1_904' title='bbox 3495 5830 3590 5887; x_wconf 76' lang='grc' dir='ltr'>καὶ</span> <span class='ocrx_word' id='word_1_905' title='bbox 3620 5831 3683 5899; x_wconf 78' lang='grc' dir='ltr'>ιε</span> <span class='ocrx_word' id='word_1_906' title='bbox 3722 5832 3910 5902; x_wconf 64' lang='grc' dir='ltr'>ἑαυτῆς</span> 
     </span>
    </p>
   </div>
  </div>
