4170 6492
236 428 338 494 929
1465 438 1820 500 EPISTOLA

1923 441 1996 501 lM
2039 442 2183 501 LIB.
2227 444 2273 502 Ι.
3389 442 3493 505 930

239 542 562 598 ἐπίστασαι.
608 543 751 613 Ἐγὼ
779 544 978 609 τοίνυν,
1010 545 1185 617 μῆτέρ
1220 564 1322 616 μου
1356 547 1508 617 ἁγία,
1532 550 1608 614 ὡς
1633 545 1815 617 οἶσθα,

1923 567 2106 607 curam
2133 570 2253 624 quae
2283 556 2503 628 indigno
2532 556 2663 613 mihi
2688 557 2877 613 nescio
2902 571 3005 627 qua
3037 554 3244 611 ratione
3279 556 3487 611 incum-

241 635 290 686 εί
316 637 411 689 καὶ
438 635 637 705 ἧθελον
670 637 955 701 εἰσελθεῖν,
992 639 1094 691 οὐκ
1121 634 1267 709 εἶχον
1294 641 1339 706 (Ι
1358 643 1407 711 Ι)
1443 642 1578 707 πῶς,
1609 643 1697 696 διὰ
1722 644 1820 713 τὴν

1923 644 2023 697 bit.
2062 642 2361 699 Mirandum
2393 646 2561 713 enim,
2614 648 2709 712 ait,
2757 648 2802 701 si
2839 647 3001 701 etiam
3036 645 3165 701 Saul
3194 645 3336 699 inter
3365 660 3495 714 pro-

238 727 503 797 φροντίόα
534 727 635 798 τὴν
669 728 1029 799 ἐπικειμένην
1066 747 1158 800 μοι
1181 730 1438 797 ἀναξίως,
1461 734 1555 786 κα)⁸
1584 734 1683 787 οῦκ
1706 732 1821 788 οἶδα

240 818 384 887 ποίῳ
415 818 585 889 λόγῳ.
628 820 717 884 Ὠς
740 819 1052 891 θαυμαστὸν
1080 823 1209 894 γὰρ,
1242 825 1429 894 φησὶν,
1456 826 1504 879 εἰ
1535 826 1628 879 καὶ
1650 827 1820 881 Σαοὺλ

238 912 299 962 ὲν
324 913 634 981 προφήταις
654 926 668 940 ·
702 912 795 965 καί
825 928 887 978 γε
927 913 1021 966 καὶ
1049 914 1323 985 Θεόδωρος
1365 918 1440 969 ἐν.
1467 918 1817 987 ἡγουμένοις.

237 1002 416 1055 Ἰὀῦτό
446 1020 513 1071 με
541 997 710 1072 εἶρξε,
739 1003 898 1058 τοῦτό
924 1023 991 1073 με
1022 1006 1343 1079 έδέσμησεν.
1384 1008 1539 1061 Ἐπεὶ⁹
1566 1010 1814 1079 σιδηραῖς

239 1094 500 1147 ἀλύσεσιν
549 1098 598 1149 εἰ
646 1092 713 1167 ἦν
750 1100 1207 1168 κατεπιασμένος.
1245 1101 1569 1172 διέρῤησσον
1617 1104 1814 1168 αὐτὰς,

237 1186 336 1236 καὶ
389 1184 496 1254 πρὸ
547 1184 842 1257 προσώπου
883 1204 977 1240 σου
1012 1190 1268 1260 ἱστάμην.
1298 1191 1413 1244 Νῦν
1441 1192 1495 1246 δὲ
1528 1193 1651 1246 ἀντὶ
1678 1194 1815 1263 ἐμοῦ

236 1274 467 1345 επεμψά
514 1294 599 1330 σοι
645 1278 738 1332 τὸν
791 1280 1165 1351 πρεσϐύτερον
1193 1282 1276 1345 εἰς
1314 1285 1518 1354 μικρὰν
1561 1304 1816 1356 παραμυ-

240 1367 389 1431 θίαν,
417 1369 498 1422 ὃτι
540 1370 633 1422 καὶ
669 1370 833 1435 αὑτός
858 1388 941 1425 σοι
970 1372 1206 1443 ποθητός
1258 1375 1352 1427 καί⁵
1378 1375 1561 1445 τίμιος
1586 1394 1599 1407 ο
1635 1378 1725 1431 ἴνα
1756 1379 1816 1431 ὲν

235 1462 655 1534 πᾶσισυμπαρῇ
685 1466 751 1533 τῇ
778 1464 1034 1537 ἀσθενείᾳ
1065 1483 1181 1532 σου,
1205 1466 1671 1538 ἐπισκεπτόμενος
1720 1472 1814 1525 καὶ

234 1553 546 1621 φροντίζων
579 1554 646 1607 τὰ
681 1554 898 1609 δέοντα·
938 1556 1040 1609 κᾶν
1070 1573 1127 1609 τε
1162 1557 1428 1630 ἐπιμένῃς
1473 1560 1530 1611 ὲν
1568 1562 1679 1623 τοῖς
1714 1562 1815 1614 αὐ·-

233 1642 375 1705 τόθι,
417 1642 683 1715 ὲπιμένῃ’
718 1643 819 1695 κᾶν
841 1660 901 1696 τε
939 1646 1159 1716 ἐξέρχῃ,
1193 1646 1651 1718 συνεξερχόμενος
1697 1650 1814 1721 ἅμα

233 1731 315 1802 τῷ
357 1734 647 1805 οἰκονόμῳ.
682 1735 904 1801 Λοιπὸν,
931 1735 1005 1801 ώς
1038 1737 1292 1791 εὐοδώσει
1322 1739 1351 1790 ό
1390 1739 1545 1802 Θεὸς,
1581 1740 1675 1793 καὶ
1715 1742 1810 1808 φέ-

234 1842 323 1893 ρει
352 1828 385 1895 ή
410 1826 695 1890 ἀσθένεια,
731 1825 928 1893 οὕτως,
963 1828 1136 1900 μῆτέρ
1165 1846 1268 1899 μου
1300 1830 1477 1901 τιμία,
1507 1832 1599 1884 καὶ
1627 1832 1809 1900 διαγε-

1922 734 2113 803 phetas
2140 735 2183 767 “
2215 754 2230 799 ;
2264 737 2451 807 utique
2477 738 2528 793 si
2556 747 2611 793 et
2640 737 2962 793 Theodorus
2984 738 3126 792 inter
3148 736 3491 806 prapositos.

1922 823 2037 879 Hoc
2054 841 2139 879 me
2168 826 2423 894 inhibuit,
2456 829 2561 885 hoc
2577 846 2664 885 me
2690 830 3035 887 constrinxit.
3074 828 3204 883 Nam
3234 828 3279 882 si
3302 827 3495 881 ferreis

1920 918 2127 971 catenis
2158 919 2406 990 alligatus
2435 921 2684 986 fuissem,
2726 922 3112 993 perfregissem
3160 922 3298 985 illas,
3353 918 3492 974 etin

1918 1009 2092 1063 oculis
2149 1012 2253 1067 tuis
2278 1029 2620 1083 apparerem.
2672 1015 2828 1070 Nunc
2876 1031 3004 1070 vero
3044 1015 3161 1069 vice
3201 1028 3322 1068 mea
3369 1028 3493 1083 prv-

1918 1099 2196 1171 sbyterum
2248 1104 2315 1158 ad
2349 1113 2402 1160 te
2434 1107 2554 1160 misi
2604 1107 2831 1161 modicae
2873 1105 3258 1161 consolationis
3302 1104 3490 1174 gratia,

1916 1192 2357 1262 quandoquidem
2404 1197 2448 1250 is
2491 1197 2653 1250 etiam
2688 1206 2871 1266 gratus
2928 1205 2983 1251 et
3032 1211 3193 1250 carus
3240 1203 3324 1249 est
3374 1193 3491 1256 tibi,

1918 1292 1975 1337 ut
1999 1283 2053 1337 in
2077 1287 2332 1341 omnibus
2384 1300 2581 1358 praesto
2628 1291 2703 1345 sit
2732 1290 3034 1344 infirmitati
3070 1298 3196 1352 tua},
3253 1300 3494 1359 congrua

1915 1377 2095 1431 emnia
2125 1381 2417 1448 providens
2468 1391 2524 1436 et
2567 1397 2889 1450 procurans,
2959 1388 3018 1434 ut
3052 1380 3166 1435 sive
3211 1378 3335 1433 istic
3382 1391 3495 1431 ma-

1917 1484 2074 1533 neas,
2109 1485 2218 1524 una
2267 1482 2507 1534 maneat,
2559 1473 2675 1527 sive
2720 1473 2903 1537 abeas,
2945 1470 3105 1525 simul
3158 1471 3317 1523 abeat
3368 1483 3492 1522 cum

1915 1575 2224 1617 mconomo.
2262 1561 2560 1629 Cancrum,
2608 1565 2755 1619 sicut
2801 1563 2998 1633 diriget
3047 1561 3211 1621 Deus.
3259 1570 3314 1615 et
3359 1563 3496 1613 t’crot

1914 1652 2224 1717 infirmitas,
2261 1654 2339 1708 sic
2369 1670 2554 1724 perge,
2602 1654 2911 1708 veneranda
2974 1661 3145 1706 mater
3193 1668 3331 1710 mea.
3394 1666 3495 1705 nec

1913 1759 2076 1815 supra
2100 1746 2240 1800 vires
2270 1746 2556 1807 contende,
2588 1745 2772 1814 egredi
2796 1744 3081 1799 festinans.
3109 1743 3284 1797 Citius
3312 1752 3494 1796 autem

1912 1839 2183 1908 quomodo
2214 1838 2268 1892 in
2305 1838 2496 1892 morbo
2523 1846 2574 1892 te
2612 1838 2815 1892 habeas
2843 1838 3022 1892 indica
3054 1836 3235 1896 nobis,
3274 1844 3332 1888 ut
3358 1851 3495 1904 pau-

233 1916 350 1976 νοῦ.
381 1918 476 1970 καὶ
512 1917 587 1989 μὴ
617 1919 759 1989 ὑπὲρ
792 1918 1026 1989 δύναμιν
1068 1922 1237 1995 ταθῇς
1276 1923 1505 1978 θέλουσα
1540 1925 1805 1989 ἐξελθεῖν.

1923 1904 2076 1995 lisper
2099 1939 2425 1979 recreemur.
2452 1923 2728 1979 Canonem
2759 1924 2852 1978 tibi
2877 1924 3059 1979 statim
3084 1923 3277 1978 fratres
3303 1935 3496 1975 omnes

234 2009 440 2077 Τάχιον
493 2008 549 2062 δὲ
601 2010 750 2074 ὅπως
801 2011 1033 2084 διαφέρῃ
1082 2014 1141 2066 ἐν
1199 2018 1265 2086 τῇ
1320 2017 1482 2086 νόσῳ,
1515 2019 1810 2087 διάγνωσιν

235 2099 458 2170 πέμψον
490 2102 644 2171 ἡμῖν,
678 2103 765 2155 ἴνα
796 2103 1197 2177 εύψυχήσωμεν
1238 2108 1456 2178 μικρόν.
1501 2111 1721 2163 Κανόνα
1752 2110 1811 2163 δὲ

234 2191 443 2253 εὐθέως
502 2195 705 2259 πάντες
754 2196 805 2248 οἱ
863 2197 1085 2267 ἀδελφοὶ
1136 2199 1403 2269 ἐποίησάν
1435 2200 1545 2270 (19)
1582 2218 1689 2266 σοι,
1720 2202 1815 2254 καὶ

234 2282 407 2353 εὐχὴν
433 2284 619 2354 ἔχουσι
662 2287 889 2357 διηνεκῆ
915 2289 1048 2360 περὶ
1073 2288 1174 2359 τῆς
1198 2291 1389 2359 ὑγείας
1422 2309 1539 2347 σου.
1576 2294 1815 2364 Χάρισαι

236 2373 369 2441 ἡμῖν
412 2376 513 2445 τὴν
543 2376 706 2444 ἁγίαν
727 2394 821 2430 σου
852 2378 1017 2450 εὐχήν
1040 2393 1054 2407 ⁸
1089 2380 1383 2451 εὐλόγησον
1435 2383 1583 2452 ἡμᾶς
1616 2400 1814 2454 μητρι-

1915 2018 2313 2087 pependerunt,
2342 2016 2728 2070 etcontinuam
2755 2031 2851 2084 pro
2877 2015 3050 2070 salute
3069 2023 3160 2068 tua
3187 2013 3491 2068 orationem

1918 2108 2142 2161 habent.
2174 2106 2396 2176 Largirc
2422 2107 2580 2161 nobis
2608 2115 2827 2160 sanctas
2864 2120 3055 2175 preces
3086 2114 3227 2168 tuas,
3263 2104 3495 2158 benedic

1922 2199 2083 2254 nobis
2134 2198 2403 2252 maternis
2442 2199 2806 2253 muneribus:
2865 2198 3195 2267 amplectere
3253 2211 3353 2251 nos
3399 2210 3496 2264 per

1918 2289 2150 2344 litteras.
2184 2286 2260 2343 Da
2286 2290 2446 2343 nobis
2472 2304 2684 2359 pacem,
2720 2303 2882 2359 quam
2911 2303 3007 2358 per
3031 2286 3231 2342 Christi
3264 2285 3494 2357 gratiam

1925 2381 2117 2445 habes,
2145 2390 2200 2435 et
2230 2381 2480 2435 habitura
2515 2396 2574 2434 es
2606 2381 2657 2433 in
2689 2381 2885 2436 saacnla
2910 2381 3259 2435 seculorum.

234 2473 361 2534 καῖς
397 2471 658 2543 δωρεαῖς’
685 2474 927 2529 ἄσπασαι
949 2477 1098 2547 ἡμᾶς
1129 2476 1216 2531 διὰ
1241 2475 1335 2530 τοῦ
1359 2480 1709 2549 γράμματος.
1776 2477 1878 2541 Δὸς
1939 2478 2074 2548 ἡμῖν
2136 2475 2236 2548 τὴν
2296 2477 2545 2547 εἰρήνην,
2576 2475 2642 2547 ην
2690 2474 2834 2545 ἔχεις
2864 2474 2955 2529 διὰ
3009 2475 3108 2544 τῆς
3147 2474 3367 2545 χάριτος
3402 2470 3496 2523 τοῦ

234 2567 501 2638 Χριστοῦ,
534 2570 626 2623 καὶ
655 2568 797 2634 ἕξεις
828 2571 908 2634 εἰς
938 2571 1142 2636 αἰῶνας
1174 2572 1404 2628 αἰώνων.

624 2685 699 2737 Z'.
720 2712 792 2724 —
817 2682 1043 2753 Εἰρήνῃ
1073 2686 1443 2756 Βασιλίσσῃ.

2347 2684 2459 2740 VII.
2485 2715 2555 2727 ——
2572 2684 2738 2739 Irena:
2779 2683 3050 2755 Augusta.

983 2797 1162 2848 frenen
1186 2800 1351 2850 laudat
1372 2800 1505 2862 quod
1530 2798 1716 2852 tributa
1738 2802 2062 2853 relaxaret-it.
2089 2800 2290 2863 (Baron.
2316 2814 2393 2850 an.
2419 2800 2529 2859 801,
2554 2814 2602 2849 n.
2627 2800 2731 2862 22.)

310 2902 512 2969 Φωνὴ,
546 2903 735 2973 φησὶν,
759 2901 829 2956 ἐν
847 2900 1035 2973 Ῥαμᾷ
1060 2903 1355 2973 ἠκούσθη,
1375 2907 1404 2960 ὁ
1437 2905 1811 2960 θεοπτικώτα-

235 3013 332 3057 τος
375 2993 680 3063 ’1ερεμίας’
712 2993 932 3062 θρῆνος
985 2995 1084 3048 καὶ
1121 2996 1382 3065 ὀδυρμῦς
1410 2998 1643 3064 πολύς·
1686 2998 1817 3052 Ῥα-

238 3081 366 3150 χὴλ
394 3083 527 3135 τότε
550 3082 848 3135 κλαίουσα
888 3083 962 3136 τὰ
1003 3082 1185 3137 τέκνα
1228 3084 1439 3153 αὐτῆς.
1476 3085 1557 3139 Τὰ
1586 3087 1642 3140 δὲ
1676 3105 1819 3159 παρ-

238 3175 376 3226 όντα
399 3166 491 3227 οἷα
516 3173 611 3227 καὶ
642 3173 841 3244 ἡλίκας
874 3173 1042 3228 Πόθεν
1072 3192 1172 3228 που
1209 3175 1356 3246 χθὲς,
1374 3176 1633 3231 δέσποινα
1663 3179 1822 3249 ἡμῶν

1990 2904 2105 2959 Vox
2133 2907 2189 2959 in
2213 2904 2384 2959 Rama
2415 2904 2602 2957 audita
2633 2913 2726 2968 est,
2747 2903 2823 2957 ait
2846 2901 3115 2957 visionum
3144 2899 3240 2956 Dei
3282 2907 3493 2971 specta-

1914 3004 2002 3052 tor
2044 2994 2329 3059 Jeremias,
2382 2993 2617 3061 ploratus
2671 3003 2718 3047 et
2755 2992 2991 3047 ululatu:
3039 2992 3274 3055 multus;
3303 2990 3498 3045 Rachel

1920 3095 2033 3141 tum
2091 3086 2307 3157 plorans
2345 3085 2482 3155 ﬁlios
2506 3100 2625 3138 suos
2645 3085 2710 3137 ".
2745 3082 2899 3137 Nunc
2928 3099 3059 3137 vero
3080 3082 3281 3152 qualia,
3312 3091 3367 3136 et
3392 3097 3498 3135 cu—

1917 3179 2294 3251 jusmodisunt
2319 3176 2649 3249 praesentia?
2675 3176 2946 3231 undenam
2981 3173 3242 3236 hesterni,
3277 3173 3497 3228 domina

240 3263 562 3331 πανάγαθε,
603 3264 974 3332 ἀναφανέντες
1005 3265 1233 3334 ἄγγελοι
1272 3265 1370 3318 τοῦ
1407 3267 1550 3336 ἰεροῦ
1578 3285 1672 3321 σου
1714 3286 1820 3321 πα-

1926 3271 2152 3341 optima,
2199 3269 2337 3326 sacri
2381 3268 2562 3339 palatii
2616 3267 2692 3321 tui
2738 3266 2912 3321 nuntii
2973 3280 3111 3336 quos
3175 3264 3408 3319 vidimus
3445 3270 3501 3317 et

242 3356 461 3418 λατίου,
490 3355 585 3408 καὶ⁸
614 3354 1152 3425 ἀκουτίσαντεςήμίν
1181 3355 1360 3419 πάσας
1397 3374 1497 3420 τας
1528 3360 1827 3430 γεγενημέ-

243 3467 343 3509 νας
373 3464 469 3501 σου
493 3445 602 3500 τῶν
630 3446 807 3517 ἔργων
832 3446 1232 3519 ἆρτιαίνέσεις;
1261 3450 1514 3518 Ἥχησαν
1540 3451 1694 3520 ἡμῶν
1721 3453 1827 3521 ἀμ-

244 3540 455 3609 φότερα
480 3538 555 3601 ώς
579 3538 795 3609 ἀληθῶς
825 3539 893 3592 τὰ
930 3532 1066 3592 ὦτα.
1094 3538 1160 3592 Τί
1194 3539 1520 3611 τοιγαροῦνς
1548 3543 1627 3594 ὅτι
1682 3537 1824 3612 ῆρας

244 3631 589 3701 συσσεισμδν
620 3629 683 3702 [ί.
724 3631 1030 3704 σύσσημον]
1052 3634 1110 3686 ἐν
1130 3637 1241 3699 τοῖς
1266 3634 1466 3705 πέρασι
1491 3633 1826 3703 τηλικαύτης

244 3724 536 3788 εὐσεϐείας
559 3740 573 3754 ⁸
604 3726 698 3779 καὶ
744 3726 855 3779 ἰδοὺ
901 3725 1101 3795 ἥκουσί
1146 3745 1227 3781 σοι
1278 3728 1725 3798 κυκλοτέρωοεν,
1751 3730 1826 3791 ὡς

244 3820 472 3889 νεφέλαι
507 3819 829 3887 πετόμεναι,
866 3817 1014 3871 λιταὶ
1054 3818 1431 3891 παμπληθεῖς,
1470 3819 1827 3889 γεραίρουσαι

243 3912 341 3966 τὸν
380 3912 515 3966 Θεὸν
549 3912 689 3981 ὑπὲρ
720 3910 829 3964 τῶν
857 3911 1054 3963 αἰσίων
1100 3928 1195 3964 σου
1227 3913 1651 3983 καταπράξεων.
1681 3912 1826 3982 Φρά-

247 4004 308 4067 ζε
338 4005 495 4074 ἡμῖν,
524 3998 569 4058 ὧ
593 4004 870 4065 δέσποινα,
895 4002 977 4066 τίς
1000 4004 1028 4056 ό
1048 4003 1376 4067 ἐπιϐιϐάσας
1403 4021 1501 4058 σου
1531 4005 1620 4056 τὸν
1650 4006 1823 4057 καθα-

249 4097 499 4167 ρώτατον
558 4095 683 4149 νοῦν
728 4098 824 4150 ἐπὶ
857 4097 927 4149 τὰ
958 4095 1069 4165 ῦψη
1101 4094 1210 4149 τῶν
1243 4096 1528 4166 νοημάτων
1564 4097 1664 4166 τῆς
1694 4097 1825 4168 ἁλη-

246 4186 434 4248 θείας·
465 4183 606 4238 ὥστε
620 4185 696 4248 ὡς
725 4186 833 4239 ἀπὸ
851 4187 1083 4249 σκοπιᾶς
1112 4203 1261 4249 τινος
1281 4185 1495 4255 ὑψηλῆς
1547 4184 1823 4256 μετεώρου

247 4278 599 4350 καταθρῆσαι
632 4278 701 4331 τὰ
738 4278 963 4331 τοιαῦτα
1001 4278 1206 4347 ἀρεστὰ
1234 4278 1354 4349 Θεῷ
1398 4277 1491 4331 καὶ
1541 4280 1703 4343 acta;
1741 4278 1829 4330 Δί-

248 4371 413 4436 δαξον
441 4370 564 4424 ὅθεν
590 4386 674 4423 σοι
689 4372 717 4425 ό
736 4370 837 4441 τῆς
858 4370 1138 4432 εὐσεϐείας
1162 4369 1416 4433 τοσοῦτος
1439 4370 1580 4440 ἔρως
1597 4372 1823 4441 ἐνέσκη-

247 4462 351 4535 ψεν
391 4463 572 4527 καλῶς
601 4461 1038 4534 ἀπληστεύεσθαι
1057 4462 1127 4515 τὰ
1148 4462 1441 4533 θεάρεστα,
1467 4465 1560 4515 καὶ
1585 4464 1665 4525 εἰς
1685 4462 1825 4534 ὓπερ

250 4557 446 4611 ἐλάσαι
474 4553 692 4625 φειδοῦς
718 4556 817 4625 τῆς
846 4554 987 4626 ὑπὲρ
1012 4555 1117 4609 τῶν
1134 4556 1476 4625 Χριστιανῶν
1496 4556 1736 4626 ψυχικῆς
1764 4572 1824 4608 τε

1926 3362 2255 3425 audivimus,
2311 3376 2436 3416 cum
2488 3370 2739 3415 recentes
2795 3359 2953 3413 nobis
3009 3372 3237 3428 operum
3280 3366 3497 3411 tuorum

1928 3454 2112 3510 laudes
2126 3461 2614 3509 commemorarent
2643 3453 2667 3506 ?
2692 3451 3101 3507 Personuerunt
3117 3465 3303 3504 revera
3330 3451 3501 3503 anilia?

1927 3562 2092 3602 aures
2144 3555 2362 3601 nostra-'3.
2402 3545 2543 3611 Quid
2578 3560 2708 3616 ergo
2741 3544 2765 3598 ?
2805 3546 2930 3614 quia
2970 3542 3240 3598 sustulisti
3285 3542 3499 3612 signum

1926 3637 1995 3691 ab
2038 3636 2295 3691 extremis
2340 3636 2539 3690 ﬁnibus
2574 3644 2739 3689 tanta:
2766 3634 2987 3704 pietatis
3019 3650 3032 3687 :
3066 3642 3121 3687 et
3175 3648 3302 3688 ecce
3333 3632 3400 3686 ad
3449 3640 3501 3685 te

1928 3729 2157 3782 veniunt
2195 3727 2459 3798 undique,
2512 3735 2569 3781 et
2609 3726 2836 3779 nubium
2878 3725 3050 3779 instar
3106 3722 3498 3783 advolantium,

1927 3839 2120 3896 preces
2170 3822 2609 3893 quamplurimas.
2650 3821 2821 3876 Deum
2866 3820 3149 3875 laudantes
3184 3836 3282 3891 pro
3316 3819 3502 3888 auspi-

1928 3913 2065 3968 catis
2117 3913 2422 3967 actionibus
2470 3912 2599 3966 tuis.
2664 3912 2757 3967 Dic
2803 3911 2983 3975 nobis,
3025 3910 3266 3976 domina,
3315 3911 3503 3979 ecquis

1929 4004 2018 4058 ille
2062 4013 2167 4068 est,
2198 4004 2289 4072 qui
2330 4003 2690 4058 castissimam
2739 4015 2977 4057 mentem
3033 4012 3178 4057 tuam
3208 4003 3387 4057 evexit
3433 4002 3500 4056 ad

1928 4096 2217 4150 altissimos
2265 4110 2459 4149 sensus
2505 4095 2772 4159 veritatis,
2825 4104 2884 4148 ut
2942 4105 3198 4165 tanquam
3247 4111 3313 4149 ex
3354 4094 3501 4148 edita

1928 4188 2148 4259 specula
2183 4196 2238 4241 et
2271 4188 2489 4243 sublimi
2519 4188 2635 4259 haec
2663 4188 2788 4242 talia
2823 4203 3077 4243 cerneres
3117 4188 3227 4242 Deo
3268 4198 3416 4258 grata
3448 4195 3503 4241 et

1928 4290 2113 4337 sancta
2139 4281 2163 4333 ?
2191 4281 2351 4343 Doce,
2378 4281 2521 4337 unde
2553 4289 2738 4336 tantus
2768 4280 2865 4335 tibi
2903 4281 3120 4351 pietatis
3149 4297 3299 4334 amor
3323 4281 3502 4334 inces—

1928 4375 2018 4441 sit,
2051 4384 2109 4429 ut
2132 4375 2241 4429 Deo
2271 4374 2538 4445 placentia
2589 4373 2969 4429 insatiabiliter
3007 4385 3312 4441 expeteres,
3352 4384 3403 4429 et
3435 4374 3501 4428 ad

1930 4480 2205 4519 summum
2268 4464 2485 4520 culmen
2562 4466 2901 4535 pertingeres
2954 4465 3326 4519 saluberrima:
3374 4480 3502 4535 erga

1929 4557 2360 4611 Christianorum
2379 4565 2491 4610 tum
2513 4556 2721 4610 animas
2740 4567 2850 4609 tum
2876 4572 3101 4627 corpora
3126 4557 3503 4627 providentiae?

248 4652 351 4705 xui.
368 4650 685 4720 σωματικῆς
727 4648 1108 4717 πολυωφελοῦς
1145 4648 1507 4719 προμηθείας.
1543 4650 1614 4702 Ἣ
1640 4649 1820 4720 ἐπειδὴ

1928 4645 2032 4710 An,
2061 4654 2123 4700 ut
2152 4644 2332 4700 divina
2382 4644 2687 4716 intelligens
2711 4655 2765 4700 et
2808 4646 3164 4716 amplectens,
3196 4655 3502 4701 maternum

252 4742 397 4796 πολὺ
436 4741 507 4794 τὰ
534 4740 651 4794 θεῖα
676 4740 973 4811 φρονοῦσα,
1008 4742 1102 4793 καὶ
1144 4740 1468 4811 ἰμειρομένη
1507 4741 1824 4811 μητρικῶς,

251 4835 358 4887 οῦκ
388 4834 623 4903 ἀρκετὸν
647 4835 841 4905 ἡγήσω
863 4832 925 4886 τὸ
949 4832 1109 4903 μόνον
1135 4832 1226 4887 τὸν
1256 4833 1384 4887 λαόν
1421 4850 1514 4887 σου
1539 4836 1603 4904 τῇ
1622 4832 1826 4887 ἄνωθεν

251 4925 572 4997 επικουρίᾳ,
606 4926 680 4990 ὡς
722 4924 783 4991 ἐξ
818 4925 1201 4997 Αἰγυπτιακῆς
1247 4942 1393 4989 τινος
1435 4924 1702 4991 δουλείας,
1728 4925 1827 4996 τῆς

252 5017 577 5082 δυσσεϐοῦς,
602 5034 675 5087 φη
685 5018 768 5088 μὶ,
790 5017 1045 5082 πίστεως,
1070 5016 1479 5087 λυτρώσασθαι*
1505 5018 1670 5089 εἰμὴ,
1690 5017 1827 5088 μετὰ

250 5111 363 5165 τῶν
389 5108 772 5180 προλαϐόντων
805 5108 1161 5179 πολυτρόπως
1204 5107 1604 5179 ἐκλαμψαντων
1642 5127 1722 5163 σοι
1751 5108 1830 5161 δί-

251 5220 359 5275 κην
405 5204 653 5272 ἀστέρων
688 5201 1219 5272 ἀγαθουργημάτων,
1254 5202 1350 5255 καὶ
1392 5202 1491 5274 τὴν
1520 5202 1826 5273 παροῦσαν,

248 5300 328 5357 ὡς
369 5293 656 5361 κολοφῶνα
697 5308 819 5347 τινα
878 5292 987 5345 τῶν
1024 5292 1269 5363 ἀρετῶν,
1314 5292 1823 5363 ὲπιπροσθήσασθαι

250 5388 452 5459 χάρινς
486 5386 697 5455 Ἄγιος,
749 5384 938 5454 ἅγιος,
974 5385 1146 5453 ἅγιος.
1192 5385 1484 5454 Εὐφράνθη
1524 5388 1551 5438 ὁ
1595 5386 1821 5449 οὐρανὸς

328 5498 565 5571 “lReg.
597 5499 768 5565 x,ll.

1935 4738 1990 4793 in
2032 4752 2240 4791 morem
2288 4753 2397 4791 non
2432 4740 2564 4792 satis
2610 4737 2828 4803 duxisti,
2868 4738 3128 4808 populum
3164 4739 3369 4793 cmlesti
3400 4753 3504 4809 cpe

1933 4833 2079 4886 velut
2094 4848 2159 4887 ex
2174 4831 2485 4903 Egyptiaca
2504 4832 2735 4901 quadam
2756 4832 3038 4895 servitute,
3059 4832 3243 4901 impia,
3258 4831 3502 4901 inquam,

1934 4924 2061 4988 fide,
2094 4923 2351 4977 liberasse
2381 4940 2395 4989 ;
2427 4923 2530 4977 nisi
2560 4923 2625 4977 ad
2656 4922 2949 4991 praeterita,
2984 4932 3038 4977 et
3067 4922 3308 4977 siderum
3332 4932 3505 4977 instar

1934 5015 2084 5071 varie
2112 5016 2433 5070 collucentia
2472 5014 2736 5069 beneficia
2770 5024 2881 5077 tua,
2908 5014 3071 5079 hanc,
3104 5014 3269 5068 veluti
3311 5029 3505 5082 quem-

1936 5110 2060 5164 dam
2096 5109 2355 5163 virtutum
2396 5116 2608 5162 tuarum
2651 5105 3033 5175 colophonem,
3080 5105 3345 5174 adjiceres
3380 5116 3529 5175 ειν-⁷

1936 5200 2121 5255 tiam?
2164 5199 2419 5261 Sanctus,
2465 5206 2705 5262 sanctus,
2750 5207 2991 5252 sanctus.
3033 5194 3269 5251 Laetetur
3302 5196 3499 5249 caelum

1932 5294 2188 5363 desuper,
2225 5306 2348 5347 cum
2381 5305 2547 5345 sacra:
2577 5290 2727 5345 vocis
2756 5287 2890 5343 Isaia
2920 5287 3164 5342 dicamus
3185 5287 3250 5352 ",
3282 5288 3496 5341 tametsi

1930 5386 2078 5441 istud
2106 5384 2386 5449 audacius,
2413 5383 2538 5452 quia
2561 5383 2700 5437 Deus
2723 5397 2821 5453 per
2845 5390 2898 5436 te
2918 5380 3175 5435 misertus
3198 5388 3280 5435 est
3310 5381 3496 5450 populi

884 5499 929 5531 "
961 5498 1160 5555 Jerem.
1192 5516 1341 5565 χχχι,
1377 5500 1462 5555 15.
1536 5502 1581 5532 ’⁸
1641 5501 1743 5555 lsa.
1782 5517 1921 5567 κων,
1951 5501 2061 5567 25;
2092 5516 2167 5563 ix,
2195 5502 2246 5556 4.

1760 5614 1993 5673 NOTAE.

330 5730 447 5797 (fl)
501 5728 848 5788 Εἰσελθεῖν.
920 5732 1032 5784 οὐκ
1085 5726 1271 5799 εἶχον.
1329 5733 1479 5787 lianc
1535 5734 1818 5802 epistolam

258 5802 505 5869 scripsit,
542 5811 598 5852 nt
630 5809 873 5868 apparet,
907 5816 1029 5855 cum
1057 5802 1237 5855 adhuc
1266 5804 1318 5855 in
1348 5805 1681 5859 monasteiio
1708 5820 1822 5859 ver-

257 5886 501 5933 saretur,
543 5870 882 5941 proindeque
904 5879 1028 5927 ante
1054 5872 1329 5927 exsilium.

2001 5732 2112 5799 (12)
2137 5732 2377 5787 Κανόνα
2404 5731 2718 5800 ἐποίησαν.
2752 5726 3201 5800 Ecclesiasticum
3233 5721 3490 5778 ofliicium

1929 5796 2044 5859 sive
2071 5796 2282 5873 preces,
2308 5818 2443 5871 quas
2468 5796 2572 5871 pro'
2616 5817 2758 5873 aegra
2790 5796 3067 5855 Theodori
3104 5804 3275 5850 matre
3299 5807 3492 5847 mona-

1929 5875 2014 5930 chi
2050 5874 2448 5943 persolverunt.
