4170 6472
712 408 812 475 931

1906 410 1969 469 S.
2002 405 2396 467 THEODORI
2428 406 2773 467 STUDITE

3851 409 3948 473 932

708 526 815 580 sui.
869 521 1155 595 lmplctum
1200 532 1283 577 est
1326 537 1455 593 ergo
1498 520 1811 575 universum
1858 537 2082 591 regnum
2134 532 2283 574 tuum

2391 519 2641 584 ἀνωθενῖ
2653 521 2794 590 μετά
2819 520 2912 574 τοῦ
2944 519 3370 591 ίεροφωνοτάτου
3412 520 3639 573 Ἡσαΐου
3670 519 3951 591 ἑπιϐοήσοο

709 615 906 687 gaudio
935 624 991 669 et
1038 615 1422 673 exsultatione.
1475 614 1733 683 quoniam
1767 613 2006 667 ablatum
2044 620 2128 665 est
2180 613 2283 665 ini-

708 724 876 779 quum
914 708 1125 779 jugum,
1167 708 1311 777 quod
1355 722 1518 776 supra
1553 706 1730 775 ipsum
1765 715 1882 760 erat
1924 704 2182 775 positum.
2229 714 2284 758 et

708 803 855 872 virga
903 818 1023 871 quae
1067 817 1230 870 super
1267 801 1464 854 collum
1499 800 1755 869 potentiae
1789 800 1972 869 hujus.
2003 798 2135 863 Quis
2162 798 2283 851 talia

708 893 950 947 audivit?
981 892 1071 946 Eia
1098 893 1282 955 dieite,
1316 893 1437 946 viri.
1466 891 1599 957 Quis
1630 892 1729 945 sub
1760 892 1864 945 alio
1895 891 2127 961 imperio
2178 891 2283 944 tale

708 1002 773 1041 ac
800 997 1004 1040 tantum
1030 986 1239 1040 facinus
1262 986 1394 1039 vidit
1420 986 1443 1037 ?
1475 985 1709 1038 Laudate
1734 1000 1876 1045 eam,
1899 998 2089 1037 omnes
2108 975 2282 1053 p'opu-

709 1078 769 1140 li,
820 1078 1157 1147 magnificate
1204 1093 1321 1131 eam
1376 1094 1609 1140 mecum,
1633 1078 1907 1147 principes
1957 1087 2014 1131 et
2056 1077 2279 1141 subditi,

710 1169 1023 1222 sacerdotes
1056 1178 1110 1221 et
1134 1168 1407 1230 monachi,
1440 1170 1947 1221 etChristianorum
1983 1169 2134 1221 natio
2164 1168 2284 1220 uni-

709 1274 886 1314 versa.
944 1259 1061 1313 Non
1111 1262 1254 1314 enim
1298 1261 1614 1314 admiranda
1650 1260 1824 1314 solum
1870 1260 1971 1314 fuit
2029 1268 2108 1313 tot
2164 1259 2280 1312 auri

711 1351 1037 1405 talentorum
1105 1353 1354 1406 remissio
1398 1352 1415 1422 (
1462 1368 1772 1421 quanquam
1842 1352 2283 1421 incomparabilis

711 1442 799 1497 illa
832 1460 915 1499 res
948 1453 1030 1498 est
1062 1444 1102 1511 ),
1138 1461 1325 1498 verum
1356 1446 1539 1504 etiam,
1584 1444 1727 1513 quod
1770 1444 2053 1513 iniustitia:
2094 1444 2281 1496 multi-

709 1535 830 1601 plex
872 1535 953 1586 via
1000 1535 1099 1586 hac
1142 1535 1301 1587 simul
1347 1535 1555 1587 ratione
1591 1535 1814 1603 praecisa
1846 1542 1953 1597 est,
2009 1548 2148 1602 opus
2180 1532 2281 1586 fuit

710 1626 868 1693 longe
924 1626 1351 1679 sanctissimum.
1388 1626 1595 1679 Sublati
1643 1635 1769 1679 sunt
1806 1642 1836 1680 e
1887 1626 2069 1680 medio
2110 1642 2283 1680 nexus

708 1715 1067 1768 violentarum
1102 1714 1584 1783 lethiferarumque
1615 1714 1978 1779 exactionum,
2012 1715 2104 1783 qui
2145 1730 2276 1784 prae-

709 1807 1025 1861 deeessores
1058 1817 1177 1861 tuos
1209 1823 1398 1860 omnes
1423 1807 1697 1861 latuerunt
1724 1825 1738 1872 ;
1772 1808 1895 1861 licet
1927 1823 1993 1861 ex
2026 1808 2110 1863 his
2140 1822 2280 1860 non-

710 1900 842 1953 nulli
899 1899 985 1969 pie
1034 1909 1329 1969 sancteque
1381 1900 1783 1970 imperaverint.
1837 1900 1952 1954 Hoc
1984 1902 2129 1955 enim
2184 1901 2279 1956 tibi

711 1993 1044 2046 servabatur.
1077 1993 1256 2047 Cessit
1302 1994 1710 2063 jusjurandum,
1759 1995 1949 2048 crebra
1997 1994 2280 2062 dejeratio,

711 2084 794 2137 vel
817 2084 996 2152 potius
1018 2085 1312 2154 perjurium
1331 2085 1662 2155 exigentium
1685 2086 1845 2139 simul
1873 2094 1926 2139 et
1946 2085 2282 2149 debentium,

715 2174 961 2245 utrisque
1014 2174 1136 2228 inde
1168 2190 1266 2244 pro
1300 2191 1357 2228 re
1401 2183 1526 2229 nata
1575 2176 1988 2242 altercantibus,
2029 2177 2158 2231 dum
2196 2176 2285 2232 ille

712 2266 877 2321 celari
922 2266 1165 2321 debitum
1197 2268 1507 2338 exprobrat,
1545 2266 1632 2323 hic
1692 2277 1883 2323 contra
1935 2283 1995 2323 se
2050 2268 2284 2339 opprimi

713 2367 1056 2412 sacramento
1104 2358 1341 2425 adiurat.
1390 2358 1635 2413 Cessavit
1683 2359 1907 2429 inopum
1952 2358 2190 2423 afﬂictio,
2230 2367 2287 2414 et

713 2466 1011 2520 pauperum
1030 2451 1360 2515 sollicitudo,
1395 2468 1503 2505 non
1530 2452 1638 2520 jam
1666 2467 1776 2521 quo
1805 2452 2046 2507 remedio
2072 2452 2285 2507 mendi-

714 2542 931 2595 citatem
967 2543 1259 2611 depellant,
1291 2544 1650 2613 quaerentium
1690 2561 1703 2607 ;
1744 2545 1887 2613 quod
1920 2544 2102 2599 minus
2134 2560 2286 2598 acer-

708 2634 839 2687 ‘bum
873 2634 1073 2700 fuerit;
1111 2636 1205 2689 sed
1237 2646 1292 2691 ut
1319 2636 1462 2704 quod
1510 2636 1711 2704 injuste
1770 2638 2023 2707 exigitur,
2054 2645 2109 2691 et
2140 2638 2285 2707 quod

711 2724 995 2777 desursum
1041 2726 1460 2794 quodammodo,
1507 2736 1565 2781 ut
1605 2728 1809 2796 peccati
1859 2728 2023 2795 fetus,
2070 2730 2285 2800 irrupit,

713 2818 1147 2886 compulsoribus
1176 2819 1507 2888 persolvant.
1534 2818 1648 2874 Non
1696 2822 1939 2889 pendunt
1988 2838 2134 2877 nunc
2165 2822 2283 2888 vim,

714 2918 856 2963 terra
886 2910 1127 2981 marique
1164 2911 1462 2982 vectigalia.
1500 2911 1749 2967 Consona
1780 2924 1906 2967 sunt
1939 2915 2055 2969 hac
2107 2915 2285 2987 magni

714 3012 771 3056 et
793 3004 931 3057 sacri
957 3003 1325 3076 Chrysostomi
1354 3006 1552 3061 verbis.
1580 3006 1697 3060 Non
1724 3008 1957 3076 amplius
1986 3010 2289 3080 Spoliantur

714 3096 917 3166 injuste
963 3098 1191 3169 pecunia
1240 3099 1622 3155 mediterranei
1667 3102 1735 3154 ab
1766 3100 1853 3163 iis,
1898 3102 1988 3171 qui
2029 3112 2287 3174 angustos

2388 629 2510 681 μεν,
2546 616 2594 666 εί
2619 614 2713 667 καὶ
2744 613 3041 684 τολμηρὸν,
3070 614 3153 666 ὅτι
3186 613 3407 682 ἐλέησεν
3437 614 3464 665 ὁ
3494 612 3627 676 Θεὸς
3652 611 3739 665 διὰ
3760 613 3852 665 σοῦ
3866 616 3952 667 τὸν

2383 704 2508 757 λαὸν
2539 704 2728 758 αὐτοῦ.
2786 706 3060 775 Ἐπλήσθη
3083 706 3265 777 γοῦνη
3290 705 3555 776 σύμπασά
3588 722 3681 759 σου
3717 705 3957 775 βασιλεία

2385 797 2559 864 χαρᾶς
2594 802 2688 848 καὶ⁸
2719 795 3094 863 ἀγαλλιάσεως
3122 814 3135 827 ·
3167 798 3249 851 ὅτι
3284 798 3564 868 ἀφῄρηται
3588 799 3618 851 ὅ
3648 797 3852 868 ἄνομος
3870 798 3958 863 ζυ-

2384 888 2477 953 γὸς
2507 890 2534 940 ὁ
2561 888 2647 939 ἐπ’
2682 889 2852 958 αὐτὴν
2900 889 3173 958 κείμενος,
3219 890 3316 943 καὶ
3352 893 3386 961 ἡ
3434 891 3627 960 ῥάϐδος
3656 892 3690 961 ἡ
3722 892 3817 944 ἐπὶ
3865 891 3957 944 τοῦ

2382 980 2657 1049 τραχήλου
2711 985 2811 1050 τῆς
2851 982 3110 1051 τοιαύτῆς
3144 984 3583 1056 ἐπικρατήσεως.
3631 984 3728 1047 Τίς
3758 984 3959 1054 ἢκουσε

2382 1068 2643 1135 τοιαύτας
2666 1070 2843 1138 δεῦρο,
2872 1072 3083 1138 εἴπατε,
3112 1071 3321 1142 ἀνδρες.
3354 1073 3467 1126 Καὶ
3496 1073 3580 1135 τίς
3597 1072 3847 1143 ἑώρακεν
3873 1074 3959 1126 ἐπ’

2383 1160 2550 1231 ἄλλης
2582 1160 2859 1230 βασιλείας
2888 1162 3129 1214 τοιοῦτον
3164 1165 3257 1215 καὶ
3280 1163 3536 1216 τοσοῦτον
3584 1164 3956 1235 κατόρθωμα;

2396 1253 2752 1306 Ἐπαινέσατε
2784 1254 2972 1324 αὐτὴν,
2995 1254 3193 1317 πάντες
3216 1256 3265 1308 οί
3294 1255 3447 1308 λαοί·
3488 1256 3827 1326 μεγαλύνατε
3858 1258 3961 1309 αὐ-

2382 1345 2481 1415 τὴν
2510 1344 2607 1397 σὺν
2636 1347 2789 1415 ἡμῖν,
2826 1346 3084 1416 ἄρχοντές
3106 1364 3163 1400 τε
3204 1348 3298 1401 καὶ
3326 1350 3647 1419 ἀρχόμενοι,
3692 1351 3862 1418 ἱερεῖς
3902 1369 3960 1403 τε

2384 1436 2481 1489 καὶ
2514 1438 2801 1505 μονασταὶ,
2833 1442 2925 1489 καὶ
2962 1440 3069 1491 πᾶν
3103 1440 3161 1491 τὸ
3187 1440 3571 1506 Χριστιανικδν
3598 1440 3784 1509 φῦλον.
3822 1447 3962 1501 Οὐδὲ

2382 1530 2510 1602 γὰρ,
2544 1532 2626 1583 ὅτι
2660 1530 2765 1585 τῶν
2794 1532 3064 1584 τοσούτων
3093 1532 3187 1586 τοῦ
3214 1532 3441 1603 χρυσίου
3468 1534 3744 1589 ταλάντων
3774 1538 3807 1607 ἡ
3853 1540 3960 1607 ἀφ-

2383 1639 2500 1685 εσις
2531 1624 2743 1691 γέγονε,
2790 1623 3104 1693 θαυμαστὸν
3150 1626 3335 1695 μόνον,
3382 1626 3587 1697 καίπερ
3631 1626 3691 1680 δν
3723 1629 3962 1707 ἀνυρτὲρ-

2382 1713 2579 1782 ϐλητον
2601 1730 2617 1745 ⁸
2651 1713 2768 1768 ἀλλ’
2795 1716 2874 1768 ὅτι
2908 1716 3003 1769 καὶ
3037 1717 3202 1786 πόρος
3248 1716 3465 1780 ἀδικίας
3508 1717 3876 1784 πολυπλάσιος
3903 1723 3960 1773 ἐν

2384 1808 2449 1875 τῇ
2485 1806 2709 1878 τοιαύτῃ
2738 1807 2992 1860 ὑποθέσει
3031 1808 3393 1877 συνεξεκόπη,
3425 1807 3744 1864 ὁσιώτατον.
3774 1813 3957 1883 Ἤρθη

2316 1863 2357 1918 Β
2386 1863 2451 1953 εέέ
2488 1901 2653 1970 μέσου
2682 1863 3039 1970 ,στραγγαλιά
3062 1863 3253 1971 βιαίων
3288 1863 3767 1974 καλψυχοφθόρων

2384 1994 2664 2063 τημάτων,
2686 1992 2925 2047 λαθοῦσα
2950 1993 3079 2056 τοὺς
3100 1994 3207 2064 πρὸ
3232 1992 3328 2049 σοῦ
3360 1993 3625 2061 ἅπαντας,
3650 1995 3857 2066 καίπερ
3872 2013 3957 2049 τι-

2386 2085 2479 2147 νὰς
2504 2083 2743 2148 εὐσεϐῶς
2761 2084 3237 2154 βεϐασιλευκότας.
3256 2085 3429 2139 Τοῦτο
3448 2086 3557 2157 γάρ
3578 2103 3659 2139 σοι
3672 2087 3953 2144 ἀπέκειτο.

2387 2178 2667 2232 Πέπαυται
2697 2180 2982 2248 ἑφομοσία,
3010 2180 3209 2250 πολυορ
3224 2179 3337 2242 κία,
3363 2179 3565 2250 μᾶλλον
3587 2180 3643 2235 δὲ
3662 2180 3957 2253 ψευδορκία

2385 2269 2478 2322 ἐπί
2509 2286 2569 2322 τε
2604 2270 2713 2322 τῶν
2740 2270 3114 2324 ἀπαιτούντων
3163 2273 3258 2323 καὶ
3295 2270 3715 2342 ἀπαιτουμένων
3734 2288 3750 2303 ·
3781 2274 3956 2343 ἀμφο-

2384 2362 2559 2431 τέρων
2580 2360 2828 2414 ἐντεῦθεν
2855 2361 2931 2423 ὡς
2958 2361 3019 2413 τὸ
3058 2360 3272 2431 συμϐἀν
3299 2361 3709 2432 ἀπολλυμένων,
3732 2360 3830 2414 τοῦ
3859 2362 3956 2432 μὲν

2386 2454 2414 2507 ὅ
2438 2473 2489 2507 τι
2528 2452 2866 2523 ἀποκρύψειε
2912 2454 3277 2524 πειρωμένου,
3309 2452 3404 2507 τοῦ
3434 2453 3509 2519 δὲ,
3545 2453 3573 2506 ὅ
3608 2470 3661 2506 τι
3686 2453 3955 2524 ὐπερπιά-

2388 2562 2498 2599 σειε
2556 2545 3139 2615 καταπολιορκοῠντος.
3175 2546 3455 2598 Ιιέπαυται
3495 2541 3747 2614 εκθλιψις
3776 2561 3955 2599 στενο-

2386 2637 2766 2709 χωρουμένων,
2790 2637 2887 2691 καὶ
2911 2638 3226 2707 πενομένων
3246 2638 3659 2709 φροντιστήρια,
3681 2638 3781 2707 οὐχ
3804 2639 3949 2701 ὅπως

2385 2730 2485 2799 τῆς
2517 2732 2789 2801 πτωχείας
2820 2731 3109 2802 φάρμακον
3129 2728 3469 2800 ἀλεξιτήριον
3523 2727 3836 2802 ὲξευρεθείη
3869 2732 3953 2803 ζη-

2388 2822 2647 2875 τούντων·
2693 2819 2854 2895 ἦττον
2913 2824 3022 2891 γὰρ
3072 2817 3141 2891 ἦν
3185 2820 3251 2875 ἀν
3284 2819 3345 2873 τὸ
3391 2821 3637 2893 λυπηρόν
3669 2838 3683 2852 ·
3724 2822 3949 2875 ἀλλ’ἵνα

2387 2914 2449 2967 τὸ
2484 2914 2794 2979 ἀσύνθετον,
2820 2914 2913 2967 καὶ
2930 2912 3134 2967 ἀνωθέν
3164 2929 3283 2976 πως
3314 2911 3389 2976 ῶς
3415 2912 3693 2983 ἁμαρτίας
3711 2914 3951 2987 γέννημα

2389 3006 2784 3076 ἐπεισφρῆσαν,
2826 3005 3193 3057 ἀποτίσωνται
3221 3006 3334 3067 τοῖς
3368 3007 3727 3079 πράκτορσιν.
3762 3008 3955 3062 Οὐκέτι

2387 3098 2443 3150 αἱ
2473 3097 2583 3150 ὁδοὶ
2611 3095 2988 3161 τελωνοῦντας,
3018 3096 3142 3151 ὅσαι
3182 3097 3324 3151 κατὰ
3368 3098 3493 3167 γῆν,
3534 3099 3656 3153 ὅσαι
3700 3100 3841 3153 κατὰ
3872 3099 3954 3153 θά-

713 3191 924 3244 viarum
947 3191 1126 3245 aditus
1149 3192 1420 3256 obsident,
1446 3193 1675 3263 agrestis
1700 3194 1999 3264 eujuspiam
2024 3194 2283 3249 dmmonis

2388 3190 2613 3243 λασσαν.
2660 3189 3026 3259 ’Δντίφθογγα
3073 3189 3251 3244 ταῦτα
3290 3190 3401 3245 τῶν
3448 3191 3553 3245 ὐπὸ
3595 3191 3689 3246 τοῦ
3720 3192 3952 3261 μεγάλου

716 3298 887 3347 more,
922 3292 1016 3337 aut
1044 3284 1417 3338 immansuetaa
1461 3284 1587 3338 fera:
1615 3285 1904 3340 delibantis
1940 3302 2155 3356 semper
2188 3287 2287 3341 ali-

712 3376 839 3445 quid
856 3392 922 3429 ex
942 3378 1149 3430 sarcina
1164 3378 1419 3446 pauperis
1440 3378 1679 3433 viatoris.
1715 3376 1822 3434 Nec
1842 3396 2027 3435 rursus
2047 3382 2284 3450 turpium

713 3467 1021 3538 huiusmodi
1051 3470 1393 3523 exaetionum
1420 3478 1565 3525 metu
1598 3472 1742 3527 domi
1766 3488 1823 3527 se
1846 3475 2131 3527 continent
2155 3490 2284 3545 ege-

714 3561 791 3625 ni,
826 3577 999 3630 neque
1024 3563 1241 3632 oppida,
1280 3579 1455 3632 neque
1486 3565 1753 3619 maritima
1788 3565 1904 3620 loca
1936 3566 2287 3637 frequentan-

716 3660 797 3704 tes
832 3667 847 3705 :
879 3652 1078 3721 ubique
1119 3655 1261 3707 enim
1294 3654 1594 3723 iniquitatis
1625 3657 1831 3726 secpuli
1882 3660 2282 3727 prominebant.

713 3740 831 3795 Non
854 3743 1088 3811 amplius
1117 3756 1297 3799 nauta:
1320 3747 1385 3800 ab
1426 3748 1634 3802 oriente
1666 3761 1721 3804 et
1746 3749 2029 3804 occidente
2048 3760 2102 3804 et
2130 3753 2285 3820 aqui-

714 3830 837 3885 lone
864 3833 1159 3895 solventes,
1185 3837 1487 3905 navigando
1519 3837 1903 3905 przefocantur.
1940 3850 2192 3909 tanquam
2219 3860 2286 3896 ex

715 3934 930 3994 gutture
948 3930 1190 3997 angustis
1216 3928 1460 3983 faucibus
1482 3932 1785 3998 portorium
1818 3932 2100 3985 reddituri.
2125 3932 2285 3987 Libe-

717 4015 816 4068 rati
845 4024 971 4071 sunt
999 4017 1090 4086 qui
1119 4019 1346 4071 venandi
1374 4029 1547 4073 artem
1570 4030 1845 4085 exercent,
1868 4024 2117 4091 expedite
2141 4040 2285 4079 nunc

715 4107 858 4161 illam
893 4109 1178 4170 obeuntes,
1215 4125 1365 4163 sacra
1404 4108 1571 4165 lrene.
1619 4112 1859 4167 Piscator
1882 4115 1975 4184 qui
2012 4124 2120 4171 tres
2148 4118 2285 4172 forte

716 4200 890 4269 pisces
922 4202 1101 4261 traxit,
1140 4202 1299 4272 idque
1334 4212 1454 4272 post
1503 4220 1756 4274 maguum
1794 4223 2018 4277 prorsus
2048 4209 2285 4266 laborem

717 4294 881 4347 totius
911 4292 1040 4357 diei,
1073 4310 1239 4348 unum
1271 4297 1505 4365 pendere
1535 4314 1642 4352 non
1664 4300 1894 4370 cogitur.
1927 4302 2140 4373 Auceps
2164 4320 2287 4359 eum

715 4399 843 4437 arcu
894 4391 988 4437 aut
1017 4383 1167 4438 visco
1221 4386 1480 4454 pauculas
1506 4386 1645 4441 forte
1683 4403 1812 4443 aves
1837 4391 2065 4459 ceperit,
2110 4392 2176 4446 ad
2207 4392 2289 4445 vi-

716 4484 863 4529 etum
896 4477 999 4531 sibi
1032 4478 1366 4533 necessarias
1410 4478 1668 4534 immunis
1689 4496 1717 4533 a
1766 4483 2005 4553 vectigali
2036 4500 2283 4548 manens,

715 4568 927 4621 beatius
979 4568 1139 4621 vivet.
1192 4566 1418 4622 Militum
1452 4586 1649 4624 uxores
1683 4572 2041 4627 domesticum
2076 4574 2281 4628 luctum

717 4659 983 4713 habentes
1008 4658 1077 4713 ob
1108 4658 1348 4712 virorum
1375 4660 1746 4726 amissionem,
1772 4679 1879 4716 non
1916 4665 2109 4719 acerbe
2133 4666 2286 4720 insu-

716 4767 814 4821 per
844 4749 1051 4804 flebunt
1080 4750 1443 4806 miserabilem
1465 4760 1519 4805 et
1553 4752 1903 4809 inhumanam
1935 4772 2032 4825 pro
2070 4767 2286 4814 mortuo

716 4841 1283 4897 exactionem.Missos
1307 4843 1445 4897 facio
1466 4844 1742 4909 subulcos,
1776 4847 1955 4900 ovium
1984 4848 2283 4913 institores,

718 4936 824 4989 vini
874 4945 1170 5005 emptores.
1229 4935 1381 4990 Mitto
1433 4937 1627 4999 lanios,
1685 4948 1948 5003 textores,
2011 4941 2283 5005 ferrarios.

716 5035 950 5091 sutores,
995 5025 1248 5092 fullones,
1294 5029 1677 5092 aromatarios,
1704 5040 1758 5083 et
1786 5031 2118 5087 architectos
2148 5050 2161 5097 ;
2196 5043 2283 5089 at-

716 5136 822 5189 que
867 5127 927 5172 ut
966 5120 1153 5189 paucis
1181 5120 1534 5189 complectar,
1570 5132 1741 5176 artem
1792 5139 2031 5191 omnem,
2073 5142 2193 5196 qua:
2229 5128 2281 5182 in

716 5227 870 5277 auro,
906 5211 991 5265 vel
1020 5211 1071 5265 in
1107 5212 1273 5281 ligno,
1316 5212 1401 5267 vel
1448 5213 1501 5267 in
1526 5212 1628 5267 alia
1659 5214 1875 5269 demum
1908 5218 2133 5273 materia
2166 5234 2289 5274 cer-

720 5302 888 5366 nitur,
924 5316 995 5355 ne
1019 5301 1229 5372 longior
1262 5304 1383 5368 sim,
1422 5303 1475 5358 in
1534 5304 1636 5361 hac
1685 5306 1961 5362 minutiori
2003 5324 2289 5366 enumera-

720 5390 888 5459 tione,
913 5391 1115 5462 optima
1143 5393 1386 5456 domina,
1414 5395 1732 5466 plauserunt
1756 5413 1945 5453 onmes
1969 5403 2081 5456 suis
2108 5403 2285 5457 mani-

717 5482 843 5549 bns,
888 5492 945 5539 et
971 5485 1140 5555 gavisi
1191 5495 1319 5541 sunt
1345 5488 1539 5557 gaudio
1581 5504 1779 5561 magno
1816 5492 1968 5547 valde
1992 5494 2235 5549 dicentes
2270 5513 2281 5550 ε

720 5573 1044 5630 Benedicam
1076 5586 1148 5638 le.
1195 5576 1439 5643 Domine,
1489 5583 1747 5649 quoniam
1781 5585 2035 5642 misertus
2066 5602 2125 5641 es
2155 5588 2285 5653 mei,

721 5678 779 5721 et
808 5666 984 5723 factus
1011 5684 1072 5723 es
1103 5669 1234 5726 mihi
1267 5672 1318 5725 in
1352 5672 1604 5729 salutem.

2387 3286 2482 3335 καὶ
2516 3280 2660 3351 ἱεροῦ
2692 3282 3082 3353 Χρυσοστόμου
3115 3284 3446 3355 εἰρημένων.
3496 3285 3692 3339 Οὐκέτι
3726 3285 3951 3357 ὴπειρῶ·

2386 3391 2475 3425 ται
2517 3372 2969 3446 ὲξαργυρίζονται
3010 3374 3175 3429 ἀδικα
3220 3374 3365 3431 κατά
3390 3376 3517 3438 τοὺς
3553 3378 3863 3439 στενωποὺς
3894 3379 3951 3429 ἐκ

2384 3466 2493 3518 τῶν
2517 3465 2940 3537 ἐπικαθημένων
2964 3465 3164 3522 ὡσανεὶ
3182 3468 3376 3538 ἀγρίου
3434 3467 3581 3531 τινδς
3620 3467 3892 3537 δαίμονος,
3921 3466 3950 3535 ἢ

2387 3557 2682 3612 ἀτιθάσσου
2725 3558 2911 3630 θηρὸς,
2941 3560 3353 3629 ἀπογευομένου
3403 3560 3622 3622 πάντως
3653 3560 3719 3611 ὲκ
3741 3558 3840 3627 τῆς
3865 3555 3950 3609 τοῦ

2389 3652 2686 3721 πενομένου
2727 3652 2903 3704 ὁδίτου
2958 3651 3402 3721 ὲπιφορτὼσεως.
3440 3650 3563 3703 Οὐδ’
3596 3645 3663 3704 αὖ
3701 3651 3813 3703 δέει
3852 3650 3952 3701 τῶν

2387 3743 2645 3796 τοιούτων
2686 3742 2930 3812 αἰσχρῶν
2972 3743 3279 3811 λημμάτων
3309 3742 3447 3796 οῐκοι
3477 3742 3728 3812 μένουσιν
3753 3742 3804 3793 oi
3828 3742 3953 3795 ἀπο-

2391 3835 2667 3905 ρούμενοι,
2704 3837 2841 3906 μήτε
2871 3835 2940 3888 τὰ
2969 3836 3027 3887 ὲν
3057 3836 3235 3899 ἀστει,
3271 3838 3409 3907 μήτε
3444 3836 3572 3897 τοὺς
3606 3834 3952 3903 παραθαλασο

2390 3926 2537 3988 σίους
2597 3926 2797 3990 τόπους
2856 3925 3365 3996 καταλαμϐάνοντες
3394 3940 3409 3954 ο
3435 3922 3712 3993 πανταχοῦ
3758 3924 3869 3995 γὰρ
3908 3924 3952 3976 οι

2386 4017 2489 4087 τῆς
2513 4017 2725 4081 ἀδικίας
2767 4017 3021 4071 σκόπελοι
3052 4019 3482 4089 προεστήκασιν.
3515 4017 3713 4071 Οὐκέτι
3743 4020 3793 4071 οἱ
3820 4018 3953 4071 πλω⁹

2386 4113 2548 4182 τῆρες
2582 4112 2691 4166 ἀπὸ
2720 4112 2994 4166 ἀνατολῶν
3024 4113 3121 4165 καὶ
3166 4111 3389 4182 δυσμῶν
3441 4111 3537 4165 καὶ
3582 4110 3755 4184 βορρᾶ
3818 4111 3955 4182 εξορ-

2393 4204 2635 4276 μὼμενοι
2662 4205 2757 4259 καὶ
2804 4206 3206 4265 καταπλέοντες
3258 4205 3673 4274 ὐποπνίγονται,
3704 4205 3780 4269 ὡς
3807 4204 3872 4257 ἀν
3898 4206 3955 4257 ὲκ

2388 4297 2584 4369 λαιμοῦ
2621 4300 2730 4360 τοῖς
2781 4300 2985 4361 στενοῖς
3019 4297 3257 4366 στομίοις
3286 4298 3346 4351 τὸ
3387 4296 3790 4365 τελωνούμενον
3828 4297 3953 4349 ἀπο-

2389 4390 2673 4453 δώσοντες.
2731 4390 3061 4461 Ἀφείθησαν
3104 4392 3155 4442 οί
3204 4389 3303 4461 τὴν
3349 4390 3687 4459 ἀγρευτικὴν
3735 4387 3954 4456 μέθοδον

2394 4481 2807 4552 μετερχόμενοι,
2856 4480 3076 4550 κούφως
3123 4480 3330 4551 ταύτην
3358 4480 3837 4549 διαλαμϐάνοντες,
3872 4479 3955 4532 Ei-

2395 4574 2530 4643 ρήνη
2563 4572 2840 4643 ίερὸψυχε.
2888 4573 2945 4626 '0
2980 4572 3165 4635 ἀλιεὺς
3195 4572 3357 4642 τυχὸν
3398 4574 3549 4643 τρεῖς
3592 4571 3781 4643 ίχθύας
3814 4571 3957 4625 ἀνελ-

2392 4666 2585 4730 κύσας,
2613 4667 2707 4719 καὶ
2736 4664 2893 4718 τοῦτο
2921 4666 3138 4729 πάντως
3166 4665 3341 4718 πολλά
3371 4663 3724 4727 κεκοπιακὼς
3751 4666 3819 4719 δι’
3838 4664 3955 4734 ὅλης

2392 4759 2626 4828 ἡμέρας,
2654 4757 2745 4811 τὸν
2798 4757 2895 4811 ἕνα
2921 4757 3020 4811 οὐκ
3074 4758 3441 4813 ἀποτίννυσιν.
3490 4758 3547 4812 '0
3601 4757 3824 4827 τοξότης
3869 4756 3958 4827 ἠδ

2396 4850 2609 4919 ἱξευτὴς
2638 4850 2845 4921 οὕσπερ
2891 4851 3187 4922 ἐθήρευσεν
3235 4851 3449 4916 ὀλίγους
3485 4850 3626 4920 τάχα
3669 4847 3957 4921 ὅρνεις,ιξ

2394 4935 2469 4997 ὧν
2517 4943 2667 5012 αὐτῷ
2709 4945 2742 5014 ἠ
2790 4943 3064 5011 ἀναγκαία
3100 4944 3297 5015 τροφὴ,
3346 4944 3735 5014 ἀλογοθέτητος
3775 4943 3956 5013 διαμέ-

2390 5054 2497 5091 νων
2545 5037 2894 5108 εὐζωήσειεν.
2928 5038 2993 5091 Al
3030 5038 3415 5109 στρατιώτιδες
3456 5037 3517 5090 τὸ
3546 5038 3745 5089 οίκεῐον
3768 5035 3953 5098 πένθος

2393 5128 2611 5199 ἔχουσαι
2638 5130 2737 5199 τῆς
2783 5129 3043 5201 ἀνδρικῆς
3084 5129 3379 5200 ἀποϐολῆς,
3404 5128 3504 5182 οὐκ
3537 5128 3956 5198 ἂπιθρηνήσουσι

2392 5220 2603 5290 πικρῶς
2649 5221 2748 5292 τὴν
2796 5221 2936 5292 ὐπὲρ
2974 5221 3067 5275 τοῦ
3104 5221 3356 5285 θανέντος
3397 5221 3636 5293 ἐλεεινὴν
3662 5221 3760 5278 καὶ
3789 5220 3955 5276 ἀπάν-

2394 5312 2611 5384 θρωπον
2637 5313 3010 5385 ὲξαπαίτησιν.
3035 5315 3145 5368 Καὶ
3156 5314 3404 5386 ,πάρειμι
3419 5316 3546 5378 τοὺς
3568 5313 3822 5378 συϐότας,
3841 5314 3956 5377 τούς

2394 5405 2906 5477 προϐατεμπόρους,
2948 5408 3072 5470 τοὺς
3099 5407 3444 5479 οίνοπράτας.
3493 5406 3598 5460 Ἐῶ
3623 5405 3805 5474 λέγειν
3840 5406 3953 5469 τοὺς

2396 5500 2753 5571 κρεωπώλας,
2784 5500 2909 5563 τοὺς
2942 5499 3385 5571 ίστουργοῦντας,
3413 5501 3536 5563 τοὺς
3569 5499 3949 5570 χαλκοτύπους,

2394 5593 2520 5657 τούς
2553 5592 2940 5661 σκυτοτόμους,
2980 5592 3106 5655 τούς
3150 5592 3515 5656 δευσοποιοῐκ,
3554 5592 3947 5664 ἀρωματοπρά-

2396 5704 2495 5749 τας
2525 5704 2585 5739 τε
2618 5686 2713 5740 καὶ
2738 5687 3124 5757 ἀρχιτέκτονας
3147 5704 3161 5718 σ
3193 5689 3285 5740 καὶ
3305 5687 3605 5759 συλλήϐδην
3626 5689 3798 5741 εἰπεῖν
3823 5686 3944 5741 ἀπα-

720 5779 821 5816 σαν
850 5762 1099 5831 μέθοδον,
1141 5763 1240 5833 ὅση
1270 5765 1408 5818 κατά
1449 5768 1846 5838 χρυσουργὶαν,
1873 5770 1973 5843 ὅση
2011 5773 2152 5827 κατά
2196 5774 2536 5849 ξυλουργίαν,
2585 5777 2687 5844 ὅση
2750 5777 2889 5829 κατά
2944 5777 3125 5829 πᾶσαν
3179 5776 3345 5848 ἀλλην
3371 5778 3504 5850 ὕλην
3541 5779 3939 5851 ἑπιθεωρεῖταν

723 5856 811 5913 ινα
861 5857 937 5931 μὴ
981 5858 1191 5931 μακρὸν
1234 5860 1575 5932 ἀποτείνοιμι
1620 5864 1807 5931 λόγον·
1884 5868 1939 5919 ἐν
1982 5871 2050 5939 τῇ
2093 5870 2314 5941 τοιαύτῃ
2382 5870 2824 5941 κατακερμασῐᾳ.
2864 5862 2909 5923 ῶ
2938 5870 3217 5939 πανάγαθε
3261 5870 3541 5940 δέσποινα,
3587 5871 3939 5942 ἐπεκράτησαν
