4170 6498
201 445 304 509 933

1425 447 1964 510 EPISTOLARUM
2013 450 2160 511 LIB.
2192 451 2239 511 Ι.

3371 447 3470 509 934

194 563 317 620 ταῖς
363 559 554 631 χερσὶν
599 557 778 614 αὐτῶν
832 561 1102 624 ἅπαντες,
1147 561 1240 613 καὶ
1287 562 1562 634 ὲχάρησαν
1606 563 1781 634 χαρὰν
1824 566 2069 636 μεγάλην
2108 566 2351 637 σφόδρα,
2399 565 2581 618 ὲκεῖνα
2658 563 2941 634 εἰρηκότες
2969 577 2984 593 ·
3045 562 3340 636 Εὑλογήσω
3386 581 3472 622 σε,

197 658 391 729 Κύριε,
441 659 526 711 ὅτι
565 657 804 729 ὴλέησάς
851 676 941 727 με,
971 659 1066 711 καὶ
1107 659 1294 726 ὲγένου
1341 678 1430 729 μοι
1479 661 1558 723 είς
1598 661 1898 731 σωτηρίαν.

269 749 362 800 Διὸ
394 745 679 812 πεποιθὼς
727 749 922 816 ἔσομαι
969 749 1063 800 ὲπί
1095 752 1162 818 τῇ
1209 749 1475 817 θεοσδότῳ
1508 768 1602 804 σου
1633 751 1794 820 βασι-

1965 752 2259 824 Propterea
2312 753 2565 809 ﬁduciam
2599 767 2808 807 sumam
2846 753 2900 807 in
2935 756 3040 808 hoc
3061 753 3318 810 divinitus
3345 755 3476 812 dato

195 837 339 908 λείᾳ.
363 838 550 892 Ταῦτα
577 839 755 892 πάντα
776 840 888 910 (15)
925 840 1184 904 αἰνέσεως
1215 840 1396 911 πλήρη
1428 843 1522 894 καὶ
1551 841 1786 911 ἐξυμνή-

198 948 360 997 σεως,
411 929 616 1002 Είρήνη
666 931 793 1001 φίλη
829 931 1088 1001 Χριστοῦ,
1113 933 1175 986 τὸ
1213 933 1385 1001 γλυκὺ
1428 933 1520 985 καὶ
1556 935 1791 1002 πρᾶγμα

198 1025 297 1076 καὶ
319 1023 511 1093 ὄνομα.
535 1022 720 1076 Ταῦτα
747 1024 808 1076 ού
846 1023 1007 1094 μόνον
1041 1026 1098 1077 ὲν
1120 1027 1186 1095 τῇ
1221 1026 1546 1095 ἐπικρατείᾳ
1565 1026 1665 1094 τῆς
1691 1024 1788 1093 βα-

201 1113 412 1177 σιλείας
449 1131 567 1177 σου,
603 1113 738 1166 ἀλλά
767 1115 862 1167 καὶ
893 1114 1056 1186 μέχρι
1094 1115 1385 1186 τερμάτων
1410 1115 1505 1185 τῆς
1529 1115 1789 1184 οἰκουμέ-

201 1222 302 1276 νης
330 1204 758 1275 διαδοθήσονται,
785 1207 880 1259 καὶ
919 1206 1242 1259 ἀκούσονται
1273 1207 1421 1275 ἡμᾶς
1455 1207 1786 1275 ἀλλοεθνεῖς,

202 1298 302 1350 καὶ
330 1295 724 1366 θαυμάσονται,
756 1298 852 1351 καὶ
883 1295 1282 1368 πτοηθήσονται
1311 1299 1420 1351 ἀπὸ
1447 1299 1548 1367 τῆς
1578 1298 1788 1368 εὐπρα-

205 1388 327 1452 ξίας
355 1387 465 1440 τῶν
496 1387 676 1454 σοφῶν
706 1404 801 1439 σου
829 1387 1299 1457 ἐπιτηδευμάτων.
1327 1387 1616 1443 Αίδοῦνται
1649 1389 1785 1460 γὰρ,

205 1483 402 1548 φησιν.
437 1476 648 1544 ἀνδρῶν
672 1476 876 1547 ἀρετὴν
911 1477 1007 1529 καὶ
1040 1478 1312 1545 πολέμιοι,
1341 1478 1368 1530 ό
1400 1478 1505 1533 τῶν
1524 1479 1789 1546 θεολόγων

203 1567 552 1638 διαπρύσιος.
585 1565 743 1620 Οὕτω
775 1567 1104 1635 φυλάττεται
1132 1585 1226 1621 σου
1259 1569 1502 1640 άρῤαγὲς
1539 1571 1600 1622 τὸ
1631 1570 1788 1640 βασί-

205 1661 350 1711 λειον
375 1674 390 1687 ·
419 1657 590 1720 οῦτως
618 1658 754 1711 εἴκει
787 1657 880 1710 καὶ
904 1658 1152 1712 πείθεται
1180 1677 1262 1712 σοι
1283 1660 1539 1730 ἀσμένως
1593 1661 1655 1713 τὸ
1686 1661 1790 1713 ὑπ-

205 1754 390 1822 ήκοον.
421 1749 608 1822 Ταύτῃ
633 1749 956 1820 θεραπεύεις
984 1751 1045 1803 τὸ
1063 1751 1245 1803 Θείον·
1284 1751 1456 1822 ταύτῃ
1484 1750 1788 1822 ὲπευφραί-

207 1835 319 1906 vat;
345 1844 469 1906 τοὺς
497 1844 791 1906 ἐκλεκτοὺς
813 1843 948 1897 Θεοῦ
975 1845 1260 1913 ἀγγέλους,
1291 1845 1405 1898 ἀλλ’
1435 1845 1526 1898 οῦν
1549 1847 1788 1910 καὶτοὺς

207 1935 369 1997 ὁσίως
391 1935 485 1988 καὶ
511 1933 735 1996 δικαίως
767 1933 1241 2003 πολιτευομένους,
1273 1935 1476 2005 Εἰρήνη
1515 1934 1785 2002 θεώνυμε.

220 2027 311 2078 Ἐν
343 2025 558 2089 τούτοις
583 2028 616 2095 ἠ
651 2025 904 2079 εὐσέϐειά
953 2043 1046 2078 σου
1092 2025 1408 2094 διαλάμπει.
1451 2026 1540 2078 Ἐν
1575 2026 1787 2088 τούτοις

208 2121 322 2172 πᾶν
353 2117 527 2188 στόμα
564 2117 657 2170 καὶ⁵
687 2119 837 2171 πᾶσα
895 2116 1116 2185 γλῶσσα
1151 2117 1287 2188 πρὸς
1317 2117 1522 2170 ατνεσιν
1567 2134 1659 2170 σου
1718 2115 1805 2180 ἐξ·

207 2211 511 2278 ανοίγεται.
539 2209 684 2280 Αὕτη
712 2210 786 2272 ὡς
809 2209 1021 2279 άληθῶς
1058 2210 1090 2280 η
1122 2208 1249 2276 δόξα
1281 2209 1381 2278 τῆς
1428 2208 1753 2276 Ἑκκλησίας
1776 2221 1793 2239 ⁶

209 2303 351 2374 αῦτη
391 2305 423 2366 ἡ
458 2304 699 2375 σφραγὶς
757 2303 856 2372 τῆς
899 2301 1352 2372 περιποιηθείσης
1403 2318 1486 2354 σοι
1523 2300 1798 2371 πατρικῆς

209 2397 307 2449 καὶ
332 2395 698 2448 θεοπνεύστου
725 2393 832 2446 τῶν
871 2391 1216 2463 Χριστιανῶν
1253 2392 1586 2464 όρθοδοξίας,
1613 2392 1797 2444 ἐκδικε

207 2483 305 2538 τοῦ
333 2484 494 2542 Θεοῦ.
530 2485 626 2536 καὶ
669 2483 770 2553 τῆς
801 2481 1061 2552 ἀληθείας
1113 2482 1424 2553 ύπέρμαχε.
1456 2480 1798 2551 Τηλικαῦται

211 2594 306 2629 σου
335 2577 390 2628 αί
421 2574 530 2628 τῶν
567 2575 776 2644 ἀρετῶν
812 2574 1106 2639 ἐπιδόσεις,
1137 2573 1212 2637 ὡς
1277 2574 1503 2644 μεγάλοι
1559 2574 1652 2627 καὶ
1683 2571 1802 2638 ἀξι-

212 2669 431 2721 έπαινοι
462 2669 510 2719 οἱ
551 2665 731 2736 μισθοί
763 2683 855 2719 σου
885 2681 897 2694 °
931 2664 1005 2730 ὡς
1040 2665 1174 2719 πολύ
1217 2683 1309 2718 σου
1329 2666 1426 2718 καὶ
1457 2664 1800 2734 ὑπερϐάλλον

209 2760 272 2813 τὸ
302 2758 655 2827 ἀνταπόδομα
679 2759 827 2829 παρὰ
854 2757 949 2810 τοῦ
989 2758 1097 2811 τῶν
1126 2757 1267 2811 ὅλων
1301 2757 1462 2810 Θεοῦ.
1515 2757 1675 2825 Μέγα
1702 2757 1802 2826 μὲν

211 2850 322 2920 γάρ
353 2849 450 2902 κα)⁵
475 2849 536 2901 τὸ
563 2849 661 2901 ἕνα
689 2847 907 2912 σώζειν.
951 2849 1076 2910 Πῶς
1103 2849 1213 2919 γάρ
1237 2849 1296 2902 οὔ
1319 2865 1334 2914 ;
1367 2849 1510 2913 ἐπεὶ,
1541 2847 1615 2911 ῶς
1639 2865 1802 2919 φησιν

212 2941 383 3010 ἠθεία
405 2941 614 3010 Γραφὴ,
648 2940 712 2992 Ὀ
726 2939 957 3009 ἐξάγων
971 2939 1146 3003 ἄξιον
1159 2940 1228 3004 ἐξ
1253 2939 1529 3006 ἀναξίου,
1555 2940 1632 3005 ὡς
1651 2941 1799 2994 στό-

208 3047 297 3101 μα
323 3049 438 3099 μου
465 3031 635 3084 ἔσται
659 3046 673 3060 ο
706 3030 766 3083 τὸ
798 3030 854 3082 δὲ
872 3030 1137 3094 τοσαύτας
1157 3030 1335 3100 ψυχὰς
1354 3033 1450 3083 καὶ
1486 3031 1546 3082 τὺ
1571 3033 1678 3084 πᾶν
1706 3031 1799 3083 τοῦ

215 3121 377 3186 λαοῦ,
416 3122 534 3185 πῶς
558 3123 618 3174 οὑ
661 3123 805 3192 μέγα
849 3124 944 3175 καὶ
976 3123 1290 3192 σεϐάσμιον,
1337 3127 1430 3176 καί
1476 3123 1571 3191 τῆς
1599 3122 1804 3176 ἄνωθεν

218 3214 636 3284 μεγαλοδωρεᾶς
666 3215 834 3278 ὅντως
862 3215 1086 3278 ἐπάξιον
1113 3232 1128 3279 ;
1163 3215 1233 3267 Σὺ
1260 3210 1350 3267 οῦν
1381 3213 1443 3266 τὸ
1476 3214 1614 3283 μέγα
1637 3213 1806 3277 ὄντως

217 3306 312 3356 καὶ
340 3305 722 3374 πραγματικὸν
751 3306 940 3376 ὄνομα,
976 3306 1112 3374 μετά
1141 3304 1234 3358 τοῦ
1268 3305 1465 3369 παντὸς
1494 3305 1660 3358 καλοῦ
1691 3307 1808 3357 εἰσ-

221 3395 494 3465 ελήλυθας
541 3399 619 3459 είς
652 3397 719 3450 τά
769 3397 1050 3467 βασίλεια·
1084 3400 1179 3450 καὶ
1227 3399 1290 3450 σὺ
1336 3397 1405 3450 τὰ
1447 3395 1808 3467 ὲγκαταλείμ-

223 3505 374 3558 ματα
407 3488 508 3558 τῆς
535 3489 880 3561 δικαιοσύνης
914 3492 1131 3554 ἐάσειας
1157 3491 1552 3555 διαιωνίζοντα.

627 3605 708 3660 H'.
733 3636 799 3648 —
815 3605 1060 3676 Συμεὼν
1081 3607 1410 3677 ἡγουμένῳ.

1897 844 2124 914 imperio
2159 857 2274 899 tuo.
2307 844 2434 899 Haec
2455 844 2635 900 omnia
2661 845 2837 900 laudis
2867 846 3025 915 plena
3051 854 3104 900 et
3138 848 3474 917 praedicatio-

1895 935 2002 998 nis,
2041 933 2195 988 lrene
2241 932 2460 988 Christo
2515 935 2704 998 chara,
2745 935 2920 989 dulcis
2963 946 3019 989 et
3051 952 3108 989 re
3144 946 3200 990 et
3229 937 3470 991 nomine.

1897 1024 2023 1080 Haec
2056 1042 2165 1080 non
2198 1025 2373 1080 solum
2403 1041 2508 1094 qua
2532 1035 2682 1094 patet
2723 1026 2934 1094 imperii
2967 1027 3044 1080 tui
3081 1037 3344 1096 potestas,
3377 1029 3473 1082 sed

1897 1119 1964 1173 ad
1989 1119 2134 1189 ipsos
2155 1135 2327 1189 usque
2349 1121 2498 1175 orbis
2526 1129 2684 1174 terrm
2716 1122 2978 1176 terminos
3002 1123 3421 1176 celebrabuntur
3456 1137 3470 1174 :

1896 1211 2225 1280 audientque
2255 1212 2321 1266 de
2349 1211 2505 1266 nobis
2542 1221 2738 1266 exterae
2776 1222 2987 1284 gentes,
3025 1223 3079 1268 et
3107 1214 3472 1278 mirabuntur,

1897 1311 1953 1358 et
1982 1303 2372 1371 obstupescent
2403 1303 2928 1371 sapientissimarum
2957 1303 3229 1356 actionum
3263 1313 3473 1356 tuarum

1897 1394 2233 1449 felicitatem.
2284 1394 2628 1450 Revereatur
2685 1395 2830 1449 enim
2889 1396 3170 1449 hominum
3221 1396 3473 1450 virtutem

1895 1484 2060 1538 etiam
2079 1485 2282 1545 hostes,
2301 1484 2374 1538 ait
2399 1484 2773 1555 theologorum
2801 1486 3134 1541 clarissimus
3150 1487 3215 1540 ’⁷.
3241 1486 3318 1540 lta
3341 1502 3476 1540 con-

1895 1581 2144 1628 servatur
2177 1574 2562 1629 inconcussum
2608 1576 2894 1644 imperium
2943 1584 3119 1641 tuum,
3172 1577 3243 1630 ita
3276 1578 3479 1631 cedunt

1896 1673 1952 1718 et.
1969 1665 2202 1720 libenter
2219 1666 2479 1720 obediunt
2502 1667 2596 1720 tibi
2623 1667 2843 1720 subditi.
2864 1667 2978 1722 l'lae
2993 1678 3108 1721 arte
3135 1669 3298 1721 Deum
3319 1668 3473 1728 colis,

1898 1753 2001 1807 hac
2053 1755 2256 1808 electos
2308 1755 2401 1808 Dei
2460 1757 2681 1826 angelos
2715 1755 2976 1819 laetiﬁcas,
3008 1757 3116 1811 imo
3161 1766 3214 1810 et
3243 1757 3360 1812 illos
3387 1757 3477 1826 qui

1897 1853 2082 1898 sancte
2106 1861 2169 1899 ac
2191 1847 2340 1916 juste
2361 1846 2524 1899 vitam
2549 1847 2778 1909 ducunt,
2805 1849 2957 1901 [rene
2986 1846 3230 1901 divinum
3251 1863 3475 1901 nomen.

1897 1931 1954 1987 In
1989 1935 2072 1988 his
2116 1935 2288 2004 pietas
2319 1945 2410 1989 tua
2444 1935 2621 1989 elucet
2655 1951 2668 1987 :
2703 1937 2757 1988 in
2786 1935 2869 1990 his
2915 1951 2976 1992 os
3007 1951 3168 1989 omne
3203 1946 3257 1990 et
3296 1937 3479 2007 lingua

1896 2024 1952 2080 in
1984 2025 2170 2080 laudes
2201 2036 2320 2081 tuas
2355 2027 2619 2096 aperitur,
2659 2026 2784 2081 Haec
2817 2042 2941 2081 vera
2969 2036 3054 2082 est
3093 2027 3263 2098 gloria
3295 2028 3480 2082 Eccle-

1837 2119 1879 2173 Β
1908 2118 2002 2172 size
2046 2135 2061 2174 :
2095 2117 2198 2172 hoc
2223 2118 2455 2188 sigillum
2494 2127 2717 2172 asserta
2747 2134 2776 2172 a
2812 2127 2863 2172 te
2897 2128 3158 2188 paternae,
3190 2129 3244 2174 et
3283 2120 3481 2174 divini-

1906 2219 1992 2263 tus
2034 2208 2310 2278 inspirata:
2349 2207 2791 2263 Christianorum
2840 2209 2964 2264 ﬁdei
2996 2209 3332 2274 orthodoxa,
3362 2211 3482 2264 vin-

1904 2301 2005 2355 dex
2035 2300 2153 2362 Dei,
2186 2309 2239 2354 et
2285 2299 2530 2354 veritatis
2563 2300 2975 2370 propugnatrix.
3019 2301 3189 2354 Tanta
3217 2310 3344 2355 sunt
3375 2301 3482 2357 vir-

1906 2399 2084 2446 tutum
2117 2400 2331 2445 tuarum
2357 2391 2714 2446 incrementa.
2745 2390 2914 2457 Quam
2939 2407 3131 2462 magna
3153 2401 3208 2447 et
3225 2394 3481 2462 praeclara

1905 2499 2117 2538 merces
2167 2485 2302 2537 tua!
2343 2491 2542 2553 quanta
2575 2491 2630 2537 et
2667 2498 2830 2548 quam
2876 2483 3146 2537 excellens
3197 2483 3483 2537 retributio

1905 2575 1974 2630 ab
2022 2573 2402 2627 universorum
2439 2572 2551 2627 Deo
2583 2573 2597 2626 ι
2651 2572 2902 2644 Magnum
2933 2573 3078 2626 enim
3110 2588 3334 2643 prorsus
3376 2581 3481 2636 est,

1907 2667 1993 2720 vel
2024 2682 2193 2719 unum
2220 2680 2474 2719 servare:
2504 2664 2693 2734 quidni
2745 2665 2889 2718 enim
2916 2664 2938 2716 ?
2967 2681 3089 2718 cum
3128 2664 3274 2718 dicat
3301 2664 3484 2718 divina

1909 2757 2228 2827 Scriptura:
2279 2755 2379 2821 Qui
2419 2757 2589 2809 educit
2619 2757 2835 2825 dignum
2864 2757 2926 2808 de
2958 2755 3194 2823 indigno,
3248 2756 3344 2807 erit
3379 2755 3483 2807 sic-

1910 2861 1964 2905 ut
2020 2867 2076 2904 os
2123 2866 2295 2904 meum
2321 2849 2412 2915 ¹⁸;
2478 2856 2556 2902 tot
2595 2848 2805 2900 animas
2844 2857 2900 2901 et
2959 2849 3217 2917 potiulum
3264 2862 3483 2900 onmem

1909 2958 2176 3007 servasse,
2229 2941 2501 3012 quomodo
2539 2955 2797 3010 magnum
2843 2955 2951 2993 non
2994 2947 3282 2992 censeatur
3302 2948 3353 2990 et
3375 2938 3484 3009 glo-

1912 3037 2138 3099 riosum,
2169 3042 2224 3088 et
2270 3032 2478 3088 ccelesti
2525 3030 2898 3085 muniﬁcentia
2950 3029 3171 3099 dignum
3200 3029 3223 3080 ?
3248 3027 3329 3082 Tu
3358 3042 3488 3096 ergo

1911 3141 2165 3198 magnum
2221 3141 2407 3180 revera
2443 3134 2497 3179 et
2529 3123 2714 3179 elIicax
2754 3138 2974 3188 nomen,
3026 3121 3313 3192 imperium
3360 3137 3484 3175 cum

1912 3218 2060 3272 omni
2107 3219 2249 3272 bono
2300 3217 2500 3273 inivisti
2532 3234 2546 3271 ε
2584 3226 2642 3272 ιιι
2696 3216 2921 3287 iustitiae
2976 3216 3229 3286 reliquias
3269 3229 3488 3285 semper

1913 3311 2096 3383 vigere
2129 3311 2298 3367 sinas.

2278 3604 2409 3659 Vill.
2460 3602 2785 3674 —Symeoni
2822 3603 3115 3672 prwposito.

1283 3740 1358 3790 De
1399 3742 1639 3793 monacho
1680 3741 1767 3807 qui
1811 3743 2097 3793 coenobium
2138 3739 2434 3802 reliquerat.

312 3849 488 3920 ’Υπὲρ
504 3849 650 3919 ἡμᾶς
676 3848 742 3902 τά
764 3849 886 3902 καθ’
902 3850 1048 3919 ἡμᾶς
1067 3850 1532 3922 ὑπολαμϐάνουσα
1554 3855 1586 3923 ἠ
1608 3871 1800 3922 πατρι-

227 3943 304 4010 κή
329 3958 424 3993 σου
459 3939 758 4008 ἁγιωσύνη,
779 3937 865 3989 διά
887 3937 994 3990 τῶν
1005 3938 1098 3990 δύο
1119 3939 1288 4006 αὐτῆς
1312 3942 1640 4011 ἰδιογράφων
1669 3942 1800 4012 ltus.

230 4035 372 4104 Reg.
399 4030 762 4103 ἱερογράςρων]
781 4030 1080 4084 ἐπιστολῶν
1109 4032 1385 4103 ὡμίλησεν
1414 4034 1546 4104 ἡμῖν
1575 4035 1641 4088 τὰ
1666 4036 1806 4100 ξενί-

231 4128 402 4190 ζοντα
426 4125 522 4178 καὶ
543 4122 932 4194 ἐκπλήττοντα.
958 4123 1120 4176 Ἀλλά
1150 4125 1278 4195 περὶ
1302 4124 1402 4195 μὲν
1421 4125 1529 4178 τῶν
1547 4143 1809 4198 γραμμα-

229 4218 482 4288 τοφόρων
493 4216 782 4287 εὐδόκησεν
793 4215 820 4268 ό
832 4215 1370 4283 Θεὸς,ὐποκλιθέντος
1383 4219 1474 4272 τοῦ
1492 4221 1813 4291 ἡγουμένου,

232 4311 618 4380 ἀναληφθῆναι
638 4310 834 4373 αὐτοὺς
858 4311 914 4362 ὲν
934 4310 1011 4380 τῷ
1028 4311 1212 4382 οἰκείῳ
1229 4313 1410 4366 αὐτῶν
1434 4313 1782 4384 μοναστηρίῳ
1799 4331 1812 4345 ·

234 4404 426 4467 καλῶς
442 4402 599 4457 τοῦτο
618 4403 902 4474 πραξάσης
920 4403 1018 4473 τῆς
1037 4404 1347 4467 θεοσεϐείας
1369 4423 1482 4470 σου,
1508 4408 1584 4468 είς
1608 4406 1668 4458 τὸ
1688 4405 1816 4458 ἀνθ-

237 4497 568 4564 υπενεγκεῖν
591 4497 786 4560 αὐτοὺς
807 4498 896 4550 διὰ
918 4496 1011 4550 τοῦ
1036 4497 1344 4550 διδακτικοῦ
1363 4497 1532 4563 αὐτῆς
1554 4499 1715 4564 λόγου
1734 4500 1814 4562 είς

1979 3853 2152 3924 Supra
2167 3861 2382 3922 captum
2399 3861 2642 3908 nostrum
2667 3867 2752 3907 res
2768 3859 2980 3905 nostras
2995 3847 3294 3918 suscipiens
3312 3859 3494 3919 pater-

1910 3961 1977 3998 na
1995 3946 2255 3999 sanctitas
2269 3955 2378 4008 tua,
2394 3959 2455 3998 ea
2475 3944 2633 3998 nobis
2653 3943 2864 3998 duabus
2889 3957 3050 3995 manu
3070 3941 3286 4010 propria
3309 3955 3493 3996 exara-

1914 4038 1982 4091 tis
2003 4037 2245 4106 epistolis
2258 4038 2370 4092 suis
2385 4037 2655 4105 exposuit,
2678 4051 2797 4106 quaa
2813 4034 3224 4090 admirationem
3239 4041 3294 4088 et
3310 4043 3496 4105 stupo—

1917 4145 2031 4184 rem
2051 4131 2372 4198 iniecerunt.
2388 4129 2494 4184 Sed
2515 4130 2582 4184 de
2604 4128 2898 4184 tabellariis
2909 4127 3151 4198 quidem,
3171 4126 3282 4182 Deo
3296 4127 3497 4197 placuit

1919 4232 1978 4276 ut
1998 4220 2191 4276 inﬂexo
2217 4221 2504 4291 praeposito
2523 4222 2575 4275 in
2595 4220 2983 4275 monasterium
3005 4233 3163 4273 suum
3187 4217 3498 4287 reciperen-

1920 4322 2198 4367 turzrccte
2241 4313 2344 4366 hoc
2377 4323 2568 4382 agente
2597 4313 2795 4382 pietate
2839 4320 2953 4374 tua,
2990 4320 3051 4364 ut
3067 4325 3162 4365 eos
3205 4311 3496 4365 verborum

1917 4420 2138 4460 suorum
2157 4405 2434 4458 admonitu
2459 4405 2698 4474 paternis
2714 4403 3083 4473 spiritualibus
3098 4401 3398 4457 visceribus
3414 4417 3499 4455 re-

1917 4499 2185 4552 stitueret.
2223 4497 2299 4551 De
2332 4499 2498 4551 fratre
2531 4507 2713 4550 autem
2754 4506 2963 4558 nostro,
2996 4494 3088 4565 qui
3119 4494 3366 4548 ordinem
3401 4494 3498 4548 de-

235 4589 308 4642 τὰ
341 4587 572 4660 πατρῷα
597 4588 691 4640 καλ⁵
734 4588 1081 4658 πνευματικά
1117 4588 1426 4659 σπλάγχνα.
1474 4589 1610 4661 Περὶ
1644 4589 1807 4643 δὲτοί

1925 4591 2114 4657 seruit,
2163 4599 2220 4645 et
2265 4598 2525 4657 tanquam
2581 4603 2644 4642 ex
2678 4586 2927 4656 paradiso
2983 4584 3322 4640 cmnobiticaa
3376 4584 3499 4639 vita:

237 4680 764 4750 λειποτακτήσαντος
787 4679 1018 4750 ἀδελφοῦ
1039 4681 1216 4750 ἡμῶν,
1245 4682 1339 4733 καὶ
1357 4681 1432 4743 ῶς
1457 4685 1522 4734 ὲκ
1561 4682 1822 4752 παραδεί-

243 4790 342 4825 σου
369 4773 472 4841 τῆς
505 4771 855 4843 κοινοϐιακῆς
877 4771 1023 4842 ζωῆς
1042 4772 1574 4842 ὲξοστρακισθέντος,
1601 4775 1701 4826 οὐκ
1725 4771 1822 4828 οἷδ’

240 4865 274 4918 ὃ
315 4882 372 4916 τι
423 4863 690 4934 εἴπωμεν.
733 4866 841 4917 Καὶ
881 4866 1041 4934 ἡμεῖς
1089 4865 1393 4933 ἑωρακότες
1420 4864 1512 4916 τὸν
1558 4866 1726 4935 ἄνδρα
1765 4865 1825 4918 τὸ

245 4959 518 5028 πρότερον
573 4957 649 5020 ὡς
691 4956 909 5026 άληθῶς
958 4956 1204 5026 ἄμπελον
1235 4957 1618 5025 θεοφύτευτον,
1645 4959 1826 5009 πᾶσαν

244 5049 529 5120 ἀληθινὴν,
556 5051 736 5102 πᾶσαν
761 5050 1131 5120 καρποφόρον.
1162 5050 1271 5102 Καὶ
1290 5049 1404 5112 πῶς
1433 5051 1512 5102 ὃτι
1540 5050 1664 5121 ἄρτι
1683 5051 1825 5102 ἐλυ-

241 5143 477 5212 μήνατο
489 5141 683 5209 αὐτὴν
696 5137 768 5206 ὗς
781 5142 847 5194 ἐκ
864 5141 1111 5209 δρυμοῦ,
1138 5142 1233 5194 καὶ
1253 5143 1460 5210 μονιὸς
1479 5141 1676 5210 ἄγριος
1694 5158 1830 5194 κατ-

247 5233 586 5300 ενεμήσατο
609 5232 801 5297 αὑτήν
822 5250 834 5262 ·
874 5233 1207 5302 στραφείσης
1223 5232 1501 5302 αὐτῆς,ὼς
1527 5234 1720 5292 εἰπεῖν.
1753 5233 1831 5294 εἰς

1922 4681 2138 4750 eiectus
2170 4691 2276 4746 est,
2305 4680 2434 4750 quid
2481 4678 2656 4733 dicam
2687 4679 2891 4733 nescio.
2923 4675 3171 4731 Vidimus
3208 4685 3264 4729 et
3293 4690 3393 4729 nos
3423 4675 3501 4729 vi-

1927 4790 2044 4828 rum
2088 4783 2271 4837 antea,
2311 4787 2499 4828 revera
2547 4773 2898 4842 plantatama
2950 4770 3062 4824 Deo
3111 4769 3298 4832 vitent,
3331 4778 3499 4822 totam

1925 4881 2132 4931 veram,
2164 4873 2331 4919 totam
2356 4863 2694 4935 frugiferam.
2718 4861 3001 4927 Quomodo
3050 4874 3194 4913 nunc
3235 4859 3501 4913 Extermi-

1928 4960 2066 5013 navit
2099 4975 2216 5012 eam
2250 4975 2381 5027 aper
2415 4959 2479 5010 de
2505 4956 2660 5020 silva,
2695 4965 2743 5008 et
2769 4954 3056 5024 singularis
3087 4955 3224 5020 [erus
3252 4957 3501 5019 depastus

1935 5060 2009 5104 est
2040 5067 2156 5102 eam
2181 5051 2225 5081 ’⁸
2253 5067 2266 5102 :
2298 5063 2561 5103 conversa
2595 5047 2732 5116 ipsa,
2760 5053 2818 5098 ut
2849 5045 2920 5097 ita
2939 5044 3136 5106 dicam,
3166 5044 3221 5095 in
3253 5042 3503 5095 amaritu-

1935 5143 2119 5198 dinem
2147 5139 2526 5194 mortiferam?
2551 5139 2746 5191 Annon
2778 5136 2943 5199 enim,
2975 5135 3102 5203 quia
3146 5135 3376 5189 traditus
3420 5142 3504 5187 est

1937 5232 2269 5286 immanibus
2309 5230 2439 5285 feris
2492 5228 2825 5300 passionum,
2867 5241 3108 5281 amorem
3149 5225 3328 5281 carnis
3360 5225 3501 5289 dico,

328 5346 376 5379 ’⁷
414 5343 637 5415 Gregor.
694 5341 952 5396 Nazianz.
1008 5353 1146 5397 orat.
1188 5341 1277 5407 22,
1304 5343 1406 5398 sub
1435 5343 1528 5397 lin.
1605 5343 1651 5374 ”
1675 5342 1874 5397 Jerem.
1920 5361 2009 5410 xv,
2075 5345 2164 5400 16.
2235 5345 2281 5378 ’⁸
2313 5344 2454 5399 Psal.
2487 5358 2664 5407 Lxxrx,
2700 5340 2784 5394 M.

1763 5459 1994 5521 NOTAE.

331 5553 444 5622 (l3)
478 5554 668 5607 Ταυτα
696 5551 912 5622 πάντα.
936 5549 1298 5621 Theophanes
1327 5552 1392 5605 ad
1419 5553 1695 5622 annuma,
1723 5549 1832 5622 Ire-

258 5620 361 5681 nes
388 5620 631 5678 secundo
665 5639 680 5676 :
722 5623 813 5692 Τῷ
845 5621 902 5692 δὲ
931 5620 1162 5692 Μαρτίῳ
1195 5623 1323 5692 μηνὶ
1359 5622 1461 5690 τῆς
1492 5621 1536 5674 θ’
1571 5620 1833 5692 ινδικτιῶ-

260 5712 379 5758 νος,
415 5692 622 5762 Εἰρήνη
653 5695 687 5762 ἠ
718 5690 948 5759 εὐσεϐὴς
978 5690 1299 5762 Βυζαντίοις
1335 5694 1463 5754 τοὺς
1515 5690 1832 5762 πολιτικοὺς

265 5759 567 5833 ἐχαρίσατο
597 5759 817 5833 φόρους,
859 5762 954 5814 καὶ
988 5765 1087 5833 τῆς
1129 5761 1350 5813 Ἀϐύδου
1387 5762 1480 5833 καέι
1524 5761 1618 5813 τοῦ
1657 5759 1832 5833 Ἱεροῦ

262 5830 343 5887 ea
369 5830 638 5902 λεγόμενα
656 5830 936 5902 ,κομέρκια
959 5830 1244 5898 ἐκούφισεν
1266 5848 1278 5860 ·
1308 5832 1557 5902 μεγάλως
1587 5831 1678 5882 ἐπὶ
1706 5830 1832 5881 τού-

261 5917 383 5965 τοις
438 5897 531 5956 οῦν
585 5897 764 5966 ἄλλοις
799 5897 1008 5965 πολλοῖς
1055 5897 1506 5972 εὖχαριστηθείσα
1539 5903 1833 5970 εὐεργετή-

1987 5568 2102 5605 ασι.
2139 5549 2314 5603 Mense
2345 5563 2502 5618 porro
2522 5544 2717 5599 Martio
2740 5545 3040 5600 indictionis
3066 5560 3239 5618 nona,
3265 5544 3504 5612 piissimo

1979 5639 2094 5676 rene
2122 5616 2398 5689 Byzantiis
2424 5617 2603 5689 civilia
2635 5618 2833 5689 remisit
2873 5616 3168 5685 vectigalia,
3203 5625 3250 5667 et
3285 5632 3364 5689 ea-
3388 5629 3505 5683 qua:

1941 5693 2084 5762 apud
2132 5685 2371 5762 A'byduni
2422 5696 2470 5741 et
2522 5687 2740 5762 Hierum
2779 5686 3061 5762 dicuntum
3090 5685 3400 5762 contuierria
3443 5697 3506 5735 ex

1942 5754 2095 5830 parte
2127 5754 2389 5813 relaxarit
2411 5775 2427 5810 :
2451 5773 2544 5824 pro
2581 5759 2767 5830 quibus
2797 5757 3021 5827 aliisque
3044 5754 3307 5822 beneﬁciis
3343 5770 3507 5824 popu-

1942 5829 2024 5888 lus
2049 5832 2309 5886 maximas
2336 5831 2381 5883 ei
2414 5839 2586 5899 grates
2615 5829 2810 5882 retulit.
