4170 6472
713 390 819 455 935

1904 399 1965 459 S.
1991 399 2383 462 THEODORI
2425 403 2777 465 STUDlTA“.

3862 389 3960 459 936

714 502 1141 573 dominandique
1162 502 1463 571 libidinem,
1485 505 1667 561 videre
1691 516 1774 562 est
1800 507 1947 563 illum
1971 526 2116 565 nunc
2141 527 2292 566 men-

2400 514 2623 585 πικρίαν
2644 510 2979 579 θανατικήνς
3008 508 3101 578 Μὴ
3145 506 3251 577 γὰρ
3284 505 3365 559 ὅτι
3398 504 3460 557 ού
3503 502 3835 574 παραδοθεὶς
3854 507 3961 559 τοῖς

714 597 784 651 tis
826 596 1289 667 contemplatione
1326 598 1393 652 ab
1431 598 1533 653 illis
1575 600 1882 669 depastum,
1937 612 1992 656 et
2033 614 2286 673 tanquam

713 688 932 743 leonum
961 704 1057 744 ore
1076 689 1434 744 dilaniatum?
1456 690 1645 745 Parem
1682 693 1851 757 enim,
1885 703 1945 748 ut
1975 694 2091 764 ipse
2124 698 2285 761 nosti,

713 795 779 834 ac
809 782 951 836 illius
995 783 1088 851 qui
1119 782 1428 837 inconsulto
1458 784 1689 838 discedit
1714 800 1743 838 a
1781 793 1955 855 patre,
1996 786 2066 841 ab
2112 802 2289 857 eoque

714 870 1062 934 discinditur,
1099 871 1216 940 ejus
1266 872 1477 940 lapsum
1508 888 1629 928 esse
1666 884 1855 929 censet
1887 875 2107 930 divinus
2148 876 2293 932 Basi-

718 962 839 1024 lius,
862 962 952 1032 qui
974 972 1215 1017 sanetam
1237 964 1623 1031 professionem
1642 966 1846 1034 abjicit.
1878 967 2001 1021 Ideo
2022 978 2075 1022 et
2100 970 2289 1024 eadem

716 1053 1303 1107 excommunicationis
1356 1055 1795 1125 reliquarumque
1833 1073 2114 1127 poenarum
2161 1076 2291 1115 sen-

717 1144 883 1198 tentia
908 1144 1232 1213 pleetuntur.
1271 1144 1375 1200 Sed
1409 1146 1497 1200 hic
1532 1148 1748 1216 quidem
1779 1165 1879 1203 nos
1900 1159 1958 1204 ut
1981 1162 2291 1221 peccatores

716 1251 1027 1305 precamur,
1057 1248 1113 1291 ut
1146 1238 1433 1307 pristinam
1486 1238 1662 1294 lucem
1708 1240 1904 1296 iterum
1947 1259 2011 1296 ex
2051 1244 2152 1299 ltoc
2193 1259 2292 1300 suo

716 1327 863 1381 vitiis
911 1328 1164 1382 hebetato
1212 1337 1267 1382 et
1314 1328 1608 1384 obscurato
1663 1332 1938 1387 intellectu
1982 1334 2287 1404 respiciat;

715 1417 1043 1487 domumque
1068 1420 1247 1473 denuo
1282 1420 1346 1474 ad
1370 1420 1581 1477 dulcem
1609 1421 1817 1477 Patrem
1837 1434 1891 1478 et
1916 1426 2291 1482 charissimam

717 1512 1192 1581 congregationem
1249 1523 1573 1569 revertatur.
1634 1513 1852 1570 Fratres
1902 1528 2083 1571 autem
2144 1520 2293 1588 ipsos

719 1600 1021 1664 hortamur,
1043 1602 1441 1657 utcmnobitieo
1463 1605 1745 1658 certamini
1773 1604 1987 1661 fortiter
2016 1607 2289 1673 insistant,

719 1707 823 1746 nec
853 1702 1074 1762 propter
1105 1692 1254 1760 impii
1286 1694 1495 1763 lapsum
1526 1696 1899 1749 convellantur
1928 1714 1940 1751 :
1976 1699 2067 1751 sed
2108 1701 2291 1768 potius

719 1784 1031 1839 sincerioris
1059 1784 1207 1845 fidei,
1253 1784 1746 1856 indissolubilisque
1776 1790 2133 1845 connexionis
2166 1792 2291 1846 inde

717 1884 904 1923 ansam
956 1870 1219 1940 arripiant
1253 1887 1267 1937 ;
1305 1872 1465 1941 idque
1491 1874 1558 1928 ad
1594 1875 1872 1945 sanguinis
1896 1893 2065 1946 usque
2103 1880 2292 1948 profu-
2326 1872 2365 1929 Β

719 1964 947 2027 sionem,
971 1963 1424 2031 quemadmodum
1464 1963 1573 2018 Deo
1596 1964 1739 2033 pleni
1766 1964 1947 2019 Patres
1979 1970 2290 2037 praedicant,

721 2066 780 2111 ut
834 2074 929 2127 per
960 2057 1261 2112 absolutam
1292 2058 1551 2129 religiosae
1580 2060 1698 2114 vita:
1738 2060 2126 2129 perfectionem
2151 2080 2295 2118 mar-

721 2150 838 2219 tyrii
875 2164 1132 2203 coronam
1173 2150 1226 2202 in
1276 2149 1363 2203 die
1409 2149 1594 2219 judieii
1626 2151 1907 2220 recipiant,
1943 2154 2169 2207 chorum
2214 2156 2294 2209 itt-

716 2252 914 2296 euntes
944 2258 1067 2295 cum
1102 2242 1378 2303 Dositheo,
1404 2252 1457 2297 et
1482 2243 1698 2307 Acacio,
1730 2254 1785 2298 et
1810 2244 2132 2309 Domitiano,
2166 2248 2294 2303 viris

720 2332 877 2401 plane
908 2332 1287 2392 sanctissimis.
1317 2334 1408 2401 qui
1428 2349 1637 2388 summa
1661 2351 1783 2389 cum
1804 2336 2111 2391 obedientia
2132 2340 2295 2394 vitam

718 2432 1032 2493 exegerunt.
1083 2423 1251 2477 llodie
1289 2440 1542 2493 namque,
1576 2426 1718 2479 sicut
1776 2427 2035 2481 sanctitas
2102 2438 2191 2482 tua
2241 2430 2296 2483 in

718 2514 929 2581 reliquo
964 2514 1204 2583 epistola:
1238 2525 1389 2569 textu
1421 2517 1518 2576 ait,
1547 2532 1696 2569 mera
1728 2517 1928 2583 ubique
1970 2518 2218 2573 confusio
2243 2528 2297 2573 et

718 2603 1092 2659 inobedientia
1127 2624 1142 2661 :
1179 2608 1308 2660 dum
1354 2606 1553 2677 singuli
1596 2606 1708 2661 fere
1754 2607 2008 2664 humanis
2069 2628 2299 2669 consue-

720 2698 999 2753 tudinibus
1039 2699 1307 2760 nituntur,
1356 2700 1770 2771 vicinarumque
1824 2701 2111 2767 institutis,
2173 2722 2296 2775 qua:

724 2786 814 2842 Dei
840 2788 1047 2857 legibus
1073 2788 1229 2856 plane
1255 2788 1613 2843 adversantur
1661 2808 1674 2844 :
1722 2791 2038 2862 maluntque
2064 2794 2226 2863 hujus
2245 2806 2300 2851 et

721 2879 865 2933 illius
889 2880 1184 2950 praepositi,
1212 2896 1372 2950 quam
1402 2882 1708 2936 divinorum
1743 2881 1959 2937 Patrum
1992 2895 2297 2941 nostrorum

720 2973 887 3026 vitam
921 2972 1232 3027 observare.
1265 2972 1384 3039 Quo
1418 2974 1495 3036 fit,
1534 2984 1879 3045 utpastores,
1911 2986 1966 3031 et
2001 2979 2052 3031 in
2083 2978 2165 3033 his
2200 2994 2301 3048 ego

720 3066 952 3135 primus,
1001 3066 1356 3135 desipiamus,
1397 3078 1451 3119 et
1502 3067 1788 3121 Dominum
1830 3083 1939 3121 non
1968 3086 2296 3138 quaeramus,

722 3172 824 3210 nec
856 3156 1391 3225 irreprehensibilem
1420 3166 1474 3211 et
1495 3167 1836 3211 constantem
1872 3158 1995 3211 vitae
2031 3160 2299 3213 rationem

2388 604 2698 665 ἀτιθάσσοις
2716 601 2879 671 θηρσὶ
2906 598 3021 653 τῶν
3055 596 3268 661 παθῶν,
3290 594 3647 665 φιλοσαρκίας
3672 610 3763 659 τε,
3797 596 3957 664 φημὶ,

2390 696 2483 748 καὶ
2513 692 2825 763 φιλαρχίας,
2846 692 3000 744 εστιν
3022 689 3149 743 ίδείν
3173 687 3335 741 αὑτὸν
3363 686 3571 757 ἀρτιτῇ
3595 685 3690 740 τοῦ
3714 684 3811 739 νοῦ
3827 685 3960 739 θεω-

2393 790 2484 862 ρίᾳ⁵
2516 788 2951 859 βιβρωσκόμενον
2978 787 3068 839 ὑπ’
3099 783 3299 846 αὐτῶν,
3321 784 3415 835 καὶ
3434 781 3962 853 κατασπαραττόμε-

2390 899 2480 935 νον
2512 875 2601 935 οἷα
2642 880 2749 934 ἀπὸ
2793 886 3061 949 στόματος
3095 876 3363 939 λεόντωνς
3397 872 3508 945 Τὴν
3557 872 3679 944 ἴσην
3731 874 3864 944 γάρ,
3888 872 3960 935 ὡς

2391 969 2566 1038 οἶσθα,
2593 973 2770 1043 κρίνει
2802 971 3122 1024 ἀπόπτωσιν
3151 968 3180 1019 ὁ
3222 966 3367 1029 θεῖος
3403 963 3704 1026 Βασίλειος.
3736 964 3818 1035 τῷ
3842 964 3964 1017 ἀλόο

2391 1082 2503 1134 γως
2546 1061 2916 1134 ἀναχωροῦντι
2968 1061 3062 1115 καὶ
3131 1057 3552 1129 ἀποσχιζομένῳ
3592 1055 3841 1126 πατρὸς,
3868 1054 3961 1107 τοῦ

2399 1158 2492 1211 καὶ
2538 1155 2671 1210 αὐτὸ
2709 1156 2769 1208 τὸ
2800 1156 2943 1207 θεῖον
2976 1153 3300 1223 ἐπάγγελμα
3336 1150 3839 1221 ἀπορριπτομένου.
3868 1148 3966 1202 Διά

2392 1245 2551 1298 τοῦτο
2576 1246 2669 1298 καὶ
2692 1245 2787 1313 τῆς
2816 1244 2982 1310 αὐτῆς
3016 1245 3124 1296 εισι
3154 1242 3460 1312 καταδίκης
3489 1240 3586 1293 ἐπὶ
3611 1242 3711 1311 τῆς
3738 1240 3965 1293 ἀκοινω-

2393 1337 2609 1407 νησίας.
2647 1337 2740 1388 καὶ
2770 1334 2878 1388 τῶν
2907 1336 3083 1389 ἀλλων
3111 1333 3427 1404 ἐπιτιμίων.
3464 1331 3627 1385 Ἀλλά
3656 1330 3848 1384 τοῦτον
3868 1331 3965 1401 μὲν

2394 1427 2665 1497 εὐχόμεθα
2699 1426 2774 1489 ὡς
2834 1424 3149 1495 ἁμαρτωλοὶ
3181 1422 3502 1491 ἀντωπῆσαι
3544 1421 3708 1475 πάλιν
3731 1420 3869 1489 πρὸς
3906 1419 3966 1471 τὸ

2395 1520 2660 1587 πρότερον
2683 1517 2821 1586 φῶς,
2856 1517 2921 1569 ἐκ
2951 1516 3054 1584 τῆς
3102 1510 3541 1583 ἀμϐλυωπαθοῦς
3571 1512 3667 1566 καὶ
3688 1510 3966 1579 ὲζοιρωμέ-

2393 1626 2488 1677 νης
2510 1608 2673 1661 αὐτοῦ
2705 1606 2915 1669 ἐννοίας
2936 1622 2949 1635 ·
2983 1605 3077 1659 καὶ
3108 1602 3291 1657 οἴκαδε
3326 1592 3486 1663 αὖθις
3514 1602 3800 1654 ἐπανιέναι
3832 1599 3967 1668 πρὸς

2394 1701 2485 1753 τὸν
2521 1700 2733 1769 γλυκὺν
2769 1699 3008 1769 Πατέρα,
3061 1697 3157 1749 καὶ
3215 1694 3315 1765 τὴν
3364 1693 3637 1763 φιλτάτην
3692 1692 3964 1745 συνοδίαν.

2400 1796 2599 1855 Αὐτοὺς
2627 1794 2683 1847 δὲ
2713 1794 2837 1856 τοὺς
2859 1790 3123 1859 ἀδελφοὺς
3153 1785 3581 1859 παρακαλοῦμεν
3616 1786 3813 1854 στῆναι
3842 1801 3966 1851 γεν-

2396 1885 2561 1947 ναίως
2598 1884 2735 1953 πρὸς
2768 1884 2868 1953 τὴν
2892 1879 3237 1949 κοινοὸιακὴν
3262 1878 3485 1946 ἄθλησιν
3508 1892 3522 1907 ο
3554 1875 3745 1945 καὶμὴ
3782 1874 3968 1928 σαλευ-

2398 1975 2558 2042 θῆναι
2590 1976 2653 2027 ὲκ
2676 1973 2775 2043 τῆς
2813 1973 2907 2025 τοῦ
2939 1970 3170 2033 ἀσεδοῦς
3201 1966 3610 2029 καταπτώσεως
3630 1981 3645 1995 ⁶
3686 1960 3967 2034 μᾶλλονδὲ

2397 2069 2488 2120 καὶ
2517 2066 2719 2135 μᾶλλον
2757 2064 3007 2117 ἐντεῦθεν
3035 2059 3435 2133 ἐπιδράξασθαι
3459 2060 3841 2127 γνησιωτέρας
3874 2060 3965 2110 πί-

2398 2175 2569 2221 στεως
2599 2157 2693 2210 καὶ
2719 2156 3092 2209 ἁδιασπάστου
3118 2152 3474 2216 συντεύξεως,
3495 2148 3753 2203 τοσοῦτον
3781 2150 3972 2219 μέχρις

2394 2252 2647 2319 αἰματος,
2681 2247 2859 2310 καθὼς
2886 2249 2932 2299 οἱ
2966 2245 3214 2315 θεοφόροι
3261 2243 3503 2311 Πατέρες
3535 2238 3966 2310 διαγορεύουσιν,

2399 2343 2483 2395 ἶνα
2516 2341 2814 2409 τελειότητι
2844 2337 2937 2391 τοῦ
2992 2334 3359 2390 ὑποτακτικοῦ
3387 2332 3565 2387 αὐτῶν
3600 2330 3739 2402 βίου,
3766 2331 3860 2383 τὸν
3879 2329 3971 2382 τοῦ

2402 2432 2707 2502 μαρτυρίου
2745 2430 3008 2497 στέφανον
3042 2428 3416 2496 ἀναδήσωνται
3456 2426 3514 2479 ὲν
3553 2428 3618 2495 τῇ
3658 2424 3847 2494 ἡμέρα
3877 2423 3971 2490 τῆς

2399 2522 2766 2591 διαγνώσεως,
2812 2521 3127 2592 χορεύοντες
3184 2519 3321 2588 μετὰ
3366 2516 3644 2580 Δοσιθέου,
3671 2516 3768 2568 καὶ
3810 2515 3972 2567 Ἀκα-

2401 2614 2545 2677 κίου,
2580 2616 2671 2666 καὶ
2695 2610 3047 2681 Δομετιανοῦ,
3074 2610 3180 2662 τῶν
3203 2610 3343 2662 πάνυ
3370 2606 3675 2674 παναγίων,
3704 2606 3814 2659 τῶν
3837 2623 3972 2659 παν-

2402 2708 2661 2777 υπηκόως
2680 2706 2778 2774 τὴν
2799 2703 3076 2756 πολιτείαν
3098 2699 3550 2754 τετελειωκὸτων.
3571 2698 3821 2770 Σήμερον
3845 2696 3971 2766 γὰρ.

2401 2798 2582 2862 καθὼς
2616 2799 2673 2852 αἱ
2724 2796 2911 2850 λοιπαὶ
2963 2794 3140 2865 φωναὶ
3170 2793 3267 2863 τῆς
3298 2789 3575 2860 ὁσιότητος
3602 2805 3724 2855 σου,
3751 2790 3975 2859 ἀκρισία

2403 2895 2552 2946 πᾶσα
2590 2894 2684 2945 καὶ
2727 2890 3097 2955 ἀνυποταξίαο
3136 2885 3569 2956 ἐπερειδομένων
3608 2882 3719 2936 τῶν
3758 2884 3975 2937 πάντων

2407 2984 2593 3053 σχεδὸν
2625 2984 2797 3035 εἰπεῖν
2826 2983 2950 3044 ταῖς
2974 2979 3344 3051 ἀνθρωπίναις
3374 2973 3709 3044 συνηθείαις,
3748 2974 3845 3026 καὶ
3861 2976 3974 3034 ταῖς

2402 3078 2517 3131 τῶν
2593 3076 3043 3147 προσεχεστέρων
3106 3071 3553 3145 διακρατήσεσιν,
3616 3068 3677 3133 ἐξ
3731 3067 3974 3127 ιναντίας

2406 3169 2657 3238 ἐχούσαις
2688 3168 2795 3219 τῶν
2823 3165 3055 3219 ἐντολῶν
3080 3163 3174 3218 τοῦ
3202 3162 3339 3217 Θεοῦ
3365 3176 3381 3192 ⁶
3412 3162 3506 3215 καὶ
3553 3160 3757 3231 μᾶλλον
3790 3163 3975 3230 αἱρου-

723 3248 1112 3317 investigemus
1135 3264 1149 3306 ;
1172 3248 1265 3301 sed
1285 3248 1434 3317 quasi
1467 3250 1742 3317 antiquata
1768 3248 1884 3319 lege
1910 3247 2026 3313 Dei,
2058 3258 2112 3302 et
2134 3249 2298 3302 aboli.

2405 3261 2581 3329 μένων
2612 3259 2707 3311 τοῦ
2754 3259 2926 3320 δεῖνος
2971 3258 3067 3309 κα)⁵
3104 3255 3197 3309 τοῦ
3244 3256 3417 3318 δεῖνος
3463 3253 3768 3324 ἡγουμένου
3812 3270 3977 3321 παρα-

726 3348 782 3393 to
800 3339 1105 3409 Evangelio,
1127 3340 1651 3409 hebescentibusqne
1669 3340 2043 3409 spiritualibus
2060 3342 2295 3395 sanctio-

724 3431 905 3493 nibus,
948 3440 1130 3499 atque,
1170 3441 1229 3484 ut
1282 3432 1449 3501 magis
1476 3432 1699 3500 impium
1738 3432 1865 3501 quid
1899 3433 2097 3496 dicam,
2142 3434 2294 3502 quasi

724 3530 933 3575 mutato
982 3522 1304 3575 immutabili
1336 3522 1462 3575 Deo.
1496 3521 1626 3575 Nam
1656 3532 1710 3577 et
1758 3524 1861 3578 hoc
1895 3524 2016 3578 illos
2062 3535 2291 3594 speetat,

722 3614 811 3681 qui
836 3628 1048 3683 semper
1076 3614 1327 3667 incusant
1361 3622 1414 3666 et
1438 3614 1576 3678 dies,
1610 3623 1666 3669 et
1711 3625 1919 3681 aetates,
1962 3618 2105 3685 quod
2137 3618 2296 3673 aliter

726 3704 831 3769 hae,
867 3705 1024 3758 aliter
1060 3706 1162 3757 illa:
1193 3720 1251 3757 se
1282 3705 1537 3759 habeant.

2401 3350 2588 3417 τηρεῖν
2637 3346 2729 3400 τὸν
2776 3346 2911 3416 βίον,
2948 3345 3117 3415 ἢτῶν
3155 3344 3459 3424 θεσπεσίων
3504 3344 3765 3413 Πατέρων
3803 3342 3973 3412 ὴμῶν.

2404 3439 2594 3491 Ἔνθεν
2624 3439 2672 3491 οί
2708 3437 2986 3506 ποιμένες,
3014 3435 3074 3499 ἑξ
3100 3427 3173 3487 ὧν
3209 3434 3320 3500 ἐγὼ
3348 3434 3586 3502 πρῶτος,
3637 3434 3975 3505 ὴφρονεύσαο

2404 3547 2521 3597 μεν,
2553 3530 2650 3582 καὶ
2681 3529 2771 3581 τὸν
2800 3527 3005 3597 Κύριον
3048 3526 3147 3578 οὐκ
3181 3523 3545 3592 ὲκζητοῦμεν,
3575 3524 3695 3577 οὐδὲ
3727 3525 3786 3577 τὸ
3828 3523 3974 3593 ἀμώ-

2404 3639 2573 3689 μητον
2604 3621 2781 3674 καὶτὸ
2806 3620 3145 3691 ἁκράδαντον
3185 3616 3283 3684 τῆς
3325 3616 3611 3679 πολιτείας
3660 3613 3977 3685 ίχνηλατοῦ-

2403 3729 2503 3780 μεν
2532 3727 2545 3741 ·
2575 3712 2693 3765 ἀλλ’
2723 3712 2798 3775 ὡς
2840 3709 3245 3771 παλαιωθέντος
3297 3706 3393 3761 τοῦ
3458 3706 3607 3760 θείου
3664 3708 3854 3777 νόμου,
3889 3708 3979 3760 καὶ

725 3796 1067 3865 ἁργήσαντος
1115 3795 1210 3848 τοῦ
1263 3796 1623 3865 Εὑαγγελίου,
1661 3796 1755 3851 καὶ
1802 3797 2181 3870 ἀτονησάντων
2237 3801 2343 3855 τῶν
2385 3804 2771 3874 πνευματικῶν
2795 3803 3035 3873 θεσμῶν,
3062 3803 3179 3868 καὶ,
3211 3800 3299 3854 ἵνα
3326 3816 3382 3853 τι
3441 3800 3581 3853 εῐπω
3610 3799 3705 3851 καὶ
3738 3798 3977 3868 βλασφη-

728 3890 974 3958 μὸτερον,
1022 3888 1097 3952 ὡς
1150 3889 1531 3953 ἀλλοιωθέντος
1590 3890 1689 3943 τοῦ
1739 3890 2105 3947 ἀναλλοιώτου
2161 3894 2319 3949 Θεοῦ.
2364 3897 2534 3949 Τοῦτο
2588 3898 2695 3967 γάρ
2756 3900 2872 3950 ἐστι
2927 3897 3062 3967 πρὸς
3122 3898 3183 3950 τὸ
3245 3896 3422 3962 λέγειν
3462 3893 3556 3945 καὶ
3599 3888 3979 3944 καταιτιᾰσθαι

722 3981 850 4044 τοὺς
900 3981 1125 4051 χρόνους
1173 3983 1265 4033 καὶ
1314 3981 1410 4043 τὰς
1436 3980 1648 4051 ἡμέρας
1673 3981 1771 4035 καὶ
1799 3983 1900 4046 τὰς
1926 3985 2141 4050 γενεὰς,
2172 3986 2408 4050 ἀλλοίως
2467 3988 2565 4055 μὲν
2601 3986 2816 4050 ὲκείνας
2836 4028 2849 4049 ,
2884 3989 2979 4038 καὶ
3013 3986 3239 4049 ἀλλοίως
3264 3982 3489 4045 ταύτας.

799 4073 913 4142 Ego
945 4088 1072 4126 vero
1099 4089 1206 4125 non
1242 4088 1270 4125 a
1297 4081 1541 4142 tempore
1576 4073 1847 4127 invectum
1888 4075 1989 4128 hoc
2016 4075 2309 4130 discrimen

728 4165 1020 4219 contendo.
1068 4162 1179 4218 Nec
1218 4164 1361 4217 enim
1408 4164 1567 4217 aliam
1606 4163 1833 4218 formam
1876 4165 2052 4219 induit
2092 4167 2311 4231 cwlum,

730 4274 831 4312 nee
880 4266 1084 4311 motum
1135 4256 1336 4319 alium,
1382 4270 1487 4311 nec
1534 4256 1691 4310 aliam
1745 4257 1919 4311 lucem
1973 4258 2077 4311 diei
2125 4259 2309 4327 opifex

728 4350 953 4419 lampas,
999 4364 1102 4403 nec
1140 4358 1334 4419 praeter
1357 4348 1575 4402 solitum
1603 4349 1848 4403 ordinem
1890 4350 2060 4403 fertur
2096 4361 2152 4405 et
2203 4352 2311 4405 cir-

729 4441 1034 4511 cutnagitnr
1060 4440 1393 4494 universum.
1420 4437 1620 4493 Statuit
1650 4439 1794 4494 enim
1828 4440 1943 4503 illa,
1968 4450 2026 4495 ut
2049 4442 2308 4511 scriptum

728 4542 831 4597 est,
864 4534 917 4586 in
955 4542 1207 4585 internum
1253 4541 1301 4584 et
1344 4532 1399 4584 in
1436 4530 1687 4584 arculum
1729 4532 1944 4594 swculi;
1990 4544 2308 4601 prwceptum

730 4626 926 4692 posuit,
978 4633 1026 4677 et
1077 4640 1177 4675 non
1211 4623 1493 4691 pra’teribit
1514 4623 1580 4677 ³⁸.
1624 4623 1731 4678 Sed
1762 4633 1938 4676 ortum
1971 4624 2020 4679 id
2054 4634 2155 4689 est,
2187 4641 2314 4679 san-

731 4716 996 4779 ctissime,
1031 4732 1095 4769 ex
1131 4715 1428 4768 mutatione
1469 4714 1652 4769 libera:
1694 4715 1988 4770 voluntatis
2019 4717 2088 4770 ab
2128 4732 2314 4772 amore

731 4809 921 4862 divino
950 4808 1245 4872 destitutae,
1276 4806 1641 4876 atl'ectumque
1668 4822 1825 4860 suum
1854 4807 1920 4860 ad
1947 4809 2149 4862 caduca
2176 4808 2314 4863 defi-

732 4902 931 4971 gentis,
959 4900 1190 4968 gloriosa
1220 4899 1466 4968 exempla
1516 4898 1666 4969 sequi
1716 4899 2088 4962 detrectantis,
2138 4916 2314 4970 neque

732 4994 1076 5062 archetypam
1126 4992 1305 5060 potius
1356 4989 1697 5059 patriamque
1741 4990 1980 5044 divinam
2028 4992 2314 5061 imaginem

733 5084 1057 5152 exprimere,
1088 5096 1250 5151 quam
1288 5081 1560 5137 deformes
1605 5091 1660 5134 et
1688 5080 1893 5135 alienas
1921 5096 1983 5135 ac
2034 5082 2311 5152 prodigio-

734 5189 839 5227 sas.
889 5170 1251 5238 Quamobrem
1295 5170 1462 5227 animi
1503 5171 1786 5225 simulacra
1818 5171 2079 5241 gerimus,
2118 5177 2312 5241 partim

735 5266 951 5334 quidem
976 5265 1225 5319 humana:
1248 5263 1664 5331 naturaealiquid
1687 5263 1961 5325 habentia,
1984 5266 2185 5332 partim
2222 5280 2315 5318 ca-

737 5356 1044 5425 nis,partim
1066 5355 1299 5426 leopardi
1320 5354 1765 5423 fortasse,partim
1786 5354 1965 5423 piscis,
1987 5366 2077 5409 aut
2095 5355 2317 5409 alterius

743 5448 953 5517 reptilis
976 5448 1277 5518 cuiuspiam
1303 5466 1315 5501 :
1338 5448 1626 5504 sanctitate
1663 5456 1753 5501 tua
1779 5447 2071 5517 anagogice
2092 5448 2203 5501 lucc
2222 5448 2305 5500 in-

744 5541 1039 5612 telligente.
1078 5540 1178 5607 Qui
1200 5556 1329 5610 ergo
1356 5541 1475 5594 talia
1493 5539 1993 5610 deceptieﬂ'utiunt,
2012 5549 2105 5593 aut
2130 5538 2307 5593 Evan-

742 5632 878 5702 gelia
908 5632 1081 5702 palam
1110 5642 1164 5686 ct
1192 5632 1332 5686 nuda
1366 5632 1542 5687 fronte
1574 5631 1930 5701 perfringam,
1962 5638 2016 5683 et
2054 5630 2305 5699 martyria

818 5828 862 5860 ³⁸
889 5826 1029 5884 Psal.
1070 5844 1292 5894 cntutu,
1327 5829 1377 5883 6.

2497 4075 2636 4144 Ἐγὼ
2660 4077 2716 4128 δε
2744 4075 3211 4145 ἁνταποκρίνομαι
3235 4074 3310 4135 ὡς
3338 4071 3401 4125 οῦ
3422 4069 3575 4141 παρά
3596 4067 3656 4121 τὸ
3677 4064 3772 4119 τοῦ
3795 4068 3980 4137 χρόνον

2413 4166 2670 4239 διάφορον
2724 4166 2882 4220 τοῦτο
2940 4164 3182 4233 ὑπήχθη.
3253 4162 3388 4215 Οὐδὲ
3448 4160 3557 4231 γὰρ
3617 4157 3981 4227 ἑτερόμορφος

2414 4263 2635 4328 γέγονεν
2667 4262 2695 4311 ὀ
2723 4258 2971 4331 οὐρανὸς,
3018 4256 3137 4309 οὐδὲ
3182 4253 3594 4325 ὲτεροκίψητος,
3636 4250 3757 4303 οὐδὲ
3806 4250 3982 4318 ἑτερο-

2415 4349 2637 4420 >.αμπὴς
2662 4352 2689 4402 ὀ
2709 4348 3038 4419 δημιουργὸς
3066 4349 3163 4417 τῆς
3186 4345 3394 4415 ἡμέρας
3417 4342 3665 4413 φωστὴρ,
3686 4340 3808 4394 οὐδὲ
3836 4338 3980 4411 παρὰ

2414 4441 2513 4507 τὴν
2560 4439 2687 4509 πρὶν
2736 4438 2890 4501 τάξιν
2924 4435 3145 4506 φέρεταί
3179 4452 3238 4487 τε
3289 4434 3382 4487 καὶ
3426 4430 3731 4497 διεξάγεται
3762 4430 3826 4481 τὸ
3855 4431 3975 4482 πᾶν.

2420 4532 2685 4595 Ἔστησε
2718 4528 2825 4599 γάρ
2851 4527 3022 4590 αὐτὰ,
3054 4526 3194 4579 κατά
3222 4525 3290 4577 τά
3316 4523 3489 4591 Λόγια
3509 4562 3524 4587 ,
3556 4523 3644 4586 είς
3674 4520 3784 4574 τὸν
3804 4518 3982 4588 αἰῶνα

2414 4619 2512 4672 καί
2541 4621 2629 4683 εις
2656 4617 2763 4670 τὸν
2784 4615 2971 4673 αἰῶνα
2999 4616 3104 4669 τοῦ
3124 4613 3339 4679 αἰῶνος
3358 4629 3373 4645 ο
3401 4614 3760 4680 πρόσταγμα
3796 4612 3979 4695 easta,

2418 4708 2515 4762 καὶ
2545 4711 2615 4761 οὺ
2646 4708 3105 4776 παρελεύσεται.
3145 4704 3307 4757 Ἀλλά
3346 4703 3505 4756 τοῦτο
3542 4692 3910 4772 συμὸέὸηκεν,
3940 4692 3982 4751 ὦ

2419 4800 2709 4867 ἀγιώτατε,
2765 4799 2905 4852 κατᾶ
2950 4798 3010 4850 τὸ
3050 4795 3448 4866 ὲνηλλαγμένον
3495 4793 3597 4863 τῆς
3640 4792 3980 4857 αύτεξουσίου

2418 4893 2791 4962 προαιρέσεως
2820 4930 2834 4951 .
2880 4888 3295 4959 ὁλιγωρησάσης
3334 4889 3397 4939 ὲκ
3427 4885 3523 4938 τοῦ
3576 4884 3723 4937 θείου
3753 4883 3980 4953 ἔρωτος,

2418 4988 2511 5038 καὶ
2540 4986 2667 5055 περὶ
2693 4987 2759 5038 τὰ
2784 4984 3029 5055 πρόσυλα
3057 4985 3155 5052 τὴν
3184 4983 3383 5052 ἑαυτῆς
3404 4980 3589 5049 ἔφεσιν
3608 4976 3978 5039 ὶκδεδωκυίας,

2422 5078 2514 5131 καὶ
2542 5078 2603 5130 ού
2637 5077 2915 5147 θελούσης,
2942 5076 3059 5129 οὐδὲ
3093 5074 3424 5146 αἱρουμένης
3458 5071 3567 5125 τῶν
3619 5068 3858 5123 εὐκλεῶν
3900 5070 3986 5131 ἑφ-

2423 5169 2663 5241 άψασθαι
2702 5170 3185 5240 παραδειγμάτων,
3214 5168 3334 5221 οὐδὲ
3376 5164 3726 5235 μεταγράψαι
3754 5163 3862 5217 ἀπὸ
3888 5161 3981 5229 τῆς

2422 5262 2731 5331 ἀρχετύπου
2759 5262 2853 5314 καὶ
2885 5261 3115 5332 πατρίου
3151 5259 3415 5321 θεοειδοῦς
3444 5257 3671 5319 εἰκόνος.
3701 5258 3765 5308 ὲκ
3794 5254 3849 5307 δὲ
3879 5252 3979 5304 τῶν

2420 5353 2751 5423 δυσμόρφων
2798 5352 2892 5405 καὶ
2942 5351 3246 5404 ἀλλοκότων
3292 5350 3387 5403 καὶ
3416 5345 3975 5418 τερατουργουμένων.

2420 5443 2519 5495 Διὰ
2547 5440 2704 5494 τοῦτο
2734 5441 2801 5493 τά
2829 5440 3033 5511 ψυχικά
3063 5440 3356 5509 ἰνδάλματα
3390 5438 3746 5507 ἐπιφέρομεν,
3778 5435 3838 5487 τὸ
3891 5431 3979 5503 μέν

2414 5554 2465 5589 τι
2494 5534 2831 5605 ἀνθρωπείου
2861 5535 3023 5603 μέρος
3056 5532 3265 5602 ἔχοντα,
3302 5532 3363 5585 τὸ
3390 5532 3446 5584 δὲ
3478 5529 3658 5595 κυνὸς,
3694 5529 3754 5581 τὸ
3786 5527 3842 5599 δὲ
3870 5526 3976 5577 leo-

2420 5630 2623 5699 πάρδου
2658 5630 2838 5699 τυχὸν,
2867 5628 2926 5682 τὺ
2951 5628 3005 5681 δὲ
3036 5626 3237 5697 ἰχθύος,
3271 5627 3465 5696 ἠτινος
3493 5624 3653 5680 ἀλλον
3682 5622 3791 5676 τῶν
3820 5621 3971 5691 ἑρπε-
