4170 6476
164 444 263 506 937
1412 447 1770 510 EPISTULA

1881 444 1945 502 ’Μ
1975 444 2119 503 LIB.
2164 442 2210 503 ῐ.
3337 437 3441 498 938

167 558 279 610 τῶν
299 573 316 587 ·
353 557 719 627 ἀναγωγικῶς
742 556 914 612 ταῦτα
941 557 1006 610 λα
1016 556 1325 628 μόανούσης
1348 558 1448 626 τῆς
1474 556 1748 626 ὀσιότητός

1889 562 1907 606 ι
1939 551 2363 620 iustificationes
2395 549 2630 614 Domini,
2669 556 2724 604 et
2756 547 2935 602 omnia
2973 562 3001 602 a
3029 547 3230 604 sanctis
3262 556 3443 603 trans-

171 667 292 706 σου.
320 652 383 704 οι
414 653 483 704 τὰ
511 649 738 703 τοιαῦτα
769 648 1060 718 τοιγαροῦν
1094 651 1158 702 ἐκ
1187 646 1528 718 φενακισμοῦ
1561 647 1755 717 βαττα-

1881 644 2022 699 nissa
2069 644 2346 698 volumina
2376 661 2388 697 :
2424 652 2514 697 aut
2561 641 2604 696 si
2644 643 2746 696 hoc
2782 641 2962 697 facere
2995 641 3258 705 abnuant,
3304 655 3441 712 pue-

174 745 445 813 ρίζοντες,
479 743 513 812 ἢ
551 739 873 812 ῥηξάτωσαν
903 743 1082 812 γυμνῇ
1108 743 1174 812 τῇ
1203 740 1414 810 κεφαλῇ
1459 740 1528 792 τά
1573 739 1756 806 Εὐαγ-

1881 734 2012 789 ilem
2043 749 2268 789 sensum
2296 742 2350 789 et
2385 749 2414 788 a
2447 733 2662 787 ratione
2707 731 2942 786 alienum
2988 730 3346 802 deponentes,
3384 741 3444 786 ut

173 835 373 898 γέλια,
421 835 518 888 καὶ
559 835 628 886 τὰ
663 831 973 904 μαρτύρια,
1034 832 1127 887 καὶ
1171 833 1239 885 τὰ
1283 830 1626 901 δικαιώματα
1661 830 1756 883 τοῦ

1881 825 1950 895 lui
1989 825 2167 894 reipsa
2212 825 2267 879 in
2316 823 2496 879 virum
2547 824 2820 878 evaserint
2865 823 3041 878 aetatis
3091 822 3444 894 plenitudinis

177 925 417 996 κυρίου,
453 926 546 978 καὶ
578 927 758 978 πᾶσαν
791 924 972 978 δέλτον
1018 924 1468 994 ἀγιοπαράδοτον,
1517 923 1549 991 ἢ
1603 922 1759 976 τοῦτο

1881 916 2156 981 Ihristi“,
2212 916 2513 971 secundum
2568 915 2750 971 divina
2798 915 3035 977 oracula,
3084 925 3140 969 et
3166 915 3444 970 ambulent

182 1021 260 1088 μὴ
293 1017 576 1079 ποιοῦντες
599 1056 612 1079 ,
640 1017 700 1068 τὸ
731 1016 998 1085 νηπιῶδες
1035 1017 1290 1087 φρόνημα
1331 1016 1429 1068 καὶ
1477 1015 1760 1080 ἀλόγιστον

1883 1007 1984 1077 psi,
2018 1017 2074 1062 et
2106 1008 2241 1062 alios
2279 1006 2534 1062 erudiant
2567 1025 2578 1060 :
2613 1017 2705 1060 aut
2749 1007 2792 1060 si
2826 1016 3085 1060 neutrum
3135 1005 3314 1060 facere
3343 1019 3442 1059 vo-

179 1107 534 1176 ἀποθέμενοι,
572 1105 648 1168 ὡς
675 1106 844 1169 ὅντως
871 1106 948 1168 εἰς
983 1105 1150 1175 ἄνδρα
1176 1105 1459 1166 τελοῦντες
1496 1105 1594 1174 τῆς
1642 1104 1762 1174 ὴλι-

183 1200 311 1258 κίας
329 1198 425 1251 τοῦ
452 1198 818 1268 πληρώματος
869 1197 962 1251 τοῦ
1008 1196 1266 1268 Χριστοῦ,
1304 1197 1447 1249 κατὰ
1475 1197 1544 1249 τὰ
1568 1197 1763 1250 6:01:1-

195 1290 402 1358 ράδοτα
427 1288 583 1357 λόγια
609 1305 623 1319 ο
677 1288 773 1341 καὶ
817 1287 1315 1358 περιπατείτωσαν,
1363 1287 1456 1339 καὶ
1492 1287 1618 1350 τοὺς
1665 1288 1762 1340 ἀλ-

186 1383 317 1446 λους
352 1382 823 1435 ἐκπαιδευέτωσαν
843 1398 858 1412 ·
890 1381 924 1451 ἢ
951 1381 1075 1450 μηδ’
1105 1381 1291 1450 ἕτερον
1318 1378 1427 1433 τῶν
1459 1380 1765 1450 εἰρημένων

186 1473 496 1534 ποιοῦντες,
520 1473 614 1524 καὶ
646 1470 776 1540 γοῦν
801 1471 861 1525 τὸ
891 1469 1098 1524 ἑαυτῶν
1117 1469 1379 1540 ἀθέλητον
1413 1469 1506 1521 καὶ
1555 1468 1765 1522 ἄσωτον

188 1563 754 1632 κατηγορησάτωσαν.
785 1561 944 1623 Ἴσως
995 1559 1100 1630 γὰρ
1142 1557 1327 1620 αὐτοῖς
1378 1554 1530 1609 ἐσται
1578 1556 1767 1625 καιρὸς

189 1653 536 1722 ἀνανήψεως.
560 1649 666 1702 Φεῦ
687 1650 744 1703 δέ
769 1651 888 1719 μοιί
930 1648 1110 1717 Πάτερ
1133 1643 1450 1716 τιμιώτατα,
1483 1644 1565 1696 ὅτι
1588 1644 1769 1712 ἔνοχος

188 1742 267 1796 ὢν
296 1743 516 1796 πάντων
546 1742 654 1795 τῶν
689 1741 1016 1811 εἰρημένων,
1069 1739 1163 1792 καὶ
1214 1739 1396 1807 πάσης
1441 1735 1769 1806 διαστροφῆς

1861 1100 2004 1165 lunt,
2039 1115 2193 1154 suam
2227 1099 2470 1170 ipsorum
2516 1098 2818 1153 socordiam
2867 1107 2924 1152 et
2966 1096 3442 1167 intemperantiam

1864 1201 2142 1245 accusent.
2171 1190 2421 1245 Forsitan
2455 1199 2670 1258 tempus
2691 1189 2792 1242 erit
2811 1203 2917 1258 quo
2948 1189 3290 1258 resipiscant.
3314 1186 3441 1252 Sed,

1867 1284 1973 1337 heu
2006 1283 2178 1337 mihi!
2211 1281 2375 1336 Pater
2406 1281 2812 1343 colendissime,
2845 1279 2934 1349 qui
2974 1279 3168 1332 horum
3199 1277 3443 1332 omnium

1867 1389 1991 1428 reus
2024 1389 2144 1443 qua:
2172 1373 2303 1437 dixi,
2338 1373 2625 1442 omnisque
2650 1372 2769 1426 vitii
2795 1383 2847 1426 et
2883 1370 3171 1438 pravitatis
3204 1370 3439 1438 adjutor,

1868 1465 2130 1519 insultare
2163 1465 2286 1520 aliis
2329 1463 2491 1534 caspi,
2541 1464 2794 1534 legesque
2833 1462 3127 1533 praeﬁgere.
3185 1461 3446 1532 Plangant

1869 1572 1956 1610 me
1991 1557 2321 1627 lugeantque
2347 1556 2555 1625 lapides
2583 1556 2683 1626 ipsi
2713 1570 2908 1610 sensus
2931 1562 3198 1623 expertes,
3227 1553 3318 1622 qui
3349 1567 3447 1622 per

1869 1649 2110 1720 singulas
2140 1649 2304 1703 horas
2331 1664 2520 1703 versor
2550 1649 2604 1702 in
2635 1647 2972 1710 discrimine,
3000 1645 3308 1715 Christique
3335 1653 3449 1715 gre-

1870 1754 1988 1810 gem
2031 1738 2254 1810 indigno
2298 1739 2433 1793 mihi
2475 1738 2825 1794 commissum
2868 1737 3093 1806 dissipo.
3129 1738 3303 1806 Atque
3336 1737 3451 1790 haac

191 1835 292 1887 καὶ
336 1833 702 1902 ἀνευθύτητος
734 1831 1030 1901 ὑπουργὸς,
1072 1831 1149 1894 ὡς
1179 1829 1538 1900 ἐπεμϐαίνειν
1591 1828 1770 1890 ἄλλοις

1881 1831 2164 1896 hactenus,
2195 1832 2516 1902 tejubente,
2550 1847 2578 1886 a
2605 1832 2715 1886 Deo
2742 1831 3026 1894 honorate,
3059 1829 3335 1900 respondi.
3368 1828 3450 1882 Tu

191 1926 455 1996 ἠρξάμην
487 1899 944 1994 καινομοθετείν.
981 1899 1384 1976 Κλαυσάτωσαν
1414 1922 1509 1974 καὶ
1547 1921 1764 1991 θρηνεί-

1881 1941 2006 1980 vero
2045 1899 2282 1996 Spiritus
2305 1925 2508 1978 virtute
2553 1924 2838 1988 subnixus,
2890 1899 3357 1994 legitimarumque
3398 1931 3453 1976 et

191 2032 377 2068 τωσαν
408 2015 498 2067 ἐπ’
526 2016 647 2084 ἐμοὶ
687 2016 782 2066 καί⁵
816 2013 969 2067 αὐτοὶ
997 2012 1046 2064 οἰ
1090 2009 1408 2078 ἀναίσθητοι
1440 2009 1577 2062 λίθοι
1605 2049 1620 2072 ,
1659 2027 1769 2062 κιν-

193 2105 474 2160 δυνεύοντι
507 2107 647 2158 κατά
686 2107 868 2158 πᾶσαν
910 2102 1081 2173 ὥραν,
1126 2103 1220 2155 καὶ
1251 2102 1502 2172 ρήσσοντι
1533 2101 1594 2153 τὸ
1645 2101 1768 2153 ποί-

198 2213 357 2266 μνιον
417 2194 512 2249 τοῦ
570 2194 810 2265 Χριστοῦ
875 2193 1109 2256 ἀναξίως
1166 2209 1256 2261 μοι
1309 2191 1766 2263 παραδεδομένον.

194 2287 451 2341 Τοσαῦτά
480 2304 570 2356 μοι
599 2285 850 2356 προήχθη
898 2282 1172 2337 κελεύοντί
1221 2299 1337 2346 σοι,
1372 2275 1416 2335 ὦ
1462 2280 1769 2350 θεοτίμητε,

193 2378 687 2448 ἀνταποκριθῆναι.
721 2377 892 2439 Αὐτὸς
920 2375 977 2428 δὲ
1005 2373 1394 2445 ἐρηρεισμένος
1417 2371 1492 2424 ὢν
1521 2375 1587 2443 τῇ
1615 2372 1774 2425 δυνά-

200 2488 294 2540 μει
331 2471 428 2525 τοῦ
477 2470 816 2541 Πνεύματος,
851 2469 945 2522 καὶ
971 2470 1038 2538 τῇ
1073 2464 1364 2537 περιλήψει
1393 2464 1502 2517 τῶν
1531 2464 1776 2534 νομίμων

200 2563 297 2614 καὶ
320 2563 566 2634 πατρίων
589 2559 836 2623 ἐντολῶν,
869 2557 1118 2627 ἀκίνητος
1147 2557 1330 2626 μένοις
1358 2554 1453 2608 καὶ
1480 2555 1776 2619 ἀσάλευτος

202 2655 297 2706 καὶ
323 2653 739 2721 ἀκαταπτόητος
771 2651 839 2702 ἐκ
867 2649 973 2702 τῶν
1017 2648 1168 2719 παρά
1215 2664 1380 2700 τινων
1420 2645 1774 2716 πολυτρόπως

1875 2027 2229 2086 paternarum
2281 2016 2623 2070 sanctionum
2672 2015 3089 2078 observatione,
3157 2012 3452 2068 immobilis

1877 2122 2162 2179 permane,
2186 2117 2240 2161 et
2261 2107 2622 2163 inconcussus
2648 2118 2812 2176 atque
2841 2106 3165 2176 intrepidus,
3193 2107 3454 2160 adversus

1878 2201 2239 2269 quorumdam
2286 2201 2450 2255 variis
2495 2201 2551 2255 in
2597 2211 2649 2255 te
2681 2200 2878 2263 modis,
2913 2207 3198 2254 ventorum
3229 2215 3292 2254 ac
3327 2214 3454 2269 pro-

1877 2291 2134 2346 cellarum
2187 2291 2380 2356 instar,
2427 2292 2700 2346 irruentes
2746 2290 3111 2355 rumusculos,
3171 2291 3315 2362 regia
3369 2291 3454 2344 in-

1879 2389 2043 2448 tegrae
2069 2381 2193 2435 vita:
2219 2381 2304 2435 via
2331 2380 2611 2442 incedens,
2639 2387 2694 2434 et
2718 2380 2908 2433 inanes
2937 2379 3218 2434 hominum
3251 2389 3456 2433 utram-

1879 2487 1985 2541 que
2017 2472 2070 2525 in
2103 2481 2315 2542 partem
2367 2487 2532 2527 voces
2560 2481 2940 2533 contemnens,
2981 2485 3044 2525 ac
3087 2486 3187 2540 pro
3235 2471 3456 2525 humili-

1879 2571 1986 2615 tate
2019 2572 2207 2617 nostra
2245 2562 2364 2617 sine
2410 2561 2816 2616 intermissione
2845 2575 3009 2616 orans
3045 2576 3207 2632 quam
3248 2561 3458 2615 studio-

1879 2665 2114 2705 διεειῐῐιε.

200 2745 830 2816 προσεπεισφρησάντων
862 2757 964 2804 σοι,
991 2735 1086 2793 eid
1113 2739 1330 2807 ἀνέμων
1360 2737 1394 2807 ἢ
1426 2737 1757 2809 τρικυμιῶν,
1798 2739 2111 2810 λογυδρίων,
2159 2741 2360 2812 βαίνων
2405 2743 2465 2795 ἐν
2547 2744 2614 2813 τῇ
2668 2742 2923 2814 βασιλικῇ
2960 2741 3063 2813 6δῷ
3127 2745 3227 2814 τῆς
3258 2745 3457 2812 ἀκραι-

203 2836 370 2906 φνοῦς
402 2836 700 2900 πολιτείας,
731 2833 826 2888 καὶ
876 2831 974 2902 τὴν
1007 2831 1092 2900 ἐφ’
1139 2831 1375 2900 ἑκάτερα
1413 2829 1776 2902 παρατρέχων
1817 2834 2202 2901 ματαιολογίαν
2233 2835 2342 2887 τῶν
2407 2835 2733 2907 ἀνθρώπων,
2793 2833 3084 2904 εὐχόμενός
3115 2850 3178 2888 τε
3227 2832 3461 2888 ἀδιαλεί-

206 2949 357 2995 πτως
389 2932 532 3000 ὑπὲρ
560 2930 657 3000 τῆς
685 2928 1066 2990 ταπεινώσεως
1101 2925 1260 2996 ἡμῶν
1289 2923 1359 2976 τὰ
1384 2925 1672 2995 κράτιστα.

591 3043 669 3097 6'.
704 3075 774 3084 —
795 3042 1070 3107 Γελασίῳ
1091 3039 1349 3110 μαθητῇ.
1617 3039 1765 3114 [ις’.]

2315 3046 2404 3101 IX.
2432 3077 2501 3087 -—
2539 3045 2747 3102 Gelasio
2775 3046 3050 3116 discipulo.

1306 3156 1578 3219 Apostataa,
1599 3161 1652 3206 ut
1683 3159 1741 3206 ad
1775 3161 2125 3211 monasterium
2171 3162 2358 3212 redeat.

276 3284 346 3341 Ὦ
389 3287 578 3339 τέκνον
623 3301 746 3354 μου,
773 3281 916 3336 ἀόόά
959 3281 1206 3345 Γελάσιε,
1256 3281 1374 3343 πῶς
1419 3281 1549 3333 ποτέ
1587 3297 1646 3332 σε
1690 3280 1778 3344 ἐξ·

1955 3282 1998 3338 Ο
2032 3285 2103 3338 [ili
2142 3285 2236 3349 mi,
2281 3285 2419 3340 abba
2457 3285 2656 3350 Gelasi,
2703 3300 2811 3356 quo
2841 3284 3056 3339 tandem
3089 3294 3248 3355 pacto
3291 3286 3462 3341 malo-

203 3379 550 3448 ωστράκισεν
590 3376 619 3428 ό
649 3374 954 3444 ἀρχέκακος
991 3374 1236 3436 Σατανᾶς
1269 3375 1334 3425 ἐκ
1371 3373 1466 3425 τοῦ
1499 3372 1773 3425 κοινοσια-

203 3471 304 3523 κοῦ
352 3466 704 3537 παραδείσου,
735 3465 809 3526 ὡς
838 3465 970 3517 ποτὲ
999 3464 1090 3517 τὸν
1129 3463 1301 3534 Ἀδὰμ
1351 3465 1414 3515 ἐκ
1454 3463 1553 3533 τῆς
1593 3464 1775 3532 Ἑδὲμ,

203 3561 498 3614 πεισθέντα
532 3561 597 3629 τῇ
627 3557 788 3628 βουλῇ
815 3556 908 3610 τοῦ
940 3555 1341 3626 όφιογνώμονος
1365 3555 1641 3626 Ἀμμοῦνς
1672 3558 1779 3609 Καὶ

203 3654 330 3724 ἄρτι
365 3651 561 3723 αὑλίζῃ
597 3652 654 3703 ἐν
688 3649 874 3712 τόποις
915 3647 1006 3711 οὒς
1038 3648 1137 3702 οὐκ
1184 3649 1472 3700 ἐπισκοπεῖ
1497 3649 1525 3700 ό
1551 3646 1776 3717 Κύριος,

204 3742 593 3812 ἀκανθοφορῶν
623 3741 715 3795 καὶ
741 3739 1110 3811 ἐργαζόμενος
1161 3741 1217 3791 ἐν
1272 3739 1456 3810 ἰδρῶτι
1485 3739 1578 3792 τοῦ
1609 3756 1781 3811 προσ-

203 3837 358 3890 ώπου
397 3836 468 3889 τὰ
498 3833 646 3904 πάθη
673 3833 773 3902 τῆς
814 3833 1059 3901 ἀτιμίας.
1089 3831 1153 3883 Τί
1182 3830 1289 3901 γὰρ
1332 3831 1496 3885 καλὸν
1523 3831 1776 3900 ἐξεληλυο

209 3928 320 3992 θὼς
351 3929 384 3998 ἢ
416 3927 679 3997 εἰργάσω,
705 3925 737 3997 ἢ
772 3923 1017 3996 ἐργάζῃ;
1047 3923 1090 3975 Τ
1096 3922 1111 3974 ί
1139 3923 1195 3976 δὲ
1225 3923 1285 3975 οὐ
1320 3922 1519 3994 μᾶλλον
1546 3922 1780 3993 πονηρὸν

207 4022 300 4073 καὶ
328 4019 636 4082 ἀπευκτόν;
679 4015 923 4081 Ἐξέλιπέ
977 4032 1069 4068 σου
1095 4015 1154 4067 τὸ
1181 4013 1366 4086 νοερὸν
1399 4014 1514 4084 φῶς
1552 4014 1652 4085 τῆς
1691 4013 1780 4065 ὁδ-

209 4112 378 4180 ηγίας
404 4125 417 4138 ·
455 4107 688 4170 ἐσϐέσθη
720 4110 746 4162 ὁ
776 4106 1010 4176 σπινθὴρ
1035 4105 1136 4175 τῆς
1167 4105 1541 4176 πνευματικῆς
1580 4105 1779 4176 φιλίας.

207 4201 276 4253 Οἱ
304 4199 448 4268 φίλοι
468 4214 559 4250 σου
601 4198 692 4250 καὶ
713 4199 760 4249 οἱ
792 4197 1018 4267 πλησίον
1055 4213 1171 4261 σου,
1206 4196 1267 4248 οὐ
1302 4196 1465 4267 μόνον
1494 4196 1636 4268 λέγω
1658 4198 1782 4260 τοὺς

211 4289 494 4354 ποθεινούς
525 4306 621 4342 σου
659 4289 919 4358 ἀδελφοὺς
947 4328 962 4354 ,
1011 4289 1146 4342 ἀλλά
1191 4289 1284 4341 καὶ
1327 4289 1452 4351 τοὺς
1497 4288 1592 4341 τοῦ
1648 4287 1782 4341 Θεοῦ

209 4381 495 4450 ἀγγέλους,
525 4381 582 4445 ἐξ
613 4379 859 4443 ἐναντίας
885 4397 979 4432 σου
1005 4377 1392 4449 ἀπομακρόθεν
1414 4379 1669 4450 ἔστησαν,
1691 4379 1784 4432 καὶ

209 4475 444 4543 ἦγγισαν
473 4473 521 4524 οί
542 4471 814 4541 δαίμονες,
845 4469 1203 4540 ἐκζητοῦντες
1251 4470 1514 4522 ἀπολέσαι
1540 4487 1631 4522 σου
1659 4471 1784 4533 τοὺς

214 4565 715 4636 προειργασμένους
760 4566 1092 4634 ἀσκητικοῦς
1136 4564 1437 4634 καμάτους.
1487 4565 1596 4618 Ποῦ
1651 4566 1783 4618 ποτέ

213 4675 306 4711 σου
337 4658 605 4728 ἠκαθαρά
637 4657 911 4726 προσευχὴ
934 4673 949 4722 ;
971 4654 1074 4707 ποῦ
1115 4656 1242 4707 ποτέ
1281 4658 1427 4726 σουὴ
1455 4657 1785 4727 ἀκράδαντος
1818 4641 1862 4697 D

212 4747 510 4818 όμολογία;
565 4753 599 4822 η
645 4749 944 4819 φωτοποιὸς
995 4749 1380 4820 ὲξαγόρευσις;
1432 4749 1465 4819 ὴ
1517 4750 1784 4820 ἀγγελικὴ

213 4843 572 4914 χοροστασίας
609 4843 642 4912 ἠ
674 4841 1006 4912 θεομίμητος
1040 4842 1288 4912 ὑπακοή;
1337 4844 1370 4912 ὴ
1430 4842 1784 4913 χριστοφόρος

211 4933 715 5003 ταπεινοφροσύνης
764 4935 940 4986 έκεῖνο
985 4933 1046 4986 τὸ
1095 4933 1258 4986 καλὸν
1301 4935 1395 4988 καὶ
1439 4936 1707 5005 τερπνὸν,
1757 4935 1785 4988 ὂ

213 5025 330 5095 ᾅδει
352 5027 379 5077 ό
403 5025 823 5097 ᾁσματογράφος
851 5023 1086 5094 Δαδίδ,ή
1115 5025 1206 5076 ἐπὶ
1233 5025 1293 5078 τὸ
1315 5026 1446 5084 αὐτὸ
1469 5028 1780 5097 συνοίκησίς

215 5133 311 5170 σου
360 5115 470 5168 τῶν
505 5115 785 5184 ἀδελφὼν;
822 5116 1040 5169 Τούτων
1082 5118 1299 5169 πάντων
1343 5119 1532 5188 ἐπειδὴ
1578 5118 1784 5189 ἔρημος

215 5207 440 5274 γέγονας
467 5246 482 5270 ,
529 5207 714 5260 τέκνον
757 5226 858 5277 μου
885 5247 898 5272 ,
935 5208 1076 5278 ἔχεις
1119 5209 1541 5278 ἀντεισαχθέντα
1593 5228 1674 5262 σοι
1717 5211 1786 5263 τὰ

216 5299 454 5361 ἐναντία,
488 5301 795 5368 σκοτασμὸν
823 5300 962 5365 νοὸς,
990 5301 1324 5371 ἀναλγησίαν
1355 5301 1558 5371 ψυχῆς,
1584 5302 1783 5374 πώρωο

215 5409 300 5444 σιν
332 5391 654 5462 καρδιακὴν,
687 5392 1029 5457 δυσπιστίαν,
1067 5393 1438 5458 ἀνελπιστίαν,
1467 5395 1786 5464 ὀλιγωρίαν,

217 5483 380 5550 φόσον
409 5483 662 5544 θανάτου,
692 5483 891 5552 τρόμον
919 5483 1232 5551 ἀπολογίας.
1266 5485 1375 5538 Καὶ
1409 5485 1460 5537 τί
1489 5486 1570 5537 δεῖ
1611 5503 1785 5538 κατα-

216 5577 398 5643 λέγειν
429 5575 488 5627 ἓν
517 5575 746 5628 ἕκαστον
764 5616 780 5640 ,
803 5577 880 5628 ὃτι
908 5578 1108 5628 στένων
1141 5578 1233 5628 καὶ
1254 5577 1472 5646 τρέμων
1504 5578 1788 5640 Καῖνικὼς

1881 3394 1998 3432 rum
2034 3388 2084 3431 te
2114 3386 2304 3432 auctor
2328 3377 2576 3445 Satanas,
2601 3394 2666 3433 ex
2710 3377 3028 3435 caenohiaco
3057 3378 3329 3446 paradiso,
3365 3381 3464 3435 sic-

1883 3481 1942 3525 ut
1979 3471 2150 3524 Adam
2204 3470 2332 3524 olim
2371 3485 2439 3526 ex
2473 3470 2644 3536 Eden,
2693 3469 2999 3540 serpentini
3047 3470 3279 3524 Ammon
3328 3487 3462 3527 con-

1879 3561 2005 3616 silio
2049 3561 2368 3616 obsecutum
2422 3562 2853 3618 exterminavit?
2903 3562 2970 3617 Et
3021 3557 3173 3617 nunc
3225 3561 3278 3617 in
3334 3561 3466 3618 locis

1884 3653 2096 3708 habitas
2133 3669 2257 3723 qua:
2305 3653 2565 3709 Dominus
2615 3669 2720 3708 non
2761 3655 3001 3724 respicit,
3047 3655 3234 3724 spinas
3263 3656 3465 3726 produ-

1883 3761 2036 3809 cens,
2074 3753 2130 3799 et
2173 3745 2484 3816 ignominiae
2525 3746 2806 3816 passiones
2838 3746 2892 3798 in
2925 3749 3122 3800 sudore
3168 3745 3352 3801 vultus
3388 3745 3465 3799 tui

1883 3851 2166 3890 exercens.
2194 3835 2334 3902 Quid
2358 3836 2502 3891 enim
2533 3837 2662 3890 recti
2699 3851 2764 3890 ex
2794 3851 2901 3906 quo
2932 3836 3208 3908 digressus
3267 3851 3348 3903 es,
3379 3837 3466 3891 vel

1883 3927 2059 3997 egisti,
2093 3927 2177 3981 vel
2215 3943 2362 3982 nunc
2406 3927 2564 3998 agis?
2601 3926 2741 3993 Quid
2775 3927 2962 3997 potius
2995 3944 3104 3984 non
3141 3943 3464 3999 perversum

1884 4035 1950 4074 ac
1988 4019 2419 4075 detestandum?
2466 4020 2673 4075 Deiecit
2723 4030 2775 4074 te
2826 4020 3026 4075 mentis
3078 4021 3264 4074 lumen
3323 4021 3468 4090 quod

1883 4111 2025 4165 viam
2059 4111 2437 4166 monstrabat:
2474 4112 2744 4167 exstincta
2785 4122 2870 4167 est
2903 4111 3139 4166 scintilla
3169 4112 3469 4183 spiritualis

1886 4201 2332 4256 necessitudinis.
2376 4201 2552 4262 Amici
2590 4211 2646 4255 et
2681 4203 2913 4272 proximi
2957 4203 3070 4267 tui;
3111 4218 3221 4257 non
3257 4213 3466 4258 tantum

1884 4294 2239 4348 cliarissimos
2283 4293 2481 4349 fratres
2533 4303 2657 4348 tuos
2705 4295 2866 4358 dico,
2917 4295 3010 4349 sed
3058 4295 3206 4367 ipsos
3251 4312 3470 4365 quoque

1887 4385 1981 4439 Dei
2027 4385 2288 4454 angelos;
2326 4384 2618 4438 adversum
2667 4394 2718 4439 te
2769 4385 2984 4439 eminus
3017 4386 3375 4449 steterunt",
3416 4395 3470 4439 et

1885 4477 2111 4546 propius
2137 4490 2422 4530 accessere
2452 4476 2749 4540 daemones,
2785 4487 3071 4532 anteactos
3103 4477 3316 4532 labores
3345 4486 3469 4533 tuos

1888 4569 2154 4622 asceticos
2205 4567 2423 4622 abolere
2481 4569 2788 4638 cupientes.
2859 4569 3095 4625 Ubinam
3145 4585 3281 4640 pura
3336 4572 3466 4624 olim

1892 4657 2133 4729 precatio
2185 4657 2314 4712 tua?
2370 4658 2590 4713 ubinam
2642 4659 2966 4715 inconcussa
3004 4661 3323 4715 confessio?
3376 4662 3467 4714 ubi

1891 4750 2176 4821 splendida
2228 4750 2660 4821 exomologesis?
2709 4752 2800 4806 ubi
2849 4754 3088 4824 angelica
3139 4753 3290 4808 chori
3345 4753 3468 4807 fre-

1890 4840 2220 4912 quentatio?
2253 4840 2346 4896 Dei
2378 4842 2570 4895 aemula
2600 4843 2932 4906 obedientia,
2967 4839 3246 4898 Christum
3275 4859 3468 4914 gerens

1892 4932 2188 4998 humilitas,
2225 4931 2428 4985 bonum
2473 4931 2607 4985 illud
2640 4941 2694 4986 et
2738 4934 3067 5002 jucundum,
3110 4936 3252 5004 quod
3287 4935 3467 4990 canti-

1890 5038 2077 5077 corum
2113 5022 2347 5091 scriptor
2396 5023 2657 5093 przedicat
2689 5023 2878 5087 David,
2932 5024 3162 5080 fratrum
3211 5025 3263 5079 in
3298 5042 3466 5079 unum

1892 5114 2155 5169 habitatio
2175 5113 2264 5167 ”?
2304 5113 2398 5169 His
2429 5115 2683 5168 omnibus
2731 5115 2988 5184 quoniam
3020 5117 3242 5172 orbatus
3275 5132 3355 5181 es,
3395 5118 3466 5172 ﬁli

1891 5210 1984 5273 mi,
2015 5207 2291 5264 contraria
2315 5224 2434 5277 qua:
2468 5207 2662 5260 horum
2697 5207 2818 5262 loco
2847 5207 3091 5263 immissa
3118 5219 3246 5263 sunt
3277 5209 3464 5271 habes,

1890 5301 2330 5356 obscurationem
2372 5300 2590 5362 mentis,
2625 5308 2902 5369 stuporem
2936 5301 3122 5364 animi,
3162 5301 3466 5357 caecitatem

1892 5394 2091 5456 cordis,
2152 5391 2612 5455 incredulitatem,
2665 5391 3126 5460 desperationem,
3178 5394 3465 5457 incuriam,

1893 5487 2083 5541 mortis
2115 5494 2342 5548 metum,
2378 5485 2658 5538 horrorem
2693 5484 2901 5553 judicii.
2953 5486 3020 5540 Et
3058 5487 3186 5556 quid
3215 5501 3351 5556 opus
3383 5495 3466 5540 est

1888 5581 2096 5650 singula
2146 5594 2501 5649 percensere,
2536 5593 2658 5631 cum
2693 5592 2913 5648 gemens
2944 5588 2997 5632 et
3028 5589 3269 5633 tremens
3313 5576 3466 5632 Caini

220 5671 438 5734 πάντως
493 5668 753 5733 διασιοίςς
806 5671 912 5722 Καὶ
959 5667 1112 5722 οὔπω
1160 5669 1303 5737 λέγω
1353 5671 1460 5722 τῶν
1511 5671 1778 5740 σαρκικὼι

1891 5687 2115 5741 prorsus
2143 5685 2290 5724 more
2322 5669 2487 5721 vitam
2515 5669 2722 5721 ducas?
2753 5667 2862 5722 Nec
2896 5683 3140 5724 memoro
3167 5667 3464 5723 carnalium

285 5857 326 5887 ³¹
374 5856 571 5926 Ephes.
604 5872 671 5912 tr.
709 5857 790 5910 15.
868 5857 911 5888 ⁸¹
946 5854 1092 5910 Psal.
1131 5873 1336 5919 xxxvii,
1381 5855 1457 5908 l2.
1543 5855 1586 5884 “
1618 5852 1763 5906 Psal.
1797 5867 2003 5915 cum,
2045 5853 2090 5904 ἰ.

523 5954 791 6011 ΡΑτιιοι..
836 5951 948 6009 Gn.
994 5951 1219 6010 XCIX.

3032 5967 3111 6019 30
