4158 6468
721 402 821 473 939

1901 400 1957 459 S.
1996 399 2395 461 THEODORI
2434 399 2784 465 STUDlTﬂi

3886 412 3994 477 940

716 509 1078 581 cupiditatum
1109 507 1321 562 turbam
1359 506 1619 561 interiora
1652 515 1739 560 tua
1772 507 2221 573 inflammantem,
2252 520 2306 564 et

2425 513 2614 566 παθῶν
2646 516 2739 566 τὸν
2762 514 2933 583 ἐσμὸν
2976 514 3410 587 ἀναρριπίζοντά
3454 533 3549 570 σου
3582 516 3652 571 τά
3682 518 3855 586 ιντδς,
3895 523 3990 574 καὶ

718 612 1000 673 peccatum
1041 600 1492 655 succendentcm.
1528 600 1894 669 Quapropter,
1934 600 2008 655 fili
2046 602 2142 667 mi,
2177 618 2301 672 per-

716 704 903 764 specta
934 709 1034 765 per
1097 692 1361 748 humilem
1420 691 1710 762 epistolam
1754 708 1931 747 meam
1970 695 2217 760 veritate,
2250 704 2305 749 et

715 790 781 843 ad
814 790 999 843 lumen
1051 787 1379 857 suspiciens,
1422 801 1485 841 ac
1526 786 1791 841 divinitus
1832 797 2214 856 compunctus,
2250 799 2305 843 et

716 881 891 936 amice
931 880 1275 943 vulneratus,
1322 886 1695 948 reputansque
1726 893 1790 933 ac
1820 879 2128 950 recogitans
2160 880 2305 935 unde

717 972 1010 1036 excideris,
1046 971 1180 1025 etin
1207 970 1406 1040 quibus
1430 969 1669 1023 miseriis
1700 969 1957 1031 verseris.
1992 980 2049 1024 et
2080 970 2172 1025 ubi
2205 972 2305 1025 ha-

715 1064 877 1124 bites.
924 1076 1145 1131 nempe,
1195 1069 1256 1115 ut
1301 1060 1381 1115 sic
1428 1059 1631 1123 dicam,
1681 1059 1737 1113 in
1786 1060 2153 1115 tabernaculis
2199 1061 2305 1115 Ce-

718 1154 816 1209 dar
838 1152 919 1216 ³⁵;
959 1151 1075 1204 redi
1114 1150 1182 1205 ad
1215 1165 1404 1204 sanam
1444 1158 1713 1215 mentem,
1757 1164 1980 1204 recurre
2020 1151 2087 1206 ad
2127 1152 2305 1206 locum

717 1257 893 1307 tuum,
938 1244 1339 1315 expergiscere,
1376 1258 1665 1306 renovare,
1712 1254 1767 1298 et
1804 1244 2114 1311 recalesco;
2151 1255 2206 1299 et
2236 1261 2305 1299 ne

720 1337 913 1391 horam
954 1335 1256 1396 cuncteris,
1301 1334 1574 1397 nediem,
1631 1350 1699 1389 ne
1732 1334 2129 1388 hebdomadem
2162 1354 2174 1388 :
2211 1334 2304 1390 sed

716 1426 1043 1497 quantocius
1072 1426 1333 1480 omnibus
1359 1425 1611 1495 abiectis,
1648 1425 1905 1495 praesenti
1933 1436 2097 1496 atque
2136 1428 2304 1481 intre-

724 1516 853 1586 pido
880 1516 1063 1571 animo
1102 1514 1167 1569 ad
1209 1530 1296 1570 me
1330 1516 1452 1570 veni
1501 1516 1772 1570 infelicem
1799 1515 2015 1570 Patrem
2044 1525 2218 1581 tuum,
2251 1526 2307 1571 et

718 1610 786 1664 ad
842 1609 1092 1681 egregios
1150 1607 1348 1661 fratres
1413 1617 1572 1671 tuos,
1653 1618 1707 1662 et
1761 1624 2017 1679 magnum
2089 1606 2304 1663 Patrem

718 1717 925 1765 meum,
974 1709 1030 1756 et
1066 1701 1280 1755 Patrem
1320 1709 1497 1755 tuum.
1536 1700 1603 1755 Et
1634 1701 1732 1755 hac
1767 1700 1990 1770 quidem
2037 1700 2105 1754 de
2141 1714 2303 1754 causa

724 1795 1012 1849 consilium
1054 1806 1191 1859 erat,
1232 1804 1523 1863 postquam
1570 1802 1625 1848 te
1678 1794 1821 1848 istuc
1877 1792 2166 1863 appulsum
2210 1808 2303 1848 co-

2406 605 2785 673 ἀναφλέγοντα
2830 606 2928 675 τὴν
2963 606 3261 677 ἁμαρτίαν.
3319 608 3412 661 Διὸ
3455 609 3518 681 δὴ
3551 648 3566 673 ,
3614 610 3813 663 τέκνον
3863 630 3988 681 μου,

2406 697 2665 765 ιπιγνοὺς
2688 696 2751 749 τὸ
2780 696 2980 766 ἀληθὲς
3004 697 3092 750 διά
3119 696 3221 767 τῆς
3248 698 3513 769 ταπεινῆς
3544 717 3647 770 μου
3670 701 3987 771 ἐπιπολῆς,

2406 789 2501 841 καὶ
2535 787 2843 855 ἀναϐλέψας
2878 790 3015 857 πρὸς
3061 788 3122 840 τὸ
3152 788 3267 856 φῶς
3289 827 3306 853 ,
3352 789 3449 841 καὶ
3478 792 3841 861 κατανυχθεὶς
3874 792 3987 845 Θεῖ-

2406 878 2539 941 κῶς,
2568 877 2664 930 καὶ
2694 878 2923 948 πληγεὶς
2958 876 3214 946 φιλικῶς,
3248 879 3343 930 καὶ
3372 879 3695 949 ἀναπλήσας
3723 881 3820 933 καὶ
3851 883 3985 935 ἀνα-

2405 968 2681 1039 γνωρίσας
2714 968 2837 1022 ὅθεν
2868 968 3131 1033 ἐξέπεσας
3158 1008 3172 1032 ,
3207 968 3303 1021 καὶ
3338 970 3396 1021 ὲν
3439 970 3611 1032 ποίοις
3660 967 3711 1023 εἷ
3756 967 3985 1035 δεινοῖς,

2408 1064 2501 1115 καὶ
2530 1061 2634 1114 ποῦ
2675 1062 2985 1131 παροικεῖς,
3019 1061 3095 1124 ὡς
3136 1062 3343 1124 είπεῖν,
3380 1060 3519 1131 μετά
3544 1062 3653 1115 τῶν
3685 1064 3987 1133 σκηνωμάο

2404 1170 2513 1207 των
2542 1153 2733 1224 Κηδάρ
2760 1168 2775 1183 ·
2830 1152 3167 1221 ἀνάσφηλον,
3220 1152 3315 1205 καὶ
3360 1152 3729 1223 ἀναπήδησον,
3764 1155 3862 1207 καὶ
3890 1157 3987 1208 ἀν⁸

2406 1244 2685 1317 εγέρθητι,
2716 1244 2809 1297 καί
2837 1242 3200 1313 ἀνανεὼθητι,
3246 1244 3341 1296 καὶ
3370 1243 3850 1315 ἀναθερμάνθητι·
3891 1249 3986 1299 καὶ

2410 1338 2485 1406 μὴ
2517 1336 2689 1407 ὥραν,
2747 1335 2820 1405 μὴ
2857 1335 3094 1405 ἡμέραν,
3138 1337 3213 1404 μὴ
3248 1333 3555 1404 ἑϐδομάδα*
3602 1336 3743 1390 ἀλλά
3789 1336 3987 1393 θᾶττον

2406 1431 2619 1500 χαίρειν
2650 1430 2815 1481 πᾶσιν
2860 1427 3051 1491 εἰπὼν,
3090 1423 3191 1506 ἧκε
3222 1428 3558 1498 ἐρρωμένως
3588 1430 3683 1482 καὶ
3708 1430 3988 1485 ἀνενδοιά-

2407 1536 2548 1582 στως
2585 1518 2724 1589 πρός
2756 1535 2825 1586 με
2852 1519 2947 1570 τὸν
2986 1516 3250 1587 δύστηνον
3286 1534 3381 1571 σου
3412 1520 3671 1589 Πατέρα,
3714 1521 3813 1573 καὶ
3852 1524 3986 1593 πρὸς

2406 1611 2504 1682 τὴν
2536 1611 2708 1681 καλήν
2734 1627 2829 1662 σου
2859 1609 2976 1662 ἀδελ
2990 1611 3223 1680 φότητα,
3257 1612 3353 1663 καὶ
3383 1612 3517 1681 πρὸς
3552 1611 3643 1664 τὸν
3672 1612 3850 1682 μέγαν
3877 1614 3988 1669 ηα-

2405 1702 2541 1773 τέρα
2570 1717 2671 1771 μου
2703 1702 2797 1753 καὶ
2832 1701 3061 1772 Πατέρα
3097 1716 3210 1754 σου.
3260 1703 3367 1755 Καὶ
3401 1703 3539 1773 πρὸς
3578 1703 3738 1756 τοῦτο
3768 1703 3986 1757 £60010-

2412 1811 2521 1863 μην
2553 1793 2672 1863 μὲν,
2702 1792 2865 1863 ήνίκα
2890 1792 3094 1863 ίμαθον
3122 1794 3204 1845 ὅτι
3233 1794 3421 1846 αὐτόθι
3456 1793 3855 1866 ἐξεπελάσθης,
3892 1800 3989 1851 καὶ

717 1886 905 1957 gnovi,
945 1886 1113 1940 etiam
1163 1884 1387 1939 fratrem
1432 1898 1557 1938 cum
1610 1883 1807 1939 litteris
1839 1885 2079 1946 mittere,
2132 1884 2222 1953 qui
2256 1892 2307 1938 te

2409 1884 2641 1954 ἀδελφὸν
2675 1884 2889 1955 πέμψαι
2923 1886 3020 1938 σὺν
3049 1888 3161 1948 τοῖς
3196 1886 3526 1956 γράμμασιν
3550 1926 3565 1950 ,
3604 1888 3693 1940 ῐνα
3720 1903 3781 1939 σε
3817 1890 3985 1959 ἀναῤ-

725 1986 1025 2033 revocaret.
1059 1978 1163 2032 Sed
1196 1977 1320 2048 quia
1350 1977 1637 2049 presbyter
1661 1977 1967 2032 litterarum
1998 1978 2136 2032 lator
2166 1978 2298 2031 milii

719 2070 879 2139 plane
924 2068 1275 2124 confirmavit
1322 2077 1374 2123 te
1416 2069 1484 2123 ad
1532 2068 1677 2124 solas
1715 2069 1924 2124 litteras
1965 2079 2297 2134 venturum,

719 2161 843 2215 ideo
875 2160 1104 2228 epistola
1137 2168 1431 2214 contentus
1456 2158 1554 2213 fui.
1585 2159 1650 2212 Et
1679 2173 1809 2212 vero
1832 2158 2028 2227 jubent
2056 2174 2299 2228 prorsus.

719 2252 792 2307 tili
838 2252 935 2318 mi,
966 2253 1107 2306 sicut
1136 2252 1340 2305 dictum
1383 2260 1491 2313 est,
1529 2265 1636 2303 non
1672 2250 1849 2304 solum
1890 2265 1991 2321 ego
2024 2250 2210 2314 miser,
2246 2259 2301 2305 et

718 2342 877 2397 Pater
907 2358 1084 2407 meus,
1120 2357 1309 2397 verum
1351 2351 1406 2396 et
1436 2343 1608 2396 nostri
1642 2343 1847 2397 domini
1878 2342 2118 2398 Joannes
2158 2359 2294 2413 pra:-

719 2450 915 2491 cursor
962 2450 1028 2490 ac
1062 2434 1303 2490 Joannes
1336 2416 1669 2505 Theologus,
1717 2446 1777 2490 ut
1826 2451 1990 2506 quam
2041 2437 2302 2493 citissime

718 2529 945 2599 gradum
974 2528 1202 2593 referas,
1257 2528 1574 2599 priusquam
1614 2538 1667 2582 te
1712 2528 1994 2599 in0pinata
2026 2545 2174 2584 mors
2205 2546 2301 2584 oc-

718 2631 901 2692 cupet.
951 2620 1106 2688 Quod
1152 2622 1194 2677 si
1246 2622 1568 2676 obfirmatus
1618 2621 1831 2687 adhuc,
1885 2622 2032 2692 quod
2079 2624 2302 2675 minime

722 2730 867 2779 reor,
906 2715 1266 2779 obdurescas,
1298 2724 1351 2769 et
1385 2715 1739 2785 pertinaciter
1774 2714 2031 2779 resistas;
2076 2714 2215 2769 scito
2249 2724 2303 2769 te

720 2807 1255 2863 excommunicatum
1286 2821 1427 2869 esse,
1459 2814 1515 2860 et
1544 2822 1573 2859 a
1615 2806 1821 2861 sanctis
1866 2806 2145 2871 omnibus,
2188 2817 2243 2860 et
2271 2821 2301 2860 a

725 2899 887 2953 nobis
936 2898 1315 2967 peccatoribus
1348 2898 1523 2953 donec
1570 2897 1764 2952 faciem
1810 2908 2052 2951 nostram
2096 2898 2299 2952 videas.

722 2989 823 3042 Sin
855 2998 1038 3042 autem
1078 2986 1304 3059 gradum
1349 2987 1576 3053 referes,
1626 2998 1685 3043 ut
1727 2988 2014 3058 iussimus.
2058 2989 2171 3059 jam
2210 3003 2276 3042 ve

720 3081 881 3136 nicns
913 3081 1125 3136 solutus
1158 3096 1239 3145 es,
1273 3090 1385 3137 tum
1423 3081 1489 3136 ad
1517 3082 1699 3137 divina
1733 3082 1896 3149 dona,
1928 3091 2043 3137 tum
2077 3082 2145 3137 ad
2170 3082 2304 3137 alios

720 3174 892 3231 cibos.

1148 3290 1214 3346 Χ.
1238 3320 1304 3332 -
1335 3292 1558 3347 Nicolao
1592 3294 1873 3358 discipulo.

2410 1976 2662 2049 ρύσηται.
2684 1976 2836 2030 Ἐπεὶ
2857 1976 2913 2031 δὲ
2943 1978 2971 2028 ό
2990 1978 3455 2049 γραμματοφόρος
3480 1982 3573 2031 καὶ
3607 1978 3983 2051 πρεσϐύτερος

2406 2070 2775 2123 ἐϐεϐαιώσατό
2808 2086 2874 2139 με
2925 2070 3144 2131 πάντως
3171 2072 3235 2122 ὲκ
3281 2069 3460 2138 μόνων
3493 2070 3603 2124 τῶν
3631 2071 3984 2142 γραμμάτων

2405 2163 2564 2233 ἥκειν
2592 2178 2682 2225 σε,
2710 2161 2797 2215 διά
2826 2160 2987 2215 τοῦτο
3016 2160 3296 2231 ἡρκέσθην
3339 2164 3402 2232 τῇ
3448 2162 3729 2235 ἐπιστολῇ.
3777 2163 3886 2216 Καὶ
3920 2162 3985 2233 δὴ

2408 2251 2650 2315 πάντως,
2676 2252 2873 2304 τέκνον
2905 2268 3031 2321 μου,
3061 2249 3242 2314 καθὼς
3266 2252 3505 2321 εἴρηται,
3537 2252 3598 2305 οὐ
3631 2253 3795 2321 μόνον
3823 2250 3934 2319 ἐγὼ
3957 2254 3987 2304 ὁ

2406 2346 2609 2409 τάλας,
2669 2345 2765 2398 καὶ
2809 2346 2837 2397 ό
2886 2345 3078 2413 Πατήρ
3127 2360 3261 2411 μου,
3305 2344 3441 2397 ἀλλά
3496 2346 3591 2399 καὶ
3636 2346 3686 2397 οἰ
3727 2344 3985 2399 δεσπόται

2408 2438 2565 2509 ἡμῶν
2584 2476 2601 2500 ,
2645 2440 2673 2490 ὁ
2707 2426 3050 2506 Πρόδρομος,
3083 2435 3177 2487 καὶ
3205 2437 3234 2488 ὁ
3261 2434 3521 2505 Θεολόγος
3547 2476 3564 2500 ,
3606 2435 3986 2503 ἑγκελεύονταί

2410 2545 2515 2596 σοι,
2563 2527 2792 2598 τάχιστα
2824 2524 3179 2593 ἀποκινῆσαι,
3216 2526 3347 2597 πρὶν
3384 2526 3797 2597 ἀπροσδοκήτου
3821 2526 3986 2580 θανά-

2406 2639 2502 2675 του
2525 2619 2811 2690 καταλάσῃ
2841 2620 2903 2673 τὸ
2926 2618 3101 2682 τέλος.
3134 2620 3198 2673 Εἰ
3223 2619 3281 2673 δέ
3305 2637 3378 2682 τι,
3412 2619 3441 2671 δ
3467 2618 3565 2688 οὐχ
3593 2617 3984 2688 ὑπολαμϐάνω.

2409 2710 2849 2781 σκληρυνόμενος
2868 2707 3211 2779 σκληρυνθῇς
3230 2710 3323 2760 καὶ
3344 2706 3694 2769 assuetam;
3714 2722 3728 2735 ·
3748 2706 3983 2775 γίνωσκε

2408 2800 2773 2871 ἀκοινώνητόν
2807 2817 2867 2853 σε
2899 2798 3057 2864 εἶναι,
3087 2800 3181 2852 καὶ
3204 2800 3267 2851 ὲκ
3297 2800 3515 2852 πάντων
3533 2798 3643 2851 τῶν
3670 2798 3865 2866 ἀγίων,
3892 2800 3985 2852 καὶ

2409 2892 2469 2958 ἐξ
2497 2892 2658 2964 ήμῶν
2682 2891 2793 2944 τῶν
2832 2889 3193 2961 ἁμαρτωλῶν,
3220 2889 3323 2951 ἕως
3348 2889 3415 2943 ἂν
3445 2890 3566 2959 ὄψει
3590 2889 3652 2942 τὸ
3690 2889 3985 2960 πρόσωπον

2410 2986 2589 3055 ἡμῶν.
2618 2985 2680 3036 Εἰ
2710 2983 2766 3035 δὲ
2802 2982 3189 3050 ἀποκινήσεις,
3224 2978 3408 3041 καθὼς
3442 2980 3852 3050 ὲνετειλάμεθα,
3882 2982 3981 3050 ήδη

2410 3078 2702 3147 ἐρχόμενος
2728 3072 3018 3143 λελυμένος
3046 3066 3115 3136 εἰ,
3148 3071 3243 3125 καὶ
3280 3072 3389 3125 τῶν
3437 3072 3596 3126 θείων
3633 3071 3846 3143 δώρων,
3889 3074 3984 3126 καὶ

2410 3170 2519 3223 τῶν
2549 3166 2723 3220 ἀλλων
2754 3164 3080 3235 βρωμάτων.

2823 3278 2881 3332 ιο.
2910 3306 2981 3317 -
3007 3277 3285 3342 Νικολάῳ
3309 3275 3567 3347 μαθητῇ.
3824 3277 3978 3357 [κάκ]

1575 3403 1818 3453 Electoln
1846 3401 2166 3465 praepositum
2204 3400 2352 3451 tradit
2392 3400 2635 3460 praecepta
2677 3395 2790 3442 vita
2832 3394 3137 3442 monasticae.

791 3506 1245 3577 Quandoquidem
1290 3506 1384 3563 Dei
1423 3516 1580 3587 nutu,
1616 3506 1917 3577 spiritualis
1950 3505 2019 3559 fili
2062 3504 2300 3569 Nicolac,

722 3600 788 3654 ad
820 3599 1161 3670 praefecturae
1191 3600 1404 3670 apicem
1450 3584 1675 3654 evectus
1725 3613 1803 3661 es,
1849 3598 2144 3653 observare
2184 3612 2302 3649 om-

723 3690 858 3743 nino
895 3689 1087 3753 debes,
1123 3704 1243 3758 quae
1271 3689 1325 3742 in
1359 3688 1462 3743 hoc
1491 3686 1675 3741 libello
1704 3695 1971 3756 praecepta
2006 3694 2154 3738 sunt.
2188 3683 2303 3736 Non

722 3782 886 3851 igitur
918 3779 1191 3834 ullatenus
1242 3779 1578 3844 immutabis,
1612 3793 1774 3848 quam
1808 3794 1835 3831 a
1873 3775 2142 3845 spiritu-ali
2185 3790 2303 3828 mo-

720 3871 963 3926 nasterio
987 3881 1078 3925 tuo
1095 3870 1354 3940 accepisti
1373 3869 1600 3923 formam
1619 3878 1673 3923 et
1696 3868 1961 3938 regulam,
1982 3867 2187 3935 absque
2208 3882 2303 3919 ne-

722 3962 1000 4017 cessitate.
1031 3960 1149 4016 Non
1186 3956 1495 4031 possidebis
1530 3974 1596 4014 ex
1630 3958 1733 4013 hoc
1757 3957 1960 4011 mundo
1984 3958 2299 4024 quidquam,

724 4069 827 4107 nec
862 4054 961 4107 tibi
1000 4054 1283 4124 proprium
1328 4068 1561 4123 repones
1602 4051 1685 4105 vel
1728 4051 1948 4104 unicum
1994 4060 2297 4121 argentum.

722 4144 843 4199 Non
880 4145 1089 4200 divides
1124 4145 1366 4199 animum
1398 4154 1453 4199 et
1489 4159 1582 4197 cor
1612 4152 1764 4196 tuum
1796 4141 1993 4197 affectu
2026 4142 2299 4211 curisque,

724 4247 949 4309 propter
982 4253 1075 4293 eos
1101 4238 1194 4309 qui
1222 4236 1317 4291 tibi
1356 4253 1385 4291 a
1429 4236 1540 4290 Deo
1571 4234 1853 4291 commissi
1892 4243 2045 4299 sunt,
2094 4234 2303 4303 tibique

725 4331 778 4384 in
810 4330 1004 4400 spiritu
1035 4330 1129 4383 filii
1159 4345 1223 4384 ac
1255 4328 1454 4383 fratres
1477 4328 1601 4383 facti
1632 4336 1787 4394 sunt;
1818 4343 1926 4382 non
1955 4341 2081 4397 erga
2112 4341 2304 4405 neces-

632 4453 645 4465 ι
724 4423 900 4477 sarios
941 4423 1071 4477 olim
1120 4422 1423 4477 secundum
1471 4436 1715 4499 carnem,
1763 4428 1858 4473 aut
1896 4428 2176 4490 cognatos,
2212 4427 2306 4472 aut

725 4514 954 4581 amicos,
989 4524 1084 4570 aut
1126 4515 1361 4571 sodales.
1396 4512 1515 4569 Non
1560 4498 1812 4585 érOgabis
1858 4528 1947 4569 res
1991 4513 2303 4567 monasterii

728 4610 829 4672 tui,
864 4623 1043 4677 neque
1081 4608 1133 4661 in
1168 4606 1302 4672 vita,
1354 4622 1534 4677 neque
1572 4617 1697 4676 post
1726 4616 1979 4669 mortem,
2016 4606 2131 4660 sive
2159 4606 2305 4658 elee-

726 4714 965 4769 mosynae
991 4696 1174 4762 titulo,
1204 4697 1318 4752 sive
1349 4696 1534 4769 legati,
1560 4697 1611 4749 in
1637 4705 1759 4750 tuos
1786 4696 1914 4750 olim
1942 4694 2301 4759 necessarios,

2490 3496 2712 3567 Ἐπειδὴ
2738 3495 2960 3565 εὐδοκία
2988 3492 3125 3547 Θεοῦ
3151 3490 3579 3563 προεδιϐἀσοης,
3603 3490 3797 3545 τέκνον
3818 3509 3980 3545 mw-

2410 3590 2637 3661 ματικδν
2671 3587 2928 3649 Νικόλαε,
2961 3588 3043 3648 εἰς
3087 3584 3149 3637 τὸ
3183 3585 3281 3654 τῆς
3325 3584 3689 3654 ἡγουμενείας
3730 3584 3975 3655 ἀξίωμα,

2404 3682 2521 3735 δέον
2550 3676 2937 3751 παραφυλάξαι
2971 3692 3028 3728 σε
3075 3676 3253 3729 πάντα
3294 3676 3364 3728 τά
3396 3674 3760 3742 ἐντεταλμένα
3799 3692 3884 3729 σοι
3924 3678 3981 3728 ἐν

2403 3772 2481 3843 τῷ
2528 3771 2753 3842 παρόντι
2792 3766 3149 3838 γραμματίῳ.
3189 3768 3262 3820 Ui:
3310 3766 3616 3830 διαλλάξεις
3658 3766 3755 3819 οὖν
3811 3767 3979 3836 ὅνπερ

2406 3864 2709 3937 παρέλαϐες
2740 3862 2799 3914 τύ
2813 3879 2907 3914 πον
2938 3860 3032 3913 καὶ
3064 3859 3265 3912 κανόνα
3296 3857 3449 3927 παρά
3471 3858 3573 3925 τῆς
3599 3858 3981 3926 πνευματικῆς

2406 3976 2500 4012 σου
2530 3957 2695 4028 μονῆς
2731 3958 2788 4007 ὲν
2818 3953 3025 4009 ἅπασιν
3050 3953 3178 4006 ἀνευ
3206 3950 3471 4019 ἀνάγκης.
3500 3948 3575 4001 UO
3606 3950 3780 4019 κτήσῃ
3808 3965 3864 4000 τι
3888 3948 3979 4001 τοῦ

2403 4026 2614 4120 κόσμου
2642 4026 2832 4107 τούτου
2854 4087 2870 4111 ,
2901 4045 3021 4098 οὐδὲ
3052 4026 3862 4113 ἀποθησαυρίσειςῐηὶδιορίστως
3902 4042 3981 4102 εἱς

2403 4141 2596 4195 ἑαυτὸν
2629 4137 2923 4210 μέχριηκαὶ
2949 4135 3068 4199 ἑνὸς
3101 4134 3389 4205 ἀργυρίου.
3412 4134 3487 4186 Οὐ
3518 4132 3861 4203 διαμερίσεις
3881 4135 3979 4201 τὴν

2401 4233 2579 4305 ψυχὴν
2605 4233 2701 4287 καὶ
2728 4231 2829 4302 τὴν
2870 4227 3098 4301 καρδίαν
3138 4244 3231 4281 σου
3272 4229 3329 4279 ὲν
3358 4226 3541 4295 σχέσει
3576 4226 3668 4278 καὶ
3709 4224 3975 4294 φροντίδι,

2406 4326 2558 4398 παρά
2586 4326 2712 4389 τοὺς
2738 4321 3213 4391 πεπιστευμένους
3250 4335 3331 4371 σοι
3376 4318 3481 4370 ὑπὸ
3510 4315 3647 4370 Θεοῦ
3667 4357 3682 4382 ,
3727 4318 3821 4369 καὶ⁵
3849 4333 3977 4384 γενι-

2404 4418 2679 4489 νωμένους
2706 4432 2789 4469 σοι
2809 4412 3196 4483 πνευματικῶς
3220 4411 3365 4472 υἱοὺς
3393 4410 3488 4462 καὶ
3520 4407 3811 4475 ἀδελφούς
3854 4408 3979 4460 οὕτε

2406 4511 2485 4572 εἰς
2515 4508 2640 4571 τούς
2668 4524 2798 4560 ποτε
2832 4505 2997 4565 ἰδίους
3027 4503 3170 4555 κατά
3203 4501 3404 4571 σάρκα,
3429 4500 3462 4570 ἢ
3498 4501 3802 4567 συγγενεῖς,
3833 4499 3867 4569 ἦ
3896 4498 3981 4567 φί-

2404 4601 2561 4662 λους,
2590 4600 2622 4668 ἢ
2655 4602 3027 4665 συνεταξρους.
3057 4595 3131 4647 Οὐ
3158 4594 3337 4664 χρήσῃ
3371 4595 3479 4653 τοῖς
3512 4590 3619 4661 τῆς
3646 4590 3857 4653 οἰκείας
3888 4607 3979 4643 σου

2408 4689 2581 4761 μονῆς
2610 4729 2626 4754 ,
2655 4686 2782 4741 οὔτε
2818 4686 2927 4750 ζῶν
2952 4726 2969 4751 ,
3001 4682 3124 4739 οὔτε
3160 4684 3297 4755 μετά
3337 4682 3583 4747 θάνατον,
3625 4682 3990 4751 ὲλεημονητις

728 4800 789 4847 ut
812 4791 1019 4846 dictum
1056 4799 1160 4856 est,
1200 4800 1253 4845 et
1280 4788 1488 4844 amicos
1520 4805 1533 4842 :
1572 4804 1676 4843 nec
1708 4788 1855 4841 enim
1886 4786 1953 4841 de
1984 4786 2187 4840 mundo
2217 4799 2297 4849 es,

2407 4783 2536 4846 κῶς,
2572 4781 2605 4851 ἢ
2638 4777 3049 4850 κληρονομικῶς
3070 4818 3085 4843 ,
3116 4778 3195 4840 εἰς
3219 4774 3346 4838 τούς
3380 4766 3512 4827 ποτε
3542 4774 3985 4845 προειρημένους

726 4894 788 4939 ut
826 4898 915 4937 res
943 4882 1129 4936 mundi
1164 4880 1436 4951 attingas:
1471 4888 1834 4951 praeterquam
1874 4878 1919 4932 si
1951 4877 2042 4947 qui
2071 4876 2211 4931 forte
2238 4890 2302 4929 ex

2407 4871 2573 4935 ἰδίους
2615 4871 2707 4923 καί
2740 4868 2946 4937 φίλους.
3003 4868 3079 4921 Οὐ
3124 4868 3232 4937 γὰρ
3277 4867 3341 4919 ἐκ
3390 4864 3482 4919 τοῦ
3524 4866 3732 4935 κόσμου
3767 4862 3853 4929 εἰ,
3898 4866 3983 4919 ῐνα

726 4975 983 5031 ctenobio
1029 4975 1085 5029 in
1132 4974 1387 5029 ordinem
1436 4982 1688 5027 nostrum
1731 4969 2049 5025 transierint
2087 4986 2100 5022 :
2143 4978 2305 5038 atque

2410 4963 2644 5034 μετέχῃς
2673 4960 2781 5013 τῶν
2813 4962 2878 5013 ὲκ
2916 4959 3008 5013 τοῦ
3038 4960 3272 5029 κόσμου’
3302 4958 3442 5025 πλὴν
3469 4959 3516 5010 εἰ
3558 4958 3633 5027 μή
3670 4973 3772 5009 που
3812 4974 3981 5027 μετα-

728 5066 799 5120 ita
848 5080 1037 5120 curam
1079 5080 1269 5120 eorum
1316 5078 1472 5134 geres
1518 5063 1674 5132 juxta
1724 5070 2036 5115 sanctorum
2083 5059 2304 5113 Patrum

2410 5054 2561 5125 βαῖἑν
2593 5070 2736 5116 τινες
2765 5053 2828 5105 ὲκ
2855 5051 2949 5105 τοῦ
2984 5050 3301 5105 κοινωνικοῦ
3330 5049 3447 5120 βίου
3478 5052 3557 5112 είς
3589 5048 3652 5101 τὸ
3680 5047 3807 5101 καθ’
3835 5050 3983 5118 ἡμᾶς

726 5157 1058 5227 exemplum.
1096 5156 1214 5212 Non
1259 5155 1566 5227 possidebis
1603 5168 1844 5216 servum,
1879 5167 2057 5222 neque
2085 5150 2153 5205 ad
2187 5159 2309 5204 tuos

2407 5146 2625 5215 τάγμα·
2684 5144 2779 5196 καὶ
2830 5142 2972 5196 οὕτω
3034 5141 3339 5212 φροντίσεις
3400 5140 3542 5193 κατά
3595 5141 3827 5211 μίμησιν
3876 5141 3985 5192 τῶν

729 5266 885 5318 usus,
917 5266 1098 5321 neque
1126 5251 1193 5305 ad
1226 5249 1545 5305 monasterii
1574 5246 1662 5301 cui
1707 5245 1984 5315 praesides,
2018 5258 2121 5297 nec
2150 5241 2309 5297 deni-

702 5344 836 5412 ‘que
863 5343 931 5397 ad
970 5343 1083 5413 agri
1131 5342 1233 5407 tui,
1285 5342 1569 5395 hominem
1610 5338 1703 5409 qui
1755 5338 1822 5392 ad
1868 5336 1961 5391 Dei
2017 5334 2306 5405 imaginem

730 5435 911 5489 factus
936 5443 1022 5489 est
1061 5452 1073 5487 :
1110 5434 1215 5489 hoc
1245 5433 1392 5487 enim
1424 5429 1780 5486 saecularibus
1812 5428 1945 5483 solis
1986 5440 2305 5481 concessum

730 5536 831 5581 est.
869 5526 951 5580 Tu
979 5540 1110 5580 vero
1144 5525 1378 5594 teipsum
1410 5523 1675 5576 exhibere
1725 5518 2004 5573 unanimis
2049 5516 2309 5570 fratribus

733 5619 842 5672 tuis
865 5634 1085 5673 servum
1117 5618 1299 5672 animo
1327 5616 1513 5677 debes,
1547 5614 1674 5668 licet
1707 5622 1933 5666 externa
1973 5609 2157 5679 specie
2187 5618 2309 5661 tan-

732 5729 893 5783 quam
930 5714 1184 5767 dominus
1214 5719 1269 5765 et
1297 5710 1551 5781 magister
1580 5705 1849 5762 habearis.
1880 5702 2123 5759 Feminei
2148 5714 2309 5755 sexus

813 5878 857 5912 ”
895 5882 1050 5931 bant.
1085 5889 1120 5936 I,
1146 5849 1205 5925 ’4.

2410 5238 2582 5304 ἀγίων
2625 5237 2905 5305 Πατέρων.
2948 5235 3020 5287 Οὐ
3057 5235 3235 5305 κτήσῃ
3262 5232 3469 5299 δοῦλον,
3511 5231 3637 5285 οὕτε
3667 5233 3747 5295 είς
3776 5231 3984 5284 οἰκείαν

2411 5326 2623 5395 χρείαν,
2677 5323 2801 5376 οὔτε
2850 5326 2930 5387 εἰς
2984 5325 3049 5393 ἢν
3098 5321 3426 5392 ἑπιστεύθης
3480 5321 3670 5391 μονὴν,
3729 5319 3851 5372 οὔτε
3905 5322 3985 5382 είς

2411 5417 2622 5486 ἀγρούς
2657 5434 2773 5482 σου,
2813 5416 2905 5467 τὸν
2936 5416 3057 5468 κατ’
3090 5416 3274 5468 εἰκόνα
3316 5414 3450 5466 Θεοῦ
3480 5413 3741 5481 γεγονότα
3772 5410 3983 5479 ἀνθρω-

2414 5527 2512 5562 πον
2537 5526 2549 5537 ·
2594 5507 2753 5561 τοῦτο
2799 5510 2906 5577 γὰρ
2938 5509 3121 5577 μόνοις
3160 5508 3271 5569 τοῖς
3300 5508 3359 5558 ἐν
3389 5505 3466 5575 τῷ
3499 5505 3598 5575 βίῳ
3634 5500 3987 5573 συγκεχώρη-

2412 5618 2521 5654 ται.
2556 5600 2647 5653 Σοὶ
2674 5600 2731 5653 δὲ
2764 5599 2941 5670 χρεὼν
2986 5598 3176 5651 ἑαυτὸν
3216 5598 3519 5669 παρασχεῖν
3550 5598 3659 5657 τοῖς
3694 5591 3985 5663 όμοψύχοις

2417 5712 2508 5747 σευ
2540 5692 2787 5761 ἀδελφοῖς
2832 5691 3018 5744 δοῦλον
3052 5694 3115 5761 τῇ
3153 5690 3406 5761 προθέσει
3436 5729 3449 5753 ,
3487 5688 3590 5743 κᾶν
3621 5690 3687 5758 τῇ
3731 5686 3835 5752 ἔξω
3864 5690 3984 5738 ἐπι-
