4158 6478
111 435 212 504 941

1379 438 1911 502 EPISTOLARUM
1951 437 2095 497 LlB-
2140 438 2189 498 ῐ.

3312 439 3418 504 942

113 551 322 621 φανείς.
379 551 466 614 ὡς
529 551 802 620 δεσπότης
857 547 1048 618 λογίζῃ
1107 547 1205 602 καὶ
1265 547 1605 612 διδάσκαλος.
1658 548 1732 601 Ού

1851 545 2046 599 animal
2093 544 2160 599 ad
2209 544 2515 599 necessaria
2563 545 2873 600 ministeria
2931 546 3144 602 nullum
3193 547 3421 610 habeas,

111 643 311 713 σχοίης
364 642 525 707 ζῶον
569 644 682 697 τῶν
723 645 788 696 ἐκ
827 641 920 695 τοῦ
967 641 1158 711 θήλεος
1191 640 1382 709 γένους
1417 641 1498 702 είς
1541 639 1731 709 χρείαν

115 735 520 805 ύπουργικὴν,
551 737 582 788 ό
609 735 687 805 τῷ
719 734 873 804 θήλει
910 733 1261 788 παντάπασιν
1294 732 1727 802 ἀποταξάμενος

114 825 246 880 οὔτε
276 828 341 878 ὲν
373 829 450 896 τῇ
491 829 656 897 μονῇ,
695 824 819 878 οὔτε
854 828 910 877 ὲν
941 827 1054 886 τοῖς
1082 825 1270 894 ἀγροῖς
1291 839 1303 852 ·
1339 823 1522 890 καθὼς
1558 822 1733 886 οὐδεὶς

115 916 232 968 τῶν
268 916 454 970 ὁσίων
485 918 585 970 καὶ
605 916 777 985 ἀγίων
812 915 1074 985 Πατέρων
1105 915 1262 985 ήμῶν
1301 913 1732 984 ἑχρήσατο,οὕτε

118 1011 152 1078 ἡ
192 1008 372 1079 φύσις
399 1009 555 1079 αὑτὴ
589 1010 896 1078 ἐπιτρέπει.
951 1009 1065 1062 Οὐκ
1101 1008 1466 1078 ἐποχούμενος
1502 1009 1601 1080 ἔσῃ
1641 1008 1734 1060 ῖπ-

121 1113 251 1160 ποις
291 1097 400 1150 καὶ
429 1099 686 1168 ἡμιόνοις
713 1099 840 1152 ἀνευ
867 1097 1112 1168 ἀνάγκης
1132 1115 1145 1128 ο
1175 1097 1311 1150 ἀλλά
1345 1099 1732 1169 Χριστομιμή-

119 1205 234 1252 τως
264 1189 711 1261 πεζοπορήσεις.
735 1189 798 1242 El
823 1188 868 1242 δ’
899 1187 960 1241 οὗ
981 1205 996 1219 ⁸
1031 1188 1210 1251 πῶλός
1241 1206 1323 1241 σοι
1353 1189 1412 1242 τὸ
1441 1189 1734 1256 ὑποζύγιον

121 1282 306 1336 ἔσται.
351 1281 786 1353 Παραφυλάξεις
830 1281 1047 1344 πάντως
1075 1281 1137 1335 τὸ
1161 1281 1231 1335 τὰ
1257 1282 1434 1335 πάντα
1461 1283 1530 1336 τά
1570 1284 1629 1335 ἐν
1666 1284 1732 1353 τῇ

120 1371 487 1443 ἀδελφότητι
529 1371 687 1426 κοινά
735 1370 875 1425 εἶναι
912 1373 1006 1427 καὶ
1059 1373 1369 1443 ἀμέριστα”
1425 1376 1518 1427 καὶ
1570 1375 1735 1444 μηδὲν

120 1460 273 1512 κατὰ
307 1459 495 1529 μέρος
523 1459 618 1513 τοῦ
649 1460 988 1514 καθέκαστον
1019 1460 1098 1522 είς
1130 1460 1538 1531 ὲξαυθέντησιν,
1573 1462 1735 1532 μέχρι

123 1550 226 1603 καὶ
258 1551 534 1630 ῥαφίδος.
564 1551 666 1604 Σοῦ
693 1552 749 1604 δὲ
778 1552 872 1605 καὶ
899 1553 959 1605 τὸ
989 1552 1149 1622 σῶμα
1172 1553 1266 1605 καὶ
1298 1555 1331 1622 ὴ
1363 1553 1510 1624 ψυχὴ
1529 1593 1542 1616 ,
1577 1555 1650 1624 μή
1684 1553 1736 1606 τί

124 1658 192 1709 γι
230 1641 399 1707 ἀλλο,
425 1627 673 1696 ἐστώσαν
697 1635 1168 1714 διαμεμερισμένα
1197 1645 1256 1697 ὲν
1288 1644 1494 1714 ίσότητι
1516 1644 1737 1711 ἀγάπης

129 1735 274 1786 πᾶσι
308 1736 439 1797 τοῖς
483 1737 880 1805 πνευματικοῖς
925 1751 1017 1788 σου
1062 1735 1274 1798 τέκνοις
1319 1737 1415 1790 καὶ
1461 1736 1734 1806 ἀδελφοῖς.

131 1826 256 1878 Ούκ
290 1825 652 1892 ὲξουσιάσεις
679 1827 774 1879 ἐπὶ
803 1829 915 1890 τοῖς
942 1827 1093 1881 δυσὶν
1124 1827 1374 1896 ἀδελφοῖς
1401 1845 1494 1882 σου
1525 1829 1618 1881 καὶ
1650 1829 1738 1881 τὲ-

134 1935 300 1980 κνοις
340 1935 456 1987 μου
523 1917 646 1971 οὔτε
677 1917 812 1989 πρὸς
842 1919 1036 1988 ἀρχὴν,
1077 1918 1200 1972 οὔτε
1229 1919 1366 1990 πρὸς
1409 1921 1742 1990 χειροτονίαν
1777 1907 1815 1960 Β

136 2010 364 2080 πρᾶξαί
401 2027 462 2062 τι
495 2010 665 2080 παρὲξ
710 2013 804 2080 τῆς
853 2012 1127 2080 πατρικῆς
1160 2027 1253 2063 σου
1286 2011 1606 2075 ἑντάλσεως.
1665 2011 1739 2064 Ού

141 2103 346 2171 σχοίης
389 2103 536 2172 μετά
563 2102 844 2172 κοσμικῶν
875 2103 1294 2172 ἀδελφοποιίας,
1335 2104 1368 2174 ἢ
1409 2104 1741 2169 συντεκνίας,

136 2196 167 2248 ὁ
199 2196 399 2264 φυγὰς
433 2195 529 2249 τοῦ
562 2196 770 2266 κόσμου
798 2197 891 2248 καὶ
917 2195 1010 2248 τοῦ
1039 2197 1241 2266 γάμου.
1275 2197 1349 2250 Ού
1380 2197 1488 2266 γὰρ
1514 2197 1742 2268 ε’ύρηται

141 2289 203 2340 ἐν
238 2293 364 2352 τοῖς
397 2289 697 2360 Πατράσιν’
737 2291 786 2341 εί
815 2289 870 2342 δὲ
909 2290 1002 2342 καὶ
1031 2289 1280 2361 εὓρηται,
1311 2289 1621 2353 σπανιάκις,
1647 2289 1742 2342 καὶ

141 2380 318 2433 τοῦτο
381 2381 448 2434 ού
493 2381 678 2450 νόμος.
727 2379 803 2433 Ού
860 2382 1213 2452 συνεστιαθῇς
1259 2381 1397 2456 μετὰ
1442 2379 1740 2448 γυναικῶν,

149 2468 300 2539 πλὴν
337 2471 446 2539 τῆς
480 2471 621 2524 κατά
672 2469 850 2540 σάρκα
901 2470 1138 2541 μητρὸς,
1182 2470 1276 2522 καὶ
1323 2469 1594 2538 ἀδελφῆς,
1643 2468 1743 2520 ούκ

149 2556 272 2612 οἶδα
300 2562 354 2613 εί
392 2571 466 2632 μή
507 2578 593 2624 τις
621 2561 709 2630 βία
736 2562 828 2615 καὶ
853 2562 1088 2630 ἀνάγκη,
1131 2560 1312 2624 καθὼς
1340 2561 1742 2632 παρακελεύον-

149 2665 248 2703 ται
279 2652 330 2704 oi
361 2651 512 2720 ᾰγιοι
539 2653 800 2722 Πατέρες.
847 2655 918 2707 Ού
951 2655 1137 2725 σχοίης
1160 2655 1220 2707 τὸ
1251 2655 1615 2727 πολυπρόοδον
1649 2656 1746 2709 καὶ

157 2744 610 2814 πολυγύρευτον,
657 2746 786 2799 ἀνευ
837 2747 1083 2817 ἀνάγκης
1134 2748 1632 2819 ἑγκαταλιμπάνων
1684 2749 1746 2802 τὸ

155 2837 367 2890 οἰκεῖον
403 2837 650 2907 ποίμνιον
673 2855 687 2869 ·
723 2839 858 2891 ὅπου
890 2856 954 2907 γε
986 2841 1082 2892 καὶ
1114 2840 1489 2912 ὲγκαθημένου
1529 2859 1620 2895 σου
1648 2843 1745 2912 μό-

156 2927 244 2992 λις
282 2930 644 2994 διασώζοιντο
689 2929 754 2983 τὰ
787 2931 1252 3002 πολυτροπώτατα
1320 2934 1415 2986 καὶ
1466 2933 1745 2999 πολυδιεξ-

160 3021 365 3076 ὁδευτα
413 3023 607 3091 λογικά
653 3022 920 3093 πρόϐατα.
959 3025 1371 3094 Παραφυλάξεις
1423 3026 1636 3089 πάντως
1687 3026 1749 3078 τὸ

162 3113 448 3166 ποιεῖσθαι
482 3115 736 3184 τρισάκις
764 3115 865 3185 τῆν
895 3118 1202 3185 κατήχησιν
1235 3120 1300 3186 τῇ
1346 3117 1622 3188 ἐσδομάδι,
1654 3117 1747 3170 καὶ

1837 639 1930 709 qui
1962 637 2183 694 feminis
2207 637 2432 692 omnino
2455 637 2800 700 renuntiasti,
2835 653 2940 692 nec
2980 639 3034 692 in
3063 640 3417 704 monasterio,

1838 746 1944 786 nec
1974 731 2030 784 in
2067 730 2214 800 agris
2257 746 2269 781 :
2303 728 2487 782 nullus
2519 727 2789 796 siquidem
2833 739 3150 784 sanctorum
3195 729 3418 784 Patrum

1843 835 1972 874 usus
2016 828 2122 882 est,
2156 827 2212 873 et
2242 826 2436 872 natura
2466 816 2581 886 ipsa
2612 833 2718 870 non
2760 817 3049 887 permittit.
3091 817 3211 872 Non
3245 820 3419 872 vehe-

1844 911 1920 964 ris
1951 910 2110 978 equis
2137 916 2234 963 aut
2263 909 2425 964 mulis
2456 908 2662 977 absque
2692 909 3018 962 necessitate
3045 925 3058 972 ;
3090 909 3186 964 sed
3217 909 3420 964 Christi

1843 1002 2096 1069 exemplo
2151 1001 2384 1071 pedibus
2437 1001 2538 1056 iter
2591 1000 2806 1054 facies:
2843 1003 2927 1055 sin
2981 1001 3188 1062 minus.
3237 1002 3421 1070 pullus

1842 1093 1983 1147 asini
2017 1093 2126 1146 erit
2166 1095 2474 1162 jumentum
2507 1102 2681 1146 tuum.
2715 1092 2945 1147 Curabis
2976 1093 3202 1146 omnino
3235 1101 3297 1146 ut
3333 1091 3420 1145 in-

1848 1197 1929 1241 ter
1986 1187 2182 1244 fratres
2243 1188 2557 1244 communia
2618 1198 2672 1242 et
2735 1187 2965 1242 indivisa
3030 1187 3140 1242 sint
3196 1187 3419 1253 omnia,

1843 1297 1913 1352 et,
1951 1283 2084 1338 nihil
2149 1281 2469 1351 cujusquam
2523 1280 2804 1350 praprium
2857 1279 2979 1350 jure
3029 1278 3297 1343 dominii,
3351 1293 3424 1334 ne

1843 1366 2246 1444 acus'quidem.
2283 1373 2405 1428 Tibi
2447 1389 2576 1427 vero
2605 1383 2659 1426 et
2681 1388 2880 1442 corpus
2910 1381 2964 1426 et
2993 1373 3194 1434 anima,
3227 1387 3295 1426 ne
3335 1372 3424 1426 di-

1844 1483 1965 1521 cam
1999 1475 2218 1530 caatera,
2252 1480 2404 1533 aequa
2444 1463 2598 1517 lance
2635 1463 2922 1516 charitatis
2955 1463 3008 1515 in
3039 1478 3232 1516 omnes
3258 1463 3423 1530 spiriv

1847 1557 2019 1612 tuales
2060 1557 2200 1610 filios
2231 1565 2356 1610 tuos
2389 1571 2452 1610 ac
2487 1553 2685 1608 fratres
2734 1554 3062 1608 dividantur.
3101 1553 3218 1606 Non
3256 1553 3426 1608 uteris

1845 1655 2118 1717 potestate
2148 1661 2273 1717 erga
2327 1645 2464 1700 duos
2517 1644 2716 1699 fratres
2770 1655 2912 1709 tuos,
2962 1653 3016 1698 et
3063 1643 3203 1698 filios
3250 1659 3422 1708 meos,

1847 1748 1907 1794 ut
1953 1737 2038 1792 vel
2078 1738 2144 1792 ad
2181 1736 2584 1807 prmfecturam,
2637 1736 2721 1790 vel
2768 1737 2834 1790 ad
2867 1736 3264 1790 ordinationem
3305 1736 3427 1792 sine

1850 1829 2024 1884 Patris
2069 1830 2226 1898 jussu
2281 1827 2579 1898 quidquam
2625 1843 2766 1898 agas.
2826 1827 2904 1882 Ne
2953 1827 3244 1882 contrahas
3300 1843 3434 1883 cum

1847 1921 2202 1976 saecularibus
2307 1918 2723 1984 fraternitates,
2815 1919 2901 1972 vel
2988 1919 3425 1989 confiliationes;

1848 2014 2053 2084 quippe
2088 2012 2181 2082 qui
2229 2011 2488 2066 saeculum
2540 2021 2596 2065 et
2643 2011 2864 2078 nuptias
2902 2011 3194 2080 reliquisti.
3241 2010 3428 2080 Neque

1845 2105 1994 2159 enim
2025 2111 2206 2158 exstat
2251 2103 2563 2173 exemplum
2600 2104 2656 2156 in
2686 2101 2976 2165 Patribus;
3027 2112 3082 2156 et
3133 2103 3175 2156 si
3227 2111 3424 2163 exstat.

1849 2210 2132 2266 perrarum
2171 2203 2276 2258 est,
2309 2209 2408 2248 nee
2450 2194 2586 2264 legis
2618 2194 2726 2247 vim
2768 2193 2952 2247 habet.
2987 2193 3103 2248 Non
3135 2194 3429 2262 epulabere

1846 2302 1971 2341 cum
2005 2285 2246 2348 feminis,
2275 2293 2498 2353 excepta
2535 2294 2707 2337 matre
2735 2293 2825 2338 tua
2852 2284 3151 2338 secundum
3183 2299 3425 2349 carnem.

1846 2389 1900 2434 et
1933 2393 2142 2444 sorore,
2174 2377 2278 2432 nisi
2309 2377 2390 2431 vis
2419 2376 2596 2445 aliqua
2635 2384 2690 2430 et
2721 2378 3019 2432 necessitas
3049 2386 3253 2446 urgeat.
3287 2378 3431 2432 sicut

1847 2468 2146 2523 admonent
2180 2468 2351 2522 sancti
2388 2467 2597 2522 Patres.
2642 2466 2719 2520 Ne
2764 2467 3025 2536 frequens
3058 2469 3133 2524 sis
3161 2469 3213 2522 in
3247 2484 3432 2540 egres-

1847 2560 2000 2615 sibus
2023 2569 2078 2613 et
2111 2558 2754 2623 circumcursationibus,
2787 2560 3067 2628 proprium
3103 2560 3246 2614 ovile
3273 2561 3432 2615 dese-

1851 2667 1976 2707 rens
2025 2652 2145 2708 sine
2193 2651 2547 2712 necessitate,
2600 2667 2721 2705 cum
2767 2651 2984 2706 difficile
3032 2653 3122 2714 sit,
3176 2653 3338 2706 etiam
3384 2653 3430 2708 si

1857 2743 2116 2798 assiduus
2153 2742 2401 2806 incubes,
2437 2741 2729 2795 variabiles
2756 2751 2810 2795 et
2845 2741 3108 2796 erraticas
3138 2743 3432 2798 rationales

1854 2852 1986 2891 oves
2018 2850 2262 2890 servare.
2304 2834 2444 2889 Cura
2477 2850 2704 2904 prorsus
2743 2846 2803 2888 ut
2831 2835 3160 2888 catechesim
3191 2835 3432 2903 qualihet

1852 2927 2193 2982 hebdomade
2243 2937 2327 2981 tcr
2375 2926 2561 2992 facias,
2603 2927 2670 2980 ad
2702 2941 3035 2995 vesperum;
3089 2927 3348 2995 quoniam
3398 2940 3429 2980 a

1851 3019 2104 3074 Patribus
2150 3018 2201 3072 id
2253 3019 2532 3080 traditum,
2572 3028 2627 3071 et
2669 3017 2906 3072 salutare
2950 3027 3053 3071 est.
3103 3016 3178 3070 Ne
3216 3017 3424 3072 dederis

1853 3127 2080 3182 parvum
2113 3126 2277 3180 quem
2306 3119 2499 3164 vocant
2540 3110 2809 3172 habitum,
2844 3123 2926 3172 ac,
2959 3108 3126 3162 veluti
3157 3118 3277 3178 post
3303 3125 3431 3176 spa-

165 3202 293 3255 καθ’
345 3204 612 3274 ἑσπέραν·
671 3204 859 3275 ἐπειδὴ
904 3207 1382 3276 πατροπαράδοτον
1430 3208 1608 3272 τοῦτο,
1653 3210 1746 3262 καὶ

1854 3202 1989 3255 tium
2018 3192 2300 3269 temporis,
2333 3200 2565 3254 alterum
2595 3199 2742 3253 velut
2784 3213 3038 3267 magnum
3071 3215 3085 3251 :
3118 3214 3257 3252 unus
3282 3197 3428 3252 enim

168 3298 467 3367 σωτήριον.
514 3299 589 3351 Ού
640 3300 788 3369 δοίης
831 3301 970 3372 ὅπερ
1020 3302 1241 3370 λέγουσι
1289 3301 1481 3371 μικρὸν
1534 3300 1742 3370 σχῆμα,

167 3383 370 3441 ιπειτα
417 3389 554 3458 μετά
589 3392 816 3460 χρόνους
859 3393 1043 3464 ἕτερον
1087 3392 1161 3454 ὡς
1209 3394 1369 3461 μέγα.
1416 3392 1512 3444 Ἓν
1545 3393 1651 3462 γὰρ
1687 3391 1748 3444 τὺ

170 3482 389 3552 σχῆμα.
418 3482 605 3555 ὥσπερ
631 3487 723 3538 καὶ
758 3488 819 3538 τὸ
850 3487 1152 3558 βάπτισμα.
1174 3488 1356 3552 καθὼς
1387 3489 1435 3541 οί
1465 3488 1610 3557 ἅγιοι
1638 3489 1769 3541 ﬂat--

168 3573 332 3641 τέρες
367 3577 688 3646 ἐχρήσαντο.
739 3579 814 3631 Ού
845 3579 1100 3650 παραὸῇς
1134 3581 1260 3643 τοὺς
1286 3582 1484 3649 νόμους
1515 3583 1609 3633 καὶ
1647 3599 1747 3634 κα·-

173 3663 334 3729 νόνας
355 3668 466 3719 τῶν
495 3668 770 3740 Πατέρων,
786 3670 892 3740 πρό
923 3689 982 3738 γε
1007 3673 1224 3725 πάντων
1251 3673 1344 3726 τοῦ
1367 3674 1520 3741 ἁγίου
1536 3673 1750 3744 Πατρὸς

174 3757 337 3825 ήμῶν
370 3760 654 3815 Βασιλείου
677 3775 692 3792 '
729 3763 864 3815 ἀλλά
899 3766 1006 3816 πᾶν
1030 3765 1058 3817 ὃ
1082 3783 1132 3818 τι
1169 3767 1342 3828 ποιεῖς
1371 3766 1403 3836 ἢ
1441 3768 1642 3833 λέγεις,
1673 3766 1749 3827 ώς

181 3855 493 3926 μαρτυρίαν
537 3855 675 3924 ἔχων
701 3858 765 3908 ὲκ
794 3856 900 3907 τῶν
929 3858 1162 3926 Γραφῶν
1209 3858 1469 3927 πράξεις,
1500 3859 1532 3928 ἢ
1571 3858 1644 3920 ὡς
1685 3860 1749 3911 ὲκ

179 3945 455 4016 πατρικῆς
488 3962 580 3997 σου
609 3945 900 4015 συνηθείας
926 3986 940 4007 .
970 3947 1100 4000 ἀνευ
1135 3949 1500 4017 παραϐάσεως
1530 3947 1750 4016 ἐντολῆς

178 4034 335 4090 Θεοῦ.
367 4037 441 4091 Ού
468 4037 812 4107 καταλείψεις
833 4042 893 4092 τὸ
926 4039 1177 4110 ποίμνιόν
1199 4057 1314 4104 σου,
1344 4043 1436 4095 καὶ
1455 4043 1534 4102 είς
1561 4042 1749 4112 ἕτερον

183 4129 491 4201 μεταϐήσῃ,
522 4129 713 4201 ἢπρδς
748 4131 972 4201 μείζονα
991 4132 1146 4198 ἀξίαν
1175 4133 1748 4204 ἑπαναδράμοις,ἀνευ

183 4219 460 4291 πατρικῆς
505 4239 600 4274 σου
645 4222 1011 4290 διαγνώσεως.
1047 4224 1121 4276 Οὐ
1158 4224 1427 4290 φιλιάσεις
1476 4225 1614 4292 μετὰ
1649 4243 1748 4278 κα-

182 4309 422 4378 ωνικῆς,
450 4310 570 4364 οὐδὲ
603 4311 924 4384 παραϐάλῃς
958 4314 1014 4364 ὲν
1036 4314 1331 4383 γυναικείῳ
1355 4315 1612 4383 σεμνείῳ,
1632 4314 1749 4366 οὐδὲ

187 4402 495 4472 καταμόνας
527 4403 806 4474 ὁμιλήσεις
840 4406 1179 4477 μοναζούσῃ,
1209 4407 1241 4477 ἢ
1281 4409 1542 4476 κοσμικῇ.
1584 4409 1632 4460 εί
1674 4409 1747 4478 μή

186 4511 288 4547 που
321 4496 536 4565 ἀνάγκη
561 4497 710 4549 ἕλκοι
731 4514 743 4527 ·
779 4500 872 4551 καὶ
895 4499 1015 4551 τότε
1050 4499 1141 4552 δύο
1172 4501 1450 4570 παρόντων
1478 4501 1535 4566 ἐξ
1566 4501 1752 4554 ἑκατέ-

191 4603 283 4651 ρου
316 4587 516 4658 μέρους
548 4587 876 4657 προσώπων.
909 4591 981 4643 Τὸ
1009 4591 1117 4660 γὰρ
1149 4591 1226 4654 ἓν,
1257 4591 1329 4653 ὥς
1355 4609 1535 4662 φησιν,
1596 4594 1756 4645 εύεπ-

189 4679 480 4746 ηρὲαστον.
527 4679 640 4731 Ούκ
665 4680 895 4743 ἀνοίξεις
922 4680 1020 4751 τὴν
1067 4681 1236 4751 Θύραν
1263 4685 1360 4752 τῆς
1398 4683 1632 4754 ποίμνης
1663 4684 1754 4736 ἐπὶ

191 4768 379 4837 εἰσόδῳ
409 4769 671 4833 παντοίας
707 4771 966 4838 γυναικὸς
989 4811 1002 4834 ,
1031 4772 1160 4825 ἀνευ
1195 4774 1436 4845 μεγάλης
1471 4776 1717 4845 ἀνάγκης
1738 4792 1751 4806 ·

190 4861 234 4911 εί
281 4860 340 4912 δὲ
382 4860 606 4924 δυνατὸς
645 4859 695 4914 εἴ
731 4863 1069 4933 ἀσυμφανῶς
1110 4864 1382 4934 δέχεσθαι,
1433 4868 1553 4920 οὐδὲ
1602 4868 1756 4921 τοῦτο

190 4949 514 5020 ἀπόϐλητον.
543 4953 618 5004 υύ
657 4954 905 5022 ποιήσεις
943 4953 1154 5024 σεαυτῷ
1184 4956 1548 5022 καταγώγιον,
1579 4958 1610 5026 ἦ
1642 4961 1756 5020 τοῖς

190 5044 576 5110 πνευματικοῖς
610 5059 701 5095 σου
731 5045 941 5108 τέκνοις
971 5042 1120 5099 οἷκον
1161 5047 1444 5116 κοσμικδν,
1482 5050 1538 5100 ἐν
1566 5043 1609 5116 ᾧ
1649 5052 1755 5101 εἰσι

189 5137 466 5198 γυναῖκες,
515 5135 606 5187 ἐπὶ
652 5134 830 5206 συχνῷ
865 5138 1255 5208 παραϐάλλωνο
1301 5140 1415 5192 ἀλλ’
1447 5141 1638 5212 ἐκλέξη
1678 5146 1755 5205 είς

191 5223 402 5293 ἀνδρῶν
426 5225 666 5279 εύλαὸὦν
683 5229 782 5290 τὰς
808 5230 1104 5300 παροδικάς
1126 5234 1216 5283 καὶ
1239 5233 1543 5300 ἀναγκαίας
1569 5235 1754 5304 χρείας

193 5317 480 5370 ποιεῖσθαι.
534 5319 606 5371 Ού
657 5321 832 5391 κτήσῃ
878 5321 1121 5392 μαθητὴν
1171 5326 1250 5386 εἱς
1291 5327 1348 5376 τὸ
1399 5326 1605 5378 κελλίον
1661 5343 1753 5379 σου

195 5409 478 5478 μειράκιον
532 5410 892 5476 προσπαοὼς·
965 5413 1081 5465 ἀλλ’
1130 5415 1192 5466 ἐκ
1238 5415 1531 5483 προσώπου
1585 5418 1756 5469 ἀνυπ-

191 5499 376 5563 όπτου,
403 5503 494 5554 καὶ
523 5503 586 5555 ὲκ
613 5502 884 5570 διαφόρων
914 5505 1288 5575 ἀδελφῶν,τῆν
1319 5508 1621 5576 ὑπουργίαν
1663 5525 1754 5559 σου

195 5594 460 5660 ποιήσεις.
505 5593 579 5644 Ού
633 5596 806 5664 κτήσῃ
861 5597 1153 5666 ἱματισμὸν
1215 5599 1608 5666 ἐξηλλαγμέ-.ον
1664 5600 1755 5650 καὶ

193 5683 508 5752 πολύτιμον,
534 5684 662 5737 ἀνευ
688 5685 782 5736 τοῦ
811 5687 1107 5756 ἱερατεύειν
1137 5705 1195 5739 σε
1220 5705 1233 5718 ·
1264 5689 1534 5750 ἀλλά¹τοῖς
1568 5708 1752 5742 ταπει-

194 5777 298 5836 νοῖς
344 5778 776 5845 πατρομιμήτως
825 5778 920 5829 καὶ
965 5779 1155 5848 ἐνδύσῃ
1201 5781 1291 5831 καὶ
1343 5781 1602 5848 ὑποδύσῃ.
1644 5783 1755 5832 Οὐκ

193 5866 284 5930 ἒση
321 5865 676 5934 ἁϐροδίαιτος,
712 5865 832 5917 οὔτε
865 5868 921 5917 ἐν
948 5871 1122 5935 οἰκεία
1157 5885 1250 5920 σου
1282 5869 1513 5931 δαπάνη,
1541 5871 1662 5920 οὔτε
1697 5873 1753 5919 ὲν

1855 3303 1937 3346 est
1973 3293 2212 3355 habitus,
2265 3292 2408 3345 sicut
2444 3300 2497 3344 et
2538 3291 2828 3359 baptisma,
2875 3289 3330 3359 quemadmodum
3373 3289 3428 3343 in

1855 3401 2006 3439 more
2059 3383 2163 3438 fuit
2212 3393 2523 3437 sanctorum
2577 3383 2818 3436 Patrum.
2871 3381 2949 3436 Ne
3015 3381 3431 3450 transgrediaris

1855 3474 2000 3545 leges
2044 3482 2099 3527 et
2146 3474 2362 3544 regulas
2410 3472 2654 3538 Patrum,
2709 3471 2982 3542 praecipue
3031 3473 3200 3526 sancti
3255 3471 3431 3529 Patris

1855 3565 2029 3620 nostri
2058 3564 2236 3617 Basilii
2276 3581 2287 3616 :
2324 3564 2418 3618 sed
2445 3563 2709 3632 quidquid
2748 3579 2874 3633 agas
2903 3562 3135 3623 dicasve,
3171 3570 3427 3632 tanquam

1857 3656 2229 3710 testimonium
2270 3671 2336 3708 ex
2382 3655 2553 3709 sacris
2585 3655 2804 3710 Litteris
2847 3655 3071 3718 habeas,
3111 3664 3204 3708 aut
3233 3671 3299 3709 ex
3331 3671 3431 3725 pa-

1857 3758 2008 3802 terna
2057 3747 2474 3808 consuetudine.
2535 3747 2587 3801 id
2634 3762 2752 3818 age,
2805 3747 2922 3801 sine
2962 3746 3130 3801 divini
3175 3746 3431 3817 pmcepti

1858 3841 2326 3909 prmvaricatione.
2363 3837 2480 3893 Non
2521 3839 2744 3893 deseres
2797 3854 3013 3908 gregem
3045 3848 3221 3902 tuum,
3271 3847 3328 3892 ut
3362 3841 3430 3893 ad

1859 3931 2092 3984 alterum
2127 3939 2395 3993 transeas,
2428 3930 2512 3984 vel
2543 3931 2610 3984 ad
2641 3931 2898 3999 majorem
2940 3929 3259 4000 dignitatem
3299 3945 3433 3984 con-

1857 4024 2089 4079 scendas
2121 4025 2239 4078 sine
2270 4024 2450 4078 Patris
2486 4024 2561 4079 tui
2596 4025 2844 4078 arbitrio.
2877 4024 2996 4077 Non
3026 4025 3177 4078 ineas
3202 4022 3433 4077 familia-

1860 4115 2075 4168 ritatem
2128 4132 2250 4170 cum
2300 4117 2585 4178 canonica,
2623 4131 2802 4184 neque
2845 4115 3109 4169 muliebre
3154 4124 3432 4168 monaste-

1858 4205 1998 4258 rium
2040 4206 2383 4276 ingrediaris.
2419 4222 2598 4276 neque
2629 4221 2876 4260 seorsum
2927 4222 3052 4261 cum
3105 4208 3213 4260 ulla
3262 4208 3433 4261 collo-

1858 4295 2043 4364 quaris
2115 4298 2382 4351 monacha
2453 4298 2538 4352 vel
2603 4298 2889 4361 saeculari,
2963 4299 3068 4352 nisi
3132 4300 3434 4356 necessitas

1860 4388 2189 4455 compellat;
2218 4403 2281 4443 ac
2319 4399 2431 4443 tum
2463 4405 2680 4460 quoque
2715 4391 2930 4445 duabus
2963 4391 3216 4460 utrinque
3244 4408 3433 4461 perso—

1860 4480 1944 4532 nis
1988 4481 2294 4534 astantibus
2337 4499 2349 4534 :
2408 4497 2514 4534 una
2557 4481 2702 4535 enim
2734 4522 2748 4545 ,
2799 4493 2856 4536 ut
2897 4484 3089 4550 aiunt,
3146 4485 3435 4539 calumniae

1787 4596 1832 4652 ι)
1860 4572 2096 4626 obnoxia
2133 4583 2234 4626 est.
2279 4571 2395 4626 Non
2436 4574 2650 4643 aperies
2695 4576 2897 4628 ostium
2941 4577 3118 4640 ovilis,
3169 4586 3228 4630 ut
3271 4576 3433 4630 femi-

1858 4677 1985 4715 nam
2050 4662 2212 4714 ullam
2268 4663 2600 4716 intromittas
2650 4663 2768 4718 sine
2818 4680 3008 4735 magna
3060 4666 3431 4720 necessitate:

1858 4752 2002 4822 quod
2044 4753 2087 4806 si
2122 4754 2327 4823 absque
2365 4763 2556 4808 mutuo
2591 4764 2817 4824 aspectu
2855 4756 3065 4810 admitti
3096 4768 3294 4826 potest,
3333 4773 3432 4810 ne-

1857 4860 1963 4913 que
1999 4845 2048 4898 id
2081 4845 2484 4916 negligendum.
2533 4844 2649 4899 Non
2697 4846 2862 4901 facies
2902 4847 2998 4901 tibi
3045 4849 3428 4914 diversorium,

1857 4947 1951 4990 aut
1998 4938 2373 5006 spiritualibus
2421 4937 2542 4991 ﬁliis
2594 4939 2702 4994 tuis
2755 4940 3070 4994 saecularem
3121 4941 3342 4995 domum
3377 4942 3428 4994 iu

1857 5046 1962 5099 qua
1990 5031 2098 5083 sint
2124 5030 2336 5084 feminae
2369 5049 2380 5083 :
2421 5031 2491 5084 ita
2523 5042 2579 5084 ut
2607 5047 2726 5085 eam
2763 5032 3075 5101 frequentes
3111 5051 3123 5086 :
3165 5033 3258 5086 sed
3290 5034 3430 5104 apud

1860 5122 2140 5191 religiosos
2171 5123 2352 5191 potius
2382 5123 2528 5176 viros
2559 5123 2846 5187 diversari,
2892 5134 2946 5177 et
2973 5125 3273 5177 necvssaria
3307 5125 3430 5178 vita:

1858 5214 2096 5266 subsidia
2132 5229 2325 5284 capere
2360 5216 2622 5270 studebis.
2655 5213 2771 5270 Non
2817 5217 3044 5270 habebis
3088 5218 3140 5271 in
3173 5217 3304 5271 cella
3343 5227 3430 5272 tua

1857 5301 2182 5370 discipulum
2221 5304 2644 5370 adolescentem,
2685 5322 2792 5374 quo
2837 5306 3070 5359 afficiare
3104 5324 3117 5359 :
3162 5307 3254 5359 sed
3311 5323 3431 5375 per-

1859 5407 2005 5445 sena:
2057 5393 2282 5447 minime
2324 5403 2608 5462 suspectas,
2659 5409 2722 5447 ac
2770 5394 3111 5448 diversorqu
3146 5394 3280 5445 adeo
3321 5395 3432 5445 fra-

1860 5489 2002 5533 trum
2049 5481 2359 5536 ministerio
2393 5483 2582 5535 uteris.
2640 5481 2756 5536 Non
2807 5485 2874 5537 sit
2913 5484 3003 5536 tibi
3050 5485 3431 5537 vestimentum

1857 5571 2219 5636 elaboratum,
2252 5581 2307 5626 et
2345 5575 2665 5642 pretiosum,
2700 5587 2896 5644 praeter
2927 5576 3257 5629 sacerdotale
3284 5594 3298 5641 ;
3337 5578 3430 5628 scd

1861 5663 2137 5717 humiliter
2171 5665 2390 5718 Patrqu
2435 5669 2688 5736 exemplo
2736 5678 2791 5722 et
2839 5670 3082 5722 indueris
3125 5679 3177 5721 et
3222 5669 3432 5723 calcea-

1860 5755 2023 5807 beris.
2053 5755 2169 5809 Non
2206 5757 2314 5808 eris
2349 5757 2611 5810 delicatus
2653 5775 2714 5811 ac
2758 5760 2954 5820 lautus,
2994 5776 3166 5827 neque
3212 5761 3264 5812 in
3318 5761 3430 5827 pri-

1859 5853 1983 5897 vato
2029 5855 2120 5898 tuo
2158 5857 2400 5914 sumptu,
2439 5861 2613 5912 neque
2647 5849 2701 5900 iu
2743 5850 3014 5915 hospitum
3069 5851 3376 5916 receptione
3409 5871 3422 5902 ;
