4158 6468
701 411 802 474 943

1887 412 1946 470 S-
1983 410 2381 471 THEODORI
2436 409 2786 471 STUDITE

3874 418 3979 481 944

703 523 807 575 hoc
840 519 989 574 enim
1024 520 1092 573 ad
1134 519 1299 591 ltujus
1327 521 1450 575 vita:
1482 521 1815 592 voluptarios
1861 526 2119 593 pertinet.
2171 524 2288 578 Non

2402 528 2513 586 ταῖς
2547 524 2836 593 ὑποδοχαῖς
2886 524 2993 578 τῶν
3044 525 3239 590 ξένων
3288 526 3447 581 τοῦτο
3479 529 3588 601 γὰρ
3614 529 3717 599 τῆς
3757 532 3984 601 μερίδος

704 607 1103 662 tltesaurizabis
1137 624 1330 662 aurum
1356 608 1413 663 in
1452 612 1784 665 monasterio
1827 624 1959 675 tuo;
2001 616 2095 668 sed
2126 616 2287 684 quid-

701 698 836 769 quid
884 698 941 754 in
1014 710 1344 771 unOQuoque
1388 718 1588 773 genere
1633 705 1978 770 redundabit,
2030 706 2290 777 adaperto

702 790 842 845 atrio
873 800 970 847 tuo
999 792 1356 862 pauperibus,
1392 803 1705 849 sanctorum
1733 794 1951 849 Patrum
1973 812 2145 863 more,
2176 798 2285 852 lar-

704 882 839 953 gire.
883 881 1006 939 Non
1056 886 1299 941 servabis
1330 887 1508 941 locum
1563 890 1898 955 obseratum,
1950 907 2053 946 nec
2101 908 2287 947 curam

704 990 864 1046 geres
911 980 1233 1035 (economiae
1278 998 1292 1035 :
1335 984 1429 1036 sed
1494 992 1603 1037 tota
1669 999 1799 1039 cura
1848 992 1938 1039 tua
1985 985 2289 1040 animarum

706 1077 845 1123 esto.
877 1069 1085 1125 Aurum
1117 1088 1249 1127 vero
1278 1081 1335 1127 et
1362 1089 1450 1128 res
1486 1075 1607 1129 usui
1639 1076 1976 1131 necessarias
2002 1092 2290 1132 meonomo

704 1159 1040 1223 committes,
1077 1171 1132 1217 et
1158 1162 1401 1230 cellario,
1432 1174 1487 1219 et
1515 1175 1577 1220 ut
1602 1167 1803 1236 cuique
1832 1170 2091 1223 convenit
2124 1169 2291 1223 mini-

705 1253 876 1308 sterio
911 1271 923 1307 :
959 1253 1033 1308 ita
1064 1254 1347 1320 nimirum,
1382 1267 1442 1312 ut
1478 1273 1649 1327 penes
1688 1268 1741 1313 te
1790 1259 1860 1313 sit
1900 1260 2145 1315 omnium
2192 1276 2290 1331 po-

708 1352 896 1407 testas,
929 1354 984 1399 et
1014 1344 1195 1400 oﬂicia
1222 1348 1276 1401 in
1311 1348 1458 1401 hunc
1480 1352 1577 1402 aut
1605 1349 1778 1414 illum,
1816 1360 1877 1404 ut
1908 1351 2079 1415 voles,
2114 1360 2292 1405 trans-

711 1432 880 1499 feras,
925 1438 1303 1508 rationemque
1369 1442 1551 1513 exigas
1602 1443 1895 1513 cujuslibet
1944 1444 2293 1498 administrao

714 1526 898 1595 tionis,
934 1541 1097 1599 prout
1134 1532 1423 1588 mandasti.
1462 1532 1580 1589 Non
1622 1534 1791 1591 facies
1822 1535 1908 1590 vel
1968 1551 2095 1607 ages
2132 1536 2292 1606 quid-

716 1636 879 1689 quam
907 1623 961 1676 in
1004 1638 1062 1677 re
1095 1625 1201 1679 ulla
1236 1641 1299 1680 ex
1332 1628 1555 1697 pr0prio
1589 1644 1776 1695 sensu,
1811 1630 1924 1684 sive
1948 1628 2294 1699 proficiscen-

715 1712 843 1766 dum
879 1723 984 1779 est,
1019 1731 1114 1770 seu
1147 1719 1496 1774 vendendum
1537 1721 1623 1775 vel
1663 1720 1997 1788 emendum;
2032 1735 2208 1791 neque
2238 1720 2291 1773 in

718 1808 1035 1876 receptione
1084 1812 1168 1865 vel
1223 1810 1497 1880 ejectione
1541 1813 1791 1876 fratrum.
1843 1828 2022 1883 neque
2069 1813 2122 1866 in
2173 1812 2293 1867 aliis

2395 616 2505 669 τῶν
2538 617 2959 672 ἀπολαυστικῶν
2986 620 3083 673 τοῦ
3110 622 3379 691 παρόντος
3412 622 3552 692 βίου.
3598 624 3674 677 Οὑ
3703 624 3981 696 θησαυρί-

2399 725 2514 771 σεις
2540 711 2764 779 χρυσίον
2795 712 2854 763 ἐν
2890 714 2956 782 τῇ
3006 716 3141 784 μονῇ
3184 731 3277 769 σου
3296 730 3310 744 ’
3341 716 3479 770 ἀλλά
3506 719 3568 769 τὸ
3599 716 3742 771 κατὰ
3783 735 3985 789 περισ-

2398 800 2550 852 σείαν
2594 804 2686 854 ἐπί
2730 803 2929 866 παντὸς
2961 805 3134 868 εἴδους
3186 806 3476 877 μεταδοίης
3507 810 3622 871 τοῖς
3655 810 3986 879 πενομένοις

2399 891 2457 943 ἐν
2485 891 2685 957 ἀνοίξει
2720 895 2818 963 τῆς
2847 895 3018 965 αὐλῆς
3048 912 3163 958 σου,
3197 897 3383 962 καθὼς
3408 899 3504 952 καὶ⁸
3532 901 3580 953 οἱ
3613 901 3759 967 ᾰγιοι
3800 901 3985 953 Πατέ-

2401 1000 2511 1054 ρες.
2536 986 2609 1036 Οὐ
2647 988 2941 1056 κρατήσεις
2961 990 3126 1043 τόπον
3150 990 3555 1061 ἠσφαλισμένον
3585 992 3682 1044 καὶ
3712 992 3815 1061 τὴν
3843 994 3980 1045 οίκο-

2398 1076 2628 1147 νομικὴν
2674 1079 2960 1149 φροντίδα·
3005 1081 3119 1134 ἀλλ’
3169 1081 3310 1135 ἔστω
3354 1099 3435 1135 σοι
3483 1084 3635 1136 πᾶσα
3673 1084 3706 1153 ἡ
3750 1084 3985 1154 φροντὶς

2398 1167 2677 1237 ἀνήκουσα
2712 1170 2841 1241 περὶ
2886 1170 2997 1223 τῶν
3028 1173 3234 1242 ψυχῶν.
3282 1173 3355 1225 Τὸ
3400 1174 3457 1226 δὲ
3486 1174 3728 1245 χρυσίον,
3771 1175 3875 1234 καὶ
3916 1176 3985 1227 τά

2402 1259 2543 1312 κατά
2571 1260 2786 1331 χρείαν,
2804 1262 3131 1331 ἐγχειρίσεις
3157 1262 3233 1331 τῷ
3255 1263 3545 1334 οἰκονόμῳ,
3562 1264 3639 1335 τῷ
3656 1264 3983 1336 κελλαρίτῃ,

2400 1352 2500 1406 καὶ
2526 1352 2600 1415 ώς
2626 1352 2906 1407 ἐπιϐάλλει
2936 1354 2995 1406 ἐν
3021 1355 3228 1428 ἐκάστῃ
3252 1356 3528 1427 διακονίᾳ·
3564 1358 3659 1412 σοῦ
3694 1360 3985 1430 προδήλως

2400 1443 2625 1497 πάντων
2652 1443 2751 1512 τὴν
2788 1444 3038 1511 ἐξουσίαν
3062 1446 3298 1515 ἔχοντος,
3330 1448 3428 1501 καὶ
3463 1451 3871 1522 μεταφέροντος
3908 1452 3988 1513 ὡς

2399 1532 2465 1587 ἂν
2511 1534 2677 1609 βούλῃ
2723 1536 2961 1607 ἑκάστην
3008 1536 3288 1591 διακονίαν
3328 1539 3386 1590 ἐν
3424 1540 3501 1609 τῷ
3545 1542 3762 1611 τυχόντι
3813 1560 3988 1613 προσ-

2400 1623 2553 1695 ώπῳ,
2589 1625 2684 1679 καὶ
2712 1624 3189 1694 ἀπολαμϐάνοντος
3210 1629 3300 1679 τὸν
3322 1626 3480 1696 λόγον
3505 1628 3744 1698 ἑκάστης
3766 1630 3988 1698 διοική-

2403 1732 2539 1779 σεως
2569 1715 2707 1769 καθὸ
2742 1716 2988 1788 ἐντέλλῃ.
3020 1716 3094 1770 Οὐ
3130 1718 3383 1787 ποιήσεις
3427 1737 3478 1772 τι
3523 1721 3555 1789 ἢ
3593 1719 3823 1792 πράξεις
3862 1721 3988 1774 κατ’

2401 1807 2605 1861 οίκείαν
2629 1806 2855 1877 γνώμην
2883 1808 2942 1861 ἐν
2972 1808 3131 1861 παντὶ
3162 1810 3471 1879 πράγματι.
3497 1811 3622 1863 οὐτε
3649 1812 3709 1864 ἐν
3743 1811 3985 1883 προόδῳ,

718 1897 883 1952 rebus
914 1902 1201 1964 extentis;
1242 1902 1335 1956 sed
1370 1919 1549 1973 neque
1596 1906 1649 1958 in
1687 1905 1881 1959 anima:
1927 1904 2143 1968 erratis,
2180 1906 2298 1960 sine

2402 1898 2524 1953 οὐτε
2552 1902 2610 1954 ἐν
2644 1901 2843 1970 πράσει
2869 1901 2962 1954 καὶ
2988 1900 3278 1971 ἀγορασίᾳ,
3304 1901 3427 1955 οὐτε
3460 1904 3516 1956 tv
3547 1903 3675 1975 δοκῇ
3704 1904 3738 1975 ἢ
3764 1909 3823 1957 ἐν
3848 1906 3989 1957 ἀποο

713 1986 943 2041 consilio
965 2003 1153 2043 eorum
1178 1991 1269 2061 qui
1296 1992 1507 2060 judicio
1530 2003 1585 2047 et
1616 1994 1815 2063 pietate
1846 1997 2298 2064 prmstantmnius

713 2085 807 2131 aut
836 2078 1093 2142 duorum,
1129 2082 1365 2137 triumve
1395 2094 1489 2139 aut
1520 2086 1780 2155 plurium,
1815 2094 1978 2156 prout
2013 2102 2100 2141 res
2138 2086 2297 2151 feret,

2401 1991 2579 2063 κρίσει
2606 1978 3007 2059 ἀδελφοῦ,⁵οὐτε
3038 1994 3095 2045 ἐν
3126 1992 3412 2064 ὑπαλλαγῇ
3446 1995 3742 2059 διακονίας,
3770 1996 3899 2049 οὔτε
3923 1998 3985 2048 ἐν

2402 2084 2548 2153 ἀλλῳ
2576 2084 2684 2136 τινὶ
2718 2083 2827 2136 τῶν
2851 2084 3201 2153 σωματικῶν,
3231 2085 3343 2138 ἀλλ’
3378 2081 3474 2140 οὑν
3502 2087 3621 2140 οὐδέ
3653 2089 3711 2141 ἐν
3739 2091 3858 2151 τοῖς
3887 2088 3988 2157 ψυ-

714 2168 857 2222 sicut
875 2185 903 2222 a
926 2168 1177 2225 Patribus
1198 2175 1466 2229 sancitum
1485 2185 1587 2230 est.
1612 2175 1735 2231 Haec
1750 2177 1951 2240 omnia.
1973 2188 2299 2247 etquaecun-

2404 2176 2576 2245 χικοῖς
2617 2174 2949 2244 σφάλμασιν,
2982 2175 3109 2229 ἀνευ
3148 2175 3344 2246 βουλῆς
3386 2177 3497 2230 τῶν
3541 2180 3888 2249 προεχόντων
3927 2181 3987 2232 tv

711 2275 818 2328 que
838 2261 942 2315 alia
963 2264 1252 2333 accepisti,
1289 2268 1531 2322 servabis
1553 2278 1607 2323 et
1627 2270 1923 2334 custodies,
1955 2277 2014 2323 ut
2038 2269 2178 2323 bene
2205 2268 2299 2323 tibi

2405 2265 2603 2335 γνώσει
2637 2268 2731 2321 καὶ
2756 2266 3037 2337 εὐλαϐείᾳ,
3065 2267 3183 2330 ἐνὸς
3208 2268 3241 2339 ἢ
3267 2268 3381 2333 δύο,
3410 2270 3443 2341 ἢ
3476 2272 3570 2323 καὶ
3593 2272 3780 2342 τριῶν,
3812 2272 3848 2341 ἢ
3893 2272 3989 2324 καὶ

714 2351 804 2414 sit,
829 2360 884 2405 et
913 2368 1171 2423 prospere
1193 2372 1319 2427 agas
1344 2357 1400 2411 in
1428 2357 1655 2414 Domino
1681 2360 1935 2415 omnibus
1958 2358 2152 2414 diebus
2176 2359 2299 2414 vita

2407 2358 2693 2423 πλειόνων,
2745 2360 2887 2412 κατά
2917 2360 3017 2429 τὴν
3058 2360 3426 2431 ὑποκειμένην
3470 2362 3759 2416 ὑπόθεσιν
3792 2363 3985 2431 ὥσπερ

714 2450 839 2497 tuae.
858 2443 1206 2500 Contrarium
1224 2448 1377 2503 enim
1394 2449 1537 2504 absit
1553 2450 1638 2504 vel
1660 2450 1843 2505 dicere
1865 2451 1951 2505 vel
1979 2450 2238 2520 cogitare.

2408 2448 2720 2502 ἐντέταλται
2759 2450 3068 2519 Πατρικῶς.
3107 2451 3294 2505 Ταῦτα
3328 2454 3525 2517 πάντα,
3555 2455 3649 2508 καὶ
3687 2455 3788 2509 ὅσα
3820 2456 3986 2525 ἕτερα

712 2533 1045 2603 παρέλαϐες,
1078 2538 1339 2606 φυλάξοις
1374 2540 1467 2593 καὶ
1490 2540 1841 2611 φρουρήσοις,
1875 2541 1962 2592 ἵνα
2001 2535 2059 2592 εῦ
2089 2556 2171 2591 σοι
2199 2538 2458 2607 γένηται,
2490 2539 2583 2592 καὶ
2646 2538 2745 2612 ἔσῃ
2813 2540 3268 2609 κατευοδούμενος
3297 2544 3354 2594 tv
3381 2543 3570 2614 Κυρίῳ
3631 2544 3815 2607 πάσας
3883 2547 3982 2608 τάς

715 2629 926 2699 ἡμέρας
972 2630 1072 2700 τῆς
1114 2631 1260 2703 ζωῆς
1290 2649 1403 2688 σου.
1458 2635 1533 2688 Τὸ
1577 2635 1687 2703 γὰρ
1729 2634 1970 2689 ἐναντίον
1997 2632 2164 2701 ἀπείη
2200 2632 2294 2685 καὶ
2318 2631 2497 2700 λέγειν
2523 2631 2619 2685 καὶ⁸
2646 2633 2870 2687 ἐννοεῖν.

963 2745 1053 2801 XI.
1077 2777 1142 2787 —
1180 2748 1462 2805 Anastasio
1507 2752 1745 2822 episcopo
1777 2750 1996 2809 Cnosia.

2427 2749 2603 2808 lA'.—
2631 2750 2992 2815 Ἁναστασίφ
3018 2751 3325 2821 ἐπισκὸπῳ
3349 2756 3641 2820 Κνωσίας.

2069 2867 2144 2917 De
2187 2866 2346 2918 officio
2376 2866 2612 2930 episcopi.

789 2964 928 3033 Quid
962 2968 1043 3022 vis
1070 2968 1165 3023 tibi
1192 3009 1207 3035 ,
1254 2970 1598 3028 sanctissime
1630 2969 1791 3025 Pater
1813 3014 1828 3037 ,
1875 2981 1932 3026 et
1954 2971 2083 3042 quid
2118 2980 2292 3027 tanto-

3779 2751 3935 2828 [κβπ]

2467 2968 2534 3023 Τί
2574 2985 2654 3022 σοι
2686 2967 2929 3037 γέγονεν,
2959 2963 3003 3023 ὧ
3034 2969 3290 3041 ἱερώτατε
3322 2969 3522 3041 Πάτερ,
3554 2972 3649 3025 καί
3708 2972 3764 3025 τί
3794 2974 3981 3028 τοσοῦ-

720 3072 848 3127 pere
876 3066 997 3128 post
1026 3065 1188 3113 unam
1213 3067 1269 3113 et
1296 3060 1522 3114 alteram
1562 3059 1970 3115 excusationem
2000 3060 2180 3115 adhuc
2207 3063 2293 3115 in-

2402 3079 2491 3117 τον
2533 3062 2679 3131 μετά
2715 3063 2845 3133 μίαν
2890 3066 2984 3121 καὶ
3026 3064 3292 3136 δευτέραν
3324 3065 3654 3137 παραίτησιν
3682 3067 3764 3121 ἔτι
3802 3086 3981 3138 παρα-

717 3158 862 3213 stas.
898 3158 955 3203 ut
984 3164 1012 3202 a
1042 3165 1128 3203 me
1158 3150 1411 3219 imperito
1433 3159 1489 3203 et
1510 3151 1656 3204 vitiis
1682 3151 1866 3205 dedito
1896 3152 2141 3206 utilitatis
2177 3167 2294 3206 ser-

2402 3153 2588 3226 6ιάζῃ,
2634 3154 2775 3208 ὥστε
2803 3156 2933 3228 παρ’
2958 3157 3093 3225 ἐμοῦ
3126 3157 3221 3211 τοῦ
3247 3157 3493 3228 ἀμαθοῦς
3528 3159 3623 3213 καὶ
3644 3161 3981 3231 περιπαθοῦς

718 3255 936 3294 monent
966 3240 1237 3311 recipias?
1268 3241 1381 3312 Ego
1406 3242 1631 3313 potiusa
1654 3252 1707 3297 te
1729 3242 1912 3297 doceri
1940 3258 2076 3313 Opus
2105 3243 2298 3309 habeo,

2404 3248 2687 3316 εἰληφέναι
2741 3248 2899 3317 λόγον
2951 3250 3261 3317 ὼφελείαςς
3327 3252 3545 3321 ¹Ἰιέγωγε
3610 3252 3814 3323 μᾶλλον
3875 3256 3979 3325 ἔχω

717 3333 813 3404 qui
842 3341 897 3387 et
923 3333 1113 3387 ordine
1149 3332 1373 3388 inferior
1401 3350 1520 3388 sum
1541 3374 1555 3399 ,
1583 3344 1637 3389 et
1670 3335 1779 3390 vita
1814 3336 2117 3391 obaeeatus
2138 3375 2153 3399 ,
2190 3350 2299 3389 non

2403 3338 2593 3410 χρείαν
2622 3340 2728 3392 ὑπὸ
2754 3340 2847 3391 σοῦ
2881 3342 3212 3412 φωτισθῆναι
3236 3359 3251 3375 ο
3278 3344 3306 3395 ό
3329 3344 3420 3396 καὶ
3441 3347 3506 3414 τῇ
3530 3344 3680 3409 τάξει
3703 3344 3977 3415 δεύτερος,

718 3427 788 3480 de
821 3425 1172 3495 episc0patus
1215 3424 1424 3489 ofliciis,
1450 3426 1649 3497 (quam
1684 3428 1828 3481 enim
1870 3428 2087 3497 ineptus
2130 3426 2299 3496 siml)

2403 3432 2498 3485 καὶ
2557 3430 2635 3502 τῷ
2693 3431 2794 3501 βίῳ
2848 3433 3262 3501 ἐσκοτισμένος’
3312 3434 3373 3487 οὐ
3422 3434 3489 3487 τὰ
3518 3436 3645 3505 περὶ⁵
3672 3437 3980 3507 ἐπισκοπῆς

721 3517 817 3572 sed
838 3518 903 3571 de
920 3519 1221 3573 monastico
1244 3528 1409 3583 statu,
1429 3520 1542 3574 sive
1565 3520 1632 3575 de
1652 3521 2044 3590 praepositum;
2066 3534 2301 3589 quonam

722 3620 883 3678 pacto
904 3610 1121 3680 indigne
1152 3610 1281 3664 mihi
1305 3610 1653 3665 commissum
1696 3626 1911 3681 gregem
1939 3619 2305 3681 congruenter

724 3717 946 3773 regens,
970 3702 1266 3771 pmpitium
1301 3701 1354 3753 in
1380 3702 1603 3755 terribili
1632 3701 2006 3771 responsionis
2046 3716 2180 3756 mea:
2218 3701 2305 3755 die

719 3794 959 3863 judicem
991 3794 1294 3848 nanciscar.
1352 3792 1456 3848 Sed
1498 3803 1554 3849 tu
1591 3795 1850 3849 nimirum
1898 3810 1995 3865 per
2037 3808 2304 3849 summam

724 3887 1046 3942 modestiam
1073 3898 1219 3942 tuam
1246 3888 1348 3942 hoc
1370 3888 1523 3958 egisti
1549 3906 1561 3942 :
1586 3889 1870 3958 explorare
1890 3888 2037 3943 enim
2062 3888 2307 3959 ignorau-

726 3984 855 4036 tiam
877 3997 1051 4035 meam
1073 3982 1334 4044 voluisse,
1355 3981 1406 4035 id
1432 3982 1566 4035 milii
1594 3981 1661 4035 de
1690 3980 2009 4051 pontificatu
2038 3991 2130 4036 tuo
2154 3980 2307 4035 nefas

725 4081 810 4127 est
840 4070 1125 4140 suSpicari.
1158 4071 1269 4142 Ego
1294 4086 1423 4126 vero
1462 4086 1644 4125 meum
1669 4071 1842 4141 ipsius
1866 4072 2092 4142 gradum
2117 4110 2131 4134 ,
2158 4086 2191 4124 o
2219 4086 2306 4124 sa-

725 4180 879 4219 crum
910 4175 1091 4231 caput,
1124 4163 1450 4233 pertimesco
1472 4204 1488 4228 ,
1516 4172 1571 4217 et
1597 4163 1782 4216 animo
1803 4171 1975 4217 :estuo
2003 4162 2144 4217 circa
2186 4161 2308 4215 ani-

728 4272 936 4310 marum
958 4256 1409 4326 gubernationem
1434 4256 1743 4325 ;quomodo
1769 4256 1989 4310 tandem
2023 4270 2088 4310 ex
2120 4256 2309 4310 turbu-

727 4350 876 4403 lento
912 4364 976 4403 ac
1018 4349 1321 4417 procelloso
1369 4348 1506 4402 mari
1555 4348 1824 4418 spirituali
1874 4348 2134 4403 traditum
2173 4339 2306 4402 mihi

727 4456 954 4510 parvum
989 4440 1089 4495 hoc
1114 4450 1167 4495 et
1194 4440 1476 4510 spirituale
1509 4441 1839 4511 navigiolum
1866 4442 1933 4496 ad
1961 4442 2153 4497 salutis
2179 4457 2307 4511 por-

2401 3522 2729 3592 ὸφειλόμενα
2749 3540 2763 3554 ο
2791 3522 2893 3592 φεῦ
2928 3524 3035 3594 γὰρ
3058 3524 3155 3594 τῆς
3184 3524 3322 3594 ἐμῆς
3349 3524 3535 3587 ἀνοίας
3554 3526 3569 3577 ί
3591 3525 3728 3579 ἀλλά
3756 3528 3825 3581 τά
3856 3531 3980 3599 περὶ

2411 3617 2739 3687 μοναχικῆς,
2779 3616 2879 3669 εἴτ’
2912 3614 3006 3670 οὖν
3054 3616 3419 3687 ἡγουμενικῆς
3466 3620 3876 3682 καταστάσεως,
3922 3621 3979 3674 τό

2406 3707 2520 3768 πῶς
2550 3708 2658 3777 ἄρα
2692 3708 3120 3777 ἀφηγησάμενος
3150 3707 3289 3760 κατά
3327 3707 3482 3775 λόγον
3526 3708 3585 3760 τὸ
3616 3709 3978 3778 ἐμπιστευθέν

2408 3815 2498 3868 μοι
2548 3798 2785 3864 ἀναξίως
2820 3799 3091 3867 ποίμνιον,
3123 3797 3341 3870 εὕροιμι
3369 3800 3502 3853 Θεὸν
3536 3799 3666 3854 ἵλεω
3705 3800 3766 3853 tv
3798 3803 3977 3874 ἡμέρᾳ

2404 3891 2501 3962 τῆς
2539 3892 2772 3962 φρικτῆς
2800 3890 3095 3958 ἀπολογίας
3123 3909 3244 3961 μου.
3295 3890 3453 3946 Ἀλλά
3500 3890 3659 3945 τοῦτο
3703 3892 3976 3957 πέπονθας

2406 3986 2624 4046 πάντως
2651 3984 2706 4049 ἐξ
2737 3982 2911 4053 ἄκρας
2939 3982 3423 4053 μετριοφροσύνης.
3460 3983 3844 4054 Ἐκπειράξειν
3872 3987 3976 4054 γάρ

2408 4094 2510 4146 μου
2542 4078 2639 4146 τὴν
2663 4076 3041 4141 ἀπαιδευσίαν,
3064 4076 3125 4129 οὐ
3156 4075 3312 4145 θέμις
3343 4092 3410 4145 με
3436 4074 3683 4129 ὑπονοεῖν
3711 4076 3813 4148 τὴν
3844 4078 3974 4148 ἀρχ-

2409 4166 2708 4238 ιερωσύνην
2754 4183 2871 4219 σου.
2915 4164 3059 4233 Ἐγὼ
3100 4165 3281 4218 τοίνυν
3307 4166 3522 4219 δέδοικα
3554 4166 3623 4219 τά
3652 4164 3749 4219 τοῦ
3778 4169 3973 4222 οίκείου

2409 4257 2641 4329 βαθμοῦ,
2673 4250 2719 4312 ὦ
2751 4256 2870 4328 ιερὰ
2901 4254 3132 4326 κεφαλὴ.
3167 4256 3262 4309 καὶ
3293 4255 3506 4324 ίλιγγιῶ
3541 4257 3670 4327 περὶ⁸
3690 4256 3792 4328 τὴν
3820 4258 3973 4329 ψυχιο

2406 4352 2511 4420 κὴν
2538 4349 2862 4419 κυὸέρνησιν
2888 4348 2966 4420 τῷ
2996 4348 3109 4402 δντι
3126 4364 3141 4381 ⁸
3177 4348 3295 4411 πῶς
3318 4348 3381 4419 δὴ
3406 4344 3499 4402 οῦν
3526 4350 3589 4402 ἐκ
3616 4350 3715 4419 τῆς
3740 4352 3971 4406 πολυταο

2410 4442 2577 4515 ράχου
2605 4441 2699 4495 καὶ
2717 4440 3078 4510 ἀεικυμάντου
3104 4442 3300 4513 νοητῆς
3325 4441 3597 4512 θαλάσσης
3627 4442 3969 4515 ἀποσώσαιμι

731 4545 843 4587 tum
874 4532 1164 4603 perducam
1192 4550 1205 4588 :
1239 4548 1366 4587 cum
1395 4533 1464 4588 ad
1495 4548 1697 4588 munus
1722 4534 1825 4587 hoc
1855 4542 1910 4588 et
1936 4534 2046 4587 vita
2072 4534 2299 4604 integra,

2404 4534 2465 4587 τὸ
2513 4532 2856 4604 ἐγχειρισθέν
2905 4549 2995 4603 μοι
3032 4532 3191 4585 τοῦτο
3240 4532 3575 4603 βραχύτατον
3620 4534 3715 4587 καὶ
3757 4534 3969 4604 λογικὸν

725 4636 784 4692 et
828 4625 1053 4681 scientia
1098 4626 1291 4680 idonea
1346 4626 1418 4681 sit
1459 4640 1631 4696 Opus;
1685 4635 1747 4681 ut
1799 4634 2058 4695 tanquam
2098 4626 2300 4696 duplici

730 4719 880 4774 clavo
900 4722 1229 4789 gubernans,
1249 4718 1534 4788 vigilanter
1555 4734 1620 4773 ac
1650 4718 1823 4788 perite
1854 4718 2116 4772 intectum
2150 4716 2303 4787 aquis

730 4808 937 4878 peccati
970 4808 1236 4878 meipsum
1285 4818 1341 4863 et
1381 4823 1477 4863 eos
1518 4809 1611 4879 qui
1650 4823 1737 4864 me
1781 4818 2085 4878 sequuntur
2116 4818 2300 4863 custo-

731 4900 895 4953 diam.
938 4897 1063 4954 llzec
1093 4900 1257 4970 igitur
1287 4908 1395 4954 tam
1439 4900 1621 4955 miseri
1657 4908 1739 4955 est
1768 4900 2068 4955 excusatio.
2103 4900 2299 4955 Verum

731 4992 858 5060 quia
896 4992 1204 5052 sanctitatis
1238 5000 1343 5045 tua:
1383 5001 1655 5062 praecepto
1688 4995 1907 5062 penitus
1945 5008 2053 5047 non
2093 4993 2304 5047 obtem-

734 5096 960 5149 perare,
998 5082 1211 5136 tametsi
1257 5083 1401 5137 vires
1445 5098 1594 5137 meas
1627 5093 1879 5153 superet,
1920 5084 2159 5153 periculo
2192 5098 2301 5137 non

734 5183 890 5229 vacat
930 5192 944 5228 :
999 5176 1302 5243 praesertim
1340 5191 1463 5229 cum
1500 5176 1568 5231 ab
1613 5176 1733 5245 ipso
1766 5176 1927 5230 etiam
1974 5176 2131 5229 Patre
2182 5192 2303 5231 meo

737 5265 1047 5319 mandatum
1075 5267 1415 5335 acceperim:
1448 5267 1729 5336 utriusque
1754 5267 2064 5322 obedientia
2093 5267 2265 5322 fretus
2285 5309 2299 5332 ,

736 5360 840 5414 hoc
871 5359 985 5422 tibi,
1018 5358 1357 5413 divinissime
1378 5358 1556 5422 Pater,
1586 5375 1680 5428 per
1707 5360 2149 5415 commonitionis
2169 5376 2301 5429 ,ενοι

736 5447 877 5500 ciem
926 5446 1219 5516 profitebor
1254 5463 1265 5499 :
1313 5447 1471 5517 longe
1508 5450 1683 5516 majus
1725 5448 2017 5518 multisque
2061 5450 2305 5518 partibus

736 5536 985 5590 navicula
1015 5552 1136 5590 mea
1166 5538 1522 5591 excellentius
1548 5553 1669 5593 esse
1708 5539 1979 5609 navigium
2014 5539 2305 5609 perfectio-

739 5630 826 5683 nis
847 5639 973 5691 tute,
999 5628 1330 5699 episcopale,
1361 5630 1602 5699 inquam.
1625 5630 1918 5702 fastigium,
1946 5631 1991 5683 si
2014 5646 2135 5684 cum
2170 5645 2306 5699 prae-

740 5722 899 5790 positi
922 5723 1181 5793 dignitate
1207 5733 1552 5792 comparetur
1577 5741 1589 5777 :
1616 5735 1669 5778 et
1695 5734 1841 5778 tanto
1858 5724 2085 5783 scilicet,
2106 5733 2307 5793 quanto

744 5816 799 5868 in
827 5815 1009 5884 plures
1038 5817 1321 5886 imperium
1353 5819 1576 5872 sortitus
1597 5833 1674 5882 es,
1700 5832 1904 5886 eosque
1932 5832 2038 5870 non
2067 5816 2307 5871 volentes

2404 4626 2687 4696 πλοιάριον
2717 4626 2796 4686 είς
2826 4623 3019 4694 λιμένα
3052 4625 3325 4693 σωτηρίας
3346 4640 3360 4655 ο
3399 4625 3481 4677 ὅτι
3523 4624 3658 4694 πρὸς
3693 4624 3854 4678 τοῦτο
3882 4628 3969 4681 καὶ

2404 4714 2676 4778 πολιτείας
2704 4713 3038 4786 ἀκραιφνοῦς
3065 4714 3223 4787 χρεία
3250 4715 3343 4769 καὶ
3364 4713 3618 4781 γνώσεως
3643 4715 3836 4784 ίκανῆς
3860 4720 3969 4770 ἐπι·

2402 4804 2588 4875 τυχία,
2620 4803 2686 4857 ἶν’
2713 4803 2788 4866 ὡς
2831 4803 2891 4856 ἐν
2935 4802 3089 4855 δυσὶν
3116 4802 3306 4873 αὐχέσι
3336 4802 3736 4874 πηδαλιουχῶν,
3771 4806 3967 4875 γρηγό⁴

2404 4912 2512 4967 ρως
2542 4895 2636 4948 καὶ
2662 4894 3044 4963 ἐπιστημόνως
3066 4891 3542 4947 άκαταὸάπτιστον
3565 4897 3676 4953 τοῖς
3701 4894 3859 4949 ὕδασι
3878 4900 3968 4966 τῆς

2404 4987 2681 5057 ἁμαρτίας
2714 4986 2952 5055 ἐμαυτόν
2992 5001 3051 5036 τε
3093 4986 3189 5038 καὶ
3227 4986 3352 5049 τοὺς
3400 4985 3703 5054 ἑπομένους
3734 5004 3825 5057 μοι
3856 4988 3965 5041 δια-

2404 5078 2675 5146 φυλάττω.
2726 5078 2873 5147 Αὐτη
2912 5077 3091 5129 τοίνυν
3133 5078 3166 5145 ἡ
3201 5076 3308 5147 ἐμὴ
3340 5077 3604 5145 ἀπολογία
3650 5079 3745 5133 τοῦ
3791 5082 3967 5134 ταλαι-

2404 5167 2608 5239 πώρου.
2647 5169 2799 5222 Ἐπεὶ
2839 5168 2895 5221 δέ
2927 5168 2986 5221 τὸ
3018 5168 3115 5238 τῆς
3142 5169 3419 5238 ὁσιότητος
3455 5186 3548 5223 σου
3593 5171 3838 5241 κέλευμα
3876 5176 3965 5228 οὐκ

2403 5261 2687 5315 ἀκίνδυνον
2732 5261 2904 5329 πάντη
2957 5259 3299 5321 καταλιπεῖν,
3346 5262 3394 5314 εί
3441 5262 3536 5313 καὶ
3566 5263 3706 5333 ὑπὲρ
3747 5263 3964 5335 δύναμίν

2407 5369 2511 5422 μου
2557 5353 2886 5422 άνυπήκοον,
2932 5350 3104 5414 ἄλλως
3157 5368 3215 5403 τε
3257 5353 3353 5404 καὶ
3395 5354 3460 5405 ἐκ
3498 5352 3595 5406 τοῦ
3627 5356 3832 5409 οἰκείου
3874 5375 3964 5427 μου

2407 5447 2616 5515 Πατρδς
2654 5446 2750 5516 τὴν
2792 5443 3071 5512 ὑποταγὴν
3098 5442 3419 5513 δεξάμενος’
3453 5445 3726 5510 πεποιθὼς
3764 5451 3828 5518 τῇ
3867 5450 3963 5518 ἀμ-

2407 5541 2531 5607 φοτέ
2544 5557 2649 5609 ρων
2673 5536 2973 5608 εὐπειθείᾳ,
3006 5536 3161 5589 τοῦτό
3188 5551 3291 5602 σοι,
3326 5529 3372 5589 ὦ
3400 5536 3643 5591 θειότατε
3680 5539 3882 5611 Πάτερ,
3910 5542 3961 5592 ἐν

2407 5630 2535 5682 εῖδει
2572 5631 2933 5698 ὑπομνήσεως
2992 5625 3412 5694 ἐπιφθέγξομαι,
3469 5629 3550 5680 ὃτι
3604 5629 3791 5698 μεῖζον
3832 5635 3962 5685 κατά

2410 5724 2542 5774 ποὶύ
2572 5724 2664 5773 καὶ
2709 5718 3044 5789 ὑπερϐάλλον
3082 5718 3142 5771 τὸ
3172 5720 3353 5772 πλοῖον
3379 5720 3478 5789 τῆς
3514 5721 3613 5790 σῆς
3643 5721 3963 5791 τελειότητος

2412 5812 2545 5880 προς
2596 5810 2653 5861 τὸ
2710 5809 2839 5879 ἐμὸν
2888 5808 3145 5879 νηάριονο
3196 5812 3336 5879 φημὶ
3388 5809 3450 5880 δὴ
3506 5811 3565 5863 τὸ
3619 5813 3963 5866 ἐπισκοπικὸν
