4158 6476
160 402 275 465 945

1431 418 1964 481 EPISTOLARUM
2010 425 2152 484 LIB.
2192 426 2240 486 Ι.

3360 450 3462 512 946

158 518 381 589 ὕψωμα.
432 520 585 593 πρὸς
618 523 679 577 τὸ
706 524 1065 593 ήγουμενικδν
1098 525 1313 597 ἀξίωμα
1338 544 1351 559 ·
1397 528 1494 581 καί
1527 530 1762 583 τοσοῦτοε

1887 533 2122 591 fertasse
2148 576 2162 598 ,
2196 550 2297 593 nec
2323 542 2700 610 conspirantes
2720 585 2733 609 ,
2768 560 2869 601 nec
2898 549 3140 618 ejusdem
3170 566 3377 614 natura:
3410 573 3461 615 et

157 613 399 683 ὅσῳπερ
434 613 513 669 ἃν
544 615 643 668 καὶ
679 615 940 669 πλειόνων
966 615 1156 685 ἄρχειν
1186 617 1447 688 ἡξιὼθης,
1480 621 1575 673 καὶ
1606 621 1762 674 ταῦτα

1887 628 2193 698 dignitatis;
2228 630 2322 684 sed
2354 647 2532 687 mares
2564 636 2767 702 pariter
2793 653 2857 692 ac
2884 639 3141 711 feminas,
3165 653 3461 709 monachos

154 705 261 774 οὐχ
296 705 565 760 ἑκόντων
599 705 751 769 ῐσως,
784 706 905 760 οὐδὲ
948 709 1369 778 ὁμογνωμόνων,
1402 709 1523 763 οὐδὲ
1552 710 1650 779 τῆς
1678 712 1776 765 αὐ-

155 796 263 866 τῆς
296 796 543 864 φύσεως
573 798 666 851 καὶ
701 798 895 865 ἀξίας,
948 798 1087 854 ἀλλὰ
1131 801 1225 854 καὶ
1270 802 1517 873 ἀρρένων
1560 804 1656 856 καὶ
1683 803 1778 873 θη-

155 887 376 956 λειῶν,
414 890 705 961 μοναστῶν
740 908 798 943 τε
835 891 930 945 καὶ
977 892 1239 961 μιγάδων,
1274 893 1549 965 ἀρχόντων
1583 912 1645 948 τε
1684 896 1780 949 καὶ

157 980 541 1049 ἀρχομένων,
570 982 869 1051 γημάντων
918 983 1017 1036 καὶ
1062 983 1314 1053 ἀγάμων,
1347 982 1551 1037 δούλων
1583 1001 1643 1037 τε
1683 986 1778 1038 καὶ

157 1070 524 1143 ἐλευθέρων,
550 1072 803 1144 ὀρφανῶν
827 1089 887 1126 τε
916 1073 1011 1126 καὶ
1038 1073 1399 1143 χηρευόντων,
1425 1075 1693 1129 πλουσίων
1716 1093 1776 1129 τε

158 1162 263 1213 καὶ
310 1163 603 1233 πενήτων,
652 1161 1087 1215 δυναστευόντων
1132 1179 1192 1214 τε
1236 1164 1329 1215 καὶ
1364 1165 1775 1234 καταπονουμέ-

156 1269 300 1316 νων,
339 1252 769 1324 χρεωφειλετῶν
797 1269 857 1304 τε
894 1252 988 1306 καὶ
1023 1251 1338 1317 δανειστῶν,
1372 1254 1776 1325 ἀδροδιαιτούν-

158 1361 279 1396 των
308 1361 379 1398 τε
436 1345 534 1399 καὶ
565 1342 1087 1413 λιμοκτονουμένων,
1118 1344 1544 1414 πολυκτημόνων
1577 1363 1635 1398 τε
1680 1344 1773 1398 καὶ

158 1438 480 1501 ἀνεστίων,
516 1435 1043 1507 μαλακοφορούντων
1076 1453 1135 1491 τε
1179 1437 1275 1492 καὶ
1310 1437 1769 1509 ῥακοδυτούντων.

156 1527 371 1581 Ταῦτα
418 1528 531 1599 γάρ
581 1530 677 1583 καὶ
710 1528 881 1583 πλείω
925 1528 1131 1582 τούτων
1175 1529 1275 1583 οὐκ
1315 1530 1661 1598 ἐπιφαίνεται
1693 1531 1772 1601 τῷ

158 1621 444 1693 ἡμετέρῳ
474 1621 601 1692 βίῳ’
632 1623 661 1675 6
686 1621 743 1675 δὲ
788 1622 880 1685 σὸς
920 1620 1327 1691 ἐμπέπλησται.
1368 1624 1477 1677 Καὶ
1502 1624 1623 1678 οὐδὲ
1662 1628 1771 1690 πᾶς

156 1713 187 1764 6
244 1711 393 1776 λαός
451 1728 547 1765 σου
604 1712 710 1765 ὑπὸ
756 1714 885 1782 μιᾶς
928 1712 1207 1783 φροντίδος
1249 1712 1598 1786 δεδιοίκηται,
1649 1716 1771 1771 οὐδὲ

160 1804 409 1857 πάντων
437 1804 510 1856 τά
535 1804 802 1872 πρόσωπα
829 1802 925 1856 καὶ
953 1803 1021 1856 τά
1044 1802 1284 1873 ὀνόματα
1306 1799 1483 1868 οἶσθα,
1506 1806 1617 1860 οὐδ’
1643 1806 1771 1861 ὲκά-

1886 731 1941 775 et
1973 722 2262 776 saeculares
2285 765 2298 788 ,
2331 723 2561 794 imperio
2592 727 2847 796 praditos
2871 740 2926 785 et
2951 734 3232 803 subditos,
3271 744 3459 812 conju-

1885 826 1979 882 ges
2002 821 2058 867 et
2077 814 2307 878 caelibes,
2332 830 2515 870 servos
2541 832 2605 871 ac
2629 818 2849 883 liberos,
2873 824 3147 892 orphanos
3169 839 3224 885 et
3244 832 3457 897 viduas,

1884 902 2078 958 divites
2112 915 2167 959 et
2202 921 2471 975 pauperes
2496 948 2510 971 ,
2547 917 2799 977 potentes
2832 921 2887 967 et
2921 913 3112 984 inopes
3136 959 3150 983 ,
3185 920 3459 980 debitores

1882 1000 1939 1046 et
1969 992 2340 1059 feneratores,
2377 996 2521 1051 laute
2546 998 2793 1056 viventes
2836 1012 2892 1057 et
2937 1004 3079 1062 fame
3107 1009 3452 1079 laborantes,

1879 1083 2180 1152 locupletes
2222 1094 2280 1140 et
2335 1095 2478 1141 tecto
2515 1099 2766 1145 carentes
2789 1130 2803 1156 ,
2856 1095 3092 1151 molliter
3130 1102 3371 1157 vestitos.
3401 1115 3458 1161 et

1884 1190 2177 1243 pannosos.
2198 1176 2324 1233 Hac
2343 1178 2510 1242 enim,
2528 1189 2583 1234 et
2612 1180 2695 1236 bis
2719 1182 2895 1251 plura,
2917 1186 2972 1240 in
2999 1189 3109 1243 vita
3132 1201 3318 1249 nostra
3343 1211 3451 1250 non

1881 1278 2215 1335 cernuntur;
2265 1279 2354 1325 tua
2392 1287 2520 1326 vero
2561 1273 2646 1327 bis
2686 1275 2885 1332 referta
2926 1290 3029 1334 est.
3074 1282 3185 1337 Nec
3222 1289 3455 1356 populus

1882 1369 2008 1415 tuus
2041 1361 2143 1415 sub
2172 1376 2277 1415 una
2311 1377 2442 1417 cura
2470 1364 2757 1422 universus
2785 1369 2997 1439 cogitur
3019 1412 3035 1437 ,
3068 1389 3169 1428 nec
3206 1380 3451 1434 omnium

1880 1450 2047 1505 facies
2095 1459 2149 1505 et
2201 1452 2419 1507 nomina
2456 1456 2635 1519 nosti,
2686 1472 2790 1513 nec
2840 1460 2966 1519 vitae
3018 1464 3451 1541 uniuscujusque

1880 1542 1998 1595 vias
2055 1551 2110 1595 et
2157 1543 2396 1599 rationes
2439 1546 2763 1619 distinguis:
2805 1552 2901 1605 sed
2940 1554 3029 1608 alii
3069 1556 3224 1612 aliter
3257 1577 3452 1634 magno

1877 1630 2196 1689 discrimine
2240 1650 2299 1690 se
2344 1635 2562 1693 habent.
2612 1640 2824 1696 Etenim
2870 1644 2960 1698 alii
2992 1654 3191 1702 terram
3221 1630 3450 1710 fortasse

1878 1727 2109 1793 colunt,
2156 1727 2246 1782 alii
2277 1730 2564 1801 navigant,
2606 1732 2697 1786 alii
2722 1749 2911 1805 greges
2960 1750 3229 1807 pascunt,
3277 1744 3366 1798 alii
3394 1746 3448 1800 in

1877 1819 1991 1872 otio
2037 1818 2288 1890 degunt,
2335 1820 2425 1874 alii
2473 1823 2864 1892 negotiantur:
2920 1826 3249 1899 longumque
3302 1844 3450 1890 esset

161 1910 305 1947 στου
345 1894 451 1959 τάς
480 1893 738 1965 μεθόδους
766 1895 866 1962 τῆς
892 1892 1038 1963 ζωῆς
1069 1892 1447 1962 διαγινώσκεις
1468 1911 1483 1925 ’
1520 1895 1657 1950 ἀλλά
1679 1897 1762 1951 ἀλ·

1872 1924 2006 1977 quas
2060 1909 2113 1963 in
2149 1910 2376 1980 singulis
2429 1911 2677 1967 videmus
2713 1917 3099 1985 occupationes
3137 1935 3445 1980 recensere.

160 1984 252 2038 λοι
290 1986 493 2049 -ἀλλως
545 1985 687 2039 κατὰ
726 1984 862 2038 πολὺ
905 1985 967 2038 τὸ
1012 1984 1267 2055 διάφορον
1300 1984 1535 2055 ἔχουσιν.
1570 1988 1634 2043 Ol
1665 1988 1764 2058 μὲν

162 2074 285 2147 γὰρ
349 2078 485 2140 ἴσως
532 2074 922 2144 γεωπονοῦσιν,
977 2076 1028 2128 οί
1081 2075 1138 2128 δὲ
1179 2076 1573 2145 ναυτίλλουσιν,
1616 2080 1668 2133 οί
1708 2080 1765 2133 δὲ

164 2168 662 2239 ποιμαινεύουσιν,
698 2168 748 2221 οἱ
795 2167 852 2220 δὲ
892 2166 1287 2237 ἀπρακτοῦσιν,
1322 2168 1372 2222 οί
1421 2168 1476 2222 δὲ
1520 2187 1763 2241 πρακτο-

165 2262 441 2331 ρεύονται
460 2276 472 2289 ·
508 2261 601 2314 καὶ
634 2260 802 2323 πολὺς
834 2262 862 2312 6
886 2258 1043 2329 λόγος
1071 2261 1171 2330 τῆς
1204 2260 1289 2329 ἐφ’
1309 2261 1523 2332 ἑκάστῳ
1550 2263 1764 2333 ὁρωμέ-

164 2369 275 2421 νης
309 2353 603 2423 ἐργασίας.
650 2352 774 2405 Ἐπὶ
794 2350 1005 2417 τούτοις
1028 2352 1084 2406 δὲ
1119 2354 1288 2407 πᾶσιν
1318 2354 1440 2416 ὅσος
1482 2354 1574 2408 καὶ
1603 2355 1764 2426 πηλί-

167 2458 271 2505 κος
326 2445 359 2494 6
395 2442 597 2505 κόποςί
660 2440 802 2495 mea
856 2441 1164 2514 λογίζομαι,
1224 2445 1526 2513 ἀλόγιστος
1556 2447 1678 2510 ὅσος
1737 2449 1766 2500 6

168 2532 376 2603 ἱδρὼς,
412 2535 441 2587 6
487 2532 657 2600 ἀγὼν,
705 2535 733 2585 6
766 2532 985 2605 δρόμος,
1019 2537 1053 2605 ἡ
1083 2537 1322 2600 εὐτονία,
1364 2539 1398 2609 ἡ
1444 2540 1685 2610 φροντὶς,
1730 2540 1765 2609 ἡ

173 2626 458 2695 μέριμνα,
491 2627 524 2695 ὴ
559 2622 775 2693 ἐκτηξις
804 2627 902 2695 τῆς
927 2629 1148 2699 σαρκὸς,
1173 2632 1206 2701 ἡ
1235 2630 1394 2701 ὀδύνη
1434 2632 1534 2702 τῆς
1560 2632 1763 2704 ψυχῆς,

170 2718 205 2786 ej
237 2717 350 2786 τῆς
377 2717 613 2779 διανοίας
651 2720 971 2790 κατακοπήι
1013 2722 1222 2792 Ὠσπερ
1252 2718 1344 2777 οῦν
1389 2725 1418 2777 6
1445 2725 1766 2779 ἀπευθύνων

169 2812 282 2881 τὴν
321 2810 454 2864 ναῦν
498 2810 557 2863 ἐν
594 2809 805 2883 μεγάλῃ
852 2810 991 2884 ζάλῃ
1024 2813 1119 2867 καὶ
1158 2816 1433 2884 καταιγίδι
1467 2817 1763 2889 θαλάσσης,

170 2902 302 2965 ὅλος
331 2903 518 2973 νήφων
543 2901 661 2954 ἐστὶ
686 2906 780 2957 καὶ
803 2905 1227 2975 ἀπερίτρεπτος,
1261 2907 1595 2964 ἀνύστσκτον
1626 2909 1767 2980 έχων

171 2994 273 3046 τὸν
302 2992 582 3062 ὀφθαλμόν
601 3008 614 3022 ⁶
643 2993 762 3048 οὐδὲ
786 2996 893 3068 γὰρ
917 2998 995 3059 είς
1022 2996 1229 3068 βραχὺν
1256 3000 1413 3071 φέρει
1437 2999 1680 3056 κίνδυνον
1707 3001 1768 3057 τὸ

176 3086 403 3155 μικρῶς
458 3102 577 3149 πως
623 3091 999 3157 παρεμπεσεῖν
1049 3092 1306 3164 ἀπειρίαν
1346 3095 1438 3147 καὶ
1466 3095 1765 3165 ἀμέλειανο

172 3175 329 3231 οὕτω
360 3176 542 3248 πολλῷ
577 3173 777 3247 μᾶλλον
806 3179 835 3232 6
857 3181 1193 3254 κυὸερνήτης
1222 3185 1328 3238 τῶν
1355 3185 1542 3256 ψυχῶν
1569 3188 1768 3255 ἀγωνι-

1868 1996 1926 2050 ln
1980 1998 2063 2053 his
2125 2010 2310 2054 autem
2360 2003 2615 2057 omnibus
2654 2004 2829 2073 qualis
2861 2019 3204 2079 quantusque
3260 2012 3450 2069 labor?

1866 2093 2125 2147 aestimari
2156 2134 2171 2158 ,
2230 2101 2290 2148 ut
2341 2104 2511 2163 puto,
2564 2110 2673 2150 non
2707 2108 2902 2167 potest.
2950 2099 3197 2167 Quantus
3241 2107 3443 2173 sudor,

1866 2193 2143 2239 certamen
2171 2224 2186 2247 ,
2222 2200 2417 2241 cursus
2444 2226 2458 2246 .
2516 2188 2797 2243 contentio
2817 2229 2832 2254 ,
2895 2207 3023 2247 cura
3045 2231 3060 2254 ,
3103 2193 3405 2252 sollicitudo
3428 2238 3442 2261 ,

1867 2275 2049 2330 carnis
2104 2275 2367 2340 aﬂlictio,
2423 2279 2589 2333 animi
2650 2279 2854 2345 dolor,
2920 2286 3120 2340 mentis
3184 2287 3445 2355 defatiga-

1869 2365 1980 2421 tio?
2027 2364 2503 2432 Quemadmodum
2547 2384 2675 2441 ergo
2710 2371 2802 2441 qui
2848 2388 3040 2428 navem
3083 2380 3347 2447 gubernat
3388 2379 3443 2435 in

1868 2455 2076 2526 magnis
2097 2456 2259 2511 maris
2282 2456 2534 2512 ﬂuctibus
2554 2470 2609 2513 et
2633 2466 2973 2529 tempestate,
2999 2473 3146 2520 totus
3169 2468 3440 2541 advigilat,

1866 2558 1923 2602 et
1952 2548 2007 2601 in
2042 2564 2103 2603 ea
2128 2564 2258 2603 cura
2283 2549 2490 2605 deﬁxus
2515 2560 2617 2615 est,
2652 2568 2753 2607 nec
2784 2569 3032 2611 somnum
3058 2560 3230 2615 oculis
3257 2562 3441 2617 indul-

1866 2649 1955 2710 get
1984 2644 2111 2708 (non
2140 2642 2286 2696 enim
2314 2643 2465 2713 parvi
2502 2654 2583 2698 est
2613 2648 2838 2714 periculi
2863 2648 2907 2701 si
2937 2650 3023 2704 vel
3039 2652 3232 2722 exigua
3261 2654 3440 2722 aliqua

1862 2731 2090 2801 obrepat
2126 2733 2395 2802 imperitia
2433 2735 2517 2788 vel
2556 2737 2924 2807 negligentia),
2963 2740 3041 2795 sic
3071 2743 3241 2799 multo
3271 2747 3441 2817 magis

1867 2824 2171 2879 animarum
2199 2825 2533 2896 gubernator
2561 2827 2896 2897 praefecturae.
2925 2842 3107 2901 partes
3141 2837 3437 2892 studiosius

1866 2924 1922 2968 et
1969 2918 2275 2973 accuratius
2310 2924 2495 2972 teneat
2529 2935 2752 2977 necesse
2781 2930 2896 2986 est,
2936 2938 3002 2977 ne
3023 2927 3255 2981 extremi
3285 2928 3439 2983 exitii

1869 3007 2137 3077 profundo
2163 3008 2527 3078 demergatur.
2564 3010 2856 3079 Propterea
2877 3050 2891 3074 ,
2927 2999 2985 3066 ut
3016 3015 3275 3081 arbitror,
3312 3033 3441 3073 san-

1869 3099 2112 3153 ctissime
2132 3140 2147 3163 ,
2178 3115 2407 3170 magnus
2440 3100 2729 3170 Apostolus
2756 3104 3093 3159 exclamabat
3119 3122 3133 3159 :
3167 3107 3296 3172 Quis
3354 3111 3440 3162 in-

1868 3188 2145 3256 ﬁrmatur,
2188 3199 2237 3243 et
2271 3206 2363 3260 ego
2407 3206 2510 3244 non
2544 3192 2821 3260 inﬁrmor?
2855 3196 2971 3265 quis
3008 3199 3439 3267 scandalizatur,

178 3265 522 3341 στικώτερον
550 3272 647 3324 καὶ⁵
679 3272 1068 3344 ἀκριϐέστερον
1118 3275 1318 3330 εἰδέναι
1347 3276 1554 3346 ὀφείλει
1578 3279 1639 3331 τὸ
1663 3278 1762 3349 τῆς

1867 3291 1913 3335 et
1950 3298 2041 3352 ego
2073 3297 2175 3335 non
2206 3297 2330 3335 uror
2356 3282 2400 3313 ³⁸
2427 3282 2450 3334 ?
2499 3281 2562 3336 Et
2595 3282 2825 3337 iterum:
2865 3283 3058 3339 Factus
3088 3302 3204 3340 sum
3237 3265 3441 3345 luditis

178 3362 523 3433 προστασίας
567 3362 747 3433 ἔργον,
782 3364 869 3418 ἴνα
917 3366 992 3437 μὴ
1045 3366 1373 3438 ὑποϐρύχιος
1415 3370 1641 3441 γένηται
1685 3371 1764 3442 τῷ

178 3452 335 3525 βυθῷ
361 3454 463 3525 τῆς
498 3454 795 3520 ἀπωλείας.
828 3457 926 3510 Διά
949 3456 1145 3523 ταῦτα,
1171 3458 1246 3522 ῶς
1270 3456 1443 3530 οἶμαι,
1468 3461 1761 3531 ἀγιὼτατε,

178 3545 317 3598 ἐϐόα
367 3548 396 3599 6
450 3545 622 3617 μέγας
677 3548 1016 3612 Ἀπόστολος,
1068 3550 1164 3616 Τίς
1208 3552 1471 3615 ἀσθενεῖ,
1501 3554 1601 3607 καί
1649 3556 1762 3609 οὐκ

174 3636 462 3701 (lavari);
492 3639 582 3704 τις
625 3637 1104 3704 σκανδαλίζεται,
1132 3642 1230 3694 καὶ
1263 3644 1373 3696 οὐκ
1398 3642 1513 3712 ἐγὼ
1540 3645 1762 3713 πυροῦ-

172 3744 324 3798 μαι;
369 3731 481 3784 Καὶ
506 3729 690 3793 πάλιν,
719 3730 834 3783 Ὅτι
867 3731 1159 3802 ἐγενόμην
1197 3733 1321 3801 τοῖς
1354 3735 1656 3802 Ἰουδαίοις
1681 3738 1762 3803 ὡς

191 3818 496 3886 Ἰουδαῖος,
540 3819 663 3884 τοῖς
704 3820 824 3874 ὑπὸ
872 3822 1064 3892 νόμον
1097 3824 1177 3889 ὡς
1233 3826 1352 3879 ὑπὸ
1397 3829 1605 3895 νόμον,
1636 3828 1761 3895 τοῖς

175 3910 433 3980 ἀνόμοις
458 3911 539 3976 ὡς
572 3910 812 3980 ἄνομος,
837 3913 923 3982 μὴ
962 3913 1047 3967 ὢν
1075 3915 1318 3986 ἄνομος,
1350 3918 1488 3972 ἀλλ’
1508 3920 1761 3991 ἔννομος

178 4001 437 4068 Χριστῷ.
487 4001 615 4069 Τοῖς
662 4001 812 4059 πᾶσι
852 4004 1070 4075 γέγονα
1119 4008 1191 4062 τὰ
1227 4008 1443 4073 πάντα,
1482 4012 1582 4067 ἵνα
1619 4012 1762 4078 τοὺς

176 4092 417 4159 πάντας
462 4093 756 4162 κερδήσω.
802 4094 936 4149 Ἰδοὺ
970 4096 1147 4163 οὕτως
1198 4100 1292 4154 καὶ
1333 4102 1383 4154 οί
1433 4104 1552 4157 κατ’
1598 4103 1760 4156 αὑτὸν

177 4187 408 4250 κανόνες
448 4188 544 4240 καὶ
583 4186 698 4257 ὅροι
733 4188 1038 4260 ἐπισκοπῆς
1098 4191 1349 4263 καθάπερ
1386 4194 1479 4247 καὶ
1511 4195 1666 4248 αὐτοὶ
1708 4197 1758 4248 οί

176 4278 458 4331 Θεσπέσιοι
498 4279 740 4349 Πατὲρες
765 4280 921 4350 ἡμῶν
949 4281 1344 4350 διαγορεύουσι.
1392 4286 1593 4339 Λοιπὸν
1622 4286 1757 4341 ἀνα-

174 4370 341 4437 γνοὺς
404 4370 497 4422 καὶ
542 4372 793 4439 διαγνοὺς
848 4373 915 4426 τά
950 4373 1058 4427 τῶν
1109 4374 1297 4443 ἁγίων,
1335 4376 1424 4430 καὶ
1452 4379 1543 4431 ἐπὶ
1570 4382 1759 4448 χεῖρας

174 4463 319 4532 ἔχων
344 4462 412 4514 τὰ
434 4461 805 4534 θεοπαράδοτα
832 4465 1016 4533 λόγια·
1048 4467 1101 4519 τί
1137 4468 1272 4538 πρὸς
1302 4470 1436 4540 ἐμοῦ
1470 4471 1563 4524 τοῦ
1595 4472 1759 4525 τάλα-

174 4571 268 4617 νος
295 4553 539 4608 τοιοῦτόν
570 4573 623 4609 τι
647 4556 955 4627 ἐπιζητείς;
997 4557 1138 4625 Ἐγὼ
1165 4559 1307 4616 δοκῶ
1339 4560 1429 4613 τὸν
1458 4561 1753 4613 ἐπίσκοπον

175 4643 318 4700 εἶναι
353 4645 565 4717 ἔφορον,
597 4648 690 4699 καὶ
721 4648 1021 4701 ὑπεύθυνον
1044 4650 1143 4719 τῆς
1167 4651 1262 4701 ἐπὶ
1286 4652 1421 4703 πᾶσι
1446 4652 1555 4703 τῶν
1584 4654 1751 4724 ἀρχο-

178 4737 360 4806 μένων
413 4739 710 4807 γενομένης
755 4736 1117 4808 διαπράξεως.
1156 4742 1419 4810 ’Ἄγγελον
1462 4744 1749 4814 ἀσίγητον,

172 4825 244 4877 τά
299 4823 398 4877 τοῦ
440 4824 575 4878 Θεοῦ
603 4824 947 4897 δικαιώματα
990 4829 1338 4899 κηρύσσοντα
1362 4851 1373 4863 ο
1413 4832 1568 4902 ὄμμα
1600 4834 1751 4887 ἀκοί-

178 4933 353 4986 μητον
379 4916 479 4979 τὰς
508 4918 741 4971 ἑκάστου
764 4920 916 4982 ὀδοὺς
945 4918 1050 4971 τῶν
1084 4920 1174 4972 ὑπ’
1206 4922 1371 4976 αὐτοῦ
1402 4924 1750 4994 ἐξαγομένων

174 5009 609 5079 ἑπιὸλεπόμενον
634 5026 647 5039 ·
677 5011 903 5081 μίμημα
937 5012 1197 5082 Χριστοῦ,
1228 5016 1309 5076 εἰς
1334 5014 1392 5067 ὃν
1418 5017 1467 5069 οί
1492 5018 1749 5087 ἑπόμενοι

176 5100 537 5170 προσέχοντες
556 5100 655 5171 τὴν
687 5102 895 5155 ἑαυτῶν
919 5102 1063 5172 ζωὴν
1090 5103 1455 5172 εύαγγελικῶς
1483 5123 1753 5179 χαρακτηο

177 5190 431 5260 ρίζουσι·
465 5194 726 5262 φωστῆρα
774 5193 1050 5263 ἀειλαμπῆ
1103 5198 1214 5258 τοῖς
1272 5196 1331 5260 ἐξ
1385 5198 1608 5264 ἀγνοίας
1658 5199 1751 5251 καὶ

176 5282 453 5354 ἁμαρτίας
472 5284 869 5354 νυκτομαχοῦσι
895 5286 1291 5357 γνωριζόμενον
1313 5304 1326 5319 ο
1352 5288 1440 5341 τὸν
1470 5289 1627 5357 λόγον
1652 5289 1751 5359 τῆς

174 5376 525 5439 διδασκαλίας
555 5378 960 5447 ὲπομϐρίζοντα
991 5383 1100 5440 τοῖς
1128 5379 1324 5448 διψῶσι
1366 5384 1433 5433 τὰ
1476 5382 1717 5451 σωτήρια
1737 5400 1752 5413 -

174 5468 460 5536 οἰκονόμον
508 5470 783 5539 μέγιστον,
814 5472 902 5522 τὸν
946 5472 1175 5525 ἑκάστου
1209 5474 1322 5542 βίον
1356 5474 1754 5542 λογοθετείσθαι

179 5559 448 5629 μέλλοντα
476 5561 533 5612 ἂν
557 5560 732 5630 καιρῷ
759 5562 1185 5626 ἀνταποδόσεως.
1218 5563 1354 5617 Οῦτε
1377 5562 1471 5617 οὖν
1497 5565 1680 5634 μεῖζόν
1703 5584 1753 5619 τι

174 5651 272 5718 τῆς
311 5650 446 5718 πρὸς
480 5652 613 5703 Θεὸν
657 5651 953 5722 ἐγγύτητος
996 5657 1088 5707 καὶ
1122 5655 1363 5724 ἀγάπης,
1406 5656 1516 5708 οὔτ’
1549 5652 1613 5710 αὖ
1668 5658 1754 5709 εὖ-

246 5830 293 5861 ³⁵
337 5829 375 5884 ll
410 5830 530 5887 Cor.
569 5848 641 5902 XI,
674 5834 762 5889 '29.

1866 3386 2122 3445 tanquam
2148 3375 2399 3439 ludatis;
2424 3376 2489 3429 iis
2520 3377 2611 3446 qui
2633 3377 2724 3430 sub
2758 3377 2868 3448 lege
2899 3389 3042 3444 sunt,
3073 3390 3321 3448 tanquam
3346 3384 3439 3436 sub

1864 3464 1973 3536 lege
2000 3482 2193 3531 essem;
2220 3466 2286 3519 iis
2305 3466 2397 3536 qui
2418 3466 2530 3518 sine
2556 3465 2666 3535 lege
2688 3474 2871 3530 erant,
2909 3476 3165 3538 tanquam
3189 3471 3300 3524 sine
3330 3470 3438 3541 lege

1862 3573 2057 3622 essem;
2097 3573 2217 3611 cum
2245 3558 2356 3611 sine
2384 3556 2492 3626 lege
2530 3572 2634 3609 non
2673 3572 2865 3621 essem,
2905 3560 2995 3612 sed
3035 3560 3091 3613 in
3125 3561 3234 3631 lege
3274 3577 3438 3616 essem

1862 3645 2073 3702 Christi.
2100 3646 2353 3700 Omnibus
2380 3648 2558 3700 omnia
2588 3647 2762 3718 factus
2784 3664 2899 3701 sum
2920 3690 2936 3713 ,
2968 3662 3026 3703 ut
3064 3666 3239 3705 omnes
3273 3651 3437 3706 lucri-

1862 3742 2089 3809 facerem
2118 3742 2184 3795 ".
2218 3740 2296 3796 En
2316 3782 2332 3805 ,
2363 3742 2450 3796 vel
2483 3744 2600 3809 ejus
2630 3742 2898 3797 sententia
2923 3783 2938 3807 ,
2963 3743 3109 3815 leges
3138 3753 3192 3799 et
3222 3746 3438 3818 regulas

1861 3831 2227 3900 episcopatus.
2254 3829 2713 3901 quemadmodum
2738 3840 2793 3886 et
2818 3832 2986 3886 divini
3012 3848 3226 3904 quoque
3250 3837 3436 3895 Patres

1861 3923 2034 3975 nostri
2084 3930 2373 3976 testantur.
2409 3921 2702 3987 Caeterum,
2738 3937 2861 3976 cum
2897 3936 3206 3983 sanctorum
3240 3930 3436 3998 placita

1861 4014 2007 4085 legas
2036 4022 2090 4067 et
2123 4014 2411 4083 intelligas,
2438 4022 2486 4067 et
2514 4011 2695 4067 divina
2726 4014 2942 4068 oracula
2969 4016 3019 4069 in
3055 4019 3306 4074 manibus
3340 4022 3435 4074 ha~

1862 4106 2019 4169 beas,
2052 4105 2180 4173 quid
2219 4120 2247 4159 a
2290 4120 2378 4159 me
2416 4105 2619 4160 misero
2658 4106 2763 4160 tale
2810 4106 3088 4175 quidpiam
3138 4110 3439 4181 elllagitas?

1862 4196 1972 4266 Ego
2019 4197 2333 4265 episcopum
2378 4212 2580 4250 censeo
2632 4197 2994 4266 inspectorem
3054 4216 3209 4266 esse,
3262 4218 3326 4257 ac
3367 4204 3436 4258 de

1860 4289 2117 4343 onmibus
2145 4304 2266 4357 quae
2303 4305 2331 4342 a
2374 4288 2606 4343 subditis
2634 4299 2869 4360 aguntur
2900 4291 3230 4357 obnoxium;
3274 4308 3436 4364 ange-

1861 4380 1970 4434 lum
2006 4396 2113 4433 non
2142 4380 2418 4444 silentem,
2443 4380 2860 4450 justiﬂcationes
2889 4382 2978 4436 Dei
3010 4394 3270 4454 perpetuo
3293 4400 3433 4453 prie—

1860 4474 2163 4538 dicantem;
2196 4474 2759 4533 oculuminsomnem.
2791 4475 2968 4543 gregis
2996 4476 3076 4528 sui
3118 4476 3434 4546 singillatim

1861 4562 1976 4615 vias
2006 4562 2476 4626 considerantem;
2532 4563 2881 4617 simulacrum
2926 4561 3162 4628 Christi,
3194 4564 3260 4619 ad
3290 4567 3434 4633 quod

1861 4653 2053 4705 intenti
2093 4654 2185 4722 qui
2222 4665 2567 4723 sequuntur,
2620 4654 2786 4708 vitam
2842 4671 2995 4709 suam
3040 4657 3107 4710 ad
3157 4656 3431 4727 Evangelii

1861 4742 2085 4800 formam
2115 4743 2395 4814 ellingant;
2428 4744 2598 4799 facem
2626 4756 2889 4815 perpetuo
2916 4747 3219 4809 ardentem,
3254 4748 3319 4802 iis
3340 4750 3433 4817 qui

1860 4835 1913 4888 in
1948 4834 2266 4904 ignorantiae
2290 4837 2607 4905 peccatique
2628 4839 2869 4892 tenebris
2898 4838 3179 4902 dimicant,
3212 4842 3432 4910 conspi-

1858 4942 2052 4990 cuam;
2083 4942 2391 4981 sermonem
2416 4928 2695 4993 doctrinae,
2727 4930 2983 4983 salutaria
3012 4931 3321 4985 sitientibus
3353 4933 3434 4983 in-

1860 5018 2213 5083 fundentem;
2258 5020 2687 5090 dispensatorem
2725 5022 3018 5077 maximum
3041 5062 3054 5085 ,
3090 5023 3182 5091 qui
3217 5024 3284 5077 de
3318 5024 3432 5076 sin-

1857 5109 2103 5179 gulorum
2135 5109 2266 5172 vita,
2297 5100 2676 5165 retributionis
2704 5122 2966 5180 tempore,
3006 5115 3271 5167 rationem
3310 5114 3433 5167 red-

1858 5202 2070 5255 diturus
2100 5202 2189 5255 sit.
2220 5202 2404 5271 Itaque
2435 5205 2582 5257 nulla
2619 5204 2853 5257 allinitas
2879 5221 3001 5260 cum
3036 5206 3145 5260 Deo
3166 5215 3219 5259 et
3247 5206 3427 5260 chari-

1862 5306 1940 5347 Ias
1963 5294 2135 5363 major
2159 5303 2262 5357 est,
2293 5304 2385 5348 aut
2414 5296 2498 5349 cui
2531 5295 2732 5350 certior
2754 5297 2824 5349 sit
2846 5312 3075 5357 merces.
3097 5313 3255 5366 quam
3290 5313 3429 5365 prae-

1858 5384 2063 5437 l'cctura
2094 5392 2240 5437 tanta
2263 5380 2761 5454 {quemadmodum
2786 5386 3036 5440 Christus
3065 5388 3180 5456 ipse
3212 5398 3429 5455 aposto-

1858 5476 2030 5529 lorum
2078 5476 2307 5545 principi
2337 5477 2509 5531 dixit:
2554 5478 2781 5533 Siamas
2814 5496 2924 5542 me,
2970 5478 3149 5543 Pelre,
3181 5480 3297 5548 plus
3326 5481 3425 5534 his.

1857 5584 2011 5634 pasce
2041 5585 2154 5621 oves
2189 5585 2329 5621 meas
2358 5571 2420 5623 ³⁷.
2456 5570 2565 5624 Nec
2600 5570 2956 5640 periculosius
2987 5571 3299 5640 quidquam,
3335 5579 3427 5623 aut

1857 5661 2140 5715 exitiosius
2169 5676 2330 5729 quam
2364 5662 2414 5715 in
2457 5678 2517 5716 ea
2554 5662 2771 5733 indigne
2809 5664 3026 5715 versari.

838 5836 923 5887 "l
967 5836 1086 5889 (lor.
1129 5854 1199 5899 rx,
1236 5836 1303 5890 20
1336 5836 1425 5903 23,
1507 5837 1546 5867 "
1576 5834 1731 5890 Joan.
1776 5854 1892 5895 λιι,
1935 5838 2013 5889 15.
