4158 6468
711 394 811 456 947

1887 390 1946 448 S.
1997 388 2389 449 THEODORI
2430 382 2777 451 STUDlTJE

3858 396 3968 458 948

709 502 1055 575 μισθότερον,
1087 501 1161 564 ὡς
1198 501 1231 571 ἠ
1266 500 1571 572 τηλικαύτη
1602 498 1927 553 ἐπιστασίαυ
1987 499 2169 563 καθώς
2218 516 2384 569 φησιν
2444 500 2605 565 αὐτὸς
2657 504 2685 553 ό
2715 503 2945 571 Χριστός
2988 503 3125 573 πρὸς
3162 506 3253 558 τὸν
3298 508 3593 576 κορυφαῖον
3625 506 3928 561 ἀποστολον
3951 526 3966 539 ·

707 616 725 647 ο
764 598 824 651 Εί
865 596 1041 665 φιλεῖς
1085 612 1180 664 με,
1214 595 1408 664 Πέτρε,
1458 594 1639 646 πλεῖον
1677 593 1902 659 τούτων,
1935 593 2189 662 ποίμαινε
2220 593 2289 645 τά
2329 592 2578 663 πρόϐατά
2606 610 2729 665 μου.
2761 613 2779 646 ι
2816 595 2951 648 Οὔτε
2978 596 3443 669 ἐπικινδυνότερον
3462 601 3558 653 καὶ
3580 599 3971 669 όλεθριῶτερον

703 693 815 751 τοῖς
854 686 1093 751 ἀναξίως
1117 686 1321 755 ταύτην
1353 685 1781 755 ἀσπαζομένοις.

772 788 841 840 At
869 795 955 849 tu,
989 791 1071 837 sat
1096 782 1232 847 scio,
1261 782 1476 835 Patrum
1504 781 1730 849 optime.
1762 781 1939 834 bonus
1971 790 2155 850 pastor
2186 794 2280 844 es,
2317 788 2355 840 Α

700 880 793 948 qui
824 878 1063 931 animam
1098 883 1243 927 tuam
1279 889 1376 943 pro
1413 874 1608 926 ovibus
1639 886 1856 941 semper
1890 872 2156 940 posuisti,
2184 887 2283 941 pro

702 978 1027 1033 unaquaque
1066 970 1230 1031 caput
1275 962 1569 1030 objiciens,
1622 961 1907 1014 hominum
1964 962 2141 1014 minas
2172 977 2280 1015 non

702 1056 1084 1116 reformidans,
1123 1052 1407 1106 veritatem
1445 1052 1498 1105 in
1532 1051 1939 1106 adversantium
1964 1052 2137 1106 oculis
2173 1067 2282 1105 non

700 1146 1083 1204 dissimulans.
1137 1144 1280 1198 unici
1311 1145 1453 1212 regis
1484 1143 1747 1197 voluntati
1772 1143 2175 1197 obsecundans.
2200 1143 2282 1197 Ad

703 1237 851 1300 haec,
888 1250 1121 1306 arguens
1152 1250 1275 1289 cum
1312 1236 1594 1298 libertate,
1630 1250 1846 1304 pinnam
1876 1234 2125 1305 irrogans
2156 1250 2280 1290 cum

702 1329 954 1390 lenitate,
996 1328 1285 1395 pacilicans
1312 1335 1367 1380 et
1395 1326 1757 1380 reconcilians
1780 1326 2129 1389 dissidentes,
2159 1342 2284 1397 pro-

701 1420 886 1473 fanum
940 1433 969 1472 a
1029 1427 1217 1471 sancto
1261 1418 1556 1486 prudenter
1593 1416 1894 1479 dirimens,
1938 1424 1993 1471 et
2024 1432 2216 1471 sanum
2253 1434 2281 1471 a

702 1510 984 1570 morbido.
1023 1524 1091 1562 ne
1112 1508 1439 1578 contagione
1472 1523 1569 1561 sua
1603 1508 1840 1561 vicinum
1874 1507 2114 1573 inliciat;
2140 1510 2282 1578 quod

709 1604 926 1655 aberrat
952 1602 1004 1655 in
1040 1601 1179 1655 viain
1220 1601 1506 1663 reducens,
1546 1601 1689 1669 quod
1724 1599 1996 1653 infirmum
2028 1612 2112 1655 est
2149 1617 2283 1657 con-

702 1692 978 1757 solidans,
1035 1690 1179 1759 quod
1217 1690 1556 1745 confractum
1604 1700 1686 1745 est
1729 1691 1957 1761 alligans
1991 1692 2055 1748 ⁸⁸.
2110 1692 2282 1758 Quam

701 1783 981 1853 multiplex
1009 1797 1196 1836 revera
1224 1792 1373 1835 tuum
1396 1792 1481 1836 est
1502 1783 1667 1850 opus!
1698 1782 2119 1851 Praapositorum
2152 1784 2282 1837 visi-

705 1876 882 1939 tatio,
926 1874 1266 1928 celliotarum
1325 1873 1683 1943 approbatio,
1741 1874 2181 1943 presbyterorum
2230 1885 2285 1931 et

702 1966 1057 2019 diaconorum
1096 1963 1388 2027 ordinatio,
1422 1972 1477 2017 et
1508 1962 1701 2017 horum
1729 1962 1973 2015 omnium
2004 1964 2129 2018 vita:
2156 1978 2283 2017 cen-

703 2072 830 2111 sura
864 2072 877 2109 :
912 2056 1203 2110 viduarum
1230 2054 1499 2117 defensio,
1537 2054 1911 2123 orphanorum
1943 2054 2277 2120 subsidium,

702 2149 1024 2203 aﬂlictorum
1067 2148 1240 2212 ultio,
1291 2161 1674 2216 oppressorum
1710 2147 2101 2216 propugnatio;
2146 2147 2279 2217 quin

702 2240 868 2294 etiam
889 2236 1173 2305 dignitatis
1188 2236 1552 2291 conservatio.
1583 2236 1719 2299 Quia
1753 2237 1841 2289 ubi
1869 2237 2003 2290 nihil
2025 2246 2111 2291 est
2134 2239 2278 2307 quod

704 2330 961 2401 pietatem
1006 2329 1165 2383 laedat
1213 2327 1296 2382 vel
1345 2326 1638 2397 impediat,
1684 2327 1878 2397 subjici
1925 2343 2025 2382 nos
2064 2344 2280 2399 quoque

703 2422 852 2475 omni
885 2421 1110 2490 imperio
1142 2430 1197 2474 et
1237 2419 1494 2489 potestati
1528 2428 1776 2488 oportet,
1815 2420 2281 2474 benevolentiam-

703 2527 811 2581 que
858 2521 1161 2581 perpetuo,
1216 2511 1261 2565 si
1300 2511 1416 2565 ﬁeri
1459 2519 1671 2580 potest,
1718 2511 1961 2565 omnium
2003 2511 2279 2575 retinere,

702 2613 953 2673 prompte
985 2618 1047 2657 ac
1088 2604 1321 2672 benigne
1351 2602 1677 2666 salutando,
1712 2617 1774 2656 ac
1815 2603 2075 2671 majorem
2116 2604 2279 2657 etiam

704 2696 971 2749 honorem
1009 2694 1363 2748 redhibendo.
1394 2694 1549 2747 Absit
1583 2693 1728 2747 enim
1765 2702 1822 2746 ut
1846 2693 1913 2747 de
1952 2694 2282 2748 beatitudine

706 2797 797 2841 tua
845 2786 1126 2850 dicantur,
1174 2801 1296 2855 qua:
1344 2785 1632 2838 contraria:
1692 2784 1956 2838 malorum
2004 2795 2280 2854 pastorum

706 2878 845 2948 parti
867 2878 1197 2931 conveniunt
1228 2878 1239 2930 l
1272 2877 1364 2947 qui
1390 2879 1561 2946 turpis
1578 2877 1785 2931 scilicet
1812 2876 1948 2930 lucri
1975 2877 2143 2947 gratia
2164 2892 2281 2947 gre-

708 2984 829 3039 gem
852 2979 1101 3038 pascunt,
1125 2970 1215 3039 qui
1241 2971 1309 3023 ad
1337 2970 1457 3023 vitae
1488 2970 1771 3023 commoda
1800 2968 2115 3039 dignitatem
2142 2969 2283 3023 hanc

708 3062 974 3124 referunt,
1006 3060 1071 3114 ad
1107 3062 1285 3116 carnis
1313 3061 1701 3122 laxamentum,
1732 3059 1797 3113 ad
1825 3060 2139 3129 cupiditatis
2167 3059 2281 3113 fru-

708 3169 875 3223 ctum,
907 3156 972 3209 ad
999 3156 1265 3206 [luiturum
1290 3166 1455 3219 Opuni
1488 3150 1941 3218 conquisitionem
1962 3189 1975 3213 ,
2012 3150 2078 3203 ad
2110 3150 2283 3219 pluri-

706 3264 921 3304 Irarum
982 3256 1139 3299 terra:
1193 3242 1443 3311 jugerum
1502 3239 1942 3308 possessionem,
2000 3240 2285 3309 gregisque

710 3353 989 3394 servorum
1018 3351 1081 3389 ac
1106 3334 1374 3403 pecudum
1399 3333 1673 3385 numerosi
1706 3348 1718 3385 :
1756 3332 1983 3401 ideoque
2005 3346 2113 3386 non
2146 3333 2283 3387 divi-

710 3434 816 3491 nis,
840 3428 933 3482 sed
956 3425 1207 3480 humanis
1228 3424 1439 3476 artibus
1462 3422 1527 3475 ad
1552 3420 1889 3491 praefectura;
1916 3421 2128 3476 culmen
2156 3437 2283 3490 pro-

710 3521 921 3582 siliunt,
943 3518 1070 3571 utin
1093 3515 1337 3569 subditos
1383 3514 1735 3580 supercilium
1775 3513 2041 3576 attollant,
2075 3522 2129 3566 et
2157 3526 2283 3568 ante

713 3612 1089 3669 honoratiores
1128 3616 1448 3676 arroganter
1490 3606 1732 3659 sedeant.
1786 3606 1937 3660 Mitto
1979 3607 2046 3661 de
2078 3608 2181 3660 illis
2204 3608 2285 3661 di-

711 3718 857 3767 cere,
872 3703 961 3773 qui
985 3700 1381 3755 causidicorum
1402 3712 1549 3750 more
1570 3712 1666 3766 pro
1679 3697 1897 3751 caducis
1914 3698 2075 3751 rebus
2100 3698 2287 3752 decer-

712 3804 862 3857 tant,
905 3801 959 3846 et
1005 3808 1103 3861 pro
1149 3789 1391 3843 veritatis
1438 3789 1783 3856 dogmatibus
1841 3804 1949 3842 non
2003 3790 2282 3843 resistunt.

712 3882 977 3952 Quodque
1008 3880 1090 3933 his
1120 3880 1276 3948 longe
1313 3878 1530 3949 gravius
1567 3888 1685 3942 est,
1716 3879 1784 3932 de
1814 3879 1878 3932 iis
1917 3879 2008 3948 qui
2039 3880 2286 3934 subdito-

712 3994 831 4031 rum
863 3980 999 4029 bona
1028 3973 1262 4043 rapiunt,
1298 3982 1352 4025 et
1373 3981 1665 4039 exsuguut,
1697 3971 1930 4039 indeque
1961 3974 2282 4040 potentiam,

712 4079 770 4123 et
798 4067 1191 4122 redundantem
1223 4079 1387 4132 opum
1428 4064 1638 4132 copiam
1670 4064 2036 4117 accumulant.
2075 4064 2285 4127 Quibus

712 4162 860 4217 enim
886 4169 944 4213 ut
972 4157 1259 4227 egentibus
1286 4170 1505 4208 manum
1533 4155 1729 4224 porrigi
1764 4171 1857 4224 par
1881 4164 1998 4208 erat
2017 4194 2030 4216 ,
2065 4154 2161 4207 hos
2194 4153 2287 4223 qui

713 4254 917 4307 sensim
960 4259 1192 4303 attcrere
1237 4262 1344 4300 non
1380 4248 1661 4311 dubitant,
1709 4248 1925 4300 cuinam
1960 4247 2165 4300 similes
2204 4246 2287 4300 di-

714 4342 944 4397 centur?
975 4340 1205 4395 Petrone
1227 4351 1281 4393 et
1303 4339 1499 4393 Joanni
1519 4380 1533 4402 ,
1574 4355 1872 4408 eorumque
1904 4340 2286 4401 sectatoribus.

712 4436 931 4505 quibus,
960 4433 1054 4496 ait,
1088 4442 1369 4502 argentum
1399 4441 1453 4485 ct
1476 4447 1668 4485 aurum
1698 4446 1805 4484 non
1833 4441 1969 4496 erat,
1991 4432 2085 4485 sed
2115 4430 2287 4485 divini

714 4525 956 4596 Spiritus
996 4525 1200 4593 gratia?
1240 4540 1308 4576 an
1336 4523 1554 4577 vSimoni
1598 4522 1785 4591 Mago,
1830 4533 1886 4576 et
1919 4524 2071 4577 Iuda:
2104 4524 2288 4593 prodi-

713 4619 840 4679 tori,
867 4627 921 4669 et
949 4615 1094 4670 Giezi
1130 4615 1330 4683 cupido
1357 4614 1623 4683 pecuniae,
1648 4629 1712 4668 ac
1740 4613 1961 4682 reliquis
1996 4615 2158 4682 hujus
2192 4630 2289 4668 sa:-

713 4710 822 4763 culi
852 4708 1147 4762 divitibus?
1173 4706 1245 4759 De
1277 4706 1343 4759 iis
1374 4714 1555 4759 autem
1583 4706 1727 4769 dico,
1759 4707 1850 4773 qui
1875 4706 2020 4774 quod
2047 4721 2288 4775 prazsens

2468 779 2607 832 Ἀλλ’
2630 780 2813 845 αὑτὸς,
2838 780 2901 835 εὑ
2926 776 3066 846 οῐδα,
3100 783 3358 855 Πατέρων
3385 785 3594 857 ἄριστε,
3621 787 3701 841 ᾶτι
3728 788 3806 851 ὡς
3831 790 3970 855 ἀγα-

2388 871 2478 934 θὸς
2510 874 2714 942 ποιμὴν
2738 874 2839 943 τὴν
2868 876 3045 943 ψυχήν
3077 892 3171 927 σου
3198 877 3284 928 ἀεὶ
3317 877 3578 940 τεθεικὼς
3613 874 3662 931 εί
3690 881 3832 949 ὑπὲρ
3858 879 3969 931 τῶν

2388 963 2497 1016 σῶν
2544 964 2857 1035 προϐάτων,
2890 966 3323 1037 προκινδυνεύων
3356 969 3499 1040 ὑπὲρ
3538 970 3655 1033 ἐνὸς
3696 972 3965 1025 ἑκάστου·

2389 1053 2463 1124 μὴ
2491 1054 2821 1124 πτοούμενος
2856 1056 3087 1119 ἀπειλάς
3112 1058 3461 1129 ἀνθρωπίνας
3532 1060 3608 1130 μὴ
3634 1062 3968 1114 ὑποστελλό-

2388 1162 2550 1214 μενος
2578 1147 2667 1198 τὸν
2688 1148 2788 1217 τῆς
2826 1147 3083 1216 ἀληθείας
3125 1149 3283 1217 λόγον
3317 1150 3378 1215 ἐξ
3405 1152 3651 1215 ἐναντίας
3678 1154 3789 1206 τῶν
3819 1156 3972 1207 ἀντι-

2384 1236 2773 1305 διατιθεμένων
2796 1253 2811 1269 ·
2855 1240 2916 1291 τὸ
2948 1238 3043 1292 τοῦ
3080 1241 3240 1310 μόνον
3270 1240 3537 1311 βασιλέως
3570 1244 3786 1313 θέλημα
3824 1247 3969 1298 ἀπο-

2386 1327 2727 1396 θεραπεύων.
2767 1330 2908 1399 Πρὸς
2936 1330 3145 1393 τούτοις
3174 1331 3412 1401 ἐλέγχων
3457 1335 3596 1403 μετὰ
3623 1337 3969 1407 παρρησίας,

2385 1419 2652 1488 ἐπιτιμῶν
2715 1422 2851 1490 μετά
2905 1423 3269 1492 συμπαθείας,
3325 1426 3624 1495 είρηνεύων
3673 1429 3769 1481 καὶ
3832 1445 3971 1481 κατ⁶

2383 1512 2671 1566 αλλάσσων
2714 1514 2840 1574 τοὺς
2868 1513 3269 1583 διισταμένους,
3314 1517 3593 1587 ἀφορίζων
3618 1521 3757 1589 μετά
3782 1520 3972 1589 εὐκρι-

2387 1603 2507 1665 σίας
2539 1600 2597 1653 τδ
2631 1602 2858 1671 βέϐηλον
2886 1604 2997 1657 ἀπὸ
3024 1602 3120 1657 τοῦ
3149 1606 3322 1671 ὁσίου,
3354 1606 3415 1659 τὺ
3443 1609 3589 1675 ὑγιὲς
3620 1610 3730 1663 ἀπὸ
3758 1611 3855 1664 τοῦ
3881 1627 3972 1663 νε-

2384 1694 2698 1763 νοσηκότος,
2728 1693 2804 1757 ῶς
2828 1695 2892 1748 ἂν
2919 1695 2993 1766 μὴ
3021 1696 3278 1767 μεταδοίη
3302 1696 3404 1768 τῆς
3420 1700 3622 1763 οίκείας
3650 1703 3971 1773 ἀρρωστίας

2382 1786 2460 1856 τῷ
2516 1785 2913 1856 πλησιάζοντν
2958 1789 3018 1841 τὸ
3075 1788 3430 1858 πλανώμενον
3480 1793 3859 1865 ἐπιστρέφων
3905 1797 3969 1848 τὸ

2382 1878 2685 1947 ἡσθενηκδς
2748 1878 3013 1948 ἐνισχύων
3042 1890 3067 1910 '
3098 1880 3158 1932 τὸ
3215 1883 3677 1953 συντετριμμένον
3738 1888 3968 1941 καταδε-

2385 1968 2621 2037 σμεύων.
2667 1969 2753 2032 Ὡς
2785 1970 2919 2021 πολύ
2954 1986 3048 2022 σου
3082 1970 3253 2034 ὅντως
3295 1972 3356 2024 τὸ
3392 1972 3590 2043 ἔργονί
3645 1976 3967 2045 ἡγουμένων

2384 2061 2692 2129 ἐπίσκεψις,
2744 2061 3055 2114 κελλιωτῶν
3100 2064 3397 2134 ἐπίκρισις,
3436 2066 3828 2138 πρεσϐυτέρων
3871 2072 3968 2122 καὶ

2314 2129 2354 2181 Β
2382 2150 2644 2203 διακόνων
2671 2152 3063 2223 χειροτόνησις,
3094 2154 3189 2206 καὶ
3216 2153 3332 2223 βίου
3356 2155 3559 2209 τούτων
3590 2158 3812 2211 πάντων
3841 2162 3965 2213 ἐπι-

2382 2243 2651 2312 τήρησιςο
2710 2245 2897 2313 χηρῶν
2951 2246 3279 2313 προστασία,
3336 2248 3589 2317 ὀρφανῶν
3646 2252 3964 2323 ἐπικουρία,

2384 2332 2877 2400 καταπονουμένων
2906 2333 3208 2401 ἐκδίκησις,
3238 2335 3610 2405 ἀδικουμένων
3635 2339 3964 2411 ὑπερμάχη-

2384 2438 2491 2485 σις,
2542 2424 2633 2475 καὶ
2669 2424 2854 2492 μέντοι
2886 2427 2981 2477 καὶ
3038 2426 3311 2496 ὑπεροχῆς
3355 2427 3695 2499 διατήρησις.
3738 2431 3964 2505 Ἐπειδὴ

2382 2513 2509 2566 ὅταν
2538 2514 2706 2583 μηδὲν
2801 2516 2861 2567 τὸ
2893 2514 3132 2584 βλάπτον
3164 2521 3259 2571 καὶ
3285 2518 3494 2573 κωλύον
3523 2524 3603 2585 εἰς
3627 2524 3961 2591 θεοσέϐειαν,

2385 2603 2788 2656 ὑποτάσσεσθαι
2849 2605 2943 2656 καὶ
2997 2607 3145 2674 ἡμᾶς
3204 2608 3353 2675 πάσῃ
3412 2609 3554 2678 ἀρχῇ
3610 2612 3704 2662 καὶ
3745 2612 3966 2683 ἐξουσία

2385 2695 2674 2763 προσήκει,
2738 2695 2831 2747 καὶ
2888 2695 3158 2762 φιλιάζειν
3210 2698 3297 2748 διά
3350 2700 3570 2760 παντὸς,
3612 2702 3661 2753 εί
3713 2702 3963 2768 δυνατὸν,

2385 2782 2522 2852 πρὸς
2551 2784 2794 2846 ἅπαντας
2830 2784 2920 2836 διὰ
2952 2784 3053 2852 τῆς
3084 2785 3446 2853 εὑμεταδότου
3495 2790 3588 2843 καὶ
3636 2790 3965 2861 φιλοφρόνου

2384 2874 2685 2940 δεξιώσεως
2734 2874 2829 2928 καὶ
2859 2876 3280 2946 προεπιὸόσεως.
3320 2878 3512 2949 ’Δπείη
3557 2882 3667 2949 γὰρ
3706 2885 3967 2954 περὶτῆς

2389 2968 2789 3037 μακαριότητός
2830 2984 2925 3021 σου
2967 2968 3032 3021 τὰ
3073 2968 3169 3037 τῆς
3199 2969 3449 3033 ἐναντίας
3486 2972 3700 3042 μερίδος
3731 2973 3843 3025 τῶν
3871 2991 3966 3026 κα-

2387 3060 2499 3114 κῶν
2546 3062 2820 3130 ποιμένων
2848 3060 3215 3129 διαγορεύεινί
3263 3056 3374 3116 οἷον
3412 3065 3521 3117 τῶν
3560 3067 3967 3138 αἰσχροκερδῶς

2389 3155 2785 3222 ποιμαινόντων
2822 3154 2882 3205 τὸ
2929 3155 3209 3221 ποίμνιονο
3244 3155 3353 3206 τῶν
3397 3155 3478 3217 είς
3533 3156 3788 3228 ἀφορμὴν
3847 3158 3965 3228 βίου

2386 3243 2753 3314 λογιζομένων
2798 3245 2895 3315 τὴν
2951 3246 3206 3314 τοιαύτην
3258 3243 3435 3310 ἀξίαν,
3486 3249 3581 3299 καὶ
3628 3250 3708 3311 εἰς
3764 3251 3965 3322 σαρκδς

2388 3337 2713 3399 ἀνάπαυσιν,
2747 3338 2841 3388 καὶ
2880 3338 2958 3398 είς
2984 3337 3275 3405 ἐπιθυμίας
3310 3338 3631 3404 ἀπόλαυσιν,
3680 3342 3763 3404 είς
3796 3343 3967 3395 κατά-

2390 3427 2574 3495 σχεσίν
2601 3443 2659 3478 τε
2691 3426 2921 3477 πλούτου
2953 3426 3046 3478 τοῦ
3081 3427 3314 3494 ῥέοντος,
3355 3429 3449 3479 καὶ
3486 3430 3567 3492 είς
3615 3430 3811 3499 κτῆσιν
3837 3432 3965 3483 πλέα

2388 3522 2533 3590 θρων
2562 3520 2662 3588 γῆς
2689 3520 2859 3573 τόσων
2907 3519 2999 3571 καὶ
3037 3520 3229 3582 τόσων,
3264 3520 3466 3586 ἀγέλης
3509 3537 3570 3573 τε
3612 3522 3968 3592 ἀνδραπόδων

2388 3614 2480 3665 καὶ⁵
2514 3612 2875 3682 βοσκημάτων
2919 3610 3180 3681 πληθύος.
3216 3613 3324 3665 Καὶ
3356 3611 3443 3664 διὰ
3494 3612 3652 3665 τοῦτο
3692 3615 3968 3686 ἀνθρωπί-

2386 3723 2492 3767 νως
2537 3706 2631 3757 καὶ
2662 3706 2722 3758 οὑ
2765 3705 2960 3767 θεῖκῶς
2992 3703 3383 3774 ἐπιπηδὼντων
3413 3703 3490 3773 τῷ
3528 3703 3652 3773 ὕψει
3692 3706 3791 3775 τῆς
3837 3724 3967 3778 προ·

2390 3795 2636 3857 στασίας,
2674 3795 2751 3856 εἰς
2797 3794 2859 3845 τὸ
2914 3794 3090 3864 αἴρειν
3130 3793 3229 3862 τὴν
3286 3794 3459 3864 όφρὺν
3496 3796 3637 3847 κατὰ
3681 3795 3791 3847 τῶν
3835 3798 3966 3850 ὑπο-

2387 3883 2709 3954 δεεστέρων,
2761 3885 2854 3937 καὶ
2897 3884 3331 3954 προκαθέζεσθαι
3372 3884 3618 3955 σοϐαρῶς
3670 3888 3810 3939 κατά
3858 3888 3965 3940 τῶν

2389 3976 2706 4046 ὑπερτίμων
2772 3977 2882 4029 Καὶ
2921 3976 2994 4028 ἐῶ
3025 3976 3204 4042 λέγειν
3240 3977 3367 4041 περὶ
3403 3975 3512 4027 τῶν
3544 3974 3963 4046 διαμαχομένων

2392 4068 2480 4120 ἴσα
2511 4068 2737 4121 καὶτῶν
2769 4068 3064 4121 δικανικῶν
3095 4069 3234 4137 ὑπὲρ
3260 4070 3369 4121 τῶν
3398 4068 3790 4136 ἀπολλυμένων
3823 4088 3961 4139 πρα-

2388 4160 2633 4225 γμάτων,
2660 4159 2752 4211 καὶ
2777 4159 2876 4210 οὑκ
2909 4156 3323 4225 ἀνθισταμένων
3358 4157 3500 4227 ὑπὲρ
3528 4156 3638 4208 τῶν
3671 4157 3771 4225 τῆς
3806 4160 3960 4211 εύσα-

2390 4249 2541 4313 ϐείας
2590 4250 2877 4319 δογμάτων
2901 4265 2913 4277 ·
2940 4250 2997 4318 ἢ,
3046 4248 3107 4301 τὸ
3148 4248 3281 4299 πολὺ
3321 4250 3503 4319 χεῖρον
3542 4247 3750 4301 τούτων
3775 4288 3789 4311 ,
3837 4252 3961 4321 περὶ

2387 4342 2496 4395 τῶν
2525 4340 2896 4395 ὑποσπῶντων
2921 4340 3013 4393 καὶ
3047 4338 3476 4401 ὑπωπιαξόντων
3507 4341 3573 4393 τέ
3604 4340 3712 4392 τῶν
3738 4341 3959 4410 ὑποχει-

2392 4434 2543 4503 ρίων,
2560 4434 2666 4485 κάκ
2687 4432 2873 4484 τούτου
2901 4430 3356 4501 συναθροιζόντων
3378 4430 3604 4499 δύναμιν
3625 4433 3721 4485 καὶ
3747 4448 3960 4504 περιουο

2392 4524 2640 4593 σιασμόν.
2678 4516 2771 4585 Οἷς
2801 4526 2907 4592 γάρ
2946 4523 3144 4591 μᾶλλον
3203 4522 3310 4574 ἔδει
3368 4523 3527 4591 χεῖρα
3560 4522 3775 4591 ὀρέγειν
3809 4543 3959 4578 πενο-

2394 4617 2595 4685 μένοις,
2628 4614 2849 4677 τούτους
2880 4613 3024 4665 κατά
3050 4613 3243 4683 μικρὸν
3272 4613 3542 4665 ἐκθλίϐειν
3566 4614 3626 4665 οὗ
3658 4619 3958 4685 παραιτού-

2394 4724 2565 4776 μενοι,
2594 4706 2697 4758 τίνι
2721 4706 3187 4774 όμοιωθήσονταις
3236 4705 3426 4774 Πέτρῳ
3459 4705 3552 4756 xui
3596 4704 3816 4776 Ἰωάννῃ
3856 4705 3958 4777 ἄρα

713 4812 798 4855 est
828 4802 1003 4855 solum
1032 4840 1047 4865 ,
1093 4808 1153 4853 ut
1188 4800 1317 4868 ipsis
1348 4799 1487 4853 bene
1528 4800 1633 4861 sit,
1686 4808 1968 4866 spectant;
2013 4798 2105 4867 qui
2138 4798 2285 4852 carni

2396 4800 2487 4853 καὶ
2528 4802 2641 4860 τοῖς
2680 4797 2900 4858 ὀπαδοῖς
2936 4796 3145 4848 αὑτῶνσ
3179 4792 3281 4857 οἷς,
3334 4797 3520 4864 φησὶν,
3564 4797 3831 4866 ἀργύριον
3874 4805 3960 4852 καὶ

714 4894 1005 4958 serviunt,
1038 4900 1094 4945 et
1119 4892 1171 4945 in
1202 4907 1336 4944 auro
1368 4890 1603 4944 delixum
1646 4904 1739 4943 cor
1773 4890 2016 4942 habent;
2058 4891 2149 4958 qui
2183 4890 2291 4941 lor-

718 4999 859 5041 tasse
887 4995 942 5039 et
974 4985 1069 5053 ipsi
1107 4984 1446 5045 fenerantur,
1479 4991 1533 5035 et
1570 4980 1638 5035 ad
1676 4996 1894 5035 usuram
1924 4980 2058 5034 dant
2086 4995 2291 5051 paupe-

717 5083 869 5135 ribus
895 5121 909 5144 ,
934 5080 1026 5149 qui
1065 5080 1204 5133 bona
1245 5079 1313 5131 ad
1369 5077 1617 5147 proprias
1654 5077 1982 5147 cupiditates
2017 5076 2290 5137 retinent,

716 5183 881 5241 atque
925 5170 1164 5240 indignis
1205 5185 1271 5222 ex
1329 5170 1523 5223 vitioso
1560 5169 1793 5231 effectu,
1842 5168 1928 5221 vel
1973 5166 2293 5237 pr0pinquis

719 5266 834 5320 suis
866 5272 1115 5333 erogant.
1150 5263 1390 5327 Quorum
1422 5276 1549 5316 cura
1579 5261 1756 5315 omnis
1796 5261 1850 5314 in
1884 5276 1951 5315 eo
1984 5260 2167 5315 forsan
2209 5268 2292 5313 est

719 5359 915 5429 posita,
943 5366 1001 5410 ut
1029 5357 1193 5411 multa
1226 5364 1408 5409 serant
1435 5363 1770 5423 mctantque,
1796 5364 1854 5407 ut
1883 5353 2115 5423 plurima
2138 5353 2290 5422 plan-

721 5458 839 5503 tent
864 5458 921 5502 et
950 5448 1225 5519 colligant,
1251 5455 1308 5500 ut
1334 5455 1570 5514 augeant
1602 5456 1658 5499 et
1679 5443 2015 5511 ampliﬁcent
2044 5452 2288 5497 armenta

722 5551 885 5611 atque
917 5554 1137 5610 greges:
1175 5549 1431 5608 tanquam
1464 5537 1709 5607 agricolae
1750 5536 1971 5605 quidam
1993 5576 2007 5599 ,
2048 5544 2290 5603 tempora

724 5634 1095 5697 observantes,
1130 5642 1185 5686 et
1208 5630 1417 5684 lucrum
1452 5644 1516 5683 ex
1540 5628 1679 5700 vulgi
1709 5627 1933 5697 penuria
1968 5636 2249 5695 captantes
2270 5665 2284 5689 ,

797 5810 841 5841 "
874 5810 1048 5866 Ezech
1106 5824 1305 5872 xxxiv,
1342 5808 1397 5863 4.

2393 4892 2615 4962 χρυσίον
2657 4892 2757 4959 οὑχ
2805 4890 3071 4957 ὑπῆρχεν,
3122 4888 3237 4938 ἀλλ’
3274 4889 3307 4957 ὴ
3337 4888 3428 4940 τοῦ
3468 4887 3616 4941 θείου
3646 4890 3961 4957 Πνεύματος

2395 4985 2591 5051 χάρις;
2627 4982 2659 5049 ἦ
2698 4982 2901 5049 Σίμωνι
2946 4978 3023 5047 τῷ
3057 4979 3230 5047 Μάγῳ
3271 4978 3365 5031 καὶ
3401 4978 3571 5048 Ἰούδα
3597 4982 3673 5047 τῷ
3712 4982 3958 5052 προδότῃ,

2394 5075 2487 5128 καὶ
2524 5074 2561 5125 Γ
2569 5071 2684 5143 ιεζῇ
2714 5072 2789 5141 τῷ
2820 5070 3164 5139 φιλαργύρῳ,
3195 5071 3288 5122 καὶ
3320 5072 3432 5131 τοῖς
3457 5070 3664 5133 λοιποῖς
3693 5071 3961 5135 πλουσίοις

2392 5164 2485 5217 τοῦ
2514 5164 2708 5225 αἰῶνος
2734 5162 2925 5215 τούτου
2951 5179 2964 5226 ;
3011 5160 3266 5213 Ἑκείνων
3294 5160 3351 5213 δὲ
3376 5160 3539 5227 λέγω,
3572 5160 3680 5214 τῶν
3702 5162 3764 5214 τὸ
3796 5162 3961 5231 παρὸν

2400 5255 2559 5324 μόνον
2586 5255 2733 5315 ὅπως
2765 5252 2949 5313 αὑτοῖς
3000 5246 3058 5303 εὖ
3110 5250 3221 5316 ’ἐξει
3256 5250 3621 5315 σκοπούντων,
3654 5254 3746 5305 καὶ
3792 5254 3961 5323 σάρκα

2397 5346 2833 5418 θεραπευόντων,
2860 5344 2954 5396 καὶ
2978 5342 3052 5411 τῷ
3083 5340 3266 5411 χρυσῷ
3296 5344 3361 5412 τῇ
3387 5342 3583 5412 καρδία
3610 5343 3961 5413 προστιθεμέ-

2397 5456 2523 5500 νων,
2556 5438 2647 5489 καὶ
2679 5435 2883 5488 τούτων
2919 5436 3050 5495 ἴσως
3076 5434 3419 5497 τοκιζόντων,
3449 5434 3480 5504 ἢ
3516 5437 3608 5487 ἐπὶ
3645 5435 3963 5505 πλεονασμῷ

2397 5529 2791 5595 διανειμάντων
2822 5529 2933 5589 τοῖς
2966 5526 3191 5586 ἐνδεέσι,
3220 5526 3315 5577 καὶ
3344 5524 3479 5595 πρὸς
3505 5526 3573 5578 τὰ
3605 5528 3782 5579 οἰκεῖα
3812 5526 3962 5595 θελή-

2403 5641 2550 5695 ματα
2609 5619 3127 5692 κατακρατούντων,
3182 5619 3275 5671 καὶ
3331 5618 3665 5689 προσπαθῶς
3706 5621 3816 5682 τοῖς
3869 5620 3965 5671 οὐκ
