4158 6474
222 393 329 453 949

1460 403 1992 462 EPISTOLARUM
2026 405 2169 461 LIB.
2212 405 2261 461 l.

3381 414 3483 475 950

216 506 417 571 ἀξίοις,
450 504 484 575 ἢ
516 506 631 569 τοῖς
658 504 1047 575 άγχιστεύουσι
1077 507 1395 578 χρωμένων.
1429 511 1640 573 Οἴτινες
1694 513 1805 581 ὃληι

1922 525 1983 567 ιιι
2030 515 2146 566 haec
2186 521 2241 565 et
2292 511 2379 565 illa
2423 512 2660 567 vendant
2697 514 2780 567 vel
2821 526 3043 580 emant,
3092 516 3487 596 negotiatorum

216 595 485 668 φροντίδα
509 597 812 668 κέκτηνται
851 598 993 668 τάχα
1025 599 1121 652 ἐπὶ
1147 598 1242 652 τοῦ
1275 603 1493 671 σπεῖραι
1520 602 1690 655 πολλὰ
1718 600 1810 656 καὶ

218 690 340 759 άμή
353 688 575 755 σασθαι,
602 692 693 743 καὶ
720 691 816 743 ἐπὶ
842 689 934 743 τοῦ
970 690 1236 759 φυτεῦσαι
1267 691 1507 773 τοσαῦτα
1542 694 1637 746 καὶ
1670 712 1806 767 καρ-

217 780 538 845 πώσασθαι,
571 784 667 836 καὶ
716 784 811 836 ὲπὶ
863 781 957 836 τού
1021 784 1341 854 προσθεῖναι
1394 786 1490 838 καὶ
1539 786 1809 856 πληθῦναι

220 872 488 943 βουκόλια
512 873 545 944 ἢ
578 873 806 943 ποίμνια
828 887 841 901 ’
872 873 1061 944 ῶσπερ
1085 873 1232 937 τινὲς
1261 874 1501 946 γεωργοὶ
1522 892 1811 947 καιροσκο-

220 964 459 1028 ποῦντες
485 966 578 1019 καὶ
603 966 1262 1037 καταπραγματευόμενοι
1294 966 1393 1029 τὰς
1433 966 1641 1028 ὲνδείας
1670 967 1809 1038 πρὸς

219 1060 285 1113 τὸ
313 1058 516 1112 πωλεῖν
541 1060 635 1111 καὶ
661 1058 951 1128 ἀγοράζειν
974 1057 1150 1112 ταῦτα
1180 1060 1275 1113 καὶ
1299 1060 1511 1126 ἐκεῖνα,
1548 1076 1809 1132 πραγμα-

221 1152 495 1214 τιυτικῶς
534 1150 628 1204 καὶ
669 1151 983 1220 ὲμπορικῶς
1017 1152 1184 1206 οίονεὶ
1219 1152 1650 1225 πολιτευόμενοι,
1690 1154 1807 1209 ἀλλ’

223 1247 328 1299 οὐκ
362 1243 735 1307 ὲπισκοπικῶς
766 1244 861 1296 καὶ
897 1244 1211 1315 ίερατικῶςο
1236 1246 1373 1317 πρὸς
1394 1247 1456 1301 τὺ
1484 1248 1647 1317 μόνον
1676 1264 1808 1301 πτε-

228 1338 409 1409 ρῶσαι
441 1334 619 1406 ψυχὴν
655 1337 748 1390 καλ⁸
785 1336 1028 1407 ἁρπάσαι
1073 1338 1281 1408 κόσμου
1317 1341 1412 1392 καὶ
1450 1339 1634 1394 δοῦναι
1664 1339 1804 1411 Θεῷ,

225 1434 325 1487 καὶ
353 1430 476 1485 ὅλον
510 1431 571 1482 τὸ
598 1430 849 1500 ποίμνιον
873 1422 1240 1485 διασώσασθαῖ
1270 1434 1334 1485 ὲκ
1361 1432 1592 1488 θανάτου
1623 1434 1804 1505 ἀμαρ-

224 1527 381 1589 τίας,
417 1523 513 1577 καὶ
546 1520 720 1584 οὕτως
751 1520 891 1576 κατὰ
919 1522 1170 1593 δεύτερον
1203 1523 1363 1591 λόγον
1396 1525 1584 1579 καὶτὰ
1615 1526 1807 1594 ὲπιτήο

222 1616 343 1668 δεια
379 1613 478 1683 τῆς
521 1610 802 1683 παρούσης
840 1611 985 1682 ζωῆς
1019 1610 1087 1664 δι’
1116 1612 1414 1681 οἰκονόμων
1459 1613 1553 1666 καὶ
1586 1614 1806 1683 ἐπιτρό-

225 1721 347 1757 πων
396 1700 739 1773 πορίζεσθαι.
783 1701 925 1754 Ἀλλ’
959 1701 1082 1754 οὐαί
1124 1719 1235 1771 μοι,
1266 1703 1347 1755 ὅτι
1380 1703 1603 1774 ἐμαυτῷ
1632 1703 1806 1759 ταῦτα

225 1794 516 1858 κατέλεξα,
559 1793 623 1846 ὲκ
659 1791 769 1845 τῶν
809 1792 1027 1846 οἰκείων
1065 1793 1256 1847 παθῶν
1296 1794 1365 1847 τά
1400 1794 1499 1847 οὐκ
1528 1794 1656 1868 ὄντα
1692 1800 1804 1861 τοῖς

223 1888 409 1950 ἄλλοις
434 1885 892 1957 διαγραφόμενος.
926 1884 999 1938 Σὺ
1026 1885 1104 1949 δὲ,
1132 1879 1177 1939 ὧ
1204 1886 1580 1957 πανσεϐάσμιε
1605 1890 1807 1960 Πάτερ,

225 1978 474 2047 καθαρὸς
520 1975 596 2028 ῶν
647 1976 755 2029 ἀπὸ
796 1976 907 2029 τῶν
934 1978 1215 2043 τοιούτων,
1253 1980 1375 2041 ταῖς
1409 1980 1583 2049 ἱεραῖς
1625 1981 1813 2049 εὐχαῖς

222 2073 357 2133 τοὺς
390 2071 615 2139 νοητοὺς
637 2068 835 2133 λύκους
860 2070 1191 2139 ἀποσοϐοίης
1220 2072 1284 2124 ὲκ
1309 2072 1410 2141 τῆς
1430 2074 1816 2144 Χριστοσφρα-

225 2161 421 2227 τίστου
448 2157 727 2221 ὲπαύλεώς
760 2176 876 2213 σου.
899 2158 973 2212 EB
995 2154 1088 2213 οἷδ’
1114 2160 1198 2213 ὅτι
1223 2160 1314 2212 καὶ
1349 2161 1498 2213 ταῦτ’
1521 2161 1695 2229 ἄγοις,
1725 2163 1819 2214 καὶ

225 2253 499 2319 διεξάγοις
546 2252 626 2314 εἰς
666 2250 734 2304 τά
761 2251 938 2322 χωρία
971 2250 1079 2303 τῶν
1109 2251 1343 2320 ἀρετῶν,
1400 2253 1683 2323 ὲκτρέφων
1717 2252 1814 2306 καὶ

1912 605 2090 674 potius
2122 613 2593 674 mercatorumque
2627 604 2733 659 ritu
2764 602 3035 671 viventes,
3068 621 3230 677 quam
3255 617 3336 673 ut,
3371 612 3489 678 cpi-

1910 712 2197 766 scoporum
2229 706 2285 751 et
2312 697 2652 752 sacerdotum
2687 713 2859 762 more,
2890 701 3100 755 animas
3138 709 3350 756 tantum
3384 717 3485 756 ex-

1909 790 2116 853 citent,
2145 790 2458 859 mundoque
2496 799 2711 860 ereptas
2756 791 3172 860 reddantrDeo,
3216 804 3271 848 et
3314 804 3488 849 totum

1913 897 2133 953 gregem
2178 897 2207 936 a
2253 883 2461 951 peccati
2508 892 2682 937 morte
2720 882 3044 939 vindicent:
3086 891 3201 939 tum
3246 885 3513 941 secundo

1909 973 2106 1027 deinde
2127 971 2250 1026 loco
2284 973 2586 1028 necessaria
2614 973 2737 1028 vitae
2764 974 2929 1044 hujus
2957 975 3199 1030 subsidia
3230 991 3327 1046 per
3350 990 3492 1030 uaco-

1910 1076 2101 1115 nomos
2119 1071 2602 1131 procuratoresque
2628 1064 2989 1132 suppeditent.
3014 1064 3118 1119 Sed
3138 1064 3241 1119 heu
3261 1066 3376 1119 me!
3396 1062 3489 1134 qui

1910 1154 2044 1209 mihi
2072 1153 2173 1224 ipsi
2194 1154 2309 1209 haec
2332 1169 2515 1218 narro,
2533 1169 2599 1209 ex
2627 1155 2865 1225 prepriis
2893 1156 3039 1210 vitiis
3062 1171 3123 1211 ea
3139 1172 3259 1226 quae
3289 1156 3343 1210 in
3371 1156 3491 1210 aliis

1909 1260 2017 1300 non
2058 1252 2185 1300 sunt
2218 1244 2550 1299 describens.
2576 1245 2658 1299 Tu
2697 1260 2847 1310 vero,
2883 1244 3262 1301 colcndissime
3299 1244 3486 1310 Pater,

1907 1352 2032 1391 eum
2062 1337 2317 1391 omnibus
2348 1336 2437 1391 his
2464 1351 2669 1401 careas,
2698 1338 2867 1392 sacris
2896 1338 3147 1407 precibus
3182 1338 3491 1408 spirituales

1909 1430 2063 1497 lupos
2088 1444 2118 1482 a
2150 1428 2319 1498 septis
2356 1428 2463 1483 tuis
2490 1428 2689 1483 Christi
2721 1430 2922 1485 annulo
2949 1431 3243 1503 obsignatis
3262 1431 3487 1501 expelle.

1912 1520 1979 1575 Et
2018 1520 2240 1589 quidem
2296 1521 2397 1576 hoc
2434 1521 2581 1590 agis,
2637 1536 2739 1575 nec
2776 1537 2863 1576 me
2897 1523 3063 1589 latet,
3113 1524 3403 1594 educisque
3433 1526 3488 1578 in

1910 1625 2133 1682 campos
2153 1611 2435 1675 virtutum,
2468 1626 2696 1680 pascens
2728 1622 2783 1668 ct
2806 1613 3152 1685 impinguans
3174 1616 3343 1670 herba
3368 1632 3490 1671 sua-

1907 1705 1991 1759 vis
2059 1705 2322 1759 doctrinae
2382 1714 2527 1768 tua},
2569 1714 2623 1758 et
2686 1720 2822 1775 aqua
2874 1708 3102 1763 sincerae
3158 1708 3280 1764 ﬁdei
3323 1718 3427 1763 tua:
3475 1727 3487 1762 :

1908 1795 2236 1863 assidueque
2258 1794 2423 1849 otl‘ers
2450 1797 2813 1865 acceptabiles
2838 1798 3062 1862 hostias,
3090 1815 3187 1870 per
3204 1800 3492 1855 rationales

1916 1894 1972 1940 et
2000 1892 2347 1939 consecratos
2373 1882 2483 1939 Deo
2516 1884 2713 1939 cultus.
2743 1886 2886 1952 Quin
2918 1888 3325 1957 precationibus
3355 1903 3493 1957 pra:-

1920 1983 2147 2029 vertens
2171 2012 2187 2037 ,
2234 1988 2395 2042 pasce
2426 1989 2513 2027 me
2546 1990 2759 2044 quoque
2793 1976 2937 2031 vitiis
2974 1980 3318 2047 peccatisque
3346 1978 3493 2031 obsi-

1923 2075 2037 2120 tum
2064 2104 2079 2129 ,
2122 2079 2217 2119 oro
2247 2072 2302 2118 et
2339 2065 2619 2129 obtestor;
2674 2076 2729 2121 et
2769 2067 3005 2138 ignosce,
3029 2068 3073 2122 si
3107 2070 3200 2124 tibi
3226 2070 3392 2123 risum
3424 2086 3490 2125 ex

1924 2157 2190 2227 imperitia
2216 2173 2334 2211 mea
2364 2158 2527 2211 movi.
2560 2158 2677 2211 Non
2708 2160 2853 2214 enim
2881 2176 3001 2215 mea
3043 2172 3257 2232 sponte,
3283 2164 3376 2219 sed
3402 2180 3492 2220 eo-

1924 2258 2077 2304 actus
2100 2264 2253 2303 sacra
2276 2260 2330 2303 et
2346 2250 2610 2319 spirituali
2630 2251 2893 2307 charitate
2913 2253 3112 2317 tua,vel
3125 2255 3305 2325 potius
3319 2256 3491 2325 impe-

226 2344 492 2397 λιπαίνων
520 2345 587 2413 τῇ
615 2342 724 2412 πόᾳ
758 2341 856 2409 τῆς
883 2339 1156 2411 ἐμμελοῦς
1191 2357 1286 2393 σον
1315 2340 1685 2406 διδασκαλίας,
1718 2341 1805 2395 καὶ

1914 2341 2017 2401 rio.
2046 2341 2153 2394 huc
2187 2341 2464 2407 descendi,
2486 2357 2595 2395 non
2628 2342 2695 2396 ad
2724 2343 3170 2400 utilitatemtuam
3196 2347 3489 2416 quidquam

226 2436 308 2506 τῷ
340 2436 493 2489 ὕδατι
540 2438 639 2505 τῆς
685 2433 930 2504 καθαρᾶς
967 2432 1205 2496 πίστεώς
1244 2449 1337 2485 σου
1359 2449 1372 2461 ·
1430 2433 1523 2487 καὶ
1552 2434 1805 2488 ἑκάστοτε

1911 2430 2108 2485 etl‘atus
2130 2469 2145 2494 ,
2180 2429 2275 2485 sed
2302 2428 2369 2483 ad
2404 2430 2681 2499 specimen
2703 2472 2717 2495 ,
2744 2439 2803 2486 ut
2824 2433 2931 2489 dixi
2957 2476 2972 2500 ,
3000 2434 3226 2491 sincerae
3263 2450 3387 2506 erga
3438 2444 3492 2489 te

227 2528 535 2596 προσάγοις
568 2526 785 2594 θύματα
812 2526 982 2577 δεκτά
1008 2526 1129 2588 ταῖς
1162 2525 1409 2591 λογικαϊς
1432 2542 1525 2579 σου
1549 2525 1641 2578 καὶ
1665 2526 1805 2594 ἡγνι-

1911 2519 2257 2576 οιιοιιὶοηιὶαι.
2294 2517 2425 2572 Vale
2464 2519 2519 2573 in
2554 2518 2783 2576 Domino
2831 2538 2932 2593 pro
2976 2525 3136 2580 nobis
3169 2542 3332 2581 orans
3357 2567 3371 2588 ,
3396 2528 3489 2596 qui

231 2620 463 2688 σμέναις
502 2617 577 2687 τῷ
622 2616 741 2686 Θεῷ
792 2615 1102 2686 λατρείαις·
1157 2615 1293 2669 ἀλλὰ
1343 2618 1462 2678 ταῖς
1504 2616 1805 2685 ἱκετηρίαις

1910 2612 2007 2666 soli
2036 2618 2346 2680 peccatores
2365 2625 2576 2673 sumus,
2594 2609 2757 2666 Pater
2778 2615 2830 2667 in
2857 2616 3109 2671 omnibus
3124 2618 3487 2672 sanctissime.

228 2710 583 2783 npocpeévwv,
614 2706 926 2775 ποιμαίνοις
962 2706 1108 2775 κάμὲ
1142 2707 1234 2760 τὸν
1270 2706 1715 2777 τληπαθέστατον
1764 2705 1858 2758 καὶ
1897 2702 2374 2773 πολυαμάρτητον,
2404 2699 2595 2770 δέομαι
2628 2703 2726 2757 καὶ
2772 2705 3057 2769 ἀντιδολῶ,
3094 2708 3188 2761 καὶ
3217 2708 3490 2776 σύγγνωθι

232 2811 287 2864 ετ
322 2824 377 2861 τι
426 2804 656 2874 ὤφλησα
706 2802 919 2870 γέλωτά
977 2818 1058 2854 σοι
1113 2801 1352 2871 ἀμαθίας
1407 2819 1530 2871 μου.
1576 2800 1722 2871 Πλὴν
1764 2800 1844 2853 ὅτι
1902 2798 2002 2868 οὐχ
2043 2796 2208 2861 ἑκὼν,
2258 2793 2371 2849 ἀλλ’
2402 2795 2713 2860 ἐκϐιασθεὶς
2762 2799 2868 2853 ὑπὸ
2906 2802 3005 2871 τῆς
3060 2802 3209 2871 ἱεράς
3250 2820 3346 2857 σου
3396 2808 3491 2858 καὶ

230 2896 615 2969 πνευματικῆς
670 2895 933 2963 ἀγάπης,
1003 2893 1203 2963 μᾶλλον
1252 2894 1310 2946 δὲ
1356 2893 1680 2957 κελεύσεως,
1728 2892 1950 2961 καθῆκα
2004 2890 2243 2960 ἐμαυτὸν
2294 2888 2379 2951 είς
2428 2888 2607 2942 τούτο.
2664 2890 2738 2944 Ού
2796 2892 2932 2963 πρὸς
2985 2893 3172 2965 ὄνησίν
3214 2896 3309 2949 σού
3367 2914 3489 2949 τινα

231 2990 611 3061 φθεγξάμενος
635 3004 649 3019 ’
685 2984 825 3043 ἀλλὰ
867 2987 1006 3057 πρὸς
1041 2982 1289 3047 ἔνδειξιν,
1332 2984 1406 3048 ὡς
1438 2986 1678 3057 εἴρηται,
1718 2982 1966 3049 ὑπακοῆς
1999 2978 2363 3050 ἀνυποκρίτου
2402 2992 2518 3030 σου.
2555 2978 2807 3052 Ἐρῤωσο
2840 2984 2897 3037 ὲν
2937 2984 3147 3055 Κυρίῳ,
3191 2986 3491 3056 ὑπερευχό-

233 3102 398 3156 μενος
469 3082 624 3154 ἡμῶν
676 3083 786 3135 τῶν
850 3082 1026 3151 μόνων
1077 3078 1440 3151 ἁμαρτωλῶν,
1493 3079 1563 3132 τά
1590 3079 1768 3133 πάντα
1805 3073 2071 3131 ὀσιὼτατε
2108 3073 2309 3145 Πάτερ.

478 3241 577 3296 IB'.
608 3272 677 3282 —
706 3239 877 3311 Θωμᾷ
900 3239 1211 3304 δισυπὰτῳ
1241 3237 1376 3309 (ίὸ).
1429 3236 1590 3311 [κζ’

308 3378 443 3433 Ποία
469 3376 794 3447 πρόσρησις,
826 3376 859 3446 ἢ
901 3375 985 3437 τίς
1024 3374 1182 3443 λόγος
1212 3373 1609 3443 παρακλήσεως
1650 3371 1806 3442 εὑρε-

231 3472 355 3540 θείη
387 3469 523 3540 πρὸς
552 3466 709 3538 ήμῶν
741 3466 848 3519 τῶν
881 3465 1153 3519 ταπεινῶν
1176 3467 1242 3535 τῇ
1269 3466 1333 3534 σῇ
1366 3464 1646 3533 κυριότητι
1676 3462 1810 3534 πρὸς

230 3562 302 3614 τᾶ
335 3560 523 3613 ὲνόντα
558 3559 697 3628 αὐτῇ
724 3556 965 3627 λυπηρὰ,
997 3551 1042 3609 ὦ
1071 3555 1341 3619 δέσποτα;
1380 3553 1677 3623 Ἐξενώθης
1710 3554 1808 3622 τῆς

230 3650 604 3720 ἐνεγκαμένης
639 3666 696 3701 σε
727 3651 821 3701 καὶ
844 3648 1125 3717 θρεψάσης
1155 3646 1365 3709 πόλεως
1384 3661 1398 3676 ⁸
1431 3644 1809 3714 ἀπεστερήθης

229 3745 335 3814 τῆς
385 3742 646 3813 μεγίστης
696 3740 915 3802 ἑστίας·
960 3738 1362 3808 ἀπεγυμνώθης
1402 3737 1504 3807 τῆς
1549 3736 1809 3805 λαμπρᾶς

229 3837 413 3901 ἀξίας,
450 3834 743 3907 προσθήσω
759 3833 835 3896 δὲ,
868 3831 962 3884 καὶ
989 3833 1089 3899 τῆς
1130 3829 1416 3898 ὑπάρξεως
1438 3845 1451 3857 ’
1486 3825 1809 3895 ἀποδιέστης

230 3929 344 3983 τῶν
373 3927 562 3996 φίλων,
589 3926 698 3978 τῶν
728 3923 990 3994 συνήθων,
1027 3921 1134 3975 τῶν
1157 3920 1428 3992 φιλτάτων
1459 3937 1551 3973 σου
1579 3919 1804 3970 τέκνων·

232 4016 619 4090 ὑπερωρίσοης
649 4010 750 4070 ὧδε
778 4016 1001 4069 κάκεῖσε
1024 4030 1037 4043 ·
1083 4013 1152 4066 τὰ
1176 4013 1231 4066 δὲ
1254 4013 1353 4082 τῆς
1380 4011 1673 4082 ὑπερορίας
1707 4010 1806 4062 ὅσα

230 4112 317 4171 εἰς
358 4109 726 4162 κακοπάθειαν
754 4108 832 4178 τῷ
866 4106 1020 4177 ἀήθει
1050 4121 1144 4158 σου
1181 4104 1415 4174 σώματι,
1457 4102 1632 4156 ἔνδεια
1667 4101 1805 4172 βρω-

232 4203 444 4272 μάτιον,
470 4202 752 4272 πομάτων,
781 4199 1043 4269 λούτρων,
1082 4197 1286 4267 ἐρημία
1330 4193 1682 4264 ὁμιλούντων,
1714 4192 1806 4243 εύ-

231 4294 402 4364 πορία
422 4292 1023 4364 προσεπεμϐαινόντων,
1059 4288 1573 4360 προσπλησσόντων.
1605 4286 1669 4339 Oi
1699 4284 1807 4354 γάρ

230 4403 365 4440 ποτε
410 4384 749 4453 εὐγνώμονες
785 4383 878 4435 νῦν
911 4382 1040 4443 ἴσως
1082 4378 1415 4447 ἀγνώμονες,
1451 4376 1542 4429 καὶ
1579 4377 1628 4429 οἱ
1660 4375 1805 4445 φίλοι

230 4481 328 4533 καὶ
357 4477 624 4546 γνώριμοι
655 4474 1042 4543 τετράφθωσαν
1069 4471 1138 4525 τά
1167 4470 1458 4540 πρόσωπα,
1500 4469 1532 4540 ἢ
1573 4468 1804 4537 ἐγγύθεν

1833 3204 1876 3262 C
2267 3235 2384 3291 ΧΙΙ.
2414 3236 2617 3290 ΤΙιοηιιε
2647 3235 2721 3291 bis
2748 3236 2945 3291 consuli
2974 3237 3136 3307 (15“).

1981 3368 2169 3435 Qualis
2200 3371 2579 3439 compellatio,
2623 3381 2717 3426 aut
2760 3371 3065 3441 cuiusmodi
3096 3371 3490 3427 consolationis

1913 3475 2019 3515 vox
2062 3461 2193 3524 tibi,
2256 3461 2509 3525 domine,
2567 3462 2635 3517 ab
2692 3462 2987 3518 humilibus
3045 3463 3203 3517 nobis
3254 3462 3489 3518 inveniri

1912 3559 2094 3619 queat,
2119 3550 2187 3606 ad
2213 3550 2390 3605 tristia
2418 3551 2535 3606 haec
2567 3553 2705 3606 mala
2728 3568 2848 3622 quae
2875 3551 3139 3607 sustines?
3171 3552 3407 3607 Exactus
3430 3568 3489 3607 es

1911 3657 1941 3695 a
1976 3642 2194 3696 eivitate
2235 3658 2358 3711 quae
2389 3651 2443 3698 te
2488 3644 2675 3714 genuit
2708 3653 2766 3699 et
2819 3644 3107 3710 educavit;
3151 3644 3396 3716 privatus
3426 3661 3487 3700 es

1912 3732 2244 3803 amplissima
2283 3734 2481 3799 domo;
2528 3734 2793 3804 spoliatus
2831 3750 2888 3791 es
2940 3736 3134 3791 illustri
3183 3737 3445 3807 dignitate
3470 3778 3484 3801 ,

1911 3826 2105 3879 addam
2139 3826 2302 3879 etiam
2327 3866 2341 3891 ,
2368 3827 2643 3896 opulentia
2672 3845 2687 3893 ;
2722 3839 3034 3899 segregatus
3064 3844 3123 3883 es
3159 3830 3228 3884 ab
3258 3830 3450 3885 amicis
3469 3873 3482 3895 ,

1909 3934 1939 3972 a
1970 3918 2345 3983 familiaribus,
2369 3934 2398 3973 a
2429 3918 2764 3975 charissimis
2816 3921 3002 3975 liberis
3043 3922 3170 3981 tuis.
3203 3922 3354 3977 exsul
3380 3923 3486 3977 huc

1909 4012 2035 4066 illuc
2064 4013 2273 4066 delatus
2301 4028 2393 4067 es:
2424 4013 2478 4065 in
2501 4012 2691 4066 exsilio
2714 4022 2896 4068 autem
2923 4014 3056 4068 nihil
3082 4029 3192 4069 non
3221 4016 3285 4069 ad
3317 4031 3477 4069 vexa-

1911 4105 2117 4158 tionem
2157 4114 2530 4173 comparatum
2568 4106 2781 4175 corpori
2835 4115 2928 4160 tuo
2968 4106 3193 4162 minime
3228 4116 3481 4174 assueto,

1908 4196 2135 4264 penuria
2168 4196 2304 4258 cibi,
2336 4206 2517 4265 potus,
2550 4197 2895 4260 balneorum,
2925 4198 3161 4253 solitudo
3193 4200 3480 4266 sodalium,

1907 4285 2209 4353 frequentia
2243 4284 2604 4351 irruentium,
2640 4287 3040 4341 insultantium.
3075 4288 3177 4354 Qui
3206 4290 3353 4343 enim
3398 4289 3487 4344 be-

1907 4376 2085 4431 nevoli
2120 4376 2249 4430 olim
2280 4388 2457 4443 erant,
2491 4394 2638 4432 nunc
2670 4378 2807 4433 forte
2843 4378 3025 4433 infesti
3054 4397 3068 4444 ;
3106 4390 3161 4434 et
3200 4380 3291 4450 qui
3320 4380 3479 4435 amici

1907 4468 2152 4537 notique,
2194 4479 2512 4524 averterunt
2569 4470 2732 4525 facies
2760 4486 2925 4536 suas,
2975 4481 3067 4527 aut
3124 4474 3345 4543 propius
3387 4484 3481 4527 aut

228 4574 263 4642 ἢ
298 4568 571 4639 μακρόθεν
609 4567 758 4630 ὄντες
790 4565 898 4619 ἀπὸ
923 4563 1015 4617 τοῦ
1048 4563 1337 4634 γνωρίζειν
1380 4563 1472 4615 καὶ
1502 4561 1676 4631 φιλεῖν
1706 4560 1802 4614 καὶ

1909 4557 2117 4628 longius
2144 4558 2327 4628 positi,
2359 4575 2430 4614 ne
2457 4570 2755 4631 agnoscant
2775 4601 2790 4625 ,
2824 4562 2908 4616 vel
2937 4572 3161 4627 ament,
3208 4573 3261 4617 et
3293 4578 3477 4616 curam

229 4660 510 4731 κήδεσθαι.

300 4774 526 4842 Φροντὶς
600 4771 690 4824 ἐπὶ
741 4768 954 4830 τούτοις
1031 4765 1140 4818 τῶν
1198 4765 1279 4818 ἔτι
1334 4764 1799 4835 ἐπιλελειμμένων

229 4863 524 4934 ὑπηρετῶν
546 4862 766 4927 δούλων,
800 4864 894 4913 καὶ
912 4858 1018 4930 πρό
1039 4874 1102 4925 γε
1133 4857 1339 4909 τούτων
1362 4856 1468 4909 τῶν
1497 4854 1798 4909 καλλίστων

1909 4658 2117 4718 gerant.

1979 4766 2059 4820 Ad
2096 4767 2211 4821 haec
2238 4767 2540 4822 sollicitudo
2570 4782 2756 4822 eorum
2789 4770 2878 4839 qui
2911 4770 3090 4824 adhuc
3120 4780 3345 4831 restant,
3398 4770 3475 4824 la-

1907 4858 2199 4922 mulorum,
2230 4874 2542 4914 servorum.
2578 4868 2666 4925 et,
2723 4871 2851 4915 ante
2885 4878 3101 4927 omnes,
3135 4862 3474 4933 egregiorum

1740 5048 1974 5104 NOTAE.

269 5200 383 5269 (l5)
400 5194 1289 5269 Θωμᾷδισυπᾲτῳίῐξιιςυιιιιιιηεξ
1304 5194 1369 5249 ad
1389 5208 1593 5269 annum
1614 5192 1799 5269 Leo-

230 5288 264 5325 n
278 5264 315 5323 's
330 5264 936 5337 PurphyrogennMéen
952 5264 1207 5337 ἑϐδομάβᾶ
1222 5264 1330 5337 τῶν
1344 5264 1616 5337 νηστειῶν
1632 5266 1799 5337 Expa-

226 5340 371 5409 τήθη
395 5333 550 5409 Δίων
580 5333 639 5409 τε
666 5336 757 5387 καὶ
1034 5333 1490 5409 κουὸικουλάριοι·
1530 5335 1624 5387 καὶ
1652 5333 1798 5389 οὗτοι

229 5403 481 5462 οὖν’καὶ
534 5407 741 5474 ἑτέροις
782 5403 1067 5458 εὐλαϐἐσιν
1094 5403 1371 5472 ἀνδράσιν,
1424 5404 1500 5474 ὡς
1558 5420 1798 5474 προσκυ-

225 5478 451 5538 νοῦντες
490 5477 587 5536 τὰς
615 5472 777 5542 ἁγίας
803 5475 899 5544 καὶ
938 5473 1146 5544 ossi-ra;
1176 5474 1417 5544 elxovac
1450 5472 1625 5544 Media
1659 5476 1800 5544 jejuf

224 5551 438 5602 nierum
462 5545 781 5597 hebdomade
818 5543 919 5596 Leo
945 5553 990 5595 et
1017 5541 1241 5595 Thomas
1287 5542 1620 5605 cubicularii,
1643 5541 1797 5609 quasi

224 5628 441 5671 sanctas
467 5629 516 5667 et
549 5615 867 5667 venerandus
900 5614 1154 5680 imagines
1179 5613 1483 5674 coluissent,
1517 5629 1635 5665 cum
1669 5614 1795 5665 aliis

227 5686 648 5756 religiosisuciris
673 5683 1025 5756 comprehensi
1054 5690 1192 5733 sunt.
1229 5682 1358 5734 Item
1389 5691 1581 5756 auctor
1618 5686 1796 5756 incert

224 5751 457 5823 tus,'qui
480 5753 795 5821 Theophani
830 5755 1153 5823 subjuuctus
1174 5761 1257 5803 est
1284 5769 1294 5803 :
1324 5767 1447 5821 pag.
1479 5753 1581 5807 440
1606 5770 1653 5806 c.
1690 5751 1796 5823 καί

220 5844 307 5891 τις
340 5822 539 5893 Θωμᾶς
564 5825 849 5894 πατρίκιος
895 5822 1003 5875 ἀπὸ
1034 5822 1346 5874 emunitus-1
1391 5823 1703 5892 γενόμενος,
1739 5822 1795 5883 ὃς

1906 5193 2023 5270 τότε
2050 5190 2148 5270 τῂν
2194 5191 2522 5270 Ἐκκλησίαν
2560 5194 2870 5270 παρ-ἐλαϐεν
2908 5197 3015 5250 ἀπὸ
3051 5198 3154 5270 ,τοῦ
3208 5201 3475 5270 βασιλέως

1905 5261 2211 5338 ἀσφαλίσας
2242 5262 2351 5338 τᾲςζςΔ
2382 5261 2561 5338 πύλας
2582 5261 3144 5338 ’τοῦλπατριαρχείοψ
3174 5261 3475 5337 ἀπεδίωξεῦ

1904 5331 2120 5395 αὐτοὺς,
2158 5331 2240 5408 ὡς
2258 5330 2421 5408 δῆθεν
2449 5333 2542 5385 τοῦ
2576 5330 3035 5408 βασιλέως’χω’ρῖς
3052 5339 3225 5394 ταῦτα
3250 5330 3473 5395 ποιούν-

1902 5417 2022 5477 τας,
2050 5412 2155 5457 etc.
2188 5401 2313 5477 Mox
2336 5400 2810 5477 Thomasquiaam
2831 5400 3083 5477 patricius
3098 5410 3176 5463 bis
3199 5416 3469 5477 excousul,

1902 5471 1990 5539 qui
2020 5482 2142 5523 tunc
2166 5473 2297 5524 velut
2329 5471 2660 5540 imperatoris
2675 5471 2838 5542 jussu
2876 5517 2889 5537 ,
2927 5476 3222 5532 Ecclesium
3281 5471 3463 5534 tumul

1901 5542 2024 5593 dam
2048 5553 2365 5607 susceperat,
2392 5544 2557 5610 portis
2590 5544 2898 5610 patriarchii
2928 5549 3153 5601 occlusis
3182 5567 3268 5603 eos
3300 5567 3471 5603 remu-

1898 5611 1967 5662 l'il
1994 5610 2323 5684 vc'lut'iuicio
2362 5614 2677 5679 imperatore
2702 5614 3003 5669 istiusmodi
3043 5618 3285 5684 facinora
3316 5623 3469 5673 moli-

1898 5690 1996 5741 tos,
2038 5689 2145 5733 etc.
2184 5680 2256 5734 De
2288 5684 2649 5751 appellatione
2671 5684 2904 5751 disypati
2938 5680 3142 5751 videsis
3190 5688 3465 5745 Glossaria

1899 5751 2183 5818 llncangii.

1966 5820 2112 5889 (15⁸)
2152 5821 2543 5876 Cutisulaturiu.
