4158 6468
690 362 787 424 951

1864 372 1923 430 S.
1960 370 2356 431 THEODORI
2401 371 2748 431 STUDITJ'I

3823 364 3923 427 952

682 477 999 529 liberorum.
1034 474 1095 530 Et
1121 477 1347 533 facultas
1380 493 1490 534 non
1519 481 1781 549 suppetit.
1812 480 1876 535 Et
1908 490 2171 548 praeterea
2194 482 2258 535 ad

2371 483 2592 536 παίδων.
2627 484 2735 535 Καὶ
2793 483 2853 535 τὸ
2904 480 3163 535 δύνασθαι
3218 481 3278 533 οὐ
3337 480 3620 552 πρόσεστι.
3666 481 3781 535 Καὶ
3834 484 3925 535 ἐπὶ

680 569 868 621 urbem
904 568 1177 632 consides,
1210 570 1385 624 sicut:
1416 572 1495 624 Ad
1524 574 1741 641 [lumina
1770 572 2052 641 Babylonis
2081 574 2253 627 abdu-

678 672 798 715 ctus
822 662 1095 732 quondam
1126 663 1177 716 in
1212 664 1457 733 Assyrios
1496 666 1654 718 lsracl
1680 707 1693 729 ,
1742 666 1827 718 ubi
1874 667 2119 729 sedimus,
2165 666 2251 719 itt-

678 755 894 823 quiuttt,
921 765 969 808 et
993 756 1249 823 ﬂeuimus,
1273 760 1397 808 dum
1428 764 1824 810 recordaremur
1842 756 1967 810 Sion
1988 758 2124 811 "'“.
2144 757 2250 813 Ge-

680 848 847 899 mitus
876 861 1025 916 ergo,
1052 857 1106 900 et
1132 848 1406 912 mwroris,
1444 857 1501 901 et
1521 848 1879 919 lacrymarnm
1914 848 2086 917 plente
2126 858 2256 902 sunt

681 955 769 992 res
795 949 919 994 tuae.
962 944 1032 995 At
1062 954 1193 994 vero
1229 956 1352 994 cum
1382 940 1625 994 scientia:
1652 940 1845 1009 gratia,
1870 948 1924 992 et
1954 939 2257 1007 prudentiae

681 1033 828 1085 dono
858 1034 1115 1103 praeditus
1170 1032 1262 1096 sis,
1300 1032 1716 1101 haudquaquam
1749 1040 1800 1084 te
1831 1030 1884 1083 in
1909 1030 1993 1083 liis
2026 1029 2258 1083 arbitror

682 1126 902 1194 penitus
944 1124 1275 1179 concidere:
1309 1124 1511 1193 quippe
1551 1123 1643 1192 qui
1687 1137 1797 1175 non
1845 1122 2061 1191 ignores
2093 1120 2257 1173 vitam

684 1214 921 1269 hominis
946 1214 1192 1268 militiam
1235 1227 1377 1271 esse.
1411 1214 1566 1281 juxta
1593 1211 1876 1266 clarissimi
1906 1210 2006 1265 Job
2037 1219 2258 1264 senten-

687 1307 815 1359 tiam
851 1307 919 1369 δι,
972 1305 1064 1374 qui
1098 1312 1302 1373 quanta
1334 1318 1628 1373 perpessus
1671 1313 1780 1367 Sll,
1848 1301 2259 1373 intelligentiam

686 1405 833 1449 tuam
859 1410 965 1449 non
994 1395 1165 1457 fallit;
1196 1396 1270 1448 uti
1294 1410 1394 1448 nec
1423 1394 1524 1447 alia
1552 1395 1729 1447 omnis
1754 1393 2072 1448 iustabilitas
2102 1392 2263 1461 hujus

686 1490 831 1550 vitaz,
870 1489 1029 1541 aliter
1053 1498 1215 1555 atque
1250 1488 1407 1540 aliter
1430 1486 1483 1540 in
1510 1486 1627 1540 dies
1658 1485 1825 1539 ferme
1856 1500 2046 1539 omnes
2075 1484 2260 1538 horas-

688 1597 792 1649 que
828 1581 1107 1635 variantis.
1154 1579 1347 1634 Fluxui
1380 1580 1525 1633 enim
1565 1590 1619 1633 et
1658 1578 1885 1632 rcfluxui
1925 1576 2118 1632 similis
2161 1585 2263 1639 est,

688 1684 743 1724 et
769 1671 1013 1734 ﬂoribus,
1040 1683 1094 1724 et
1118 1670 1367 1735 sonmiis,
1404 1671 1633 1739 aliisque
1665 1670 1715 1723 id
1750 1684 1944 1740 genus,
1979 1678 2039 1721 ttt
2072 1667 2266 1721 divinae

688 1763 909 1817 Patroni
941 1779 1101 1817 voces
1139 1762 1495 1817 allirmarunt.
1528 1761 1762 1831 Reputct
1796 1761 1943 1815 enim
1973 1762 2267 1814 rationem-

2351 575 2562 637 τούτοις
2595 574 2801 645 καθίζῃ
2835 574 2943 645 πρὸ
2998 573 3091 627 τοῦ
3120 575 3313 636 ἄστεος
3334 613 3350 636 ,
3380 568 3493 625 οἷον
3533 573 3632 626 ἐπὶ
3655 572 3780 627 τῶν
3814 590 3893 625 κο

2353 663 2551 733 ταμὼν
2602 663 2954 730 Βαϐυλῶνάς
3014 682 3143 718 ποτε
3202 665 3550 734 ἀπαγόμενος
3601 667 3683 730 είς
3723 668 3919 719 ’Λσσυι

2356 755 2505 822 ρίους
2581 756 2833 827 Ἰσραήλ*
2889 757 2960 808 ἐν
3006 749 3075 823 ᾦ,
3133 757 3333 825 φησὶν,
3381 758 3773 825 ἐκαθίσαμεν,
3825 757 3921 811 καί

2354 846 2741 916 ἐκλαύσαμεν
2788 848 2857 900 ἐν
2898 847 2978 912 τῷ
3013 848 3363 916 μνησθῆναι
3411 847 3568 917 ἡμᾶς
3597 849 3706 917 τῆς
3748 851 3922 903 Σιών.

2358 938 2676 1005 Στεναγμοῦ
2721 939 2903 991 τοίνυν
2967 939 3061 991 καὶ
3110 940 3415 1009 κατηφείας
3453 939 3546 992 καὶ
3576 939 3833 1007 δακρύων
3860 939 3930 990 τά

2357 1028 2449 1081 σά.
2499 1027 2638 1081 Ἀλλ’
2669 1029 2792 1081 ἐπεὶ
2815 1029 3074 1099 πρόσεστί
3104 1045 3187 1081 σοι
3231 1030 3486 1098 γνώσεως
3531 1030 3802 1099 χάρισμα,
3837 1031 3934 1084 καὶ

2360 1120 2672 1190 φρονήσεως
2728 1120 2997 1190 δώρημα’
3029 1120 3091 1172 οὐ
3145 1121 3362 1183 πάντως
3416 1121 3789 1174 καταπίπτειν
3826 1124 3936 1175 οἰό-

2364 1209 2509 1278 μεθά
2538 1227 2599 1263 σε
2635 1212 2693 1263 ὲν
2728 1210 2937 1274 τούτοις
2964 1228 2979 1242 ·
3017 1211 3192 1264 είδότα
3223 1212 3304 1263 ὄτι
3358 1212 3714 1284 πειρατήριον
3743 1214 3773 1266 ὁ
3819 1211 3937 1282 βίος

2361 1302 2673 1371 ἀνθρώπου,
2704 1303 2848 1358 κατά
2870 1303 2961 1355 τὸν
2992 1303 3236 1371 ἀοίδιμον
3279 1302 3491 1368 ἰὼ6,λς
3522 1306 3623 1358 ὅσα
3656 1305 3938 1357 πέπονθεν

2362 1392 2460 1445 οὐκ
2482 1395 2669 1458 ἀγνοεί
2698 1411 2792 1446 σου
2825 1395 2858 1462 ἡ
2885 1392 3215 1461 πολυπειρία
3241 1410 3254 1423 ⁸
3277 1394 3401 1447 οὐδὲ
3436 1396 3537 1466 τὴν
3563 1397 3732 1465 ἀλλην
3762 1396 3937 1449 ἀσταο

2362 1502 2456 1538 τον
2474 1487 2647 1556 φοράν
2669 1487 2768 1556 τῆς
2779 1486 3281 1556 παραυτίκα’ζωῆς,
3300 1486 3489 1540 ἀλλοτε
3511 1488 3683 1550 ἄλλως
3700 1488 3939 1556 ἐχούσης

2366 1580 2509 1631 κατά
2549 1581 2728 1631 πᾶσαν
2766 1579 2954 1649 σχεδὸν
2993 1579 3208 1649 ἡμέραν
3248 1596 3307 1632 τε
3340 1580 3433 1632 καὶ
3460 1579 3631 1648 ὥραν.
3669 1580 3797 1652 Ῥοῇ
3830 1583 3941 1651 γὰρ

2368 1669 2461 1721 κα)⁸
2518 1668 2763 1739 ἀπορροῇ
2813 1670 3009 1730 ἔοικεν,
3046 1668 3233 1723 ἄνθεσί
3294 1685 3356 1722 τε
3390 1670 3484 1723 καὶ
3534 1670 3798 1740 ὀνείρασι,
3844 1673 3942 1724 καὶ

2367 1755 2603 1813 οἷστισιν
2652 1759 2855 1824 ἀλλοις,
2886 1760 3030 1813 κατά
3067 1760 3167 1823 τάς
3204 1760 3354 1823 θείας
3386 1761 3570 1828 φωνάς
3599 1761 3709 1813 τῶν
3736 1761 3939 1828 ἁγίων.

688 1873 795 1925 que
825 1872 1009 1910 secum
1052 1858 1200 1909 ineat
1231 1858 1536 1911 veneranda
1564 1871 1717 1909 meus
1758 1864 1868 1916 tua.
1905 1868 2067 1924 quam
2100 1852 2265 1906 multa

2383 1851 2815 1919 Ἀναλογιζέσθω
2851 1852 2961 1921 γάρ
2996 1868 3090 1903 σου
3140 1853 3173 1921 ὴ
3205 1852 3363 1921 τιμία
3393 1849 3561 1921 ψυχὴ,
3598 1853 3741 1905 πόσα
3773 1853 3834 1904 ἐν
3861 1852 3945 1919 τῷ

690 1952 758 2003 ab
797 1951 914 2018 ipso
950 1949 1126 2003 exsilii
1179 1949 1253 2002 tui
1286 1958 1524 2017 tempore
1571 1958 1785 2017 peracta
1818 1946 1926 2000 sint
1962 1962 1975 1999 :
2008 1945 2136 2000 dum
2172 1944 2264 1998 alii

690 2044 911 2106 cadunt,
944 2042 1031 2096 alii
1058 2050 1374 2111 exsurgunt,
1405 2040 1491 2093 alii
1525 2038 1962 2101 moriuntur,a|ii
1983 2052 2261 2107 prospere,

690 2134 779 2187 alii
807 2148 967 2188 secus
990 2144 1175 2203 agunt.
1212 2133 1270 2185 Et
1305 2133 1486 2186 nullus
1510 2132 1735 2187 omnino
1762 2140 1933 2185 status
1952 2139 2033 2184 est
2055 2130 2265 2184 stabilis

692 2227 748 2279 in
782 2226 884 2280 hoc
916 2225 1151 2279 versatili
1194 2226 1317 2278 vita!
1344 2235 1544 2279 nostra:
1571 2239 1755 2277 cursu.
1778 2224 1912 2277 lllud
1939 2224 2101 2277 etiam
2129 2238 2267 2292 prae-

693 2324 842 2370 terea
878 2331 1066 2369 verum
1098 2326 1199 2379 est,
1222 2316 1275 2368 in
1312 2316 1503 2369 exsilio
1532 2315 1766 2383 quodam
1790 2329 1979 2368 omnes
2005 2329 2104 2367 nos
2126 2329 2264 2374 esse.

691 2418 964 2478 quatenus
987 2424 1083 2477 per
1102 2408 1497 2477 protoplastum
1520 2408 1586 2462 de
1615 2408 1883 2477 paradiso,
1917 2416 1973 2461 ut
1993 2408 2266 2477 proditum

694 2510 796 2562 est,
825 2500 982 2567 ejecti
1014 2514 1224 2563 sumus,
1254 2509 1307 2552 et
1342 2498 1395 2551 in
1438 2498 1649 2552 mortali
1683 2498 1783 2551 hac
1826 2512 1918 2551 ora
1961 2512 2265 2561 versantur,

694 2590 873 2658 quoad
904 2598 1186 2643 cantemus
1215 2608 1227 2642 :
1263 2588 1411 2641 Educ
1446 2590 1508 2641 de
1538 2589 1775 2641 custodia
1802 2590 2039 2641 animam
2073 2605 2265 2650 meam,

695 2680 765 2731 ad
796 2678 1143 2746 conﬁtendum
1176 2679 1372 2731 nomini
1417 2689 1504 2732 tuo
1530 2679 1599 2743 ",
1627 2695 1690 2732 ex
1725 2679 1959 2733 incolatu
1998 2678 2065 2732 ad
2105 2679 2270 2732 liber-

696 2782 863 2826 tatem
899 2780 1265 2825 transeuntes.
1316 2770 1493 2836 Quare
1524 2786 1593 2825 ne
1652 2770 1705 2823 in
1752 2770 2000 2825 exsilium
2048 2771 2269 2839 quidem

696 2880 854 2934 agerc
887 2863 1134 2917 homines
1171 2873 1396 2933 possunt
1427 2877 1758 2933 congeneres
1790 2878 1937 2927 suos,
1967 2863 2010 2915 si
2052 2864 2270 2932 proprie

696 2955 1023 3023 loquendum
1069 2964 1173 3016 est.
1210 2970 1333 3008 cum
1374 2954 1593 3023 ipsimet
1622 2963 1865 3008 extorres
1906 2954 2033 3008 sint.
2069 2951 2272 3007 Omnes

696 3049 964 3117 siquidem
995 3047 1217 3100 advenae
1259 3056 1313 3099 ct
1360 3046 1627 3116 peregrini
1682 3046 1937 3115 descripti
1972 3061 2181 3100 sumus.
2214 3045 2271 3100 Si

696 3138 825 3209 quid
857 3136 1171 3205 hujusmodi
1209 3136 1306 3190 tibi
1344 3136 1645 3191 remedium
1677 3146 1759 3190 est
1797 3136 1863 3189 ad
1901 3137 2174 3199 solatium,
2225 3137 2266 3191 si
2296 3174 2338 3231 ο

697 3228 1089 3283 consolationis
1121 3228 1553 3291 incitamentum,
1603 3228 1863 3297 petimus,
1898 3229 2269 3292 obsecramus,

699 3329 758 3374 ut
778 3336 897 3389 quae
927 3320 1265 3379 acciderunt,
1291 3334 1486 3389 magno
1512 3319 1654 3373 feras
1687 3320 1891 3383 animo,
1922 3331 1977 3373 et
2004 3335 2127 3373 cum
2156 3335 2277 3389 gra-

701 3408 897 3461 tiarum
929 3407 1143 3461 actione
1188 3406 1362 3461 tristia
1396 3426 1407 3460 :
1438 3408 1581 3477 quod
1616 3409 1834 3477 quidem
1872 3408 1965 3463 tibi
2009 3424 2118 3462 non
2177 3408 2275 3462 de-

700 3499 867 3554 fuisse
901 3498 1225 3553 conﬁdimus
1259 3517 1271 3552 :
1300 3500 1391 3569 qui
1444 3502 1591 3555 enim
1644 3502 1799 3555 aliter
1848 3515 2143 3555 aerumnam
2193 3502 2276 3555 in-

698 3602 984 3663 gruentem
1020 3593 1401 3662 perferemus?
1428 3594 1650 3648 Accedit
1681 3594 1824 3663 quod
1852 3609 2106 3665 magnum
2147 3595 2277 3650 inde

700 3687 911 3739 lucrum
943 3686 1377 3753 reportabimus;
1405 3701 1502 3755 per
1531 3685 1929 3750 infelicitatem,
1962 3686 2275 3740 felicitatem

700 3777 959 3844 majorem
984 3790 996 3837 ;
1031 3789 1127 3843 per
1148 3785 1541 3843 paupertatem,
1562 3774 1779 3830 divitias
1809 3790 1915 3828 non
1949 3784 2273 3844 pereuntes;

699 3882 797 3936 per
836 3864 1137 3928 infamiam,
1171 3866 1396 3935 gloriam
1444 3866 1821 3920 immortalem.
1870 3864 2014 3930 Quin
2068 3874 2124 3918 et
2171 3863 2274 3933 ipsi

702 3958 933 4012 fortasse
975 3955 1273 4026 principes,
1308 3956 1379 4026 pii
1408 3956 1764 4027 imperatores
1783 3955 1973 4021 nostri,
2000 3956 2276 4011 adducen-

701 4062 790 4105 tur
824 4050 1072 4110 tandem.
1092 4059 1152 4104 ut
1194 4059 1243 4103 te
1274 4049 1493 4104 domum
1524 4061 1801 4113 revocent,
1832 4058 1885 4103 et
1913 4048 2007 4102 tibi
2040 4063 2277 4119 congrua

700 4144 1013 4197 restituant.
1051 4142 1309 4196 Novimus
1341 4143 1487 4196 enim
1520 4142 1730 4195 illorum
1769 4142 2189 4206 humanitatem,
2223 4149 2279 4195 et

698 4251 862 4307 quam
900 4234 1079 4297 facile,
1120 4234 1177 4288 in
1205 4234 1321 4288 istis
1350 4234 1647 4303 praesertim
1688 4234 1869 4300 rebus,
1903 4234 2119 4288 meliora
2144 4250 2277 4289 con-

700 4330 819 4383 silia
861 4328 1098 4396 capiant.
1141 4327 1352 4381 Interea
1384 4336 1564 4381 autem
1593 4325 1723 4380 dum
1767 4336 1998 4397 perstas,
2028 4326 2278 4381 console-

701 4433 791 4477 tur
824 4432 874 4476 te
902 4421 1166 4475 Dominus
1200 4421 1342 4474 Deus
1370 4419 1739 4475 consolatione
1757 4420 2029 4489 patientia:
2044 4430 2098 4475 et
2119 4420 2280 4474 actio-

2371 1942 2577 2013 μεταξύ
2606 1944 2782 2014 χρόνῳ
2823 1942 2925 2013 τῆς
2966 1944 3276 2013 ἀπαγωγῆς
3309 1944 3664 2014 πέπρακται,
3696 1943 3808 1996 τῶν
3840 1943 3941 2012 μὲν

2367 2036 2873 2103 ἀποπεπτωκότων,
2902 2036 3013 2089 τῶν
3051 2036 3108 2088 δι
3149 2035 3545 2104 ἁνυψωθέντων
3568 2075 3583 2099 ,
3613 2036 3789 2089 ἄλλων
3852 2054 3945 2088 τε·

2368 2127 2673 2196 θνηκότων,
2718 2126 2920 2198 ἑτέρων
2946 2127 3434 2196 εὐπραγησάντων,
3460 2125 3633 2179 ἀλλων
3665 2126 3944 2195 δυστυχη-

2370 2219 2602 2272 σάντων.
2632 2218 2741 2271 Kal
2780 2216 3010 2287 οὐδεμία
3045 2218 3231 2278 στάσις
3266 2218 3323 2269 ὲν
3354 2217 3432 2287 τῷ
3474 2217 3696 2288 ἀστάτῳ
3722 2217 3819 2271 καὶ
3850 2217 3942 2269 εὐ-

2368 2312 2572 2379 κινήτῳ
2632 2310 2817 2380 δρόμῳ
2874 2308 2969 2362 τοῦ
3021 2308 3137 2378 βίου
3191 2309 3370 2379 ἡμῶν.
3414 2310 3621 2363 Ἐκεῖνό
3667 2328 3728 2363 τε
3780 2310 3945 2365 πάλιν

2368 2404 2572 2475 ἀληθὲς
2624 2406 2813 2471 ὃν,ὅτι
2851 2406 3049 2469 πάντες
3101 2403 3379 2475 ἄνθρωποι
3431 2408 3491 2459 εν
3535 2404 3721 2476 ὶξορία
3747 2406 3942 2475 ἐσμὲν,

2373 2495 2514 2547 κατά
2561 2496 2622 2549 τὸ
2657 2495 3045 2565 ἀποικισθῆναι
3074 2497 3225 2567 ἡμᾶς
3252 2498 3341 2550 διά
3374 2497 3468 2550 τοῦ
3515 2498 3945 2567 πρωτοπλάστου

2369 2588 2435 2639 ὲκ
2492 2586 2588 2639 τοῦ
2644 2586 2997 2657 παραδείσου,
3031 2588 3106 2651 ὡς
3153 2590 3181 2642 ὁ
3234 2588 3412 2657 λόγος,
3443 2588 3539 2641 καὶ
3594 2591 3676 2653 είς
3730 2592 3852 2644 τάδε
3884 2593 3947 2644 τὺ

2371 2676 2747 2749 θανατηφόρον
2790 2680 2989 2751 χωρίον
3044 2678 3441 2745 ἐναυλίζεσθαι,
3470 2680 3574 2743 ῑως
3596 2679 3662 2734 ἂν
3690 2682 3774 2744 τὸ,
3816 2684 3949 2746 Ἐξο

2371 2768 2556 2838 άταγε
2589 2771 2657 2823 ἐκ
2692 2770 2975 2839 φυλακῆς
3000 2770 3114 2837 τὴν
3141 2770 3353 2839 ψυχήν
3372 2787 3512 2838 μου,
3534 2772 3643 2827 τοῦ
3660 2772 3947 2841 ἐξομολο-

2372 2857 2677 2925 γήσασθαι
2707 2859 2787 2912 τῶ
2816 2860 3061 2928 όνοματί
3095 2875 3231 2923 σου,
3289 2859 3528 2929 ᾄδωμεν,
3583 2862 3947 2932 μεταϐαίνον-

2372 2966 2462 3011 τες
2490 2951 2555 3002 ὲκ
2595 2952 2887 3020 παροικίας
2932 2953 3011 3012 είς
3057 2950 3392 3021 ἐλευθερίαν.
3418 2952 3582 3006 Ὥστε
3615 2955 3739 3006 οὐδὲ
3768 2953 3947 3023 ἐξορί-

2374 3042 2487 3105 ζειν
2536 3042 2769 3095 δύναιντ’
2802 3042 2868 3100 ἀν
2922 3042 3202 3113 ἄνθρωποι
3263 3044 3391 3106 τοὺς
3443 3047 3720 3115 ὁμογενεῖς
3750 3085 3766 3109 ,
3804 3049 3946 3099 κατά

2374 3134 2435 3186 τὸ
2461 3134 2684 3205 ἀκριϐὲς
2713 3133 2805 3187 τοῦ
2834 3134 3015 3201 λόγου,
3035 3136 3300 3207 ἐξόριστοι
3348 3138 3501 3199 ὄντες
3529 3137 3745 3191 καύτοί.
3791 3140 3947 3192 Ἐπεὶ

2378 3226 2575 3289 πάντες
2603 3228 2858 3297 πάροικοι
2886 3229 2981 3280 καὶ
3016 3230 3389 3300 παρεπίδημοι
3422 3231 3943 3301 περιγεγραμμεθα.

2378 3317 2445 3368 Et
2481 3334 2533 3369 τι
2570 3318 2815 3371 τοιοῦτον
2845 3320 3138 3390 φάρμακόν
3178 3337 3263 3372 σοι
3295 3320 3645 3391 παρηγορίας
3687 3323 3946 3393 παραμύ-

2378 3409 2493 3462 θιον
2528 3410 2927 3481 παρακλήσεως
2952 3428 2966 3442 ο
3001 3409 3283 3481 αἰτοῦμεν,
3308 3410 3722 3482 ἀντιϐολοῦμεν,
3754 3416 3834 3476 είς
3887 3414 3947 3467 τὸ

2376 3504 2623 3569 ἐνεγκεῖν
2652 3502 3021 3573 μακροθύμως
3056 3502 3123 3555 τὰ
3158 3502 3466 3572 συμσάντα,
3503 3504 3847 3574 εὐχαρίστως
3877 3508 3945 3559 τὰ

2376 3594 2639 3663 λυπηρά·
2703 3596 2839 3662 ὅπερ
2910 3592 3258 3662 πεπείσμεθα
3322 3594 3614 3664 ἐσχηκέναι
3673 3612 3752 3648 σε.
3792 3597 3947 3651 Ἐπεὶ

2377 3684 2542 3737 πόθεν
2567 3683 2791 3739 ἄλλοθεν
2824 3682 3045 3753 οἴσομεν
3084 3683 3183 3752 τὴν
3214 3685 3511 3755 ἐπιφοράνς
3538 3681 3678 3739 Εἶτα
3706 3688 3787 3738 ὅτι
3812 3690 3944 3740 κάν-

2376 3774 2569 3829 τεῦθεν
2606 3775 2675 3828 τά
2736 3773 2949 3844 μεγάλα
2998 3774 3406 3843 κερδανοῦμεν,
3436 3775 3502 3828 δι’
3531 3778 3805 3848 ἀπραξίας
3857 3782 3947 3833 εὖ-

2378 3863 2615 3933 πραξίαν
2661 3863 2758 3935 τὴν
2813 3864 3052 3933 μείζονα,
3091 3863 3179 3917 διὰ
3213 3865 3405 3927 πενίας
3430 3855 3659 3921 πλοῦτόν
3681 3869 3774 3921 τὸν
3807 3870 3945 3939 ἀμε-

2376 3960 2679 4021 τάπτωτον,
2710 3957 2777 4010 δι’
2800 3956 3011 4023 ἀδοξίας
3036 3956 3193 4023 δόξαν
3216 3957 3312 4025 τὴν
3347 3959 3644 4029 ἀκήρατον.
3676 3962 3784 4015 Καὶ
3806 3965 3945 4033 τάχα

2378 4049 2894 4120 παρακληθήσονται
2928 4049 3021 4101 καὶ
3049 4050 3204 4102 αὐτοὶ
3252 4050 3300 4102 οἱ
3340 4050 3672 4123 κρατοῦντες
3698 4055 3946 4119 εὐσεϐεῖς

2379 4141 2533 4210 ἡμῶν
2563 4139 2799 4210 βασιλεῖς
2821 4140 2919 4209 ὀψέ
2946 4157 3075 4194 ποτε
3104 4141 3477 4211 ἐπαναγαγεῖν
3504 4159 3564 4197 σε
3585 4146 3663 4208 είς
3692 4146 3763 4199 τά
3781 4147 3941 4213 οἶκοι,

2378 4237 2473 4288 καὶ
2504 4234 2795 4287 ἀποδοῦναι
2818 4234 2888 4286 τά
2920 4234 3129 4288 δέοντα.
3167 4235 3355 4303 Ἶσμεν
3386 4236 3497 4307 γάρ
3528 4237 3707 4291 αὐτῶν
3734 4240 3797 4292 τὸ
3826 4243 3945 4309 φιλ.

2380 4326 2672 4396 ἀνθρωπον
2706 4326 2801 4379 καὶ
2823 4326 3221 4395 εὐμετάμελον,
3252 4319 3404 4396 ᾧπερ
3438 4327 3736 4398 κιχρῶνται
3769 4335 3943 4399 μεγά-

2380 4419 2485 4483 λως
2516 4420 2608 4473 ἐπὶ
2636 4421 2749 4483 τοῖς
2779 4420 3064 4482 τοιούτοις.
3086 4418 3233 4482 Ἕως
3263 4420 3306 4471 δ’
3339 4420 3405 4473 ἀν
3436 4420 3736 4489 ἐπιμένοις,
3765 4442 3943 4497 παρα-

700 4516 786 4569 nis
820 4514 1138 4585 gratiarum.
1176 4510 1282 4565 Sed
1318 4522 1373 4566 et
1405 4512 1741 4581 principibus
1781 4511 1911 4581 ipsis
1932 4512 2269 4581 persuadeat,

2380 4512 2607 4566 καλέσαι
2637 4528 2697 4563 σε
2729 4510 2934 4579 Κύριος
2965 4512 2993 4563 ὁ
3019 4510 3152 4571 Θεὸς
3186 4510 3533 4581 παρακλήσει
3563 4512 3942 4589 ὐπομονητικῇ

700 4615 759 4659 ιιι
790 4621 913 4676 erga
946 4614 997 4658 te
1028 4604 1386 4673 faciantquod
1416 4604 1576 4657 modo
1595 4604 1799 4658 dictum
1830 4613 1931 4667 est,
1964 4612 2018 4657 et
2040 4612 2093 4656 te
2120 4612 2271 4673 opta-

702 4700 967 4753 tissimum
1007 4697 1073 4751 iis
1112 4697 1405 4752 restituant
1436 4698 1528 4766 qui
1557 4706 1607 4750 te
1640 4696 1897 4765 diligunt.

1025 4913 1161 4971 Xlll.
1196 4944 1265 4955 ——
1298 4914 1371 4967 De
1402 4930 1527 4967 cura
1559 4912 1954 4980 insepultorum.

770 5050 1039 5117 Quoniam
1061 5051 1225 5105 homo
1248 5050 1313 5104 ad
1333 5050 1620 5120 imaginem
1638 5047 1729 5103 Dei
1750 5048 2273 5116 similitudinemque

700 5154 913 5196 creatus
943 5151 1047 5205 est,
1078 5158 1299 5197 necesse
1330 5152 1415 5197 est
1444 5141 1679 5195 humana
1710 5149 1922 5205 natura,
1954 5140 2127 5209 quoad
2157 5139 2271 5193 ﬁeri

701 5243 900 5304 potest,
936 5235 1211 5303 archetypi
1264 5234 1592 5287 lineamenta
1622 5273 1636 5296 ,
1667 5242 1916 5301 tanquam
1950 5233 2159 5302 imago,
2220 5231 2272 5284 in

702 5326 879 5395 seipsa
907 5334 1078 5396 gerat.
1118 5327 1253 5379 Cum
1294 5341 1421 5396 ergo
1464 5326 1605 5379 Deus
1651 5326 1906 5379 bonitatis
1940 5340 2051 5379 suae
2095 5323 2276 5393 provi-

700 5418 939 5472 dentiam
970 5417 1020 5469 iu
1055 5420 1235 5471 omnia
1266 5417 1556 5480 dilIundat,
1586 5433 1799 5487 aequum
1841 5416 2003 5471 fuerit
2029 5416 2275 5470 homines

702 5509 1081 5564 inenarrabilis
1112 5510 1391 5579 sapientiae
1439 5509 1714 5579 providam
1749 5509 2272 5564 administrationem

701 5617 800 5670 pro
824 5601 1027 5656 viribus
1054 5601 1273 5656 imitari.
1304 5601 1456 5656 Unde
1486 5611 1540 5657 et
1570 5617 1669 5657 nos
1698 5602 1926 5656 humiles
1952 5616 2013 5656 ac
2040 5601 2272 5665 minimi,

775 5781 890 5814 ’Μ’
916 5780 1061 5836 Psal.
1093 5796 1306 5842 cxxxvt,
1346 5780 1391 5835 Ι.
1472 5780 1511 5812 δ’
1551 5780 1651 5836 λου
1691 5796 1784 5841 νιιο
1812 5781 1861 5835 3-

2380 4606 2474 4657 καὶ
2503 4603 2911 4672 εὐχαριστηρίῳ
2934 4618 2948 4632 ο
2973 4602 3109 4655 ἀλλά
3140 4602 3234 4655 καὶ
3285 4603 3526 4656 πείσειεν
3567 4606 3767 4670 αὐτοὺς
3819 4612 3947 4675 τούς

2378 4695 2717 4766 κρατοῦντας
2744 4694 2805 4746 τὸ
2839 4694 3240 4765 προειρημένον
3271 4698 3403 4767 ἡμῖν
3447 4696 3651 4767 πρᾶξαι
3714 4702 3810 4753 ἐπὶ
3844 4707 3946 4766 σοὶ,

2379 4787 2476 4839 καὶ
2508 4784 2800 4840 ἀποδοῦναί
2842 4802 2902 4837 σε
2924 4785 3014 4839 τὸν
3042 4786 3416 4857 περιπόθητον
3452 4789 3565 4851 τοῖς
3594 4789 3807 4858 φιλοῦσί
3866 4812 3945 4850 σε.

2384 4921 2477 4975 ll".
2522 4918 2697 4983 -Είς
2730 4918 2841 4984 τὴν
2864 4916 3176 4971 διακονίαν
3201 4916 3321 4972 τῶν
3341 4918 3753 4985 ἁπρονοήτων.
3797 4923 3947 4997 [κθ’.]

2453 5054 2573 5105 Ὅτι
2627 5050 2747 5103 κατ’
2789 5050 2977 5102 είκόνα
3026 5049 3159 5102 Θεοῦ
3195 5051 3289 5103 καὶ
3318 5050 3579 5121 ὁμοίωσιν
3606 5053 3635 5105 ὁ
3662 5055 3949 5125 ἄνθρωπος

2381 5146 2629 5199 ἔκτισται
2654 5184 2669 5208 ,
2708 5144 3009 5212 ἀναγκαῖον
3047 5146 3111 5212 τῇ
3147 5143 3464 5213 ἀνθρωπίνῃ
3499 5144 3683 5212 φύσει,
3715 5147 3947 5202 καθόσον

2379 5235 2620 5305 ἐφικτὸν,
2654 5235 2730 5297 ὡς
2778 5236 2952 5288 εἰκόνι
2995 5235 3064 5287 τὰ
3093 5234 3184 5287 τοῦ
3212 5236 3521 5305 ἀρχετύπου
3554 5240 3851 5307 μιμήματα
3890 5244 3947 5293 ἑν

2378 5330 2545 5398 ἑαυτῇ
2606 5327 2944 5398 περιφέρειν.
2986 5327 3139 5379 Ἐπεὶ
3194 5326 3288 5380 οῦν
3351 5328 3414 5381 τὸ
3462 5329 3617 5380 Θεῖον
3645 5332 3737 5381 ἐπὶ
3769 5331 3947 5385 πάντα

2374 5421 2551 5491 διήκει
2584 5419 2683 5489 τὴν
2706 5420 2803 5487 τῆς
2828 5418 3035 5483 οἰκείας
3060 5418 3395 5488 ἀγαθὸτητος
3430 5419 3707 5486 πρόνοιαν,
3735 5421 3945 5475 δίκαιον

2377 5514 2442 5566 ἂν
2470 5512 2555 5583 εἴη
2596 5511 2950 5583 ὲκμιμεῖσθαι
2979 5512 3038 5564 τὸ
3067 5511 3408 5583 ἀνθρώπινον
3433 5512 3532 5583 τὴν
3568 5513 3669 5583 τῆς
3699 5516 3944 5587 ἀρρήτου

2379 5604 2570 5673 σοφίας
2617 5604 2979 5675 προνοητικὴν
3010 5643 3022 5662 .
3048 5604 3121 5667 ὡς
3166 5603 3390 5656 δυνατὸν
3414 5644 3429 5670 ,
3460 5602 3748 5675 διοίκησιν.
3782 5605 3946 5661 Ὅθεν

1941 5782 1982 5811 ⁸³
2018 5778 2157 5834 Psal.
2190 5791 2331 5842 εχει,
2376 5778 2426 5831 8.
