4158 6482
217 414 320 477 953

1447 408 1982 471 EPISTOI.ARUM
2014 409 2161 470 LIB.
2194 409 2245 469 Ῑ.

3359 408 3466 473 954

222 527 315 578 καὶ
338 523 505 592 ἡμεῖς
528 520 582 572 οῖ
615 524 860 575 ταπεινοὶ
900 522 993 576 καὶ
1023 521 1316 592 ἐλάχιστοι,
1346 521 1592 585 εὐλαϐῶς
1623 521 1703 582 είς
1734 519 1793 571 τὸ

1903 519 2070 572 Deum
2101 525 2414 573 reverenter
2453 518 2748 580 intuentes.
2786 518 3184 589 charitatisque
3220 537 3345 592 erga
3376 540 3467 578 Cn-

218 621 372 670 Θεῖον
400 613 711 676 ἀπιδόντες,
735 613 824 665 καὶ
850 615 988 682 πρὸς
1015 613 1075 664 τὸ
1102 612 1368 682 ὁμόφυλον
1396 614 1494 683 τὴν
1523 615 1796 681 ἀγαπητι-

219 711 322 780 κὴν
370 703 617 761 διάθεσιν
681 703 1057 766 ἀναλαϐόντες,
1083 702 1405 773 καθήκαμεν
1451 705 1673 765 ἑαυτοὺς
1717 703 1796 762 εἰς

218 803 338 854 τόδε
384 801 447 852 τὸ
492 797 691 859 ἀσεόὲς
724 797 1000 866 σύστημα,
1031 795 1215 859 καθὼς
1248 796 1631 858 ὑποτέτακται,
1659 795 1794 864 πρό-

219 911 372 946 νοιαν
427 890 745 960 ποιούμενοι
807 889 915 942 τῶν
972 891 1329 958 ἀπρονοήτων
1395 887 1793 959 σκηνωμάτων,

219 984 321 1038 εἴτ’
346 981 442 1036 οὖν
469 983 913 1052 νενεκρωμένων,
948 981 1043 1034 καὶ
1079 984 1144 1034 ἐκ
1176 981 1416 1050 πενίαςῆ
1438 983 1503 1033 ἐκ
1532 977 1796 1046 ξενιτείας

225 1077 303 1146 μὴ
335 1075 568 1144 ἐχόντων
615 1072 733 1134 πῶς
771 1070 1162 1141 ἐκκομίζεσθαι
1203 1073 1298 1124 καὶ
1335 1069 1696 1124 ἐνθάπτεσθαι
1739 1072 1796 1122 ἐν

215 1170 399 1239 ταύτῃ
431 1170 496 1236 τῇ
527 1163 886 1235 βασιλευούσῃ
914 1163 1021 1214 τῶν
1046 1164 1270 1216 πόλεων.
1297 1162 1388 1232 Τῷ
1413 1162 1592 1215 τοίνυν
1622 1162 1796 1230 τούτῳ

219 1258 351 1326 θείῳ
401 1255 557 1322 τύπῳ
605 1253 1028 1322 ἐπερειδόμενοι,
1065 1252 1280 1319 ἑκάστῳ
1334 1268 1392 1303 τε
1455 1250 1686 1320 ἐνιαυτῷ
1733 1251 1796 1302 ἐκ

217 1347 331 1398 τῶν
384 1345 698 1417 προσόντων
755 1342 908 1411 παρά
969 1341 1107 1394 Θεοῦ
1157 1341 1410 1412 δωρεῶν,
1440 1344 1467 1396 ὁ
1503 1342 1689 1404 καθεὶς
1721 1341 1794 1404 ὡς

219 1440 336 1507 ἔχει
374 1437 680 1505 δυνάμεως,
712 1432 1020 1503 καταϐολὴν
1059 1432 1375 1503 ποιούμενοι
1404 1434 1536 1500 πρός
1562 1450 1620 1485 τε
1661 1433 1795 1498 ἀγο-

224 1528 426 1598 ρασίαν
452 1525 740 1591 ἐνταφίων,
775 1525 870 1575 καὶ
892 1523 959 1574 τά
990 1521 1099 1575 τῶν
1132 1524 1210 1585 είς
1242 1521 1421 1592 ταφὴν
1447 1521 1617 1575 ἀλλων
1666 1538 1795 1572 συν-

217 1616 509 1678 τελοῦντα,
549 1614 856 1684 διορίζομεν
880 1613 937 1664 tv
962 1614 1151 1682 Κυρίῳ
1176 1612 1322 1667 τάδε.
1354 1611 1573 1665 Τούτων
1599 1628 1797 1681 μηνυοο

223 1709 404 1777 μένων
435 1707 468 1776 ἢ
497 1705 894 1776 θεωρουμένων
924 1705 1064 1756 κατὰ
1087 1706 1339 1775 περίοδον
1374 1704 1508 1776 πρὸς
1563 1707 1794 1758 ἑκάστου

216 1799 329 1851 τῶν
358 1796 790 1866 συνειλεγμένων
828 1798 885 1848 ἐν
911 1800 976 1866 τῇ
1008 1796 1334 1866 ἀδελφότητι
1364 1797 1555 1867 νεκρὸν
1581 1797 1790 1867 ἀνθρω-

217 1908 344 1953 πον,
380 1889 566 1942 τοῦτον
608 1891 718 1951 τοῖς
771 1887 1140 1958 προσήκουσιν
1197 1886 1472 1955 ἐνταφίοις
1510 1886 1794 1956 ἐκκομίζε-

219 1981 389 2043 σθαι,
446 1978 797 2033 ἀποτίθεσθαι
851 1980 908 2030 ἐν
958 1980 1079 2040 ταῖς
1130 1977 1605 2046 ἀποτεταγμέναις
1664 1979 1793 2047 ὑμῖν

214 2074 395 2134 ὁσίαις
441 2072 657 2140 θήκαις.
685 2072 796 2123 Καὶ
831 2069 937 2139 μὴν
967 2070 1053 2122 διὰ
1097 2069 1191 2122 τοῦ
1243 2069 1523 2134 ἐνιαυτοῦ,
1560 2071 1704 2141 ἀρχῇ
1734 2086 1795 2124 τε

220 2165 478 2227 ίνδὶκτου,
532 2165 625 2214 καὶ
674 2162 762 2214 διὰ
792 2162 891 2230 τῆς
924 2164 980 2214 ἐν
1025 2164 1092 2231 τῇ
1152 2163 1497 2233 Πεντηκοστῇ
1555 2161 1797 2231 πολυμε-

218 2255 400 2324 ρείας,
431 2253 700 2305 ἐπιτελεῖν
730 2254 876 2321 ἡμᾶς
905 2252 1104 2317 κοινῶς
1123 2254 1189 2304 τὰ
1235 2254 1554 2323 μνημόσυνα
1578 2255 1796 2306 πάντων

215 2349 331 2401 τῶν
357 2345 727 2418 κηδευθέντων
760 2362 772 2377 ο
799 2343 1096 2397 ποιούντων
1145 2344 1305 2414 ἡμῶν
1329 2347 1385 2397 ἐν
1411 2344 1592 2415 ταυτῷ
1613 2347 1677 2397 ἐκ
1699 2346 1796 2416 τῆς

217 2438 583 2506 συνεισφορᾶς
621 2437 715 2489 καὶ
739 2436 961 2506 ἀγάπην
991 2435 1396 2507 παρακλήσεως
1421 2437 1743 2506 σωματικῆς
1777 2452 1791 2464 ·

223 2532 303 2600 μὴ
375 2531 568 2599 μέντοι
606 2529 713 2594 ἔξω
741 2527 850 2579 τῶν
885 2529 1286 2600 νενομισμένων
1320 2531 1418 2597 τῆς
1465 2529 1795 2600 αὐταρκείας

218 2622 408 2689 ὅρωνο
467 2618 541 2680 ὼς
589 2619 622 2686 ἢ
666 2617 941 2688 πολυοινίᾳ
990 2618 1022 2687 ἢ
1084 2618 1399 2688 πολυφαγίᾳ
1456 2617 1795 2690 ἐξορχεῖσθαι

217 2713 374 2781 ἡμᾶς
398 2711 466 2762 τὰ
496 2709 892 2778 ἐπιτελούμενα
931 2711 1253 2780 μνημόσυνα
1310 2709 1443 2763 ά).λά
1488 2710 1604 2782 μετ’
1632 2712 1795 2764 εὐλα-

217 2803 374 2864 ὁσίας
420 2802 804 2872 ἀναφερόντων
855 2801 1013 2870 ἡμῶν
1059 2801 1367 2869 δοξολογίαν
1411 2802 1489 2871 τῷ
1526 2803 1796 2869 καταξιώ-

218 2911 381 2947 σαντι
410 2895 556 2962 ἡμᾶς
587 2893 707 2961 Θεῷ
741 2892 840 2962 τὴν
870 2894 1023 2946 ὁσίαν
1061 2893 1264 2961 ταύτην
1301 2893 1522 2964 τελετὴν
1557 2897 1794 2965 ποιήσα-

217 2985 383 3045 σθαι,
419 2985 594 3047 οὓτως
649 2984 741 3036 ἐπὶ
791 2983 890 3053 τὴν
919 2985 1017 3052 τῆς
1069 2983 1352 3055 τραπέζης
1395 2986 1532 3038 ίέναι
1583 2987 1794 3056 χρείαν,

218 3075 877 3148 προσαναγινωσκομένου
919 3074 1020 3144 ἤδη
1053 3074 1145 3125 τοῦ
1175 3074 1363 3143 τόμου,
1402 3076 1474 3137 ὠς
1506 3075 1571 3128 ἂν
1597 3077 1795 3130 καὶέπ⁸

217 3170 396 3236 αὐτῆς
423 3168 520 3234 τῆς
542 3165 750 3237 τροφῆς
777 3164 933 3234 ἡμῶν
961 3166 1028 3218 τὰ
1059 3165 1263 3234 ἀρεστὰ
1299 3165 1487 3236 Κυρίῳ
1521 3167 1782 3237 μεταδιώ-
1812 3181 1855 3237 C

215 3275 360 3312 κειν·
413 3258 508 3310 τοῦ
544 3259 687 3310 κατὰ
724 3256 1045 3325 περισσείαν
1080 3257 1476 3326 διανεμομένου
1505 3262 1740 3329 πτωχοῖς
1772 3277 1783 3288 °

219 3355 298 3423 μὴ
333 3350 838 3420 ἐμπολιτευομένων
882 3348 1067 3418 ἀργῶν
1127 3350 1388 3418 ῥημάτων
1414 3350 1472 3402 ἐν
1500 3352 1567 3421 τῇ
1600 3351 1788 3405 aqua.

218 3460 329 3506 σει,
383 3442 520 3512 μηδέ
568 3441 1002 3509 γελοιασμάτων,
1052 3439 1248 3491 πολλοῦ
1305 3456 1367 3507 γε
1434 3439 1611 3495 είπεῖν
1668 3460 1794 3495 παι-

216 3534 388 3604 γνίων
461 3535 595 3586 ὅπου
625 3549 687 3599 γε
722 3532 842 3584 οὐδὲ
866 3530 942 3599 τῷ
971 3530 1188 3600 τυχόντι
1217 3531 1525 3601 Χριστιανῷ
1551 3535 1790 3603 ἐνεργεῖν

214 3627 436 3696 δέχεται
465 3626 491 3675 ὁ
545 3623 720 3690 λόγος.
756 3622 818 3674 Ei
854 3621 911 3672 δὲ
976 3619 1070 3672 καὶ
1120 3618 1301 3671 λαλεῖν
1346 3619 1578 3688 δεήσειε,
1617 3621 1791 3675 ταῦτα

215 3717 322 3768 ὅσα
379 3715 580 3783 πρέπει
643 3710 987 3780 Χριστιανοῖς
1019 3723 1034 3738 ο
1075 3708 1157 3770 τὸ,
1212 3708 1573 3775 φυλάττεσθαι
1642 3712 1789 3780 ἡμᾶς

215 3809 430 3877 ὅρκονο
486 3804 588 3867 τὸ,
653 3803 876 3870 ἀγάπην
955 3801 1100 3869 ἔχειν
1161 3801 1218 3850 ἐν
1298 3800 1597 3872 ἀλλήλοις·
1660 3803 1790 3872 ἀλή.

215 3898 372 3950 θειαν
443 3898 506 3948 ἐκ
573 3893 665 3946 τοῦ
741 3893 1008 3961 στόματος
1069 3891 1365 3962 προφέρειν
1398 3907 1410 3920 ·
1470 3892 1625 3946 δόλου
1700 3895 1795 3946 καὶ

216 3987 418 4056 φθόνου
490 3984 944 4054 ἀποδιδράσκειν·
1010 3982 1257 4042 εὐποιίας
1318 3981 1377 4034 τὸ
1439 3984 1578 4037 κατά
1631 3985 1794 4037 δύνα-

216 4096 314 4149 μιν
346 4075 666 4144 ἀντέχεσθαι
739 4073 1059 4142 ἐπισκέψεις
1099 4072 1369 4125 ποιεῖσθαι
1402 4073 1510 4127 τῶν
1538 4078 1595 4128 ἐν
1623 4077 1794 4145 φυλα-

214 4171 366 4231 καῖς,
389 4167 497 4220 τῶν
539 4170 595 4220 ἐν
625 4165 980 4236 ἀρρωστίαις·
1012 4165 1300 4234 προσέχειν
1325 4167 1446 4229 ταῖς
1480 4168 1791 4237 ἀναγνώσε-

1896 620 2088 682 gnatos
2118 611 2276 665 nobis
2314 611 2569 665 affectum
2607 612 2999 682 suscipientes,
3052 629 3152 667 nos
3194 614 3340 684 ipsos
3379 618 3468 685 pio

1897 703 2027 758 huic
2056 706 2222 759 coetui
2245 704 2610 774 adjunximns,
2646 713 2702 758 ut
2732 706 3088 759 constitutum
3131 715 3234 770 est,
3267 723 3466 776 proru-

1897 809 2081 852 rantes
2109 798 2352 869 neglecta
2394 799 2737 852 tabernacula
2762 813 2856 852 seu
2893 801 3178 866 cadavera,
3213 817 3332 870 qua
3358 818 3468 872 pra:

1897 888 2079 958 inopia
2118 891 2202 944 vel
2227 890 2609 961 peregrinitate
2627 906 2736 944 non
2763 891 2961 944 habent
2983 893 3126 947 unde
3150 892 3466 957 efferantur,

1896 991 1951 1032 et
1989 980 2284 1034 humentur
2319 980 2372 1032 in
2410 981 2509 1034 hac
2535 980 2676 1050 regia
2701 981 2938 1034 civitate.
2980 980 3118 1036 Huic
3148 983 3306 1052 igitur
3337 999 3465 1036 nor-

1897 1087 2000 1126 me
2025 1072 2222 1126 divina:
2255 1072 2448 1133 innixi.
2481 1081 2536 1126 et
2575 1073 2862 1140 quotannis
2894 1073 3089 1144 singuli
3130 1090 3194 1128 ex
3233 1075 3470 1142 acceptis

1894 1176 1926 1216 a
1958 1161 2069 1217 Deo
2101 1163 2423 1216 muneribus
2453 1163 2520 1217 ad
2565 1162 2877 1216 funebrium
2910 1165 3242 1232 emptionem
3277 1205 3292 1229 ,
3349 1179 3470 1232 qua:

1895 1254 1960 1307 ad
1998 1253 2233 1307 aliorum
2266 1254 2604 1322 sepulturam
2662 1253 2888 1312 faciunt.
2925 1269 3023 1323 pro
3054 1254 3306 1308 facultate
3336 1269 3470 1308 con-

1898 1344 2218 1407 tribuentes,
2249 1343 2366 1397 ha:c
2391 1345 2445 1397 in
2481 1343 2707 1397 Domino
2733 1343 3135 1398 constituimus.
3158 1344 3228 1399 L't
3249 1345 3473 1412 quicun-

1895 1448 2002 1502 que
2035 1433 2324 1499 indicatus,
2353 1434 2801 1504 vel‘couspectus
2829 1435 2881 1486 in
2911 1435 3162 1499 transitu,
3194 1435 3261 1488 ab
3291 1435 3470 1503 aliquo

1897 1541 1927 1580 e
1957 1525 2181 1578 fratrum
2211 1526 2650 1596 congregatione,
2682 1535 2931 1580 mortuus
2971 1526 3135 1580 homo
3183 1525 3366 1590 fuerit,
3423 1527 3470 1580 is

1895 1616 2319 1686 congruentibus
2352 1616 2625 1684 exsequiis
2647 1616 2926 1680 efferatur,
2973 1617 3382 1685 deponaturque
3415 1619 3467 1670 in

1896 1707 2178 1761 destinatis
2208 1707 2362 1761 vobis
2393 1709 2561 1762 sacris
2594 1708 2933 1762 conditoriis.
2976 1707 3113 1761 Tum
3146 1719 3203 1763 ut
3235 1719 3468 1778 quotan-

1897 1799 2001 1861 nis,
2033 1808 2088 1851 et
2127 1798 2396 1867 principio
2439 1798 2751 1852 indictionis
2776 1841 2791 1864 ,
2827 1809 2882 1853 et
2918 1784 3016 1868 per
3042 1799 3158 1853 dies
3187 1798 3466 1869 Quinqua-

1896 1891 2139 1962 genarii,
2184 1889 2504 1943 memoriam
2531 1889 2773 1943 omnium
2814 1889 3184 1944 funeratorum
3233 1890 3282 1942 in
3316 1905 3469 1944 com-

1897 1996 2062 2035 mune
2092 1981 2464 2046 celebremus;
2504 1979 2763 2034 facientes
2805 1980 3005 2034 ibidem
3049 1996 3114 2034 ει
3147 1980 3387 2035 collectis
3417 1992 3471 2034 ct.

1895 2085 2101 2140 agapen
2131 2085 2407 2139 corporea:
2437 2068 2749 2123 refcctionis
2774 2087 2788 2130 ;
2823 2084 2932 2122 non
2955 2084 3086 2124 sane
3115 2078 3266 2123 extra
3293 2069 3469 2139 legiti-

1895 2176 1997 2215 mae
2032 2160 2354 2230 frugalitatis
2387 2160 2684 2224 terminos;
2729 2161 2798 2212 ita
2841 2168 2901 2215 ut
2949 2175 3060 2229 pra:
3089 2160 3353 2216 ebrietate
3389 2161 3470 2214 vel

1895 2251 2145 2321 crapula,
2179 2266 2374 2317 sacrae,
2415 2265 2577 2320 quam
2607 2251 2944 2305 celebramus
2971 2289 2986 2314 ,
3040 2252 3312 2308 memoria:
3351 2252 3475 2305 illu-

1890 2342 2087 2396 damus
2116 2359 2130 2394 :
2165 2343 2260 2397 sed
2290 2358 2413 2396 cum
2441 2342 2747 2396 reverentia
2773 2342 2984 2396 laudem
3012 2341 3122 2397 Deo
3152 2343 3470 2411 offerentes,

1896 2435 1987 2504 qui
2027 2449 2126 2488 nos
2157 2450 2326 2489 sacrae
2349 2434 2512 2502 hujus
2537 2435 2872 2489 caremonia:
2889 2435 3252 2488 celebratione
3287 2436 3476 2506 digna-

1897 2536 1985 2580 tus
2021 2535 2123 2580 est.
2153 2526 2243 2579 Sic
2268 2526 2334 2580 ad
2361 2541 2565 2580 mensae
2583 2540 2720 2596 opus
2738 2525 3048 2587 accedatur,
3085 2525 3331 2592 adjuncta
3360 2529 3470 2595 jam

1896 2616 2019 2671 libri
2054 2617 2306 2681 lectione,
2344 2625 2403 2671 ut
2449 2617 2503 2670 in
2545 2617 2660 2687 ipso
2692 2617 2854 2672 etiam
2889 2628 3050 2688 pastu
3093 2629 3280 2672 nostro
3302 2658 3317 2683 ,
3353 2635 3473 2688 qua:

1897 2707 2127 2762 Domino
2159 2717 2287 2761 sunt
2330 2717 2481 2779 grata
2541 2717 2918 2764 consectentur
2951 2727 2963 2762 :
2997 2725 3116 2779 qua
3177 2718 3474 2781 supersunt

1896 2802 2226 2870 pauperibus
2254 2803 2566 2874 erogando;
2601 2820 2708 2857 non
2746 2803 3100 2873 gliscentibus
3121 2805 3258 2857 inter
3283 2807 3472 2872 epulas

1898 2893 2150 2948 inanibus
2181 2895 2393 2959 verbis,
2427 2910 2530 2949 nec
2564 2895 2840 2959 ridiculis,
2878 2911 2946 2949 ne
2977 2896 3152 2950 dicam
3201 2896 3422 2949 ludicris
3453 2914 3468 2950 :

1897 2984 2333 3052 quandoquidem
2357 2985 2531 3038 cuivis
2552 2985 2864 3039 Christiano
2888 2986 2939 3040 id
2966 2987 3103 3040 ratio
3125 2995 3290 3040 vetat.
3316 2986 3470 3052 Quod

1897 3074 1940 3126 si
1982 3073 2129 3142 loqui
2161 3085 2440 3143 oporteat,
2484 3090 2665 3129 sermo
2699 3075 2768 3128 sit
2796 3077 2862 3129 de
2894 3077 2959 3128 iis
2997 3093 3116 3146 quae
3144 3077 3473 3132 Christianis

1896 3168 2230 3222 conveniunt
2282 3185 2295 3221 :
2346 3168 2645 3221 cavendum
2695 3167 3107 3237 jusjurandum;
3169 3169 3472 3222 habendam

1895 3267 2086 3311 mutuo
2112 3259 2431 3312 charitatem
2459 3274 2473 3321 ;
2508 3257 2790 3311 veritatem
2821 3273 2913 3311 ore
2953 3258 3301 3326 promendam
3331 3259 3474 3324 ;-ἀο-

1893 3351 2000 3404 lum
2050 3349 2422 3418 invidiamque
2474 3349 2829 3420 fugiendam;
2863 3348 3279 3403 beneficentiam
3322 3364 3472 3418 omni

1894 3442 2074 3496 studio
2100 3443 2474 3506 retinendam;
2506 3441 2750 3494 infirmos
2781 3451 2836 3495 et
2865 3441 2957 3509 qui
2995 3441 3046 3494 in
3085 3455 3304 3494 carcere
3342 3450 3471 3494 sunt

1894 3535 2190 3589 visitandos
2217 3551 2231 3598 ;
2264 3533 2590 3588 lectionibus
2607 3530 3021 3586 auscultandum
3051 3540 3104 3584 et
3133 3529 3198 3584 iis
3217 3531 3307 3599 qui
3334 3546 3474 3600 prae-

1897 3636 2025 3681 snnt
2063 3626 2117 3680 in
2150 3625 2436 3690 Ecclesiis;
2478 3626 2687 3680 honore
2746 3624 2976 3678 invicem
3035 3623 3470 3693 preveniendos,

1899 3718 1992 3772 Dei
2022 3717 2319 3786 praesertim
2371 3717 2683 3770 sacerdotes
2726 3723 2780 3769 et
2811 3715 3141 3781 monachos;
3192 3715 3474 3783 hospitali-

1899 3809 1992 3862 tati
2022 3807 2381 3872 studendum;
2414 3821 2443 3859 a
2476 3805 2836 3859 fornicatione
2872 3814 2928 3859 et
2971 3805 3230 3858 ebrietate
3253 3804 3474 3873 penitus

1894 3898 2316 3963 abstinendum;
2376 3897 2734 3952 orthodoxam
2787 3894 2947 3949 fidem
2987 3893 3418 3949 congervandam
3456 3911 3471 3947 :

1892 3991 1960 4044 ab
1998 3988 2382 4044 hereticorum
2416 3987 2799 4041 communione
2830 3986 3021 4055 procul
3073 3983 3474 4054 refugientium.

1895 4079 2095 4134 llorum
2131 4078 2399 4147 siquidem
2431 4077 2637 4131 mentio
2667 4086 2722 4131 et
2745 4076 3022 4131 meditatio
3049 4075 3346 4130 multorum
3379 4090 3479 4129 no-

1891 4173 1975 4227 bis
2014 4171 2282 4225 bonorum
2316 4169 2457 4222 viam
2489 4168 2718 4230 muniet.

213 4281 291 4328 σι,
321 4264 417 4316 καὶ
447 4266 562 4324 ταῖς
595 4264 650 4314 ἐν
691 4259 1006 4329 ἐκκλησίαις
1052 4261 1360 4331 προεδρίαις
1383 4278 1394 4290 ·
1429 4264 1691 4333 ἀλλήλους
1729 4271 1791 4338 τῇ
1834 4272 1966 4339 τιμῇ
1991 4265 2372 4338 προηγεῖσθαι,
2395 4265 2484 4316 καὶ
2506 4265 2738 4333 μάλιστα
2761 4264 2922 4332 ἱερεῖς
2943 4278 3000 4314 τε
3018 4260 3152 4312 Θεοῦ
3195 4259 3288 4312 καὶ
3312 4276 3474 4329 μοναο

213 4357 370 4421 στάς·
392 4357 691 4426 φιλοξενίαν
716 4355 1087 4424 μεταδιώκειν·
1110 4357 1363 4426 πορνείας
1388 4360 1481 4410 καὶ
1505 4361 1672 4431 μέθης
1691 4364 1749 4414 τὸ
1773 4366 2001 4417 καθόλου
2020 4362 2336 4432 ἀπέχεσθαι·
2356 4361 2453 4431 τὴν
2474 4357 2753 4432 ὀρθόδοξον
2779 4359 2957 4410 πίστιν
2980 4357 3246 4425 κατέχειν’
3272 4356 3476 4424 αἱρετι-

210 4451 330 4503 κῶν
354 4449 639 4508 κοινωνίας
662 4445 1014 4516 ἀποφεύγειν.
1040 4448 1266 4516 Καὶγάρ
1283 4449 1390 4501 τῶν
1410 4451 1666 4504 τοιούτων
1696 4455 1856 4507 λαλιά
1895 4457 1988 4508 καὶ
2009 4455 2233 4525 μελέτη.
2255 4453 2464 4506 πολλῶν
2485 4451 2705 4519 ἀγαθῶν
2730 4449 2984 4520 πρόξενος
3012 4447 3210 4515 γένοιτ’
3229 4447 3294 4500 ἀν
3321 4448 3473 4519 ἡμῖν.

286 4540 525 4603 Ταύταις
551 4541 669 4599 ταῖς
699 4537 868 4599 θείαις
915 4537 1212 4606 συνθήκαις
1262 4542 1784 4612 συγκατατιθέμενοι

1964 4546 2056 4600 llis
2087 4546 2288 4600 divinis
2337 4544 2602 4598 institutis
2646 4549 2954 4594 annuentes
3003 4547 3058 4592 et
3111 4537 3472 4604 adhaerentes,

213 4635 310 4689 καὶ
345 4631 723 4699 συνεπόμενοι,
750 4625 1101 4696 ἐπεδώκαμεν
1136 4631 1361 4692 ἑαυτοὺς
1384 4631 1459 4692 ὡς
1494 4633 1568 4701 τῷ
1601 4634 1790 4706 Κυρίῳ

211 4721 350 4790 τῷδε
393 4718 470 4786 τῷ
517 4718 848 4786 συστήματι.
909 4717 1047 4784 Φησὶ
1095 4719 1203 4786 γάρ
1237 4735 1250 4748 ·
1301 4719 1361 4772 '0
1392 4722 1652 4788 ποιήσας
1698 4725 1788 4778 ἐνὶ

212 4813 442 4864 τούτων
475 4804 591 4860 τῶν
632 4804 911 4875 ἀδελφῶν
933 4824 1052 4874 μου
1101 4805 1219 4860 τῶν
1247 4807 1588 4877 ἐλαχίστων
1611 4854 1624 4875 ,
1657 4813 1788 4880 ἐμοὶ

214 4901 543 4966 πεποίηκε’
586 4899 749 4967 μηδὲν
798 4898 908 4950 τῶν
949 4899 1219 4968 κειμένων
1275 4899 1612 4966 ἀθετοῦντες,
1656 4906 1790 4975 μηδὲ

214 4989 684 5063 παραμελοῦντες.
740 4990 824 5052 Ὠς
861 4991 954 5043 ἐάν
1011 5008 1140 5044 ποτε
1177 4991 1369 5062 ὀφθείη
1398 5012 1480 5057 τις
1508 4995 1616 5047 τῶν
1639 4997 1788 5049 ἀδελ-

213 5082 330 5150 φῶν
393 5081 424 5150 ἢ
476 5080 732 5150 παρορῶν
788 5081 880 5133 τὸν
958 5081 1210 5152 κείμενον
1271 5084 1461 5154 νεκρὸν
1500 5123 1513 5146 ,
1563 5087 1656 5138 καὶ
1716 5087 1790 5157 μὴ

211 5173 480 5240 ἀναφέροι
517 5173 594 5240 τῷ
632 5173 701 5223 τὰ
745 5172 942 5242 πρῶτα
974 5173 1195 5242 φέροντι
1246 5173 1347 5244 τῆς
1404 5175 1786 5247 ἀδελφότητος.

211 5266 242 5335 ἢ
302 5266 362 5316 ἐν
397 5266 507 5325 τοῖς
542 5264 784 5334 ἀρίστοις
842 5264 1214 5334 φθεγγόμενος
1246 5266 1282 5319 ἀ
1338 5266 1412 5337 μὴ
1459 5269 1636 5337 θέμις,
1691 5269 1790 5321 καὶ

211 5359 474 5426 πράττων
503 5355 569 5408 τά
601 5356 698 5426 ούχ
720 5357 864 5418 ὅσια,
915 5356 988 5419 ὡς
1018 5356 1264 5409 ἐντεῦθεν
1293 5359 1383 5411 τὸν
1419 5358 1548 5412 Θεὸν
1583 5377 1789 5431 παρορ-

210 5449 461 5516 γίζεσθαι
486 5490 499 5513 ,
529 5448 787 5518 ἐπιτιμίῳ
815 5447 1212 5500 ύποὸάλλεσθαι
1245 5450 1391 5518 παρά
1421 5450 1514 5502 τοῦ
1545 5452 1785 5521 προκαθ-

207 5541 539 5609 ηγουμένου,
572 5541 740 5610 τριῶν
791 5539 1013 5610 ἡμερῶν
1063 5540 1240 5610 ἀποχῇ
1278 5541 1443 5607 οἴνου,
1476 5542 1569 5594 καὶ
1611 5544 1782 5612 ἀργυ-

209 5633 326 5701 ρίου
364 5632 484 5694 ένδς
515 5631 812 5701 καταῦολῇ,
840 5627 936 5682 εἶθ’
969 5628 1145 5694 οὕτως
1177 5633 1350 5687 αίτεῑν
1379 5632 1514 5700 πρὸς
1541 5632 1600 5685 τδ
1652 5633 1781 5702 ἑξῆς

281 5809 324 5836 ⁸³
363 5806 552 5858 Μ.ι;ιιι.
592 5819 739 5866 xxut,
782 5803 859 5857 t0.

1896 4639 2027 4691 huic
2075 4654 2176 4691 nos
2235 4637 2396 4691 ρωιυί
2448 4646 2702 4704 tanquam
2735 4632 2964 4686 Domino
3015 4630 3355 4692 addiximus;
3400 4630 3476 4683 ait

1895 4729 2037 4781 enim
2075 4746 2084 4780 :
2125 4727 2224 4790 Qui
2258 4727 2436 4797 fecerit
2466 4726 2556 4778 uni
2583 4725 2645 4778 de
2677 4725 2754 4776 his
2788 4721 3037 4792 fratribus
3063 4721 3189 4773 meis
3219 4721 3470 4785 minimis,

1895 4821 2021 4872 mihi
2054 4821 2172 4890 [erit
2203 4818 2248 4850 ”
2288 4836 2300 4874 :
2331 4818 2465 4872 nihil
2495 4832 2682 4870 eorum
2713 4831 2831 4884 qure
2860 4813 3065 4868 sancita
3104 4821 3230 4866 sunt
3271 4812 3474 4879 impro-

1893 4909 2108 4971 bantes,
2141 4923 2320 4976 neque
2355 4915 2727 4976 aspernantes,
2762 4915 2820 4957 ut
2851 4904 2893 4956 si
2925 4902 3141 4971 quando
3165 4903 3472 4969 deprchen-

1894 5013 1983 5052 sus
2019 4997 2182 5052 fuerit
2208 4997 2490 5066 quisquam
2522 5011 2586 5050 ex
2633 4994 2912 5055 fratribus,
2947 4992 3040 5060 qui
3088 4991 3171 5045 vel
3197 4992 3468 5059 jacentem

1895 5097 2170 5141 mortuum
2215 5086 2512 5155 despiciat,
2555 5092 2609 5138 et
2643 5083 2709 5137 ad
2745 5083 3062 5152 primarium
3113 5080 3469 5134 fraternitatis

1893 5196 2001 5234 non
2035 5181 2250 5244 referat,
2280 5181 2366 5232 vel
2414 5179 2469 5232 in
2511 5179 2577 5232 iis
2613 5177 2857 5246 prandiis
2904 5176 3156 5244 loquatur
3196 5189 3315 5243 quae
3357 5188 3470 5226 non

1894 5273 2040 5336 licet,
2063 5282 2251 5343 agatve
2275 5287 2381 5324 non
2410 5280 2579 5330 recta,
2612 5270 2682 5322 ita
2716 5277 2771 5322 ut
2804 5269 2944 5320 Deus
2973 5266 3097 5320 inde
3131 5265 3468 5329 offendatur;

1895 5363 2040 5417 hunc
2078 5363 2400 5431 praepositus
2446 5373 2619 5427 pmnze
2662 5357 2947 5426 subjiciat,
2980 5356 3060 5408 vel
3117 5356 3382 5409 triduana:
3436 5369 3470 5407 a

1894 5456 2022 5508 vino
2051 5452 2416 5512 abstinentiae,
2457 5449 2539 5502 vel
2573 5449 2756 5502 multa:
2789 5450 2948 5499 nnius
2986 5446 3228 5515 argentei
3281 5465 3292 5498 :
3351 5454 3465 5498 tum

1891 5547 1959 5598 ab
1995 5545 2085 5597 illo
2123 5541 2560 5596 emendationem
2587 5541 2638 5591 iu
2679 5547 2955 5607 posterum
2987 5536 3184 5604 exigat.
3211 5535 3292 5587 Ad
3327 5535 3461 5596 haec,

1888 5631 2285 5690 observandum
2324 5632 2494 5694 vobis,
2549 5640 2606 5684 ut
2637 5645 2756 5685 cum
2787 5627 2945 5683 alicui
2987 5627 3211 5680 fratrum
3248 5633 3460 5678 vestro-
