4158 6486
702 397 809 463 955

1896 394 1955 455 S.
1988 394 2379 454 TIIEODORI
2430 392 2779 452 STUDI'I‘IE

3858 388 3963 452 956

704 524 822 563 rum
853 506 1159 563 communis
1188 521 1334 561 mors
1361 505 1633 578 obtigerit,
1668 507 1997 561 conveniant
2024 522 2127 559 una
2153 522 2272 559 om-

2384 504 2681 573 βελτίωσιν.
2717 506 2857 573 Πρὸς
2907 504 3118 566 τούτοις
3177 500 3545 571 φυλάττεσθαι
3574 500 3721 569 ὑμᾶς
3745 499 3843 552 καὶ
3873 498 3958 563 τὸ,

703 615 832 665 nes,
865 607 920 653 et
946 598 1093 667 justa
1126 596 1198 650 illi
1229 598 1543 668 persolvant
1572 615 1584 651 :
1619 607 1678 651 ut
1717 612 1781 650 ex
1829 598 1932 651 hoc
1958 598 2123 650 etiam
2164 597 2283 650 lau-

702 691 862 741 detur
893 688 1143 757 egregius
1182 696 1356 741 coetus
1394 696 1591 743 vester.
1630 686 1693 739 ad
1725 686 1950 755 gloriam
1979 697 2033 739 et
2065 686 2279 739 laudem

705 778 972 847 magniﬁci
1000 778 1090 831 Dei
1120 780 1314 831 nostri.
1347 778 1472 831 Fide
1500 779 1660 847 igitur
1684 792 1745 830 ac
1777 786 1921 830 metu
1944 777 2072 831 huic
2100 778 2282 831 libello

704 886 803 922 nos
832 878 1202 938 aggregantes,
1224 870 1382 923 etiam
1407 870 1627 923 nomina
1660 874 1839 921 nostra
1863 867 2282 921 subnotavimus

704 976 826 1014 cum
874 960 1177 1029 quantitate
1223 960 1516 1014 oblationis
1547 971 1747 1014 nostra:
1808 960 2087 1023 minimze,
2136 958 2280 1012 illius

704 1050 1012 1105 lttCl'Cf‘dClll
1070 1051 1121 1103 in
1168 1050 1353 1104 futuro
1392 1050 1594 1104 saeculo
1622 1057 2001 1118 exspectantes
2040 1064 2069 1101 a
2097 1063 2280 1102 remu-

702 1151 978 1204 neratore,
1004 1142 1151 1209 justo
1172 1142 1354 1210 judice
1388 1140 1794 1203 omnium,.lesu
1812 1138 2026 1194 Christo
2051 1138 2279 1195 Domino

703 1248 767 1286 ac
803 1232 911 1287 Deo
949 1246 1160 1289 nostro.

2387 597 2517 649 ὅταν
2566 596 2703 665 τύχῃ
2730 597 2810 649 ἐνὶ
2837 595 2946 647 τῶν
2997 594 3242 663 ἀδελφῶν
3269 593 3422 663 ὑμῶν
3454 595 3482 645 6
3505 589 3684 654 κοινὸς
3706 590 3963 651 θάνατος.

2388 687 2597 750 πάντας
2654 685 3101 757 συναθροίζεσθαι
3137 687 3231 739 ἐπὶ
3272 685 3333 738 τὸ
3358 684 3510 745 αὐτὸ.
3541 682 3637 735 καὶ
3661 682 3759 752 τὴν
3795 683 3965 735 ἐκκο-

2390 776 2554 846 μιδὴν
2582 778 2677 831 καὶ
2698 777 3017 845 ἐνταφίασιν
3047 776 3211 830 αὑτοῦ
3252 776 3529 829 ποιεῖσθαι
3557 790 3571 803 ·
3600 773 3742 827 ὥστε
3772 772 3867 823 καὶ
3897 773 3967 825 ἐκ

2385 868 2581 922 τούτου
2628 870 2689 923 τὸ
2721 869 2884 923 καλὸν
2929 869 3088 938 ὑμῶν
3134 868 3422 938 σύνταγμα
3453 866 3800 923 ἐπαινεῖσθαι
3826 867 3968 937 προς

2384 961 2541 1025 δόξαν
2574 963 2665 1015 καὶ
2709 958 2858 1015 αἶνον
2891 960 2986 1015 τοῦ
3043 960 3422 1032 μεγαλοδώρου
3452 960 3589 1014 Θεοῦ
3634 958 3820 1030 ἡμῶν.
3862 958 3968 1011 [Ii-

2387 1069 2498 1106 στει
2523 1048 2616 1107 οῦν
2653 1056 2747 1108 καὶ
2769 1054 2922 1124 φόϐῳ
2950 1053 3088 1123 τῷδε
3131 1052 3207 1123 τῷ
3239 1052 3609 1124 γραμματείῳ
3657 1049 3969 1115 συντάξαν-

2384 1159 2475 1207 τες
2495 1144 2743 1209 ἑαυτοὺς,
2771 1146 2866 1199 καὶ
2892 1146 2961 1199 τά
2984 1146 3195 1200 ἑαυτῶν
3218 1146 3457 1215 ὀνόματα
3488 1140 3970 1213 ὑπεσημηνάμεθα

2387 1237 2486 1289 σὺν
2534 1236 2611 1307 τῷ
2634 1236 2807 1307 ποσῷ,
2850 1238 2947 1308 τὴν
2989 1235 3415 1307 μισθαποδοσίαν
3439 1233 3643 1306 ταύτης
3674 1232 3837 1304 ἡμῶν
3867 1232 3971 1299 τῆς

703 1322 990 1395 ἐλαχίστης
1024 1325 1334 1391 προθέσεως
1364 1322 1787 1393 ἀπεκδεχόμενοι
1816 1325 1874 1375 ἐν
1904 1323 1980 1393 τῷ
2014 1322 2261 1393 μέλλοντι
2299 1324 2456 1379 αίῶνι
2533 1328 2687 1399 παρὰ
2728 1328 2824 1382 τοῦ
2896 1328 3291 1400 μισθαποδότου
3355 1327 3568 1382 δικαίου
3625 1324 3818 1396 κριτοῦ
3858 1325 3973 1377 τῶν

702 1416 837 1473 ὅλων
869 1419 1041 1489 Ἰησοῦ
1096 1419 1330 1489 Χριστοῦ
1376 1418 1471 1472 τοῦ
1516 1419 1717 1489 Κυρίου
1753 1420 1845 1472 καὶ
1886 1416 2021 1470 Θεοῦ
2074 1416 2254 1487 ἡμῶν.

1085 1532 1223 1587 XIV.
1251 1562 1318 1572 —-
1346 1531 1555 1603 Ignatio
1580 1531 1877 1602 prwposito.

2672 1530 2768 1581 ΙΝ.
2801 1558 2871 1568 -
2902 1529 3169 1597 ἰγνατίφ
3200 1527 3532 1599 ἡγουμένῳ.
3570 1525 3685 1601 [λ⁹.]

1965 1619 2255 1669 λεοιιεειιυιιι
2278 1619 2537 1683 fugitivum
2561 1617 2767 1681 repetit.

778 1706 918 1760 Ante
941 1708 1122 1761 omnia
1157 1708 1501 1763 salutationis
1542 1708 1787 1762 debitum
1813 1717 2051 1777 paterna:
2088 1705 2280 1760 sancti-

2466 1704 2579 1775 Πρὸ
2613 1706 2817 1769 παντὸς
2838 1705 2999 1761 ἄλλου
3026 1705 3085 1758 τὸ
3110 1705 3209 1774 τῆς
3234 1704 3610 1775 προσηγορίας
3635 1705 3796 1777 χρέος
3824 1707 3969 1758 ἀπο.

710 1795 804 1848 Iati
869 1808 974 1851 tua:
1023 1798 1316 1867 persolvo:
1348 1801 1425 1852 sic
1480 1798 1626 1852 enim
1677 1799 1889 1853 debui:
1928 1808 2039 1853 tum
2092 1798 2288 1853 deinde

707 1902 925 1941 causam
985 1905 1249 1957 exponam
1312 1891 1613 1944 litterarum
1670 1906 1934 1945 mearmn.
1988 1891 2288 1945 Rationalis

707 1980 823 2033 ovis
849 1989 1051 2043 nostra,
1074 1981 1234 2035 frater
1263 1982 1370 2043 ille,
1404 1982 1683 2052 multiplici
1704 1982 2007 2035 animarum
2028 1983 2288 2037 interem-

710 2074 881 2142 ptoris
913 2075 1243 2148 lupifraude
1287 2077 1528 2140 illectus,
1566 2076 1632 2130 ab
1682 2077 1870 2131 humili
1910 2076 2036 2131 ovili
2098 2086 2285 2130 nostro

708 2165 914 2231 cjeetus
946 2174 1049 2231 est,
1094 2177 1504 2235 susceptusque,
1542 2176 1599 2221 ut
1622 2169 1997 2238 cognovimus.
2026 2170 2078 2223 in
2106 2185 2286 2223 mona-

708 2254 874 2308 sterio
901 2256 1200 2309 sanctitatis
1234 2266 1355 2310 tum.
1392 2258 1543 2321 Quod
1578 2259 1621 2311 si
1652 2259 1833 2312 statim
1863 2275 1924 2312 ac
1950 2259 2096 2312 illum
2124 2275 2284 2315 exce-

710 2344 807 2413 pit,
852 2346 1084 2399 reditum
1116 2346 1186 2399 illi
1216 2349 1495 2410 suasisset,
1521 2348 1703 2402 dolum
1744 2352 2056 2411 ostendens.
2088 2359 2138 2404 et
2167 2350 2283 2404 exi-

710 2437 842 2489 tium
873 2452 980 2504 quo
1023 2438 1249 2492 allectus
1288 2450 1391 2499 cst.
1423 2455 1485 2493 ac
1531 2441 1727 2495 deinde
1760 2442 2034 2495 meliorem
2082 2445 2280 2496 factum

710 2528 775 2580 ad
817 2529 1245 2583 mediocritatem
1298 2540 1533 2584 nostram
1580 2532 1904 2595 reduxisset,
1952 2533 2087 2587 nihil
2128 2535 2282 2587 abre

710 2620 907 2672 factum
931 2631 1093 2684 esset,
1126 2622 1217 2675 sed
1245 2622 1387 2691 quod
1418 2623 1586 2692 ipsam
1623 2624 2010 2684 deceret,sicut
2032 2626 2282 2679 asanctis

705 2711 840 2780 jussi
874 2727 1081 2766 sumus.
1112 2713 1265 2767 Nunc
1289 2730 1436 2777 vero,
1469 2726 1751 2784 postquam
1785 2725 1993 2770 tantum
2022 2718 2281 2785 temporis

709 2805 935 2863 ellluxit.
969 2816 1022 2859 et
1057 2807 1198 2859 nulla
1231 2808 1437 2862 reditus
1477 2812 1679 2863 mentio
1703 2848 1716 2872 ,
1763 2809 2090 2879 interrogare
2127 2810 2277 2872 libet,

710 2913 818 2964 quo
849 2910 1005 2965 pacto
1038 2899 1362 2968 discipulum
1392 2916 1571 2953 meum
1600 2900 1771 2970 pietas
1803 2910 1891 2955 tua
1919 2904 2065 2955 velut
2096 2901 2278 2972 ignara

715 2989 963 3043 retineat.
1012 2990 1171 3059 Atqui
1214 2992 1531 3061 oportebat,
1588 3008 1711 3046 cum
1753 2994 1986 3062 primum
2037 2995 2276 3066 agnovit,

712 3094 870 3147 quem
906 3095 1011 3134 non
1047 3083 1375 3150 totonderat,
1406 3083 1681 3142 dimittere
1719 3103 1731 3137 :
1770 3095 1828 3140 ut
1854 3103 1973 3157 qua:
2021 3088 2154 3142 satis
2198 3088 2281 3143 in-

713 3172 922 3242 telligit,
956 3185 1218 3243 quantum
1257 3177 1309 3231 id
1352 3178 1545 3232 habeat
1595 3179 1928 3233 detrimenti.
1978 3179 2090 3235 Scit
2137 3180 2281 3235 enim

711 3264 839 3331 quid
871 3267 1075 3319 sanciat
1104 3268 1318 3319 divinus
1345 3283 1677 3337 magnusque
1701 3269 1944 3331 Basilius,
1994 3281 2105 3325 uta
2138 3271 2282 3325 nulla

711 3353 1049 3409 fraternitate
1078 3356 1390 3425 recipiatur,
1419 3358 1507 3427 qui
1535 3374 1563 3411 a
1590 3358 1815 3413 fratrum
1838 3376 2058 3413 suorum
2092 3372 2284 3415 contu-

710 3445 900 3500 bernio
945 3447 1190 3501 resilivit.
1216 3447 1506 3514 Quomodo
1539 3450 1687 3504 enim
1738 3450 2034 3506 consistere
2074 3453 2283 3522 possint

711 3537 978 3602 ccenobia,
1022 3539 1125 3593 nisi
1157 3539 1261 3593 hoc
1287 3549 1448 3609 caput
1488 3557 1600 3610 pra:
1646 3541 1898 3595 omnibus
1927 3542 2284 3596 observetur?

712 3627 865 3693 Quod
902 3629 944 3682 si
978 3630 1117 3682 inter
1143 3631 1321 3684 szeculi
1348 3631 1509 3701 hujus
1536 3632 1938 3701 ludimagistros
1963 3633 2014 3687 in
2045 3634 2285 3703 discipli-

711 3736 836 3774 nam
865 3722 1109 3791 recipere
1156 3740 1382 3793 puerum
1426 3740 1532 3778 non
1562 3724 1711 3788 licet,
1748 3726 1839 3796 qui
1888 3728 2040 3781 alteri
2087 3729 2286 3783 schola:

712 3814 941 3866 traditus
970 3814 1060 3879 sit,
1103 3824 1195 3868 aut
1221 3816 1263 3868 si
1294 3816 1415 3884 quis
1446 3816 1496 3869 id
1526 3816 1707 3881 faciat,
1742 3833 1864 3871 eum
1899 3834 2090 3873 omnes
2119 3821 2285 3873 colle-

713 3904 783 3959 cti
826 3906 1006 3960 multa:
1039 3923 1317 3977 pugnaeque
1349 3909 1667 3977 subjiciunt,
1716 3920 1918 3978 quanto
1950 3911 2115 3978 magis
2146 3912 2284 3964 inter

714 4012 833 4060 nos,
864 3998 1202 4053 sanctissime
1229 3998 1385 4053 Pater
1409 4041 1422 4064 ,
1455 4002 1544 4070 qui
1592 4001 1643 4053 in
1678 4001 1767 4053 Dei
1797 4000 2032 4054 Ecclesia
2074 4017 2279 4065 sumus,

710 4096 761 4140 et
786 4087 990 4141 animas
1022 4088 1356 4143 instituimus
1388 4091 1453 4143 ad
1498 4089 1805 4159 exemplum
1839 4090 1994 4159 primi
2044 4090 2281 4160 magistri

710 4188 764 4230 et
811 4179 1045 4246 pastoris
1093 4180 1261 4233 nostri
1314 4179 1439 4234 Jesu
1486 4179 1947 4249 Christi?Utiquc
2000 4196 2107 4233 non
2162 4196 2281 4235 sum

710 4266 928 4320 nescius
977 4275 1027 4321 te
1080 4269 1341 4338 sapientia
1403 4270 1736 4339 scientiaque
1798 4270 2095 4325 abundare.
2152 4271 2279 4333 Sed.

2387 1797 2586 1851 τιννύω
2633 1800 2698 1869 τῇ
2752 1799 2994 1867 πατρικῇ
3051 1815 3145 1851 σου
3188 1796 3511 1867 ἀγιωσύνῃξ
3546 1797 3759 1868 ὤφελον
3809 1798 3920 1866 γάρ
3950 1812 3967 1828 ⁸

2388 1884 2488 1942 εἷθ’
2536 1889 2710 1952 οὕτως
2743 1890 2843 1958 τὴν
2876 1889 3057 1941 αἰτίαν
3090 1889 3200 1942 τῶν
3254 1889 3597 1957 γραμμάτων
3640 1888 3964 1956 ἀπαγγελῶ.

2391 1980 2672 2049 Πρόϐατον
2734 1980 2893 2051 ἡμῶν
2939 1979 3156 2047 λογικὸν
3192 1980 3221 2031 6
3250 1979 3397 2033 δεῖνα
3430 1981 3460 2033 6
3486 1980 3714 2048 ἀδελφὸς
3734 2020 3748 2040 ,
3779 1979 3969 2032 δελεα-

2390 2072 2538 2135 σθεὶς
2587 2072 2693 2124 ὑπὸ
2734 2072 2841 2141 τῆς
2879 2070 3251 2140 πολυμεθόδου
3286 2070 3619 2139 πανουργίας
3663 2069 3759 2122 τοῦ
3790 2070 3968 2139 ψυχο-

2386 2164 2589 2235 φθόρου
2637 2164 2823 2228 λύκου,
2867 2163 3153 2233 ἁπεξεῶθη
3188 2163 3289 2233 τῆς
3323 2161 3582 2231 ταπεινῆς
3643 2160 3802 2231 ἡμῶν
3844 2162 3968 2213 ποί-

2388 2273 2545 2326 μνης,
2578 2257 2691 2321 καὶ,
2715 2255 2789 2318 ὡς
2814 2254 3081 2323 ἔγνωσται
3107 2255 3261 2323 ἡμῖν,
3290 2252 3625 2323 προσεδέχοη
3651 2254 3708 2306 ἐν
3733 2255 3799 2323 τῇ
3829 2256 3965 2324 μονῇ

2383 2350 2481 2417 τῆς
2508 2346 2785 2417 ὁσιότητος
2825 2363 2941 2401 σου.
2976 2346 3085 2398 Καὶ
3130 2346 3176 2397 εἱ
3237 2344 3337 2415 μὲν
3391 2345 3636 2416 παρευθῦ
3684 2343 3965 2413 δεξαμένη

2383 2439 2734 2508 νενουθέτηκε
2779 2439 2846 2494 τά
2899 2438 3037 2508 πρὸς
3097 2437 3481 2507 ὑποστροφὴν,
3537 2434 3967 2488 ὑποδεικνύουσα

2382 2531 2480 2599 τὴν
2511 2531 2729 2599 ἀπάτην
2764 2528 2859 2582 καὶ
2883 2528 2975 2583 τὸν
3003 2527 3226 2600 ὄλεθρον
3254 2528 3314 2581 ὃν
3343 2525 3614 2580 πέπονθεν
3643 2541 3659 2558 ο
3700 2520 3824 2578 εἶτα
3848 2525 3968 2595 βελ-

2380 2623 2622 2675 τιῶσασα
2640 2621 2849 2689 ἀνθυπὴ
2863 2637 2994 2688 γαγε
3022 2621 3153 2691 πρὸς
3168 2621 3266 2687 τὴν
3288 2616 3563 2671 εὐτέλειαν
3580 2618 3612 2685 ἡ
3624 2614 3740 2685 μῶν
3766 2632 3777 2647 ·
3807 2617 3963 2669 οὐδὲν

2379 2714 2439 2767 τὸ
2457 2714 2704 2779 ἀπεικὸς,
2733 2713 2870 2767 ἀλλά
2893 2714 2953 2767 τὸ
2976 2710 3288 2783 ἐφαρμόζον
3312 2711 3473 2780 αὐτῇ.
3490 2709 3565 2772 ῶς
3589 2709 3961 2779 ἐπετάλμεθα

2381 2805 2485 2858 ὑπὸ
2537 2804 2646 2859 τῶν
2699 2806 2893 2874 ἀγίων.
2925 2805 3079 2858 Ἐπεὶ
3121 2804 3177 2857 δὲ
3210 2803 3466 2867 τοσοῦτος
3516 2802 3706 2873 χρόνος
3745 2804 3958 2873 παρίπ-

2384 2912 2570 2957 πευσε,
2606 2894 2699 2948 καὶ
2731 2893 3019 2964 οὐδαμοῦή
3067 2893 3340 2955 ἀνάλυσις,
3369 2892 3710 2964 ἐρωτηθῆναι
3775 2891 3963 2963 βούλο-

2386 3006 2500 3057 μαι,
2521 2989 2654 3056 ποίῳ
2672 2988 2858 3057 τρόπῳ
2886 2987 2975 3038 τὸν
3002 2984 3249 3056 μαθητήν
3280 3003 3379 3055 μου
3406 2986 3695 3056 ἐπικρατεί
3714 2988 3748 3057 ἡ
3775 2986 3963 3053 θεοφίο

2387 3077 2506 3129 λειά
2531 3094 2646 3138 σου,
2679 3076 2756 3139 ὠς
2788 3075 3081 3145 ἀγνοοῦσα.
3120 3075 3258 3130 Ἀλλ’
3285 3076 3392 3128 ἔδει
3433 3075 3551 3145 μετ’
3580 3075 3956 3145 ἐπιγνώσεως,

2384 3168 2441 3220 δν
2476 3169 2576 3221 οὒκ
2624 3167 2950 3238 ἀπέκειρεν,
2983 3166 3417 3237 ἀποπέμψασθαι
3451 3180 3466 3195 ·
3510 3168 3587 3231 ὡς
3615 3167 3963 3237 γινώσκουσα

2385 3260 2518 3313 πολὺ
2550 3260 2609 3312 τὸ
2660 3258 2978 3323 ἐπιϐλαϐές.
3024 3258 3347 3313 Ἐπίσταται
3386 3259 3496 3330 γάρ
3542 3260 3593 3312 τί
3626 3259 3907 3329 νομοθετεῖ
3934 3262 3962 3312 6

2386 3350 2526 3413 θεῖος
2549 3353 2643 3405 καὶ
2681 3351 2853 3422 μέγας
2878 3350 3181 3416 Βασίλειος,
3208 3350 3303 3404 τοῦ
3334 3351 3707 3422 ἀπρόσδεκτον
3734 3349 3872 3404 εἶναι
3899 3354 3959 3404 ἐν

2386 3446 2591 3506 πάσαις
2642 3446 2765 3507 ταῖς
2815 3443 3163 3513 ἀδελφότησι,
3196 3444 3286 3498 τὸν
3317 3443 3681 3513 ἀποπηδῶντα
3718 3443 3818 3512 τῆς
3849 3442 3956 3496 τῶν

2384 3535 2602 3588 οίκεξων
2642 3536 2888 3604 ἀδελφῶν
2940 3536 3257 3606 συναφείας.
3296 3537 3419 3599 Πῶς
3464 3538 3575 3607 γὰρ
3619 3534 3685 3589 ἂν
3732 3535 3829 3589 καὶ
3862 3550 3960 3587 συ-

2388 3624 2652 3695 σταίησαν
2695 3626 2764 3678 τά
2829 3625 3090 3688 κοινὸδια,
3129 3627 3177 3678 εί
3230 3626 3305 3694 μὴ
3345 3624 3503 3679 τοῦτο
3542 3624 3961 3696 παρατηρηθείη

2388 3716 2495 3785 πρό
2521 3733 2585 3783 γε
2622 3716 2839 3770 πάντων
2872 3715 2933 3768 τὸ
2958 3716 3252 3783 κεφάλαιον
3278 3733 3293 3781 ;
3326 3714 3386 3767 Εί
3417 3715 3524 3786 γάρ
3546 3716 3637 3768 ἐπὶ
3683 3716 3791 3768 τῶν
3830 3733 3960 3770 παι-

2386 3804 2782 3857 δοδιδασκάλων
2807 3803 2899 3856 τοῦ
2919 3804 3121 3872 κόσμου
3139 3803 3351 3866 τούτου,
3372 3804 3469 3874 οὐχ
3489 3798 3718 3877 οἷόν[τέ]
3737 3805 3854 3858 ἐστι
3877 3806 3962 3860 δέ-

2387 3895 2578 3959 ξασθαι
2635 3898 2692 3949 ἐν
2724 3899 2838 3960 τοῖς
2887 3896 3176 3967 μαθήμασί
3220 3914 3341 3950 τινα
3383 3898 3476 3950 τὸν
3510 3898 3569 3950 ἐν
3601 3898 3764 3968 ἑτέρα
3792 3898 3956 3970 σχολῇ

2385 3988 2765 4057 παραδοθέντα
2792 3988 2960 4040 παῖδα
2993 4005 3005 4017 ·
3039 3988 3071 4057 ἦ
3103 3987 3264 4041 τοῦτο
3301 3987 3562 4042 ποιοῦντα
3590 3988 3959 4044 ὑποϐάλλουσι

2386 4081 2834 4151 συνηθροισμένοι
2864 4083 2910 4134 oi
2938 4082 3135 4145 πάντες
3166 4082 3465 4152 ἐπιτιμίοις
3493 4082 3695 4155 ζημίᾳ’
3722 4085 3872 4154 πόσῳ
3894 4099 3957 4151 γε

2390 4173 2592 4242 μᾶλλον
2626 4174 2713 4243 ἐφ’
2746 4173 2924 4243 ἡμῶν,
2952 4172 3223 4242 ἀγιὼτατε
3247 4174 3450 4243 Πάτερ,
3484 4174 3593 4227 τῶν
3634 4174 3957 4245 Ἐκκλησίας

2384 4266 2523 4321 Θεοῦ
2580 4268 2939 4336 κατεχόντων,
2965 4268 3062 4320 καὶ
3106 4266 3293 4336 ψυχῶν
3328 4266 3785 4335 καθηγουμένων,
3814 4268 3957 4321 κατά

709 4372 893 4424 quaeso
929 4367 999 4421 te,
1052 4358 1175 4412 facti
1231 4360 1391 4427 hujus
1419 4360 1808 4415 absurditatem
1843 4362 2123 4416 considera
2154 4405 2168 4429 ,
2226 4375 2279 4417 ιιι

2390 4357 2620 4426 μίμησιν
2645 4357 2739 4410 τοῦ
2772 4355 2988 4427 πρώτου
3015 4356 3337 4410 διδασκάλου
3382 4356 3479 4408 καὶ
3511 4357 3773 4426 ποιμένος
3801 4355 3958 4428 ἡμῶν

710 4447 965 4510 maxime,
992 4448 1083 4516 qui
1119 4450 1258 4501 inter
1295 4464 1479 4505 sacros
1512 4449 1705 4505 fratres
1752 4452 1919 4522 gradu
1965 4462 2021 4507 et
2076 4453 2279 4508 honore

710 4540 1051 4609 przeemines.
1087 4542 1168 4595 An
1200 4542 1397 4605 nescis,
1421 4543 1782 4606 sanctissime,
1825 4544 1967 4612 quod
2000 4552 2090 4597 tuo
2115 4544 2275 4598 etiam

710 4632 853 4701 gregi
884 4633 1106 4685 noxium
1140 4633 1210 4686 sit
1236 4634 1468 4687 alienam
1490 4648 1647 4687 ovem
1675 4635 1970 4703 copulare?
1994 4634 2126 4689 Cum
2151 4650 2278 4705 ergo

711 4721 764 4775 in
792 4722 1042 4778 confesso
1081 4724 1149 4778 sit
1190 4732 1397 4777 tantum
1447 4725 1668 4790 malum,
1740 4741 1997 4792 oramus,
2060 4735 2117 4780 ut
2155 4742 2277 4781 eum

709 4814 917 4869 litteras
940 4815 1211 4885 simplices
1235 4825 1447 4871 nostras
1477 4818 1775 4886 acceperis.
1800 4816 2057 4871 fratribus
2080 4819 2280 4873 nostris

709 4904 763 4959 in
797 4921 916 4959 eam
956 4922 1067 4961 rem
1106 4906 1288 4961 missis
1330 4907 1480 4962 illum
1516 4908 1733 4971 tradas,
1788 4919 1849 4964 ut
1895 4910 1961 4964 ad
2000 4909 2278 4979 proprium

708 4995 850 5049 ovile
878 4996 1159 5058 reducant,
1208 5012 1329 5051 cum
1364 4998 1529 5051 rebus
1559 4998 1814 5054 Ecclesiae
1854 5014 1993 5066 quas
2032 4997 2274 5052 abstulit.

707 5084 858 5150 Quod
901 5084 944 5138 si
989 5085 1209 5156 obsequi
1256 5086 1421 5140 frater
1467 5086 1688 5151 abnuat,
1725 5086 2009 5141 confestim
2056 5102 2085 5141 a
2124 5100 2278 5140 sacro

709 5176 859 5230 illum
892 5177 1019 5231 ovili
1054 5185 1146 5231 tuo
1169 5180 1222 5231 in
1254 5181 1445 5232 malam
1470 5194 1583 5232 rem
1615 5179 1845 5247 ejectum
1875 5179 2026 5233 velis.
2060 5175 2153 5232 Sin
2181 5194 2278 5232 au-

709 5278 838 5329 tem,
873 5268 1014 5337 quod
1054 5269 1276 5323 minime
1315 5285 1513 5333 remur,
1549 5280 1669 5339 post
1705 5271 1949 5325 notitiam
1978 5272 2118 5325 hanc
2145 5271 2277 5325 reti-

710 5373 840 5410 nere
875 5357 1021 5411 illum
1061 5358 1239 5428 pergis
1261 5398 1275 5422 ,
1307 5359 1441 5414 scito
1476 5360 1692 5430 ligatum
1729 5378 1757 5415 a
1790 5363 1946 5417 nobis
1976 5377 2116 5427 esse,
2167 5377 2277 5416 non

711 5455 932 5509 temere,
978 5447 1072 5501 sed
1113 5463 1306 5518 magno
1350 5465 1573 5518 prorsus
1618 5452 1841 5520 judicio,
1891 5454 1974 5507 vel
2021 5454 2200 5523 potius
2246 5469 2276 5507 a

709 5548 893 5592 sancta
924 5538 1190 5593 Trinitate
1220 5550 1273 5596 et
1314 5541 1584 5596 universis
1617 5544 2037 5599 sacerdotalibus
2084 5545 2277 5600 decre-

706 5630 795 5690 tis,
854 5639 913 5683 ut
961 5632 1344 5687 communione
1394 5643 1577 5689 careat
1622 5635 1927 5690 divinorum
1984 5636 2273 5700 donorum.

705 5730 864 5789 atque
890 5722 1217 5776 exteriorum
1250 5739 1463 5793 quoque
1493 5725 1735 5779 cibor‘um
1762 5725 2057 5790 consortio,
2100 5728 2274 5795 quoad

709 5828 956 5870 reversus
988 5815 1228 5871 mandrae
1272 5831 1383 5873 sua:
1432 5818 1769 5879 restituatur.
1803 5818 2272 5886 Quemadmodum

2403 4447 2574 4518 Ἰησοῦ
2626 4448 2863 4518 Χριστοῦ
2890 4464 2903 4511 ;
2935 4444 3065 4500 Οἶδα
3110 4447 3290 4500 τοίνυν
3339 4446 3422 4499 ὅτι
3452 4448 3885 4517 πεπληρωμένος
3907 4443 3960 4500 εί

2387 4542 2577 4608 σοφίας
2602 4540 2695 4593 καὶ
2724 4540 2993 4605 γνώσεως.
3030 4537 3191 4591 Ἀλλά
3220 4538 3410 4608 δέομαί
3444 4555 3537 4591 σου
3571 4539 3871 4607 ἐπιγνῶναι
3896 4538 3955 4590 τὸ

2384 4633 2757 4701 πραττόμενον
2811 4630 3045 4682 ἔκτοπον
3075 4670 3088 4691 ,
3125 4630 3222 4682 καὶ
3287 4630 3522 4699 μάλιστα
3556 4630 3719 4693 αὐτὸς
3757 4633 3786 4683 6
3820 4646 3955 4699 προ-

2382 4723 2522 4791 έχων
2549 4721 2658 4773 τῶν
2688 4719 2883 4785 ἄλλων,
2917 4720 3011 4774 καὶ
3034 4717 3239 4790 βρίθων
3276 4722 3334 4774 ἐν
3376 4720 3497 4792 ίερᾷ
3535 4722 3956 4791 ἀδελφότητι.ἠ

2380 4813 2478 4865 οὐκ
2527 4807 2695 4875 οἶδας,
2728 4812 3016 4874 ὁσιώτατε,
3052 4811 3135 4864 ὅτι
3178 4811 3273 4864 καὶ
3302 4810 3452 4882 αὑτῴ
3480 4811 3557 4881 τῷ
3597 4813 3836 4883 ποιμνίῳ
3862 4830 3953 4865 σου

2380 4902 2669 4965 ἐπιϐλαϐές
2724 4902 2839 4955 ἐστι
2894 4904 3187 4956 συνάπτειν
3250 4902 3521 4971 πρόϐατον
3598 4904 3952 4973 ἐτεροδέσποο

2379 5012 2499 5059 τσν;
2531 4994 2798 5047 Τοσοῦτον
2827 4989 2918 5048 οὖν
2953 4995 3125 5058 ὄντος.
3162 4994 3370 5059 λοιπὸν,
3405 4994 3832 5064 ῶμολογημένου
3862 4994 3953 5048 τοῦ

2379 5086 2574 5149 κακοῦ,
2637 5087 3044 5158 ἀντιϐολοῦμεν.
3115 5086 3279 5156 ἡνίκα
3329 5084 3455 5161 δέξῃ
3512 5087 3668 5159 ἡμῶν
3732 5090 3803 5143 τὰ
3860 5089 3951 5142 εὑ-

2378 5178 2502 5247 τελῆ
2566 5178 2872 5247 γράμματα
2907 5218 2921 5240 ,
2988 5177 3321 5247 παραδοῦναι
3389 5177 3521 5232 αὐτὸ
3605 5180 3719 5241 τοῖς
3820 5181 3953 5247 πρὸς

2378 5270 2509 5324 αὐτὸ
2601 5269 2760 5323 τοῦτο
2856 5268 3180 5339 πεμφθεῖσιν
3262 5269 3513 5339 ἀδελφοῖς
3593 5269 3752 5339 ἡμῶν
3784 5310 3799 5333 ,
3868 5271 3952 5323 ἶνα

2378 5361 2658 5427 ἀγάγωσιν
2742 5360 2903 5412 αὐτὸν
2970 5359 3107 5429 πρὸς
3151 5358 3249 5429 τὴν
3318 5359 3453 5412 ίδίαν
3499 5358 3772 5427 ποίμνην,
3832 5360 3953 5429 μεθ’

2378 5444 2452 5504 ὧν
2504 5452 2891 5520 ἐσφετερίσατο
2933 5452 3277 5522 πραγμάτων
3323 5452 3419 5521 τῆς
3483 5451 3835 5522 Ἐκκλησίας.
3895 5451 3954 5504 Et

2379 5543 2436 5596 δὲ
2459 5542 2718 5614 ἀπειθείᾳ
2749 5542 2947 5613 χρῆται
2978 5544 3007 5596 6
3037 5542 3286 5613 ἀδελφὸς,
3314 5542 3749 5613 ἀποσκορακίσαι
3795 5543 3947 5597 αῦτδε.

2378 5634 2592 5705 θελήσει
2630 5635 2726 5704 τῆς
2767 5635 2916 5706 legi;
2958 5634 3122 5688 αὐτοῦ
3156 5634 3393 5705 ποίμνης
3425 5634 3764 5704 παραυτίκα.
3799 5634 3858 5687 El
3884 5635 3950 5697 δ’,

2380 5729 2518 5797 ὅπερ
2545 5728 2644 5781 οὐκ
2668 5727 2913 5798 οἰόμεθα,
2953 5727 3093 5797 μετά
3122 5726 3219 5798 τὴν
3246 5727 3445 5795 γνῶσιν
3476 5726 3685 5795 ταύτην
3730 5730 3947 5780 ἐπικατ-

2379 5820 2523 5888 έχειν
2559 5820 2719 5873 αὐτὸν
2761 5820 3028 5889 βούλεται,
3062 5819 3373 5888 γινωσκέτω
3420 5819 3499 5871 ὅτι
3537 5817 3813 5889 δεδεμένος
3839 5820 3949 5871 ist;
