4158 6482
225 411 329 474 957

1459 426 1997 488 EPISTOLARUM
2036 429 2179 489 LIB.
2219 430 2262 489 Ι.

3413 431 3518 494 958

224 524 361 594 παρ’
381 523 567 594 ἡμῶν,
606 527 710 580 οὐκ
767 528 974 596 ἀλόγως
1001 572 1015 593 ,
1045 533 1179 586 ἀλλά
1211 536 1304 588 καὶ
1333 536 1455 590 λίαν
1486 541 1817 612 ὲγκεκριμέ-

1922 551 2103 594 autem
2127 541 2282 595 nefas
2305 540 2397 606 sit,
2432 558 2814 616 quemcunque
2844 560 2911 599 ex
2933 543 3211 613 discipulis
3239 542 3349 598 suis
3375 559 3502 598 san-

227 634 363 679 νως,
400 617 610 684 μᾶλλον
660 619 717 673 δὲ
763 619 867 673 ὑπὸ
895 622 991 692 τῆς
1023 624 1183 692 ἁγίας
1219 625 1464 699 Τριάδος,
1497 633 1591 685 καὶ
1643 633 1824 703 πάσης

230 708 603 776 θεσμοθεσίας
633 714 939 784 ίερατικῆς,
975 717 1075 770 τοῦ
1103 719 1468 790 ἀκοινώνητον
1494 724 1658 778 αὑτὸν
1683 723 1825 779 εἶναι

227 802 344 854 τῶν
380 804 542 857 θείων
569 804 780 876 δώρων,
814 809 940 860 ἐπεὶ
972 811 1066 864 καὶ
1095 811 1367 883 ἀμέτοχον
1402 815 1509 868 τῶν
1540 817 1824 889 ὲξωτέρων

232 891 566 962 βρωμάτων·
602 896 707 959 ἕως
741 897 807 950 ἀν
836 899 1289 972 ἀνθυποστρέψας
1316 907 1620 980 είσοικισθῇ
1659 912 1717 963 ὲν
1755 914 1822 983 τῇ

234 985 453 1057 μάνδρᾳ
499 987 688 1044 αὑτοῦ.
718 989 927 1062 Ὠσπερ
961 993 1015 1045 δὲ
1070 995 1131 1048 ού
1187 996 1367 1066 θέμις,
1402 999 1460 1051 δν
1508 1001 1699 1071 δεσμεῖ
1748 1007 1824 1058 oi-

231 1079 385 1130 κεῖον
420 1078 674 1150 μαθητὴν
707 1084 739 1152 η
768 1083 1046 1154 άγιωσύνη
1100 1104 1221 1150 σου,
1253 1087 1402 1142 λύειν
1429 1091 1549 1144 τινά
1587 1093 1649 1146 τὸ
1683 1095 1820 1147 καθ·

229 1167 357 1221 όλου
386 1169 758 1242 (παρανομίας
780 1175 889 1246 γάρ
914 1178 1071 1230 τοῦτο
1092 1178 1272 1248 ἔργον,
1305 1182 1398 1234 καὶ
1422 1183 1485 1234 ἐκ
1503 1183 1688 1251 ψήφου
1710 1204 1825 1239 κοι-

232 1260 330 1327 νῆς
356 1258 484 1330 (1ης.
523 1263 653 1333 Reg.
679 1265 883 1337 κοινοῦ]
905 1268 1000 1336 τῆς
1042 1269 1170 1336 ὅλης
1204 1269 1529 1341 Ἐκκλησίας
1554 1275 1819 1345 καταδίκη

230 1351 672 1423 ὁμοιοπαθείας),
690 1356 834 1408 οὕτω
862 1357 1082 1421 πάντως
1112 1359 1232 1412 οὐδὲ
1263 1361 1399 1431 πρὸς
1424 1363 1522 1434 τὴν
1554 1364 1828 1435 ἡμετέραν

1924 633 2086 690 ctitas
2123 642 2211 687 tua
2241 634 2438 704 ligarit,
2478 635 2622 691 hunc
2646 638 2712 692 ab
2739 637 2846 692 alio
2881 651 3153 706 quoquam
3195 636 3330 690 solvi
3387 636 3517 701 tini-

1925 743 2089 798 quum
2117 729 2261 782 enim
2295 739 2378 783 est
2427 729 2668 796 facinus,
2703 740 2757 785 et
2807 747 2873 784 ex
2920 729 3199 785 communi
3260 727 3515 782 Ecclesia:

1931 820 2140 875 calculo
2171 821 2330 875 simili
2357 837 2514 891 poma
2553 823 2864 883 damnatur)
2894 837 2907 874 :
2934 821 3014 876 sic
3047 835 3270 890 prorsus
3317 834 3417 874 nec
3459 819 3512 872 in

1923 911 2354 980 iurisdictionem
2383 922 2651 978 nostram,
2675 929 2836 983 quam
2866 913 3101 983 indignis
3129 912 3289 965 nobis
3324 909 3515 964 tribuit

1930 1001 2190 1056 Dominus
2227 1017 2340 1057 non
2375 1004 2442 1057 ad
2473 1003 2793 1073 perniciem,
2825 1003 2921 1057 sed
2979 1003 3044 1055 ad
3094 1000 3509 1056 aedificationem

1926 1091 2253 1154 animarum,
2294 1109 2416 1149 sese
2464 1095 2676 1165 ingerat
2710 1096 2974 1149 sanctitas
3011 1103 3122 1148 tua.
3167 1089 3509 1146 Horrendum

1925 1184 2072 1236 enim
2099 1194 2182 1238 est
2211 1185 2496 1250 judicium.
2527 1185 2872 1256 Quapropter
2911 1184 3106 1239 inﬂexa
3137 1183 3375 1245 tandem,
3401 1181 3514 1249 spi-

1925 1276 2175 1330 ritualem
2210 1276 2378 1330 filium
2413 1288 2661 1333 nostrum
2694 1278 2951 1332 fratribus
2988 1276 3200 1338 reddet,
3233 1291 3330 1345 pro
3353 1272 3512 1327 nobis

1936 1367 2315 1436 peccatoribus
2342 1385 2509 1424 orans
2542 1370 2660 1424 sine
2698 1369 3104 1423 intermissione

232 1439 510 1507 ἐξουσίαν,
540 1444 605 1512 ἢν
660 1445 894 1509 ἀναξίως
943 1448 1173 1503 δέδωκεν
1230 1453 1362 1521 ἡμῖν
1403 1453 1431 1505 ὁ
1477 1454 1711 1524 Κύριος,
1744 1455 1845 1508 ούκ
1885 1458 1963 1520 είς
1998 1457 2333 1528 καθαίρεσιν,
2381 1461 2497 1513 ἀλλ’
2525 1461 2814 1530 οἰκοδομὴν
2875 1460 3086 1530 ψυχῶν,
3115 1458 3348 1527 ἐπιϐάλῃ
3381 1458 3511 1510 ἑαυ-

231 1531 398 1625 τήν-ὴ
427 1535 708 1609 άγιωσύνη
750 1557 864 1596 σου.
925 1545 1156 1614 Φρικτὸν
1190 1545 1299 1618 γᾲρ
1347 1547 1406 1600 τὸ
1468 1551 1662 1619 κρῖμα.
1715 1551 1812 1602 Διά
1872 1552 2032 1605 τοῦτο
2080 1555 2561 1625 παρακαλουμένη,
2619 1557 2835 1618 πάντως
2901 1571 2964 1622 γε
3022 1553 3083 1606 τὸ
3145 1552 3512 1622 πνευματικὸν

229 1620 398 1691 ἡμῶν
463 1629 655 1684 τέκνον
698 1633 1012 1704 παραδώσει
1062 1639 1176 1701 τοῖς
1224 1638 1494 1707 ἀδελφοῖς,
1547 1640 1814 1712 εὐχομένη
1846 1641 1984 1713 ὑπὲρ
2015 1620 2173 1716 ἡμῶν
2205 1645 2313 1698 τῶν
2378 1620 2718 1716 ἁμαρτωλῶν
2741 1620 3118 1707 ἀδιαλείπτως.

492 1771 591 1825 ιε’.
624 1802 695 1811 -
743 1774 1054 1840 Θεοδού.1ῳ
1076 1774 1122 1806 ⁸⁸
1161 1779 1426 1844 Κιονίτῃ.
1463 1777 1611 1850 [ipa]

2287 1783 2398 1840 XV.
2428 1815 2498 1823 —
2527 1785 2782 1839 Theodulo
2807 1784 3023 1840 Cionitte
3045 1783 3115 1814 “'

1226 1921 1568 1982 Reprehendit
1593 1922 1831 1983 picturam
1857 1923 2148 1985 angelorum
2173 1924 2540 1976 cruciﬁxorum.

321 2046 418 2099 Ἐκ
444 2048 636 2117 χρόνου
666 2047 861 2102 πολλοῦ
889 2050 1186 2120 ἐπιθυμίαν
1209 2051 1384 2121 ἔχοντι
1409 2052 1512 2114 ἕως
1538 2051 1632 2105 τοῦ
1675 2069 1821 2122 παρ-

1994 2055 2245 2125 Cupienti
2287 2057 2417 2111 mihi
2446 2058 2767 2127 jamdudum
2797 2060 2860 2113 ad
2906 2070 2957 2115 te
2986 2061 3197 2124 venire,
3222 2059 3506 2116 sanctissi-

229 2143 390 2206 όντος
414 2185 430 2207 ,
464 2144 734 2211 άγιώτατέ
774 2163 876 2216 μου
919 2148 1123 2218 Πάτερ,
1154 2149 1328 2201 ἐλθεῖν
1357 2149 1451 2202 καλ⁵
1486 2150 1818 2216 κομίσασθαί

233 2248 336 2286 σου
396 2233 496 2297 τάς
554 2235 715 2304 ἁγίας
771 2237 958 2306 εύχάς,
1025 2239 1122 2290 ούκ
1184 2238 1461 2307 ἐξεγένετό
1529 2258 1619 2310 μοι
1677 2241 1815 2305 ὁδὸς,

233 2325 464 2388 πάντως
518 2325 606 2378 διὰ
655 2326 753 2389 τάς
804 2328 1079 2397 ἁμαρτίας
1134 2346 1233 2398 μου
1265 2345 1278 2360 ·
1315 2332 1507 2401 ὥσπερ
1549 2331 1645 2384 καὶ
1700 2329 1815 2382 νῦν.

233 2417 332 2469 Διὸ
402 2419 752 2489 ἠναγκάσθην
813 2421 1132 2474 ἀποστεῖλαι
1186 2423 1278 2476 τὸν
1354 2423 1582 2491 ἀδελφὸν
1658 2423 1818 2492 ἡμῶν

231 2508 332 2561 τὸν
389 2509 728 2579 Καλόγηρον,
805 2512 1222 2583 ἀναπληροῦντα
1278 2516 1378 2585 τῆς
1437 2513 1818 2576 ταπεινώσεως

234 2601 399 2670 ἡμῶν
444 2603 540 2670 τὴν
595 2603 901 2658 ἀπουσίαν·
954 2606 1076 2658 ἐπεὶ
1124 2608 1215 2660 καὶ
1269 2609 1430 2677 ἡμεῖς
1485 2609 1816 2678 ἐλευσόμεθα

234 2693 712 2763 προσκυνήσοντες
743 2694 810 2748 τὰ
841 2696 996 2764 τίμιά
1023 2714 1115 2750 σου
1153 2699 1298 2770 ίχνη,
1316 2699 1452 2753 Θεοῦ
1480 2699 1812 2763 εύοδοῦντος.

237 2782 524 2849 Σύγγνωθι
571 2785 628 2838 δέ
686 2803 798 2856 μοι,
833 2789 1036 2859 Πάτερ,
1067 2789 1094 2842 ὃ
1142 2791 1320 2859 μέλλω
1373 2791 1585 2858 λέγειν,
1613 2795 1696 2845 ὅτι
1758 2794 1817 2845 ὲν

235 2875 509 2945 ἁπλότητί
569 2879 687 2930 ἐστι
738 2879 796 2942 ἐξ
850 2881 1076 2949 ἀγάπης
1125 2881 1474 2951 εἰλικρινοῦς,
1506 2884 1601 2938 καὶ
1629 2885 1691 2936 ἐκ
1719 2884 1813 2936 τοῦ

235 2964 493 3032 ἐφίεσθαί
527 2983 592 3034 με
640 2968 702 3019 τὸ
742 2967 1044 3040 ἀμώμητον
1075 2971 1174 3041 τῆς
1202 2972 1477 3034 πολιτείας
1513 2990 1626 3027 σου.
1661 2974 1816 3035 Τινὲς

237 3056 591 3124 ὑπέκρουσαν
625 3058 718 3122 (ὡς
760 3061 1114 3130 ἐπιστάμενοί
1152 3080 1214 3132 γε
1267 3065 1490 3133 γνήσιόν
1535 3082 1628 3118 σου
1673 3062 1815 3118 εἶναι

237 3148 338 3200 καὶ
362 3147 634 3216 ὀμόψυχον
665 3149 816 3216 φίλον
844 3152 936 3204 καὶ⁸
962 3153 1152 3205 τέκνον
1172 3194 1187 3218 ,
1225 3154 1376 3217 ὅντες
1419 3157 1514 3207 καὶ
1544 3156 1697 3208 αὐτοὶ
1727 3156 1816 3224 φί-

237 3238 324 3292 λοι
350 3239 764 3311 διαφερόντως),
793 3244 874 3296 ὄτι
902 3244 1052 3316 παρὰ
1081 3245 1139 3298 τὸ
1171 3246 1289 3299 δέον
1325 3247 1552 3317 πράττει
1585 3249 1617 3316 ἠ
1646 3249 1814 3312 ἁγιω-

240 3333 376 3400 σύνη
404 3350 496 3385 σου
521 3351 534 3364 ⁸
567 3334 746 3404 κάμοῦ
778 3337 916 3407 πρὸς
941 3336 1098 3388 τοῦτο
1126 3337 1575 3408 δυσχεράναντος,
1606 3341 1700 3392 καὶ
1732 3341 1817 3392 ὲν-

243 3425 562 3495 ισταμένου,
596 3426 688 3478 καὶ
721 3426 1191 3496 ὲπιφθεγγομένου
1242 3431 1310 3481 τὰ
1364 3430 1594 3500 μέγιστα
1623 3447 1817 3500 κατορ-

241 3516 476 3584 θώματα
531 3516 628 3569 τοῦ
688 3517 892 3588 ὑψηλοῦ
957 3536 1051 3572 σου
1110 3520 1248 3590 βίου,
1277 3521 1582 3590 συνείροντό
1637 3538 1726 3590 μοι
1763 3523 1820 3573 ὲν

240 3606 436 3674 τούτῳ.
472 3607 613 3676 Πρὸς
641 3607 695 3659 δὲ
730 3606 951 3677 ῥήματά
1003 3625 1124 3660 τινα
1180 3609 1276 3659 καὶ
1328 3609 1629 3678 πράγματα
1687 3624 1820 3660 κατ-

241 3697 474 3767 ῃτιῶντο
505 3713 516 3725 '
577 3699 690 3762 καὶ,
731 3699 815 3751 ἵνα
850 3699 907 3751 ἒν
965 3699 1125 3759 εἴπω,
1165 3701 1369 3766 ἔφασαν
1424 3700 1505 3751 ὃτι
1559 3698 1822 3766 ἀγγέλους

241 3789 592 3859 ἁνιστόρησε,
621 3792 716 3842 καὶ
743 3790 969 3852 τούτους
1023 3790 1283 3842 ίσότυπον
1336 3791 1430 3844 τοῦ
1469 3791 1737 3860 Χριστοῦ,
1763 3792 1821 3843 ὲν

241 3882 357 3944 τοῖς
398 3882 641 3949 φεγγίοις
672 3882 1123 3951 ὲσταυρωμένους
1156 3901 1169 3915 ’
1204 3885 1366 3936 αὐτὸν
1390 3885 1443 3937 δὲ
1473 3885 1563 3936 τὸν
1586 3883 1821 3954 Χριστὸν

242 3975 342 4028 καὶ
361 3975 486 4036 τοὺς
509 3974 790 4041 ἀγγέλους,
820 3973 1142 4043 γηραλέους.
1172 3976 1280 4029 Καὶ
1313 3975 1483 4028 πολλὰ
1509 3976 1642 4045 πρὸς
1663 3975 1820 4028 τοῦτο

243 4067 651 4135 φιλοπευστῶν,
691 4067 789 4120 οὐκ
823 4067 1098 4140 ἠδυνήθην
1128 4070 1311 4132 αὐτοῖς
1335 4067 1815 4136 ἀντιφθέγξασθαι.

246 4161 485 4230 Ἥροντο
517 4161 625 4231 γὰρ
654 4159 800 4224 ξένον
853 4178 904 4212 τι
949 4163 1042 4215 καὶ
1093 4161 1369 4232 ἀλλότριον
1421 4161 1520 4229 τῆς
1579 4159 1818 4231 παραδό-

245 4267 388 4314 σεως
469 4252 570 4321 τῆς
645 4252 969 4322 Ἐκκλησίας
1031 4254 1319 4324 είργάσθαι
1355 4291 1370 4316 ,
1442 4255 1536 4305 καὶ
1601 4253 1821 4313 πάντως

243 4346 346 4414 οὐχ
402 4345 505 4397 ὑπὸ
549 4345 707 4408 Θεοῦ,
737 4345 851 4398 ἀλλ’
882 4345 985 4399 ύπδ
1017 4346 1112 4399 τοῦ
1142 4346 1384 4398 ἐναντίου
1421 4340 1559 4398 εἶναι
1583 4346 1643 4397 τὸ
1679 4345 1820 4414 πρᾶ-

244 4453 372 4505 γμα
393 4453 407 4468 ·
443 4437 580 4490 ἐπὰν
601 4441 658 4492 ὲν
693 4437 964 4501 τοσούτοις
985 4439 1150 4503 ἔτεσι,
1187 4439 1282 4491 καὶ
1327 4438 1601 4502 τοσούτοις
1633 4438 1820 4506 θεοφό-

247 4547 365 4600 ροις
395 4532 489 4584 καὶ
519 4531 694 4599 άγίοις
718 4531 1018 4601 Πατράσιν,
1044 4531 1141 4600 οὺχ
1171 4530 1640 4599 ύποδειγματίσθη
1663 4529 1822 4582 τοῦτο

241 4628 308 4675 ’τό
347 4623 561 4693 ἰδίωμα.
595 4625 667 4676 Τὸ
698 4624 804 4694 γὰρ
838 4623 931 4675 νῦν
959 4624 1279 4691 καινοτομού
1291 4640 1448 4691 μενον
1469 4665 1482 4685 ,
1513 4621 1612 4674 κᾶν
1637 4621 1820 4691 ὲξςάγρ

1921 2157 2008 2196 me
2035 2142 2216 2207 Pater,
2248 2152 2304 2198 et
2335 2147 2504 2199 sacris
2532 2148 2785 2216 precibus
2809 2149 2917 2202 tuis
2945 2149 3188 2218 perfrui,
3234 2150 3320 2203 via
3370 2150 3504 2204 mihi

1921 2234 2205 2300 hactenus,
2238 2237 2307 2290 ob
2342 2247 2559 2306 peccata
2595 2239 2802 2294 scilicet
2837 2256 2977 2304 mea,
3035 2257 3144 2294 non
3207 2243 3402 2311 patuit,
3442 2257 3506 2296 ac

1919 2340 1988 2379 ne
2017 2341 2160 2380 nunc
2183 2327 2423 2396 quidem.
2450 2326 2742 2396 Propterea
2790 2338 3010 2384 coactus
3041 2345 3159 2384 sum
3183 2329 3502 2401 Calogerum

1919 2417 2145 2472 fratrem
2179 2428 2423 2472 nostrum
2455 2419 2521 2472 ad
2573 2429 2623 2472 te
2651 2419 2887 2483 mittere,
2925 2420 3015 2490 qui
3055 2421 3375 2476 humilitatis
3404 2438 3506 2475 no-

1918 2520 2045 2563 strae
2072 2509 2368 2562 absentiam
2396 2510 2640 2580 suppleat
2682 2529 2694 2564 :
2729 2511 2928 2566 deinde
2977 2511 3260 2566 veniemus
3287 2522 3341 2567 et
3380 2529 3500 2576 nos,

1918 2612 1972 2655 ut
2005 2601 2070 2654 ad
2102 2601 2442 2657 venerandos
2472 2603 2639 2672 pedes
2669 2613 2812 2668 tuos,
2852 2604 2963 2659 Deo
3003 2604 3160 2667 duce,
3194 2616 3504 2676 prosterna-

1916 2708 2057 2746 mur.
2091 2691 2317 2762 lgnosee
2333 2702 2512 2747 autem
2540 2695 2694 2759 mihi,
2718 2696 2895 2761 Pater,
2921 2697 3063 2765 quod
3093 2696 3339 2750 dicturus
3357 2713 3499 2763 sum,

1916 2785 2041 2853 quia
2074 2785 2398 2853 simpliciter
2427 2785 2628 2852 dicam,
2660 2796 2713 2840 et
2761 2787 2970 2841 sincera
3013 2804 3077 2842 ex
3120 2789 3407 2853 charitate,
3438 2804 3502 2843 ac

1917 2876 2188 2930 desiderio
2219 2891 2326 2945 quo
2356 2885 2545 2932 teneor
2566 2886 2624 2930 ut
2646 2878 2751 2932 vita
2775 2888 2864 2932 tua
2895 2881 3038 2933 omni
3071 2880 3501 2949 reprehensione

1916 2978 2116 3023 careat.
2151 2967 2550 3040 Suggesserunt
2581 2971 2843 3038 quidam,
2900 2979 2958 3024 ut
3009 2973 3098 3041 qui
3160 2973 3364 3026 scirent
3413 2987 3501 3027 me

1917 3076 2233 3130 germanum
2267 3062 2362 3114 tibi
2395 3073 2556 3131 atque
2613 3063 2926 3116 unanimem
2973 3065 3206 3117 amicum
3240 3072 3295 3116 et
3327 3063 3497 3116 filium

1915 3167 2056 3214 esse,
2089 3168 2213 3206 cum
2256 3154 2356 3223 ipsi
2383 3169 2600 3225 quoque
2628 3155 2787 3208 amici
2828 3164 3012 3210 essent
3073 3156 3276 3217 eximii.
3305 3165 3502 3224 praeter

1917 3241 1998 3296 fas
2032 3252 2086 3296 et
2106 3242 2362 3297 decorum
2398 3259 2556 3316 agere
2582 3245 2925 3299 sanctitatem
2967 3255 3136 3299 tuam.
3169 3245 3413 3314 Cumque
3437 3246 3504 3298 ad

1921 3335 2373 3407 htecindignarer
2418 3346 2472 3392 et
2509 3338 2853 3399 resistet-em.
2908 3353 3504 3408 commemoraremqne

1923 3429 2136 3499 egregia
2162 3429 2409 3484 sublimis
2437 3430 2559 3484 vita!
2592 3439 2694 3484 tua:
2719 3429 2983 3495 facinora,
3027 3432 3078 3484 in
3114 3432 3215 3485 hoc
3255 3433 3388 3486 mihi
3417 3449 3506 3486 as-

1923 3521 2068 3575 sensi
2109 3531 2253 3575 sunt.
2287 3523 2360 3576 De
2397 3523 2675 3577 nonnullis
2705 3533 2885 3577 autem
2923 3524 3080 3578 dictis
3115 3523 3381 3594 factisque
3411 3542 3499 3579 ac.

1922 3612 2201 3675 cusabant,
2267 3622 2428 3682 atque
2468 3615 2550 3681 (ut
2605 3629 2771 3667 unum
2814 3614 3106 3683 proferam)
3167 3615 3422 3670 dixerunt
3451 3626 3503 3671 te

1923 3701 2143 3771 angelos
2176 3701 2489 3771 depinxisse
2519 3743 2534 3768 ,
2582 3718 2785 3772 eosque
2816 3703 2881 3758 ad
2916 3703 3117 3758 Christi
3144 3703 3396 3768 formam,
3447 3706 3502 3759 in

1923 3791 2176 3844 fenestris
2208 3791 2534 3854 crucifixos;
2568 3792 2744 3860 ipsutn
2777 3807 2904 3845 vero
2942 3791 3214 3848 Christum
3243 3803 3296 3848 et
3335 3810 3503 3864 ange-

1922 3882 2003 3935 los
2036 3882 2189 3937 senili
2226 3893 2401 3937 zetate.
2446 3881 2659 3937 Etcum
2691 3883 2858 3937 multa
2893 3886 2943 3938 in
2970 3900 3087 3938 eam
3119 3901 3229 3939 rem
3258 3886 3504 3940 sciscita-

1925 3983 2010 4028 tus
2050 3990 2262 4034 essem.
2308 3992 2415 4029 non
2468 3975 2618 4045 potui
2662 3975 2794 4045 ipsis
2830 3977 3225 4032 contradicere.
3268 3979 3502 4032 Aiebant

1923 4067 2069 4122 enim
2102 4068 2446 4137 peregrinum
2477 4068 2730 4137 quiddam
2776 4079 2834 4124 et
2876 4070 3114 4124 alienum
3149 4070 3218 4124 ab
3247 4070 3504 4126 Ecclesia:

1924 4161 2216 4215 traditione
2255 4160 2479 4223 factum,
2544 4176 2875 4230 prorsusque
2902 4178 3010 4216 non
3049 4179 3079 4216 a
3109 4163 3239 4227 Deo,
3294 4164 3388 4218 sed
3434 4165 3503 4219 ab

1923 4253 2235 4308 adversario
2266 4268 2382 4308 rem
2412 4268 2533 4308 esse
2553 4293 2568 4318 ,
2598 4254 3035 4323 quandoquidem
3067 4265 3145 4310 tot
3181 4257 3359 4317 annis,
3391 4266 3446 4310 et
3471 4272 3502 4311 a

1924 4355 2003 4399 tot
2035 4343 2257 4398 deiferis
2294 4345 2604 4415 sanctisque
2630 4344 2882 4402 Patribus
2905 4363 3169 4417 nusquam
3205 4349 3366 4418 hujus
3399 4363 3501 4401 no-

1923 4437 2105 4492 vitatis
2135 4437 2406 4507 proditum
2451 4447 2536 4492 est
2581 4439 2912 4508 exemplum.
2953 4439 3106 4505 Quod
3156 4442 3303 4494 enim
3354 4457 3502 4497 nunc

1925 4538 2180 4590 novatur,
2219 4528 2321 4583 etsi
2360 4527 2427 4582 ab
2451 4528 2645 4599 angelo
2678 4530 2768 4593 sit,
2805 4530 2969 4599 recipi
2998 4545 3104 4583 non
3132 4532 3329 4586 debere
3366 4547 3502 4586 con-

1925 4619 2102 4672 ﬁrmat
2128 4618 2439 4686 Apostolus,
2465 4618 2654 4673 dicens
2681 4636 2694 4677 :
2726 4619 2866 4673 Licet
2902 4636 2992 4673 nos
3031 4621 3130 4688 ipsi
3161 4621 3240 4674 vel
3285 4624 3501 4691 angelus

245 4711 407 4779 γέλον
441 4713 606 4776 ἐστὶν,
642 4711 994 4780 ἀσφαλίζεται
1033 4713 1226 4780 ὴμᾶςὸ
1263 4712 1580 4773 Ἀπόστολος
1618 4711 1692 4781 μὴ
1732 4710 1819 4762 δέ-

1925 4709 2260 4779 evangelizet,
2285 4708 2500 4773 addam.
2518 4718 2573 4763 et
2595 4709 2790 4770 tradat.
2819 4721 3169 4780 praeterquam
3196 4715 3331 4781 quod
3353 4730 3503 4767 evan-

246 4804 463 4875 χεσθαι,
498 4804 671 4871 λέγων
723 4821 827 4856 που
853 4820 866 4834 ⁸
908 4805 1032 4857 Κᾶν
1061 4803 1230 4871 ἡμεῖς
1272 4804 1462 4862 αὐτοὶ,
1494 4803 1525 4868 ἦ
1565 4803 1819 4872 ἅγγελος

246 4898 701 4967 εὺαγγελίζηται
752 4897 1089 4966 (προσθήσω,
1121 4898 1215 4948 καὶ
1248 4895 1629 4966 παραδιδωσι),
1682 4895 1821 4962 παρ’

247 4991 282 5045 ὃ
327 4989 861 5059 εὐηγγελισάμεθα,
886 4988 1340 5057 ἀνάθεμαὲστω.
1389 4988 1454 5040 Τί
1487 4983 1600 5049 οῦν,
1642 4988 1823 5056 Πάτερ

251 5100 355 5152 μου
397 5083 538 5149 ᾶγιε,
570 5083 704 5153 πρὸς
742 5081 913 5136 ταῦτα
943 5081 1133 5150 φῆσαι,
1163 5081 1262 5133 οὐκ
1283 5080 1411 5149 ἔχω.
1458 5081 1562 5132 Καὶ
1591 5083 1655 5150 τῇ
1688 5081 1824 5133 ἀπο-

252 5177 345 5246 ρίᾳ
377 5175 755 5244 συνεχόμενος,
784 5172 1135 5244 ἠναγκάσθην
1161 5172 1365 5244 γράψαι
1396 5188 1477 5224 σοι
1507 5188 1519 5201 ³
1559 5171 1646 5223 ἵνα
1685 5172 1822 5224 ἀπο-

247 5267 499 5336 λύσωμεν
529 5267 755 5329 ἑαυτοὺς
794 5266 972 5334 πάσης
1005 5265 1230 5334 βλάῦης,
1261 5264 1397 5334 πρὸς
1425 5265 1551 5327 τοὺς
1580 5265 1639 5316 ἐν
1678 5263 1820 5333 λόγῳ

250 5356 640 5425 ἐγκαλοῦντας,
670 5357 762 5408 καὶ
791 5355 865 5417 ὡς
896 5358 959 5408 ὲκ
992 5355 1173 5425 πάσης
1199 5355 1296 5423 τῆς
1335 5355 1682 5425 Ἐκκλησίας.
1713 5355 1821 5408 Καὶ

245 5450 334 5502 διὰ
393 5448 484 5500 τὸν
541 5448 673 5499 Θεὸν
721 5447 866 5510 δέξαι
909 5464 974 5515 με
1021 5447 1094 5510 ὼς
1130 5445 1430 5516 σύμϐουλον
1486 5448 1674 5499 τέκνον
1705 5463 1818 5511 σου,

249 5539 516 5591 πονοῦντα
575 5539 715 5607 ὑπὲρ
745 5540 856 5603 σοῦ,
895 5539 989 5591 καὶ
1024 5539 1326 5608 ἡγούμενον
1373 5538 1469 5607 τὴν
1524 5538 1678 5601 δόξαν
1729 5555 1820 5588 σου

247 5630 407 5693 δόξαν
455 5646 556 5698 μου
588 5643 600 5657 ·
635 5631 727 5682 καὶ
766 5629 839 5699 μὴ
890 5628 1110 5682 θέλοντα
1149 5628 1368 5683 ἀκούειν
1415 5627 1603 5698 μῶμον
1638 5645 1730 5680 σου
1763 5628 1817 5679 ἓν

323 5831 369 5860 ⁸⁵
388 5828 489 5884 Ms.
523 5828 648 5902 Reg.
671 5831 950 5903 Θεοδώρω.
981 5832 1055 5864 ³⁸³⁸
1078 5833 1201 5887 Sive
1231 5834 1455 5889 Sm’im-.
1501 5834 1542 5864 ’⁸⁵
1569 5833 1721 5887 Calat
1774 5851 1810 5892 ι.
1847 5835 1897 5889 8.

1921 4803 2228 4874 gelizamus,
2248 4803 2530 4854 anathema
2558 4801 2695 4854 sit".
2717 4800 2854 4866 Quid
2886 4803 3067 4872 igitur,
3101 4803 3258 4859 Pater
3277 4806 3347 4859 mi
3372 4824 3500 4860 san-

1922 4905 2031 4958 cte,
2074 4896 2142 4950 ad
2172 4897 2285 4950 haac
2315 4895 2519 4960 dicam,
2584 4910 2692 4949 non
2725 4894 2918 4958 habeo,
2975 4906 3030 4949 et
3060 4896 3273 4950 consilii
3319 4897 3498 4966 inopia

1924 5001 2146 5056 pressus
2174 4986 2242 5040 ad
2273 4994 2324 5040 te
2352 4985 2589 5040 scribere
2618 4999 2780 5056 cogor
2815 5002 2828 5037 :
2864 4993 2921 5038 ut
2947 4986 3014 5039 ab
3051 4987 3198 5040 omni
3225 5003 3361 5041 noxa
3400 5003 3498 5042 nos

1925 5078 2267 5133 vindicemus
2305 5076 2448 5147 apud
2483 5092 2575 5130 eos
2607 5076 2699 5146 qui
2730 5076 2923 5130 merito
2953 5078 3384 5146 reprehendunt,
3446 5090 3500 5134 ct

1929 5181 2182 5239 tanquam
2236 5168 2489 5223 Ecclesia:
2528 5167 2795 5222 universa:
2848 5182 2999 5221 voce.
3049 5168 3228 5233 Quare
3278 5180 3499 5238 propter

1922 5260 2090 5314 Deum
2125 5260 2339 5329 suscipe
2369 5274 2473 5322 me,
2511 5269 2570 5313 ut
2599 5257 2967 5313 consiliariqu
3003 5259 3170 5314 filium
3206 5271 3377 5324 tuum,
3399 5277 3497 5329 pro

1922 5364 1974 5409 te
2003 5355 2337 5411 laborantem
2360 5393 2374 5416 ,
2423 5361 2478 5407 et
2507 5353 2729 5422 gloriam
2773 5362 2916 5406 tuam
2950 5353 3174 5423 gloriam
3210 5370 3361 5407 suam
3391 5356 3494 5408 du-

1921 5457 2133 5502 centem
2167 5465 2178 5500 :
2211 5447 2523 5516 nullamque
2549 5447 2600 5500 in
2631 5463 2688 5500 re
2718 5447 2822 5500 ulla
2854 5448 2930 5500 tui
2955 5457 3158 5509 notam,
3193 5449 3284 5517 qui
3318 5449 3493 5516 reipsa

1923 5539 2040 5593 sine
2089 5548 2214 5592 nota
2268 5539 2432 5592 vitam
2466 5539 2600 5609 agis,
2653 5539 2842 5592 audire
2888 5538 3268 5592 sustinentem.
3324 5539 3489 5600 Doce,

1929 5651 2074 5706 rege,
2107 5634 2323 5699 exaudi,
2357 5635 2591 5698 attende,
2645 5631 3015 5688 animadverte
3037 5671 3051 5697 ,
3089 5631 3345 5700 omnique
3379 5632 3492 5686 hae-
