4158 6514
619 421 725 483 959

1818 426 1875 481 S.
1912 422 2300 483 'I‘HEODORI
2334 421 2679 482 STUDITE

3790 414 3902 475 913-0

620 536 881 590 sitatione
926 536 1098 590 libera
1132 552 1228 591 eos
1256 536 1348 605 qui
1379 537 1648 591 excelsam
1686 538 1848 591 vitam
1881 550 2024 593 tuam
2069 554 2203 592 con-

2330 556 2433 599 τινι,
2467 536 2563 591 τοῦ
2617 536 2787 598 ὅντως
2849 535 3168 604 ἀμωμήτως
3226 530 3581 601 βιοτεύοντος.
3616 526 3898 593 Φώτισοικ,

621 628 980 698 templantur.

956 909 1093 965 XVI.
1129 944 1176 956 —
1214 913 1506 981 Nicephoro
1532 912 1873 983 Imperatori.

2309 627 2597 696 ὁὸήγησον,
2649 627 2976 688 ἐπάκουσον,
3019 624 3297 693 πρόσχες,
3342 621 3687 705 έπίστησονς,
3725 617 3902 671 λῦσον

2310 718 2493 787 πάσης
2546 717 2814 787 διχονοίας
2866 718 2993 780 τοὺς
3054 713 3301 786 όρῶντάς
3362 728 3461 765 σου
3534 712 3628 765 τὸν
3686 710 3903 780 ὑψηλὸν

2316 807 2451 875 βίον.

2607 922 2719 989 ις’.
2750 923 3150 990 -Νικηφόρῳ
3178 916 3434 985 ,ϐασιλεῖ
3460 916 3597 987 (16).

1259 1027 1331 1076 De
1361 1028 1631 1088 patriarcha
1661 1026 1710 1077 in
1745 1027 1934 1078 Tarasii
1959 1032 2121 1079 locum
2153 1034 2489 1098 snhrogando.
2515 1038 2719 1097 (Baron.
2744 1050 2871 1085 anno
2892 1036 3005 1095 806,
3043 1049 3176 1084 num.
3201 1033 3273 1093 4.)

696 1126 931 1184 Omnino
958 1127 1034 1183 sic
1069 1129 1312 1184 futurum
1347 1142 1494 1192 erat,
1544 1142 1602 1185 ut
1643 1134 1819 1186 bonus
1845 1134 1988 1188 Deus
2023 1146 2209 1191 noster

628 1219 885 1275 Ecclesiae
941 1236 1053 1275 suae
1110 1238 1295 1276 curam
1324 1237 1518 1290 gerens
1546 1222 1803 1292 pietatem
1838 1236 2069 1281 vestram
2107 1227 2207 1283 hac

626 1322 787 1366 :etate
846 1312 1076 1383 imperio
1132 1313 1433 1381 prmﬁceret
1473 1312 1957 1370 Christianorum:
2011 1326 2203 1373 utnon

629 1403 905 1457 Saecularis
935 1403 1109 1457 solum
1145 1404 1447 1458 dominatio
1495 1406 1637 1459 male
1673 1405 1967 1461 constituta
2001 1409 2204 1463 rectius

628 1499 1095 1565 componeretur),
1116 1498 1208 1550 sed
1231 1496 1637 1551 ecclesiasticus
1655 1497 1818 1551 etiam
1844 1499 2203 1568 principatus.

630 1588 672 1642 si
726 1588 854 1658 quid
894 1588 1153 1653 deesset,
1213 1590 1637 1652 instauraretur,
1688 1599 1745 1643 et
1773 1604 1913 1643 nova
1952 1590 2205 1660 quaedam

630 1679 947 1748 conspersio
1006 1680 1160 1734 ﬁeret
1196 1680 1250 1733 in
1305 1691 1535 1749 utroque
1592 1680 1657 1733 “.
1713 1679 1869 1746 Quod
1900 1682 2118 1750 quidem
2152 1683 2205 1736 in

629 1772 806 1826 altero
838 1773 1084 1827 membro
1120 1773 1378 1842 praeclare
1407 1772 1579 1843 ipsius
1611 1773 1781 1844 gratia
1806 1774 1917 1843 jam
1951 1776 2206 1843 praestitit

632 1864 833 1920 Christi
867 1880 1056 1921 amans
1088 1866 1377 1936 imperium
1404 1876 1669 1929 vestrum,
1722 1875 1885 1935 atque
1909 1867 2047 1921 adeo
2073 1882 2208 1936 prte-
2243 1847 2288 1906 Β

635 1964 778 2010 stare
809 1966 990 2027 perget
1023 1957 1233 2011 cwlesti
1292 1957 1518 2010 numine
1568 1957 2003 2012 corroboratum.
2066 1956 2213 2012 Reli-

637 2062 803 2116 quum
872 2049 1036 2102 modo
1085 2058 1207 2114 est,
1269 2057 1329 2102 ut
1376 2048 1604 2103 alterum
1651 2049 1767 2119 pari
1810 2064 1940 2103 cura
1978 2049 2213 2116 fruatur,

640 2142 866 2211 parique
902 2143 1215 2212 prudentia.
1263 2142 1319 2197 Id
1354 2158 1485 2198 vero
1511 2152 1634 2213 post
1676 2143 1842 2196 Deum
1868 2153 1923 2197 et
1955 2158 2077 2197 cum
2107 2144 2215 2198 Deo

638 2248 667 2286 a
700 2233 856 2288 vobis
889 2234 1161 2289 tribuetur
1187 2250 1283 2305 per
1311 2235 1762 2305 approbationem
1795 2234 2045 2306 legitima:
2102 2234 2216 2289 ele-

638 2325 838 2381 ctionis
862 2325 1028 2381 futuri
1054 2326 1472 2397 archiepiscOpi.
1495 2328 1569 2380 De
1592 2328 1945 2397 quo,quando
1967 2343 2033 2381 ex
2057 2328 2217 2382 nobis

639 2419 801 2473 etiam
853 2419 1234 2489 peccatoribus
1279 2428 1334 2474 et
1361 2420 1600 2487 indignis
1642 2420 1917 2475 sciscitari
1968 2422 2213 2487 voluisti,

639 2525 820 2564 coram
854 2509 1104 2573 Domino,
1131 2512 1221 2579 qui
1253 2526 1355 2564 nos
1379 2510 1722 2579 iudicaturus
1750 2521 1853 2573 est,
1879 2512 1946 2566 de
1983 2528 2048 2567 eo
2073 2516 2216 2583 quod

642 2601 843 2654 dicturi
876 2616 1066 2654 sumus
1100 2600 1153 2655 in
1183 2602 1271 2656 die
1298 2602 1487 2671 judicii
1512 2644 1526 2666 ,
1556 2602 1645 2656 hic
1667 2612 1750 2657 est
1776 2618 1969 2657 sensus
2006 2615 2215 2658 noster.

2390 1141 2657 1212 Ἐμελλεν
2686 1144 2713 1195 ὁ
2735 1141 2942 1209 ἀγαθὸς
2966 1140 3099 1202 Θεδς
3125 1139 3280 1210 ἡμῶν
3302 1138 3399 1208 τῆς
3426 1133 3620 1190 ἑαυτοῦ
3663 1133 3902 1203 Ἐκκλη-

2317 1231 2438 1295 σίας
2494 1232 2831 1303 φροντίζων,
2867 1231 2965 1300 τὴν
3012 1229 3286 1299 ὑμετέραν
3317 1225 3602 1280 εὐσέϐειαν
3654 1224 3751 1277 ἐπὶ
3794 1226 3903 1287 τῆς

2312 1322 2596 1392 παρούσης
2617 1325 2811 1389 γενεᾶς
2844 1320 3257 1392 προστήσασθαι
3293 1316 3600 1388 βασιλεύειν
3618 1315 3729 1369 τῶν
3755 1315 3899 1384 Χρι-

2314 1415 2568 1468 στιανῶνο
2598 1416 2686 1469 ἵνα
2731 1414 2805 1485 μὴ
2845 1414 3008 1484 μόνον
3035 1414 3066 1479 ὴ
3100 1412 3343 1482 κοσμικὴ
3377 1410 3521 1481 ἀρχὴ
3553 1404 3613 1463 εὖ
3641 1406 3899 1475 διατεθῇ,

2312 1508 2500 1572 κακῶς
2548 1507 2894 1578 διακειμένη,
2959 1504 3104 1559 ἀλλά
3140 1505 3237 1556 καὶ
3283 1504 3317 1573 ἡ
3350 1504 3491 1557 κατά
3527 1503 3627 1571 τὴν
3667 1500 3904 1567 Ἐκκληο

2317 1600 2436 1653 σίαν
2476 1598 2764 1669 ἡγεμονία,
2817 1595 2873 1651 εἴ
2914 1614 2965 1649 τι
3012 1594 3209 1659 ἐνδεῶς
3244 1593 3353 1661 ἔξει
3380 1634 3396 1659 ,
3443 1590 3753 1663 ἀνορθωθῆ,
3801 1591 3904 1643 καὶ

2312 1693 2432 1745 νέον
2466 1708 2583 1754 πως
2614 1689 2844 1760 φύραμα
2873 1689 3101 1759 γένηται
3132 1687 3191 1739 ιν
3222 1683 3578 1755 ἀμφοτέροις.
3614 1684 3798 1751 Ὅπερ
3830 1682 3901 1749 τῇ

2314 1783 2479 1838 αὑτοῦ
2506 1784 2693 1853 χάριτι
2732 1781 3104 1851 κατώρθωκεν
3134 1780 3192 1832 έν
3221 1776 3298 1848 τῷ
3336 1776 3417 1831 ἑνὶ
3469 1776 3628 1848 μέρει
3741 1772 3905 1843 φιλό-

2319 1893 2537 1949 χριστος
2574 1875 2727 1944 ὑμῶν
2777 1872 3045 1944 βασιλεία·
3097 1869 3233 1925 ἀλλὰ
3265 1868 3359 1922 καὶ
3402 1866 3482 1920 ἔτι
3523 1861 3902 1949 κατορθώσειε

2318 1970 2438 2031 ταῖς
2484 1966 2691 2021 ἀνωθεν
2748 1966 2939 2036 ῥοπαῖς
2984 1960 3389 2032 δυναμουμένη.
3421 1956 3757 2024 Λειπόμενον
3805 1948 3904 2006 οὖν

2320 2064 2468 2115 ἐστιν
2502 2062 2650 2131 ἄρτι,
2684 2058 2779 2113 καὶ
2803 2058 2865 2109 τὸ
2908 2056 3098 2124 ἕτερον
3146 2054 3249 2121 τῆς
3282 2052 3403 2121 ἴσης
3430 2046 3739 2104 ἀπολαῦσαι
3764 2062 3903 2114 προ·

2324 2152 2555 2222 μηθείας
2601 2151 2697 2204 καὶ
2745 2146 3061 2219 θεραπείας,
3093 2144 3263 2198 Τοῦτο
3292 2144 3335 2196 δ’
3371 2143 3437 2198 ἂν
3460 2142 3543 2211 εἴη
3588 2139 3727 2209 μετὰ
3765 2136 3905 2189 Θεον

2323 2246 2419 2296 καὶ
2464 2244 2561 2295 σὺν
2600 2241 2719 2311 Θεῷ
2754 2240 2891 2311 πρὸς
2924 2237 3079 2309 ὑμῶν
3108 2236 3444 2305 δωρηθῆναι,
3494 2233 3583 2285 διὰ
3629 2230 3727 2296 τῆς
3778 2228 3903 2281 κατ’

2323 2335 2689 2404 εὐαρέστησιν
2721 2332 2959 2401 νομίμου
2993 2329 3224 2397 ἐκλογῆς
3261 2324 3355 2380 τοῦ
3390 2324 3678 2395 μέλλοντος
3707 2323 3905 2391 ἀρχιε-

2328 2426 2595 2496 ρατεύειν.
2636 2425 2793 2478 Ἐπεὶ
2828 2424 2885 2477 δὲ
2932 2423 3029 2475 καὶ
3066 2422 3198 2491 παρ’
3223 2419 3382 2490 ἡμῶν
3418 2416 3765 2485 ὲπεζήτησας
3801 2430 3907 2481 μαο

2326 2520 2457 2583 θεῖν,
2499 2519 2608 2572 τῶν
2651 2514 2994 2587 ἁμαρτωλῶν
3042 2513 3137 2566 καὶ
3179 2510 3436 2577 ἀναξίων,
3464 2508 3526 2561 τὸ
3556 2504 3906 2576 παριστάμεο

2326 2630 2415 2666 νον
2445 2614 2596 2682 ἡμῖν,
2630 2610 2705 2673 ὡς
2748 2606 2979 2662 ἐνώπιον
3008 2604 3219 2675 Κυρίου
3243 2603 3335 2657 τοῦ
3367 2600 3651 2672 μέλλοντος
3680 2595 3907 2650 εὑθῦναι

641 2692 761 2747 Non
801 2694 1085 2756 novimus,
1131 2710 1234 2748 nec
1264 2694 1465 2749 scimus
1488 2695 1657 2749 ullum
1688 2713 1699 2749 :
1743 2711 1853 2750 non
1888 2698 2033 2767 quod
2072 2698 2222 2754 defe-

644 2784 820 2838 cerint
856 2784 951 2839 viri
986 2784 1093 2840 vita
1124 2796 1177 2841 et
1207 2801 1461 2841 sermone
1501 2788 1739 2843 illustres
1787 2788 1942 2858 (sunt
1983 2790 2131 2844 enim
2165 2800 2222 2846 et

2326 2706 2494 2774 ῆμᾶς,
2529 2704 2658 2773 περὶ
2696 2696 2757 2755 οὗ
2789 2699 3057 2770 μέλλομεν
3087 2697 3268 2764 λέγειν
3313 2695 3370 2747 ὲν
3410 2693 3597 2763 ἡμέρα
3644 2690 3905 2757 κρίσεως,

2326 2796 2499 2859 οὑτως
2556 2795 2670 2865 ἔχει
2706 2811 2720 2825 ·
2778 2792 2853 2845 Οὑ
2913 2789 3256 2859 γινώσκομεν
3291 2828 3307 2852 ,
3378 2783 3498 2839 οὑδὲ
3560 2779 3909 2849 ἐπιστάμεθα

649 2872 760 2928 Deo
797 2875 1066 2943 perspecti
1110 2884 1163 2929 et
1186 2875 1500 2930 hominibus
1522 2917 1535 2936 ,
1567 2876 1762 2946 impari
1809 2878 1935 2933 licet
1965 2879 2175 2934 ratione
2204 2921 2219 2946 ,

2330 2907 2451 2944 τινα
2480 2904 2496 2920 ⁸
2556 2889 2654 2957 οὑχ
2709 2887 2791 2939 ὅτι
2836 2883 3101 2938 ἀπέλιπον
3147 2880 3197 2933 οἱ
3241 2877 3639 2947 διαλάμποντες
3693 2874 3753 2925 ὲν
3809 2868 3910 2940 βίῳ

646 2975 808 3035 atque
870 2966 924 3020 in
975 2967 1164 3037 primis
1210 2968 1483 3037 praclarz
1554 2969 1722 3023 menti
1771 2972 1925 3040 tuae),
1954 2971 2053 3027 sed
2094 2972 2221 3041 quia

2331 2980 2424 3032 καὶ
2451 2978 2594 3046 λόγῳ
2626 2976 2757 3045 (εἱσι
2787 2974 2897 3044 γὰρ
2948 2972 3042 3026 καὶ
3071 2969 3191 3039 Θεῷ
3220 2967 3537 3037 φαινόμενοι
3574 2963 3667 3016 καὶ
3696 2960 3910 3031 ἀνθρώο

650 3058 810 3111 talem
845 3058 985 3113 ratio
1024 3060 1305 3129 deposcit,
1334 3071 1388 3115 ct
1421 3060 1754 3115 desiderium
1788 3062 1996 3132 imperii
2032 3064 2219 3128 vestri,

2331 3087 2477 3135 ποις,
2499 3072 2548 3123 εί
2571 3069 2665 3122 καὶ
2686 3068 2785 3120 οὑκ
2816 3065 2914 3137 ίσῳ
2945 3065 3111 3134 λόγῳ,
3134 3063 3230 3117 καὶ
3259 3062 3493 3131 μάλιστα
3517 3060 3583 3129 τῇ
3617 3058 3683 3127 σῇ
3709 3070 3909 3125 φωτειο

649 3150 741 3219 qui
794 3152 966 3219 possit
1015 3152 1179 3205 corde
1251 3152 1936 3221 perieclojustiﬁcationes
1986 3153 2077 3209 Dei
2129 3170 2223 3210 ex-

2332 3164 2394 3233 νῇ
2428 3161 2619 3230 ψυχῇ),
2648 3159 2770 3211 ἐπεὶ
2801 3157 2857 3209 δὲ
2882 3154 3124 3208 τοιοῦτον
3146 3152 3301 3221 ζητεῖ
3333 3152 3361 3204 ὁ
3382 3149 3538 3216 λόγος
3569 3148 3666 3199 καὶ
3692 3147 3723 3197 ό
3750 3142 3911 3204 πόθος

652 3240 903 3309 quirere:
937 3241 1027 3310 qui
1050 3240 1217 3312 gradu
1242 3250 1406 3311 atque
1424 3241 1616 3296 ordine
1645 3241 1713 3295 ab
1737 3241 1993 3297 inferiore
2024 3244 2226 3298 sensim

2330 3206 2619 3323 τέίςτῡεῖὲξξί
2646 3249 2943 3319 βασιλείας,
2978 3246 3069 3300 τὸν
3098 3206 3368 3309 ἐν’τελεία
3396 3206 3596 3311 καρδία
3613 3236 3914 3305 δυνάμενον

653 3332 721 3385 ad
749 3333 1087 3402 superiOrem
1133 3334 1485 3401 ascenderit,
1542 3333 1635 3405 qui
1666 3342 1905 3389 tentatus
1938 3334 2104 3389 fuerit
2136 3351 2232 3405 per

2334 3341 2635 3410 ἐπιζητῆσαι
2676 3340 2747 3392 τὰ
2784 3337 2876 3390 τοῦ
2928 3335 3064 3389 Θεοῦ
3123 3330 3499 3401 δικαιώματα,
3576 3328 3669 3381 τὸν
3721 3324 3915 3395 βαομῷ

592 3498 597 3503 ι
655 3428 875 3488 omnia,
922 3427 1013 3497 qui
1054 3441 1119 3481 ex
1151 3427 1230 3481 eis
1256 3442 1377 3496 qua:
1402 3442 1595 3496 passus
1625 3436 1743 3491 est,
1793 3417 2012 3482 tentatis
2062 3428 2232 3498 possit

2336 3436 2433 3488 καί
2466 3432 2619 3496 τάξει
2652 3432 2716 3483 ἐκ
2768 3429 2860 3482 τοῦ
2909 3428 3052 3480 κατὰ
3093 3425 3289 3497 μικρὸν
3341 3423 3421 3485 είς
3480 3421 3541 3473 τὸ
3584 3419 3916 3489 ὑψηλότερον

657 3533 817 3587 opem
850 3516 993 3572 ierre
1016 3517 1082 3571 "’.
1136 3518 1201 3572 Et
1246 3519 1375 3588 quid
1417 3518 1605 3573 multis
1638 3518 1783 3588 apud
1810 3528 1861 3572 te
1892 3519 2072 3573 verbis
2101 3536 2232 3589 opus

2346 3523 2791 3595 προανηγμένον,
2817 3519 2909 3573 τὸν
2940 3516 3349 3587 πεπειραμένον
3379 3513 3518 3567 κατά
3540 3511 3741 3572 πάντα,
3771 3509 3829 3571 ὃς
3854 3524 3918 3575 γε

660 3618 745 3663 est
772 3608 863 3678 qui
896 3608 1079 3663 omnia
1104 3610 1271 3673 nosti,
1302 3618 1355 3663 et
1391 3624 1456 3664 ex
1481 3610 1555 3664 tui
1590 3610 1761 3679 ipsius
1789 3618 1930 3663 statu
1961 3625 2024 3664 ac
2059 3610 2232 3681 digni-

2339 3617 2398 3683 ὲξ
2426 3610 2501 3671 ὧν
2532 3614 2799 3678 πέπονθε,
2844 3614 2957 3674 τοῖς
3007 3606 3433 3678 πειραζομένοις
3457 3603 3661 3656 δύναιτ’
3691 3603 3759 3655 ἂν
3790 3600 3919 3671 βοη-

663 3714 771 3759 tate
808 3712 1017 3759 tantum
1078 3705 1255 3758 virum
1312 3704 1410 3758 tibi
1474 3705 1883 3775 reprazsentas?
1939 3705 2232 3759 Prmlucere

2343 3711 2525 3779 θῆσαι.
2557 3709 2668 3761 Καὶ
2698 3708 2749 3760 τί
2799 3706 2880 3759 δεῖ
2908 3702 3085 3757 πολλὰ
3118 3700 3302 3768 λέγειν
3334 3698 3471 3768 πρὸς
3517 3696 3577 3748 σὲ
3622 3696 3717 3748 τὸν
3753 3690 3812 3748 εὖ
3846 3696 3919 3746 εἰ-

664 3798 877 3852 «ιιειετίε
931 3807 1145 3868 oportet
1200 3813 1307 3850 non
1335 3813 1492 3853 secus
1543 3814 1605 3853 ac
1640 3798 1810 3853 solem
1862 3798 2006 3852 inter
2040 3798 2232 3852 sidera.

2342 3802 2491 3866 δότα,
2525 3801 2623 3853 καὶ
2668 3802 2731 3854 ὲκ
2776 3798 2879 3864 τῆς
2913 3796 3121 3858 οἰκείας
3171 3790 3561 3852 καταστάσεως
3595 3789 3689 3841 καὶ
3723 3803 3921 3857 «pexo-

666 3891 802 3943 Cum
859 3889 1022 3959 igitur
1050 3890 1211 3945 talem
1262 3904 1373 3944 non
1432 3890 1736 3956 videamus,
1782 3905 1884 3944 nec
1924 3888 2232 3960 suﬂragiuui

2348 3894 2455 3962 πῆς
2482 3893 2567 3945 τὸν
2594 3891 2913 3961 τηλικοῦτον
2939 3886 3329 3957 ἀνιστοροῦντα
3350 3900 3364 3948 ;
3388 3882 3510 3936 Τῶν
3533 3880 3747 3933 πολλῶν
3769 3878 3919 3946 ὀφεί-

670 3984 811 4036 ferre
848 3983 1133 4036 audemus.
1181 3981 1295 4036 Hoc
1325 3997 1453 4036 vero
1480 3981 1757 4036 memoriae
1798 3996 1960 4035 causa
1985 3997 2094 4035 non
2124 3982 2232 4035 sine

2346 3983 2428 4036 λει
2465 3983 2831 4054 προλάμπειν,
2871 3980 2945 4042 ὡς
2978 3981 3035 4032 ὲν
3068 3979 3335 4048 ἀστρασιν
3367 3975 3543 4045 ῆλιος.
3587 3970 3783 4022 Ἠνίκα
3812 3968 3920 4023 τοί-

668 4085 814 4129 metu
851 4082 905 4127 ct
939 4074 1248 4128 reverentia
1280 4074 1627 4143 suggerimus
1654 4114 1669 4139 ,
1706 4073 1851 4142 quod
1886 4074 2064 4143 ipsum
2087 4074 2232 4143 plant

2349 4095 2444 4129 vvv
2481 4076 2581 4147 οὑχ
2615 4074 2832 4143 ὁρῶμεν
2862 4068 3128 4134 τοιοῦτον,
3161 4070 3285 4123 οὑδὲ
3316 4061 3719 4134 ἀπολμῶμεν
3752 4058 3920 4131 ψηψί-

672 4179 778 4217 non
797 4162 930 4234 fugit
952 4163 1332 4232 peritissimam
1354 4172 1409 4218 et
1431 4163 1672 4219 divinam
1698 4163 2047 4233 prudentiam
2076 4172 2247 4227 tuam,

673 4265 732 4308 ut
770 4272 833 4309 ex
888 4256 1162 4325 episcopis
1208 4257 1371 4311 etiam
1418 4264 1473 4311 et
1511 4273 1577 4310 ex
1607 4256 1930 4326 praepositis,
1960 4264 2014 4309 et
2044 4271 2109 4309 ex
2146 4264 2252 4325 sty-

674 4346 802 4409 litis,
835 4354 891 4400 et
915 4361 979 4399 ex
1014 4346 1258 4409 inclusis,
1300 4358 1415 4402 tum
1446 4347 1646 4402 deinde
1676 4364 1743 4402 ex
1789 4346 1937 4401 clero
1983 4348 2251 4402 delectum

677 4438 907 4503 habens,
940 4453 1006 4492 ex
1034 4438 1139 4493 illis
1169 4439 1302 4509 ipsis
1332 4438 1591 4508 perfectis
1622 4439 1901 4499 desumas,
1944 4439 2251 4508 prudentia,

2354 4167 2571 4223 σασθαι.
2620 4165 2791 4219 Τοῦτο
2840 4163 2896 4216 δὲ
2945 4163 3020 4226 ὼς
3056 4163 3112 4215 ἐν
3147 4160 3453 4230 ὑπομνήσει
3492 4156 3632 4227 μετὰ
3664 4153 3923 4220 συστολῆς

2354 4259 2450 4312 καὶ
2497 4255 2680 4318 αἰδοῦς
2712 4252 3118 4322 ὑποτιθέμεθα·
3156 4253 3296 4320 ὅπερ
3336 4247 3605 4319 ἀλάθητόν
3639 4246 3759 4297 ὲστι
3789 4244 3919 4296 «dv-

2354 4366 2462 4413 τως
2511 4350 2577 4419 τῇ
2622 4345 2939 4417 πολυπείρῳ
2994 4345 3089 4399 καὶ
3138 4344 3260 4413 θείᾳ
3298 4341 3624 4412 μεγαλονοίᾳ
3672 4354 3787 4391 σου·
3840 4336 3919 4388 ἵνα

2358 4441 2465 4494 ἀπό
2494 4457 2553 4493 τε
2582 4440 2691 4492 τῶν
2712 4440 3052 4499 ἐπισκόπων,
3076 4435 3185 4490 ἀπό
3216 4452 3274 4488 τε
3304 4434 3414 4487 τῶν
3442 4432 3785 4501 ἡγουμένων,
3821 4428 3922 4481 ἀπό

675 4546 839 4587 sensu
861 4571 877 4595 ,
910 4546 972 4585 ae
1026 4533 1133 4586 vita
1165 4533 1374 4587 caeteris
1437 4532 1865 4600 praestantiores.
1906 4532 2224 4585 Descendan

2356 4548 2416 4585 τε
2451 4531 2559 4584 τῶν
2599 4530 2887 4595 στυλιτῶν,
2922 4528 3032 4582 ἀπό
3071 4544 3131 4581 τε
3168 4526 3278 4580 τῶν
3308 4524 3658 4593 έγκλείστων,
3690 4518 3810 4573 εἶτα
3837 4518 3921 4571 τοῦ

675 4622 822 4675 enim
866 4622 1091 4691 stylitze,
1134 4632 1337 4677 exeant
1382 4622 1622 4687 inclusi;
1661 4623 2100 4692 quandoquidem
2156 4640 2255 4693 pu-

678 4714 878 4769 blicum
918 4724 1001 4770 est
1036 4717 1379 4771 commodum
1411 4716 1555 4785 quod
1581 4718 1863 4785 quaeritur.
1904 4715 2160 4771 Discerne
2200 4727 2254 4770 et

680 4806 904 4871 confer,
951 4817 1007 4862 et
1066 4823 1188 4863 cum
1234 4809 1365 4878 ipsis
1418 4807 1793 4878 deprehendas
1835 4808 2160 4876 digniorem.
2192 4807 2257 4863 Et

680 4899 875 4955 beatus
904 4915 991 4961 es,
1052 4910 1106 4954 et
1144 4916 1269 4955 vere
1328 4909 1410 4955 ter
1434 4900 1607 4965 beati,
1666 4900 1710 4954 si
1748 4900 1861 4954 haec
1883 4899 2065 4954 omnia
2096 4914 2252 4953 exse-

681 4992 923 5063 quamini
983 4990 1184 5046 Christi
1238 4992 1560 5053 imitatores,
1621 4989 1832 5045 Domini
1880 4991 2074 5045 nostri.
2123 4989 2257 5045 Hinc

680 5087 855 5155 magis
898 5086 1179 5154 magisque
1217 5085 1630 5139 coniirmahitur
1661 5083 1947 5152 imperium
1982 5094 2256 5146 vestrum,

680 5170 1121 5244 magniﬁcabitur
1178 5188 1377 5226 nomen
1427 5182 1665 5225 vestrum
1720 5171 1772 5223 in
1828 5172 2252 5240 generationes:

2356 4624 2558 4694 κλήρου
2593 4622 2988 4691 ὑποδεχόμενος
3021 4619 3274 4691 ὲκλογῆν,
3302 4617 3362 4682 te
3388 4615 3568 4671 αὑτῶν
3594 4630 3653 4665 τε
3682 4612 3793 4664 τῶν
3816 4614 3923 4664 ἐπι-

2356 4716 2664 4770 δεδωκότων
2716 4713 2898 4766 λαϐὼν
2934 4714 3067 4776 τοὺς
3121 4713 3179 4764 εν
3230 4710 3469 4769 συνέσει,
3509 4706 3604 4759 καὶ
3648 4705 3919 4773 φρονήσει.

2360 4810 2454 4863 καὶ
2514 4809 2652 4879 βίῳ,
2697 4809 2806 4861 τῶν
2872 4806 3048 4861 ἄλλων
3109 4803 3440 4874 προέχοντας
3499 4797 3923 4867 (καταϐάτωσαν

2358 4902 2468 4972 γὰρ
2500 4902 2597 4955 καὶ
2632 4901 2874 4953 πυλῖται
2896 4936 2909 4960 .
2938 4894 3337 4952 ὶκσαινὲτωσάν
3374 4910 3434 4947 τε
3482 4892 3575 4945 καὶ
3605 4890 3920 4958 ἐγκλειστοι·

2366 4991 2598 5063 επείπερ
2640 4994 2794 5061 κοινῇ
2832 4990 3110 5059 συμφέρον
3150 4987 3213 5040 τὸ
3257 4983 3652 5056 ζητούμενον),
3681 4979 3924 5048 ὲπικρίνῃ

2364 5087 2460 5139 καὶ
2510 5086 2606 5137 σὺν
2658 5083 2843 5145 αὑτοῖς
2878 5081 3134 5151 ἀποδείξῃ
3176 5080 3268 5133 τὸν
3304 5078 3619 5146 ἀξιώτερον.
3666 5074 3777 5126 Καὶ
3829 5089 3919 5141 μα-

2363 5177 2554 5247 κάριος
2578 5170 2648 5238 εἴ,
2686 5174 2886 5245 μᾶλλον
2923 5174 2980 5226 δὲ
3019 5174 3115 5226 καὶ
3135 5170 3533 5241 τρισμακάριοι
3557 5207 3571 5228 .
3630 5167 3725 5219 ἐὰν
3779 5162 3923 5217 τοῦτο

676 5266 1027 5336 augebuntur
1079 5263 1314 5333 denique
1366 5262 1493 5316 anni
1544 5262 1877 5332 principatus
1929 5262 2111 5315 vestri.
2142 5262 2232 5314 Dut

2362 5269 2481 5322 ὅλον
2526 5268 2918 5338 ἀπεργάσησθε
2956 5263 3395 5335 Χριστομίμητοι
3442 5258 3600 5329 ἡμῶν
3649 5256 3918 5311 δεσπόται.

685 5357 954 5426 siquidem
988 5358 1104 5410 haec
1132 5372 1359 5410 munera
1391 5354 1581 5409 tribuit
1607 5352 1936 5409 Christianis
1968 5353 2131 5418 Deus,
2165 5369 2223 5407 sa

2367 5360 2476 5412 Kal.
2511 5361 2569 5413 ὲν
2601 5361 2777 5429 τούτῳ
2828 5359 2908 5411 ἐτι
2957 5357 3160 5427 μᾶλλον
3207 5352 3646 5426 κρατυνθήσεται
3699 5346 3849 5416 ὑμῶν
3893 5346 3919 5407 ἡ

757 5472 803 5503 ⁸⁸
832 5471 849 5525 l
878 5470 1005 5527 Cor.
1046 5487 1099 5534 v,
1139 5472 1187 5523 7.
1267 5470 1308 5500 ⁸⁷
1341 5468 1500 5522 Hebr.
1535 5485 1607 5532 Iv,
1640 5469 1723 5523 lii.

2204 5559 2431 5619 ΝΟΤιΕ.

2374 5657 2549 5710 virum
2600 5655 2819 5726 quidem
2879 5653 3079 5726 pietate
3134 5648 3540 5726 insipneni,_ut
3583 5634 3919 5726 proferretin

2375 5711 2631 5790 Illt’dlUIIl:
2666 5740 2827 5795 quem
2863 5711 3027 5795 scire}
3058 5730 3215 5795 tanto
3250 5711 3581 5774 sacerdotio
3625 5711 3865 5780 «lignum.
3897 5722 3915 5757 ι

2374 5798 2597 5853 (Barun.
2631 5792 2717 5851 an.
2748 5796 2872 5860 805,
2908 5811 2962 5847 ιι.
2996 5792 3073 5859 3.)

766 5661 875 5728 (l6)
925 5658 1241 5725 Νικηφόρω
1311 5656 1577 5711 Βασιλεῖ.
1642 5676 1659 5706 ι
1723 5652 2262 5728 DefunctoATarasio

695 5725 1054 5799 (patriarcha)
1092 5729 1388 5799 imperator
1420 5729 1664 5796 cngitare
1691 5726 1856 5799 «epit
1882 5725 1949 5777 de
1973 5726 2093 5799 ejus
2138 5741 2263 5779 suc-

695 5797 914 5859 cessore.
974 5798 1258 5865 deligendo
1300 5816 1311 5851 :
1342 5799 1393 5850 in
1426 5812 1533 5862 quo
1569 5807 1627 5849 ut
1661 5797 1899 5863 speciem
1942 5797 2133 5851 saltem
2169 5811 2262 5848 os-

696 5873 941 5926 tenderet
973 5871 1207 5938 pictatis,
1262 5868 1536 5923 consuluit
1578 5867 1930 5922 Theodorum
1967 5866 2263 5928 Sludilani,
