4158 6478
217 419 314 483 961

1453 433 1989 495 EPISTOLARUM
2023 437 2168 496 LIB.
2216 439 2261 498 f.

3381 436 3486 499 962

218 530 486 598 βασιλεία·
523 531 998 604 μεγαλυνθήσεται
1029 552 1086 588 τε
1118 537 1178 589 τὸ
1207 536 1381 607 ὄνομα
1411 540 1566 610 ὐμῶν
1596 542 1677 604 εἰς
1707 558 1803 607 γε·

1913 544 2209 598 cerdotium
2242 556 2297 601 et
2338 547 2655 617 imperium,
2700 560 2799 615 per
2828 560 2948 616 qum
2968 545 3201 610 colitur,
3241 561 3334 616 per
3362 560 3484 617 qua:

215 622 347 674 νεάν
377 623 473 675 καὶ
501 624 725 690 γενεάν·
752 623 1125 696 αὐξηθήσεται
1152 627 1208 680 δὲ
1239 630 1424 683 καὶτὰ
1452 631 1548 684 τοῦ
1575 632 1811 701 κράτους

216 712 377 779 ὐμῶν
417 712 536 783 ἐτη.
581 714 801 786 Ἐπειδὴ
844 717 938 770 δύο
970 717 1145 771 ταῦτα
1187 719 1423 775 δέδωκεν
1463 723 1493 775 6
1530 721 1666 785 Θεὸς
1697 725 1813 786 τοῖς

218 805 578 874 Χριστιανοῖς
618 807 959 880 δωρήματα,
1015 810 1318 883 ἱερωσύνην
1366 815 1460 867 καὶ
1509 814 1814 884 βασιλείαν.

217 898 301 949 Δι’
338 895 414 953 ὧν
441 898 832 970 θεραπεύεται,
858 903 927 957 δι’
952 896 1028 957 ὧν
1071 909 1357 976 κοσμεῖται
1396 907 1471 971 ὡς
1502 910 1559 962 ἐν
1592 911 1808 981 οὐρανῷ

217 995 289 1045 τὰ
341 995 586 1064 ἐπίγεια.
632 995 925 1068 Ὀπότερον
979 996 1073 1051 οῦν
1122 998 1357 1063 ἀναξίως
1405 1000 1542 1071 ἔχει,
1600 1004 1697 1055 καὶ
1747 1003 1808 1057 τὸ

220 1083 343 1136 ὅλον
369 1085 475 1140 ἀνά
490 1102 589 1155 (κη
626 1086 1088 1155 συγκινδυνεύειν.
1128 1087 1296 1141 Ὥστε
1330 1090 1382 1142 εἰ
1417 1089 1698 1160 βούλοισθε
1737 1096 1803 1164 τῇ

223 1174 482 1248 βασιλείᾳ
511 1177 667 1248 ὑμῶν
703 1182 1021 1248 συγκροτεῖν
1056 1179 1123 1233 τά
1161 1181 1423 1251 μέγιστα,
1463 1183 1557 1236 καὶ
1583 1183 1672 1237 διὰ
1704 1184 1806 1255 τῆς

223 1265 507 1335 βασιλείας
534 1269 687 1339 ὐμῶν
723 1272 859 1323 πᾶσι
888 1272 1003 1334 τοῖς
1058 1272 1434 1342 Χριστιανοῖς’
1488 1275 1802 1348 ἰσόρροπον,

220 1358 284 1409 τὸ
314 1357 442 1411 ὅσον
474 1361 552 1422 εἰς
575 1358 828 1429 δύναμιν,
866 1362 965 1431 τῆς
996 1362 1137 1416 κατὰ
1167 1363 1267 1435 τὴν
1300 1365 1577 1434 βασιλείαν
1602 1367 1806 1439 ἀρετῆς

222 1450 383 1518 ὐμῶν
422 1450 641 1521 δέξηται
686 1454 782 1506 καὶ
848 1454 881 1524 ή
937 1454 1233 1525 Ἐκκλησία
1281 1457 1370 1510 τὸν
1422 1459 1621 1528 ἑαυτῆς
1668 1461 1805 1530 πρό-

221 1540 401 1611 εδρον·
433 1541 519 1594 ἵνα
536 1542 932 1615 ἀγαλλιάσηται
954 1546 1025 1599 τὰ
1056 1548 1304 1616 οὐράνια,
1324 1549 1417 1600 καὶ
1448 1548 1556 1621 ᾄσῃ
1587 1548 1655 1600 τὰ
1681 1549 1804 1602 ἐπί-

1906 646 2176 691 ornautnr
2205 680 2219 703 ,
2266 647 2321 693 et
2350 640 2723 711 gubernantur
2747 639 3051 693 ccelestium
3092 638 3341 709 exemplo
3372 647 3485 693 ter-

1912 741 2065 781 rena.
2101 727 2384 784 Utrnmvis
2414 744 2544 799 ergo
2561 738 2758 799 praeter
2776 729 3098 798 dignitatem
3128 743 3187 783 se
3212 729 3483 793 habuerit,

1914 825 2086 871 totum
2120 834 2226 871 una
2260 818 2555 889 periclitari
2586 833 2810 872 necesse
2832 829 2933 873 cst.
2967 817 3145 883 Quare
3165 860 3180 885 ,
3209 820 3255 873 si
3282 819 3487 889 Optima

1915 910 2145 981 imperio
2176 923 2358 967 vestro
2403 914 2701 968 decernere
2741 913 2927 978 vultis,
2974 922 3026 967 et
3063 930 3162 983 per
3196 913 3486 983 imperium

1914 1012 2154 1057 vestrum
2218 1005 2475 1059 omnibus
2531 1004 2896 1071 Christianis;
2955 1005 3255 1073 aequalem,
3307 1004 3487 1074 quoad

1914 1092 2032 1146 ﬁeri
2082 1102 2283 1163 potest,
2346 1094 2708 1164 imperatoriae
2758 1095 2943 1149 virtuti
2993 1105 3184 1150 vestrae
3230 1096 3491 1150 sortietur

1914 1186 2159 1241 Ecclesia
2208 1189 2497 1259 praesulem
2557 1203 2737 1252 suum,
2796 1198 2855 1242 ut
2894 1191 3171 1243 exsultent
3206 1189 3484 1249 caelestia,

1913 1278 2280 1348 la'tenturque
2322 1289 2562 1335 terrena.
2605 1280 2718 1333 Dux
2751 1279 2906 1334 vobis
2936 1280 3008 1334 sit
3040 1278 3135 1334 Dci
3178 1294 3404 1343 manus,
3433 1278 3487 1333 in

1911 1384 2018 1439 qua
2049 1380 2103 1424 et
2126 1386 2220 1425 cor
2257 1380 2498 1425 vestrum
2523 1381 2628 1432 est,
2653 1372 3011 1441 ostendatque
3044 1371 3302 1435 meliora;
3338 1378 3393 1425 et
3419 1369 3489 1424 ab

1913 1475 1977 1513 ca
2028 1460 2305 1529 recipietis
2346 1463 2414 1515 ob
2465 1471 2749 1532 susceptos
2784 1478 2881 1532 pro
2914 1479 3077 1532 opere
3117 1463 3221 1517 hoc
3248 1463 3487 1527 labores,

1913 1565 2071 1603 curas
2096 1560 2151 1604 et
2173 1552 2591 1615 sollicitudines,
2624 1568 2852 1622 regnum
2881 1554 3299 1622 sempiternum.

219 1649 375 1700 γεια.
402 1632 503 1704 Et!)
535 1636 567 1705 ἡ
606 1636 727 1707 χεὶρ
762 1637 855 1691 τοῦ
887 1636 1043 1700 Θεοῦ,
1072 1639 1128 1691 ἐν
1222 1639 1315 1692 καὶ
1348 1641 1381 1711 ἠ
1415 1639 1613 1709 καρδία
1646 1640 1803 1709 ὐμῶν
1840 1642 2014 1706 ἐστιν,
2085 1645 2165 1705 εἰς
2203 1644 2426 1714 δδηγίαν
2486 1646 2580 1697 καὶ
2623 1645 2968 1714 ἀποκάλυψιν
3012 1644 3107 1698 τοῦ
3155 1645 3488 1715 κρείττονος.

220 1728 331 1782 Καὶ
379 1724 730 1801 ἀπολήψεσθε
780 1730 910 1800 παρ’
945 1730 1120 1801 αὐτῆς
1163 1733 1290 1796 τοὺς
1339 1734 1478 1803 ὐπὲρ
1514 1733 1607 1788 τοῦ
1674 1735 1837 1806 ἔργου
1878 1736 2072 1791 τούτου
2136 1737 2643 1808 καταϐαλλομένους
2676 1739 2804 1807 ύμῖν
2850 1739 3045 1801 πόνους
3085 1737 3181 1792 καὶ
3215 1736 3489 1809 μερίμνας

220 1822 319 1874 καὶ
355 1824 672 1893 φροντίδας,
701 1822 798 1893 τὴν
828 1823 1110 1893 βασιλείαν
1162 1825 1261 1895 τὴν
1287 1824 1590 1896 ἀδιάδοχον.

485 1938 584 1995 IZ'.
623 1970 691 1982 —
736 1940 981 2011 Ἰωάννῃ
1011 1943 1326 2010 σπαθαρίῳ
1362 1942 1492 2012 (l7).
1527 1941 1676 2014 [λδ’.]

2282 1942 2443 1998 XVll.
2470 1975 2538 1985 —-
2567 1942 2761 1997 Joanm'
2800 1942 3101 2011 Strat/tario.

996 2053 1069 2103 De
1095 2052 1311 2115 imagine
1338 2053 1388 2103 S.
1425 2053 1694 2115 Demetrii,
1718 2052 1767 2103 in
1794 2053 2039 2118 baptismo
2069 2053 2285 2105 adhibita
2315 2067 2404 2118 pro
2437 2060 2746 2118 susceptare.

299 2156 455 2211 Θεῖόν
482 2175 534 2212 τι
557 2158 741 2230 δρᾶμα
764 2160 1061 2231 ἀκηκοότες
1088 2162 1431 2232 πεπραχέναι
1465 2180 1559 2216 σου
1581 2165 1683 2235 τὴν
1710 2183 1809 2219 κυ-

1984 2166 2237 2221 Divinum
2298 2166 2571 2236 quoddam
2619 2165 2830 2222 facinus
2878 2180 2908 2220 a
2963 2162 3336 2219 dominatione
3396 2172 3489 2219 tua

223 2247 476 2319 ριότητα,
518 2250 947 2321 τεθαυμάκαμεν
980 2252 1074 2305 ἐπὶ
1105 2255 1175 2324 τῇ
1204 2255 1415 2325 μεγάλῃ
1440 2272 1533 2309 σου
1567 2255 1644 2321 ὡς
1669 2256 1804 2327 ἀλη-

220 2339 336 2402 θῶς
366 2340 571 2403 πίστει,
596 2340 850 2411 ἄνθρωπε
885 2341 981 2395 τοῦ
1011 2341 1171 2397 Θεοῦ.

295 2431 439 2501 Φησὶ
465 2432 574 2502 γάρ
621 2434 650 2485 6
680 2432 895 2500 διδάξας
919 2434 1227 2506 χρήσασθαί
1260 2454 1319 2490 σε
1362 2440 1427 2508 τῇ
1482 2439 1603 2509 ἱερᾷ
1633 2438 1804 2492 εἰκόνι

222 2519 321 2573 τοῦ
369 2520 854 2593 μεγαλομάρτυρος
883 2525 1220 2595 Δημητρίου,
1252 2528 1373 2580 ἀντὶ
1416 2529 1675 2599 άναδόχου
1724 2546 1808 2606 τις

225 2615 339 2678 νὸς,
370 2617 464 2668 καὶ
510 2614 685 2680 οὕτως
736 2618 1047 2673 ἐπιτελέσαι
1079 2619 1140 2673 τὸ
1183 2619 1440 2690 φώτισμα
1486 2622 1580 2675 τοῦ
1612 2621 1805 2690 θεοφυ-

223 2708 429 2762 λάκτου
461 2725 553 2762 σου
592 2710 805 2765 τέκνου.
842 2713 973 2776 Καὶ,
999 2712 1044 2765 ὣ
1070 2713 1169 2783 τῆς
1209 2714 1614 2786 πεποιθήσεωςι
1656 2715 1808 2770 Οὐδὲ

224 2801 298 2853 ἐν
328 2800 409 2865 τῷ
449 2802 695 2870 Ἰσραὴλ
724 2800 906 2873 εὗρον
930 2808 1237 2875 τοσαύτην
1256 2810 1468 2864 πίστιν
1486 2852 1499 2875 ,
1517 2814 1545 2864 ὁ
1572 2812 1806 2880 Χριστὸς

226 2896 291 2947 οὐ
323 2895 486 2964 μόνον
516 2896 637 2949 τότε
669 2895 745 2966 τῷ
774 2898 1145 2969 ἑκατοντάρχῃ
1176 2900 1319 2953 δοκῶ
1352 2900 1806 2971 ἐπιφθέγξασθαι,

227 2988 368 3041 ἀλλά
398 2989 491 3042 καὶ
524 2989 608 3042 σοὶ
641 2988 765 3059 ἄρτι
812 2990 891 3060 τῷ
943 2993 1224 3063 ἐφαμίλλῳ
1258 2998 1324 3066 τῇ
1354 2996 1556 3051 πίστει.
1604 2996 1810 3068 Εῦρετο

228 3077 413 3131 τοίνυν
441 3079 648 3141 ἐκεῖνος
675 3078 704 3131 δ
736 3078 1074 3151 ἐπεζήτησεν
1093 3098 1105 3111 ·
1135 3082 1399 3153 ἐπέτυχες
1422 3084 1520 3137 καὶ
1544 3084 1709 3148 αὐτὸς
1748 3077 1808 3138 οὗ

230 3170 523 3233 πέποιθας.
548 3170 699 3224 Ἐκεῖ
720 3172 781 3226 τὸ
815 3172 958 3227 θεῖον
981 3174 1313 3246 πρόσταγμα
1335 3177 1465 3229 ἀντὶ
1485 3176 1584 3246 τῆς
1622 3193 1808 3247 σωμα-

230 3260 393 3330 τικῆς
444 3263 762 3333 παρουσίας·
791 3264 1069 3318 κάνταῦθα
1098 3267 1131 3335 ἡ
1178 3269 1464 3336 σωματικὴ
1496 3267 1660 3322 εἰκὼν
1689 3270 1810 3323 ἀντὶ

232 3350 332 3404 τοῦ
383 3353 766 3423 πρωτοτύπου.
796 3355 948 3408 Ἐκεῖ
990 3358 1286 3429 συμπαρῆν
1314 3358 1392 3428 τῷ
1418 3359 1561 3430 λόγῳ
1583 3362 1612 3413 6
1639 3360 1809 3429 μέγας

232 3441 430 3509 Λόγος,
450 3443 696 3513 ἀοράτως
716 3447 782 3516 τῇ
815 3445 1028 3517 θεὸτητι
1065 3448 1127 3500 τὸ
1157 3449 1457 3519 παράδοξον
1480 3454 1579 3521 τῆς
1612 3452 1807 3515 ἰάσεως

233 3534 655 3605 ἐργασάμενοςο
704 3537 1062 3591 κάνταῦθαδέ
1095 3540 1262 3609 συνῆν
1307 3545 1337 3593 6
1388 3541 1806 3611 μεγαλὸμαρτυς

234 3625 510 3695 πνεύματι
566 3630 634 3697 τῇ
694 3627 871 3699 οἰκεία
922 3629 1088 3682 εἰκόνι
1141 3633 1203 3683 τὸ
1252 3629 1453 3703 βρέφος
1496 3632 1807 3702 δεχόμενος.

248 3716 411 3770 Ἀλλὰ
465 3717 714 3789 βεϐήλοις
772 3719 872 3789 μὲν
918 3720 1109 3785 ἀκοαῖς
1158 3723 1253 3775 καὶ⁵
1307 3722 1562 3786 ἀπίστοις
1608 3722 1811 3794 ψυχαῖς

233 3807 412 3863 ταῦτα
453 3809 830 3879 ἀπαράδεκτα,
884 3810 962 3875 ὡς
1014 3813 1239 3867 ἀπισταο
1280 3814 1377 3867 καὶ
1426 3814 1662 3884 μάλιστα
1699 3818 1812 3880 τοῖς

235 3900 634 3971 Εἰκονομάχοις
659 3918 673 3932 ο
726 3905 791 3971 τῇ
822 3902 879 3955 δέ
914 3906 979 3974 σῇ
1035 3904 1287 3977 εὐσεϐείᾳ
1334 3906 1541 3979 ἐναργῆ
1571 3906 1638 3960 τὰ
1670 3924 1814 3976 γνω-

236 3995 484 4061 ρίσματά
509 4011 567 4047 τε
596 3994 691 4047 καὶ
718 3994 1091 4066 ὑποδείγματα
1143 3998 1545 4069 πεφανέρωται.
1595 4000 1662 4053 Τί
1704 4002 1814 4070 γὰρ

234 4081 315 4151 τῷ
345 4083 465 4154 Θεῷ
488 4084 739 4139 ἀδυνατεῖ
760 4086 1021 4157 παρέχειν
1048 4090 1159 4151 τοῖς
1202 4090 1551 4159 πιστεύουσι;
1578 4092 1669 4145 καὶ
1698 4091 1816 4154 πῶς

233 4174 360 4244 οὐχὶ
396 4176 454 4227 ἐν
501 4178 568 4245 τῇ
611 4176 780 4230 εἰκόνι
818 4178 1262 4249 δείκονιζόμενος
1286 4182 1593 4250 ὁμωνύμως
1618 4182 1815 4255 δρᾶται

234 4283 297 4318 τε
321 4268 414 4318 καὶ⁵
446 4262 585 4320 εἶναι
610 4269 926 4323 πιστεύεται
946 4289 992 4336 ς(
1014 4272 1079 4324 Ἡ
1100 4271 1205 4343 γάρ
1224 4272 1325 4342 τῆς
1347 4274 1578 4336 εἰκόνος.
1600 4276 1766 4343 φησὶν
1784 4278 1813 4329 6

240 4354 417 4422 μέγας
445 4355 745 4420 Βασίλειος,
776 4375 828 4410 τι
837 4357 911 4429 μὴ
928 4360 1019 4413 ἐπὶ
1034 4361 1093 4414 τὸ
1114 4362 1469 4432 πρωτότυπον
1487 4363 1772 4418 διαϐαίνει.
1785 4382 1804 4417 ι

237 4445 406 4497 Ὥστε
440 4447 626 4515 σαφῶς
659 4450 688 4501 6
716 4449 925 4519 μάρτυς
951 4446 1019 4521 ἦν
1040 4451 1127 4506 διά
1160 4455 1258 4524 τῆς
1282 4455 1491 4519 οἰκείας
1517 4456 1728 4521 εἰκόνος
1753 4458 1815 4511 τὸ

240 4536 443 4606 βρέφος
487 4540 899 4609 εἰσδεχόμενος*
948 4544 1034 4612 ἐφ’
1062 4546 1186 4598 ὅσον
1238 4547 1381 4600 οῦτω
1422 4549 1811 4613 πεπίστευκας.

252 4628 414 4683 Ἀλλά
440 4631 524 4693 τίς
551 4633 583 4701 ἡ
623 4632 832 4697 εὐδοξία
864 4635 961 4705 τῆς
998 4637 1384 4708 μεγαλωσύνης
1411 4655 1525 4706 σου,
1551 4641 1632 4694 ὅτι
1663 4641 1815 4712 τηλι-

239 4721 458 4787 κοῦτον,
496 4722 557 4775 τὸ
581 4722 646 4794 δὴ
669 4722 981 4793 λεγόμενον,
1004 4727 1294 4784 σύντεκνον
1326 4733 1723 4804 προσεκτήσως
1751 4735 1811 4786 οὐ

1904 2260 2105 2316 factum
2139 2260 2424 2315 audientes
2444 2298 2459 2321 ,
2489 2258 2672 2313 mirati
2700 2272 2889 2313 sumus
2914 2256 2987 2313 ob
3020 2268 3269 2327 magnam
3300 2272 3489 2311 revera

1906 2353 2087 2416 fidem,
2125 2353 2290 2407 homo
2325 2351 2444 2405 Dei.

1976 2444 2220 2499 Affirmat
2269 2445 2414 2499 enim
2455 2445 2548 2515 qui
2580 2444 2785 2511 retulit,
2814 2452 2865 2499 te
2893 2460 3101 2500 sacram
3133 2444 3311 2515 magni
3347 2458 3490 2498 mar-

1906 2538 2036 2608 tyris
2071 2536 2329 2592 Demetrii
2371 2537 2662 2607 imaginem
2697 2536 3032 2605 susceptoris
3055 2535 3337 2605 cujusdam
3370 2536 3490 2590 loco

1907 2629 2261 2689 adhibuisse.
2324 2637 2489 2699 atque
2551 2629 2625 2683 ita
2697 2628 2790 2683 filii
2845 2629 2919 2681 tui
2979 2644 3009 2682 a
3069 2628 3181 2683 Deo
3235 2627 3490 2684 custodit!

1906 2720 2231 2789 baptismum
2291 2720 2579 2791 peregisse.
2640 2720 2792 2785 Et,o
2845 2721 3097 2775 fiduciam
3155 2724 3330 2776 tuaml
3369 2721 3489 2776 Non

1906 2814 2080 2867 inveni
2130 2822 2334 2866 tantam
2374 2812 2529 2880 ﬁdem
2560 2814 2614 2865 in
2653 2812 2825 2867 Israel
2865 2813 2945 2875 “,
3001 2827 3107 2866 non
3156 2812 3329 2866 solum
3360 2827 3490 2866 cen-

1909 2906 2109 2961 turioui
2169 2914 2298 2961 tunc
2324 2920 2353 2959 a
2403 2904 2625 2959 Christo
2655 2905 2859 2960 dictum
2914 2905 3151 2958 arbitror
3175 2944 3188 2966 ,
3219 2904 3312 2957 sed
3342 2918 3490 2961 nunc

1908 2998 2069 3053 etiam
2106 2997 2203 3051 tibi
2255 2997 2346 3065 qni
2392 2996 2494 3050 fide.
2524 3005 2699 3050 certas
2751 3010 2873 3049 cum
2925 2994 3038 3048 illo.
3098 2993 3312 3047 Invenit
3363 3009 3493 3063 ergo

1910 3092 2000 3145 ille
2038 3090 2179 3159 quod
2228 3089 2507 3158 quaerebat
2537 3104 2550 3150 ;
2601 3087 2831 3155 adeptus
2860 3101 2918 3140 es
2953 3094 3009 3139 et
3033 3084 3151 3155 ipse
3181 3083 3324 3154 quod
3364 3100 3490 3153 spe-

1910 3182 2061 3235 rasti.
2114 3179 2193 3235 lbi
2240 3178 2486 3233 divinum
2538 3179 2853 3231 mandatqu
2918 3190 3016 3245 pro
3039 3174 3305 3244 corporali
3350 3189 3492 3243 prae-

1910 3270 2084 3325 sentia
2111 3287 2123 3323 :
2163 3268 2252 3324 hic
2279 3281 2536 3336 corporea
2566 3267 2745 3336 imago
2771 3266 2888 3320 vice
2919 3264 3215 3335 protOtypi.
3244 3262 3316 3317 Ibi
3345 3263 3490 3316 enim

1912 3362 2093 3417 verbis
2146 3360 2338 3415 aderat
2387 3372 2643 3427 magnum
2709 3356 2982 3420 Verbum,
3053 3354 3342 3410 divinitate
3395 3368 3493 3407 sua

1912 3451 2160 3507 mirabile
2202 3448 2455 3506 sanitatis
2491 3463 2629 3517 opus
2679 3446 3025 3500 invisibiliter
3056 3444 3389 3515 perticiens;
3438 3453 3491 3496 et

1912 3543 2004 3598 hic
2063 3542 2269 3612 pariter
2320 3553 2549 3610 magnus
2606 3545 2805 3607 martyr
2851 3536 3071 3607 imagini
3134 3550 3247 3590 sua:
3298 3533 3490 3604 spiritu

1913 3649 2153 3703 praesens
2186 3642 2322 3694 erat,
2347 3632 2607 3686 infantem
2633 3630 2953 3697 suscipiens.
2992 3627 3185 3682 Verqu
3210 3628 3323 3683 haec
3363 3644 3495 3697 pro-

1913 3729 2055 3785 fanis
2110 3727 2328 3798 quidem
2391 3725 2655 3788 auribus,
2709 3733 2765 3777 et
2820 3721 3116 3776 incredulis
3175 3722 3491 3787 mentibus,

1914 3819 2137 3874 minime
2169 3815 2505 3887 recipienda,
2545 3824 2798 3882 tauquam
2824 3810 3181 3877 incredibilia,
3215 3811 3491 3874 videntur,

1916 3914 2148 3968 maxime
2189 3908 2608 3972 Iconomachis;
2656 3905 2840 3976 pietati
2881 3919 3012 3959 vero
3054 3913 3158 3958 tua:
3203 3904 3492 3957 manifesta

1915 4011 2231 4077 argumenta
2281 4008 2337 4055 et
2380 3999 2626 4069 exempla
2664 3996 2929 4069 patefacta
2975 4003 3122 4050 sunt.
3173 3993 3313 4059 Quid
3346 3997 3493 4049 enim

1914 4104 2001 4152 est
2032 4094 2177 4165 quod
2223 4093 2365 4148 Deus
2414 4100 2672 4162 praestare
2719 4087 3070 4143 credentibus
3114 4101 3223 4140 non
3273 4085 3497 4156 possit?

1914 4195 2009 4241 aut
2061 4183 2335 4255 quomodo
2367 4182 2421 4236 in
2455 4180 2688 4251 imagine
2728 4193 2838 4232 non
2877 4177 3202 4247 homonyme
3230 4177 3490 4240 cernitur,

1916 4288 1969 4331 et
2000 4277 2178 4329 inesse
2225 4273 2503 4335 creditur,
2562 4269 2654 4339 qui
2711 4266 3178 4339 repratsentatur?
3240 4264 3495 4336 Imaginis

1915 4367 2179 4438 siquidem
2232 4365 2428 4430 honor,
2458 4372 2517 4417 ut
2557 4376 2783 4432 magnus
2819 4360 2895 4414 ait
2925 4360 3170 4419 Basilius,
3200 4358 3395 4412 transit
3422 4358 3490 4412 ad

1916 4466 2282 4528 prototypum.
2307 4451 2486 4519 Quare
2516 4448 2866 4506 manifestum
2899 4456 2952 4502 et
2979 4450 3266 4517 martyrem
3301 4446 3489 4509 fuisse,

1916 4552 2006 4621 qui
2048 4548 2309 4603 infantem
2358 4561 2455 4616 per
2484 4544 2757 4615 propriam
2795 4542 3085 4611 imaginem
3120 4540 3489 4609 suscipiebat,

1916 4651 2185 4710 quatenus
2208 4639 2280 4693 ita
2302 4636 2600 4693 credidisti.
2628 4634 2756 4697 Sed,
2778 4648 2810 4685 ο
2833 4631 3286 4702 magnificentiam
3319 4640 3488 4692 tuam,

1916 4734 2006 4804 qui
2045 4735 2204 4788 talem
2250 4746 2314 4785 ac
2359 4738 2568 4784 tantum
2618 4735 2972 4796 syntecnum,
3026 4733 3085 4777 ut
3115 4731 3346 4786 vocant,
3375 4739 3493 4778 sor-

237 4811 333 4864 τὸν
355 4812 501 4866 δεῖνα
525 4813 558 4884 ἢ
586 4814 677 4866 τὸν
704 4814 872 4881 δεῖνα,
902 4817 1137 4888 ἄρχοντα
1161 4820 1325 4889 τυχδν
1357 4821 1390 4893 ἢ
1413 4822 1701 4894 δυνάστηψ
1738 4823 1809 4875 εῖ-

1922 4822 2050 4875 titus
2072 4835 2153 4884 es,
2184 4834 2294 4872 non
2351 4816 2498 4871 hunc
2524 4815 2607 4870 vel
2639 4814 2811 4876 illum,
2875 4811 3176 4881 principem
3224 4820 3351 4881 puta
3408 4812 3493 4866 vel

244 4920 336 4958 ποι
387 4904 432 4957 δ’
460 4904 526 4958 ἂν
577 4906 687 4960 οὐδ’
713 4907 877 4961 αὐτὸν
919 4909 1010 4964 τὸν
1048 4910 1108 4963 τὸ
1139 4910 1376 4983 διάδημα
1409 4916 1814 4985 περικείμενον

246 4994 453 5064 μείζων
478 4996 586 5067 γάρ
609 4999 703 5050 καὶ
745 4998 1041 5071 ὑπέρτερος
1072 5004 1100 5055 6
1127 5001 1509 5075 ἐξευρημένος.
1543 5007 1664 5060 Τῶν
1707 5007 1815 5078 γὰρ

246 5087 547 5158 μαρτύρων
576 5092 605 5142 6
640 5090 929 5159 κράτιστος
954 5108 966 5123 '
999 5094 1107 5147 τῶν
1140 5095 1572 5167 θαυματουργῶν
1623 5099 1651 5150 6
1701 5098 1817 5151 δια-

244 5176 497 5248 πρύσιος’
514 5178 622 5232 τῶν
638 5180 808 5247 φίλων
827 5183 1062 5254 Χριστοῦ
1079 5185 1107 5236 6
1120 5186 1363 5256 γνήσιος⁶
1392 5186 1500 5239 τῶν
1526 5169 1771 5255 άγγελων
1789 5189 1817 5240 6

245 5268 606 5337 συμπολίτης·
630 5272 867 5325 τοσαῦτα
892 5274 987 5327 καὶ
1008 5276 1310 5347 τηλικαῦτα
1333 5280 1425 5332 καὶ
1452 5279 1701 5349 δυνηθεὶς
1722 5282 1817 5334 καὶ

240 5360 541 5429 δυνάμενος
571 5363 627 5413 ἐν
654 5366 765 5425 τοῖς
804 5366 908 5418 ὐπὸ
951 5367 1039 5422 τὸν
1062 5370 1309 5440 οὐρανόν
1343 5370 1483 5424 ὥστε
1511 5373 1605 5426 ἀπ’
1640 5372 1812 5442 ἄκρου

320 5477 368 5508 ⁸⁸
404 5476 603 5531 Matth.
638 5481 864 5541 vm,10.

1917 4916 2246 4984 dynastam;
2294 4918 2387 4963 ant
2435 4907 2607 4977 ipsum
2667 4904 2827 4959 etiam
2885 4902 2978 4971 qui
3019 4902 3320 4958 diademate
3348 4904 3491 4957 redi-

1921 5005 2086 5058 mitus
2116 5010 2220 5056 est.
2251 4999 2420 5069 Major
2450 4998 2593 5052 enim
2627 4996 2890 5064 longeque
2921 4994 3172 5063 superior
3192 5002 3274 5047 est
3329 5009 3496 5062 quem

1919 5097 2187 5167 reperisti.
2218 5094 2510 5165 Martyrum
2542 5090 2740 5160 quippe
2763 5088 3107 5153 fortissimus,
3138 5085 3492 5140 mirificorunt

1918 5188 2279 5247 clarissimus,
2332 5197 2620 5255 germanus
2664 5180 2864 5235 Christi
2910 5178 3136 5240 amicus,
3174 5177 3491 5248 angelorum

1919 5282 2097 5337 civis:
2148 5279 2238 5349 qui
2288 5287 2367 5332 tot
2406 5283 2662 5341 tantaque
2703 5273 2755 5326 in
2810 5270 2970 5325 terris
3014 5284 3231 5338 semper
3268 5271 3494 5338 potuit,

1922 5379 2205 5442 potestque
2232 5386 2247 5434 ;
2275 5377 2332 5422 ut
2355 5367 2409 5421 in
2438 5362 2690 5419 omnibus
2719 5360 2827 5415 oris
2862 5356 3239 5413 miraculorum
3268 5369 3496 5408 suorum

1751 5635 1982 5692 NOTAE.

321 5753 1092 5831 (t7)_‘lwdra~n_;f:ra0upi¢p.
1115 5755 1340 5812 Joannis
1368 5753 1815 5831 pretospatharii,
1853 5766 1904 5812 et
1932 5755 2127 5826 Bajuli,
2152 5756 2218 5809 ab
2243 5754 2393 5811 lrene
2415 5754 2569 5810 electi
2604 5754 2809 5807 mentio
2866 5760 2947 5805 est
3014 5748 3154 5819 apud
3198 5744 3493 5812 Theopha‘

245 5837 371 5877 nem
402 5826 469 5879 ad
499 5838 699 5878 annum
740 5827 799 5879 l0
832 5823 1029 5880 lrenes.
