4158 6482
221 407 342 473 965

1468 424 2008 494 EPISTOLARUM
2046 438 2191 499 LIB.
2228 443 2277 501 l.

3393 448 3503 515 966

218 519 413 592 ἐμεινε
440 520 517 593 τῷ
541 522 699 577 αίῶνι
727 525 903 597 τούτῳ
930 527 1007 591 είς
1031 526 1142 595 φῶς
1170 526 1362 594 ἐλθὼν,
1385 532 1500 585 ἀλλ’
1525 534 1646 603 οὐχὶ
1665 535 1806 607 δίκηη

1925 545 2257 616 delloruerit,
2287 569 2349 609 ac
2383 569 2480 625 per
2500 566 2728 611 mortem
2746 557 3071 613 dessiccatus
3089 557 3160 613 sit
3189 574 3202 613 :
3239 569 3335 614 aut
3360 561 3505 617 sicut

219 612 618 676 ἀνατέλλοντος
644 615 843 687 χόρτου
870 618 1065 672 θᾶττον
1092 618 1358 691 ἐξήνθησε
1397 624 1490 676 καὶ
1513 625 1816 697 ἀπεξηράν-

219 703 296 776 θη
322 706 414 761 διά
445 704 679 759 Θανάτου
700 748 715 772 ,
748 708 781 779 ἢ
817 709 891 771 ὡς
919 710 977 761 ὲν
1010 710 1240 781 ῥεύματι
1273 716 1583 785 ποταμιαίῳ
1606 758 1621 782 ,
1649 720 1730 772 ὅτι
1755 720 1816 773 τὸ

224 797 336 867 μὲν
383 797 677 867 ὑπεξῆλθε,
707 799 768 852 τὸ
795 799 851 853 δὲ
882 801 1223 872 ἀντεισῆλθε,
1263 803 1359 857 τοῦ
1392 806 1532 860 κατὰ
1561 808 1813 882 διαδοχὴν

217 888 421 955 γένους
448 888 524 959 μὴ
559 888 873 959 ἱσταμένου,
905 890 1041 944 ἀλλά
1068 896 1508 967 παρατρέχοντος
1538 900 1660 953 καθ’
1685 902 1814 957 ἐκά-

221 996 363 1049 στην
388 980 624 1051 ἡμέραν·
659 980 831 1045 οὕτως
856 982 907 1034 ot
933 984 1300 1053 γεννήσαντες
1344 991 1473 1053 τοὺς
1510 993 1661 1061 ἡμᾶς
1685 1010 1812 1061 γεν-

220 1072 519 1141 νήσαντας,
552 1074 647 1126 καὶ
677 1075 728 1127 οι
762 1075 986 1129 ἐκείνων
1016 1078 1300 1150 ἀνώτεροι·
1348 1082 1443 1136 καὶ
1472 1083 1813 1151 ἀναποδίζων

220 1166 251 1217 6
280 1163 442 1232 λόγος
469 1166 549 1230 είς
575 1166 675 1236 τὴν
700 1168 983 1238 καταρχὴν
1016 1169 1314 1225 ἐλεύσεται·
1344 1174 1437 1226 καὶ
1464 1176 1672 1230 κατιὼν
1704 1180 1813 1233 πά-

220 1256 311 1309 λιν
340 1258 424 1321 είς
450 1258 552 1329 τὴν
584 1259 892 1313 συντέλειαν
926 1259 1081 1314 τοῦδε
1106 1262 1200 1315 τοῦ
1232 1266 1435 1329 παντὸς
1459 1273 1810 1340 καταντήσει.

220 1349 337 1404 Καί
365 1351 479 1405 οὐκ
518 1351 692 1404 ἔστιν
718 1352 787 1419 ὃς
819 1352 1078 1420 ζήσεται,
1107 1356 1249 1409 κατὰ
1288 1357 1348 1408 τὸ
1398 1361 1808 1429 γεγραμμένον,

221 1440 323 1492 καὶ
352 1442 466 1495 οὐκ
497 1442 707 1511 ὄψεται
738 1444 1018 1499 θάνατον.
1054 1446 1126 1499 Τὸ
1169 1446 1226 1500 δὲ
1270 1450 1464 1519 παρὸν,
1499 1450 1811 1523 λειτουργία

220 1545 312 1591 τις
338 1529 697 1602 διωρισμένη,
727 1534 823 1585 καὶ
850 1537 1214 1606 πραγματεία
1238 1539 1562 1610 ἡμερήσιος·
1593 1545 1685 1595 καὶ
1712 1544 1810 1597 αύ-

220 1622 355 1676 τίκα
406 1625 488 1687 εἰς
540 1625 609 1680 τὰ
635 1627 811 1680 οἰκεῖα
851 1628 1222 1695 ὲπανέλευσις,
1276 1632 1379 1701 τῆς
1428 1632 1537 1686 τῶν
1578 1635 1807 1702 ἐνθένδε,

220 1708 393 1778 λέγω,
424 1711 562 1783 πρὸς
588 1714 655 1769 τά
687 1715 867 1769 ἐκεῖσε
899 1717 1272 1788 μεταϐάσεως.
1308 1722 1673 1795 Πατριάρχαι.
1716 1728 1809 1782 καὶ

222 1802 529 1872 παρῆλθον·
578 1807 891 1878 προφῆται,
933 1810 1031 1863 καὶ
1091 1814 1381 1882 μετῆλθον·
1419 1818 1658 1890 πατέρες
1713 1820 1808 1873 καὶ⁵

227 1890 491 1961 μητέρες,
521 1894 616 1946 καῖ⁵
638 1894 990 1963 ἀπεγένοντο·
1022 1900 1239 1970 ἀδελφοὶ
1266 1906 1359 1957 καὶ
1387 1907 1530 1974 φίλοι
1555 1910 1649 1962 καὶ
1674 1926 1806 1978 συγ⁸
1842 1899 1882 1953 Β

222 1984 426 2048 γενεῖς,
459 1986 553 2037 καὶ
582 1986 950 2057 παρέδραμον.
985 1991 1050 2043 Τί
1093 1992 1148 2046 δὲ
1187 1993 1463 2064 βασιλεῖςς
1515 1998 1568 2051 τί
1617 1999 1673 2053 δὲ
1712 2019 1808 2054 σας

219 2074 469 2143 τράπαι;
504 2076 558 2130 τί
586 2077 643 2130 δὲ
676 2078 963 2149 ἀρχοντες;
994 2083 1047 2137 τί
1073 2083 1130 2137 δὲ
1165 2088 1316 2141 πᾶσα
1348 2090 1552 2160 ἡλικία,
1579 2093 1671 2145 καὶ
1698 2096 1806 2147 πᾶν

220 2166 382 2232 γένος
408 2166 735 2239 ἀνθρώπου;
766 2171 902 2240 Ούχὶ
923 2173 1124 2238 πάντες
1155 2176 1259 2229 ὑπὸ
1286 2177 1392 2247 γῆν
1416 2180 1691 2247 γεγόνασι,
1712 2183 1807 2235 καὶ

220 2258 547 2337 γενήσονται
589 2260 785 2329 μικρὸν
843 2260 1071 2334 ὕστερον
1118 2267 1182 2319 ὲκ
1231 2268 1337 2337 γῆς
1386 2270 1615 2337 φύντες;
1662 2273 1806 2327 Ἀλλ’

221 2335 327 2397 ὦδε
361 2344 423 2397 τὸ
456 2345 809 2418 ζητούμενον·
848 2351 932 2405 ἵνα
962 2353 1140 2418 καλῶς
1160 2335 1497 2413 τάνὲνταῦθα
1534 2335 1806 2433 ἀμείψαν-

219 2450 336 2498 τες,
369 2436 465 2488 καὶ
491 2437 628 2509 πρὸς
652 2439 714 2493 τὸ
746 2439 994 2513 βούλημα
1029 2444 1123 2498 τοῦ
1156 2449 1517 2517 πεποιηκότος
1550 2451 1686 2505 Θεοῦ
1708 2456 1808 2523 ἐμ-

222 2528 697 2599 πολιτευσάμενοι,
746 2535 841 2615 τοῦ
874 2538 1054 2589 ἐκεῖσε
1089 2538 1469 2609 φοϐερωτάτου
1517 2547 1805 2617 κριτηρίου

219 2619 323 2691 τὴν
371 2622 713 2692 παράστασιν
751 2626 1116 2700 ἀκατάκριτον
1175 2631 1519 2705 εύρήσωμεν·
1572 2637 1707 2709 ὅπερ
1746 2643 1807 2692 τὸ

220 2710 493 2781 ὑμέτερον
550 2714 740 2769 τέκνον
787 2718 1046 2787 ἀσφαλῶς
1093 2722 1187 2776 καὶ
1220 2723 1454 2793 βεϐαίως
1480 2726 1680 2798 εῦρατο
1712 2730 1807 2783 καὶ

220 2805 608 2878 ἐπιτετύχηκε.
644 2809 931 2882 Μακάριος
960 2812 1089 2884 γάρ,
1135 2816 1319 2885 φησὶν,
1345 2820 1374 2872 6
1422 2821 1481 2873 ὲν
1523 2826 1807 2893 γεννητοῖς

220 2897 502 2966 γυναικῶν
530 2897 818 2968 όλιγόϐιος,
862 2902 957 2956 καὶ
986 2904 1045 2957 ὃν
1093 2906 1122 2958 6
1158 2905 1362 2979 Κύριος
1394 2910 1676 2977 ἐξελέξατο
1711 2914 1807 2968 καὶ

222 2988 593 3059 προσελάϐετο
622 2992 682 3043 ὲν
711 2991 907 3067 πρώτῃ
956 2996 1161 3068 ἡλικίᾳ,
1197 2999 1273 3070 μὴ
1300 3003 1664 3071 πειρασθέντα
1694 3005 1805 3059 τῶν

222 3078 445 3149 πικρῶν
472 3080 890 3151 ἁμαρτημάτων
918 3079 1011 3139 τοῦ
1044 3087 1168 3157 τῇδε
1200 3088 1339 3159 βίου.

304 3170 529 3240 Ἐξὴλθε
568 3175 661 3226 καὶ
699 3175 938 3244 ἀπῆλθεν
976 3180 1004 3231 6
1040 3179 1232 3251 κύριος
1276 3183 1587 3255 Σωτήριχος
1613 3204 1799 3260 φερω-

1918 637 1971 692 in
2004 638 2245 698 “llllllnls
2277 646 2462 715 lapsu,
2497 648 2623 717 quia
2660 663 2786 717 pars
2814 664 2919 702 una
2953 650 3204 715 recessit,
3244 652 3413 707 altera
3447 655 3501 708 in

1915 729 2093 786 locum
2165 739 2469 804 successit,
2516 754 2717 811 genere
2774 756 2873 810 per
2923 744 3326 821 successionem
3391 761 3500 801 non

1913 824 2279 894 subsistente,
2315 832 2408 886 sed
2456 848 2553 903 per
2591 833 2709 888 dies
2765 834 3011 904 singulos
3060 838 3500 904 przetervolante,

1913 914 1987 969 ita
2036 917 2126 986 qui
2166 921 2442 991 genitores
2485 932 2702 978 nostros
2751 935 3079 994 genuerunt,
3143 928 3306 982 ethis
3336 945 3503 998 supe»

1914 1006 2087 1063 riores
2118 1028 2132 1066 :
2182 1027 2511 1085 sursumque
2535 1018 2782 1087 relegens
2813 1015 2951 1071 ratio
2980 1017 3045 1070 ad
3076 1018 3293 1073 initium
3328 1036 3503 1089 usque

1911 1101 2212 1167 perveniet.
2265 1114 2320 1159 et
2349 1118 2538 1160 contra
2581 1106 2923 1162 descendens
2963 1110 3027 1163 ad
3070 1110 3307 1164 universi
3340 1110 3500 1164 linem

1913 1195 2319 1263 progredictur:
2351 1196 2415 1251 Et
2440 1216 2540 1251 non
2572 1209 2667 1261 est,
2692 1201 2780 1269 qui
2816 1202 2966 1264 vivet,
3000 1211 3059 1256 ut
3089 1203 3348 1272 scriptum
3375 1212 3458 1257 est
3482 1227 3497 1250 ο

1910 1289 1959 1333 et
1998 1298 2100 1336 non
2159 1285 2351 1339 videbit
2400 1303 2620 1342 mortem
2660 1289 2727 1342 σί.
2784 1287 3037 1345 Praesens
3087 1308 3215 1345 vero
3281 1302 3495 1358 status,

1912 1388 2114 1428 munus
2161 1377 2432 1443 quoddam
2479 1389 2564 1435 est
2622 1379 2926 1445 definitum,
2977 1392 3032 1436 ct
3071 1383 3177 1437 dici
3214 1384 3372 1438 unius
3397 1401 3495 1438 ne-

1912 1465 2171 1534 gotiatio:
2202 1476 2315 1522 tum
2342 1470 2539 1525 deinde
2569 1473 2750 1526 statim
2781 1473 2846 1527 ad
2878 1488 2972 1526 sua
3008 1474 3250 1540 reditus;
3287 1476 3355 1530 ab
3390 1476 3493 1540 his,

1913 1557 2154 1625 inquam,
2202 1558 2268 1612 ad
2300 1558 2387 1615 illa
2438 1562 2834 1633 commigratio.
2887 1564 3217 1621 Patriarchae
3257 1568 3408 1633 olim,
3441 1578 3499 1622 et

1913 1649 2249 1706 transierunt
2291 1669 2305 1705 :
2366 1654 2683 1722 prophetae,
2734 1665 2788 1711 et
2856 1658 3109 1713 abierunt
3153 1677 3166 1712 :
3211 1668 3391 1727 patres
3444 1668 3499 1715 et

1910 1747 2142 1803 matres,
2189 1751 2245 1795 et
2273 1757 2394 1797 esse
2427 1743 2738 1801 desierunt:
2792 1746 2987 1803 fratres
3016 1758 3069 1802 et
3093 1750 3249 1803 amici
3284 1760 3339 1804 et
3369 1766 3499 1819 pm-

1910 1830 2121 1899 pinqui,
2151 1842 2206 1887 et
2231 1838 2567 1903 praetervecti
2598 1846 2745 1891 sunt.
2776 1837 2915 1904 Quid
2956 1857 3119 1910 porro
3146 1858 3299 1911 reges
3320 1844 3343 1896 ?
3366 1844 3493 1912 quid

1912 1926 2182 1992 satrapae?
2206 1926 2335 1995 quid
2369 1928 2680 1998 principes?
2735 1931 2864 1999 quid
2895 1942 3024 1987 aetas
3049 1934 3230 1989 omnis
3254 1946 3307 1988 et
3334 1950 3497 1988 omne

1912 2026 2083 2079 genus
2110 2012 2437 2070 hominum?
2465 2017 2658 2073 Nonne
2684 2037 2875 2075 omnes
2904 2023 3006 2077 sub
3037 2032 3233 2077 terram
3274 2024 3497 2078 ierunt?

1910 2111 1966 2156 et
2019 2105 2180 2173 paulo
2211 2122 2332 2161 mox
2366 2108 2558 2172 ibunt,
2609 2127 2733 2166 cum
2765 2129 2828 2166 ex
2858 2122 2997 2167 terra
3046 2114 3147 2168 orti
3196 2116 3341 2170 sint?
3387 2117 3494 2170 Sed

1910 2194 2014 2250 hoc
2068 2195 2330 2253 nimirum
2381 2209 2467 2255 est
2491 2203 2633 2272 quod
2692 2204 2994 2273 quaeritur;
3052 2215 3111 2259 ut
3136 2206 3277 2262 hanc
3328 2209 3493 2262 vitam

1909 2296 2058 2343 recte
2136 2294 2535 2362 transigentes,
2602 2303 2657 2348 et
2707 2311 2772 2350 ex
2822 2296 2915 2351 Dei
2968 2300 3267 2354 conditoris
3321 2302 3493 2355 nostri

1907 2376 2185 2432 voluntate
2256 2392 2683 2448 conversantes,
2731 2388 2871 2455 apud
2932 2387 3492 2446 formidolosissimum

1907 2468 2039 2524 illud
2086 2472 2320 2526 tribunal
2367 2475 2876 2550 condemnationem
2918 2481 3302 2538 declinemus:
3349 2487 3493 2554 quod

1908 2560 2052 2616 filius
2084 2573 2269 2618 vester
2299 2564 2417 2620 sine
2440 2566 2607 2621 dubio
2634 2584 2695 2623 ac
2722 2571 3028 2627 certissime
3045 2585 3368 2632 consecutus
3389 2588 3489 2631 est.

1909 2649 2106 2706 Beatus
2158 2653 2329 2717 enim,
2378 2656 2473 2719 ait,
2516 2657 2668 2711 inter
2701 2667 2857 2714 natos
2900 2662 3228 2727 mulierum,
3270 2665 3355 2718 cui
3386 2665 3491 2719 vita

1907 2744 2090 2800 brevis
2123 2755 2228 2812 est,
2262 2757 2318 2802 et
2354 2765 2515 2818 quem
2552 2749 2811 2805 Dominus
2841 2752 3001 2822 elegit
3029 2763 3081 2807 et
3106 2758 3399 2825 assumpsit
3437 2758 3492 2812 in

1907 2837 2081 2907 prima
2127 2847 2320 2904 aetate,
2386 2855 2497 2894 non
2562 2849 2827 2896 tentatum
2886 2844 3084 2899 amaris
3149 2846 3312 2915 hujus
3366 2848 3493 2904 vita:

1906 2931 2170 3000 peccatis.

1974 3184 2297 3242 Excessitet
2337 3188 2469 3242 abiit
2494 3188 2747 3251 dominus
2778 3189 3118 3254 Soterichus,
3158 3193 3364 3247 nomini
3391 3208 3491 3248 suo

217 3262 408 3335 νύμως
440 3266 498 3317 ὲν
524 3266 788 3338 σωτηρίᾳ·
816 3269 947 3339 ἤχου
970 3271 1335 3341 ἑορταζόντων
1360 3277 1801 3351 καταξιούμενος,

1910 3288 2291 3348 congruenter,
2322 3280 2375 3334 in
2402 3280 2577 3335 salute
2607 3298 2621 3345 ;
2656 3280 2851 3335 festum
2877 3282 3019 3336 diem
3045 3284 3323 3352 agentium
3354 3301 3491 3339 sono

219 3355 596 3424 ἀγαλλιάσεως
639 3358 1026 3431 ἀνεκλαλήτου,
1080 3366 1530 3437 συναριθμήσεως
1578 3370 1689 3425 τῶν
1740 3375 1799 3426 ὲν

221 3448 445 3511 κόλποις
474 3447 727 3519 Ἀϐραάμ
752 3450 1179 3522 ἀναπαυομένων
1218 3456 1432 3528 βρεφῶν
1463 3460 1656 3530 ἁγίων·
1694 3474 1798 3535 μη-

220 3539 343 3593 κιτι
397 3538 663 3594 δουλεύων
696 3542 870 3614 φθορᾷ
921 3544 1015 3596 καὶ
1074 3547 1258 3616 σαρκὶ,
1309 3550 1572 3624 ἀῖδιότητι
1602 3556 1795 3613 συνών.

234 3628 516 3683 Ἐντεῦθεν
540 3628 839 3699 βουλόμεθά
873 3648 932 3684 σε
970 3631 1266 3704 λαμϐάνειν
1295 3638 1393 3702 τάς
1417 3641 1673 3711 ἀφορμάς
1699 3644 1797 3716 τῆς

219 3719 589 3791 παρηγορίας,
625 3719 876 3774 ἐντεῦθεν
919 3722 1017 3786 τάς
1055 3726 1446 3799 παρακλήσεις.
1507 3732 1672 3787 Γενοῦ
1708 3736 1801 3805 δη-

221 3810 487 3880 μιουργὸς
540 3812 902 3883 εὐφροσύνης,
962 3813 1059 3867 καὶ
1115 3815 1457 3891 θεραπευτής
1516 3824 1577 3877 ού
1638 3827 1799 3896 μόνον

218 3901 445 3964 σαυτοῦ,
479 3902 614 3957 ἀλλά
666 3905 761 3958 καὶ
814 3904 915 3976 τῆς
957 3900 1154 3978 κυρίας
1201 3911 1300 3982 τῆς
1332 3914 1664 3986 σπαθαρίας,
1700 3921 1799 3991 τῆς

220 3992 463 4061 μάλιστα
492 3993 754 4067 δεομένης
782 3997 1023 4068 ἰατρείας
1051 4002 1143 4055 καὶ
1177 4005 1592 4077 παρακλήσεως,
1621 4011 1710 4065 διὰ
1739 4014 1800 4067 τὸ

220 4086 422 4155 μικρὸν
446 4087 766 4157 περιπαθὲς·
791 4084 911 4143 εἶτα
943 4092 1039 4145 καὶ
1067 4094 1175 4148 τῶν
1200 4094 1403 4151 λοιπῶν
1432 4098 1800 4174 διαφερόντων

221 4192 328 4229 σοι·
356 4178 432 4237 ὡς
456 4177 521 4231 ἂν
551 4178 769 4251 δειχθῇς
794 4182 863 4235 τά
890 4183 1009 4237 θεῖα
1041 4189 1492 4261 πεπαιδευμένος,
1515 4196 1609 4249 καὶ
1659 4197 1798 4252 Θεοῦ

218 4268 372 4337 νόμῳ
401 4269 790 4340 κρατούμενος·
821 4273 915 4325 καλ⁵
942 4274 1099 4339 εἰδὼς
1122 4278 1223 4331 ποῦ
1258 4297 1388 4334 ποτε
1417 4283 1582 4356 ἀπῄει
1611 4288 1638 4339 6
1666 4287 1800 4357 μεθ-

221 4363 511 4429 ιστάμενος
609 4363 703 4419 καὶ
756 4365 996 4434 μάλιστα
1044 4369 1137 4422 ἐπὶ
1185 4371 1279 4425 τοῦ
1312 4373 1405 4426 σοῦ
1465 4376 1799 4445 γλυκυτάτου

218 4454 434 4506 τέκνου·
474 4455 555 4507 ὅτι
599 4456 700 4509 οὐκ
732 4457 814 4520 είς
852 4456 1103 4526 θάνατον,
1127 4462 1248 4516 οὐδὲ
1281 4466 1361 4529 είς
1389 4466 1450 4520 τὸ
1475 4468 1551 4540 μὴ
1580 4470 1659 4537 ὃν,
1684 4472 1800 4525 ἀλλ’

219 4545 299 4606 είς
337 4544 483 4618 ζωὴν
526 4546 765 4613 αίὼνιον,
795 4550 891 4604 καὶ
917 4553 997 4616 είς
1027 4553 1161 4607 Θεὸν
1192 4555 1285 4611 τὸν
1317 4557 1387 4611 τά
1426 4562 1606 4615 πάντα
1644 4566 1800 4635 ποιή-

1901 3369 2096 3440 dignus
2128 3371 2368 3437 habitus,
2410 3373 2770 3427 exsultatione
2800 3375 3189 3442 inexplicabili,
3227 3392 3490 3449 aggrega-

1901 3466 1989 3513 tus
2017 3461 2084 3515 ad
2112 3462 2459 3531 quiescentes
2486 3462 2540 3516 in
2571 3463 2800 3518 Abrahae
2821 3464 2941 3518 sinu
2976 3470 3195 3520 sa‘uctos
3221 3465 3488 3533 iul‘antes,

1899 3553 2049 3605 carni
2078 3560 2133 3607 et
2184 3556 2516 3625 corruptioni
2561 3571 2666 3610 non
2703 3557 2935 3626 amplius
2985 3558 3251 3622 serviens,
3308 3559 3491 3615 fruens

1899 3643 2224 3699 aeternitate.
2277 3645 2412 3700 llinc
2444 3658 2757 3717 argumenta
2795 3649 3203 3715 consolationis,
3235 3651 3364 3707 hinc
3389 3651 3486 3707 do-

1900 3734 2030 3788 loris
2050 3735 2351 3791 levamenta
2378 3752 2571 3807 capere
2590 3747 2641 3792 te
2657 3738 2922 3792 volumus.
2939 3741 3140 3795 Auctor
3160 3752 3276 3796 esto
3291 3743 3491 3799 laetitia;

1898 3834 1955 3879 et
1983 3835 2222 3892 curator,
2246 3843 2352 3881 non
2382 3830 2453 3882 tui
2479 3830 2659 3893 modo,
2683 3830 2775 3884 sed
2805 3831 3039 3886 dominae
3102 3848 3319 3904 quoque
3363 3851 3491 3904 spa-

1901 3918 2109 3984 thariae,
2140 3935 2260 3989 quae
2289 3922 2571 3976 curatione
2629 3930 2681 3975 et
2723 3923 2915 3977 solatio
2947 3924 3016 3978 ob
3056 3925 3301 3991 exiguam
3355 3927 3490 3980 tole-

1900 4010 2134 4063 rantiam
2170 4010 2459 4079 plurimum
2490 4019 2648 4082 eget;
2681 4026 2744 4065 ac
2784 4012 3120 4081 reliquorum
3161 4012 3361 4066 deinde
3392 4013 3487 4067 tibi

1900 4101 2317 4171 coniunctorum
2355 4119 2368 4156 :
2416 4117 2486 4157 ne
2537 4103 2794 4157 ostendas
2852 4113 2904 4157 te
2938 4104 3137 4158 divinis
3173 4105 3443 4158 imbutum
3472 4144 3488 4167 ,

1902 4191 2106 4262 Deique
2141 4193 2243 4264 legi
2273 4194 2661 4261 obsequentem
2693 4212 2706 4257 ;
2733 4209 2834 4249 nec
2855 4194 3100 4265 ignarum
3126 4212 3235 4265 quo
3270 4197 3487 4250 tandem

1903 4285 2108 4340 abierit
2134 4285 2224 4356 qui
2257 4286 2508 4357 migravit
2536 4305 2550 4352 ;
2575 4302 2637 4340 ac
2662 4297 2788 4341 tuus
2809 4288 3111 4357 praesertim
3142 4286 3492 4342 dulcissimus

1902 4376 2043 4431 ﬁlius
2071 4395 2086 4441 ;
2117 4378 2259 4448 quod
2288 4394 2398 4432 non
2445 4378 2512 4433 ad
2558 4389 2786 4434 mortem
2815 4419 2831 4443 ,
2886 4395 3064 4449 neque
3113 4379 3180 4433 ad
3235 4378 3487 4443 nihilum,

1900 4468 1995 4522 sed
2024 4469 2089 4523 ad
2120 4470 2283 4524 vitam
2316 4471 2725 4540 sempiternam,
2763 4481 2818 4525 et
2846 4472 2913 4525 ad
2945 4470 3113 4525 Deum
3158 4471 3250 4540 qui
3306 4470 3487 4524 omnia

1904 4560 2107 4617 creavit
2134 4578 2147 4613 :
2174 4570 2336 4631 atque
2372 4570 2432 4616 ut
2459 4563 2662 4619 eximio
2700 4564 2963 4633 patribus,
3008 4563 3258 4633 notisque
3308 4562 3489 4616 omni-

222 4652 413 4690 σαντα·
444 4640 539 4692 καὶ
570 4639 646 4705 ὡς
675 4640 741 4694 ἂν
773 4644 1195 4716 παραδειχθείης
1250 4650 1514 4719 πατράσι,
1538 4653 1633 4706 καὶ⁵
1664 4656 1797 4707 πᾶσι

1907 4653 2006 4708 bus
2035 4652 2239 4709 funeris
2279 4669 2440 4709 causa
2475 4657 2790 4710 couvocatis
2844 4656 2918 4710 sis
2951 4655 3223 4723 exemplo,
3278 4665 3332 4709 ut
3363 4670 3487 4707 cum

218 4734 329 4794 τοίς
350 4734 647 4804 γνωρίμοις
668 4736 763 4790 καὶ
786 4739 1225 4809 συνειλεγμένοις
1252 4742 1310 4796 ὲν
1336 4746 1401 4815 τῇ
1426 4745 1631 4818 κηδείᾳ,
1669 4749 1799 4801 ὑπό-

218 4822 419 4893 δειγμα
449 4823 633 4905 καλὸν.
659 4828 775 4895 μετ’
792 4830 1145 4901 εὐχαριστίας
1168 4832 1261 4885 καὶ
1294 4835 1653 4909 σωφροσύνης
1685 4839 1799 4893 διαο

220 4913 406 4985 φέρειν
439 4914 538 4979 τάς
566 4916 676 4970 τῶν
700 4919 905 4974 τέκνων
933 4921 1224 4989 ἀποϐολάς,
1257 4928 1350 4979 καὶ
1384 4927 1459 4999 μὴ
1482 4930 1799 4986 ἀντιτείνειν

220 5004 355 5058 Θεοῦ
382 5008 495 5070 τοῖς
525 5010 965 5081 προστάγμασιν.

240 5122 338 5176 ΙΘ’.
383 5150 456 5162 -
483 5127 638 5193 Πρὸς
694 5127 759 5180 τὸ
793 5130 1143 5273 aratra-"tim?
1171 5134 1328 5187 λαοῦ
1371 5133 1794 5204 Ἀγησάρχου.

985 5227 1010 5264 ι,
1033 5242 1046 5255 .

985 5227 1046 5264 ι..

1906 4745 2199 4816 gratiarum
2229 4748 2446 4801 actione
2471 4754 2527 4801 et
2566 4747 2845 4802 moderate
2883 4747 3178 4802 liberorqu
3216 4746 3491 4801 orbitates

1907 4834 2104 4902 ferant,
2139 4836 2443 4909 divinisque
2471 4838 2715 4909 imperiis
2745 4854 2851 4893 non
2877 4846 3204 4910 repugnent.

2010 5149 2151 5205 XIX.
2176 5180 2239 5191 -—
2264 5150 2537 5205 Communi
2590 5151 2769 5220 populi
2798 5151 3215 5205 Antisarchcnsis
3240 5152 3304 5204 ".

1261 5319 1338 5372 De
1368 5321 1609 5373 Marciano
1632 5330 1851 5387 apostata
1871 5332 1955 5392 qui
1972 5329 2028 5377 ad
2049 5342 2137 5381 eos
2151 5331 2432 5382 dlverterat.

292 5415 601 5486 Γραμματα
632 5420 929 5490 ἐδεξάμεθα
966 5424 1118 5495 παρά
1156 5428 1254 5496 τῆς
1286 5432 1600 5501 τιμιότητος
1648 5431 1803 5501 ὑμῶν

224 5505 475 5573 περὶτοῦ
515 5506 759 5577 μαθητοῦ
794 5511 970 5580 ἡμῶν,
997 5514 1092 5565 τοῦ
1144 5515 1309 5570 πάλαι
1364 5518 1800 5589 ἀποδράσαντος,

225 5598 321 5650 καὶ
346 5598 405 5650 ὲν
437 5599 545 5661 τοῖς
578 5599 784 5664 αὐτόθι,
812 5603 913 5656 οῦκ
940 5602 1219 5671 οἷδ’ὃπως,
1242 5606 1453 5679 ἀμαθίᾳ
1484 5611 1574 5663 καὶ
1593 5611 1805 5664 ἀνοσιό-

228 5704 351 5758 τητι
392 5691 838 5761 προσδεχθέντος,
871 5696 964 5749 καὶ
1013 5698 1070 5750 ὲν
1113 5699 1194 5751 ἑνὶ
1232 5700 1413 5768 ἄντρῳ
1465 5703 1586 5756 ούνὶ
1639 5721 1801 5773 μονα-

312 5846 353 5877 ³⁸
396 5847 532 5901 l’sal.
569 5862 822 5917 ιιικγιιι,
856 5854 941 5908 69.
991 5856 1063 5907 ."
1106 5854 1163 5909 Ρ.
1206 5857 1567 5913 Αηιὶεαηιιιὶι

1976 5437 2210 5493 Litteras
2241 5439 2605 5494 venerationis
2639 5449 2829 5495 vestrae
2859 5439 3167 5509 accepimus
3216 5438 3283 5491 de
3316 5436 3483 5491 disci-

1904 5530 2033 5598 pulo
2069 5538 2275 5595 nostro,
2315 5532 2407 5601 qui
2445 5534 2713 5602 quondam
2748 5531 2973 5602 aufugit,
3020 5541 3075 5585 et
3102 5531 3156 5583 in
3190 5527 3308 5582 istis
3350 5526 3483 5591 oris,

1905 5620 2095 5674 nescio
2126 5637 2235 5691 quo
2266 5632 2426 5693 pacto
2455 5665 2471 5689 ,
2511 5639 2607 5694 per
2655 5624 2979 5693 imperitiam
3015 5632 3069 5675 et
3112 5620 3263 5673 nefas
3328 5632 3486 5671 rece-

1905 5719 2048 5780 ptus,
2084 5712 2137 5765 in
2162 5722 2319 5769 antro
2340 5713 2591 5783 quodam,
2618 5730 2724 5769 nou
2766 5713 3175 5777 monasterium,
3203 5710 3294 5765 sed
3321 5707 3482 5765 vitio-
