4158 6466
668 378 769 442 967

1859 392 1915 449 S.
1948 393 2338 455 THEODORI
2372 398 2716 461 STUDITE

3837 416 3943 480 968

667 511 784 548 rum
827 495 1140 564 speluncam
1183 498 1469 561 exstruxit,
1511 509 1564 551 ut
1599 500 1741 556 hunc
1777 503 2056 558 absolvere
2113 506 2247 559 veli-

2356 511 2594 580 στήριον,
2618 514 2753 568 ἀλλά
2791 515 3084 587 λῃστήριον
3137 521 3326 574 παθῶν
3368 525 3825 596 ἀναδειμαμένου·
3856 533 3944 586 ἵνα

667 603 806 640 mus.
840 586 905 640 Et
931 587 1113 641 brevis
1140 599 1223 642 est
1248 593 1548 659 responsio.
1606 592 1907 648 Marcianus
1942 597 2244 666 discipulus

667 690 873 744 noster,
912 683 1087 736 donec
1112 684 1180 736 ad
1225 685 1612 738 monasterium
1637 701 1796 740 suum
1835 689 2037 753 redeat,
2064 691 2116 742 in
2152 706 2260 759 quo

669 774 1092 827 renuntiationis
1141 791 1252 829 suae
1309 787 1462 844 pacta
1503 778 1607 831 Deo
1639 789 1776 833 teste
1805 780 2026 849 pepigit,
2067 782 2260 852 ligatus

667 867 1060 935 damnatusque
1092 869 1350 931 manebit,
1394 877 1447 922 et
1478 872 1862 925 communione
1883 913 1897 936 ,
1925 874 2077 941 juxta
2120 875 2261 928 divi-

667 973 768 1012 nos
788 975 923 1027 quos
944 960 1163 1029 scripsit
1178 976 1436 1021 canones,
1459 962 1729 1031 indignus.
1748 964 1864 1017 Non
1891 965 2034 1018 enim
2056 981 2083 1018 a
2104 967 2260 1022 nobis

670 1052 933 1104 intentata
950 1064 1033 1105 est
1057 1053 1425 1115 comminatio,
1451 1054 1546 1107 sed
1569 1070 1597 1107 a
1627 1053 1880 1109 Patribus
1925 1055 2014 1110 Dei
2052 1057 2256 1126 Spiritu

666 1146 880 1199 amatis.
902 1147 1070 1215 Hujus
1095 1161 1224 1216 ergo
1247 1147 1474 1200 salutem
1499 1148 1542 1200 si
1565 1148 1778 1211 amatis.
1799 1148 2090 1204 hortamini
2118 1158 2175 1203 ut
2192 1150 2257 1203 ad

667 1255 761 1290 sua
787 1239 988 1290 redeat.
1013 1236 1182 1302 Quem
1207 1253 1307 1290 nos
1329 1238 1650 1306 poenitentia
1674 1239 1918 1302 ductum,
1951 1255 2259 1293 reversum-

666 1343 771 1393 que
796 1325 1037 1394 paternis
1088 1326 1387 1379 visceribus
1417 1327 1665 1394 excipere
1693 1327 1862 1396 parati
1894 1343 2102 1390 sumus,
2138 1343 2257 1381 om-

668 1420 927 1485 niumque
957 1427 1259 1471 erratorum
1280 1417 1492 1471 veniam
1519 1417 1758 1472 illidare.
1780 1419 2248 1483 Quemadmodum

666 1512 810 1566 enim
847 1511 959 1563 fieri
981 1526 1087 1563 non
1110 1520 1306 1578 potest,
1337 1511 1465 1577 quin
1489 1510 1609 1564 ovis
1639 1526 1666 1563 a
1691 1511 1914 1564 mandra
1945 1527 2041 1565 sua
2071 1513 2256 1566 avulsa

665 1613 720 1656 et
745 1602 1001 1655 aberrans
1025 1601 1258 1655 ferarum
1296 1602 1489 1670 praedm
1512 1601 1853 1669 subjiciatur,
1911 1603 1990 1658 sic
2021 1620 2051 1656 a
2073 1619 2258 1657 mona-

666 1694 835 1747 sterio
862 1693 1070 1748 nefarie
1115 1694 1420 1764 digressum
1447 1710 1539 1748 sua
1565 1703 1850 1763 sponte,et
1879 1694 1932 1748 in
1955 1695 2072 1749 loco
2095 1712 2254 1765 quem

667 1786 931 1839 Dominus
978 1803 1084 1841 non
1114 1787 1305 1856 aspicit
1336 1787 1684 1849 residentem,
1713 1803 1742 1842 a
1766 1787 2105 1842 daemonibus
2132 1789 2251 1858 capi

2361 601 2552 654 τοῦτον
2587 604 2791 666 λύσεως
2834 608 3176 679 ἀξιώσωμεν.
3211 614 3320 666 Καὶ
3350 615 3612 686 σύντομος
3645 620 3676 689 ὴ
3711 623 3947 691 ἀπόκρι-

2363 712 2468 757 σις,
2510 697 2825 768 Μαρκιανὸς
2858 701 2886 752 ό
2920 701 3167 772 μαθητὴς
3201 705 3359 773 ἡμῶν
3391 706 3496 770 ἕως
3525 709 3590 762 ἀν
3620 714 3946 783 ὑποστρέψῃ

2362 787 2419 838 ἐν
2452 787 2528 856 τῷ
2561 790 2748 860 οίκείῳ
2785 795 3154 864 μοναστηρίῳ,
3195 798 3253 850 ὲν
3280 792 3323 864 ᾧ
3355 799 3453 862 τὰς
3484 804 3758 872 συνθήκας
3791 806 3946 858 ἔθετο

2361 878 2468 930 ὑπὸ
2513 881 2749 951 μάρτυρι
2793 883 2912 953 Θεῷ
2941 885 3038 954 τῆς
3068 887 3347 957 ἀποταγῆς
3380 890 3566 954 αὑτοῦ,
3615 893 3768 947 ἔσται
3798 895 3946 949 δεδεο

2363 969 2524 1038 μένος
2575 972 2665 1024 καὶ
2715 977 3186 1045 κατακεκριμένος
3235 979 3326 1030 καὶ
3370 981 3587 1046 ἀνάξιος
3617 984 3716 1052 τῆς
3745 1001 3943 1038 κοινω-

2360 1061 2498 1126 νίας,
2533 1063 2654 1116 καθ’
2693 1064 2788 1128 οὓς
2826 1067 3033 1136 ἔγραψε
3085 1069 3500 1136 θεοκελεύστους
3554 1076 3810 1138 κανόνας.
3865 1080 3943 1131 es

2359 1154 2466 1224 γάρ
2517 1155 2577 1218 ἐξ
2617 1157 2774 1226 ⁴ἡμῶν
2826 1161 2858 1228 ὴ
2919 1160 3284 1233 ἀπηρτημένῃ
3315 1164 3538 1234 ἀπειλὴ,
3567 1166 3684 1218 ἀλλ’
3725 1169 3792 1222 ἐκ
3825 1169 3946 1222 θεο-

2359 1246 2639 1299 πνεύστων
2687 1249 2964 1319 Πατέρων.
3021 1252 3221 1306 Τοῦτον
3270 1257 3450 1309 τοίνυν
3497 1259 3652 1329 είπερ
3686 1261 3944 1327 ἀγαπᾶτε

2361 1338 2650 1401 σώζεσθαι,
2667 1341 3026 1411 νουθετήσατε
3053 1344 3523 1419 ἀνθυπονοστῆσαι
3547 1352 3626 1413 είς
3646 1351 3716 1404 τὰ
3739 1354 3942 1410 οἰκεῖα.

2365 1432 2462 1482 'Ov
2491 1434 2655 1501 ἡμεῖς
2683 1436 3144 1506 μεταμελόμενον,
3171 1441 3265 1494 καὶ
3293 1441 3721 1514 ὑποστρέφοντα,
3741 1466 3945 1518 πατριο

2358 1526 2473 1586 κοῖς
2517 1525 2843 1596 σπλάγχνοις
2889 1529 3095 1598 ἕτοιμοί
3148 1531 3317 1601 ἐσμεν
3380 1534 3783 1599 ὐποδέξασθαι.
3843 1540 3942 1591 καὶ

2359 1616 2710 1685 συγχωρῆσαι
2746 1619 2921 1672 πάντα
2955 1620 3025 1673 τά
3077 1623 3441 1694 ἡμαρτημένα
3472 1625 3638 1696 αὐτῷ.
3691 1627 3781 1690 Ὠς
3829 1630 3942 1698 γάρ

2355 1708 2452 1758 οὑκ
2477 1707 2590 1761 ἐστι
2625 1709 2896 1778 πρόϐατον
2923 1713 2987 1765 ἐκ
3009 1715 3106 1784 τῆς
3135 1714 3269 1777 ιδίας
3293 1716 3534 1786 μάνδρας
3556 1719 3940 1773 ἀποσπασθὲν.

2357 1800 2449 1850 καὶ
2500 1799 2907 1870 ἀποπλανηθὲν,
2957 1805 3031 1874 μὴ
3087 1805 3424 1875 θηριάλωτον
3455 1808 3728 1875 γενέσθαιο
3757 1809 3939 1875 οὕτως

666 1895 891 1932 necesse
917 1890 1020 1933 est.
1055 1879 1201 1933 Illius
1224 1897 1353 1950 ergo
1388 1880 1518 1935 cella
1555 1881 1862 1935 daemonum
1894 1892 1978 1937 est
2022 1882 2248 1948 latebra,

2356 1895 2448 1947 τὸν
2478 1895 2583 1947 ἀπὸ
2615 1870 2983 1967 μοναστηρίου
3020 1870 3388 1970 *ἐξεργόμενον
3423 1870 3638 1973 ἀνόμως
3666 1905 3725 1955 ὲν
3754 1905 3834 1972 τῷ
3863 1870 3943 1960 οίζ

665 1969 909 2034 decipula
939 1970 1264 2028 animarum.
1296 1971 1480 2025 schola
1504 1973 1812 2034 mulierum,
1837 1975 2016 2028 omnis
2058 1975 2251 2043 nequi-

665 2062 754 2115 tice
791 2062 1000 2117 oilicina
1035 2081 1046 2115 :
1077 2063 1413 2132 quibuslibet
1449 2065 1630 2119 verbis
1659 2066 1924 2129 modisve,
1959 2077 2053 2120 aut
2105 2067 2245 2136 ipse,

665 2164 761 2208 aut
791 2171 909 2216 vos,
966 2171 1086 2224 qua:
1136 2156 1280 2209 dicta
1334 2167 1498 2221 sunt,
1540 2157 1884 2213 dissimulare
1954 2158 2245 2213 conemini.

665 2246 843 2312 Quare
875 2247 918 2300 si
939 2248 1277 2317 obtemperet
1300 2258 1353 2302 et
1382 2249 1790 2318 obtemperetis,
1825 2252 2080 2320 prmelare
2123 2267 2246 2304 cum

665 2339 910 2408 utrisque
951 2348 1158 2408 agetur,
1208 2349 1265 2392 ut
1299 2341 1535 2394 divinam
1575 2342 2000 2411 indignationem
2055 2342 2257 2395 minas—

665 2445 771 2496 que
819 2429 1062 2482 evadatis
1096 2447 1109 2481 ε
1141 2431 1222 2482 sin
1279 2432 1460 2483 minus
1487 2472 1500 2491 ,
1540 2433 1856 2500 pervicacia:
1905 2444 2096 2486 vestra:
2145 2433 2258 2486 fru-

665 2530 786 2574 ctus
806 2520 874 2572 ob
894 2521 1081 2573 oculos
1107 2524 1364 2575 cernetis.
1396 2521 1718 2576 Benedictus
1747 2534 1926 2577 autem
1963 2540 1991 2577 a
2025 2524 2256 2579 Domino

666 2612 1043 2666 sanctissimus
1079 2613 1391 2681 episcopus,
1429 2615 1519 2682 qui
1557 2615 1702 2684 leges
1732 2615 2007 2675 observat,
2040 2625 2096 2668 et
2145 2615 2251 2668 im-

667 2705 815 2773 pium
856 2707 1042 2774 procul
1077 2715 1242 2760 arcet.
1301 2707 1484 2774 Neque
1544 2707 1689 2760 enim
1741 2707 2085 2761 ordinatione
2145 2707 2252 2761 ullo

667 2798 827 2851 modo
861 2798 1054 2868 dignus
1088 2807 1191 2862 est,
1231 2799 1481 2866 quamvis
1515 2799 1620 2852 huc
1652 2808 1980 2852 revertatur.
2015 2799 2251 2868 Perspe-

665 2899 748 2941 cta
788 2889 932 2942 enim
962 2889 1092 2942 mihi
1127 2888 1244 2954 ejus
1275 2900 1402 2942 sunt
1442 2889 1646 2952 omnia,
1697 2904 1860 2958 supra
1909 2904 2070 2959 quam
2120 2889 2250 2958 ipsi,

666 2990 726 3032 ut
768 2980 858 3048 qui
903 2980 1021 3048 ejus
1057 2990 1210 3048 pater
1236 2979 1452 3034 fuerim.

2358 1988 2488 2056 κείῳ
2516 1989 2779 2057 θελήματι
2820 1991 2914 2042 καὶ
2950 1991 3006 2042 ὲν
3049 1991 3201 2063 τύπῳ
3223 1987 3284 2047 οὗ
3315 1995 3414 2047 οὑκ
3439 1997 3729 2049 ἐπισκοπεῖ
3753 1999 3782 2050 δ
3826 1999 3942 2051 Κύο

2360 2098 2469 2151 ριος
2499 2081 2883 2150 καθεζόμενον,
2915 2082 2988 2152 μὴ
3025 2084 3130 2136 ὑπὸ
3175 2085 3445 2153 δαιμόνων
3476 2087 3698 2142 ἀλῶναι.
3741 2089 3818 2141 Τὸ
3846 2086 3943 2143 οὖν

2357 2172 2564 2224 κελλίον
2595 2171 2783 2234 αὑτοῦ,
2831 2172 3037 2239 φωλεός
3077 2175 3192 2226 ἐστι
3224 2175 3517 2247 δαιμόνων,
3549 2179 3940 2249 ἀγρευτῆριον,

2355 2262 2562 2332 ψυχῶν,
2598 2263 2986 2334 παιδευτήριον
3014 2266 3313 2330 γυναικῶν,
3347 2268 3529 2338 πάσης
3574 2269 3808 2338 ἀνομίας
3848 2272 3943 2339 ἐρ⁴

2354 2357 2668 2426 γαστήριον·
2702 2359 2805 2410 κᾶν
2837 2357 3042 2420 ὁποίοις
3073 2357 3138 2410 ἂν
3171 2359 3352 2426 λόγοις
3381 2361 3476 2413 καὶ
3503 2362 3750 2430 τρόποις,
3844 2363 3943 2415 αὑ-

2351 2449 2444 2510 τὸς
2490 2449 2522 2519 ἢ
2579 2449 2736 2517 ὑμεῖς
2794 2448 3103 2518 μεθοδεύειν
3133 2450 3399 2519 πειρᾶσθε
3436 2450 3505 2503 τὰ
3545 2450 3835 2521 λεγόμενα.
3877 2451 3942 2503 El

2351 2537 2447 2591 οὖν
2477 2539 2744 2592 ὑπακούει
2790 2539 2881 2591 καὶ
2931 2538 3256 2603 ὑπακούετε,
3286 2535 3344 2593 εὖ
3378 2540 3444 2594 ἂν
3470 2542 3580 2611 ἓχοι
3607 2540 3941 2610 ἀμφοτέροις

2359 2631 2588 2700 φυγοῦσι
2625 2631 2720 2694 τάς
2752 2630 2902 2693 Θείας
2949 2631 3120 2702 ὀργὰς
3177 2631 3272 2684 καὶ
3301 2633 3546 2695 ἀπειλάς·
3580 2633 3627 2683 εί
3651 2631 3708 2682 δὲ
3738 2632 3812 2701 μή
3853 2648 3938 2697 γε,

2359 2723 2553 2794 δψεσθε
2586 2723 2845 2776 ἀπέναντι
2880 2723 2986 2776 τῶν
3020 2724 3313 2794 ὀφθαλμῶν
3339 2725 3490 2794 ὑμῶν
3517 2727 3640 2787 τοὺς
3669 2728 3768 2795 τῆς
3796 2742 3941 2793 παρ·-

2358 2816 2528 2885 ακοῆς
2577 2813 2730 2885 ὑμῶν
2786 2815 3052 2885 καρπούς.
3094 2816 3152 2867 Ὀ
3185 2817 3241 2869 δὲ
3283 2815 3581 2882 ἀγιώτατος
3639 2816 3941 2877 ἐπίσκοπος

2361 2906 2726 2977 εὐλογημένος
2755 2908 2902 2959 ἐστὶν
2958 2907 3060 2958 ὑπὸ
3092 2905 3319 2974 Κυρίου,
3351 2904 3532 2975 τηρῶν
3563 2907 3686 2968 τοὺς
3715 2906 3938 2975 νόμους,

2365 3000 2458 3053 καὶ
2487 3000 2576 3051 τὸν
2609 3000 2820 3054 ἀνόσιον
2848 2999 3035 3070 τιόρρω
3070 3016 3169 3051 που
3190 2998 3421 3051 διώκων.
3455 2999 3528 3051 Ού
3553 2999 3660 3069 γὰρ
3700 3015 3940 3069 χειροτο-

671 3096 790 3156 νίας
817 3094 964 3158 ἄξιος
993 3095 1053 3148 τὸ
1085 3095 1339 3159 καθόλου,
1369 3097 1473 3150 κᾶν
1505 3094 1737 3149 ἐνταῦθα
1765 3093 2100 3167 ὑποστρέψῃ.
2127 3090 2258 3148 Οἶδα
2295 3100 2402 3162 γὰρ
2433 3096 2498 3147 τὰ
2563 3094 2728 3146 αὑτοῦ
2793 3095 2929 3163 ὑπὲρ
2973 3095 3180 3146 ἐκεῖνον
3211 3093 3397 3158 αὑτὸν,
3430 3094 3614 3165 πατὴρ
3647 3092 3812 3147 αὑτοῦ
3845 3110 3940 3162 γε-

665 3190 859 3253 γονώς.

980 3302 1097 3356 XX.
1122 3333 1189 3342 -—-
1214 3302 1476 3371 Pinuphio
1509 3312 1559 3358 et
1608 3301 1751 3355 Mari
1778 3303 1930 3370 ﬁliis.

2458 3297 2539 3350 ις’.
2575 3297 2964 3363 -Πινουφίῳ
2999 3296 3096 3350 καὶ
3129 3295 3300 3364 Μείοῃ
3331 3295 3584 3360 τέκνοις.
3623 3291 3779 3367 [λη’.]

1713 3419 1777 3469 Ut
1799 3420 2011 3470 redeant
2030 3418 2090 3469 ad
2119 3409 2474 3466 mouastctium
2496 3413 2628 3462 unde
2649 3411 2961 3473 aufugerant.

740 3529 1036 3587 Consilium
1072 3539 1189 3582 erat
1235 3529 1299 3582 ad
1357 3543 1454 3582 vos
1503 3544 1613 3582 non
1651 3530 1919 3594 scribere,
1963 3536 2252 3600 propterea

2428 3525 2542 3577 Ούκ
2563 3523 2862 3592 ἐϐουλόμην
2895 3523 3024 3592 ὑμῖν
3054 3523 3380 3588 ἐπιστεῖλαι,
3409 3524 3499 3578 διὰ
3530 3525 3591 3578 τὸ
3617 3525 3685 3577 τά
3709 3526 3940 3597 δεύτερα

664 3625 809 3694 quod
842 3623 1095 3677 secundae.
1144 3622 1339 3675 litterze
1392 3629 1586 3677 vestrae
1643 3637 1766 3676 cum
1817 3622 2088 3693 prioribus
2140 3635 2280 3681 non,

665 3717 1100 3772 consentiebant.
1138 3714 1352 3768 Priores
1373 3714 1593 3784 quidem
1631 3715 1932 3768 celerrimae
1975 3715 2251 3783 paeniten-

669 3811 758 3863 tiae
832 3809 1150 3875 reditusque
1199 3807 1266 3860 ab
1305 3822 1405 3860 nos
1447 3807 1799 3875 sponsionem
1859 3805 2252 3868 continebant;

665 3899 1005 3968 posteriores
1050 3912 1181 3950 vero
1237 3897 1482 3950 abnuere
1527 3910 1623 3950 vos
1671 3904 1727 3950 et
1761 3911 2016 3950 recusare
2065 3905 2255 3950 osten-

665 3989 823 4044 dunt.
884 3990 1064 4056 Atque
1121 3987 1224 4040 hoc
1285 3996 1340 4040 ct
1385 3986 1514 4040 illud
1573 3989 1853 4041 causando
1911 3987 2251 4056 praetexitis.

665 4097 769 4137 nec
825 4080 1008 4150 potius
1061 4094 1303 4133 errorem
1355 4089 1598 4134 vestrum
1649 4079 1893 4132 veritatis
1955 4079 2137 4132 studio
2177 4078 2254 4132 fa-

667 4172 877 4236 temini,
941 4171 1134 4225 flentes
1177 4185 1240 4225 ac
1285 4170 1534 4224 dolentes
1590 4171 1660 4225 ob
1702 4185 1763 4224 ea
1797 4185 1917 4240 quae
1964 4185 2251 4238 perperam

666 4262 1036 4318 commisistis.
1062 4260 1117 4315 Si
1147 4276 1275 4330 ergo
1301 4277 1398 4314 vos
1422 4260 1671 4332 paenitet,
1703 4260 2013 4330 residctque
2063 4261 2115 4314 in
2156 4277 2253 4314 vo-

666 4356 750 4409 bis
781 4353 1012 4408 scintilla
1076 4351 1285 4406 timoris
1316 4352 1432 4417 Dei,
1479 4353 1728 4406 excitans
1763 4353 1928 4406 corda
1980 4361 2160 4407 vestra
2185 4353 2252 4407 ad

668 4445 1061 4514 promissiones
1091 4451 1144 4497 et
1191 4453 1368 4512 pacta.
1415 4458 1533 4512 quae
1574 4443 1682 4497 Deo
1716 4444 1981 4512 nobisque
2034 4443 2099 4496 ad
2141 4453 2253 4497 tre-

669 4538 923 4592 mendum
955 4537 1073 4606 ejus
1102 4535 1360 4599 tribunal,
1399 4536 1629 4589 testibus
1685 4536 1892 4604 angelis
1915 4544 1970 4588 et
1994 4534 2254 4588 fratribus

669 4628 959 4687 universis,
995 4627 1136 4697 pacti
1168 4627 1320 4688 estis,
1373 4626 1513 4680 bene
1543 4626 1703 4678 habet
1742 4643 1753 4674 :
1788 4641 1967 4693 neque
2011 4626 2117 4678 huc
2161 4634 2254 4678 aut

668 4721 794 4774 illuc
821 4719 1167 4788 respexeritis
1200 4736 1213 4783 ;
1245 4719 1339 4773 sed
1398 4718 1650 4788 protinus
1684 4717 1915 4785 abrupto
1961 4716 2104 4785 quod
2144 4716 2252 4769 da:-

670 4829 795 4866 mon
835 4811 1022 4879 injecit
1045 4811 1261 4864 vinculo
1289 4811 1490 4879 proprii
1523 4824 1718 4864 sensus
1738 4824 1800 4864 ac
1827 4807 2115 4869 libertatis,
2142 4820 2252 4875 quo

2349 3617 2655 3688 γράμματα
2703 3616 2857 3686 ὑμῶν
2907 3619 2980 3686 μὴ
3014 3621 3325 3688 συμφωνεῖν
3352 3620 3467 3680 τοῖς
3519 3623 3825 3688 προτέροις.
3859 3621 3940 3671 Ti

2353 3709 2452 3778 μὲν
2497 3710 2741 3778 πρότερα
2793 3707 3130 3775 ἐπαγγελίαν
3155 3705 3298 3778 εἶχεν
3336 3708 3600 3777 ταχίστης
3655 3710 3938 3778 μεταγνώ-

2352 3818 2490 3863 σεως
2530 3802 2624 3853 καὶ
2675 3800 2940 3861 ἐλεύσεως
2983 3800 3118 3872 πρὸς
3150 3801 3320 3869 ἡμᾶς·
3349 3800 3419 3852 τά
3446 3800 3503 3852 δὲ
3528 3799 3779 3871 δεύτερα,
3807 3803 3933 3856 ἀνά·

2351 3910 2534 3947 νευσιν
2560 3894 2650 3945 καὶ
2679 3893 3014 3962 ἀνατροπὴν.
3044 3892 3153 3944 Καὶ
3185 3893 3266 3944 ὅτι
3293 3892 3746 3962 ὲπαφορμίζεσθε
3778 3894 3938 3948 τοῦτο

2352 3987 2446 4039 καὶ
2477 3988 2654 4038 ἐκεῖνο
2681 4001 2695 4015 ο
2735 3986 2827 4037 καὶ
2851 3984 2971 4053 οὐχὶ
3029 3982 3228 4054 μᾶλλον
3262 3986 3320 4037 ὲν
3350 3985 3582 4055 ἀληθείᾳ.
3623 3987 3937 4056 ὁμολογεῖτε

2349 4077 2408 4128 τὸ
2457 4079 2702 4144 πταῖσμα
2737 4075 2912 4142 ὑμῶν,
2960 4075 3286 4144 θρηνοῦντες
3337 4077 3429 4128 καὶ
3469 4078 3930 4147 μεταμελόμενοι.

2351 4169 2439 4235 ἀφ’
2476 4162 2556 4230 οἷς
2598 4167 2782 4229 κακῶς
2820 4169 3161 4237 πεπράχατε.
3214 4169 3275 4220 Εἰ
3324 4162 3417 4220 οὖν
3475 4172 3808 4238 μετανοεῖτε,
3843 4171 3938 4222 καὶ

2351 4260 2501 4312 ἔστιν
2554 4263 2610 4312 ὲν
2666 4260 2794 4329 ὑμῖν
2849 4259 3082 4329 σπινθὴρ
3129 4259 3291 4328 φόϐου
3330 4259 3490 4324 Θεοῦ,
3520 4262 3803 4314 ἀνακαίων
3839 4262 3937 4325 τὰς

2353 4352 2578 4420 καρδίας
2614 4351 2767 4420 ὑμῶν
2799 4353 2879 4414 είς
2925 4351 2988 4414 ἃς
3019 4352 3288 4405 δεδώκατε
3339 4352 3632 4423 ὁμολογίας
3687 4355 3781 4407 καὶ
3815 4372 3934 4406 συνο

2354 4445 2527 4514 θήκας
2564 4444 2683 4512 Θεῷ
2713 4461 2772 4496 τε
2825 4445 2919 4496 καὶ
2949 4446 3101 4514 ἡμῖν,
3133 4445 3225 4497 ἐπὶ
3270 4445 3361 4498 τοῦ
3396 4446 3628 4519 φοϐεροῦ
3685 4446 3933 4516 βήματος

2354 4535 2541 4593 αὑτοῦ.
2578 4536 2682 4586 ὑπὸ
2718 4537 2986 4604 μάρτυσιν
3027 4535 3277 4602 ἀγγέλοις
3307 4539 3401 4588 καὶ
3427 4538 3578 4609 πάσῃ
3602 4541 3668 4607 τῇ
3716 4538 3935 4606 ἀδελφόο

2351 4645 2498 4695 τητι.
2540 4623 2597 4678 εὖ
2629 4626 2695 4678 ἂν
2725 4626 2834 4695 ἔχοι
2857 4642 2869 4654 °
2901 4627 2992 4677 καὶ
3029 4627 3164 4695 μηδὲ
3213 4627 3464 4680 ἐντεῦθεν
3500 4630 3632 4698 μηδὲ
3681 4630 3935 4683 ἐντεῦθεν

2355 4718 2720 4786 ὲπιϐλέψησθε
2747 4733 2760 4746 °
2795 4718 2931 4770 ἀλλά
2960 4719 3237 4788 συντόμως
3268 4719 3666 4791 διαρρήξαντες
3698 4723 3796 4791 τὴν
3827 4722 3933 4774 ἀπὸ

2357 4811 2450 4865 τοῦ
2480 4812 2729 4880 δαίμονος
2764 4811 3078 4881 συμπλοκὴν
3105 4813 3201 4880 τῆς
3234 4814 3612 4881 προσπαθείας
3658 4815 3814 4883 ὑμῶν
3841 4816 3933 4866 καὶ

669 4915 766 4950 vos
794 4898 1028 4966 decepit,
1057 4913 1121 4952 ex
1141 4899 1394 4952 cmuobio
1425 4914 1518 4952 vos
1544 4897 1859 4960 extrudens,
1887 4906 1940 4951 et
1969 4897 2247 4950 adducens

2357 4879 2694 4973 ίδιορυθμίας
2716 4945 2730 4967 ,
2835 4879 3185 4972 πεπλάνηκεν
3237 4879 3379 4978 ὑμᾶς
3413 4906 3658 4959 ἐκϐαλὼν
3689 4879 3784 4958 τοῦ
3823 4924 3932 4958 κοι-

670 4990 736 5043 ad
775 4989 912 5051 loca,
943 5005 1063 5057 qua:
1095 4988 1362 5042 Dominus
1388 5005 1495 5043 non
1540 4989 1780 5057 respicit.
1820 4987 1939 5052 Quo
1978 4988 2122 5041 cnim
2158 5003 2251 5056 pa-

670 5087 761 5134 cto
783 5081 1041 5144 respiciat
1066 5079 1133 5133 ad
1158 5090 1468 5135 sanctorum
1498 5079 1667 5149 ipsius
1694 5079 2067 5132 mandatorum
2096 5092 2251 5130 ever-

672 5172 932 5224 sionem?
973 5170 1161 5224 Venite
1201 5172 1267 5225 ad
1350 5187 1449 5225 nos
1484 5212 1498 5234 ,
1551 5170 1732 5224 venite
1758 5211 1770 5235 ,
1816 5169 1977 5222 corde
2017 5170 2252 5222 contrito

671 5273 835 5332 atque
870 5261 1060 5315 humili
1103 5277 1374 5326 sermone,
1410 5261 1760 5315 utdiversatn
1787 5277 1816 5313 a
1849 5260 2073 5331 pristina
2126 5260 2251 5313 vitae

676 5353 942 5408 rationem
980 5354 1196 5407 ineatis.
1246 5353 1401 5406 Prior
1431 5353 1575 5406 enim
1607 5353 1736 5406 laeva
1764 5351 1885 5415 fuit,
1916 5367 2037 5420 quae
2089 5351 2252 5404 tacita

676 5446 878 5499 sensim
925 5446 1253 5500 relaxatione
1303 5444 1517 5498 ferocia:
1559 5453 1752 5497 vestra:
1790 5452 1844 5496 et
1875 5445 2252 5507 contumaciae,

677 5539 742 5593 ad
785 5538 1074 5608 apostasia:
1129 5537 1425 5607 perniciem
1475 5551 1571 5590 vos
1623 5535 1880 5605 abripuit.
1941 5534 2050 5589 Nos
2102 5551 2252 5598 vero,

679 5641 994 5700 peccatores
1043 5632 1186 5694 licet,
1222 5630 1463 5700 paternis
1501 5629 1801 5683 visceribus
1863 5643 1960 5681 vos
2011 5627 2254 5697 excipie-

683 5740 823 5788 ntus,
867 5725 1123 5777 humilem
1157 5724 1392 5776 animam
1428 5732 1667 5775 nostram
1709 5721 1777 5774 ad
1820 5730 2052 5773 mortem
2085 5733 2256 5786 usque

688 5824 1041 5885 exponentes,
1076 5826 1132 5867 ut
1160 5825 1367 5869 vestras
1403 5823 1455 5867 et
1489 5812 1725 5866 animiet
1758 5812 1999 5879 corporis
2024 5810 2250 5863 infirmi-

2356 4995 2557 5049 νοϐίου.
2589 4996 2682 5048 καὶ
2721 4997 2996 5066 περιάγων
3027 4997 3168 5064 ὑμᾶς
3202 4999 3281 5060 είς
3309 4999 3511 5061 τόπους
3557 4997 3650 5061 οὓς
3681 4999 3788 5051 οὑκ
3810 5001 3929 5050 ἐπι-

2363 5089 2554 5139 σκοπεῖ
2581 5086 2783 5156 Κύριος
2810 5087 2948 5156 (πῶς
2983 5088 3090 5157 γὰρ
3114 5087 3178 5140 ἂν
3199 5090 3291 5141 καὶ
3321 5092 3667 5159 ἐπισκοπησῃ
3805 5087 3931 5141 ἀθεο

2355 5178 2510 5244 τήσει
2547 5176 2653 5227 τῶν
2679 5177 2848 5242 ἁγίων
2879 5176 3044 5228 αὑτοῦ
3077 5177 3303 5230 ἐντολῶν
3325 5179 3364 5244 ;)
3397 5179 3569 5248 ἥκατε
3605 5179 3737 5249 πρὸς
3759 5180 3926 5246 ἡμᾶς,

2355 5267 2523 5337 ἦκα-τε
2557 5269 2613 5319 ἐν
2643 5268 3077 5338 συντετριμμένῃ
3115 5267 3312 5339 καρδίᾳ
3342 5271 3435 5322 καὶ
3482 5269 3627 5338 λόγῳ
3683 5285 3929 5320 τεταπει-

2351 5359 2598 5427 νωμένῳ,
2642 5360 2775 5430 πρὸς
2806 5358 2865 5410 τὸ
2889 5359 3048 5411 ἄλλον
3076 5359 3218 5429 ὑμᾶς
3258 5360 3372 5430 βίον
3401 5360 3758 5413 ἀναλαϐέσθαι
3788 5359 3926 5431 ὑπὶρ

2351 5451 2440 5501 τὸν
2495 5451 2776 5520 πρότερον.
2819 5451 2880 5502 '0
2932 5453 3039 5521 γὰρ
3091 5453 3353 5522 πρότερος
3384 5454 3570 5516 σκαιὸς
3599 5449 3666 5523 ἦν
3715 5455 3778 5505 ἐκ
3825 5453 3926 5520 τῆς

2352 5541 2490 5594 κατά
2517 5540 2715 5609 μικρὸν
2738 5541 3062 5610 χαυνώσεως
3107 5543 3440 5614 θρασύτητος
3477 5544 3630 5613 ὑμῶν
3655 5546 3750 5597 καὶ
3774 5545 3925 5598 ἀντι-

2352 5633 2558 5698 λογίας,
2588 5632 2891 5700 ὑπαγαγὼν
2925 5633 3067 5702 ὑμᾶς
3109 5633 3256 5705 αὑτῷ
3281 5636 3378 5704 τῆς
3407 5636 3743 5699 ἀποστασίας
3782 5636 3926 5688 πτώ-

2356 5740 2505 5792 ματι.
2573 5723 2678 5776 Καὶ
2727 5725 2884 5794 ἡμεῖς
2928 5726 3032 5777 κᾶν
3076 5726 3390 5796 ἁμαρτωλοί
3438 5728 3628 5797 ἐσμεν,
3683 5727 3794 5780 ἀλλ’
3829 5723 3924 5781 οὖν

2361 5815 2684 5882 σπλάγχνοις
2734 5818 3016 5884 πατρικοῖς
3059 5816 3463 5888 προσδεξόμεθα
3511 5820 3675 5884 ὑμᾶς,
3711 5819 3804 5873 καὶ
3826 5820 3923 5891 τὴν
