4158 6490
239 413 351 478 969

1474 416 2004 478 EPISTOLARUM
2046 417 2185 477 LIB.
2225 418 2272 476 l.

3392 408 3493 472 970

240 524 459 579 ἑαυτῶν
490 523 753 597 ταπεινὴν
780 522 956 595 ψυχὴν
992 524 1153 596 μέχρι
1178 525 1407 580 θανάτου
1452 527 1819 594 ὑποτιθέντες,

1929 539 2061 584 tates
2109 530 2421 583 toleremus.
2479 526 2668 599 Neque
2707 527 2851 581 enim
2901 540 2964 580 ex
3005 536 3112 593 quo
3172 520 3308 594 lapsi
3338 522 3490 585 estis.

239 618 327 682 είς
362 614 424 668 τὸ
454 614 832 669 ἀναϐαστάσαι
856 615 1011 686 ὑμῶν
1047 615 1119 669 τά
1146 616 1501 688 ἀσθενήματα
1543 620 1684 674 κατὰ
1711 620 1818 689 ψυ-

240 708 351 779 χήν
374 724 435 760 τε
464 707 561 762 καὶ
595 707 775 777 σῶμα.
809 708 883 761 Οὑ
910 706 1021 777 γὰρ
1047 707 1122 773 ἐξ
1139 708 1263 761 ὅτου
1297 709 1735 782 ἀπωλισθήσατε,
1762 714 1820 765 ἐν

240 800 553 871 άμεριμνίᾳ
582 800 888 871 γεγόναμεν
913 817 927 832 σ
960 798 1147 871 ὥσπερ
1178 800 1299 855 οὐδὲ
1355 802 1448 855 ἐπὶ
1477 801 1586 855 τῶν
1618 803 1815 857 ἄλλων*

238 890 388 944 ἀλλὰ
428 890 739 962 τηκομένην
793 890 989 962 ἔχομεν
1043 893 1101 945 ἐν
1144 891 1357 957 ἑαυτοῖς
1413 892 1513 963 τὴν
1544 894 1819 964 καρδίαν⁸

242 985 348 1037 καὶ
376 984 516 1054 πρὸς
544 982 637 1037 τὸν
692 982 825 1037 Θεὸν
876 982 1122 1054 αἴροντες
1173 984 1355 1052 φωνὴν
1393 984 1551 1054 ἡμῶν
1594 986 1820 1057 οἰκτρὰν

242 1072 345 1126 καὶ
394 1071 640 1145 βέϐηλον.
695 1074 782 1128 ἴνα
830 1074 1276 1146 ἁνθυπονοστήσῃ
1338 1074 1482 1145 ὑμᾶς
1543 1075 1679 1147 πρὸς
1722 1076 1820 1147 τὴν

248 1164 498 1237 μάνδραν
527 1166 703 1237 ὑμῶν,
737 1164 1033 1236 ἐμπνιύσει
1067 1165 1330 1235 λογισμοῦ
1366 1167 1675 1236 μετανοίας.
1710 1168 1821 1221 Καὶ

242 1254 455 1324 ἐάνπερ
485 1257 661 1320 οὑτως
685 1255 961 1326 πράξοιτε.
1001 1253 1351 1325 θεραπεύοιτε
1380 1253 1544 1308 πάλιν
1570 1255 1659 1308 τὸν
1688 1255 1819 1310 Θεὸν

1919 623 2042 677 sine
2079 638 2209 677 cura
2241 622 2440 677 fuimus
2462 631 2517 677 et
2538 619 2905 676 sollicitudine
2940 617 3009 673 de
3029 616 3204 683 vobis,
3227 615 3367 671 sicut
3393 628 3498 670 nec

1918 714 1985 769 de
2012 714 2151 770 aliis.
2188 714 2329 781 Quin
2365 713 2607 769 extabuit
2633 712 2686 767 in
2719 712 2875 767 nobis
2897 726 2992 767 cor
3015 718 3289 775 nostrum,
3326 705 3499 762 mise-

1918 820 2142 874 ramque
2168 820 2230 859 ac
2258 805 2536 875 profanam
2566 820 2753 860 vocem
2781 812 3023 858 nostram
3045 802 3114 857 ad
3148 802 3325 857 Deum
3350 800 3499 856 tolli-

1922 913 2063 962 mus,
2090 906 2145 952 ut
2186 899 2256 953 ad
2303 898 2584 953 mandram
2617 905 2853 953 vestram
2888 911 2987 951 vos
3045 902 3265 950 revocet
3302 931 3318 957 ,
3362 908 3498 948 con-

1926 987 2111 1043 silium
2155 990 2427 1061 inspirans
2466 990 2818 1061 paenitentiae.
2876 987 3029 1054 Quod
3080 986 3171 1041 ubi
3220 985 3495 1048 feceritis,

1928 1078 2098 1134 Deum
2116 1080 2331 1147 iterum,
2355 1091 2409 1137 et
2428 1098 2529 1137 nos
2553 1088 2868 1153 peccatores
2882 1079 3184 1150 placabitis.
3213 1077 3329 1131 Non
3348 1077 3497 1132 enim

1925 1172 2120 1238 qurerit
2170 1184 2399 1227 mortem
2446 1172 2771 1240 peccatoris,
2821 1172 2913 1227 sed
2940 1180 3000 1224 ut
3046 1176 3414 1231 convertatur,
3443 1176 3499 1222 et

1926 1273 2089 1317 νινειι.

242 1344 345 1397 καὶ
370 1346 518 1415 ἡμᾶς
546 1347 669 1409 τοὺς
733 1343 1107 1417 ἁμαρτωλούς.
1178 1345 1254 1399 Οὑ
1300 1344 1409 1417 γάρ
1446 1346 1599 1416 ζητεῖ
1655 1347 1745 1401 τὸν
1803 1348 2031 1417 θάνατον
2086 1355 2179 1409 τοῦ
2237 1358 2584 1427 άμαρτωλοῦ,
2627 1356 2699 1418 ὡς
2768 1356 2827 1408 τὸ
2877 1353 3199 1422 ἐπιστρέψαι
3250 1350 3346 1404 καὶ
3402 1348 3501 1419 ζῇν

242 1433 436 1488 αὑτόν.

328 1526 727 1598 Ἐπιστρέψατε
763 1526 877 1593 οὖν,
911 1528 1298 1601 ἐπιστρέψατε,
1333 1532 1461 1601 πρὶν
1508 1530 1661 1602 ἄφνω
1705 1532 1827 1587 ἐπι-

248 1619 352 1687 στῇ
384 1616 513 1687 ὑμῖν
575 1616 815 1689 ὄλεθρος,
845 1616 1025 1682 καθὼς
1057 1618 1134 1689 τῷ
1165 1617 1490 1691 Πετρωνίῳ’
1527 1620 1625 1673 καὶ
1665 1620 1825 1692 εὑρε-

245 1708 382 1778 θῆτε
405 1708 539 1763 κενά
558 1709 653 1763 καὶ
679 1710 910 1781 ἀνόνητα
938 1710 1394 1782 μεταμελόμενοι,
1417 1710 1506 1765 ὅτε
1544 1712 1645 1781 τῆς
1697 1729 1824 1783 μετ-

245 1799 509 1869 αμελείας
542 1800 732 1872 κέρδος
778 1802 951 1856 οὐδέν.
1004 1801 1112 1855 Ποῦ
1170 1802 1350 1856 τοίνυν
1399 1803 1537 1855 είσὶν
1583 1805 1630 1856 οί
1677 1805 1824 1873 λόγοι

1997 1535 2350 1593 Revertimini
2369 1549 2518 1605 ergo,
2552 1532 2908 1597 revertimini,
2948 1533 3257 1601 priusquam
3278 1539 3501 1599 repente

1923 1624 2274 1695 superveniat
2319 1621 2469 1678 vobis
2527 1620 2813 1683 interitus,
2869 1618 3012 1674 sicut
3082 1615 3381 1681 Petronio;
3448 1625 3503 1670 et

1924 1714 2198 1770 incassum
2220 1721 2275 1767 et
2303 1711 2422 1766 sine
2446 1711 2627 1765 fructu
2647 1709 2834 1764 dolere
2862 1723 2960 1763 vos
2990 1706 3260 1768 sentiatis,
3282 1704 3503 1775 quando

1920 1806 2261 1877 paenitentiae
2323 1804 2537 1859 lucrum
2595 1802 2804 1857 nullum
2866 1799 2989 1855 erit.
3050 1798 3154 1854 Ubi
3202 1813 3331 1853 vero
3373 1806 3503 1852 sunt

247 1902 368 1954 σου,
404 1888 684 1959 Πινοὺἐριε,
735 1891 829 1944 καὶ
857 1890 977 1955 σοῦ,
1015 1890 1215 1961 Μάρη;
1270 1890 1570 1962 μαρτυρίου
1605 1892 1825 1959 ἀγῶνας

1929 1900 2188 1970 promissa
2250 1908 2378 1963 tua,
2430 1895 2700 1966 Pinupbi,
2741 1902 2797 1950 et
2846 1890 3202 1956 tua,Mares?
3259 1886 3499 1963 martyrii

246 1951 611 2049 ὑπὸὲχεσθαί
647 1951 737 2034 όιά
768 1981 866 2053 τὴν
916 1951 1247 2035 ταπείνωσιν
1270 1951 1464 2051 ήμῶν,
1495 1951 1824 2052 προεθυμεῖξ

1929 1951 2226 2045 certamina
2255 1989 2394 2044 inire
2419 1988 2733 2060 gestiebatis
2754 1993 2978 2057 propter
3019 1985 3341 2040 tenuitatem
3398 1951 3503 2039 no‘

248 2070 368 2124 σθε·
426 2071 630 2141 μᾶλλον
671 2070 729 2124 δὲ
764 2070 853 2125 διὰ
894 2071 991 2141 τὴν
1028 2070 1300 2142 σωτηρίαν
1331 2072 1433 2142 τὴν
1456 2071 1523 2125 δι’
1554 2072 1821 2143 ὑπακοῆς·

246 2164 345 2217 καὶ
393 2161 554 2217 τοῦτο
602 2163 880 2225 πολλάκις·
914 2162 1009 2215 καὶ
1042 2162 1216 2233 μικρά
1263 2180 1351 2228 τις
1380 2157 1523 2234 αὖρα
1573 2162 1821 2229 ἐλθοῦσα,

246 2255 537 2327 ἐῤῥίπισεν
568 2255 723 2325 ὑμῶν
744 2255 805 2328 μ’.
831 2253 1021 2326 ὑμᾶς],
1052 2254 1129 2318 ὡς
1160 2254 1225 2308 άν
1247 2273 1370 2310 τινα
1400 2256 1638 2327 ἁνέμην.
1672 2257 1829 2311 Ἀνα-

246 2345 482 2417 νήψατε,
515 2346 846 2416 ἐπιϐλέψατε
904 2346 985 2410 εἰς
1037 2345 1192 2412 Θεὸν,
1230 2346 1509 2419 φοϐήθητε
1558 2348 1668 2403 άπὸ
1717 2348 1827 2403 τῶν

248 2438 538 2510 χριμάτων
564 2437 751 2502 αὑτοῦ,
786 2438 880 2492 κα)⁸
922 2436 982 2502 ἐξ
1035 2430 1110 2492 ὧν
1146 2440 1541 2493 συνεπίπασθε
1578 2439 1827 2511 πράξεων

251 2528 431 2600 ὑμῶν·
458 2530 541 2584 ὅτι
568 2531 627 2584 ἐν
655 2530 892 2593 ἐκείναις
921 2530 1081 2601 μόνον
1110 2530 1210 2585 οὑκ
1235 2530 1467 2602 ἀρκετὸς
1497 2531 1626 2601 ὑμῖν
1656 2533 1764 2594 πᾶς
1799 2533 1828 2585 ό

252 2621 372 2692 βίος
423 2621 505 2685 είς
543 2621 853 2692 μετάνοιαν.
876 2621 942 2675 Τί
975 2621 1162 2676 λοιπὸν
1218 2621 1536 2694 προσθήκας
1570 2623 1825 2694 ἁμαρτη-

256 2713 445 2784 μάτων
472 2712 828 2783 προστίθεσθε
856 2716 948 2768 ἐπὶ
980 2715 1346 2786 ἁμαρτήμασι
1368 2714 1656 2784 χαλεποῐςς
1685 2715 1827 2785 Πρὸς

250 2804 312 2857 δὲ
339 2803 399 2857 τὸ
428 2803 635 2875 γράψαι
666 2805 810 2876 qua;
840 2806 920 2869 είς
947 2804 1042 2869 οὓς
1071 2806 1351 2876 εἰρήκατε,
1377 2804 1633 2875 ἀσμένως
1659 2822 1827 2874 προσ-

250 2893 536 2964 δεχθέντες
583 2895 679 2948 καὶ
730 2894 1163 2966 ξενώοχοὺμενοι
1198 2896 1290 2949 ὑπ’
1314 2894 1514 2960 αὐτῶν,
1540 2894 1699 2947 τοῦτο
1728 2894 1826 2963 μὲν

250 2988 318 3041 οὑ
358 2986 638 3059 ποιοῦμεν
686 2988 748 3042 οὑ
790 2989 901 3058 γάρ
930 2988 987 3056 ἐξ
1030 2988 1189 3058 ἡμῶν
1237 2986 1488 3059 ἐξήλθετε
1538 2986 1624 3040 διὰ
1666 2986 1823 3055 λόγου

254 3076 528 3147 ὑπακοῆς.
564 3078 651 3133 ῐνα
680 3079 955 3151 κρίνωμεν
988 3079 1170 3145 ἀξίους
1196 3078 1482 3148 ὑποδοχῆς.
1506 3076 1826 3131 Τοὺναντίον

254 3168 315 3224 δὲ
370 3168 876 3241 καταλογιζόμενοι,
908 3170 1203 3241 ὁριζόμεθα
1234 3170 1362 3239 ὑμῖν
1384 3167 1578 3233 οὕτως.
1612 3168 1732 3237 Ἀφ’
1759 3164 1827 3241 ἧς

1928 2082 2233 2146 stram,vel
2289 2082 2473 2152 potius
2521 2092 2746 2153 propter
2786 2080 3015 2136 salutem
3068 2094 3187 2149 quae
3245 2093 3342 2147 per
3373 2077 3503 2133 obev

1929 2173 2190 2229 dientiam
2238 2171 2579 2242 requiritur:
2626 2172 2787 2239 idque
2836 2170 3192 2238 frequenter:
3253 2179 3307 2222 et
3337 2184 3501 2238 parva

1928 2262 2173 2333 quaedam
2230 2276 2360 2315 aura
2390 2275 2509 2323 vos,
2537 2260 2685 2315 velut
2711 2257 2986 2328 stipulam,
3012 2257 3360 2312 disturbavit.
3392 2257 3501 2311 lixa

1928 2352 2322 2423 pergiscimini,
2370 2351 2541 2406 Deum
2588 2350 2865 2421 respicite,
2924 2348 3125 2419 judicia
3179 2348 3297 2414 ejus
3333 2347 3502 2417 perti-

1929 2444 2172 2503 mescite,
2221 2442 2304 2495 vel
2347 2457 2415 2496 ex
2453 2441 2649 2496 vestris
2690 2439 2994 2496 actionibus
3036 2453 3266 2509 quarum
3295 2439 3501 2493 conscii

1926 2533 2080 2597 estis,
2135 2533 2281 2603 quod
2306 2532 2377 2589 ob
2416 2548 2511 2588 eas
2558 2533 2703 2588 solas
2731 2539 2845 2586 tota
2887 2531 2996 2585 vita
3038 2545 3147 2585 non
3172 2529 3399 2585 sufficiat
3433 2515 3501 2584 ad

1929 2625 2327 2697 paenitentiam.
2374 2624 2515 2691 Quid
2546 2624 2613 2680 de
2669 2633 2872 2679 caetero
2897 2624 3262 2679 additamenta
3308 2636 3499 2692 peccac

1929 2726 2105 2772 torum
2150 2716 2403 2789 gravibus
2434 2714 2670 2785 peccatis
2707 2712 3025 2783 adjecistis?
3054 2710 3124 2767 Ut
3152 2726 3282 2766 vero
3309 2710 3377 2765 ad
3407 2724 3502 2765 eos

1928 2806 2260 2871 scribamus,
2321 2819 2457 2875 quos
2512 2803 2876 2877 significastis,
2929 2802 3075 2873 quod
3112 2802 3343 2872 benigne
3406 2816 3504 2857 vos

1930 2899 2267 2967 receperint,
2323 2907 2377 2953 et
2406 2897 2643 2968 hospitio
2672 2895 2992 2959 invitarint;
3053 2893 3106 2949 id
3137 2894 3354 2963 quidem
3402 2892 3501 2947 ιιιί-

1928 2991 2074 3045 nime
2108 2988 2374 3045 facimus:
2404 2989 2529 3059 quia
2549 3003 2611 3043 ex
2642 2985 2963 3042 obedientire
2990 2993 3126 3039 nutu
3151 3000 3179 3037 a
3214 2984 3369 3041 nobis
3391 2999 3498 3039 uon

1926 3083 2154 3145 exiistis,
2212 3094 2271 3136 ut
2326 3081 2563 3151 hospitio
2621 3080 2814 3151 dignos
2872 3078 3197 3148 iudicemus,
3251 3077 3344 3149 sed
3367 3093 3499 3133 conv

1930 3173 2154 3228 trarium
2200 3186 2424 3242 prorsus
2475 3169 2797 3233 sentientes,
2855 3168 2927 3222 ita
2984 3167 3137 3222 vobis
3185 3166 3448 3221 edicimus

252 3260 351 3317 οὖν
394 3260 607 3332 ἡμέρας
631 3260 845 3327 δέξεσθε
876 3262 943 3316 τὰ
969 3263 1294 3333 γράμματα,
1328 3260 1696 3331 άποκινήσατε
1729 3278 1823 3315 κα-

1937 3280 2044 3334 qtto
2073 3276 2140 3319 ex
2164 3264 2251 3319 die
2284 3264 2492 3318 litteras
2516 3260 2855 3333 acceperitis.
2875 3260 2982 3315 huc
3011 3258 3189 3313 redire
3224 3257 3498 3313 festinate.

251 3352 582 3417 ταλαϐόντες
610 3353 679 3407 τὰ
707 3354 959 3409 ἐνταῦθα.
986 3355 1118 3407 Είδέ
1134 3353 1485 3416 ἀπειθοῦντες
1508 3353 1826 3424 ἐπιμένητε,

252 3447 395 3516 ὅπερ
427 3446 503 3517 μὴ
535 3444 645 3516 δῴη
674 3448 702 3499 ό
729 3445 881 3510 Θεὸς,
911 3445 941 3499 ὃ
968 3446 1284 3517 ἀπεύχομαι
1316 3485 1333 3514 ,
1375 3445 1499 3499 ἐστέ
1531 3442 1830 3514 ἀκοινώνη-

252 3553 359 3599 τοι,
391 3538 853 3608 κατακεκριμένοι
904 3554 963 3590 τε
998 3537 1090 3592 καὶ
1119 3538 1639 3607 καταδεδικασμένοι
1679 3538 1831 3610 παρὰ

251 3628 485 3700 ἀληθείᾳ
505 3626 824 3701 ὸικαζοὺσῃ,
854 3631 1246 3702 νενεκρωμένοι
1279 3647 1336 3683 τε
1355 3629 1453 3700 τήν
1503 3630 1703 3699 ψυχὴν,
1736 3632 1833 3683 καὶ

251 3718 610 3790 ἐστερημένοι
648 3717 743 3771 τοῦ
804 3719 1133 3790 πνεύματος,
1186 3720 1369 3784 καθὼς
1423 3723 1451 3774 ὁ
1510 3721 1685 3792 μέγας
1740 3722 1831 3775 καὶ

251 3806 401 3871 θεῖος
423 3806 701 3870 Βασίλειος
722 3808 1060 3879 ἀπεφήνατο’
1088 3810 1199 3863 ἀλλ’
1221 3809 1344 3864 οὔτε
1374 3812 1421 3863 oi
1445 3811 1826 3882 ὑποδεχόμενοι

252 3900 425 3968 ὑμᾶς,
460 3898 563 3963 ἐξω
611 3898 989 3969 κατακρίσεως
1039 3902 1198 3966 εἰσιν,
1229 3900 1307 3965 ὡς
1360 3900 1435 3973 μὴ
1472 3903 1596 3966 τοὺς
1650 3902 1825 3964 θείους

252 3988 489 4054 κανόνας
528 3987 909 4058 φυλάττοντες.

539 4100 673 4159 KA'.
695 4135 765 4146 —
798 4110 1041 4179 Συμεὼν
1060 4111 1377 4181 μονάζοντι
1405 4112 1539 4183 (19).
1575 4108 1722 4183 [λῶ]

1932 3360 2085 3427 Quod
2128 3359 2172 3414 si
2223 3369 2570 3415 contumaces
2623 3355 2970 3427 perstiteritis
2995 3397 3009 3421 ,
3060 3354 3204 3425 quod
3240 3369 3347 3409 non
3376 3369 3500 3425 per—

1931 3454 2109 3508 mittat
2134 3452 2296 3517 Deus,
2326 3450 2472 3521 quod
2499 3464 2773 3514 exsecror,
2804 3445 3259 3503 excommunicati
3293 3453 3465 3521 estote

1931 3543 2167 3599 convicti
2220 3550 2274 3597 et
2326 3539 2677 3611 condemnati
2726 3539 2932 3610 judicio
2982 3537 3249 3603 veritatis,
3302 3536 3498 3590 mortui

1932 3637 2131 3700 anima,
2164 3644 2220 3690 et
2251 3634 2449 3704 spiritu
2476 3632 2683 3696 orbati,
2709 3630 3167 3702 quemadmodum
3194 3644 3424 3700 magnus
3440 3640 3503 3682 ac

1936 3727 2157 3782 divinus
2207 3726 2439 3781 Basilius
2472 3724 2878 3795 pronuntiavit:
2930 3716 3026 3777 sed
3074 3736 3249 3790 neque
3279 3721 3371 3791 qui
3408 3731 3504 3775 vos

1937 3818 2294 3887 exceperint,
2343 3828 2493 3871 extra
2543 3814 3053 3871 condemnationem
3096 3822 3255 3877 sunt,
3304 3822 3360 3867 ut
3412 3813 3502 3881 qui

1933 3907 2145 3961 divinos
2170 3921 2408 3960 canones
2438 3920 2546 3959 nou
2579 3905 2891 3959 observent.

2354 4109 2490 4163 XXI.
2525 4108 2756 4162 Simeom‘
2793 4108 3066 4161 monac/ta.

1261 4229 1335 4279 De
1355 4229 1574 4292 Josepho
1597 4230 1843 4292 deposito.
1882 4232 2082 4293 (Baroo.
2111 4243 2189 4277 an.
2212 4226 2325 4285 808,
2350 4239 2397 4273 η.
2422 4223 2525 4283 ιι.)

327 4329 636 4402 Ἔγνωμεν,
675 4326 725 4386 ὧ
755 4332 956 4402 Πάτερ,
991 4331 1085 4383 καὶ
1126 4330 1214 4383 διὰ
1261 4330 1373 4383 τῶν
1422 4332 1825 4403 προλαϐόντων,

253 4418 370 4485 οἷος
401 4424 498 4475 καὶ
525 4422 710 4493 ήλίκος
739 4422 969 4492 γέγονας
995 4422 1129 4492 πρὸς
1150 4421 1248 4491 τήν
1276 4424 1606 4478 ταπείνωσιν
1647 4425 1825 4496 ήμῶνσ

251 4515 318 4568 ἐν
354 4514 489 4567 πᾶσι
516 4515 631 4577 τοῖς
676 4512 1048 4585 συμϐεϐηκόσι
1086 4511 1355 4584 θλιϐεροῖς
1406 4515 1683 4583 ὀμαλίξων
1736 4517 1830 4567 καὶ

250 4604 544 4660 ϐιευθετῶν
574 4605 754 4660 πάντα
782 4605 921 4675 πρὸς
953 4605 1013 4659 τὸ
1049 4604 1344 4668 λυσιτελές.
1391 4606 1579 4674 Ἰσμεν
1627 4606 1685 4659 δὲ
1736 4608 1830 4660 καὶ

254 4694 355 4750 νῦν
402 4687 702 4766 περίλυπόν
731 4710 791 4747 σε
835 4696 922 4748 διὰ
956 4696 1054 4764 τῆς
1086 4694 1419 4764 ἐπαγγελίας
1466 4694 1558 4749 τοῦ
1598 4696 1827 4765 ἀδελφοῦ
1855 4728 1907 4788 D

254 4785 586 4857 γεγενῆσθαι
636 4787 694 4839 ἐν
726 4786 839 4849 τοῖς
894 4787 1337 4858 παρισταμένοις.
1372 4786 1533 4842 Ἀλλὰ
1560 4788 1611 4842 τί
1637 4790 1821 4843 πάθω-

259 4896 385 4950 μεν;
421 4878 502 4932 ὅτι
535 4878 726 4949 ἐντολὴ
756 4876 892 4931 Θεοὺ
920 4878 1229 4949 πρόκειται,
1261 4881 1355 4933 καὶ
1380 4882 1604 4945 κανόνες
1638 4883 1833 4951 Πατρι-

255 4967 349 5021 κοὶ
399 4967 753 5037 ἀπείργοντες
799 4968 945 5037 ήμᾶς
988 4969 1052 5020 ἐκ
1100 4968 1198 5038 τῆς
1228 4968 1482 5039 τοιαύτης
1518 4972 1823 5025 κοινωνξακ

254 5051 389 5112 Ὧδε
417 5058 476 5112 δέ
523 5058 718 5128 φθάσοι
748 5061 991 5131 ήταχεῐα
1015 5061 1154 5132 ῥοπή
1185 5078 1299 5127 σου,
1335 5061 1431 5114 καὶ
1461 5063 1495 5131 ή
1536 5063 1834 5133 εἰλικρινής

259 5166 358 5204 σου
383 5150 522 5221 πρὸς
544 5151 635 5204 τὸν
658 5149 790 5203 Θεὸν
818 5152 913 5205 καὶ
932 5153 1079 5221 ἡμᾶς
1098 5154 1222 5216 τοὺς
1247 5154 1605 5225 ἁμαρτωλοὺς
1626 5155 1830 5225 σχέσις.

259 5240 361 5295 Ἰν’
392 5240 583 5313 ὥσπερ
630 5243 757 5296 τινά
802 5245 1094 5314 τρικυμίαν
1126 5247 1457 5315 μεταγάγοις
1486 5248 1576 5301 τὸν
1640 5265 1833 5317 πειρα-

262 5330 425 5400 σμὸν,
462 5333 559 5384 καὶ
616 5332 949 5401 γαληνιάσης
1006 5336 1100 5405 τήν
1162 5338 1399 5409 ταραχήν
1449 5340 1555 5391 τῶν
1596 5338 1833 5391 εὐσεϐῶν

339 5447 387 5477 ⁵¹
428 5446 626 5499 Ειθοιι.
659 5463 846 5509 xum,
883 5450 971 5504 Il.

1999 4332 2063 4385 Et
2088 4337 2247 4383 antea
2271 4325 2668 4398 perspeximus,
2688 4323 2869 4388 Pater,
2884 4324 3029 4393 quis,
3044 4318 3325 4393 qualisque
3342 4322 3510 4377 fueris

1929 4437 2056 4493 erga
2094 4420 2457 4475 humilitatem
2491 4425 2730 4472 nostram
2756 4416 2809 4469 in
2843 4415 3097 4468 omnibus
3120 4412 3366 4468 adversis
3388 4428 3512 4483 quas

1929 4515 2087 4570 nobis
2109 4514 2445 4577 acciderunt,
2474 4525 2596 4565 cum
2633 4508 2804 4563 lenire
2840 4520 2901 4561 ca
2932 4507 3215 4570 studercs,
3252 4513 3307 4559 et
3327 4506 3505 4560 omnia

1926 4606 2161 4677 dirigere
2185 4604 2240 4658 itt
2272 4612 2513 4657 nostram
2545 4599 2857 4654 utilitatem.
2890 4598 2955 4651 Et
2978 4610 3124 4650 nunc
3157 4596 3509 4649 vehementer

1934 4698 2225 4756 sollicitum
2277 4706 2328 4749 te
2364 4707 2487 4748 esse
2535 4691 2739 4747 scimus
2766 4689 2837 4743 ob
2864 4688 3047 4742 fratris
3076 4686 3129 4739 in
3164 4700 3219 4741 re
3251 4688 3506 4755 presenti

1932 4789 2343 4861 professionem.
2394 4782 2597 4837 Verum
2644 4778 2771 4849 quid
2832 4776 3115 4841 faciamus,
3168 4791 3292 4830 cum
3333 4784 3510 4830 exstet

1934 4881 2026 4936 Dei
2058 4878 2392 4937 mandatum,
2436 4882 2490 4926 et
2518 4869 2738 4923 Patrum
2780 4880 3019 4921 canones
3058 4873 3311 4918 arcentes
3332 4878 3430 4917 nos
3477 4877 3507 4915 a

1932 4975 2023 5028 tali
2065 4965 2489 5026 communione?
2541 4962 2657 5017 Huc
2685 4959 2825 5014 adsit
2868 4958 3021 5013 velox
3058 4955 3350 5026 propeusio
3380 4963 3505 5019 tua;

1932 5066 2286 5130 sincerusque
2308 5073 2433 5127 erga
2462 5055 2631 5110 Deum
2661 5060 2716 5106 et
2743 5064 2843 5104 uos
2882 5057 3195 5119 peccatores
3226 5045 3457 5100 affectus
3489 5058 3503 5107 ς

1937 5166 1995 5210 ut
2046 5163 2300 5223 tanquam
2370 5150 2733 5204 decumanum
2802 5140 3091 5211 quemdam
3150 5137 3371 5192 fluctum
3424 5152 3509 5190 re-

1937 5261 2156 5301 moveas
2222 5241 2598 5303 tentationem,
2672 5230 3095 5301 tranquillesque
3160 5227 3506 5299 agitationem

1942 5340 2152 5409 piorum
2180 5334 2520 5390 dominorum
2560 5339 2894 5385 nostrorum.
2927 5323 3041 5377 Non
3068 5321 3211 5377 enim
3246 5319 3507 5374 adversus

1788 5556 2007 5613 NOTAE.

350 5649 469 5723 (l9)
499 5653 759 5723 Συμεών.
790 5653 863 5706 De
893 5653 1179 5723 multiplici
1232 5654 1487 5709 Simeone
1514 5651 1727 5707 Studita
1751 5654 1830 5706 vi-

270 5719 423 5773 desis
450 5719 687 5778 Leonem
738 5724 996 5779 Allatium
1046 5719 1098 5778 in
1149 5723 1385 5778 Diatriba
1414 5725 1480 5778 de
1519 5724 1831 5777 Simeouum

276 5793 521 5860 scriptis.
545 5809 669 5865 pag.
708 5793 799 5849 25.
834 5793 907 5851 De
930 5795 1185 5851 Simeone
1222 5810 1385 5862 porro
1422 5792 1713 5857 monacho,
1748 5792 1838 5845 Ni-

578 5898 851 5960 PATROL.
888 5900 1005 5958 Gn.
1051 5898 1274 5961 XCIX.

1944 5651 2166 5720 cephori
2234 5650 2588 5721 imperatoris
2617 5646 3055 5721 consanguineo,
3084 5656 3265 5699 sermo
3285 5646 3367 5694 est
3393 5652 3502 5721 non

1944 5716 2054 5774 un'o
2080 5723 2129 5773 in
2154 5721 2272 5774 loco
2299 5716 2439 5788 apud
2460 5716 2867 5789 Theophanem:
2902 5717 3128 5789 §cripta_
3150 5721 3327 5767 autem
3364 5716 3447 5761 est
3476 5719 3504 5756 α

1944 5790 2232 5847 Theodoro
2261 5784 2374 5844 huic
2403 5784 2629 5858 epistola
2669 5790 2887 5845 nomine
2917 5784 3185 5838 Platonis.
3540 5809 3551 5817 -

3020 5883 3086 5939 31
