4158 6472
690 401 793 468 971

1886 402 1943 460 S.
1988 397 2380 460 THEODORI
2412 395 2759 457 STUDIT/E

3853 405 3964 468 972

693 513 812 567 illos
838 511 995 567 nobis
1017 525 1198 567 sermo
1227 521 1313 567 est
1341 512 1518 567 vitam
1536 511 1957 576 communionis,
1984 526 2085 565 nec
2108 524 2263 563 causa

2373 504 2531 574 ἡμῶν
2560 500 2858 557 δεσποτῶν.
2888 502 2963 556 Ub
2998 503 3105 575 γὰρ
3134 504 3270 574 πρὸς
3317 506 3514 570 αὐτοὺς
3546 507 3679 579 ἡμῖν
3722 508 3754 563 ό
3798 510 3968 579 λόγος

691 604 1079 659 controversia:
1110 622 1123 659 :
1171 604 1301 674 quin
1327 605 1506 674 potius
1538 606 1735 669 honor,
1784 605 2083 669 veneratio,
2116 619 2269 659 amor

692 704 749 748 et
776 708 1119 764 congressus,
1147 704 1311 765 prout
1339 710 1427 749 res
1452 696 1615 766 exigit
1644 713 1658 749 :
1693 695 1787 751 sed
1821 695 2083 750 adversus
2116 696 2267 749 illum

691 784 783 854 qui
820 796 1019 856 praeter
1046 787 1137 856 jus
1157 786 1347 857 fasque
1385 803 1566 852 omne,
1592 787 1941 842 manifestum
1963 802 2029 842 ex
2056 786 2268 841 Domini

692 878 961 934 sententia
992 880 1299 935 adulterum
1331 881 1612 935 coronavit
1640 898 1651 932 :
1685 880 1779 951 qui
1814 894 1979 935 ausus
2010 888 2094 935 est
2132 879 2266 933 tanti

690 969 915 1025 sceleris
970 971 1186 1041 adjutor
1233 981 1287 1026 et
1343 979 1583 1026 assertor
1634 972 1748 1025 ﬁeri
1793 986 1974 1026 coram
2014 972 2269 1026 universo

691 1059 897 1114 mundo
927 1077 940 1112 :
975 1074 1137 1129 quem
1189 1058 1442 1115 Christus
1490 1060 1607 1130 ipse
1634 1060 1889 1131 deposuit
1914 1061 2147 1115 duorum
2178 1075 2267 1113 ca-

693 1165 897 1204 nonum
931 1166 1106 1216 reum,
1133 1151 1351 1206 utalios
1389 1151 1632 1205 omittam
1671 1170 1684 1205 :
1724 1152 1888 1206 unius
1927 1152 2144 1221 quidem
2172 1150 2265 1221 qui

692 1258 795 1298 nec
843 1244 1054 1313 epulari
1116 1244 1494 1315 presbyterum
1555 1244 1611 1298 in
1650 1243 1847 1314 bigami
1898 1243 2101 1313 nuptiis
2137 1257 2266 1313 per-

690 1336 859 1390 mittit
885 1336 932 1368 ⁸³
980 1336 1253 1405 (adulteri
1310 1336 1455 1391 enim
1525 1337 1766 1391 scribere
1819 1351 1928 1390 non
1976 1351 2142 1390 ausus
2181 1344 2267 1390 est

689 1426 937 1494 canon),
993 1436 1199 1495 quanto
1258 1426 1438 1481 minus
1469 1427 1786 1481 coronare?
1846 1426 2069 1480 alterius
2115 1440 2261 1489 vero,

693 1515 953 1586 quoniam
1010 1518 1099 1587 qui
1166 1518 1221 1571 in
1271 1520 1480 1572 crimen
1532 1517 1751 1587 aliquod
1808 1519 1991 1588 lapsus
2035 1518 2133 1582 sit,
2202 1531 2265 1570 ac

688 1616 977 1676 propterea
1014 1606 1537 1670 excommunicatus,
1587 1605 1691 1659 nisi
1744 1605 1883 1659 intra
1922 1618 2126 1658 annum
2164 1617 2264 1673 pro

688 1697 1133 1754 reconciliatione
1183 1712 1280 1753 sua
1328 1705 1552 1767 pugnet,
1612 1697 1844 1767 amplius
1891 1695 2104 1750 admitti
2144 1695 2263 1766 ejus

687 1805 879 1846 vocem
941 1805 1051 1845 non
1106 1790 1236 1844 licet
1288 1790 1357 1844 “.
1386 1787 1485 1843 Hic
1536 1803 1665 1843 vero
1724 1788 1818 1858 qui
1857 1802 2052 1842 novem
2088 1800 2262 1840 annos

686 1891 1038 1944 excesserat,
1097 1880 1291 1936 insiliit
1344 1881 1401 1935 in
1461 1879 1779 1935 Ecclesiam.
1854 1878 1910 1933 Si
1963 1878 2126 1949 igitur
2175 1878 2264 1932 hic

687 1976 971 2040 innocens,
1026 1973 1197 2029 multo
1252 1973 1421 2044 magis
1452 1973 1665 2028 adulter
1695 1973 1838 2041 ipse;
1866 1973 1911 2027 si
1974 1984 2105 2025 vero
2138 1984 2263 2024 reus

687 2062 789 2117 iste
822 2061 1066 2132 peccati,
1092 2062 1214 2131 quis
1237 2062 1305 2117 de
1324 2076 1392 2117 eo
1431 2062 1704 2132 ambigat,
1738 2062 1831 2131 qui
1864 2059 2169 2130 conjunxit,
2209 2067 2264 2113 et

687 2154 741 2207 in
773 2152 1036 2224 Spiritum
1066 2163 1319 2209 sanctum
1362 2153 1793 2225 blasphemavit,
1838 2152 1968 2224 quin
2000 2150 2264 2221 impurior

686 2242 755 2296 sit
782 2252 838 2297 et
876 2242 1243 2299 detestabilior
1266 2242 1290 2295 ?

761 2528 886 2582 Haec
907 2539 1054 2590 sunt,
1087 2525 1247 2581 Pater
1286 2535 1494 2593 sancte,
1526 2540 1647 2596 qua:
1665 2540 1758 2580 cor
1776 2534 2023 2579 nostrum
2045 2532 2255 2578 contra-

689 2618 852 2681 hunt,
881 2625 935 2670 ct
974 2616 1225 2670 timorem
1255 2615 1551 2669 incutiunt.
1586 2613 1739 2668 Hanc
1764 2614 1835 2667 ob
1864 2628 2083 2668 causam
2118 2612 2262 2681 quod

687 2724 809 2763 cum
841 2709 944 2761 isto
974 2722 1081 2761 non
1100 2706 1562 2761 communicarem
1584 2746 1599 2771 ,
1628 2720 1732 2761 nec
1770 2720 1893 2760 cum
1924 2705 2261 2775 praecedente

686 2800 1018 2871 patriarcha,
1060 2799 1151 2868 qui
1183 2798 1430 2854 adultero
1459 2798 1901 2853 communionem
1944 2796 2144 2852 dabat:
2173 2796 2261 2850 in-

688 2892 824 2946 clusi
855 2892 1056 2945 fuimus
1082 2930 1098 2957 ,
1146 2906 1246 2962 ego
1296 2891 1517 2961 quidem
1547 2892 1600 2945 in
1638 2907 1703 2946 eo
1730 2891 1820 2945 ubi
1855 2891 2060 2945 resides
2100 2890 2259 2956 loco;

686 2986 1012 3054 pnepositus
1035 2993 1216 3038 autem
1249 2995 1303 3038 et
1326 2984 1518 3054 reliqui
1548 2983 1992 3038 Thessalonicam
2018 2982 2257 3053 relegati.

689 3075 795 3129 Sed
845 3075 1025 3129 denuo
1074 3074 1424 3145 congregavit
1459 3088 1561 3128 nos
1610 3073 1753 3128 Deus
1801 3074 2052 3143 precibus
2103 3073 2256 3127 tuis:

686 3185 750 3224 ac
768 3185 836 3223 nc
862 3168 939 3222 sic
957 3167 1176 3237 quidem
1210 3176 1417 3222 temere
1436 3181 1537 3220 nos
1554 3166 1900 3236 adjunximus
1917 3167 2258 3236 patriarchae,
2290 3203 2335 3265 ο

687 3262 791 3315 nisi
830 3270 1115 3332 postquam
1144 3260 1321 3316 fassus
1342 3268 1427 3316 est
1464 3275 1565 3315 nos
1596 3270 1745 3315 recte
1780 3259 1999 3315 fecisse.
2031 3260 2087 3313 Si
2112 3275 2259 3331 ergo,

686 3369 809 3408 cum
834 3361 1086 3423 regnaret
1121 3352 1444 3407 adulterium
1475 3362 1530 3407 et
1560 3368 1831 3409 canonum
1865 3353 2225 3424 transgressio
2245 3394 2259 3419 ,

688 3452 835 3503 metu
879 3444 1109 3497 minime
1155 3443 1655 3507 dissimulavimus,
1710 3442 1804 3497 Dei
1850 3443 2050 3497 virtute
2096 3442 2261 3509 freti,

686 3535 960 3605 quomodo
980 3551 1146 3599 nunc,
1179 3536 1270 3605 pio
1300 3535 1618 3590 dominante
1644 3534 1891 3605 imperio,
1927 3535 2087 3589 unius
2137 3549 2262 3604 pre-

685 3628 891 3699 shyteri
926 3643 1086 3682 causa
1126 3627 1428 3681 timidiores
1444 3628 1667 3690 erimus,
1709 3627 2109 3696 prodemnsque
2139 3641 2262 3681 cum

687 3729 877 3788 aperto
907 3721 1103 3774 anima:
1126 3718 1368 3789 periculo
1391 3719 1675 3773 veritatem
1701 3719 1723 3771 ?
1749 3717 2096 3788 Nequaquam
2128 3738 2139 3772 :
2168 3719 2263 3774 sed

689 3810 912 3866 ferenda
939 3811 1096 3866 nobis
1116 3810 1298 3880 potius
1326 3812 1506 3865 omnia
1534 3825 1702 3879 usque
1724 3811 1790 3866 ad
1813 3820 2067 3871 mortem,
2101 3825 2263 3878 quam

689 3916 748 3960 ut
778 3919 905 3959 cum
931 3918 997 3959 eo
1019 3904 1507 3967 communicemus,
1539 3904 1624 3959 vel
1660 3919 1784 3958 cum
1808 3903 1875 3958 iis
1897 3904 1987 3973 qui
2022 3918 2145 3957 cum
2173 3902 2263 3957 illo

687 3995 1043 4050 sacrificant:
1096 3996 1273 4063 quoad
1323 3995 1567 4064 privetur
1616 3996 1947 4055 sacerdotio.
2001 3995 2263 4063 quemad-

687 4078 907 4133 modum
934 4078 1035 4133 sub
1058 4079 1241 4147 priore
1269 4079 1598 4148 patriarcha.
1628 4079 1756 4132 Esto
1784 4092 2137 4132 meonomus:
2166 4092 2263 4132 cur

686 4172 849 4223 etiam
877 4170 1093 4240 indigne
1115 4170 1283 4224 sacris
1308 4170 1602 4240 operatur?
1623 4169 1789 4225 Desiit
1816 4184 1937 4226 esse
1955 4168 2259 4239 presbyter.

686 4262 843 4327 Quod
897 4262 942 4315 si
1003 4263 1120 4317 haec
1147 4262 1253 4316 illis
1292 4278 1401 4317 non
1432 4264 1666 4333 placent,
1697 4263 1790 4333 qui
1829 4278 1951 4317 cum
1978 4276 2044 4317 eo
2093 4259 2263 4317 sacri-

687 4355 874 4418 ﬁcant,
926 4352 1189 4408 videbunt
1229 4355 1503 4424 quomodo
1552 4370 1610 4410 se
1658 4364 1867 4426 gerent.
1918 4353 2147 4408 Parcant
2182 4361 2261 4408 ιιι--

684 4446 883 4500 nuitati
916 4455 1136 4512 nostrae,
1164 4447 1255 4516 qui
1286 4446 1682 4515 acquiescimus
1704 4489 1717 4511 ,
1753 4446 1998 4516 nihilque
2020 4446 2087 4501 ad
2117 4446 2263 4501 hunc

2370 597 2469 666 τῆς
2498 595 2919 666 άκοινωνησίαςο
2947 595 3066 648 οὐδὲ
3097 597 3130 666 ἡ
3159 597 3308 649 αἰτία
3329 598 3429 667 τῆς
3463 600 3966 673 άμφιιτϐιιλτήσιεως⁴

2374 686 2573 757 μᾶλλον
2627 686 2685 739 δὲ
2730 688 2763 757 ή
2807 686 2943 757 τιμὴ
2983 686 3079 739 καὶ
3108 688 3142 757 ἡ
3172 689 3576 760 προσκύνησις,
3609 694 3642 763 ἡ
3674 693 3833 761 φιλία
3873 697 3971 748 καὶ

2370 778 2403 847 ὴ
2430 776 2668 843 ἔντευξις
2692 776 2833 831 κατὰ
2853 775 2915 830 τὸ
2946 776 3301 847 ὀφειλόμενον
3323 796 3337 811 ·
3370 779 3509 845 πρὸς
3538 782 3594 835 δὲ
3617 784 3708 835 τὸν
3741 786 3971 855 ἀνόμως

2372 867 2792 937 στεφανώσαντα
2837 868 2929 920 τὸν
2982 868 3348 939 μοιχεύσαντα
3378 872 3521 925 κατά
3550 873 3641 925 τὸν
3669 874 3833 942 λόγον
3870 873 3967 929 τοῦ

2370 960 2615 1030 Κυρίου⁸
2676 960 2814 1031 πρὸς
2864 959 2954 1012 τὸν
2996 959 3351 1031 τολμήσαντα
3403 964 3729 1032 τηλικούτου
3785 966 3967 1021 κακοῦ

2372 1049 2644 1120 ὑπουργὸν
2694 1050 2948 1119 γενέσθαι
2982 1052 3075 1105 καὶ
3112 1044 3416 1125 βεϐαιωτὴν
3467 1054 3559 1107 ἐπὶ
3606 1055 3700 1108 τοῦ
3750 1058 3967 1127 κόσμου

2370 1141 2590 1205 παντὸς,
2621 1140 2680 1194 δν
2708 1142 2947 1212 καθῆρεν
2973 1143 3139 1206 αὐτὸς
3184 1145 3212 1197 ό
3242 1143 3498 1215 Χριστὸς,
3550 1147 3673 1200 δυσὶ
3729 1151 3965 1202 κανόσιν

2369 1233 2735 1297 ὑποπεσόντα,
2764 1236 2884 1287 ἐπεὶ
2914 1235 3009 1288 καὶ
3034 1234 3213 1300 ἄλλοις
3236 1252 3250 1267 ο
3282 1237 3424 1292 κατὰ
3458 1237 3560 1309 μὲν
3586 1238 3679 1293 τὸν
3705 1240 3961 1312 πρῶτον,

2366 1324 2449 1377 ὃτι
2509 1322 2631 1377 οὐδὲ
2682 1324 3101 1395 ἑστιαθῆναιείς
3122 1328 3483 1399 διγαμοῦντος
3538 1331 3717 1403 γάμον
3777 1350 3969 1401 παρα-

2367 1416 2649 1485 χωροῦντα
2692 1416 2786 1469 τὸν
2840 1417 3249 1487 πρεσϐύτερον·
3305 1423 3385 1485 είς
3436 1422 3545 1494 γὰρ
3580 1424 3777 1494 μοιχοῦ
3830 1426 3967 1479 οὐδὲ

2366 1508 2666 1579 ἐτόλμησεν
2699 1512 2726 1561 ὁ
2756 1509 2937 1563 κανὼν
2962 1511 3190 1581 γράψαι,
3222 1512 3374 1584 πόσῳ
3412 1530 3476 1582 γε
3524 1514 3726 1585 μᾶλλον
3758 1534 3969 1587 στεφα-

2366 1600 2567 1667 νῶσαι;
2601 1600 2760 1655 Κατὰ
2812 1602 2867 1655 δὲ
2914 1602 3006 1655 τὸν
3052 1602 3322 1673 δεύτερον,
3358 1605 3439 1658 ὅτι
3470 1605 3562 1659 τὸν
3594 1607 3964 1663 ύποπεσόντα

2366 1694 2424 1748 ἒν
2450 1698 2557 1749 τινι
2593 1696 2895 1767 σφάλματι,
2920 1696 3019 1749 καὶ
3051 1696 3141 1750 διὰ
3173 1696 3333 1751 τοῦτο
3354 1698 3740 1769 ἀφορισθέντα,
3774 1703 3823 1754 εί
3882 1702 3965 1773 μὴ

2367 1784 2520 1847 ἐντὸς
2564 1785 2811 1839 ἐνιαυτοῦ
2860 1784 3259 1851 ἐπαγωνίζεται
3313 1789 3380 1857 τῇ
3431 1787 3609 1859 οίκείςρ⁸
3668 1788 3960 1853 συστάσει,

2368 1877 2468 1930 οὐκ
2498 1877 2617 1941 ἐξὸν
2646 1877 2727 1930 ἔτι
2752 1877 2935 1948 φωνὴν
2964 1877 3129 1931 αὐτοῦ
3160 1878 3579 1950 προσδεχθῆναι.
3619 1880 3679 1933 '0
3710 1881 3767 1934 δὲ
3799 1882 3965 1935 ἐννέα

2370 1969 2595 2039 χρόνους
2644 1968 2908 2039 ὑπερϐὰς.
2961 1970 3325 2037 είσεπήδησεν
3381 1973 3439 2024 ἐν
3502 1975 3568 2043 τῇ
3626 1971 3962 2044 Ἐκκλησία.

2369 2062 2433 2114 Et
2464 2056 2557 2113 οὖν
2591 2056 2743 2123 οὗτος
2779 2060 3046 2125 ἀναίτιος,
3078 2062 3257 2131 πολλῷ
3311 2063 3512 2133 μᾶλλον
3559 2066 3588 2117 ό
3635 2065 3959 2135 μοιχεύσας.

2371 2151 2432 2203 Εί
2456 2150 2513 2203 δὲ
2543 2152 2749 2213 ἐκεῖνος
2798 2150 2983 2221 ἔνοχος
3014 2151 3112 2221 τῆς
3166 2153 3460 2224 ἁμαρτίας,
3499 2154 3583 2219 τίς
3613 2156 3961 2226 ἀμφιϐάλλει

2370 2261 2433 2295 πε
2446 2244 2498 2314 pi.
2526 2242 2619 2296 τοῦ
2647 2243 3005 2309 συξεύξαντος
3033 2244 3127 2297 καὶ
3153 2246 3611 2316 δυσφημήσαντος
3657 2250 3805 2302 κατὰ
3854 2246 3959 2301 τοῦ

2369 2337 2526 2403 ἁγίου
2558 2335 2898 2405 Πνεύματος,
2927 2336 3001 2399 ὡς
3032 2337 3151 2407 οὐχὶ
3191 2337 3550 2409 ἑναγέστερος
3595 2340 3691 2392 καὶ
3725 2339 3961 2411 βεϐηλό-

2367 2442 2521 2495 τερος
2544 2444 2559 2491 ς

2438 2516 2624 2569 Ταῦτά
2646 2520 2781 2583 ἐστι,
2811 2517 2993 2587 Πάτερ
3019 2518 3164 2585 ᾰγιε,
3195 2516 3264 2571 τὰ
3296 2516 3567 2585 φοϐοῦντα
3599 2519 3697 2572 καὶ
3723 2519 3955 2573 συστέλο

2368 2605 2527 2661 λοντα
2557 2608 2713 2678 ἡμῶν
2748 2609 2845 2677 τὴν
2875 2608 3124 2677 καρδίαν.
3158 2607 3266 2660 Καὶ
3292 2608 3377 2661 διὰ
3400 2608 3572 2661 ταῦτα
3615 2609 3753 2679 πρὸς
3780 2610 3842 2663 τὸ
3870 2611 3953 2680 μὴ

2370 2700 2648 2752 κοινωνεῖν
2665 2698 2813 2767 αύτῷ
2832 2714 2890 2751 τε
2913 2697 3107 2768 καὶτῷ
3132 2714 3423 2769 προηγησα
3431 2698 3577 2770 μένῳ
3612 2701 3951 2773 πατριάρχῃ,

2368 2791 2507 2846 ἐπὰν
2561 2790 2837 2861 μετεδίδου
2888 2788 2968 2859 τῷ
3020 2788 3371 2860 μοιχεύσαντι
3404 2805 3420 2821 ’
3478 2789 3951 2861 άπεκλείσθημεν,

2368 2881 2479 2950 ἐγὼ
2512 2882 2611 2953 μὲν
2639 2884 2696 2935 ὲν
2723 2874 2767 2950 ᾧ
2796 2880 3004 2953 καθέζῃ
3030 2882 3199 2953 τόπῳ·
3237 2883 3266 2935 ό
3294 2880 3599 2953 ἡγούμενος
3649 2882 3710 2937 δὲ
3749 2886 3845 2937 καὶ
3902 2884 3954 2936 οι

2367 2975 2544 3027 λοιποὶ
2584 2977 2643 3028 ὲν
2682 2974 3055 3047 Θεσσαλονίκῃ
3083 2974 3560 3046 ὑπερορισθέντες.
3588 2976 3731 3028 Ἀλλ’
3760 2977 3789 3029 ό
3818 2974 3953 3039 Θεὸς

2369 3066 2531 3120 πάλιν
2554 3067 3116 3137 ὲπισυνήγαγενήμᾶς
3149 3068 3335 3137 εὐχαῖς
3366 3083 3482 3120 σου·
3504 3068 3600 3121 καὶ
3623 3069 3734 3120 οὐδ’
3751 3066 3951 3130 οὕτως,

2368 3157 2445 3220 ὡς
2503 3157 2713 3228 ἔτυχεν,
2774 3157 3067 3229 ὴνώθημεν
3109 3158 3188 3229 τῷ
3220 3159 3557 3232 πατριάρχῃ.
3594 3162 3643 3212 εί
3688 3160 3764 3229 μὴ
3804 3159 3955 3229 ὼμο⁴

2365 3247 2563 3316 λόγησε
2609 3247 2789 3311 καλῶς
2823 3250 2967 3318 ἡμᾶς
3021 3250 3404 3321 πεποιηκέναι.
3452 3251 3581 3303 Ἐὰν
3628 3249 3726 3303 οὖν
3779 3251 3865 3303 ὅτε
3914 3250 3951 3319 ἡ

2369 3338 2583 3409 μοιχεία
2630 3336 2719 3410 ἦν,
2774 3342 2869 3393 καὶ
2920 3343 2951 3411 ἡ
3008 3341 3116 3394 τῶν
3164 3342 3406 3396 κανόνων
3442 3342 3791 3413 παράϐασις,
3848 3343 3953 3414 οὐχ

2366 3430 2751 3501 ὑπεστάλημεν
2801 3431 3029 3500 δυνάμει
3083 3433 3219 3486 Θεοῦ
3250 3451 3263 3465 ·
3322 3434 3442 3500 πῶς
3491 3431 3585 3489 οὖν
3647 3436 3799 3507 άρτι,
3854 3434 3950 3488 ὅτε

2364 3522 2663 3577 εύσεϐοὗσά
2692 3524 2838 3576 ἐστιν
2867 3523 2899 3592 ὴ
2925 3522 3189 3592 βατιλεία,
3215 3526 3403 3579 ἕνεκεν
3424 3526 3543 3590 ἑνὸς
3565 3525 3951 3597 πρεσϐυτέρου

2366 3614 2894 3687 ὑποσταλησόμεθα,
2949 3620 3046 3668 καὶ
3099 3617 3453 3688 προδώσομεν
3502 3619 3601 3690 τὴν
3659 3619 3949 3689 ἀλήθειαν,

2366 3710 2763 3774 κινδυνεύοντες
2792 3710 2933 3765 κατά
2969 3710 3190 3779 virumn;
3242 3710 3528 3781 Οὐδαμῶς,
3569 3711 3707 3766 ἀλλὰ
3767 3715 3950 3765 πάντα

2363 3802 2495 3872 ἡμῖν
2522 3802 2731 3872 φορητὰ
2760 3802 2920 3872 μέχρι
2951 3800 3256 3872 θανάτου,ῆ
3284 3805 3578 3873 μετασχεῖν
3602 3805 3703 3873 τῆς
3730 3803 3947 3857 ἐκείνου

2365 3894 2669 3958 κοινωνίας,
2698 3894 2794 3949 καὶ
2816 3892 2926 3945 τῶν
2980 3894 3176 3962 ἐκείνῳ
3208 3894 3768 3965 συλλειτουργούντων
3793 3912 3808 3926 ·
3844 3894 3953 3958 ἕως

2363 3985 2430 4038 ἂν
2487 3982 2675 4057 παύσῃ
2717 3983 3066 4055 ἱερουργίας,
3116 3985 3309 4057 ὥσπερ
3361 3987 3458 4040 ἐπὶ
3502 3986 3598 4041 τοῦ
3652 3988 3946 4059 προτέρω.

2368 4076 2546 4128 Ἔστω
2576 4074 2881 4145 οίκονόμος’
2907 4075 2957 4127 τί
2986 4076 3080 4127 καὶ
3100 4076 3336 4142 άναξίως
3365 4078 3669 4149 ίερουργεῖ;
3698 4080 3949 4145 Ἐξέλιπι

2365 4168 2754 4238 πρεσϐύτερος.
2775 4167 2837 4220 El
2858 4166 2915 4221 δὲ
2943 4167 3098 4221 οὐδὲν
3126 4168 3277 4220 δοκεῖ
3304 4172 3417 4233 τοῖς
3440 4170 3950 4244 συλλειτουργοῦσιν

2364 4260 2534 4329 αὐτῷ,
2592 4260 2815 4329 ὄψονται
2860 4254 3052 4329 ἐφόἷς
3108 4260 3429 4330 πράττουσι.
3489 4262 3791 4318 Φείσωνται
3846 4263 3951 4332 τῆς

2365 4353 2519 4422 ἡμῶν
2551 4352 2955 4417 ταπεινώσεως,
3007 4351 3370 4423 στεργόντων,
3406 4353 3501 4406 καὶ
3535 4355 3703 4426 μηδὲν
3726 4358 3831 4420 ἕως
3852 4355 3948 4409 τοῦ

2366 4444 2631 4514 παρόντος
2691 4443 3062 4512 λαλησάντων,
3094 4442 3209 4497 ἀλλ’
3244 4445 3719 4515 οἰκονομησάντων
3751 4450 3810 4501 ὲν
3836 4448 3949 4509 τοίς

686 4553 861 4609 usque
904 4538 1048 4593 diem
1106 4537 1270 4593 locuti
1324 4555 1553 4594 sumus:
1593 4539 1689 4594 sed
1744 4538 1964 4594 biennio
1998 4554 2099 4593 nos
2145 4548 2259 4593 toto

2366 4536 2514 4590 δυσὶν
2546 4534 2691 4588 ἔτεσι
2728 4534 2965 4599 τούτοις,
2990 4534 3050 4599 ἐξ
3078 4536 3200 4589 ὅτου
3254 4534 3503 4605 είσῆλθον
3538 4535 3616 4609 [in
3661 4553 3767 4594 ms.
3811 4537 3947 4609 Reg.

684 4631 1079 4697 continuimus,
1122 4647 1186 4687 ex
1223 4648 1331 4701 quo
1362 4632 1591 4703 ingressi
1620 4642 1747 4687 sunt
1780 4639 1837 4686 ut
1872 4632 2116 4701 pacatius
2154 4631 2258 4687 hoc

686 4725 848 4779 modo
898 4726 1227 4779 viveremus.
1287 4724 1499 4779 Domini
1546 4724 1717 4779 nostri
1765 4733 1893 4778 sunt
1936 4723 2128 4793 Optimi
2169 4737 2257 4778 se-

684 4822 937 4884 questres
985 4821 1041 4869 et
1068 4813 1258 4869 arbitri
1304 4815 1595 4884 aequitatis,
1639 4829 1827 4869 eorum
1872 4814 2115 4870 fautores
2164 4814 2256 4883 qui

684 4904 969 4961 veritatem
1004 4905 1173 4960 libere
1200 4906 1525 4973 defendunt,
1556 4906 1697 4961 sicut
1720 4907 2013 4962 venerabili
2040 4920 2132 4960 ore
2161 4920 2259 4960 suo

685 5011 829 5066 saepe
858 4996 1209 5051 denuntiant.
1265 4995 1467 5052 Ferant
1497 4998 1810 5053 sacerdotes
1836 5007 1895 5052 ut
1936 5012 2118 5052 sacros
2163 4996 2261 5051 ho-

684 5088 860 5143 mines
889 5089 1076 5154 decet,
1121 5098 1215 5143 aut
1240 5089 1343 5160 ipsi
1393 5091 1841 5160 persuadebunt,
1875 5100 1968 5144 aut
2000 5091 2103 5145 illis
2136 5104 2262 5159 per-

682 5180 1018 5235 suadebitur.
1046 5179 1142 5235 Sin
1168 5181 1364 5236 horum
1394 5182 1561 5248 nihil,
1596 5184 1693 5239 sed
1717 5198 1784 5239 ne
1812 5183 2011 5238 mutire
2039 5183 2258 5252 quidem

683 5286 786 5326 nos
815 5271 1102 5327 ferendum
1148 5282 1385 5343 putant;
1432 5273 1576 5329 Deus
1604 5274 1886 5340 intuetur,
1938 5291 2048 5346 quo
2090 5276 2261 5346 major

684 5372 767 5417 est
794 5377 977 5429 nemo,
1030 5365 1187 5435 cujus
1230 5364 1399 5421 solius
1435 5375 1609 5420 terror
1642 5375 1727 5421 est
1769 5366 2156 5431 formidabilis,
2202 5379 2257 5422 et

686 5454 919 5509 tr‘rbunal
978 5455 1139 5521 illud,
1199 5456 1286 5511 cui
1338 5455 1597 5511 sislemur
1650 5472 1844 5512 omnes
1890 5458 1957 5512 de
2001 5457 2256 5511 omnibus

679 5544 984 5614 judicandi.
1043 5546 1314 5602 Crterum
1368 5563 1591 5604 oramus
1636 5548 1933 5605 bonitatem
1988 5557 2163 5613 tuam,
2202 5558 2256 5603 et

684 5642 938 5704 tanquam
978 5636 1146 5692 sacris
1189 5636 1430 5706 vestigiis
1478 5638 1588 5695 tuis
1628 5638 1870 5695 advoluti
1909 5640 2256 5695 obsecramus

770 5832 814 5863 ⁸³
853 5830 1019 5886 Cone.
1062 5830 1302 5889 Neocaes.
1338 5852 1457 5891 can.
1509 5840 1557 5891 7.

2358 4627 2631 4700 εἰσῆλθεν]
2659 4644 2673 4659 ⁸
2700 4628 2786 4679 ἵνα
2823 4625 2995 4688 οὓτως
3022 4627 3447 4700 εἰρηνικώτερον
3471 4628 3857 4701 διεξέλθωμεν.
3882 4631 3949 4683 Ol

2357 4722 2615 4774 δεσπόται
2657 4719 2812 4790 ἡμῶν
2840 4718 2890 4770 οἱ
2944 4717 3162 4786 ἀγαθοὶ,
3218 4722 3437 4789 μεσῖται
3487 4723 3583 4774 καὶ
3627 4724 3814 4792 κριταὶ
3851 4720 3949 4776 τοῦ

2358 4812 2591 4866 δικαίου*
2627 4812 2851 4881 φιληταὶ
2888 4812 2997 4865 τῶν
3044 4812 3574 4883 παρρησιαζομένων
3611 4815 3668 4865 ἑν
3696 4813 3946 4883 ἀληθείᾳ·

2358 4904 2434 4967 ὡς
2465 4904 2598 4956 αὐτὸ
2629 4904 2690 4955 τὸ
2722 4904 2903 4973 τίμιον
2933 4903 3113 4958 αὐτῶν
3137 4906 3313 4974 στόμα
3338 4904 3599 4966 πολλάκις
3616 4903 3945 4975 διαγορεύει.

2373 4995 2701 5063 Ἐνέγκωσιν
2731 4996 2778 5048 οἱ
2813 4996 2979 5066 ἱερεῖς
3014 4996 3194 5067 ίερῶς,
3230 4996 3265 5067 ἢ
3310 4997 3612 5058 πείσουσιν,
3648 4995 3681 5065 ἢ
3714 4996 3943 5068 πεισθή-

2361 5105 2565 5142 σονται.
2614 5088 2677 5141 Et
2738 5089 2795 5143 δὲ
2842 5088 2996 5142 οὐδὲν
3037 5087 3299 5154 τοιοῦτον,
3331 5086 3466 5140 ἀλλὰ
3513 5087 3607 5139 καὶ
3656 5085 3719 5138 τὸ
3747 5086 3948 5157 γρύξαι

2360 5182 2522 5251 μόνον
2554 5183 2701 5252 ἡμᾶς
2728 5182 2827 5235 οὐκ
2863 5181 3109 5238 ἀνεκτόν·
3133 5180 3263 5245 Θεὸς
3296 5181 3492 5249 ἐφορᾷ,
3527 5172 3588 5231 οὗ
3622 5177 3826 5248 μείζων
3858 5176 3951 5230 ού-

2356 5274 2465 5337 δεῐς
2513 5269 2574 5329 οὗ
2611 5276 2770 5345 μόνος
2792 5277 2820 5329 ὁ
2852 5275 3017 5344 φόϐος
3050 5274 3301 5345 φοϐερὸς,
3336 5273 3430 5326 καὶ
3450 5272 3511 5324 τὸ
3538 5272 3656 5323 ἐκεῖ
3690 5269 3951 5339 δικαστή-

2365 5384 2503 5439 ριον,
2541 5362 2586 5435 ᾧ
2630 5370 2831 5429 πάντες
2888 5365 3356 5437 παραστησόμεθα
3406 5363 3757 5433 εὐθυνόμενοι
3804 5363 3949 5415 κατὰ

2365 5458 2562 5512 πάντα.
2602 5458 2765 5511 Ἀλλά
2810 5457 3044 5526 δεόμεθά
3099 5473 3193 5509 σου
3233 5456 3334 5527 τῆς
3365 5454 3718 5525 ἀγαθὸτητος,
3751 5454 3844 5506 καὶ
3869 5451 3948 5514 ὡς

2365 5549 2845 5621 προκυλινδὸμενοι
2900 5551 3012 5612 τοῖς
3072 5549 3274 5620 τιμίοις
3306 5565 3401 5601 σου
3461 5548 3654 5620 ῐχνεσι,
3693 5562 3949 5616 παρακα-

2366 5636 2563 5707 λοῦμεν
2592 5638 2685 5692 καὶ
2717 5636 3105 5709 ἀντιϐολοῦμεν
3140 5638 3364 5709 ποιῆσαι
3409 5637 3558 5703 ἔλεος
3613 5636 3732 5710 μεθ’
3760 5635 3946 5708 ὴμῶν,

1632 5839 1680 5868 ³⁵
1720 5837 1855 5892 Cod.
1892 5838 2040 5894 Eccl.
2078 5836 2265 5903 Μήοη
2299 5852 2417 5895 can.
2449 5840 2530 5894 70.
