4158 6510
245 438 357 503 9'73

1470 445 2017 505 EPISTOLARUM
2048 445 2194 505 LIB.
2230 445 2279 502 Ι.

3395 442 3499 505 974

236 550 341 603 καὶ
372 547 548 601 κοινὸν
581 546 767 615 ὄφελος
790 548 969 612 αὐτοῖς
995 564 1052 602 τε
1076 550 1189 612 τοῖς
1221 548 1502 604 εύσεϐέσιν
1533 552 1689 623 ἡμῶν
1723 552 1819 621 βα-

1925 553 2408 621 obtestamurque,
2448 558 2507 604 ut
2542 548 2970 605 misericordiam
2997 548 3153 604 nobis
3183 547 3465 619 impertias
3485 588 3501 611 ,

237 639 476 702 σιλεῦσι,
506 638 583 709 τῷ
627 655 686 691 τε
739 641 1024 711 ἁγιωτάτῳ
1050 644 1382 713 πατριάρχῃ,
1440 643 1536 696 καὶ
1570 645 1721 716 πάσῃ
1748 647 1814 715 τῇ

252 731 575 801 Ἐκκλησία,
611 730 673 785 οὐ
700 735 765 801 τῇ
788 731 910 785 καθ’
940 734 1086 804 ήμᾶς
1117 735 1302 803 μόνον,
1325 735 1459 787 ἀλλὰ
1490 736 1584 789 καὶ
1616 739 1680 807 τῇ
1717 735 1817 789 άνά

239 826 429 874 πᾶσαν
475 820 575 892 τὴν
602 821 929 891 οἰκουμένην
956 838 971 853 ·
1000 825 1085 875 ἵνα
1127 823 1307 895 παύσῃ
1341 825 1368 876 ὀ
1418 822 1497 887 εἷς
1534 827 1612 889 είς
1654 826 1817 891 δόξαν

238 912 409 975 Θεοῦ,
468 914 562 965 καὶ
610 912 683 983 μὴ
730 913 976 983 ταραχθῇ
1012 915 1045 984 ἠ
1076 913 1239 967 αὐτοῦ
1270 913 1589 983 Ἐκκλησία.
1646 915 1709 968 El
1762 915 1818 969 δὲ

244 1004 325 1073 μή
342 1019 427 1071 γε,
453 1002 591 1056 ἀλλὰ
611 1004 669 1057 τό
688 1019 751 1072 γε
782 1004 1059 1073 δεύτερον,
1089 1006 1150 1057 τὸ
1172 1007 1447 1075 ἐπιμεῖναι
1473 1006 1619 1075 ἡμᾶς
1648 1008 1705 1058 ὲν
1742 1005 1818 1075 τῷ

240 1094 397 1163 αὐτῷ
426 1093 679 1165 καθάπερ
709 1098 764 1149 ἐν
813 1098 926 1159 τοῖς
973 1096 1104 1149 δέκα
1154 1097 1301 1149 ἔτεσι
1330 1097 1564 1161 τούτοις.
1616 1100 1680 1151 υἱ
1710 1099 1818 1169 γὰρ

240 1184 447 1249 λοιποὶ,
470 1185 572 1239 κᾶν
592 1185 773 1256 μυρίοι
793 1178 948 1250 ὦσιν,
969 1186 1216 1258 ίεράρχαι
1239 1186 1332 1240 καὶ
1357 1188 1519 1259 ἱερεῖς
1545 1188 1637 1241 καὶ
1662 1187 1819 1258 ἡγού-

244 1296 402 1348 μενοι
441 1280 490 1331 οί
519 1277 897 1343 κοινωνοῦντες
922 1278 1087 1349 αὐτῷ,
1112 1280 1173 1332 οὑ
1205 1280 1536 1350 θαυμαστόν·
1565 1280 1690 1333 ἐπεὶ
1722 1279 1819 1333 καὶ

242 1372 403 1425 αὐτοὶ
424 1370 683 1441 συνῆλθον
711 1370 787 1442 τῷ
820 1372 1193 1441 μοιχεύσαντι-
1224 1373 1317 1425 καὶ
1345 1372 1522 1435 οὐδείς
1568 1389 1624 1424 τι
1662 1370 1817 1426 λελά-

241 1464 403 1535 ληκε.
436 1464 618 1518 Ταῦτα
643 1462 775 1527 Θεὸς
803 1463 872 1517 δι’
904 1462 1083 1534 ήμῶν,
1112 1465 1205 1517 καὶ
1237 1464 1287 1516 εἰ
1313 1464 1588 1534 τολμηρὸν
1622 1466 1815 1528 εἰπεῖν,

243 1555 345 1606 καὶ
392 1554 720 1625 παρακαλεῖ,
762 1555 855 1608 καὶ
912 1553 1375 1626 προσφθέγγεται,
1436 1553 1533 1608 καὶ
1579 1554 1653 1619 ὡς
1709 1571 1817 1608 κε-

242 1645 451 1711 λεύεις.

707 1821 832 1877 KB'.
860 1854 931 1865 —
960 1824 1044 1890 Τῷ
1070 1824 1250 1891 αὐτῷ.
1287 1822 1415 1897 [μ’.]

1920 653 1973 697 et
1995 658 2284 697 commune
2333 644 2759 698 emolumentum
2794 654 2901 698 tam
2942 644 3045 715 piis
3075 644 3501 712 imperatoribus

1919 733 2141 796 nostris,
2172 748 2334 802 quam
2368 734 2693 803 patriarchae
2726 734 3072 789 sanctissimo
3101 775 3113 797 ,
3158 744 3212 789 et
3243 735 3501 788 Ecclesia:

1918 825 2218 889 universas,
2249 841 2359 879 non
2403 826 2532 879 huic
2570 827 2743 880 solum
2786 841 2905 894 qum
2947 826 3087 895 apud
3126 841 3225 879 nos
3268 834 3370 890 est,
3409 826 3506 879 sed

1918 931 2039 985 quae
2083 931 2182 984 per
2222 924 2395 969 totum
2436 917 2624 971 orbem
2647 956 2662 981 ,
2696 924 2757 970 ut
2790 932 2929 971 unus
2958 932 3017 971 se
3041 917 3255 970 abdicet
3276 917 3341 970 ad
3389 916 3505 987 glo-

1918 1008 2051 1062 riam
2101 1007 2225 1073 Dei,
2266 1017 2323 1062 et
2362 1023 2472 1061 non
2516 1009 2865 1077 perturbetur
2922 1009 3041 1078 ejus
3094 1008 3361 1064 Ecclesia.
3408 1008 3503 1061 Sin

1918 1100 2125 1163 minus,
2153 1109 2209 1154 at
2241 1100 2431 1154 saltem
2462 1100 2566 1155 hoc
2590 1100 2886 1154 secundum
2911 1144 2925 1166 ,
2964 1110 3023 1154 ut
3053 1116 3372 1155 maneamus
3402 1114 3504 1154 nos

1918 1189 1973 1245 in
2000 1191 2189 1245 eodem
2224 1200 2392 1254 statu,
2428 1208 2535 1261 quo
2565 1207 2661 1261 per
2698 1193 2884 1248 decem
2916 1192 3015 1246 hos
3047 1207 3240 1247 annos.
3270 1191 3404 1245 Nam
3434 1190 3503 1246 de

1918 1284 2159 1347 caeteris,
2209 1285 2458 1354 quamvis
2504 1285 2927 1341 innumerabiles
2954 1285 3065 1339 sint
3097 1283 3371 1354 episcopi,
3412 1299 3501 1337 sa-

1916 1372 2163 1428 cerdotes
2189 1412 2204 1436 ,
2259 1382 2313 1429 et
2365 1376 2641 1445 praepositi
2688 1377 2780 1445 qui
2809 1391 2932 1431 cum
2965 1391 3031 1429 eo
3060 1376 3501 1436 communicant,

1916 1462 2057 1517 nihil
2115 1464 2455 1531 mirandum,
2504 1467 2719 1536 quando
2756 1466 2972 1536 quidem
3025 1466 3189 1519 iidem
3222 1465 3325 1535 ipsi
3376 1479 3501 1519 cum

1916 1553 2166 1607 adultero
2218 1566 2633 1621 consenserunt,
2667 1569 2725 1610 et
2774 1571 2935 1610 nemo
2972 1556 3266 1625 quidquam
3290 1555 3501 1609 locutus

1916 1652 2017 1697 est.
2052 1643 2176 1698 Haec
2207 1644 2349 1699 Deus
2384 1661 2479 1715 per
2526 1662 2645 1713 nos,
2699 1648 2825 1702 licet
2864 1646 3040 1701 audax
3064 1647 3138 1701 sit
3164 1646 3406 1711 dictum,
3446 1656 3503 1701 et

1919 1734 2189 1802 hortatur,
2216 1746 2272 1791 et
2299 1738 2601 1799 denuntiat,
2630 1748 2687 1794 et
2710 1740 2851 1795 sicut
2874 1742 3053 1810 jubes.

2305 1827 2470 1882 XXII.
2498 1858 2561 1868 —-
2591 1828 2777 1882 Eidem
2810 1830 2947 1899 (20).

317 1938 432 1992 Kal.
467 1937 631 1992 πάλιν
660 1939 1037 2012 παρακαλέσαι
1074 1958 1169 1994 σου
1207 1941 1306 2013 τὴν
1339 1942 1614 2013 πατρικὴν
1645 1943 1814 2010 ἁγιω-

1992 1943 2058 1999 Et
2091 1944 2288 1999 iterum
2340 1946 2546 2001 hortari
2600 1956 2882 2018 paternam
2947 1944 3291 2000 sanctitatem
3354 1952 3500 2000 tuam

246 2032 442 2104 σύνην,
475 2031 641 2085 καλὸν
683 2034 1031 2106 ἡγησάμεθα,
1063 2034 1416 2089 ἐπιϐαλέσθαι
1449 2036 1647 2106 ἑαυτὴν
1688 2036 1823 2107 πρὸς

243 2126 311 2176 τὸ
352 2125 507 2195 κοινῇ
538 2123 816 2196 συμφέρον
840 2129 936 2180 καὶ
960 2125 1274 2180 λυσιτελοῦν
1304 2127 1592 2199 κράτιστα.
1620 2129 1693 2181 Οὐ
1715 2128 1823 2198 γάρ

248 2217 390 2287 πρὸς
413 2218 538 2281 τοὺς
564 2217 806 2282 εὐσεϐεῖς
831 2219 988 2289 ἡμῶν
1015 2219 1284 2281 δεσπότας
1303 2218 1331 2271 ὁ
1361 2218 1518 2287 λόγος
1548 2219 1647 2290 τῆς
1674 2222 1823 2273 ἀκοι-

249 2310 545 2379 νωνησίας,
589 2311 710 2364 οὐδὲ
760 2312 792 2381 ἡ
825 2312 974 2366 αἰτία
1006 2312 1107 2382 τῆς
1152 2313 1615 2383 ἀμφισϐητήσεως
1635 2351 1649 2373 ,
1682 2311 1824 2365 καθά

247 2404 743 2473 προγεγράφαμενο
779 2403 979 2474 μᾶλλον
1001 2404 1060 2457 δὲ
1090 2406 1122 2475 ἡ
1149 2404 1283 2474 τιμὴ
1319 2404 1413 2457 καὶ
1450 2405 1482 2476 ἡ
1513 2404 1823 2473 προσκύνη-

249 2510 361 2557 σις,
411 2495 446 2563 ή
494 2494 806 2559 ὑπόπτωσις
846 2497 941 2548 καὶ
984 2496 1016 2565 ὴ
1056 2495 1299 2561 ἔντευξις
1339 2494 1479 2549 κατὰ
1521 2495 1583 2548 τὸ
1616 2495 1826 2564 ὀφειλάς

252 2601 415 2654 μενον
434 2600 446 2613 ·
477 2586 611 2655 πρὸς
654 2585 712 2637 δὲ
755 2587 846 2639 τὸν
874 2586 1094 2656 ἀνόμως
1130 2587 1555 2655 στεφανώσαντα
1585 2587 1676 2640 τὸν
1706 2604 1824 2656 μοι·

249 2675 543 2746 χεύσαντα,
579 2676 721 2731 κατὰ
744 2677 834 2731 τὸν
859 2677 1019 2744 λόγον
1042 2677 1137 2732 τοῦ
1169 2678 1393 2746 Κυρίου’
1427 2678 1560 2747 πρὸς
1586 2679 1677 2732 τὸν
1706 2681 1825 2731 τολ-

252 2769 509 2838 μήσαντα
535 2766 861 2838 τηλικούτου
896 2768 1082 2822 κακοῦ
1130 2769 1403 2838 ὑπουργὸν
1437 2768 1687 2837 γενέσθαι
1730 2769 1824 2822 καὶ

252 2858 560 2930 βεϐαιωτὴν
604 2860 697 2911 ἐπὶ
735 2858 827 2912 τοῦ
859 2860 1067 2929 κόσμου
1096 2860 1317 2923 παντός.
1351 2861 1459 2912 Καὶ
1500 2860 1585 2913 ἵνα
1614 2860 1826 2930 ὲκδηλόο

248 2965 413 3020 τερον
455 2948 541 3019 εἴη
576 2948 638 3001 τὸ
665 2947 954 3017 λεγόμενον
987 2951 1047 3000 οὐ
1080 2949 1215 3018 πρὸς
1243 2948 1484 3019 διδαχὴν,
1520 2948 1654 3003 άλλά
1690 2950 1825 3019 πρὸς

252 3040 568 3109 ὑπόμνησιν
598 3037 791 3110 αὐτὴν,
816 3039 865 3091 εί
889 3037 1156 3104 κελεύεις,
1182 3039 1280 3111 τὴν
1315 3040 1456 3093 κατὰ
1496 3040 1595 3109 τὴν
1623 3057 1823 3109 στεφα-

249 3132 411 3200 νικὴν
437 3130 751 3200 συνάφειαν,
784 3130 935 3200 ἱεράν
966 3132 1269 3202 προσευχὴν
1295 3132 1705 3204 παραθήσομεν*
1732 3132 1826 3185 καὶ

249 3222 559 3293 κατίδωμεν
586 3221 853 3287 ἐντεῦθεν,
884 3224 1033 3284 ὅπως
1057 3221 1117 3286 ἐξ
1150 3223 1395 3286 ἐναντίας
1423 3224 1572 3295 αὐτῷ
1593 3222 1671 3294 τῷ
1693 3225 1826 3295 Χρι-

251 3315 388 3386 στῷ,
424 3316 474 3367 εί
518 3316 613 3369 καὶ
636 3314 907 3385 τολμηρὸν
934 3317 1126 3379 εἰπεῖν,
1145 3315 1546 3384 ἀντεφθέγξατο
1577 3318 1671 3370 καὶ
1699 3318 1826 3371 ἀντ-

250 3424 275 3459 ε
286 3407 572 3476 μαχήσατο
620 3405 708 3459 διὰ
733 3405 828 3459 τοῦ
856 3406 1086 3474 ἐναγοῦς
1126 3406 1291 3461 αὑτοῦ
1352 3409 1643 3479 στόματος,
1676 3410 1704 3462 ὁ
1730 3409 1827 3462 άν-

252 3501 443 3568 ἐνοχον
473 3497 665 3551 ἑαυτὸν
694 3497 1040 3561 ἀποδεικνύς.
1072 3497 1179 3551 Τοῦ
1215 3499 1453 3570 Χριστοῦ
1484 3502 1592 3571 γὰρ
1643 3499 1828 3571 μοιχὸν

250 3588 697 3651 ἁποκαλέσαντος
736 3587 829 3641 τὸν
866 3589 1096 3657 ἀφιέντα
1127 3590 1224 3660 τὴν
1254 3591 1497 3662 νομίμως
1542 3591 1828 3661 συναφθεῖ-

254 3698 363 3735 σαν
392 3680 549 3749 άνδρὶ
578 3682 833 3745 γυναῖκα⁹
862 3680 1076 3750 μοιχεία
1101 3680 1179 3745 δὲ,
1211 3681 1286 3746 ὠς
1310 3679 1485 3750 οἶσθα,
1510 3684 1571 3736 τὺ
1592 3685 1827 3755 χαλεπὶν

252 3772 589 3844 ἁμάρτημα,
616 3772 712 3827 καὶ
736 3770 1056 3842 ίσοδύναμον
1088 3772 1312 3842 φονέως,
1335 3774 1735 3847 ἁρῤενοφθόρου
1767 3792 1826 3829 τε

253 3866 354 3918 καὶ
386 3863 803 3935 ἀλογευομένου,
838 3862 1134 3936 φαρμακοῦ
1180 3881 1238 3917 τε
1273 3865 1371 3919 καὶ
1411 3865 1825 3938 εἰδωλολάτρουο

254 3957 405 4010 κατὰ
432 3955 524 4009 τὸν
554 3955 759 4010 κανόνα
789 3954 884 4009 τοῦ
924 3954 1070 4008 θείου
1115 3955 1421 4010 Βασιλείουο
1451 3958 1614 4021 αὐτὸς
1640 3958 1828 4011 τοῦτον

252 4047 338 4119 τῷ
375 4047 747 4119 θυσιαστηρίῳ
770 4050 1150 4120 παραστήσας,
1170 4050 1224 4102 ὲν
1257 4050 1479 4121 ἐπηκόῳ
1510 4051 1708 4113 παντὸς
1734 4049 1826 4103 τοῦ

253 4136 414 4203 λαοῦ,
450 4136 713 4208 ἐτόλμησε
747 4139 907 4209 ῥῆξαι
938 4140 1036 4204 τὰς
1071 4139 1334 4213 βεϐήλους
1378 4142 1557 4210 φωνὰς
1590 4143 1825 4205 ἐκείνας·

254 4231 355 4284 καὶ
382 4232 769 4301 σκοπήσωμεν,
800 4232 1003 4303 Πάτερ,
1035 4234 1355 4304 παρακαλῶ,
1382 4235 1444 4287 τὸ
1476 4234 1706 4305 φοϐερὸν
1735 4235 1829 4287 καὶ

256 4322 509 4374 ἔκτοπον
545 4320 659 4391 ἔχει
685 4321 794 4391 γὰρ
823 4321 1015 4385 οὕτως’
1061 4340 1081 4374 ι
1117 4322 1310 4388 Αὐτὸς,
1347 4323 1612 4387 Δέσποτα,
1638 4325 1829 4390 ἑξαπό-

257 4413 468 4466 στειλον
500 4412 597 4483 τὴν
628 4413 785 4483 χεῖρά
833 4430 925 4466 σου
972 4413 1033 4478 ἐξ
1076 4414 1232 4482 ἁγίου
1265 4415 1685 4485 κατοικητηρίου
1734 4433 1826 4468 σου

256 4507 355 4557 καὶ
386 4502 625 4573 ἅρμοσον
658 4503 736 4574 τῷ
760 4503 934 4574 δούλῳ
959 4521 1054 4558 σου
1082 4506 1183 4575 τὴν
1211 4506 1405 4577 δούλην
1436 4508 1827 4573 σου.Σύςευξον

1924 2036 2187 2106 optimum
2235 2037 2379 2091 factu
2426 2037 2602 2091 visum
2658 2047 2781 2102 est,
2816 2046 2876 2093 ut
2905 2052 2965 2092 se
2995 2037 3170 2108 ipsam
3200 2037 3400 2091 excitet
3432 2037 3501 2092 ad

1922 2127 1977 2183 id
1997 2129 2140 2199 quod
2157 2130 2429 2185 communi
2460 2131 2604 2186 bono
2632 2138 2795 2200 atque
2819 2130 3035 2186 utilitati
3059 2130 3317 2185 conducit
3334 2144 3498 2200 quam

1925 2222 2177 2276 maxime.
2212 2222 2325 2277 Non
2363 2224 2508 2277 enim
2542 2223 2803 2277 adversus
2851 2224 2970 2293 pios
3001 2222 3251 2278 dominos
3282 2232 3501 2276 nostros

1923 2314 2081 2367 nobis
2103 2328 2284 2368 sermo
2301 2323 2384 2368 est
2406 2315 2585 2369 vitata:
2607 2316 3031 2380 communionis,
3059 2330 3161 2369 nec
3181 2329 3342 2368 causa
3370 2328 3503 2367 cono

1925 2405 2227 2469 troversiae,
2254 2407 2393 2460 sicut
2409 2407 2521 2476 jam
2543 2407 2879 2478 scripsimus,
2898 2407 3079 2477 potius
3101 2414 3280 2461 autem
3301 2407 3497 2468 honor,

1922 2494 2227 2559 veneratio,
2262 2502 2316 2548 et
2343 2495 2667 2561 submissio,
2699 2505 2754 2550 et
2788 2511 3145 2568 congressus,
3197 2503 3357 2565 prout
3410 2508 3499 2548 res

1923 2585 2091 2655 exigit
2120 2602 2135 2639 :
2165 2586 2258 2640 sed
2291 2587 2556 2641 adversus
2588 2587 2741 2641 illum
2790 2587 2880 2656 qui
2920 2596 3116 2657 praeter
3164 2586 3255 2657 jus
3310 2585 3499 2655 fasque

1924 2689 2107 2740 omne,
2138 2675 2483 2730 manifestum
2523 2692 2589 2730 ex
2624 2676 2836 2731 Domini
2878 2676 3147 2731 sententia
3186 2674 3495 2730 adulterum

1926 2765 2212 2819 coronavit
2250 2781 2263 2817 :
2300 2766 2561 2820 adversus
2592 2780 2716 2819 eum
2750 2765 2840 2834 qui
2870 2779 3034 2818 ausus
3083 2773 3166 2818 est
3201 2764 3332 2817 tanti
3376 2777 3497 2817 sce-

1926 2854 2057 2908 leris
2104 2855 2321 2924 adjutor
2348 2863 2403 2909 et
2434 2865 2671 2909 assertor
2700 2870 2881 2910 coram
2910 2856 3041 2910 orbe
3074 2856 3329 2910 universo
3357 2854 3495 2909 ﬁeri.

1924 2947 2101 3016 Atque
2129 2954 2188 2999 ut
2218 2947 2386 3017 magis
2416 2948 2761 3017 perspicuum
2794 2947 3043 3016 ﬁatquod
3060 2947 3311 3010 dicimus,
3330 2946 3494 3014 ipsas,

1926 3036 1971 3089 si
2000 3036 2210 3104 placet,
2247 3051 2367 3105 quae
2415 3038 2466 3090 in
2503 3052 2717 3092 coronae
2773 3039 3115 3107 impositione
3169 3045 3499 3106 usurpantur

1926 3141 2107 3180 sacras
2134 3142 2342 3196 preces,
2395 3143 2505 3182 non
2541 3129 2771 3184 docendi
2809 3130 2988 3183 studio
3012 3169 3026 3193 ,
3084 3128 3179 3182 sed
3222 3127 3499 3183 memoria:

1928 3218 2252 3272 renovanda:
2269 3233 2451 3285 causa,
2471 3219 2826 3289 subjiciemus
2853 3238 2866 3273 :
2890 3235 2957 3275 ex
2987 3235 3094 3289 quo
3108 3219 3292 3274 videre
3314 3218 3495 3282 liceat,

1928 3310 2383 3378 quemadmodum
2411 3325 2477 3364 ex
2505 3310 2774 3365 diametro
2803 3308 3019 3364 Christo
3046 3309 3152 3379 ipsi
3179 3350 3194 3373 ,
3249 3307 3497 3378 quamvis

1928 3400 2076 3454 dictu
2105 3402 2451 3456 temerarium
2481 3402 2571 3467 sit,
2617 3404 3017 3473 repugnaverit,
3051 3402 3372 3471 impuroque
3402 3414 3498 3454 ore

1929 3504 2029 3545 suo
2058 3491 2470 3555 contradixerit,
2502 3492 2594 3562 qui
2640 3495 2914 3546 insontem
2965 3506 3024 3545 se
3066 3506 3187 3545 esse
3220 3490 3497 3561 professus

1929 3590 2031 3637 est.
2070 3581 2206 3636 Cum
2247 3583 2391 3636 enim
2429 3583 2684 3637 Christus
2708 3583 3012 3636 adulterum
3044 3592 3198 3637 vocet
3228 3597 3375 3647 eum,
3403 3582 3497 3652 qui

1929 3676 2215 3746 conjugem
2244 3674 2482 3746 legitime
2510 3674 2627 3729 viro
2676 3675 3020 3745 conjunctam
3052 3674 3293 3741 dimisit,
3344 3673 3498 3729 adul-

1929 3768 2259 3837 teriumque,
2300 3776 2359 3823 ut
2380 3767 2544 3833 nosti,
2576 3782 2738 3838 grave
2766 3768 2835 3823 sit
2859 3775 3160 3838 peccatum,
3188 3782 3289 3838 par
3322 3765 3499 3821 homi-

1928 3860 2079 3924 cidae,
2110 3862 2494 3926 masculorum,
2515 3863 2907 3929 brutornmque
2931 3861 3293 3923 concubitori,
3330 3874 3498 3915 vene-

1928 3949 2051 4017 ﬁco,
2082 3960 2242 4021 atque
2268 3952 2586 4018 idololatrae,
2608 3953 2759 4021 juxta
2778 3953 2943 4006 divini
2966 3951 3146 4006 Basilii
3177 3950 3497 4021 regulam";

1928 4042 2077 4097 hunc
2107 4043 2209 4097 iste
2246 4041 2314 4096 ad
2343 4043 2515 4097 altare
2564 4044 2890 4112 producens,
2924 4044 3071 4097 omni
3105 4043 3303 4114 populo
3329 4057 3497 4097 exau-

1928 4136 2148 4201 diente,
2207 4134 2466 4205 profanas
2526 4135 2645 4190 illas
2697 4150 2858 4189 voces
2892 4135 3133 4205 proferre
3182 4150 3349 4189 ausus
3378 4143 3497 4201 est,

1928 4228 2338 4283 consideremus
2375 4243 2582 4298 quaeso,
2610 4229 2787 4295 Pater,
2815 4244 2976 4298 quam
3004 4227 3273 4283 horrenda
3329 4242 3416 4282 res
3444 4237 3499 4282 et

1928 4319 2159 4373 absurda
2186 4318 2277 4381 sit,
2320 4317 2398 4372 sic
2426 4318 2570 4372 enim
2607 4318 2709 4371 illae
2738 4332 2796 4371 se
2828 4319 3029 4372 habent
3053 4337 3095 4371 ει
3119 4318 3222 4382 Tu,
3251 4319 3494 4379 Domine,

1929 4410 2082 4465 mitte
2123 4424 2339 4463 manum
2379 4418 2525 4463 tuam
2573 4410 2641 4463 de
2673 4418 2861 4464 sancto
2892 4409 3201 4464 habitacqu
3256 4418 3386 4473 tuo,
3444 4420 3499 4463 et

1929 4501 2186 4555 famulam
2219 4509 2365 4554 tuam
2398 4499 2602 4555 famulo
2626 4511 2719 4554 tuo
2744 4502 3031 4571 coniunge.
3062 4502 3335 4555 Connecte
3376 4500 3498 4555 illos

255 4595 456 4656 αὐτοὺς
496 4595 555 4647 ἐν
584 4594 953 4666 ὁμοφροσύνῃ.
1001 4595 1241 4649 ’Ἑνωσον
1287 4597 1485 4660 αὐτοὺς
1524 4598 1603 4660 είς
1646 4598 1825 4668 σάρκα

1932 4597 1986 4649 in
2010 4603 2196 4648 mutua
2215 4593 2527 4656 concordia,
2550 4594 2696 4648 socia
2722 4608 2815 4647 eos
2835 4594 2889 4647 in
2913 4608 3130 4648 carnem
3156 4609 3340 4659 unam,
3364 4607 3500 4661 quos

260 4684 415 4755 μίαν,
465 4683 558 4748 οὒς
599 4685 900 4755 εὐδόκησας
947 4686 1282 4755 ωναφθῆναι
1325 4686 1597 4759 ἀλλήλοις.
1634 4689 1828 4758 Τίμιον

256 4777 350 4831 τὸν
401 4777 577 4845 γάμον
625 4776 1213 4849 άνάδειξον,άμίαντον
1264 4779 1444 4833 αὐτῶν
1496 4779 1596 4849 τὴν
1644 4780 1831 4847 κοίτην

254 4866 612 4937 διατήρησον,
643 4867 976 4939 άκηλίδωτον
1012 4870 1193 4923 αὐτῶν
1226 4869 1325 4940 τὴν
1372 4872 1680 4941 συμϐίωσιν
1719 4871 1833 4924 δια-

261 4960 447 5029 μεῖναι
486 4958 795 5029 εὐδόκησον.
837 4979 856 5012 ι
885 4961 999 5013 Οὐκ
1030 4957 1139 5032 ἄρα
1172 4963 1407 5031 φρικτὸν
1443 4962 1537 5015 καὶ
1563 4964 1834 5033 ἀκουόμε-

258 5066 375 5112 νον,
405 5050 500 5102 καὶ
547 5049 928 5120 ὲννοούμενον;
965 5052 1131 5105 πόσον
1179 5055 1325 5106 ἐστὶν
1374 5053 1607 5107 ἐνταῦθα
1631 5055 1835 5109 ὑπολα-

262 5143 381 5213 βεῖν
412 5142 504 5197 τὸν
547 5143 922 5215 παροργισμὸν
974 5145 1067 5198 τοῦ
1108 5146 1266 5213 ἁγίου
1299 5145 1617 5216 Πνεύματος
1666 5149 1724 5201 ὲν
1768 5150 1832 5218 τῇ

256 5234 487 5304 τοιαύτῃ
536 5233 892 5305 βλασφημίᾳ,
933 5237 1352 5308 συνοργισθῆναί
1396 5255 1454 5290 τε
1484 5240 1609 5302 τοὺς
1646 5240 1835 5309 ἁγίους

260 5324 529 5392 ἀγγέλους
582 5325 641 5376 ὲν
684 5325 804 5385 ταῖς
833 5323 1183 5393 τηλικαύταις
1233 5325 1603 5396 δυσφημίαις;
1643 5327 1675 5398 ἢ
1715 5327 1833 5390 πῶς

259 5417 323 5469 οὐ
353 5414 690 5485 παραυτίκα,
719 5414 795 5477 ὼς
838 5414 928 5467 τὸν
966 5414 1145 5468 Δαθάν
1175 5416 1269 5469 καὶ
1308 5416 1591 5488 Ἀϐειρὼν,
1627 5418 1831 5471 ὑπέλα-

1930 4685 2025 4739 tibi
2061 4685 2237 4739 visum
2260 4694 2343 4738 est
2369 4683 2510 4738 inter
2532 4698 2591 4738 se
2623 4683 2882 4753 copulari,
2906 4684 3253 4737 honorabiles
3282 4684 3500 4753 noptias

1930 4777 2094 4832 redde
2130 4794 2144 4830 :
2180 4776 2580 4830 immaculatum
2608 4791 2794 4830 eorum
2827 4786 3005 4830 torum
3031 4792 3323 4832 conserva:
3352 4778 3498 4846 ipso-

1931 4884 2050 4923 rum
2081 4868 2496 4923 contubernium
2522 4867 2906 4921 intaminatum
2940 4882 3156 4921 manere
3188 4868 3443 4922 concede.
3474 4888 3493 4920 ι

1930 4960 2125 5014 Annon
2156 4959 2318 5030 igitur
2346 4959 2602 5013 horribile
2634 4967 2720 5013 est
2761 4958 2906 5028 quod
2952 4959 3200 5022 auditur,
3247 4960 3500 5028 quodque

1933 5052 2239 5123 cogitatur?
2296 5050 2565 5117 Quantam
2613 5052 2885 5105 aestimare
2938 5060 3021 5107 est
3051 5051 3223 5105 sancti
3268 5051 3499 5121 Spiritus

1930 5144 2356 5215 indignationem
2380 5159 2500 5199 esse
2520 5145 2589 5198 ob
2608 5143 2873 5213 ejusmodi
2893 5144 3317 5213 blasphemiam?
3336 5160 3498 5214 quam

1929 5236 2283 5291 vehementer
2305 5249 2632 5290 succensere
2668 5250 2773 5289 una
2800 5250 2990 5289 omnes
3036 5244 3251 5289 sanctos
3278 5237 3500 5306 angelos

1930 5328 1999 5383 ob
2029 5336 2234 5381 tantam
2274 5326 2654 5397 impietatem?
2686 5336 2741 5380 et
2769 5327 3039 5394 quomodo
3088 5341 3197 5379 non
3253 5328 3500 5396 protinus

1933 5418 2226 5474 dehiscens
2253 5427 2397 5472 terra
2427 5418 2719 5488 absorpsit,
2761 5418 2907 5472 velut
2948 5416 3155 5471 Dathan
3179 5426 3234 5471 ct
3270 5418 3495 5483 Abiron,

262 5507 359 5558 ϐεν
399 5506 432 5574 ἡ
468 5503 543 5573 γῆ
596 5504 807 5574 χάνασα
838 5504 929 5558 τὸν
973 5505 1260 5575 ὑφηγητὴν
1309 5506 1400 5559 τοῦ
1448 5506 1695 5573 ψεύδους,
1740 5516 1825 5563 καὶ

1937 5511 2395 5581 promulgatorem
2426 5510 2713 5575 mendacii,
2733 5510 2823 5580 qui
2854 5509 3103 5563 tenebras
3125 5508 3305 5562 lumen
3332 5508 3496 5571 dicat,

260 5594 547 5651 δεικνύντα
579 5594 640 5646 τὸ
685 5593 875 5657 σκότος
905 5595 1041 5662 φῶς,
1069 5598 1160 5648 καὶ
1192 5595 1284 5649 τὸν
1315 5597 1547 5666 Χριστὸν
1577 5598 1656 5661 είς
1684 5598 1835 5651 ἐναν-

329 5735 376 5766 ⁸⁸
409 5731 584 5803 Epist.
611 5734 675 5788 ad
706 5734 1074 5805 Amphiloch.,
1106 5750 1229 5791 can.
1264 5736 1293 5787 7

1938 5604 2030 5672 qui
2060 5602 2337 5657 Christum
2376 5604 2665 5674 pugnantia
2696 5603 3004 5672 loquentem
3034 5600 3211 5657 facere
3237 5598 3500 5656 conetur?

337 5827 453 5895 (‘20)
492 5827 610 5885 Haec
642 5844 857 5899 quoque
883 5830 1081 5898 scripta
1111 5840 1193 5889 est
1227 5830 1466 5887 Platonis
1492 5830 1732 5886 nomine.
1768 5827 1986 5898 (Baron.
2017 5846 2146 5887 ann.
2170 5830 2292 5895 808,
2324 5848 2377 5887 n.
2406 5832 2514 5893 l7.)
