4158 6470
666 418 770 479 975

1841 412 1899 467 S.
1936 406 2322 467 THEODORI
2373 408 2718 468 STUDITE

3788 412 3898 475 976

668 529 897 582 Prorsus
925 525 1071 579 enim
1099 537 1436 593 quaecunque
1467 521 1784 591 pronuntiat
1817 519 2091 583 sacerdos,
2133 534 2227 573 ea—

2355 520 2601 589 ἰολογίαν
2646 522 2965 592 περιπεσεῖν
2992 519 3365 592 πειρώμενον;
3401 523 3621 585 Πάντως
3654 523 3763 594 γὰρ
3802 525 3904 577 ὅσα

666 620 789 674 dem
818 617 961 671 Deus
988 615 1307 670 confirmare
1342 630 1422 675 se.
1469 622 1525 667 et
1558 622 1671 665 rata
1702 612 1900 665 habere
1922 610 2229 676 denuntiat,

669 721 728 766 ut
782 724 1010 780 magnus
1074 706 1302 761 afﬁrmat
1348 704 1655 774 Dionysius.
1710 702 1907 756 Verum
1951 702 2040 755 ille
2075 702 2233 771 longa

667 802 927 873 patientia
961 799 1198 869 pertulit,
1240 798 1439 851 ostium
1467 795 1800 865 paenitentiae
1832 794 2076 862 pandens
2099 792 2234 847 tanti

670 892 890 948 sceleris
918 905 1012 944 reo
1034 928 1049 954 ,
1100 889 1261 943 istum
1301 887 1499 941 deinde
1531 926 1545 949 ,
1604 900 1701 955 pro
1738 899 1804 937 eo
1832 884 1973 952 quod
2012 882 2140 937 flere
2172 896 2235 935 ac

671 986 854 1053 lugere
883 996 1055 1049 usque
1086 980 1149 1033 ad
1176 990 1403 1032 mortem
1434 976 1639 1039 debuit,
1666 983 1720 1028 ct
1752 972 2143 1027 abominandus
2172 987 2237 1027 ac

671 1076 1024 1132 detestandus
1050 1074 1116 1129 ad
1147 1072 1396 1127 vindicta:
1425 1070 1620 1125 divina:
1642 1068 1945 1137 exemplum
1972 1066 2111 1135 apud
2138 1080 2235 1135 po-

674 1179 847 1225 steros
869 1165 1080 1222 censeri
1104 1206 1118 1230 ,
1150 1177 1339 1217 rursus
1360 1163 1413 1215 in
1439 1161 1733 1215 Ecclesiam
1761 1159 2005 1221 introire,
2040 1166 2094 1211 et
2125 1172 2240 1209 rur-

675 1275 767 1313 sus
798 1257 1133 1313 sacerdotem
1157 1269 1275 1307 esse
1310 1252 1606 1322 propalam.
1644 1248 1803 1319 Ergo,
1835 1249 1986 1317 quasi
2012 1247 2236 1317 praecla-

675 1366 793 1406 rum
833 1348 1032 1417 aliquid
1065 1353 1367 1416 patrasset,
1418 1343 1692 1412 ingressus
1730 1350 1812 1394 est
1843 1357 1855 1393 :
1884 1340 2237 1408 devictusque

674 1443 945 1502 Christus,
976 1446 1037 1492 ut
1069 1436 1158 1506 qui
1191 1435 1446 1498 absurda,
1472 1433 1630 1485 istius
1662 1431 1880 1499 quidem
1913 1444 2027 1493 ore,
2054 1438 2229 1499 protuc

678 1531 845 1586 lisset.
886 1530 965 1583 Ac
996 1529 1262 1596 reliquum
1292 1532 1431 1586 erat,
1464 1533 1525 1577 ut
1555 1537 1641 1576 res
1672 1536 1767 1591 per
1800 1521 2073 1590 publicum
2120 1520 2241 1588 ejus

678 1620 1042 1675 sacerdotium
1092 1628 1202 1673 tota
1234 1615 1477 1670 Ecclesia
1524 1621 1708 1667 nostra
1750 1611 2119 1681 divulgaretur
2163 1610 2242 1663 fa-

679 1720 934 1779 ctumque
968 1723 1159 1763 omnes
1181 1705 1456 1761 communi
1484 1700 1737 1772 suffragio
1767 1700 2204 1769 comprobarent.

749 1800 889 1867 Quid
919 1800 1067 1854 enim
1097 1798 1243 1852 aliud
1274 1796 1515 1851 futurum
1541 1792 1865 1848 censemus?
1888 1793 1980 1846 sed
2003 1792 2164 1857 absit,
2190 1802 2244 1845 et

2330 615 2359 667 6
2389 616 2566 685 ίερεὺς
2597 614 2907 683 ὑποφαίνει,
2945 613 3119 667 ταῦτα
3167 614 3260 666 καὶ
3295 613 3428 677 Θεὸς
3478 613 3679 685 κυροῦν
3724 618 3907 685 ἐπαγ-

2330 704 2596 772 γέλλεται,
2632 706 2773 757 κατὰ
2804 704 2892 757 τὸν
2930 703 3107 773 μέγαν
3144 702 3443 757 Διονύσιον.
3492 704 3655 758 Ἀλλὰ
3687 724 3903 776 μακροο

2332 793 2520 864 θυμῶν
2580 796 2830 864 ἦνεγκεν,
2882 794 3191 861 ὑπανοίγων
3238 794 3411 863 θύραν
3469 798 3757 864 μετανοίας
3820 797 3904 866 τῷ

2333 886 2500 955 ἐνόχῳ
2540 886 2634 954 τῆς
2668 886 2959 953 ἁμαρτίας,
2992 879 3110 937 εἶτα
3152 886 3271 939 ἀντὶ
3295 884 3388 938 τοῦ
3420 885 3624 939 κλαίειν
3648 888 3743 939 καὶ
3774 903 3905 939 πεν⁸

2334 976 2448 1029 θεῖν
2497 976 2590 1029 τὸν
2643 977 2887 1028 τοιοῦτον
2939 977 3099 1046 μέχρι
3160 975 3414 1039 θανάτου,
3450 977 3797 1029 ἀπόπτυστον
3838 993 3902 1029 τε

2335 1063 2588 1120 εἶναικαὶ
2616 1069 2989 1137 ἀποτρόπαιον
3016 1070 3097 1131 είς
3118 1068 3423 1136 ὑπόδειγμα
3446 1070 3566 1130 ταῖς
3601 1072 3901 1138 μετέπειτα

2335 1162 2570 1227 γενεαῖς,
2608 1159 2759 1222 Θείας
2789 1160 3143 1229 ζηλοτυπίας
3182 1159 3344 1212 πάλιν
3388 1160 3445 1211 ὲν
3488 1162 3553 1230 τῇ
3603 1160 3905 1231 Ἐκκλησία

2336 1252 2620 1316 εἰσελθεῖν,
2675 1252 2769 1306 καὶ
2826 1253 2988 1305 πάλιν
3033 1253 3303 1323 ὑπάρχειν
3364 1253 3517 1321 ἱερέα
3570 1253 3901 1320 ἀναφανδόν.

2338 1343 2547 1397 Οὑκοῦν
2575 1344 2652 1407 ὡς
2681 1342 2845 1397 καλόν
2871 1360 2925 1396 τι
2955 1342 3255 1413 πεπραχὼς
3284 1343 3619 1414 εἰσελήλυθε·
3653 1345 3748 1396 καὶ
3772 1344 3907 1413 Χρι-

2341 1436 2461 1498 στὸς
2503 1436 2753 1504 ἥττηται,
2791 1435 2914 1487 κατ’
2961 1434 3129 1495 αὑτὴν
3178 1435 3506 1504 παραλόγως
3545 1435 3903 1506 διαγορεύων.

2341 1528 2449 1579 Kal.
2469 1527 2587 1579 δέον
2607 1526 2696 1579 διὰ
2724 1525 2823 1594 τῆς
2852 1528 2909 1580 ὲν
2932 1524 3009 1595 τῷ
3039 1525 3202 1595 κοινῷ
3236 1526 3547 1598 ἱερουργίας
3573 1526 3765 1591 αὑτοῦ,
3789 1527 3907 1579 δια-

2338 1619 2557 1687 δοθῆναι
2610 1619 2690 1680 είς
2739 1618 2922 1669 πᾶσαν
2952 1617 3049 1687 τὴν
3078 1617 3199 1669 καθ’
3241 1618 3388 1688 ἡμᾶς
3433 1617 3781 1687 Ἐκκλησίαν,
3810 1620 3908 1670 καὶ

2344 1707 2785 1774 συγκατανεὼαι
2817 1708 3025 1772 πάντας
3056 1709 3148 1762 ἐπὶ
3176 1710 3253 1780 τῷ
3278 1710 3505 1780 τοιούτῳ
3536 1710 3702 1781 ἔργῳ.

2414 1800 2479 1851 Τί
2511 1798 2619 1867 γὰρ
2651 1799 2777 1852 ἄλλο
2825 1802 2919 1853 καὶ
2965 1800 3026 1853 οὑ
3056 1799 3215 1853 τοῦτο
3243 1800 3576 1870 γενήσεται;
3622 1801 3789 1854 Ἀλλὰ
3831 1804 3909 1873 μὴ

682 1894 910 1948 fortasse
939 1891 1062 1945 talia
1095 1890 1352 1958 deinceps
1386 1902 1482 1957 per
1512 1885 1813 1955 improbam
1844 1884 2241 1940 aemulationem

2355 1891 2573 1958 γένοιτο.
2605 1893 2697 1943 Δεῖ
2720 1890 2777 1943 δὲ
2804 1891 2945 1961 τάχα
2974 1892 3038 1944 εκ
3064 1891 3380 1961 παραζῆλου
3413 1891 3520 1943 ἀπὸ
3545 1890 3640 1943 τοῦ
3668 1890 3831 1963 δεῦρο
3848 1892 3912 1945 τὸ

682 1985 797 2040 fieri
826 1990 1072 2054 oporteat
1099 2000 1111 2036 :
1133 1987 1463 2036 coronentur
1482 1975 1710 2032 adulteri
1733 2014 1747 2039 ,
1769 1985 1825 2030 et
1844 1975 1937 2044 qui
1960 1982 2243 2037 coronant,

682 2075 835 2147 quasi
867 2088 1120 2144 magnum
1160 2072 1376 2140 aliquod
1404 2070 1611 2124 facinus
1645 2067 1932 2130 ediderint,
1957 2066 2247 2134 multisque

683 2167 942 2239 prodesse
962 2205 977 2230 ,
1011 2174 1067 2219 et
1100 2164 1400 2219 uniformes
1430 2160 1565 2214 ritus
1589 2159 1845 2213 inducere
1870 2157 2097 2226 possint.
2137 2156 2246 2210 ιιο-

683 2258 909 2315 norifice
940 2258 1010 2311 ab
1042 2256 1297 2313 omnibus
1350 2252 1709 2321 excipiantur.
1772 2250 1877 2303 Sed
1924 2248 2065 2303 absit
2100 2265 2112 2300 :
2146 2261 2249 2301 nec

686 2351 831 2406 enim
864 2349 953 2403 ille
995 2347 1285 2412 sacerdos;
1334 2360 1435 2399 nec
1492 2342 1566 2397 illi
1610 2341 1701 2410 qui
1752 2341 1899 2395 illum
1949 2340 2247 2393 imitantur.

683 2442 870 2513 Neque
899 2458 1029 2497 vero
1050 2455 1172 2495 eum
1195 2436 1341 2492 fallat
1359 2434 1501 2505 quod
1534 2434 1828 2502 imperator
1857 2431 2065 2500 fuitqui
2099 2430 2251 2485 adul-

688 2537 883 2590 terium
904 2530 1195 2589 commisit.
1228 2528 1323 2583 Dei
1352 2527 1497 2583 enim
1515 2527 1658 2599 leges
1679 2524 1931 2579 omnibus
1961 2523 2248 2593 imperant,

689 2635 751 2680 nt
778 2625 1039 2693 scriptum
1070 2620 1241 2675 est".
1281 2617 1643 2671 Nihilominus
1675 2616 1763 2684 qui
1790 2624 1896 2668 tam
1924 2623 2118 2667 tetrum
2150 2613 2253 2666 hoc

688 2714 902 2770 facinus
933 2712 1189 2775 admisit,
1237 2710 1533 2764 etiamnum
1582 2706 1946 2775 iniquitatem,
1986 2704 2251 2774 justitiam

689 2806 871 2862 facere
896 2802 1210 2867 contendit;
1242 2808 1316 2865 et,
1334 2800 1477 2869 quod
1512 2797 1620 2853 dici
1641 2798 1799 2861 solet,
1829 2812 1886 2852 se
1917 2797 2088 2866 ipsum
2107 2797 2252 2850 Prae-

690 2912 913 2953 cursore
939 2912 1001 2950 ac
1018 2894 1252 2964 Baptista
1277 2891 1600 2947 sanctiorem
1617 2890 1922 2944 ostendere.
1951 2886 2087 2941 Cum
2108 2887 2254 2943 enim

693 2990 783 3044 ille
820 2988 1087 3043 llerodem
1125 2985 1427 3040 adulterum
1453 2982 1781 3052 coarguerit,
1808 2990 1863 3035 et
1901 2994 1999 3051 pro
2028 2980 2256 3034 veritate

692 3089 924 3137 mortem
984 3079 1292 3150 Oppetierit,
1344 3075 1445 3129 iste
1470 3074 1737 3129 Herodem
1768 3074 2018 3136 alterum,
2068 3071 2257 3126 similis

694 3171 946 3228 adulterii
971 3170 1147 3240 reipsa
1176 3174 1535 3237 compertum,
1560 3176 1615 3219 et
1639 3164 1938 3227 coronavit,
1960 3163 2092 3218 etad
2116 3177 2258 3215 mor-

696 3273 805 3319 tem
838 3276 1009 3331 usque
1034 3260 1352 3329 complexus
1381 3266 1463 3312 est
1494 3276 1506 3310 :
1542 3271 1653 3309 non
1684 3255 1899 3324 quidem
1926 3253 2125 3317 verbis,
2162 3250 2258 3305 sed

694 3354 858 3411 factis
890 3353 1023 3425 ipsis
1066 3351 1385 3414 inclamans,
1431 3347 1697 3404 erravisse
1723 3343 1987 3399 Joannem
2017 3344 2259 3398 Pra-cur-

696 3461 898 3507 sorem,
917 3446 1010 3515 qui
1032 3441 1409 3511 intempestive
1430 3448 1590 3509 atque
1612 3438 1809 3508 injuste
1827 3436 2256 3507 reprehenderit,

698 3546 754 3593 ot
794 3544 1045 3590 mortuus
1073 3533 1165 3588 sit.
1194 3532 1301 3586 Sed
1332 3532 1491 3586 absit.
1535 3530 1626 3585 llle
1656 3530 1804 3585 enim
1834 3530 1967 3601 legis
2007 3528 2263 3583 defensor

700 3643 765 3683 ac
803 3627 985 3699 ﬂagitii
1020 3624 1367 3696 proﬂigator;
1401 3622 1502 3677 iste
1544 3637 1673 3676 vero
1710 3621 2016 3676 divinorum
2067 3629 2263 3690 myste-

701 3718 905 3771 riorum
957 3714 1336 3776 conculcator,
1391 3721 1448 3766 et
1499 3699 1789 3781 illegitimaa
1862 3710 2264 3779 conjunctionis

702 3806 983 3877 copulatur
1006 3814 1061 3859 et
1090 3804 1418 3874 obsignator.
1452 3801 1519 3855 Et
1550 3801 1638 3855 ille
1686 3800 1904 3870 quidem
1936 3800 2132 3855 clamat
2177 3799 2264 3853 vel

702 3908 995 3954 mortuus:
1030 3895 1151 3950 Non
1193 3895 1309 3948 licet
1367 3893 1459 3947 tibi
1513 3894 1703 3947 habere
1764 3909 1976 3947 uxorem
2035 3892 2263 3961 Philippi

706 3988 892 4060 fratris
929 3987 1003 4039 tui
1025 3986 1068 4017 "
1100 4005 1112 4040 :
1146 3991 1201 4039 et
1237 3984 1291 4037 in
1323 3982 1552 4037 Herodis
1591 3998 1823 4052 persona
1860 3982 1977 4037 orbi
2012 3982 2265 4036 universo

703 4079 1008 4142 denuntiat,
1052 4092 1121 4131 ne
1162 4076 1446 4146 quisquam
1478 4075 1531 4127 in
1567 4086 1840 4144 posterum
1874 4076 1977 4128 tale
2015 4074 2141 4142 quid
2166 4089 2263 4126 au—

707 4174 855 4229 deat.
882 4171 989 4227 Iste
1029 4178 1212 4226 autem
1238 4168 1435 4223 Herodi
1466 4168 1623 4223 alteri
1652 4167 1717 4222 ad
1750 4169 1893 4223 hunc
1917 4182 2086 4236 usque
2124 4166 2265 4219 diem

706 4276 897 4321 contra
926 4263 1255 4319 vociferatur
1289 4263 1416 4332 ipsis
1444 4264 1606 4318 rebus
1632 4281 1645 4317 :
1674 4262 1824 4317 Licet
1855 4261 1951 4316 tibi
1981 4260 2265 4329 conjugem

708 4357 907 4410 habere
945 4355 1280 4409 Theodotam
1306 4353 1578 4407 mmcliam
1617 4372 1629 4406 :
1672 4363 1727 4406 et
1756 4352 1807 4404 in
1847 4352 1964 4421 ejus
2013 4364 2266 4419 persona,

709 4448 1040 4510 hominibus,
1079 4456 1139 4500 ut
1164 4455 1423 4515 perpetuo
1448 4444 1809 4503 uiuachentur.
1850 4452 2033 4511 aperte
2075 4442 2269 4510 princi-

708 4541 806 4611 pit,
834 4549 995 4610 atque
1030 4546 1088 4593 ut
1109 4536 1415 4592 sacerdOtes
1438 4534 1545 4588 sint
1572 4534 1662 4603 qui
1696 4533 1827 4585 tales
1856 4541 2134 4586 coronant.

780 4818 825 4874 0
853 4815 1198 4873 temerarium
1241 4813 1374 4867 cori
1433 4810 1477 4865 0
1522 4815 1893 4875 contemptum
1938 4804 2270 4875 judiciorum

713 4911 805 4965 Dei
831 4911 844 4964 l
890 4908 1033 4974 Quin
1063 4903 1299 4961 universi
1330 4902 1510 4973 potius
1539 4901 1868 4969 redarguunt
1900 4898 2003 4950 hoc
2036 4895 2268 4960 facinus,

711 5012 879 5067 seque
910 4997 978 5050 ab
1026 4994 1130 5048 isto
1158 4992 1402 5054 homine,
1448 4988 1534 5044 vel
1572 4989 1693 5042 cibo
1746 4996 1905 5040 tenus
1947 4993 2108 5053 atque
2140 4999 2269 5038 con-

709 5105 900 5161 gressu
926 5096 1216 5158 separant,
1258 5084 1361 5138 nisi
1421 5089 1703 5153 peccatum
1746 5087 1866 5148 post
1907 5077 2272 5131 omnimodam

712 5179 1000 5237 sacerdotii
1030 5178 1389 5249 privationem
1433 5172 1752 5229 confiteatur
1778 5170 1799 5222 ?
1845 5169 2129 5237 Propterea
2159 5169 2274 5237 pie-

716 5281 879 5327 tatem
913 5280 1171 5334 vestram,
1203 5278 1256 5322 et
1285 5276 1551 5321 attentum
1581 5304 1596 5329 ,
1633 5279 1731 5334 pro
1757 5262 1897 5316 sacri
1940 5262 2155 5314 habitus
2186 5276 2273 5313 ra-

715 5364 881 5427 tione,
906 5360 1207 5431 disciplinze
1233 5359 1466 5414 studium
1495 5358 1851 5420 obtestamur,
1882 5364 1940 5407 ut
1962 5354 2121 5407 verba
2158 5353 2271 5405 haec

712 5458 778 5511 ad
805 5457 1016 5527 piorum
1048 5454 1393 5509 dominorum
1417 5466 1575 5504 aures
1604 5447 1903 5519 perferatis.
1938 5444 2272 5500 Confidimus

713 5550 882 5623 enim.
917 5548 963 5601 si
1004 5548 1168 5612 hunc,
1208 5542 1551 5600 sanctissimo
1583 5538 1888 5610 patriarcha
1936 5545 2121 5590 nostro
2174 5549 2271 5608 ap-

715 5642 999 5711 probante.
1034 5637 1393 5710 reprcsserint
1415 5678 1428 5701 ,
1465 5635 1579 5689 fore
1614 5644 1673 5687 ut
1723 5629 2049 5701 applaudant
2075 5627 2269 5698 angeli,

789 5846 837 5875 ”
879 5844 1036 5897 Rom.
1065 5859 1181 5896 xm.
1219 5842 1427 5909 Qseqq.
1496 5840 1537 5871 ⁸⁷
1575 5836 1736 5890 Marc.
1772 5851 1845 5899 νι,
1882 5834 1964 5887 16.

2345 1981 2588 2035 τοιοῦτον
2623 1980 2889 2049 γίνεσθαιο
2935 1982 3028 2034 καὶ
3062 1980 3550 2049 στεφανούσθωσαν
3582 1984 3787 2053 μοιχοὶ,
3817 1984 3914 2038 καὶ

2347 2076 2395 2126 οἱ
2431 2074 2841 2142 στεφανοῦντες,
2892 2072 2966 2136 ὡς
3002 2074 3145 2143 μέγα
3200 2090 3254 2126 τι
3308 2075 3766 2145 κατωρθωκότες,
3818 2076 3915 2132 καὶ

2349 2167 2473 2228 τοὺς
2507 2165 2734 2228 πολλοὺς
2789 2164 3043 2235 ὠφελεῖν,
3086 2166 3181 2219 καὶ
3222 2166 3439 2234 ἐνάγειν
3465 2169 3542 2230 είς
3574 2168 3914 2238 ὁμοτροπίαν

2348 2259 2654 2327 δυνάμενοι.
2696 2255 3152 2321 Ἀσπαζέσθωσαν
3189 2256 3295 2308 ὑπὸ
3328 2257 3435 2309 τῶν
3471 2258 3706 2314 πολλῶν.
3754 2262 3916 2314 Ἀλλὰ

2354 2351 2427 2421 μὴ
2456 2352 2685 2419 γένοιτο»
2712 2350 2834 2403 οὑτε
2862 2349 2972 2419 γὰρ
3004 2350 3211 2408 ἐκεῖνος
3247 2350 3451 2419 ἱερεὺς,
3480 2349 3603 2403 οὕτε
3631 2351 3681 2402 οί
3709 2352 3918 2403 ἐκεῖνον

2355 2443 2700 2513 μιμούμενοι.
2753 2442 2845 2512 Μὴ
2874 2442 2983 2512 γὰρ
3018 2443 3075 2493 ὲν
3116 2441 3313 2511 εκείνῳ
3346 2442 3664 2505 ἀπατάσθω,
3697 2442 3779 2493 δτι
3816 2441 3919 2511 βα-

2355 2536 2535 2596 σιλεὺς
2561 2529 2628 2604 ἧν
2661 2534 2690 2584 6
2735 2531 3052 2602 μοιχεύσας.
3093 2533 3354 2603 Ἀρχουσι
3388 2533 3495 2603 γὰρ
3533 2534 3583 2584 oi
3636 2530 3735 2584 τοῦ
3779 2531 3917 2585 Θεοῦ

2353 2626 2507 2695 νόμοι
2550 2624 2791 2689 πάντων,
2844 2624 2988 2679 κατὰ
3029 2624 3093 2677 τὸ
3136 2624 3549 2697 γεγραμμένον.
3594 2622 3735 2675 Ἀλλ’
3766 2623 3919 2692 ὅμως

2352 2716 2510 2769 τοῦτο
2560 2716 2767 2787 δράσας
2806 2717 2866 2770 τὸ
2921 2716 3295 2787 παγχάλεπον,
3354 2714 3436 2767 [tt
3476 2712 3775 2781 φιλονεικεῖ
3819 2714 3921 2783 τὴν

2354 2810 2583 2881 ἀνομίαν
2613 2808 2958 2880 δικαιοσύνην
2986 2808 3269 2876 γνωρίσαι·
3303 2806 3398 2859 καὶ
3427 2807 3485 2860 τὸ
3504 2806 3569 2878 δὴ
3601 2806 3919 2876 λεγόμενον,

2357 2900 2638 2968 ἀποδείξαι
2662 2901 2853 2954 ἑαυτὸν
2871 2899 2965 2952 τοῦ
2982 2898 3294 2969 Προδρόμου
3315 2899 3410 2953 καὶ
3427 2898 3734 2953 Βαπτιστοῦ
3756 2898 3921 2950 ὁσιώ-

2356 3012 2536 3063 τερον.
2593 2995 2829 3047 Ἐκείνου
2862 2994 2968 3063 γὰρ
3012 2992 3324 3063 ἐλέγχοντος
3371 2996 3473 3064 τὴν
3509 2992 3749 3064 Ἡρώδου
3799 3010 3922 3063 μοι-

2360 3088 2534 3157 χείαν,
2591 3090 2684 3140 καὶ
2730 3085 2869 3157 ὑπὲρ
2917 3084 3175 3154 ἀληθείας
3221 3085 3585 3155 θνήσκοντος’
3632 3079 3789 3147 οὗτος
3830 3085 3923 3137 τὸν

2284 3218 2325 3274 C
2359 3176 2615 3274 δεύτερον
2655 3174 2899 3247 Ἡρώδην
2932 3176 3007 3240 ὼς
3038 3178 3253 3248 άληθῶς
3283 3180 3347 3247 τῇ
3382 3176 3672 3247 όμοτρόπῳ
3708 3177 3926 3247 μοιχείᾳ

2357 3266 2718 3335 δεδειγμένον,
2750 3267 2844 3318 καὶ
2877 3266 3244 3333 ἐστεφάνωσε,
3275 3266 3368 3317 καὶ
3402 3262 3793 3333 κατησπάσατο
3825 3262 3924 3330 μέ-

2362 3374 2454 3427 χρι
2487 3356 2738 3410 θανάτου·
2772 3356 2956 3424 λόγοις
2989 3357 3085 3427 μὲν
3114 3355 3201 3419 οὒ,
3228 3355 3407 3417 αὑτοῖς
3444 3354 3500 3407 δὲ
3541 3354 3725 3425 ἔργοις
3753 3352 3926 3422 φθεγ-

2359 3448 2610 3515 γόμενος,
2632 3447 2704 3510 ὡς
2725 3447 3067 3517 πεπλάνηται
3102 3447 3353 3513 Ἰωάννης
3371 3444 3400 3495 6
3431 3444 3747 3517 Πρόδρομος
3766 3444 3928 3497 ἀκαί-

2363 3554 2493 3607 ρως,
2521 3537 2617 3590 καὶ
2646 3536 2862 3607 ἀνόμως
2890 3533 3168 3604 διελέγξας
3201 3536 3295 3587 καὶ
3321 3533 3627 3587 ἀποθανών.
3661 3531 3822 3586 Ἀλλὰ
3851 3533 3929 3604 μὴ

2361 3629 2591 3697 γένοιτοο
2625 3628 2654 3682 ό
2708 3628 2809 3699 μὲν
2863 3628 2972 3698 γὰρ
3030 3626 3124 3679 τοῦ
3168 3626 3337 3695 νόμου⁴
3373 3624 3806 3695 ὑπερασπιστὴς,
3834 3626 3931 3678 καὶ

2360 3717 2457 3772 τοῦ
2510 3718 2715 3788 μύσους
2750 3717 3034 3787 ὲλεγκτήςο
3083 3716 3111 3767 6
3139 3714 3195 3768 δὲ
3228 3715 3336 3769 τῶν
3394 3715 3553 3768 θείων
3612 3715 3931 3785 μυστηρίων

2364 3811 2774 3883 καταπατητὴς,
2832 3810 2928 3863 καὶ
2974 3809 3075 3878 τῆς
3122 3808 3362 3879 ἀθέσμου
3423 3807 3749 3878 συμπλοκῆς
3800 3824 3928 3860 συν-

2364 3903 2541 3971 άπτης
2594 3900 2687 3953 καὶ⁵
2739 3898 3245 3969 κατασφραγιστής.
3288 3897 3397 3950 Καὶ
3429 3898 3460 3949 6
3506 3896 3607 3967 μὲν
3630 3898 3727 3950 καὶ
3755 3894 3934 3951 θανὼν

2367 3994 2465 4064 βοᾷ
2498 4008 2511 4020 ·
2542 3994 2662 4046 Οὐκ
2710 3991 2913 4055 ἔξεστί
2959 4005 3058 4044 σοι
3087 3992 3249 4059 ἔχειν
3275 3990 3384 4057 τὴν
3416 3988 3671 4058 γυναῖκα
3720 3990 3933 4042 Φιλίπ-

2366 4098 2482 4137 που
2514 4083 2620 4137 τοῦ
2648 4082 2914 4151 ἀδελφοῦ
2943 4098 3083 4136 σου.
3118 4084 3235 4135 Κάν
3266 4082 3343 4153 τῷ
3380 4080 3618 4153 Ἡρώδου
3654 4080 3936 4153 προσώπῳ

2366 4176 2543 4245 ἐμϐοᾷ
2580 4175 2730 4244 πάσῃ
2782 4177 2848 4244 τῇ
2879 4173 3191 4244 οἰκουμένῃ,
3232 4174 3427 4243 μηκέτι
3457 4170 3697 4225 τοιοῦτον
3727 4170 3935 4241 τολμη-

2368 4268 2549 4338 θῆναι.
2593 4267 2650 4320 '0
2695 4266 2752 4319 δὲ
2806 4267 2910 4328 ἕως
2958 4265 3053 4318 τοῦ
3097 4264 3191 4317 νῦν
3220 4266 3402 4327 αὑτοῖς
3457 4264 3641 4333 ἔργοις
3672 4263 3937 4333 ἄντικρυς

2369 4359 2561 4428 κράζει
2612 4358 2691 4427 τῷ
2734 4357 2973 4426 δευτέρῳ
3012 4356 3243 4426 Ἠρώδῃο
3287 4353 3507 4418 Ἔξεστί
3546 4370 3631 4406 σοι
3658 4354 3807 4423 ἔχειν
3831 4370 3935 4421 γυ-

2369 4452 2532 4502 ναῖκα
2562 4448 2821 4517 Θεοδότην
2846 4447 2944 4518 τὴν
2972 4446 3285 4517 μαχλῶσανο
3324 4447 3427 4498 κάν
3459 4444 3537 4514 τῷ
3576 4442 3744 4497 αὑτοῦ
3772 4460 3938 4515 προσ-

2369 4539 2503 4607 ώπῳ
2552 4538 2847 4608 διαρρήδην
2897 4537 3227 4607 προστάσσει
3281 4536 3385 4597 ἓως
3416 4532 3509 4587 τοῦ
3562 4534 3757 4595 αἰῶνος
3814 4551 3937 4603 μοι-

2371 4629 2552 4699 χεύειν
2586 4630 2714 4689 τοὺς
2742 4626 3085 4698 ἀνθρώπους,
3116 4627 3212 4680 καὶ
3253 4626 3378 4688 τοὺς
3430 4623 3704 4685 τοιούτους
3734 4638 3937 4691 στεφα-

2368 4720 2591 4783 νοῦντας
2621 4716 2759 4774 εἶναι
2793 4721 2991 4791 ἱερέας.

2442 4817 2506 4869 Ὢ
2557 4817 2836 4885 τολμηρᾶς
2887 4813 3147 4884 καρδίαςι
3189 4812 3253 4864 Ὢ
3288 4810 3751 4881 καταφρονήσεως
3799 4807 3938 4861 Θεοῦ

2370 4907 2684 4977 κριμάτωνί
2712 4905 2810 4958 Διὰ
2854 4905 2907 4957 τί
2962 4904 3036 4973 μὴ
3072 4903 3272 4973 μᾶλλον
3302 4902 3533 4964 ἕκαστος
3577 4898 3941 4969 καταγορεύει

2373 4998 2473 5065 τῆς
2506 4996 2832 5059 ὑποθέσεως,
2864 4994 2957 5046 καὶ
2997 4991 3361 5046 διαστέλλεται
3403 4989 3497 5044 τοῦ
3526 4989 3795 5048 τοιούτου,
3843 4988 3943 5039 καὶ

2379 5089 2537 5159 μέχρι
2568 5087 2840 5157 βρώσεως,
2860 5086 2956 5138 εἴτ’
2991 5081 3083 5138 οὖν
3110 5084 3420 5154 συντυχίας,
3454 5083 3503 5135 εί
3529 5082 3604 5151 μὴ
3626 5078 3942 5150 ἐξαγορεύει

2376 5178 2474 5249 τὴν
2506 5179 2778 5247 ἁμαρτίαν
2808 5177 2946 5247 μετὰ
2994 5177 3055 5229 τὸ
3096 5176 3443 5230 παντάπασιν
3470 5169 3749 5242 εἴργεσθαι
3778 5169 3943 5222 αὑτὸν

2376 5272 2438 5322 ὲκ
2472 5268 2653 5337 πάσης
2704 5267 3050 5338 ίερουργίαςς
3091 5265 3249 5319 Ἀλλὰ
3277 5264 3364 5317 διὰ
3400 5262 3558 5316 τοῦτο
3586 5258 3817 5329 δεόμεθά
3847 5274 3941 5310 σου

2376 5362 2471 5429 τῆς
2496 5358 2829 5421 θεοσεϐείας,
2869 5360 2964 5412 καὶ
2993 5360 3091 5429 τῆς
3121 5356 3259 5412 κατὰ
3290 5356 3348 5409 τὸ
3378 5353 3519 5423 ἱερὸν
3553 5352 3738 5423 σχῆμα
3779 5351 3941 5415 ἀκρι-

2376 5451 2551 5514 ϐείας,
2588 5450 2857 5520 ἔνηχῆσαι
2887 5452 2966 5512 είς
2999 5451 3066 5502 τά
3106 5444 3219 5503 ὦτα
3260 5446 3370 5500 τῶν
3398 5443 3638 5498 εὑσεθῶν
3665 5441 3822 5513 ἡμῶν
3856 5439 3945 5492 δερ

2378 5540 2592 5593 σποτῶν
2623 5544 2749 5604 τοὺς
2779 5540 3056 5603 τοιούτους
3096 5540 3307 5607 λόγους.
3345 5534 3687 5604 Πιστεύομεν
3724 5531 3832 5599 γὰρ
3859 5528 3945 5582 ὅτι

2377 5634 2425 5684 εί
2455 5631 2641 5685 τοῦτον
2675 5632 3081 5702 παραστείλωσι
3111 5631 3210 5685 σὺν
3248 5628 3464 5697 εὑδοκίᾳ
3510 5625 3603 5679 τοῦ
3637 5619 3943 5693 άγιωτάτου
