4158 6490
234 435 305 501 97
308 439 341 502 7

1486 428 2024 490 EPISTOLARUM
2047 431 2194 490 LIB.
2233 430 2285 491 ῐ.

3409 433 3514 497 978

235 549 398 621 ἡμῶν
435 545 822 616 πατριάρχου,
867 542 1232 613 ἐπικρατῆσαι
1295 537 1509 607 ἔχουσιν
1565 539 1788 607 ἄγγελοι
1816 555 1828 571 ·

1935 542 2248 597 collaudent
2267 555 2458 596 omnes
2485 540 2679 608 sancti,
2703 540 2938 612 exsultet
2955 539 3200 596 Ecclesia
3218 540 3472 597 universa
3497 563 3510 598 :

235 638 700 710 ἀνευφημήσουσι
749 638 952 698 πάντες
989 635 1041 686 οἱ
1094 633 1264 701 ἆγιοι·
1297 633 1742 703 εὐφρανθήσεται
1770 632 1829 686 δὲ

234 732 336 785 καὶ
365 731 520 782 πᾶσα
551 728 585 797 ἡ
631 725 946 795 Ἐκκλησία·
982 725 1278 791 γενήσεται
1306 720 1366 773 δέ
1391 721 1485 774 καὶ
1514 721 1593 791 τῷ
1634 721 1828 792 κράτει

235 821 422 874 αὐτῶν
453 819 604 880 Θείας
637 816 845 870 ἄνωθεν
877 813 1204 884 ἐπικουρίας
1235 812 1525 883 προσθήκη
1554 811 1744 881 πολλὴ,
1772 811 1829 865 ἐν

232 930 298 966 τε
332 911 643 982 προσλήψει
669 908 881 980 ἐχθρῶν
907 925 965 961 τε
991 908 1086 959 καὶ
1116 906 1414 976 πολεμίων,
1457 905 1549 958 καὶ
1584 907 1641 957 ἐν
1673 907 1828 976 είρη-

231 1003 369 1073 ναιᾳ.
421 1003 522 1056 καὶ
577 999 952 1071 μακροημέρῳ
980 997 1161 1051 αὐτῶν
1195 997 1330 1067 ζωῇ.
1363 994 1474 1049 Ποῦ
1502 995 1558 1048 δέ
1607 996 1702 1050 καὶ
1735 997 1831 1067 Θή·-

234 1111 434 1162 σομεν,
475 1092 660 1162 Πάτερ
685 1090 832 1158 ἆγιε,
881 1089 1008 1151 τοὺς
1051 1087 1229 1158 ἱεροὺς
1267 1086 1496 1149 κανόνας
1540 1087 1829 1158 εἴργοντας

233 1184 406 1238 αὑτὸν
446 1182 542 1236 τοῦ
581 1178 922 1251 ῖερατεύειν;
952 1180 1046 1231 τὸν
1083 1178 1179 1248 μὲν
1217 1176 1432 1247 πρῶτον
1461 1177 1537 1248 μὴ
1567 1194 1830 1247 παραχω-

237 1275 443 1348 ροῦντα
475 1273 608 1344 μηδὲ
633 1273 713 1334 εἰς
746 1268 1107 1341 διγαμοῦντος
1136 1266 1317 1337 γάμον
1340 1267 1658 1336 ὲλστιαθῆναι
1690 1282 1826 1336 πρε-

233 1366 528 1435 σϐύτερον,
571 1361 964 1433 καίπεριδντος
985 1361 1049 1412 ἐκ
1081 1358 1220 1411 Θεοῦ
1262 1358 1825 1428 παρακεχωρημένου.

231 1457 360 1510 Ὅτι
412 1456 471 1508 δὲ
511 1454 590 1516 είς
633 1452 727 1505 τὸν
776 1451 1162 1521 ἁποκήρυκτον
1227 1448 1322 1500 καὶ⁵
1370 1447 1621 1516 μοιχικὸν
1679 1446 1829 1508 ὅλαις

228 1549 535 1620 τριάκοντα
564 1543 801 1615 ἡμέραις
829 1539 1169 1612 εὐώχησατο·
1204 1540 1300 1592 καὶ
1330 1538 1390 1592 οὐ
1448 1540 1608 1609 μόνον
1643 1539 1825 1602 τοῦτο,

229 1639 355 1694 ἀλλ’
395 1639 481 1691 ὅτι
521 1634 619 1688 καὶ
657 1635 785 1697 τοὺς
820 1633 1139 1703 νικητικοὺς
1168 1631 1263 1683 ἐπὶ
1299 1633 1366 1700 τῇ
1397 1629 1670 1702 παρθενίᾳ
1704 1646 1830 1682 στε-

231 1732 443 1800 φάνους
473 1726 785 1780 ἐπιτέθεικε
811 1725 920 1787 τοῖς
949 1725 1158 1794 μοιχοῖς
1186 1723 1280 1776 καὶ
1308 1721 1662 1792 ἀκαθάρτοις·
1686 1721 1828 1785 τίνος

230 1820 323 1891 εἴη
354 1818 549 1883 ᾶξιος;
594 1816 791 1888 μικρὸν
813 1815 958 1886 τάχα
995 1816 1029 1886 ἡ
1064 1813 1389 1883 καθαίρεσις
1427 1810 1526 1883 [aL
1566 1812 1599 1883 ἢ
1633 1812 1829 1866 καθαι-

234 1886 515 1985 ρέσεως];
545 1886 608 1961 Ei
648 1886 708 1962 δέ
738 1906 898 1962 τοῦτο
922 1905 1304 1972 ἀνεκδίκητον.
1333 1903 1562 1970 παίγνια
1586 1903 1653 1954 τὰ
1682 1903 1822 1970 θεῖα,
1859 1886 1901 1944 Β

229 2002 331 2056 καὶ
373 1999 532 2054 ἐωλοι
575 1999 628 2052 οῖ
670 1997 915 2059 κανόνες.
955 1993 1114 2050 Κατὰ
1146 1993 1204 2046 δέ
1249 1992 1342 2046 τὸν
1380 1990 1632 2063 δεύτερον
1664 1992 1825 2045 πάλιν

233 2093 467 2156 κανόνα,
504 2093 589 2147 ὅτι
637 2093 666 2144 6
698 2087 990 2144 ὑποπεσὼν
1037 2088 1096 2140 εν
1131 2103 1240 2139 τινι
1282 2084 1585 2155 σφάλματι.
1617 2085 1713 2138 καὶ
1737 2083 1826 2138 διὰ

229 2185 404 2241 τοῦτο
427 2180 771 2253 ἀφορισθεὶς,
797 2181 846 2233 εί
878 2178 954 2249 μὴ
980 2177 1130 2240 ἐντὸς
1152 2175 1401 2230 ἐνιαυτοῦ
1423 2175 1825 2244 ἐπαγωνίσεται

231 2280 301 2350 τῇ
337 2275 517 2344 οἰκείᾳ
548 2273 832 2336 συστάσει,
869 2271 969 2323 οὐκ
987 2269 1107 2335 ἐξὸν
1129 2267 1212 2320 ἐτι
1247 2267 1434 2338 φωνὴν
1459 2266 1626 2320 αὑτοῦ
1658 2283 1828 2336 προσ-

230 2373 516 2445 δεχθῆναι.
569 2370 628 2424 '0
667 2369 724 2422 δέ
760 2368 918 2422 ἐννέα
974 2366 1202 2436 χρόνους
1233 2363 1499 2436 ὑπερϐὰς,
1534 2363 1824 2434 είσεπήδη-

237 2484 334 2521 σεν
362 2468 420 2519 ἐν
453 2467 519 2534 τῇ
563 2462 881 2532 Ἐκκλησία.

306 2558 372 2612 ΕΞ
403 2555 461 2609 δέ
486 2555 670 2621 λέγοι,
714 2552 869 2623 παρὰ
911 2550 1007 2605 τοῦ
1049 2549 1464 2622 προηγουμένου
1505 2546 1691 2601 λαϐεῖν
1727 2546 1825 2612 τὴν

234 2648 568 2721 ἐπιτροπὴν,
608 2648 702 2700 καὶ
738 2643 1076 2714 ἀνέγκλητον
1114 2637 1257 2696 εἶναι
1299 2642 1400 2712 τὴν
1447 2639 1728 2695 ὑπόθεσιν·
1771 2638 1824 2690 τί

233 2743 438 2813 δήποτε
477 2741 577 2810 οὐχ
617 2740 646 2793 6
673 2736 976 2810 ἐπιτρέψας
1025 2731 1387 2805 αύτούργησε
1427 2732 1822 2803 στεφανώσαςς

237 2833 398 2889 Ἐστι
428 2833 541 2904 γὰρ
579 2830 796 2892 πάντως
827 2827 1201 2899 πατριάρχαις
1231 2823 1472 2896 βασιλεῖς
1504 2824 1821 2893 στεφανοῦν,

233 2927 336 2996 οὐχ
381 2926 533 2996 ἱερέα
583 2921 728 2977 τινά.
769 2920 841 2975 Ού
877 2920 986 2990 γὰρ
1017 2918 1240 2972 πώποτε
1286 2917 1606 2987 γεγένηται.
1662 2916 1824 2969 Ἀλλὰ

236 3019 404 3089 δῆλον
428 3019 513 3070 ὅτι
541 3013 792 3075 κινδύνου
823 3010 973 3082 αὐτῷ
1003 3010 1265 3081 κειμένου
1296 3012 1376 3073 είς
1404 3009 1574 3080 αὐτὴν
1598 3009 1698 3080 τὴν
1723 3010 1822 3079 ἁρ-

235 3109 584 3182 χιερωσύνην
609 3105 1006 3177 καθαιρέσεως,
1029 3101 1206 3174 εὑρὼν
1234 3101 1489 3156 τοσοῦτον
1510 3101 1825 3173 προθυμού-

1931 633 2173 704 ipsorum
2211 643 2397 689 autem
2447 634 2676 704 imperio
2732 627 2985 704 magnum
3037 634 3223 688 auxilii
3272 634 3515 691 caelestis

1931 723 2329 779 incrementum
2375 725 2598 778 accedat
2633 742 2646 778 :
2679 734 2790 778 tum
2841 725 3278 780 adversariorum
3311 735 3368 781 et
3414 727 3513 781 ho-

1932 815 2097 870 stium
2155 815 2617 885 comprehensio,
2676 825 2729 871 et
2787 816 3092 886 tranquillae
3131 816 3515 889 diuturnaque

1930 905 2056 962 vita:
2083 921 2273 961 eorum
2304 905 2554 962 felicitas.
2605 907 2852 972 Quonam
2881 915 3064 962 autem
3111 907 3230 963 loco
3261 907 3513 963 censebi-

1929 1012 2073 1063 mus,
2103 995 2265 1052 Pater
2291 1006 2497 1063 sancte,
2531 1012 2714 1052 sacros
2748 1012 2988 1052 canones
3009 1039 3023 1064 ,
3079 997 3173 1067 qui
3205 997 3512 1052 sacerdotio

1930 1088 2081 1142 illum
2125 1089 2350 1143 arcent?
2393 1103 2458 1143 ac
2509 1089 2748 1159 priorem
2797 1089 3020 1158 quidem
3068 1089 3221 1144 illum
3265 1089 3359 1160 qui
3411 1104 3514 1144 nec

1929 1180 2143 1250 epulari
2169 1181 2548 1252 presbyterum
2580 1181 2848 1251 permittit
2906 1179 2963 1234 in
3021 1181 3221 1251 bigami
3280 1181 3511 1251 nuptiis,

1929 1274 2179 1345 quamvis
2212 1273 2375 1329 licita;
2413 1274 2517 1329 illa:
2549 1273 2659 1328 sint
2688 1281 2744 1328 et
2773 1289 2803 1327 a
2828 1272 2938 1328 Deo
2959 1274 3235 1343 permissa:
3255 1273 3321 1326 ⁸⁸.
3357 1272 3514 1340 Quod

1930 1379 2058 1419 vero
2097 1364 2200 1418 iste
2223 1379 2332 1418 non
2365 1364 2600 1418 inlicitis
2626 1365 2852 1434 nuptiis,
2889 1364 2981 1418 sed
3012 1364 3066 1417 in
3091 1364 3271 1418 vetitis
3286 1373 3338 1419 et
3359 1364 3514 1419 adul-

1929 1454 2122 1509 terinis
2152 1463 2295 1510 totos
2339 1455 2558 1525 triginta
2602 1455 2718 1510 dies
2746 1455 2995 1524 epulatus
3033 1455 3136 1520 sit;
3184 1470 3363 1524 neque
3409 1445 3514 1511 hoc

1931 1554 2163 1612 tantum,
2190 1547 2285 1602 sed
2317 1547 2579 1601 adulteris
2617 1557 2780 1616 atque
2807 1547 3035 1616 impuris
3073 1547 3329 1603 victrices
3354 1563 3514 1603 coro-

1931 1652 2030 1693 nas
2076 1637 2407 1710 virginitatis
2454 1638 2792 1708 imposuerit,
2825 1654 2930 1708 qua
2964 1654 3125 1708 pinna
3164 1638 3363 1709 dignus
3394 1640 3515 1694 est?

1931 1745 2001 1784 an
2036 1729 2235 1784 minori
2267 1729 2499 1784 fortasse
2534 1744 2699 1799 quam
2732 1729 3118 1799 depositione?
3146 1728 3303 1795 Quod
3339 1730 3385 1786 si
3430 1730 3514 1784 in-

1933 1822 2109 1877 ultum
2132 1822 2454 1886 idmaneat,
2481 1822 2689 1876 ludicra
2719 1821 2829 1890 jam
2859 1829 2988 1876 sunt
3017 1821 3222 1888 divina,
3243 1831 3300 1877 et
3323 1822 3516 1877 inanes

1930 1930 1995 1970 ac
2025 1914 2204 1970 frivoli
2253 1929 2511 1969 canones.
2568 1913 2815 1969 Alterum
2859 1914 3094 1982 deinde,
3146 1915 3292 1986 quod
3323 1931 3516 1970 rursus

1929 2008 2200 2063 sancitum
2232 2005 2323 2072 sit,
2358 2006 2496 2076 ejus,
2531 2006 2622 2076 qui
2680 2006 2736 2060 in
2787 2005 2997 2060 crimen
3044 2005 3262 2076 aliquod
3303 2005 3511 2076 lapsus,

1928 2115 1992 2154 ac
2027 2109 2311 2169 propterea
2341 2097 2847 2153 excommunicatus
2867 2097 2958 2158 sit.
3002 2098 3107 2152 nisi
3143 2098 3284 2152 intra
3309 2113 3512 2152 annum

1929 2190 2272 2246 reconciliari
2298 2189 2627 2254 contendat,
2669 2205 2859 2244 vocem
2889 2190 3102 2244 admitti
3139 2199 3326 2260 postea
3360 2191 3514 2245 nefas

1927 2298 2050 2339 esse
2079 2286 2146 2337 ".
2187 2286 2295 2338 lste
2318 2299 2465 2349 vero,
2493 2284 2585 2353 qui
2611 2296 2806 2337 novem
2834 2283 3071 2338 excessit
3097 2297 3295 2346 annos,
3323 2283 3377 2337 in
3409 2282 3511 2337 Ec-

1927 2376 2150 2429 clesiam
2182 2375 2388 2429 insiliit.

1999 2560 2156 2628 Quod
2193 2560 2238 2615 si
2270 2561 2415 2616 dicat
2441 2574 2501 2614 se
2536 2575 2563 2613 a
2600 2559 2830 2629 praesule
2855 2573 2956 2613 suo
2996 2559 3311 2613 mandatum
3350 2572 3511 2613 acce-

1927 2652 2095 2724 pisse,
2124 2651 2354 2720 ideoque
2379 2650 2536 2720 culpa
2567 2650 2620 2704 in
2653 2650 2758 2704 hoc
2811 2651 3032 2720 negotio
3059 2664 3273 2714 vacare,
3321 2648 3511 2718 quidni

1926 2758 2056 2815 ergo
2108 2742 2202 2812 qui
2253 2732 2490 2812 iusserat
2518 2784 2532 2807 ,
2588 2740 2818 2810 ipsemet
2849 2741 3176 2795 coronavit?
3210 2740 3323 2796 Mos
3362 2742 3510 2797 enim

1926 2837 2088 2907 plane
2111 2843 2206 2890 .est
2237 2843 2296 2888 ut
2329 2834 2689 2902 imperatores
2718 2843 2983 2887 coronent
3011 2832 3356 2902 patriarcha},
3399 2849 3508 2888 non

1927 2928 2183 2983 sacerdos
2204 2927 2435 2996 quilibet
2463 2944 2474 2979 :
2506 2941 2683 2996 neque
2706 2926 2852 2979 enim
2880 2925 3024 2981 istud
3043 2942 3279 2996 unquam
3307 2925 3511 2981 factum

1929 3020 2050 3074 fuit.
2093 3018 2198 3074 Sed
2227 3017 2579 3090 perspicuum
2607 3027 2731 3083 est,
2778 3033 2902 3072 cum
2939 3018 3244 3088 periculum
3279 3017 3381 3087 ipsi
3411 3018 3513 3073 im-

1930 3116 2192 3184 penderet
2225 3128 2295 3168 ne
2326 3113 2812 3183 archiepiscopatu
2837 3113 2955 3182 ipso
2993 3112 3242 3182 deiectus
3263 3114 3514 3183 privare-

239 3221 404 3276 μενον
429 3199 520 3274 (ἦν
549 3201 660 3270 γὰρ
695 3195 1151 3266 συναυλιζόμενος
1173 3196 1249 3258 είς
1272 3194 1340 3247 τὰ
1360 3193 1653 3266 βασίλεια),
1685 3210 1824 3263 παρ-

1931 3214 2020 3260 tur
2039 3226 2050 3260 :
2070 3215 2125 3259 et
2144 3206 2288 3261 hunc
2305 3214 2618 3276 promptum
2636 3205 2818 3258 animo
2839 3213 3198 3274 paratumque
3216 3213 3410 3259 nactus
3425 3219 3514 3258 es-

235 3293 487 3366 έπεμψεν
511 3295 592 3355 είς
617 3291 679 3345 τὸ
707 3289 917 3343 ἐκείνου
941 3285 1232 3357 πρόσωπον
1250 3285 1341 3338 τὸν
1363 3285 1626 3339 κίνδυνον·
1665 3285 1782 3337 είπε
1791 3301 1823 3356 ρ

235 3390 338 3443 καὶ
365 3385 566 3458 ἀληθὲς
598 3385 681 3439 ὅτι
709 3383 805 3437 καὶ
831 3379 1158 3452 ἐπέτρεψεν·
1201 3378 1262 3432 ού
1305 3379 1415 3449 γὰρ
1465 3376 1819 3446 πιστεύομεν,

237 3481 372 3552 ὑμῖν
401 3496 464 3532 τε
497 3478 592 3533 καὶ
614 3476 798 3539 ἄλλοις
837 3471 1055 3532 πολλοῖς
1081 3467 1595 3541 πεπληροφορηχώς
1622 3467 1683 3540 μ’,
1723 3485 1821 3521 πε-

240 3563 768 3642 πληροφορηκόσιν].
804 3565 867 3617 El
898 3562 958 3617 δέ
998 3561 1162 3618 πάλιν
1197 3561 1347 3629 λέγοι
1411 3561 1485 3631 μὴ
1523 3554 1666 3612 εἶναι
1715 3559 1822 3628 ἀφ-

238 3661 547 3735 ωρισμένος
597 3658 702 3712 ὑπὸ
743 3655 839 3710 τοῦ
869 3652 1330 3725 προηγησαμένου
1355 3693 1370 3716 ,
1393 3652 1445 3704 τί
1488 3651 1689 3722 δήποτε
1724 3650 1826 3702 ούκ

237 3752 579 3824 ἐλειτούργει
607 3750 666 3802 ἐν
696 3749 815 3811 τοῖς
861 3747 1022 3802 ἐννέα
1049 3744 1228 3809 Esset;
1259 3744 1314 3796 τί
1339 3743 1538 3814 δήποτε
1567 3742 1669 3796 ὑπὸ
1705 3757 1827 3794 συν-

240 3848 384 3908 όδου,
411 3845 488 3909 ὡς
531 3843 704 3912 λέγει,
735 3840 833 3894 νῦν
858 3839 1116 3904 λέλυται;
1149 3836 1319 3906 Δῆλον
1349 3835 1431 3888 ὃτι
1476 3835 1505 3888 6
1537 3833 1824 3905 δεδεμένος

241 3937 487 3997 λέλυται,
519 3934 620 4004 οὐχ
641 3933 670 3986 6
705 3932 915 3991 ἄδετος.
945 3930 1109 3982 Ὥστε
1143 3925 1320 3997 ἐαυτῷ
1353 3925 1671 3996 περιπίπτει
1699 3924 1828 3978 κάν-

241 4027 420 4085 ταῦθα
441 4026 738 4096 είργμένος
763 4021 928 4087 εἶναι,
951 4021 1036 4090 ἐφ’
1063 4021 1187 4074 ὅσον
1215 4019 1317 4071 οὐκ
1341 4017 1493 4080 ἐντὸς
1519 4014 1615 4069 τοῦ
1647 4017 1826 4070 ἐνιαυ-

248 4118 368 4182 τοῦ,
405 4117 550 4171 κατὰ
578 4105 681 4174 τδν,
697 4115 922 4178 κανόνα,
955 4109 1235 4176 ὑπέδειξεν
1278 4108 1472 4163 ἑαυτὸν
1507 4107 1703 4172 ἀθῶον,
1733 4108 1827 4160 καὶ

242 4209 409 4264 ιλαόε
443 4208 541 4278 τὴν
587 4205 743 4258 λύσιν
776 4206 1057 4276 ἐμφανῶς.
1111 4205 1284 4275 Είπερ
1327 4198 1395 4272 ἦν
1428 4201 1582 4263 λύσις
1610 4203 1686 4271 τῷ
1711 4200 1828 4253 ὀλο-

242 4301 474 4373 δεσμίῳ,
509 4298 612 4353 κᾶν
642 4297 872 4370 μυρίους
902 4297 1145 4367 παριστᾷ
1170 4295 1647 4365 ψευδομάρτυρας.

315 4478 507 4534 Ταῦτά
527 4479 664 4543 ἐστι,
699 4477 885 4548 Πάτερ
912 4476 1059 4546 ἅγιε,
1088 4475 1156 4530 τὰ
1178 4473 1449 4546 φοϐοῦντα
1474 4472 1570 4526 καὶ
1601 4471 1785 4525 συστέσὶ
1803 4501 1826 4510 -

1927 3307 2006 3352 set
2031 3297 2110 3368 (in
2137 3296 2258 3350 aula
2277 3297 2425 3350 enim
2456 3297 2795 3363 versabatur)
2820 3294 3116 3351 discrimen
3137 3295 3191 3348 in
3213 3294 3333 3364 ejus
3350 3303 3514 3364 caput

1929 3386 2296 3450 transtulisse;
2319 3385 2365 3440 si
2390 3386 2612 3455 quidem
2635 3401 2824 3440 verum
2840 3395 2923 3439 est
2943 3385 3095 3439 illum
3114 3383 3473 3439 demandasse
3496 3403 3509 3437 :

1927 3492 2029 3532 nec
2058 3477 2183 3531 enin
2231 3477 2507 3535 credimus
2533 3494 2547 3531 :
2579 3477 2734 3532 vobis
2761 3475 2989 3546 aliisque
3018 3474 3270 3546 plurimis
3295 3485 3515 3528 contra-

1925 3570 2068 3622 rium
2103 3570 2585 3639 persuadentibus.
2630 3567 2786 3634 Quod
2817 3567 2861 3622 si
2901 3582 3120 3622 rursum
3167 3566 3314 3622 dicat
3356 3580 3415 3621 se
3444 3568 3513 3620 ab

1928 3660 2019 3714 illo
2051 3669 2165 3714 tum
2199 3661 2427 3730 praesule
2457 3660 2992 3714 excommunicatum
3030 3672 3142 3712 non
3172 3656 3343 3712 fuisse
3366 3696 3381 3722 ,
3415 3672 3514 3712 cur

1927 3765 2058 3821 ergo
2083 3763 2280 3803 novem
2308 3763 2581 3802 annorum
2609 3748 2786 3816 spatio
2820 3761 2931 3800 non
2966 3743 3329 3809 sacrificavit;
3359 3758 3458 3798 cur
3482 3759 3513 3797 a

1928 3837 2155 3907 synodo,
2195 3845 2257 3891 ut
2287 3837 2384 3902 ait,
2420 3851 2567 3890 nunc
2595 3845 2677 3889 est
2708 3833 3029 3889 absolutus?
3054 3831 3234 3899 Sane,
3262 3832 3356 3903 qui
3389 3832 3513 3887 vin-

1929 3939 2053 3985 ctus
2084 3928 2130 3981 is
2161 3929 2377 3983 solutus
2410 3937 2515 3992 est,
2542 3941 2652 3981 non
2689 3927 2779 3996 qui
2812 3926 3027 3981 vinctus
3050 3939 3162 3979 non
3191 3923 3510 3990 esset.Quo-

1927 4023 2072 4079 circa
2112 4036 2297 4076 secum
2340 4020 2455 4089 ipse
2482 4027 2688 4089 pugnat
2712 4059 2725 4084 ,
2759 4026 2814 4072 et
2839 4016 3201 4072 constrictum
3235 4015 3410 4070 teneri
3451 4029 3512 4069 se

1931 4113 2059 4166 hinc
2091 4109 2511 4178 ostendit,quod
2539 4125 2648 4163 non
2685 4109 2825 4162 intra
2872 4107 3002 4162 anni
3043 4107 3303 4178 spatium,
3333 4113 3508 4160 utca-

1929 4221 2037 4260 non
2064 4206 2240 4275 jubet,
2275 4204 2551 4258 insontem
2599 4217 2658 4257 se
2715 4200 3046 4268 exhibuerit,
3078 4200 3514 4256 absolutionem-

1929 4298 2033 4367 quc
2053 4297 2230 4367 palam
2246 4295 2572 4366 susceperit.
2592 4293 2648 4347 Si
2665 4296 2824 4349 modo
2841 4294 3124 4348 absolutus
3139 4293 3260 4357 fuit,
3282 4295 3431 4348 omni
3447 4314 3512 4356 cx

1930 4397 2084 4459 parte
2114 4387 2378 4452 irretitus,
2405 4385 2654 4454 quamvis
2679 4385 3014 4441 falsostestes
3039 4387 3189 4442 mille
3224 4390 3510 4459 producat.

2004 4476 2129 4532 ﬂare
2161 4485 2307 4542 sunt,
2334 4475 2494 4530 Pater
2524 4486 2734 4541 sancte,
2764 4493 2883 4545 quae
2911 4485 3175 4532 terrorem
3216 4479 3509 4542 incutiunt.

245 4572 412 4626 λοντα
448 4571 608 4642 ἡμῶν
634 4570 734 4642 τὴν
772 4568 1020 4640 καρδίαν.
1045 4569 1156 4622 Καὶ
1182 4566 1274 4621 διὰ
1298 4565 1474 4620 ταῦτα
1501 4565 1638 4637 πρὸς
1659 4564 1719 4617 τὸ
1752 4562 1825 4634 μὴ

1931 4578 1984 4625 ct
2023 4584 2115 4624 cor
2140 4576 2386 4623 nostrum
2422 4566 2608 4621 dolore
2653 4567 3002 4621 contrahunt.
3063 4567 3162 4634 Ac,
3221 4578 3512 4640 propterea

246 4665 580 4735 κοινωνῆσαι
607 4661 756 4734 αύτῷ
777 4679 836 4715 τε
867 4661 961 4715 καὶ
982 4660 1060 4732 τῷ
1080 4659 1527 4733 προηγησαμέγ⁶ῳ
1553 4657 1826 4729 πατριάρ-

248 4771 345 4832 χῃ,
377 4756 515 4810 ἐπὰν
549 4757 824 4828 μετεδίδου
853 4755 930 4827 τῷ
963 4755 1335 4827 μοιχεύσαντι·
1361 4752 1846 4823 ἁπεκλείσθημεν,,

250 4847 365 4918 ἐγὼ
395 4849 452 4901 ἐν
477 4841 522 4916 ᾧ
551 4847 758 4920 καθέζῃ
794 4848 967 4918 τόπῳ,
998 4849 1026 4900 6
1070 4844 1374 4918 ἡγούμενός
1413 4860 1474 4899 τε
1511 4843 1606 4896 καὶ
1647 4841 1695 4894 oi
1722 4841 1828 4894 λοι-

253 4941 346 4994 ποι
376 4940 475 4993 σὺν
500 4937 579 5010 τῷ
616 4939 1038 5010 ἀρχιεπισκόπῳ
1070 4939 1128 4992 ἐν
1157 4939 1228 5010 τῇ
1260 4933 1634 5006 Θεσσαλονίκῃ
1662 4933 1830 5002 ὑπερ-

250 5030 582 5104 ορισθέντες.
625 5031 764 5083 Ἀλλ’
809 5033 836 5085 6
861 5031 992 5093 Θεὸς
1041 5030 1202 5083 πάλιν
1238 5028 1637 5095 ἐπισυνήγαγεν
1682 5025 1831 5096 ἡμᾶς

251 5124 440 5193 εὐχαῖς
471 5139 587 5176 σου.
623 5122 734 5176 Καὶ
759 5122 930 5187 οὕτως
966 5125 1040 5186 ὡς
1079 5123 1268 5192 ἔτυχεν
1303 5119 1590 5191 ἡνώθημεν
1617 5117 1693 5189 τῷ
1729 5134 1829 5170 πα-

250 5215 512 5287 τριάρχῃ.
544 5213 593 5266 εἰ
619 5213 694 5286 μὴ
713 5213 1032 5285 ὡμολόγησε
1063 5215 1242 5276 καλῶς
1271 5213 1414 5284 ἡμᾶς
1446 5211 1825 5282 πεποιηκέναι.

267 5305 394 5372 Ἐὰν
432 5300 525 5359 οῦν
558 5303 668 5358 οὐδ’
694 5305 783 5358 ὅτε
824 5308 857 5377 ἡ
899 5306 1112 5377 μοιχεία
1140 5301 1228 5376 ἦν,
1255 5305 1404 5374 καὶὴ
1439 5304 1546 5357 τῶν
1587 5303 1826 5356 κανόνων

253 5396 591 5470 παράσασις,
636 5396 736 5468 οὐχ
788 5397 1169 5466 ὑπεστάλημεν
1219 5395 1446 5465 δυνάμει
1500 5393 1656 5447 Θεοῦ·
1710 5393 1828 5456 πῶς

253 5482 350 5542 οῦν
379 5485 504 5559 ἄρτι
528 5487 618 5540 ὅτε
641 5485 940 5540 εύσεδοῦσά
968 5487 1113 5540 ἐστ-ιν
1142 5488 1174 5556 ἡ
1205 5483 1472 5555 βασιλεία,
1493 5483 1678 5536 ἕνεκεν
1711 5481 1829 5544 ἐνὸς

255 5575 633 5648 πρεσϐυτέρου
683 5577 1077 5650 καθῃρημένου
1134 5575 1668 5645 ὑποσταλησόμεθα,
1734 5573 1830 5628 καὶ

256 5667 614 5740 προδώσομεν
642 5669 742 5740 τὴν
793 5668 1073 5740 ἀλήθειαν,
1121 5667 1526 5731 κινδυνεύοντες
1557 5667 1699 5721 κατά
1725 5667 1829 5736 ψυ-

367 5848 413 5880 “
441 5846 554 5903 Jac.
596 5863 632 5913 ι,
670 5848 750 5900 17.
831 5848 873 5879 δ’
902 5846 1032 5903 Cod.
1068 5845 1213 5903 Eccl.
1249 5845 1440 5911 Africa,
1476 5860 1598 5900 can.
1634 5844 1722 5902 70.

1929 4661 2075 4731 quod
2107 4673 2231 4714 cum
2269 4657 2372 4712 isto
2425 4672 2534 4711 non
2567 4657 3115 4725 communicarcmus,
3167 4675 3345 4730 neque
3384 4676 3510 4716 cum

1932 4753 2278 4824 prazcedente
2302 4751 2631 4820 patriarcha,
2666 4752 2755 4819 qui
2788 4734 3034 4806 adultero
3067 4753 3509 4809 communionem

1932 4845 2310 4916 impertiebat;
2337 4859 2438 4914 ego
2460 4843 2679 4914 quidem
2705 4843 2945 4898 inclusus
2974 4843 3046 4897 fui
3082 4843 3136 4897 in
3165 4860 3274 4913 quo
3303 4845 3512 4899 resides

1931 4936 2071 5002 loco,
2097 4937 2418 5006 pra:positus
2444 4943 2622 4988 autem
2654 4941 2709 4986 et
2730 4932 2919 5001 reliqui
2943 4948 3064 4986 cum
3099 4932 3512 5004 archiepiscopo

1932 5027 2374 5083 Thessalonicam
2407 5023 2652 5095 relegati.
2680 5020 2785 5076 Sed
2831 5023 2973 5077 Deus
3020 5034 3121 5078 nos
3157 5023 3352 5078 iterum
3386 5041 3512 5093 ple-

1930 5121 2086 5176 cibus
2129 5119 2237 5174 tuis
2277 5117 2645 5188 congregavit.
2680 5115 2758 5170 Ac
2798 5129 2869 5170 ne
2915 5115 2995 5170 sic
3035 5116 3254 5186 quidem
3305 5125 3511 5172 temere

1931 5229 2033 5268 nos
2067 5210 2415 5280 adiunximus
2444 5208 2804 5278 patriarchae,
2854 5207 2959 5263 nisi
3009 5218 3296 5280 postquam
3331 5211 3510 5267 fassus

1930 5315 2015 5360 est
2041 5313 2188 5358 recte
2219 5318 2319 5358 nos
2373 5301 2589 5356 fecisse.
2633 5300 2689 5354 Si
2724 5316 2873 5372 ergo,
2909 5316 3031 5355 eum
3067 5310 3318 5372 regnaret
3362 5303 3490 5358 adul

1931 5398 2127 5453 terium
2156 5405 2212 5451 et
2241 5409 2509 5451 canonum
2552 5393 2935 5465 transgressio,
2967 5402 3116 5448 metu
3152 5394 3378 5450 minime
3404 5396 3508 5452 dis.

1930 5487 2309 5544 simulavimus
2333 5485 2426 5540 Dei
2449 5485 2653 5540 virtute
2682 5483 2804 5539 l‘reti
2827 5524 2842 5548 ,
2873 5487 3147 5554 quomodo
3174 5500 3323 5541 nunc
3346 5527 3361 5550 ,
3420 5488 3527 5557 pio

1931 5581 2247 5636 dominante
2295 5577 2524 5648 imperio
2552 5617 2567 5642 ,
2617 5585 2839 5646 propter
2881 5576 3258 5646 presbyterum
3312 5591 3503 5641 unum,

1933 5685 2167 5740 euntque
2199 5668 2524 5738 depositum,
2551 5667 2849 5723 timidiores
2879 5667 3086 5722 erimus
3117 5706 3131 5730 ,
3188 5665 3503 5721 veritatem-
