4158 6468
635 414 740 477 979

1824 414 1883 474 S.
1921 412 2313 475 THEODORI
2353 413 2702 475 STUDITB

3781 410 3893 477 980

637 520 744 573 que
776 517 899 560 cum
934 509 1127 574 aperto
1150 501 1347 559 anima:
1382 503 1626 573 periculo
1644 504 1971 575 prodemus?
2000 505 2213 575 Nequa-

2341 505 2453 575 [ήν;
2484 504 2756 575 οὐδαμῶς.
2822 502 2985 557 Ἀλλὰ
3036 504 3212 559 πάντα
3268 504 3400 575 ἡμῖν
3454 503 3669 575 φορητὰ
3726 505 3893 576 μέχρι

636 608 823 665 quam.
853 593 994 659 Quin
1020 593 1243 649 ferenda
1270 594 1427 649 nobis
1453 594 1631 649 omnia
1662 610 1832 663 usque
1862 594 1929 648 ad
1956 604 2209 660 mortem,

640 686 820 755 potius
855 701 1017 756 quam
1047 701 1170 739 cum
1201 700 1267 739 eo
1297 687 1767 741 communicemus
1788 727 1802 751 ,
1836 686 1920 740 vel
1949 702 2073 741 cum
2123 686 2213 750 iis,

2319 597 2552 651 θανάτου
2574 636 2590 661 ,
2624 598 2660 667 ἢ
2712 598 2999 669 μετασχεῖν
3040 599 3137 667 τῆς
3163 596 3373 650 ἐκείνου
3430 595 3712 659 κοινωνίας
3735 634 3752 659 .
3798 597 3895 650 καὶ

2316 690 2428 745 τῶν
2475 688 2667 760 ἐκείνῳ
2709 688 3287 760 συλλειτουργούντων.
3319 688 3425 751 ἕως
3462 687 3529 741 ἂν
3558 686 3747 758 παύσῃ
3793 686 3896 756 τῆς

638 779 882 848 quicum
919 779 1036 847 ipso
1079 778 1424 844 sacrificant;
1465 778 1641 847 quoad
1694 779 1997 833 sacerdotio
2026 818 2039 840 .
2077 778 2218 833 sicut

2341 783 2631 852 ερουργίας
2670 782 2861 851 ὥσπερ
2918 783 3011 833 ἐπὶ
3057 779 3150 833 τοῦ
3183 780 3491 853 προτέρου·
3546 779 3751 851 καίπερ
3803 779 3897 832 όν-

641 870 744 924 sub
782 869 964 939 priore
993 869 1298 937 patriarcha
1320 912 1334 934 ,
1361 869 1625 938 privetur.
1668 868 1987 938 Quanquam
2035 879 2218 938 poste-

642 959 804 1014 rioris
834 974 998 1013 causa
1030 960 1273 1013 deterior
1310 970 1413 1016 est.
1457 960 1590 1014 Nam
1620 961 1769 1029 prior
1795 977 1864 1015 ne
1888 962 2057 1015 semel
2099 961 2219 1031 qui-

642 1054 766 1109 dem
798 1070 921 1110 cum
950 1055 1041 1108 illo
1072 1070 1225 1109 sacra
1254 1055 1383 1109 fecit
1412 1074 1425 1109 :
1451 1065 1505 1110 et
1526 1064 1640 1109 tum
1668 1056 1887 1125 quidem
1918 1056 1970 1109 in
1994 1071 2222 1110 consor-

646 1147 781 1200 tium
820 1146 1006 1201 venire
1044 1147 1346 1201 absurdum
1379 1156 1496 1201 erat
1525 1165 1539 1201 :
1573 1148 1755 1201 minus
1790 1156 1970 1202 tamen
1997 1148 2220 1201 malum.

645 1236 775 1291 Istic
814 1251 943 1290 vero
978 1236 1255 1306 proposita
1285 1236 1445 1290 nobis
1472 1246 1555 1289 est
1597 1235 1883 1289 sacerdotii
1924 1235 2221 1303 abrogatio,

646 1327 691 1381 si
738 1342 843 1381 una
902 1328 1292 1382 sacriﬁcemus.
1344 1328 1473 1381 Esto
1523 1341 1843 1381 meonomus
1874 1343 1886 1379 :
1918 1341 2017 1380 cur
2061 1324 2225 1379 etiam

646 1417 868 1487 indigne
892 1419 1061 1473 sacris
1089 1420 1391 1488 operatur?
1421 1419 1581 1473 desiit
1607 1434 1729 1473 esse
1756 1419 2061 1489 presbyter.

716 1504 875 1569 Quod
903 1506 943 1560 si
970 1506 1087 1560 haec
1110 1507 1215 1560 illis
1246 1523 1353 1561 non
1391 1509 1625 1576 placent,
1652 1508 1743 1577 qui
1777 1522 1901 1563 eum
1931 1522 1997 1561 eo
2019 1504 2227 1562 sacrifi-

649 1606 817 1661 cant,
870 1598 1138 1653 videbunt
1184 1600 1444 1668 quidnam
1490 1600 1665 1656 acturi
1714 1600 1845 1653 sint.
1885 1598 2116 1653 Parcant
2148 1608 2228 1652 te-

649 1688 1097 1757 nuitatinostrze,
1131 1691 1225 1760 qui
1273 1707 1381 1747 non
1436 1706 1830 1761 provocamus,
1875 1700 1931 1745 et
1986 1690 2054 1744 ad
2086 1690 2231 1744 hunc

2320 889 2413 935 τος
2451 872 2836 942 χαλεπωτέρου
2865 871 2963 925 τοῦ
3012 871 3286 943 δευτέρου.
3320 870 3455 924 Οὐδὲ
3505 870 3613 941 γὰρ
3659 869 3901 923 συνελει-

2320 964 2629 1034 τούργησεν
2686 962 2834 1033 αὑτῷ
2888 962 3142 1029 καθάπαξ
3195 964 3223 1016 6
3276 962 3759 1032 προηγησάμενος.
3793 962 3903 1012 Καὶ

2323 1056 2444 1109 ἐκεῖ
2471 1056 2569 1125 μὲν
2601 1054 2877 1108 συνελθεῖν
2900 1054 3100 1107 ἄτοπον
3126 1050 3215 1125 ἦν.
3243 1054 3394 1123 Πλὴν
3420 1054 3482 1106 οὐ
3516 1052 3771 1107 τοσοῦτον
3804 1070 3907 1105 κα-

2324 1146 2443 1200 κόν.
2474 1140 2601 1199 Ὧδε
2653 1146 2709 1200 δὲ
2758 1145 3077 1216 καθαίρεσις
3108 1145 3265 1216 ἡμῶν
3301 1146 3400 1215 τῆς
3447 1144 3773 1215 ἱερωσύνης,
3808 1144 3905 1197 ἐὰν

2328 1239 2935 1309 συλλειτουργήσωμεν.
2982 1239 3163 1291 Ἔστω
3202 1237 3509 1306 οἰκονόμος·
3544 1236 3599 1291 τί
3632 1238 3728 1289 καὶ
3768 1238 3904 1290 ἀνα-

2330 1332 2455 1395 ξίως
2491 1331 2939 1402 συλλειτουργεῖ;
2976 1330 3191 1397 ἐξέλιπε
3226 1322 3617 1400 πρεσϐύτερος.

2402 1518 2466 1571 El
2518 1516 2575 1570 δέ
2621 1515 2777 1569 οὐδὲν
2824 1516 2971 1568 δοκεῖ
3014 1516 3128 1577 τοῖς
3179 1509 3689 1581 συλλειτουργοῦσιν
3731 1508 3907 1579 αὐτῷ,

2330 1606 2551 1674 δψονται
2586 1603 2671 1674 ἐφ’
2698 1597 2779 1666 οἷς
2818 1603 3140 1673 πράττουσι·
3174 1600 3471 1671 φείσωνται
3501 1600 3658 1670 ἡμῶν
3684 1598 3784 1669 τῆς
3813 1616 3913 1651 τα-

2333 1696 2667 1760 πεινώσεως,
2727 1695 3087 1766 στεργόντων,
3156 1693 3270 1747 ἀλλ’
3322 1692 3801 1763 οίκονομησὰντων
3848 1692 3912 1743 ἐν

650 1792 824 1847 usque
859 1779 1003 1833 diem
1060 1778 1198 1834 nihil
1247 1780 1410 1834 locuti
1448 1796 1669 1848 sumus,
1726 1781 1821 1835 sed
1868 1780 2090 1835 biennio
2128 1794 2231 1833 nos

2341 1792 2451 1852 τοῖς
2481 1787 2633 1840 δυσὶν
2659 1786 2805 1839 ἐτεσι
2834 1785 3068 1851 τούτοις,
3096 1783 3156 1849 ἐξ
3185 1784 3309 1838 ὅτου
3335 1782 3588 1854 είσῆλθον
3614 1782 3742 1855 [ωε.
3770 1781 3908 1852 Reg.

650 1876 768 1923 toto
790 1870 1183 1938 continuimus,
1216 1886 1283 1925 ex
1308 1887 1416 1941 quo
1434 1872 1662 1942 ingressi
1689 1881 1849 1936 sunt,
1899 1880 1960 1925 ut
1985 1870 2233 1941 pacatius

2341 1847 2645 1952 είσηλθενγ
2714 1878 2784 1931 ἵν’
2834 1847 3480 1947 οῦτωςὝείρηνικώτερον
3523 1847 3912 1945 διεξέλθωμεν.

652 1958 759 2014 hoc
789 1961 951 2015 modo
990 1962 1317 2018 viveremus.
1349 1962 1566 2019 Domini
1594 1963 1762 2017 nostri
1796 1962 1989 2033 optimi
2040 1977 2233 2032 seque-

652 2057 794 2103 stres
827 2060 957 2105 sunt
990 2061 1155 2122 atque
1181 2052 1373 2107 arbitri
1404 2054 1711 2123 aequitatis,
1767 2052 2008 2107 fautores
2043 2067 2232 2107 eorum

651 2141 745 2211 qui
777 2142 1065 2197 veritatem
1099 2144 1269 2199 libere
1298 2143 1624 2211 defendunt,
1666 2147 1809 2200 sicut
1835 2161 1902 2200 ex
1933 2145 2233 2200 venerabili

652 2234 899 2305 ipsorum
932 2252 1026 2291 ore
1059 2237 1259 2309 saepius
1288 2238 1535 2292 auditum
1558 2248 1659 2292 est.
1694 2238 1893 2293 Ferant
1917 2238 2234 2293 sacerdotes

654 2332 715 2378 ut
754 2340 939 2381 sacros
985 2327 1237 2381 homines
1280 2327 1480 2381 decet:
1516 2336 1609 2381 aut
1655 2329 2060 2396 persuadebunt
2107 2328 2231 2397 ipsi,

654 2430 752 2475 aut
780 2422 911 2491 ipsis
940 2422 1373 2492 persuadebitur.
1419 2423 1514 2477 Sin
1556 2425 1747 2477 horum
1806 2426 1972 2490 nihil,
2026 2425 2121 2479 sed
2167 2440 2237 2478 ne

655 2510 857 2566 mutire
881 2512 1102 2581 quidem
1142 2528 1241 2566 nos
1286 2514 1573 2568 ferendum
1610 2522 1841 2583 putant;
1871 2516 2015 2571 Deus
2058 2515 2230 2569 intue-

655 2610 770 2665 tur,
800 2617 909 2672 quo
943 2619 1106 2659 nemo
1132 2616 1216 2658 est
1241 2607 1433 2674 major,
1470 2607 1629 2675 cujus
1659 2606 1826 2661 solius
1859 2615 1941 2660 est
1976 2605 2238 2660 formida-

656 2692 783 2747 bilis
820 2703 997 2748 terror
1028 2704 1084 2749 et
1142 2695 1381 2750 tribunal
1433 2695 1584 2758 illud.
1618 2696 1702 2749 cui
1748 2697 2005 2751 sistemur
2046 2711 2239 2753 omnes

657 2785 728 2838 de
766 2783 1021 2838 omnibus
1064 2784 1367 2853 iudicandi.
1410 2785 1680 2841 Caeterum
1738 2787 2041 2842 bonitatem
2091 2797 2237 2841 tuam

657 2890 881 2931 oramus
909 2886 965 2931 et
1003 2886 1260 2947 tanquam
1290 2880 1618 2935 venerandis
1644 2882 1887 2952 vestigiis
1925 2882 2034 2935 tuis
2075 2881 2241 2937 advo-

656 2965 755 3021 luti
781 2967 1133 3023 obsecramus
1158 2980 1319 3040 atque
1344 2971 1701 3034 obtestamur.
1730 2980 1787 3026 ut
1816 2973 2239 3028 misericordiam

658 3058 821 3114 nobis
852 3058 1164 3130 impertias,
1218 3069 1276 3116 et
1323 3077 1616 3117 commune
1649 3063 2081 3118 emolumentum
2130 3073 2240 3118 tam

2335 1974 2399 2027 Ol
2433 1973 2693 2027 δεσπόται
2728 1971 2884 2043 ἡμῶν
2911 1972 2963 2023 oi
2983 1968 3180 2039 ἀγαθοὶ
3212 1970 3445 2039 μσσῖται
3475 1967 3570 2022 καὶ
3604 1968 3791 2039 κριταὶ
3816 1964 3914 2019 τοῦ

2332 2065 2569 2129 δικαίου,
2604 2064 2829 2134 φιληταὶ
2867 2062 2977 2116 τῶν
3004 2060 3537 2134 παρρησιαζομένων
3566 2059 3625 2112 ἐν
3655 2056 3912 2129 ἀληθείᾳ,

2332 2154 2409 2219 ὡς
2440 2154 2573 2208 αὐτὸ
2596 2153 2657 2206 τὸ
2677 2152 2861 2222 τίμιον
2887 2151 3067 2205 αὐτῶν
3092 2149 3269 2216 στόμα
3295 2146 3559 2212 πολλάκις
3578 2146 3913 2220 διαγορεύει.

2349 2247 2685 2312 Ἐνέγκωσιν
2730 2245 2778 2296 οἱ
2818 2244 2981 2313 ἱερεῖς
3006 2241 3189 2311 ίερῶς,
3217 2240 3251 2311 ἢ
3284 2240 3644 2311 πείσουσιν,ἢ
3684 2238 3916 2308 πεισθήε

2339 2350 2544 2386 σονται.
2606 2333 2672 2387 Ei
2706 2331 2762 2385 δέ
2815 2330 2969 2383 οὐδὲν
2998 2328 3265 2392 τοιοῦτον,
3296 2328 3435 2382 ἀλλά
3465 2330 3563 2384 καὶ
3611 2328 3674 2382 τὸ
3715 2328 3916 2399 γρύξαι

2336 2427 2486 2496 ἡμᾶς
2520 2422 2680 2494 μόνον
2723 2424 2825 2476 οὐκ
2854 2421 3097 2476 ἀνεκτόν·
3124 2420 3258 2485 Θεὸς
3289 2422 3462 2493 ἐφορᾷ
3492 2415 3553 2475 οὗ
3601 2420 3805 2491 μείζων
3828 2420 3919 2473 οῦ·

2338 2516 2471 2581 δεῖς,
2503 2512 2563 2570 οὗ
2600 2514 2766 2585 μόνος
2806 2514 2836 2565 6
2868 2512 3033 2581 φόϐος
3074 2511 3329 2583 φοϐερὸς,
3363 2513 3458 2566 καὶ
3495 2512 3555 2564 τὸ
3597 2510 3810 2565 ἐκεῖθεν
3834 2509 3917 2563 δι-

2339 2608 2664 2676 καστήριον,
2714 2597 2759 2671 ᾧ
2814 2603 3018 2667 πάντες
3052 2600 3525 2674 παραστησόμεθα
3568 2597 3919 2669 εὐθυνόμενοι

2339 2701 2481 2755 κατὰ
2512 2702 2711 2755 πάντα.
2747 2699 2911 2754 Ἀλλὰ
2931 2699 3164 2770 δεόμεθά
3190 2713 3285 2749 σου
3310 2694 3410 2765 τῆς
3431 2693 3793 2763 ἀγαθότητος,
3825 2695 3919 2748 καὶ

2340 2794 2416 2856 ὡς
2464 2792 2984 2863 προκυλινδούμενοι
3008 2792 3119 2850 τοῖς
3158 2787 3361 2858 τιμίοις
3401 2802 3495 2839 σου
3536 2785 3709 2855 ῐχνεσι
3732 2802 3917 2857 παρα-

2342 2883 2617 2953 καλοῦμεν
2672 2883 2769 2935 καὶ
2824 2876 3211 2947 ἀντιϐολοῦμεν
3249 2917 3264 2943 ,
3320 2878 3546 2946 ποιῆσαι
3602 2874 3752 2939 ἐλεος
3798 2874 3917 2946 μεθ’

2344 2976 2524 3046 ἡμῶν,
2566 2977 2659 3028 καὶ
2707 2974 2884 3025 κοινὸν
2925 2972 3116 3038 ὄφελος
3159 2969 3347 3031 αὐτοῖς
3390 2984 3452 3020 τι
3485 2968 3597 3030 τοῖς
3635 2967 3922 3021 εὐσεϐέσιν

2345 3068 2502 3138 ἡμῶν
2538 3065 2843 3135 βασιλεῦσι,
2889 3062 2967 3133 τῷ
3017 3079 3079 3115 τε
3130 3062 3420 3130 ἁγιωτάτῳ
3454 3058 3797 3131 πατριάρχῃ,
3827 3062 3924 3114 καὶ

657 3149 769 3220 piis
791 3150 1214 3222 imperatoribus
1240 3154 1460 3219 nostris,
1480 3168 1641 3223 quam
1671 3154 1990 3223 patriarcha:
2006 3156 2241 3209 sanctis-

2346 3162 2497 3229 πασῃ
2540 3161 2604 3227 τῇ
2666 3156 2985 3227 Ἐκκλησία·
3031 3155 3092 3208 οὐ
3128 3157 3193 3225 τῇ
3226 3152 3349 3207 καθ’
3380 3154 3526 3223 ἡμᾶς
3560 3152 3742 3219 μόνον,

659 3243 823 3308 simo,
857 3251 912 3296 et
940 3243 1193 3299 Ecclesiae
1220 3244 1511 3307 universa,
1560 3261 1669 3299 non
1722 3247 1849 3300 huic
1899 3246 2073 3299 solum
2122 3262 2241 3315 quin

2348 3256 2441 3310 διαὶ
2470 3256 2537 3323 τῇ
2579 3251 2684 3305 ἀνὰ
2717 3251 2899 3303 πᾶσαν
2944 3248 3043 3319 τὴν
3080 3246 3427 3317 οίκουμένην·
3456 3243 3543 3296 ἴνα
3573 3242 3760 3317 παύσῃ
3791 3247 3820 3298 6
3842 3239 3925 3309 εἷς

660 3335 805 3403 apud
830 3350 929 3390 nos
953 3345 1057 3399 est,
1087 3336 1183 3389 sed
1209 3351 1327 3405 qua:
1346 3351 1443 3405 per
1473 3345 1643 3390 totum
1682 3338 1899 3400 orbem;
1950 3347 2007 3391 ut
2034 3336 2245 3391 abdicet

662 3440 724 3480 se
751 3442 891 3480 unus
921 3427 989 3480 ad
1018 3426 1243 3496 gloriam
1272 3426 1385 3492 Dei,
1412 3437 1467 3481 et
1494 3443 1602 3481 non
1636 3428 1886 3482 turbetur
1915 3429 2035 3497 ejus
2057 3428 2244 3483 Eccle-

661 3517 743 3571 sia
772 3534 785 3569 :
813 3517 896 3571 sin
928 3518 1111 3572 minus
1134 3560 1149 3583 ,
1202 3527 1257 3572 at
1286 3520 1474 3573 saltem
1522 3520 1627 3573 hoc
1659 3520 1981 3584 secundum,
2026 3528 2087 3574 ut
2126 3536 2243 3573 ma-

662 3624 894 3664 neamus
924 3625 1024 3664 nos
1065 3610 1120 3664 in
1159 3612 1349 3666 eodem
1381 3620 1546 3675 statu,
1580 3628 1687 3681 quo
1751 3628 1850 3683 per
1900 3614 2089 3667 decem
2145 3613 2247 3666 hos

662 3714 858 3754 anuos.
900 3700 1038 3755 Nam
1064 3700 1133 3755 de
1154 3703 1387 3763 caeteris.
1409 3704 1657 3771 quamvis
1683 3704 2109 3759 innumerabiles
2137 3706 2247 3759 sint

663 3791 933 3861 episcopi,
961 3800 1015 3845 et
1043 3792 1379 3857 sacerdotes,
1412 3803 1468 3848 et
1512 3795 1785 3864 prepositi
1816 3832 1832 3858 ,
1880 3795 1971 3863 qui
2012 3810 2136 3848 cum
2180 3812 2247 3851 eo

662 3883 1111 3949 communicant;
1165 3883 1305 3938 nihil
1334 3884 1664 3950 mirandum,
1711 3884 2149 3955 quandoquidem
2176 3886 2244 3940 ii-

664 3976 790 4031 dem
820 3977 923 4047 ipsi
951 3993 1075 4033 cum
1106 3979 1353 4034 adultero
1385 3980 1765 4046 versabantur,
1803 3988 1860 4035 et
1890 3994 2055 4034 nemo
2082 3980 2247 4050 quid-

662 4083 828 4136 quam
861 4070 1077 4125 locutus
1106 4082 1213 4127 est.
1255 4071 1381 4128 Haec
1410 4073 1553 4127 Deus
1587 4088 1687 4144 per
1734 4090 1855 4138 nos,
1902 4073 2029 4128 licet
2071 4074 2247 4128 audax

664 4159 739 4215 sit
777 4160 1019 4227 dictum,
1056 4170 1111 4218 et
1158 4162 1419 4220 admonet
1499 4173 1556 4219 et
1608 4166 1928 4232 denuntiat,
1984 4175 2040 4221 et
2090 4166 2247 4237 quasi

662 4252 839 4323 jubet.

1206 4388 1394 4449 XXIII.
1432 4424 1500 4433 —
1521 4394 1725 4449 Eidem.

2344 3348 2425 3409 είς
2445 3346 2601 3410 δόξαν
2627 3342 2787 3405 Θεοῦ,
2820 3344 2915 3395 καὶ
2947 3341 3023 3412 μὴ
3046 3339 3294 3410 ταραχθῇ
3344 3340 3379 3406 ἠ
3416 3334 3921 3408 αὑτοῦἘκκλησια·

2345 3439 2394 3490 εί
2423 3438 2479 3492 δὲ
2514 3440 2588 3509 μή
2614 3454 2698 3505 γε,
2732 3436 2868 3490 ἀλλὰ
2893 3436 2954 3489 τό
2986 3451 3050 3503 γι
3083 3433 3336 3503 δεύτερον
3368 3430 3428 3483 τὸ
3460 3430 3743 3499 ἐπιμεῖναι
3775 3432 3926 3501 ἡμᾶς

2346 3532 2405 3583 ἐν
2444 3529 2521 3600 τῷ
2542 3529 2709 3597 αὐτῷ,
2732 3528 2988 3597 καθάπερ
3019 3527 3081 3579 ἐν
3098 3529 3208 3588 τοῖς
3238 3523 3371 3576 δέκα
3397 3522 3545 3578 ἐτεσι
3578 3522 3815 3587 τούτοις.
3859 3524 3925 3577 Οῐ

2348 3624 2457 3695 γὰρ
2496 3622 2677 3677 λοιποὶ
2729 3623 2832 3675 κᾶν
2882 3622 3070 3692 μυρίοι
3108 3614 3245 3673 ὦσιν
3280 3620 3565 3690 ίεράρχαι,
3607 3618 3701 3673 καὶ
3733 3621 3924 3690 ἱερεῖς,

2348 3718 2445 3770 καὶ
2480 3715 2799 3786 ἡγούμενοι,
2846 3712 3232 3775 κοινωνοῦντες
3274 3710 3428 3782 αὐτῷ
3449 3750 3464 3775 ,
3494 3711 3559 3764 οὐ
3590 3710 3925 3781 θαυμαστόν·

2350 3809 2473 3862 ἐπεὶ
2506 3808 2662 3860 αὐτοὶ
2692 3807 2785 3859 καὶ
2820 3804 3081 3875 συνῆλθον
3108 3803 3188 3873 τῷ
3222 3802 3595 3874 μοιχεύσαντι·
3628 3803 3725 3857 καὶ
3748 3802 3928 3867 οὐδείς

2347 3917 2401 3955 τι
2436 3898 2723 3969 λελάληκε.
2769 3896 2955 3951 Ταῦτα
2989 3895 3122 3958 Θεὸς
3151 3894 3219 3949 δι’
3248 3894 3429 3965 ἡμῶν,
3461 3894 3511 3947 εί
3538 3894 3635 3949 καὶ
3654 3895 3928 3967 τολμηρδν

2349 3992 2548 4056 εἰπεῖν,
2587 3989 2684 4043 καὶ
2716 3989 3046 4061 παρακαλεῖ,
3079 3988 3176 4043 καὶ
3221 3988 3692 4061 προσφθέγγεται,
3735 3988 3929 4053 uti);

2349 4084 2564 4138 κελεύει
2597 4083 2757 4155 (19⁸).

2845 4397 2975 4453 ΚΓ.
2999 4428 3068 4441 -—
3098 4398 3182 4463 Τῷ
3207 4397 3390 4461 αὐτῷ.

666 4552 860 4615 Scripta
887 4552 1085 4605 nomine
1109 4555 1317 4620 Josephi
1351 4557 1643 4621 archiepisc.
1677 4559 2158 4611 Thessalonicensis.
2184 4562 2415 4674 gztsendit
2427 4558 2562 4669 1falso
2585 4557 2803 4607 accusari
2828 4567 2903 4615 se,
2923 4552 3062 4618 quasi
3089 4553 3424 4617 episcopatum
3446 4556 3696 4604 invaserit.
3728 4555 3930 4619 (Baron.

2094 4638 2172 4672 an.
2299 4662 2311 4674 .
2337 4637 2386 4673 ιι.
2492 4658 2502 4669 .

2094 4638 2172 4672 an.
2200 4637 2311 4684 δυο,
2337 4637 2386 4673 ιι.
2427 4637 2502 4669 ιδ.

741 4746 798 4801 In
831 4748 917 4802 his
950 4763 1071 4817 quae
1097 4750 1275 4816 nobis,
1317 4751 1479 4806 Pater
1513 4761 1722 4817 sancte,
1753 4754 2091 4824 significasti,
2118 4754 2241 4809 nihil

2428 4751 2597 4806 Οὐδὲν
2631 4742 2706 4804 ὧν
2733 4749 3045 4820 δεδήλωκας
3079 4749 3211 4818 ἡμῖν
3240 4748 3301 4801 τὸ
3330 4748 3526 4817 παρὸν,
3560 4748 3686 4818 ἅγιε
3724 4751 3929 4824 Πάτερ,

670 4838 952 4893 molcsuus
984 4839 1105 4903 fuit,
1136 4857 1297 4912 quam
1327 4843 1471 4912 quod
1498 4844 1671 4897 nolint
1706 4845 1775 4915 pii
1818 4844 2030 4900 Domini
2073 4847 2251 4901 nostri

670 4944 773 4984 nos
799 4929 866 4985 de
898 4945 1049 4984 more
1082 4933 1365 4998 accedere,
1403 4934 1723 5004 dignarique
1758 4937 2065 4992 veneranda
2101 4938 2249 5007 ipso-

670 5035 789 5074 rum
845 5021 1180 5086 adoratione,
1236 5032 1291 5077 et
1345 5026 1747 5095 prepempticas
1798 5042 1862 5081 ac
1916 5030 2158 5093 votivas,
2195 5036 2255 5081 ut

670 5113 853 5167 caeleri
898 5111 1124 5177 faciunt,
1174 5114 1225 5168 iu
1262 5130 1451 5169 eorum
1499 5117 1741 5173 discessu
1791 5134 1952 5174 voces
2000 5121 2252 5175 reddere.

671 5203 780 5259 Sed
828 5221 935 5259 non
992 5221 1209 5276 semper
1261 5210 1364 5264 hoc
1414 5210 1482 5263 ad
1527 5211 1957 5268 humiliationem
2009 5225 2255 5270 nostram

671 5296 835 5351 faciet
881 5299 1140 5367 placabile
1167 5310 1221 5354 et
1246 5301 1567 5370 injuriarum
1600 5303 1905 5371 immemor,
1944 5304 2255 5377 Christique

670 5388 927 5442 aemulum
989 5406 1085 5445 cor
1124 5407 1313 5446 eorum
1350 5412 1363 5447 :
1396 5395 1597 5465 quippe
1650 5398 1795 5467 quod
1842 5398 2091 5453 hostibus
2125 5401 2255 5470 ipsis

674 5479 1015 5534 reconciliari
1045 5482 1200 5536 novit
1229 5500 1241 5536 :
1272 5485 1477 5539 nedum
1510 5496 1570 5539 ut
1601 5502 1699 5540 nos
1729 5488 1954 5557 rejiciat,
1990 5490 2083 5558 qui
2128 5490 2258 5544 sin-

672 5584 800 5625 cero
848 5572 1014 5627 corde
1065 5573 1185 5629 illos
1236 5576 1467 5634 colimus
1494 5588 1549 5632 et
1581 5594 1848 5635 amamus.
1884 5580 2026 5637 Belle
2072 5592 2255 5637 autem

2353 4846 2625 4919 λυπηρδν,
2657 4846 2783 4899 ὅσον
2806 4843 2867 4897 τὸ
2914 4843 2988 4913 μὴ
3029 4841 3208 4895 θέλειν
3234 4843 3360 4905 τοὺς
3387 4840 3632 4907 εὐσεϐεῖς
3664 4843 3824 4915 ἡμῶν
3850 4843 3939 4897 δε-

2359 4942 2569 5004 σπότας
2596 4938 2770 4992 ἐλθεῖν
2796 4939 2939 5010 ἡμᾶς
2970 4936 3114 4990 κατὰ
3136 4936 3197 4989 τὸ
3231 4935 3484 5006 σύνηθες,
3507 4939 3603 4992 καὶ
3634 4936 3934 5007 ἀξιωθῆναι

2358 5036 2457 5105 τῆς
2508 5033 2697 5105 τιμίας
2742 5032 2920 5085 αὐτῶν
2974 5032 3420 5103 προσκυνήσεως.
3476 5032 3571 5084 καὶ
3616 5032 3745 5094 τοὺς
3792 5047 3934 5100 προ-

2358 5123 2707 5194 πεμπτικοὺς
2738 5120 2835 5174 καὶ¹
2855 5121 3201 5191 εὐκτηρίους,
3226 5121 3301 5182 ὡς
3330 5120 3441 5182 πᾶς
3468 5118 3579 5173 τῶν
3603 5118 3932 5191 ἀνθρώπων,

2359 5217 2501 5272 κατὰ
2534 5215 2634 5286 τὴν
2666 5214 2844 5278 ἔξοδον
2874 5214 3054 5266 αὐτῶν
3101 5211 3398 5266 ἀποδοῦναι
3428 5212 3646 5281 λόγους.
3694 5212 3831 5264 Ἀλλ’
3868 5212 3931 5265 οὐ

2360 5309 2579 5370 πάντως
2611 5310 2643 5377 ἡ
2675 5305 3018 5375 εὐμείλικτος
3048 5306 3141 5359 κα)⁸
3171 5304 3552 5375 ἀμνησίκακος
3582 5304 3675 5358 καὶ
3702 5305 3936 5375 Χριστο-

2364 5398 2598 5470 μίμητος
2630 5395 2811 5451 αὐτῶν
2848 5396 3045 5466 καρδία
3069 5394 3230 5450 τοῦτο
3261 5395 3383 5447 ὅλον
3416 5393 3694 5464 ποιήσειεν
3727 5396 3807 5456 εις
3837 5392 3936 5465 τὴν

2359 5490 2640 5562 ἡμετέραν
2671 5489 3043 5543 ταπείνωσιν·
3095 5492 3220 5542 ἐπεὶ
3264 5490 3507 5553 καὶτοῖς
3554 5487 3770 5559 ἐχθροῖς
3824 5483 3936 5542 οἶδε

2360 5581 2818 5649 διαλλάττεσθαι,
2852 5582 2972 5654 οὐχὶ
3002 5582 3059 5636 δέ
3103 5583 3249 5655 ἡμᾶς
3290 5584 3417 5647 τοὺς
3465 5581 3695 5653 ἀληθινῇ
3738 5580 3934 5654 καρδίᾳ

2174 5717 2407 5775 NOTAE.

745 5850 880 5923 (19')
905 5852 995 5910 Sic
1022 5853 1311 5927 legendum
1346 5859 1561 5918 videtur
1599 5872 1653 5921 et
1677 5864 1731 5921 iu
1762 5863 1869 5921 line
1900 5863 2061 5935 epist.
2093 5863 2155 5919 21
2195 5880 2380 5934 supra.
