4158 6500
260 446 369 510 981

1499 434 2040 496 EPISTOLARUM
2074 434 2220 494 LIB.
2258 433 2311 493 Ι.

3414 433 3522 496 982

256 556 556 630 φιλοῦντας
585 554 677 609 καὶ
701 553 959 617 σέϐοντας
984 551 1450 622 αὺτούς.Ἀριστα
1478 552 1534 605 δὲ
1565 553 1837 608 ὑπέϐαλεν

1949 564 2034 608 tua
2067 553 2326 609 sanctitas
2360 564 2621 622 responsa
2661 557 2846 606 nostra
2879 550 3047 606 sacris
3070 550 3280 606 illorum
3298 552 3522 608 auribus

257 651 296 719 ὴ
332 643 612 715 ἀγιωσύνη
640 661 735 696 σου
763 643 861 706 τάς
894 644 994 712 τῆς
1025 640 1301 704 εὐτελείας
1325 641 1483 711 ἡμῶν
1516 641 1842 712 ἀποκρίσεις

258 739 324 790 ἐν
365 737 486 798 ταῖς
522 735 695 805 ίεραῖς
732 731 915 786 αὐτῶν
949 732 1172 794 ἀκοαῖς·
1223 730 1320 784 καὶ
1355 731 1437 784 ὃτι
1487 732 1843 799 κατένευσαν,

255 829 361 901 τῆς
384 826 566 881 αὐτῶν
604 825 688 896 εἴη
739 823 1145 894 μεγαλόφρονος
1193 821 1534 886 θεοσυνεσίας
1557 839 1569 852 ·
1608 823 1702 877 καὶ
1733 822 1844 894 γὰρ

259 919 417 972 ῐσασι
454 917 526 971 τὰ
558 915 677 970 θεῖα
713 915 919 986 κρίνειν
961 912 1266 975 εὐθυϐόλως
1288 950 1303 976 ,
1334 911 1410 976 ὡς
1448 913 1641 981 σοφίας
1676 930 1847 983 μεμε-

261 1008 570 1078 στωμένοι,
605 1006 700 1060 καὶ
733 1006 993 1074 γνώσεως
1023 1003 1160 1058 Θεοῦ
1199 1004 1482 1058 ἀνάπλεοι.
1520 1004 1750 1058 Κελεύει
1788 1005 1846 1058 δὲ

261 1100 500 1172 ἐρωτᾷν,
543 1099 688 1162 τίνος
723 1097 885 1169 χάριν
919 1094 1330 1166 ἐπιδεδώκαμεν
1362 1096 1592 1160 ἑαυτοὺς
1628 1098 1706 1160 εἰς
1744 1096 1846 1167 τὴν

263 1191 555 1262 ίεραρχίαν
589 1231 602 1253 ,
655 1188 1000 1258 ἐγνωσμένου
1040 1187 1194 1250 ὄντος
1225 1185 1319 1240 τοῦ
1353 1186 1694 1257 σφάλματος.
1737 1186 1846 1241 Καὶ

259 1287 404 1355 πρὸς
435 1283 594 1336 τοῦτο
632 1282 747 1353 μετ’
792 1279 982 1343 αίδοῦς
1026 1279 1468 1351 ἀποκρινόμεθα,
1502 1281 1586 1334 ὅτι
1631 1280 1754 1334 ὅσον
1785 1282 1847 1334 τὸ

261 1375 389 1431 καθ’
433 1377 608 1445 ἡμᾶς,
662 1373 763 1426 οὐκ
811 1370 1179 1442 ἐϐουλόμεθα,
1223 1372 1284 1425 τὸ
1335 1373 1434 1443 μὲν
1484 1373 1573 1426 διά
1619 1373 1679 1426 τὸ
1725 1375 1847 1426 ἐπι-

262 1467 510 1522 κίνδυνον
540 1465 630 1519 τοῦ
655 1463 971 1535 ἀξιώματος
992 1506 1007 1530 ,
1037 1463 1099 1516 τὸ
1134 1465 1191 1517 δὲ
1220 1464 1289 1518 δι’
1321 1465 1452 1517 αὐτὸ
1480 1465 1582 1536 ἤδη
1604 1465 1664 1519 τὸ
1697 1465 1848 1534 λεγό-

264 1563 428 1631 μενον
453 1557 550 1613 τοῦ
581 1557 892 1627 οἰκονόμου.
935 1555 1087 1610 Ἐπεὶ
1120 1555 1176 1609 δέ
1205 1557 1473 1627 ἐλήλυθαν
1495 1557 1546 1610 οἱ
1571 1556 1846 1612 Θεσσαλοο

263 1653 462 1715 νικεῖς,
505 1648 842 1711 ἱκετεύοντες
872 1647 948 1711 ὼς
980 1648 1044 1701 ἐκ
1072 1646 1256 1715 πάσης
1293 1647 1392 1715 τῆς
1425 1646 1654 1710 πόλεως,
1695 1646 1749 1699 οἴ
1785 1663 1845 1699 τε

258 1742 523 1796 δεσπόται
561 1738 717 1810 ἡμῶν
746 1741 795 1792 οί
837 1739 1034 1803 ἀγαθοὶ
1065 1737 1537 1808 συνεπιτιθέμενοι
1565 1736 1644 1808 τῷ
1677 1737 1849 1808 ψηφί-

262 1850 437 1904 σματι
459 1849 472 1862 ·
527 1831 644 1896 δέος
682 1831 815 1902 ἡμῖν
846 1831 1064 1899 ἐγένετο
1097 1828 1171 1900 μὴ
1205 1830 1538 1892 ὑπακοῦσαι,
1572 1831 1667 1883 καὶ
1701 1831 1848 1882 ἀντιο

1948 644 2178 714 subjecit
2216 662 2230 699 :
2273 642 2471 713 quibus
2505 642 2650 712 quod
2678 649 3010 707 annuerunt,
3050 642 3396 697 tribuendum
3436 655 3519 698 est

1947 736 2305 807 magnanimae
2345 744 2398 790 et
2431 733 2631 789 divinae
2678 748 2866 788 eorum
2921 733 3223 803 prudentiae
3262 751 3275 788 :
3313 735 3519 805 optime

1948 827 2094 884 enim
2129 828 2195 882 de
2224 827 2426 882 divinis
2459 826 2729 895 judicant,
2756 835 2815 879 ιιι
2867 825 3130 895 sapientia
3163 826 3308 895 pleni
3337 836 3393 881 et
3426 827 3523 882 Dei

1948 919 2175 974 scicntia
2226 918 2432 973 referti.
2491 916 2655 971 lubet
2692 925 2870 971 autem
2916 917 3279 988 interrogare,
3326 933 3522 986 quam-

1948 1012 2136 1067 obrem
2169 1011 2554 1081 ingesserimus
2588 1023 2687 1063 nos
2717 1007 2772 1062 in
2807 1008 3174 1078 episcopatum
3194 1047 3209 1074 ,
3252 1023 3377 1064 cum
3407 1023 3524 1062 ma-

1947 1102 2206 1157 nifestum
2248 1102 2320 1156 sit
2352 1101 2564 1156 vitium.
2592 1100 2674 1155 Ad
2709 1100 2810 1154 hoc
2835 1114 3052 1169 quoque
3075 1114 3176 1154 nos
3203 1114 3327 1154 cum
3366 1114 3524 1154 reve-

1948 1196 2123 1250 rentia
2162 1193 2586 1264 respondemus,
2617 1191 2782 1262 quod,
2807 1201 3074 1261 quantum
3113 1191 3168 1245 in
3199 1191 3357 1246 nobis
3381 1199 3522 1255 erat,

1947 1285 2287 1347 nolebamus,
2331 1283 2527 1351 partim
2561 1282 2781 1351 quidem
2814 1291 3034 1352 propter
3059 1295 3262 1349 anceps
3307 1280 3523 1350 pericu-

1946 1375 2058 1430 lum
2108 1374 2404 1446 dignitatis,
2452 1374 2648 1443 partim
2700 1373 2861 1428 etiam
2908 1382 3132 1442 propter
3175 1372 3226 1425 id
3272 1371 3415 1442 quod
3455 1371 3523 1426 de

1947 1483 2234 1522 oeconomo
2253 1466 2361 1536 jam
2392 1466 2692 1520 dicebatur.
2715 1463 3006 1535 Postquam
3035 1479 3163 1520 vero
3186 1464 3524 1520 advenerunt

1948 1559 2503 1622 Thessalonicenses,
2551 1556 2921 1627 supplicantes
2984 1564 3242 1626 tanquam
3299 1556 3524 1610 nomine

1949 1651 2115 1707 totius
2171 1649 2434 1716 civitatis,
2479 1659 2533 1704 ct
2570 1648 2760 1718 optimi
2815 1647 3028 1703 Domini
3079 1649 3252 1703 nostri
3300 1648 3524 1705 decreto

1949 1743 2157 1800 assensi
2185 1751 2344 1807 sunt;
2383 1740 2542 1796 veriti
2567 1755 2756 1795 sumus
2785 1755 2897 1794 non
2938 1740 3164 1796 obedire
3186 1749 3241 1795 et
3268 1738 3524 1796 reluctari

1953 1833 2062 1889 Deo
2107 1833 2321 1904 piisque
2340 1825 2586 1886 'dominis
2626 1831 2850 1896 nostris,
2878 1830 3200 1902 cogitantes,
3231 1831 3377 1901 quod
3402 1847 3528 1902 pos-

262 1921 532 1994 φέρεσθαι
573 1919 693 1992 Θεῷ
737 1936 797 1973 τε
825 1920 921 1973 καὶ
972 1921 1085 1983 τοῖς
1133 1918 1414 1972 εὐσεϐέσιν
1449 1919 1606 1989 ἡμῶν
1646 1918 1842 1975 δεσπόο

1949 1927 2039 1991 sit,
2076 1941 2201 1982 cum
2250 1940 2281 1980 a
2315 1925 2553 1995 propriis
2603 1924 2877 1994 episcopis
2916 1924 2977 1978 ﬁt
3006 1924 3299 1990 ordinatio,
3329 1924 3528 1995 praedi-

259 2030 423 2078 ταιςο
469 2014 819 2083 λογισάμενοι
864 2012 946 2066 ὅτι
983 2012 1210 2074 δυνατός
1257 2009 1320 2082 [ί.
1370 2010 1616 2082 δυνατόν]
1665 2012 1840 2075 ἐστιν,

260 2105 434 2176 ἧνικα
474 2105 579 2158 ὑπὸ
607 2103 716 2157 τῶν
748 2102 965 2156 οἰκείων
995 2101 1312 2156 ἐπισκόπων
1343 2103 1375 2172 ἡ
1419 2101 1726 2172 χειροτονία
1755 2103 1842 2171 γίυ

264 2214 442 2262 νεται,
479 2198 672 2266 φυγεῖν
704 2194 796 2247 τὸν
826 2193 1226 2264 προειρημένον
1257 2193 1522 2248 κίνδυνον.
1563 2195 1706 2266 Πρὸς
1736 2195 1843 2265 γὰρ

262 2289 327 2342 τὸ
357 2287 499 2358 μετά
535 2285 710 2340 ταῦτα
729 2300 745 2316 ο
795 2284 856 2337 τὸ
887 2283 986 2354 μέν
1015 2284 1100 2337 ὅτι
1127 2283 1317 2354 πόῤῥω
1345 2284 1456 2336 τῶν
1486 2284 1718 2338 ἐνταῦθα
1742 2285 1847 2336 άπ-

262 2375 570 2442 οικίζεται·
601 2376 660 2428 τὸ
711 2373 769 2427 δὲ
809 2373 890 2426 ὅτι
937 2375 1173 2444 ἐγχωρεῖ
1219 2374 1312 2427 καὶ
1337 2373 1713 2445 ἐπιδημοῦντα
1747 2391 1845 2442 φυ-

264 2469 563 2525 λάττεσθαι
607 2467 749 2520 κατὰ
775 2464 1002 2529 πολλοὺς
1036 2466 1294 2536 τρόπους.
1340 2461 1476 2520 Εἶτα
1507 2468 1588 2520 ὅτι
1617 2467 1711 2520 καὶ
1751 2466 1846 2520 θά-

265 2579 422 2618 νατοι
467 2558 878 2630 συμϐαίνουσιν,
912 2562 1003 2611 καὶ
1045 2561 1108 2612 ἐκ
1139 2560 1304 2629 μέσου
1340 2559 1550 2627 γίνεται
1593 2558 1654 2612 τὸ
1683 2559 1846 2612 σκάν-

263 2654 459 2709 δαλον·
505 2650 695 2720 ὥσπερ
740 2651 834 2702 καὶ
879 2651 966 2718 ἐφ’
1002 2649 1161 2719 ἡμῶν
1195 2649 1377 2703 αὐτῶν
1423 2650 1530 2703 τῶν
1577 2651 1845 2703 ταπεινῶν

263 2741 370 2801 ὧδε
431 2741 757 2812 καθημένων
817 2741 1046 2812 συνέϐη,
1099 2740 1535 2813 διαφυλαχθῆναι
1591 2742 1696 2806 ἕως
1750 2741 1843 2794 τοῦ

238 2814 538 2907 ’παρόντος
566 2873 581 2897 ,
614 2831 898 2902 οἰκονομίᾳ.
941 2831 1276 2903 χρωμένων..
1300 2833 1394 2884 Δεῖ
1421 2832 1551 2904 γὰρ,
1599 2832 1683 2902 ἐφ’
1723 2833 1846 2886 ὅσον

266 2922 384 2983 οἷόν
421 2943 503 2991 τε,
537 2925 843 2994 ὑποχωρεῖν
865 2925 992 2988 τοὺς
1031 2924 1405 2996 πειρασμοὺς,
1452 2925 1629 2990 ἄλλως
1655 2943 1712 2978 τε
1753 2926 1846 2979 καὶ

272 3018 352 3090 μὴ
383 3017 690 3084 ἐπισκοπῆς
721 3015 953 3084 ἐχόντων
999 3013 1243 3084 ἀξίωμα,
1290 3015 1389 3068 Διά
1433 3015 1604 3068 ταῦτα
1644 3015 1719 3079 ὡς
1756 3015 1848 3068 ἐπὶ

268 3111 513 3180 μάρτυρι
539 3105 660 3178 Θεῷ
704 3104 1112 3176 έπιδεδώκαμεν
1141 3107 1392 3173 ἑαυτοὺς,
1421 3105 1728 3170 δοκοῦντες.
1760 3107 1848 3160 ἵνα

1946 2029 2095 2076 ctum
2149 2016 2453 2090 periculum
2500 2016 2784 2072 declinari.
2821 2015 2976 2083 Quod
3026 2030 3157 2071 vero
3201 2016 3270 2071 ad
3297 2016 3527 2072 alterum

1943 2116 2144 2181 caput,
2180 2109 2506 2165 occurrebat
2547 2107 2694 2177 quod
2727 2107 2920 2177 procul
2964 2107 3092 2163 hinc
3127 2116 3368 2162 semotus
3398 2107 3469 2163 sit
3508 2130 3524 2162 ς

1946 2203 2173 2272 fierique
2204 2201 2373 2271 possit
2422 2207 2484 2256 ut
2533 2214 2759 2271 peregre
2792 2213 2979 2270 agens,
3031 2198 3305 2254 devitetur
3343 2199 3530 2254 multis

1949 2294 2147 2350 modis.
2189 2293 2394 2348 Deinde
2429 2293 2572 2362 quod
2596 2298 2801 2346 mortes
2839 2289 3182 2360 contingant,
3225 2298 3281 2344 et
3305 2289 3373 2345 de
3411 2305 3528 2344 me-

1947 2386 2040 2441 dio
2090 2385 2314 2440 tollatur
2371 2383 2685 2439 scandalum
2734 2401 2751 2436 -.
2795 2381 3256 2452 quemadmodum
3285 2393 3342 2436 et
3368 2382 3528 2437 nobis

1948 2476 2251 2533 humilibus
2307 2475 2556 2548 contigit,
2599 2475 2693 2545 qui
2746 2474 2838 2528 hic
2886 2473 3212 2540 residentes,
3247 2473 3530 2543 hucusque

1948 2568 2257 2626 conservati
2309 2583 2521 2634 sumus,
2573 2568 2983 2638 dispensatione
3039 2565 3261 2622 utendo.
3307 2569 3529 2637 Oportet

1948 2662 2116 2728 enim,
2149 2661 2329 2731 quoad
2374 2661 2522 2725 licet,
2570 2659 2900 2715 tentationes
2949 2658 3333 2729 subterfugere
3366 2676 3378 2712 :
3410 2658 3529 2714 illos

1949 2750 2384 2822 praesertim,qui
2408 2749 2790 2820 episcoporum
2820 2749 3142 2820 dignitatem
3169 2764 3281 2803 non
3308 2759 3524 2821 gerunt.

1948 2844 2046 2899 His
2090 2843 2158 2899 de
2215 2842 2417 2909 causis,
2449 2839 2561 2898 Deo
2618 2848 2775 2907 teste,
2814 2856 2916 2896 nos
2966 2839 3310 2912 ingessimus,
3343 2841 3529 2896 existi-

1950 2947 2180 3005 mantes,
2259 2947 2318 2992 ut
2368 2936 2473 2992 hoc
2556 2937 2721 2992 etiam
2777 2937 3054 3002 dicamus,
3111 2936 3529 3007 haudquaquam

1949 3043 2179 3099 prorsus
2240 3027 2479 3100 ignotam
2537 3041 2652 3081 rem
2683 3025 2852 3081 fuisse
2882 3026 2988 3095 piis
3025 3025 3272 3082 Dominis
3300 3027 3526 3086 nostris.

1950 3123 2042 3192 qui
2069 3121 2227 3192 longe
2255 3119 2553 3190 proculque
2584 3118 2759 3189 posita
2784 3118 3124 3189 prospiciunt
3161 3133 3374 3174 summa
3403 3134 3529 3174 cum

269 3207 372 3258 καὶ
397 3200 556 3254 τοῦτο
586 3199 833 3269 εἴπωμεν
853 3241 866 3264 ,
901 3196 1036 3270 μηϐὲ
1078 3198 1417 3270 ἠγνοημένον
1447 3193 1588 3252 εἶναι
1628 3199 1848 3262 πάντως

1952 3209 2202 3276 solertia;
2244 3208 2341 3266 sed
2386 3222 2567 3278 neque
2610 3207 2712 3277 ipsi
2766 3206 3090 3278 patriarcha:
3138 3208 3524 3264 sanctissimo:

268 3256 386 3358 τοῖς
411 3290 692 3346 εὐσεϐέσιν
717 3256 880 3362 ημῶν
901 3256 1220 3352 δεσπόταις,
1237 3256 1413 3343 ¹εἰδόσι
1445 3291 1514 3345 τὰ
1537 3290 1728 3363 πόρρω
1753 3256 1846 3344 καί.
1874 3256 1916 3314 c

269 3381 495 3455 μακρὰν
513 3381 581 3434 δι’
600 3381 774 3448 ἄκραν
801 3379 1082 3449 ἀγχίνοίᾳν
1103 3395 1116 3412 ·
1151 3378 1287 3432 ἀλλᾶ
1314 3379 1419 3450 μὴν
1441 3379 1563 3433 οὐδὲ
1595 3378 1746 3449 αὑτῷ
1769 3379 1847 3450 τῷ

268 3474 563 3544 ἁγιωτάτῳ
594 3472 952 3542 πατριάρχη,
989 3469 1111 3522 ἐπεὶ
1155 3469 1394 3539 κάκείνῳ
1420 3470 1720 3540 τηνικαῦτα
1759 3487 1852 3538 γε·

267 3565 567 3637 ⁴γράφαμεν
608 3563 706 3634 τὴν
737 3561 1024 3615 ὑπόθεσιν·
1057 3559 1132 3624 ὡς
1167 3561 1327 3631 ἡμεῖς
1358 3576 1422 3629 γε
1455 3559 1646 3613 τούτου
1689 3561 1848 3631 χάριν

268 3658 417 3731 ὑπὲρ
443 3656 535 3711 τοῦ
570 3656 648 3727 μὴ
675 3653 1001 3722 κοινωνῆσαι
1034 3651 1113 3724 τῷ
1143 3652 1552 3723 στεφανώσαντι
1596 3653 1689 3706 τὸν
1732 3670 1848 3723 μοι-

265 3752 390 3822 χὸν,
424 3748 518 3803 καὶ
543 3747 623 3819 τῷ
653 3744 1096 3816 προηγησαμένῳ
1129 3746 1471 3817 πατριάρχῃ,
1500 3744 1660 3813 ἡνίκα
1691 3745 1850 3816 μόνον

271 3841 552 3914 μετεδίδου
586 3839 765 3910 αὐτῷ,
800 3836 1074 3907 διαφόρως
1103 3837 1200 3907 τὴν
1250 3837 1465 3908 ἐξορίαν
1497 3837 1811 3907 ὑπέστημεν
1833 3851 1845 3866 ·

265 3934 414 4004 πλὴν
441 3934 522 3986 ὅτι
551 3929 837 3998 πολλαχῶς
871 3927 966 3980 καὶ
1000 3927 1133 3980 αὐτὸ
1159 3928 1220 3981 τὸ
1245 3928 1427 3999 τίμιον
1456 3924 1638 3982 αὐτῶν
1670 3927 1844 3998 στόμα

265 4025 620 4094 ἐπανέκρινε,
665 4021 762 4073 καὶ
807 4017 1005 4086 διέγνω
1048 4016 1223 4072 ταῦτα
1276 4017 1450 4082 οὕτως
1493 4017 1656 4089 ἔχειν.
1693 4017 1842 4089 Αὕτη

264 4113 425 4171 ἐστὶν
456 4114 489 4184 ή
520 4109 784 4179 ἀπολογία
803 4107 930 4162 ’καὶ
959 4108 1187 4180 ταύτην,
1204 4108 1281 4172 ὡς
1313 4108 1582 4174 κελεύεις,
1600 4108 1842 4176 ἀνάγαγε

264 4206 349 4278 τῷ
377 4204 594 4277 εὐηκόῳ
623 4201 806 4260 αὐτῶν
833 4201 1045 4273 κράτει.

413 4366 540 4421 ΚΔθ.
567 4396 637 4409 -
669 4364 1004 4429 Θεοκτίστῳ
1031 4363 1143 4434 (20)
1175 4363 1494 4433 Μαγίστρῳ
1520 4363 1654 4434 (2i).
1685 4360 1844 4436 [μβ’.]

1949 3299 2206 3371 quoniam
2237 3298 2305 3353 ad
2331 3299 2506 3368 ipsum
2536 3298 2699 3355 etiam
2743 3307 2874 3353 tunc
2903 3298 3228 3369 scripsimus
3252 3300 3320 3355 de
3343 3314 3406 3355 ea
3447 3316 3525 3363 re.

1947 3392 2094 3463 quod
2123 3407 2255 3456 nos,
2287 3399 2576 3463 propterea
2621 3392 2766 3463 quod
2808 3394 3218 3449 communicare
3261 3393 3530 3450 nollemus

1948 3505 2074 3545 cum
2133 3503 2198 3544 eo
2256 3489 2350 3559 qui
2407 3489 2710 3542 adulterum
2758 3496 3138 3554 coronaverat,
3173 3502 3352 3558 neque
3405 3503 3528 3544 cum

1949 3581 2317 3636 antecedente
2347 3579 2675 3648 patriarcha,
2704 3594 2829 3634 cum
2859 3578 2910 3633 ei
2933 3579 3308 3634 tantummodo
3331 3579 3532 3651 imper-

1951 3669 2106 3734 tiret;
2135 3668 2368 3723 diversis
2398 3669 2573 3723 modis
2614 3668 2868 3723 exsilium
2899 3668 3282 3738 pertulerimus
3331 3688 3343 3723 :
3389 3685 3532 3740 prae-

1951 3766 2198 3828 terquam
2247 3759 2390 3827 quod
2434 3758 2807 3813 venerandum
2857 3758 3034 3829 ipsum
3069 3775 3131 3814 os
3159 3774 3348 3814 eorum
3385 3776 3532 3830 sape

1951 3847 2230 3913 discussit,
2264 3856 2321 3902 et
2369 3847 2633 3918 comperit
2665 3847 2780 3902 haec
2820 3847 2893 3902 ita
2938 3863 2996 3903 se
3027 3848 3249 3904 habere.
3287 3850 3400 3905 Hoc
3448 3859 3531 3906 est

1952 3951 2280 4007 responsum
2322 3947 2572 3992 nostrum
2607 3955 2618 3989 :
2653 3935 2836 4006 idque,
2873 3944 2931 3990 ut
2977 3936 3182 4002 innuis,
3229 3936 3412 4005 perfer
3462 3937 3529 3991 ad

1952 4028 2198 4098 ipsorum
2221 4027 2577 4085 audientiam.

2284 4363 2471 4421 XXIV.
2497 4395 2566 4407 —
2600 4366 2882 4423 Theoctisto
2917 4367 3191 4439 Magistro.

1131 4506 1228 4558 Cur
1250 4520 1278 4556 a
1302 4505 1580 4570 patriarcha
1607 4518 1665 4556 se
1686 4506 1990 4569 abjunxerit.
2019 4507 2220 4572 (Baron.
2245 4520 2325 4558 an.
2347 4509 2458 4571 808,
2490 4522 2541 4558 n.
2567 4508 2670 4568 10.)

344 4621 474 4675 Ὅτι
503 4619 950 4691 περιπονουμένη
972 4619 1090 4673 ἐστὶ
1117 4619 1188 4672 τὰ
1221 4617 1344 4674 καθ’
1369 4621 1518 4690 ἡμᾶς
1541 4622 1575 4689 ἡ
1614 4620 1847 4690 μεγίστη

2023 4623 2178 4690 Quod
2208 4623 2276 4678 de
2310 4622 2466 4680 nobis
2497 4638 2596 4692 pro
2624 4623 2821 4678 eximia
2853 4636 2948 4678 sua
2973 4622 3178 4692 pietate
3208 4619 3438 4675 sollicita
3465 4619 3534 4673 sit

269 4735 372 4772 σου
413 4713 661 4788 ὑπεροχὴ
711 4713 771 4780 ἐξ
819 4711 1272 4784 ὑπερϐαλλούσης
1306 4711 1625 4781 φιλοθετας,
1678 4711 1847 4777 ἔδειξε

271 4808 376 4879 μὶν
429 4806 524 4860 καὶ
566 4805 635 4859 τά
664 4803 753 4858 διά
801 4803 897 4856 τοῦ
947 4803 1346 4857 εὐλαϐεστάτου
1395 4803 1703 4874 ἡγουμένου
1757 4805 1852 4874 ῥή-

270 4915 444 4970 ματα.
485 4895 834 4967 Ἐφανέρωσε
868 4894 924 4947 δὲ
968 4897 1061 4948 καὶ
1107 4893 1202 4948 νῦν
1248 4896 1317 4947 τά
1362 4894 1452 4948 διὰ
1483 4894 1574 4948 τοῦ
1620 4895 1850 4964 ἀδελφοῦ

266 4988 430 5059 ἡμῶν
472 4988 611 5059 πρὸς
647 4987 718 5040 τά
762 4986 1025 5040 σταλέντα
1055 4985 1354 5056 δηλώματά
1387 5003 1446 5037 τε
1478 4988 1572 5038 καὶ
1615 4988 1849 5039 ἀνταπο-

265 5079 541 5148 κρίματα.
587 5077 699 5131 Καὶ
747 5076 846 5145 τῆς
896 5077 1038 5147 ὑπὲρ
1098 5076 1436 5147 τηλικαύτης
1490 5094 1582 5130 σου
1635 5077 1848 5147 ἀγαθῆς

267 5168 566 5232 διαθέσεως
607 5166 744 5238 πρὸς
797 5165 858 5219 τὸ
899 5169 1054 5238 κοινῇ
1102 5168 1404 5240 συμφέρον,
1456 5168 1582 5230 τοὺς
1622 5167 1844 5239 μισθοὺς

1951 4712 2269 4767 excellentia
2300 4722 2411 4776 tua,
2447 4711 2723 4766 declarant
2745 4727 2875 4766 sane
2905 4725 3026 4780 qua-
3049 4725 3147 4780 per
3177 4708 3528 4764 reveren’dis-

1949 4803 2146 4859 simum
2187 4804 2536 4875 praepositum
2581 4802 2932 4874 signiﬁcasti;
2969 4809 3023 4856 at
3056 4817 3166 4856 non
3215 4800 3396 4855 minus
3440 4799 3531 4854 illa

1949 4911 2071 4965 qua:
2101 4910 2245 4950 nunc
2279 4910 2376 4965 per
2406 4893 2628 4948 fratrem
2672 4902 2945 4958 nostrum,
2979 4893 3124 4947 circa
3154 4891 3351 4947 missas
3388 4890 3530 4944 rela-

1954 4986 2129 5041 tiones
2176 4995 2230 5041 et
2273 5000 2552 5055 responsa.
2582 4983 2648 5039 Et
2677 5001 2776 5055 pro
2807 4985 2908 5039 hac
2937 4986 3156 5054 quidem
3207 4992 3355 5038 tanta
3401 4998 3527 5054 erga

1952 5077 2246 5132 utilitatem
2298 5091 2643 5132 communem
2701 5076 3067 5146 propensione
3101 5085 3190 5130 tua
3222 5074 3528 5130 mercedem

1946 5168 2025 5223 illi
2059 5169 2306 5234 omnino,
2338 5169 2500 5224 etiam
2549 5166 2853 5223 tacentibus
2890 5167 3071 5233 nobis,
3105 5165 3390 5230 retribuet,
3434 5167 3526 5236 qui

1786 5365 2015 5425 ΝΟΤᾸΞ.

346 5507 461 5580 (‘20)
501 5507 854 5580 Θεοκτίᾳτῳ.
892 5507 956 5580 pls
995 5505 1300 5580 Nicephoro
1354 5507 1420 5563 ad
1476 5507 1856 5580 occupandum

270 5577 564 5650 imperium
619 5577 846 5650 adjutor
885 5577 1003 5643 fuit,
1052 5577 1228 5650 eoque
1281 5578 1334 5633 in
1385 5579 1851 5650 expeditionead-

268 5647 470 5704 versus
531 5647 798 5717 Bulgaros
857 5660 1097 5714 mortuo,
1136 5647 1498 5704 'Stauraciutn
1531 5648 1650 5717 ejus
1682 5649 1854 5702 lilium

271 5719 637 5789 proclamavit
695 5718 1103 5786 imperatorem.
1166 5718 1289 5776 Mox
1333 5732 1599 5789 converso
1639 5720 1703 5774 ad
1758 5717 1854 5772 Mi-

271 5787 518 5843 chaelem
568 5787 927 5857 Curopalaten
985 5790 1185 5854 studio,
1253 5790 1405 5844 illum
1451 5788 1518 5842 ad
1563 5790 1850 5858 impcrium

270 5860 524 5928 provexit
565 5878 576 5913 :
613 5874 676 5914 ac
709 5859 810 5915 sub
845 5858 962 5928 ipso
993 5859 1268 5928 publicam
1307 5874 1421 5916 rem
1461 5869 1721 5930 tanquam
1757 5877 1850 5914 su-

1956 5521 2141 5575 prema
2188 5516 2452 5574 potestate
2497 5506 2920 5562 administravit.
2974 5506 3390 5575 ﬂammans.)
3430 5509 3526 5564 De—

1955 5592 2104 5630 mum
2135 5575 2422 5647 Michaelis,
2450 5577 2608 5647 jussy
2640 5594 2668 5631 a
2704 5577 2873 5630 Barda
2902 5586 2958 5631 et
2987 5575 3316 5647 TheOpltane
3351 5577 3527 5647 Phal-

1955 5662 2096 5715 gano
2138 5647 2374 5702 occisus.
2410 5646 2520 5702 Leo
2562 5645 2966 5702 Grammaticus
2997 5647 3062 5701 ad
3112 5645 3314 5702 calcem
3346 5645 3527 5705 Theo-

1952 5717 2170 5784 phanis,
2207 5733 2327 5785 pag.
2357 5719 2451 5772 Mil
2471 5757 2483 5772 .

2023 5786 2132 5852 (‘21)
2175 5790 2509 5860 Μαγίστρφ.
2568 5789 2656 5845 Sic
2702 5790 2879 5845 dictus
2913 5799 2994 5843 est
3037 5789 3152 5842 κατ’
3193 5789 3381 5860 ἐξοχὴν
3416 5806 3526 5843 ma-

1950 5857 2117 5928 gister
2144 5856 2442 5914 ciliciorum
2477 5861 2527 5916 in
2564 5860 2760 5931 palatio
2805 5861 3213 5930 imperatorum.
