4158 6478
663 399 767 462 983

1843 393 1901 454 S.
1942 396 2038 453 ΤΗ
2051 397 2332 457 EODORI
2366 398 2712 460 STUDITiE

3807 416 3930 484 984

663 510 844 565 omnia
869 507 920 560 in
953 505 1192 575 pondere
1228 510 1282 557 et
1307 518 1560 557 mensura
1583 504 1769 558 dividit
1790 503 2010 559 Deus“.
2045 507 2215 572 Quam

2342 510 2599 579 λογιεῖται
2646 516 2781 585 αὐτῇ
2833 517 3050 581 πάντως
3094 519 3189 572 καὶ
3234 522 3392 592 ἡμῶν
3438 526 3513 596 μὴ
3569 528 3848 595 λεγόντων
3899 539 3930 588 ό

661 615 784 656 nam
817 613 945 652 vero
973 595 1460 663 dispensationem,
1502 595 1742 658 domine,
1777 595 1892 649 fieri
1942 613 2038 664 pro
2084 609 2235 667 parte

660 699 844 744 nostra
892 687 1167 748 convenit,
1214 687 1475 755 majorem
1511 701 1574 739 ea
1608 701 1713 754 qua
1744 688 1827 740 usi
1877 691 2105 743 sumus?
2141 692 2234 759 qui

660 781 1015 836 subduximus
1041 792 1141 831 nos
1185 777 1466 840 hactenus,
1508 775 1783 830 silentium
1808 787 2109 842 servantes,
2135 795 2234 850 ego

657 882 712 928 et
752 871 1226 938 archiepiscopus;
1258 868 1516 936 quoniam
1570 876 1787 936 tempus
1823 880 1906 923 est
1952 870 2229 939 loquendi,

655 971 710 1016 et
767 972 979 1030 tempus
1035 958 1346 1022 tacendi“;
1379 973 1596 1012 omnem
1640 974 1860 1028 Operam
1911 962 2233 1020 adhibentes

659 1066 728 1105 ne
756 1051 809 1103 in
841 1058 1088 1119 apertum
1121 1061 1210 1101 res
1255 1048 1484 1100 veniret.
1523 1046 1627 1100 Sed
1663 1049 1914 1116 judicans
1955 1051 2231 1120 judicavit,

657 1154 758 1195 nec
788 1140 1045 1192 mentitus
1077 1148 1161 1193 est
1191 1137 1284 1206 qui
1313 1137 1448 1190 dixit
1483 1156 1495 1191 :
1527 1137 1676 1191 Nihil
1709 1149 1782 1192 est
1805 1141 2066 1195 occultum
2097 1148 2234 1213 quod

655 1246 757 1282 non
806 1229 1216 1295 revelabitur";
1259 1238 1318 1282 ut
1345 1231 1501 1283 nobis
1531 1230 1692 1284 etiam
1729 1232 2062 1298 nolentibus,
2108 1251 2230 1290 cum

651 1334 718 1373 eo
764 1330 906 1373 statu
959 1335 1046 1372 res
1099 1329 1304 1386 essent,
1335 1336 1444 1373 non
1497 1321 1591 1375 diu
1646 1321 1792 1376 aliud
1831 1338 1991 1392 quam
2049 1336 2227 1398 erant,

651 1430 773 1470 esse
824 1415 1157 1470 viderentur.
1183 1416 1337 1470 Nunc
1366 1427 1544 1471 autem
1571 1418 1979 1488 dispensatione
2013 1438 2229 1493 quoque

648 1514 886 1571 utentes,
919 1507 1032 1562 duo
1069 1507 1184 1562 haec
1214 1507 1462 1564 dicimus.
1502 1512 1610 1563 Aut
1652 1510 1918 1565 abstineat
1947 1513 2229 1583 depositus

648 1613 679 1651 a
729 1613 957 1652 munere
1009 1599 1328 1662 sacerdotis,
1362 1610 1418 1653 et
1447 1601 1734 1655 confestim
1762 1606 2228 1662 communicamus

647 1703 772 1743 cum
806 1700 996 1744 sancto
1021 1691 1112 1744 illo
1139 1692 1470 1760 patriarcha,
1495 1693 1641 1761 quod
1671 1694 1890 1765 quidem
1925 1697 2146 1766 expedit
2171 1698 2226 1752 in

647 1798 934 1838 commune
962 1803 973 1836 :
1000 1795 1095 1838 aut
1124 1787 1168 1839 si
1197 1786 1482 1841 ferendum
1509 1788 1560 1842 id
1594 1805 1703 1844 non
1733 1797 1835 1855 est,
1869 1807 2151 1849 manemus
2171 1805 2225 1850 et

644 1888 748 1928 nos
794 1873 849 1928 in
900 1874 1112 1941 eadem,
1151 1891 1255 1945 qua
1291 1877 1462 1946 prius,
1492 1879 1882 1945 subtractione,
1934 1883 2098 1950 hujus
2141 1888 2218 1939 rei

644 1965 939 2020 vindictam
965 1966 1192 2022 Domino
1217 1969 1601 2037 relinquentes.
1631 1971 1876 2039 Amplius
1904 1973 1989 2028 his
2016 1974 2061 2028 si
2087 1977 2218 2042 quid

643 2064 748 2120 est,
775 2058 887 2126 jam
918 2073 1026 2112 non
1053 2068 1155 2121 est,
1180 2059 1418 2129 ignosce,
1439 2060 1858 2129 dispensationis
1882 2064 2097 2130 modus,
2125 2067 2217 2120 sed

645 2148 969 2218 iniquitatis,
1000 2161 1055 2205 et
1097 2151 1402 2205 divinorum
1445 2167 1712 2206 canonum
1771 2156 2217 2225 transgressionis

643 2241 869 2294 crimen.
904 2241 1333 2310 Dispensationis
1369 2242 1514 2296 enim
1542 2244 1804 2298 terminus
1835 2254 1938 2309 est,
1965 2255 2022 2300 ut
2047 2249 2212 2313 nosti,

642 2345 819 2400 neque
878 2346 1087 2397 eorum,
1119 2346 1240 2401 quae
1286 2333 1578 2388 constituta
1630 2344 1775 2395 sunt,
1808 2336 2011 2392 violare
2058 2339 2215 2406 quid-

641 2437 833 2493 quam;
889 2439 1086 2492 neque,
1133 2441 1256 2480 cum
1307 2441 1495 2494 parum
1528 2427 1727 2496 aliquid
1757 2429 2031 2484 remittere
2057 2431 2216 2486 liceat

641 2534 741 2588 pro
771 2528 1017 2588 tempore
1047 2534 1111 2574 ac
1149 2519 1454 2584 ratione,ut
1487 2520 1609 2573 inde
1636 2520 1780 2589 quod
1822 2537 1878 2574 re
1910 2522 2027 2590 ipsa
2063 2539 2213 2592 quae-

644 2612 804 2675 ritur,
837 2628 1175 2682 consequare
1197 2653 1212 2677 ,
1245 2613 1313 2668 ad
1341 2613 1560 2668 duriora
1595 2614 1842 2683 provehi,
1866 2626 1921 2670 et
1946 2616 2214 2685 iacturam

642 2700 820 2756 facere
849 2703 1142 2772 potiorum.
1177 2703 1353 2772 Atque
1382 2705 1484 2758 hoc
1515 2705 1691 2772 ipsum
1719 2705 2027 2771 didicimus,
2071 2708 2213 2760 inter

639 2795 915 2861 apostolos
943 2793 1184 2862 quidem,
1209 2809 1274 2846 ex
1315 2793 1476 2846 Paulo
1513 2793 1883 2848 sanctificante
1924 2811 1981 2848 se
2015 2807 2069 2850 et
2103 2798 2210 2850 cir-

641 2883 985 2937 cumcidente
1020 2883 1456 2949 Timotheum";
1490 2884 1630 2937 inter
1664 2883 1874 2949 Patres,
1898 2903 1963 2940 ex
2009 2903 2204 2958 magno

644 2973 838 3029 Basilio
883 2972 1125 3029 Valentis
1172 2989 1370 3028 munus
1398 2984 1733 3044 acceptante,
1768 2975 1969 3046 Deique
1999 2981 2200 3033 nudam

639 3081 828 3122 vocem
859 3066 925 3120 ad
972 3077 1185 3135 tempus
1232 3067 1494 3119 reticente
1542 3067 1596 3119 in
1651 3068 1926 3122 mentione
1974 3069 2209 3138 Spiritus

638 3158 834 3214 sancti.
871 3159 1133 3212 Ceterum
1184 3171 1284 3210 nec
1328 3155 1525 3211 Paulus
1577 3157 1915 3213 sattctilicare
1953 3162 2206 3227 perstitit,

638 3265 741 3305 nec
772 3250 1000 3306 Basilius
1043 3249 1284 3304 Valentis
1306 3251 1444 3305 dona
1479 3266 1692 3320 capere,
1732 3251 2008 3321 Deumque
2038 3253 2213 3324 Spiri-

639 3350 754 3397 tum
805 3353 1051 3398 sanctum
1096 3358 1206 3397 non
1243 3343 1554 3412 praedicare.
1609 3341 1749 3407 Quin
1803 3343 1964 3411 ambo
2018 3356 2207 3400 contra

638 3449 737 3506 pro
762 3435 1005 3504 utrisque
1032 3444 1260 3490 mortem
1285 3445 1611 3506 praeoptasse
1629 3435 1900 3489 videntur.

2346 602 2523 655 πάντα
2554 604 2736 674 μέτρῳ
2764 607 2858 659 καὶ
2887 608 3114 679 σταθμῷ
3142 611 3390 682 διορίζων
3413 616 3566 682 Θεός.
3601 620 3811 677 Τίναᾶ
3838 627 3933 682 δεῖ

2341 695 2655 786 οἰκονομίαν
2683 697 2970 761 γενέσθαι,
3000 695 3044 753 ὦ
3075 703 3330 770 δέσποτα,
3358 706 3479 760 ὅσον
3513 710 3571 763 τό
3608 714 3731 766 καθ’
3761 717 3929 786 ἡμᾶς

2343 783 2502 835 πλέον
2532 780 2600 856 ἦς
2635 789 3048 859 πεποιήκαμενς
3085 794 3164 846 ὅτι
3213 795 3318 860 ἕως
3350 798 3445 851 τοῦ
3490 804 3754 872 παρόντος
3780 780 3926 860 ’ῦπ-

2342 875 2660 944 εστείλαμεν
2709 881 2932 944 ἑαυτοὺς
2973 885 3181 956 σιωπὴν
3224 887 3450 956 ἄγοντες
3487 893 3596 960 ἐγώ
3653 914 3711 950 τε
3750 902 3853 952 καὶ
3895 904 3928 954 6

2342 965 2772 1034 ἀρχιεπίσκοπος
2796 1013 2810 1035 ,
2845 973 2968 1026 ἐπεὶ
2999 976 3090 1028 καὶ
3117 979 3310 1049 καιρὸς
3340 981 3435 1035 τοῦ
3477 984 3653 1039 λαλεῖν
3679 992 3769 1042 καὶ
3810 994 3924 1048 τοῦ

2344 1060 2522 1153 σιγςξν,
2574 1061 2751 1114 πάντα
2791 1067 2994 1134 τρόπον
3045 1068 3423 1136 μεθοδεύοντες
3467 1076 3548 1140 εις
3591 1079 3654 1131 τὸ
3693 1082 3769 1153 μὴ
3828 1085 3926 1146 εις

2341 1149 2615 1219 προῦπτον
2643 1157 2870 1227 ἐκόῆναι
2911 1161 3012 1230 τὴν
3052 1163 3330 1219 ὑπόθεσιν.
3371 1168 3511 1222 ’Δλλ’
3542 1174 3570 1224 6
3598 1149 3926 1245 ἀνακρίνων

2337 1245 2611 1314 ἀνέκρινε,
2637 1249 2734 1301 καὶ
2758 1252 2786 1302 6
2811 1251 2981 1305 εἰπὼν
3038 1255 3100 1307 οὗ
3138 1256 3466 1325 διέψευσται,
3498 1263 3580 1316 ὅτι
3621 1268 3740 1320 Οὐκ
3769 1269 3922 1324 ἔστι

2339 1339 2608 1434 κρυπτόν
2647 1340 2678 1393 ὃ
2717 1342 3306 1434 οὐηςρανερωθήσεται
3334 1367 3347 1380 ·
3379 1353 3454 1412 ὡς
3491 1357 3585 1407 καὶ
3629 1359 3782 1427 ἡμῶν
3827 1361 3921 1434 μὴ

2336 1428 2714 1498 αἱρουμένων,
2762 1433 2906 1486 οὕτω
2953 1437 3170 1503 φύσεως
3202 1441 3433 1510 ἑχόντων
3477 1445 3584 1497 τῶν
3638 1428 3921 1521 τραγμξάλ

2337 1536 2468 1586 των,
2503 1521 2577 1592 μὴ
2605 1524 2700 1576 ἐπὶ
2733 1526 2867 1580 πολὺ
2893 1527 3070 1597 παρ’ὂ
3101 1532 3259 1596 εἰσιν,
3294 1534 3478 1602 ἕτερόν
3502 1555 3553 1590 τι
3587 1541 3916 1608 φαίνεσθαι.

2336 1608 2444 1703 in!
2468 1611 2563 1664 νῦν
2591 1613 2646 1666 δὲ
2672 1616 2953 1688 οἰκονομίᾳ
2985 1618 3280 1689 χρώμενοι,
3309 1625 3403 1679 δύο
3432 1630 3604 1682 ταῦτα
3626 1630 3868 1703 λέγομεν
3895 1647 3916 1666 ⁸

2331 1699 2411 1753 ὃτι
2451 1703 2715 1772 ἢπαύσει
2767 1708 2795 1759 6
2842 1710 3225 1782 καθῃρημένος
3273 1716 3371 1785 τῆς
3415 1718 3722 1792 ἱερουργίας
3743 1699 3767 1790 ,ν
3799 1731 3917 1782 καὶ

2333 1794 2464 1888 παρ’
2509 1798 2654 1888 αὐτάγ
2682 1801 3158 1872 συγκοινωνοῦμεν
3195 1805 3273 1874 τῷ
3314 1807 3456 1879 ἁγίῳ
3492 1812 3666 1884 τούτῳ
3695 1834 3906 1888 πατριο

2260 1871 2298 1925 Β
2329 1881 2473 1953 ἀρχῃ
2492 1901 2506 1916 ο
2524 1885 2552 1937 ὃ
2575 1887 2670 1939 καὶ
2694 1889 2968 1954 λυσιτελὲς
2992 1871 3132 1946 κατά
3162 1871 3340 1950 κοινοῦ
3365 1871 3377 1929 ί
3399 1871 3439 1969 ἢ·
3461 1902 3509 1954 ει
3539 1903 3614 1974 μὴ
3637 1871 3909 1973 ἀνεκτξιν,

2322 1977 2415 2028 καὶ
2441 1978 2608 2046 ἐσμὲν
2642 1979 2746 2033 ὑπὸ
2786 1981 2886 2051 τῆς
2919 1984 3089 2054 αὐτῆς
3124 1987 3390 2058 συστολῆς
3432 1994 3571 2045 κατά
3607 1995 3666 2048 τὸ
3695 1997 3911 2067 πρότε-

2321 2083 2434 2135 ρον,
2463 2068 2540 2139 τῷ
2566 2072 2755 2142 Κυρίῳ
2779 2074 2876 2144 τὴν
2903 2077 3044 2148 ὑπὲρ
3073 2079 3166 2132 τοῦ
3194 2082 3440 2138 τοιούτου
3471 2088 3766 2154 κεφαλαίου
3792 2093 3897 2148 εκ.

2317 2158 2531 2266 δίκῃσιν
2579 2169 3057 2236 παραχωροῦντες.
3093 2173 3166 2224 Τὸ
3193 2173 3250 2226 δὲ
3285 2177 3471 2245 μεῖζον
3498 2179 3708 2245 τούτου,
3757 2186 3907 2240 οὐκ·

2316 2343 2411 2394 καὶ
2443 2345 2812 2415 παραϐάσεως
2855 2348 2963 2402 τῶν
2997 2351 3158 2409 θείων
3192 2359 3431 2414 κανόνων
3463 2362 3696 2434 δφλημα.
3725 2343 3906 2420 Οἰκο-

2315 2434 2507 2526 νομξας
2535 2436 2644 2507 γὰρ
2673 2440 2818 2508 ὅρος,
2850 2441 2926 2506 ὡς
2963 2440 3138 2508 οἶσθα,
3193 2449 3331 2521 μήτε
3377 2469 3429 2506 τι
3475 2455 3584 2506 τῶν
3617 2460 3904 2526 κειμένων

2315 2523 2527 2618 ἀθετεῖν
2555 2529 2784 2584 καθόλου
2807 2573 2820 2594 ,
2855 2535 2993 2604 μήτε
3023 2537 3110 2607 ἐφ’
3137 2531 3181 2606 ᾧ
3218 2536 3329 2594 οἷόν
3350 2559 3408 2595 τε
3447 2548 3639 2615 μικρὸν
3669 2523 3899 2618 ὑιρεῖναι.

2315 2617 2456 2715 κατά
2489 2621 2678 2686 καιρὸν
2713 2627 2807 2715 καὶ
2838 2626 3020 2695 λόγον’
3067 2630 3142 2694 ὡς
3173 2632 3423 2687 ἐντεῦθεν
3453 2638 3632 2710 εὑρεῖν
3676 2617 3737 2695 τὸ
3785 2645 3895 2715 Cr;-

2311 2705 2571 2801 τούμενον
2605 2712 2841 2781 ἀτεχνῶς
2863 2733 2877 2748 ο
2908 2719 3045 2788 πρὸς
3084 2721 3144 2774 τὸ
3172 2705 3531 2797 σφοδρότερον
3577 2705 3899 2801 ὑπάγεσθαι

2310 2797 2402 2894 τῷ.
2435 2801 2740 2894 πράγματι,
2776 2808 2872 2859 καὶ
2916 2809 3244 2879 ζημιοῦσθαι
3294 2816 3366 2870 τὰ
3396 2797 3724 2894 τελεώτερα.
3772 2829 3895 2881 Καὶ

2309 2889 2470 2988 τοῦτο
2496 2893 2883 2988 δεδιδάγμεθα,
2913 2902 2971 2952 ὲν
2997 2903 3096 2970 μὲν
3119 2907 3232 2968 τοῖς
3256 2907 3596 2978 ἀποστόλοις,
3616 2889 3766 2988 παρά
3785 2920 3890 2973 τοῦ

2310 2980 2542 3080 ῖῖαὐλου,
2592 2987 2963 3080 ἀγνισαμένου
2997 2994 3090 3046 καὶ
3138 3003 3527 3069 περιτεμόντος
3571 3007 3661 3060 τὸν
3694 2980 3892 3080 ’Τιμό-

2310 3075 2430 3128 θεον
2453 3092 2466 3104 ·
2498 3079 2556 3129 ἑν
2583 3079 2637 3131 δὲ
2666 3085 2778 3142 τοῖς
2803 3083 3068 3154 Πατράσι,
3114 3093 3263 3160 παρὰ
3289 3093 3384 3147 τοῦ
3432 3100 3668 3166 μεγάλου
3715 3075 3891 3157 Βασι-

2315 3168 2479 3258 λείου,
2510 3175 2929 3240 προσηκαμένου
2955 3177 3016 3230 τὸ
3046 3177 3238 3249 λῆμμα
3280 3185 3374 3237 τοῦ
3407 3189 3705 3257 Οὐάλεντος
3727 3234 3742 3258 ,
3785 3198 3888 3250 καὶ

2320 3255 2799 3354 ὑποσιωπήσαντρς
2848 3265 2984 3333 πρὸς
3014 3263 3204 3337 καιρὸν
3254 3273 3353 3340 τὴν
3382 3275 3518 3341 Θεὸς
3563 3255 3743 3354 φωνην
3784 3302 3888 3354 Tu—

2319 3345 2696 3444 pvtviniht‘ou
2727 3351 3062 3422 [Ινεύματος.
3110 3359 3246 3411 Ἀλλ’
3280 3362 3403 3417 οὔτε
3439 3367 3468 3416 6
3501 3345 3710 3434 Παῦλος
3731 3345 3890 3444 ἔμει-

2315 3453 2403 3488 νεν
2451 3437 2802 3508 ἀγνιζόμενος
2829 3481 2842 3501 ,
2874 3445 2996 3496 οὔτε
3029 3446 3312 3514 Βασίλειος
3345 3437 3777 3530 προσηκάμενοξ
3797 3465 3880 3519 ἔτι

637 3531 699 3582 τὸ
725 3528 820 3582 τοῦ
856 3529 1154 3594 Οὐάλεντος
1193 3531 1386 3600 δῶρον,
1419 3532 1511 3584 καὶ
1545 3531 1620 3600 μὴ
1650 3532 1943 3600 κηρύττων
1977 3530 2110 3583 Θεὸν
2151 3532 2212 3584 τὸ
2253 3531 2478 3602 Πνεῦμα
2505 3550 2518 3564 ο
2578 3536 2887 3592 τούναντίον
2952 3540 3052 3609 μὲν
3077 3538 3172 3597 οῦν
3200 3547 3500 3619 ἀμφότεροι
3525 3528 3659 3625 ὑπὲρ
3689 3558 3886 3613 ἑκατέ-

642 3642 748 3695 ρων
781 3623 1044 3684 θανάτους
1075 3625 1434 3692 αἱρησάμενοι
1467 3626 1771 3690 φαίνονται.

708 3715 789 3769 Ad
819 3715 964 3768 hunc
994 3714 1212 3767 modum
1241 3713 1549 3784 quicunque
1581 3729 1817 3782 unquam
1841 3729 1972 3768 usus
1995 3722 2079 3769 est
2100 3715 2207 3771 dis-

637 3807 975 3876 pensatione,
1031 3821 1061 3859 a
1115 3815 1263 3860 recto
1305 3821 1411 3859 non
1458 3807 1731 3862 aberravit
1781 3825 1792 3860 :
1840 3808 1991 3876 quin,
2046 3808 2207 3862 citius

637 3909 918 3954 assecutus
947 3908 1029 3952 est
1049 3899 1194 3966 quod
1220 3914 1514 3966 parumper
1543 3898 1833 3952 intermisit
1861 3918 1872 3952 :
1899 3900 2037 3953 sicut
2066 3903 2208 3956 acci-

638 3991 766 4044 dere
808 3989 945 4043 solet
973 3989 1344 4059 gubernatori,
1379 3990 1591 4044 clavum
1627 3991 1873 4043 nonnihil
1908 3993 2206 4046 remittenti

639 4089 858 4150 propter
894 4078 1175 4132 adversam
1208 4079 1353 4132 venti
1393 4087 1790 4147 tempestatem.
1823 4079 1924 4147 Qui
1955 4096 2083 4135 vero
2111 4081 2206 4132 ali-

638 4183 719 4230 ter
749 4185 1065 4239 progressus
1098 4178 1198 4232 est,
1235 4169 1506 4222 aberravit
1530 4185 1558 4222 a
1591 4185 1778 4238 scopo,
1806 4171 2204 4239 praevaricatio-

635 4279 761 4320 nem
784 4262 1045 4316 inducens
1065 4277 1160 4331 pro
1180 4261 1609 4329 dispensatione.
1631 4254 1698 4315 Et
1723 4263 1965 4331 exempla
1984 4263 2206 4318 omnino

637 4356 802 4409 multa
834 4362 981 4419 sunt,
1019 4370 1138 4424 quae
1175 4354 1411 4407 scribere
1437 4369 1898 4422 supervacaneum
1949 4365 2050 4418 est,
2083 4371 2206 4424 pro-

2382 3716 2568 3780 Οὕτως
2595 3736 2679 3782 τις
2707 3722 2770 3772 ἐκ
2809 3723 2900 3777 τοῦ
2938 3726 3134 3791 αἰῶνος
3163 3722 3482 3802 οἰκονομῶν,
3517 3737 3577 3790 οὐ
3625 3740 3882 3812 διέσφαλ-

2310 3823 2414 3907 ται-
2451 3807 2545 3860 τοῦ
2595 3811 3033 3907 καλοῦ·θᾶττον
3071 3821 3180 3891 γὰρ
3227 3823 3560 3894 ὲπεδράξατο
3604 3830 3633 3883 δ
3681 3807 3879 3907 μικρὸν

2308 3900 2574 3954 ἐνέλιπεν.
2619 3902 2706 3966 Ὠς
2737 3905 2828 3956 ἐπὶ
2862 3909 2958 3960 τοῦ
2988 3912 3405 3983 οἰακοστρόφου,
3443 3919 3739 3987 ὑπανέντος
3785 3900 3879 3996 μι-

2309 3990 2438 4084 κρὸν
2459 3993 2518 4044 τὸ
2542 3994 2824 4063 πηδάλιον,
2853 3997 2944 4052 διά
2973 4001 3072 4068 τὴν
3101 4003 3536 4064 ἀντιπνεύσασαν
3566 3990 3872 4084 καταιγίδα.

2320 4082 2557 4154 Ἑτέρως
2585 4087 2638 4138 δὲ
2673 4087 2968 4158 διενεχθεὶς
3014 4093 3278 4165 διήμαρτε
3327 4098 3423 4152 τοῦ
3477 4103 3708 4157 σκοποῦ’
3742 4082 3873 4162 ἀντὶ

2303 4173 2956 4269 οἰκονομίας-παράϐασιν
3001 4184 3244 4249 τελέσας.
3301 4190 3406 4243 Καὶ
3455 4192 3526 4246 τὰ
3574 4197 3871 4269 παραδείγ-

2307 4280 2448 4332 ματα
2486 4266 2674 4329 πολλὰ,
2707 4268 2742 4322 ἃ
2774 4271 3051 4338 παρέλκον
3082 4277 3198 4328 ἐστὶ
3230 4284 3462 4350 γράφειν
3507 4285 3598 4340 διά
3663 4289 3724 4342 τὸ

2306 4359 2594 4427 κρηγορές.
2631 4361 2702 4412 Τὸ
2731 4360 2787 4412 δὲ
2833 4362 2932 4433 τὴν
2976 4369 3271 4439 κυριότητὰ
3310 4389 3404 4427 σου
3438 4378 3610 4446 φῆσαι
3652 4381 3746 4434 ἐπὶ
3776 4383 3868 4436 τοῦ

637 4454 756 4514 pter
773 4444 993 4497 nimiam
1026 4442 1405 4511 prolixitatem.
1430 4440 1583 4506 Quod
1624 4457 1750 4495 vero
1770 4457 1798 4495 a
1829 4442 2204 4496 Dominatione

2319 4449 2526 4546 ιανόνος
2560 4451 2668 4503 τῶν
2695 4453 3040 4524 ἀποστόλων,
3089 4463 3216 4530 περὶ
3242 4464 3350 4517 τῶν
3379 4440 3714 4540 uix-pinnat
3751 4492 3867 4546 χει-

636 4545 727 4590 tua
756 4535 961 4589 dictum
995 4544 1098 4596 est,
1129 4534 1183 4586 in
1218 4549 1427 4588 canone
1457 4533 1884 4602 apostolorum“
1910 4534 1977 4587 de
2005 4524 2088 4588 his
2111 4535 2201 4603 qui

2319 4540 2663 4605 ροτονούντων
2702 4547 2797 4598 καὶ
2837 4553 3349 4621 χειροτονουμένων,
3393 4558 3580 4626 ὕφεσιν
3608 4580 3734 4620 τινα
3753 4524 3867 4620 ﬂatt-

635 4626 896 4694 pceunias
929 4625 1200 4687 ordinant,
1238 4634 1293 4678 et
1346 4626 1436 4694 qui
1494 4626 1836 4688 ordinantur,
1885 4627 2201 4680 remissione

636 4716 866 4786 quadam
914 4732 1071 4769 usum
1106 4716 1273 4769 videri
1305 4715 1750 4785 Chrysostomum
1782 4730 1908 4786 erga
1945 4733 2037 4770 sex
2087 4717 2193 4784 epi-

636 4823 828 4877 scopos
850 4823 986 4877 quos
1008 4807 1287 4876 deposuit;
1318 4808 1451 4862 nihil
1489 4809 1537 4862 id
1567 4810 1854 4877 discrepat,
1881 4818 1934 4862 et
1955 4811 1996 4862 si
2023 4810 2200 4863 vidca-

639 4909 723 4952 tur
754 4918 766 4953 :
801 4915 920 4954 cum
973 4901 1193 4969 privans
1230 4900 1349 4956 illos
1403 4903 1547 4954 omni
1602 4916 1824 4970 prorsus
1878 4902 2198 4964 sacerdotio,

637 4990 805 5044 solam
843 4989 946 5043 illis
980 4990 1046 5042 ad
1083 4991 1251 5044 altare
1297 4992 1759 5060 participationem
1809 4993 2198 5061 permiserit".

639 5081 836 5136 Demus
892 5091 1075 5135 autem
1129 5082 1456 5151 discrepare,
1490 5093 1542 5135 et
1594 5082 1965 5136 remissionem
1998 5083 2194 5137 inesse.

639 5172 923 5226 Imitentur
976 5188 1105 5227 sane
1162 5174 1251 5242 qui
1306 5174 1507 5240 volent,
1543 5173 1722 5226 nullus
1755 5174 2061 5242 prohibebit
2092 5192 2103 5226 :
2137 5190 2197 5229 os

636 5265 780 5319 enim
832 5275 916 5319 est
955 5267 1068 5333 ipse
1118 5266 1230 5328 Dei,
1261 5274 1314 5318 et
1345 5265 1706 5334 apostolorum
1736 5266 2141 5321 contubernalis
2175 5284 2189 5320 ε

639 5355 794 5424 cujus
840 5357 1007 5410 multa
1053 5367 1420 5410 memorantur
1480 5357 1532 5413 in
1580 5356 1718 5410 hanc
1753 5357 1919 5420 diem,
1949 5367 2002 5411 et
2036 5373 2195 5410 nemo

635 5449 702 5502 de
733 5447 833 5500 hac
865 5462 921 5500 re
951 5447 1224 5502 dissensit.
1263 5449 1332 5500 At
1363 5447 1516 5517 longe
1547 5447 1730 5517 dispar
1764 5449 1851 5502 hic
1883 5450 2039 5503 ratio.
2089 5450 2194 5514 Qui

634 5539 778 5593 enim
810 5541 1081 5593 marchum
1103 5541 1400 5602 coronavit,
1419 5541 1572 5611 quasi
1603 5541 1816 5596 absurdi
1842 5541 1973 5595 nihil
2001 5541 2187 5611 egerit,

634 5629 801 5686 sacris
846 5629 1040 5684 iterum
1082 5638 1357 5700 operatur,
1401 5648 1574 5702 neque
1629 5633 1680 5687 in
1732 5633 1912 5688 abdito
1937 5633 2189 5702 quopiam

2305 4633 2592 4726 ποιηκέναι
2654 4635 2744 4687 τὸν
2801 4639 3187 4712 Χρυσόστομον
3243 4649 3328 4715 ἐφ’
3384 4645 3458 4704 ὧν
3518 4653 3758 4726 καθῇρεν
3808 4658 3867 4724 ἐξ

2304 4722 2650 4776 ἐπισκόπων·
2700 4727 2852 4780 οὐδὲν
2895 4731 2955 4781 τὸ
3006 4735 3412 4802 παραλλάττον,
3451 4743 3498 4792 εἰ
3543 4722 3866 4811 καῖ-δοκεῖ,

2305 4813 2466 4881 ἡνίκα
2527 4817 2812 4880 κάκείνους
2866 4823 3047 4892 πάσης
3125 4827 3416 4898 ἱερωσύνης
3475 4833 3866 4908 ἀλλοτριώσις,

2307 4905 2475 4974 μόνην
2525 4908 2623 4972 τὴν
2678 4911 2756 4972 εἰς
2799 4912 2858 4963 τὸ
2901 4913 3288 4987 θυσιαστήριον
3337 4905 3648 4996 μετάληψιν
3681 4905 3868 4998 αὐτοῖς

2305 4998 2689 5087 παρεχώρησε.
2747 5003 2936 5071 Δῶμεν
2993 5005 3051 5058 δὲ
3117 5010 3209 5062 καὶ
3273 5014 3705 5087 παραλλάττειν,
3771 5027 3866 5078 καὶ

2308 5086 2498 5154 ὕφεσιν
2548 5091 2712 5159 ἔχειν.
2760 5095 3156 5164 Μιμείσοωσαν
3182 5103 3231 5153 οῖ
3277 5103 3618 5175 βουλόμενοι,
3654 5086 3746 5166 καὶ
3771 5116 3863 5168 οὖν

2301 5176 2411 5241 δεὶς
2443 5180 2469 5230 ὁ
2501 5181 2758 5234 κωλύσων
2779 5201 2791 5212 ·
2825 5186 2997 5254 στόμα
3029 5190 3136 5256 γὰρ
3162 5191 3294 5244 Θεοῦ
3325 5196 3416 5246 καὶ
3445 5193 3617 5265 οὗτος,
3640 5205 3861 5259 καὶτῶν

2301 5269 2616 5359 ἀποστόλων
2641 5272 2973 5341 όμόσκηνος·
3007 5273 3066 5330 οὗ
3094 5281 3181 5331 καὶ
3212 5282 3378 5336 πολλὰ
3407 5288 3716 5359 μέμνηνται
3755 5296 3856 5359 ἕως

2302 5357 2393 5410 τοῦ
2441 5364 2726 5428 παρόντος,
2781 5365 2874 5415 καὶ
2930 5366 3102 5430 οὐδεὶς
3151 5372 3274 5441 περὶ
3317 5374 3504 5430 τούτου
3557 5357 3854 5449 διήνεκταιξ

2315 5449 2450 5500 Ἀλλ’
2483 5443 2607 5519 οὑχῖ
2633 5443 2733 5504 ὦδε
2763 5451 2938 5518 οὕτως
2969 5456 3100 5525 ἔχει.
3140 5460 3198 5510 '0
3229 5461 3338 5533 γὰρ
3379 5465 3468 5517 τὸν
3510 5443 3701 5539 μοιέὸν
3738 5491 3856 5527 στε-

2302 5539 2555 5634 φανώσας
2581 5582 2595 5604 ,
2639 5541 2712 5605 ὡς
2749 5545 2918 5614 μηδὲν
2967 5553 3265 5619 πεπραχὼς
3298 5555 3514 5618 ἄτοπον,
3564 5561 3856 5634 ἱερουργῶν

2301 5633 2464 5686 πάλιν
2493 5635 2608 5687 ἐστὶ
2629 5651 2642 5664 ο
2663 5635 2759 5689 καὶ
2783 5637 2903 5690 οὐδὲ
2927 5638 2983 5692 ἐν
3011 5640 3300 5714 ἀποδύστῳ
3329 5663 3430 5700 που
3454 5633 3852 5724 εἰσερχόμενος,

704 5770 748 5802 ⁸⁸
776 5769 1107 5841 Sap.xt.?.l.
1185 5771 1599 5839 “Ecclc.nt,7.
1682 5773 2102 5840 ".‘llattli.x,26.
2159 5775 2537 5842 °‘A(_-t..\vi,.’i.
2603 5777 2907 5834 "'Can.‘28.
2974 5779 3314 5839 "Pallad.in
3363 5784 3475 5841 Vita
3501 5787 3666 5857 Chrys
3706 5797 3848 5852 (ΜΞ.
