4158 6478
180 425 304 490 985

1424 430 1958 492 EPISTOLARUM
1998 434 2144 495 LIB.
2190 439 2240 498 Ι.

3345 453 3452 517 986

179 536 314 590 ἀλλ’
347 537 440 590 ἐπ’
488 536 658 604 αὐτῆς
712 535 810 605 τῆς
858 535 1154 606 καθολικῆς
1190 536 1547 608 Ἐκκλησίας⁸
1582 540 1657 604 ὡς
1691 540 1755 599 εἰς

1877 539 2016 604 loco,
2045 542 2141 596 sed
2170 542 2226 596 in
2257 543 2373 613 ipsa
2423 544 2664 603 Ecclesia
2699 551 2986 618 catholica.
3013 564 3267 625 tanquam
3291 576 3447 634 egre-

179 628 506 698 ὑπόδειγμα
533 627 698 680 καλὸν
726 630 840 691 τοῖς
874 627 1082 699 ἱερεῦσι
1109 630 1494 701 προκείμενος.

263 723 371 787 Τίς
431 722 488 777 δὲ
541 723 674 792 ἡμῖν
735 723 769 792 ἡ
823 721 917 775 τοῦ
984 722 1435 778 Οὑαλεντινιανοῦ
1502 724 1771 794 δυογαμία

177 816 423 886 ἰθνικής
475 815 572 870 καὶ
616 814 700 878 τίς
725 813 886 868 αὑτὸν
933 814 1283 884 στεφανώσας
1312 817 1416 868 ἐπὶ.
1431 817 1606 885 τούτῳ
1639 818 1770 869 ἀνα-

177 910 530 981 κηρύττεται
579 911 757 978 ἅγιος,
788 908 885 962 καὶ
926 909 1049 979 ούχὶ
1093 910 1438 979 παράνομος,
1476 910 1635 980 εἴπερ
1673 910 1770 962 καὶ

177 1004 576 1071 ἐστεφάνωται
607 1021 624 1069 ;
659 1002 768 1056 Καὶ
815 1002 900 1065 τίς
948 1001 1248 1071 τηνικαῦτα
1300 1001 1410 1053 τῶν
1464 1001 1769 1056 θεσπεσίων

178 1095 459 1162 Πατέρων
497 1096 682 1163 γραφῇ
713 1093 1052 1163 παρέδωκεν,
1083 1093 1156 1155 ὡς
1193 1092 1355 1154 ὁσίως
1389 1091 1767 1145 Ούαλεντινια-

178 1185 278 1249 νὸς
316 1186 613 1257 πεποίηκε,
633 1185 726 1237 δύο
753 1187 1015 1252 γυναῖκας
1042 1184 1310 1253 ἀγόμενος
1335 1224 1348 1247 ,
1385 1184 1476 1236 καὶ
1502 1183 1677 1254 χρεὼν
1703 1188 1767 1238 ὲκ

175 1277 283 1333 τοῦ
317 1278 483 1347 δεῦρο
513 1277 670 1329 τοῦτο
699 1275 1068 1344 πράττεσθαις
1101 1273 1294 1327 Πολλοί
1323 1274 1503 1326 τοίνυν
1538 1275 1631 1327 καὶ
1673 1275 1766 1329 ἄλ-

177 1370 292 1431 λοι,
315 1369 505 1438 ἐπειδὴ
532 1369 592 1420 τὸ
619 1367 906 1437 βούλεσθαι
933 1367 1118 1430 αὐτοῖς
1144 1367 1307 1435 νόμος
1338 1367 1486 1419 ἐστὶν
1513 1367 1574 1419 ού
1597 1366 1761 1430 θεῖος,

176 1461 304 1514 ἀλλ’
331 1458 672 1530 ἀνθρώπινος
697 1457 791 1510 καὶ
818 1457 1311 1527 κατηγορούμενος,
1344 1455 1638 1526 δεδράκασι
1672 1456 1765 1509 καὶ

176 1551 452 1624 δράξουσι
489 1550 652 1621 τυχὸν
695 1550 809 1613 ἕως.
843 1547 938 1602 τοῦ
988 1548 1206 1610 αίῶνος.
1249 1547 1386 1600 Ἀλλ’
1422 1550 1453 1618 ὴ
1486 1548 1579 1600 τοῦ
1627 1548 1762 1601 Θεοῦ

192 1643 503 1713 Ἐκκλησία
567 1641 878 1712 μεμένηκεν
943 1640 1306 1709 ἀπήμαντος,
1377 1639 1480 1691 κάν
1547 1637 1762 1701 πολλοῖς

179 1739 392 1810 ὲὸλήοη
412 1737 706 1806 τοξεύμασι
723 1751 737 1765 ’
754 1735 846 1788 καὶ
869 1734 1032 1788 πύλαι
1063 1733 1188 1804 ᾅδου
1235 1730 1565 1802 κατισχῦσαι
1591 1732 1762 1801 αὐτῆς

178 1832 244 1884 οὐ
277 1831 599 1899 δεδύνηνται
619 1843 634 1859 ο
670 1827 794 1882 οὐδὲ
827 1826 980 1896 παρὰ
1004 1827 1130 1888 τοὺς
1163 1824 1451 1893 κειμένους
1477 1824 1636 1892 ὄρους
1667 1824 1756 1876 καὶ

179 1925 391 1991 νόμους
427 1921 689 1991 πράττειν
719 1935 770 1972 τι
797 1918 891 1972 καὶ
925 1916 1104 1984 λέγειν
1130 1914 1414 1984 ἀνέχεται·
1447 1913 1548 1967 κᾶν
1580 1913 1763 1966 πολλοὶ

179 2013 476 2084 πολλαχῶς
522 2012 783 2081 ποιμένες
825 2006 1267 2078 ἠφρονεύσαντοο
1319 2006 1442 2058 ἐπεὶ
1487 2007 1580 2058 καὶ
1636 2022 1761 2057 συν-

176 2106 342 2169 όδους
389 2103 798 2174 συνεκρότησαν
829 2099 1072 2169 μεγάλας
1101 2097 1214 2167 (22)
1261 2098 1353 2151 καὶ
1387 2095 1757 2167 παμπληθεῖς,

179 2201 280 2252 καὶ
324 2197 648 2266 Ἐκκλησίαν
680 2191 815 2245 Θεοῦ
854 2190 1081 2253 ἑαυτοὺς
1109 2189 1461 2259 ὡνομάκασι’
1490 2189 1584 2242 καὶ
1622 2189 1761 2257 ὑπὲρ

179 2295 432 2350 κανόνων
483 2289 808 2360 ἐφρόντισαν
851 2282 928 2354 τῷ
974 2283 1187 2349 δοκεῖν,
1232 2282 1372 2337 κατά
1413 2283 1655 2336 κανόνων
1700 2283 1761 2334 τὸ

179 2387 388 2458 ἀληθὲς
444 2380 773 2450 κινούμενοι.
820 2376 885 2430 Τί
931 2375 998 2447 δὴ
1047 2374 1362 2446 θαυμαστόν
1417 2375 1464 2427 εί
1511 2374 1606 2429 καὶ
1662 2373 1759 2427 νῦν

179 2477 350 2530 πέντε
389 2472 482 2525 καὶ
526 2470 657 2522 δέκα
696 2465 856 2536 τυχὸν
913 2464 1202 2519 ἐπίσκοποι
1251 2464 1607 2533 συναχθέντες
1666 2462 1757 2516 τὸν

179 2565 290 2620 ὑπὸ
330 2561 440 2615 τῶν
486 2558 724 2612 κανόνων
787 2555 1166 2626 καθῃρημένον
1212 2555 1356 2609 κατά
1401 2553 1494 2607 δύο
1541 2553 1754 2618 αίτίας,

179 2655 470 2728 ὴθὼωσαν,
513 2649 774 2710 λύσαντες
805 2646 896 2701 τοῦ
933 2647 1271 2718 ίερουργεῖν;
1303 2645 1526 2708 Σύνοδος
1553 2644 1752 2708 τοίνυν,

178 2751 440 2812 δέσποτα,
483 2744 543 2798 οὐ
582 2743 643 2795 τὸ
673 2740 860 2805 ἁπλῶς
897 2740 1229 2807 συνάγεσθαι
1266 2739 1526 2811 ίεράρχας
1561 2755 1620 2792 τε
1661 2740 1755 2792 καὶ

181 2837 383 2906 ίερεῖς,
415 2831 517 2886 κᾶν
549 2829 734 2882 πολλοὶ
774 2822 897 2883 ὦσι.
944 2829 1230 2894 Κρείσσων
1277 2827 1420 2898 γὰρ,
1463 2828 1630 2898 φησὶ,
1673 2822 1753 2890 εἷς

181 2925 359 2981 ποιῶν
383 2924 444 2977 τὸ
472 2921 684 2990 θέλημα
709 2921 802 2973 τοῦ
831 2921 1059 2992 Κυρίου,
1086 2919 1120 2988 ἢ
1156 2918 1339 2990 μυρίοι
1383 2918 1753 2989 παραϐαίνον-

179 3033 305 3081 τες’
351 3013 486 3071 ἀλλὰ
513 3011 575 3066 τὸ
604 3014 660 3066 ὲν
685 3012 910 3082 ὀνόματι
956 3010 1184 3081 Κυρίου,
1219 3014 1278 3063 ὲν
1306 3012 1374 3080 τῇ
1423 3011 1615 3080 είρήνῃ
1655 3007 1752 3062 καὶ

179 3109 398 3180 φυλακῇ
445 3105 554 3159 τῶν
615 3105 886 3158 κανόνων·
954 3104 1050 3156 καὶ
1112 3104 1171 3156 τὸ
1205 3103 1426 3198 δεσμεῖν
1463 3102 1555 3155 καὶ
1604 3101 1751 3198 λύειν
1778 3139 1820 3198 C

180 3200 281 3269 οὐχ
326 3198 402 3260 ὡς
431 3195 642 3265 ιτυχεν,
687 3193 802 3248 ἀλλ’
840 3192 914 3255 ὡς
945 3191 1093 3245 δοκεῖ
1138 3195 1204 3261 τῇ
1233 3190 1465 3262 ἀληθείᾳ
1491 3230 1506 3254 ,
1539 3191 1632 3245 καὶ
1671 3190 1751 3261 τῷ

180 3288 391 3352 κανόνι,
434 3286 528 3339 καὶ
557 3284 636 3355 τῷ
680 3283 919 3353 γνώμονι
950 3281 1051 3352 τῆς
1078 3283 1382 3354 ἀκριϐείας.
1410 3283 1481 3338 Ἢ
1506 3281 1752 3347 δείξωσιν

179 3383 233 3435 οἱ
267 3378 614 3440 συνελθόντες
654 3376 814 3430 τοῦτο
863 3375 1248 3444 πεποιηκότες·
1297 3375 1391 3428 καὶ
1431 3375 1594 3444 ἡμεῖς
1653 3373 1749 3426 σὺν

179 3475 397 3536 αὐτοῖς’
430 3471 464 3543 ἢ
491 3471 552 3526 οὐ
582 3468 936 3530 δεικνύουσιν,
967 3466 1349 3520 ὲκδαλέτωσαν
1389 3467 1481 3518 τὸν
1508 3464 1746 3530 ἀνάξιον,

181 3568 270 3629 ῖνα
315 3565 391 3637 μὴ
437 3567 518 3627 είς
566 3563 926 3631 κατηγόρημα
953 3559 1136 3622 αὐτοῖς
1174 3559 1268 3612 καὶ
1291 3561 1413 3620 ταῖς
1452 3558 1748 3628 μετέπειτα

177 3660 395 3727 γενεαῖς
431 3653 899 3725 παραδοθήσεταιο
946 3651 1007 3705 '0
1031 3653 1212 3723 λόγος
1246 3651 1355 3721 γὰρ
1387 3653 1420 3705 d
1465 3650 1568 3704 τοῦ
1597 3649 1746 3705 Θεοῦ

178 3748 458 3804 δεδέσθαι
480 3749 668 3816 φύσιν
699 3745 808 3798 οὐκ
846 3744 970 3813 ἔχει
994 3757 1010 3774 ⁶
1044 3746 1138 3797 καὶ
1178 3743 1397 3811 ἐξουσία
1423 3746 1536 3808 τοῖς
1565 3745 1748 3815 ίεράρ‹

178 3860 302 3914 χαις
329 3844 388 3896 εν
417 3841 589 3895 οὐδενὶ
612 3838 820 3890 δέδοται
850 3836 944 3889 ἐπὶ
971 3835 1117 3908 πάσῃ
1147 3837 1457 3908 παραϐάσει
1486 3837 1741 3900 κανόνοςο

178 3936 210 4005 ἢ
264 3934 424 4004 μόνον
471 3930 705 3998 στοιχεῖν
741 3926 810 3981 τὰ
856 3927 1184 3997 δεδογμένα,
1231 3929 1323 3981 καὶ
1363 3929 1593 3982 ἕπεσθαι
1631 3931 1745 3992 τοῖς

178 4023 560 4099 προλαϐοῦσιν.

245 4118 362 4170 Οὐκ
383 4111 502 4168 οῖδα
543 4115 593 4168 εἰ
624 4113 700 4185 μή
729 4129 781 4166 τι
813 4111 1166 4166 ἀκανόνιστόν
1188 4113 1303 4168 ἐστι
1335 4114 1430 4167 καὶ
1456 4131 1742 4185 παρεωραο

180 4205 359 4276 μένον.
395 4203 506 4285 Ιξαὶ
541 4203 672 4272 πρὸς
705 4202 864 4257 τοῦτο
893 4200 1072 4254 κανὼν
1114 4201 1208 4255 τοῦ
1246 4203 1402 4271 ἁγίου
1434 4201 1741 4270 Βασιλείου,

178 4301 256 4361 είς
293 4296 444 4366 ἱερέα
473 4294 800 4366 ὁμωμοκότα
831 4294 914 4346 ἐπ’
940 4293 1167 4365 ἀληθείᾳ
1198 4293 1292 4347 τοῦ
1318 4294 1606 4364 ἀρκεῖσθαι
1641 4296 1740 4364 μό-

179 4407 267 4443 νον
296 4391 365 4459 τῇ
406 4387 584 4458 οίκεία
622 4385 947 4456 Ἐκκλησία,
979 4387 1074 4439 καὶ
1108 4386 1359 4457 μηδαμοῦ
1396 4387 1530 4460 ἄλλῃ
1572 4404 1740 4458 προσ-

1872 631 2016 701 gimn
2053 636 2363 705 exemplum
2399 642 2771 699 sacerdotibus
2802 650 3131 717 propositus.
3328 631 3349 634 ⁷
3387 700 3390 703 .

1942 728 2199 791 Quasnam
2253 746 2382 786 vero
2426 735 2585 790 nobis
2618 735 2988 796 Valentiniani
3034 746 3254 801 ethnica
3292 747 3448 820 biga-

1871 818 2017 871 mia?
2048 821 2252 889 etquis
2302 833 2586 894 propterea
2633 831 2778 899 quod
2811 832 2957 889 illum
2984 839 3279 902 coronarit,
3317 818 3446 895 san-

1871 920 1990 964 ctus
2018 913 2558 981 praedicatumetnon
2587 921 2914 991 injustus?si
2944 935 3124 982 tamen
3153 942 3444 986 coronatus

1871 1002 1958 1058 ille
1987 1003 2110 1059 fuit.
2142 1006 2209 1060 Et
2237 1009 2358 1077 quis
2387 1025 2418 1064 e
2449 1013 2672 1079 sanctis,
2702 1016 2794 1084 qui
2828 1025 2956 1073 tunc
2984 1019 3243 1076 vivebant
3269 1022 3446 1077 Patri-

1868 1095 1991 1160 bus,
2036 1106 2224 1153 sancte
2263 1100 2458 1156 fecisse
2509 1101 2947 1163 Valentinianum
3009 1111 3266 1181 prodidit,
3314 1129 3438 1169 cum

1867 1186 2003 1240 duas
2056 1204 2255 1244 uxores
2299 1192 2485 1256 duxit;
2534 1204 2698 1265 atque
2743 1197 2814 1251 ita
2844 1199 2959 1252 ﬁeri
3003 1201 3256 1273 deinceps
3281 1219 3443 1275 opor-

1867 1285 1982 1333 tere
2013 1279 2210 1334 ?Multi
2240 1297 2371 1353 ergo
2419 1293 2475 1338 et
2518 1287 2634 1351 alii,
2664 1291 3104 1360 quandoquidem
3136 1295 3274 1350 velle
3307 1295 3441 1366 ipsis

1866 1369 1951 1425 lex
1980 1381 2085 1437 est,
2121 1389 2229 1426 non
2259 1375 2463 1441 divina,
2494 1380 2589 1433 sed
2620 1381 2856 1436 humana
2886 1393 2942 1437 et
2984 1386 3436 1455 reprehendenda

1866 1459 1918 1515 id
1965 1461 2235 1525 fecerunt,
2269 1465 2577 1537 facientque
2611 1469 2864 1537 fortasse,
2897 1476 3140 1543 quandiu
3191 1495 3280 1534 res
3329 1491 3441 1537 sta-

1865 1553 2021 1608 bunt.
2057 1555 2162 1609 Sed
2194 1556 2289 1611 Dei
2341 1558 2586 1614 Ecclesia
2627 1561 2795 1617 illzesa
2853 1569 3178 1636 permansit,
3220 1574 3436 1629 tametsi

1866 1645 2051 1700 multis
2089 1646 2333 1716 impetita
2400 1650 2564 1704 telis:
2613 1663 2669 1707 et
2715 1663 2884 1722 portae
2929 1655 3088 1712 inferi
3141 1662 3438 1729 praevalere

1862 1735 2124 1791 adversus
2158 1753 2275 1792 eam
2307 1754 2416 1793 non
2471 1751 2769 1810 potuerunt
2796 1763 2808 1798 ἒ
2843 1761 2945 1802 nec
2978 1759 3177 1818 praeter
3205 1761 3437 1810 statutos

1867 1842 2107 1882 canones
2143 1843 2206 1883 ac
2256 1829 2403 1901 leges
2424 1848 2583 1903 agere
2616 1846 2708 1890 aut
2733 1837 2916 1893 dicere
2945 1841 3240 1912 quidquam
3267 1846 3436 1901 susti-

1875 1925 1984 1981 net,
2016 1919 2261 1987 quamvis
2301 1921 2456 1975 multi
2490 1939 2735 1996 persmpe
2779 1939 3024 1996 pastores
3069 1932 3432 1992 insanierint:

1862 2010 2064 2081 quippe
2089 2012 2181 2081 qui
2200 2013 2366 2068 etiam
2387 2016 2621 2082 synodos
2643 2034 2866 2090 magnas
2884 2036 2951 2076 ac
2967 2021 3436 2094 frequentissimas

1861 2114 2188 2172 coegerunt,
2221 2113 2275 2158 et
2309 2103 2604 2161 Ecclesiam
2636 2108 2728 2163 Dei
2779 2111 2988 2180 seipsos
3025 2125 3431 2185 nuncuparunt,

1860 2201 1914 2247 et
1937 2209 2035 2262 pro
2065 2196 2368 2250 canonibus
2396 2198 2450 2251 in
2480 2200 2664 2268 specie
2721 2201 2939 2256 solliciti
2998 2203 3242 2272 fuerunt,
3306 2224 3430 2263 cum

1859 2285 2120 2340 adversus
2169 2302 2406 2343 canones
2458 2304 2650 2346 revera
2700 2294 2958 2350 concitati
2988 2296 3232 2354 fuerunt.
3286 2299 3432 2368 Quid

1858 2391 1987 2448 ergo
2017 2378 2217 2432 mirum
2263 2379 2308 2433 si
2363 2396 2510 2436 nunc
2563 2399 2780 2454 quoque
2837 2388 3148 2456 quindecim
3198 2392 3425 2449 forsitan

1857 2471 2120 2540 epiSCOpi,
2148 2473 2481 2544 congregati,
2516 2475 2791 2531 hominem
2825 2493 2924 2548 per
2947 2495 3186 2538 canones
3225 2484 3428 2556 duplici

1856 2577 1920 2617 ex
1945 2579 2108 2618 causa
2133 2564 2821 2634 depositum,innocentem
2845 2573 3211 2642 declararunt,
3244 2577 3431 2634 absol~

1857 2665 2181 2725 veruntque,
2222 2666 2279 2711 ut
2325 2659 2631 2715 sacerdotio
2662 2661 2956 2734 fungatur?
2985 2665 3264 2738 Synodum
3299 2685 3432 2743 ergo

1854 2745 2006 2810 facit,
2035 2745 2284 2813 Domine,
2341 2763 2452 2802 non
2485 2749 2809 2820 simpliciter
2852 2757 3168 2828 congregari
3214 2756 3428 2830 episco-

1854 2852 1952 2906 pos
1978 2846 2032 2892 ct
2055 2839 2385 2905 sacerdotes,
2414 2843 2662 2910 quamvis
2690 2846 2844 2900 multi
2881 2848 3012 2906 sint.
3059 2848 3248 2908 Melior
3275 2854 3424 2909 enim

1853 2944 2016 2994 unus,
2046 2929 2144 2995 ait,
2182 2929 2388 2984 faciens
2426 2933 2763 2991 voluntatem
2811 2936 3047 3005 Domini,
3078 2957 3242 3012 quam
3275 2945 3424 3000 mille

1852 3019 2301 3086 praevaricatores
2321 3020 2367 3052 “
2395 3039 2408 3075 :
2441 3023 2537 3077 sed
2559 3024 2612 3077 in
2643 3026 2865 3082 nomine
2887 3027 3122 3096 Domini,
3159 3030 3211 3085 in
3235 3046 3426 3101 pacem

1854 3119 1908 3164 et
1936 3110 2373 3166 observationem
2404 3129 2699 3184 canonum,
2728 3128 2783 3173 et
2814 3119 2880 3174 ad
2913 3120 3185 3192 ligandum
3208 3125 3427 3181 salven-

1853 3202 2090 3274 dumque
2122 3220 2231 3259 non
2257 3208 2686 3276 quomodolibet,
2716 3211 2810 3266 sed
2844 3221 2903 3267 ut
2931 3214 3143 3270 veritati
3173 3220 3427 3290 congruit

1851 3303 1906 3348 et
1929 3297 2125 3350 canoni
2156 3299 2466 3368 regulaeque
2499 3313 2701 3357 exactae
2734 3304 3111 3363 discussionis.
3156 3309 3265 3366 Aut
3293 3327 3425 3382 pro-

1849 3384 2060 3442 babunt
2104 3403 2162 3443 se
2203 3389 2306 3444 hoc
2349 3390 2569 3456 fecisse,
2611 3395 2702 3462 qui
2751 3409 3149 3466 convenerunt,
3204 3410 3262 3456 et
3319 3419 3424 3460 nos

1848 3490 1972 3529 cum
2005 3478 2084 3532 eis
2115 3479 2452 3537 adhaeremus
2473 3524 2486 3548 ,
2518 3493 2613 3538 aut
2637 3485 2679 3540 si
2711 3501 2823 3540 non
2853 3487 3183 3557 probabunt,
3203 3493 3428 3563 ejiciant

1852 3567 2154 3639 indignum,
2215 3587 2283 3626 ne
2330 3573 2461 3628 vitio
2506 3575 2639 3644 ipsis
2701 3587 2960 3644 vertatur,
3019 3580 3426 3656 imputeturque

1848 3663 2011 3715 etiam
2046 3663 2188 3732 apud
2220 3673 2485 3733 posteros.
2529 3666 2751 3721 Verbum
2785 3670 2902 3736 Dei,
2949 3673 3142 3740 inquit,
3181 3676 3288 3732 tale
3320 3694 3425 3732 non

1849 3759 1924 3804 est
1952 3760 2009 3804 ιιι
2033 3752 2247 3822 alligari
2277 3764 2432 3823 queat
2466 3756 2509 3787 ⁸⁷
2535 3774 2548 3809 :
2575 3766 2630 3811 et
2661 3766 2903 3828 potestas
2941 3763 3214 3834 episcOpis
3240 3768 3421 3823 nulla-

1850 3849 2007 3896 tenus
2038 3842 2160 3896 data
2195 3853 2297 3905 est.
2324 3853 2382 3898 ut
2415 3860 2680 3901 canonem
2707 3850 2876 3904 ullum
2909 3857 3374 3926 transgrediantur
3405 3879 3419 3919 ;

1846 3934 1942 3988 sed
1975 3941 2184 3989 tantum
2226 3945 2285 3990 ut
2317 3936 2535 3994 decreta
2590 3952 2910 4012 sequantur,
2973 3945 3320 4021 haereautque
3363 3952 3420 4009 in

1845 4025 2135 4096 prioribus.

1915 4116 2110 4173 Nescio
2142 4135 2210 4174 an
2235 4120 2433 4190 aliquid
2469 4122 2557 4183 sit.
2593 4123 2661 4178 de
2688 4139 2796 4193 quo
2815 4141 2989 4182 canon
3025 4130 3206 4186 nullus
3240 4133 3420 4189 editus

1845 4209 1935 4271 sit,
1968 4211 2221 4279 quodque
2257 4214 2561 4284 neglectum
2595 4215 2783 4270 fuerit.
2824 4218 3014 4275 Exstat
3036 4225 3207 4278 sant-ti
3233 4223 3416 4283 Basilii

1843 4317 2020 4356 canon
2048 4302 2093 4334 ⁸⁸
2126 4303 2193 4356 de
2225 4305 2562 4376 presbytero,
2594 4308 2685 4378 qui
2720 4309 2930 4379 jurarat
2961 4327 3020 4367 se
3063 4317 3280 4386 propria
3308 4319 3416 4375 Ec-

1844 4392 2004 4449 clesia
2032 4403 2350 4449 contentum
2389 4397 2524 4454 fore.
2549 4415 2726 4470 neque
2762 4401 2815 4456 in
2849 4404 2952 4457 alia
2977 4420 3173 4461 munus
3201 4409 3416 4465 oblatu-

178 4479 364 4552 φέρειν
392 4477 586 4548 δῶρον.
618 4477 729 4530 Καὶ
763 4476 947 4540 πάλιν,
998 4478 1096 4546 τῆς
1138 4477 1196 4530 ιν
1248 4476 1610 4548 Καρθαγένῃ,
1651 4478 1743 4530 ἐπὶ

1852 4501 1989 4540 rum.
2041 4487 2107 4541 Et
2154 4503 2345 4543 rursus
2390 4491 2577 4560 synodi
2639 4493 3087 4566 Carthaginensis
3107 4501 3174 4561 ".
3233 4502 3302 4556 de
3345 4501 3413 4558 iis

177 4573 282 4628 τῶν
312 4571 763 4642 χειροτονούντων
798 4571 925 4632 τοὺς
951 4569 1015 4622 ὲκ
1047 4568 1156 4625 τῶν
1187 4572 1563 4641 μοναστηρίων
1602 4572 1741 4625 ἁπο-

178 4663 530 4728 στατοῦνταςο
575 4662 658 4725 τὺ.
687 4664 813 4725 τοὺς
840 4661 1116 4725 τοιούτους
1154 4664 1228 4733 μὴ
1269 4663 1379 4717 δεῖν
1429 4666 1510 4727 είς
1546 4664 1740 4732 ἑτέραν

189 4756 512 4827 Ἐκκλησίαν
561 4757 692 4828 παρ’
743 4756 809 4826 ἣν
854 4754 1074 4824 κατέχει
1135 4754 1366 4819 ἕκαστος
1412 4756 1738 4827 ἐπισκοπὴν,

181 4850 521 4922 ἱερουργεῖν·
554 4851 680 4912 τοὺς
707 4847 764 4903 δὲ
800 4849 1277 4920 χειροτονηθέντας
1303 4845 1440 4904 εἶναι
1488 4850 1737 4923 καθῃρηο

181 4944 385 5014 μένους.
420 4943 483 4996 Εί
510 4943 692 4996 τοίνυν
720 4942 811 4996 ἐπὶ
857 4941 1062 4997 τούτων
1105 4941 1213 4994 τῶν
1257 4941 1454 5010 ψιλῶν.
1495 4943 1590 4996 καὶ
1627 4944 1740 5005 τοῖς

177 5035 387 5099 πολλοῖς
431 5033 550 5087 οὐδὲ
594 5033 896 5087 δοκούντων
955 5052 1008 5088 τι
1056 5028 1196 5086 εἶναι
1244 5034 1578 5103 ὲφάμαρτον,
1638 5033 1740 5086 οὐκ

178 5127 502 5198 ἀνεκδίκητα
525 5127 592 5193 τᾲ
617 5127 860 5199 κρίματα
884 5127 975 5181 καὶ
994 5126 1064 5180 τὰ
1089 5126 1184 5179 τοῦ
1211 5125 1345 5180 Θεοῦ
1362 5124 1735 5197 δικαιώματα*

177 5221 320 5287 πόσῳ
348 5236 412 5288 γε
445 5218 645 5290 μᾶλλον
676 5219 769 5272 ἐπὶ
803 5217 898 5271 τοῦ
947 5220 1210 5288 παρόντος
1254 5219 1404 5286 ;Ούκ
1441 5219 1587 5271 ἐστιν
1623 5215 1738 5283 οὖν,

177 5315 272 5370 οὐκ
301 5313 470 5379 ἔστιν,
516 5306 562 5367 ὧ
589 5312 824 5366 δέσποτα
846 5351 861 5375 ,
891 5311 1013 5365 οὔτε
1044 5313 1142 5382 τὴν
1177 5312 1296 5365 καθ’
1323 5314 1471 5383 ἡμᾶς
1506 5312 1740 5382 Ἐκκλη-

179 5405 312 5470 σίαν,
344 5404 469 5457 οὔτε
500 5404 693 5475 ἑτέραν
713 5445 728 5468 ,
761 5406 909 5475 παρά
939 5405 1064 5467 τοὺς
1090 5403 1379 5473 κειμένους
1403 5404 1601 5474 νόμους
1639 5404 1733 5459 καὶ

1839 4576 1928 4646 qui
1961 4578 2215 4632 ordinant
2242 4593 2336 4632 eos
2362 4581 2454 4649 qui
2480 4581 2742 4639 deserunt
2771 4590 3101 4644 monasteria
3129 4609 3143 4644 :
3177 4609 3286 4647 non
3316 4595 3412 4650 de-

1838 4665 1969 4720 bere
2000 4666 2136 4721 tales
2166 4669 2472 4724 sacrificare
2502 4672 2558 4726 in
2595 4673 2697 4728 alia
2734 4674 2992 4740 Ecclesia,
3048 4691 3410 4754 prmterquam

1838 4761 1892 4813 in
1920 4775 2004 4824 ea,
2037 4760 2092 4814 in
2131 4777 2234 4830 qua
2270 4762 2470 4817 habent
2498 4764 2692 4835 singuli
2737 4768 3118 4835 praefecturam
3152 4791 3166 4828 :
3208 4775 3408 4846 deponi

1836 4859 2019 4906 autem
2048 4867 2143 4905 eos
2173 4852 2262 4922 qui
2293 4854 2524 4908 ordinati
2551 4863 2698 4910 sunt.
2737 4856 2793 4912 Si
2824 4876 2954 4931 ergo
2995 4863 3050 4916 in
3085 4863 3170 4919 his
3207 4867 3407 4936 parvis,

1836 4951 1891 4996 et
1917 4958 2038 5012 qua:
2065 4943 2224 5014 vulgo
2254 4944 2392 4998 nihil
2421 4946 2778 5012 aestimantur,
2826 4952 2916 5019 qui
2949 4963 3265 5024 peccarunt,
3297 4973 3409 5020 non

1837 5033 1995 5088 inulti
2035 5034 2257 5089 abibant
2282 5035 2466 5090 divino
2491 5036 2700 5106 judicio
2732 5055 2746 5094 :
2781 5051 2988 5110 quanto
3041 5044 3223 5100 minus
3257 5048 3311 5102 in
3350 5065 3416 5106 ro

1837 5127 2128 5195 praesenti!
2162 5127 2280 5181 Non
2329 5128 2454 5184 licet
2479 5129 2664 5200 igitur,
2699 5131 2937 5200 domine,
2987 5153 3098 5191 non
3149 5139 3276 5195 licet
3306 5157 3410 5198 nec

1837 5216 2094 5274 Ecclesia
2125 5228 2346 5286 nostrae,
2370 5237 2472 5276 nec
2517 5223 2671 5278 alteri
2707 5224 2820 5290 ulli,
2874 5228 3168 5299 quidquam
3211 5245 3411 5302 prater

1838 5319 2068 5366 statutas
2097 5313 2240 5383 leges
2275 5322 2330 5368 et
2361 5331 2600 5371 canones
2641 5303 2990 5377 committere
3015 5341 3028 5376 :
3052 5326 3332 5393 quoniam,
3363 5329 3407 5383 si

1843 5404 1946 5458 hoc
1966 5403 2144 5468 detur,
2165 5405 2324 5458 inane
2353 5414 2438 5459 est
2465 5407 2838 5478 Evangelium,
2857 5411 3126 5470 incassum
3149 5431 3406 5482 canones,

243 5525 286 5557 “
315 5525 483 5580 Eccli.
509 5541 622 5592 ινι,
643 5526 697 5580 3.
773 5525 815 5557 "
858 5524 899 5579 ll
930 5523 1072 5580 Tim.
1118 5541 1176 5588 ιι,
1205 5523 1257 5579 9.
1335 5524 1381 5557 ⁸⁸
1409 5520 1544 5579 Can.
1597 5525 1683 5579 10.

1852 5523 1966 5578 30d.
1999 5520 2204 5579 Eccles.
2237 5522 2479 5579 African.
2508 5539 2631 5580 can.
2662 5523 2748 5579 75.

1686 5615 1920 5673 NOTIE.

243 5703 353 5773 (εξ)
395 5701 700 5768 Συνόδους
723 5704 1008 5773 μεγάλας.
1044 5705 1355 5760 Trullanam
1411 5706 1499 5762 hic
1549 5707 1728 5761 notari

183 5773 434 5843 synodum
473 5784 655 5826 censet
691 5773 976 5829 Baronius.
1017 5775 1165 5830 Hanc
1199 5787 1377 5830 tamen
1413 5777 1730 5831 Theodorus

182 5843 230 5897 in
253 5843 404 5914 epist.
453 5843 522 5896 27
557 5843 738 5900 laudat
779 5855 832 5900 et
879 5855 1122 5901 sanctam
1165 5847 1415 5919 appellat.
1472 5848 1728 5907 Fortasse

1841 5707 2107 5781 synodum
2161 5705 2382 5781 Tyriam
2439 5709 2682 5781 aliasque
2741 5711 3002 5772 adversus
3047 5715 3406 5772 Athanasium

1840 5788 2056 5833 coactas
2089 5778 2353 5848 intelligit.
