4158 6478
649 423 753 486 983

1829 405 1887 466 S.
1927 406 2024 465 ΤΗ
2037 405 2318 465 EODORI
2351 404 2698 465 STUDITrE

3791 406 3901 475 984

650 533 830 590 omnia
855 530 908 583 in
939 525 1180 597 pondere
1215 529 1269 576 et
1294 535 1547 575 mensura
1569 518 1756 573 dividit
1777 516 1917 571 Deus
1933 519 1997 570 “.
2033 517 2226 582 Quant-

2330 517 2586 584 λογιεῖται
2632 519 2768 587 αὐτῇ
2820 517 3036 580 πάντως
3080 517 3175 570 καὶ
3221 517 3378 588 ἡμῶν
3425 520 3501 590 μὴ
3557 521 3826 588 λεγόντων
3870 530 3902 578 ό

649 640 773 681 nam
804 635 933 675 vero
961 615 1448 684 dispensationem,
1490 610 1730 672 domine,
1765 608 1880 662 tieri
1930 624 2026 676 pro
2072 617 2223 677 parte

649 724 834 770 nostra
882 708 1156 770 convenit,
1203 705 1464 774 majorem
1501 716 1563 755 ea
1598 716 1702 769 qua
1733 701 1818 753 usi
1867 700 2094 753 sumus?
2130 700 2223 768 qui

650 804 1006 862 subduximus
1030 813 1131 852 nos
1175 797 1456 857 hactenus,
1498 790 1773 845 silentium
1799 798 2099 852 servantes,
2125 803 2224 858 ego

648 908 703 954 et
743 893 1218 959 archiepiscopus;
1249 885 1507 955 quoniam
1561 893 1778 951 tempus
1814 891 1898 935 est
1942 881 2220 949 loquendi,

648 997 703 1042 et
759 997 971 1053 tempus
1029 978 1238 1034 tacendi
1259 978 1338 1040 ⁶¹;
1371 989 1588 1030 omnem
1632 989 1851 1042 Operam
1903 973 2225 1028 adhibentes

651 1091 722 1130 ne
750 1075 803 1128 in
834 1081 1082 1142 apertum
1116 1081 1204 1121 res
1248 1065 1477 1119 veniret.
1516 1061 1620 1115 Sed
1656 1063 1907 1131 judicans
1948 1061 2224 1130 judicavit,

651 1180 752 1222 nec
781 1163 1040 1216 mentitus
1071 1169 1156 1214 est
1186 1157 1280 1226 qui
1308 1155 1443 1208 dixit
1477 1173 1489 1207 :
1521 1153 1669 1207 Nihil
1702 1162 1776 1206 est
1799 1153 2060 1206 occultum
2090 1156 2227 1222 quod

650 1272 753 1308 non
801 1251 1212 1315 revelabitur";
1255 1257 1313 1302 ut
1339 1248 1496 1300 nobis
1527 1245 1687 1299 etiam
1723 1244 2057 1308 nolentibus,
2103 1259 2225 1298 cum

647 1361 714 1399 eo
760 1354 903 1398 statu
955 1357 1043 1394 res
1095 1347 1300 1405 essent,
1331 1354 1441 1391 non
1494 1337 1587 1391 diu
1642 1336 1788 1389 aliud
1827 1350 1987 1404 quam
2045 1344 2222 1406 erant,

648 1455 770 1496 esse
821 1439 1155 1494 viderentur.
1180 1435 1335 1489 Nunc
1364 1444 1542 1487 autem
1568 1433 1976 1502 dispensatione
2010 1448 2226 1503 quoque

647 1540 884 1595 utentes,
917 1530 1031 1585 duo
1067 1529 1182 1582 haec
1213 1527 1462 1581 dicimus.
1500 1527 1608 1578 Aut
1650 1524 1916 1577 abstineat
1945 1524 2226 1593 depositus

648 1639 679 1677 a
727 1637 956 1677 munere
1009 1619 1327 1681 sacerdotis,
1362 1627 1418 1671 et
1446 1615 1733 1671 confestim
1761 1617 2227 1670 communicamus

648 1729 773 1769 cum
806 1723 996 1768 sancto
1021 1713 1112 1766 illo
1139 1710 1470 1780 patriarcha,
1496 1707 1641 1776 quod
1673 1707 1890 1778 quidem
1925 1707 2146 1776 expedit
2171 1706 2225 1761 in

649 1823 936 1863 commune
963 1826 974 1860 :
1001 1816 1096 1860 aut
1125 1808 1170 1860 si
1198 1805 1483 1860 ferendum
1510 1804 1562 1857 id
1595 1819 1704 1858 non
1735 1810 1837 1867 est,
1870 1819 2152 1858 manemus
2171 1813 2226 1857 et

2333 609 2511 661 πάντα
2542 608 2723 677 μέτρῳ
2751 608 2845 660 καὶ
2875 607 3102 678 σταθμῷ
3129 609 3378 679 διορίζων
3401 610 3554 675 Θεός.
3589 613 3722 666 Τίνα
3740 614 3797 668 δέ
3820 617 3905 672 δεῖ

2331 699 2644 767 οἰκονομίαν
2671 699 2958 764 γενέσθαι,
2988 693 3032 752 ὦ
3064 701 3319 766 δέσποτα,
3347 701 3468 756 ὅσον
3503 703 3560 756 τὸ
3599 705 3722 757 καθ’
3753 707 3901 776 ἡμᾶς

2333 789 2492 841 πλέον
2521 784 2589 860 ἦς
2624 791 3038 859 πεποιήκαμεν;
3074 792 3154 844 ὅτι
3203 792 3308 855 ἕως
3339 793 3435 846 τοῦ
3481 797 3746 865 παρόντος
3794 799 3899 851 ὑπ-

2333 880 2651 948 εστείλαμεν
2699 883 2923 944 ἑαυτοὺς
2963 882 3172 954 σιωπὴν
3215 884 3442 952 ἄγοντες
3479 886 3588 954 έγώ
3646 906 3706 941 τε
3746 892 3836 943 καὶ
3871 894 3903 944 ό

2333 971 2764 1040 ἀρχιεπίσκοπος
2787 1014 2802 1037 ,
2837 973 2959 1026 ἐπεὶ
2989 974 3082 1026 καὶ
3109 976 3302 1046 καιρὸς
3332 976 3426 1030 τοῦ
3469 978 3646 1032 λαλεῖν
3674 983 3766 1033 καὶ
3803 984 3900 1038 τοῦ

2337 1065 2516 1131 σιγᾷν,
2567 1064 2744 1117 πάντα
2784 1066 2987 1135 τρόπον
3038 1066 3416 1135 μεθοδεύοντες
3461 1070 3541 1134 είς
3586 1071 3648 1124 τὸ
3691 1073 3766 1143 μὴ
3819 1075 3903 1136 είς

2335 1154 2609 1225 προῦπτον
2637 1159 2864 1228 ἐκϐῆναι
2904 1160 3006 1229 τὴν
3046 1160 3324 1214 ὑπόθεσιν.
3365 1162 3506 1216 Ἀλλ’
3537 1166 3564 1217 ό
3593 1167 3903 1236 ἀνακρίνων

2332 1250 2606 1319 ἀνέκρινε,
2633 1251 2729 1303 καὶ
2753 1253 2780 1304 ὁ
2805 1251 2975 1304 εἰπὼν
3033 1253 3095 1304 οὑ
3134 1252 3462 1321 διέψευσται,
3494 1256 3576 1309 δτι
3617 1259 3739 1312 Οὐκ
3769 1260 3901 1314 ἔστι

2334 1342 2604 1408 κρυπτὸν
2643 1342 2674 1395 ὃ
2713 1344 2785 1396 οὐ
2819 1343 3303 1412 φανερωθήσεται
3331 1362 3343 1375 ·
3375 1347 3452 1406 ὡς
3489 1349 3582 1400 καὶ
3627 1350 3785 1418 ἡμῶν
3824 1351 3901 1423 μὴ

2333 1433 2711 1502 αἱρουμένων,
2759 1433 2902 1487 οὕτω
2950 1435 3167 1502 φύσεως
3199 1436 3431 1506 ἑχόντων
3475 1439 3583 1490 τῶν
3636 1441 3901 1512 τ-ραγμά-

2335 1542 2466 1591 των,
2501 1525 2574 1596 μὴ
2603 1527 2698 1579 ἐπὶ
2731 1527 2864 1580 πολὺ
2891 1526 3021 1597 παρ’
3040 1528 3069 1580 ὃ
3100 1529 3258 1593 εἰσιν,
3293 1529 3478 1597 ἕτερόν
3502 1547 3553 1583 τι
3587 1533 3899 1600 φαίνεσθαι.

2333 1615 2442 1668 Καὶ
2466 1615 2562 1668 νῦν
2589 1616 2645 1669 δὲ
2671 1618 2952 1688 οἰκονομία
2984 1617 3280 1688 χρώμενοι,
3309 1621 3403 1674 δύο
3432 1623 3604 1674 ταῦτα
3627 1622 3860 1694 λέγομεν
3881 1636 3899 1655 ⁸

2331 1705 2410 1758 ὅτι
2451 1707 2716 1776 ἠπαύσει
2767 1709 2795 1760 δ
2842 1710 3226 1782 καθῃρημένος
3273 1711 3372 1782 τῆς
3416 1713 3764 1784 ἱερουργίας,
3805 1719 3903 1771 καὶ

2333 1800 2464 1868 παρ’
2510 1801 2652 1852 αὑτά
2683 1801 3160 1871 συγκοινωνοῦμεν
3197 1801 3274 1871 τῷ
3316 1803 3457 1874 ἁγίῳ
3493 1805 3669 1876 τούτῳ
3701 1825 3896 1878 πατρισ

648 1913 751 1953 nos
796 1898 851 1952 in
902 1898 1114 1962 eadem,
1152 1910 1257 1966 qua
1293 1895 1464 1964 prius,
1494 1893 1885 1957 subtractione,
1936 1893 2100 1960 hujus
2142 1896 2219 1947 rei

2330 1888 2475 1958 άρχῃ
2493 1906 2508 1920 ⁸
2526 1890 2554 1942 ὃ
2577 1891 2672 1943 καὶ
2695 1892 2970 1955 λυσιτελὲς
2995 1894 3135 1945 κατά
3165 1893 3342 1946 κοινοῦ
3367 1912 3379 1924 ·
3402 1895 3434 1964 ἢ
3464 1896 3513 1948 εί
3543 1895 3618 1967 μὴ
3646 1897 3897 1962 ἀνεκτὸν,

647 1990 942 2044 vindictam
969 1988 1194 2043 Domino
1219 1987 1605 2054 relinquentes.
1635 1985 1879 2052 Amplius
1908 1984 1992 2038 his
2019 1984 2064 2038 si
2089 1985 2220 2051 quid

647 2089 752 2144 est,
780 2082 892 2150 jam
922 2095 1030 2134 non
1057 2088 1159 2140 est,
1183 2079 1422 2149 ignosce,
1443 2075 1863 2145 dispensationis
1887 2075 2100 2140 modus,
2128 2075 2220 2128 sed

650 2173 975 2242 iniquitatis,
1006 2181 1060 2226 et
1102 2170 1407 2226 divinorum
1450 2181 1718 2222 canonum
1777 2165 2222 2236 transgressionis

649 2265 876 2319 crimen.
909 2261 1340 2331 Dispensationis
1375 2259 1520 2313 enim
1548 2259 1811 2312 terminus
1841 2265 1944 2320 est,
1970 2266 2028 2311 ut
2053 2258 2218 2322 nosti,

649 2370 827 2424 neque
885 2368 1095 2418 eorum,
1127 2366 1248 2421 qua:
1293 2350 1586 2404 constituta
1638 2357 1783 2408 sunt.
1815 2348 2018 2402 violare
2065 2347 2222 2416 quid-

650 2462 842 2518 quam;
899 2461 1095 2514 neque,
1141 2460 1264 2498 cum
1314 2458 1503 2512 parum
1536 2442 1736 2510 aliquid
1766 2440 2039 2494 remittere
2065 2441 2224 2494 liceat

652 2559 751 2613 pro
780 2552 1026 2610 tempore
1058 2554 1120 2593 ac
1159 2538 1463 2599 ratione,ut
1496 2535 1619 2588 inde
1645 2534 1789 2602 quod
1832 2548 1888 2586 re
1920 2533 2036 2601 ipsa
2073 2548 2222 2602 quaa-

655 2637 815 2698 ritur,
849 2648 1186 2702 consequare
1208 2671 1222 2695 ,
1255 2630 1323 2685 ad
1351 2629 1570 2684 duriora
1606 2627 1853 2698 provehi,
1877 2637 1932 2682 et
1957 2627 2224 2696 jacturam

654 2725 832 2780 facere
861 2724 1154 2794 potiorum.
1188 2722 1364 2790 Atque
1393 2721 1496 2774 hoc
1527 2719 1703 2788 ipsum
1731 2717 2039 2781 didicimus,
2083 2717 2224 2770 inter

653 2817 928 2886 apostolos
956 2813 1196 2884 quidem,
1221 2827 1286 2864 ex
1326 2808 1489 2863 Paulo
1526 2807 1896 2861 sanctiﬁcante
1937 2822 1995 2860 se
2027 2816 2082 2860 et
2115 2807 2222 2859 cir-

655 2906 999 2961 cumcidente
1033 2903 1377 2958 Timotheum
1396 2901 1470 2966 ⁶³;
1503 2899 1644 2952 inter
1678 2897 1888 2962 Patres,
1912 2914 1977 2952 ex
2023 2913 2217 2967 magno

658 2997 852 3053 Basilio
896 2994 1140 3050 Valentis
1186 3007 1385 3047 munus
1413 2999 1748 3059 acceptante,
1783 2988 1984 3058 Deique
2014 2989 2214 3042 nudam

654 3105 844 3148 vocem
875 3089 941 3143 ad
986 3099 1200 3155 tempus
1247 3084 1510 3137 reticente
1558 3082 1612 3134 in
1667 3080 1942 3134 mentione
1990 3079 2224 3148 Spiritus

656 3182 851 3238 sancti.
887 3181 1150 3234 Caeterum
1201 3191 1301 3229 nec
1345 3173 1541 3227 Paulus
1594 3170 1932 3226 sanctiﬁcare
1970 3170 2222 3238 perstitit,

655 3289 759 3330 nec
790 3273 1018 3328 Basilius
1060 3269 1302 3324 Valentis
1324 3269 1462 3324 dona
1497 3281 1710 3336 capere,
1749 3265 2026 3332 Deumque
2056 3263 2230 3332 Spiri-

658 3375 774 3422 tum
824 3375 1070 3421 sanctum
1115 3378 1225 3417 non
1262 3360 1573 3431 praedicare.
1627 3355 1768 3422 Quin
1821 3355 1983 3423 ambo
2037 3364 2226 3409 contra

658 3474 757 3532 pro
781 3458 1025 3526 utrisque
1051 3464 1280 3510 mortem
1305 3461 1630 3524 prmoptasse
1649 3449 1920 3502 videntur.

2325 1983 2417 2034 καὶ
2444 1983 2610 2051 ἐσμὲν
2644 1982 2750 2035 ὑπὸ
2789 1983 2888 2052 τῆς
2923 1984 3093 2053 αὑτῆς
3128 1983 3393 2054 συστολῆς
3435 1987 3576 2040 κατὰ
3611 1988 3671 2040 τὸ
3702 1989 3900 2059 πρότε-

2325 2090 2438 2142 ρον,
2468 2073 2544 2144 τῷ
2571 2076 2760 2145 Κυρίῳ
2783 2076 2881 2146 τὴν
2907 2077 3049 2148 ὑπὲρ
3078 2077 3170 2131 τοῦ
3199 2078 3445 2132 τοιούτου
3475 2081 3774 2148 κεφαλαίου
3801 2084 3888 2138 ὲκ-

2321 2165 2536 2233 δίκησιν
2583 2169 3063 2238 παραχωροῦντες.
3099 2171 3172 2222 Τὸ
3199 2171 3255 2224 δὲ
3291 2171 3477 2241 μεῖξον
3504 2172 3720 2238 τούτου,
3767 2177 3898 2230 οὑκ-

2323 2257 2426 2322 έτι,
2457 2257 2754 2326 σύγγνωθι,
2788 2261 3102 2330 οἰκονομίας
3127 2264 3351 2334 τρόπος,
3390 2265 3525 2318 ἀλλὰ
3552 2267 3900 2335 παρανομίας

2323 2349 2419 2400 καὶ
2450 2349 2819 2420 παραϐάσεως
2862 2349 2970 2403 τῶν
3005 2350 3165 2407 θείων
3199 2354 3439 2409 κανόνων
3471 2356 3708 2426 ὄφλημα.
3737 2358 3900 2412 Οἰκοο

2322 2439 2515 2508 νομίας
2543 2441 2652 2510 γὰρ
2683 2443 2827 2512 ὅρος,
2859 2442 2934 2506 ὡς
2972 2440 3147 2506 οἶσθα,
3201 2446 3340 2517 μήτε
3386 2464 3438 2501 τι
3485 2448 3592 2500 τῶν
3626 2451 3898 2518 κειμένων

2324 2530 2536 2584 ἀθετεῖν
2565 2533 2794 2586 καθόλου
2817 2575 2830 2596 ,
2864 2535 3003 2605 μήτε
3032 2536 3119 2606 ἐφ’
3147 2529 3190 2604 ᾧ
3228 2533 3339 2590 οἶόν
3360 2555 3418 2590 τε
3457 2540 3650 2608 μικρὸν
3681 2543 3896 2609 ὑφεῖναι

2324 2622 2467 2673 κατά
2499 2624 2688 2690 καιρὸν
2725 2629 2818 2678 καὶ
2848 2627 3030 2695 λόγον·
3077 2628 3153 2692 ὡς
3184 2629 3434 2682 ἐντεῦθεν
3465 2631 3644 2703 εὑρεῖν
3689 2637 3753 2687 τὸ
3799 2636 3893 2705 ζη-

2322 2711 2583 2782 τούμενον
2616 2716 2854 2783 ἀτεχνῶς
2874 2734 2888 2748 ·
2919 2718 3057 2787 πρὸς
3095 2719 3156 2772 τὸ
3184 2719 3540 2792 σφοδρότερον
3589 2723 3898 2792 ὑπάγεσθαι

2322 2804 2401 2874 τῷ
2448 2805 2753 2875 πράγματι,
2789 2809 2884 2860 καὶ
2929 2809 3257 2878 ζημιοῦσθαι
3307 2811 3378 2865 τὰ
3409 2813 3741 2886 τελεώτερα.
3788 2819 3896 2871 Καὶ

2322 2895 2484 2949 τοῦτο
2510 2898 2897 2968 δεδιδάγμεθα,
2927 2903 2984 2952 ὲν
3011 2902 3110 2969 μὲν
3133 2905 3246 2966 τοῖς
3270 2903 3609 2971 ἀποστόλοις,
3631 2909 3782 2979 παρὰ
3800 2908 3893 2963 τοῦ

2323 2986 2556 3049 Παύλου,
2609 2991 2978 3058 ἀγνισαμένου
3011 2992 3104 3045 καὶ
3153 2998 3541 3065 περιτεμόντος
3585 2999 3677 3052 τὸν
3725 2999 3896 3070 Τιμό·

2325 3082 2446 3134 θεον
2469 3097 2480 3109 ⁸
2513 3083 2572 3134 ὲν
2599 3083 2653 3135 δὲ
2682 3087 2794 3144 τοῖς
2819 3085 3084 3154 Πατράσι,
3129 3089 3278 3158 παρὰ
3305 3088 3399 3142 τοῦ
3447 3092 3684 3160 μεγάλου
3733 3094 3897 3146 Βασι-

2331 3173 2496 3234 λείου,
2527 3176 2946 3244 προσηκαμένου
2971 3177 3032 3229 τὸ
3062 3177 3255 3247 λῆμμα
3297 3180 3391 3233 τοῦ
3422 3183 3724 3249 Οὐάλεντος
3746 3226 3762 3249 ,
3801 3187 3898 3240 καὶ

2337 3261 2818 3331 ύποσιωπήσαντος
2866 3265 3002 3334 πρὸς
3032 3261 3221 3335 καιρὸν
3271 3269 3370 3335 τὴν
3399 3269 3534 3334 Θεὸς
3580 3275 3764 3346 φωνὴν
3801 3292 3898 3344 γυ-

2338 3351 2476 3420 μνὴν
2502 3351 2593 3402 ἐπὶ
2623 3351 2715 3403 τοῦ
2746 3353 3081 3422 Πνεύματος.
3128 3357 3264 3408 Ἀλλ’
3297 3357 3421 3412 οὔτε
3456 3359 3486 3410 δ
3517 3361 3725 3426 Παῦλος
3754 3363 3901 3434 ἐμειο

2335 3459 2423 3494 νεν
2471 3441 2823 3511 ἀγνιζόμενος
2849 3481 2862 3502 ,
2893 3443 3016 3495 οὒτε
3048 3445 3330 3509 Βασίλειος
3362 3452 3782 3522 προσηκάμενος
3817 3455 3895 3508 ἔτι

657 3555 720 3608 τὸ
745 3552 840 3607 τοῦ
876 3551 1175 3613 Οὐάλεντος
1214 3549 1407 3619 δῶρον,
1440 3548 1532 3600 καὶ
1567 3546 1640 3615 μὴ
1671 3545 1963 3614 κηρύττων
1997 3539 2131 3593 Θεὸν
2172 3540 2233 3592 τὸ
2274 3537 2499 3608 Πνεῦμα
2525 3555 2539 3569 ·
2599 3538 2908 3593 τούναντίον
2973 3539 3072 3608 μὲν
3098 3535 3190 3593 οῦν
3219 3541 3521 3613 ἀμφότεροι
3546 3545 3682 3617 ὑπὲρ
3711 3549 3900 3602 ἑκατέ-

663 3667 770 3722 ρων
802 3647 1066 3706 θανάτους
1097 3644 1456 3712 αἱρησάμενοι
1489 3641 1793 3706 φαίνονται.

731 3740 812 3795 Ad
841 3739 987 3792 hunc
1017 3735 1235 3789 modum
1264 3732 1572 3802 quicunque
1603 3741 1840 3796 unquam
1865 3739 1994 3779 usus
2018 3731 2101 3780 est
2123 3724 2230 3778 dis-

660 3831 999 3903 pensatione,
1055 3843 1084 3882 a
1139 3835 1287 3880 recto
1329 3839 1435 3878 non
1482 3820 1754 3876 aberravit
1804 3838 1816 3873 :
1864 3819 2014 3888 quin,
2069 3818 2231 3871 citius

661 3933 943 3980 assecutus
971 3930 1053 3975 est
1074 3919 1218 3988 quod
1245 3931 1539 3986 parumper
1566 3911 1858 3967 intermisit
1885 3930 1897 3964 :
1923 3911 2061 3965 sicut
2091 3911 2233 3965 acci-

663 4018 791 4070 dere
834 4013 971 4067 solet
999 4009 1370 4081 gubernatori,
1405 4007 1616 4062 clavum
1652 4004 1899 4058 nonnihil
1933 4002 2231 4056 remittenti

665 4114 884 4176 propter
921 4101 1202 4156 adversam
1234 4097 1380 4152 venti
1420 4103 1817 4164 tempestatem.
1850 4091 1951 4158 Qui
1981 4106 2110 4146 vero
2138 4090 2232 4142 ali-

665 4209 746 4256 ter
775 4206 1092 4264 progressus
1126 4198 1226 4253 est,
1263 4186 1534 4241 aberravit
1558 4201 1586 4238 a
1618 4199 1805 4252 scopo,
1833 4181 2232 4252 praevaricatio-

664 4304 789 4344 nem
812 4287 1074 4340 inducens
1094 4297 1189 4352 pro
1209 4279 1637 4347 dispensatione.
1659 4269 1726 4328 Et
1750 4274 1994 4342 exempla
2013 4272 2235 4326 omnino

667 4381 832 4434 multa
864 4384 1011 4441 sunt,
1049 4390 1168 4445 qua:
1205 4372 1441 4426 scribere
1467 4383 1928 4438 supervacaneum
1978 4374 2080 4428 est,
2112 4379 2235 4433 pro-

2405 3721 2591 3784 Οὑτως
2619 3740 2702 3784 τις
2731 3725 2793 3775 ὲκ
2832 3723 2923 3777 τοῦ
2961 3725 3156 3788 αἰῶνος
3185 3718 3504 3798 οἰκονομῶν,
3539 3730 3600 3783 ού
3649 3731 3899 3804 διέσφαλ-

2334 3829 2425 3866 ται
2475 3812 2569 3865 τοῦ
2619 3814 2820 3866 καλοῦ’
2863 3815 3056 3871 θᾶττον
3094 3818 3204 3888 γὰρ
3250 3819 3583 3890 ὲπεδράξατο
3628 3823 3657 3876 δ
3706 3829 3900 3898 μικρὸν

2333 3906 2600 3959 ἐνέλιπεν.
2645 3906 2732 3968 Ὠς
2763 3907 2853 3958 ἐπὶ
2886 3908 2982 3959 τοῦ
3013 3911 3430 3979 οἰακοστρόφου,
3467 3913 3765 3978 ὑπανέντος
3810 3937 3901 3987 μι-

2334 3997 2464 4066 κρὸν
2485 3998 2544 4049 τὸ
2569 3997 2849 4066 πηδάλιον,
2879 3997 2969 4051 διὰ
2999 3999 3097 4067 τὴν
3127 4001 3561 4058 ἀντιπνεύσασαν
3591 4008 3898 4075 καταιγίδα.

2347 4089 2584 4160 Ἑτέρως
2612 4091 2666 4142 δὲ
2700 4089 2993 4159 διενεχθεὶς
3040 4091 3306 4162 διήμαρτε
3355 4093 3450 4148 τοῦ
3503 4095 3734 4150 σκοποῦ·
3779 4099 3899 4152 ἀντὶ

2331 4179 2644 4248 οἰκονομίας
2674 4181 2983 4248 παράϐασιν
3027 4183 3272 4246 τελέσας.
3329 4185 3435 4239 Καὶ
3483 4187 3554 4240 τά
3601 4188 3898 4258 παραδείγ-

2335 4287 2477 4339 ματα
2515 4270 2703 4333 πολλὰ,
2735 4270 2770 4323 ἆ
2803 4272 3078 4340 παρέλκον
3111 4274 3227 4326 ἐστὶ
3259 4280 3491 4345 γράφειν
3536 4278 3626 4332 διὰ
3692 4280 3752 4333 τὸ
3799 4297 3899 4349 μαο

2335 4363 2624 4432 κρηγορές.
2660 4363 2732 4415 Τὸ
2762 4362 2817 4414 δὲ
2862 4363 2961 4434 τὴν
3004 4367 3301 4437 κυριότητα
3341 4385 3434 4421 σου
3469 4371 3640 4439 φῆσαι
3682 4373 3776 4425 ἐπὶ
3805 4372 3898 4426 τοῦ

667 4479 787 4540 pter
804 4467 1024 4520 nimiam
1057 4461 1436 4532 prolixitatem.
1461 4457 1614 4522 Quod
1653 4470 1780 4509 vero
1800 4469 1828 4508 a
1859 4453 2226 4508 Dominatione

2336 4454 2558 4515 κανόνος
2591 4455 2699 4506 τῶν
2726 4457 3069 4523 ἀποστόλων,
3118 4460 3246 4528 περὶ
3272 4459 3380 4513 τῶν
3411 4462 3466 4513 έν
3502 4464 3744 4533 χρήμασι
3782 4483 3899 4536 χειν

668 4531 759 4616 tua
788 4558 993 4612 dictum
1028 4531 1131 4616 est,
1161 4555 1216 4606 in
1251 4566 1459 4607 canone
1489 4547 1854 4618 apostolorum
1871 4546 1915 4576 “
1941 4545 2008 4599 de
2036 4533 2120 4597 his
2142 4543 2226 4612 qui

2342 4545 2696 4614 ροτονούντων
2733 4549 2829 4600 καὶ
2869 4550 3381 4618 χειροτονουμένων,
3425 4552 3613 4620 ὕφεσιν
3641 4572 3766 4610 τινα
3802 4574 3899 4609 πεο

669 4649 929 4721 pecunias
962 4647 1234 4707 ordinant,
1271 4653 1326 4697 et
1379 4642 1468 4711 qui
1525 4641 1868 4700 ordinantur,
1917 4637 2234 4690 remissione

669 4741 900 4812 quadam
948 4753 1106 4792 usum
1141 4735 1306 4790 videri
1339 4733 1783 4802 Chrysostomum
1815 4742 1941 4797 erga
1979 4743 2070 4780 sex
2120 4725 2227 4794 epi-

671 4847 863 4902 scopos
885 4845 1022 4900 quos
1043 4827 1322 4897 deposuit;
1353 4825 1484 4879 nihil
1522 4824 1571 4876 id
1601 4823 1889 4890 discrepat,
1915 4829 1968 4873 ct
1989 4821 2030 4873 si
2057 4820 2236 4874 vidca—

674 4935 802 4979 tur:
837 4938 957 4978 cum
1009 4922 1228 4991 privans
1266 4919 1384 4972 illos
1438 4917 1582 4970 omni
1637 4929 1860 4984 prorsus
1914 4911 2234 4973 sacerdotio,

674 5015 842 5070 solam
880 5013 984 5066 illis
1018 5012 1083 5064 ad
1120 5011 1287 5064 altare
1332 5007 1796 5078 participationem
1846 5003 2235 5073 permiserit“.

677 5107 875 5162 Demus
931 5114 1113 5157 autem
1166 5102 1494 5169 discrepare,
1527 5107 1579 5151 et
1632 5095 2003 5149 remissionem
2036 5094 2232 5147 inesse.

677 5198 962 5251 imitentur
1015 5209 1144 5248 sane
1199 5193 1289 5261 qui
1343 5191 1546 5257 volent,
1582 5188 1762 5242 nullus
1794 5185 2100 5256 prohibebit
2131 5201 2142 5236 :
2176 5198 2237 5238 os

675 5290 820 5345 enim
872 5297 956 5342 est
995 5289 1108 5355 ipse
1157 5285 1269 5346 Dei,
1300 5291 1353 5336 et
1383 5282 1747 5351 apostolorum
1777 5275 2181 5334 contubernalis
2215 5293 2230 5329 :

679 5381 835 5450 cujus
881 5379 1046 5434 multa
1093 5385 1460 5429 memorantur
1522 5373 1573 5430 in
1621 5372 1759 5424 hanc
1793 5370 1961 5430 diem,
1990 5377 2043 5421 et
2078 5381 2236 5420 neruo

677 5474 744 5528 de
775 5473 875 5524 hac
906 5485 963 5523 re
992 5467 1265 5523 dissensit.
1305 5467 1372 5518 At
1404 5464 1558 5533 longe
1590 5462 1772 5531 dispar
1806 5461 1893 5514 hic
1925 5460 2082 5513 ratio.
2131 5459 2236 5523 Qui

677 5564 821 5618 enim
854 5563 1124 5615 mmchnm
1145 5558 1442 5618 coronavit,
1462 5556 1616 5627 quasi
1646 5553 1859 5609 absurdi
1885 5553 2018 5606 nihil
2045 5550 2231 5620 egerit,

678 5652 845 5712 sacris
890 5653 1084 5706 iterum
1126 5658 1400 5720 operatur,
1445 5664 1619 5716 neque
1673 5647 1724 5700 in
1776 5645 1956 5701 ahdito
1982 5643 2233 5712 quopiam

749 5794 794 5827 ⁸⁸
821 5791 947 5864 Sap.
971 5809 1044 5846 xi.
1064 5791 1152 5847 9.1.
1231 5791 1269 5823 "
1295 5790 1468 5845 Ecclc.
1494 5805 1571 5853 ιιι,
1591 5789 1646 5842 7.

2338 4637 2625 4704 ποιηκὲναι
2687 4637 2778 4689 τὸν
2833 4640 3218 4710 Χρυσόστομον
3275 4644 3360 4710 ἐφ’
3416 4639 3490 4698 ὧν
3551 4646 3790 4718 ηθῇρεν
3841 4647 3899 4713 ἐξ

2338 4728 2685 4781 ἐπισκόπων
2735 4729 2886 4780 οὐδὲν
2928 4731 2988 4782 τὸ
3038 4732 3447 4800 παραλλάττον,
3486 4737 3533 4786 εί
3578 4737 3671 4790 καὶ
3716 4736 3897 4800 δοκεῖ,

2340 4820 2501 4888 ἡνίκα
2561 4821 2847 4882 κάκείνους
2901 4823 3081 4891 πάσης
3158 4824 3452 4894 ἱερωσύνης
3511 4827 3898 4899 ἀλλοτριὼσας,

2344 4911 2511 4980 μόνην
2561 4913 2659 4977 τὴν
2714 4914 2791 4973 εἰς
2835 4913 2893 4964 τὸ
2937 4913 3323 4985 θυσιαστήριον
3373 4919 3675 4990 μετάληψιν
3717 4923 3902 4988 αὑτοῖς

2343 5002 2726 5072 παρεχώρησε.
2784 5004 2972 5072 Δὼμεν
3030 5005 3086 5057 δὲ
3152 5007 3245 5060 καὶ
3308 5009 3743 5079 παραλλάττειν,
3807 5017 3902 5068 καὶ

2346 5093 2536 5161 ὕφεσιν
2586 5095 2750 5164 ἔχειν.
2799 5096 3192 5165 Μιμείσοωσαν
3219 5099 3268 5151 oi
3315 5099 3656 5171 βουλόμενοι,
3692 5106 3784 5158 καὶ
3809 5107 3900 5159 οὑ-

2341 5183 2450 5246 δεὶς
2481 5185 2508 5236 ὀ
2540 5184 2797 5236 κωλύσων
2818 5202 2830 5215 ο
2864 5187 3036 5255 στόμα
3067 5189 3173 5255 γὰρ
3199 5188 3333 5241 Θεοῦ
3364 5192 3455 5242 καὶ
3485 5188 3656 5258 οὗτος,
3678 5197 3899 5250 καὶτῶν

2341 5274 2655 5326 ἀποστόλων
2681 5275 2980 5342 ὁμόσκηνος
3002 5293 3013 5302 ·
3045 5273 3105 5330 οῦ
3133 5280 3220 5329 καὶ
3251 5279 3419 5332 πολλὰ
3448 5283 3755 5353 μέμνηνται
3794 5288 3896 5351 ἕως

2342 5364 2434 5417 τοῦ
2481 5367 2768 5433 παρόντος,
2823 5366 2915 5416 καὶ
2970 5366 3141 5428 οὐδεὶς
3191 5370 3316 5440 περὶ
3358 5370 3546 5424 τούτου
3599 5374 3895 5442 διήνεκται.

2357 5455 2492 5507 Ἀλλ’
2525 5446 2650 5524 ούχΐ
2675 5447 2776 5507 ὦδε
2807 5455 2979 5518 οῦτως
3011 5456 3142 5524 ἔχει.
3181 5459 3239 5508 Ὀ
3271 5458 3380 5529 γὰρ
3422 5461 3512 5512 τὸν
3553 5464 3742 5532 μοιχὸν
3779 5482 3899 5518 στεο

2345 5545 2598 5614 φανώσας
2624 5587 2638 5609 ,
2681 5544 2756 5608 ὡς
2793 5545 2960 5616 μηδὲν
3010 5550 3308 5618 πεπραχὼς
3340 5551 3559 5613 ἄτοπον,
3608 5555 3900 5625 ίερουργῶν

2345 5639 2508 5692 πάλιν
2537 5639 2686 5691 ἐστί’
2707 5638 2803 5692 καὶ
2827 5638 2947 5692 οὐδὲ
2970 5639 3026 5692 ἐν
3054 5637 3344 5710 άποδύστῳ
3373 5658 3474 5695 που
3499 5643 3898 5715 εἰσερχόμενος,

1727 5783 2148 5850 ⁶¹Μιιιι1ι.ιι,ν36.
2205 5785 2220 5815 ⁸

2330 5792 2383 5836 rt.
2408 5783 2584 5847 .\\'I,5.
2649 5783 2688 5811 "‘
2712 5779 2952 5835 Can.28.
3019 5780 3059 5810 ⁵⁸
3078 5779 3276 5837 Pallad.
3308 5779 3360 5835 in
3408 5780 3522 5836 Vita
3547 5781 3711 5849 Chrys
3751 5788 3898 5843 ολδ.
