4158 6482
207 419 318 483 985

1436 427 1970 490 EPISTOLARUM
2009 432 2155 493 LIB.
2200 437 2252 496 Ι.

3357 455 3462 520 986

205 529 327 584 ἀλλ’
358 531 449 583 ἐπ’
497 531 670 598 αὐτῆς
723 530 821 600 τῆς
870 531 1165 601 καθολικῆς
1202 532 1558 605 Ἐκκλησίας·
1593 537 1668 600 ὼς
1703 538 1758 590 ei

1855 587 1856 594 η
1888 536 2026 602 loco,
2057 540 2153 594 sed
2181 540 2237 595 in
2269 542 2384 612 ipsa
2434 543 2676 603 Ecclesia
2709 552 2998 619 catholica.
3024 565 3278 626 tanquam
3301 578 3458 636 egre-

205 622 515 691 ὑπόδειγμα
542 622 708 674 καλὸν
737 624 851 686 τοῖς
885 623 1093 694 ἱερεῦσι
1120 627 1505 697 προκείμενος.

277 717 380 780 Τίς
441 715 498 772 δὲ
551 717 685 786 ἡμῖν
745 717 780 787 ή
833 716 928 770 τοῦ
995 717 1446 774 Οὐαλεντινιανοῦ
1513 721 1782 790 δυογαμία

200 810 432 880 ὲθνικής
485 810 582 864 καί
626 808 711 873 τίς
736 809 896 863 αὐτὸν
942 810 1294 880 στεφανώσας
1323 813 1616 882 ἐπὶ-τούτῳ
1650 815 1781 867 dva-

199 903 539 974 κηρύττεται
588 905 768 973 ἅγιος,
798 903 895 957 καὶ
936 904 1060 974 οὐχ).
1104 906 1448 976 παράνομος,
1486 906 1646 977 εἴπερ
1684 907 1781 960 καὶ

199 997 586 1065 ἐστεφάνωται
617 1015 633 1064 ;
668 996 778 1050 Καὶ
825 997 910 1060 τίς
957 997 1258 1066 τηνικαῦτα
1311 997 1420 1050 τῶν
1474 998 1778 1053 θεσπεσίων

199 1087 468 1156 Πατέρων
505 1091 691 1158 γραφῇ
723 1088 1062 1158 παρέδωκεν,
1093 1088 1166 1151 ὡς
1203 1088 1366 1150 ὁσίως
1399 1087 1777 1142 Οὐαλεντινια·

197 1179 288 1242 νὸς
325 1180 621 1251 πεποίηκε,
642 1179 736 1232 δύο
763 1182 1025 1247 γυναῖκας
1052 1179 1319 1249 ἀγόμενος
1344 1221 1358 1243 ,
1395 1181 1485 1233 καὶ
1512 1181 1686 1251 χρεὼν
1711 1185 1776 1236 ὲκ

195 1271 293 1326 τοῦ
327 1271 492 1340 δεῦρο
522 1271 679 1323 τοῦτο
709 1269 1077 1338 πράττεσθαι;
1110 1270 1303 1323 Πολλοὶ
1333 1271 1512 1323 τοίνυν
1547 1271 1640 1324 καὶ
1682 1272 1775 1326 ἀλ-

196 1363 302 1425 λοι,
323 1363 513 1432 ἐπειδὴ
541 1362 600 1414 τὸ
627 1361 914 1432 βούλεσθαι
943 1363 1127 1426 αὐτοῖς
1153 1363 1317 1432 νόμος
1347 1364 1495 1416 ἐστὶν
1522 1364 1583 1416 ού
1606 1363 1770 1427 θεῖος,

194 1453 313 1508 ἀλλ’
339 1452 682 1523 ἀνθρώπινος
707 1453 800 1505 καὶ
827 1453 1320 1522 κατηγορούμενος,
1353 1452 1647 1522 δεδράκασι
1680 1454 1773 1507 καὶ

193 1545 460 1616 δράξουσι
497 1545 660 1615 τυχὸν
704 1545 818 1608 ἕως.
852 1543 947 1597 τοῦ
997 1543 1215 1606 αἰῶνος.
1257 1543 1396 1596 Ἀλλ’
1431 1546 1462 1614 ή
1495 1545 1587 1597 τοῦ
1636 1545 1771 1598 Θεοῦ

207 1637 510 1707 Ἐκκλησία
574 1635 887 1706 μεμένηκεν
951 1635 1272 1704 ἀπήμαντος
1299 1674 1314 1698 ,
1385 1635 1489 1687 κάν
1555 1634 1770 1699 πολλοῖς

192 1732 399 1804 ὲὸλήοη
419 1730 745 1800 τοξεύμασιο
763 1730 855 1782 καὶ
877 1729 1040 1783 πύλαι
1071 1728 1196 1800 ᾅδου
1243 1726 1573 1799 κατισχῦσαι
1599 1729 1769 1798 αὐτῆς

191 1825 253 1877 οὐ
286 1825 607 1892 δεδύνηνται
627 1837 641 1853 ·
678 1822 801 1876 οὐδὲ
835 1821 988 1891 παρά
1012 1821 1138 1883 τοὺς
1171 1820 1459 1889 κειμένους
1485 1820 1644 1889 ὅρους
1674 1821 1764 1873 καὶ

191 1917 398 1984 νόμους
434 1915 696 1986 πράττειν
727 1930 778 1966 τι
805 1913 899 1966 καὶ
932 1911 1111 1980 λέγειν
1138 1909 1421 1980 ἀνέχεται·
1454 1909 1556 1963 κᾶν
1587 1910 1770 1963 πολλοὶ

191 2007 484 2077 πολλαχῶς
529 2006 790 2075 ποιμένες
833 2001 1274 2073 ἠφρονεύσαντο·
1326 2002 1449 2054 ἐπεὶ
1494 2003 1588 2055 καὶ
1643 2019 1768 2054 συν-

186 2099 348 2162 ὁδους
396 2097 804 2169 συνεκρότησαν
837 2093 1078 2164 μεγάλας
1108 2092 1220 2163 (22)
1268 2094 1360 2146 καὶ
1394 2093 1763 2164 παμπληθεῖς,

188 2193 287 2246 καὶ
329 2190 655 2260 Ἐκκλησίαν
687 2185 821 2240 Θεοῦ
861 2185 1088 2248 ἑαυτοὺς
1116 2184 1436 2255 ὠνομάκασι
1456 2200 1468 2214 ·
1497 2185 1591 2239 καὶ
1629 2186 1768 2254 ὑπὲρ

188 2288 438 2344 κανόνων
489 2283 814 2354 ἐφρόντισαν
858 2277 935 2348 τῷ
981 2279 1194 2345 δοκεῖν,
1239 2278 1379 2333 κατὰ
1420 2279 1662 2332 κανόνων
1706 2280 1767 2332 τὸ

187 2380 394 2451 ἀληθὲς
449 2374 780 2444 κινούμενοι.
827 2371 892 2424 Τί
937 2370 1003 2442 δὴ
1054 2369 1368 2441 θαυμαστὸν
1423 2371 1470 2423 εί
1517 2371 1612 2425 καὶ
1669 2369 1765 2424 νῦν

185 2469 356 2522 πέντε
395 2466 488 2518 καὶ
532 2463 663 2516 δέκα
702 2460 863 2530 τυχὸν
919 2459 1208 2514 ἐπίσκοποι
1257 2459 1614 2529 συναχθέντες
1671 2458 1764 2514 τὸν

184 2558 295 2613 ὑπὸ
336 2555 446 2608 τῶν
492 2552 730 2605 κανόνων
793 2550 1172 2622 καθῃρημένον
1218 2551 1361 2604 κατά
1407 2549 1500 2603 δύο
1547 2549 1760 2614 αἰτίας,

184 2648 476 2721 ἡθώωσαν,
518 2643 779 2705 λύσαντες
810 2641 902 2696 τοῦ
938 2642 1276 2713 ίερουργεῖν;
1308 2641 1532 2704 Σύνοδος
1559 2641 1757 2705 τοίνυν,

183 2744 445 2805 δέσποτα,
488 2738 548 2791 οὐ
587 2737 648 2789 τὸ
677 2734 865 2799 ἁπλῶς
903 2735 1234 2802 συνάγεσθαι
1272 2735 1531 2806 ίεράρχας
1567 2752 1626 2788 τε
1667 2737 1760 2788 καὶ

185 2831 388 2899 ίερεῖς,
420 2825 522 2880 κᾶν
554 2823 739 2876 πολλοὶ
779 2817 902 2878 ὦσι.
949 2823 1235 2890 Κρείσσων
1282 2824 1426 2894 γὰρ,
1469 2824 1635 2893 φησὶ,
1678 2819 1758 2887 εἷς

185 2918 364 2974 ποιῶν
388 2917 449 2970 τὸ
477 2915 688 2984 θέλημα
714 2915 806 2968 τοῦ
836 2915 1064 2987 Κυρίου,
1091 2914 1125 2984 ἢ
1161 2914 1344 2986 μυρίοι
1387 2914 1758 2984 παραϐαίνον-

181 3026 308 3074 τες’
355 3007 491 3064 ἀλλὰ
519 3005 579 3059 τὸ
608 3008 665 3060 ὲν
690 3006 915 3077 ὀνόματι
961 3005 1189 3076 Κυρίου,
1224 3009 1282 3058 ἐν
1310 3009 1379 3076 τῇ
1428 3007 1620 3077 εἰρήνῃ
1659 3005 1757 3059 καὶ

181 3102 402 3174 φυλακῇ
450 3098 558 3152 τῶν
620 3099 891 3152 κανόνωνο
955 3099 1055 3194 καὶ
1116 3099 1174 3151 τὸ
1209 3098 1430 3194 δεσμεῖν
1467 3099 1560 3151 καὶ
1608 3097 1755 3194 λύειν
1782 3136 1824 3194 C

181 3193 284 3263 οὐχ
330 3191 405 3253 ὡς
434 3189 646 3259 έτυχεν,
691 3187 807 3243 ἀλλ’
843 3187 918 3250 ὼς
950 3185 1097 3239 δοκεῖ
1142 3190 1208 3256 τῇ
1237 3186 1469 3258 ἀληθείᾳ
1496 3226 1510 3250 ,
1543 3188 1636 3241 καὶ
1676 3187 1755 3257 τῷ

181 3280 394 3345 κανόνι,
438 3280 532 3333 καὶ
560 3278 640 3349 τῷ
683 3277 922 3348 γνώμονι
954 3277 1056 3347 τῆς
1082 3278 1386 3349 ἀκριϐείας.
1415 3278 1484 3333 Ἦ
1509 3278 1756 3343 δείξωσιν

179 3377 234 3428 οἱ
269 3371 618 3434 συνελθόντες
657 3370 818 3424 τοῦτο
867 3369 1251 3439 πεποιηκότες·
1300 3371 1394 3423 καὶ
1435 3371 1598 3440 ἡμεῖς
1657 3369 1753 3422 σὺν

178 3468 400 3530 αὐτοῖς·
433 3464 467 3537 ἢ
494 3465 555 3519 οὐ
585 3462 940 3525 δεικνύουσιν,
970 3461 1352 3515 ἐκσαλέτωσαν
1393 3463 1484 3515 τὸν
1511 3461 1750 3527 ἀνάξιον,

181 3561 271 3621 ἕνα
317 3559 394 3630 μὴ
440 3560 521 3621 είς
569 3557 928 3625 κατηγόρημα
955 3553 1139 3618 αὐτοῖς
1177 3555 1271 3607 καὶ
1295 3557 1415 3616 ταῖς
1455 3554 1751 3624 μετέπειτα

177 3653 398 3720 γενεαῖς
433 3647 902 3719 παραδοθήσεταιο
949 3646 1010 3700 '0
1034 3648 1215 3718 λόγος
1249 3646 1358 3717 γάρ
1390 3650 1423 3701 d
1467 3646 1572 3701 τοῦ
1601 3646 1750 3701 Θεοῦ

176 3742 460 3798 δεδέσθαι
482 3743 671 3810 φύσιν
700 3740 810 3792 οὐκ
848 3738 973 3807 ἔχει
997 3753 1012 3768 ⁶
1047 3741 1140 3792 κει.)⁵
1181 3738 1400 3807 ἐξουσία
1426 3742 1539 3804 τοῖς
1567 3741 1751 3812 ίεράρ-

175 3853 304 3908 χαις
331 3838 390 3889 ὲν
419 3834 591 3888 οὐδενὶ
614 3832 822 3884 δέδοται
853 3831 946 3883 ἐπὶ
973 3830 1120 3904 πάσῃ
1149 3833 1460 3904 παραϐάσει
1488 3834 1744 3897 κανόνος-

173 3929 207 3998 ἢ
263 3927 425 3997 μόνον
473 3924 707 3992 στοιχεῖν
742 3920 812 3975 τὰ
858 3921 1187 3992 δεδογμένα,
1233 3925 1325 3976 καὶ
1366 3925 1595 3977 ἕπεσθαι
1633 3927 1747 3989 τοῖς

173 4016 561 4092 προλαϐοῦσιν.

243 4111 362 4164 Οὐκ
385 4105 503 4162 οἶδα
544 4109 594 4162 εί
626 4107 702 4179 μή
730 4123 782 4160 τι
815 4106 1167 4160 ἀκανόνιστόν
1189 4109 1304 4163 ἐστι
1337 4110 1431 4162 καὶ
1458 4127 1744 4181 παρεωραο

174 4199 360 4270 μένον.
395 4197 507 4279 ἰξαὶ
541 4197 673 4266 πρὸς
705 4195 865 4251 τοῦτο
894 4195 1074 4250 κανὼν
1115 4196 1208 4250 τοῦ
1247 4198 1402 4266 ἁγίου
1427 4197 1742 4274 Βασιλείου,

171 4294 254 4354 είς
292 4289 444 4359 ῑερέα
473 4287 801 4359 όμωμοκότα
831 4289 916 4340 ἐπ’
941 4287 1168 4360 ἀληθείᾳ
1199 4288 1294 4342 τοῦ
1319 4290 1606 4360 ἀρκεῖσθαι
1643 4292 1741 4361 μό-

172 4399 265 4436 νον
295 4385 366 4452 τῇ
405 4381 584 4451 οίκείᾳ
623 4379 947 4450 Ἐκκλησία,
980 4383 1075 4434 καὶ
1108 4381 1360 4452 μηδαμοῦ
1397 4383 1531 4456 ἄλλῃ
1572 4401 1742 4454 προσ·

1883 629 2027 699 gimn
2065 635 2374 704 exemplum
2410 641 2782 699 sacerdotibus
2812 651 3142 718 propositus.
3336 629 3363 636 -
3397 702 3401 706 .

1953 725 2209 789 Quuenam
2264 746 2391 784 vero
2437 734 2596 790 nobis
2629 734 2999 798 Valentiniani
3044 747 3264 803 ethnica
3301 749 3458 821 biga-

1882 816 2028 869 mia?
2059 827 2114 872 et
2140 819 2263 888 quis
2312 832 2597 893 propterea
2644 831 2788 899 quod
2821 832 2967 890 illum
2994 840 3288 905 coronarit,
3328 816 3456 896 san-

1881 917 2001 962 ctus
2028 911 2568 978 praedicatur,etnon
2597 920 2924 990 injustus?si
2955 935 3134 983 tamen
3163 944 3454 989 coronatus

1880 1000 1968 1055 ille
1997 1001 2119 1056 fuit.
2152 1004 2219 1059 Et
2247 1008 2368 1075 quis
2397 1024 2428 1062 e
2459 1013 2682 1079 sanctis,
2712 1016 2803 1084 qui
2838 1025 2966 1074 tunc
2994 1020 3252 1077 vivebant
3279 1023 3455 1078 Patri-

1878 1092 2001 1158 bus,
2045 1105 2234 1150 sancte
2273 1099 2468 1155 fecisse
2519 1101 2956 1164 Valentinianum
3018 1113 3275 1182 prodidit,
3323 1131 3447 1172 cum

1876 1183 2013 1239 duas
2065 1202 2265 1243 uxores
2309 1191 2494 1255 duxit;
2543 1204 2706 1264 atque
2752 1197 2823 1251 ita
2853 1199 2968 1253 ﬁeri
3013 1201 3266 1274 deinceps
3290 1221 3452 1277 opor-

1877 1283 1992 1330 tere
2023 1277 2220 1332 ?Multi
2249 1295 2380 1351 ergo
2429 1292 2484 1337 et
2528 1287 2642 1351 alii,
2673 1290 3112 1360 quandoquidem
3145 1296 3283 1352 velle
3315 1297 3450 1368 ipsis

1875 1367 1960 1422 lex
1990 1379 2094 1435 est,
2129 1387 2238 1425 non
2268 1373 2472 1440 divina,
2503 1379 2598 1432 sed
2628 1381 2864 1436 humana
2895 1394 2950 1437 et
2992 1387 3444 1456 reprehendenda

1874 1457 1927 1513 id
1973 1459 2243 1524 fecerunt,
2278 1463 2585 1536 facientque
2619 1469 2872 1537 fortasse,
2905 1477 3148 1543 quandiu
3200 1495 3288 1536 res
3337 1492 3448 1538 sta-

1874 1550 2029 1606 bunt.
2065 1553 2170 1608 Sed
2203 1555 2298 1609 Dei
2351 1556 2595 1613 Ecclesia
2636 1560 2803 1617 illaesa
2861 1569 3185 1637 permansit,
3228 1576 3444 1631 tametsi

1873 1643 2058 1698 multis
2098 1644 2342 1714 impetita
2408 1649 2572 1704 telis:
2621 1661 2677 1706 et
2723 1663 2892 1722 portae
2937 1656 3097 1712 inferi
3148 1663 3445 1730 praevalere

1870 1733 2132 1789 adversus
2165 1752 2283 1790 eam
2315 1753 2424 1792 non
2480 1751 2777 1810 ροιυεγυηι
2804 1763 2815 1798 ε
2852 1762 2953 1802 nec
2986 1759 3185 1818 praeter
3212 1762 3445 1812 statutos

1809 1873 1849 1924 Β
1874 1839 2114 1880 canones
2150 1842 2214 1882 ac
2263 1828 2411 1900 leges
2431 1847 2591 1902 agere
2623 1844 2716 1890 aut
2741 1837 2924 1894 dicere
2953 1841 3247 1912 quidquam
3273 1849 3443 1902 susti-

1882 1924 1991 1979 net,
2023 1918 2268 1985 quamvis
2308 1920 2464 1974 multi
2498 1938 2742 1995 persaepe
2786 1938 3031 1996 pastores
3076 1932 3439 1994 insanierint:

1869 2008 2071 2079 quippe
2096 2010 2188 2079 qui
2207 2012 2373 2066 etiam
2394 2015 2628 2081 synodos
2650 2033 2874 2090 magnas
2891 2036 2957 2076 ac
2974 2021 3443 2094 frequentissimas

1868 2113 2194 2169 coegerunt,
2228 2112 2282 2156 et
2317 2102 2610 2160 Ecclesiam
2643 2107 2734 2163 Dei
2786 2110 2994 2180 seipsos
3033 2127 3438 2186 nuncuparunt,

1866 2199 1920 2244 et
1943 2207 2042 2260 pro
2072 2195 2375 2249 canonibus
2403 2197 2456 2250 in
2486 2199 2670 2267 specie
2728 2200 2945 2256 solliciti
3005 2204 3248 2274 fuerunt,
3312 2226 3437 2265 cum

1865 2282 2126 2338 adversus
2176 2301 2413 2342 canones
2465 2303 2657 2345 revera
2707 2294 2964 2350 concitati
2995 2296 3239 2355 fuerunt.
3293 2301 3439 2369 Quid

1864 2388 1993 2445 ergo
2023 2376 2222 2431 mirum
2269 2378 2314 2432 si
2369 2395 2516 2435 nunc
2569 2398 2786 2454 quoque
2844 2388 3154 2456 quindecim
3204 2392 3431 2451 forsitan

1863 2468 2126 2538 episcopi,
2153 2473 2487 2542 congregati,
2521 2474 2797 2531 hominem
2831 2494 2931 2549 per
2953 2495 3192 2539 canones
3231 2485 3434 2557 duplici

1862 2575 1925 2614 ex
1951 2577 2113 2616 causa
2139 2562 2827 2633 depositum,innocentem
2850 2573 3216 2642 declararunt,
3249 2579 3437 2635 absol~

1862 2663 2186 2723 verumque,
2227 2664 2284 2710 ut
2330 2657 2636 2714 sacerdotio
2667 2660 2961 2733 fungatur?
2991 2665 3270 2739 Synodum
3305 2686 3437 2744 ergo

1860 2742 2011 2807 facit,
2040 2742 2289 2811 Domine,
2346 2761 2457 2801 non
2490 2748 2814 2819 simpliciter
2857 2758 3173 2829 congregari
3219 2742 3433 2831 episco-

1859 2849 1956 2904 pos
1983 2844 2037 2889 ct
2060 2837 2390 2904 sacerdotes,
2418 2842 2666 2908 quamvis
2695 2846 2848 2899 multi
2886 2848 3016 2906 sint.
3065 2848 3253 2908 Melior
3280 2855 3428 2911 enim

1859 2941 2020 2991 unus,
2050 2927 2148 2993 ait,
2187 2927 2393 2983 faciens
2431 2932 2767 2990 voluntatem
2815 2936 3052 3006 Domini,
3083 2958 3247 3012 quam
3279 2946 3429 3002 mille

1857 3016 2306 3084 praevaricatores
2326 3019 2371 3050 “
2400 3037 2412 3073 :
2445 3022 2541 3076 sed
2563 3023 2616 3076 in
2647 3026 2869 3082 nomine
2892 3027 3126 3096 Domini,
3162 3031 3216 3086 in
3239 3047 3430 3102 pacem

1858 3116 1912 3161 et
1941 3107 2377 3164 observationem
2408 3127 2703 3183 canonum,
2732 3127 2787 3173 et
2818 3119 2884 3174 ad
2917 3120 3189 3193 ligandum
3212 3126 3431 3181 solven-

1857 3199 2094 3271 dumque
2125 3218 2235 3257 non
2261 3207 2689 3273 quomodolibet,
2720 3211 2814 3266 sed
2848 3222 2906 3268 ut
2935 3215 3146 3270 veritati
3176 3221 3431 3291 congruit

1855 3299 1910 3345 et
1933 3294 2129 3348 canoni
2160 3297 2470 3367 regulaeque
2503 3312 2705 3356 exactae
2738 3303 3114 3363 discussionis.
3159 3309 3268 3366 Aut
3297 3328 3429 3382 pro-

1853 3381 2063 3439 babunt
2108 3401 2166 3441 se
2206 3387 2309 3442 hoc
2353 3388 2572 3456 fecisse,
2614 3394 2706 3461 qui
2754 3409 3152 3467 convenerunt,
3207 3411 3265 3457 et
3299 3381 3427 3461 inos

1852 3486 1975 3526 cum
2008 3475 2088 3529 eis
2118 3477 2456 3535 adhaeremus
2476 3523 2490 3546 ,
2521 3493 2616 3537 aut
2640 3484 2682 3538 si
2714 3501 2826 3540 non
2856 3487 3186 3557 probabunt,
3207 3494 3430 3564 ejiciant

1855 3564 2157 3636 indignum,
2217 3585 2286 3624 ne
2333 3572 2464 3626 vitio
2509 3574 2642 3642 ipsis
2703 3587 2963 3644 vertatur,
3021 3580 3428 3657 imputeturque

1851 3660 2014 3712 etiam
2049 3661 2191 3729 apud
2223 3671 2488 3731 posteros.
2532 3665 2754 3721 Verbum
2788 3669 2905 3736 Dei,
2952 3673 3145 3740 inquit,
3184 3677 3291 3732 tale
3323 3695 3428 3733 non

1851 3757 1926 3801 est
1955 3758 2012 3801 ut
2035 3749 2249 3820 alligari
2279 3762 2436 3821 queat
2469 3755 2512 3785 "
2538 3772 2550 3808 :
2577 3765 2632 3810 et
2664 3765 2905 3826 potestas
2944 3763 3217 3834 episcOpis
3243 3768 3422 3824 nulla-

1852 3847 2010 3893 tenus
2041 3840 2162 3894 data
2197 3851 2298 3903 est,
2326 3851 2384 3896 ut
2418 3859 2682 3901 canonem
2710 3849 2878 3904 ullum
2911 3858 3376 3926 transgredientur
3407 3881 3421 3916 :

1849 3931 1944 3985 sed
1977 3938 2186 3986 tantum
2227 3943 2287 3988 ut
2319 3934 2538 3993 decreta
2592 3951 2912 4010 sequantur,
2975 3946 3321 4022 haereantque
3365 3953 3422 4010 in

1846 4023 2137 4093 prioribus.

1917 4113 2111 4170 Nescio
2143 4133 2212 4171 an
2236 4118 2435 4188 aliquid
2470 4121 2558 4182 sit.
2594 4122 2662 4177 de
2690 4139 2798 4192 quo
2817 4140 2990 4182 canon
3026 4131 3207 4187 nullus
3241 4134 3422 4191 editus

1846 4205 1936 4268 sit,
1970 4208 2223 4276 quodque
2259 4212 2562 4282 neglectum
2595 4214 2784 4270 fuerit.
2826 4217 3016 4274 Exstat
3038 4225 3208 4279 sancti
3234 4224 3417 4284 Basilii

1844 4313 2022 4352 canon
2049 4299 2094 4331 ⁸⁸
2127 4300 2194 4354 de
2226 4304 2563 4374 presbytero,
2595 4307 2687 4377 qui
2721 4308 2932 4378 jurarat
2961 4327 3021 4367 se
3064 4317 3281 4386 prepria
3309 4320 3417 4376 Ec-

1845 4389 2006 4446 clesia
2033 4400 2351 4447 contentum
2389 4395 2525 4453 fore.
2550 4414 2727 4469 neque
2763 4401 2817 4455 in
2850 4404 2953 4457 alia
2978 4420 3174 4461 munus
3201 4409 3416 4466 oblatu-

171 4473 364 4545 φέρειν
392 4469 587 4541 δῶρον.
619 4471 730 4525 Καὶ
763 4469 947 4535 πᾶλιν,
998 4473 1096 4542 τῆς
1139 4471 1197 4524 ἑν
1248 4472 1610 4544 Καρθαγένῃ,
1651 4474 1744 4527 ἐπὶ

1855 4498 1990 4536 rum.
2042 4484 2108 4539 Et
2155 4501 2345 4541 rursus
2390 4490 2578 4558 synodi
2640 4491 3088 4566 Carthaginensis
3107 4501 3174 4562 ",
3234 4502 3302 4556 de
3346 4503 3414 4560 iis

169 4566 280 4621 τῶν
310 4563 764 4635 χειροτονούντων
799 4566 925 4626 τοὺς
951 4564 1015 4617 ὲκ
1047 4563 1157 4621 τῶν
1187 4568 1564 4636 μοναστηρίων
1602 4568 1742 4621 ἀπο·-

169 4657 529 4722 στατοῦντας·
575 4656 658 4718 τδ,
688 4657 813 4719 τοὺς
841 4656 1116 4720 τοιούτους
1154 4659 1228 4728 μὴ
1269 4658 1379 4712 δεῖν
1428 4662 1510 4724 είς
1546 4660 1740 4728 ἑτέραν

180 4749 511 4820 Ἐκκλησίαν
561 4751 692 4821 παρ’
743 4749 808 4820 ἦν
853 4748 1074 4818 κατέχει
1134 4749 1365 4815 ἕκαστος
1411 4753 1737 4824 ἐπισκοπὴν,

171 4843 520 4916 ίερουργεῖνο
553 4845 679 4906 τοὺς
707 4841 764 4897 δὲ
800 4843 1276 4915 χειροτονηθέντας
1303 4841 1440 4900 εἶναι
1487 4846 1736 4919 καθῃρη-

169 4937 383 5008 μένους.
419 4937 482 4989 Ei
509 4936 691 4990 τοίνυν
719 4937 810 4990 ἐπὶ
856 4937 1062 4992 τούτων
1105 4937 1213 4989 τῶν
1257 4937 1453 5006 ψιλῶν,
1494 4939 1589 4992 καὶ
1627 4940 1739 5001 τοῖς

165 5028 386 5092 πολλοῖς
429 5027 550 5081 οὐδὲ
593 5027 896 5082 δοκούντων
954 5047 1006 5083 τι
1055 5023 1195 5081 εἶναι
1244 5029 1577 5099 ὲφάμαρτον,
1637 5029 1739 5082 οὐκ

167 5121 500 5192 ἀνεκδίκητα
523 5120 591 5187 τᾲ
615 5121 858 5193 κρίματα
883 5122 974 5176 καὶ
993 5121 1062 5175 τὰ
1088 5120 1182 5174 τοῦ
1211 5121 1344 5175 Θεοῦ
1361 5120 1734 5193 δικαιώματα⁶

165 5214 317 5280 πόσῳ
345 5229 410 5281 γε
444 5212 643 5284 μᾶλλον
675 5213 766 5266 ἐπὶ
801 5212 897 5266 τοῦ
945 5215 1210 5284 παρόντος
1252 5215 1403 5282 ;Οὑκ
1439 5214 1586 5268 ἔστιν
1621 5211 1736 5280 οὖν,

164 5308 265 5362 οὐκ
297 5306 468 5372 ἔστιν,
514 5300 560 5360 ὦ
586 5306 822 5360 δέσποτα
844 5345 859 5370 ,
889 5305 1012 5360 οὔτε
1042 5308 1140 5376 τὴν
1175 5307 1294 5360 καθ’
1321 5310 1470 5378 ἡμᾶς
1504 5308 1737 5379 Ἐκκλη-

166 5397 308 5464 σίαν,
342 5397 467 5450 οὒτε
497 5398 691 5469 ἑτέραν
711 5439 726 5463 ,
759 5400 907 5470 παρά
937 5399 1062 5462 τοὺς
1088 5399 1378 5468 κειμένους
1402 5399 1598 5470 νόμους
1637 5400 1731 5455 καὶ

1839 4574 1928 4642 qui
1962 4575 2215 4630 ordinant
2243 4592 2336 4630 eos
2362 4580 2454 4648 qui
2480 4580 2742 4639 deserunt
2772 4590 3101 4644 monasteria
3130 4610 3143 4645 :
3177 4609 3286 4647 non
3317 4597 3412 4652 de-

1838 4662 1970 4717 bere
2001 4663 2135 4719 tales
2167 4667 2472 4723 sacrificare
2502 4671 2558 4724 in
2595 4673 2698 4727 alia
2735 4673 2993 4740 Ecclesia,
3049 4691 3410 4754 praeterquam

1838 4758 1892 4810 in
1920 4773 2004 4821 ea,
2037 4757 2090 4810 in
2131 4774 2234 4828 qua
2269 4760 2470 4816 habent
2498 4763 2691 4834 singuli
2737 4768 3118 4835 praefecturam
3152 4791 3166 4828 :
3208 4776 3408 4847 deponi

1836 4855 2018 4904 autem
2047 4864 2142 4903 eos
2172 4851 2262 4920 qui
2292 4852 2524 4907 ordinati
2551 4862 2698 4909 sunt.
2736 4856 2792 4912 Si
2824 4875 2954 4930 ergo
2995 4863 3050 4916 in
3085 4864 3170 4920 his
3207 4869 3406 4937 parvis,

1835 4949 1890 4994 et
1916 4955 2037 5009 quae
2064 4941 2224 5012 vulgo
2253 4942 2391 4997 nihil
2420 4945 2778 5011 aestimantur,
2825 4951 2914 5020 qui
2948 4963 3264 5024 peccarunt,
3298 4974 3409 5021 non

1835 5030 1994 5085 inulti
2033 5031 2256 5088 abibant
2281 5033 2466 5088 divino
2490 5035 2698 5104 judicio
2731 5055 2745 5094 :
2779 5051 2986 5109 quanto
3041 5045 3222 5101 minus
3257 5049 3311 5103 in
3350 5067 3416 5108 re

1836 5125 2127 5192 praesenti!
2161 5125 2279 5180 Non
2328 5126 2454 5182 licet
2479 5128 2663 5199 igitur,
2697 5131 2936 5199 domine,
2985 5153 3097 5192 non
3148 5139 3275 5196 licet
3306 5158 3409 5200 nec

1835 5213 2093 5271 Ecclesiae
2124 5225 2344 5285 nostrae,
2369 5236 2471 5275 nec
2516 5222 2670 5277 alteri
2705 5223 2819 5289 ulli,
2873 5228 3167 5299 quidquam
3210 5247 3411 5302 printer

1835 5317 2066 5363 statutas
2095 5311 2239 5381 leges
2273 5321 2328 5366 et
2359 5329 2598 5370 canones
2640 5302 2989 5376 committere
3014 5341 3026 5377 :
3051 5327 3331 5393 quoniam,
3362 5331 3406 5385 si

1841 5401 1944 5455 hoc
1964 5400 2141 5466 detur,
2163 5403 2322 5457 inane
2351 5412 2435 5458 est
2464 5406 2836 5477 Evangelium,
2855 5411 3125 5470 incassum
3147 5431 3404 5483 canones.

234 5518 280 5550 “
310 5517 481 5572 Eccli.
507 5534 619 5586 xvt,
640 5519 694 5574 ὅ.
770 5520 812 5551 ⁶²
856 5519 896 5573 Il
927 5517 1070 5574 Tim.
1115 5536 1174 5583 ιι,
1203 5519 1255 5574 9.
1333 5519 1379 5553 “
1407 5516 1541 5575 Can.
1594 5521 1681 5575 10.
1758 5523 1802 5554 ⁶⁹
1829 5520 1964 5576 Cod.
1996 5517 2202 5577 Eccles.
2235 5521 2477 5577 African.
2506 5539 2629 5578 can.
2659 5523 2746 5579 75.

1684 5613 1917 5670 NOTAE.

233 5695 350 5765 (22)
391 5695 697 5762 Συνόδους
721 5698 1006 5766 μεγάλας.
1041 5699 1352 5755 Trullanam
1409 5701 1496 5758 hic
1546 5703 1725 5757 notari

168 5766 432 5836 synodum
469 5778 652 5820 censet
688 5767 974 5823 Baronius.
1013 5770 1162 5824 Hanc
1197 5782 1375 5825 tamen
1411 5771 1726 5827 Theodorus

168 5835 219 5890 in
243 5837 401 5908 epist.
449 5837 518 5890 27
552 5837 735 5894 laudat
777 5849 830 5894 et
877 5851 1119 5896 sanctam
1163 5843 1413 5914 appellat.
1469 5843 1724 5903 Fortasse

1838 5703 2104 5780 synodum
2159 5703 2380 5780 Tyriam
2436 5708 2680 5780 aliasque
2738 5709 3000 5772 adversus
3045 5715 3403 5773 Athanasium

1837 5785 2053 5830 coactas
2086 5776 2350 5846 intelligit.
