4158 6464
718 383 826 448 987

1908 389 1967 450 S.
2002 390 2395 452 THEODORI
2438 394 2785 455 STUDITI'I

3862 401 3979 466 988

714 490 1103 562 Unusquisque
1135 492 1483 563 episcopatus
1522 493 1605 550 sui
1639 505 1901 566 tempore,
1936 501 2153 568 quando
2190 502 2289 571 ipsi

2397 504 2625 565 κανόνας
2666 505 2840 555 ποιεῖν
2873 520 2946 558 τι.
2988 503 3140 558 Ἐπεὶ
3185 504 3235 559 εί
3276 505 3437 559 τοῦτο
3464 507 3667 580 δοθείη,
3710 512 3873 567 κενὸν
3914 515 3982 567 τὺ

715 581 987 653 integrum
1018 592 1100 638 est
1131 598 1253 637 cum
1282 584 1395 639 suis
1428 585 1707 655 quodlibet
1733 587 1929 655 facere,
1967 606 2142 647 novus
2187 593 2291 647 erit

713 673 1056 743 evangelista,
1072 673 1210 729 alius
1221 676 1520 744 apostolus,
1534 678 1673 731 alius
1689 678 1963 749 legislator
1984 697 1996 732 :
2014 681 2109 735 sed
2127 681 2286 735 absit!

713 763 1025 820 Mandatum
1048 766 1195 820 enim
1213 766 1477 822 habemus
1498 769 1565 823 ab
1589 770 1707 839 ipso
1723 770 1984 840 Apostolo
2001 772 2066 836 ⁷⁸,
2093 782 2291 842 prazter

714 856 767 909 id
788 856 933 925 quod
952 858 1283 928 accepimus,
1314 869 1511 927 praeter
1535 861 1586 915 id
1604 861 1748 930 quod
1769 878 2007 918 canones
2034 865 2291 919 sanciunt

711 948 1042 1017 synodorum
1083 949 1472 1005 universalium
1514 952 1863 1018 etlocalium,
1894 970 2015 1023 qua:
2058 955 2290 1010 diversis

713 1042 1049 1109 temporibus
1066 1041 1289 1107 fuerint,
1310 1044 1352 1098 si
1378 1045 1501 1113 quis
1523 1046 1867 1114 dogmatizet,
1885 1048 2169 1103 autfacere
2186 1050 2289 1103 ali-

712 1130 842 1199 quid
860 1146 959 1185 nos
975 1131 1183 1201 iubeat,
1207 1134 1581 1202 recipiendum
1614 1150 1724 1188 non
1751 1152 1895 1199 esse,
1924 1152 2025 1191 nec
2053 1152 2285 1192 censen-

710 1220 840 1275 dum
866 1222 1016 1276 illum
1040 1224 1093 1277 in
1113 1233 1260 1279 sorte
1283 1236 1594 1280 sanctorum
1616 1245 1629 1282 :
1651 1228 1967 1281 utomittam
1990 1230 2129 1282 male
2148 1229 2286 1283 omi-

709 1327 906 1367 nosum
935 1314 1088 1378 illud,
1142 1317 1282 1385 quod
1317 1319 1606 1388 Apostolus
1659 1320 2007 1387 iniprecatur.
2060 1323 2103 1374 Α
2132 1324 2287 1378 nobis

710 1403 876 1474 igitur
901 1405 991 1475 qui
1032 1416 1182 1461 extra
1232 1410 1495 1464 mundum
1562 1426 1773 1474 sumus,
1808 1412 1955 1466 aliud
2012 1414 2149 1468 nibil
2188 1414 2286 1469 de-

709 1494 890 1561 betur,
922 1513 1085 1566 quam
1108 1514 1169 1552 ea
1196 1500 1521 1571 investigare
1554 1512 1609 1556 et
1640 1501 1840 1567 facere,
1864 1518 1927 1556 ex
1960 1505 2157 1573 quibus
2186 1521 2286 1561 nos

710 1586 876 1641 etiam
899 1589 1060 1643 simul
1096 1591 1439 1655 extollamur,
1470 1602 1521 1645 et
1568 1594 1633 1646 ad
1661 1595 2060 1650 aemulationem
2084 1614 2283 1667 provo—

708 1691 915 1732 cemur.
949 1678 1015 1733 Et
1045 1682 1089 1735 si
1119 1682 1337 1751 quidem
1368 1683 1422 1735 in
1457 1681 1543 1738 bis
1572 1685 1680 1738 vita
1730 1684 1983 1752 ducetur,
2015 1698 2162 1744 recte
2189 1689 2287 1745 ha-

707 1768 899 1835 bebit;
931 1771 1014 1825 sin
1043 1774 1241 1839 minus,
1276 1775 1534 1845 expedire
1564 1777 1781 1832 exsules
1801 1786 1855 1833 et
1899 1788 2147 1838 extorres
2194 1790 2278 1837 tu-

2394 594 2749 664 Εὑαγγέλιον,
2787 597 2907 665 εἰκῇ
2936 597 2985 649 οἱ
3015 597 3238 663 κανόνες
3260 614 3274 629 ⁸
3304 599 3401 653 καὶ
3427 600 3656 666 ἕκαστος
3702 604 3848 659 κατά
3879 606 3982 659 τῖον

2392 686 2582 756 καιρὸν
2627 687 2728 756 τῆς
2774 688 2982 752 οἰκείας
3026 690 3474 761 ἀρχιερωσύνης,
3522 692 3712 765 ἐπειδὴ
3758 696 3982 761 ἔξεστιν

2390 778 2537 848 αύτῷ
2570 778 2645 842 ὡς
2674 779 2823 833 δοκεῖ
2858 780 2999 850 μετά
3030 781 3139 833 τῶν
3168 783 3265 835 συν
3296 783 3444 854 αὐτῷ
3493 786 3762 856 πράσσειν
3781 827 3796 852 ,
3824 789 3983 842 ἔστω

2390 868 2510 933 νέος
2558 871 2971 943 εὖαγγελιστὴς,
3021 874 3181 937 ἀλλος
3216 874 3535 941 ἀπόστολος,
3588 879 3777 947 ἔτερος
3806 898 3983 951 νομο-

2390 960 2567 1031 Θέτης.
2607 963 2745 1016 Ἀλλ’
2782 964 3054 1034 οὐδαμῶς.
3108 968 3488 1037 Παραγγελίαν
3522 970 3631 1041 γάρ
3667 971 3874 1041 ἔχομεν
3918 973 3983 1035 ἐξ

2389 1050 2554 1104 αὐτοῦ
2588 1051 2682 1105 τοῦ
2724 1055 3062 1120 ἀποστόλου,
3092 1058 3219 1125 παρ’
3256 1058 3283 1109 ὃ
3318 1059 3728 1129 παρελάϐομεν,
3768 1066 3913 1134 παρ’
3953 1065 3984 1116 δ

2386 1143 2437 1196 οἱ
2463 1144 2683 1207 κανόνες
2708 1146 2817 1199 τῶν
2851 1148 2996 1201 κατά
3029 1150 3253 1219 καιροὺς
3295 1151 3529 1205 συνόδων
3559 1152 3876 1207 καθολικιῖην
3916 1173 3983 1209 τε

2389 1234 2485 1287 καὶ
2512 1236 2782 1301 τοπικῶν,
2805 1240 2901 1293 ὲάν
2923 1255 3006 1301 τις
3035 1240 3354 1313 δογματίζει,
3384 1242 3416 1312 ἢ
3447 1245 3765 1317 προστάσσῃ
3791 1249 3982 1299 ποιεῖν

2388 1327 2559 1396 ἡμᾶς,
2610 1328 2991 1398 ἀπαράδεκτον
3023 1332 3187 1385 αὑτὸν
3236 1332 3400 1401 ἔχειν,
3460 1335 3595 1405 μηδὲ
3650 1336 3980 1401 λογίζεσθαι

2387 1418 2552 1471 αὑτὸν
2594 1420 2653 1473 ὲν
2695 1420 2882 1492 κλήρῳ
2922 1422 3128 1490 ἀγίων’
3164 1424 3257 1477 καὶ
3295 1426 3357 1478 τὸ
3386 1425 3670 1499 δύσφημον
3700 1431 3980 1501 παρῆμεν

2387 1508 2569 1577 λέγειν
2591 1510 2619 1563 δ
2651 1512 2812 1575 αὐτὸς
2847 1512 3089 1583 εἴρηκεν.
3131 1514 3291 1584 Ἡμῖν
3318 1512 3413 1571 οὖν
3441 1521 3557 1583 τοῖς
3596 1520 3702 1585 ἔξω
3731 1523 3973 1592 κόσμου,

2385 1600 2539 1654 οὐδὲν
2571 1602 2701 1656 ἄλλο
2740 1604 3034 1671 ὀφείλεται,
3083 1607 3115 1677 ἢ
3158 1607 3216 1659 τὸ
3257 1609 3327 1661 τά
3377 1610 3604 1664 τοιαῦτα
3645 1613 3831 1681 ζητεῖν
3869 1616 3976 1666 καὶ

2388 1696 2687 1767 πράσσειν.
2720 1696 2781 1762 ἐξ
2814 1690 2890 1751 ἄν
2922 1699 3015 1751 καὶ
3045 1701 3179 1768 ἡμῖν
3204 1699 3265 1752 τὸ
3295 1703 3719 1772 συνεπαίρεσθαι
3741 1705 3837 1757 καί⁵
3864 1705 3976 1774 ζηο

2387 1786 2532 1842 λοῦν.
2558 1789 2669 1842 Καὶ
2697 1791 2745 1843 εί
2781 1790 2881 1859 μὲν
2915 1792 2973 1843 ὲν
3002 1792 3217 1854 τούτοις
3266 1794 3299 1863 ἡ
3345 1792 3481 1865 ζωὴ,
3529 1784 3592 1847 εὖ
3624 1795 3691 1848 ἂν
3725 1794 3859 1865 ἔχοι.
3908 1797 3976 1849 Εἰ

710 1869 823 1913 tum
861 1862 1050 1917 orbem
1088 1865 1379 1921 circumire
1407 1882 1532 1921 cum
1570 1869 1719 1923 omni
1771 1869 2068 1928 amictione
2100 1884 2155 1929 et
2186 1891 2286 1929 an-

2385 1877 2442 1933 δὶ
2474 1879 2550 1950 μὴ
2573 1922 2589 1943 ,
2620 1854 2902 1952 συμφέρον
2957 1878 3097 1935 εἶναι
3131 1883 3226 1936 καὶ
3270 1854 3489 1948 ἀοίκούς
3533 1886 3629 1939 καὶ
3657 1854 3974 1951 ἀνεστίους,

706 1952 906 2021 gustia.
937 1953 1171 2025 Adjuvet
1207 1972 1340 2029 ergo
1370 1974 1489 2024 nos,
1525 1960 1703 2030 quoad
1746 1972 1951 2031 potest,
1985 1965 2097 2022 Deo
2120 1967 2286 2023 cbara

706 2042 890 2098 anima
925 2053 1037 2114 tua,
1072 2056 1131 2103 et
1157 2048 1470 2107 divinorum
1495 2054 1825 2111 aemulatrix.

1010 2375 1173 2431 XXV.
1210 2409 1274 2419 —
1299 2379 1595 2452 Nicepltoro
1621 2389 1962 2455 patriarcha.

2383 1974 2478 2026 καὶ
2506 1972 2607 2043 τὴν
2640 1972 2731 2026 ὑπ’
2764 1973 2991 2043 οὐρανὸν
3035 1974 3424 2044 περιέρχεσθαι
3459 1976 3599 2047 μετά
3624 1976 3807 2049 πάσης
3846 1978 3974 2031 θλί-

2380 2064 2529 2133 ψεως
2559 2065 2655 2119 καὶ
2689 2064 3071 2135 στενοχωρίας.
3113 2065 3447 2136 Βοηθησάτω
3500 2066 3682 2121 τοίνυν
3714 2069 3783 2122 τά
3820 2074 3973 2122 κατᾶ

2382 2159 2615 2228 δύναμιν
2650 2161 2684 2230 ἡ
2713 2158 2968 2229 θεοφιλής
3001 2175 3095 2211 σου
3121 2157 3291 2230 ψυχὴ,
3340 2159 3438 2213 καὶ
3479 2156 3859 2231 ζηλοτυποῦσα
3902 2163 3973 2215 τὰ

2385 2250 2524 2304 Θεῐα.

2587 2390 2712 2443 KE'.
2748 2418 2816 2428 -—
2861 2388 3173 2458 Νικηφόρφ
3222 2387 3576 2461 πατριάρχῃ.
3619 2388 3782 2462 [ut]

1534 2525 1715 2576 Probat
1735 2540 1793 2576 se
1814 2524 2178 2577 schismaticum
2203 2540 2299 2575 non
2326 2541 2455 2576 esse.
2493 2528 2694 2589 (Baron.
2721 2541 2799 2576 an.
2826 2527 2936 2589 808,
2966 2541 3017 2576 n.
3039 2528 3146 2590 22.)

810 2628 1090 2700 Tanquam
1121 2631 1241 2686 velo
1260 2633 1495 2701 quodam
1524 2642 1739 2689 utentes
1757 2636 1901 2689 tenui
1926 2635 2155 2704 epistola
2184 2653 2280 2692 no-

705 2729 815 2775 stra
842 2762 858 2787 ,
884 2722 1060 2793 angeli
1117 2722 1465 2778 beatitudinis
1496 2737 1602 2780 tua:
1652 2728 1952 2781 reverentia
1985 2770 1999 2792 ,
2050 2728 2281 2786 humiles

705 2814 954 2867 sistimus
999 2828 1100 2868 nos
1140 2814 1289 2885 ipsos
1341 2817 1706 2875 sacratissimo
1733 2820 1851 2888 ejus
1902 2821 2148 2885 culmini,
2183 2838 2283 2877 ne-

705 2903 958 2959 cessitate
988 2912 1236 2975 cogente.
1268 2904 1384 2961 Jam
1412 2908 1557 2962 enim
1600 2911 1967 2965 renuntiatum
2010 2911 2169 2967 nobis
2196 2922 2281 2967 est

705 3007 737 3047 a
771 2992 983 3049 Joanne
1010 3011 1277 3051 conservo
1310 3008 1365 3053 et
1388 2999 1653 3069 discipulo
1695 3012 1901 3064 nostro,
1929 3003 2281 3071 quemadmo-

706 3084 835 3139 dum
886 3087 953 3140 ad
1016 3090 1384 3143 venerandam
1445 3091 1523 3143 tui
1579 3092 1949 3146 adorationem
1984 3094 2274 3159 admissus,

707 3179 883 3232 aliena
908 3180 1176 3248 quaedam,
1212 3182 1473 3251 nobisque
1501 3183 1883 3247 abominanda,
1909 3199 1976 3238 ex
1998 3200 2061 3239 ea
2088 3186 2279 3240 audie-

2458 2638 2934 2708 Παραπετάσματί
2976 2653 3085 2689 τινι
3145 2632 3528 2706 χρώμενοι·τῷ
3556 2633 3764 2686 εὐτελεῖ
3798 2634 3969 2705 ἡμῶν

2385 2728 2725 2799 γραμματίῳ
2746 2767 2760 2789 ,
2793 2727 2932 2781 αἰδοῖ
2980 2724 3073 2779 τοῦ
3124 2724 3359 2794 ἀγγέλου
3405 2724 3505 2795 τῆς
3562 2723 3968 2813 μακαριότητος

2387 2838 2503 2887 σου,
2548 2818 2913 2890 ἐμφανίζομεν
2966 2818 3190 2880 ἑαυτοὺς
3222 2818 3271 2869 οί
3304 2815 3546 2871 ταπεινοὶ
3582 2817 3646 2886 τῇ
3690 2815 3966 2885 ἱερωτάτη

2388 2910 2557 2979 αὐτῆς
2579 2912 2791 2981 κορυφῇ
2816 2909 2956 2963 κατά
2972 2908 3033 2963 τὸ
3063 2908 3376 2976 ἀναγκαῖον.
3405 2905 3544 2976 Ἤδη
3564 2904 3759 2983 γάρητὺ
3786 2903 3965 2975 παρὸν

2387 3001 2723 3071 ἀπήγγειλεν
2755 3003 2886 3071 ἡμῖν
2930 3000 3232 3071 Ἰωάννηξό
3256 2997 3541 3063 σύνδουλος
3575 2994 3672 3052 καὶ
3707 2995 3961 3067 μαθητὴς

2389 3091 2565 3161 ἡμῶν,
2596 3092 2670 3155 ὡς
2712 3090 2965 3157 ἀξιωθεὶς
3005 3093 3104 3160 τῆς
3147 3089 3354 3159 σεπτῆς
3394 3105 3488 3143 σου
3516 3086 3961 3159 προσκυνήσεως.

2387 3186 2590 3254 ἀκήκοε
2647 3184 2779 3255 παρ’
2808 3182 2976 3253 αὐτῆς
3004 3181 3128 3249 ξένα
3158 3180 3280 3234 τινὰ
3316 3180 3409 3233 καλ⁸
3435 3180 3764 3234 ἀπευκταῖα.
3800 3179 3966 3232 Ἀπο-

707 3268 797 3323 rit.
832 3271 1164 3340 Aposciiista:
1209 3272 1608 3347 [schismatici],
1667 3276 1859 3345 inquit,
1894 3292 1987 3331 vos
2054 3278 2183 3332 estis
2221 3276 2289 3333 ab

2397 3276 2611 3346 σχισταὶ
2664 3277 2805 3343 γὰρ,
2852 3274 3038 3343 φησιν,
3082 3272 3207 3325 ἐστὶ
3248 3272 3350 3341 τῆς
3397 3270 3741 3342 Ἐκκλησίας.
3786 3270 3963 3324 Πόσον

708 3362 973 3418 Ecclesia.
1028 3366 1129 3431 Qui
1187 3383 1317 3437 ergo
1370 3380 1603 3438 poterat,
1635 3371 2028 3438 obeatissime,
2089 3376 2286 3429 merito

708 3456 889 3510 anima
947 3467 1131 3511 nostra
1182 3460 1253 3513 ob
1315 3461 1454 3516 lianc
1489 3478 1706 3519 causam
1760 3481 1870 3519 non
1927 3468 2286 3525 contristari?

709 3549 984 3617 quomodo
1016 3566 1121 3603 non
1153 3556 1484 3622 respondere
1513 3558 1785 3611 sanctitati
1823 3569 1948 3625 tute,
1986 3576 2088 3615 nec
2118 3562 2287 3617 silen-

710 3640 785 3693 tio
811 3643 1211 3696 accusationem
1257 3646 1627 3699 conﬁrmare?
1660 3647 1770 3717 Ego
1820 3666 1949 3703 vero
2017 3659 2145 3705 ante
2198 3668 2287 3708 re-

710 3732 1059 3800 sponsionem
1111 3751 1234 3790 cum
1271 3740 1572 3793 reverentia
1625 3740 1727 3795 hoc
1771 3752 2143 3809 reprmsento:
2178 3759 2287 3799 non

711 3833 963 3892 oportere
997 3827 1222 3883 cuilibet
1252 3846 1413 3885 aures
1463 3841 1666 3886 temere
1715 3833 1867 3898 dare,
1933 3836 2023 3905 qui
2084 3836 2287 3907 aliquid

711 3916 842 3969 velit
871 3927 1057 3972 contra
1114 3922 1425 3989 quempiam
1470 3923 1636 3992 loqui.
1666 3923 1851 3993 Neque
1878 3941 2010 3981 sane
2055 3928 2173 3983 sine
2198 3929 2288 3999 ju-

711 4006 853 4064 dicio
879 4019 1095 4081 Oportet
1127 4012 1562 4069 animadvertere
1595 4015 1648 4069 in
1672 4031 1795 4071 eum
1823 4018 1917 4088 qui
1974 4031 2284 4075 accusatur.

709 4099 828 4155 Non
856 4101 1001 4157 enim
1028 4102 1113 4158 lea:
1137 4114 1333 4169 vestra,
1366 4105 1558 4175 inquit,
1584 4108 1794 4175 judicat
1871 4111 2152 4176 hominem,
2189 4114 2289 4167 nisi

712 4191 861 4258 prius
889 4196 1117 4248 audierit
1155 4197 1220 4249 ab
1261 4198 1394 4266 ipso,
1431 4207 1480 4253 et
1535 4201 1827 4267 cognoverit
1874 4202 2000 4270 quid
2024 4202 2289 4268 faciet"?

714 4282 806 4336 Sic
824 4292 879 4338 et
901 4284 1177 4342 beatitudo
1210 4297 1301 4343 tua
1331 4306 1454 4344 cum
1507 4292 1659 4346 triste
1690 4290 1831 4347 istud
1866 4302 1920 4347 et
1942 4295 2193 4349 acerbum
2220 4296 2287 4350 de

714 4376 979 4444 parvitate
1024 4390 1209 4435 nostra
1251 4382 1529 4438 audiisset.
1581 4383 1870 4449 Quodnam
1902 4385 2046 4441 enitn
2083 4387 2285 4441 malum

715 4468 930 4537 gravius
955 4485 1077 4526 esse
1098 4482 1281 4541 queat,
1312 4490 1471 4544 quam
1505 4485 1563 4530 ut
1602 4478 1670 4531 ab
1726 4477 1966 4535 Ecclesia
1989 4482 2281 4552 separeris,

712 4570 765 4613 et
792 4560 1214 4630 archipastorem
1247 4566 1363 4622 ovis
1408 4567 1639 4631 amittat,
1676 4568 1788 4623 sive
1843 4577 2288 4642 compastorem?

716 4647 811 4703 Est
856 4650 1003 4704 enim
1050 4652 1212 4708 etiam
1248 4654 1407 4708 nobis
1456 4656 1852 4724 peccatoribus,
1893 4660 2141 4727 quamvis
2175 4661 2280 4715 im-

715 4739 929 4806 merito,
962 4750 1015 4795 et
1059 4743 1244 4797 unctio
1293 4759 1321 4797 a
1351 4745 1463 4799 Deo
1487 4756 1541 4799 et
1572 4762 1769 4802 nomen
1812 4751 2064 4818 pastoris,
2101 4753 2285 4809 dicere

714 4832 911 4898 audeo,
960 4835 1027 4889 ad
1080 4835 1389 4902 ferendum,
1430 4838 1851 4904 discutiendum,
1918 4846 2280 4915 arguentium,

712 4938 819 4993 qua
841 4924 1109 4993 privatim,
1137 4942 1243 4997 qua
1272 4929 1507 4997 publice,
1531 4930 1947 5001 juxtatraditam
1974 4950 2004 4989 a
2027 4934 2279 5002 Domino,

714 5012 859 5070 inter
899 5025 951 5071 te
983 5026 1037 5073 et
1070 5017 1245 5089 ipsum
1291 5020 1485 5087 solum,
1516 5032 1610 5077 aut
1655 5022 1796 5077 inter
1830 5024 1990 5091 duos,
2040 5026 2282 5099 discipli-

715 5124 842 5163 nam
876 5128 890 5165 :
916 5119 1075 5182 atque
1101 5112 1172 5167 ita
1204 5112 1247 5168 si
1278 5113 1614 5184 persisteret,
1649 5114 1791 5169 sicut
1820 5114 1936 5185 ipse
1962 5118 2059 5181 ait,
2087 5120 2157 5174 sit
2186 5119 2280 5174 tibi

718 5208 979 5273 tanquam
1006 5204 1257 5261 ethnicus
1281 5215 1335 5261 et
1361 5206 1682 5277 publicanus
1709 5207 1776 5263 ".
1810 5205 1922 5262 Nos
1978 5223 2107 5264 vero
2156 5210 2285 5265 hac-

718 5305 897 5362 tenus,
934 5311 1109 5365 neque
1149 5312 1247 5366 per
1286 5298 1701 5364 internuntium,
1744 5316 1922 5371 neque
1951 5316 2155 5368 coram,
2181 5304 2287 5358 tale

718 5385 1011 5455 quidquam
1048 5400 1079 5440 a
1130 5396 1314 5442 sancta
1346 5387 1523 5441 anima
1567 5398 1675 5453 tua,
1714 5391 1795 5444 vel
1842 5389 2168 5457 audivimus,
2198 5392 2284 5446 vel

717 5474 909 5530 moniti
968 5474 1191 5541 fuimus,
1269 5484 1324 5531 ut
1384 5476 1463 5531 sic
1539 5476 1833 5533 inferretur
1881 5479 2283 5534 condemnatio.

716 5563 1038 5621 Consideret
1082 5567 1341 5637 perfectio
1399 5578 1507 5633 tua,
1540 5585 1669 5625 num
1716 5569 1837 5641 jure
1884 5570 2167 5627 molestum
2232 5568 2284 5625 id

720 5654 845 5711 ﬁliis
874 5654 980 5711 tuis
1023 5656 1320 5713 acciderit?

790 5794 837 5828 "
862 5792 1033 5852 Galat.
1056 5812 1114 5865 ιι,
1153 5797 1204 5853 8.
1295 5798 1330 5827 ⁷⁸
1358 5796 1511 5853 Joan.
1548 5813 1638 5863 ~n,
1671 5798 1754 5851 31.

2388 3364 2481 3421 οὖν
2532 3368 2624 3421 ἐπὶ
2660 3366 2903 3430 τούτοις,
2951 3358 2995 3417 ὧ
3056 3363 3463 3434 μακαριώτατε,
3494 3362 3595 3415 οὐκ
3640 3362 3863 3424 εἰκότως
3892 3356 3963 3431 ἦν

2389 3460 2545 3531 ἡμῶν
2588 3457 2901 3527 διατεθῆναι
2942 3455 3043 3527 τὴν
3074 3454 3252 3525 ψυχὴν
3295 3452 3588 3524 λυπηρῶς;
3622 3453 3740 3516 πῶς
3768 3452 3827 3506 δὲ
3857 3453 3962 3505 οὐκ

2388 3552 2683 3622 ἐκλαλῆσαι
2731 3546 3145 3619 ἀπολογητικῶς
3186 3548 3253 3617 τῇ
3291 3544 3572 3615 ἁγιωσύνῃ
3599 3560 3717 3609 σου,
3750 3544 3845 3597 καὶ
3875 3545 3957 3615 μὴ

2387 3645 2453 3713 τῇ
2497 3645 2675 3713 σιωπῇ
2711 3639 2958 3713 κυρῶσαι
3003 3638 3102 3710 τὴν
3156 3635 3490 3707 κατηγορίαν
3511 3652 3532 3706 ;_
3580 3634 3722 3703 Ἐγὼ
3751 3635 3809 3687 δὲ
3848 3635 3956 3702 πρὸ

2388 3732 2487 3802 τῆς
2510 3732 2828 3800 ἀπολογίας,
2852 3734 3027 3787 ἐκεῖνο
3063 3732 3182 3803 μετ’
3210 3729 3391 3793 αἰδοῦς
3426 3728 3851 3798 προσαναφέρω,
3872 3727 3959 3780 δτι

2388 3824 2487 3893 οὐχ
2514 3822 2585 3886 ὡς
2615 3823 2771 3893 ἔτυχε
2799 3823 2881 3877 δεῖ
2918 3823 2987 3878 τὰ
3029 3816 3143 3876 ὦτα
3174 3821 3409 3890 ἀνοίγειν
3454 3818 3619 3873 παντὶ
3670 3819 3746 3886 τῷ
3776 3817 3959 3887 βουλο-

2393 3916 2539 3988 μένῳ
2579 3916 2722 3970 κατά
2761 3917 2906 3979 τινός
2933 3932 2985 3968 τι
3014 3914 3192 3982 λέγειν
3212 3953 3228 3979 ,
3260 3913 3369 3968 οὐδ’
3400 3913 3467 3966 οὐ
3500 3911 3605 3982 μὴν
3637 3910 3961 3977 ἀποφαίνειν

2388 4009 2627 4080 ἀκρίτως
2654 4011 2732 4071 εἰς
2757 4010 2816 4063 τὸ
2839 4007 3124 4077 διαϐληθὲν
3145 4006 3455 4079 πρόσωπον.
3472 4005 3565 4074 Μὴ
3586 4001 3696 4073 γὰρ
3775 4004 3961 4069 νόμος

2390 4101 2566 4171 ὑμῶν,
2597 4101 2749 4171 φησι,
2772 4103 2959 4169 κρίνει
2984 4100 3090 4152 τὸν
3118 4099 3455 4165 ἄνθρωπον,
3476 4095 3587 4150 ἐὰν
3605 4092 3691 4165 μὴ
3720 4092 3956 4159 ἀκούσῃ

2390 4193 2527 4259 παρ’
2574 4191 2758 4246 αὐτοῦ
2815 4191 3122 4259 πρότερον,
3158 4190 3273 4243 καῖ
3312 4185 3435 4258 τνῷ
3466 4188 3526 4242 τί
3565 4184 3760 4249 socci;
3791 4183 3955 4237 Ὥστε

2390 4283 2699 4355 ἀκουσάσης
2730 4282 2829 4353 τῆς
2857 4276 3254 4354 μακαριότητος
3286 4297 3382 4335 σου
3418 4280 3576 4336 τοῦτο
3597 4280 3660 4335 τὺ
3691 4277 3959 4349 δύσφορον

2389 4378 2485 4428 καὶ
2518 4374 2753 4427 ἐλεεινὸν
2797 4374 2925 4445 περὶ
2958 4373 3059 4444 τῆς
3090 4371 3365 4435 εὐτελείας
3394 4370 3573 4443 ἡμῶν.
3611 4370 3679 4425 Τί
3704 4369 3815 4439 γάρ
3840 4369 3960 4439 μεῖ-

2390 4464 2482 4529 ζον
2505 4466 2673 4519 κακὸν
2701 4464 2796 4519 τοῦ
2819 4464 2922 4536 τῆς
2948 4462 3276 4535 Ἐκκλησίας
3300 4461 3605 4535 χωρισμοῦ,
3630 4460 3727 4515 καὶ
3750 4458 3846 4514 τοῦ
3863 4456 3959 4512 τὸν

2388 4556 2753 4630 ἀρχιποίμενα
2810 4555 2873 4609 τὸ
2923 4554 3195 4626 πρόϐατον
3252 4553 3545 4617 ἀπολέσαι,
3599 4545 3816 4605 εῐτόὖν
3861 4548 3957 4603 τὸν

2320 4620 2363 4677 υ
2390 4620 2771 4723 συμποὲμενας
2807 4648 2921 4701 ἔστι
2953 4620 3062 4717 γὰρ
3098 4649 3145 4699 εί
3175 4647 3268 4699 καὶ
3294 4643 3530 4710 ἀναξίως
3557 4644 3650 4697 καὶ
3679 4645 3812 4713 ἡμῖν
3842 4643 3955 4705 τοῖς

2383 4743 2728 4813 ἁμαρτωλοῖς
2758 4739 2964 4812 χρίσμα
3008 4740 3101 4793 καὶ
3124 4738 3293 4808 ὄνομα
3324 4736 3474 4807 παρὰ
3503 4735 3640 4789 Θεοῦ
3673 4735 3951 4803 ποιμένος,

2380 4835 2562 4905 τολμῶ
2575 4835 2775 4903 λέγειν,
2792 4833 3054 4904 ἐνεγκεῖν,
3080 4831 3383 4899 ἀνακρῖναι,
3403 4827 3835 4900 νουθετῆσαι,·πῆ
3856 4827 3955 4897 μὲν

2384 4927 2509 4998 ίδίᾳ,
2532 4929 2605 4995 πῆ
2624 4927 2678 4979 δὲ
2696 4924 3100 4997 δημοσία,κατά
3130 4923 3230 4993 τὴν
3254 4922 3359 4975 ὑπὸ
3390 4921 3485 4974 τοῦ
3513 4923 3721 4991 Κυρίου
3741 4922 3951 4986 ὑπαγο-

2383 5017 2681 5088 ρευομένην
2699 5016 2900 5088 μεταξὺ
2917 5014 3010 5069 σοῦ
3028 5015 3121 5069 καὶ
3136 5014 3299 5068 αὐτοῦ
3324 5014 3507 5085 μόνον,
3531 5013 3564 5084 ἢ
3582 5014 3719 5084 μετά
3739 5013 3853 5075 δύο,
3869 5011 3949 5065 δι-

2382 5110 2697 5166 δασκαλίαν·
2718 5108 2814 5163 καὶ
2837 5103 2938 5161 εἷθ’
2951 5107 3124 5171 οὕτως
3143 5110 3208 5178 τῇ
3226 5108 3482 5178 ἐπιμονῇ,
3498 5104 3573 5169 ὡς
3593 5104 3757 5168 αὑτός
3767 5120 3947 5174 φησιν,

2383 5202 2522 5255 ἔστω
2552 5219 2633 5255 σοι
2656 5200 2730 5265 ὡς
2767 5204 2795 5254 ὁ
2838 5199 3049 5260 ἐθνικὸς
3084 5198 3176 5253 καὶ
3201 5201 3229 5253 ὁ
3250 5196 3506 5267 τελώνης.
3546 5197 3739 5268 Ἡμεῖς
3766 5196 3823 5249 δὲ
3854 5195 3948 5265 μέ-

2383 5310 2472 5363 χρι
2520 5292 2615 5345 τοῦ
2663 5292 2820 5363 δεῦρο
2847 5289 2971 5344 οὔτε
3010 5290 3079 5343 δι’
3112 5288 3445 5350 ἀποστόλου,
3473 5286 3598 5343 οὔτε
3632 5285 3856 5355 αὑτοψεί
3893 5302 3945 5338 τι

2382 5383 2620 5438 τοιοῦτον
2649 5384 2786 5454 πρὸς
2814 5382 2913 5453 τῆς
2950 5382 3111 5451 ἀγίας
3140 5398 3233 5435 σου
3261 5380 3463 5450 ψυχῆς,
3496 5379 3612 5433 ἀλλ’
3641 5379 3768 5432 οὔτε
3810 5380 3943 5447 ἀκη-

2393 5476 2619 5544 κόαμεν,
2642 5474 2764 5529 οὔτε
2806 5472 3235 5544 νενουθετήμεθα
3254 5490 3270 5505 θ
3294 5472 3389 5526 καὶ
3412 5470 3586 5535 οὕτως
3614 5472 3675 5526 τὸ
3710 5472 3944 5539 ἐνεγκεῖν

2393 5568 2684 5635 ἀπόφασιν.
2713 5565 3049 5635 Σκοπησάτω
3078 5565 3111 5634 ἡ
3142 5562 3415 5631 τελειότης
3444 5578 3560 5629 σου,
3587 5561 3635 5615 εί
3663 5560 3764 5616 οὐκ
3787 5560 3943 5629 ἀξίως

2393 5658 2633 5729 lmmobv
2663 5656 2952 5727 γεγένηται
2978 5655 3086 5719 τοῖς
3116 5653 3321 5717 τέκνοις
3346 5668 3458 5705 σου.

1835 5800 1873 5829 ⁷²
1913 5782 2099 5852 Matth.
2124 5811 2274 5862 svnt,
2310 5795 2393 5851 l5.
