4158 6476
181 427 294 487 989

180 625 238 680 δέ
271 629 362 680 ἐπ’
386 627 562 696 αὐτὴν
591 627 690 698 τὴν
706 629 910 700 ἀπολ.].
942 629 1061 701 Θεῷ
1095 647 1155 684 τε
1188 631 1264 702 τῷ
1290 637 1638 707 παντεφόρῳ,
1673 637 1766 690 καὶ

179 721 250 788 τῇ
276 717 660 789 ἀρχιερωσύνη
682 734 772 772 σου
797 719 1111 789 ποιούμενοι
1135 722 1228 776 τὸν
1259 723 1438 781 λόγον.
1465 727 1577 780 Ούκ
1600 728 1767 790 ἐσμὲν

181 808 556 879 ἀποσχισταὶ,
585 803 630 862 ὦ
670 809 799 876 ἁγία
829 811 1060 881 κεφαλὴ,
1098 813 1198 883 τῆς
1230 814 1326 867 τοῦ
1359 815 1495 869 Θεοῦ
1539 818 1768 888 Ἐκκλη-

184 899 342 962 σίαςο
380 899 590 968 μήποτε
620 899 778 953 τοῦτο
804 902 1092 973 πάθοιμεν.
1137 904 1278 958 Ἀλλ’
1303 909 1350 959 εξ
1381 909 1474 960 καὶ
1508 909 1683 971 ἄλλως
1707 911 1768 962 ἐν

183 989 405 1051 πολλοῖς
427 991 819 1061 ἁμαρτήμασιν
839 994 1182 1065 ύπὰρχομεν,
1209 996 1350 1067 πλὴν
1377 998 1647 1068 όρθόδοξοι
1672 1002 1767 1054 καὶ⁹

180 1082 290 1151 τῆς
323 1081 616 1153 ωθολικῆς
677 1084 985 1154 Εκκλησίας
1015 1088 1305 1156 τρόφιμοι,
1346 1092 1527 1143 πᾶσαν
1555 1093 1766 1163 αἵρεσιν

181 1173 657 1243 ἀποδαλλόμενοι,
692 1175 790 1229 καὶ
843 1179 1025 1231 πᾶσαν
1077 1179 1369 1250 καθολικὴν
1406 1182 1496 1234 καὶ
1538 1182 1766 1251 τοπικὴν

183 1264 408 1318 σύνοδον
431 1267 832 1336 ἐγκεκριμένην
856 1268 1244 1339 ἀποδεχόμενοι
1261 1287 1274 1300 ⁸
1298 1272 1359 1323 ού
1389 1271 1494 1342 μὴν
1514 1271 1649 1325 ἀλλά
1671 1272 1767 1325 καὶ

181 1355 288 1419 τὰς
325 1356 458 1428 παρ’
505 1357 686 1410 αὐτῶν
740 1358 1141 1429 ἐκφωνηθείσας
1171 1362 1461 1424 κανονικάς
1495 1361 1765 1415 διατυπώ-

185 1463 326 1509 σεις.
357 1447 511 1518 Μηδὲ
542 1449 649 1518 γὰρ
675 1447 876 1501 τέλειον
905 1445 1043 1503 εῖναι
1069 1451 1369 1520 όρθόδοξον,
1395 1451 1509 1504 ἀλλ’
1541 1453 1600 1517 ἐξ
1638 1455 1768 1523 ἡμι-

184 1540 368 1603 σείας,
395 1541 488 1592 τὸν
522 1539 622 1610 τὴν
665 1541 851 1592 πίστιν
882 1541 1049 1611 ὀρθὴν
1087 1541 1334 1611 οἰόμενον
1373 1543 1540 1613 ἔχειν,
1575 1545 1685 1605 τοῖς
1708 1543 1766 1596 δὲ

181 1632 354 1696 θείοις
387 1633 575 1686 κανόσι
614 1634 686 1703 μὴ
717 1633 1178 1702 ἀπευθυνόμενον.
1216 1636 1325 1688 Καὶ
1352 1635 1451 1705 τὴν
1503 1635 1764 1706 μακαριό-

178 1723 328 1792 τητά
362 1739 478 1787 σου,
511 1723 672 1793 ήνὶκα
703 1724 1070 1795 προσεὸλήθη,
1095 1724 1496 1795 ἀπεδεξάμεθα,
1526 1725 1667 1779 καθὰ
1689 1727 1767 1788 εἰς

179 1814 426 1885 ἐπήκοον
476 1814 648 1883 αὐτῆς
692 1815 1174 1886 ἀπελογησάμεθα.
1220 1817 1332 1870 Καὶ
1374 1818 1441 1870 ἐκ
1498 1817 1616 1870 τότε
1671 1815 1766 1868 καὶ

184 1877 355 1975 μέχρι
386 1904 482 1958 τοῦ
505 1877 664 1975 δεῦρο
695 1908 752 1960 ἐν
777 1909 842 1978 τῇ
876 1877 1236 1978 μυσταγωγίᾳ
1264 1907 1338 1970 ὡς
1374 1907 1605 1976 καθήκει
1636 1908 1765 1960 ἀνα·
1798 1877 1840 1936 Β

184 1997 474 2068 φέρομεν·
528 1998 624 2051 καὶ
674 1997 750 2062 ὡς
802 1999 1012 2069 μάρτυς
1048 1997 1200 2064 Θεὸς,
1231 2000 1281 2052 εί
1317 1998 1440 2052 κατ’
1474 1999 1642 2068 αὐτὴν
1670 1997 1768 2069 τὴν

179 2087 404 2159 ἡμέραν
429 2086 664 2158 ἐζήτησε
697 2087 1030 2157 κοινωνῆσαι
1073 2089 1242 2157 ἡμᾶς,
1275 2088 1770 2158 συνεκοινωνοῦμεν

183 2179 256 2230 ἂν
291 2178 431 2247 αύτῇ
465 2177 632 2247 μηδὲν
656 2177 1090 2249 διακρινόμενοιο
1125 2179 1246 2232 ἐπεὶ
1275 2180 1368 2232 καὶ
1401 2179 1610 2250 ποθητὴ
1639 2181 1768 2249 ἡμῖν

183 2267 248 2334 ἐξ
276 2268 474 2339 ἀρχῆς.
508 2261 582 2321 OB
617 2269 776 2339 χάριν
803 2269 858 2322 δὲ
895 2269 956 2322 τὸ
990 2270 1414 2340 θρυλλούμενον,
1449 2270 1536 2323 διά
1567 2272 1657 2324 τὸν
1689 2273 1768 2323 oi-

185 2361 446 2429 κονόμον,
478 2360 536 2414 ὃν
567 2361 808 2433 καθῇρεν
832 2362 967 2433 αὑτὴ
1010 2365 1042 2432 ή
1083 2362 1332 2432 ἀλήθεια,
1367 2363 1581 2426 πολλοῖς
1613 2364 1771 2416 κανό-

187 2465 276 2502 σιν
301 2450 670 2506 ύποπεσόντα·
701 2454 888 2524 ἐπειδὴ
931 2454 1025 2506 καὶ
1070 2453 1177 2524 πρὸ
1211 2454 1310 2523 τῆς
1343 2454 1615 2523 ἐμφανοῦς
1652 2471 1772 2525 μοι-

188 2542 371 2612 χείας,
406 2545 715 2614 μοιχεύοντι
765 2546 842 2617 τῷ
875 2546 1386 2614 προδεδασιλευκότι
1418 2548 1474 2598 ἐν
1497 2547 1771 2616 διαφόροις

189 2633 531 2704 προσώποις,
563 2639 624 2691 οὐ
663 2637 820 2708 μόνον
844 2634 912 2706 ἦν
941 2638 1292 2707 λειτουργῶν,
1318 2638 1412 2692 καὶ
1437 2638 1770 2707 μεταδιδοὺς,

189 2727 291 2779 καλ⁵
322 2727 766 2799 συνεστιώμενος,
794 2730 930 2782 ἀλλά
969 2731 1062 2783 καὶ
1097 2731 1196 2799 τὴν
1241 2730 1435 2800 μερίδα
1466 2732 1583 2799 μετ’
1607 2726 1770 2783 αὑτοῦ

189 2819 500 2889 τιθέμενος,
541 2820 599 2886 ἐξ
642 2813 704 2873 οὗ
741 2821 994 2892 καὶπρὸς
1024 2822 1124 2892 τὴν
1157 2822 1456 2889 ἀναφανδὸν
1484 2821 1772 2888 ἀσέλγειαν

193 2909 478 2980 πρόθυμος
505 2911 722 2978 γέγονε·
757 2913 1174 2983 καταφρονήσας
1195 2910 1327 2964 Θεοῦ
1366 2912 1458 2964 καὶ
1489 2912 1596 2964 τῶν
1615 2911 1774 2965 θείων

197 3002 508 3070 κριμάτων.
540 3003 649 3055 Καὶ
679 3003 766 3056 ἵνα
799 3002 1147 3072 ἐκδηλότερον
1171 3003 1254 3072 εἴη
1275 3001 1334 3055 τὸ
1363 3001 1654 3070 λεγόμενον
1673 3018 1686 3031 ⁶
1711 3005 1772 3057 ού

195 3094 336 3164 πρὸς
367 3092 604 3165 διδαχὴν,
632 3095 838 3163 ἄπαγε’
868 3094 981 3148 ἀλλ’
1020 3096 1051 3164 ἢ
1093 3094 1252 3164 μόνον
1279 3094 1415 3165 πρὸς
1444 3095 1798 3165 ύπόμνησιν,.

196 3186 396 3256 αὐτὴν,
435 3189 483 3240 εί
515 3187 746 3251 κελεύει,
777 3189 875 3258 τὴν
914 3188 1053 3240 κατά
1086 3187 1184 3256 τὴν
1232 3187 1560 3258 στεφανικὴν
1609 3188 1773 3241 συνάο
1801 3221 1843 3276 c

198 3295 382 3345 φειαν,
417 3278 568 3346 ίεράν
602 3278 990 3346 μυσταγωγίαν
1031 3277 1387 3348 ἀναλήψεται,
1433 3280 1527 3332 καὶ
1567 3279 1771 3331 κατίδοι

197 3369 367 3421 πόσον
414 3370 558 3423 ἐστὶν
607 3370 839 3424 ἐνταῦθα
872 3370 1164 3423 ὑπολαϐεῖν
1187 3371 1280 3423 τὸν
1303 3370 1650 3442 παροξυσμὸν
1679 3369 1771 3422 τοῦ

199 3462 361 3528 ἀγίου
398 3461 714 3533 Ιῐνεύματος
756 3465 813 3515 ἐν
857 3467 976 3527 ταῖς
1018 3465 1296 3527 τοιαύταις
1335 3463 1769 3531 ἐναντιολογίαις.

199 3555 424 3617 Πάντως
448 3556 557 3626 γὰρ
587 3557 684 3609 ὃσα
722 3558 750 3609 ό
792 3558 968 3626 ίερεῦς
1002 3557 1310 3624 ὑποφαίνει,
1331 3555 1501 3610 ταῦτα
1534 3556 1626 3608 καὶ
1645 3555 1776 3617 Θεὸς

199 3646 405 3715 κυροῦν
461 3647 889 3714 ἐπαγγέλλεται,
924 3648 1065 3700 κατά
1115 3649 1204 3700 τὸν
1266 3647 1437 3717 μέγαν
1482 3647 1772 3700 Διονύσιον.

214 3736 376 3790 Ἀλλά
415 3737 502 3790 διὰ
555 3738 710 3791 τοῦτο
741 3738 974 3808 δεόμεθά
1021 3755 1111 3791 σου
1156 3739 1254 3806 τῆς
1298 3738 1653 3805 τελειότητος,
1687 3737 1777 3789 τὸν

203 3828 310 3881 ὑπὸ
354 3828 464 3882 τῶν
520 3830 757 3882 κανόνων
807 3830 1203 3900 καθῃρημένον,
1237 3831 1330 3883 καὶ
1379 3830 1484 3883 ὑπὸ
1519 3829 1611 3882 τοῦ
1647 3845 1778 3898 προ-

199 3918 556 3988 ηγησαμένου
580 3919 674 3988 τὴν
700 3921 1007 3991 ἁγιωσύνην
1027 3938 1138 3986 σου,
1158 3922 1440 3991 είρχθέντα
1468 3921 1606 3984 ὅλοις
1626 3922 1779 3974 ἐννέα

203 4007 373 4073 ἔτεσι,
428 4008 632 4064 παῦσαι
693 4014 793 4084 τῆς
846 4012 1175 4084 ἱερουργίας,
1226 4012 1549 4083 παραλόγως
1605 4011 1778 4066 είσελ-

204 4099 391 4154 θόντα.

282 4193 442 4262 Ἀρτι
486 4192 592 4262 γὰρ
644 4193 703 4246 τὸ
744 4195 998 4248 ταπεινὸν
1048 4196 1223 4266 στόμα
1271 4195 1428 4264 ήμῶν
1469 4193 1778 4264 ἠνοίξαμεν,

209 4279 373 4351 ήνικα
423 4282 813 4353 ἐνεκλήθημεν.
856 4283 1120 4354 Ὀπηνίκα
1151 4285 1260 4354 γὰρ
1306 4284 1548 4352 ἐγεγόνει
1590 4286 1623 4355 ή
1661 4301 1783 4336 συνο

205 4371 416 4434 έλευσις
448 4371 631 4441 ἐκείνη
657 4375 690 4442 ή
723 4373 913 4444 μικρὰ,
939 4376 1034 4428 καὶ
1061 4374 1160 4428 ούκ
1187 4370 1280 4427 οἷδ’
1309 4375 1466 4428 ὁποία
1485 4376 1657 4426 εἰπεῖν
1675 4390 1690 4404 ·
1720 4375 1783 4426 ἐκ

206 4465 308 4532 τῆς
338 4465 582 4533 φυλακῆς
623 4465 771 4534 ήμην
807 4467 926 4519 κατ’
959 4467 1088 4520 αὐτὸ
1117 4465 1474 4537 ἐξεληλυθὼς.
1507 4467 1616 4518 Καὶ
1659 4464 1781 4517 ἐπεὶ

1415 435 1955 498 EPISTOLARUM
1989 437 2137 498 LIB.
2177 437 2228 499 Ι.

255 535 455 608 ’Ῐημεν
497 535 560 589 δὲ
605 535 694 589 ἐπ’
744 537 910 607 αὐτῆς
957 538 1058 610 τῆς
1106 539 1400 610 ἀπολογίας
1439 544 1536 616 [αι.
1575 549 1772 617 Ἴωμεν
1801 551 1847 606 Α

3336 440 3443 503 990

1979 545 2135 602 Nunc
2157 555 2340 602 autem
2394 545 2671 618 pergimus
2713 545 2780 601 ad
2831 546 3209 618 purgationem
3257 563 3441 603 coram

1869 636 1980 693 Deo
2013 640 2104 708 qui
2141 639 2323 693 omnia
2352 639 2545 704 cernit,
2579 648 2632 693 et
2659 654 2844 694 coram
2876 640 3324 709 archiprmsulatu
3350 652 3442 697 tuo

1867 732 2030 785 verba
2071 731 2284 786 facturi.
2316 730 2434 785 Non
2467 747 2654 786 sumus
2713 732 3063 802 aposchistaa,
3118 749 3151 787 ο
3190 742 3438 788 sanctum

1866 832 2050 891 caput.
2075 823 2143 876 ab
2173 823 2414 877 Ecclesia
2439 823 2529 877 Dei
2564 839 2579 876 ε
2618 822 2758 876 absit
2795 832 2852 876 ut
2908 823 2959 876 id
2993 839 3227 892 unquam
3281 823 3440 877 nobis

1866 913 2078 967 eveniat
2106 915 2118 967 ι
2164 913 2268 968 Sed
2301 913 2597 982 quamlibet
2642 914 2761 967 aliis
2792 913 3040 984 plurimis
3070 914 3307 983 peccatis
3340 915 3440 968 ob—

1867 1005 2012 1059 noxii
2043 1013 2342 1070 teneamur,
2377 1021 2564 1059 sumus
2591 1013 2828 1059 attamen
2873 1006 3184 1067 orthodoxi,
3221 1014 3274 1059 et
3339 1004 3441 1059 Ec-

1867 1096 2044 1150 clesia:
2095 1097 2380 1151 catholica:
2429 1097 2654 1161 alumni,
2713 1098 2963 1152 haeresim
3002 1112 3220 1151 omnem
3277 1112 3441 1167 repu-

1865 1187 2095 1250 diantes,
2129 1202 2453 1256 omnemque
2506 1188 2866 1242 universalem
2913 1197 2967 1242 et
2995 1188 3222 1242 localem
3271 1203 3437 1257 syno-

1867 1279 1994 1334 dum
2028 1279 2382 1348 approbatam
2440 1279 2770 1348 recipientes
2806 1297 2818 1344 ;
2871 1294 2972 1333 nec
3019 1294 3128 1332 non
3164 1278 3339 1333 editas
3370 1278 3439 1332 ab

1867 1369 1970 1423 illis
2003 1368 2292 1423 canonicas
2346 1367 2762 1422 constitutiones
2792 1385 2806 1425 :
2838 1384 3016 1438 neque
3061 1367 3206 1423 enim
3258 1367 3440 1436 perfe-

1866 1468 2013 1513 ctum
2055 1471 2176 1512 esse
2221 1456 2606 1520 orthodoxum,
2638 1457 2732 1509 sed
2767 1455 3127 1519 dimidiatum,
3153 1455 3245 1524 qui
3277 1454 3439 1510 ﬁdem

1866 1549 2088 1618 quidem
2138 1555 2341 1601 rectam
2394 1548 2592 1601 habere
2643 1548 2914 1608 videatur,
2970 1548 3165 1602 divinis
3192 1563 3322 1600 vero
3352 1561 3442 1599 ca-

1867 1640 2105 1694 nonibus
2146 1655 2256 1693 non
2292 1648 2530 1708 regatur.
2563 1638 2961 1694 Beatitudinem
3027 1647 3195 1702 tuam,
3225 1637 3442 1707 quando

1866 1741 2114 1805 promota
2160 1731 2280 1797 fuit,
2305 1732 2664 1801 suscepimus,
2696 1731 3153 1801 quemadmodum
3183 1732 3359 1800 palam
3388 1729 3439 1784 ei

1867 1824 2046 1880 testati
2089 1838 2299 1878 sumus.
2353 1821 2418 1876 Et
2448 1838 2514 1876 ex
2575 1837 2641 1876 eo
2697 1830 2938 1891 tempore
2995 1821 3048 1875 in
3095 1821 3240 1875 hunc
3270 1833 3441 1888 usque

1871 1916 2036 1981 diem,
2073 1915 2129 1969 in
2180 1915 2505 1985 mystagogia
2559 1927 3064 1977 commemoramus,
3097 1920 3272 1982 utpar
3322 1919 3439 1974 est,

1870 2015 1944 2072 et,
1977 2008 2117 2062 sicut
2145 2006 2299 2061 testis
2323 2016 2404 2061 est
2435 2007 2595 2070 Deus,
2631 2006 2674 2060 si
2726 2004 2823 2060 illo
2887 2005 2976 2059 die
3037 2002 3442 2059 communicare

1871 2115 1972 2154 nos
2001 2098 2281 2162 voluisset,
2325 2099 2884 2153 communicassemus
2945 2095 3105 2167 plane
3135 2111 3257 2151 cum
3301 2096 3438 2166 ipsa,

1870 2187 2007 2241 nihil
2053 2187 2460 2251 discernentes;
2519 2200 2644 2240 cum
2678 2183 3036 2240 desideranda
3064 2183 3222 2238 nobis
3281 2182 3442 2238 fuerit

1871 2279 1939 2332 ab
1973 2277 2148 2330 initio.
2220 2277 2295 2332 De
2342 2290 2627 2343 (economo
2658 2283 2860 2338 autem,
2899 2273 3056 2342 cujus
3121 2286 3284 2325 causa
3325 2269 3443 2323 haec

1867 2368 2161 2438 iactantur,
2218 2381 2380 2435 quem
2425 2365 2623 2419 veritas
2666 2365 2781 2434 ipsa
2815 2365 3087 2434 deposuit,
3125 2363 3308 2416 multis
3341 2377 3436 2416 ca-

1870 2457 2105 2512 nonibus
2142 2456 2455 2519 obnoxium,
2494 2470 2617 2510 cum
2649 2454 2890 2508 velante
2945 2463 3195 2522 apertum
3231 2453 3443 2507 adulte-

1872 2550 2180 2614 rium,cum
2228 2548 2593 2602 mmcharetur
2649 2547 2703 2600 in
2767 2546 2933 2600 variis
2963 2545 3210 2615 personis
3242 2559 3444 2614 praece-

1874 2643 2008 2698 dens
2067 2641 2386 2711 imperator,
2443 2655 2552 2693 non
2603 2639 2777 2693 solum
2833 2637 3143 2692 sacrificarit
3203 2637 3337 2706 ipse,
3390 2645 3444 2689 et

1873 2731 2308 2789 communionem
2340 2730 2720 2800 impertiverit,
2757 2738 2810 2783 et
2836 2744 2941 2782 una
2965 2728 3212 2797 epulatus
3237 2727 3326 2792 sit,
3347 2727 3443 2780 sed

1874 2831 2082 2893 partem
2117 2821 2279 2875 etiam
2335 2836 2457 2874 cum
2510 2834 2574 2874 eo
2597 2818 2869 2889 posuerit:
2905 2818 3048 2871 unde
3079 2826 3134 2870 et
3162 2825 3444 2886 promptus

1875 2916 2081 2971 exstitit
2141 2915 2204 2968 ad
2245 2914 2513 2984 publicam
2561 2911 3024 2976 incontinentiam,
3093 2910 3260 2966 Deum
3317 2925 3446 2964 con-

1876 3019 2124 3062 temnens
2154 3016 2208 3060 et
2241 3007 2423 3060 divina
2482 3004 2704 3075 judicia.
2765 3004 2940 3072 Atque
2999 3012 3058 3057 ut
3107 3001 3446 3056 manifestius

1877 3098 1987 3161 fiat,
2028 3096 2169 3166 quod
2191 3096 2406 3158 dicitur,
2437 3091 3005 3154 nondocendistudio,
3037 3090 3206 3144 absit!
3232 3087 3325 3142 sed
3359 3102 3447 3140 re-

1876 3189 2139 3244 novandae
2167 3187 2439 3242 memoriae
2486 3189 2675 3258 gratia,
2729 3188 2900 3258 ipsam
2947 3185 2992 3240 si
3045 3182 3396 3253 placet,qua:
3429 3219 3444 3242 ,

1877 3281 2004 3335 dum
2044 3289 2372 3334 coronantur
2419 3281 2620 3350 sponsi,
2671 3288 2980 3348 usurpatur,
3061 3272 3448 3345 mystagogiam

1876 3388 2084 3428 sacram
2111 3383 2368 3436 resumat,
2393 3382 2446 3426 et
2464 3373 2757 3442 perspiciet
2799 3380 3059 3442 quantam
3103 3367 3234 3421 hinc
3274 3363 3450 3430 conji-

1875 3480 1996 3520 cere
2019 3465 2177 3518 liceat
2221 3463 2455 3534 Spiritus
2493 3467 2662 3521 sancti
2715 3463 3141 3535 indignationem
3183 3458 3236 3511 in
3285 3456 3451 3510 tantis

1875 3553 2410 3612 contradictionibus.
2445 3555 2675 3610 Omnino
2709 3553 2852 3609 enim
2883 3561 3219 3621 quaecunque
3267 3561 3450 3600 sacer-

1875 3645 1972 3699 dos
2016 3650 2362 3717 pronuntiat,
2396 3663 2458 3701 ea
2506 3647 2854 3715 impleturum
2895 3659 2952 3698 se
2985 3640 3258 3712 promittit
3302 3642 3451 3696 Deus

1873 3744 2024 3813 juxta
2047 3757 2297 3812 magnum
2353 3739 2684 3810 Dionysium.
2710 3737 3000 3806 Propterea
3019 3753 3146 3807 ergo
3196 3753 3452 3807 rogamus

1880 3835 2269 3906 perfectionem
2307 3843 2474 3896 tuam,
2509 3839 2569 3886 ut
2616 3831 2922 3900 depositum
2961 3845 2990 3884 a
3030 3830 3351 3894 canonibus,
3396 3837 3452 3883 et

1880 3945 1908 3983 a
1940 3928 2341 3998 predecessore
2405 3922 2709 3978 sanctitatis
2771 3931 2877 3976 tua:
2927 3921 3261 3991 prohibitum
3324 3921 3453 3974 totis

1879 4034 2075 4074 novem
2104 4017 2287 4081 annis,
2315 4023 2513 4084 praeter
2535 4013 2801 4069 rationem
2867 4013 3196 4085 ingressum,
3239 4027 3455 4068 cessare

1876 4111 2069 4181 iubeas
2099 4123 2130 4161 a
2173 4104 2493 4162 sacerdotio.
2609 4174 2616 4187 '

1949 4198 2107 4251 Nunc
2159 4194 2431 4264 siquidem
2466 4193 2670 4248 humile
2695 4206 2758 4246 os
2797 4199 3042 4246 nostrum
3099 4189 3448 4258 aperuimus,

1881 4285 2097 4355 quando
2125 4280 2299 4336 vocati
2335 4279 2556 4334 fuimus.
2610 4279 2746 4334 Cum
2792 4279 2936 4334 enim
2991 4277 3164 4332 factus
3191 4287 3276 4332 est
3322 4292 3453 4332 con-

1881 4387 2076 4442 ventus
2107 4377 2194 4430 ille
2215 4389 2434 4445 parvus,
2457 4382 2512 4427 et
2540 4376 2723 4427 nescio
2751 4388 2859 4442 quo
2898 4373 3118 4427 nomine
3145 4371 3408 4441 appellem
3434 4388 3450 4436 ;

1883 4484 1950 4524 ex
2005 4480 2223 4522 carcere
2275 4479 2371 4534 per
2419 4464 2560 4518 idem
2608 4471 2820 4533 tempus
2873 4463 3186 4517 redieram:
3222 4476 3454 4530 cumque

210 4554 402 4626 ἐώρων
441 4555 660 4619 τούτους
700 4557 1187 4627 συνηθροισμένους
1219 4558 1345 4620 τοὺς
1377 4558 1470 4610 καὶ
1515 4557 1776 4625 πρότερον

1883 4559 2121 4614 viderem
2144 4571 2237 4611 eos
2269 4569 2391 4608 esse
2417 4563 2773 4623 congregatos
2795 4593 2808 4616 ,
2863 4555 2954 4622 qui
2995 4552 3320 4607 adulterium
3354 4568 3454 4604 an-

209 4645 312 4714 τὴν
345 4645 591 4715 μοιχείαν
621 4639 1106 4716 καταδεξαμένους,
1138 4648 1232 4701 καὶ
1260 4647 1350 4700 τὸν
1385 4647 1776 4717 μοιχοζεύκτην

210 4734 627 4805 ἀσπαζομένους
645 4751 660 4766 ⁸
679 4738 957 4808 ἐμνήσθην
978 4738 1070 4791 τοῦ
1088 4737 1424 4808 προφητικοῦ
1440 4739 1670 4802 ἐκείνου,
1696 4738 1777 4790 ὅτι

226 4823 280 4878 Ὁ
310 4826 538 4878 συνιὼν
577 4827 646 4881 ἐν
678 4827 758 4892 τῷ
804 4828 986 4898 καιρῷ
1026 4831 1237 4896 ἐκείνῳ
1268 4829 1658 4896 σιωπήσεται,
1690 4831 1779 4883 ὅτι

212 4917 419 4984 καιρός
431 4921 693 4986 πονηρός
705 4921 892 4974 ἐστιν.
912 4922 1048 4974 Ἀλλ’
1062 4923 1184 4974 ἐπεὶ
1197 4924 1225 4974 ό
1236 4922 1396 4984 αὐτὸς
1407 4922 1572 4990 λέγει·
1593 4922 1782 4975 Ἐσιώ-

211 5023 363 5078 «non
382 5025 396 5037 ·
419 5008 493 5079 μὴ
509 5010 602 5062 καὶ
622 5010 706 5063 ἀεὶ
734 5013 1078 5082 σιωπήσομαι
1098 5030 1111 5076 ;
1135 5013 1220 5064 διὰ
1236 5011 1391 5066 τοῦτο
1413 5013 1470 5064 ἐν
1497 5012 1672 5082 καιρῷ
1692 5012 1782 5064 εύο

213 5098 356 5168 θέτῳ
379 5099 805 5170 συκοφαντηθε“ις
826 5103 1098 5172 ἀνήνεγκα
1119 5105 1185 5155 τὰ
1211 5103 1590 5172 παριστάμενα
1612 5121 1625 5135 ·
1658 5103 1780 5155 ἐπεὶ

211 5189 276 5242 τὸ
309 5191 432 5242 ὅσον
481 5192 538 5242 ἐν
586 5191 729 5260 ἐμοὶ,
757 5195 918 5245 παντὶ
949 5195 1134 5265 τρόπῳ
1175 5195 1526 5264 ἐφυλαξάμην
1566 5199 1624 5248 ἐν
1665 5197 1777 5258 τοῖς

212 5279 368 5332 δυσὶν
411 5278 557 5334 ἔτεσι
598 5280 829 5346 τούτοις,
869 5281 944 5352 μὴ
988 5284 1067 5345 είς
1099 5284 1378 5351 προῦπτον
1421 5285 1648 5353 ἐκϐῆναι
1686 5283 1786 5352 τὴν

215 5369 476 5424 ὑπόθεσιν
502 5387 514 5401 ·
553 5373 727 5424 ἐκεῖνο
769 5374 826 5425 ἐν
865 5373 1085 5442 ἐμαυτῷ
1127 5374 1349 5442 λέγων,ι
1375 5377 1478 5440 ὃτι,
1521 5377 1645 5427 ἐπεὶ
1688 5375 1786 5428 ούκ

215 5461 337 5530 εἰμὶ
387 5452 686 5514 ἐπισκόπου
725 5462 862 5531 έχων
901 5463 1113 5532 ἀξίωμα
1159 5464 1458 5532 δυνάμενος
1506 5463 1782 5532 ἐλέγχειν·

216 5551 450 5621 ἀρκετόν
500 5569 588 5620 μοι
623 5555 656 5622 ἡ
693 5554 865 5606 οἰκεία
892 5555 1126 5625 φυλακὴ,
1158 5557 1250 5608 καὶ
1289 5557 1350 5608 τὸ
1385 5555 1461 5625 μὴ
1502 5555 1788 5624 μετασχεῖν

219 5656 291 5710 με
320 5639 419 5708 τῆς
445 5657 505 5692 τε
536 5643 742 5695 ἐκείνου
777 5644 1078 5707 κοινωνίας,
1110 5645 1328 5697 καὶτῶν
1353 5645 1542 5715 ἐκείνῳ
1568 5646 1624 5698 ἐν
1648 5643 1788 5712 γνὼο

219 5747 301 5784 σει
339 5731 912 5803 συλλειτουργούντων,
945 5735 1047 5800 ἓως
1076 5735 1141 5789 ἂν
1171 5737 1234 5788 ἐκ
1278 5735 1443 5806 μέσου
1476 5736 1699 5806 γένηται
1728 5733 1788 5788 τὸ

288 5849 516 5905 "Amos
557 5869 608 5912 ν,
649 5853 730 5907 15.
806 5854 848 5885 ⁷⁸³
882 5854 980 5910 lsa.
1013 5869 1113 5908 λιιι
1181 5852 1260 5906 li.

1886 4660 1970 4705 tea
2009 4653 2378 4717 susceperant,
2431 4653 2486 4703 et
2516 4647 2747 4700 adulteri
2819 4647 3189 4716 copulatorem
3239 4642 3455 4697 fuerant

1884 4725 2180 4811 complexi;
2209 4742 2356 4796 venit
2397 4742 2526 4794 mihi
2564 4741 2614 4792 in
2662 4749 2899 4794 mentem
2940 4737 3083 4790 illius
3149 4735 3276 4790 dicti
3327 4750 3454 4805 pro-

1885 4831 2128 4900 phetici:
2184 4832 2408 4901 Sapiens
2457 4833 2509 4885 in
2530 4831 2620 4884 illo
2683 4841 2911 4899 tempore
2965 4828 3154 4892 silebit,
3205 4828 3454 4896 quoniam

1889 4932 2088 4991 tempus
2113 4923 2308 4977 malum
2338 4934 2412 4978 est
2443 4926 2507 4978 ".
2539 4923 2644 4978 Sed
2675 4939 2799 4979 cum
2831 4923 2975 4977 dicat
3005 4921 3146 4975 idem
3174 4937 3186 4972 :
3244 4917 3409 4973 Tacui
3437 4959 3451 4981 ,

1886 5015 2130 5083 nunquid
2148 5031 2363 5086 semper
2385 5017 2573 5071 tacebo
2594 5017 2640 5048 "
2667 5017 2692 5068 .9
2725 5021 3011 5085 propterea
3046 5021 3291 5080 tempore
3317 5025 3455 5064 con-

1885 5104 2121 5173 gruenti,
2168 5104 2436 5157 calumnia
2484 5118 2725 5173 pressus,
2780 5102 2896 5156 haec
2925 5099 3160 5154 tamdem
3216 5096 3452 5167 protuli;

1879 5195 2025 5265 quia,
2048 5203 2307 5265 quantutn
2327 5194 2380 5249 in
2413 5211 2498 5249 me
2523 5195 2644 5260 fuit,
2665 5194 2810 5248 omni
2840 5192 3044 5247 ratione
3067 5189 3180 5246 cavi
3212 5189 3292 5241 his
3319 5188 3455 5241 duo-

1882 5285 1984 5340 bus
2018 5285 2195 5350 annis,
2249 5301 2318 5339 ne
2375 5300 2462 5340 res
2509 5285 2560 5338 in
2593 5294 2836 5354 apertum
2868 5283 3130 5353 prodiret.
3158 5280 3287 5334 illud
3338 5294 3452 5332 me-

1886 5389 2011 5428 cum
2074 5375 2342 5429 volvens:
2409 5374 2848 5444 quandoquidem
2910 5370 3147 5442 episcopi
3199 5367 3456 5438 dignitate

1882 5466 2142 5533 praeditus
2187 5482 2296 5520 non
2329 5481 2526 5530 essem,
2559 5476 2617 5520 ut
2664 5465 2922 5538 arguendi
2961 5463 3187 5518 habeam
3220 5467 3454 5530 potesta-

1889 5566 1996 5611 tem
2025 5597 2040 5622 ,
2065 5557 2314 5612 sullicere
2369 5557 2412 5612 si
2443 5573 2530 5612 me
2584 5557 2700 5628 ipse
2751 5556 3068 5621 custodiam,
3101 5564 3158 5610 et
3193 5568 3304 5606 non
3333 5566 3454 5620 par-

1893 5647 2114 5717 ticipem
2144 5648 2292 5704 illius
2319 5650 2712 5715 communioni,
2758 5665 3056 5718 eorumque
3081 5649 3172 5718 qui
3219 5645 3456 5703 scientes

1892 5755 2018 5794 cum
2039 5754 2105 5796 co
2131 5755 2281 5795 sacra
2324 5740 2543 5807 faciunt,
2594 5743 2769 5813 quoad
2808 5741 3121 5797 scandalum
3163 5741 3230 5798 de
3278 5739 3453 5797 medic
