4158 6468
703 375 804 441 991

1899 389 1959 449 S.
1999 385 2391 448 THEODORI
2425 385 2768 446 STUDIT/E

3857 389 3962 453 992

707 489 940 546 tollatur.
975 489 1087 545 Hoc
1114 490 1278 563 igitur
1308 507 1529 549 oramus
1561 502 1616 548 et
1650 493 2004 560 obtestamur,
2049 509 2108 552 ut
2144 514 2266 567 per-

2387 496 2685 550 τκάνδαλον.
2717 492 2886 548 Τοῦτο
2916 493 3091 545 τοίνυν
3119 491 3546 562 παρακαλοῦμεν
3573 494 3667 547 καὶ
3696 493 3958 566 δεόμεθα,

704 582 917 637 suaderi
947 583 1051 636 sibi
1081 584 1222 638 sinat
1246 595 1433 640 sancta
1461 585 1640 638 anima
1663 594 1773 648 tua,
1820 586 1980 641 istum
2007 589 2280 644 hominem

705 673 983 738 coerceri,
1024 689 1092 728 ne
1126 675 1465 744 vituperetur
1504 677 1846 745 inculpabilis
1876 681 2134 733 sanctitas
2159 690 2279 745 tua,

704 780 774 818 ne
803 765 1075 833 polluatur
1121 767 1365 820 divinum
1407 769 1574 822 altare
1613 768 1844 837 depositi
1907 771 2144 826 hominis
2181 773 2281 825 mi-

705 855 954 919 nisterio,
1015 872 1084 910 ne
1123 858 1360 927 denique
1424 861 1669 912 oriantur
1718 859 1878 927 iusta:
1929 863 2278 917 schismatum

706 949 1039 1002 occasiones.
1080 948 1220 1003 Vere
1268 951 1410 1004 enim
1447 962 1501 1004 et
1551 952 1760 1004 sincere
1792 951 1891 1006 hoc
1929 955 2065 1008 sciat
2109 955 2280 1008 beati-

708 1037 836 1089 tudo
867 1046 974 1100 tua,
1007 1038 1150 1105 quod
1215 1039 1318 1092 nisi
1380 1041 1493 1094 haec
1527 1045 1595 1095 ita
1636 1044 1767 1099 ﬁant
1816 1044 1984 1099 Deum
2045 1047 2279 1100 amantis

705 1128 896 1180 anima:
926 1137 1029 1181 tuae
1061 1139 1218 1194 nutu,
1245 1141 1299 1184 et
1336 1133 1700 1200 piissimorum
1732 1153 1793 1192 ac
1828 1139 2278 1206 triumphatorum

707 1217 1094 1286 imperatorum
1124 1228 1431 1277 nostrorum
1460 1242 1473 1288 ;
1511 1228 1626 1282 zelo
1651 1229 1914 1299 siquidem
1946 1231 2088 1299 pleni
2110 1239 2235 1284 sunt
2263 1247 2277 1294 ;

2381 585 2767 655 δυσωπηθῆναί
2799 601 2893 636 σου
2924 583 3020 652 τὴν
3042 583 3200 650 ἁγίαν
3225 583 3400 652 ψυχὴν
3425 585 3846 655 παρασταλῆναι
3869 587 3961 638 τὸν

2381 679 2569 748 ἄνδρα.
2603 677 2743 748 Πρὸς
2771 675 2832 729 τὸ
2858 676 2931 745 μὴ
2966 674 3271 745 μωμεῖσθαί
3295 691 3388 726 σου
3415 675 3515 745 τὴν
3543 676 3782 746 ἄληπτον
3813 678 3966 730 ὁσιό-

2381 786 2552 839 τητα·
2589 769 2724 838 μηδὲ
2767 768 3086 837 χραίνεσθαι
3127 766 3187 820 τδ
3214 766 3357 820 θεῖον
3393 766 3778 838 θυσιαστήριον
3817 769 3963 822 καθ-

2381 861 2660 930 ῃρημένου
2715 859 3053 930 λειτουργίᾳ·
3101 859 3234 930 μηδὲ
3281 855 3419 913 εἶναι
3463 861 3640 924 αἰτίας
3697 862 3968 930 εὐλόγους

2384 953 2718 1022 σχισμάτων.
2752 951 3069 1004 Γινωσκέτω
3102 951 3211 1020 γὰρ
3238 950 3482 1018 accuso;
3510 952 3604 1004 καὶ
3631 952 3968 1021 ἀκραιφνῶς

2382 1046 2414 1113 ὴ
2457 1045 2794 1114 μακαριότης
2829 1061 2945 1106 σου,
2977 1044 3081 1106 ὅτι,
3112 1045 3160 1096 ει
3192 1043 3266 1113 μὴ
3296 1043 3454 1096 τοῦτο
3497 1043 3720 1113 γένηται
3769 1043 3969 1097 νεύσει

2383 1135 2478 1186 καὶ
2507 1135 2603 1202 τῆς
2637 1133 2886 1201 φιλοθέου
2913 1132 3092 1201 ψυχῆς
3135 1133 3229 1185 καὶ
3269 1132 3380 1184 τῶν
3418 1132 3830 1187 εὐσεδεστάτων
3868 1135 3972 1186 καὶ

2381 1226 2706 1278 καλλινίκων
2749 1224 2906 1294 ήμῶν
2955 1223 3216 1292 βασιλέων
3258 1221 3524 1292 (ζηλωταὶ
3557 1222 3666 1294 γάρ
3713 1224 3872 1292 εἱσι),
3906 1224 3969 1277 τδ

708 1311 775 1363 de
801 1310 958 1365 nobis
999 1312 1218 1379 quidem
1274 1330 1370 1384 pro
1430 1320 1686 1374 mandato
1742 1323 2106 1392 pugnantibus
2151 1323 2278 1390 quid

2387 1317 2482 1386 μὲν
2505 1316 2770 1386 ἡμέτερον
2791 1316 2939 1378 ὅπως
2957 1314 3023 1367 ἂν
3051 1314 3161 1377 ἔξει
3191 1313 3333 1383 ὑπὲρ
3361 1314 3459 1383 τῆς
3486 1315 3708 1384 ἐντολῆς
3736 1316 3970 1368 ἐνιστα-

707 1399 946 1456 l‘uturum
975 1402 1066 1471 sil,
1095 1405 1236 1462 Deus
1262 1407 1451 1463 novit:
1481 1411 1715 1465 schisma
1762 1422 1964 1476 autem,
2000 1412 2109 1466 Deo
2143 1421 2280 1467 teste

2387 1406 2582 1476 μένων,
2617 1405 2734 1475 Θεῷ
2764 1403 3104 1474 ἑγνωσμᾶνον
3125 1419 3140 1435 ·
3177 1405 3381 1474 σχίσμα
3405 1404 3462 1456 δὲ
3495 1404 3657 1473 μέγα,
3681 1405 3784 1458 ὑπὸ
3813 1406 3972 1474 μὰρ·

710 1490 1003 1564 clectisque
1035 1498 1238 1568 angelis
1269 1499 1409 1568 ejus,
1454 1515 1710 1570 magnum
1773 1501 1865 1556 ﬁet
1910 1502 1965 1556 in
2040 1502 2278 1556 Ecclesia

2387 1513 2502 1566 τυρι
2523 1495 2640 1564 Θεῷ
2666 1496 2760 1547 καὶ
2793 1493 3064 1548 ἐκλεκτῶν
3086 1493 3249 1547 αὐτοῦ
3285 1493 3554 1562 ἀγγέλων,
3581 1497 3884 1567 γενήσεται
3907 1498 3972 1548 ἐν

710 1593 915 1640 nostra.
972 1587 1074 1644 Sed
1122 1590 1398 1652 miserere,
1439 1601 1623 1660 pastor
1681 1592 1821 1647 bone
1856 1634 1871 1658 ,
1917 1595 2010 1648 sed
2061 1596 2275 1664 adjuva,

2387 1587 2445 1654 τῇ
2473 1586 2594 1638 καθ’
2638 1588 2789 1656 ἡμᾶς
2832 1585 3147 1657 Ἐκκλησία.
3187 1586 3326 1638 Ἀλλ’
3350 1585 3592 1655 ἐλέησον,
3615 1587 3645 1639 ό
3681 1589 3898 1655 ποιμὴν
3941 1589 3973 1640 ό

709 1674 884 1738 perite
933 1682 1166 1746 medice,
1198 1696 1413 1751 gregem
1453 1692 1603 1736 tuum
1628 1722 1642 1745 ,
1679 1699 1809 1738 oves
1835 1694 1974 1749 tuas,
2010 1686 2278 1742 Ecclesias

2387 1675 2567 1737 καλὸς,
2600 1677 2734 1729 ἀλλά
2759 1675 3044 1746 βοήθησον,
3074 1678 3102 1729 ὁ
3130 1677 3311 1746 ίατρδς
3330 1679 3358 1729 ὁ
3383 1678 3720 1748 ἐπιστήμων,
3745 1680 3809 1747 τῇ
3843 1677 3976 1732 ποίη

708 1768 849 1829 tuas,
887 1771 1167 1838 sapientiae
1196 1782 1300 1827 tua:
1342 1774 1554 1838 modis,
1588 1776 1890 1843 prudentiae
1949 1788 2054 1832 tute
2076 1780 2274 1836 verbis.

2387 1782 2492 1839 μνῃ
2522 1783 2636 1832 σου,
2665 1768 2732 1822 τὰ
2760 1769 3009 1838 πρόσατά
3042 1785 3154 1834 σου,
3189 1769 3288 1832 τὰς
3329 1769 3652 1838 Ἐκκλησίας
3683 1786 3796 1833 σου,
3830 1770 3974 1840 e96-

707 1857 964 1912 remediis
995 1860 1126 1913 artis
1162 1869 1266 1915 tuae
1303 1879 1316 1915 :
1379 1877 1533 1916 ovem
1592 1880 1754 1919 unam
1796 1866 2027 1920 exclude
2081 1883 2112 1920 a
2161 1868 2276 1920 solo

2387 1833 2503 1920 ποις
2548 1860 2740 1926 σοφίας
2783 1833 2900 1922 σου,
2945 1833 3145 1926 λόγοις
3171 1857 3437 1922 συνέσεώς
3478 1833 3594 1923 σου,
3641 1833 3973 1928 φαρμάιεοις

707 1949 974 2005 sacriﬁcio
1000 1991 1015 2015 ,
1035 1961 1088 2005 et
1122 1953 1403 2008 universas
1448 1954 1680 2011 lucrare.
1720 1956 1784 2010 Et
1815 1974 1881 2012 ne
1912 1959 2074 2012 unius
2099 1960 2277 2013 scabie

2387 1949 2619 2019 ἰατρείας
2674 1966 2796 2003 σουο
2840 1950 2901 2003 τὸ
2943 1951 3001 2003 ἓν
3036 1950 3306 2021 πρόϐατον
3348 1951 3604 2022 ἀπείρξαι
3649 1951 3816 2020 μόνης
3860 1951 3973 2019 τῆς

710 2039 1008 2096 Ecclesiam
1031 2043 1207 2108 iniice,
1239 2061 1399 2114 quam
1425 2047 1712 2117 acquisivit
1749 2048 2012 2106 Dominus
2040 2059 2098 2105 et
2132 2050 2278 2106 Deus

2387 2040 2713 2111 ἱερουργίας,
2763 2041 2860 2094 καὶ
2903 2042 2970 2094 τά
3011 2042 3107 2094 ὅλα
3147 2041 3446 2112 κερδῆσαι·
3489 2041 3582 2094 καὶ
3622 2040 3696 2112 μὴ
3742 2043 3807 2111 τῇ
3861 2039 3971 2094 τοῦ

707 2142 896 2187 noster
926 2138 1189 2206 sanguine
1221 2152 1339 2190 suo.

1063 2437 1328 2494 XXV1.—
1347 2437 1592 2509 Symeoni
1625 2444 1924 2511 praeposito.

2375 2131 2494 2194 ἐνὸς
2539 2131 2700 2204 ψώρᾳ
2745 2133 3085 2202 λυμανθῆναι
3137 2133 3233 2204 τὴν
3282 2133 3639 2201 Ἐκκλησίαν,
3677 2134 3748 2204 ην
3791 2150 3973 2202 περι-

2373 2223 2673 2291 εποιήσατο
2731 2225 2759 2276 ό
2823 2223 3029 2294 Κύριος
3086 2225 3180 2277 καὶ
3243 2222 3374 2287 Θεὸς
3433 2223 3590 2297 ἡμῶν
3645 2224 3721 2294 τῷ
3769 2223 3976 2296 οἰκείῳ

2384 2303 2600 2382 αἵματι.

2665 2452 2810 2522 κς.
2836 2487 2904 2498 -
2925 2456 3168 2526 Συμεὼν
3187 2457 3517 2529 ἡγουμένῳ.
3555 2454 3708 2530 [με]

1253 2577 1328 2626 De
1348 2576 1619 2639 patriarcha
1644 2577 1921 2641 Nlcephoro
1945 2586 1997 2630 et
2017 2580 2219 2633 Simone
2249 2588 2486 2638 monacho
2509 2591 2732 2652 querela.
2763 2593 2962 2654 (Baron.
2987 2608 3068 2643 an.
3090 2594 3200 2653 808,
3224 2607 3274 2643 n.
3297 2593 3399 2656 20.)

783 2680 1006 2751 Dignam
1035 2690 1222 2735 sancta
1256 2679 1476 2751 Deoque
1499 2681 1656 2750 plena
1679 2683 1858 2736 anima
1885 2693 1974 2737 tua
2000 2685 2285 2754 epistulam

703 2770 864 2824 nobis
885 2773 1127 2826 exaravit
1145 2773 1460 2826 honoranda
1483 2775 1781 2842 paternitas
1798 2783 1910 2837 tua,
1936 2775 2096 2828 simul
2122 2777 2286 2830 bene—

704 2860 886 2915 volum
943 2877 1068 2932 erga
1120 2878 1218 2916 nos
1265 2874 1574 2932 peccatores
1615 2864 1868 2918 allectum
1916 2881 2074 2920 suum
2104 2868 2286 2922 decla-

709 2967 857 3014 rans,
893 2953 1163 3020 simulque
1194 2968 1380 3021 parem
1424 2956 1722 3008 ostendens
1753 2955 2003 3024 idemque
2037 2958 2284 3012 sentien-

711 3048 818 3095 tem
869 3043 1011 3097 circa
1065 3045 1246 3097 divina
1291 3044 1544 3098 mandata
1602 3048 2281 3116 concordiatn,quinetiam

707 3133 922 3202 potiora
955 3134 1213 3196 edocens,
1245 3145 1300 3189 et
1347 3136 1598 3190 adnitens
1627 3138 1829 3205 pariter
1857 3139 2121 3192 adversus
2155 3154 2282 3206 pro-

708 3222 882 3293 posita
928 3225 1224 3277 certamina
1275 3226 1543 3294 intrepide
1579 3228 1870 3288 obsistere,
1907 3236 1961 3281 et
1996 3229 2060 3281 ad
2097 3229 2285 3282 inanes

707 3314 1161 3369 heteroduxorum
1213 3317 1732 3387 vaniloquorumque
1783 3335 1940 3373 voces
1977 3320 2284 3373 nullatenus

712 3405 955 3457 concuti.
989 3407 1065 3459 Ac
1096 3421 1268 3474 rerpsa
1304 3408 1457 3461 facta;
1492 3408 1650 3462 nobis
1681 3419 1808 3461 sunt
1839 3412 2161 3464 veneranda:
2196 3411 2285 3463 lit-

710 3504 836 3549 tera:
857 3498 1322 3550 tuaeincitatnenta
1361 3499 1715 3562 fortitudinis,
1740 3511 1792 3554 et
1812 3501 2008 3554 vallum
2036 3503 2281 3556 virtutis:

712 3584 787 3638 ita
817 3596 872 3639 ut
900 3586 1122 3655 gloriam
1153 3587 1294 3641 bono
1340 3589 1573 3644 Domino
1623 3601 1812 3645 nostro
1869 3593 2284 3659 reddiderimus,

712 3679 802 3746 qui
839 3679 1099 3732 humilem
1144 3690 1358 3734 aetatem
1390 3692 1632 3736 nostram
1671 3698 1781 3736 non
1817 3685 2036 3753 penitus
2078 3685 2278 3739 dereli-

711 3769 849 3838 quit,
893 3769 986 3822 sed
1041 3772 1230 3823 vitales
1265 3772 1527 3826 scintillas
1575 3773 1806 3842 praebuit
1836 3774 1900 3826 iis
1925 3776 2013 3842 qui
2044 3775 2110 3828 ad
2143 3775 2285 3828 bona

711 3861 928 3933 pietatis
953 3877 1114 3930 opera
1149 3865 1375 3932 CUpiunt
1403 3866 1744 3919 reviviscere.
1780 3867 1856 3919 Ad
1887 3867 2032 3920 hunc
2066 3869 2284 3920 modum

713 3953 832 4007 ᾔτεε
858 3967 916 4006 se
961 3953 1181 4007 habent.
1222 3954 1469 4023 lmpense
1505 3971 1788 4024 precamur
1819 3969 1918 4008 nos
1948 3965 2282 4024 peccatores,

715 4052 773 4097 ut
827 4045 1132 4099 sanctitatis
1185 4055 1287 4099 tua:
1339 4047 1445 4099 vita
1499 4055 1828 4116 perseveret,
1868 4047 1932 4101 ad
1977 4047 2284 4116 exemplum

713 4137 923 4202 salutis,
959 4148 1071 4192 tum
1102 4141 1279 4203 nobis,
1314 4151 1423 4194 tum
1451 4140 1574 4194 aliis
1608 4143 2022 4212 quibuscunquc
2056 4144 2286 4197 volenti-

714 4229 836 4284 bus.
863 4227 1097 4284 Omnino
1122 4232 1266 4285 enim
1295 4232 1385 4300 qui
1417 4247 1654 4287 canones
1677 4243 2012 4301 pervertunt,
2046 4243 2100 4288 et
2128 4249 2286 4306 regu-

717 4321 800 4375 las
841 4322 1162 4390 depravant,
1211 4325 1591 4379 rectitudinem
1623 4325 1676 4378 in
1706 4326 1792 4391 iis,
1816 4326 1906 4395 qui
1941 4335 2087 4379 recte
2114 4327 2287 4395 expli-

2469 2695 2655 2759 Ἀξίαν
2691 2697 2790 2767 τῆς
2830 2699 3166 2768 ήγιασμένης
3213 2695 3304 2749 καὶ
3345 2693 3605 2765 θεοφόρου
3652 2710 3745 2748 σου
3774 2695 3975 2767 ψυχῆς

2385 2785 2652 2856 ἐχάραξεν
2684 2788 2814 2858 ἡμῖν
2844 2790 2941 2856 τὴν
2967 2787 3252 2856 ἐπιστολὴν
3280 2787 3312 2856 ἡ
3346 2785 3504 2857 τιμία
3535 2802 3627 2840 σου
3651 2790 3967 2859 πατρότης·

2385 2875 2518 2944 ὁμοῦ
2567 2876 2662 2944 μὲν
2707 2877 3074 2944 σημαίνουσαν
3106 2876 3203 2946 τὴν
3243 2875 3596 2946 ἀγαπητικὴν
3637 2877 3774 2948 πρὸς
3809 2880 3977 2946 ἡμᾶς

2385 2965 2510 3027 τοὺς
2559 2967 2912 3036 ἁμαρτωλοὺς
2948 2967 3223 3021 διάθεσινσ
3253 2965 3390 3036 ὁμοῦ
3436 2967 3493 3021 δὲ
3545 2967 3807 3038 δηλοῦσαν
3858 2969 3975 3039 τὴν

2387 3056 2674 3127 ίσὸρῤοπον
2703 3058 2794 3109 καὶ
2817 3058 3199 3128 ταυτόγνωμον
3226 3059 3325 3128 τὴν
3351 3061 3479 3130 περὶ
3498 3060 3607 3113 τῶν
3628 3059 3786 3112 θείων
3809 3058 3975 3112 ἐντο-

2386 3145 2490 3196 λῶν
2519 3147 2854 3215 συμφωνίαν,
2891 3149 2982 3200 καῖ
3014 3149 3121 3217 μὴν
3150 3148 3572 3203 ὲκδιδάσκουσαν
3605 3149 3672 3201 τὰ
3711 3148 3975 3216 κρείττο-

2386 3253 2471 3296 να.
2500 3237 2592 3289 καὶ
2624 3255 2686 3291 συ
2695 3237 3122 3308 μπροθυμοῦσαν
3147 3242 3226 3304 είς
3247 3241 3373 3304 τούς
3395 3241 3785 3311 προκειμένους
3807 3239 3978 3307 ἀγῶο

2385 3344 2481 3389 νας
2535 3328 2790 3398 ἀκλονητὶ
2843 3329 3177 3396 ἐνίστασθαι,
3232 3333 3327 3384 καὶ⁵
3375 3330 3687 3402 μηδαμόθεν
3738 3333 3805 3401 τῇ
3842 3331 3975 3383 τῶν

2387 3418 2708 3489 ἑτεροδόξων
2758 3421 2850 3473 καὶ
2893 3421 3244 3490 εἰκαιολόγων
3269 3420 3668 3493 ἀνατρέπεσθαι
3711 3437 3974 3490 κενοφω-

2387 3508 2494 3580 νία.
2527 3510 2637 3562 Καὶ
2659 3511 2879 3579 γέγονεν
2902 3513 3034 3583 ἡμῖν
3062 3514 3124 3566 τὸ
3144 3513 3323 3583 τίμιόν
3351 3530 3445 3566 σου
3473 3514 3706 3584 γράμμα
3733 3513 3810 3576 ὡς
3829 3515 3976 3585 ἀλη-

2389 3598 2496 3663 θῶς
2527 3601 2837 3672 ἐμψύχωμα
2867 3603 3137 3672 ἀνδρείας,
3170 3605 3263 3655 καὶ
3293 3603 3600 3672 χαράκωμα
3640 3601 3970 3670 δυνάμεως·

2388 3689 2462 3751 ὡς
2491 3689 2706 3754 δοξάσαι
2753 3692 2898 3762 ἡμᾶς
2942 3692 3035 3744 τὸν
3069 3691 3271 3757 ἀγαθὸν
3301 3690 3458 3760 ἡμῶν
3497 3689 3718 3759 Κύριον,
3753 3689 3844 3742 τὸν
3885 3692 3975 3762 μὴ

2387 3779 2605 3841 τελείως
2649 3781 2745 3850 τὴν
2784 3781 3042 3849 ταπεινὴν
3088 3779 3246 3849 ἡμῶν
3275 3778 3468 3846 γενεάν
3499 3779 3973 3849 ἐγκαταλιπόντα,

2387 3870 2522 3923 ἀλλά
2553 3870 2709 3923 δόντα
2755 3870 3055 3940 σπινθῆρας
3083 3869 3345 3932 ζωτικούς
3378 3871 3488 3929 τοῖς
3521 3867 3791 3921 ἐθέλουσιν
3819 3869 3973 3922 ἀνα-

2387 3961 2758 4030 ζωπυρεῖσθαι
2800 3961 2937 4032 πρὸς
2973 3961 3070 4032 τὴν
3114 3962 3210 4030 τῆς
3240 3959 3522 4024 εὐσεϐείας
3567 3959 3968 4030 ἀγαθοεργίαν.

2392 4054 2546 4121 Ἔχει
2607 4053 2703 4120 μὲν
2758 4051 2899 4104 οῦτω
2951 4052 3145 4105 ταῦτα.
3205 4053 3314 4106 Καὶ
3359 4052 3524 4123 εὐχὴν
3571 4052 3842 4123 εὐχόμεθα
3884 4053 3972 4117 ὡς

2388 4143 2722 4215 ἁμαρτωλοὶ,
2757 4143 3036 4212 ἐπιμένειν
3073 4159 3166 4195 σου
3203 4141 3302 4214 τὴν
3339 4145 3437 4214 τῆς
3469 4142 3773 4212 ἁγιωσύνης
3813 4143 3972 4212 ζωὴν

2390 4236 2468 4297 είς
2500 4234 2772 4305 σωτηρίας
2801 4233 3124 4304 ὑπόδειγμα,
3157 4235 3286 4303 ἡμῖν
3309 4250 3368 4286 τε
3399 4234 3495 4287 καὶ
3523 4227 3749 4288 οἷστισιν
3775 4231 3972 4296 ἀλλοις

2393 4325 2756 4396 βουλομένοις.
2796 4326 2870 4378 Οὐ
2905 4325 3012 4396 γὰρ
3045 4327 3258 4388 πάντως
3293 4326 3343 4377 oi
3374 4325 3501 4386 τοὺς
3534 4323 3756 4385 κανόνας
3801 4339 3973 4394 στρεο

714 4423 845 4468 cant
895 4415 1196 4469 doctrinam
1245 4417 1505 4481 veritatis,
1558 4419 1779 4470 minime
1830 4418 2054 4471 vident:
2091 4419 2185 4472 sed
2237 4427 2285 4472 el

2393 4417 2664 4480 ϐλοῦντες,
2696 4419 2786 4471 καὶ
2821 4420 2944 4479 τοὺς
2979 4417 3264 4486 γνώμονας
3294 4413 3654 4478 σκελίζοντες,
3685 4412 3970 4484 εὐθύτητα

718 4505 889 4560 risum
917 4507 1106 4567 edunt,
1139 4517 1194 4560 et
1220 4509 1412 4575 probra
1449 4510 1718 4578 ingerunt.
1753 4508 1891 4574 Quid
1909 4519 2088 4562 autem
2120 4510 2285 4574 aliud,

719 4612 881 4666 quam
937 4597 1077 4665 quod
1126 4597 1252 4651 hinc
1300 4600 1468 4667 magis
1517 4600 1926 4662 conﬁrmantur,
1975 4599 2285 4653 {utilitatem

719 4687 948 4741 istorum
983 4698 1036 4742 et
1065 4690 1469 4744 instabilitatem
1504 4707 1611 4744 non
1642 4691 1990 4760 ignorantes?
2019 4692 2060 4742 A
2089 4691 2289 4759 quibus

720 4778 864 4847 quod
911 4780 1120 4832 excelsa
1157 4795 1312 4834 mens
1360 4790 1450 4833 tua
1477 4794 1583 4832 non
1610 4782 1839 4849 capitur,
1873 4780 2029 4834 laude
2058 4781 2279 4850 dignum

723 4878 808 4923 est
841 4878 896 4923 et
941 4870 1099 4924 nobis
1141 4871 1370 4924 multum
1414 4873 1672 4941 optabile.
1718 4871 1869 4926 Scire
1907 4882 2087 4926 autem
2138 4873 2286 4942 cupit

723 4959 855 5029 quid
887 4961 1011 5013 novi
1059 4961 1320 5016 acciderit
1349 4964 1401 5015 in
1452 4964 1701 5031 praesenti
1738 4964 1972 5034 negotio.
2021 4962 2130 5018 Nos
2159 4979 2287 5019 vero

723 5051 905 5106 dicere
930 5053 1066 5106 nihil
1109 5069 1416 5122 possumus,
1448 5071 1513 5108 eo
1538 5055 1680 5123 quod
1733 5056 2088 5125 imperatores
2117 5057 2168 5108 in
2201 5071 2289 5109 ca-

719 5145 849 5200 stris
870 5162 1015 5199 nunc
1033 5155 1337 5200 versantur.
1366 5148 1438 5201 De
1464 5149 1766 5217 patriarcha
1791 5149 1934 5202 enim
1953 5149 2078 5217 quid
2103 5149 2297 5202 attinet

723 5233 872 5303 loqui
899 5235 920 5286 ‘3
953 5235 1044 5304 qui
1096 5250 1271 5303 neque
1317 5236 1409 5289 dat
1463 5251 1742 5305 responsa,
1794 5252 1970 5306 neque
2028 5236 2300 5290 vultalios

726 5329 938 5392 audire,
969 5331 1021 5381 in
1055 5331 1306 5383 onmibus
1351 5329 1548 5384 Caesari
1580 5331 1901 5384 inserviens.
1931 5334 1999 5384 At
2033 5331 2292 5383 Dominus

724 5416 946 5472 Simeon
981 5419 1235 5489 bilinguis
1260 5428 1365 5481 est,
1390 5435 1536 5474 nunc
1583 5422 1798 5489 quidem
1851 5422 1947 5482 sic,
1972 5437 2116 5474 nunc
2141 5422 2298 5475 aliter

721 5509 982 5564 varians:
1028 5509 1132 5564 nisi
1176 5510 1322 5580 quod
1366 5511 1561 5565 iterum
1617 5528 1920 5566 sermonem
1947 5514 2297 5575 contulimus,

723 5602 1116 5672 veritatemque
1149 5603 1372 5658 minime
1416 5603 1896 5658 dissimulavimus.
1932 5605 2010 5659 Ac
2056 5605 2289 5660 ﬂectitur

725 5694 944 5762 quidem
976 5695 1367 5765 aliquantulum
1400 5716 1410 5750 :
1437 5696 1793 5751 nihilominus
1824 5697 1963 5751 idem
1996 5707 2197 5760 manet,
2226 5713 2286 5751 ea

729 5802 845 5859 qua:
869 5787 1202 5859 principibus
1222 5797 1366 5858 grata
1386 5798 1508 5843 sunt
1527 5804 1773 5859 quaerens
1792 5797 1840 5846 et
1871 5789 2132 5846 sentiens.
2151 5789 2282 5846 Cum

2393 4508 2680 4576 βλέπουσιν
2732 4511 2788 4560 ἐν
2837 4511 2946 4570 τοῖς
2987 4506 3339 4577 όρθοτομοῦσι
3376 4505 3468 4558 τὸν
3507 4506 3662 4573 λόγον
3699 4505 3799 4574 τῆς
3831 4505 3968 4577 ἁλη-

2390 4597 2539 4662 θείας
2563 4613 2577 4628 ο
2606 4597 2740 4651 ἀλλά
2766 4597 2861 4651 καὶ
2888 4597 3100 4665 γέλωτα
3120 4599 3444 4660 ἀνάπτουσι,
3486 4599 3580 4650 καὶ
3624 4596 3968 4666 ὀνειδισμοὺς

2391 4689 2791 4759 προσάπτουσι.
2845 4689 2954 4742 Καὶ
3000 4689 3052 4741 τί
3101 4689 3250 4755 ἄλλο,
3298 4687 3332 4760 ἢ
3378 4690 3439 4742 τὸ
3473 4688 3720 4742 ἐντεῦθεν
3759 4688 3969 4757 μᾶλλον

2393 4781 2743 4853 στερεοῦσθαι
2769 4784 2937 4853 ἡμᾶς,
2978 4781 3349 4852 μανθάνοντας
3382 4781 3441 4835 τὸ
3481 4781 3679 4849 σαθρὸν
3712 4781 3808 4833 καὶ
3837 4782 3966 4833 ἑπι-

2395 4873 2593 4942 σφαλὲς
2626 4872 2734 4926 τῶν
2781 4872 3076 4937 τοιούτων;
3117 4871 3238 4941 Ὑφ’
3273 4865 3348 4927 ὧν
3371 4873 3454 4926 ὅτι
3483 4872 3516 4941 ἠ
3546 4871 3613 4940 σὴ
3641 4870 3819 4940 ὑψηλὴ
3846 4870 3967 4923 διά-

2393 4981 2510 5018 νοια
2531 4965 2629 5034 οὐχ
2652 4964 2953 5026 ἁλίσκεται,
2984 4963 3310 5030 ἀξιάγαστον
3340 4963 3434 5016 καὶ
3458 4963 3589 5033 ἡμῖν
3610 4961 3960 5015 πολύευκτον.

2395 5058 2555 5125 Ζητεί
2585 5055 2640 5108 δὲ
2672 5055 2860 5125 μαθεῖν
2885 5055 2912 5106 ὃ
2936 5071 2989 5106 τι
3015 5054 3203 5121 γέγονε
3237 5054 3550 5121 καινότερον
3581 5054 3709 5123 πρὸς
3741 5053 3842 5122 τὴν
3873 5055 3964 5105 ὲν-

2397 5144 2690 5214 ισταμένην
2720 5143 2972 5197 ὑπόθεσιν
2995 5158 3007 5172 ’
3057 5144 3153 5196 καὶ
3185 5145 3286 5198 οὐκ
3331 5144 3527 5214 ἔχομεν
3564 5144 3741 5211 λέγειν
3770 5142 3859 5196 διὰ
3898 5144 3964 5195 τὸ

2391 5237 2518 5298 τοὺς
2549 5234 2886 5306 κρατοῦντας
2928 5235 2988 5287 τὸ
3014 5233 3108 5287 νῦν
3132 5236 3508 5304 φοσσατεύειν.
3545 5236 3683 5305 Πρὸς
3718 5233 3828 5301 γὰρ
3867 5232 3962 5285 τὸν

2395 5329 2658 5398 ἀρχιερέα
2700 5327 2752 5380 τί
2792 5327 2872 5380 δεῖ
2910 5327 3007 5380 καὶ
3034 5327 3233 5394 λέγειν,
3269 5329 3407 5397 μήτε
3436 5327 3592 5393 λόγον
3620 5323 3960 5392 διαπέμψαν-

2392 5435 2481 5484 τα,
2516 5421 2650 5490 μήτε
2680 5419 2925 5472 ἐθέλοντα
2948 5419 3118 5489 ἀκοὴν
3152 5417 3592 5487 παραδέξασθαι,
3626 5414 3958 5486 ταμιευόμε-

2391 5528 2480 5565 νον
2506 5512 2684 5565 πάντα
2713 5511 2975 5580 Καίσαρι;
3019 5509 3078 5562 '0
3111 5511 3218 5580 γὰρ
3251 5509 3437 5579 κύριος
3468 5507 3689 5579 Συμεὼν
3715 5509 3957 5577 ἀμφοτε-

2396 5603 2726 5673 ρόγλωσσος·
2755 5601 2832 5671 πῆ
2871 5599 2969 5671 μὲν
2999 5600 3191 5663 οὕτως,
3224 5600 3300 5669 πῆ
3323 5601 3377 5653 δὲ
3408 5599 3584 5662 ἄλλως
3614 5596 3956 5669 μεταϐαλλό-

2399 5711 2557 5764 μενος
2578 5709 2591 5723 ⁸
2621 5692 2758 5764 πλὴν
2783 5695 2863 5745 ὅτι
2894 5692 2985 5745 καὶ
3013 5692 3170 5746 πάλιν
3198 5693 3508 5762 συνήραμεν
3535 5691 3710 5760 λόγον,
3734 5691 3826 5744 καὶ
3852 5689 3952 5756 οὐκ

2396 5789 2682 5861 ύφήκαμεν
2714 5785 2811 5857 τῆς
2850 5784 3124 5856 ἀληθείη.
3172 5786 3277 5839 Καὶ
3317 5785 3512 5858 μικρὸν
3553 5785 3650 5856 μὲν
3681 5782 3951 5854 μαλάσσεο
