4158 6484
180 404 302 468 993
1446 419 1985 483 ΕΡΙΞΤΟΙ.ΑΒΙΙΜ
2029 424 2174 484 LIB.
2223 426 2272 483 Ι.
3353 427 3461 491 994

175 533 320 572 ταιο
362 522 539 593 μένει
573 523 627 576 δέ
655 521 681 576 6
707 524 885 590 αὐτὸς,
919 525 1100 580 ἐκεῖνα
1140 527 1351 596 φρονῶν
1398 531 1490 583 καὶ
1537 532 1736 602 ζητῶν,
1767 536 1777 586 ξ

1902 546 2083 592 autem
2114 535 2546 606 proficisceretur
2577 534 2698 604 pius
2735 533 2996 590 Dominus
3021 541 3225 598 noster,
3262 532 3460 591 iterum

177 611 376 680 ἐφετά
415 616 645 677 πάντως
670 617 780 676 τοῖς
813 616 1122 684 κρατοῦσιν.
1168 619 1254 670 Ἐν
1277 619 1334 672 δὲ
1368 620 1446 691 τῷ
1481 622 1769 693 ὲξέρχεσθα

1898 626 2237 695 scripsimus,
2274 625 2390 695 ipso
2417 625 2496 679 sic
2535 625 2789 680 volente:
2830 640 2930 680 nos
2963 637 3095 679 vero
3122 623 3178 677 in
3229 639 3464 695 conspe-

175 703 281 754 τὸν
317 705 546 784 εὐσεϐῆ
576 704 730 774 ἡμῶν
752 706 1018 776 δεσπότην
1045 708 1204 761 πάλιν
1231 711 1608 782 γεγράφαμεν,
1636 714 1777 785 ἐκζη·

1896 726 2043 771 ctum
2072 734 2226 771 suum
2251 720 2435 776 venire
2469 716 2660 771 noluit.
2689 717 2952 771 Caeterum
2996 731 3096 771 nos
3125 726 3459 784 peccatores,

174 793 486 863 τήσαντος
521 795 684 849 αὑτοῦ
711 797 866 850 τοῦτο
889 813 901 828 ’
934 798 1027 852 καὶ
1053 799 1201 869 ὅμως
1230 802 1330 854 οὐκ
1362 802 1627 874 ἠθέλησεν
1649 806 1777 876 ἡμᾶς

1897 808 2088 862 eodem
2124 808 2178 860 in
2224 817 2390 873 statu,
2437 809 2704 877 siquidem
2748 808 2973 879 vigilant
3009 825 3198 878 preces
3240 822 3458 876 vestrae,

172 883 266 972 εἰς
292 884 444 953 ὄψιν
471 885 638 938 αὐτοῦ
668 886 860 940 ἐλθεῖν.
887 888 1137 958 Μένομεν
1170 891 1225 943 δὲ
1255 894 1417 961 ἡμεῖς
1454 896 1501 947 ot
1529 896 1777 965 ἁμαρτω·

1897 899 2256 967 persistimus,
2308 901 2557 953 nolentes
2591 899 2816 968 prodere
2862 899 3166 965 veritatem,
3199 917 3300 956 nec
3336 917 3462 972 par-

174 968 294 1035 λοι,
328 973 510 1043 εῐπερ
533 977 796 1046 γρηγορεῖ
823 978 854 1046 ή
888 977 1022 1046 εὐχὴ
1051 979 1228 1048 ἡμῶν,
1250 979 1528 1046 ὡσαύτως,
1564 985 1637 1054 μὴ
1670 984 1777 1054 βου-

1895 990 2086 1060 ticipes
2120 991 2330 1043 illorum
2358 990 2755 1044 communionis
2789 1006 2948 1056 esse;
2993 993 3206 1046 etiamsi
3243 993 3460 1062 impen-

175 1061 434 1132 λόμενοι
468 1067 755 1136 προδοῦναι
785 1068 882 1138 τὴν
907 1070 1185 1139 ἀλήθειαν,
1220 1073 1352 1142 μηδὲ
1381 1078 1670 1145 μετασχεῖν
1693 1077 1777 1147 τῆς

1895 1081 2020 1134 deat
2038 1081 2308 1141 exsilium,
2338 1081 2462 1134 licet
2487 1080 2684 1152 fulgeat
2704 1081 2934 1151 gladius.
2961 1082 3086 1136 licet
3106 1083 3244 1152 ignis
3266 1061 3462 1137 accen-

175 1156 508 1220 κοινωνίας
549 1158 764 1211 αὐτῶνθ
797 1159 898 1212 κᾶν
933 1159 1112 1230 ἐξορία
1142 1163 1447 1233 πρόκειται,
1497 1165 1600 1220 κᾶν
1640 1167 1777 1235 ξίφος

1893 1171 2072 1225 datur.
2099 1170 2204 1224 Sed
2233 1172 2336 1224 hoc
2368 1183 2625 1240 praestare
2660 1171 2800 1225 haud
2824 1187 3091 1240 quaquam
3149 1174 3418 1242 possimus
3443 1190 3458 1238 ;

176 1243 549 1309 στιλϐοὖται,
578 1247 681 1300 κᾶν
710 1247 820 1318 πῦρ
860 1249 1185 1320 ἀνάπτηται.
1235 1253 1371 1305 Ἀλλ’
1395 1255 1493 1307 οὐκ
1537 1254 1603 1308 ἀν
1632 1256 1777 1310 τοῦτι

1894 1277 2016 1315 cum
2047 1263 2131 1316 vel
2162 1263 2276 1316 solo
2305 1262 2555 1317 monachi
2589 1262 2807 1316 nomine
2853 1263 3024 1316 simus
3061 1263 3263 1333 indigni
3299 1281 3312 1329 ;
3355 1265 3461 1318 nisi

172 1331 600 1407 δυνηθείημεν,
633 1337 838 1403 ἀνάξιοι
876 1341 1232 1409 τυγχάνοντες
1262 1341 1356 1394 τοῦ
1402 1344 1492 1395 καὶ
1532 1346 1777 1415 ὀνομάξε-

1891 1367 2071 1407 sacras
2101 1369 2289 1423 preces
2313 1361 2520 1406 vestras
2547 1353 2833 1407 attendens
2860 1353 3138 1414 Dominus.
3172 1355 3460 1410 imbecilli-

175 1424 324 1478 σθαι
391 1428 556 1497 μόνον
611 1431 873 1500 μοναχοί·
918 1432 968 1484 εί
1021 1434 1093 1502 μὴ
1139 1433 1389 1503 προσχὼν
1436 1435 1639 1505 Κύριος
1668 1440 1777 1500 ταῖς¹

1893 1452 2056 1497 tatem
2073 1453 2316 1498 nostram
2339 1444 2792 1513 fragilitatemque
2833 1448 3168 1499 corroboret.
3193 1444 3460 1510 Quocirca

175 1516 513 1589 ὑμετέραις
551 1521 721 1590 ἱεραῖς
753 1524 1079 1592 προσευχαῖς
1132 1523 1468 1593 δυναμώσειε
1522 1526 1582 1578 16
1628 1528 1788 1597 ήμῶν

175 1609 440 1674 ἀσθενὲς
467 1612 557 1663 καὶ
581 1611 797 1683 σαθρόν.
828 1612 918 1665 Διὸ
945 1617 1288 1684 γρηγορεῖτε,
1339 1615 1578 1686 Πατέρες
1618 1617 1785 1686 amt,

175 1695 273 1757 είς
323 1698 469 1750 αὐτὸ
500 1697 678 1762 τοῦτο,
709 1699 973 1771 ὑμέτερον
1023 1703 1334 1772 ἡγούμενοι,
1369 1704 1504 1776 ὅπερ
1533 1706 1623 1759 καὶ
1650 1707 1777 1770 ἔστι,

1891 1717 2182 1772 utilitatem
2231 1733 2592 1788 propugnare.
2643 1718 2753 1773 Deo
2779 1728 2958 1772 autem
3006 1726 3282 1774 annuente
3328 1734 3459 1790 pro-

176 1787 250 1838 16
277 1789 621 1857 κοινωφελὲς
650 1791 962 1862 πρόϐλημα.
985 1793 1120 1846 Θεοῦ
1143 1795 1199 1847 δὲ
1228 1795 1472 1849 κελεύσει
1495 1797 1777 1868 ἐξερχόμε-

1891 1809 2140 1864 ficiscens
2187 1809 2672 1864 reverendissimus
2706 1809 2871 1864 frater
2919 1822 3125 1874 nOSIer,
3152 1819 3206 1866 et
3236 1825 3461 1865 (ncono-

176 1894 285 1941 νος
349 1881 380 1932 ό
424 1880 848 1948 αίδεσιμώτατος
894 1881 1118 1950 ἀδελφὸς
1155 1883 1332 1953 ἡμῶν,
1362 1885 1454 1938 καὶ
1499 1886 1777 1955 οἰκονόμος

1889 1917 2008 1956 mus
2033 1900 2204 1956 sancti
2226 1901 2540 1954 monasterii
2565 1905 2752 1963 vestri,
2769 1902 3058 1956 missarum
3083 1903 3148 1957 ad
3171 1911 3459 1971 utramque

178 1971 303 2036 τῆς
337 1971 506 2038 ἀγίας
529 1971 683 2040 ὑμῶν
717 1973 882 2041 μονῆς
905 1972 1087 2042 ἀγάγῃ
1111 1976 1176 2042 τῇ
1203 1973 1478 2046 ἁγιωσύνῃ
1509 1992 1601 2027 σου
1639 1975 1777 2028 ἀντί·

1891 2005 2179 2059 personam
2203 1991 2555 2059 epistolarum
2591 1992 2914 2060 exemplaria
2954 1991 3161 2047 deferet
3185 1993 3458 2047 sanctitati

182 2079 399 2132 γραφα
429 2065 538 2116 τῶν
566 2065 1007 2135 διαπεμφθεισῶν
1046 2066 1344 2120 ἐπιστολῶν
1386 2070 1519 2138 πρδς
1551 2070 1777 2141 ἑκάτερα

1889 2091 1995 2137 tua:
2025 2098 2039 2146 ;
2066 2091 2126 2134 ut
2157 2097 2220 2135 ex
2260 2082 2343 2136 bis
2387 2097 2473 2136 res
2502 2091 2714 2136 nostras
2765 2083 3054 2137 dilucidius
3099 2098 3456 2153 cognoscens,

183 2155 482 2224 πρόσωπα
503 2171 522 2189 ο
546 2157 632 2210 ἵνα
664 2156 957 2210 κάντεῦθεν
1005 2159 1397 2230 ἐναργέστερον
1441 2161 1777 2229 μανθάνουσα

1885 2176 2081 2244 partim
2127 2174 2322 2230 litteris
2350 2175 2592 2245 adjuvet,
2639 2175 2832 2244 partim
2865 2175 3116 2244 precibus
3148 2183 3448 2229 succurrat.

180 2245 261 2298 τὰ
289 2245 422 2300 καθ’
441 2247 610 2317 ἡμᾶς,
631 2248 690 2301 16
715 2248 811 2318 μὲν
834 2247 999 2320 βοηθῇ
1019 2250 1330 2321 γράμμασι,
1352 2251 1411 2304 16
1435 2252 1492 2305 δὲ
1517 2255 1777 2325 ἐπικουρῇ

1886 2263 2004 2316 Alia
2029 2263 2274 2333 quaedam
2303 2273 2561 2332 praterea
2589 2262 2740 2316 fratri
2760 2263 3150 2327 commisimus,
3171 2277 3290 2331 qua:
3315 2263 3457 2317 haud

185 2337 539 2408 ἱκετηρίαις.
571 2340 682 2395 Καὶ
711 2342 868 2396 ἄλλον
897 2342 953 2394 δέ
987 2359 1107 2395 τινα
1143 2342 1495 2413 παρεθέμεθα
1523 2344 1599 2416 τῷ
1629 2346 1777 2399 ἀδελ-

1887 2355 2050 2409 dubie
2102 2356 2372 2410 nuntiabit
2425 2365 2482 2410 et
2533 2363 2792 2425 exponet,
2824 2372 2946 2408 cum
2995 2356 3043 2409 ei
3091 2355 3456 2409 venerandam

185 2428 288 2498 φῷ
322 2429 515 2498 λόγον·
549 2433 745 2487 καύτὶν
785 2434 1000 2498 πάντως
1043 2434 1334 2504 ἀναγγελεῖ
1368 2437 1460 2489 καὶ
1487 2437 1777 2501 ἀποδώσει,

1887 2446 2083 2501 faciem
2130 2456 2276 2500 tuam
2323 2447 2509 2502 videre
2557 2447 2868 2516 contigerit.
2914 2446 3122 2500 Salutat
3169 2446 3452 2499 nobiscum

185 2520 444 2590 ὁπηνίκα
499 2523 693 2593 φθάσει
749 2528 873 2580 ἰδεῖν
925 2527 1016 2579 16v
1066 2527 1244 2596 τίμιόν
1291 2546 1384 2582 σου
1432 2530 1777 2600 χαρακτῆρα.

1886 2539 2048 2592 etiam
2067 2538 2528 2608 archiepiscopus,
2563 2538 2874 2609 Calogerus,
2897 2548 2952 2593 et
2979 2537 3144 2592 abbas
3173 2536 3454 2598 Leontius,

187 2614 615 2686 Προσαγορεύει
649 2619 744 2669 σὺν
773 2618 905 2686 ἡμῖν
933 2620 1023 2670 καὶ
1071 2619 1098 2670 6
1127 2619 1573 2688 ἀρχιεπὶσκοπος,
1605 2621 1632 2672 6
1671 2622 1777 2673 Κα‹

1885 2639 1942 2684 et
1971 2631 2152 2684 caeteri
2187 2630 2381 2685 fratres
2431 2632 2622 2685 nostri.
2658 2630 2870 2686 Sancta:
2914 2627 3319 2703 congregationi
3349 2637 3456 2683 tua:

187 2701 458 2776 λόγηρος,
492 2709 584 2760 καὶ
615 2707 643 2758 ό
669 2707 842 2770 ἀϐϐᾶς
877 2708 1148 2772 Λεόντιος,
1194 2710 1286 2762 καὶ
1340 2712 1372 2779 ή
1419 2710 1577 2781 λοιπὴ
1625 2710 1777 2780 ἡμῶν

1883 2723 2110 2777 salutem
2144 2738 2172 2776 a
2200 2723 2359 2778 nobis
2384 2723 2567 2779 dicere
2597 2723 2860 2794 digneris.

190 2794 523 2867 ἀδελφότης.
571 2797 682 2868 Τὴν
733 2799 893 2867 ἁγίαν
941 2816 1034 2852 σου
1080 2800 1324 2854 συνοδίαν
1366 2804 1682 2871 προσειπεῖν
1720 2801 1779 2868 ἐξ

190 2887 366 2956 ἡμῶν
405 2888 762 2956 καταξίωσον.

1891 1535 1944 1588 in
1988 1535 2092 1589 hec
2154 1535 2328 1604 ipsum
2380 1536 2618 1605 vigilate,
2667 1536 2854 1590 Patres
2904 1537 3097 1600 sancti,
3155 1546 3460 1591 vestrarum

1889 1625 2125 1695 partium
2158 1640 2279 1680 esse
2306 1625 2591 1690 ducentes,
2625 1626 2766 1680 sicut
2791 1627 2964 1696 reipsa
2989 1637 3090 1692 est,
3111 1643 3458 1683 communem

524 3071 659 3128 KZ'.-
680 3100 752 3110 —
769 3069 998 3140 Νικήτᾳ
1028 3072 1331 3139 πατρικίῳ.
1355 3070 1526 3143 [μς’.]

2232 3071 2446 3128 XXVII.
2471 3102 2542 3114 —-
2579 3073 2778 3129 Nicetc
2820 3074 3065 3142 patricio.

1123 3239 1221 3291 Cur
1241 3252 1425 3289 comam
1449 3236 1555 3288 suis
1579 3232 1858 3300 praeciderit
1881 3250 1893 3286 :
1930 3235 1977 3287 id
2002 3236 2138 3300 juxta
2163 3251 2377 3289 canones
2399 3239 2523 3288 fierl.

275 3385 416 3447 Τοὺς
445 3384 544 3455 μὲν
573 3383 766 3448 ἄλλους
792 3384 955 3456 τυχδν
985 3386 1147 3457 χάρις
1177 3387 1490 3457 ἀνθρωπίνη
1517 3387 1775 3441 ἀναϐιϐά-

1945 3385 2090 3440 Alios
2113 3387 2329 3456 quidem
2347 3386 2577 3442 fortasse
2605 3386 2774 3458 gratia
2825 3385 3106 3441 hominum
3133 3398 3452 3454 promovere

201 3477 324 3543 ζειν
355 3480 597 3547 πέφυκεν
617 3478 712 3532 ἐπὶ
732 3478 793 3532 16
818 3477 952 3548 ὕψος
974 3479 1081 3532 τῶν
1109 3478 1454 3550 ἀξιωμάτων.
1493 3481 1559 3534 Σὲ
1591 3481 1649 3534 δὲ
1683 3481 1776 3533 τὸν

201 3572 597 3626 εὐσεϐέστατον
621 3573 717 3626 καὶ
736 3574 1094 3645 παμπόθητον
1120 3574 1278 3646 ἡμῶν
1300 3575 1587 3646 δεσπότην,
1609 3574 1778 3648 ἀρετὴ

200 3664 282 3728 ὡς
317 3665 556 3736 ἀληθῶς,
587 3666 683 3719 καὶ
708 3666 768 3720 οὐ
795 3666 956 3736 χάρις
986 3684 1089 3732 τις,
1119 3667 1393 3735 ἀνήγαγεν
1422 3669 1480 3720 ἐν
1510 3667 1586 3737 τῷ
1619 3668 1779 3737 μεγέ-

204 3753 291 3808 θει
314 3755 408 3808 τοῦ
437 3755 766 3826 ἀξιώματος,
799 3756 857 3809 οὑ
889 3755 986 3827 μὲν
1014 3751 1106 3810 οὖν
1135 3756 1278 3809 κατά
1298 3773 1420 3809 τινα
1450 3757 1660 3827 χρόνον,
1686 3757 1779 3810 καὶ

203 3847 269 3900 ἐν
301 3847 400 3918 μιᾷ
445 3847 694 3919 ἐξουσίᾳ·
737 3848 872 3902 ἀλλά
913 3846 1002 3900 διὰ
1041 3848 1241 3910 παντὸς
1284 3848 1378 3901 καὶ⁵
1422 3848 1480 3902 ὲν
1518 3849 1774 3912 πολλαῖς’

203 3934 398 4008 ὥσπερ
425 3938 547 3991 τινὰ
589 3939 788 4010 χρυσὸν
820 3939 1329 4010 μεταχειριζομένη,
1359 3940 1452 3992 καὶ
1487 3941 1567 4003 είς
1602 3941 1778 3993 πάντα

203 4029 450 4083 ὁντινοῦν
475 4030 680 4101 κόσμον
720 4033 786 4101 τῇ
819 4031 1034 4084 εὐσεϐεῖ
1061 4029 1218 4100 ἡμῶν
1253 4030 1501 4102 βασιλείᾳ
1545 4031 1779 4102 προϐαλ-

204 4121 431 4192 λομένη.
465 4123 575 4174 Kal.
606 4123 675 4174 τὰ
713 4124 1016 4192 πράγματα
1055 4124 1208 4191 δῆλα,
1250 4123 1353 4176 κᾶν
1387 4125 1550 4194 ἡμεῖς
1590 4124 1664 4194 μὴ
1694 4123 1780 4175 λέ-

204 4228 417 4281 γωμεν.
453 4211 617 4263 Ὥστε
650 4213 744 4264 καὶ
773 4213 832 4264 16
861 4211 955 4264 νῦν
986 4212 1277 4280 ἀξιολόγως
1309 4214 1356 4266 οἱ
1396 4213 1776 4283 Χριστομίμη-

205 4318 289 4354 τοι
330 4300 489 4371 ἡμῶν
521 4301 776 4369 βασιλεῖς,
809 4301 1225 4371 ἀντιπρόσωπον
1252 4302 1351 4370 τῆς
1382 4301 1591 4354 ἐαυτῶν
1618 4301 1780 4354 καλο-

204 4392 478 4461 καγαθίας
508 4392 698 4447 ἐθεσάν
723 4410 780 4446 σε
811 4395 868 4446 ἐν
897 4394 1121 4457 ταύταις
1142 4396 1260 4456 ταῖς
1287 4395 1522 4465 ἡμέραις
1554 4396 1682 4464 τῇδε
1710 4397 1776 4466 τῇ

207 4483 568 4556 βασιλευούσῃ
591 4485 762 4538 πόλει.
793 4483 939 4555 Αὕτη
967 4485 1113 4536 ἐστὶν
1138 4484 1277 4554 ὑπὲρ
1304 4483 1404 4553 τῆς
1435 4484 1776 4553 πεμφθείσης

205 4576 580 4648 προσηγορίας
616 4577 766 4647 παρὰ
794 4576 893 4645 τῆς
925 4575 1204 4638 εὐσεϐείας
1233 4592 1323 4628 σου
1363 4577 1422 4628 τὸ
1447 4574 1540 4628 νῦν
1565 4575 1652 4628 διά
1681 4575 1773 4627 τυῦ

1881 3477 2020 3530 solet
2036 3477 2102 3531 ad
2121 3478 2333 3533 culmen
2354 3478 2675 3550 dignitatum
2703 3497 2714 3531 :
2745 3490 2796 3533 te
2811 3493 2942 3533 vero
2957 3477 3259 3548 piissimum
3276 3493 3338 3533 ac
3355 3478 3451 3536 de:-

1881 3572 2327 3627 sideratissimum
2359 3574 2647 3628 Dominum
2695 3583 2942 3626 nostrum
2975 3587 3081 3627 non
3120 3572 3292 3644 gratia
3319 3572 3448 3639 ulla,

1879 3665 1973 3719 sed
2023 3679 2210 3718 revera
2251 3663 2422 3717 virtus
2449 3664 2512 3717 ad
2567 3663 2932 3732 amplissimos
2966 3663 3202 3718 honores
3246 3662 3447 3725 evexit,

1879 3771 1987 3808 non
2021 3755 2206 3823 utique
2237 3754 2304 3808 ad
2339 3763 2554 3823 tempus
2582 3751 2822 3822 aliquod,
2859 3767 3035 3822 neque
3068 3752 3122 3805 in
3152 3767 3259 3805 una
3295 3760 3452 3820 pote-

1878 3853 2062 3910 state;
2103 3845 2197 3900 sed
2226 3853 2510 3914 perpetuo,
2553 3852 2611 3897 et
2663 3843 2717 3896 in
2763 3842 2970 3905 multis,
3031 3857 3251 3896 sumens
3314 3851 3364 3895 te
3394 3841 3448 3894 in

1878 3951 2069 3988 manus
2092 3935 2243 4004 quasi
2265 3949 2454 3987 aurum
2475 3932 2769 4002 quoddam,
2808 3940 2862 3985 et
2900 3932 2966 3986 ad
3006 3946 3220 3985 omnem
3264 3931 3450 4000 cujus-

1877 4026 2130 4095 qucmodi
2184 4032 2434 4078 ornatum
2485 4025 2576 4092 pio
2611 4022 2837 4092 imperio
2875 4031 3065 4076 nostro
3103 4036 3439 4091 proponens.

1878 4117 2176 4170 Manifesta;
2217 4125 2345 4168 sunt
2389 4129 2477 4167 res
2520 4114 2669 4182 ipsae,
2713 4113 2873 4166 etiam
2908 4113 3214 4168 tacentibus
3267 4113 3448 4167 nobis.

1877 4208 2219 4277 Quapropter
2265 4205 2521 4276 praeclare
2554 4219 2699 4257 nunc
2738 4204 2899 4256 etiam
2946 4202 3223 4256 Christum
3253 4202 3446 4256 imitati

1877 4301 2232 4370 imperatores
2263 4297 2454 4358 nostri,
2487 4295 2699 4348 eximia
2731 4309 2843 4348 sua:
2867 4294 3150 4363 probitatis
3189 4294 3445 4348 aemulum

1877 4398 2186 4446 statuerunt
2225 4398 2276 4442 te
2306 4388 2392 4442 his
2435 4387 2627 4440 diebus
2663 4384 2822 4456 regiae
2870 4384 2995 4439 huic
3034 4384 3261 4439 civitati.
3322 4384 3447 4441 Haec

1878 4498 1978 4553 pro
2011 4479 2328 4534 transmissa
2374 4493 2521 4531 nunc
2552 4493 2579 4530 a
2622 4476 2823 4544 pietate
2865 4485 2952 4529 tua
2984 4490 3080 4544 per
3105 4475 3444 4530 tabellarium

1879 4572 2202 4628 salutatione
2252 4567 2588 4623 resalutatio.
2624 4568 2690 4620 Et
2729 4566 2947 4635 quidem
2999 4567 3276 4621 custodiat
3308 4577 3358 4621 te
3385 4568 3441 4622 in

205 4667 685 4738 γραμματηφόρου
724 4665 1252 4736 ἀντιπροσφώνησις.
1281 4666 1389 4719 Καί
1416 4682 1478 4734 γε
1514 4665 1715 4736 Κύριος
1745 4669 1772 4719 6

1881 4675 2160 4736 posterum
2216 4661 2478 4716 Dominus
2523 4660 2666 4712 Deus
2711 4667 2896 4711 noster
2921 4658 3102 4710 anima
3134 4666 3188 4710 et
3217 4671 3446 4726 corpore

207 4757 340 4820 Θεὸς
367 4756 523 4827 ἡμῶν
550 4755 892 4824 διαφυλάξειε
926 4774 984 4809 σε
1019 4758 1277 4826 ἀπήμονα
1299 4756 1442 4826 ψυχῇ
1467 4773 1524 4808 τε
1551 4757 1642 4808 καὶ
1668 4755 1774 4808 σώ-

209 4865 342 4919 ματι
373 4847 510 4919 πρὸς
527 4847 590 4902 16
611 4848 759 4918 ἑξῆς,
789 4850 848 4900 ἐν
881 4847 959 4918 τῷ
989 4848 1174 4918 ἄρχειν
1202 4864 1262 4899 τε
1295 4848 1386 4900 καὶ
1416 4846 1773 4912 ἐξουσιάζεινο

206 4940 284 5004 ὡς
318 4941 384 4993 ἂν
414 4940 519 4993 ὑπὸ
556 4938 690 4993 Θεοῦ
735 4956 816 4992 σοι
846 4939 914 4992 δι’
942 4939 1121 4992 αὐτῶν
1158 4945 1266 4991 τῶν
1305 4939 1647 5010 πραγμάτων
1680 4954 1778 5007 με·

1877 4750 2204 4810 incoluinem
2234 4751 2290 4806 in
2311 4748 2777 4804 administratione
2805 4745 3019 4813 imperii
3040 4753 3093 4799 et
3116 4746 3400 4812 potestatis
3427 4765 3440 4799 :

1876 4855 1936 4899 ut
1963 4859 2050 4898 res
2072 4845 2204 4912 ipsa:
2224 4837 2536 4895 testimonio
2570 4837 2698 4898 sint,
2723 4841 3047 4901 potestatem
3067 4847 3098 4886 a
3124 4832 3234 4887 Deo
3259 4833 3438 4887 datam

1877 4939 2062 4993 fuisse.
2079 4934 2344 5000 Quoniam
2359 4940 2538 4985 autem
2557 4929 2611 4981 in
2637 4926 2953 4980 humilitatis
2976 4934 3171 4979 nostra:
3192 4926 3445 4994 gratiam.

211 5031 557 5102 μαρτύρηται
602 5032 637 5101 ἡ
687 5030 898 5095 ἐξουσία
940 5029 1204 5083 δεδόσθαι.
1249 5030 1465 5100 Ἐπειδὴ
1509 5031 1564 5082 δέ
1611 5031 1777 5099 φειδοῖ

1879 5029 1956 5082 sic
1997 5026 2141 5080 enim
2193 5022 2482 5083 credimus,
2523 5026 2577 5072 et
2610 5032 2716 5070 non
2765 5017 2938 5080 aliter,
2981 5015 3157 5084 pietas
3202 5022 3294 5068 tua
3320 5030 3442 5068 cum

206 5126 308 5193 τῆς
337 5123 716 5185 ταπεινώσεως
744 5123 900 5193 ἡμῶν
944 5121 1108 5192 (οὕτω
1138 5123 1243 5192 γὰρ
1297 5121 1644 5193 πιστεύομεν,
1682 5123 1776 5175 καὶ

207 5215 310 5266 οὐκ
338 5212 556 5281 ἄλλως),
581 5212 824 5282 διελέχθη
854 5229 944 5266 σου
962 5214 994 5282 ἡ
1011 5211 1261 5265 εὐσέϐεια
1288 5213 1364 5282 τῷ
1386 5213 1618 5282 ἀδελφῷ,
1649 5212 1777 5284 περὶ

207 5304 310 5371 τῆς
339 5302 646 5366 ὑποθέσεως
691 5301 801 5354 τῶν
835 5302 1034 5372 τριχῶν
1072 5302 1228 5354 τοῦτο
1266 5302 1360 5354 καὶ
1397 5303 1572 5354 ἐκεῖνο
1613 5319 1772 5371 ποιηο

211 5395 422 5449 σάντων
453 5393 608 5464 ἡμῶν
628 5409 641 5423 ο
673 5393 770 5446 καὶ
814 5393 889 5455 ὡς
922 5393 1040 5445 δέον
1085 5395 1178 5445 καὶ
1214 5394 1405 5461 καιρὸν
1435 5393 1773 5456 σκοπεῖσθαι,

214 5486 307 5539 καὶ
351 5484 647 5547 καπνικῶς
678 5484 956 5555 πράττειν,
992 5484 1082 5535 καὶ
1124 5483 1182 5535 ἐν
1218 5487 1330 5546 τοῖς
1366 5483 1585 5545 οἰκείοις
1625 5485 1772 5552 ὅροις

215 5576 434 5646 μένειν·
495 5575 680 5646 ἐπειδὴ
745 5574 838 5629 καὶ
901 5574 1242 5646 πατριάρχης
1310 5573 1777 5644 προκαθεζόμενος

211 5661 355 5722 ὦδν
405 5667 614 5736 τάληθῆ
670 5666 1105 5736 ἀπολογούμεθα.
1159 5667 1427 5736 Πρότερον
1476 5667 1776 5734 ἀπευχαρι-

217 5759 467 5821 στοῦντες
519 5760 695 5829 αὐτῇο
751 5752 831 5811 ὅτι
894 5756 1128 5810 πονοῦσά
1189 5758 1304 5809 ἐστι
1357 5757 1450 5809 καὶ
1506 5756 1775 5826 κηδομένη

217 5853 325 5908 τῶν
357 5852 477 5906 καθ’
506 5853 673 5921 ἡμᾶς.
708 5852 814 5904 Καὶ
854 5851 992 5902 δέον.
1050 5848 1268 5917 ’ἰδίωμα
1299 5848 1406 5917 γὰρ
1440 5847 1571 5900 αὐτὸ
1599 5845 1774 5910 τοῦτο,

1883 5115 2048 5168 fratre
2075 5121 2259 5166 nostro
2318 5110 2587 5163 collocuta
2630 5115 2732 5169 est,
2766 5120 2883 5166 nos,
2915 5105 2966 5157 in
2998 5119 3064 5158 eo
3084 5104 3229 5172 quod
3258 5105 3324 5157 ad
3365 5119 3448 5158 ca-

1882 5207 2040 5278 pillos
2069 5203 2281 5268 attinet,
2313 5202 2414 5254 hoc
2436 5209 2490 5253 et
2519 5199 2646 5252 illud
2671 5197 2846 5266 egisse
2877 5212 2892 5257 ;
2935 5205 2990 5249 et
3021 5195 3166 5263 quod
3198 5203 3449 5265 oporteat

1887 5309 2099 5367 tempus
2141 5292 2510 5355 considerare,
2537 5300 2590 5344 et
2635 5289 2934 5343 secundum
2968 5301 3207 5342 canones
3255 5303 3442 5356 agere,

1884 5400 2047 5457 atque
2086 5387 2224 5440 intra
2271 5383 2516 5453 proprios
2563 5381 2761 5434 limites
2806 5379 3124 5440 consistere,
3166 5394 3288 5432 cum
3324 5379 3445 5433 istie

1877 5479 2184 5551 patriarcha
2216 5476 2500 5544 praesideat
2533 5491 2546 5538 ;
2598 5485 2724 5525 vera
2764 5469 3154 5538 respondemus
3189 5487 3202 5521 :
3239 5470 3445 5539 gratias

1878 5574 2026 5644 prius
2043 5580 2263 5640 agentes
2282 5578 2386 5621 ture
2408 5563 2615 5634 pietati,
2638 5562 2776 5631 quod
2797 5562 2958 5614 rebus
2982 5561 3183 5614 nostris
3202 5560 3443 5613 studium

1874 5675 1927 5718 et
1959 5678 2140 5716 curam
2164 5660 2455 5730 impendat.
2490 5658 2554 5711 Et
2575 5656 2747 5708 decet.
2781 5651 2890 5706 Hoc
2911 5653 3054 5705 enim
3083 5653 3259 5720 ipsum
3294 5666 3442 5704 sum-

1875 5770 1975 5808 ma:
2005 5753 2147 5806 illius
2166 5767 2325 5821 quam
2356 5749 2708 5819 praedicamus
2746 5743 3001 5796 bonitatis
3027 5752 3130 5795 tua:
3159 5741 3440 5810 proprium

1875 5857 1978 5907 est,
2027 5844 2252 5912 ejusque
2313 5847 2706 5910 argumentum.
2777 5834 2852 5888 Ac
2925 5834 3153 5889 fortasse
3212 5841 3436 5902 propter
