4158 6514
793 592 967 648 fectus
1000 612 1119 652 esse
1143 599 1324 656 debet.

859 773 1028 845 Leges
1067 790 1195 847 ergo
1224 778 1420 835 divinae
1446 792 1595 845 sunt,
1617 784 1857 853 domine,
1883 800 1936 843 et
1967 806 2207 847 canones
2228 795 2354 865 qui-

1962 408 2020 466 S.
2051 406 2440 469 THEODORI
2479 413 2819 480 STUDITE

2524 806 2696 875 Νόμοι
2732 812 3040 882 τοιγαροῦν,
3076 811 3121 869 ὦ
3164 819 3431 890 δέσποτα,
3459 825 3625 893 θεῖοι,
3661 834 3759 885 καὶ
3802 840 3992 903 κανόνες

784 862 886 919 bus
931 866 1148 921 ducitur
1204 870 1451 940 quisquis
1497 873 1755 943 pietatem
1807 879 1955 940 colit.
2003 882 2199 950 quibus
2252 900 2353 940 nec

784 956 902 995 mhli
950 959 1241 995 nnidnnom
1276 962 1354 995 fam
1405 974 1485 995 Δρ.
1547 982 1646 995 νη...
1678 968 1885 995 .l-.-..|.:
1941 972 2003 995 ηε
2040 990 2134 995 --μ
2171 976 2319 995 -.μμ

2608 862 2617 875 ι
2828 862 2838 878 ⁸
2859 862 2915 882 νγ
2934 862 2949 866 ε
2966 862 2982 866 -
3001 862 3012 867 ,
3027 862 3040 877 ,
3079 862 3118 869 ν
3167 862 3252 873 ν--
3267 862 3395 876 ..ν-ο.
3415 865 3431 890 ,
3460 862 3590 881 usus
3610 870 3625 893 ν
3662 862 3759 885 και
3804 862 3992 903 ιανῠνες

2351 910 2353 933 ξ
2452 897 2587 949 εἰσὶν
2610 901 2657 951 oi
2684 902 2906 969 ἄγοντες
2931 906 3107 962 πάντα
3128 912 3219 964 τὸν
3249 915 3579 974 εὐσεϐοῦντα
3601 937 3616 950 °
3660 927 3799 995 παρ’
3822 924 3898 992 οἷς
3918 935 3993 985 οὐκ

782 956 903 1010 addi
950 959 1241 1028 quidquam
1275 962 1357 1017 fas
1404 974 1507 1029 est,
1547 982 1648 1021 nec
1676 968 1907 1025 detrahi.
1940 972 2003 1026 lli
2040 990 2137 1029 nos
2163 976 2347 1042 etiam,

2452 989 2596 1043 ἔστιν
2637 992 2759 1045 οὔτε
2806 998 3116 1066 πρόσθεσιν,
3143 1004 3266 1057 οὔτε
3302 1004 3495 1075 ὕφεσιν
3530 1015 3832 1071 ποιεῖσθαι.
3860 1022 3993 1074 Αὐτοὶ

781 1048 976 1103 millies
1030 1050 1157 1105 licet
1196 1068 1462 1119 erremus,
1494 1066 1549 1111 et
1571 1058 1689 1113 aliis
1731 1059 1785 1113 in
1821 1060 2002 1130 rebus,
2053 1074 2108 1119 et
2141 1066 2195 1119 in
2248 1067 2348 1122 hac

781 1141 1150 1178 mnlllaIm-nm
1201 1160 1360 1178 οτι-ιη
1456 1150 1700 1178 εηιιςιιη...
1772 1153 1836 1178 π.
1894 1158 2246 1178 _-_-.__L-_,

2852 1048 2863 1066 ι
2896 1048 2936 1050 η
2961 1048 2965 1049 ν
2987 1048 3000 1051 ν
3022 1048 3116 1066 --γ’
3148 1048 3266 1057 ---ν
3306 1048 3492 1075 -γ-υιν
3537 1048 3832 1071 levasti-uvas.
3860 1048 3991 1074 ειυῑυι

2448 1082 2543 1134 καὶ
2582 1084 2727 1152 ήμᾶς
2759 1088 2887 1149 τοὺς
2914 1094 3228 1159 ταπεινοὺς,
3260 1098 3309 1149 εί
3343 1100 3438 1152 καὶ
3482 1105 3753 1173 μυριάκις
3788 1113 3991 1178 σφαλλό-

779 1141 1151 1210 capillatorum
1200 1160 1384 1211 causa,
1456 1150 1721 1206 inhibent.
1771 1153 1839 1208 Et
1888 1158 2343 1224 quemadmodum

777 1234 1017 1301 potentia
1050 1244 1140 1290 tua
1174 1238 1385 1307 piorum
1420 1241 1771 1299 Dominorum
1803 1258 2113 1304 nostrorum
2146 1260 2343 1308 statuta

774 1326 1064 1381 observare
1111 1331 1315 1391 studet.
1368 1350 1513 1387 nunc
1563 1336 1855 1393 incidentia
1891 1341 2157 1409 referens,
2194 1361 2342 1401 nunc

775 1416 1036 1486 imperata
1065 1434 1393 1492 exsequens,
1444 1425 1833 1499 includensque
1862 1442 1918 1486 et
1949 1433 2255 1502 eliminans,
2286 1449 2341 1493 et

771 1524 1109 1581 quaecunque
1135 1515 1235 1569 alia
1267 1518 1609 1589 contingunt,
1652 1523 1855 1578 nullius
1883 1527 2112 1582 reverita
2140 1544 2337 1598 perso-

769 1616 892 1656 nam
924 1619 1101 1674 neque
1147 1622 1365 1676 parvam
1406 1626 1584 1680 neque
1629 1629 1881 1685 magnam
1931 1634 1945 1671 :
1994 1620 2140 1689 quod
2188 1622 2335 1677 enim

766 1694 935 1748 semel
964 1698 1189 1765 audivit,
1218 1709 1270 1755 et
1297 1701 1619 1772 imperatum
1669 1714 1774 1771 est,
1806 1708 2031 1779 implere
2063 1712 2284 1770 festinat
2315 1732 2331 1782 ;

762 1799 889 1839 cum
914 1786 1215 1856 periculum
1247 1792 1318 1846 sit
1348 1808 1457 1847 non
1484 1794 1620 1862 leve,
1646 1799 1925 1867 paululum
1946 1801 2171 1859 differre
2203 1823 2217 1858 :
2252 1806 2333 1861 sic

762 1892 912 1947 ergo,
943 1894 1007 1934 ac
1042 1882 1211 1936 multo
1244 1886 1436 1954 magis,
1485 1888 1643 1943 nobis
1686 1890 1778 1959 qui
1816 1893 2121 1949 sacerdotio
2155 1894 2333 1968 fungi-

763 1984 903 2033 mur,
937 1972 1110 2041 majus
1140 1982 1194 2027 et
1222 1974 1540 2033 damnosius
1563 1991 1647 2035 est
1672 1984 1993 2051 periculum,
2025 2002 2132 2040 nun
2151 1988 2333 2043 omnia

760 2060 1001 2130 explere,
1053 2079 1175 2133 quin
1204 2081 1233 2119 a
1267 2082 1393 2137 rege
1447 2071 1825 2128 universorum
1867 2074 1977 2130 Deo
2025 2093 2121 2146 per
2149 2095 2332 2135 sacros

759 2166 996 2208 canones
1032 2165 1086 2210 et
1129 2156 1344 2213 divinos
1386 2159 1571 2216 Patres
1601 2166 1805 2219 sancita
1838 2176 1984 2221 sunt.
2018 2168 2171 2235 Quod
2200 2187 2330 2226 vero

758 2256 1089 2316 praeceptum
1146 2250 1215 2304 sit
1262 2252 1530 2315 divinum.
1585 2257 1762 2325 primo
1818 2260 2038 2328 quidem
2089 2262 2329 2317 declarat

757 2337 1049 2404 Apostolus
1077 2341 1119 2371 ⁷⁸
1150 2358 1163 2405 ;
1197 2341 1393 2398 deinde
1429 2346 1862 2405 Conslitutiones
1890 2352 1931 2382 ⁷⁸
1957 2372 1968 2406 :
2014 2361 2124 2405 tum
2155 2353 2326 2425 Chry-

756 2436 1029 2483 sostomus
1055 2430 1121 2494 7',
1173 2440 1427 2488 astruens
1466 2448 1749 2505 peccatum
1794 2440 1850 2493 in
1896 2441 2151 2497 confesso
2179 2459 2322 2506 csse,

755 2515 798 2568 si
850 2517 931 2571 vir
963 2534 1173 2576 comam
1211 2524 1316 2579 alat
1359 2544 1371 2579 :
1408 2526 1625 2583 demum
1664 2541 1862 2585 sanctae
1907 2531 2108 2602 Synodi
2156 2546 2323 2591 sexta:

753 2621 930 2661 canon
958 2610 1023 2673 ⁷⁸,
1072 2617 1694 2674 excommunicationem
1751 2622 1818 2675 iis
1848 2624 1938 2692 qui
1972 2640 2079 2678 non
2106 2627 2322 2681 obtem-

753 2709 948 2767 perant
981 2702 1227 2760 indicens
1259 2724 1273 2762 :
1306 2724 1465 2777 quem
1495 2726 1601 2765 una
1649 2713 1894 2769 misimus
1926 2724 1985 2768 ut
2009 2718 2112 2773 hoc
2136 2719 2320 2773 audito

750 2804 1041 2861 cognoscat
1061 2811 1159 2850 nos
1190 2808 1504 2866 peccatores
1531 2810 1683 2856 extra
1707 2819 1946 2860 canones
1974 2808 2108 2862 nihil
2135 2824 2313 2879 agere.

748 2882 935 2952 Neque
987 2900 1086 2941 nos
1115 2890 1341 2945 canonis
1379 2890 1553 2961 hujus.
1580 2906 1859 2965 compotes
1896 2915 2038 2955 nunc
2078 2902 2313 2970 primum

747 2972 876 3029 facti
929 2990 1135 3040 sumus,
1163 2981 1257 3035 sed
1311 2982 1513 3038 dudum
1559 3004 1572 3041 :
1628 2987 1791 3057 idque
1824 3002 2170 3061 perspectum
2212 2993 2316 3050 fuit

740 3069 1073 3135 praecedenti
1131 3073 1295 3127 etiam
1337 3075 1673 3144 patriarchae.
1704 3078 1838 3135 Nam
1869 3092 1922 3137 et
1951 3099 2315 3155 congruenter

745 3156 904 3211 nobis
934 3159 1146 3214 locutus
1170 3173 1271 3229 est,
1308 3180 1416 3219 non
1452 3168 1741 3239 increpans
1766 3173 1891 3242 ;qui
1918 3175 2063 3230 enim
2098 3188 2309 3247 poterat
2341 3185 2382 3243 C

744 3258 993 3304 exstante
1022 3267 1229 3307 canone
1256 3254 1278 3305 τ’
1310 3257 1403 3310 sed
1446 3262 1773 3328 approbans,
1807 3273 1861 3317 et
1888 3268 2113 3321 canonis
2142 3270 2305 3323 etiam

742 3341 1076 3396 mentionem
1121 3359 1151 3397 a
1193 3360 1280 3400 me
1308 3346 1501 3402 factam
1540 3364 1661 3405 esse
1711 3352 1899 3410 dicens
1934 3374 1948 3409 :
1998 3372 2303 3430 quanquam

739 3432 909 3487 auditi
940 3448 1047 3488 non
1087 3451 1295 3491 sumus.
1327 3438 1523 3494 Verum
1551 3441 1619 3496 de
1647 3442 2057 3514 dispensatione
2085 3451 2303 3519 quidem

741 3524 886 3580 haud
929 3527 1059 3581 satis
1100 3538 1287 3583 exacte
1316 3532 1457 3600 apud
1495 3532 1672 3603 ipsum
1719 3536 2140 3597 disserebamus.
2194 3543 2305 3599 Nos

735 3632 866 3672 vero
906 3618 1173 3675 hactenus
1214 3620 1268 3675 in
1310 3623 1455 3679 hunc
1500 3627 1720 3683 modum
1755 3633 2138 3704 transegimus,
2190 3651 2300 3691 non

733 3709 946 3779 publice
975 3712 1141 3767 verba
1171 3712 1436 3771 facientes
1473 3734 1487 3783 ;
1512 3719 1638 3788 quia
1668 3721 1907 3792 episcopi
1929 3739 2037 3779 non
2070 3741 2257 3782 sumus
2283 3745 2297 3782 :

731 3802 825 3856 sed
853 3802 905 3856 in
937 3804 1151 3873 prapria
1182 3806 1420 3862 Ecclesia
1463 3811 1816 3878 excubantes,
1839 3815 1965 3883 quia
1997 3819 2298 3875 sacerdotio

728 3889 1025 3961 fungimur,
1061 3908 1124 3947 ac
1162 3893 1314 3949 nefas
1339 3905 1422 3950 est
1442 3912 1641 3968 corpus
1661 3907 1717 3955 et
1740 3905 2056 3974 sanguinem
2081 3907 2292 3966 Domini

726 3980 899 4036 nostri
924 3981 1053 4037 Jesu
1076 3982 1278 4040 Christi
1308 3988 1537 4057 prodere
1559 3990 1629 4046 iis
1656 3993 1747 4062 qui
1772 3995 2057 4053 manifeste
2090 4001 2293 4057 obstri-

725 4071 795 4125 cti
854 4081 982 4127 sunt
1038 4084 1380 4144 peccato:et
1408 4080 1654 4150 quisquis
1705 4084 1796 4140 ille
1841 4088 1930 4151 sit,
1977 4105 2084 4144 non
2144 4095 2287 4160 novi,

723 4160 827 4214 nisi
870 4164 1304 4220 emendationem
1354 4168 1656 4237 promittat.
1702 4174 1991 4232 Enimvero
2022 4180 2205 4236 multis
2234 4192 2289 4237 et

725 4249 1053 4308 indulsimus
1083 4263 1139 4309 et
1185 4254 1527 4329 indulgemus
1565 4261 1630 4315 ad
1662 4278 1825 4318 unam
1870 4281 2040 4337 usque
2072 4280 2128 4324 et
2156 4272 2289 4328 alte-

722 4356 835 4393 ram
861 4344 1343 4400 commonitionem
1369 4348 1452 4402 vel
1476 4350 1639 4405 etiam
1668 4355 1907 4411 tertiam:
1930 4359 2075 4428 quod
2103 4370 2285 4417 autem

718 4436 971 4503 amplius,
1020 4439 1366 4509 negligentia,
1404 4453 1458 4496 et
1486 4460 1759 4503 canonum
1800 4457 2137 4525 contemptio
2176 4468 2280 4524 est,

716 4526 802 4581 vel
840 4526 934 4582 Dei
968 4529 1149 4597 potius
1176 4546 1206 4584 a
1236 4548 1344 4601 quo
1374 4537 1575 4591 conditi
1604 4551 1752 4596 sunt.
1777 4542 1904 4599 Haec
1929 4558 2011 4602 est
2039 4550 2284 4607 defensio
2310 4530 2363 4589 D

714 4625 921 4682 nostra,
957 4617 1203 4684 Domine,
1224 4624 1364 4691 apud
1402 4625 1665 4683 illustrem
1694 4635 2068 4692 excellentiam
2092 4649 2235 4697 tuam
2266 4660 2279 4708 ;

711 4724 872 4778 quam
936 4726 1241 4780 precamur,
1292 4724 1351 4768 ut
1374 4732 1702 4791 quocunque
1763 4724 1904 4780 fama
1954 4734 2276 4799 pervaserit,

712 4808 963 4872 tanquam
996 4804 1053 4857 in
1075 4807 1247 4861 oculis
1263 4806 1376 4873 Dei,
1414 4825 1443 4863 a
1464 4827 1571 4880 quo
1586 4814 1875 4883 judicanda
1893 4828 1947 4873 et
1972 4825 2279 4880 mercedem

711 4907 993 4966 receptura
1047 4909 1153 4963 est,
1195 4905 1577 4961 convenientia
1618 4921 1891 4981 suggerat.
1945 4913 2099 4981 Quod
2130 4919 2276 4973 enim

709 5003 873 5042 manu
902 5001 1085 5045 nostra
1108 4992 1402 5064 quidquam
1432 4997 1519 5051 hic
1539 4998 1700 5054 alicui
1734 5001 2045 5073 fecerimus,
2088 5010 2283 5066 ridicu-

708 5078 819 5132 lum
868 5090 951 5134 est
980 5082 1065 5135 vel
1116 5084 1264 5138 credi
1299 5086 1369 5140 ab
1419 5088 1527 5142 ullo
1554 5090 1644 5159 qui
1677 5094 1868 5162 sapiat.
1904 5096 2063 5153 Nullo
2094 5103 2277 5158 modo.

706 5167 810 5223 Sed
839 5171 1203 5243 quodcunque
1232 5176 1459 5245 egimus,
1485 5179 1539 5234 id
1569 5196 1692 5235 cum
1727 5186 1875 5240 omni
1910 5187 2278 5249 obtestatione

704 5259 963 5329 omnique
1018 5262 1396 5333 recipientium
1458 5270 1848 5339 approbatione
1900 5287 2110 5347 gestum
2168 5292 2271 5346 est,

705 5359 820 5401 tum
869 5356 926 5402 et
958 5351 1190 5406 crinium
1222 5357 1521 5425 amputatio
1553 5360 1607 5413 in
1648 5361 1713 5415 iis
1746 5363 1838 5432 qui
1871 5371 2268 5437 propemodum

702 5438 920 5510 cingulo
951 5450 1109 5497 tenus
1159 5448 1357 5501 comati
1388 5460 1565 5511 erant,
1597 5462 1847 5523 tanquam
1891 5464 2152 5518 socordia:
2171 5465 2269 5520 de-

700 5530 832 5596 diti;
858 5546 927 5586 ne
956 5532 1234 5589 videamur
1266 5538 1347 5592 vel
1381 5542 1647 5597 mutillum
1676 5560 1705 5599 a
1726 5562 1935 5604 canone
1961 5556 2218 5611 recedere
2250 5576 2267 5625 ;

702 5635 871 5691 utque
906 5623 1032 5679 hinc
1067 5624 1296 5685 fortasse
1326 5631 1504 5701 aliqua
1532 5632 1623 5689 fiat
1648 5637 1712 5690 ad
1744 5640 1967 5697 meliora
2002 5623 2267 5702 instaura-

2450 1176 2607 1245 μεθα,
2650 1179 2786 1249 πρὸς
2813 1183 2935 1245 ταῖς
2966 1182 3155 1248 ἄλλαις
3184 1187 3498 1256 ὑποθέσεσι,
3532 1195 3625 1247 καὶ
3659 1197 3746 1260 είς
3778 1176 3879 1271 τήν
3906 1205 3991 1255 τῶν

2445 1272 2759 1338 κομώντων,
2798 1274 3027 1343 ἴσχουσι.
3062 1279 3169 1331 Καὶ
3230 1279 3485 1355 ὥσπερὴ
3529 1286 3756 1351 ἐξουσία
3798 1310 3887 1347 σου
3939 1298 3991 1349 τὰ

2441 1361 2839 1435 διατεταγμένα
2890 1369 3026 1437 πρὸς
3080 1371 3187 1423 τῶν
3245 1375 3492 1429 εὐσεϐῶν
3548 1381 3705 1449 ήμῶν
3745 1385 3990 1441 δεσποτῶν

2440 1455 2728 1523 φυλάττειν
2774 1458 3190 1528 διαγωνίζεται·
3219 1465 3296 1536 πῆ
3354 1468 3451 1538 μὲν
3479 1471 3885 1539 ἀναγγέλλουσι
3936 1480 3989 1533 τὰ

2439 1546 2843 1615 συμϐαίνοντα,
2905 1551 2979 1620 πῆ
3045 1552 3102 1605 δὲ
3182 1556 3532 1629 ἐκπληροῦσα
3590 1563 3659 1616 τά
3737 1584 3985 1638 προστασ·

2437 1636 2636 1707 σὸμενα
2668 1655 2683 1669 ο
2725 1641 2987 1711 είργουσά
3039 1663 3096 1699 τε
3162 1649 3253 1701 καὶ
3321 1651 3679 1722 ἀφορίζουσα,
3754 1636 3851 1712 καὶ
3904 1662 3984 1714 ὅσα

2433 1727 2566 1780 ἄλλα
2647 1732 3072 1803 ὲπισυμϐαίνειυ
3135 1738 3197 1790 οὐ
3257 1739 3655 1818 δυσωπουμένη
3738 1750 3985 1820 πρόσωπά

2437 1837 2555 1873 τινα
2586 1820 2712 1893 [ms.
2754 1826 2887 1899 Reg.
2923 1829 3201 1903 προσώπῳ
3240 1831 3416 1915 sub],
3465 1838 3587 1893 οὔτε
3641 1843 3837 1913 μικρά,
3881 1845 3981 1897 οὔτε

2438 1912 2684 1979 μεγάλα·
2735 1914 2879 1983 ἅπαξ
2942 1918 3049 1988 γὰρ
3102 1918 3133 1972 δ
3178 1912 3383 1991 ήκουσέ
3424 1928 3515 1980 καὶ
3575 1912 3862 2002 ὲνετάλθη,
3904 1935 3982 1986 ἐκ·

2432 2002 2675 2072 πληροῦν
2697 2009 3133 2065 κατασπεύδεται
3156 2026 3170 2041 ⁸
3206 2014 3448 2080 κίνδυνος
3479 2020 3585 2092 γάρ
3628 2023 3724 2092 οὐχ
3757 2026 3788 2076 6
3825 2024 3981 2095 τυχὼν

2431 2095 2534 2147 κᾶν
2590 2097 2724 2165 πρὸς
2766 2099 2962 2170 μικρὸν
3006 2102 3443 2160 ἀναϐάλλεσθαι·
3484 2110 3624 2164 οῦτω
3670 2114 3855 2169 τοίνυν
3901 2118 3979 2169 καὶ

2429 2188 2607 2257 πολλῷ
2656 2191 2855 2258 μᾶλλον
2883 2194 2967 2262 ἐφ’
3000 2196 3131 2265 ἡμῖν
3171 2199 3288 2261 τοῖς
3327 2199 3552 2271 λαχοῦσι
3580 2205 3640 2257 τό
3670 2208 3975 2277 ἱερατεύειν,

2429 2274 2634 2341 μείζων
2663 2279 2756 2329 καὶ
2785 2279 3171 2352 όλεθριώτερος
3190 2285 3219 2336 ό
3241 2287 3511 2356 κίνδυνος,
3548 2294 3623 2364 μὴ
3648 2274 3976 2370 ἀπο-περαιώ-

2428 2379 2541 2415 σειν
2586 2366 2765 2423 πάντα
2788 2371 2855 2422 τὰ
2895 2371 2982 2425 διὰ
3015 2373 3121 2425 τῶν
3158 2375 3320 2430 θείων
3357 2381 3621 2449 κανόνων,
3658 2389 3753 2440 καὶ
3796 2388 3976 2441 θεσπεο

2427 2454 2555 2507 σίων
2595 2458 2852 2527 Πατέρων
2874 2500 2889 2524 ,
2930 2464 3078 2533 παρά
3112 2467 3207 2520 τοῦ
3245 2468 3511 2538 βασιλέως
3554 2476 3661 2529 τῶν
3688 2476 3827 2533 ὅλων
3853 2478 3970 2532 θεοῦ

2423 2547 2896 2616 προστασσόμενα.
2926 2551 3047 2604 Ὀτι
3080 2554 3136 2606 δὲ
3179 2560 3509 2633 πρόσταγμα
3551 2564 3723 2631 θεῖον,
3774 2568 3973 2639 πρῶτον

2423 2635 2523 2702 μὲν
2553 2642 2778 2709 φανεροῖ
2802 2643 2831 2693 ὁ
2860 2644 3179 2711 Ἀπόστολος
3197 2664 3212 2679 ⁸
3235 2650 3426 2706 ἔπειτα
3456 2657 3510 2709 ai
3538 2657 3809 2722 διατάξεις
3820 2635 3848 2690 ν·
3869 2654 3970 2712 εἶτα

2416 2728 2445 2778 6
2473 2729 2853 2802 Χρυσόστομιις
2872 2752 2885 2765 ο
2910 2743 3336 2806 κατασκευάζων
3368 2747 3671 2819 ἁμάρτημα
3693 2751 3967 2820 ὁμολογοέ.

2420 2836 2581 2888 μενον
2598 2818 2738 2879 εἶναι
2762 2826 2825 2881 τὸ
2848 2833 3025 2901 κομᾷν
3047 2834 3171 2896 τοὺς
3191 2835 3391 2907 ἀνδρας
3414 2855 3429 2871 ν
3449 2818 3757 2896 τελευταῖον
3778 2845 3809 2896 ὁ

2414 2913 2480 2981 τῇ
2526 2912 2659 2984 ἕκτῃ
2703 2917 2835 2988 ἀγίᾳ
2880 2922 3082 2991 συνόδῳ
3130 2924 3333 2989 κανὼν,
3362 2931 3718 2999 προστάσσων
3747 2936 3843 2987 καὶ
3874 2912 3967 3004 ἀο-

2414 3007 2640 3076 ορισμὸν
2672 3011 2782 3072 τοῖς
2810 3010 2883 3080 μὴ
2912 3014 3253 3082 πειθομένοις
3282 3033 3294 3046 ’
3316 3018 3375 3071 δν
3408 3021 3501 3074 καὶ
3529 3024 3819 3079 ἀπέστειλα
3846 3043 3861 3057 ⁸
3890 3028 3962 3082 ἵνα

2415 3094 2681 3164 αὐτήκοος
2703 3102 2995 3173 γενομένη,
3030 3107 3184 3176 γνοίη
3212 3110 3377 3180 μηδὲν
3405 3114 3553 3182 ἡμᾶς
3569 3118 3694 3180 τοὺς
3716 3119 3963 3190 ἀμαρτω-

2415 3184 2538 3248 λοὺς
2569 3190 2936 3256 ἀκανονίστως
2975 3200 3164 3253 ποιεῖν.
3201 3198 3393 3270 Ἡμεῖς
3424 3204 3481 3257 δὲ
3519 3202 3711 3261 τούτου
3751 3184 3847 3264 τοῦ
3878 3228 3963 3263 κα·

2416 3277 2563 3339 νόνος
2607 3281 2705 3333 οὐκ
2744 3283 3059 3354 ὲπικρατεῖς
3086 3289 3179 3341 νῦν
3212 3294 3538 3365 γεγόναμεν,
3574 3298 3710 3353 άλλά
3758 3301 3918 3355 πάλαι
3944 3313 3959 3329 ⁵

2414 3371 2505 3423 καὶ
2542 3374 2779 3439 γνωστὸν
2807 3377 2997 3446 γέγονε
3020 3383 3112 3435 καὶ
3139 3384 3216 3455 τῷ
3241 3392 3684 3463 προηγησαμένῳ
3712 3394 3961 3465 πατριάρ-

2413 3480 2513 3532 χῃ·
2546 3464 2670 3517 ἐπεὶ
2702 3468 2796 3521 καὶ
2847 3470 3095 3543 διελέχθη
3130 3476 3289 3546 ἡμῶν
3324 3482 3392 3534 τά
3422 3484 3608 3538 είκότα
3634 3499 3647 3513 ·
3677 3486 3775 3538 οὐκ
3800 3464 3958 3553 ἐγκα-

2410 3553 2536 3618 λῶν,
2578 3556 2693 3610 ἀλλ⁹
2731 3559 3125 3633 ἀποδεχόμενος
3154 3582 3168 3596 ’
3208 3570 3326 3632 πῶς
3354 3572 3462 3643 γὰρ
3491 3575 3557 3629 ἂν
3594 3576 3689 3628 καὶ
3719 3576 3956 3644 ἠδύνατο,

2408 3644 2630 3711 κανόνος
2671 3650 2927 3720 κειμένου
2965 3670 2979 3719 ;
3012 3654 3185 3724 λέγων
3210 3676 3271 3712 τε
3319 3662 3401 3714 ὅτι
3427 3664 3615 3731 γέγονε
3641 3668 3808 3736 κάμοὶ
3837 3667 3957 3719 ὑπό·

2410 3755 2608 3809 μνησις
2632 3743 2763 3814 περὶ
2786 3746 2975 3801 τούτου
2994 3762 3008 3776 ⁸
3032 3749 3136 3803 κᾶν
3167 3751 3269 3805 οὐκ
3292 3754 3629 3826 ήκούσμεθα.
3659 3758 3798 3811 Ἀλλ’
3828 3759 3957 3813 ὲκεί-

2405 3846 2480 3900 νῳ
2520 3832 2619 3901 μὲν
2642 3830 2739 3902 τὴν
2767 3835 3077 3905 οἰκονομίαν
3109 3839 3732 3917 οὐκ.ήκριϐολογούμεθα
3754 3862 3770 3876 ·
3805 3849 3953 3919 ήμιίς

2402 3923 2459 3975 δὲ
2499 3924 2602 3987 ἕως
2645 3925 2741 3978 τοῦ
2779 3925 2875 3980 νῦν
2908 3928 3051 3983 οὕτω
3091 3931 3403 4005 διήλθομεν,
3435 3937 3497 3990 οὐ
3532 3938 3804 4010 δημοσίοις
3843 3940 3951 3993 δια-

2400 4014 2718 4083 γορεύοντες
2747 4031 2760 4045 θ
2792 4016 2913 4069 ἐπεὶ
2973 4019 3106 4091 μηδὲ
3157 4023 3569 4094 ἐπισκοποῦμεν
3596 4041 3611 4057 ·
3677 4030 3733 4083 έν
3788 4030 3845 4083 δὲ
3889 4030 3947 4099 τῇ

2397 4104 2572 4174 οίκεία
2616 4105 2913 4180 Ἐκκλησία
2943 4110 3355 4184 φυλαττόμενοι,
3385 4117 3520 4171 διότι
3568 4119 3911 4192 ίερατεύομεν
3932 4134 3944 4147 ·

2396 4197 2489 4250 καὶ
2509 4199 2770 4267 προέσθαι
2790 4202 2850 4255 τὸ
2874 4202 3034 4274 σῶμα
3058 4206 3151 4258 καὶ
3174 4200 3313 4277 αἷμα
3328 4208 3424 4262 τοῦ
3447 4210 3654 4282 Κυρίου
3671 4212 3827 4283 ήμῶν
3855 4214 3947 4280 ’1η-

2397 4287 2490 4341 σοῦ
2505 4290 2547 4342 Χ
2560 4291 2742 4361 ριστοῦ
2762 4294 2818 4346 ὲν
2838 4296 2953 4357 τοῖς
2973 4296 3417 4369 ὁμολογουμένως
3442 4306 3833 4374 κρατουμένοις
3865 4302 3945 4369 ὑφ’

2395 4380 2507 4447 ἁμα
2516 4384 2611 4452 ρτή
2620 4387 2871 4453 ματος,οῦ
2878 4406 2909 4456 χ
2925 4382 3035 4440 οἷόν
3052 4391 3110 4442 τέ
3121 4392 3256 4445 ἐστι.
3278 4393 3678 4450 Κᾶνόστιστοῦν
3691 4398 3941 4467 τυγχάνῃ,

2388 4471 2488 4523 οὐκ
2516 4469 2651 4525 οῐδα·
2678 4475 2726 4525 εί
2753 4476 2826 4544 μὴ
2848 4477 3239 4545 ἐπαγγέλλεται
3269 4480 3367 4550 τὴν
3388 4482 3686 4554 διόρθωσιν.
3711 4488 3817 4539 Καὶ
3843 4486 3941 4553 γὰρ

2392 4561 2603 4625 πολλοῖς
2630 4565 2721 4616 καὶ
2748 4569 3208 4638 συνεχωρήσαμεν
3223 4572 3317 4623 καὶ
3336 4575 3769 4645 παραχωροῦμεν
3788 4577 3939 4647 μέχρι

2394 4652 2521 4717 μιᾶς
2546 4652 2643 4704 καὶ
2671 4652 2932 4723 δευτέρας
2961 4657 3342 4729 ὑπομνήσεως,
3376 4662 3408 4732 ἢ
3438 4667 3532 4718 καὶ
3555 4667 3744 4738 τρίτης
3776 4685 3787 4697 ·
3812 4667 3939 4721 τὸδὲ

2387 4740 2569 4803 πλέον,
2597 4742 2887 4816 ἀδιαφορία
2906 4786 2921 4808 ,
2948 4748 3041 4801 καὶ
3068 4750 3177 4802 τῶν
3225 4754 3465 4807 κανόνων
3504 4760 3933 4831 καταφρόνησις,

2390 4830 2593 4898 μᾶλλον
2636 4831 2692 4885 δὲ
2728 4832 2863 4886 Θεοῦ
2884 4875 2899 4900 ,
2930 4838 3057 4907 παρ’
3091 4831 3151 4891 οὗ
3202 4840 3482 4912 ἐδόθησαν.
3514 4846 3664 4919 Αὕτη
3719 4830 3870 4922 ήμῶν
3904 4851 3933 4917 ή

2384 4918 2670 4989 ἀπολογία,
2699 4922 2955 4989 δέσποτα,
2992 4928 3125 4997 πρὸς
3157 4931 3258 5001 τὴν
3319 4934 3573 5007 ὑπερφυῆ
3611 4918 3703 4993 σου
3742 4918 3935 5015 γῦπερο-

2380 5011 2500 5081 χήν.
2535 5013 2642 5066 Καὶ
2669 5014 2903 5085 δεόμεθα
2935 5019 3103 5090 αὐτῆς
3132 5021 3379 5095 ὅπουπερ
3400 5026 3465 5080 ἂν
3494 5031 3730 5103 ἐπιρρυῇ
3755 5011 3930 5102 λόγὸς,

2376 5102 2445 5155 τά
2472 5104 2662 5159 δέοντα
2690 5106 2767 5171 ὡς
2795 5109 2898 5163 ὑπὸ
2926 5110 3061 5164 Θεοῦ
3092 5115 3492 5192 ἀνακρινομένη
3539 5126 3633 5177 καὶ
3674 5102 3930 5194 μισθαπο-

2374 5196 2672 5270 δοτουμένη
2708 5201 3022 5259 ὑποϐαλεῖν.
3046 5207 3185 5276 Περὶ
3215 5211 3323 5282 γὰρ
3356 5214 3450 5268 τοῦ
3480 5218 3562 5270 ὅτι
3592 5221 3736 5289 χειρὶ
3760 5219 3931 5287 ἐποιή-

2375 5306 2547 5359 σαμεν
2578 5293 2740 5361 ἡμεῖς
2788 5296 3022 5353 ἐνταῦθά
3048 5317 3177 5365 τινι,
3208 5304 3414 5370 γελοῖόν
3444 5308 3560 5363 ἐστι
3592 5311 3651 5364 τὸ
3682 5313 3925 5367 πιστεύε-

2377 5380 2499 5435 σθαι
2532 5387 2667 5453 πρός
2686 5403 2831 5451 τινος
2860 5389 2970 5443 τῶν
3003 5394 3432 5465 εὐφρονούντων.
3477 5401 3762 5473 Οὐδαμῶς.
3780 5403 3928 5458 Ἀλλά

2369 5472 2429 5524 τὸ
2486 5475 2616 5545 παρ’
2647 5477 2805 5547 ήμῶν
2835 5481 2971 5549 μετὰ
3026 5486 3208 5555 πάσης
3241 5472 3659 5560 παρακλήσεως,
3694 5495 3789 5547 καὶ
3829 5493 3926 5546 τῶν

2369 5566 2818 5637 καταδεχομένων
2850 5574 2986 5641 μετὰ
3012 5576 3196 5648 πάσης
3228 5581 3683 5647 συγκαταθέσεως
3710 5585 3922 5654 γέγονε·

2366 5656 2459 5708 καὶ
2486 5658 2606 5710 τότε
2631 5659 3092 5735 ἁκρωτηριασμὸς
3137 5667 3245 5723 τῶν
3278 5670 3719 5743 ὑπερκομὼντων
3754 5674 3924 5748 σχεδὸν

773 5820 819 5851 ⁷⁸
848 5818 869 5874 ι
906 5820 1029 5877 Cor.
1061 5841 1135 5889 XI,
1176 5826 1259 5882 l6.
1336 5830 1381 5862 ⁷⁸
1412 5830 1598 5888 Const.
1639 5846 1811 5904 apost.
1850 5838 1942 5897 lib.
1977 5857 2012 5910 I,
2042 5858 2163 5914 cap.
2195 5846 2249 5901 5.
2324 5850 2365 5883 "
2403 5851 2459 5908 S.
2491 5852 2768 5928 Chrysost.
2801 5861 2855 5914 in
2886 5861 2912 5917 1
2941 5862 3063 5922 Cor.
3143 5868 3186 5900 ⁷⁸
3213 5867 3343 5941 Syn.
3387 5868 3555 5927 Trull.
3584 5888 3707 5932 can.
3742 5878 3825 5930 96.
