4158 6476
157 401 278 466 997

1376 418 1914 480 EPISTOLARUM
1949 422 2094 485 LIB.
2135 426 2186 487 Ι.

3304 438 3408 505 998

167 512 345 582 μέχρι
403 512 644 581 ζώσεως,
677 519 771 571 καὶ
811 519 1376 593 καταϐλακευομένων
1411 541 1422 556 ο
1468 525 1556 580 ἵνα
1577 525 1746 589 δόξω-

1852 532 1946 587 ιὶο.
1978 533 2083 588 Ora
2112 550 2258 606 ergo,
2295 537 2532 602 domine,
2560 548 2617 594 ut
2657 539 2808 610 juste
2840 551 2897 599 et
2921 553 3109 614 pacate
3141 561 3241 602 nos
3271 550 3420 604 viva-

167 618 282 670 μεν
311 607 508 675 μικρόν
535 623 588 658 τι
618 606 712 660 τοῦ
739 611 962 673 κανόνος
988 611 1062 681 μὴ
1081 612 1416 668 ἀποπίπτειν
1446 631 1458 644 ·
1497 616 1588 669 καὶ
1619 616 1747 678 ἴσως

163 693 238 743 ἐκ
269 693 468 748 τούτου
498 697 720 768 γένηταί
755 719 838 765 τις
866 703 1003 772 πρὸς
1029 703 1089 755 τὸ
1119 702 1326 772 βέλτιον
1365 705 1743 774 ὲπαναδρομή.

164 783 356 854 Εὕχου
409 787 609 852 τοίνυν,
639 783 684 843 ὦ
738 792 1007 858 δέσποτα,
1041 795 1281 863 ἐννόμως
1319 797 1414 848 καὶ
1453 794 1746 864 εἰρηνικῶς

162 875 326 943 ἡμᾶς
386 877 484 950 ζῇν
507 898 521 913 ⁸
561 883 885 952 ωμῦάλλων
920 886 1014 936 καὶ
1055 885 1124 938 τά
1157 890 1288 954 παρ’
1318 886 1512 940 ἑαυτοῦ
1537 888 1596 938 ὲν
1628 887 1742 949 τοῖς

166 968 498 1042 συμμεθέξῃ
529 974 562 1042 ή
595 974 752 1042 τιμία
781 991 874 1028 σου
903 975 1048 1045 ψυχὴ
1075 976 1169 1029 τοῦ
1198 977 1386 1031 καλοῦ.

390 1106 527 1162 κη’.
554 1139 623 1149 —
651 1112 943 1175 Βασιλείῳ
992 1110 1312 1180 μονάζοντι
1365 1111 1526 1184 [μᾷ]

1856 640 1996 688 mus,
2021 626 2183 680 etiam
2205 643 2323 696 quae
2352 639 2438 682 tua
2469 640 2595 684 sunt
2636 631 2924 688 conferens
2951 634 3004 688 in
3033 637 3234 691 nostris
3255 639 3420 696 rebus

1854 716 2030 785 quoad
2079 727 2233 786 potes
2265 737 2277 772 :
2311 728 2370 772 ut
2397 719 2439 772 si
2469 721 2598 788 quid
2639 721 2741 776 erit
2775 723 2928 789 recti,
2964 726 3240 798 particeps
3268 729 3337 784 sit
3364 739 3419 786 et

1853 807 2030 860 anima
2070 817 2159 861 tua
2201 811 2515 864 reverenda.

1851 900 1974 953 καθ’
2031 901 2177 971 ἡμᾶς
2225 904 2365 956 κατά
2422 904 2481 956 τὸ
2528 904 2780 958 δυνατόν⁶
2815 906 2902 960 ἵνα
2951 907 3045 962 ὲάν
3094 925 3146 962 τι
3178 908 3408 978 ἀγαθὸν,

2204 1105 2440 1160 XXVIII.
2475 1136 2539 1146 —
2567 1105 2766 1162 Basilio
2795 1111 3063 1165 monacho.

1162 1227 1348 1290 Purgat
1366 1242 1421 1276 se
1445 1231 1506 1278 de
1529 1231 1810 1279 schismate.
1846 1228 2040 1291 (Baron.
2063 1237 2142 1272 an.
2167 1223 2276 1282 808,
2298 1238 2348 1272 n.
2371 1221 2468 1284 26.)

256 1332 596 1402 Ἐδεξάμεθά
627 1351 720 1387 σου
746 1335 814 1388 τὰ
836 1337 1140 1405 γράμματα
1167 1337 1266 1406 τῆς
1289 1338 1583 1407 ἀδελφικῆς
1616 1339 1753 1406 ἀγά-

164 1440 308 1492 πης,
347 1426 440 1477 καὶ
497 1426 888 1496 ἐθαυμάσαμεν
917 1427 1011 1479 ἐπὶ
1048 1429 1113 1497 τῇ
1142 1428 1317 1499 ἀθρόα
1344 1430 1616 1499 μεταϐολῇ
1655 1431 1747 1482 αὖ·

168 1517 300 1584 τῆς.
333 1517 415 1568 Τὰ
444 1515 542 1585 μὲν
565 1517 806 1586 πρότερα
834 1518 944 1586 (ἵνα
971 1517 1040 1571 τὰ
1062 1517 1195 1572 ἀλλα
1227 1520 1372 1572 ὲάσω
1395 1519 1616 1588 λέγειν),
1649 1520 1750 1572 οὐκ

163 1607 460 1672 ἀναγκαῖα
498 1606 626 1658 ὄντα
681 1607 821 1660 κατά
866 1607 925 1660 τὸ
953 1609 1381 1678 παριστάμενον·
1427 1611 1626 1680 Ἰωσὴφ
1651 1610 1747 1664 τοῦ

163 1692 462 1762 οἰκονόμου
491 1694 825 1764 κατηγορίαν
863 1691 1028 1766 εἶχον,
1056 1697 1130 1760 ὡς
1176 1697 1366 1759 κακῶς
1415 1697 1748 1761 εἰσελθόντος

163 1785 343 1840 αὑτοῦ
373 1787 453 1848 εἰς
480 1786 578 1857 τὴν
619 1787 965 1858 Ἐκκλησίαν.
1003 1787 1082 1840 Τά
1101 1787 1158 1841 δὲ
1187 1787 1416 1858 δεύτερα
1436 1788 1749 1844 τούναντίον

169 1876 432 1928 ἀθώωσιν
483 1877 819 1946 ἐμφαίνοντα
867 1878 1206 1932 παντάπασι.
1239 1880 1348 1932 Καὶ
1393 1881 1421 1931 ὁ
1451 1878 1540 1932 τὸν
1588 1881 1748 1933 αὐτὸν

169 1967 322 2020 κατὰ
358 1968 420 2020 τὸ
461 1968 590 2022 αὐτὸ
627 1970 881 2038 πρᾶγμα,
912 1970 1040 2022 ποτὲ
1095 1970 1196 2039 μὲν
1227 1969 1486 2033 ἐπαινῶν,
1520 1971 1648 2022 ποτὲ
1689 1970 1746 2022 δὲ

162 2059 363 2125 ψέγων
392 2075 405 2087 ·
448 2059 475 2110 ὃ
522 2075 576 2110 τι
626 2058 772 2127 λέγει
811 2075 893 2121 τις
926 2058 1033 2110 τῶν
1062 2059 1252 2126 άγίων,
1277 2057 1564 2125 γινώσκειν
1593 2058 1743 2126 ὀφεί-

165 2151 256 2201 λει
280 2150 316 2219 ἡ
351 2149 628 2204 θεοσέϐειά
655 2167 769 2204 σου.
811 2149 957 2204 Ἀλλ’
983 2149 1122 2201 ἔστω
1152 2148 1307 2201 τοῦτο
1326 2151 1402 2212 είς
1426 2149 1595 2212 οὐδὲν,
1628 2149 1746 2202 καί·

163 2257 281 2311 περ
307 2241 712 2308 ἐναντιολογὶας
739 2241 798 2292 ὃν
817 2241 1056 2309 δφλημα.
1091 2239 1156 2291 Τί
1193 2239 1247 2291 δὲ
1275 2241 1355 2294 ὅτι
1382 2239 1553 2304 οὕτως
1584 2241 1746 2312 ἀκρί-

162 2349 282 2394 τως
321 2331 628 2402 προήχθης,
663 2332 794 2400 πρὶν
846 2330 1200 2400 ἐξεταστικῆς
1232 2332 1326 2384 καὶ
1359 2333 1745 2402 μαθηματικῆς

164 2423 376 2492 σπείρας
413 2421 799 2491 ἀποφήνασθαι
836 2421 978 2475 κατά
1009 2423 1110 2492 τῆς
1157 2421 1542 2486 ταπεινώσεως
1585 2423 1744 2494 ἡμῶν

163 2514 604 2581 ἀποσχοινισμὺν
658 2516 756 2582 τῆς
797 2512 920 2565 καθ’
949 2516 1098 2584 ἡμᾶς
1133 2515 1486 2586 Ἐκκλησίας,
1521 2518 1614 2569 καὶ
1658 2517 1744 2569 διά

160 2603 331 2656 τοῦτο
390 2605 836 2672 άναθεματισμόν
869 2621 883 2668 ;
917 2607 1185 2673 Πρόσεχε
1225 2605 1484 2670 σεαυτῷ,
1519 2607 1686 2674 φησιν
1715 2605 1743 2657 ό

160 2695 347 2764 λόγος·
376 2697 492 2760 καὶ,
526 2697 673 2763 Πρὶν
712 2695 1040 2763 ἐξετάσεις,
1067 2697 1152 2764 μὴ
1175 2696 1406 2766 μέμψῃο
1436 2697 1550 2760 καὶ,
1580 2695 1741 2763 Πρῶ-

160 2802 278 2840 τον
347 2788 596 2851 νόησον,
628 2786 726 2838 καί
791 2790 923 2840 τότε
964 2788 1225 2856 ἐπίτιμα.
1264 2787 1410 2856 Αὐτὴ
1468 2787 1521 2838 δὲ
1582 2787 1743 2856 μηδὲν

161 2879 380 2930 τούτων
430 2879 908 2947 παρατηρήσασα,
971 2879 1107 2948 μηδὲ
1172 2878 1605 2948 ὑπολογισαμένη
1661 2881 1742 2932 ὅτι

163 2967 434 3036 πρόσεστι
468 2968 561 3019 καὶ
591 2969 721 3036 ἡμῖν
747 2969 964 3032 πάντως
989 2969 1051 3022 τὸ
1079 2971 1223 3024 κατὰ
1253 2971 1408 3038 λόγον
1437 2970 1615 3037 λέγειν
1648 2969 1742 3021 καὶ

166 3059 438 3128 πράττειν
462 3072 475 3085 °
496 3055 668 3121 οὕτως
690 3057 766 3121 ὡς
790 3059 1135 3122 ἀπαιδεύτοις
1159 3061 1253 3114 καὶ
1281 3061 1492 3128 ἀλόγοις
1518 3061 1610 3113 καὶ
1644 3062 1742 3130 ἁρ-

1852 3061 2049 3114 tirones
2099 3075 2160 3116 ac
2211 3059 2463 3120 novitios.
2515 3060 2805 3128 increpasti
2857 3077 2869 3112 :

161 3147 479 3215 τιγεύστοις
507 3148 607 3216 τῆς
632 3151 924 3219 μοναδικῆς
947 3149 1239 3212 πολιτείας,
1264 3151 1357 3204 καὶ
1371 3153 1427 3203 ὲν
1451 3152 1750 3222 μαθητευο-

170 3239 358 3307 μένοις
376 3239 620 3292 τελοῦσιν
652 3241 1016 3312 ἐπετίμησας·
1042 3243 1134 3295 καὶ
1154 3243 1212 3294 06
1235 3242 1394 3311 μόνον
1410 3243 1587 3308 τοῦτο,
1616 3245 1751 3298 ἀλλὰ

165 3331 269 3382 καὶ
300 3330 641 3399 ἐπέπληξας,
667 3333 776 3385 Καὶ
825 3333 941 3386 εἴθε
969 3333 1128 3387 τοῦτο
1153 3353 1163 3363 ·
1189 3335 1325 3387 ἀλλά
1354 3337 1448 3389 καὶ
1471 3337 1748 3404 ἀναθεμαο

165 3420 352 3491 τισμῷ
377 3421 760 3492 παρέπεμψας.
787 3423 898 3476 Καὶ
915 3422 1015 3493 φεῦ
1044 3424 1112 3476 τὰ
1140 3425 1248 3476 τῶν
1274 3425 1596 3494 ἀνθρώπωνι
1629 3423 1750 3487 Πῶς

168 3510 273 3561 οὐκ
304 3511 397 3561 ἐπὶ
428 3511 564 3564 πολὺ
580 3511 866 3575 διασώζεις
903 3513 1028 3576 τοὺς
1056 3516 1156 3582 τῆς
1179 3513 1358 3581 φιλίας
1383 3515 1752 3582 ὃρουςάμετα-

171 3602 472 3670 κινήτουςς
505 3604 554 3656 ει
605 3603 712 3674 γὰρ
753 3604 914 3657 τοῦτο
961 3604 1175 3674 ὑπῆρχε
1221 3607 1285 3674 τῇ
1339 3603 1613 3680 τιμιότητί
1658 3620 1749 3656 σου

171 3693 503 3762 ἀκραιφνὲς,
537 3695 638 3746 οὐκ
668 3693 733 3747 ἂν
763 3695 937 3758 οὕτως
989 3695 1319 3764 άπροόπτως
1352 3695 1450 3763 τὴν
1472 3694 1752 3748 εὐτέλειαν

169 3782 333 3851 ἡμῶν
365 3786 778 3852 κατεκερτόμει.
809 3785 955 3853 Πλὴν
983 3784 1124 3847 ἄξιοι
1174 3783 1283 3836 τῶν
1329 3785 1593 3840 τοιούτων
1615 3803 1628 3817 ⁸
1659 3787 1754 3838 καὶ

169 3872 232 3924 06
275 3871 591 3942 θαυμαστὸν
649 3875 696 3924 εί
742 3873 838 3924 καὶ
910 3873 1014 3925 ὑπὸ
1084 3873 1185 3942 τῆς
1248 3875 1429 3944 φιλίας
1487 3893 1576 3928 σου
1619 3894 1752 3947 προ-

171 3962 622 4032 πηλακιζόμεθα.
667 3961 861 4032 Ἡμεῖς
904 3963 962 4016 δὲ
992 3967 1020 4017 ὃ
1050 3966 1222 4036 ὲσμεν
1247 4006 1262 4032 ,
1293 3967 1411 4037 Θεῷ
1442 3968 1542 4036 μὲν
1573 3985 1752 4036 πεφα-

172 4053 504 4125 νερώμεθαο
538 4054 746 4108 δίκαιον
796 4054 854 4107 δὲ
917 4057 1016 4110 καὶ
1068 4059 1137 4127 τῇ
1189 4057 1405 4112 συνέσει
1466 4075 1581 4120 σου,
1617 4059 1755 4112 ἐπὰν

171 4147 494 4220 προσκόπτῃ
509 4146 600 4200 καὶ
617 4146 1059 4217 σκανδαλίζηται,
1078 4149 1432 4219 ὲπιδηλῶσαι.
1454 4151 1569 4203 Οὔκ
1590 4151 1756 4220 ἐσμὲν

172 4241 521 4308 άποσχισταὶ,
555 4233 600 4295 ὧ
640 4239 929 4310 θαυμάσιε,
955 4241 1056 4311 τῆς
1088 4241 1180 4294 τοῦ
1211 4241 1345 4295 Θεοῦ
1394 4241 1714 4313 Ἐκκλησίας
1737 4258 1751 4273 ⁸

177 4333 389 4402 μήποτε
412 4333 567 4385 τοῦτο
597 4333 888 4404 πάθοιμεν·
922 4334 1036 4388 ἀλλ’
1068 4336 1116 4388 εί
1141 4337 1230 4388 καὶ
1249 4329 1428 4397 ’άλλως
1454 4339 1510 4388 ὲν
1545 4335 1756 4398 πολλοῖς

183 4424 552 4494 ἁμαρτήμασι
580 4424 954 4494 τυγχάνομεν.
1010 4425 1205 4495 ῗΟμως
1252 4426 1535 4495 όμόσωμοι
1582 4426 1749 4494 αὐτῆς

179 4512 273 4564 καὶ⁵
292 4513 548 4581 τρόφιμοι
569 4515 704 4581 μετά
720 4514 826 4566 τῶν
843 4515 999 4568 θείων
1013 4517 1316 4586 δογμάτωνο
1343 4519 1576 4580 καὶτοὺς
1593 4519 1753 4571 κανό-

179 4618 277 4664 νας
303 4602 472 4671 αὑτῆς
495 4603 590 4655 καὶ
620 4603 979 4667 διατυπώσεις
1000 4607 1299 4676 γλιχόμεθα
1327 4607 1716 4674 φυλάττεσθαι.

248 4692 323 4744 T6
353 4692 411 4744 δὲ
453 4695 738 4761 ταράττειν
771 4695 864 4747 καὶ
911 4697 1231 4766 ἀποσχίζειν
1275 4699 1369 4751 ἀπ’
1417 4699 1614 4768 αὐτῆς,
1651 4699 1750 4771 τὴν

186 4782 456 4852 μηδεμίαν
484 4784 716 4853 ἐχούσης
744 4785 959 4854 ἀληθῶς
1006 4787 1198 4855 κηλῖδα
1223 4790 1254 4857 ἢ
1303 4790 1488 4860 ῥυτίδα
1519 4791 1661 4844 κατά
1693 4808 1752 4843 τε

182 4873 274 4925 τὸν
309 4873 408 4942 τῆς
443 4873 680 4936 πίστεως
724 4874 901 4943 λόγον,
935 4878 1029 4930 καὶ
1075 4879 1166 4931 τὸν
1195 4879 1304 4931 τῶν
1334 4881 1576 4934 κανόνων
1604 4883 1750 4951 ὅρον,

182 4964 280 5016 ἀπ’
313 4964 487 5034 ἀρχῆς
538 4965 732 5028 αίῶνος
782 4971 877 5019 καὶ
930 4969 1091 5038 μέχρι
1141 4969 1236 5022 :06
1291 4969 1473 5042 δεῦρο,
1530 4973 1752 5026 ἐκείνων

181 5055 351 5117 ἐστὶν,
381 5049 455 5108 ὧν
489 5057 521 5125 ἡ
556 5056 738 5119 πίστις
768 5059 826 5110 τὸ
859 5059 1246 5129 ὲνδιάστροφον
1273 5061 1407 5130 ἔχει,
1440 5063 1530 5114 καὶ
1567 5065 1596 5115 ὁ
1641 5063 1753 5132 βίος

178 5147 240 5198 τὸ
269 5147 623 5200 ἀκανόνιστον
647 5149 740 5200 καὶ
772 5149 1009 5217 ἄθεσμον
1039 5166 1052 5179 ⁸
1087 5144 1162 5204 ὧν
1194 5146 1276 5214 εἷς
1311 5153 1428 5204 ἐστι
1457 5153 1550 5204 καὶ⁷
1575 5155 1602 5206 ὁ
1639 5152 1754 5206 Ἰω-

181 5237 345 5306 σὴφό
399 5239 490 5290 τὸν
543 5238 730 5308 μοιχὸν
785 5241 1183 5309 στεφανώσας’
1235 5243 1290 5295 οἵ
1337 5259 1398 5295 τε
1445 5243 1622 5310 τούτῳ
1676 5243 1753 5306 ὡς

181 5327 462 5397 ἀμέμπτῳ
510 5328 827 5397 ἀνεχόμενοι
873 5330 1334 5401 συλλειτουργεῐν,
1369 5337 1464 5384 καὶ
1514 5333 1620 5401 μὴν
1659 5333 1754 5385 καὶ

183 5421 233 5472 οἱ
267 5421 628 5484 συνιστῶντες
655 5422 816 5475 αὑτὸν
853 5422 928 5486 ὡς
966 5422 1157 5487 ἀθώως
1187 5422 1596 5495 ἱερουργοῦντα.
1631 5423 1754 5486 Πῶς

185 5515 293 5586 γὰρ
352 5515 653 5577 κανονικῶς
693 5516 824 5585 ἡμῖν
875 5516 1165 5586 γράφουσα
1192 5517 1503 5586 ήεὺλάὄειά
1549 5534 1665 5585 σου,
1693 5517 1751 5569 o6

191 5606 313 5667 :06;
343 5604 522 5668 θείους
546 5605 778 5668 κανόνας
807 5606 1122 5671 ἐπίσταται,
1151 5609 1234 5660 ὅτι
1264 5609 1382 5660 κατ’
1413 5609 1608 5670 αὐτοὺς
1658 5625 1776 5660 nam

189 5695 497 5768 θῃρημένος
546 5697 744 5750 ἑστὶνό
797 5699 978 5768 ἀνήρ;
1017 5698 1064 5750 εἰ
1112 5699 1220 5768 γὰρ
1271 5702 1350 5762 είς
1397 5697 1753 5768 διγαμοῦντος

261 5809 358 5862 τί
397 5808 538 5864 Tim.
569 5825 642 5872 tv,
677 5811 760 5864 16.
837 5813 879 5844 ⁸⁰
912 5811 1081 5864 Eccli.
1115 5827 1187 5875 XI,
1217 5811 1271 5862 7.

1781 4395 1833 4454 D

1926 1334 2246 1403 Accepimus
2268 1331 2473 1385 litteras
2510 1330 2762 1385 fraternae
2793 1342 2898 1384 tuae
2925 1331 3222 1396 charitatis,
3247 1333 3383 1396 mira

1857 1425 2002 1492 tique
2023 1437 2214 1476 sumus
2239 1420 2574 1490 repentinam
2599 1421 2716 1488 ejus
2739 1420 3113 1474 mutationem.
3140 1420 3416 1476 Prioribus

1852 1514 2121 1584 siquidem
2153 1512 2353 1574 verbis.
2395 1521 2454 1566 ut
2480 1521 2672 1565 caetera
2703 1511 2886 1564 sileam
2923 1527 3040 1579 quae
3067 1511 3133 1564 ad
3161 1526 3272 1564 rem
3313 1513 3416 1565 mi-

1851 1622 1958 1660 nus
1984 1605 2311 1668 necessaria,
2331 1603 2624 1672 Josepbum
2650 1617 2989 1657 (economum
3011 1604 3326 1667 accnsabas,
3354 1615 3418 1658 ut

1850 1698 1941 1768 qui
1961 1711 2241 1766 perperam
2264 1696 2332 1750 sit
2355 1695 2632 1765 ingressus
2661 1693 2712 1746 in
2738 1693 3053 1747 Ecclesiam.
3085 1694 3414 1748 Posteriori-

1850 1789 1952 1842 bus
1984 1788 2141 1857 plane
2179 1787 2524 1841 innocentem
2554 1785 2898 1839 ostendebas.
2937 1785 3004 1838 Et
3031 1785 3123 1854 qui
3163 1786 3412 1840 eumdem

1849 1878 1904 1932 in
1934 1878 2119 1932 eadem
2141 1892 2199 1931 re
2230 1891 2375 1930 nunc
2397 1875 2606 1939 laudas,
2647 1890 2791 1929 nunc
2837 1875 3110 1943 vituperas
3146 1890 3161 1939 ;
3203 1876 3347 1944 quod
3382 1879 3414 1930 ἐι

1847 1969 2082 2038 quodam
2127 1977 2437 2022 sanctorum
2481 1967 2684 2021 dictum
2736 1976 2838 2029 est,
2873 1966 3010 2019 scire
3050 1965 3212 2020 debet
3241 1966 3415 2035 pietas

1848 2069 1961 2113 tua.
2013 2058 2122 2114 Sed
2170 2073 2269 2127 pro
2299 2057 2470 2111 nihilo
2501 2057 2553 2110 id
2595 2055 2877 2118 habeatur,
2929 2055 3175 2124 quamvis
3230 2065 3414 2125 aperta

1847 2151 1918 2205 sit
1959 2149 2336 2204 contradictio.
2393 2147 2561 2213 Quale
2607 2161 2736 2200 vero
2767 2145 2895 2200 illud
2935 2155 3038 2210 est,
3091 2145 3232 2214 quod
3278 2145 3417 2199 adeo

1846 2241 2242 2295 inconsiderate
2270 2247 2555 2309 provectus
2583 2253 2662 2301 es,
2687 2246 2764 2301 ut,
2792 2237 3104 2305 priusquam
3136 2237 3414 2289 examina-

1845 2347 1933 2385 res
1979 2340 2033 2384 et
2089 2339 2275 2384 exacte
2322 2343 2697 2398 cognosceres,
2748 2328 3008 2381 adversus
3054 2327 3413 2381 humilitatem

1846 2434 2086 2477 nostram
2141 2420 2575 2490 pronuntiaveris
2628 2419 3016 2474 discessionem
3057 2420 3125 2472 ab
3173 2417 3414 2473 Ecclesia

1845 2521 2048 2576 nostra,
2082 2526 2142 2565 ac
2174 2511 2401 2579 proinde
2444 2508 3006 2563 anathcntatismum?
3055 2509 3273 2562 Attende
3325 2508 3418 2563 tibi

1848 2605 1948 2672 ipsi
1979 2604 2048 2669 ⁷ο,
2083 2603 2158 2655 ait
2187 2601 2463 2670 Scriptura
2491 2618 2504 2666 ;
2536 2610 2590 2656 et
2617 2618 2630 2654 :
2671 2599 2990 2668 Priusquam
3021 2601 3325 2670 interroges,
3354 2617 3418 2654 ne

1842 2696 2140 2764 vituperes;
2182 2701 2238 2748 et
2275 2693 2512 2746 Primum
2563 2709 2824 2762 cognosce,
2870 2701 2977 2743 tum
3024 2693 3226 2760 corripe
3243 2693 3307 2744 ⁸⁸.
3334 2691 3415 2744 Tu

1844 2801 1974 2840 vero
2008 2786 2144 2839 nihil
2182 2785 2378 2838 horum
2417 2784 2734 2847 observans,
2781 2798 2882 2837 nec
2904 2783 3146 2854 cogitans
3177 2799 3334 2852 posse
3362 2793 3418 2839 et

1843 2892 1944 2930 nos
1975 2891 2039 2929 ex
2070 2877 2279 2928 ratione
2306 2890 2463 2944 agere
2490 2891 2553 2930 ac
2576 2875 2722 2944 loqui
2758 2875 2876 2939 ,sie
2903 2885 3156 2944 tanquam
3190 2876 3418 2945 imperi-

1847 2975 1951 3032 tos,
1986 2981 2049 3020 ac
2094 2967 2324 3021 rationis
2357 2976 2629 3038 expertes,
2665 2975 2916 3036 tanquam
2948 2968 3074 3021 vitae
3105 2967 3418 3022 monastica:

2924 3075 3025 3114 nec
3079 3059 3182 3114 hoc
3217 3060 3414 3126 solum,

1852 3150 1947 3204 sed
1993 3150 2185 3204 durius
2234 3149 2549 3220 objurgasti.
2611 3151 2785 3219 Atque
2831 3151 3034 3205 utinam
3094 3151 3195 3205 hoc
3243 3152 3418 3207 solum

1851 3241 2096 3311 egissesl
2143 3241 2450 3306 Quinetiam
2493 3241 2825 3294 anathemati
2893 3242 3179 3296 devovisti.
3236 3240 3280 3296 Ο
3330 3257 3419 3297 res

1852 3333 2120 3388 humanas
2155 3335 2166 3387 l
2207 3343 2260 3386 et
2290 3333 2561 3402 quomodo
2605 3333 2777 3400 major
2823 3333 2918 3387 tibi
2971 3350 3099 3389 cura
3148 3350 3257 3390 non
3319 3334 3421 3391 fuit

1852 3424 2100 3477 amicitiae
2124 3423 2244 3492 jura
2272 3424 2669 3478 conservandi?
2701 3424 2824 3479 Haec
2861 3426 3006 3479 enim
3035 3426 3076 3479 si
3107 3435 3292 3480 sancte
3323 3440 3419 3481 eo-

1852 3513 1986 3568 leret
2013 3515 2314 3568 reverentia
2350 3523 2458 3580 tua,
2491 3531 2764 3584 nunquam
2795 3517 2871 3571 sic
2897 3533 2961 3571 ex
2985 3517 3212 3586 abrupto
3237 3516 3421 3571 tenui-

1854 3613 2019 3660 tatem
2069 3614 2311 3660 nostram
2355 3607 2724 3675 proscidisset.
2764 3607 2963 3661 Verum
3003 3607 3087 3661 his
3145 3622 3243 3662 nos
3269 3607 3420 3678 digni

1853 3713 2041 3753 sumus
2067 3715 2078 3751 :
2099 3712 2199 3752 nec
2218 3697 2522 3751 mirandum
2545 3699 2589 3751 si
2608 3699 2676 3752 ab
2705 3698 2938 3752 amicitia
2961 3697 3124 3752 etiam
3143 3705 3233 3752 tua
3252 3699 3422 3753 laces-

1855 3790 2042 3844 simur.
2062 3790 2328 3844 Ceterum
2351 3789 2440 3859 qui
2461 3790 2649 3854 simus,
2672 3788 2782 3844 Deo
2803 3789 3020 3858 quidem
3045 3789 3418 3845 innotuimus:

1854 3896 2068 3950 aequum
2091 3891 2272 3935 autem
2301 3892 2355 3934 et
2383 3881 2686 3949 prudentire
2715 3891 2837 3947 tuae,
2877 3882 3309 3950 quandoquidem
3340 3881 3423 3936 of-

1855 3968 2095 4023 fenditur
2123 3978 2179 4023 et
2206 3969 2620 4032 scandalizatur,
2651 3970 2881 4039 aperire.
2906 3969 3025 4024 Non
3065 3985 3253 4024 sumus
3284 3985 3419 4040 apo-

1857 4059 2093 4122 schistae,
2119 4059 2203 4114 vir
2232 4060 2451 4127 eximie,
2481 4061 2547 4114 ab
2576 4059 2812 4115 Ecclesia
2845 4059 2937 4115 Dei
2971 4077 2984 4125 ;
3016 4061 3157 4114 absit
3179 4071 3237 4114 ut
3263 4060 3423 4116 nobis

1859 4149 1962 4203 hoc
2006 4149 2252 4204 eveniat!
2287 4149 2393 4205 Sed
2447 4151 2692 4219 quamvis
2733 4150 2852 4204 aliis
2903 4151 3139 4220 peccatis
3177 4151 3423 4220 plurimis

1857 4241 2100 4295 obstricti
2159 4241 2348 4306 simus,
2410 4250 2647 4295 attamen
2700 4241 2858 4296 unius
2890 4257 3012 4296 cum
3054 4242 3139 4295 illa
3181 4243 3424 4313 corporis

1859 4348 2067 4397 sumus,
2105 4334 2330 4404 ejusque
2379 4335 2580 4390 alumni
2627 4346 2678 4391 et
2724 4337 3027 4392 divinorum
3069 4337 3426 4392 documento-

1860 4440 1978 4478 rum
2010 4443 2024 4490 ;
2060 4435 2113 4480 et
2142 4441 2380 4482 canones
2409 4427 2528 4498 ejus
2557 4436 2610 4483 et
2634 4429 3053 4483 constitutiones
3076 4443 3292 4484 servare
3325 4445 3425 4484 cu-

1855 4531 2054 4584 pimus.

1925 4695 2168 4750 Turbare
2209 4706 2389 4751 autem
2421 4707 2474 4751 et
2501 4697 2568 4751 ab
2599 4696 2686 4750 illa
2720 4696 2928 4766 sejungi
2957 4735 2970 4759 ,
3000 4710 3120 4765 qua:
3158 4695 3423 4750 maculam

1855 4801 2043 4841 revera
2088 4786 2291 4840 nullam
2314 4787 2495 4850 habet,
2524 4800 2700 4854 neque
2727 4801 2934 4857 rugam,
2955 4794 3068 4840 tum
3097 4786 3150 4839 in
3193 4785 3314 4839 ﬁdei
3339 4801 3426 4840 ra-

1856 4878 2023 4944 tione,
2048 4886 2161 4930 tum
2191 4877 2244 4930 in
2267 4892 2533 4930 canonum
2563 4877 2860 4940 sanctione,
2891 4876 2959 4930 ab
2996 4875 3143 4929 omni
3180 4891 3294 4930 aevo
3329 4891 3424 4929 us-

1854 4985 1957 5039 que
1987 4969 2052 5023 ad
2077 4979 2314 5024 nostram
2343 4969 2679 5034 memoriam,
2699 4984 2886 5024 eorum
2914 4977 2996 5022 est
3016 4983 3244 5038 quorum
3291 4967 3425 5022 ﬁdes

1856 5071 2221 5116 transversum
2269 5064 2467 5131 agitur,
2499 5071 2552 5114 et
2583 5061 2691 5114 vita
2743 5062 2895 5115 exlex
2929 5068 2982 5114 et
3034 5061 3150 5113 sine
3196 5061 3419 5131 regula:

1855 5168 2086 5222 quorum
2121 5168 2185 5206 ex
2220 5167 2448 5205 numero
2475 5151 2672 5221 Joseph
2720 5151 2810 5204 ille
2848 5151 2938 5218 qui
2991 5149 3294 5206 adulterum
3335 5168 3426 5208 co-

1856 5243 2067 5298 ronavit
2093 5263 2106 5297 :
2131 5253 2185 5296 et
2207 5243 2299 5312 qui
2329 5258 2450 5297 cum
2481 5257 2546 5296 eo
2567 5252 2818 5311 tanquam
2843 5240 3062 5294 innoxio
3089 5241 3285 5296 olferre
3315 5257 3424 5296 non

1855 5334 2118 5399 dubitant,
2146 5335 2346 5403 quique
2375 5334 2510 5387 adeo
2531 5333 2678 5385 illum
2713 5330 3014 5386 defendunt
3039 5340 3099 5386 ut
3121 5333 3238 5386 sine
3265 5333 3422 5403 culpa

1855 5425 2269 5482 sacriﬁcantem.
2328 5425 2609 5490 Quomodo
2653 5422 2821 5486 enim,
2877 5423 2920 5479 si
2939 5422 3200 5477 canonice
3231 5422 3298 5477 ad
3322 5439 3424 5478 nos

1857 5518 2042 5572 scribit
2064 5517 2234 5587 pietas
2270 5526 2377 5582 tua,
2403 5515 2616 5570 divinos
2650 5529 2887 5569 canones
2921 5513 3152 5582 ignorat,
3186 5523 3240 5569 et
3280 5515 3424 5584 quod

1854 5611 2002 5680 juxta
2036 5610 2154 5664 illos
2180 5609 2456 5678 depositus
2507 5606 2590 5660 vir
2625 5606 2786 5661 fuerit
2814 5607 2836 5659 ?
2860 5603 2992 5658 Nam
3050 5606 3092 5660 si
3138 5607 3192 5660 in
3226 5607 3424 5674 digami

1858 5701 2062 5770 nuptiis
2131 5700 2337 5770 epulari
2396 5699 2765 5768 presbyterum
2801 5707 2983 5752 vetant
3017 5715 3029 5752 :
3059 5698 3186 5768 quid
3216 5697 3271 5751 in
3303 5711 3424 5751 eum
