4158 6472
708 364 815 427 999

1894 378 1955 438 S.
1993 379 2389 442 THEODORI
2433 383 2780 446 STUDIT/E

3852 405 3996 468 1000

707 475 800 545 qui
832 473 1107 546 digamum
1126 481 1449 538 coronavit?
1478 482 1643 552 Quid,
1672 487 1724 541 in
1752 486 2073 546 adulterinis
2096 492 2303 563 nuptiis

2406 498 2584 568 γάμον
2634 500 2734 553 οὐκ
2781 500 2913 556 ἐῶσι
2974 502 3064 557 τὸν
3112 507 3484 581 πρεσϐύτερον
3536 512 3859 582 ἑστιαθῆναι
3888 534 3900 543 ·
3938 520 3996 567 τί

710 566 927 638 triginta
957 578 1099 625 totos
1115 570 1231 628 dies
1261 576 1745 648 convivari?quid,
1773 581 1916 651 quod
1947 585 2308 652 perniciosius

710 668 833 727 est,
888 661 1051 717 etiam
1108 679 1374 723 coronare
1427 685 1551 724 eum
1590 674 1680 741 qui
1712 688 1779 727 ex
1822 674 2036 730 Domini
2086 688 2309 733 senten—

711 749 785 803 tia
817 750 889 805 sit
938 752 1151 809 adulter
1178 755 1201 809 ?
1233 771 1417 814 sacras
1458 760 1514 815 in
1546 763 1799 834 conjugio
1854 780 2045 835 preces
2076 767 2307 823 recitare

711 841 967 898 adulterii
994 846 1387 915 copulatorem,
1418 860 1469 905 et
1490 852 1728 908 divinam
1753 856 1980 925 gratiam
2014 856 2179 929 impie
2207 874 2308 928 pro

712 931 891 1002 impiis
960 934 1274 993 invocare?
1333 940 1733 1010 Exsecrandus,
1803 946 2050 1015 profecto
2085 990 2099 1011 ,
2151 948 2306 1018 juxta

712 1039 972 1095 magnum
1041 1027 1351 1102 Dionysium
1387 1073 1402 1098 ,
1447 1033 1557 1089 Deo
1636 1046 1721 1091 est
1774 1036 2145 1109 proianusque
2210 1036 2305 1109 qui

713 1115 835 1173 haec
893 1117 1042 1175 facit.
1116 1121 1596 1193 Supervacaneum
1676 1126 1842 1183 fuerit
1892 1130 2027 1184 alios
2074 1131 2129 1185 in
2179 1146 2305 1186 eum

712 1224 957 1267 canones
1023 1215 1288 1284 proferre.
1353 1218 1509 1285 Quod
1578 1237 1708 1277 vero
1768 1238 1835 1278 ex
1907 1241 2017 1295 quo
2084 1225 2304 1296 deposi-

714 1310 803 1356 tus
867 1318 898 1358 a
959 1308 1307 1375 praecedente
1376 1312 1687 1380 patriarcha
1736 1314 1893 1380 fuit,
1955 1331 2151 1372 novem
2204 1332 2306 1372 an-

711 1406 909 1448 norum
961 1397 1199 1465 spatium
1245 1402 1599 1472 exegerit:et
1656 1420 1854 1469 canon,
1895 1407 1997 1462 nisi
2030 1408 2169 1462 intra
2202 1423 2304 1462 an-

716 1494 847 1534 num
882 1480 1213 1553 absolvatur,
1274 1488 1481 1544 absolvi
1536 1501 1723 1562 postea
1758 1511 2085 1565 quemquam
2132 1508 2299 1565 vetet,

711 1586 823 1641 quo
860 1572 981 1629 loco
1028 1582 1405 1647 reponemus?
1430 1582 1501 1638 At
1530 1584 1787 1653 objicitur
1819 1604 2043 1658 prorsus
2073 1591 2297 1646 absolu-

713 1671 827 1718 tum
866 1663 1056 1721 fuisse.
1089 1666 1310 1735 Verum,
1332 1672 1376 1727 si
1405 1672 1617 1731 solutus
1640 1676 1841 1743 fuerat,
1866 1694 1965 1735 cur
1989 1696 2099 1736 non
2124 1682 2299 1736 sacri-

712 1753 950 1811 ficabat?
981 1759 1067 1824 Et,
1101 1759 1148 1815 si
1203 1762 1414 1820 solutus
1454 1776 1596 1832 erat,
1641 1783 1741 1823 cur
1788 1771 1995 1826 absolvi
2025 1787 2054 1826 a
2091 1774 2300 1844 synodo

712 1846 1163 1913 petiit?Planum
1210 1853 1357 1909 enim
1408 1866 1511 1923 est,
1559 1859 1897 1916 solutionem
1954 1862 2023 1917 ah
2070 1841 2137 1917 eo
2187 1864 2296 1933 peti
2334 1841 2373 1895 Β

713 1935 804 2004 qui
835 1936 1054 1994 vinctus
1095 1940 1188 2005 sit.
1240 1958 1349 1999 non
1384 1946 1481 2015 qui
1513 1949 1745 2005 solutus.
1800 1948 2002 2017 Quare,
2040 1953 2205 2006 etiam
2241 1954 2296 2007 in

716 2028 960 2099 seipsum
1016 2031 1277 2105 impegit,
1330 2048 1518 2094 contra
1574 2044 1859 2097 veritatem
1908 2044 2042 2115 erigi
2084 2046 2293 2101 volens.

714 2120 1012 2177 Sacrorum
1049 2124 1214 2196 igitur
1240 2128 1547 2197 profanatio
1576 2142 1679 2199 est,
1714 2133 1903 2200 frater,
1932 2134 2096 2191 istum
2127 2139 2299 2193 sacris

715 2214 929 2283 operari
960 2233 975 2271 :
1011 2231 1393 2290 canonumque
1426 2236 1619 2294 magna
1673 2226 2009 2294 perturbatio
2032 2227 2158 2281 talia
2198 2243 2289 2282 ne-

715 2304 941 2376 gligere.
972 2304 1112 2374 Quid
1140 2310 1285 2365 enim
1312 2321 1395 2367 est
1422 2314 1565 2383 quod
1595 2316 1669 2370 ait
1710 2316 2170 2389 Cbrysostomns?
2204 2334 2301 2390 pe-

712 2398 888 2453 riculo
915 2414 1025 2454 non
1058 2416 1272 2465 vacare,
1306 2404 1351 2459 si
1373 2405 1429 2459 in
1448 2407 1784 2463 sacerdotem
1813 2424 1922 2464 non
1948 2410 2256 2480 inquiratur
2285 2430 2297 2463 :

710 2504 823 2543 non
860 2488 929 2545 de
952 2489 1057 2545 lide
1097 2490 1199 2547 hoc
1228 2493 1436 2560 dicens,
1460 2504 1520 2551 ut
1550 2498 1687 2553 male
1714 2514 1926 2564 censes,
1958 2502 2053 2556 sed
2079 2502 2148 2556 de
2180 2502 2302 2557 vita:

712 2580 1047 2653 integritate.
1086 2582 1420 2657 Interrogare
1450 2587 1665 2657 quidem
1705 2598 1757 2644 et
1794 2601 2051 2647 excutere
2108 2609 2304 2647 unum-

712 2686 983 2743 quemque
1010 2712 1023 2739 ,
1081 2675 1357 2745 quomodo
1424 2692 1485 2733 se
1539 2679 1776 2747 habeat,
1818 2681 1956 2736 nihil
1987 2692 2072 2737 est
2117 2699 2302 2754 opus:

712 2765 883 2834 gratia
922 2766 1067 2821 enim
1101 2767 1263 2822 etiam
1298 2783 1463 2839 super
1489 2768 1773 2843 indignum
1812 2784 2037 2844 propter
2064 2791 2180 2839 eos,
2210 2776 2303 2848 qui

713 2857 1003 2924 accedunt,
1035 2859 1338 2916 descendit.
1368 2862 1430 2916 In
1467 2864 1536 2919 iis
1569 2874 1749 2919 autem
1774 2867 1864 2937 qui
1898 2868 2193 2924 manifesto
2225 2870 2302 2924 rei

714 2956 863 3016 sunt,
894 2950 1072 3020 qualis
1102 2960 1187 3007 est
1215 2951 1444 3025 Ioseph,
1476 2964 1531 3010 et
1570 2957 1789 3026 quidem
1830 2960 2009 3031 magni
2055 2960 2299 3023 sceleris.

713 3041 861 3111 quod
900 3043 955 3096 in
988 3044 1161 3098 oculis
1182 3044 1426 3100 omnium
1462 3050 1752 3115 commisit,
1786 3051 1984 3106 vetitas
2008 3068 2037 3107 a
2075 3052 2307 3109 Domino

714 3134 935 3203 nuptias
956 3135 1237 3205 capulans,
1256 3136 1482 3207 ipsoque
1503 3139 1751 3195 adultero
1774 3143 2113 3199 manifestior
2133 3187 2149 3211 ,
2173 3147 2300 3201 dum

714 3238 842 3279 eum
917 3226 1241 3297 conjunxit,
1292 3229 1729 3300 quandoquidem
1784 3232 1901 3288 haec
1940 3250 2047 3290 non
2094 3236 2303 3292 discre-

716 3325 867 3387 pant,
899 3318 1049 3387 juxta
1073 3318 1405 3392 Theologum
1437 3340 1451 3390 ;
1492 3323 1853 3389 dissimulare,
1894 3327 2183 3401 perspicua
2222 3337 2308 3383 est

716 3409 951 3479 proditio
980 3410 1245 3479 veritatis,
1276 3422 1333 3469 et
1358 3429 1631 3469 canonum
1666 3419 2002 3488 corruptela.

789 3631 873 3685 An
903 3631 1079 3687 nescit
1106 3632 1491 3687 benevolentia
1524 3644 1643 3699 tua,
1682 3634 1851 3689 Deum
1895 3636 2073 3705 ipsum
2128 3636 2306 3693 vindi-

719 3738 839 3778 cem
870 3722 1041 3778 fuisse
1072 3764 1089 3790 ,
1143 3724 1363 3794 quando
1393 3740 1503 3779 non
1539 3725 1849 3782 insurreait
1880 3729 1972 3799 qui
2012 3729 2306 3783 Ecclesiam

720 3828 836 3874 tum
863 3818 1241 3889 gubernabat;
1285 3828 1343 3873 ut
1373 3818 1611 3875 Samueli
1651 3821 1930 3891 quondam
1969 3822 2168 3879 accidit
2205 3821 2305 3878 ad-

718 3920 913 3962 versus
971 3905 1224 3960 insanum
1286 3906 1503 3963 Saulem
1537 3926 1551 3963 :
1583 3918 1638 3965 et
1669 3910 1831 3979 hujus
1877 3912 2025 3977 novi,
2062 3912 2208 3982 quod
2238 3911 2307 3967 ad

719 4000 941 4055 modum
962 3998 1207 4054 adulterii
1231 4009 1460 4070 spectat,
1485 3999 1713 4056 Herodis
1743 4018 1967 4073 regnum
2008 4005 2307 4061 evertisse?

720 4090 871 4147 Idem
910 4093 1056 4147 enim
1103 4091 1335 4149 Herodis
1378 4094 1523 4150 illius
1556 4093 1819 4165 ﬂagitium
1860 4094 1978 4160 fuit,
2009 4096 2102 4165 qui
2145 4111 2175 4150 a
2206 4112 2306 4167 po-

720 4185 848 4255 pqu
876 4199 977 4239 suo
1006 4184 1196 4255 pulsus
1219 4185 1322 4241 fuit
1369 4195 1425 4241 ct
1464 4188 1679 4243 occisus
1718 4205 1733 4255 ;
1763 4188 1963 4260 quippe
1995 4189 2088 4260 qui
2129 4188 2307 4245 Arata:

722 4275 867 4347 regis
895 4276 1058 4331 ﬁliam
1086 4316 1102 4341 ,
1155 4277 1450 4348 legitimam
1495 4281 1783 4349 eonjugem
1840 4280 2066 4345 dimisit,
2105 4280 2307 4352 injuste

721 4365 824 4420 sibi
882 4366 1147 4437 copulans
1205 4367 1437 4438 Philippi
1509 4368 1695 4423 fratris
1738 4368 2114 4425 Herodiadcm.
2149 4371 2305 4437 Quod

722 4456 766 4512 si
802 4456 919 4512 haec
975 4458 1254 4513 vindicare
1291 4475 1400 4514 non
1442 4461 1703 4514 convenit
1736 4478 1748 4513 :
1790 4463 1992 4516 erravit
2023 4464 2304 4518 cbaritatis

723 4554 830 4601 tum
859 4546 1066 4615 judicio
1111 4562 1417 4617 praecursor
1462 4548 1728 4617 Joannes,
1759 4552 1905 4621 quod
1958 4554 2306 4607 temerarium

722 4647 806 4691 est
835 4635 1124 4704 affirmare,
1157 4654 1281 4694 cum
1316 4640 1589 4697 Herodem
1624 4642 2003 4713 reprehendit,
2038 4653 2301 4697 mortem.

722 4729 1098 4799 que,oppetiit
1129 4731 1200 4785 ob
1241 4733 1749 4803 reprehensionem.
1790 4734 2004 4789 Erravit
2055 4734 2305 4789 similiter

724 4831 781 4876 et
809 4821 1231 4892 Cbrysostomus
1257 4825 1327 4891 ⁸⁸,
1358 4841 1481 4879 cum
1528 4842 1625 4896 pro
1654 4827 1832 4881 vidua:
1884 4842 2013 4898 agro
2064 4826 2301 4882 validum

725 4915 999 4965 certamen
1044 4912 1296 4969 instituit.
1344 4913 1449 4968 Pro
1503 4916 1633 4969 bono
1675 4918 1811 4970 enim
1841 4956 1855 4981 ,
1888 4916 2085 4987 inquit,
2142 4920 2302 4971 audet

726 5002 987 5071 quispiam
1020 5005 1152 5057 mori
1174 5005 1241 5059 ".
1271 5005 1341 5062 Ut
1365 5022 1471 5063 non
1496 5022 1915 5064 commemorem
1943 5010 2150 5065 similes
2170 5009 2305 5063 alias

727 5104 1034 5150 sanctorum
1057 5111 1154 5166 pro
1175 5096 1442 5153 similibus
1469 5101 1869 5156 contentiones.
1894 5103 1972 5158 An
2000 5118 2191 5157 rursus
2230 5104 2304 5174 ig-

728 5194 885 5241 norat
924 5191 1229 5244 reverentia
1256 5198 1369 5255 tua,
1404 5207 1528 5247 cum
1557 5192 1770 5248 duabus
1801 5209 1867 5248 ex
1898 5196 2061 5249 rebus
2086 5204 2299 5249 constet

733 5276 1207 5347 Christianismus,
1229 5280 1333 5337 fide
1375 5292 1430 5337 et
1472 5284 1767 5353 operibus;
1796 5286 1840 5340 si
1881 5285 2109 5341 alterum
2138 5286 2296 5347 desit,

728 5369 957 5424 alterum
982 5386 1089 5426 non
1129 5372 1433 5441 prodesse?
1464 5374 1991 5447 Emuleturitaque,
2024 5393 2295 5448 rogamus,

728 5460 931 5525 divina,
958 5463 1192 5532 primum
1227 5466 1445 5535 quidem
1479 5478 1537 5522 ut
1570 5471 1880 5525 communis
1915 5471 2082 5540 patris
2136 5471 2297 5535 ﬁlius,

730 5552 995 5609 excitetur
1018 5557 1218 5626 pariter
1235 5558 1301 5613 ad
1324 5559 1584 5615 honesta:
1612 5562 1835 5631 perinde
1859 5574 1963 5617 uta
1980 5563 2137 5619 beato
2161 5563 2300 5619 Saba

729 5644 993 5709 eruditus,
1020 5659 1325 5704 accuratam
1349 5667 1454 5706 non
1482 5653 1654 5707 solum
1681 5653 1823 5719 fidei,
1844 5656 1938 5710 sed
1960 5657 2121 5711 etiam
2148 5672 2312 5712 cano«

731 5749 859 5792 num
901 5740 1161 5795 rationem
1196 5744 1552 5813 amplectatur
1580 5764 1590 5795 :
1618 5748 1851 5817 denique
1877 5763 2164 5820 germanus
2185 5764 2306 5805 cum

801 5851 841 5880 '“
874 5849 931 5907 In
962 5854 1079 5923 ejus
1123 5856 1259 5924 Vita,
1299 5875 1355 5913 n.
1382 5860 1466 5917 59.
1527 5863 1572 5893 ⁶¹
1609 5860 1765 5914 Rom.
1805 5877 1855 5912 ν.
1882 5862 1933 5913 7.

2411 594 2548 660 πρὸς
2592 592 2653 646 τὸ
2696 594 2793 647 τὸν
2815 594 3045 667 δίγαμον
3084 600 3429 669 στεφανῶσαι
3452 622 3465 670 ;
3492 606 3544 657 τί
3578 604 3636 658 δὲ
3664 606 3725 659 τὸ
3749 608 3836 670 εἰς
3872 625 4000 678 pot-

2408 686 2563 753 χικὸν
2586 685 2766 755 γάμον
2800 687 3118 758 ἐστιαθῆναι
3148 691 3300 755 ὅλαις
3346 696 3645 765 τριάκοντα
3701 699 3951 769 ἡμέραις
3981 716 3999 763 ;

2408 776 2560 841 τίδὲ,
2605 779 2667 831 τὸ
2719 779 3127 852 όλιθριώτερον,
3171 784 3231 837 τὸ
3270 787 3362 839 καὶ
3407 789 3751 857 στεφανῶσαι
3794 793 4003 862 μοιχὸν

2409 871 2550 922 κατά
2592 871 2685 923 τὸν
2734 871 2893 941 λόγον
2938 872 3034 927 τοῦ
3073 876 3304 943 Κυρίου,
3346 878 3447 948 τὴν
3476 880 3571 932 ἐπὶ
3616 884 3684 951 τῇ
3715 884 4004 955 πναφείᾳ

2412 961 2561 1031 ἱεράν
2618 964 2929 1035 προσευχὴν
2982 966 3211 1034 λέγοντα
3278 970 3370 1022 τὸν
3430 971 3855 1045 μοιχοζεύκτην,
3899 977 4001 1028 καὶ

2409 1052 2893 1124 προσκαλούμενον
2953 1056 3052 1122 τὴν
3094 1058 3247 1113 θείαν
3295 1062 3457 1134 χάριν
3512 1063 3688 1128 ἀθέως
3736 1067 3836 1119 ἰπὶ
3866 1068 4005 1128 τοὶς

2409 1142 2715 1214 βεὸή).ους;
2752 1146 3125 1214 Ἀπόπτυστός
3172 1152 3290 1204 ἐστι
3344 1154 3501 1226 παρά
3533 1155 3671 1226 Θεῷ,
3702 1158 3855 1211 κατὰ
3903 1159 4004 1211 τὸν

2408 1235 2551 1290 θεῖον
2599 1238 2899 1305 Διονύσιον,
2931 1243 3023 1295 καὶ
3071 1243 3288 1314 ἀνίερος
3320 1247 3350 1299 6
3396 1246 3661 1312 τοιοῦτος.
3700 1250 4003 1319 Παρέλκον

2407 1329 2516 1400 γάρ
2544 1330 2661 1383 ἐστι
2709 1334 2836 1396 τοὺς
2872 1335 2961 1388 ἐπ’
2995 1336 3143 1405 αὐτῷ
3177 1338 3369 1401 ἀλλους
3416 1341 3705 1409 κειμένους
3752 1345 4006 1407 κανόνας

2406 1416 2507 1477 ὦδε
2568 1425 2821 1493 γράφειν.
2849 1428 2967 1481 Ὅτι
2998 1428 3055 1483 δὲ
3088 1433 3181 1484 καὶ
3217 1431 3322 1485 ὑπ’)
3359 1433 3454 1486 τοῦ
3521 1437 4003 1507 προηγησάμενον

2405 1517 2747 1588 πατριάρχου
2777 1519 3163 1590 ἀφωρισμένος
3191 1524 3416 1596 ἐνναετῆ
3443 1528 3632 1597 χρόνον
3654 1528 3813 1599 ἔτυχε
3840 1546 3859 1560 ·
3902 1532 4005 1583 καὶ

2404 1607 2433 1659 6
2462 1607 2645 1661 κανὼν
2669 1611 2718 1662 εἰ
2747 1609 2822 1681 μὴ
2844 1612 2996 1677 ἐντὸς
3023 1614 3271 1669 ἐνιαυτοῦ
3300 1617 3434 1689 λυθῇ
3457 1664 3469 1681 ,
3498 1620 3597 1673 οὐκ
3624 1621 3895 1691 ἀνέχεται
3916 1622 4004 1676 ἔτι

2403 1700 2501 1769 τὴν
2551 1700 2726 1767 λύσιν,
2764 1702 2866 1756 ποῦ
2900 1702 3137 1776 θήσομεν
3166 1724 3181 1773 ;
3216 1708 3437 1773 Πάντως
3464 1711 3519 1764 δὲ
3567 1713 3600 1783 ὴ
3654 1714 4001 1785 ἀπάντησις.

2403 1793 2487 1846 ὅτι
2541 1794 2777 1849 ἐλέλυτο.
2816 1798 2925 1852 Καὶ
2974 1799 3022 1852 εἰ
3075 1799 3309 1863 ἐλέλυτο.
3347 1803 3463 1869 πῶς
3512 1806 3611 1876 οὐχ
3659 1807 4000 1877 ἰερουργεῖς

2402 1887 2495 1939 καὶ
2529 1887 2577 1940 εί
2615 1887 2855 1955 ἐλέλυτο,
2887 1890 3005 1955 πῶς
3046 1892 3172 1963 ἀρτι
3218 1895 3448 1967 ἑξῄτησε
3502 1896 3656 1951 λύσιν
3699 1899 3802 1952 ὑπὸ
3868 1917 4005 1952 συν-

2399 1979 2559 2047 όδους
2616 1980 2871 2053 Δηλονότι
2921 1986 2950 2037 6
3003 1984 3287 2057 δεδεμένος
3336 1990 3492 2060 ζητεῐ
3537 1988 3781 2060 λυθῆναι,
3816 1993 3930 2062 οὐχ
3975 1997 4004 2047 ό

2400 2070 2625 2134 ἄδετος·
2673 2071 2813 2126 ὥστε
2862 2074 3144 2129 κάνταῦθα
3189 2078 3509 2148 περιπίπτει
3550 2079 3775 2151 ἐαυτῴό
3807 2081 4005 2137 θέλων

2401 2162 2545 2217 γατά
2592 2163 2692 2233 τῆς
2754 2165 3016 2235 ἀληθείας
3061 2170 3353 2225 κινεῖσθαι.
3386 2170 3698 2242 Βεϐήλωσις
3742 2169 3838 2227 οὖν
3879 2175 4002 2228 τῶν

2400 2254 2575 2323 ἁγίων
2602 2257 2772 2318 ἐστὶν,
2807 2250 2853 2310 ὦ
2875 2258 3093 2327 άδελφὲ.
3118 2260 3309 2315 τοῦτον
3337 2264 3640 2334 ἱερουργεῖν
3673 2282 3687 2295 ·
3720 2266 3814 2319 καὶ
3846 2266 4000 2335 σύγ-

2402 2366 2557 2417 χυσις
2580 2351 2850 2422 παντελὴς
2876 2352 2987 2405 τῶν
3016 2354 3255 2408 κανόνων
3284 2353 3344 2407 τὸ
3374 2355 3449 2427 μὴ
3490 2357 3560 2410 τά
3618 2358 3845 2412 τοιαῦτα
3883 2377 4001 2428 φυ-

2401 2438 2717 2497 λάττεσθαι.
2742 2442 2807 2494 Τί
2841 2442 2947 2515 γάρ
2965 2441 3111 2512 λέγει
3135 2446 3274 2499 καὶὸ
3304 2447 3692 2520 Χρυσόστομος
3720 2468 3736 2516 ;
3763 2451 3850 2504 ὃτι
3889 2452 4002 2505 οὐκ

2403 2532 2688 2588 ἀκίνδυνόν
2722 2536 2839 2588 ἐστι
2896 2538 2958 2589 τὸ
3000 2537 3357 2603 ἀνεξέταστον
3401 2542 3495 2595 ἐπὶ
3527 2540 3620 2594 τοῦ
3666 2542 3885 2613 ἱερέως.
3917 2545 4001 2597 Οὐ

2406 2625 2536 2694 περὶ
2568 2625 2825 2688 πίστεως,
2861 2628 2936 2690 ὡς
2964 2628 3085 2692 οῐει,
3115 2628 3275 2683 τοῦτο
3307 2630 3501 2697 λέγων,
3533 2632 3670 2687 ἀλλὰ
3710 2634 3843 2705 περὶ
3891 2636 4003 2705 τῆς

2407 2716 2550 2769 κατά
2573 2716 2666 2769 τὸν
2693 2715 2808 2786 βίον
2865 2718 3171 2788 ἀκριϐείας.
3212 2721 3495 2791 Ἐκζητετν
3534 2724 3710 2778 τοίνυν
3752 2727 3846 2779 καὶ
3896 2709 4008 2781 ἀνέ

2406 2809 2635 2879 ερευνᾷν
2661 2808 2895 2863 ἕκαστον
2949 2811 3098 2875 ὅπως
3140 2811 3254 2883 εχει
3286 2815 3347 2867 οὐ
3380 2815 3499 2869 δέον
3526 2830 3539 2845 '
3581 2817 3612 2886 ἡ
3653 2816 3814 2887 χάρις
3880 2821 4001 2891 γάρ

2406 2900 2500 2954 καὶ
2525 2901 2617 2954 ἐπὶ
2652 2902 2777 2965 τοὺς
2802 2902 3053 2969 ἀναξίους
3086 2903 3172 2957 διὰ
3205 2907 3331 2969 τοὺς
3360 2908 3686 2977 προσιόντας
3713 2910 4001 2965 κάτεισιν.

2408 2989 2500 3055 Εἰς
2537 2992 2595 3047 δὲ
2634 2994 2763 3057 τοὺς
2808 2994 3091 3065 προδήλως
3121 2998 3610 3068 κατεγνωσμένους
3638 3040 3653 3064 ,
3697 2992 3771 3053 ὧν
3826 3002 4002 3055 ἐστιν

2407 3079 2488 3149 εἷς
2520 3084 2611 3139 καὶ
2638 3088 2665 3138 6
2714 3086 2932 3157 Ἰωσὴφ,
2965 3087 3111 3158 μάλα
3160 3090 3391 3160 ἀνομίαν
3437 3092 3680 3162 μεγάλην
3714 3094 4001 3164 συνάψας,

2329 3184 2373 3243 c
2406 3175 2711 3244 ἀναφανδὸν
2768 3178 2865 3247 τῆς
2912 3180 3259 3251 οἰκουμένης,
3290 3182 3357 3253 ῆν
3396 3185 3425 3235 6
3458 3182 3664 3254 Κύριος
3708 3183 4001 3258 ἀπέφηνε,

2408 3268 2503 3320 καὶ
2554 3267 2951 3338 ἐναργέστερος
3005 3269 3101 3323 τοῦ
3157 3272 3548 3343 μοιχεύσαντος
3576 3276 3937 3345 χρηματίσας
3973 3279 4005 3329 6

2407 3354 2599 3410 τοῦτον
2655 3356 3069 3432 συξεύξαςντῷ
3122 3362 3197 3433 μὴ
3255 3363 3663 3418 διαστέλλεσθαι
3696 3365 3839 3419 κατά
3895 3368 4002 3420 τὸν

2408 3447 2669 3517 Θεολόγον
2706 3488 2722 3514 ,
2758 3450 3019 3520 προδοσία
3056 3452 3159 3523 τῆς
3202 3455 3461 3526 ἀληθείας
3516 3457 3712 3528 σαφὴς,
3747 3458 3843 3512 καὶ
3878 3456 4005 3514 τῶν

2410 3541 2649 3595 κανόνων
2681 3542 3007 3612 παράλυσις.

2481 3634 2549 3686 Ἦ
2575 3634 2675 3687 οὐκ
2694 3630 2803 3689 οἶδέ
2840 3652 2933 3687 σου
2973 3636 3007 3706 ἡ
3040 3633 3213 3703 φιλία,
3244 3636 3326 3690 ὅτι
3353 3637 3486 3691 αὐτὸ
3518 3637 3578 3691 τὸ
3619 3638 3757 3706 θεῖον
3787 3638 4005 3694 αὑτεκ-

2407 3722 2627 3792 δίκητον
2678 3724 2922 3793 γέγονεν,
2956 3725 3120 3795 ἡνίκα
3170 3726 3230 3780 ού
3273 3726 3530 3797 διανέστη
3577 3729 3607 3781 6
3643 3726 3837 3782 ἰθύνων
3891 3730 4003 3800 τὴν

2423 3812 2754 3885 Ἐκκλησίαν
2786 3816 2847 3868 τὸ
2872 3816 3127 3886 τηνικάδε
3151 3834 3167 3848 ·
3201 3816 3278 3881 ὡς
3307 3816 3563 3888 Σαμουὴλ
3586 3819 3751 3872 πάλαι
3785 3820 3884 3872 ἐπὶ
3916 3822 4004 3891 τῷ

2408 3904 2602 3975 ἄφρονι
2670 3908 2873 3963 Σαούλ’
2924 3910 3217 3983 διαρρῆξαι
3267 3910 3365 3982 τὴν
3425 3909 3519 3962 τοῦ
3576 3911 3696 3965 νέου
3742 3911 4001 3980 Ἡρώδου

2408 3999 2549 4053 κατά
2573 3999 2664 4051 τὸν
2694 3999 2795 4070 τῆς
2836 4003 3082 4072 μοιχείας
3111 4005 3311 4075 τρόπον
3337 4002 3636 4074 βασιλείαν.
3661 4002 3847 4056 Ταῦτα
3874 4006 4000 4076 γάρ

2410 4091 2648 4146 πέπονθε
2677 4091 2770 4148 καὶ
2816 4094 3061 4165 Ἡρώδης
3098 4097 3328 4161 ἐκεῖνος,
3360 4096 3466 4151 ὑπὸ
3494 4096 3587 4150 τοῦ
3616 4097 3820 4149 οἰκείου
3852 4097 3999 4153 λαοῦ

2409 4187 2797 4251 ἀνασοὸευθεὶς
2827 4190 2921 4242 καὶ
2946 4189 3309 4254 ἀποκτανθείς
3337 4208 3350 4222 ·
3382 4189 3522 4243 ἐπάν
3564 4189 3716 4243 εῐασε
3753 4189 3853 4260 τὴν
3891 4191 3997 4245 τοῦ

2422 4280 2619 4351 Ἀρέτα
2667 4279 2929 4350 βασιλέως
2976 4282 3252 4352 θυγατέρα
3318 4283 3551 4354 νόμιμον
3601 4281 3768 4335 αὐτοῦ
3816 4278 3999 4338 οὖσαν

2408 4375 2644 4441 γυναῖκα
2674 4389 2686 4403 ’
2714 4374 3059 4444 ἀγαγόμενος
3093 4374 3425 4445 παρανόμως
3470 4376 3569 4446 τὴν
3616 4375 3709 4433 τοῦ
3752 4376 3997 4447 ἀδελφοῦ

2407 4466 2673 4520 Φιλίππου
2708 4467 3031 4539 Ἡρωδιάδα.
3064 4467 3126 4520 Ei
3176 4468 3232 4519 δὲ
3287 4467 3460 4522 ταῦτα
3486 4470 3547 4522 οὐ
3595 4469 3713 4524 δέον
3750 4469 3998 4525 ἐκδικεῖ-

2347 4539 2389 4595 Ῑ)
2418 4556 2565 4624 σθαι,
2598 4558 2936 4629 ἡμαρτηκὼς
2965 4559 3195 4611 ἐνώπιον
3227 4561 3325 4625 τῆς
3367 4561 3591 4630 ἀγάπης
3615 4578 3710 4614 σου
3736 4560 3991 4629 γέγονεν,

2405 4651 2454 4703 εἰ
2490 4650 2580 4703 καὶ
2605 4650 2875 4722 τολμηρὸν
2904 4653 3099 4715 εἰπεῖν,
3125 4652 3153 4705 6
3175 4651 3485 4723 Ηρόδρομος
3531 4651 3801 4721 Ἰωάννης,
3827 4652 3994 4720 ἑλέγο

2406 4741 2504 4808 ξας
2548 4741 2639 4794 τὸν
2684 4741 2950 4812 Ἡρώδην,
3005 4744 3097 4795 καὶ
3147 4740 3323 4797 θανὼν
3372 4743 3511 4808 ὑπὲρ
3569 4742 3663 4795 τοῦ
3718 4743 3990 4811 ὲ).εγμοῦ.

2417 4834 2695 4898 Ὠσαύτως
2732 4836 2826 4888 καὶ
2858 4837 2886 4889 6
2920 4835 3326 4907 Χρυσόστομος,
3359 4837 3499 4906 ὑπὲρ
3528 4836 3624 4889 τοῦ
3665 4832 3835 4907 ἀγροῦ
3879 4835 3993 4908 τῆς

2410 4928 2586 4998 χήρας
2612 4926 2862 4981 ἔνστασιν
2895 4929 3197 4999 ἀθλητικὴν
3227 4928 3656 4998 ἐπιδειξάμενος.
3676 4930 3856 4999 ’Υπὲρ
3874 4932 3991 4987 τοῦ

2407 5019 2633 5088 ἀγαθοῦ
2661 5020 2812 5088 τάχα
2836 5022 2963 5089 γὰρ,
2996 5023 3155 5092 φησὶ,
3197 5024 3290 5075 καὶ
3351 5024 3541 5093 τολμᾷ
3606 5042 3696 5091 τις
3755 5027 3992 5082 dae-Oa-

2408 5112 2556 5166 νεῖν.
2581 5113 2697 5166 ’Ὶνα
2731 5114 2804 5183 μὴ
2828 5114 2974 5181 λέγω
2996 5117 3092 5179 τὰς
3118 5116 3224 5169 τῶν
3247 5116 3423 5171 ἄλλων
3447 5119 3619 5187 ἁγίων
3640 5121 3992 5189 ὁμοτρόπους

2408 5205 2547 5275 ὑπὲρ
2592 5206 2700 5260 τῶν
2746 5207 3001 5260 τοιούτων
3045 5210 3346 5273 ἐνστάσεις.
3394 5211 3465 5263 Ἦ
3516 5211 3677 5264 πάλιν
3735 5213 3987 5285 ἀγνοείή

2404 5298 2651 5367 τιμιότης
2685 5315 2801 5364 σου,
2832 5301 2912 5352 ὅτι
2940 5302 3002 5353 ὲκ
3041 5300 3133 5353 δύο
3163 5302 3557 5370 συνισταμένου
3582 5300 3675 5355 τοῦ
3715 5303 3987 5373 Χριστια-

2407 5392 2623 5461 νισμοῦ,
2657 5392 2802 5459 λέγω
2854 5394 2917 5462 δὴ
2951 5395 3187 5455 πίστεως
3245 5396 3339 5446 καὶ
3392 5394 3609 5464 ἔργων,
3655 5395 3704 5446 εἰ
3753 5394 3988 5462 θάτερον

2406 5485 2600 5550 λείπει,
2634 5486 2755 5538 οὐδὲ
2799 5486 2859 5538 τὸ
2906 5488 3090 5557 ἕτερον
3131 5487 3337 5557 ὀνίνησι
3367 5487 3456 5540 τὸν
3485 5488 3698 5557 ἔχοντας
3729 5486 3990 5555 Ζηλούτω

2408 5579 2611 5641 τοίνυν,
2642 5578 3093 5649 παρακαλοῦμεν,
3124 5581 3192 5633 τὰ
3235 5580 3374 5646 θεῖα,
3400 5583 3491 5637 καὶ
3531 5579 3748 5651 πρῶτον
3781 5579 3882 5647 μὲν
3906 5580 3986 5644 ὡς

2405 5671 2499 5723 τοῦ
2535 5672 2713 5725 κοινοῦ
2762 5674 2966 5743 πατρθις
3014 5674 3202 5726 τέκνον
3239 5672 3691 5744 χρηματίζουσα,
3724 5688 3983 5726 συνεπαι-

2413 5764 2587 5835 ρέσοω
2627 5766 2761 5833 πρὸς
2801 5767 2869 5818 τὰ
2919 5766 3104 5819 δέοντα
3146 5783 3158 5797 ⁸
3202 5764 3452 5836 δεύτερον
3481 5766 3537 5819 δὲ
3568 5766 3645 5829 ὡς
3676 5764 3755 5832 τῷ
3791 5780 3976 5830 μακα-
