4158 6478
173 404 307 471 1001

1410 407 1943 470 EPISTOLARUM
1980 408 2127 468 LIB.
2159 408 2206 467 ῐ.

3287 400 3425 469 1002

171 522 299 592 ρίτῃ
332 517 489 589 Σάϐᾳ
528 516 985 589 μαθητευσαμένη
1007 533 1020 547 °
1056 518 1342 591 ἁκρίὸειαν
1372 521 1433 574 οὐ
1463 521 1624 591 μόνον
1652 538 1756 574 κα-

1871 520 1948 581 sit.
1992 520 2307 584 fraternam,
2356 518 2710 589 eamdemque
2770 517 3052 575 nobiscum
3098 519 3426 575 sententiam

166 610 242 664 τὰ
283 610 383 680 τὴν
416 608 628 670 πίστιν,
655 608 791 662 ἀλλὰ
830 610 925 663 καὶ
948 608 1087 663 κατὰ
1101 609 1229 673 τοὺς
1256 609 1489 673 κανόνας
1510 611 1756 676 ἁσπαζέ-

171 701 295 755 σθω
316 718 331 733 ο
350 700 559 770 τρίτον,
580 699 647 754 τὰ
663 700 864 768 ἁδελφὰ
882 702 913 770 ἠ
922 699 1036 769 μῶν
1054 700 1340 772 φρονείτω,
1360 701 1435 764 ὡς
1452 701 1755 772 όμὰδελφος

170 789 336 846 οὖσα·
358 792 474 855 καὶ,
489 792 1000 861 ὑπομιμνήσκομεν,
1014 791 1072 843 τὸ
1088 793 1284 847 οίκεϊον
1303 791 1546 863 κὰθισμα
1570 793 1758 863 ἐπιτη-

176 886 376 953 ρείτω·
404 884 601 954 μήπως
632 882 879 936 ἐντεῦθεν
910 883 1200 955 σκάζωμεν
1230 883 1358 954 περὶ
1373 882 1441 937 τὰ
1472 883 1753 939 κάλλιστα.

252 968 538 1037 Σύγγνωθι
593 969 898 1039 ἀδελφικῶς
956 971 1504 1042 ὑπομιμνήσκουσιν,
1569 972 1761 1046 ὥσπερ

176 1061 281 1115 καὶ
326 1059 476 1130 αὐτῷ
504 1062 669 1132 ἡμεῖς
698 1077 712 1093 ·
754 1063 849 1115 καὶ
876 1062 938 1115 οὐ
989 1063 1165 1133 χρεὼν
1221 1064 1368 1133 ἡμᾶς
1423 1064 1758 1133 ἀγανακτεῖν

178 1151 658 1222 ὑπομνησθέντας.
700 1153 850 1223 Μηδὲ
881 1154 912 1223 ή
949 1154 1016 1223 σὴ
1048 1153 1301 1223 τιμιότης
1329 1154 1716 1225 δριμυσσέσθω
1741 1172 1754 1188 ·

178 1240 301 1294 ἁλλ’
330 1241 655 1296 ἁναπτέσθω
687 1243 887 1312 μᾶλλον
913 1243 993 1306 είς
1033 1243 1274 1314 ἀγάπην.
1307 1244 1418 1298 Καὶ
1447 1246 1759 1301 ἐπιστελλό-

178 1349 285 1398 τω,
306 1333 496 1396 ὁσάκις
521 1333 587 1387 ἂν
618 1332 715 1387 καὶ
742 1332 1019 1404 βούληται,
1050 1334 1121 1387 τὰ
1149 1334 1398 1390 τοιαῦτα.
1432 1336 1604 1390 Οὐδὲν
1650 1338 1760 1410 γὰρ

183 1426 341 1496 παρὰ
372 1428 564 1478 τούτου
600 1424 1009 1495 βλαὸησόμεθα,
1042 1426 1075 1493 ἢ
1123 1426 1185 1479 τὸ
1234 1426 1382 1497 βιοῦν
1431 1428 1763 1497 ἀσφαλέστε-

190 1533 305 1587 ρον.
337 1517 475 1585 Περὶ
501 1516 556 1570 δὲ
589 1515 683 1569 τοῦ
710 1516 889 1581 πάπα,
919 1516 1004 1580 τίς
1034 1518 1166 1587 ημῖν
1202 1517 1358 1586 λόγος
1383 1516 1556 1583 οὕτως
1584 1520 1762 1589 πράσ-

186 1624 378 1671 σοντος
410 1607 443 1676 ἢ
493 1608 716 1672 ἐκείνως
748 1625 762 1673 ;
794 1606 855 1670 ὃς
915 1610 1029 1671 τοῖς
1076 1608 1301 1672 οἰκείοις
1328 1651 1343 1675 ,
1378 1608 1759 1680 συγχώρησον,

185 1699 334 1753 ἐὰλω
366 1702 605 1769 πτεροῖς,
640 1699 779 1753 κατὰ
806 1700 867 1753 τὸ
895 1700 1096 1769 λόγιον.
1124 1699 1305 1771 Μηδὲν
1339 1701 1448 1771 γὰρ
1478 1702 1607 1773 περὶ
1653 1702 1763 1757 τῶν

189 1792 437 1861 ἐκδήλων
464 1791 873 1861 ἁμαρτημάτων
896 1791 991 1845 τοῦ
1027 1791 1217 1862 ἱερέως
1253 1792 1556 1862 φροντίζειν
1586 1792 1765 1863 φάμε-

188 1900 304 1947 νος,
331 1883 393 1935 οὐ
422 1882 514 1935 τόν
549 1900 668 1935 τινα
704 1883 855 1953 ἱερέα
878 1923 893 1948 ,
923 1883 1061 1936 ἁλλὰ
1089 1884 1187 1954 τὴν
1216 1884 1465 1955 κεφαλὴν
1500 1888 1601 1956 τῆς
1638 1886 1763 1938 Ἐκ-

188 1974 423 2045 κλησίας
461 1975 895 2046 κατεκωμῴδησε
934 1975 1170 2029 τοσαῦτα
1197 1977 1292 2030 καὶ
1330 1976 1720 2046 ἀπεμυσὰξατο
1744 1992 1761 2008 ·

188 2065 268 2129 ὡς
318 2066 469 2134 ἡμᾶς
528 2064 839 2135 αἰδεσθῆναι
890 2066 988 2119 καὶ
1047 2064 1300 2120 ἀκοῦσαι.
1336 2066 1401 2120 Ei
1446 2066 1504 2119 δὲ
1550 2066 1764 2139 ἀληθῶς

187 2154 369 2218 οὕτως
395 2154 534 2219 ἐστὶ,
568 2153 670 2224 φεῦ
700 2155 799 2226 τῆς
843 2155 1157 2225 ίεραρχίαςί
1194 2155 1338 2227 Πλὴν
1367 2156 1635 2229 νουνεχῶς
1672 2177 1761 2212 κι-

189 2246 378 2317 νῶμεν
420 2245 518 2316 τὴν
560 2245 829 2313 γλῶτταν,
861 2245 1307 2316 παρακαλοῦμεν,
1336 2248 1430 2301 ἐπὶ
1462 2249 1563 2311 τὰς
1589 2266 1765 2317 κεφα-

188 2341 293 2404 λάς
322 2358 338 2374 ·
368 2341 465 2393 καὶ
520 2338 595 2410 μὴ
630 2339 774 2392 οὕτω
826 2338 1073 2409 σφοδρῶς
1121 2340 1582 2412 ἀποφαινώμεθα.
1619 2342 1681 2397 Ei
1708 2345 1766 2399 δέ

190 2433 277 2487 ὅτι
312 2432 361 2485 oi
388 2432 664 2503 ἄνθρωποι
692 2429 975 2500 μέλλουσιν
1003 2432 1241 2500 ἀνοίγειν
1271 2436 1339 2486 τὰ
1370 2434 1616 2504 στόματα
1642 2475 1655 2499 ,
1689 2435 1765 2500 ὡς

190 2524 501 2594 γέγραφας,
526 2522 618 2575 ἐπὶ
644 2521 705 2575 τὸ
730 2522 932 2591 λέγειν,
958 2524 1040 2577 ὅτι
1063 2524 1389 2590 ἐκπεσόντες
1409 2527 1507 2596 τῆς
1534 2526 1767 2583 ἐνταῦθα

194 2613 585 2684 πατριαρχίας,
622 2613 702 2677 είς
732 2613 926 2684 ἑτέραν
952 2614 1208 2669 ὑπόθεσιν
1234 2617 1615 2689 μετεπέσαμεν
1640 2634 1655 2649 ⁸
1692 2620 1767 2690 μὴ

195 2699 534 2771 φροντιζέτω
588 2718 682 2754 σου
722 2704 756 2774 ἠ
790 2702 1041 2774 τιμιότης
1071 2720 1085 2734 ⁸
1116 2700 1256 2758 οἶδεν
1282 2707 1310 2758 ὁ
1338 2706 1470 2771 Θεὸς
1522 2709 1614 2761 καὶ
1670 2709 1768 2779 τὴν

196 2791 427 2864 πρώτην
463 2795 678 2865 κίνησιν
736 2794 829 2849 καὶ
890 2794 988 2867 τὴν
1036 2796 1327 2867 δευτέραν·
1361 2796 1499 2852 ἁλλὰ
1534 2798 1642 2868 μὴν
1676 2799 1770 2853 καὶ

195 2884 299 2957 τὴν
345 2885 537 2957 τρίτην
568 2886 732 2950 αὐτὸς
759 2887 1043 2958 δοκιμάσει
1074 2902 1089 2917 ’
1128 2888 1289 2952 αὐτὸς
1317 2888 1587 2959 διελέγξει
1620 2906 1634 2920 ³
1668 2891 1769 2944 αὖ·

198 2975 292 3039 τὸς
342 2976 688 3045 παραστήσει
733 2978 830 3031 ἐπὶ
870 2978 965 3032 τοῦ
1014 2979 1247 3051 φοϐεροῦ
1284 2980 1531 3052 βήματος
1560 2998 1574 3011 ·
1606 2982 1771 3045 αὐτὸς

199 3065 490 3129 ἀποδιδοὺς
545 3067 734 3131 καθὼς
794 3068 1085 3140 διεθέμεθα
1136 3071 1229 3124 καὶ¹
1277 3073 1665 3144 πεπράχαμεν.
1698 3074 1771 3128 Τὸ

1859 621 2039 667 teneat
2071 630 2083 666 :
2110 613 2494 681 hortamurque
2536 609 2809 681 propriam
2863 609 3049 666 sedem
3103 617 3326 675 servet;
3358 625 3428 665 ne

1857 717 1965 773 quo
1996 711 2155 773 pacto
2191 703 2317 759 inde
2346 703 2711 759 claudicemus
2744 702 2889 757 circa
2920 701 3194 772 praecipua

1926 793 2153 865 Ignosce
2186 793 2423 850 fraterne
2457 793 2827 859 monentibus,
2879 793 3019 849 sicut
3046 802 3105 848 et
3130 809 3231 849 nos
3281 793 3374 849 tibi
3412 812 3427 849 :

1858 900 2034 954 neque
2058 894 2268 956 oportet
2290 900 2389 941 nos
2417 885 2648 943 monitos
2682 883 2968 955 indignari.
2999 883 3077 938 Ne
3108 883 3273 955 igitur
3296 898 3426 938 suc-

1858 986 2079 1031 censeat
2134 976 2442 1032 reverentia
2475 985 2587 1040 tua,
2619 976 2710 1030 sed
2747 975 2812 1030 ad
2858 975 3180 1031 charitatetn
3241 974 3425 1043 potius

1860 1067 2205 1130 accendatur,
2238 1076 2292 1122 et
2335 1068 2459 1122 talia
2515 1068 2716 1122 scribat
2776 1066 3209 1137 quotiescunque
3261 1065 3427 1119 volet.

1860 1154 2075 1208 Nullum
2133 1156 2280 1210 enim
2334 1157 2593 1210 damnum
2649 1156 2793 1211 aliud
2847 1157 3146 1227 capiemus,
3173 1171 3334 1225 quam
3372 1164 3431 1210 ut

1860 1243 2106 1297 securius
2135 1242 2404 1297 vivamus.
2434 1243 2509 1299 De
2544 1260 2681 1314 papa
2706 1253 2908 1308 autem,
2937 1243 3064 1314 quid
3088 1244 3153 1297 ad
3178 1259 3299 1302 nus.
3327 1244 3431 1297 boc

1860 1342 2003 1403 agat,
2036 1348 2104 1387 an
2162 1334 2293 1389 illud
2315 1335 2337 1387 ?
2359 1334 2452 1403 qui
2510 1334 2764 1405 propriis,
2810 1334 3028 1405 ignosce
3055 1373 3069 1396 ,
3099 1342 3290 1402 captus
3340 1342 3431 1389 est

1860 1426 1979 1491 alis,
2013 1426 2308 1481 utdicitur.
2335 1426 2472 1481 Cum
2504 1428 2648 1481 enim
2676 1427 2744 1481 de
2783 1426 3087 1481 manifestis
3129 1424 3432 1480 sacerdotis

1861 1519 2070 1575 delictis
2100 1519 2235 1573 nihil
2262 1535 2452 1574 curare
2475 1519 2628 1581 dixit,
2649 1533 2757 1572 non
2794 1518 3226 1587 qualemcunque
3252 1530 3435 1570 sacer-

1861 1610 2064 1675 dotem,
2105 1609 2199 1665 sed
2226 1620 2387 1680 caput
2420 1609 2670 1665 Ecclesia:
2700 1608 2773 1663 ita
2799 1608 2996 1664 derisit
3024 1616 3080 1662 et
3107 1616 3432 1676 aspernatus

1862 1713 1946 1759 est
1978 1723 1991 1759 :
2022 1712 2082 1759 ut
2120 1704 2203 1759 vel
2236 1704 2423 1757 audire
2451 1718 2549 1758 nos
2606 1703 2823 1773 pudeat.
2869 1699 3024 1766 Quod
3074 1700 3119 1754 si
3151 1700 3206 1754 id
3244 1715 3435 1754 verum

1865 1803 1969 1861 est,
1996 1794 2103 1849 beu
2132 1794 2529 1848 ltierarcbiaml
2560 1793 2827 1847 Caeterum
2869 1791 3186 1860 prudenter,
3221 1805 3433 1859 quaeso,

1866 1899 2177 1940 moveamus
2232 1884 2467 1955 linguam
2513 1883 2775 1937 adversus
2821 1882 3046 1950 capita,
3092 1889 3147 1935 et
3190 1895 3260 1935 ne
3300 1880 3436 1935 adeo

1865 1975 2064 2029 acriter
2120 1974 2556 2044 pronuntiemus.
2590 1972 2648 2026 Si
2682 1986 2813 2026 vero
2833 1970 3030 2025 dicturi
3069 1979 3197 2025 sunt
3252 1968 3437 2024 homi-

1865 2083 1984 2130 nes,
2018 2076 2078 2122 ut
2106 2066 2320 2127 scribis.
2352 2081 2453 2121 nos
2473 2080 2598 2120 cum
2635 2066 2702 2119 ab
2736 2064 2839 2117 hoc
2878 2062 3248 2133 patriarchatu
3287 2059 3439 2115 exci-

1866 2160 2154 2222 dissemus,
2187 2159 2254 2212 ad
2285 2156 2429 2211 aliud
2465 2164 2844 2227 argumentum
2883 2168 3070 2209 versos
3110 2152 3322 2217 fuisse;
3365 2166 3437 2206 ne

1867 2260 2023 2306 curet
2071 2248 2379 2305 reverentia
2440 2257 2571 2302 tua:
2603 2246 2756 2302 novit
2812 2245 2955 2299 Deus
3003 2244 3297 2299 motionem
3324 2241 3441 2312 pri-

1866 2356 2009 2396 mam
2048 2348 2104 2395 et
2139 2338 2467 2403 secundam;
2514 2335 2607 2392 sed
2644 2343 2700 2391 et
2745 2334 2958 2390 tertiam
2990 2333 3107 2404 ipse
3165 2331 3438 2403 probabit,

1869 2434 1983 2504 ipse
2027 2433 2334 2502 redarguet,
2364 2429 2481 2501 ipse
2510 2426 2923 2499 repraesentabit
2950 2424 3293 2481 formidando
3332 2423 3437 2478 tri-

1867 2523 2050 2580 bunali
2086 2541 2099 2577 :
2132 2522 2363 2577 reddens
2391 2522 2528 2592 ipse,
2557 2529 2719 2591 prout
2745 2516 3162 2574 tractaverimus
3184 2525 3240 2570 et
3259 2514 3439 2585 egeri-

1869 2630 2012 2671 mus.
2056 2612 2193 2668 lllud
2252 2613 2396 2669 enim
2431 2631 2444 2666 :
2485 2611 2543 2667 Si
2574 2610 2866 2666 hominibus
2889 2609 3185 2679 placerem,
3246 2605 3442 2661 Christi

1867 2723 2043 2762 servus
2070 2723 2173 2760 non
2197 2722 2357 2760 essent
2376 2702 2445 2772 ";
2474 2720 2583 2757 non
2605 2718 2635 2757 a
2658 2701 2816 2757 nobis
2838 2699 3215 2772 peccatoribus
3233 2697 3441 2754 dictum

1869 2799 2100 2856 est.Nos
2128 2814 2255 2871 ergo
2281 2805 2338 2852 et
2367 2796 2694 2852 sanctissimi
2726 2793 3057 2866 patriarcha:
3108 2791 3442 2847 mentionem

1873 2889 2119 2953 facimus,
2156 2897 2217 2943 ut
2255 2886 2531 2952 convenit,
2558 2887 2612 2941 in
2660 2884 3009 2957 mystagogia,
3038 2883 3179 2939 sicut
3241 2890 3296 2937 et
3324 2882 3446 2953 pio-

1874 2996 1993 3035 rum
2026 2980 2412 3050 imperatorum
2442 2988 2751 3033 nostrorum
2785 2995 2799 3032 :
2834 2986 3041 3031 etcum
3075 2974 3221 3030 omni
3263 2989 3441 3031 sacer-

1874 3074 2001 3129 dote
2029 3073 2304 3143 inculpato
2332 3071 2734 3126 communicare
2750 3084 2859 3124 non
2881 3068 3270 3123 detrectamus.
3294 3064 3446 3121 Scric

200 3156 333 3225 γὰρ,
364 3156 430 3208 El
450 3156 781 3225 ἀνθρώποις
807 3158 1101 3227 ἤρεσκον,
1120 3162 1377 3230 Χριστοῦ
1417 3161 1640 3229 δοῦλος
1662 3164 1769 3219 οὐκ

1874 3165 2082 3237 psimus
2111 3173 2166 3220 et
2190 3164 2259 3219 ad
2292 3164 2467 3235 ipsum
2505 3163 2887 3233 patriarcham,
2944 3176 3065 3226 nos,
3094 3158 3239 3230 quod
3274 3166 3331 3215 et
3360 3158 3437 3229 pii

202 3244 283 3300 ἂν
318 3244 485 3314 ἥμην
506 3262 521 3278 ο
557 3247 617 3300 οὐ
650 3248 787 3319 πρὸς
817 3250 974 3321 ἡμῶν
1009 3252 1117 3304 τῶν
1156 3251 1503 3323 ἁμαρτωλῶν
1539 3254 1775 3324 φθέγγε-

207 3339 355 3395 σθαι.
403 3340 592 3411 Ἡμεῖς
617 3342 794 3395 τοίνυν
833 3344 926 3398 καὶ
959 3345 1051 3398 τοῦ
1084 3347 1392 3414 ἁγιωτάτου
1435 3350 1774 3419 πατριάρχου

208 3432 656 3503 μνημονεύομεν,
692 3434 768 3497 ὡς
820 3436 1075 3507 καθήκει,
1136 3439 1194 3492 ἐν
1244 3442 1311 3510 τῇ
1378 3441 1772 3512 μυσταγωγίᾳ·

206 3522 399 3595 ὥσπερ
456 3525 548 3577 καὶ
592 3525 699 3579 τῶν
754 3527 994 3582 εὐσεϐῶν
1039 3529 1193 3600 ἡμῶν
1231 3530 1496 3600 βασιλέων
1529 3547 1541 3560 ·
1579 3533 1673 3586 καὶ
1704 3534 1768 3585 ἐκ

208 3615 412 3687 παντὸς
444 3615 767 3688 ἁδιαϐλήτου
792 3622 1065 3674 κοινωνεῖν
1098 3621 1156 3673 οὐ
1188 3620 1621 3691 παραιτούμεθα.
1670 3623 1772 3675 Γε-

208 3708 505 3778 γρὰφαμέν
536 3724 594 3760 τε
643 3708 791 3778 αὐτῷ
830 3709 906 3779 τῷ
938 3713 1217 3781 ἁρχιερεῖ’
1252 3713 1373 3764 ἐπεὶ
1404 3712 1497 3765 καὶ
1533 3714 1645 3774 τοῖς
1686 3714 1777 3766 eo.

211 3796 429 3849 σεὸἐσιν
486 3796 643 3866 ἡμῶν
697 3796 972 3865 βασιλεῦσι
1022 3800 1262 3865 γνωστὸν
1301 3801 1545 3869 γέγονεν,
1604 3802 1684 3854 ὄτι
1719 3804 1776 3854 ἐν

1877 3258 2231 3328 imperatores
2277 3257 2448 3311 nostri
2490 3255 2698 3319 sciunt,
2748 3253 2801 3309 in
2834 3253 2983 3309 nulla
3014 3269 3075 3309 re
3111 3253 3444 3323 discrepare,

1876 3358 2234 3419 praeterquam
2262 3348 2329 3403 de
2361 3347 2599 3417 losepho
2632 3355 2722 3402 :et
2750 3346 2911 3401 simul
2932 3360 2995 3400 ac
3032 3343 3291 3416 depulsus
3328 3341 3447 3398 fuco

1878 3438 1948 3493 rit
1985 3438 2308 3503 sacerdotio,
2363 3453 2487 3493 cum
2537 3440 2656 3507 ipso
2702 3436 2885 3493 statim
2923 3436 3444 3491 communicaturos.

1879 3531 2093 3587 Etenim
2134 3530 2542 3587 desiderabilem
2583 3530 2742 3585 nobis
2765 3529 2941 3585 virum
2966 3543 3107 3594 esse,
3135 3543 3242 3583 non
3272 3527 3450 3583 solum

1881 3621 2021 3692 quod
2058 3628 2223 3691 caput
2250 3620 2320 3676 sit
2349 3621 2605 3677 Ecclesiae
2642 3630 2875 3687 nostrae;
2900 3620 2996 3676 sed
3026 3620 3151 3691 quia
3178 3619 3291 3691 jam
3319 3619 3448 3675 olim

1884 3710 2217 3767 reverendus
2250 3712 2409 3766 nobis
2431 3721 2549 3767 erat
2578 3728 2593 3765 :
2625 3721 2678 3767 et
2707 3711 2915 3785 singula
2942 3711 3114 3785 ipsius
3133 3711 3261 3767 vita:
3306 3710 3449 3766 bona

1887 3802 2106 3857 laudare
2131 3817 2241 3857 non
2272 3817 2565 3859 cessamus.

206 3888 385 3942 οὐδενὶ
411 3888 801 3959 διαφερόμεθα,
832 3887 865 3957 ἦ
907 3888 1066 3958 μόνον
1095 3890 1183 3944 διὰ
1210 3891 1300 3945 τὸν
1336 3891 1531 3961 Ἰωσήφ
1561 3908 1574 3922 ·
1610 3894 1700 3946 καὶ
1724 3895 1882 3966 ἡνίκα
1903 3888 2054 3957 οὗτος
2094 3894 2366 3965 ὐποσταλῇ
2395 3894 2496 3967 τῆς
2528 3897 2857 3968 ἱερουργίας,
2893 3894 3055 3959 εὐθὺς
3083 3893 3452 3965 κοινωνοῦμεν

208 3978 380 4047 αὐτῷ.
416 3979 525 4033 Καὶ
553 3977 785 4051 ποθητδς
810 3981 983 4051 ήμῑνό
1003 3981 1159 4054 ἀνὴρ,
1191 3983 1251 4037 οὐ
1286 3983 1443 4054 μόνον
1473 3986 1551 4037 ὅτι
1582 3988 1792 4060 κορυφὴ
1812 3991 1909 4061 τῆς
1931 3985 2049 4041 καθ’
2079 3987 2224 4058 ἡμᾶς
2269 3987 2595 4059 Ἐκκλησίας
2621 3989 2845 4059 γέγονεν
2868 4029 2884 4055 ,
2921 3987 3038 4044 ἁλλ’
3072 3990 3155 4043 ὅτι
3174 3989 3269 4043 καὶ
3286 3988 3450 4042 σεσα-

211 4076 337 4139 στὸς
371 4078 502 4145 ἡμῖν
551 4076 804 4132 ἔκπαλαι.
858 4078 967 4133 Καὶ
1009 4081 1107 4133 ὅσα
1144 4080 1238 4133 τοῦ
1305 4079 1421 4149 βίου
1488 4082 1653 4136 αὑτοῦ
1697 4084 1856 4153 καλὰ,
1893 4082 2288 4155 ἀποσεμνύνειν
2313 4084 2374 4137 οὐ
2413 4084 2718 4155 παυόμεθα.

287 4170 347 4222 Εἰ
372 4168 426 4222 δὲ
453 4168 648 4238 φθάσει
678 4170 760 4223 ὄτι
790 4171 885 4224 καὶ
944 4172 1105 4236 αὐτὸς
1145 4172 1463 4242 ἀποδέχεται
1495 4175 1584 4227 τὸν
1624 4174 1782 4243 ζῆλον

212 4260 313 4333 (ἐῶ
361 4261 470 4331 γὰρ
512 4260 694 4330 λέγειν
749 4262 1083 4326 ἐπισκόπους
1118 4264 1326 4331 ἁγίους,
1358 4266 1695 4336 ἡγουμένους
1724 4286 1781 4321 τε

214 4354 311 4407 καὶ
346 4352 698 4424 μονάζοντας,
749 4357 843 4408 καὶ
876 4355 1075 4423 πλῆθος
1108 4355 1356 4427 λαῖκῶν),
1395 4357 1447 4410 τί
1482 4358 1616 4428 φαίη
1646 4361 1678 4430 ἡ
1717 4360 1783 4431 σὴ

214 4445 478 4516 φιλότης;
508 4446 599 4499 Διὸ
629 4445 737 4499 ἴσθι
770 4446 844 4517 μὴ
874 4443 1013 4501 εἶναι
1046 4448 1251 4519 σχίσμα
1282 4450 1381 4518 τῆς
1419 4450 1744 4521 Ἐκκλησὶας
1766 4468 1779 4481 ·

1950 4176 2006 4232 Si
2060 4191 2187 4231 vero
2219 4177 2516 4247 contingat,
2540 4187 2595 4230 et
2614 4176 2727 4246 ipse
2774 4191 2991 4247 quoque
3012 4176 3184 4231 zelum
3223 4178 3454 4250 accipiat

1882 4267 2061 4335 (mitto
2099 4266 2246 4321 enim
2275 4266 2343 4321 de
2406 4266 2609 4321 sanctis
2642 4265 2915 4336 episcopis
2974 4265 3181 4332 dicere,
3211 4267 3278 4323 de
3312 4285 3456 4338 prae-

1880 4358 2070 4429 positis
2107 4366 2159 4412 et
2185 4357 2485 4423 monachis,
2522 4358 2696 4428 deque
2750 4358 3010 4412 laicorum
3044 4359 3450 4429 multitudine),

1881 4450 2008 4521 quid
2036 4459 2150 4504 tum
2186 4448 2332 4504 dicet
2384 4449 2620 4505 charitas
2652 4449 2785 4503 tua?
2816 4449 2995 4515 Quare
3026 4448 3164 4506 scito
3199 4450 3454 4507 Ecclesiae

212 4537 332 4591 ἁλλ’
361 4537 616 4607 ἀληθείας
637 4538 1019 4609 ἐπικράτησιν,
1053 4540 1146 4593 καὶ
1169 4540 1277 4593 τῶν
1308 4540 1466 4593 θείων
1490 4542 1667 4611 νόμων
1690 4544 1769 4595 ἐκ·

1884 4541 2117 4596 schisma
2141 4540 2347 4595 nullum
2374 4556 2513 4607 esse,
2544 4540 2639 4596 sed
2665 4541 2908 4597 veritatis
2938 4541 3333 4608 defensionem,
3368 4545 3453 4599 di-

212 4622 429 4693 δίκησιν
452 4639 466 4652 ·
496 4624 681 4694 ἕτερον
710 4624 788 4690 δὲ,
817 4624 893 4686 ὡς
927 4626 1061 4699 ἔφθη
1093 4628 1368 4699 είποῦσαή
1390 4630 1637 4701 τιμιότης
1666 4648 1779 4696 σου,

215 4715 318 4783 τῆς
347 4712 604 4785 ἀληθείας
633 4714 809 4784 ῥῆξις,
846 4717 940 4769 καὶ
967 4719 1075 4771 τῶν
1100 4719 1340 4772 κανόνων
1378 4720 1410 4790 ὴ
1444 4721 1745 4793 παράλυσις
1768 4739 1783 4753 ·

218 4808 314 4860 καὶ
353 4808 527 4860 ἐκεῖνο
554 4806 667 4878 ἔχει
704 4824 785 4861 σοι
820 4808 1001 4872 καλῶς
1030 4810 1317 4878 λέγεσθαι·
1360 4814 1425 4865 Ol
1450 4813 1624 4882 ἱερεῖς
1648 4814 1786 4881 ἠθέ-

218 4916 366 4953 τουν
390 4900 577 4969 νόμον
592 4918 735 4970 μου,
758 4900 855 4955 καί
887 4901 1219 4971 ἐόεϐήλουν
1241 4904 1311 4958 τὰ
1338 4904 1474 4974 ἅγιά
1496 4924 1614 4975 μου
1634 4921 1649 4936 ο
1677 4906 1786 4971 ,ϐε-

218 4991 429 5058 ϐήλοις
459 4992 555 5046 καὶ
584 4994 777 5060 ὁσίοις
802 4996 874 5050 οὐ
907 4993 1277 5061 διέστελλον,
1309 4998 1445 5052 ἀλλ’
1478 4995 1555 5067 ἦν
1582 4999 1786 5065 αὐτοῖς

219 5086 458 5141 ἅπαντα
501 5086 689 5141 κοινά.
727 5087 800 5140 Τὸ
842 5088 951 5161 γὰρ
994 5091 1068 5160 μὴ
1102 5089 1245 5160 ἔχειν
1276 5090 1462 5144 σπῖλον
1508 5091 1538 5147 ἢ
1576 5092 1784 5163 ῥυτίδα,

1884 4632 2240 4702 vinorumque
2272 4647 2538 4687 canonum
2574 4633 2992 4688 vindicationem
3022 4650 3034 4686 :
3069 4634 3299 4689 alterum
3325 4651 3455 4692 vero

1883 4724 2037 4790 illud,
2061 4725 2205 4794 quod
2231 4726 2466 4780 asseruit
2519 4724 2823 4781 reverentia
2856 4734 2968 4790 tua,
2991 4726 3236 4781 veritatis
3283 4726 3455 4783 infra-

1883 4818 2115 4873 ctionem
2149 4826 2202 4873 et
2227 4833 2495 4873 canonum
2530 4817 2869 4871 eversionem
2902 4831 3023 4872 esse
3058 4834 3073 4882 ;
3106 4832 3168 4872 ac
3199 4818 3295 4872 tibi
3324 4818 3455 4873 illud

1884 4904 1984 4961 dici
2011 4914 2152 4961 recte
2174 4921 2334 4975 posse
2361 4922 2375 4959 :
2399 4904 2703 4958 Sacerdotes
2731 4904 2894 4974 legem
2924 4921 3091 4958 meam
3120 4905 3452 4975 spernebant,

1884 5008 1931 5052 et
1953 5000 2302 5067 profanabant
2322 4997 2628 5050 sanctuaria
2660 5013 2811 5051 mea:
2833 4999 3054 5067 profana
3076 5007 3124 5051 et
3148 5008 3333 5051 sancta
3356 5015 3458 5052 non

1884 5090 2291 5160 distinguebant,
2338 5089 2426 5143 sed
2479 5099 2629 5143 erant
2673 5090 2779 5143 illis
2835 5089 3132 5143 communia
3182 5090 3359 5144 omnia
3386 5089 3455 5143 ⁸⁸.

220 5178 308 5230 ἵνα
338 5177 428 5229 καὶ
464 5176 625 5229 πάλιν
652 5166 913 5245 εἵτέωμεν,
952 5179 1093 5232 οὕτω
1119 5178 1335 5233 νοείτω’
1372 5181 1435 5233 τὸ
1468 5180 1542 5252 μὴ
1566 5198 1788 5252 προσιε-

222 5269 390 5338 μένην
433 5266 503 5321 τά
542 5285 597 5320 τε
634 5268 803 5339 ἀσεϐῆ
831 5270 1074 5341 δόγματα
1108 5274 1200 5323 καὶ
1233 5270 1297 5322 τὰ
1329 5273 1649 5325 ἁκανόνιστα
1690 5275 1782 5340 ἐγ-

1892 5180 2101 5235 Nullam
2123 5180 2265 5235 enim
2294 5181 2556 5235 maculam
2580 5180 2780 5235 habere
2804 5188 2895 5233 aut
2917 5194 3127 5250 rugam,
3163 5189 3221 5235 ut
3257 5181 3455 5237 iterum

1892 5272 2087 5335 dicam,
2137 5271 2216 5325 sic
2254 5270 2687 5339 intelligendum,
2717 5269 2858 5339 quod
2892 5284 2998 5324 non
3029 5270 3253 5341 recipiat
3294 5271 3455 5342 impia

219 5360 551 5431 χειρήματα.
588 5361 661 5413 Οὐ
699 5361 805 5430 μὴν
829 5361 964 5415 ἁ).λὰ
991 5365 1083 5415 καὶ
1111 5365 1175 5416 τὰ
1206 5364 1262 5416 ἐν
1286 5366 1396 5426 τοῖς
1428 5363 1769 5435 αὖτουργοῦσπ

1889 5365 2156 5434 dogmata,
2176 5379 2277 5418 nec
2302 5378 2465 5417 ausus
2491 5362 2703 5416 illicitos
2726 5372 2779 5416 et
2803 5362 3102 5416 canonibus
3121 5363 3451 5417 contrarios:

217 5455 285 5505 τὰ
318 5454 743 5524 ἀπηγορευμένα
791 5456 1249 5525 συμφρονήματα,
1284 5455 1357 5518 ὦς
1402 5456 1501 5508 πού
1552 5475 1718 5526 φησιν
1760 5474 1769 5506 ι

1893 5470 2068 5524 neque
2103 5455 2237 5509 adeo
2254 5454 2558 5509 consentiat
2574 5452 2639 5508 iis
2658 5453 2749 5523 qui
2775 5453 2937 5507 vetita
2963 5453 3062 5523 ipsi
3090 5452 3455 5515 committunt.

220 5548 365 5607 θεῖος
400 5544 672 5612 Βασίλειος
694 5565 707 5578 ’
740 5548 875 5617 πρὸς
904 5548 939 5601 ἃ
974 5547 1179 5611 Παῦλος
1208 5550 1235 5600 ὁ
1271 5547 1465 5617 μέγας,
1506 5550 1626 5601 οὐδὲ
1662 5566 1769 5600 συν·

1896 5559 1953 5603 ιιι
1979 5550 2208 5618 quodam
2264 5549 2381 5603 loco
2432 5547 2508 5601 ait
2548 5546 2765 5601 divinus
2794 5544 3022 5602 Basilius
3047 5545 3147 5612 ;de
3171 5545 3365 5614 quibus
3402 5553 3459 5599 et

222 5639 505 5692 εστιᾶσθαι
541 5642 649 5701 τοῖς
682 5640 941 5703 τοιούτοις
975 5642 1313 5711 παραχωρεῖ.
1356 5640 1510 5693 Ἐπεὶ
1542 5640 1649 5691 ἀπὸ
1679 5638 1769 5691 τῶε

1894 5655 2118 5712 magnus
2146 5640 2340 5694 Paulus
2367 5640 2428 5703 ⁸⁸,
2447 5653 2546 5693 nec
2565 5638 2725 5691 edere
2750 5651 2871 5691 cum
2903 5636 3095 5691 talibus
3114 5636 3455 5707 permittens.

378 5840 553 5897 Calat.
583 5856 619 5905 ι,
650 5840 730 5895 lt).
811 5839 855 5868 ⁸³
888 5840 1083 5896 Ειεείι.
1110 5859 1244 5901 χχιι.
1266 5842 1355 5895 2ϐ.
1430 5841 1473 5874 ⁸³
1509 5841 1675 5895 lCor.
1706 5854 1757 5901 ν,
1786 5855 1842 5893 ιι.

556 5936 820 5994 ΡΑτιιοι..
868 5937 980 5996 GR.
1034 5938 1251 5996 XCIX.

3041 5926 3128 5998 32
