4158 6472
685 368 825 432 1003

1874 373 1932 429 S.
1963 369 2357 433 THEODORI
2398 373 2747 435 STUDIT‘E

3800 369 3973 438 1004

684 478 896 534 Etenim
920 476 989 531 ab
1028 474 1299 546 Apostolis
1322 483 1377 531 et
1411 474 1670 545 deinceps
1700 476 1883 530 multa:
1930 490 2172 547 persaepe
2201 476 2254 530 in

2375 476 2675 531 ιποστόλων
2708 476 2801 530 καὶ
2843 476 3093 543 κατόπιν,
3131 476 3415 548 πολλαχῶς
3459 479 3652 533 πολλαὶ
3700 482 3980 553 αἱρέσεις

682 583 799 623 eam
835 567 1068 621 ltzrreses
1127 565 1401 620 irruerunt
1436 583 1448 618 :
1482 574 1537 619 et
1566 563 1765 635 flagitia
1798 565 2003 628 illicita,
2035 565 2261 619 canoni-

685 661 785 714 bus
815 658 1065 721 adversa,
1101 654 1343 720 fuerunt,
1377 656 1520 711 sicut
1551 672 1697 711 nunc
1722 666 1852 710 sunt
1888 674 1901 710 :
1936 657 2024 710 illa
2056 667 2260 721 tamen,

683 744 1143 818 quemadmodum
1176 744 1378 798 dictum
1434 752 1535 808 est,
1567 744 1683 797 sine
1731 743 2024 798 schismate
2053 753 2108 798 et
2151 760 2265 797 ma-

684 838 801 895 eula
827 838 1045 901 mansit,
1072 846 1127 891 et
1174 846 1451 905 permanet
1493 836 1547 889 in
1570 844 1859 898 wternum,
1886 834 2181 889 subtractis
2210 844 2265 888 et

685 929 873 1000 ejectis
900 928 968 982 ab
993 942 1057 981 ea
1091 928 1230 981 male
1257 926 1621 980 sentientibus
1652 926 1899 995 maleque
1944 927 2261 994 agentibus.

689 1029 944 1089 tanquam
994 1018 1245 1075 ﬂuctibus
1272 1018 1341 1073 ab
1378 1018 1707 1073 inconcusso
1734 1027 1787 1072 et
1814 1018 2086 1071 maritimo
2136 1032 2266 1073 saxo

690 1113 942 1183 repulsis.

757 1308 836 1362 Ad
869 1322 970 1361 nos
1000 1306 1161 1376 igitur
1178 1306 1478 1367 redeamus,
1506 1303 1693 1367 frater,
1724 1312 1778 1359 et
1804 1302 2048 1358 veritatis
2091 1302 2265 1357 lucem

688 1416 1077 1469 sacrorumque
1106 1414 1379 1454 canonum
1423 1396 1773 1467 aspiciamus,
1810 1391 2266 1465 quemadmodum

690 1495 935 1564 dogmata
968 1503 1153 1547 tenere
1181 1493 1429 1546 videmur
1464 1510 1477 1544 :
1517 1506 1617 1545 nos
1648 1490 1994 1559 potissimum
2020 1488 2112 1557 qui
2148 1504 2269 1541 mo-

691 1586 848 1639 nachi
880 1600 1088 1647 sumus,
1126 1592 1179 1637 et
1218 1582 1419 1649 aliquid
1443 1596 1563 1636 esse
1594 1580 1991 1635 existimamur.
2048 1577 2107 1632 Si
2132 1580 2267 1631 enim

691 1676 867 1730 lumen
922 1676 1061 1745 quod
1126 1676 1180 1727 in
1228 1676 1375 1727 nobis
1439 1682 1513 1727 est
1573 1674 1794 1726 tenebra:
1848 1671 2270 1726 sunt:tenebrm

689 1778 902 1839 quanta!
956 1776 1107 1822 erunt
1134 1768 1181 1799 ⁸⁸
1207 1768 1229 1821 ?
1261 1776 1307 1820 et
1336 1768 1382 1821 ai
1407 1766 1490 1820 sal
1522 1767 1822 1830 evanuerit,
1856 1766 1911 1817 in
1940 1780 2040 1833 quo
2070 1763 2267 1816 salien-

2364 569 2832 640 πῳσερράγησαν
2877 570 3049 641 αὐτῇ·
3094 570 3191 625 καὶ
3237 558 3572 643 ρυπάσματα
3600 572 3827 645 ἄθεσμα
3859 576 3983 627 καὶ

2365 659 2695 712 ἀκανόνιστα
2748 658 3115 727 ἐπεπόλασαν,
3170 659 3360 732 ῶσπερ
3401 662 3498 714 καὶ
3540 662 3601 716 τὸ
3645 662 3771 716 νῦν·
3813 664 3985 717 ἀλλὰ

2368 749 2475 821 μὴν
2528 749 2667 820 αὐτὴ
2723 750 2803 821 τῷ
2855 752 3241 824 προειρημένῳ
3296 754 3485 824 τρόπῳ
3544 756 3800 824 ἀσχιστος
3863 758 3985 809 καὶ

2366 841 2667 912 ἀμώμητος
2697 842 3090 915 διαμεμένηκε,
3126 845 3221 897 καὶ⁵
3247 844 3500 913 διαμενεῖ
3542 846 3644 909 ἐως
3677 846 3767 899 τοῦ
3811 848 3983 899 αἰῶ-

2367 949 2476 997 νος,
2502 933 2982 1005 ὐπεξαιρουμένων
3022 938 3114 989 καὶ
3140 938 3623 1008 ἀποπεμπομένων
3645 939 3739 992 ἀπ’
3768 939 3985 1007 αὐτῆς

2366 1024 2474 1079 τῶν
2538 1026 2723 1089 κακῶς
2778 1028 3171 1099 φρονησάντων
3227 1029 3261 1099 ἢ
3325 1029 3685 1100 πραξάντων·
3749 1028 3985 1100 ὥσπερ

2368 1120 2424 1185 ἐξ
2456 1119 2707 1172 ἁσείστου
2750 1122 2844 1173 καὶ
2889 1122 3158 1193 παραλίου
3202 1123 3410 1195 πέτρας
3440 1122 3509 1177 τά
3534 1124 3989 1196 προσρήσσοντει

2369 1211 2613 1281 κύματα.

2440 1306 2533 1369 El;
2566 1307 2795 1371 ἐαυτούς
2835 1302 2931 1362 οὖν
2969 1308 3278 1379 γενώμεθα,
3305 1302 3349 1364 ὦ
3380 1311 3592 1381 ἀδελφέ,
3621 1313 3711 1367 καὶ
3732 1313 3985 1369 ἀπίδω-

2372 1415 2469 1468 μεν
2501 1399 2639 1469 πρὸς
2665 1400 2726 1453 τὸ
2753 1400 2868 1470 φῶς
2897 1401 2996 1470 τῆς
3023 1401 3305 1472 ἀληθείας,
3339 1406 3433 1457 καὶ
3459 1405 3565 1457 τῶν
3596 1406 3750 1475 ίερῶν
3773 1410 3985 1459 κανό-

2371 1508 2498 1551 νων,
2528 1489 2716 1563 ὥσπερ
2737 1493 2832 1545 καλ⁵
2854 1494 2961 1545 τῶν
2981 1491 3267 1563 δογμάτων
3287 1497 3574 1567 ἐγκρατεῖς
3595 1499 3982 1567 φαινοίμεθα*

2374 1581 2609 1651 μάλιστα
2636 1585 2797 1653 ⁴ἡμεῖς
2830 1584 2880 1636 οἱ
2916 1586 3279 1654 μονάζοντεςσ
3313 1586 3547 1656 μάλιστα
3580 1590 3735 1659 ἡμεῖς
3768 1590 3831 1641 oi
3866 1590 3985 1642 59-

2370 1672 2591 1737 κοῦντες
2643 1670 2782 1727 εῐναί
2824 1692 2902 1729 τι.
2940 1678 3009 1731 El
3035 1677 3145 1747 γὰρ
3177 1677 3245 1731 τὸ
3274 1677 3343 1731 ἐν
3362 1679 3505 1747 ἡμῖν
3534 1678 3656 1749 φῶς
3676 1683 3933 1747 σκότος
3960 1696 3979 1709 °

2369 1762 2436 1817 τὸ
2460 1766 2681 1832 σκότος
2708 1766 2946 1833 reddar;
2970 1768 3087 1835 καὶ,
3112 1772 3180 1824 El
3198 1771 3263 1824 τὸ
3286 1771 3443 1838 ὀλας
3471 1774 3985 1841 μωραγθήσεται,

691 1871 777 1914 tur
807 1860 853 1891 ⁸⁷
885 1861 1044 1914 laici?
1074 1860 1416 1915 Arbitramur
1442 1867 1518 1925 te,
1546 1858 1707 1928 idque
1734 1874 2043 1929 precamur,
2072 1871 2261 1909 eorum

2375 1854 2435 1907 ἐν
2473 1856 2592 1911 τίνι
2640 1857 3080 1925 (uicarium-tat
3129 1862 3179 1913 οἱ
3225 1858 3441 1928 λαῖκοίς
3488 1862 3672 1933 Ἡμεῖς
3717 1866 3986 1934 οίόμεθά

689 1970 809 2023 qua:
842 1954 915 2008 ibi
943 1962 1091 2017 sunt,
1118 1962 1449 2009 servatorem
1471 1950 1605 2014 fore,
1629 1951 1882 2006 etlumen
1907 1960 1959 2003 et
1989 1949 2266 2003 lucernam

692 2046 1042 2116 perfectionis
1065 2060 1128 2099 ac
1158 2045 1375 2114 pietatis
1402 2064 1414 2098 :
1446 2060 1551 2097 non
1588 2044 1770 2096 omnia
1802 2052 1854 2096 te
1886 2041 2139 2096 omnibus
2172 2057 2270 2093 ex-

692 2138 948 2201 hibendo,
970 2138 1061 2192 sed
1089 2136 1303 2191 virtutis
1328 2136 1670 2200 excellentia,
1700 2143 1754 2189 et
1781 2135 1886 2189 vita
1912 2150 1975 2186 ex
1999 2149 2268 2189 canonum

691 2230 810 2300 lege
834 2238 973 2293 aeta,
1002 2238 1301 2298 sanctaque
1326 2228 1744 2283 conversatione
1778 2245 1790 2280 :
1826 2237 1880 2283 et
1906 2244 2062 2298 teun
2087 2228 2271 2284 animo

693 2323 776 2376 fer
792 2320 974 2377 fratris
1003 2322 1078 2376 ιιιὶ
1106 2322 1531 2376 admonitionem
1569 2337 1633 2375 ex
1662 2320 1925 2375 charitate
1946 2320 2267 2390 profectam,

694 2414 985 2483 studioque
1035 2414 1298 2475 veritatis,
1326 2422 1380 2467 et
1410 2413 1597 2467 divino
1627 2413 1853 2482 judicio.
1890 2412 2053 2467 Plura
2086 2413 2271 2467 dicere

694 2505 910 2559 animus
941 2504 1301 2570 desiderabat,
1338 2506 1432 2559 sed
1478 2504 1721 2574 epistola:
1772 2504 2054 2574 prolixitas
2109 2504 2269 2558 tinum

696 2598 873 2652 facere
902 2599 1099 2668 coegit.
1126 2596 1287 2651 Grata
1312 2597 1471 2651 nobis
1501 2596 1602 2649 fuit
1630 2596 1841 2667 eulogia
1872 2606 1962 2649 tua
1985 2596 2269 2665 praedives,

695 2698 751 2744 et
776 2706 903 2745 cura
931 2705 1093 2759 quam
1140 2690 1283 2759 geris
1323 2688 1390 2742 de
1424 2686 1613 2741 humili
1663 2686 1993 2740 monasterio
2020 2694 2115 2740 tuo
2146 2704 2159 2740 :
2186 2701 2274 2739 ar—

696 2786 1012 2848 gumentum
1042 2777 1186 2847 quod
1231 2791 1419 2847 parcas
1450 2786 1505 2830 et
1539 2790 1637 2845 pro
1667 2791 1732 2830 eo
1785 2776 2018 2829 labores.
2050 2772 2273 2845 Magnus

695 2869 849 2924 labor
883 2879 1007 2924 tuus
1036 2888 1048 2923 :
1073 2869 1167 2923 sed
1199 2869 1458 2923 Dominus
1479 2868 1575 2923 tibi
1604 2867 1868 2923 retribuet
1898 2883 2016 2936 quae
2054 2867 2273 2921 deside-

697 2977 820 3016 ras:
846 2962 1107 3017 virtutum
1123 2964 1540 3027 incrementum,
1563 2971 1618 3016 et
1639 2960 1963 3031 perennium
1988 2961 2161 3029 ipsius
2175 2960 2271 3013 bo-

698 3069 894 3109 norum
925 3054 1258 3109 fruitionent.

985 3366 1245 3422 XX!X.—
1281 3364 1443 3419 Leoni
1498 3362 1936 3431 orphanotropho.

2374 1958 2455 2009 σε,
2484 1946 2579 1998 καὶ
2602 1946 2896 2017 εὐχόμεθα,
2922 1949 3033 2001 τῶν
3067 1950 3254 2003 αὐτόθι
3285 1950 3505 2021 σωτῆρα
3535 1948 3668 2005 εἶναι
3697 1954 3787 2005 καὶ
3833 1973 3983 2023 φω-

2374 2036 2569 2107 στῆρα,
2598 2040 2693 2090 καὶ
2724 2038 2917 2110 λύχνον
2944 2042 3235 2112 ἀκριϐείας
3278 2044 3373 2097 καὶ
3402 2045 3713 2108 εὐσεϐείας’
3749 2046 3861 2101 οὐκ
3900 2050 3984 2102 ἐκ

2371 2126 2466 2180 τοῦ
2512 2131 2646 2182 πᾶσι
2680 2131 2747 2184 τά
2781 2133 2959 2186 πάντα
2987 2134 3254 2202 γίνεσθαι,
3283 2136 3399 2189 ἀλλ’
3433 2138 3499 2189 ἐκ
3538 2137 3631 2191 τοῦ
3684 2138 3778 2208 τῆς
3811 2142 3983 2210 ἁρε-

2373 2221 2470 2290 τῆς
2509 2222 2698 2290 ὕψους,
2738 2226 2834 2279 καὶ
2863 2228 2929 2279 ἐκ
2963 2226 3058 2279 τοῦ
3086 2230 3542 2301 κεκανονισμένου
3574 2232 3722 2301 βίου,
3756 2236 3863 2287 καὶ
3900 2238 3984 2288 ἐκ

2373 2312 2467 2365 τοῦ
2528 2315 2892 2386 ἱεροπρεποῦς
2942 2319 3357 2389 πολιτεύματος.
3404 2322 3513 2375 Kal.
3547 2323 3677 2392 φέρε
3715 2324 3980 2395 ἀδελφοῦ

2376 2420 2470 2457 σου
2493 2405 2803 2478 ὑπόμνησιν
2826 2409 3177 2481 ἀγαπητικὴν
3199 2407 3385 2477 οὖσαν,
3418 2414 3511 2466 καὶ
3536 2415 3821 2487 φιλαλήθη,
3863 2420 3981 2470 καὶ

2374 2497 2673 2570 θεόκριτον.
2702 2501 2810 2555 Καὶ
2839 2502 2905 2555 τά
2940 2500 3108 2555 πλείω
3138 2501 3316 2569 λέγειν
3341 2504 3373 2573 ἡ
3399 2504 3655 2574 ἐπιθυμία
3687 2524 3753 2576 με
3778 2508 3979 2561 ἓλκειυ

2373 2592 2405 2659 ἡ
2454 2592 2687 2660 ἀμετρία
2742 2593 2798 2645 δὲ
2840 2591 2933 2645 τοῦ
2969 2593 3296 2662 γράμματος
3344 2592 3672 2647 συνέλκουσα
3717 2599 3981 2652 ἐνταῦθα

2376 2679 2523 2748 ἡμᾶς
2555 2680 2883 2735 καταπαύει.
2916 2680 3325 2751 Ἀπεδεξάμεθά
3351 2698 3445 2734 σου
3470 2683 3649 2736 τοίνυν
3673 2685 3771 2755 τὴν
3802 2689 3981 2741 εὐλο-

2376 2768 2503 2836 γίαν
2537 2769 2635 2839 τὴν
2665 2768 2947 2823 πλουσίαν.
2981 2773 3092 2825 Καὶ
3120 2773 3200 2825 ὅτι
3235 2772 3558 2843 ἐφρόντισας
3581 2775 3837 2845 περὶτῆς
3866 2795 3983 2830 τι·

2376 2856 2688 2922 πεινώσεως
2738 2858 2832 2913 τοῦ
2866 2862 3233 2932 μοναστηρίου
3288 2879 3415 2914 σου⁹
3466 2863 3662 2934 δεῖγμα
3708 2866 3808 2935 μὲν
3862 2868 3979 2921 τοῦ

2376 2949 2654 3017 φείδεσθαι
2687 2950 2781 3003 καὶ
2810 2954 2992 3005 πονεῖν
3023 2952 3160 3023 ὑπὲρ
3182 2952 3370 3019 αὐτοῦ,
3403 2954 3569 3017 κόπος
3608 2955 3664 3008 δέ
3699 2973 3792 3009 σου
3826 2959 3978 3013 lxa-

2375 3043 2484 3102 νός.
2527 3042 2667 3095 Ἀλλ’
2690 3043 2717 3095 ὀ
2748 3046 2951 3115 Κύριος
2978 3045 3370 3116 ἀνταμείψεταί
3400 3062 3458 3097 σε
3479 3039 3559 3109 οἷς
3588 3046 3831 3118 χρῄζεις,
3863 3051 3983 3121 τὴν

2378 3132 2485 3186 τῶν
2514 3135 2725 3204 ἀρετῶν
2747 3135 3107 3208 ἐπανάληψιν,
3130 3138 3227 3189 καὶ
3252 3136 3352 3207 τὴν
3378 3135 3489 3189 τῶν
3517 3138 3749 3192 αἰωνίων
3780 3141 3980 3196 αὐτοῦ

2303 3202 2346 3259 c
2385 3202 2608 3293 ἀγαθῶν
2642 3228 2964 3283 ἀπόλαυσιν.

2593 3364 2723 3418 ΚΘ’.
2755 3394 2825 3404 -
2851 3366 3064 3421 Λέοντι
3100 3369 3542 3443 ὀρφανοτρόφῳ.
3582 3373 3742 3447 [μη’.]

2105 3517 2159 3567 In
2186 3527 2394 3572 mortem
2419 3520 2531 3573 filii.

770 3633 1140 3705 Cupiebamus
1181 3632 1400 3702 ipsimet
1426 3630 1613 3685 venire
1641 3643 2095 3699 communemque
2120 3630 2279 3685 nobis

700 3726 877 3783 facere
906 3737 1209 3779 aerumnam
1243 3729 1477 3776 vestram
1516 3720 1660 3775 circa
1704 3720 1925 3775 beatum
1978 3720 2145 3774 filium
2179 3736 2277 3775 ve-

702 3828 901 3882 strum,
933 3816 1155 3872 domine
1194 3814 1265 3869 mi
1296 3812 1779 3877 desideratissime,
1808 3829 1917 3867 non
1953 3828 2050 3882 per
2071 3813 2277 3867 litteras

701 3909 1077 3967 tantummodo
1115 3923 1299 3962 casum
1330 3907 1532 3977 lugere,
1556 3905 1897 3974 tristitiaeque
1926 3915 2120 3959 vestra:
2149 3920 2277 3974 par-

701 4005 893 4073 ticipes
920 4002 1200 4056 vobiscum
1234 3998 1373 4053 fieri.
1409 3997 1511 4063 Qui
1548 3998 1691 4052 enim
1718 3999 1891 4068 possit
1916 4012 2025 4051 non
2050 3997 2279 4051 misera-

698 4095 833 4159 bile,
866 4093 956 4163 qui
993 4092 1162 4163 possit
1187 4106 1297 4146 non
1338 4092 1667 4160 stupendum
1700 4090 1909 4155 videri,
1947 4088 2039 4143 filii
2065 4097 2186 4160 post
2213 4088 2277 4143 [i-

699 4188 832 4243 lium
860 4187 1221 4256 privationem
1253 4183 1383 4255 pati,
1412 4192 1466 4238 et
1495 4182 1678 4237 vivum
1720 4182 2119 4253 quodammodo
2152 4181 2275 4236 the-

699 4295 924 4336 saurum
948 4278 1221 4340 amittere,
1248 4275 1463 4331 divitias
1490 4274 1742 4347 genitivae
1768 4274 2151 4337 successionis,
2179 4288 2277 4329 ex-

698 4380 943 4443 optatum
998 4369 1233 4424 fructum
1265 4368 1476 4439 papillae
1515 4376 1796 4431 maternze,
1845 4366 2061 4420 oculum
2114 4364 2275 4418 fami-

698 4467 784 4522 lia:
804 4464 1253 4537 pulcherrimum,
1284 4461 1417 4515 aviae
1442 4459 1705 4522 lzetitiam,
1738 4458 1906 4512 totius
1938 4456 2274 4527 cognationis

698 4560 866 4614 decus
894 4566 949 4612 et
1005 4552 1424 4609 ornamentum?
1452 4549 1669 4605 Primus
1706 4557 1857 4604 ortus
1903 4559 1986 4603 est
2018 4546 2226 4604 fructus
2258 4566 2273 4603 :

697 4661 754 4707 et
782 4652 1105 4705 immaturus
1136 4644 1439 4717 genitorum
1470 4658 1500 4697 e
1529 4642 1779 4695 manibus
1812 4647 1999 4709 raptus
2029 4649 2132 4693 est.
2165 4640 2275 4693 Na-

700 4753 786 4797 tus
802 4749 884 4796 est
902 4738 1193 4801 secundus,
1217 4746 1271 4791 et
1296 4737 1439 4789 hunc
1463 4748 1678 4803 quoque
1697 4747 1843 4786 mors
1873 4732 2065 4785 acerba
2085 4747 2276 4785 corru-

696 4835 798 4906 pit.
830 4832 1012 4887 Tertia
1069 4829 1235 4899 stirps
1287 4826 1507 4897 prodiit,
1562 4824 1987 4896 praecedentium
2020 4823 2275 4878 consola-

698 4930 793 4994 tio,
829 4925 1136 4987 florulenta,
1157 4921 1500 4991 perpulchra,
1522 4919 1689 4973 vitam
1716 4918 1782 4971 ad
1818 4918 2035 4971 tertium
2063 4933 2270 4971 annum
2306 4906 2353 4964 D

696 5022 923 5082 ducens,
956 5018 1009 5071 in
1037 5029 1142 5085 qua
1163 5026 1440 5082 suspensae
1471 5018 1754 5080 parentum
1782 5009 1976 5063 animae
2004 5009 2271 5064 teneban-

698 5123 788 5168 tur
821 5130 834 5167 :
870 5120 943 5174 et,
987 5124 1021 5163 o
1053 5105 1449 5162 calamitatem!
1486 5118 1608 5156 nam
1656 5116 1846 5156 vocem
1888 5116 2103 5171 quoque
2154 5117 2275 5171 pro-

696 5203 897 5263 scindit
930 5201 1084 5258 dolor
1114 5217 1127 5255 :
1161 5196 1393 5254 excessit
1438 5194 1525 5248 hic
1558 5194 1720 5248 etiam
1751 5208 1818 5247 ex
1852 5193 2024 5248 oculis
2056 5192 2271 5259 vestris,

694 5301 948 5373 quodque
994 5294 1358 5350 miserrimum
1388 5298 1493 5354 est,
1522 5298 1675 5359 patre
1708 5305 1816 5342 non
1878 5298 2167 5358 prmsente.
2210 5287 2276 5341 Et

693 5394 824 5465 quid
850 5405 988 5461 opus
1020 5397 1104 5443 est
1145 5384 1503 5440 calamitatem
1532 5395 1854 5453 exaggerate
1880 5382 1902 5434 ?
1930 5380 2273 5437 Conscissum

694 5488 778 5535 est
809 5493 903 5533 cor
954 5486 1219 5539 vestrum,
1250 5470 1439 5543 patris,
1483 5470 1693 5533 matris,
1723 5469 1954 5524 domina:
1998 5471 2271 5540 patriciae;

695 5576 750 5620 et
782 5579 877 5635 per
937 5573 1223 5632 utramque
1282 5558 1487 5632 gladius
1533 5559 1882 5631 pertransivit
1925 5578 1938 5625 ;
1992 5561 2275 5632 dolorique

698 5658 1022 5721 medebitur,
1056 5671 1165 5710 non
1215 5671 1415 5725 sermo,
1452 5672 1562 5711 non
1612 5652 1912 5709 consolatio
1943 5654 2023 5710 vel
2076 5655 2143 5710 ab
2178 5656 2278 5710 lto-

775 5832 817 5864 "
852 5834 1040 5890 Matth.
1074 5851 1148 5906 γι,
1186 5834 1278 5891 εὖ.
1354 5835 1398 5868 ⁸⁷
1422 5834 1612 5891 Matth.
1643 5854 1693 5905 ι’,
1729 5838 1811 5892 15.

2464 3629 2833 3702 Ἐδουλὸμεθα
2880 3633 3044 3702 ἡμεῖς
3083 3631 3236 3686 αὐτοὶ
3266 3634 3540 3705 παρεῖναι,
3576 3634 3667 3689 καὶ
3697 3641 3985 3712 κοινωνῆ-

2383 3740 2473 3776 σαι
2516 3724 2616 3792 τῆς
2660 3724 2888 3796 ἐνούσης
2922 3725 3049 3795 ὑμῖν
3085 3728 3394 3797 συμφορᾶς,
3431 3728 3558 3800 περὶ
3587 3728 3647 3782 τὸ
3685 3732 3986 3802 μακάριον

2382 3814 2535 3883 ὑμῶν
2578 3814 2787 3877 τέκνον,
2832 3814 2989 3885 κύριέ
3042 3833 3145 3887 μου
3196 3817 3566 3885 ποθεινότατε,
3597 3821 3691 3891 οὐχ
3732 3821 3814 3874 ὅτι
3870 3824 3985 3879 διὰ

2380 3906 2708 3975 γράμματος
2738 3905 3081 3976 θρηνῳδῆσαι
3110 3908 3171 3961 τὸ
3210 3909 3386 3973 πάθος
3422 3912 3519 3965 καὶ
3552 3918 3985 3984 συμμετασχεῖν

2380 3996 2508 4066 ὑμῖν
2532 3996 2627 4051 τοῦ
2654 3996 2923 4068 λυπηροῦ.
2948 3999 3070 4062 Πῶς
3095 3999 3205 4071 γὰρ
3228 4002 3329 4053 οὐκ
3356 4002 3611 4066 ἐλεεινὸν,
3635 4005 3748 4066 πῶς
3775 4005 3830 4057 δὲ
3860 4010 3985 4061 οὐκ

2378 4090 2719 4157 ἐκστατικὸν,
2768 4090 2956 4155 παιδὸς
2994 4091 3087 4145 ἐπὶ
3132 4093 3285 4145 παιδὶ
3318 4095 3576 4164 στέρησιν
3608 4095 3816 4157 παθεῖν,
3864 4102 3984 4152 καὶ

2378 4176 2491 4236 οἷον
2542 4183 2808 4237 ἀπολέσαι
2857 4184 2949 4238 τὸν
2986 4184 3230 4256 ἔμψυχον
3274 4184 3567 4257 θησαυρὸν,
3605 4187 3697 4241 τὸν
3725 4187 3982 4244 πλοῦτον

2377 4276 2476 4345 τῆς
2525 4276 2749 4345 γονικῆς
2790 4276 3060 4349 διαδοχῆς,
3102 4280 3194 4332 τὸν
3228 4279 3561 4333 πολύευκτον
3592 4280 3803 4352 καρπὸν
3850 4285 3982 4352 τῆς

2381 4366 2640 4437 μητρῴας
2672 4368 2862 4439 θηλῆς,
2885 4370 2978 4423 τὸν
3005 4372 3302 4443 περικαλλῆ
3330 4371 3610 4442 ὀφθαλμὸν
3633 4375 3729 4443 τῆς
3754 4372 3979 4437 οίκίας,

2377 4459 2478 4530 τῆς
2510 4462 2859 4531 προμήτορος
2888 4460 2946 4513 τὸ
2973 4462 3308 4533 ἀγαλλίαμα,
3333 4463 3434 4533 τῆς
3476 4464 3603 4533 ὅλης
3634 4463 3981 4532 συγγενείας

2376 4550 2438 4604 τό
2474 4551 2885 4622 σεμνολόγημα;
2920 4545 3095 4607 Ἷίκεν
3122 4555 3150 4606 ὁ
3181 4554 3397 4623 πρῶτος
3432 4555 3641 4626 καρπός
3662 4572 3679 4587 ·
3715 4556 3806 4609 καὶ
3841 4556 3977 4610 ἄω-

2380 4660 2470 4713 ρος
2494 4645 2557 4696 ἐκ
2595 4643 2702 4696 τῶν
2728 4644 2962 4710 γονικῶν
2992 4644 3189 4715 χειρῶν
3219 4646 3565 4717 ἀνηρπάσθη.
3608 4648 3744 4716 Ἔφυ
3776 4649 3804 4701 ὀ
3826 4647 3885 4699 δε
3899 4650 3975 4702 ύ-

2378 4752 2535 4806 τερος
2558 4753 2570 4766 ·
2602 4737 2697 4789 καὶ
2727 4736 2917 4790 τοῦτον
2946 4737 3252 4809 ἐλυμήνατο
3276 4742 3303 4791 ό
3339 4739 3536 4809 πικρὸς
3574 4739 3823 4803 θάνατος.
3855 4741 3980 4796 Τέ-

2381 4827 2510 4897 θηλε
2540 4827 2599 4881 τδ
2621 4830 2804 4899 τρίτον
2836 4830 3143 4899 βλάστημα,
3171 4830 3498 4900 παραμυθία
3522 4830 3633 4884 τῶν
3656 4831 3977 4903 προτέρων,

2381 4920 2624 4984 εὐανθὲς,
2666 4923 3015 4991 περικαλλὲς,
3066 4923 3197 4989 ἀγον
3242 4922 3301 4974 τὸ
3352 4921 3616 4993 βιώσιμον
3658 4924 3737 4987 είς
3773 4928 3978 4997 τριετῆ

2381 5012 2571 5082 χρόνον
2591 5028 2605 5043 ο
2646 5014 2704 5067 ἐν
2731 5006 2777 5081 ᾧ
2803 5016 2857 5067 al
2891 5015 3059 5085 ψυχαὶ
3095 5014 3483 5085 ἀπεκρέμαντο
3522 5014 3631 5069 τῶν
3655 5015 3935 5069 τεκόντων
3962 5034 3975 5047 °

2381 5105 2477 5157 καὶ
2512 5106 2612 5173 φεῦ
2652 5107 2751 5177 τῆς
2785 5108 3099 5177 συμφορᾶςί
3142 5108 3401 5175 ἐγκόπτει
3428 5107 3537 5178 γὰρ
3574 5107 3637 5160 τὸ
3665 5107 3833 5170 πάθος
3867 5112 3980 5163 καὶ

2382 5197 2443 5251 τὸ
2472 5197 2838 5268 φθέγγεσθαι·
2876 5199 3045 5271 ᾣχετο
3071 5200 3167 5253 καὶ
3191 5199 3348 5254 τοῦτο
3380 5200 3437 5266 ἐξ
3466 5200 3761 5271 ὀφθαλμῶν
3784 5200 3975 5269 ὐμῶν·

2386 5288 2480 5343 καὶ
2512 5290 2637 5359 τόγε
2668 5292 3048 5364 ἐλεεινότερον,
3084 5294 3218 5363 μηδὲ
3244 5292 3331 5345 ἐπ’
3362 5292 3538 5362 ὅψεως
3564 5293 3661 5362 τῆς
3688 5293 3978 5363 πατρικῆς

2385 5386 2711 5455 παρουσίας.
2739 5386 2848 5438 Kal.
2893 5386 2945 5439 τί
2983 5385 3062 5438 δεῖ
3092 5385 3457 5455 ἐκτραγῳδεῖν
3496 5384 3596 5455 τὴν
3637 5385 3976 5455 συμφοράνς

2383 5474 2662 5544 Τέτμηται
2696 5474 2851 5545 ὑμῶν
2887 5478 2919 5545 ἡ
2947 5476 3163 5547 καρδία,
3194 5474 3287 5527 τοῦ
3327 5476 3555 5547 πατρὸς,
3600 5475 3701 5545 τῆς
3735 5477 3974 5547 μητρὸς,

2382 5563 2483 5632 τῆς
2523 5565 2738 5635 κυρίας,
2771 5566 2871 5636 τῆς
2897 5566 3221 5637 πατρικίας’
3253 5564 3347 5619 καὶ
3381 5567 3627 5637 ῥομφαία
3672 5567 3763 5620 διά
3795 5572 3975 5638 μέσον

2384 5658 2714 5730 ἀμφοτέρων
2763 5658 2988 5730 ἐλήλυθε
3012 5676 3025 5691 ο
3066 5660 3161 5714 καὶ
3201 5659 3261 5714 τὸ
3296 5659 3488 5730 ἄλογον
3517 5658 3869 5732 θεραπεύσει,
3903 5662 3973 5715 οὐ
