4158 6486
198 451 212 514 l
229 456 338 517 005

1451 446 1980 509 EPISTULARUM
2011 445 2152 503 LIB.
2205 447 2242 503 ί.

3326 448 3458 509 1006

187 568 366 635 λόγος,
409 567 470 617 οὗ
504 564 874 635 παραμύθιον,
900 565 997 616 οὑκ
1029 562 1087 629 ἐξ
1117 561 1435 630 ἀνθρώπου,
1471 562 1571 613 ούκ
1609 560 1772 629 ἀγγέ-

1877 557 2022 611 mine
2052 556 2137 609 vel
2168 556 2236 608 ab
2273 553 2462 624 angelo
2496 593 2510 616 ,
2539 554 2632 608 sed
2665 569 2695 608 a
2735 554 2848 609 solo
2878 554 3007 620 Deo,
3058 557 3148 626 qui
3196 558 3318 611 vin
3357 575 3453 612 no-

185 660 306 720 λου,
345 656 462 709 ἀλλ’
495 657 560 709 ὲκ
600 657 760 725 μόνου
794 655 887 707 τοῦ
920 654 1077 717 Θεοῦ,
1112 653 1207 706 τοῦ
1243 655 1415 716 οὕτως
1452 651 1772 722 διαθεμένου

1876 656 2003 701 stra:
2029 645 2382 700 terminosita
2412 646 2695 714 disposuit.
2729 644 2845 716 Ipse
2889 647 3034 702 enim
3080 656 3182 711 est,
3217 649 3447 704 Domine

184 753 318 813 τοὺς
370 749 473 817 τῆς
522 748 668 818 ζωῆς
716 746 872 817 ἡμῶν
921 747 1099 817 ὄρους.
1146 746 1318 809 Αὐτὸς
1362 746 1472 816 γάρ
1515 747 1654 809 ἐστι,
1693 744 1778 797 δέ·

189 844 373 896 σποτά
428 859 553 912 μου,
604 843 632 893 ὁ
675 840 735 893 τὸ
791 839 1115 909 τριπόθητον
1158 839 1311 908 ὑμῶν
1359 836 1550 890 τέκνον
1605 852 1775 905 προσ-

185 937 536 1006 λαῦόμενοςο
572 934 764 1003 ῶσπερ
812 933 905 985 καὶ
950 933 1017 984 τὰ
1061 930 1404 1002 προλαϐόντα
1450 927 1775 998 προσληψά-

189 1045 384 1097 μενος.

261 1119 525 1189 Λυπηρὸν
558 1118 676 1188 μὲν,
702 1117 796 1170 καὶ
832 1115 974 1180 λίαν,
996 1117 1057 1170 τδ
1090 1115 1214 1169 καθ’
1243 1114 1388 1184 ὑμᾶς
1411 1131 1424 1144 ’
1456 1116 1519 1169 οὐ
1556 1115 1777 1173 πάντως

186 1210 246 1262 δὲ
280 1210 376 1263 κα)⁸
393 1212 506 1273 τοῖς
532 1207 955 1280 προσληφθεῖσιν
976 1223 990 1237 ⁸
1020 1206 1207 1276 ἐπειδὴ
1227 1206 1486 1277 ἀχραντοι
1515 1205 1610 1259 καὶ
1640 1205 1778 1275 ἀκη-

187 1300 412 1354 λίδωτοι
447 1299 506 1364 ἐξ
541 1297 825 1370 ἁμαρτιῶν
863 1297 951 1352 διὰ
988 1296 1088 1366 τῆς
1122 1296 1488 1368 ἀρτιγενείας,
1529 1296 1776 1365 ἐγχωρή-

190 1409 396 1456 σαντες
449 1391 559 1446 τῶν
610 1390 820 1444 ἐνθένδε
867 1390 1002 1458 πρὸς
1028 1389 1120 1441 τὸν
1154 1388 1422 1459 μακάριον
1461 1387 1552 1440 καὶ
1589 1386 1774 1457 ἀπαθῆ

191 1483 335 1554 βίον,
367 1485 423 1536 ὲν
456 1483 678 1544 κόλποις
711 1481 958 1551 Ἀὕραάμ
982 1479 1290 1551 χορεύουσι,
1318 1480 1456 1550 μετὰ
1483 1479 1655 1546 ἁγίων
1680 1495 1777 1549 νη-

191 1574 341 1626 πίων
375 1574 805 1638 συναυλίζονται,
842 1571 979 1641 μετὰ
1005 1571 1212 1624 παίδων
1247 1571 1621 1640 χριστοφόρων
1645 1571 1776 1623 ἀνα-

193 1669 526 1738 μέλπουσιν.
557 1667 722 1720 Ὥστε
755 1666 855 1717 οὐκ
895 1663 1141 1716 ἀπόλωλε
1188 1663 1256 1714 τὰ
1286 1662 1546 1715 κάλλιστα
1586 1661 1773 1727 τέκνα,

187 1760 334 1812 ἀλλά
365 1759 636 1812 σέσωσται
664 1757 792 1824 ὑμῖν
829 1755 923 1808 καὶ
945 1755 1209 1824 διαμένει.
1241 1753 1353 1806 Καὶ
1377 1752 1644 1821 ὲπόψεσθε
1675 1753 1776 1807 αὑ-

186 1850 261 1901 τά
294 1847 493 1918 μικρὸν
525 1847 772 1916 ὕστερον,
799 1844 960 1914 ἡνίκα
984 1845 1050 1897 ἂν
1076 1844 1229 1906 τέλος
1253 1843 1471 1912 δέξηται
1491 1846 1524 1914 ἡ
1549 1843 1772 1914 χρονικὴ

185 1939 309 2007 ζωὴ
345 1937 508 2006 αὕτη,
532 1936 789 2005 χαίροντα
812 1936 906 1987 καὶ
939 1933 1306 2002 ἀγαλλόμενα,
1327 1934 1429 1985 οὐκ
1457 1934 1515 1985 ὲν
1539 1935 1770 2005 βραχείᾳ⁸

185 2026 407 2097 ἡλικίᾳ,
438 2024 553 2078 ἀλλ’
585 2027 646 2078 ὲν
673 2023 969 2092 τελειότητι
1001 2021 1094 2075 τοῦ
1126 2019 1490 2090 πληρώματος
1520 2020 1611 2073 τοῦ
1633 2022 1769 2091 Χριο

189 2118 352 2180 στοῦ,
412 2116 595 2180 καθὼς
637 2115 968 2184 γέγραπται.
1040 2113 1129 2166 Διὸ
1184 2111 1609 2183 παρακαλοῦμεν
1677 2112 1772 2164 καὶ

187 2207 607 2280 ἀντιϐολοῦμεν,
667 2208 779 2269 τοῖς
839 2206 1122 2275 λογισμοῖς
1180 2203 1393 2265 τούτοις
1448 2202 1772 2272 κατεπᾴδειν

189 2303 412 2364 ἑαυτοῖς
463 2300 604 2354 κατά
640 2297 700 2351 τὸ
744 2297 962 2368 ἀληθὲς,
999 2298 1094 2350 καὶ
1137 2295 1389 2350 ἐντεῦθεν
1433 2295 1670 2365 ἐξαίρειν
1712 2295 1772 2348 τὸ

187 2397 434 2465 ἄμετρον
475 2391 717 2461 λυπηρὸν
764 2390 864 2460 τῆς
915 2389 1115 2460 ψυχῆς.
1171 2389 1362 2459 Μέτρα
1409 2387 1517 2457 γὰρ
1575 2387 1774 2441 ἔδωκεν

189 2488 331 2556 ἡμῖν
357 2487 386 2538 ὁ
418 2483 621 2554 Κύριος
643 2499 658 2513 ·
705 2482 792 2535 ἵνα
820 2483 914 2536 καὶ
943 2482 1011 2534 τά
1039 2480 1243 2550 φυσικὰ
1285 2478 1570 2547 σπλάγχνα
1599 2478 1774 2530 ἐνδει-

191 2575 468 2646 κνύμεθα,
498 2575 591 2628 καὶ
627 2573 754 2636 τοὺς
795 2573 894 2642 τῆς
933 2572 1265 2642 αὐταρκείας
1294 2573 1454 2641 ὅρους
1490 2570 1565 2640 μὴ
1601 2570 1773 2640 ὑπερο

191 2666 498 2736 ϐαίνωμεν.
533 2664 608 2716 Τὸ
642 2663 741 2733 μὲν
762 2679 869 2732 γαρ
892 2663 971 2726 είς
996 2660 1141 2716 ἔλεον
1172 2665 1315 2714 κινεῖ
1335 2661 1394 2714 τὸ
1417 2661 1570 2714 Θεῖον
1595 2674 1612 2692 ⁸
1643 2663 1702 2714 τὸ
1719 2660 1774 2713 δὲ

190 2756 606 2829 ἀντιφέρεσθαι,
641 2756 786 2809 ποιεῖ
833 2757 944 2816 τοῖς
991 2753 1091 2822 τῆς
1135 2753 1399 2823 Προνοίας
1422 2752 1771 2821 διατάγμασι.

190 2852 309 2906 Καὶ
333 2850 393 2903 τὸ
423 2850 522 2919 μὲν
551 2846 836 2916 εὐφραίνει
860 2847 986 2908 τοὺς
1014 2845 1378 2908 ἀπελθόνταςο
1409 2844 1471 2896 τὸ
1504 2844 1561 2898 δὲ
1586 2845 1775 2897 λυπεῖν

192 2941 391 2995 εἴωθεν
421 2940 622 3002 αὐτοὺς
647 2939 774 2999 τοὺς
805 2935 1174 2998 ἀναπαύσεως
1204 2935 1489 3004 τυχόντας.
1521 2934 1635 2996 Πᾶς
1667 2933 1776 3003 γάρ

193 3050 279 3096 τις
317 3031 567 3102 βούλεται
612 3030 820 3100 χαίρειν
853 3028 945 3079 ἐπὶ
976 3029 1041 3097 τῇ
1082 3026 1261 3095 οἰκεία
1303 3027 1468 3097 χαρᾷ,
1518 3024 1632 3078 ἀλλ’
1657 3025 1776 3094 οὐχὶ

195 3127 490 3180 λυπεῖσθαι
521 3126 647 3186 τοὺς
680 3123 854 3192 φιλεῖν
902 3117 1322 3189 ὁμολογοῦντας.
1371 3118 1566 3188 Ἡμεῖς
1591 3117 1648 3170 δὲ
1679 3133 1773 3168 πι-

1807 1896 1850 1955 Β

1878 736 1972 799 mi,
2015 736 2105 805 qui
2158 735 2568 790 dilectissimum
2619 735 2787 789 filium
2831 746 3073 792 vestrum
3133 739 3450 810 assumpsit,

1877 829 2019 883 sicut
2052 837 2106 883 et
2143 828 2511 899 praecedentes
2540 837 2924 899 assumpserat.

1948 1113 2125 1168 Triste
2154 1112 2365 1184 quidem
2390 1115 2675 1169 admodum
2697 1115 2839 1183 quod
2869 1115 2934 1169 ad
2958 1130 3052 1168 vos
3068 1122 3274 1184 spectat
3299 1133 3312 1182 ;
3347 1109 3444 1170 sed
3475 1150 3489 1163 ε

1877 1221 1982 1260 non
2016 1207 2079 1260 iis
2107 1223 2332 1276 prorsus
2356 1207 2447 1275 qui
2473 1208 2733 1277 assumpti
2775 1216 2938 1260 sunt:
2967 1207 3168 1276 quippe
3197 1208 3286 1276 qui
3317 1208 3452 1262 labis

1877 1308 2129 1365 expertes
2158 1297 2227 1350 ob
2255 1305 2531 1355 recentem
2577 1306 2777 1359 ortum,
2827 1306 2881 1349 et
2916 1295 3245 1350 immaculati
3274 1313 3301 1348 a
3333 1311 3452 1365 pec-

1877 1388 2032 1451 catis,
2061 1389 2126 1442 ad
2149 1389 2362 1443 beatam
2387 1389 2549 1442 vitam
2572 1389 2698 1441 hinc
2726 1387 2974 1456 profecti,
3001 1388 3052 1440 in
3083 1386 3202 1440 sinu
3221 1386 3453 1442 Abrahae

1878 1481 2080 1534 choros
2124 1481 2349 1542 ducunt,
2378 1496 2501 1534 cum
2554 1480 2755 1534 sanctis
2806 1479 3105 1533 infantibus
3159 1481 3449 1533 stationem

1878 1572 2104 1634 habent,
2137 1580 2344 1625 etcum
2394 1572 2579 1640 pueris
2624 1571 2899 1624 Christum
2959 1570 3310 1639 sequentibus
3351 1569 3451 1638 hy-

1879 1679 2034 1718 mnos
2077 1673 2299 1718 canunt.
2356 1662 2539 1732 Itaque
2593 1679 2699 1716 non
2754 1663 3077 1715 interierunt
3106 1663 3302 1732 egregii
3331 1662 3447 1725 filii,

1877 1756 1972 1811 sed
2020 1756 2321 1811 incolumes
2366 1756 2519 1808 vobis
2573 1764 2815 1817 manent,
2858 1769 3056 1822 eosque
3108 1755 3448 1822 postmodum

1877 1847 2242 1918 conspicietis,
2292 1861 2413 1901 cum
2469 1845 2534 1900 ad
2581 1847 2782 1900 exitum
2816 1844 3129 1915 temporalis
3182 1846 3294 1898 hac
3346 1845 3448 1902 vita

1875 1940 2206 2010 pervenerit,
2231 1939 2525 2009 gaudentes
2544 1947 2598 1991 et
2616 1938 2950 1992 exsultantes
2971 1952 3078 1990 non
3099 1936 3152 1989 in
3176 1937 3324 1990 brevi
3351 1936 3452 1990 hac

1871 2041 2052 2096 atate,
2099 2030 2191 2086 sed
2258 2033 2310 2084 in
2352 2030 2682 2100 perfectione
2736 2028 3083 2098 plenitudinis
3133 2027 3358 2094 Christi,
3393 2038 3453 2082 ut

1872 2125 2132 2195 scriptum
2165 2131 2248 2178 est
2271 2121 2340 2177 ⁸⁸.
2396 2121 2758 2187 Quamobrem
2817 2119 3096 2174 hortamur
3118 2129 3174 2174 et
3195 2121 3448 2175 obsecra-

1873 2235 2013 2282 mus,
2036 2227 2093 2272 ut
2125 2217 2208 2272 his
2234 2232 2329 2272 vos
2355 2215 2456 2285 ipsi
2480 2214 2895 2284 cogitationibus
2916 2229 3104 2269 revera
3133 2214 3443 2276 mulceatis.

1873 2320 1928 2364 et
1963 2310 2309 2363 immodicum
2342 2308 2470 2361 hinc
2493 2306 2688 2360 animae
2710 2305 2948 2359 dolorem
2967 2303 3270 2373 depellatis.
3297 2304 3450 2357 Men-

1873 2416 2028 2456 suras
2074 2399 2220 2453 enim
2250 2398 2438 2452 statuit
2471 2397 2627 2451 nobis
2678 2396 2938 2450 Dominus
2973 2415 2986 2450 :
3020 2405 3077 2448 ut
3101 2404 3155 2449 et
3185 2396 3448 2448 naturalia

1873 2491 2083 2546 viscera
2116 2488 2484 2552 ostendamus,
2511 2495 2564 2541 et
2584 2486 2851 2556 legitimos
2894 2486 3094 2539 limites
3137 2500 3243 2538 non
3269 2494 3450 2539 trans-

1875 2578 2204 2650 grediam-ur.
2255 2575 2497 2630 Alterum
2552 2575 2694 2627 enim
2724 2573 2790 2628 ad
2818 2562 3246 2628 misericordiam
3279 2570 3447 2623 Deum

1875 2677 2097 2724 movet:
2130 2668 2357 2720 alterum
2388 2665 2740 2735 providentiae
2796 2663 3030 2719 decretis
3085 2671 3448 2733 repugnantes

1875 2759 2022 2814 facit.
2074 2758 2141 2812 Et
2171 2758 2402 2811 alterum
2449 2770 2637 2810 rursus
2682 2769 2775 2809 eos
2807 2753 3072 2809 exhilarat
3115 2753 3207 2822 qui
3259 2767 3448 2805 exces-

1877 2856 2089 2913 serunt,
2120 2847 2348 2901 alterum
2381 2846 2704 2900 contristare
2735 2845 2853 2899 illos
2894 2844 3049 2909 solet,
3080 2844 3170 2914 qui
3205 2843 3447 2912 requiem

1875 2937 2054 3007 adepti
2074 2945 2220 2990 sunt.
2239 2936 2365 2990 Vult
2383 2936 2526 2989 enim
2545 2934 2987 3005 unusquisquein
3014 2934 3232 3004 propria
3264 2933 3449 2986 laetitia

1876 3031 2067 3096 laetari,
2093 3047 2156 3086 ac
2177 3046 2285 3085 non
2316 3030 2520 3094 dolere,
2549 3045 2642 3084 eos
2668 3030 2757 3100 qui
2787 3045 2970 3084 amare
3009 3044 3067 3083 se
3099 3029 3308 3083 dicunt.
3336 3027 3448 3081 Nos

1877 3140 2006 3179 vero
2035 3133 2090 3178 et
2122 3123 2400 3178 Dominam
2428 3122 2846 3186 Chartulariam,
2879 3129 3092 3176 uterum
3143 3121 3324 3174 denuo
3353 3133 3448 3189 εει

196 3217 486 3286 στεύομεν,
511 3216 604 3270 καὶ
633 3214 792 3268 πάλιν
818 3214 874 3265 ὲν
907 3213 1102 3281 γαστρὶ
1141 3211 1282 3276 ἕξειν
1316 3209 1414 3280 τὴν
1447 3210 1642 3279 κυρίαν
1669 3207 1767 3278 τὴν

1874 3227 2130 3272 staturam
2161 3216 2450 3279 credimus,
2487 3223 2541 3269 et
2569 3214 2737 3268 filium
2755 3213 3183 3278 euixuram,uon
3209 3223 3313 3267 tam
3340 3215 3450 3269 cito

194 3306 636 3378 Χαρτουλαρίαν,
663 3306 755 3358 καὶ
792 3302 1042 3368 τέξεσθαι
1066 3301 1178 3354 υἱὸν
1213 3301 1395 3355 ούκέτι
1436 3299 1767 3370 ταχύμορον,

193 3399 333 3452 ἀλλά
354 3397 989 3468 προμακροημερεύοντα
1021 3395 1101 3456 είς
1129 3390 1376 3462 διαδοχὴν
1409 3391 1599 3458 γένους
1622 3405 1636 3420 ⁶
1669 3390 1769 3461 μό-

1874 3309 2225 3372 moriturum,
2255 3305 2350 3360 sed
2397 3305 2667 3360 diuturna:
2697 3304 2819 3359 vita:
2863 3303 3101 3358 futurum
3145 3304 3208 3359 ad
3237 3306 3450 3374 generis

1872 3399 2312 3472 propagatiouem
2345 3414 2359 3451 :
2393 3397 2684 3452 dummodo
2713 3397 2948 3451 dolorem
3001 3395 3362 3458 moderemur,
3395 3405 3451 3449 et

195 3509 287 3544 νον
333 3491 430 3544 ὲάν
478 3489 858 3560 μετριάσωμεν
903 3489 966 3541 τὸ
1008 3485 1200 3552 πάθος,
1236 3485 1331 3538 καὶ
1377 3483 1475 3549 τὰς
1509 3484 1648 3554 ὑπὲρ
1676 3482 1772 3537 τοῦ

1874 3508 1974 3564 pro
2001 3493 2109 3547 filio
2139 3493 2433 3564 gratiarum
2453 3490 2753 3546 oblationes
2784 3489 3008 3545 Domino
3034 3487 3252 3543 Christo
3292 3488 3450 3544 factis

194 3581 390 3643 παιδὸς
415 3580 701 3649 ἀποδῶμεν
736 3579 882 3649 ἔργῳ
905 3579 1001 3632 καὶ⁹
1033 3578 1174 3650 λόγῳ
1201 3576 1519 3648 προσφορὰς
1549 3574 1772 3647 εὐχαρί-

195 3687 362 3733 στους
383 3668 464 3740 τῷ
496 3667 746 3740 Δεσπότῃ
770 3667 1016 3739 Χριστῷ.

477 3803 560 3859 Δ’.
596 3831 666 3843 -
697 3801 1015 3870 Νικηφόρφ
1045 3802 1403 3873 πατριάρχῃ.
1446 3801 1601 3876 [να⁹.]

1876 3584 2166 3654 verbisque
2203 3584 2512 3638 reddamus.

2195 3807 2449 3865 XXX.—
2486 3806 2776 3879 Nicephoro
2801 3809 3133 3879 patriurclur.

949 3939 1163 4002 Exponit
1184 3953 1272 3989 cur
1303 3954 1412 3990 cum
1437 3954 1545 4004 lpSO
1567 3957 1661 3995 non
1683 3945 2030 3996 communicet.
2063 3946 2265 4008 (Baron.
2291 3963 2371 3997 an.
2392 3948 2503 4010 806,
2525 3963 2576 3999 n.
2604 3950 2702 4011 15.)

267 4053 384 4104 Uine
406 4051 697 4119 ἀναγκαῖον
719 4052 807 4107 διά
831 4053 1158 4123 γράμματος
1183 4055 1427 4123 σημᾶναι
1457 4056 1534 4126 τῷ
1558 4058 1774 4127 ἀγγέλῳ

193 4143 296 4213 τῆς
326 4141 727 4212 μακαριότητός
759 4159 871 4206 σου,
898 4141 932 4196 ἃ
961 4143 1050 4194 διὰ
1081 4143 1349 4211 στόματος
1378 4148 1735 4218 παρηγγέλθη
1756 4166 1769 4178 ’

1941 4059 2171 4116 Necesse
2205 4077 2307 4116 nou
2359 4071 2474 4117 erat
2501 4062 2696 4117 litteris
2724 4062 2959 4120 indicare
2999 4061 3190 4136 angelo
3220 4062 3450 4118 beatitu-

1871 4152 2017 4208 dinis
2078 4163 2205 4218 tuae,
2261 4167 2381 4224 qua:
2437 4170 2531 4210 ore
2593 4155 2710 4224 ipso
2745 4157 2855 4226 jam
2912 4155 3208 4227 significata
3270 4165 3444 4211 sunt:

195 4235 246 4286 εἰ
288 4233 383 4285 καὶ
419 4231 493 4302 μὴ
527 4232 592 4285 δι’
615 4231 940 4301 ἀμφοτέρων
969 4233 1127 4301 ἡμῶν
1157 4233 1266 4284 τῶν
1297 4237 1588 4288 ταπεινῶν.
1630 4237 1772 4294 Ἀλλ’

1874 4243 2117 4312 quamvis
2147 4260 2244 4314 per
2270 4245 2503 4300 humiles
2535 4261 2636 4300 nos
2694 4247 2884 4301 ambos
2932 4260 3040 4300 non
3063 4247 3312 4302 fuissent.
3349 4247 3447 4301 At-

197 4327 287 4380 τνα
314 4325 409 4395 μὴ,
442 4325 475 4394 ἡ
499 4323 622 4394 χθὲς
651 4323 793 4376 κατὰ
811 4323 909 4393 τὴν
934 4323 1178 4377 κέλευσεν
1203 4341 1294 4376 σου
1323 4326 1638 4389 συνέλευσις
1665 4326 1772 4379 τῶν

1874 4338 2051 4384 tamen
2077 4345 2162 4393 ne,
2202 4331 2293 4400 qui
2325 4331 2582 4386 hesterno
2602 4332 2688 4386 die
2711 4333 2865 4402 jussu
2888 4340 2983 4386 tuo
3010 4342 3317 4388 conventus
3346 4333 3447 4387 ha-

195 4414 726 4488 ιπισκόπων,ἒτερόν
758 4431 810 4466 τι
842 4414 1098 4478 διδάξασα
1131 4417 1284 4485 παρὰ
1315 4416 1382 4468 τὰ
1421 4416 1479 4468 ἐν
1506 4416 1643 4486 αύτῇ
1680 4416 1770 4485 ὑφ’

1869 4423 2017 4477 bitus
2045 4432 2126 4477 est
2151 4424 2550 4494 episcOporum,
2605 4425 2878 4480 diversum
2909 4423 3108 4494 aliquid
3147 4425 3349 4479 docens
3373 4427 3442 4479 ab

195 4511 229 4578 ἠ
240 4507 358 4578 μῶν
391 4505 642 4577 ρηθέντα,
674 4505 977 4576 ὲπιθολώσῃ
1004 4506 1104 4568 τὰς
1133 4507 1283 4578 ίεράς
1309 4524 1402 4560 σου
1433 4508 1603 4570 ἀκοάς
1622 4525 1635 4538 ·
1661 4508 1765 4578 ἀρ·

1874 4514 1934 4569 iis
1958 4531 2077 4584 quze
2106 4515 2160 4569 in
2185 4515 2275 4570 illo
2304 4516 2446 4570 dicta
2477 4531 2506 4570 a
2537 4516 2697 4572 nobis
2723 4525 2867 4579 sunt,
2895 4529 3077 4570 sacras
3111 4531 3269 4571 aures
3317 4526 3438 4570 tuas

199 4598 366 4668 μύζον
396 4595 724 4667 ἡγησάμεθα
753 4596 1064 4662 ἀνενεγκεῖν
1088 4597 1145 4648 ὲν
1189 4597 1471 4668 κεφαλαίῳ
1499 4598 1598 4668 τὴν
1637 4598 1767 4667 ὃλην

196 4690 300 4760 τῆς
323 4688 617 4756 ἀπολογίας
648 4687 803 4757 ἡμῶν
838 4685 1117 4740 σύστασιν.
1152 4687 1340 4757 Ἡμεῖς
1365 4690 1564 4756 τοίνυν,
1594 4683 1639 4744 ὦ
1668 4707 1770 4759 μα-

197 4779 530 4850 καριώτατε,
579 4777 848 4850 ὀρθόδοξοί
907 4779 1074 4848 ἐσμεν
1130 4779 1274 4831 κατὰ
1324 4780 1531 4833 πάντα·
1589 4782 1770 4833 πᾶσαν

196 4871 411 4940 αἰρεσιν
443 4868 869 4939 ἀποδαλλόμενοι
889 4908 905 4934 ,
935 4869 1028 4922 καὶ
1058 4870 1236 4922 πᾶσαν
1265 4869 1479 4923 σύνοδον
1515 4871 1768 4942 οίκουμε-

197 4963 356 5031 νικήν
377 4977 436 5013 τε
461 4960 555 5012 καὶ
581 4960 812 5030 τοπικὴν
838 4961 1238 5030 ὲγκεκριμένην
1258 4963 1677 5032 ἁ-οδεχόμενοιο
1708 4965 1770 5017 ού

197 5053 310 5125 μὴν
355 5051 492 5106 ἀλλὰ
534 5052 629 5105 καὶ
666 5051 762 5114 τάς
795 5053 922 5122 παρ’
958 5051 1139 5104 αὐτῶν
1180 5053 1587 5124 ἐκφωνηθείσας
1620 5057 1772 5126 ἱερὰς

196 5146 294 5197 καὶ
356 5142 645 5205 κανονικάς
705 5141 1064 5204 διατυπώσεις
1127 5142 1382 5212 ἀσφαλῶς
1445 5145 1768 5215 κατέχομεν.

196 5231 352 5301 Μηδὲ
404 5229 514 5301 γὰρ
557 5229 872 5299 ὁρθοτομεῖν
923 5229 1037 5282 ἐστι
1084 5230 1305 5293 τελείως
1344 5232 1434 5284 τὸν
1480 5227 1636 5300 λόγον
1673 5234 1772 5302 τῆς

197 5321 478 5390 ἀληθείας,
517 5319 609 5373 τὸν
640 5318 737 5389 τὴν
779 5319 961 5372 πίστιν
990 5319 1156 5391 ὀρθὴν
1183 5321 1428 5387 οἰόμενον
1458 5322 1623 5392 ἔχειν,
1661 5326 1771 5386 τοῖς

195 5414 253 5468 δὲ
281 5413 446 5476 θείοις
476 5412 663 5466 κανόσι
693 5411 768 5483 μὴ
797 5412 1254 5482 ἀπευθυνόμενον.
1288 5416 1395 5467 Καὶ
1427 5414 1532 5486 μὴν
1560 5417 1772 5480 καὶτὰς

197 5505 494 5575 ένθέσμους
539 5506 645 5558 ὑπὸ
687 5505 798 5557 τῶν
841 5505 1013 5572 ἁγίων
1055 5504 1196 5558 κατά
1233 5507 1422 5576 καιρὸν
1462 5508 1771 5579 οἰκονομίας

197 5597 536 5668 προσιέμεθα
555 5614 568 5628 ·
593 5599 715 5650 ἐπεὶ
743 5599 836 5651 καὶ
861 5597 1017 5668 ἡμῶν
1045 5599 1153 5651 τῶν
1173 5600 1442 5652 ταπεινῶν
1473 5601 1566 5654 νῦν
1590 5601 1650 5654 τὸ
1674 5601 1771 5672 τὴν

197 5689 510 5759 ἁγιωσύνην
541 5707 632 5742 σου
661 5689 749 5742 διὰ
775 5691 876 5761 τὴν
900 5689 1128 5761 ἐκϐολὴν
1161 5691 1254 5745 τοῦ
1281 5693 1562 5761 οἰκονόμου
1593 5694 1770 5747 ἀσπά-

200 5782 411 5846 ζεσθαι,
467 5784 528 5835 οὐ
578 5784 686 5836 τῶν
744 5784 1185 5856 ἀκριϐευομένων
1223 5787 1360 5852 ἐστὶ,
1398 5786 1506 5842 τῶν
1550 5787 1607 5842 δὲ
1652 5787 1770 5840 λίαν

272 5879 317 5910 ⁸⁵⁸
362 5877 557 5947 Ephcs.
597 5894 669 5941 Iv,
702 5878 785 5933 l3.

1871 4608 2158 4662 conturbet
2179 4626 2193 4673 ;
2213 4617 2636 4662 consentaneum
2654 4609 2906 4663 duximus
2923 4607 3231 4661 summatim
3268 4617 3435 4662 tutam

1873 4693 2075 4748 referre
2126 4695 2385 4766 apologia‘.
2437 4705 2637 4750 nostra:
2691 4695 2972 4749 rationem.
3035 4692 3144 4748 Nos
3197 4694 3378 4765 igitur,
3411 4711 3443 4748 ο

1871 4783 2200 4850 beatissime,
2229 4786 2512 4841 orthodoxi
2568 4802 2758 4841 sumus
2791 4787 2846 4840 in
2897 4785 3172 4850 omnibus,
3224 4801 3442 4840 omnem

1873 4873 2117 4928 breresim
2149 4875 2477 4945 rejicieutcs,
2503 4891 2830 4944 omnemque
2853 4874 3246 4928 mcumenicam
3281 4883 3340 4928 et
3359 4875 3442 4928 lo-

1871 4966 2042 5020 calem
2077 4967 2340 5038 synodum
2401 4968 2752 5038 approbatam
2786 4965 3110 5035 recipientes
3144 4983 3159 5032 ;
3197 4982 3298 5020 nec
3331 4982 3440 5021 non

1871 5062 2042 5118 editas
2097 5063 2164 5116 ab
2204 5062 2283 5118 eis
2354 5077 2537 5118 sacras
2580 5071 2636 5116 et
2677 5060 2966 5116 canonicas
3027 5061 3443 5117 constitutiones

1870 5163 2021 5210 arcte
2049 5155 2477 5226 complectimur.
2511 5153 2695 5224 Neque
2723 5154 2867 5208 enim
2899 5153 3183 5207 veritatem
3217 5170 3441 5223 prorsus

1873 5245 2121 5310 tenetis,
2156 5245 2246 5314 qui
2283 5254 2485 5299 rectam
2546 5243 2705 5298 fidem
2767 5245 2968 5299 habere
3011 5259 3069 5298 se
3121 5245 3441 5300 existimans

1873 5337 2069 5390 divinis
2102 5336 2400 5393 canonibus
2464 5352 2571 5390 non
2610 5343 2841 5406 regatur.
2881 5336 2961 5390 Ad
2996 5337 3111 5391 haec
3169 5337 3438 5409 legitimas

1872 5441 1902 5480 a
1933 5426 2135 5481 sanctis
2171 5443 2270 5498 pro
2299 5436 2540 5497 tempore
2569 5437 2853 5497 usurpatas
2893 5427 3325 5496 dispensationes
3346 5429 3440 5482 ad-

1874 5517 2136 5572 mittimus
2168 5537 2180 5572 :
2209 5518 2425 5588 quando
2451 5528 2505 5574 et
2536 5535 2635 5574 nos
2662 5519 2892 5572 humiles
2915 5518 3256 5573 sanctitatem
3291 5528 3436 5572 tuam

1873 5625 2017 5664 nunc
2056 5626 2154 5679 per
2204 5611 2469 5665 oeconomi
2517 5612 2835 5681 eiectionem
2867 5610 3136 5680 amplecti,
3162 5626 3270 5664 nou
3311 5628 3406 5665 exa

1871 5706 2018 5752 etum
2041 5699 2131 5768 jus
2169 5698 2488 5753 sectantium
2535 5710 2637 5763 est,
2668 5699 2759 5753 sed
2791 5698 3076 5753 admodum
3127 5699 3439 5770 dispensan-

1875 5790 2029 5859 tium,
2067 5800 2121 5845 et
2150 5791 2575 5861 conspirantium
2605 5810 2615 5845 :
2655 5801 2707 5845 et
2739 5790 3185 5866 prasdcccssorcm
3237 5792 3436 5846 sancti-
