  <div class='ocr_page' id='page_1' title='image "/cluster/home/n/w/nwhite01/storage/ocr_20150623/99/uva.x002264937/533.png"; bbox 0 0 4158 6478; ppageno 0'>
   <div class='ocr_carea' id='block_1_1' title="bbox 727 419 857 483">
    <p class='ocr_par' dir='ltr' id='par_1_1' title="bbox 727 419 857 483">
     <span class='ocr_line' id='line_1_1' title="bbox 727 419 857 483; baseline -0.023 0"><span class='ocrx_word' id='word_1_1' title='bbox 727 419 857 483; x_wconf 71' lang='grc'><strong>1007</strong></span> 
     </span>
    </p>
   </div>
   <div class='ocr_carea' id='block_1_2' title="bbox 1909 412 2782 478">
    <p class='ocr_par' dir='ltr' id='par_1_2' title="bbox 1909 412 2782 478">
     <span class='ocr_line' id='line_1_2' title="bbox 1909 412 2782 478; baseline -0.005 -2"><span class='ocrx_word' id='word_1_2' title='bbox 1909 418 1970 478; x_wconf 90' lang='lat' dir='ltr'><strong>S.</strong></span> <span class='ocrx_word' id='word_1_3' title='bbox 2007 413 2398 478; x_wconf 79' lang='lat' dir='ltr'><strong>THEODORI</strong></span> <span class='ocrx_word' id='word_1_4' title='bbox 2440 412 2782 473; x_wconf 66' lang='grc' dir='ltr'><strong>ΒΤυῡΙΤιῑζ</strong></span> 
     </span>
    </p>
   </div>
   <div class='ocr_carea' id='block_1_3' title="bbox 3870 411 3989 474">
    <p class='ocr_par' dir='ltr' id='par_1_3' title="bbox 3870 411 3989 474">
     <span class='ocr_line' id='line_1_3' title="bbox 3870 411 3989 474; baseline 0 -1"><span class='ocrx_word' id='word_1_5' title='bbox 3870 411 3989 474; x_wconf 76' lang='lat'><strong>1003</strong></span> 
     </span>
    </p>
   </div>
   <div class='ocr_carea' id='block_1_4' title="bbox 724 519 2309 595">
    <p class='ocr_par' dir='ltr' id='par_1_4' title="bbox 724 523 2293 595">
     <span class='ocr_line' id='line_1_4' title="bbox 724 523 2293 595; baseline -0.003 -13"><span class='ocrx_word' id='word_1_6' title='bbox 724 531 849 583; x_wconf 79' lang='lat' dir='ltr'><strong>tatis</strong></span> <span class='ocrx_word' id='word_1_7' title='bbox 908 537 1011 581; x_wconf 65' lang='lat' dir='ltr'><strong>tuac</strong></span> <span class='ocrx_word' id='word_1_8' title='bbox 1065 525 1468 581; x_wconf 86' lang='lat' dir='ltr'><strong>sanctissimum</strong></span> <span class='ocrx_word' id='word_1_9' title='bbox 1537 523 1901 595; x_wconf 88' lang='lat' dir='ltr'><strong>patriarcham</strong></span> <span class='ocrx_word' id='word_1_10' title='bbox 1955 525 2144 580; x_wconf 86' lang='lat' dir='ltr'><strong>eadem</strong></span> <span class='ocrx_word' id='word_1_11' title='bbox 2205 539 2293 578; x_wconf 91' lang='lat' dir='ltr'><strong>ra-</strong></span> 
     </span>
    </p>
   </div>
   <div class='ocr_carea' id='block_1_5' title="bbox 2409 519 3991 595">
    <p class='ocr_par' dir='ltr' id='par_1_5' title="bbox 2409 519 3991 590">
     <span class='ocr_line' id='line_1_5' title="bbox 2409 519 3991 590; baseline -0.001 -17"><span class='ocrx_word' id='word_1_12' title='bbox 2409 522 2828 590; x_wconf 74' lang='grc' dir='ltr'>&gt;ἰκονομούντων</span> <span class='ocrx_word' id='word_1_13' title='bbox 2851 519 2942 573; x_wconf 75' lang='grc' dir='ltr'>καὶ</span> <span class='ocrx_word' id='word_1_14' title='bbox 2967 520 3396 590; x_wconf 81' lang='grc' dir='ltr'><strong>συνερχομένων.</strong></span> <span class='ocrx_word' id='word_1_15' title='bbox 3418 519 3528 573; x_wconf 67' lang='grc' dir='ltr'><strong>Καὶ</strong></span> <span class='ocrx_word' id='word_1_16' title='bbox 3546 520 3634 573; x_wconf 78' lang='grc' dir='ltr'>τὸν</span> <span class='ocrx_word' id='word_1_17' title='bbox 3664 523 3991 590; x_wconf 79' lang='grc' dir='ltr'>προηγησα-</span> 
     </span>
    </p>
   </div>
   <div class='ocr_carea' id='block_1_6' title="bbox 723 615 2301 688">
    <p class='ocr_par' dir='ltr' id='par_1_6' title="bbox 723 615 2301 688">
     <span class='ocr_line' id='line_1_6' title="bbox 723 615 2301 688; baseline -0.004 -13"><span class='ocrx_word' id='word_1_18' title='bbox 723 621 868 675; x_wconf 98' lang='lat' dir='ltr'><strong>tione</strong></span> <span class='ocrx_word' id='word_1_19' title='bbox 899 618 1260 688; x_wconf 84' lang='lat' dir='ltr'><strong>suscepimus,</strong></span> <span class='ocrx_word' id='word_1_20' title='bbox 1294 618 1347 672; x_wconf 90' lang='lat' dir='ltr'><strong>in</strong></span> <span class='ocrx_word' id='word_1_21' title='bbox 1382 618 1482 672; x_wconf 90' lang='lat' dir='ltr'><strong>hoc</strong></span> <span class='ocrx_word' id='word_1_22' title='bbox 1514 617 1634 687; x_wconf 90' lang='lat' dir='ltr'><strong>ipso</strong></span> <span class='ocrx_word' id='word_1_23' title='bbox 1663 617 1881 688; x_wconf 87' lang='lat' dir='ltr'><strong>negotio</strong></span> <span class='ocrx_word' id='word_1_24' title='bbox 1917 635 1929 670; x_wconf 90' lang='lat'>:</span> <span class='ocrx_word' id='word_1_25' title='bbox 1961 615 2180 687; x_wconf 84' lang='lat' dir='ltr'><strong>quando</strong></span> <span class='ocrx_word' id='word_1_26' title='bbox 2215 631 2301 669; x_wconf 87' lang='lat' dir='ltr'><strong>re-</strong></span> 
     </span>
    </p>
   </div>
   <div class='ocr_carea' id='block_1_7' title="bbox 721 707 2300 778">
    <p class='ocr_par' dir='ltr' id='par_1_7' title="bbox 721 707 2300 778">
     <span class='ocr_line' id='line_1_7' title="bbox 721 707 2300 778; baseline -0.004 -13"><span class='ocrx_word' id='word_1_27' title='bbox 721 711 859 765; x_wconf 89' lang='lat' dir='ltr'><strong>versi</strong></span> <span class='ocrx_word' id='word_1_28' title='bbox 892 711 960 764; x_wconf 82' lang='lat' dir='ltr'><strong>ab</strong></span> <span class='ocrx_word' id='word_1_29' title='bbox 999 710 1186 764; x_wconf 72' lang='lat' dir='ltr'><strong>exsilio</strong></span> <span class='ocrx_word' id='word_1_30' title='bbox 1241 724 1448 774; x_wconf 85' lang='lat' dir='ltr'><strong>sumus,</strong></span> <span class='ocrx_word' id='word_1_31' title='bbox 1496 709 1742 778; x_wconf 89' lang='lat' dir='ltr'><strong>disrupto</strong></span> <span class='ocrx_word' id='word_1_32' title='bbox 1779 707 2080 762; x_wconf 84' lang='lat' dir='ltr'><strong>adulterino</strong></span> <span class='ocrx_word' id='word_1_33' title='bbox 2110 707 2300 775; x_wconf 81' lang='lat' dir='ltr'><strong>conju-</strong></span> 
     </span>
    </p>
   </div>
   <div class='ocr_carea' id='block_1_8' title="bbox 723 798 2297 873">
    <p class='ocr_par' dir='ltr' id='par_1_8' title="bbox 723 798 2297 873">
     <span class='ocr_line' id='line_1_8' title="bbox 723 798 2297 873; baseline -0.003 -17"><span class='ocrx_word' id='word_1_34' title='bbox 723 805 828 873; x_wconf 85' lang='lat' dir='ltr'><strong>gio,</strong></span> <span class='ocrx_word' id='word_1_35' title='bbox 851 812 905 856; x_wconf 93' lang='lat' dir='ltr'><strong>et</strong></span> <span class='ocrx_word' id='word_1_36' title='bbox 925 817 1208 856; x_wconf 74' lang='lat' dir='ltr'><strong>wconomo</strong></span> <span class='ocrx_word' id='word_1_37' title='bbox 1236 801 1521 856; x_wconf 89' lang='lat' dir='ltr'><strong>sacerdotii</strong></span> <span class='ocrx_word' id='word_1_38' title='bbox 1549 815 1774 854; x_wconf 90' lang='lat' dir='ltr'><strong>munere</strong></span> <span class='ocrx_word' id='word_1_39' title='bbox 1797 800 2030 870; x_wconf 92' lang='lat' dir='ltr'><strong>dejecto.</strong></span> <span class='ocrx_word' id='word_1_40' title='bbox 2061 799 2180 854; x_wconf 82' lang='lat' dir='ltr'><strong>Non</strong></span> <span class='ocrx_word' id='word_1_41' title='bbox 2204 798 2297 861; x_wconf 89' lang='lat' dir='ltr'><strong>sit,</strong></span> 
     </span>
    </p>
   </div>
   <div class='ocr_carea' id='block_1_9' title="bbox 722 878 2300 962">
    <p class='ocr_par' dir='ltr' id='par_1_9' title="bbox 722 878 2300 962">
     <span class='ocr_line' id='line_1_9' title="bbox 722 878 2300 962; baseline -0.004 -13"><span class='ocrx_word' id='word_1_42' title='bbox 722 878 1025 956; x_wconf 81' lang='lat' dir='ltr'><strong>aiebamus,</strong></span> <span class='ocrx_word' id='word_1_43' title='bbox 1058 883 1210 947; x_wconf 88' lang='lat' dir='ltr'><strong>nobis</strong></span> <span class='ocrx_word' id='word_1_44' title='bbox 1243 908 1367 962; x_wconf 89' lang='lat' dir='ltr'><strong>pars</strong></span> <span class='ocrx_word' id='word_1_45' title='bbox 1402 903 1606 955; x_wconf 88' lang='lat' dir='ltr'><strong>tecum,</strong></span> <span class='ocrx_word' id='word_1_46' title='bbox 1657 907 1833 960; x_wconf 90' lang='lat' dir='ltr'><strong>neque</strong></span> <span class='ocrx_word' id='word_1_47' title='bbox 1881 892 1989 954; x_wconf 92' lang='lat' dir='ltr'><strong>hic,</strong></span> <span class='ocrx_word' id='word_1_48' title='bbox 2039 905 2215 960; x_wconf 90' lang='lat' dir='ltr'><strong>neque</strong></span> <span class='ocrx_word' id='word_1_49' title='bbox 2247 890 2300 944; x_wconf 90' lang='lat' dir='ltr'><strong>in</strong></span> 
     </span>
    </p>
   </div>
   <div class='ocr_carea' id='block_1_10' title="bbox 722 983 2302 1052">
    <p class='ocr_par' dir='ltr' id='par_1_10' title="bbox 722 983 2302 1052">
     <span class='ocr_line' id='line_1_10' title="bbox 722 983 2302 1052; baseline -0.001 -15"><span class='ocrx_word' id='word_1_50' title='bbox 722 984 906 1038; x_wconf 80' lang='lat' dir='ltr'><strong>futuro</strong></span> <span class='ocrx_word' id='word_1_51' title='bbox 963 985 1180 1046; x_wconf 61' lang='lat' dir='ltr'><strong>sreculo,</strong></span> <span class='ocrx_word' id='word_1_52' title='bbox 1234 993 1523 1052; x_wconf 84' lang='lat' dir='ltr'><strong>prOptcrea</strong></span> <span class='ocrx_word' id='word_1_53' title='bbox 1560 983 1703 1052; x_wconf 91' lang='lat' dir='ltr'><strong>quod</strong></span> <span class='ocrx_word' id='word_1_54' title='bbox 1740 983 1950 1036; x_wconf 92' lang='lat' dir='ltr'><strong>adulter</strong></span> <span class='ocrx_word' id='word_1_55' title='bbox 1997 983 2302 1052; x_wconf 90' lang='lat' dir='ltr'><strong>promiscue</strong></span> 
     </span>
    </p>
   </div>
   <div class='ocr_carea' id='block_1_11' title="bbox 722 1073 2302 1144">
    <p class='ocr_par' dir='ltr' id='par_1_11' title="bbox 722 1073 2302 1144">
     <span class='ocr_line' id='line_1_11' title="bbox 722 1073 2302 1144; baseline -0.001 -16"><span class='ocrx_word' id='word_1_56' title='bbox 722 1090 751 1128; x_wconf 93' lang='lat' dir='ltr'><strong>a</strong></span> <span class='ocrx_word' id='word_1_57' title='bbox 777 1076 1060 1129; x_wconf 79' lang='lat' dir='ltr'><strong>sanctitate</strong></span> <span class='ocrx_word' id='word_1_58' title='bbox 1099 1085 1188 1129; x_wconf 86' lang='lat' dir='ltr'><strong>tua</strong></span> <span class='ocrx_word' id='word_1_59' title='bbox 1230 1075 1583 1144; x_wconf 87' lang='lat' dir='ltr'><strong>participarit.</strong></span> <span class='ocrx_word' id='word_1_60' title='bbox 1617 1076 1815 1130; x_wconf 86' lang='lat' dir='ltr'><strong>Contra</strong></span> <span class='ocrx_word' id='word_1_61' title='bbox 1848 1084 2032 1128; x_wconf 91' lang='lat' dir='ltr'><strong>autem</strong></span> <span class='ocrx_word' id='word_1_62' title='bbox 2079 1075 2171 1128; x_wconf 89' lang='lat' dir='ltr'><strong>illo</strong></span> <span class='ocrx_word' id='word_1_63' title='bbox 2221 1073 2302 1127; x_wconf 94' lang='lat' dir='ltr'><strong>di-</strong></span> 
     </span>
    </p>
   </div>
   <div class='ocr_carea' id='block_1_12' title="bbox 723 1165 2303 1236">
    <p class='ocr_par' dir='ltr' id='par_1_12' title="bbox 723 1165 2303 1236">
     <span class='ocr_line' id='line_1_12' title="bbox 723 1165 2303 1236; baseline -0.003 -14"><span class='ocrx_word' id='word_1_64' title='bbox 723 1177 880 1222; x_wconf 87' lang='lat' dir='ltr'><strong>cente</strong></span> <span class='ocrx_word' id='word_1_65' title='bbox 933 1186 945 1221; x_wconf 88' lang='lat'><strong>:</strong></span> <span class='ocrx_word' id='word_1_66' title='bbox 994 1167 1404 1236; x_wconf 87' lang='lat' dir='ltr'><strong>Dispensatione</strong></span> <span class='ocrx_word' id='word_1_67' title='bbox 1457 1183 1587 1222; x_wconf 82' lang='lat' dir='ltr'><strong>usus</strong></span> <span class='ocrx_word' id='word_1_68' title='bbox 1642 1182 1796 1232; x_wconf 91' lang='lat' dir='ltr'><strong>sum,</strong></span> <span class='ocrx_word' id='word_1_69' title='bbox 1853 1176 1913 1220; x_wconf 87' lang='lat' dir='ltr'><strong>ut</strong></span> <span class='ocrx_word' id='word_1_70' title='bbox 1986 1166 2148 1219; x_wconf 91' lang='lat' dir='ltr'><strong>etiam</strong></span> <span class='ocrx_word' id='word_1_71' title='bbox 2197 1165 2303 1219; x_wconf 84' lang='lat' dir='ltr'><strong>im-</strong></span> 
     </span>
    </p>
   </div>
   <div class='ocr_carea' id='block_1_13' title="bbox 723 1259 2298 1328">
    <p class='ocr_par' dir='ltr' id='par_1_13' title="bbox 723 1259 2298 1328">
     <span class='ocr_line' id='line_1_13' title="bbox 723 1259 2298 1328; baseline 0 -16"><span class='ocrx_word' id='word_1_72' title='bbox 723 1259 976 1328; x_wconf 88' lang='lat' dir='ltr'><strong>pertircm</strong></span> <span class='ocrx_word' id='word_1_73' title='bbox 1049 1259 1115 1313; x_wconf 88' lang='lat' dir='ltr'><strong>ad</strong></span> <span class='ocrx_word' id='word_1_74' title='bbox 1192 1268 1454 1328; x_wconf 84' lang='lat' dir='ltr'><strong>tempus:</strong></span> <span class='ocrx_word' id='word_1_75' title='bbox 1499 1259 1692 1314; x_wconf 92' lang='lat' dir='ltr'><strong>deinde</strong></span> <span class='ocrx_word' id='word_1_76' title='bbox 1758 1259 1874 1314; x_wconf 65' lang='lat' dir='ltr'><strong>haec</strong></span> <span class='ocrx_word' id='word_1_77' title='bbox 1922 1259 2242 1328; x_wconf 84' lang='lat' dir='ltr'><strong>subjiciente</strong></span> <span class='ocrx_word' id='word_1_78' title='bbox 2284 1277 2298 1312; x_wconf 90' lang='lat'><strong>:</strong></span> 
     </span>
    </p>
   </div>
   <div class='ocr_carea' id='block_1_14' title="bbox 727 1349 2303 1412">
    <p class='ocr_par' dir='ltr' id='par_1_14' title="bbox 727 1349 2303 1412">
     <span class='ocr_line' id='line_1_14' title="bbox 727 1349 2303 1412; baseline -0.003 -6"><span class='ocrx_word' id='word_1_79' title='bbox 727 1352 946 1406; x_wconf 74' lang='lat' dir='ltr'><strong>Utinam</strong></span> <span class='ocrx_word' id='word_1_80' title='bbox 1022 1366 1214 1404; x_wconf 89' lang='lat' dir='ltr'><strong>manus</strong></span> <span class='ocrx_word' id='word_1_81' title='bbox 1288 1351 1414 1404; x_wconf 90' lang='lat' dir='ltr'><strong>mihi</strong></span> <span class='ocrx_word' id='word_1_82' title='bbox 1452 1351 1708 1406; x_wconf 74' lang='lat' dir='ltr'><strong>abscissa:</strong></span> <span class='ocrx_word' id='word_1_83' title='bbox 1756 1350 2004 1412; x_wconf 77' lang='lat' dir='ltr'><strong>fuissent,</strong></span> <span class='ocrx_word' id='word_1_84' title='bbox 2048 1364 2114 1403; x_wconf 92' lang='lat' dir='ltr'><strong>ne</strong></span> <span class='ocrx_word' id='word_1_85' title='bbox 2147 1349 2303 1403; x_wconf 87' lang='lat' dir='ltr'><strong>adul-</strong></span> 
     </span>
    </p>
   </div>
   <div class='ocr_carea' id='block_1_15' title="bbox 727 1441 2304 1514">
    <p class='ocr_par' dir='ltr' id='par_1_15' title="bbox 727 1441 2304 1514">
     <span class='ocr_line' id='line_1_15' title="bbox 727 1441 2304 1514; baseline 0 -20"><span class='ocrx_word' id='word_1_86' title='bbox 727 1453 870 1496; x_wconf 83' lang='lat' dir='ltr'><strong>teros</strong></span> <span class='ocrx_word' id='word_1_87' title='bbox 933 1444 1284 1496; x_wconf 86' lang='lat' dir='ltr'><strong>coronareml</strong></span> <span class='ocrx_word' id='word_1_88' title='bbox 1321 1443 1573 1512; x_wconf 80' lang='lat' dir='ltr'><strong>Nunquid</strong></span> <span class='ocrx_word' id='word_1_89' title='bbox 1619 1458 1716 1514; x_wconf 81' lang='lat' dir='ltr'><strong>ego</strong></span> <span class='ocrx_word' id='word_1_90' title='bbox 1756 1457 1978 1512; x_wconf 89' lang='lat' dir='ltr'><strong>prorsus</strong></span> <span class='ocrx_word' id='word_1_91' title='bbox 2005 1441 2304 1495; x_wconf 89' lang='lat' dir='ltr'><strong>coronavi?</strong></span> 
     </span>
    </p>
   </div>
   <div class='ocr_carea' id='block_1_16' title="bbox 725 1533 2302 1606">
    <p class='ocr_par' dir='ltr' id='par_1_16' title="bbox 725 1533 2302 1606">
     <span class='ocr_line' id='line_1_16' title="bbox 725 1533 2302 1606; baseline -0.001 -17"><span class='ocrx_word' id='word_1_92' title='bbox 725 1547 1007 1606; x_wconf 71' lang='lat' dir='ltr'><strong>propterea</strong></span> <span class='ocrx_word' id='word_1_93' title='bbox 1063 1551 1186 1590; x_wconf 89' lang='lat' dir='ltr'><strong>cum</strong></span> <span class='ocrx_word' id='word_1_94' title='bbox 1213 1552 1278 1590; x_wconf 92' lang='lat' dir='ltr'><strong>eo</strong></span> <span class='ocrx_word' id='word_1_95' title='bbox 1313 1535 1836 1590; x_wconf 87' lang='lat' dir='ltr'><strong>communicavimus</strong></span> <span class='ocrx_word' id='word_1_96' title='bbox 1883 1550 2054 1604; x_wconf 88' lang='lat' dir='ltr'><strong>usque</strong></span> <span class='ocrx_word' id='word_1_97' title='bbox 2085 1533 2150 1588; x_wconf 91' lang='lat' dir='ltr'><strong>ad</strong></span> <span class='ocrx_word' id='word_1_98' title='bbox 2182 1534 2302 1588; x_wconf 92' lang='lat' dir='ltr'><strong>obi-</strong></span> 
     </span>
    </p>
   </div>
   <div class='ocr_carea' id='block_1_17' title="bbox 727 1626 2306 1697">
    <p class='ocr_par' dir='ltr' id='par_1_17' title="bbox 727 1626 2306 1697">
     <span class='ocr_line' id='line_1_17' title="bbox 727 1626 2306 1697; baseline -0.001 -15"><span class='ocrx_word' id='word_1_99' title='bbox 727 1637 838 1682; x_wconf 86' lang='lat' dir='ltr'><strong>tum</strong></span> <span class='ocrx_word' id='word_1_100' title='bbox 870 1628 1040 1697; x_wconf 88' lang='lat' dir='ltr'><strong>ipsius</strong></span> <span class='ocrx_word' id='word_1_101' title='bbox 1070 1644 1081 1679; x_wconf 92' lang='lat'>:</span> <span class='ocrx_word' id='word_1_102' title='bbox 1107 1636 1163 1681; x_wconf 90' lang='lat' dir='ltr'><strong>et</strong></span> <span class='ocrx_word' id='word_1_103' title='bbox 1183 1628 1523 1681; x_wconf 85' lang='lat' dir='ltr'><strong>sanctitatem</strong></span> <span class='ocrx_word' id='word_1_104' title='bbox 1555 1637 1699 1680; x_wconf 90' lang='lat' dir='ltr'><strong>tuam</strong></span> <span class='ocrx_word' id='word_1_105' title='bbox 1728 1641 1944 1680; x_wconf 87' lang='lat' dir='ltr'><strong>rursum</strong></span> <span class='ocrx_word' id='word_1_106' title='bbox 1970 1626 2306 1694; x_wconf 90' lang='lat' dir='ltr'><strong>suscepimus</strong></span> 
     </span>
    </p>
   </div>
   <div class='ocr_carea' id='block_1_18' title="bbox 723 1718 2304 1789">
    <p class='ocr_par' dir='ltr' id='par_1_18' title="bbox 723 1718 2304 1789">
     <span class='ocr_line' id='line_1_18' title="bbox 723 1718 2304 1789; baseline 0 -17"><span class='ocrx_word' id='word_1_107' title='bbox 723 1719 789 1773; x_wconf 89' lang='lat' dir='ltr'><strong>ad</strong></span> <span class='ocrx_word' id='word_1_108' title='bbox 857 1719 1174 1789; x_wconf 86' lang='lat' dir='ltr'><strong>dignitatem</strong></span> <span class='ocrx_word' id='word_1_109' title='bbox 1248 1718 1748 1788; x_wconf 83' lang='lat' dir='ltr'><strong>archiepiscopatus</strong></span> <span class='ocrx_word' id='word_1_110' title='bbox 1792 1737 1805 1772; x_wconf 88' lang='lat'><strong>:</strong></span> <span class='ocrx_word' id='word_1_111' title='bbox 1848 1718 2304 1787; x_wconf 85' lang='lat' dir='ltr'><strong>quemadmodum</strong></span> 
     </span>
    </p>
   </div>
   <div class='ocr_carea' id='block_1_19' title="bbox 724 1810 2305 1881">
    <p class='ocr_par' dir='ltr' id='par_1_19' title="bbox 724 1810 2305 1881">
     <span class='ocr_line' id='line_1_19' title="bbox 724 1810 2305 1881; baseline 0 -17"><span class='ocrx_word' id='word_1_112' title='bbox 724 1811 1057 1864; x_wconf 88' lang='lat' dir='ltr'><strong>mentionem</strong></span> <span class='ocrx_word' id='word_1_113' title='bbox 1082 1811 1202 1881; x_wconf 85' lang='lat' dir='ltr'><strong>ejus</strong></span> <span class='ocrx_word' id='word_1_114' title='bbox 1235 1811 1476 1880; x_wconf 90' lang='lat' dir='ltr'><strong>quotidie</strong></span> <span class='ocrx_word' id='word_1_115' title='bbox 1509 1810 1738 1864; x_wconf 78' lang='lat' dir='ltr'><strong>facimus</strong></span> <span class='ocrx_word' id='word_1_116' title='bbox 1768 1811 1820 1864; x_wconf 92' lang='lat' dir='ltr'><strong>in</strong></span> <span class='ocrx_word' id='word_1_117' title='bbox 1855 1811 2123 1866; x_wconf 83' lang='lat' dir='ltr'><strong>sacriﬁcio</strong></span> <span class='ocrx_word' id='word_1_118' title='bbox 2156 1828 2170 1875; x_wconf 83' lang='lat'>;</span> <span class='ocrx_word' id='word_1_119' title='bbox 2203 1825 2305 1864; x_wconf 91' lang='lat' dir='ltr'><strong>nec</strong></span> 
     </span>
    </p>
   </div>
   <div class='ocr_carea' id='block_1_20' title="bbox 723 1881 2377 1974">
    <p class='ocr_par' dir='ltr' id='par_1_20' title="bbox 723 1881 2377 1974">
     <span class='ocr_line' id='line_1_20' title="bbox 723 1881 2377 1974; baseline -0.002 -15"><span class='ocrx_word' id='word_1_120' title='bbox 723 1905 828 1959; x_wconf 89' lang='lat' dir='ltr'><strong>alia</strong></span> <span class='ocrx_word' id='word_1_121' title='bbox 873 1919 929 1958; x_wconf 94' lang='lat' dir='ltr'><strong>re</strong></span> <span class='ocrx_word' id='word_1_122' title='bbox 961 1903 1357 1974; x_wconf 88' lang='lat' dir='ltr'><strong>discrepamus,</strong></span> <span class='ocrx_word' id='word_1_123' title='bbox 1384 1919 1546 1974; x_wconf 88' lang='lat' dir='ltr'><strong>quam</strong></span> <span class='ocrx_word' id='word_1_124' title='bbox 1575 1916 1797 1974; x_wconf 86' lang='lat' dir='ltr'><strong>propter</strong></span> <span class='ocrx_word' id='word_1_125' title='bbox 1830 1919 2174 1959; x_wconf 77' lang='lat' dir='ltr'><strong>(economum</strong></span> <span class='ocrx_word' id='word_1_126' title='bbox 2207 1919 2303 1973; x_wconf 88' lang='lat' dir='ltr'><strong>per</strong></span> <span class='ocrx_word' id='word_1_127' title='bbox 2337 1881 2377 1936; x_wconf 74' lang='grc' dir='ltr'><strong><em>Β</em></strong></span> 
     </span>
    </p>
   </div>
   <div class='ocr_carea' id='block_1_21' title="bbox 724 1997 2303 2066">
    <p class='ocr_par' dir='ltr' id='par_1_21' title="bbox 724 1997 2303 2066">
     <span class='ocr_line' id='line_1_21' title="bbox 724 1997 2303 2066; baseline -0.002 -13"><span class='ocrx_word' id='word_1_128' title='bbox 724 2015 907 2054; x_wconf 85' lang='lat' dir='ltr'><strong>sacros</strong></span> <span class='ocrx_word' id='word_1_129' title='bbox 933 2013 1172 2053; x_wconf 89' lang='lat' dir='ltr'><strong>canones</strong></span> <span class='ocrx_word' id='word_1_130' title='bbox 1203 1997 1508 2066; x_wconf 91' lang='lat' dir='ltr'><strong>depositum</strong></span> <span class='ocrx_word' id='word_1_131' title='bbox 1544 1997 1726 2050; x_wconf 92' lang='lat' dir='ltr'><strong>multis</strong></span> <span class='ocrx_word' id='word_1_132' title='bbox 1768 1997 1941 2052; x_wconf 91' lang='lat' dir='ltr'><strong>modis</strong></span> <span class='ocrx_word' id='word_1_133' title='bbox 1974 2013 1988 2061; x_wconf 91' lang='lat'><strong>;</strong></span> <span class='ocrx_word' id='word_1_134' title='bbox 2023 2012 2086 2051; x_wconf 90' lang='lat' dir='ltr'><strong>ac</strong></span> <span class='ocrx_word' id='word_1_135' title='bbox 2117 1997 2303 2066; x_wconf 69' lang='lat' dir='ltr'><strong>prazci-</strong></span> 
     </span>
    </p>
   </div>
   <div class='ocr_carea' id='block_1_22' title="bbox 728 2088 2307 2162">
    <p class='ocr_par' dir='ltr' id='par_1_22' title="bbox 728 2088 2307 2162">
     <span class='ocr_line' id='line_1_22' title="bbox 728 2088 2307 2162; baseline -0.003 -17"><span class='ocrx_word' id='word_1_136' title='bbox 728 2108 833 2161; x_wconf 91' lang='lat' dir='ltr'><strong>pue</strong></span> <span class='ocrx_word' id='word_1_137' title='bbox 859 2091 1003 2162; x_wconf 91' lang='lat' dir='ltr'><strong>quod</strong></span> <span class='ocrx_word' id='word_1_138' title='bbox 1053 2099 1178 2161; x_wconf 87' lang='lat' dir='ltr'><strong>post</strong></span> <span class='ocrx_word' id='word_1_139' title='bbox 1214 2104 1407 2143; x_wconf 85' lang='lat' dir='ltr'><strong>novem</strong></span> <span class='ocrx_word' id='word_1_140' title='bbox 1464 2103 1731 2141; x_wconf 90' lang='lat' dir='ltr'><strong>annorum</strong></span> <span class='ocrx_word' id='word_1_141' title='bbox 1786 2088 2307 2142; x_wconf 83' lang='lat' dir='ltr'><strong>excommunicatio-</strong></span> 
     </span>
    </p>
   </div>
   <div class='ocr_carea' id='block_1_23' title="bbox 725 2180 2302 2250">
    <p class='ocr_par' dir='ltr' id='par_1_23' title="bbox 725 2180 2302 2250">
     <span class='ocr_line' id='line_1_23' title="bbox 725 2180 2302 2250; baseline -0.003 -13"><span class='ocrx_word' id='word_1_142' title='bbox 725 2199 848 2237; x_wconf 90' lang='lat' dir='ltr'><strong>nem</strong></span> <span class='ocrx_word' id='word_1_143' title='bbox 879 2184 1074 2237; x_wconf 90' lang='lat' dir='ltr'><strong>iterum</strong></span> <span class='ocrx_word' id='word_1_144' title='bbox 1128 2180 1298 2235; x_wconf 90' lang='lat' dir='ltr'><strong>sacris</strong></span> <span class='ocrx_word' id='word_1_145' title='bbox 1352 2190 1611 2250; x_wconf 89' lang='lat' dir='ltr'><strong>operetur</strong></span> <span class='ocrx_word' id='word_1_146' title='bbox 1642 2198 1659 2248; x_wconf 85' lang='lat'><strong>;</strong></span> <span class='ocrx_word' id='word_1_147' title='bbox 1695 2195 1870 2250; x_wconf 88' lang='lat' dir='ltr'><strong>neque</strong></span> <span class='ocrx_word' id='word_1_148' title='bbox 1909 2180 1959 2234; x_wconf 89' lang='lat' dir='ltr'><strong>id</strong></span> <span class='ocrx_word' id='word_1_149' title='bbox 2007 2181 2058 2232; x_wconf 94' lang='lat' dir='ltr'><strong>in</strong></span> <span class='ocrx_word' id='word_1_150' title='bbox 2085 2181 2302 2246; x_wconf 87' lang='lat' dir='ltr'><strong>abdito;</strong></span> 
     </span>
    </p>
   </div>
   <div class='ocr_carea' id='block_1_24' title="bbox 728 2270 2304 2338">
    <p class='ocr_par' dir='ltr' id='par_1_24' title="bbox 728 2270 2304 2338">
     <span class='ocr_line' id='line_1_24' title="bbox 728 2270 2304 2338; baseline -0.003 -11"><span class='ocrx_word' id='word_1_151' title='bbox 728 2272 1010 2327; x_wconf 72' lang='lat' dir='ltr'><strong>ferendum</strong></span> <span class='ocrx_word' id='word_1_152' title='bbox 1039 2270 1184 2325; x_wconf 91' lang='lat' dir='ltr'><strong>enim</strong></span> <span class='ocrx_word' id='word_1_153' title='bbox 1231 2280 1395 2334; x_wconf 87' lang='lat' dir='ltr'><strong>esset,</strong></span> <span class='ocrx_word' id='word_1_154' title='bbox 1431 2270 1586 2323; x_wconf 88' lang='lat' dir='ltr'><strong>nobis</strong></span> <span class='ocrx_word' id='word_1_155' title='bbox 1614 2271 1731 2338; x_wconf 91' lang='lat' dir='ltr'><strong>ejus</strong></span> <span class='ocrx_word' id='word_1_156' title='bbox 1778 2271 1853 2322; x_wconf 92' lang='lat' dir='ltr'><strong>rci</strong></span> <span class='ocrx_word' id='word_1_157' title='bbox 1891 2271 2113 2323; x_wconf 90' lang='lat' dir='ltr'><strong>minimc</strong></span> <span class='ocrx_word' id='word_1_158' title='bbox 2169 2287 2304 2324; x_wconf 65' lang='lat' dir='ltr'><strong>con-</strong></span> 
     </span>
    </p>
   </div>
   <div class='ocr_carea' id='block_1_25' title="bbox 726 2361 2308 2431">
    <p class='ocr_par' dir='ltr' id='par_1_25' title="bbox 726 2361 2308 2431">
     <span class='ocr_line' id='line_1_25' title="bbox 726 2361 2308 2431; baseline -0.001 -14"><span class='ocrx_word' id='word_1_159' title='bbox 726 2365 853 2420; x_wconf 91' lang='lat' dir='ltr'><strong>sciis</strong></span> <span class='ocrx_word' id='word_1_160' title='bbox 883 2379 897 2427; x_wconf 89' lang='lat'><strong>;</strong></span> <span class='ocrx_word' id='word_1_161' title='bbox 932 2363 1027 2416; x_wconf 89' lang='lat' dir='ltr'><strong>sed</strong></span> <span class='ocrx_word' id='word_1_162' title='bbox 1069 2362 1122 2415; x_wconf 91' lang='lat' dir='ltr'><strong>in</strong></span> <span class='ocrx_word' id='word_1_163' title='bbox 1152 2363 1270 2431; x_wconf 92' lang='lat' dir='ltr'><strong>ipso</strong></span> <span class='ocrx_word' id='word_1_164' title='bbox 1330 2361 1477 2415; x_wconf 82' lang='lat' dir='ltr'><strong>fonte</strong></span> <span class='ocrx_word' id='word_1_165' title='bbox 1513 2361 1803 2416; x_wconf 82' lang='lat' dir='ltr'><strong>sacerdotii</strong></span> <span class='ocrx_word' id='word_1_166' title='bbox 1857 2363 2048 2426; x_wconf 83' lang='lat' dir='ltr'><strong>nostri,</strong></span> <span class='ocrx_word' id='word_1_167' title='bbox 2093 2363 2195 2416; x_wconf 89' lang='lat' dir='ltr'><strong>hoc</strong></span> <span class='ocrx_word' id='word_1_168' title='bbox 2223 2373 2308 2417; x_wconf 91' lang='lat' dir='ltr'><strong>est</strong></span> 
     </span>
    </p>
   </div>
   <div class='ocr_carea' id='block_1_26' title="bbox 726 2455 2306 2528">
    <p class='ocr_par' dir='ltr' id='par_1_26' title="bbox 726 2455 2306 2528">
     <span class='ocr_line' id='line_1_26' title="bbox 726 2455 2306 2528; baseline 0.001 -17"><span class='ocrx_word' id='word_1_169' title='bbox 726 2473 850 2511; x_wconf 81' lang='lat' dir='ltr'><strong>cum</strong></span> <span class='ocrx_word' id='word_1_170' title='bbox 880 2456 1090 2511; x_wconf 90' lang='lat' dir='ltr'><strong>sincera</strong></span> <span class='ocrx_word' id='word_1_171' title='bbox 1122 2455 1536 2510; x_wconf 82' lang='lat' dir='ltr'><strong>conversatione</strong></span> <span class='ocrx_word' id='word_1_172' title='bbox 1565 2465 1679 2521; x_wconf 88' lang='lat' dir='ltr'><strong>tua,</strong></span> <span class='ocrx_word' id='word_1_173' title='bbox 1712 2456 1927 2511; x_wconf 85' lang='lat' dir='ltr'><strong>assidue</strong></span> <span class='ocrx_word' id='word_1_174' title='bbox 1984 2472 2216 2528; x_wconf 77' lang='lat' dir='ltr'><strong>pergens</strong></span> <span class='ocrx_word' id='word_1_175' title='bbox 2239 2458 2306 2513; x_wconf 88' lang='lat' dir='ltr'><strong>ad</strong></span> 
     </span>
    </p>
   </div>
   <div class='ocr_carea' id='block_1_27' title="bbox 728 2547 1174 2603">
    <p class='ocr_par' dir='ltr' id='par_1_27' title="bbox 728 2547 1174 2603">
     <span class='ocr_line' id='line_1_27' title="bbox 728 2547 1174 2603; baseline -0.007 -1"><span class='ocrx_word' id='word_1_176' title='bbox 728 2547 1174 2603; x_wconf 82' lang='lat' dir='ltr'><strong>sacriﬁcandum.</strong></span> 
     </span>
    </p>
   </div>
   <div class='ocr_carea' id='block_1_28' title="bbox 799 2809 2310 2883">
    <p class='ocr_par' dir='ltr' id='par_1_28' title="bbox 799 2809 2310 2883">
     <span class='ocr_line' id='line_1_28' title="bbox 799 2809 2310 2883; baseline 0.002 -19"><span class='ocrx_word' id='word_1_177' title='bbox 799 2809 968 2878; x_wconf 78' lang='lat' dir='ltr'><strong>Igitur</strong></span> <span class='ocrx_word' id='word_1_178' title='bbox 986 2810 1194 2880; x_wconf 86' lang='lat' dir='ltr'><strong>justum</strong></span> <span class='ocrx_word' id='word_1_179' title='bbox 1226 2819 1282 2864; x_wconf 91' lang='lat' dir='ltr'><strong>et</strong></span> <span class='ocrx_word' id='word_1_180' title='bbox 1312 2820 1560 2866; x_wconf 88' lang='lat' dir='ltr'><strong>sanctum</strong></span> <span class='ocrx_word' id='word_1_181' title='bbox 1602 2826 1664 2864; x_wconf 89' lang='lat' dir='ltr'><strong>ac</strong></span> <span class='ocrx_word' id='word_1_182' title='bbox 1693 2811 1809 2866; x_wconf 92' lang='lat' dir='ltr'><strong>sine</strong></span> <span class='ocrx_word' id='word_1_183' title='bbox 1839 2811 2090 2866; x_wconf 85' lang='lat' dir='ltr'><strong>seandalo</strong></span> <span class='ocrx_word' id='word_1_184' title='bbox 2111 2813 2310 2883; x_wconf 88' lang='lat' dir='ltr'><strong>populo</strong></span> 
     </span>
    </p>
   </div>
   <div class='ocr_carea' id='block_1_29' title="bbox 727 2901 2311 2974">
    <p class='ocr_par' dir='ltr' id='par_1_29' title="bbox 727 2901 2311 2974">
     <span class='ocr_line' id='line_1_29' title="bbox 727 2901 2311 2974; baseline -0.001 -16"><span class='ocrx_word' id='word_1_185' title='bbox 727 2902 824 2958; x_wconf 86' lang='lat' dir='ltr'><strong>Dei</strong></span> <span class='ocrx_word' id='word_1_186' title='bbox 853 2903 1049 2967; x_wconf 82' lang='lat' dir='ltr'><strong>fuerat,</strong></span> <span class='ocrx_word' id='word_1_187' title='bbox 1079 2903 1454 2974; x_wconf 88' lang='lat' dir='ltr'><strong>imprimisque</strong></span> <span class='ocrx_word' id='word_1_188' title='bbox 1508 2901 1684 2958; x_wconf 90' lang='lat' dir='ltr'><strong>ordini</strong></span> <span class='ocrx_word' id='word_1_189' title='bbox 1713 2914 1920 2968; x_wconf 86' lang='lat' dir='ltr'><strong>nostro,</strong></span> <span class='ocrx_word' id='word_1_190' title='bbox 1956 2902 2081 2974; x_wconf 89' lang='lat' dir='ltr'><strong>ejici</strong></span> <span class='ocrx_word' id='word_1_191' title='bbox 2112 2911 2167 2958; x_wconf 87' lang='lat' dir='ltr'><strong>et</strong></span> <span class='ocrx_word' id='word_1_192' title='bbox 2201 2903 2311 2974; x_wconf 87' lang='lat' dir='ltr'><strong>pri-</strong></span> 
     </span>
    </p>
   </div>
   <div class='ocr_carea' id='block_1_30' title="bbox 729 2994 2312 3066">
    <p class='ocr_par' dir='ltr' id='par_1_30' title="bbox 729 2994 2312 3066">
     <span class='ocr_line' id='line_1_30' title="bbox 729 2994 2312 3066; baseline 0.001 -19"><span class='ocrx_word' id='word_1_193' title='bbox 729 2995 843 3049; x_wconf 86' lang='lat' dir='ltr'><strong>vari</strong></span> <span class='ocrx_word' id='word_1_194' title='bbox 877 2995 1200 3060; x_wconf 87' lang='lat' dir='ltr'><strong>sacerdotio,</strong></span> <span class='ocrx_word' id='word_1_195' title='bbox 1224 2995 1314 3065; x_wconf 91' lang='lat' dir='ltr'><strong>qui</strong></span> <span class='ocrx_word' id='word_1_196' title='bbox 1351 2995 1569 3066; x_wconf 76' lang='lat' dir='ltr'><strong>indigne</strong></span> <span class='ocrx_word' id='word_1_197' title='bbox 1606 2995 1856 3064; x_wconf 89' lang='lat' dir='ltr'><strong>prosiliit,</strong></span> <span class='ocrx_word' id='word_1_198' title='bbox 1874 2995 2033 3050; x_wconf 90' lang='lat' dir='ltr'><strong>nobis</strong></span> <span class='ocrx_word' id='word_1_199' title='bbox 2107 2994 2312 3048; x_wconf 82' lang='lat' dir='ltr'><strong>sancti-</strong></span> 
     </span>
    </p>
   </div>
   <div class='ocr_carea' id='block_1_31' title="bbox 729 3085 2314 3156">
    <p class='ocr_par' dir='ltr' id='par_1_31' title="bbox 729 3085 2314 3156">
     <span class='ocr_line' id='line_1_31' title="bbox 729 3085 2314 3156; baseline -0.001 -16"><span class='ocrx_word' id='word_1_200' title='bbox 729 3085 858 3141; x_wconf 87' lang='lat' dir='ltr'><strong>tatis</strong></span> <span class='ocrx_word' id='word_1_201' title='bbox 879 3095 982 3140; x_wconf 73' lang='lat' dir='ltr'><strong>tua:</strong></span> <span class='ocrx_word' id='word_1_202' title='bbox 1009 3086 1326 3142; x_wconf 89' lang='lat' dir='ltr'><strong>memoriam</strong></span> <span class='ocrx_word' id='word_1_203' title='bbox 1353 3087 1716 3149; x_wconf 86' lang='lat' dir='ltr'><strong>servantibus,</strong></span> <span class='ocrx_word' id='word_1_204' title='bbox 1741 3096 1795 3141; x_wconf 92' lang='lat' dir='ltr'><strong>et</strong></span> <span class='ocrx_word' id='word_1_205' title='bbox 1814 3087 1881 3141; x_wconf 90' lang='lat' dir='ltr'><strong>ab</strong></span> <span class='ocrx_word' id='word_1_206' title='bbox 1893 3087 2040 3141; x_wconf 91' lang='lat' dir='ltr'><strong>omni</strong></span> <span class='ocrx_word' id='word_1_207' title='bbox 2060 3087 2314 3156; x_wconf 91' lang='lat' dir='ltr'><strong>episcopo</strong></span> 
     </span>
    </p>
   </div>
   <div class='ocr_carea' id='block_1_32' title="bbox 730 3179 2378 3272">
    <p class='ocr_par' dir='ltr' id='par_1_32' title="bbox 730 3179 2378 3272">
     <span class='ocr_line' id='line_1_32' title="bbox 730 3179 2378 3272; baseline -0.001 -41"><span class='ocrx_word' id='word_1_208' title='bbox 730 3186 787 3231; x_wconf 87' lang='lat' dir='ltr'><strong>ct</strong></span> <span class='ocrx_word' id='word_1_209' title='bbox 819 3179 1119 3244; x_wconf 85' lang='lat' dir='ltr'><strong>sacerdote,</strong></span> <span class='ocrx_word' id='word_1_210' title='bbox 1167 3180 1258 3249; x_wconf 91' lang='lat' dir='ltr'><strong>qui</strong></span> <span class='ocrx_word' id='word_1_211' title='bbox 1287 3179 1577 3234; x_wconf 82' lang='lat' dir='ltr'><strong>manifesto</strong></span> <span class='ocrx_word' id='word_1_212' title='bbox 1621 3180 1884 3249; x_wconf 82' lang='lat' dir='ltr'><strong>reprobus</strong></span> <span class='ocrx_word' id='word_1_213' title='bbox 1913 3195 2022 3232; x_wconf 92' lang='lat' dir='ltr'><strong>non</strong></span> <span class='ocrx_word' id='word_1_214' title='bbox 2053 3180 2140 3241; x_wconf 88' lang='lat' dir='ltr'><strong>sit,</strong></span> <span class='ocrx_word' id='word_1_215' title='bbox 2170 3194 2312 3231; x_wconf 89' lang='lat' dir='ltr'><strong>com—</strong></span> <span class='ocrx_word' id='word_1_216' title='bbox 2337 3213 2378 3272; x_wconf 61' lang='grc' dir='ltr'><strong>ϐ</strong></span> 
     </span>
    </p>
   </div>
   <div class='ocr_carea' id='block_1_33' title="bbox 731 3269 2309 3340">
    <p class='ocr_par' dir='ltr' id='par_1_33' title="bbox 731 3269 2309 3340">
     <span class='ocr_line' id='line_1_33' title="bbox 731 3269 2309 3340; baseline 0 -18"><span class='ocrx_word' id='word_1_217' title='bbox 731 3269 1158 3333; x_wconf 86' lang='lat' dir='ltr'><strong>municantihus,</strong></span> <span class='ocrx_word' id='word_1_218' title='bbox 1185 3271 1339 3339; x_wconf 81' lang='lat' dir='ltr'><strong>juxta</strong></span> <span class='ocrx_word' id='word_1_219' title='bbox 1389 3269 1749 3340; x_wconf 87' lang='lat' dir='ltr'><strong>Theologum.</strong></span> <span class='ocrx_word' id='word_1_220' title='bbox 1818 3271 1972 3335; x_wconf 80' lang='lat' dir='ltr'><strong>Quod</strong></span> <span class='ocrx_word' id='word_1_221' title='bbox 2010 3270 2051 3324; x_wconf 88' lang='lat' dir='ltr'><strong>si</strong></span> <span class='ocrx_word' id='word_1_222' title='bbox 2091 3280 2309 3339; x_wconf 89' lang='lat' dir='ltr'><strong>propter</strong></span> 
     </span>
    </p>
   </div>
   <div class='ocr_carea' id='block_1_34' title="bbox 731 3360 2308 3430">
    <p class='ocr_par' dir='ltr' id='par_1_34' title="bbox 731 3360 2308 3430">
     <span class='ocr_line' id='line_1_34' title="bbox 731 3360 2308 3430; baseline 0 -15"><span class='ocrx_word' id='word_1_223' title='bbox 731 3370 950 3430; x_wconf 87' lang='lat' dir='ltr'><strong>peccata</strong></span> <span class='ocrx_word' id='word_1_224' title='bbox 984 3369 1169 3416; x_wconf 89' lang='lat' dir='ltr'><strong>nostra</strong></span> <span class='ocrx_word' id='word_1_225' title='bbox 1221 3361 1273 3415; x_wconf 91' lang='lat' dir='ltr'><strong>id</strong></span> <span class='ocrx_word' id='word_1_226' title='bbox 1326 3360 1527 3415; x_wconf 79' lang='lat' dir='ltr'><strong>factum</strong></span> <span class='ocrx_word' id='word_1_227' title='bbox 1570 3377 1678 3414; x_wconf 92' lang='lat' dir='ltr'><strong>non</strong></span> <span class='ocrx_word' id='word_1_228' title='bbox 1707 3371 1789 3415; x_wconf 90' lang='lat' dir='ltr'><strong>est</strong></span> <span class='ocrx_word' id='word_1_229' title='bbox 1817 3379 1830 3413; x_wconf 92' lang='lat'><strong>:</strong></span> <span class='ocrx_word' id='word_1_230' title='bbox 1861 3362 2064 3414; x_wconf 90' lang='lat' dir='ltr'><strong>utinam</strong></span> <span class='ocrx_word' id='word_1_231' title='bbox 2115 3361 2250 3414; x_wconf 90' lang='lat' dir='ltr'><strong>nihil</strong></span> <span class='ocrx_word' id='word_1_232' title='bbox 2279 3377 2308 3415; x_wconf 92' lang='lat' dir='ltr'><strong>a</strong></span> 
     </span>
    </p>
   </div>
   <div class='ocr_carea' id='block_1_35' title="bbox 733 3452 2310 3516">
    <p class='ocr_par' dir='ltr' id='par_1_35' title="bbox 733 3452 2310 3516">
     <span class='ocr_line' id='line_1_35' title="bbox 733 3452 2310 3516; baseline 0.001 -11"><span class='ocrx_word' id='word_1_233' title='bbox 733 3453 1019 3506; x_wconf 90' lang='lat' dir='ltr'><strong>sanctitate</strong></span> <span class='ocrx_word' id='word_1_234' title='bbox 1065 3462 1153 3506; x_wconf 90' lang='lat' dir='ltr'><strong>tua</strong></span> <span class='ocrx_word' id='word_1_235' title='bbox 1186 3452 1315 3515; x_wconf 83' lang='lat' dir='ltr'><strong>(non</strong></span> <span class='ocrx_word' id='word_1_236' title='bbox 1355 3469 1420 3507; x_wconf 78' lang='lat' dir='ltr'><strong>ex</strong></span> <span class='ocrx_word' id='word_1_237' title='bbox 1479 3463 1648 3516; x_wconf 91' lang='lat' dir='ltr'><strong>metu,</strong></span> <span class='ocrx_word' id='word_1_238' title='bbox 1689 3452 1780 3506; x_wconf 90' lang='lat' dir='ltr'><strong>sed</strong></span> <span class='ocrx_word' id='word_1_239' title='bbox 1831 3467 1895 3505; x_wconf 78' lang='lat' dir='ltr'><strong>ex</strong></span> <span class='ocrx_word' id='word_1_240' title='bbox 1954 3453 2028 3506; x_wconf 88' lang='lat' dir='ltr'><strong>rei</strong></span> <span class='ocrx_word' id='word_1_241' title='bbox 2085 3453 2310 3510; x_wconf 65' lang='lat' dir='ltr'><strong>publica:</strong></span> 
     </span>
    </p>
   </div>
   <div class='ocr_carea' id='block_1_36' title="bbox 731 3545 2312 3614">
    <p class='ocr_par' dir='ltr' id='par_1_36' title="bbox 731 3545 2312 3614">
     <span class='ocr_line' id='line_1_36' title="bbox 731 3545 2312 3614; baseline 0 -16"><span class='ocrx_word' id='word_1_242' title='bbox 731 3545 1204 3599; x_wconf 86' lang='lat' dir='ltr'><strong>commiseratione</strong></span> <span class='ocrx_word' id='word_1_243' title='bbox 1236 3545 1376 3599; x_wconf 89' lang='lat' dir='ltr'><strong>istud</strong></span> <span class='ocrx_word' id='word_1_244' title='bbox 1410 3561 1509 3600; x_wconf 89' lang='lat' dir='ltr'><strong>nos</strong></span> <span class='ocrx_word' id='word_1_245' title='bbox 1563 3555 2042 3614; x_wconf 89' lang='lat' dir='ltr'><strong>quantumcunque</strong></span> <span class='ocrx_word' id='word_1_246' title='bbox 2081 3545 2312 3598; x_wconf 89' lang='lat' dir='ltr'><strong>humiles</strong></span> 
     </span>
    </p>
   </div>
   <div class='ocr_carea' id='block_1_37' title="bbox 732 3636 2310 3706">
    <p class='ocr_par' dir='ltr' id='par_1_37' title="bbox 732 3636 2310 3706">
     <span class='ocr_line' id='line_1_37' title="bbox 732 3636 2310 3706; baseline 0 -16"><span class='ocrx_word' id='word_1_247' title='bbox 732 3636 983 3705; x_wconf 82' lang='lat' dir='ltr'><strong>dicimus)</strong></span> <span class='ocrx_word' id='word_1_248' title='bbox 1018 3646 1213 3706; x_wconf 67' lang='lat' dir='ltr'><strong>praster</strong></span> <span class='ocrx_word' id='word_1_249' title='bbox 1242 3637 1322 3690; x_wconf 83' lang='lat' dir='ltr'><strong>fas</strong></span> <span class='ocrx_word' id='word_1_250' title='bbox 1344 3648 1398 3691; x_wconf 87' lang='lat' dir='ltr'><strong>et</strong></span> <span class='ocrx_word' id='word_1_251' title='bbox 1419 3648 1604 3691; x_wconf 88' lang='lat' dir='ltr'><strong>contra</strong></span> <span class='ocrx_word' id='word_1_252' title='bbox 1634 3638 1895 3691; x_wconf 91' lang='lat' dir='ltr'><strong>rationem</strong></span> <span class='ocrx_word' id='word_1_253' title='bbox 1931 3638 2051 3691; x_wconf 84' lang='lat' dir='ltr'><strong>ﬁat!</strong></span> <span class='ocrx_word' id='word_1_254' title='bbox 2083 3638 2310 3691; x_wconf 72' lang='lat' dir='ltr'><strong>Verum-</strong></span> 
     </span>
    </p>
   </div>
   <div class='ocr_carea' id='block_1_38' title="bbox 731 3725 2309 3796">
    <p class='ocr_par' dir='ltr' id='par_1_38' title="bbox 731 3725 2309 3796">
     <span class='ocr_line' id='line_1_38' title="bbox 731 3725 2309 3796; baseline 0.001 -16"><span class='ocrx_word' id='word_1_255' title='bbox 731 3725 1009 3780; x_wconf 89' lang='lat' dir='ltr'><strong>enimvero</strong></span> <span class='ocrx_word' id='word_1_256' title='bbox 1061 3742 1160 3780; x_wconf 90' lang='lat' dir='ltr'><strong>nos</strong></span> <span class='ocrx_word' id='word_1_257' title='bbox 1209 3727 1548 3796; x_wconf 79' lang='lat' dir='ltr'><strong>perferemus</strong></span> <span class='ocrx_word' id='word_1_258' title='bbox 1576 3728 1791 3796; x_wconf 86' lang='lat' dir='ltr'><strong>quidem</strong></span> <span class='ocrx_word' id='word_1_259' title='bbox 1846 3728 1934 3781; x_wconf 85' lang='lat' dir='ltr'><strong>Dei</strong></span> <span class='ocrx_word' id='word_1_260' title='bbox 1970 3728 2309 3782; x_wconf 81' lang='lat' dir='ltr'><strong>virtutezat-</strong></span> 
     </span>
    </p>
   </div>
   <div class='ocr_carea' id='block_1_39' title="bbox 731 3816 2308 3889">
    <p class='ocr_par' dir='ltr' id='par_1_39' title="bbox 731 3816 2308 3889">
     <span class='ocr_line' id='line_1_39' title="bbox 731 3816 2308 3889; baseline 0.002 -20"><span class='ocrx_word' id='word_1_261' title='bbox 731 3832 836 3885; x_wconf 92' lang='lat' dir='ltr'><strong>que</strong></span> <span class='ocrx_word' id='word_1_262' title='bbox 869 3816 1074 3870; x_wconf 89' lang='lat' dir='ltr'><strong>utinam</strong></span> <span class='ocrx_word' id='word_1_263' title='bbox 1103 3817 1153 3871; x_wconf 96' lang='lat' dir='ltr'><strong>id</strong></span> <span class='ocrx_word' id='word_1_264' title='bbox 1169 3817 1325 3872; x_wconf 86' lang='lat' dir='ltr'><strong>nobis</strong></span> <span class='ocrx_word' id='word_1_265' title='bbox 1354 3820 1629 3889; x_wconf 88' lang='lat' dir='ltr'><strong>contingat</strong></span> <span class='ocrx_word' id='word_1_266' title='bbox 1655 3819 1772 3886; x_wconf 90' lang='lat' dir='ltr'><strong>ejus</strong></span> <span class='ocrx_word' id='word_1_267' title='bbox 1795 3822 2080 3872; x_wconf 90' lang='lat' dir='ltr'><strong>concessu!</strong></span> <span class='ocrx_word' id='word_1_268' title='bbox 2110 3817 2308 3872; x_wconf 72' lang='lat' dir='ltr'><strong>Verum</strong></span> 
     </span>
    </p>
   </div>
   <div class='ocr_carea' id='block_1_40' title="bbox 731 3911 2309 3976">
    <p class='ocr_par' dir='ltr' id='par_1_40' title="bbox 731 3911 2309 3976">
     <span class='ocr_line' id='line_1_40' title="bbox 731 3911 2309 3976; baseline 0.001 -14"><span class='ocrx_word' id='word_1_269' title='bbox 731 3916 992 3962; x_wconf 83' lang='lat' dir='ltr'><strong>testamur</strong></span> <span class='ocrx_word' id='word_1_270' title='bbox 1011 3911 1282 3964; x_wconf 87' lang='lat' dir='ltr'><strong>sanctitati</strong></span> <span class='ocrx_word' id='word_1_271' title='bbox 1305 3921 1408 3966; x_wconf 75' lang='lat' dir='ltr'><strong>tute</strong></span> <span class='ocrx_word' id='word_1_272' title='bbox 1429 3927 1609 3965; x_wconf 90' lang='lat' dir='ltr'><strong>coram</strong></span> <span class='ocrx_word' id='word_1_273' title='bbox 1640 3911 1881 3976; x_wconf 89' lang='lat' dir='ltr'><strong>Christo,</strong></span> <span class='ocrx_word' id='word_1_274' title='bbox 1913 3922 1966 3965; x_wconf 90' lang='lat' dir='ltr'><strong>et</strong></span> <span class='ocrx_word' id='word_1_275' title='bbox 1989 3912 2189 3965; x_wconf 87' lang='lat' dir='ltr'><strong>sanctis</strong></span> <span class='ocrx_word' id='word_1_276' title='bbox 2211 3927 2309 3965; x_wconf 86' lang='lat' dir='ltr'><strong>an-</strong></span> 
     </span>
    </p>
   </div>
   <div class='ocr_carea' id='block_1_41' title="bbox 731 3999 2309 4073">
    <p class='ocr_par' dir='ltr' id='par_1_41' title="bbox 731 3999 2309 4073">
     <span class='ocr_line' id='line_1_41' title="bbox 731 3999 2309 4073; baseline 0.001 -19"><span class='ocrx_word' id='word_1_277' title='bbox 731 3999 864 4068; x_wconf 81' lang='lat' dir='ltr'><strong>gelis</strong></span> <span class='ocrx_word' id='word_1_278' title='bbox 889 4001 1256 4066; x_wconf 87' lang='lat' dir='ltr'><strong>audientibus,</strong></span> <span class='ocrx_word' id='word_1_279' title='bbox 1299 4019 1551 4073; x_wconf 90' lang='lat' dir='ltr'><strong>magnum</strong></span> <span class='ocrx_word' id='word_1_280' title='bbox 1590 4013 1694 4057; x_wconf 92' lang='lat' dir='ltr'><strong>ate</strong></span> <span class='ocrx_word' id='word_1_281' title='bbox 1725 4004 1960 4057; x_wconf 89' lang='lat' dir='ltr'><strong>schisma</strong></span> <span class='ocrx_word' id='word_1_282' title='bbox 2013 4003 2233 4058; x_wconf 84' lang='lat' dir='ltr'><strong>conﬂari</strong></span> <span class='ocrx_word' id='word_1_283' title='bbox 2258 4004 2309 4056; x_wconf 91' lang='lat' dir='ltr'><strong>in</strong></span> 
     </span>
    </p>
   </div>
   <div class='ocr_carea' id='block_1_42' title="bbox 734 4089 2310 4162">
    <p class='ocr_par' dir='ltr' id='par_1_42' title="bbox 734 4089 2310 4162">
     <span class='ocr_line' id='line_1_42' title="bbox 734 4089 2310 4162; baseline 0.003 -20"><span class='ocrx_word' id='word_1_284' title='bbox 734 4089 972 4145; x_wconf 82' lang='lat' dir='ltr'><strong>Ecclesia</strong></span> <span class='ocrx_word' id='word_1_285' title='bbox 1025 4103 1230 4146; x_wconf 88' lang='lat' dir='ltr'><strong>nostra.</strong></span> <span class='ocrx_word' id='word_1_286' title='bbox 1283 4091 1437 4157; x_wconf 87' lang='lat' dir='ltr'><strong>Quod</strong></span> <span class='ocrx_word' id='word_1_287' title='bbox 1483 4095 1525 4146; x_wconf 91' lang='lat' dir='ltr'><strong>si</strong></span> <span class='ocrx_word' id='word_1_288' title='bbox 1571 4094 1825 4162; x_wconf 88' lang='lat' dir='ltr'><strong>potestati</strong></span> <span class='ocrx_word' id='word_1_289' title='bbox 1878 4095 2201 4162; x_wconf 88' lang='lat' dir='ltr'><strong>subjicimur</strong></span> <span class='ocrx_word' id='word_1_290' title='bbox 2253 4103 2310 4146; x_wconf 89' lang='lat' dir='ltr'><strong>ut</strong></span> 
     </span>
    </p>
   </div>
   <div class='ocr_carea' id='block_1_43' title="bbox 733 4183 2309 4255">
    <p class='ocr_par' dir='ltr' id='par_1_43' title="bbox 733 4183 2309 4255">
     <span class='ocr_line' id='line_1_43' title="bbox 733 4183 2309 4255; baseline 0.001 -19"><span class='ocrx_word' id='word_1_291' title='bbox 733 4183 980 4238; x_wconf 90' lang='lat' dir='ltr'><strong>homines</strong></span> <span class='ocrx_word' id='word_1_292' title='bbox 1009 4201 1022 4237; x_wconf 73' lang='grc' dir='ltr'><strong>ε</strong></span> <span class='ocrx_word' id='word_1_293' title='bbox 1050 4184 1198 4255; x_wconf 90' lang='lat' dir='ltr'><strong>atqui</strong></span> <span class='ocrx_word' id='word_1_294' title='bbox 1241 4185 1343 4238; x_wconf 90' lang='lat' dir='ltr'><strong>sub</strong></span> <span class='ocrx_word' id='word_1_295' title='bbox 1374 4201 1651 4239; x_wconf 89' lang='lat' dir='ltr'><strong>sacrorum</strong></span> <span class='ocrx_word' id='word_1_296' title='bbox 1704 4194 1759 4239; x_wconf 91' lang='lat' dir='ltr'><strong>et</strong></span> <span class='ocrx_word' id='word_1_297' title='bbox 1787 4185 2098 4239; x_wconf 90' lang='lat' dir='ltr'><strong>divinorum</strong></span> <span class='ocrx_word' id='word_1_298' title='bbox 2145 4201 2309 4239; x_wconf 85' lang='lat' dir='ltr'><strong>cano-</strong></span> 
     </span>
    </p>
   </div>
   <div class='ocr_carea' id='block_1_44' title="bbox 733 4273 2309 4345">
    <p class='ocr_par' dir='ltr' id='par_1_44' title="bbox 733 4273 2309 4345">
     <span class='ocr_line' id='line_1_44' title="bbox 733 4273 2309 4345; baseline 0.003 -21"><span class='ocrx_word' id='word_1_299' title='bbox 733 4286 864 4325; x_wconf 91' lang='lat' dir='ltr'><strong>num</strong></span> <span class='ocrx_word' id='word_1_300' title='bbox 893 4280 1176 4341; x_wconf 85' lang='lat' dir='ltr'><strong>potestate,</strong></span> <span class='ocrx_word' id='word_1_301' title='bbox 1222 4273 1471 4337; x_wconf 76' lang='lat' dir='ltr'><strong>velimus,</strong></span> <span class='ocrx_word' id='word_1_302' title='bbox 1513 4275 1748 4328; x_wconf 89' lang='lat' dir='ltr'><strong>nolimus</strong></span> <span class='ocrx_word' id='word_1_303' title='bbox 1769 4283 1824 4328; x_wconf 90' lang='lat' dir='ltr'><strong>et</strong></span> <span class='ocrx_word' id='word_1_304' title='bbox 1851 4273 2107 4345; x_wconf 90' lang='lat' dir='ltr'><strong>regimur,</strong></span> <span class='ocrx_word' id='word_1_305' title='bbox 2133 4284 2186 4329; x_wconf 89' lang='lat' dir='ltr'><strong>et</strong></span> <span class='ocrx_word' id='word_1_306' title='bbox 2211 4275 2309 4330; x_wconf 86' lang='lat' dir='ltr'><strong>0b-</strong></span> 
     </span>
    </p>
   </div>
   <div class='ocr_carea' id='block_1_45' title="bbox 733 4365 2312 4433">
    <p class='ocr_par' dir='ltr' id='par_1_45' title="bbox 733 4365 2312 4433">
     <span class='ocr_line' id='line_1_45' title="bbox 733 4365 2312 4433; baseline 0.003 -18"><span class='ocrx_word' id='word_1_307' title='bbox 733 4377 1041 4432; x_wconf 82' lang='lat' dir='ltr'><strong>sequemur.</strong></span> <span class='ocrx_word' id='word_1_308' title='bbox 1067 4365 1333 4419; x_wconf 67' lang='lat' dir='ltr'><strong>Caeterum</strong></span> <span class='ocrx_word' id='word_1_309' title='bbox 1353 4381 1570 4421; x_wconf 85' lang='lat' dir='ltr'><strong>oramus</strong></span> <span class='ocrx_word' id='word_1_310' title='bbox 1589 4368 1930 4421; x_wconf 88' lang='lat' dir='ltr'><strong>sanctitatem</strong></span> <span class='ocrx_word' id='word_1_311' title='bbox 1960 4376 2126 4433; x_wconf 86' lang='lat' dir='ltr'><strong>tuam,</strong></span> <span class='ocrx_word' id='word_1_312' title='bbox 2157 4365 2312 4422; x_wconf 83' lang='lat' dir='ltr'><strong>ﬂecte</strong></span> 
     </span>
    </p>
   </div>
   <div class='ocr_carea' id='block_1_46' title="bbox 734 4457 2311 4527">
    <p class='ocr_par' dir='ltr' id='par_1_46' title="bbox 734 4457 2311 4527">
     <span class='ocr_line' id='line_1_46' title="bbox 734 4457 2311 4527; baseline 0.002 -20"><span class='ocrx_word' id='word_1_313' title='bbox 734 4469 923 4508; x_wconf 89' lang='lat' dir='ltr'><strong>aurem</strong></span> <span class='ocrx_word' id='word_1_314' title='bbox 983 4465 1149 4520; x_wconf 86' lang='lat' dir='ltr'><strong>tuam,</strong></span> <span class='ocrx_word' id='word_1_315' title='bbox 1189 4467 1245 4510; x_wconf 89' lang='lat' dir='ltr'><strong>et</strong></span> <span class='ocrx_word' id='word_1_316' title='bbox 1292 4458 1416 4511; x_wconf 92' lang='lat' dir='ltr'><strong>audi</strong></span> <span class='ocrx_word' id='word_1_317' title='bbox 1462 4473 1652 4514; x_wconf 88' lang='lat' dir='ltr'><strong>vocem</strong></span> <span class='ocrx_word' id='word_1_318' title='bbox 1700 4468 1938 4514; x_wconf 87' lang='lat' dir='ltr'><strong>nostram</strong></span> <span class='ocrx_word' id='word_1_319' title='bbox 1973 4476 1984 4511; x_wconf 90' lang='lat'><strong>:</strong></span> <span class='ocrx_word' id='word_1_320' title='bbox 2014 4467 2074 4511; x_wconf 91' lang='lat' dir='ltr'><strong>ut</strong></span> <span class='ocrx_word' id='word_1_321' title='bbox 2106 4457 2311 4527; x_wconf 89' lang='lat' dir='ltr'><strong>peritus</strong></span> 
     </span>
    </p>
   </div>
   <div class='ocr_carea' id='block_1_47' title="bbox 2407 610 3994 686">
    <p class='ocr_par' dir='ltr' id='par_1_47' title="bbox 2407 610 3994 686">
     <span class='ocr_line' id='line_1_47' title="bbox 2407 610 3994 686; baseline 0 -20"><span class='ocrx_word' id='word_1_322' title='bbox 2407 630 2566 684; x_wconf 85' lang='grc' dir='ltr'>μενον</span> <span class='ocrx_word' id='word_1_323' title='bbox 2585 613 2680 683; x_wconf 78' lang='grc' dir='ltr'>τὴν</span> <span class='ocrx_word' id='word_1_324' title='bbox 2703 612 3010 684; x_wconf 79' lang='grc' dir='ltr'>ἁγιωσύνην</span> <span class='ocrx_word' id='word_1_325' title='bbox 3039 610 3195 685; x_wconf 82' lang='lat' dir='ltr'><strong>[Reg.</strong></span> <span class='ocrx_word' id='word_1_326' title='bbox 3218 614 3318 683; x_wconf 81' lang='grc' dir='ltr'>τῆς</span> <span class='ocrx_word' id='word_1_327' title='bbox 3341 611 3677 686; x_wconf 72' lang='grc' dir='ltr'><strong>ἁγιωσύνης]</strong></span> <span class='ocrx_word' id='word_1_328' title='bbox 3705 630 3810 667; x_wconf 86' lang='grc' dir='ltr'><strong>σου</strong></span> <span class='ocrx_word' id='word_1_329' title='bbox 3841 613 3994 680; x_wconf 83' lang='grc' dir='ltr'>ἀγιώ-</span> 
     </span>
    </p>
   </div>
   <div class='ocr_carea' id='block_1_48' title="bbox 2401 703 3993 776">
    <p class='ocr_par' dir='ltr' id='par_1_48' title="bbox 2401 703 3993 776">
     <span class='ocr_line' id='line_1_48' title="bbox 2401 703 3993 776; baseline -0.001 -18"><span class='ocrx_word' id='word_1_330' title='bbox 2401 721 2562 758; x_wconf 84' lang='grc' dir='ltr'>τατον</span> <span class='ocrx_word' id='word_1_331' title='bbox 2584 705 2928 775; x_wconf 88' lang='grc' dir='ltr'>πατριάρχην</span> <span class='ocrx_word' id='word_1_332' title='bbox 2961 704 3039 776; x_wconf 78' lang='grc' dir='ltr'>τῷ</span> <span class='ocrx_word' id='word_1_333' title='bbox 3069 705 3212 774; x_wconf 86' lang='grc' dir='ltr'>λόγῳ</span> <span class='ocrx_word' id='word_1_334' title='bbox 3241 703 3417 774; x_wconf 85' lang='grc' dir='ltr'>τούτῳ</span> <span class='ocrx_word' id='word_1_335' title='bbox 3441 704 3756 774; x_wconf 72' lang='grc' dir='ltr'><strong>ἐδεξάμεθα</strong></span> <span class='ocrx_word' id='word_1_336' title='bbox 3790 709 3874 769; x_wconf 86' lang='grc' dir='ltr'><strong>εἰς</strong></span> <span class='ocrx_word' id='word_1_337' title='bbox 3907 706 3993 774; x_wconf 81' lang='grc' dir='ltr'><strong>τήν</strong></span> 
     </span>
    </p>
   </div>
   <div class='ocr_carea' id='block_1_49' title="bbox 2405 797 3994 869">
    <p class='ocr_par' dir='ltr' id='par_1_49' title="bbox 2405 797 3994 869">
     <span class='ocr_line' id='line_1_49' title="bbox 2405 797 3994 869; baseline -0.002 -19"><span class='ocrx_word' id='word_1_338' title='bbox 2405 797 2774 868; x_wconf 78' lang='grc' dir='ltr'><strong>προκειμένην</strong></span> <span class='ocrx_word' id='word_1_339' title='bbox 2822 797 3114 850; x_wconf 58' lang='grc' dir='ltr'>ὑπόθεσιν</span> <span class='ocrx_word' id='word_1_340' title='bbox 3153 797 3315 868; x_wconf 76' lang='grc' dir='ltr'>ἡνίκα</span> <span class='ocrx_word' id='word_1_341' title='bbox 3347 797 3731 869; x_wconf 77' lang='grc' dir='ltr'>ἐπανήλθομεν</span> <span class='ocrx_word' id='word_1_342' title='bbox 3767 798 3873 868; x_wconf 81' lang='grc' dir='ltr'>τῆς</span> <span class='ocrx_word' id='word_1_343' title='bbox 3917 798 3994 860; x_wconf 75' lang='grc' dir='ltr'><strong>ἐξ-</strong></span> 
     </span>
    </p>
   </div>
   <div class='ocr_carea' id='block_1_50' title="bbox 2404 891 3992 964">
    <p class='ocr_par' dir='ltr' id='par_1_50' title="bbox 2404 891 3992 964">
     <span class='ocr_line' id='line_1_50' title="bbox 2404 891 3992 964; baseline 0.004 -18"><span class='ocrx_word' id='word_1_344' title='bbox 2404 892 2592 962; x_wconf 82' lang='grc' dir='ltr'>ορίας’</span> <span class='ocrx_word' id='word_1_345' title='bbox 2634 891 3027 964; x_wconf 78' lang='grc' dir='ltr'>διαρῤαγείσης</span> <span class='ocrx_word' id='word_1_346' title='bbox 3079 893 3176 962; x_wconf 75' lang='grc' dir='ltr'>μὲν</span> <span class='ocrx_word' id='word_1_347' title='bbox 3220 893 3318 963; x_wconf 81' lang='grc' dir='ltr'>τῆς</span> <span class='ocrx_word' id='word_1_348' title='bbox 3372 893 3620 962; x_wconf 88' lang='grc' dir='ltr'>μοιχικῆς</span> <span class='ocrx_word' id='word_1_349' title='bbox 3665 891 3992 960; x_wconf 72' lang='grc' dir='ltr'><strong>συναφείας.</strong></span> 
     </span>
    </p>
   </div>
   <div class='ocr_carea' id='block_1_51' title="bbox 2405 981 3995 1052">
    <p class='ocr_par' dir='ltr' id='par_1_51' title="bbox 2405 981 3995 1052">
     <span class='ocr_line' id='line_1_51' title="bbox 2405 981 3995 1052; baseline -0.001 -18"><span class='ocrx_word' id='word_1_350' title='bbox 2405 981 2713 1052; x_wconf 82' lang='grc' dir='ltr'>εἰρχθέντος</span> <span class='ocrx_word' id='word_1_351' title='bbox 2743 982 2800 1034; x_wconf 88' lang='grc' dir='ltr'>δὲ</span> <span class='ocrx_word' id='word_1_352' title='bbox 2827 982 2921 1035; x_wconf 86' lang='grc' dir='ltr'><strong>τοῦ</strong></span> <span class='ocrx_word' id='word_1_353' title='bbox 2953 982 3237 1052; x_wconf 71' lang='grc' dir='ltr'>οἰκονόμου</span> <span class='ocrx_word' id='word_1_354' title='bbox 3266 982 3364 1052; x_wconf 84' lang='grc' dir='ltr'>τῆς</span> <span class='ocrx_word' id='word_1_355' title='bbox 3397 982 3738 1051; x_wconf 79' lang='grc' dir='ltr'>ἱερουργίας.</span> <span class='ocrx_word' id='word_1_356' title='bbox 3774 984 3904 1034; x_wconf 85' lang='grc' dir='ltr'>Ὀτι</span> <span class='ocrx_word' id='word_1_357' title='bbox 3931 984 3995 1052; x_wconf 75' lang='grc' dir='ltr'><strong>μή</strong></span> 
     </span>
    </p>
   </div>
   <div class='ocr_carea' id='block_1_52' title="bbox 2404 1073 3997 1146">
    <p class='ocr_par' dir='ltr' id='par_1_52' title="bbox 2404 1073 3997 1146">
     <span class='ocr_line' id='line_1_52' title="bbox 2404 1073 3997 1146; baseline 0.001 -20"><span class='ocrx_word' id='word_1_358' title='bbox 2404 1073 2548 1127; x_wconf 77' lang='grc' dir='ltr'>ἔστω</span> <span class='ocrx_word' id='word_1_359' title='bbox 2592 1076 2726 1145; x_wconf 83' lang='grc' dir='ltr'>ήμῖν</span> <span class='ocrx_word' id='word_1_360' title='bbox 2775 1075 2939 1146; x_wconf 85' lang='grc' dir='ltr'>μέρος</span> <span class='ocrx_word' id='word_1_361' title='bbox 2966 1091 2981 1104; x_wconf 87' lang='grc'><strong>·</strong></span> <span class='ocrx_word' id='word_1_362' title='bbox 3015 1075 3200 1128; x_wconf 68' lang='grc' dir='ltr'>ἕνεκεν</span> <span class='ocrx_word' id='word_1_363' title='bbox 3251 1074 3350 1127; x_wconf 87' lang='grc' dir='ltr'><strong>τοῦ</strong></span> <span class='ocrx_word' id='word_1_364' title='bbox 3400 1075 3712 1146; x_wconf 77' lang='grc' dir='ltr'><strong>ἀδιαφόρως</strong></span> <span class='ocrx_word' id='word_1_365' title='bbox 3757 1076 3869 1128; x_wconf 70' lang='grc' dir='ltr'><strong>ὑπὸ</strong></span> <span class='ocrx_word' id='word_1_366' title='bbox 3907 1074 3997 1143; x_wconf 73' lang='grc' dir='ltr'>τῆς</span> 
     </span>
    </p>
   </div>
   <div class='ocr_carea' id='block_1_53' title="bbox 2406 1166 3997 1238">
    <p class='ocr_par' dir='ltr' id='par_1_53' title="bbox 2406 1166 3997 1238">
     <span class='ocr_line' id='line_1_53' title="bbox 2406 1166 3997 1238; baseline -0.003 -18"><span class='ocrx_word' id='word_1_367' title='bbox 2406 1166 2692 1236; x_wconf 83' lang='grc' dir='ltr'>ἀγιότητός</span> <span class='ocrx_word' id='word_1_368' title='bbox 2719 1185 2813 1220; x_wconf 87' lang='grc' dir='ltr'><strong>σου</strong></span> <span class='ocrx_word' id='word_1_369' title='bbox 2842 1167 3281 1238; x_wconf 87' lang='grc' dir='ltr'>μεταλαμϐάνειν</span> <span class='ocrx_word' id='word_1_370' title='bbox 3303 1167 3395 1220; x_wconf 78' lang='grc' dir='ltr'>τὸν</span> <span class='ocrx_word' id='word_1_371' title='bbox 3430 1168 3805 1236; x_wconf 82' lang='grc' dir='ltr'>μοιχεύσαντα</span> <span class='ocrx_word' id='word_1_372' title='bbox 3825 1184 3837 1196; x_wconf 85' lang='lat'><strong>&#39;</strong></span> <span class='ocrx_word' id='word_1_373' title='bbox 3868 1168 3997 1235; x_wconf 80' lang='grc' dir='ltr'>μήτε</span> 
     </span>
    </p>
   </div>
   <div class='ocr_carea' id='block_1_54' title="bbox 2404 1258 3995 1330">
    <p class='ocr_par' dir='ltr' id='par_1_54' title="bbox 2404 1258 3995 1330">
     <span class='ocr_line' id='line_1_54' title="bbox 2404 1258 3995 1330; baseline -0.001 -18"><span class='ocrx_word' id='word_1_374' title='bbox 2404 1261 2463 1312; x_wconf 84' lang='lat' dir='ltr'><strong>tv</strong></span> <span class='ocrx_word' id='word_1_375' title='bbox 2491 1259 2570 1329; x_wconf 85' lang='grc' dir='ltr'>τῷ</span> <span class='ocrx_word' id='word_1_376' title='bbox 2604 1258 2697 1311; x_wconf 88' lang='grc' dir='ltr'><strong>νῦν</strong></span> <span class='ocrx_word' id='word_1_377' title='bbox 2729 1260 2908 1324; x_wconf 87' lang='grc' dir='ltr'>αἰῶνι,</span> <span class='ocrx_word' id='word_1_378' title='bbox 2943 1261 3079 1330; x_wconf 86' lang='grc' dir='ltr'>μήτε</span> <span class='ocrx_word' id='word_1_379' title='bbox 3122 1263 3178 1312; x_wconf 97' lang='lat' dir='ltr'><strong>tv</strong></span> <span class='ocrx_word' id='word_1_380' title='bbox 3211 1259 3288 1329; x_wconf 82' lang='grc' dir='ltr'><strong>τῷ</strong></span> <span class='ocrx_word' id='word_1_381' title='bbox 3329 1259 3595 1328; x_wconf 89' lang='grc' dir='ltr'>μέλλοντι.</span> <span class='ocrx_word' id='word_1_382' title='bbox 3632 1261 3786 1330; x_wconf 84' lang='grc' dir='ltr'>Ἧδη</span> <span class='ocrx_word' id='word_1_383' title='bbox 3821 1259 3995 1311; x_wconf 74' lang='grc' dir='ltr'>εἰπόν-</span> 
     </span>
    </p>
   </div>
   <div class='ocr_carea' id='block_1_55' title="bbox 2407 1349 3998 1421">
    <p class='ocr_par' dir='ltr' id='par_1_55' title="bbox 2407 1349 3998 1421">
     <span class='ocr_line' id='line_1_55' title="bbox 2407 1349 3998 1421; baseline -0.001 -19"><span class='ocrx_word' id='word_1_384' title='bbox 2407 1367 2493 1412; x_wconf 85' lang='grc' dir='ltr'><strong>τος</strong></span> <span class='ocrx_word' id='word_1_385' title='bbox 2539 1351 2726 1411; x_wconf 79' lang='grc' dir='ltr'>αὐτοῦ,</span> <span class='ocrx_word' id='word_1_386' title='bbox 2765 1351 2845 1404; x_wconf 85' lang='grc' dir='ltr'>ὅτι</span> <span class='ocrx_word' id='word_1_387' title='bbox 2899 1351 3182 1421; x_wconf 70' lang='grc' dir='ltr'>οἰκονομία</span> <span class='ocrx_word' id='word_1_388' title='bbox 3233 1350 3514 1420; x_wconf 71' lang='grc' dir='ltr'>ἐχρώμην,</span> <span class='ocrx_word' id='word_1_389' title='bbox 3565 1353 3658 1404; x_wconf 70' lang='grc' dir='ltr'><strong>καί⁵</strong></span> <span class='ocrx_word' id='word_1_390' title='bbox 3720 1349 3883 1418; x_wconf 63' lang='grc' dir='ltr'>αὐτῷ</span> <span class='ocrx_word' id='word_1_391' title='bbox 3927 1350 3998 1418; x_wconf 76' lang='grc' dir='ltr'>τῷ</span> 
     </span>
    </p>
   </div>
   <div class='ocr_carea' id='block_1_56' title="bbox 2409 1439 3994 1515">
    <p class='ocr_par' dir='ltr' id='par_1_56' title="bbox 2409 1439 3994 1515">
     <span class='ocr_line' id='line_1_56' title="bbox 2409 1439 3994 1515; baseline -0.001 -20"><span class='ocrx_word' id='word_1_392' title='bbox 2409 1443 2745 1512; x_wconf 77' lang='grc' dir='ltr'>μεταδιδόναι</span> <span class='ocrx_word' id='word_1_393' title='bbox 2775 1443 2878 1504; x_wconf 71' lang='grc' dir='ltr'>ἕως</span> <span class='ocrx_word' id='word_1_394' title='bbox 2907 1443 3098 1515; x_wconf 80' lang='grc' dir='ltr'>καιροῦ</span> <span class='ocrx_word' id='word_1_395' title='bbox 3118 1459 3130 1473; x_wconf 73' lang='grc'><strong><em>⁸</em></strong></span> <span class='ocrx_word' id='word_1_396' title='bbox 3163 1439 3282 1497; x_wconf 87' lang='grc' dir='ltr'>εἰτα</span> <span class='ocrx_word' id='word_1_397' title='bbox 3317 1443 3411 1496; x_wconf 75' lang='grc' dir='ltr'>καὶ</span> <span class='ocrx_word' id='word_1_398' title='bbox 3437 1443 3578 1498; x_wconf 77' lang='grc' dir='ltr'>οὕτω</span> <span class='ocrx_word' id='word_1_399' title='bbox 3620 1443 3994 1512; x_wconf 73' lang='grc' dir='ltr'>δηλώσαντος,</span> 
     </span>
    </p>
   </div>
   <div class='ocr_carea' id='block_1_57' title="bbox 2404 1535 3997 1605">
    <p class='ocr_par' dir='ltr' id='par_1_57' title="bbox 2404 1535 3997 1605">
     <span class='ocr_line' id='line_1_57' title="bbox 2404 1535 3997 1605; baseline -0.001 -19"><span class='ocrx_word' id='word_1_400' title='bbox 2404 1535 2486 1586; x_wconf 82' lang='grc' dir='ltr'>ὅτι</span> <span class='ocrx_word' id='word_1_401' title='bbox 2513 1535 2568 1586; x_wconf 85' lang='lat' dir='ltr'><strong>al</strong></span> <span class='ocrx_word' id='word_1_402' title='bbox 2599 1535 2787 1605; x_wconf 80' lang='grc' dir='ltr'>χεῖρές</span> <span class='ocrx_word' id='word_1_403' title='bbox 2816 1553 2917 1604; x_wconf 92' lang='grc' dir='ltr'><strong>μου</strong></span> <span class='ocrx_word' id='word_1_404' title='bbox 2945 1536 3282 1605; x_wconf 86' lang='grc' dir='ltr'>κεκομμέναι</span> <span class='ocrx_word' id='word_1_405' title='bbox 3310 1536 3374 1588; x_wconf 80' lang='grc' dir='ltr'>ἂν</span> <span class='ocrx_word' id='word_1_406' title='bbox 3401 1536 3640 1605; x_wconf 79' lang='grc' dir='ltr'>ὑπῆρχον</span> <span class='ocrx_word' id='word_1_407' title='bbox 3669 1538 3758 1598; x_wconf 83' lang='grc' dir='ltr'><strong>εἰς</strong></span> <span class='ocrx_word' id='word_1_408' title='bbox 3788 1535 3852 1586; x_wconf 83' lang='grc' dir='ltr'>τὸ</span> <span class='ocrx_word' id='word_1_409' title='bbox 3888 1550 3997 1602; x_wconf 85' lang='grc' dir='ltr'>μοι·</span> 
     </span>
    </p>
   </div>
   <div class='ocr_carea' id='block_1_58' title="bbox 2405 1623 3996 1697">
    <p class='ocr_par' dir='ltr' id='par_1_58' title="bbox 2405 1623 3996 1697">
     <span class='ocr_line' id='line_1_58' title="bbox 2405 1623 3996 1697; baseline 0 -20"><span class='ocrx_word' id='word_1_410' title='bbox 2405 1626 2559 1695; x_wconf 75' lang='grc' dir='ltr'>χικὸν</span> <span class='ocrx_word' id='word_1_411' title='bbox 2589 1628 2919 1697; x_wconf 72' lang='grc' dir='ltr'>στεφάνωμα</span> <span class='ocrx_word' id='word_1_412' title='bbox 2941 1643 2953 1656; x_wconf 89' lang='grc'><strong>·</strong></span> <span class='ocrx_word' id='word_1_413' title='bbox 2987 1623 3022 1696; x_wconf 80' lang='grc' dir='ltr'>ἦ</span> <span class='ocrx_word' id='word_1_414' title='bbox 3055 1626 3163 1692; x_wconf 75' lang='grc' dir='ltr'><strong>ἐγὼ</strong></span> <span class='ocrx_word' id='word_1_415' title='bbox 3187 1627 3321 1688; x_wconf 85' lang='grc' dir='ltr'>ὅλως</span> <span class='ocrx_word' id='word_1_416' title='bbox 3347 1627 3713 1694; x_wconf 75' lang='grc' dir='ltr'>έστεφάνουνς</span> <span class='ocrx_word' id='word_1_417' title='bbox 3753 1625 3852 1678; x_wconf 79' lang='grc' dir='ltr'><strong>ἐπὶ</strong></span> <span class='ocrx_word' id='word_1_418' title='bbox 3882 1625 3996 1677; x_wconf 83' lang='grc' dir='ltr'>τού-</span> 
     </span>
    </p>
   </div>
   <div class='ocr_carea' id='block_1_59' title="bbox 2404 1717 3997 1788">
    <p class='ocr_par' dir='ltr' id='par_1_59' title="bbox 2404 1717 3997 1788">
     <span class='ocr_line' id='line_1_59' title="bbox 2404 1717 3997 1788; baseline -0.002 -18"><span class='ocrx_word' id='word_1_419' title='bbox 2404 1735 2517 1780; x_wconf 88' lang='grc' dir='ltr'>τοις</span> <span class='ocrx_word' id='word_1_420' title='bbox 2559 1718 2740 1771; x_wconf 80' lang='grc' dir='ltr'>τοίνυν</span> <span class='ocrx_word' id='word_1_421' title='bbox 2772 1718 3253 1788; x_wconf 76' lang='grc' dir='ltr'>κεκοινωνήκαμεν</span> <span class='ocrx_word' id='word_1_422' title='bbox 3288 1717 3437 1787; x_wconf 82' lang='grc' dir='ltr'><strong>αύτῴ</strong></span> <span class='ocrx_word' id='word_1_423' title='bbox 3482 1718 3640 1786; x_wconf 86' lang='grc' dir='ltr'>μέχρι</span> <span class='ocrx_word' id='word_1_424' title='bbox 3678 1718 3997 1785; x_wconf 70' lang='grc' dir='ltr'>κοιμήσεως</span> 
     </span>
    </p>
   </div>
   <div class='ocr_carea' id='block_1_60' title="bbox 2407 1809 3994 1882">
    <p class='ocr_par' dir='ltr' id='par_1_60' title="bbox 2407 1809 3994 1882">
     <span class='ocr_line' id='line_1_60' title="bbox 2407 1809 3994 1882; baseline 0 -20"><span class='ocrx_word' id='word_1_425' title='bbox 2407 1811 2569 1864; x_wconf 72' lang='grc' dir='ltr'>αὑτοῦ</span> <span class='ocrx_word' id='word_1_426' title='bbox 2591 1853 2606 1877; x_wconf 99' lang='grc'><strong>,</strong></span> <span class='ocrx_word' id='word_1_427' title='bbox 2638 1814 2732 1865; x_wconf 68' lang='grc' dir='ltr'>καὶ</span> <span class='ocrx_word' id='word_1_428' title='bbox 2766 1812 2866 1882; x_wconf 81' lang='grc' dir='ltr'>τὴν</span> <span class='ocrx_word' id='word_1_429' title='bbox 2902 1811 3212 1881; x_wconf 74' lang='grc' dir='ltr'>ἁγιωσύνην</span> <span class='ocrx_word' id='word_1_430' title='bbox 3252 1828 3344 1864; x_wconf 85' lang='grc' dir='ltr'><strong>σου</strong></span> <span class='ocrx_word' id='word_1_431' title='bbox 3401 1811 3563 1863; x_wconf 87' lang='grc' dir='ltr'>πάλιν</span> <span class='ocrx_word' id='word_1_432' title='bbox 3605 1809 3994 1878; x_wconf 77' lang='grc' dir='ltr'>ἀπεδεξάμεθα</span> 
     </span>
    </p>
   </div>
   <div class='ocr_carea' id='block_1_61' title="bbox 2405 1902 3995 1974">
    <p class='ocr_par' dir='ltr' id='par_1_61' title="bbox 2405 1902 3995 1974">
     <span class='ocr_line' id='line_1_61' title="bbox 2405 1902 3995 1974; baseline -0.002 -18"><span class='ocrx_word' id='word_1_433' title='bbox 2405 1905 2485 1966; x_wconf 86' lang='grc' dir='ltr'><strong>εἰς</strong></span> <span class='ocrx_word' id='word_1_434' title='bbox 2509 1904 2570 1956; x_wconf 78' lang='grc' dir='ltr'><strong>τὸ</strong></span> <span class='ocrx_word' id='word_1_435' title='bbox 2597 1904 2696 1973; x_wconf 83' lang='grc' dir='ltr'>τῆς</span> <span class='ocrx_word' id='word_1_436' title='bbox 2723 1903 3134 1974; x_wconf 78' lang='grc' dir='ltr'>ἀρχιερωσύνης</span> <span class='ocrx_word' id='word_1_437' title='bbox 3163 1903 3380 1972; x_wconf 81' lang='grc' dir='ltr'>ἀξίωμα</span> <span class='ocrx_word' id='word_1_438' title='bbox 3401 1918 3414 1931; x_wconf 90' lang='grc'><strong>·</strong></span> <span class='ocrx_word' id='word_1_439' title='bbox 3447 1902 3628 1965; x_wconf 87' lang='grc' dir='ltr'>καθὼς</span> <span class='ocrx_word' id='word_1_440' title='bbox 3657 1903 3758 1955; x_wconf 73' lang='grc' dir='ltr'>καὶ</span> <span class='ocrx_word' id='word_1_441' title='bbox 3788 1919 3995 1972; x_wconf 79' lang='grc' dir='ltr'>μνημο-</span> 
     </span>
    </p>
   </div>
   <div class='ocr_carea' id='block_1_62' title="bbox 2406 1993 3994 2066">
    <p class='ocr_par' dir='ltr' id='par_1_62' title="bbox 2406 1993 3994 2066">
     <span class='ocr_line' id='line_1_62' title="bbox 2406 1993 3994 2066; baseline -0.001 -20"><span class='ocrx_word' id='word_1_442' title='bbox 2406 1996 2638 2064; x_wconf 89' lang='grc' dir='ltr'>νεύομεν</span> <span class='ocrx_word' id='word_1_443' title='bbox 2681 1996 2852 2066; x_wconf 80' lang='grc' dir='ltr'>αὐτῆς</span> <span class='ocrx_word' id='word_1_444' title='bbox 2883 1997 2942 2048; x_wconf 87' lang='lat' dir='ltr'><strong>tv</strong></span> <span class='ocrx_word' id='word_1_445' title='bbox 2974 1997 3038 2064; x_wconf 74' lang='grc' dir='ltr'><strong>τῇ</strong></span> <span class='ocrx_word' id='word_1_446' title='bbox 3072 1994 3352 2066; x_wconf 73' lang='grc' dir='ltr'>ἰερουργία</span> <span class='ocrx_word' id='word_1_447' title='bbox 3382 1994 3726 2063; x_wconf 83' lang='grc' dir='ltr'>καθεκάστην</span> <span class='ocrx_word' id='word_1_448' title='bbox 3756 2010 3770 2023; x_wconf 88' lang='grc'><strong>·</strong></span> <span class='ocrx_word' id='word_1_449' title='bbox 3815 1993 3914 2046; x_wconf 84' lang='grc' dir='ltr'><strong>καὶ</strong></span> <span class='ocrx_word' id='word_1_450' title='bbox 3942 1995 3994 2046; x_wconf 85' lang='lat' dir='ltr'><strong>tv</strong></span> 
     </span>
    </p>
   </div>
   <div class='ocr_carea' id='block_1_63' title="bbox 2405 2085 3989 2158">
    <p class='ocr_par' dir='ltr' id='par_1_63' title="bbox 2405 2085 3989 2158">
     <span class='ocr_line' id='line_1_63' title="bbox 2405 2085 3989 2158; baseline -0.001 -19"><span class='ocrx_word' id='word_1_451' title='bbox 2405 2087 2586 2140; x_wconf 72' lang='grc' dir='ltr'>οὐδενὶ</span> <span class='ocrx_word' id='word_1_452' title='bbox 2617 2087 2676 2139; x_wconf 77' lang='grc' dir='ltr'><strong>τὸ</strong></span> <span class='ocrx_word' id='word_1_453' title='bbox 2711 2087 3052 2157; x_wconf 78' lang='grc' dir='ltr'>ἀμφιϐάλλον</span> <span class='ocrx_word' id='word_1_454' title='bbox 3086 2087 3116 2157; x_wconf 72' lang='grc' dir='ltr'>ἢ</span> <span class='ocrx_word' id='word_1_455' title='bbox 3152 2086 3236 2139; x_wconf 82' lang='grc' dir='ltr'><strong>διά</strong></span> <span class='ocrx_word' id='word_1_456' title='bbox 3277 2086 3369 2139; x_wconf 72' lang='grc' dir='ltr'><strong>τὸν</strong></span> <span class='ocrx_word' id='word_1_457' title='bbox 3413 2085 3691 2155; x_wconf 86' lang='grc' dir='ltr'>οἰκονόμον</span> <span class='ocrx_word' id='word_1_458' title='bbox 3740 2087 3989 2158; x_wconf 70' lang='grc' dir='ltr'>καθῃρηο</span> 
     </span>
    </p>
   </div>
   <div class='ocr_carea' id='block_1_64' title="bbox 2409 2176 3994 2248">
    <p class='ocr_par' dir='ltr' id='par_1_64' title="bbox 2409 2176 3994 2248">
     <span class='ocr_line' id='line_1_64' title="bbox 2409 2176 3994 2248; baseline -0.001 -18"><span class='ocrx_word' id='word_1_459' title='bbox 2409 2177 2570 2246; x_wconf 88' lang='grc' dir='ltr'>μένον</span> <span class='ocrx_word' id='word_1_460' title='bbox 2601 2176 2729 2230; x_wconf 74' lang='grc' dir='ltr'>ὄντα</span> <span class='ocrx_word' id='word_1_461' title='bbox 2761 2178 2864 2230; x_wconf 77' lang='grc' dir='ltr'><strong>ὑπὸ</strong></span> <span class='ocrx_word' id='word_1_462' title='bbox 2885 2178 2995 2230; x_wconf 88' lang='grc' dir='ltr'><strong>τῶν</strong></span> <span class='ocrx_word' id='word_1_463' title='bbox 3024 2177 3186 2248; x_wconf 87' lang='grc' dir='ltr'>ἰερῶν</span> <span class='ocrx_word' id='word_1_464' title='bbox 3213 2176 3453 2230; x_wconf 80' lang='grc' dir='ltr'>κανόνων</span> <span class='ocrx_word' id='word_1_465' title='bbox 3478 2176 3838 2247; x_wconf 82' lang='grc' dir='ltr'>πολυτρόπως</span> <span class='ocrx_word' id='word_1_466' title='bbox 3859 2193 3874 2208; x_wconf 88' lang='grc'><strong>·</strong></span> <span class='ocrx_word' id='word_1_467' title='bbox 3908 2177 3994 2229; x_wconf 83' lang='grc' dir='ltr'>καὶ</span> 
     </span>
    </p>
   </div>
   <div class='ocr_carea' id='block_1_65' title="bbox 2410 2268 3989 2340">
    <p class='ocr_par' dir='ltr' id='par_1_65' title="bbox 2410 2268 3989 2340">
     <span class='ocr_line' id='line_1_65' title="bbox 2410 2268 3989 2340; baseline -0.002 -18"><span class='ocrx_word' id='word_1_468' title='bbox 2410 2268 2648 2336; x_wconf 78' lang='grc' dir='ltr'>μάλιστα</span> <span class='ocrx_word' id='word_1_469' title='bbox 2703 2271 2840 2340; x_wconf 85' lang='grc' dir='ltr'><strong>μετά</strong></span> <span class='ocrx_word' id='word_1_470' title='bbox 2881 2270 2972 2322; x_wconf 80' lang='grc' dir='ltr'>τὸν</span> <span class='ocrx_word' id='word_1_471' title='bbox 3018 2268 3320 2338; x_wconf 82' lang='grc' dir='ltr'>ἀφορισμὸν</span> <span class='ocrx_word' id='word_1_472' title='bbox 3361 2268 3462 2338; x_wconf 82' lang='grc' dir='ltr'>τῆς</span> <span class='ocrx_word' id='word_1_473' title='bbox 3504 2271 3783 2332; x_wconf 82' lang='grc' dir='ltr'>ἐνναετίας</span> <span class='ocrx_word' id='word_1_474' title='bbox 3835 2271 3989 2324; x_wconf 80' lang='grc' dir='ltr'>πάλιν</span> 
     </span>
    </p>
   </div>
   <div class='ocr_carea' id='block_1_66' title="bbox 2409 2359 3992 2433">
    <p class='ocr_par' dir='ltr' id='par_1_66' title="bbox 2409 2359 3992 2433">
     <span class='ocr_line' id='line_1_66' title="bbox 2409 2359 3992 2433; baseline -0.003 -19"><span class='ocrx_word' id='word_1_475' title='bbox 2409 2363 2734 2431; x_wconf 80' lang='grc' dir='ltr'>ἱερουργεῖν,</span> <span class='ocrx_word' id='word_1_476' title='bbox 2767 2363 2861 2414; x_wconf 73' lang='grc' dir='ltr'>καὶ</span> <span class='ocrx_word' id='word_1_477' title='bbox 2899 2362 3001 2413; x_wconf 76' lang='grc' dir='ltr'>οὐκ</span> <span class='ocrx_word' id='word_1_478' title='bbox 3052 2362 3108 2412; x_wconf 87' lang='lat' dir='ltr'><strong>tv</strong></span> <span class='ocrx_word' id='word_1_479' title='bbox 3140 2361 3433 2430; x_wconf 83' lang='grc' dir='ltr'>ἀποϐύστῳ</span> <span class='ocrx_word' id='word_1_480' title='bbox 3481 2379 3620 2414; x_wconf 78' lang='grc' dir='ltr'>πουο</span> <span class='ocrx_word' id='word_1_481' title='bbox 3659 2359 3726 2433; x_wconf 79' lang='grc' dir='ltr'>ἦν</span> <span class='ocrx_word' id='word_1_482' title='bbox 3777 2363 3890 2430; x_wconf 83' lang='grc' dir='ltr'><strong>γὰρ</strong></span> <span class='ocrx_word' id='word_1_483' title='bbox 3931 2361 3992 2413; x_wconf 81' lang='grc' dir='ltr'>ἂν</span> 
     </span>
    </p>
   </div>
   <div class='ocr_carea' id='block_1_67' title="bbox 2410 2452 3987 2524">
    <p class='ocr_par' dir='ltr' id='par_1_67' title="bbox 2410 2452 3987 2524">
     <span class='ocr_line' id='line_1_67' title="bbox 2410 2452 3987 2524; baseline -0.002 -19"><span class='ocrx_word' id='word_1_484' title='bbox 2410 2453 2666 2524; x_wconf 78' lang='grc' dir='ltr'>φορητὸν,</span> <span class='ocrx_word' id='word_1_485' title='bbox 2703 2454 2778 2522; x_wconf 78' lang='grc' dir='ltr'>μὴ</span> <span class='ocrx_word' id='word_1_486' title='bbox 2808 2452 3209 2506; x_wconf 87' lang='grc' dir='ltr'>κοινωνούντων</span> <span class='ocrx_word' id='word_1_487' title='bbox 3236 2453 3390 2523; x_wconf 79' lang='grc' dir='ltr'>ἡμῶν</span> <span class='ocrx_word' id='word_1_488' title='bbox 3415 2453 3492 2523; x_wconf 83' lang='grc' dir='ltr'>τῷ</span> <span class='ocrx_word' id='word_1_489' title='bbox 3521 2455 3811 2523; x_wconf 72' lang='grc' dir='ltr'>πράγματι</span> <span class='ocrx_word' id='word_1_490' title='bbox 3837 2470 3852 2482; x_wconf 84' lang='grc'><strong><em>⁸</em></strong></span> <span class='ocrx_word' id='word_1_491' title='bbox 3879 2452 3987 2505; x_wconf 87' lang='grc' dir='ltr'>ἀλλ’</span> 
     </span>
    </p>
   </div>
   <div class='ocr_carea' id='block_1_68' title="bbox 2409 2543 3988 2613">
    <p class='ocr_par' dir='ltr' id='par_1_68' title="bbox 2409 2543 3988 2613">
     <span class='ocr_line' id='line_1_68' title="bbox 2409 2543 3988 2613; baseline -0.001 -18"><span class='ocrx_word' id='word_1_492' title='bbox 2409 2544 2490 2595; x_wconf 85' lang='grc' dir='ltr'>ὃτι</span> <span class='ocrx_word' id='word_1_493' title='bbox 2529 2544 2586 2594; x_wconf 87' lang='lat' dir='ltr'><strong>tv</strong></span> <span class='ocrx_word' id='word_1_494' title='bbox 2631 2544 2768 2612; x_wconf 70' lang='grc' dir='ltr'>αὐτῇ</span> <span class='ocrx_word' id='word_1_495' title='bbox 2811 2546 2878 2612; x_wconf 78' lang='grc' dir='ltr'>τῇ</span> <span class='ocrx_word' id='word_1_496' title='bbox 2911 2545 3060 2613; x_wconf 80' lang='grc' dir='ltr'>πηγῇ</span> <span class='ocrx_word' id='word_1_497' title='bbox 3099 2543 3198 2613; x_wconf 75' lang='grc' dir='ltr'>τῆς</span> <span class='ocrx_word' id='word_1_498' title='bbox 3241 2543 3362 2597; x_wconf 78' lang='grc' dir='ltr'>καθ’</span> <span class='ocrx_word' id='word_1_499' title='bbox 3387 2546 3532 2613; x_wconf 73' lang='grc' dir='ltr'>ἡμᾶς</span> <span class='ocrx_word' id='word_1_500' title='bbox 3569 2544 3890 2612; x_wconf 75' lang='grc' dir='ltr'>ἱερωσύνης,</span> <span class='ocrx_word' id='word_1_501' title='bbox 3932 2543 3988 2594; x_wconf 76' lang='grc' dir='ltr'><strong>τὸ</strong></span> 
     </span>
    </p>
   </div>
   <div class='ocr_carea' id='block_1_69' title="bbox 2411 2631 3983 2703">
    <p class='ocr_par' dir='ltr' id='par_1_69' title="bbox 2411 2631 3983 2703">
     <span class='ocr_line' id='line_1_69' title="bbox 2411 2631 3983 2703; baseline 0.003 -20"><span class='ocrx_word' id='word_1_502' title='bbox 2411 2631 2474 2701; x_wconf 78' lang='grc' dir='ltr'>δὴ</span> <span class='ocrx_word' id='word_1_503' title='bbox 2522 2631 2838 2701; x_wconf 80' lang='grc' dir='ltr'>λεγόμενον,</span> <span class='ocrx_word' id='word_1_504' title='bbox 2885 2634 3024 2703; x_wconf 85' lang='grc' dir='ltr'><strong>μετά</strong></span> <span class='ocrx_word' id='word_1_505' title='bbox 3071 2635 3170 2701; x_wconf 71' lang='grc' dir='ltr'>τῆς</span> <span class='ocrx_word' id='word_1_506' title='bbox 3206 2633 3531 2703; x_wconf 78' lang='grc' dir='ltr'>εἰλικρινοῦς</span> <span class='ocrx_word' id='word_1_507' title='bbox 3569 2651 3661 2686; x_wconf 89' lang='grc' dir='ltr'><strong>σου</strong></span> <span class='ocrx_word' id='word_1_508' title='bbox 3691 2634 3983 2695; x_wconf 76' lang='grc' dir='ltr'>πολιτείας,</span> 
     </span>
    </p>
   </div>
   <div class='ocr_carea' id='block_1_70' title="bbox 2413 2724 3678 2796">
    <p class='ocr_par' dir='ltr' id='par_1_70' title="bbox 2413 2724 3678 2796">
     <span class='ocr_line' id='line_1_70' title="bbox 2413 2724 3678 2796; baseline 0.006 -22"><span class='ocrx_word' id='word_1_509' title='bbox 2413 2724 2742 2777; x_wconf 85' lang='grc' dir='ltr'>συνεισιέναι</span> <span class='ocrx_word' id='word_1_510' title='bbox 2776 2726 2872 2778; x_wconf 78' lang='grc' dir='ltr'>καὶ</span> <span class='ocrx_word' id='word_1_511' title='bbox 2910 2725 3344 2796; x_wconf 76' lang='grc' dir='ltr'>συλλειτουργεῖν</span> <span class='ocrx_word' id='word_1_512' title='bbox 3368 2726 3450 2788; x_wconf 80' lang='grc' dir='ltr'><strong>εἰς</strong></span> <span class='ocrx_word' id='word_1_513' title='bbox 3481 2725 3542 2778; x_wconf 79' lang='grc' dir='ltr'>τὸ</span> <span class='ocrx_word' id='word_1_514' title='bbox 3572 2725 3678 2782; x_wconf 88' lang='grc' dir='ltr'>ἀεί.</span> 
     </span>
    </p>
   </div>
   <div class='ocr_carea' id='block_1_71' title="bbox 2482 2815 3986 2886">
    <p class='ocr_par' dir='ltr' id='par_1_71' title="bbox 2482 2815 3986 2886">
     <span class='ocr_line' id='line_1_71' title="bbox 2482 2815 3986 2886; baseline 0.001 -18"><span class='ocrx_word' id='word_1_515' title='bbox 2482 2816 2555 2868; x_wconf 84' lang='grc' dir='ltr'><strong>Τὸ</strong></span> <span class='ocrx_word' id='word_1_516' title='bbox 2589 2817 2686 2886; x_wconf 74' lang='grc' dir='ltr'>μὲν</span> <span class='ocrx_word' id='word_1_517' title='bbox 2719 2815 2812 2870; x_wconf 70' lang='grc' dir='ltr'>οὖν</span> <span class='ocrx_word' id='word_1_518' title='bbox 2862 2818 3071 2870; x_wconf 78' lang='grc' dir='ltr'>δίκαιον</span> <span class='ocrx_word' id='word_1_519' title='bbox 3105 2819 3197 2868; x_wconf 71' lang='grc' dir='ltr'>καὶ</span> <span class='ocrx_word' id='word_1_520' title='bbox 3246 2818 3393 2870; x_wconf 78' lang='grc' dir='ltr'>ὅσιον</span> <span class='ocrx_word' id='word_1_521' title='bbox 3439 2820 3533 2870; x_wconf 69' lang='grc' dir='ltr'>καὶ</span> <span class='ocrx_word' id='word_1_522' title='bbox 3568 2817 3986 2872; x_wconf 85' lang='grc' dir='ltr'>ἀσκανδάλιστον</span> 
     </span>
    </p>
   </div>
   <div class='ocr_carea' id='block_1_72' title="bbox 2413 2906 3987 2979">
    <p class='ocr_par' dir='ltr' id='par_1_72' title="bbox 2413 2906 3987 2979">
     <span class='ocr_line' id='line_1_72' title="bbox 2413 2906 3987 2979; baseline 0 -17"><span class='ocrx_word' id='word_1_523' title='bbox 2413 2911 2520 2972; x_wconf 82' lang='grc' dir='ltr'>τοῖς</span> <span class='ocrx_word' id='word_1_524' title='bbox 2554 2908 2701 2970; x_wconf 76' lang='grc' dir='ltr'>λαοῖς</span> <span class='ocrx_word' id='word_1_525' title='bbox 2743 2906 2836 2960; x_wconf 83' lang='grc' dir='ltr'><strong>τοῦ</strong></span> <span class='ocrx_word' id='word_1_526' title='bbox 2867 2907 3022 2973; x_wconf 87' lang='grc' dir='ltr'>Θεοῦ,</span> <span class='ocrx_word' id='word_1_527' title='bbox 3056 2909 3149 2960; x_wconf 80' lang='grc' dir='ltr'>καὶ</span> <span class='ocrx_word' id='word_1_528' title='bbox 3177 2907 3412 2976; x_wconf 86' lang='grc' dir='ltr'>μάλιστα</span> <span class='ocrx_word' id='word_1_529' title='bbox 3447 2909 3524 2978; x_wconf 81' lang='grc' dir='ltr'><strong>τῷ</strong></span> <span class='ocrx_word' id='word_1_530' title='bbox 3557 2909 3677 2963; x_wconf 79' lang='grc' dir='ltr'>καθ’</span> <span class='ocrx_word' id='word_1_531' title='bbox 3705 2911 3859 2979; x_wconf 74' lang='grc' dir='ltr'>ἡμᾶς</span> <span class='ocrx_word' id='word_1_532' title='bbox 3901 2910 3987 2962; x_wconf 88' lang='grc' dir='ltr'>τά-</span> 
     </span>
    </p>
   </div>
   <div class='ocr_carea' id='block_1_73' title="bbox 2414 2997 3982 3070">
    <p class='ocr_par' dir='ltr' id='par_1_73' title="bbox 2414 2997 3982 3070">
     <span class='ocr_line' id='line_1_73' title="bbox 2414 2997 3982 3070; baseline 0.003 -20"><span class='ocrx_word' id='word_1_533' title='bbox 2414 3016 2610 3069; x_wconf 82' lang='grc' dir='ltr'>γματι,</span> <span class='ocrx_word' id='word_1_534' title='bbox 2648 2997 2981 3068; x_wconf 79' lang='grc' dir='ltr'>ἐκϐληθῆναι</span> <span class='ocrx_word' id='word_1_535' title='bbox 3008 2998 3105 3067; x_wconf 82' lang='grc' dir='ltr'><strong>τῆς</strong></span> <span class='ocrx_word' id='word_1_536' title='bbox 3137 3000 3450 3070; x_wconf 88' lang='grc' dir='ltr'>ἰερουργίας</span> <span class='ocrx_word' id='word_1_537' title='bbox 3494 3000 3583 3053; x_wconf 81' lang='grc' dir='ltr'>τὸν</span> <span class='ocrx_word' id='word_1_538' title='bbox 3608 2999 3843 3065; x_wconf 77' lang='grc' dir='ltr'>ἀναξίως</span> <span class='ocrx_word' id='word_1_539' title='bbox 3878 3004 3982 3055; x_wconf 86' lang='grc' dir='ltr'>εἰσ-</span> 
     </span>
    </p>
   </div>
   <div class='ocr_carea' id='block_1_74' title="bbox 2415 3090 3983 3165">
    <p class='ocr_par' dir='ltr' id='par_1_74' title="bbox 2415 3090 3983 3165">
     <span class='ocr_line' id='line_1_74' title="bbox 2415 3090 3983 3165; baseline 0.003 -23"><span class='ocrx_word' id='word_1_540' title='bbox 2415 3091 2656 3153; x_wconf 88' lang='grc' dir='ltr'>ελθόντα,</span> <span class='ocrx_word' id='word_1_541' title='bbox 2691 3090 2848 3159; x_wconf 80' lang='grc' dir='ltr'>ἡμῶν</span> <span class='ocrx_word' id='word_1_542' title='bbox 2896 3091 3346 3160; x_wconf 86' lang='grc' dir='ltr'>μνημονευόντων</span> <span class='ocrx_word' id='word_1_543' title='bbox 3387 3092 3487 3162; x_wconf 83' lang='grc' dir='ltr'>τῆς</span> <span class='ocrx_word' id='word_1_544' title='bbox 3515 3092 3826 3165; x_wconf 76' lang='grc' dir='ltr'>ἁγιωσύνης</span> <span class='ocrx_word' id='word_1_545' title='bbox 3858 3110 3946 3146; x_wconf 80' lang='grc' dir='ltr'><strong>σου</strong></span> <span class='ocrx_word' id='word_1_546' title='bbox 3969 3135 3983 3157; x_wconf 94' lang='grc'><strong>,</strong></span> 
     </span>
    </p>
   </div>
   <div class='ocr_carea' id='block_1_75' title="bbox 2415 3182 3979 3254">
    <p class='ocr_par' dir='ltr' id='par_1_75' title="bbox 2415 3182 3979 3254">
     <span class='ocr_line' id='line_1_75' title="bbox 2415 3182 3979 3254; baseline 0.003 -20"><span class='ocrx_word' id='word_1_547' title='bbox 2415 3183 2508 3235; x_wconf 69' lang='grc' dir='ltr'>καὶ</span> <span class='ocrx_word' id='word_1_548' title='bbox 2561 3184 2626 3235; x_wconf 82' lang='grc' dir='ltr'>ὲκ</span> <span class='ocrx_word' id='word_1_549' title='bbox 2663 3182 2867 3246; x_wconf 81' lang='grc' dir='ltr'>παντὸς</span> <span class='ocrx_word' id='word_1_550' title='bbox 2899 3182 3156 3254; x_wconf 84' lang='grc' dir='ltr'>ἰεράρχου</span> <span class='ocrx_word' id='word_1_551' title='bbox 3203 3185 3296 3238; x_wconf 75' lang='grc' dir='ltr'>καὶ</span> <span class='ocrx_word' id='word_1_552' title='bbox 3337 3185 3528 3251; x_wconf 83' lang='grc' dir='ltr'>ἰερέων</span> <span class='ocrx_word' id='word_1_553' title='bbox 3566 3188 3979 3250; x_wconf 77' lang='grc' dir='ltr'>κοινωνούντων,</span> 
     </span>
    </p>
   </div>
   <div class='ocr_carea' id='block_1_76' title="bbox 2417 3273 3982 3344">
    <p class='ocr_par' dir='ltr' id='par_1_76' title="bbox 2417 3273 3982 3344">
     <span class='ocr_line' id='line_1_76' title="bbox 2417 3273 3982 3344; baseline 0.004 -20"><span class='ocrx_word' id='word_1_554' title='bbox 2417 3275 2490 3344; x_wconf 81' lang='grc' dir='ltr'>μὴ</span> <span class='ocrx_word' id='word_1_555' title='bbox 2527 3273 2807 3344; x_wconf 80' lang='grc' dir='ltr'>προδήλως</span> <span class='ocrx_word' id='word_1_556' title='bbox 2830 3273 2997 3326; x_wconf 81' lang='grc' dir='ltr'>όντων</span> <span class='ocrx_word' id='word_1_557' title='bbox 3027 3275 3491 3343; x_wconf 85' lang='grc' dir='ltr'>ἀπεγνωσμένων,</span> <span class='ocrx_word' id='word_1_558' title='bbox 3515 3277 3656 3329; x_wconf 76' lang='grc' dir='ltr'>κατὰ</span> <span class='ocrx_word' id='word_1_559' title='bbox 3678 3279 3769 3331; x_wconf 79' lang='grc' dir='ltr'>τὸν</span> <span class='ocrx_word' id='word_1_560' title='bbox 3804 3278 3982 3332; x_wconf 87' lang='grc' dir='ltr'>Οεολό-</span> 
     </span>
    </p>
   </div>
   <div class='ocr_carea' id='block_1_77' title="bbox 2413 3368 3978 3441">
    <p class='ocr_par' dir='ltr' id='par_1_77' title="bbox 2413 3368 3978 3441">
     <span class='ocr_line' id='line_1_77' title="bbox 2413 3368 3978 3441; baseline 0.001 -21"><span class='ocrx_word' id='word_1_561' title='bbox 2413 3385 2528 3435; x_wconf 90' lang='grc' dir='ltr'>γον.</span> <span class='ocrx_word' id='word_1_562' title='bbox 2565 3370 2625 3421; x_wconf 78' lang='grc' dir='ltr'><strong>Εἰ</strong></span> <span class='ocrx_word' id='word_1_563' title='bbox 2670 3369 2724 3420; x_wconf 76' lang='grc' dir='ltr'>δὲ</span> <span class='ocrx_word' id='word_1_564' title='bbox 2765 3368 2922 3420; x_wconf 88' lang='grc' dir='ltr'>τοῦτο</span> <span class='ocrx_word' id='word_1_565' title='bbox 2952 3369 3203 3436; x_wconf 83' lang='grc' dir='ltr'>οὐδαμῶς</span> <span class='ocrx_word' id='word_1_566' title='bbox 3230 3368 3320 3421; x_wconf 85' lang='grc' dir='ltr'><strong>διά</strong></span> <span class='ocrx_word' id='word_1_567' title='bbox 3355 3368 3453 3430; x_wconf 87' lang='grc' dir='ltr'><strong>τὰς</strong></span> <span class='ocrx_word' id='word_1_568' title='bbox 3491 3369 3764 3440; x_wconf 73' lang='grc' dir='ltr'>ἁμαρτίας</span> <span class='ocrx_word' id='word_1_569' title='bbox 3796 3373 3978 3441; x_wconf 72' lang='grc' dir='ltr'>ἡμῶν·</span> 
     </span>
    </p>
   </div>
   <div class='ocr_carea' id='block_1_78' title="bbox 2418 3463 3978 3533">
    <p class='ocr_par' dir='ltr' id='par_1_78' title="bbox 2418 3463 3978 3533">
     <span class='ocr_line' id='line_1_78' title="bbox 2418 3463 3978 3533; baseline 0.002 -19"><span class='ocrx_word' id='word_1_570' title='bbox 2418 3464 2491 3532; x_wconf 79' lang='grc' dir='ltr'>μὴ</span> <span class='ocrx_word' id='word_1_571' title='bbox 2538 3465 2625 3516; x_wconf 85' lang='grc' dir='ltr'>ἵνα</span> <span class='ocrx_word' id='word_1_572' title='bbox 2659 3480 2710 3514; x_wconf 91' lang='grc' dir='ltr'><strong>τι</strong></span> <span class='ocrx_word' id='word_1_573' title='bbox 2741 3464 3000 3531; x_wconf 71' lang='grc' dir='ltr'>γένηταισ</span> <span class='ocrx_word' id='word_1_574' title='bbox 3044 3463 3143 3514; x_wconf 86' lang='grc' dir='ltr'><strong>ούκ</strong></span> <span class='ocrx_word' id='word_1_575' title='bbox 3199 3464 3263 3514; x_wconf 80' lang='grc' dir='ltr'>ὲκ</span> <span class='ocrx_word' id='word_1_576' title='bbox 3308 3464 3473 3531; x_wconf 79' lang='grc' dir='ltr'>φόϐου</span> <span class='ocrx_word' id='word_1_577' title='bbox 3516 3467 3545 3518; x_wconf 91' lang='grc' dir='ltr'><strong>ό</strong></span> <span class='ocrx_word' id='word_1_578' title='bbox 3583 3465 3759 3533; x_wconf 84' lang='grc' dir='ltr'>λόγος,</span> <span class='ocrx_word' id='word_1_579' title='bbox 3794 3466 3978 3530; x_wconf 75' lang='grc' dir='ltr'>ἀλλ’ἰξ</span> 
     </span>
    </p>
   </div>
   <div class='ocr_carea' id='block_1_79' title="bbox 2413 3553 3978 3628">
    <p class='ocr_par' dir='ltr' id='par_1_79' title="bbox 2413 3553 3978 3628">
     <span class='ocr_line' id='line_1_79' title="bbox 2413 3553 3978 3628; baseline -0.001 -20"><span class='ocrx_word' id='word_1_580' title='bbox 2413 3557 2596 3608; x_wconf 71' lang='grc' dir='ltr'>οἴκτου</span> <span class='ocrx_word' id='word_1_581' title='bbox 2624 3553 2716 3606; x_wconf 86' lang='grc' dir='ltr'><strong>τοῦ</strong></span> <span class='ocrx_word' id='word_1_582' title='bbox 2752 3553 2891 3606; x_wconf 78' lang='grc' dir='ltr'>κατὰ</span> <span class='ocrx_word' id='word_1_583' title='bbox 2917 3553 3010 3606; x_wconf 85' lang='grc' dir='ltr'><strong>τοῦ</strong></span> <span class='ocrx_word' id='word_1_584' title='bbox 3038 3553 3222 3607; x_wconf 89' lang='grc' dir='ltr'>κοινοῦ</span> <span class='ocrx_word' id='word_1_585' title='bbox 3247 3571 3260 3584; x_wconf 89' lang='grc'><strong>·</strong></span> <span class='ocrx_word' id='word_1_586' title='bbox 3289 3557 3346 3608; x_wconf 85' lang='lat' dir='ltr'><strong>tv</strong></span> <span class='ocrx_word' id='word_1_587' title='bbox 3381 3559 3446 3628; x_wconf 82' lang='grc' dir='ltr'>τῇ</span> <span class='ocrx_word' id='word_1_588' title='bbox 3471 3557 3794 3610; x_wconf 83' lang='grc' dir='ltr'>ταπεινώσει</span> <span class='ocrx_word' id='word_1_589' title='bbox 3833 3557 3978 3626; x_wconf 87' lang='grc' dir='ltr'>ήμῶν</span> 
     </span>
    </p>
   </div>
   <div class='ocr_carea' id='block_1_80' title="bbox 2413 3648 3974 3720">
    <p class='ocr_par' dir='ltr' id='par_1_80' title="bbox 2413 3648 3974 3720">
     <span class='ocr_line' id='line_1_80' title="bbox 2413 3648 3974 3720; baseline 0.002 -20"><span class='ocrx_word' id='word_1_590' title='bbox 2413 3649 2563 3718; x_wconf 78' lang='grc' dir='ltr'>παρὰ</span> <span class='ocrx_word' id='word_1_591' title='bbox 2604 3651 2701 3715; x_wconf 77' lang='grc' dir='ltr'>τῆς</span> <span class='ocrx_word' id='word_1_592' title='bbox 2749 3648 3026 3716; x_wconf 83' lang='grc' dir='ltr'>όσιότητός</span> <span class='ocrx_word' id='word_1_593' title='bbox 3073 3667 3168 3702; x_wconf 89' lang='grc' dir='ltr'><strong>σου</strong></span> <span class='ocrx_word' id='word_1_594' title='bbox 3206 3650 3555 3704; x_wconf 87' lang='grc' dir='ltr'>ἀκανόνιστον</span> <span class='ocrx_word' id='word_1_595' title='bbox 3596 3653 3686 3704; x_wconf 74' lang='grc' dir='ltr'>καὶ</span> <span class='ocrx_word' id='word_1_596' title='bbox 3716 3651 3974 3720; x_wconf 68' lang='grc' dir='ltr'>ἄθεσμον·</span> 
     </span>
    </p>
   </div>
   <div class='ocr_carea' id='block_1_81' title="bbox 2411 3741 3977 3812">
    <p class='ocr_par' dir='ltr' id='par_1_81' title="bbox 2411 3741 3977 3812">
     <span class='ocr_line' id='line_1_81' title="bbox 2411 3741 3977 3812; baseline 0.002 -19"><span class='ocrx_word' id='word_1_597' title='bbox 2411 3742 2531 3793; x_wconf 76' lang='grc' dir='ltr'>ἐπεὶ</span> <span class='ocrx_word' id='word_1_598' title='bbox 2564 3741 2727 3808; x_wconf 70' lang='grc' dir='ltr'>ἡμεῖς</span> <span class='ocrx_word' id='word_1_599' title='bbox 2766 3741 2863 3807; x_wconf 81' lang='grc' dir='ltr'>μὲν</span> <span class='ocrx_word' id='word_1_600' title='bbox 2914 3741 3337 3810; x_wconf 83' lang='grc' dir='ltr'>ύποστησόμεθα</span> <span class='ocrx_word' id='word_1_601' title='bbox 3370 3743 3597 3811; x_wconf 75' lang='grc' dir='ltr'>δυνάμει</span> <span class='ocrx_word' id='word_1_602' title='bbox 3637 3743 3767 3796; x_wconf 89' lang='grc' dir='ltr'>Θεοῦ</span> <span class='ocrx_word' id='word_1_603' title='bbox 3793 3761 3808 3775; x_wconf 70' lang='grc'><strong>⁸</strong></span> <span class='ocrx_word' id='word_1_604' title='bbox 3851 3744 3977 3812; x_wconf 79' lang='grc' dir='ltr'>ὅπερ</span> 
     </span>
    </p>
   </div>
   <div class='ocr_carea' id='block_1_82' title="bbox 2413 3826 3975 3903">
    <p class='ocr_par' dir='ltr' id='par_1_82' title="bbox 2413 3826 3975 3903">
     <span class='ocr_line' id='line_1_82' title="bbox 2413 3826 3975 3903; baseline 0.004 -25"><span class='ocrx_word' id='word_1_605' title='bbox 2413 3827 2478 3878; x_wconf 80' lang='grc' dir='ltr'>ἂν</span> <span class='ocrx_word' id='word_1_606' title='bbox 2518 3826 2613 3878; x_wconf 72' lang='grc' dir='ltr'><strong>καὶ</strong></span> <span class='ocrx_word' id='word_1_607' title='bbox 2645 3826 2886 3896; x_wconf 86' lang='grc' dir='ltr'>συμϐαίη</span> <span class='ocrx_word' id='word_1_608' title='bbox 2919 3829 3313 3898; x_wconf 75' lang='grc' dir='ltr'>παραχωρήσει</span> <span class='ocrx_word' id='word_1_609' title='bbox 3353 3830 3542 3886; x_wconf 85' lang='grc' dir='ltr'>αὑτοῦ.</span> <span class='ocrx_word' id='word_1_610' title='bbox 3583 3832 3975 3903; x_wconf 83' lang='grc' dir='ltr'>Μαρτυρόμεθα</span> 
     </span>
    </p>
   </div>
   <div class='ocr_carea' id='block_1_83' title="bbox 2409 3912 3974 3993">
    <p class='ocr_par' dir='ltr' id='par_1_83' title="bbox 2409 3912 3974 3993">
     <span class='ocr_line' id='line_1_83' title="bbox 2409 3912 3974 3993; baseline 0.005 -29"><span class='ocrx_word' id='word_1_611' title='bbox 2409 3912 2465 3965; x_wconf 84' lang='grc' dir='ltr'>δὲ</span> <span class='ocrx_word' id='word_1_612' title='bbox 2490 3916 2554 3981; x_wconf 74' lang='grc' dir='ltr'>τῇ</span> <span class='ocrx_word' id='word_1_613' title='bbox 2584 3913 2862 3984; x_wconf 80' lang='grc' dir='ltr'>ἁγιωσύνῃ</span> <span class='ocrx_word' id='word_1_614' title='bbox 2889 3931 2982 3967; x_wconf 90' lang='grc' dir='ltr'><strong>σου</strong></span> <span class='ocrx_word' id='word_1_615' title='bbox 3009 3915 3345 3969; x_wconf 86' lang='grc' dir='ltr'>κατενώπιον</span> <span class='ocrx_word' id='word_1_616' title='bbox 3374 3920 3609 3988; x_wconf 86' lang='grc' dir='ltr'>Χριστοῦ</span> <span class='ocrx_word' id='word_1_617' title='bbox 3637 3923 3694 3973; x_wconf 81' lang='lat' dir='ltr'><strong>tv</strong></span> <span class='ocrx_word' id='word_1_618' title='bbox 3727 3924 3974 3993; x_wconf 79' lang='grc' dir='ltr'>ἀκροάσει</span> 
     </span>
    </p>
   </div>
   <div class='ocr_carea' id='block_1_84' title="bbox 2409 4001 3970 4084">
    <p class='ocr_par' dir='ltr' id='par_1_84' title="bbox 2409 4001 3970 4084">
     <span class='ocr_line' id='line_1_84' title="bbox 2409 4001 3970 4084; baseline 0.009 -30"><span class='ocrx_word' id='word_1_619' title='bbox 2409 4001 2517 4054; x_wconf 90' lang='grc' dir='ltr'><strong>τῶν</strong></span> <span class='ocrx_word' id='word_1_620' title='bbox 2546 4002 2718 4068; x_wconf 87' lang='grc' dir='ltr'>ἀγίων</span> <span class='ocrx_word' id='word_1_621' title='bbox 2754 4004 3024 4070; x_wconf 80' lang='grc' dir='ltr'>ἀγγέλων,</span> <span class='ocrx_word' id='word_1_622' title='bbox 3054 4006 3136 4058; x_wconf 87' lang='grc' dir='ltr'>ὃτι</span> <span class='ocrx_word' id='word_1_623' title='bbox 3167 4006 3308 4076; x_wconf 83' lang='grc' dir='ltr'>μέγα</span> <span class='ocrx_word' id='word_1_624' title='bbox 3356 4008 3562 4080; x_wconf 81' lang='grc' dir='ltr'>σχίσμα</span> <span class='ocrx_word' id='word_1_625' title='bbox 3593 4012 3796 4084; x_wconf 69' lang='grc' dir='ltr'>έργάζῃ</span> <span class='ocrx_word' id='word_1_626' title='bbox 3833 4017 3887 4067; x_wconf 88' lang='lat' dir='ltr'><strong>tv</strong></span> <span class='ocrx_word' id='word_1_627' title='bbox 3913 4015 3970 4080; x_wconf 78' lang='grc' dir='ltr'>τῇ</span> 
     </span>
    </p>
   </div>
   <div class='ocr_carea' id='block_1_85' title="bbox 2411 4093 3973 4176">
    <p class='ocr_par' dir='ltr' id='par_1_85' title="bbox 2411 4093 3973 4176">
     <span class='ocr_line' id='line_1_85' title="bbox 2411 4093 3973 4176; baseline 0.007 -31"><span class='ocrx_word' id='word_1_628' title='bbox 2411 4093 2533 4146; x_wconf 84' lang='grc' dir='ltr'>καθ’</span> <span class='ocrx_word' id='word_1_629' title='bbox 2590 4094 2738 4164; x_wconf 72' lang='grc' dir='ltr'>ἡμᾶς</span> <span class='ocrx_word' id='word_1_630' title='bbox 2803 4095 3124 4168; x_wconf 73' lang='grc' dir='ltr'>Ἐκκλησία.</span> <span class='ocrx_word' id='word_1_631' title='bbox 3185 4099 3297 4152; x_wconf 78' lang='grc' dir='ltr'><strong>Καὶ</strong></span> <span class='ocrx_word' id='word_1_632' title='bbox 3357 4103 3404 4154; x_wconf 89' lang='grc' dir='ltr'><strong>εἰ</strong></span> <span class='ocrx_word' id='word_1_633' title='bbox 3460 4102 3676 4174; x_wconf 66' lang='grc' dir='ltr'>ὲξοισίᾳ</span> <span class='ocrx_word' id='word_1_634' title='bbox 3726 4105 3973 4176; x_wconf 82' lang='grc' dir='ltr'>χρώμεθα</span> 
     </span>
    </p>
   </div>
   <div class='ocr_carea' id='block_1_86' title="bbox 2410 4187 3970 4268">
    <p class='ocr_par' dir='ltr' id='par_1_86' title="bbox 2410 4187 3970 4268">
     <span class='ocr_line' id='line_1_86' title="bbox 2410 4187 3970 4268; baseline 0.004 -28"><span class='ocrx_word' id='word_1_635' title='bbox 2410 4187 2686 4258; x_wconf 77' lang='grc' dir='ltr'>ἄνθρωποι</span> <span class='ocrx_word' id='word_1_636' title='bbox 2730 4188 2909 4252; x_wconf 75' lang='grc' dir='ltr'>δντες·</span> <span class='ocrx_word' id='word_1_637' title='bbox 2941 4190 3056 4244; x_wconf 78' lang='grc' dir='ltr'>ἀλλ’</span> <span class='ocrx_word' id='word_1_638' title='bbox 3089 4192 3194 4246; x_wconf 78' lang='grc' dir='ltr'>ὑπὸ</span> <span class='ocrx_word' id='word_1_639' title='bbox 3241 4194 3341 4263; x_wconf 84' lang='grc' dir='ltr'>τῆς</span> <span class='ocrx_word' id='word_1_640' title='bbox 3377 4195 3624 4260; x_wconf 76' lang='grc' dir='ltr'>ἐξουσίας</span> <span class='ocrx_word' id='word_1_641' title='bbox 3667 4199 3774 4251; x_wconf 85' lang='grc' dir='ltr'><strong>τῶν</strong></span> <span class='ocrx_word' id='word_1_642' title='bbox 3824 4197 3970 4268; x_wconf 81' lang='grc' dir='ltr'>ιερῶν</span> 
     </span>
    </p>
   </div>
   <div class='ocr_carea' id='block_1_87' title="bbox 2413 4279 3971 4357">
    <p class='ocr_par' dir='ltr' id='par_1_87' title="bbox 2413 4279 3971 4357">
     <span class='ocr_line' id='line_1_87' title="bbox 2413 4279 3971 4357; baseline 0.005 -26"><span class='ocrx_word' id='word_1_643' title='bbox 2413 4280 2506 4332; x_wconf 77' lang='grc' dir='ltr'>καὶ</span> <span class='ocrx_word' id='word_1_644' title='bbox 2551 4279 2711 4333; x_wconf 89' lang='grc' dir='ltr'>θείων</span> <span class='ocrx_word' id='word_1_645' title='bbox 2753 4281 3014 4347; x_wconf 86' lang='grc' dir='ltr'>κανόνων,</span> <span class='ocrx_word' id='word_1_646' title='bbox 3059 4285 3264 4353; x_wconf 87' lang='grc' dir='ltr'>νοητῶς</span> <span class='ocrx_word' id='word_1_647' title='bbox 3299 4287 3392 4338; x_wconf 70' lang='grc' dir='ltr'>καὶ</span> <span class='ocrx_word' id='word_1_648' title='bbox 3425 4287 3498 4357; x_wconf 83' lang='grc' dir='ltr'>μὴ</span> <span class='ocrx_word' id='word_1_649' title='bbox 3531 4287 3862 4357; x_wconf 82' lang='grc' dir='ltr'>βουλόμενοι,</span> <span class='ocrx_word' id='word_1_650' title='bbox 3892 4288 3971 4340; x_wconf 82' lang='grc' dir='ltr'>καὶ</span> 
     </span>
    </p>
   </div>
   <div class='ocr_carea' id='block_1_88' title="bbox 2412 4372 3968 4449">
    <p class='ocr_par' dir='ltr' id='par_1_88' title="bbox 2412 4372 3968 4449">
     <span class='ocr_line' id='line_1_88' title="bbox 2412 4372 3968 4449; baseline 0.008 -26"><span class='ocrx_word' id='word_1_651' title='bbox 2412 4372 2692 4443; x_wconf 83' lang='grc' dir='ltr'>ἀρχόμεθα</span> <span class='ocrx_word' id='word_1_652' title='bbox 2742 4375 2832 4426; x_wconf 75' lang='grc' dir='ltr'>καὶ</span> <span class='ocrx_word' id='word_1_653' title='bbox 2878 4375 3197 4444; x_wconf 85' lang='grc' dir='ltr'>πεισόμεθα.</span> <span class='ocrx_word' id='word_1_654' title='bbox 3252 4377 3410 4430; x_wconf 81' lang='grc' dir='ltr'>Ἀλλὰ</span> <span class='ocrx_word' id='word_1_655' title='bbox 3461 4379 3696 4448; x_wconf 79' lang='grc' dir='ltr'>δεόμεθά</span> <span class='ocrx_word' id='word_1_656' title='bbox 3749 4397 3839 4433; x_wconf 88' lang='grc' dir='ltr'><strong>σου</strong></span> <span class='ocrx_word' id='word_1_657' title='bbox 3881 4380 3968 4449; x_wconf 82' lang='grc' dir='ltr'>τῆς</span> 
     </span>
    </p>
   </div>
   <div class='ocr_carea' id='block_1_89' title="bbox 2411 4459 3970 4542">
    <p class='ocr_par' dir='ltr' id='par_1_89' title="bbox 2411 4459 3970 4542">
     <span class='ocr_line' id='line_1_89' title="bbox 2411 4459 3970 4542; baseline 0.008 -30"><span class='ocrx_word' id='word_1_658' title='bbox 2411 4462 2692 4530; x_wconf 75' lang='grc' dir='ltr'>ὁσιότητος</span> <span class='ocrx_word' id='word_1_659' title='bbox 2713 4479 2726 4493; x_wconf 78' lang='grc' dir='ltr'><strong>ο</strong></span> <span class='ocrx_word' id='word_1_660' title='bbox 2757 4463 2934 4516; x_wconf 88' lang='grc' dir='ltr'>κλῖνον</span> <span class='ocrx_word' id='word_1_661' title='bbox 2958 4464 3017 4515; x_wconf 83' lang='grc' dir='ltr'>τὸ</span> <span class='ocrx_word' id='word_1_662' title='bbox 3039 4459 3131 4526; x_wconf 76' lang='grc' dir='ltr'>οὖς</span> <span class='ocrx_word' id='word_1_663' title='bbox 3160 4481 3276 4527; x_wconf 88' lang='grc' dir='ltr'>σου,</span> <span class='ocrx_word' id='word_1_664' title='bbox 3308 4467 3400 4518; x_wconf 75' lang='grc' dir='ltr'>καὶ</span> <span class='ocrx_word' id='word_1_665' title='bbox 3424 4468 3726 4524; x_wconf 66' lang='grc' dir='ltr'>ἐπάκουσον</span> <span class='ocrx_word' id='word_1_666' title='bbox 3751 4473 3848 4542; x_wconf 83' lang='grc' dir='ltr'>τῆς</span> <span class='ocrx_word' id='word_1_667' title='bbox 3871 4490 3970 4541; x_wconf 78' lang='grc' dir='ltr'>φω-</span> 
     </span>
    </p>
   </div>
   <div class='ocr_carea' id='block_1_90' title="bbox 733 4547 2309 4634">
    <p class='ocr_par' dir='ltr' id='par_1_90' title="bbox 733 4547 2306 4619">
     <span class='ocr_line' id='line_1_90' title="bbox 733 4547 2306 4619; baseline 0 -18"><span class='ocrx_word' id='word_1_668' title='bbox 733 4547 996 4613; x_wconf 81' lang='lat' dir='ltr'><strong>medicus,</strong></span> <span class='ocrx_word' id='word_1_669' title='bbox 1027 4558 1088 4603; x_wconf 89' lang='lat' dir='ltr'><strong>ut</strong></span> <span class='ocrx_word' id='word_1_670' title='bbox 1116 4558 1299 4618; x_wconf 90' lang='lat' dir='ltr'><strong>pastor</strong></span> <span class='ocrx_word' id='word_1_671' title='bbox 1321 4549 1497 4604; x_wconf 86' lang='lat' dir='ltr'><strong>bonus</strong></span> <span class='ocrx_word' id='word_1_672' title='bbox 1518 4566 1675 4605; x_wconf 90' lang='lat' dir='ltr'><strong>ovem</strong></span> <span class='ocrx_word' id='word_1_673' title='bbox 1716 4566 1879 4605; x_wconf 91' lang='lat' dir='ltr'><strong>unam</strong></span> <span class='ocrx_word' id='word_1_674' title='bbox 1909 4551 2135 4619; x_wconf 87' lang='lat' dir='ltr'><strong>prohibe</strong></span> <span class='ocrx_word' id='word_1_675' title='bbox 2162 4564 2192 4602; x_wconf 88' lang='lat' dir='ltr'><strong>a</strong></span> <span class='ocrx_word' id='word_1_676' title='bbox 2217 4563 2306 4602; x_wconf 87' lang='lat' dir='ltr'><strong>sa-</strong></span> 
     </span>
    </p>
   </div>
   <div class='ocr_carea' id='block_1_91' title="bbox 2409 4547 3964 4634">
    <p class='ocr_par' dir='ltr' id='par_1_91' title="bbox 2411 4550 3964 4634">
     <span class='ocr_line' id='line_1_91' title="bbox 2411 4550 3964 4634; baseline 0.01 -33"><span class='ocrx_word' id='word_1_677' title='bbox 2411 4550 2510 4620; x_wconf 79' lang='grc' dir='ltr'>νῆς</span> <span class='ocrx_word' id='word_1_678' title='bbox 2536 4552 2712 4620; x_wconf 80' lang='grc' dir='ltr'>ήμῶν.</span> <span class='ocrx_word' id='word_1_679' title='bbox 2749 4553 2834 4615; x_wconf 83' lang='grc' dir='ltr'>Ὦς</span> <span class='ocrx_word' id='word_1_680' title='bbox 2867 4554 3047 4624; x_wconf 81' lang='grc' dir='ltr'>ἰατρὸς</span> <span class='ocrx_word' id='word_1_681' title='bbox 3074 4555 3412 4627; x_wconf 73' lang='grc' dir='ltr'>ἐπιστήμων,</span> <span class='ocrx_word' id='word_1_682' title='bbox 3433 4559 3510 4622; x_wconf 83' lang='grc' dir='ltr'>ὡς</span> <span class='ocrx_word' id='word_1_683' title='bbox 3530 4561 3734 4634; x_wconf 82' lang='grc' dir='ltr'>ποιμὴν</span> <span class='ocrx_word' id='word_1_684' title='bbox 3756 4564 3964 4631; x_wconf 76' lang='grc' dir='ltr'>ἀγαθὸς.</span> 
     </span>
    </p>
   </div>
   <div class='ocr_carea' id='block_1_92' title="bbox 732 4637 2309 4704">
    <p class='ocr_par' dir='ltr' id='par_1_92' title="bbox 732 4637 2309 4704">
     <span class='ocr_line' id='line_1_92' title="bbox 732 4637 2309 4704; baseline 0.001 -13"><span class='ocrx_word' id='word_1_685' title='bbox 732 4637 955 4702; x_wconf 73' lang='lat' dir='ltr'><strong>oriﬁcio,</strong></span> <span class='ocrx_word' id='word_1_686' title='bbox 985 4648 1039 4692; x_wconf 90' lang='lat' dir='ltr'><strong>et</strong></span> <span class='ocrx_word' id='word_1_687' title='bbox 1063 4653 1254 4693; x_wconf 87' lang='lat' dir='ltr'><strong>omnes</strong></span> <span class='ocrx_word' id='word_1_688' title='bbox 1281 4654 1312 4692; x_wconf 90' lang='lat' dir='ltr'><strong>a</strong></span> <span class='ocrx_word' id='word_1_689' title='bbox 1342 4640 1594 4693; x_wconf 81' lang='lat' dir='ltr'><strong>seandalo</strong></span> <span class='ocrx_word' id='word_1_690' title='bbox 1622 4641 1826 4694; x_wconf 89' lang='lat' dir='ltr'><strong>redime</strong></span> <span class='ocrx_word' id='word_1_691' title='bbox 1855 4657 1868 4704; x_wconf 88' lang='lat'>;</span> <span class='ocrx_word' id='word_1_692' title='bbox 1900 4655 1968 4693; x_wconf 89' lang='lat' dir='ltr'><strong>ne</strong></span> <span class='ocrx_word' id='word_1_693' title='bbox 2001 4640 2162 4693; x_wconf 90' lang='lat' dir='ltr'><strong>unius</strong></span> <span class='ocrx_word' id='word_1_694' title='bbox 2193 4653 2309 4692; x_wconf 81' lang='lat' dir='ltr'><strong>sca-</strong></span> 
     </span>
    </p>
   </div>
   <div class='ocr_carea' id='block_1_93' title="bbox 732 4723 2310 4798">
    <p class='ocr_par' dir='ltr' id='par_1_93' title="bbox 732 4723 2310 4798">
     <span class='ocr_line' id='line_1_93' title="bbox 732 4723 2310 4798; baseline 0.001 -20"><span class='ocrx_word' id='word_1_695' title='bbox 732 4723 819 4778; x_wconf 85' lang='lat' dir='ltr'><strong>bie</strong></span> <span class='ocrx_word' id='word_1_696' title='bbox 846 4733 954 4777; x_wconf 88' lang='lat' dir='ltr'><strong>tota</strong></span> <span class='ocrx_word' id='word_1_697' title='bbox 989 4726 1229 4780; x_wconf 85' lang='lat' dir='ltr'><strong>Ecclesia</strong></span> <span class='ocrx_word' id='word_1_698' title='bbox 1268 4737 1450 4781; x_wconf 88' lang='lat' dir='ltr'><strong>nostra</strong></span> <span class='ocrx_word' id='word_1_699' title='bbox 1487 4728 1774 4792; x_wconf 81' lang='lat' dir='ltr'><strong>inﬁcialur,</strong></span> <span class='ocrx_word' id='word_1_700' title='bbox 1802 4744 1962 4798; x_wconf 92' lang='lat' dir='ltr'><strong>quam</strong></span> <span class='ocrx_word' id='word_1_701' title='bbox 2020 4728 2310 4797; x_wconf 86' lang='lat' dir='ltr'><strong>acquisivit</strong></span> 
     </span>
    </p>
   </div>
   <div class='ocr_carea' id='block_1_94' title="bbox 734 4817 2310 4892">
    <p class='ocr_par' dir='ltr' id='par_1_94' title="bbox 734 4817 2310 4892">
     <span class='ocr_line' id='line_1_94' title="bbox 734 4817 2310 4892; baseline 0.003 -22"><span class='ocrx_word' id='word_1_702' title='bbox 734 4817 995 4871; x_wconf 87' lang='lat' dir='ltr'><strong>Dominus</strong></span> <span class='ocrx_word' id='word_1_703' title='bbox 1043 4826 1098 4872; x_wconf 93' lang='lat' dir='ltr'><strong>et</strong></span> <span class='ocrx_word' id='word_1_704' title='bbox 1144 4819 1288 4873; x_wconf 84' lang='lat' dir='ltr'><strong>Deus</strong></span> <span class='ocrx_word' id='word_1_705' title='bbox 1341 4828 1526 4873; x_wconf 91' lang='lat' dir='ltr'><strong>noster</strong></span> <span class='ocrx_word' id='word_1_706' title='bbox 1582 4820 1847 4890; x_wconf 79' lang='lat' dir='ltr'><strong>sanguine</strong></span> <span class='ocrx_word' id='word_1_707' title='bbox 1878 4837 1997 4875; x_wconf 89' lang='lat' dir='ltr'><strong>suo.</strong></span> <span class='ocrx_word' id='word_1_708' title='bbox 2043 4821 2118 4875; x_wconf 90' lang='lat' dir='ltr'><strong>De</strong></span> <span class='ocrx_word' id='word_1_709' title='bbox 2152 4820 2310 4892; x_wconf 88' lang='lat' dir='ltr'><strong>nugis</strong></span> 
     </span>
    </p>
   </div>
   <div class='ocr_carea' id='block_1_95' title="bbox 729 4911 2311 4986">
    <p class='ocr_par' dir='ltr' id='par_1_95' title="bbox 729 4911 2311 4986">
     <span class='ocr_line' id='line_1_95' title="bbox 729 4911 2311 4986; baseline 0.004 -23"><span class='ocrx_word' id='word_1_710' title='bbox 729 4911 877 4964; x_wconf 87' lang='lat' dir='ltr'><strong>enim</strong></span> <span class='ocrx_word' id='word_1_711' title='bbox 903 4919 1175 4982; x_wconf 85' lang='lat' dir='ltr'><strong>nugentur</strong></span> <span class='ocrx_word' id='word_1_712' title='bbox 1201 4912 1293 4981; x_wconf 93' lang='lat' dir='ltr'><strong>qui</strong></span> <span class='ocrx_word' id='word_1_713' title='bbox 1318 4912 1612 4976; x_wconf 75' lang='lat' dir='ltr'><strong>voluerint,</strong></span> <span class='ocrx_word' id='word_1_714' title='bbox 1648 4923 1702 4968; x_wconf 89' lang='lat' dir='ltr'><strong>et</strong></span> <span class='ocrx_word' id='word_1_715' title='bbox 1733 4913 2134 4969; x_wconf 81' lang='lat' dir='ltr'><strong>calumnientur</strong></span> <span class='ocrx_word' id='word_1_716' title='bbox 2161 4930 2311 4986; x_wconf 87' lang='lat' dir='ltr'><strong>syco-</strong></span> 
     </span>
    </p>
   </div>
   <div class='ocr_carea' id='block_1_96' title="bbox 732 5004 2308 5074">
    <p class='ocr_par' dir='ltr' id='par_1_96' title="bbox 732 5004 2308 5074">
     <span class='ocr_line' id='line_1_96' title="bbox 732 5004 2308 5074; baseline 0.003 -17"><span class='ocrx_word' id='word_1_717' title='bbox 732 5004 970 5074; x_wconf 61' lang='lat' dir='ltr'><strong>phantae.</strong></span> <span class='ocrx_word' id='word_1_718' title='bbox 1005 5004 1181 5059; x_wconf 86' lang='lat' dir='ltr'><strong>Parati</strong></span> <span class='ocrx_word' id='word_1_719' title='bbox 1215 5020 1404 5060; x_wconf 85' lang='lat' dir='ltr'><strong>sumus</strong></span> <span class='ocrx_word' id='word_1_720' title='bbox 1425 5007 1493 5061; x_wconf 89' lang='lat' dir='ltr'><strong>ad</strong></span> <span class='ocrx_word' id='word_1_721' title='bbox 1522 5023 1739 5064; x_wconf 89' lang='lat' dir='ltr'><strong>omnem</strong></span> <span class='ocrx_word' id='word_1_722' title='bbox 1767 5008 2158 5071; x_wconf 75' lang='lat' dir='ltr'><strong>defensionem,</strong></span> <span class='ocrx_word' id='word_1_723' title='bbox 2188 5023 2308 5063; x_wconf 52' lang='lat' dir='ltr'><strong>omo</strong></span> 
     </span>
    </p>
   </div>
   <div class='ocr_carea' id='block_1_97' title="bbox 733 5099 2309 5172">
    <p class='ocr_par' dir='ltr' id='par_1_97' title="bbox 733 5099 2309 5172">
     <span class='ocr_line' id='line_1_97' title="bbox 733 5099 2309 5172; baseline 0.003 -20"><span class='ocrx_word' id='word_1_724' title='bbox 733 5115 966 5169; x_wconf 89' lang='lat' dir='ltr'><strong>nemque</strong></span> <span class='ocrx_word' id='word_1_725' title='bbox 989 5099 1373 5156; x_wconf 82' lang='lat' dir='ltr'><strong>refutationem</strong></span> <span class='ocrx_word' id='word_1_726' title='bbox 1395 5103 1747 5158; x_wconf 72' lang='lat' dir='ltr'><strong>accusatoria:</strong></span> <span class='ocrx_word' id='word_1_727' title='bbox 1768 5103 2112 5172; x_wconf 90' lang='lat' dir='ltr'><strong>objectionis.</strong></span> <span class='ocrx_word' id='word_1_728' title='bbox 2136 5104 2309 5158; x_wconf 83' lang='lat' dir='ltr'><strong>Amici</strong></span> 
     </span>
    </p>
   </div>
   <div class='ocr_carea' id='block_1_98' title="bbox 731 5192 2310 5266">
    <p class='ocr_par' dir='ltr' id='par_1_98' title="bbox 731 5192 2310 5266">
     <span class='ocr_line' id='line_1_98' title="bbox 731 5192 2310 5266; baseline 0.001 -19"><span class='ocrx_word' id='word_1_729' title='bbox 731 5201 786 5247; x_wconf 88' lang='lat' dir='ltr'><strong>et</strong></span> <span class='ocrx_word' id='word_1_730' title='bbox 827 5192 1137 5247; x_wconf 85' lang='lat' dir='ltr'><strong>laudatores</strong></span> <span class='ocrx_word' id='word_1_731' title='bbox 1190 5194 1266 5248; x_wconf 91' lang='lat' dir='ltr'><strong>tui</strong></span> <span class='ocrx_word' id='word_1_732' title='bbox 1315 5210 1504 5249; x_wconf 91' lang='lat' dir='ltr'><strong>sumus</strong></span> <span class='ocrx_word' id='word_1_733' title='bbox 1538 5211 1551 5243; x_wconf 82' lang='lat'><strong>:</strong></span> <span class='ocrx_word' id='word_1_734' title='bbox 1589 5197 1641 5249; x_wconf 93' lang='lat' dir='ltr'><strong>in</strong></span> <span class='ocrx_word' id='word_1_735' title='bbox 1678 5197 1978 5266; x_wconf 87' lang='lat' dir='ltr'><strong>primisque</strong></span> <span class='ocrx_word' id='word_1_736' title='bbox 2037 5196 2310 5265; x_wconf 82' lang='lat' dir='ltr'><strong>piissimo-</strong></span> 
     </span>
    </p>
   </div>
   <div class='ocr_carea' id='block_1_99' title="bbox 731 5287 2307 5355">
    <p class='ocr_par' dir='ltr' id='par_1_99' title="bbox 731 5287 2307 5355">
     <span class='ocr_line' id='line_1_99' title="bbox 731 5287 2307 5355; baseline 0.001 -16"><span class='ocrx_word' id='word_1_737' title='bbox 731 5301 851 5339; x_wconf 90' lang='lat' dir='ltr'><strong>rum</strong></span> <span class='ocrx_word' id='word_1_738' title='bbox 907 5295 962 5340; x_wconf 91' lang='lat' dir='ltr'><strong>et</strong></span> <span class='ocrx_word' id='word_1_739' title='bbox 1034 5287 1490 5355; x_wconf 88' lang='lat' dir='ltr'><strong>triumphatorum</strong></span> <span class='ocrx_word' id='word_1_740' title='bbox 1560 5289 1908 5343; x_wconf 88' lang='lat' dir='ltr'><strong>dominorum</strong></span> <span class='ocrx_word' id='word_1_741' title='bbox 1978 5300 2307 5342; x_wconf 88' lang='lat' dir='ltr'><strong>nostrorum.</strong></span> 
     </span>
    </p>
   </div>
   <div class='ocr_carea' id='block_1_100' title="bbox 729 5375 2303 5450">
    <p class='ocr_par' dir='ltr' id='par_1_100' title="bbox 729 5375 2303 5450">
     <span class='ocr_line' id='line_1_100' title="bbox 729 5375 2303 5450; baseline 0.003 -20"><span class='ocrx_word' id='word_1_742' title='bbox 729 5375 974 5447; x_wconf 83' lang='lat' dir='ltr'><strong>Cumque</strong></span> <span class='ocrx_word' id='word_1_743' title='bbox 1010 5378 1143 5431; x_wconf 87' lang='lat' dir='ltr'><strong>tales</strong></span> <span class='ocrx_word' id='word_1_744' title='bbox 1170 5379 1364 5442; x_wconf 89' lang='lat' dir='ltr'><strong>simus,</strong></span> <span class='ocrx_word' id='word_1_745' title='bbox 1395 5380 1747 5448; x_wconf 89' lang='lat' dir='ltr'><strong>quamobrem</strong></span> <span class='ocrx_word' id='word_1_746' title='bbox 1783 5382 2018 5439; x_wconf 87' lang='lat' dir='ltr'><strong>turbatio</strong></span> <span class='ocrx_word' id='word_1_747' title='bbox 2048 5382 2070 5433; x_wconf 91' lang='lat'><strong>?</strong></span> <span class='ocrx_word' id='word_1_748' title='bbox 2101 5396 2204 5450; x_wconf 89' lang='lat' dir='ltr'><strong>qua</strong></span> <span class='ocrx_word' id='word_1_749' title='bbox 2237 5382 2303 5434; x_wconf 88' lang='lat' dir='ltr'><strong>de</strong></span> 
     </span>
    </p>
   </div>
   <div class='ocr_carea' id='block_1_101' title="bbox 730 5470 2300 5543">
    <p class='ocr_par' dir='ltr' id='par_1_101' title="bbox 730 5470 2300 5543">
     <span class='ocr_line' id='line_1_101' title="bbox 730 5470 2300 5543; baseline 0.002 -21"><span class='ocrx_word' id='word_1_750' title='bbox 730 5484 892 5523; x_wconf 80' lang='lat' dir='ltr'><strong>causa</strong></span> <span class='ocrx_word' id='word_1_751' title='bbox 923 5470 1178 5525; x_wconf 81' lang='lat' dir='ltr'><strong>evenient</strong></span> <span class='ocrx_word' id='word_1_752' title='bbox 1205 5487 1324 5541; x_wconf 65' lang='lat' dir='ltr'><strong>quae</strong></span> <span class='ocrx_word' id='word_1_753' title='bbox 1361 5481 1622 5526; x_wconf 87' lang='lat' dir='ltr'><strong>eventura</strong></span> <span class='ocrx_word' id='word_1_754' title='bbox 1655 5483 1800 5540; x_wconf 88' lang='lat' dir='ltr'><strong>sunt,</strong></span> <span class='ocrx_word' id='word_1_755' title='bbox 1833 5475 1876 5528; x_wconf 90' lang='lat' dir='ltr'><strong>si</strong></span> <span class='ocrx_word' id='word_1_756' title='bbox 1916 5474 2134 5543; x_wconf 86' lang='lat' dir='ltr'><strong>quidem</strong></span> <span class='ocrx_word' id='word_1_757' title='bbox 2165 5489 2300 5527; x_wconf 88' lang='lat' dir='ltr'><strong>con-</strong></span> 
     </span>
    </p>
   </div>
   <div class='ocr_carea' id='block_1_102' title="bbox 2408 4641 3965 4718">
    <p class='ocr_par' dir='ltr' id='par_1_102' title="bbox 2408 4641 3965 4718">
     <span class='ocr_line' id='line_1_102' title="bbox 2408 4641 3965 4718; baseline 0.008 -27"><span class='ocrx_word' id='word_1_758' title='bbox 2408 4641 2468 4693; x_wconf 76' lang='grc' dir='ltr'><strong>τὸ</strong></span> <span class='ocrx_word' id='word_1_759' title='bbox 2516 4641 2574 4692; x_wconf 81' lang='grc' dir='ltr'>ἒν</span> <span class='ocrx_word' id='word_1_760' title='bbox 2609 4641 2879 4711; x_wconf 88' lang='grc' dir='ltr'>πρόϐατον</span> <span class='ocrx_word' id='word_1_761' title='bbox 2924 4641 3100 4714; x_wconf 78' lang='grc' dir='ltr'>εἷρξαι</span> <span class='ocrx_word' id='word_1_762' title='bbox 3143 4645 3243 4716; x_wconf 81' lang='grc' dir='ltr'>τῆς</span> <span class='ocrx_word' id='word_1_763' title='bbox 3293 4648 3622 4718; x_wconf 76' lang='grc' dir='ltr'>ἱερουργίας,</span> <span class='ocrx_word' id='word_1_764' title='bbox 3656 4652 3746 4704; x_wconf 70' lang='grc' dir='ltr'>καὶ</span> <span class='ocrx_word' id='word_1_765' title='bbox 3784 4653 3852 4707; x_wconf 73' lang='grc' dir='ltr'><strong>τά</strong></span> <span class='ocrx_word' id='word_1_766' title='bbox 3882 4653 3965 4706; x_wconf 85' lang='grc' dir='ltr'>ὅλα</span> 
     </span>
    </p>
   </div>
   <div class='ocr_carea' id='block_1_103' title="bbox 2409 4734 3965 4819">
    <p class='ocr_par' dir='ltr' id='par_1_103' title="bbox 2409 4734 3965 4819">
     <span class='ocr_line' id='line_1_103' title="bbox 2409 4734 3965 4819; baseline 0.011 -33"><span class='ocrx_word' id='word_1_767' title='bbox 2409 4734 2812 4790; x_wconf 86' lang='grc' dir='ltr'>ἀσκανδάλιστα</span> <span class='ocrx_word' id='word_1_768' title='bbox 2853 4739 3146 4808; x_wconf 76' lang='grc' dir='ltr'>κερδῆσαιο</span> <span class='ocrx_word' id='word_1_769' title='bbox 3179 4742 3273 4794; x_wconf 72' lang='grc' dir='ltr'>καὶ</span> <span class='ocrx_word' id='word_1_770' title='bbox 3305 4743 3379 4813; x_wconf 84' lang='grc' dir='ltr'>μὴ</span> <span class='ocrx_word' id='word_1_771' title='bbox 3423 4747 3488 4815; x_wconf 78' lang='grc' dir='ltr'>τῇ</span> <span class='ocrx_word' id='word_1_772' title='bbox 3534 4745 3629 4798; x_wconf 88' lang='grc' dir='ltr'><strong>τοῦ</strong></span> <span class='ocrx_word' id='word_1_773' title='bbox 3673 4748 3788 4812; x_wconf 81' lang='grc' dir='ltr'>ἑνὸς</span> <span class='ocrx_word' id='word_1_774' title='bbox 3823 4749 3965 4819; x_wconf 67' lang='grc' dir='ltr'>ψώρα</span> 
     </span>
    </p>
   </div>
   <div class='ocr_carea' id='block_1_104' title="bbox 2409 4833 3963 4915">
    <p class='ocr_par' dir='ltr' id='par_1_104' title="bbox 2409 4833 3963 4915">
     <span class='ocr_line' id='line_1_104' title="bbox 2409 4833 3963 4915; baseline 0.006 -30"><span class='ocrx_word' id='word_1_775' title='bbox 2409 4833 2746 4904; x_wconf 82' lang='grc' dir='ltr'>λυμανθῆναι</span> <span class='ocrx_word' id='word_1_776' title='bbox 2805 4835 2904 4905; x_wconf 83' lang='grc' dir='ltr'><strong>τὴν</strong></span> <span class='ocrx_word' id='word_1_777' title='bbox 2957 4837 3080 4891; x_wconf 79' lang='grc' dir='ltr'>καθ’</span> <span class='ocrx_word' id='word_1_778' title='bbox 3120 4840 3266 4908; x_wconf 75' lang='grc' dir='ltr'>ἡμᾶς</span> <span class='ocrx_word' id='word_1_779' title='bbox 3313 4839 3670 4910; x_wconf 84' lang='grc' dir='ltr'>Ἐκκλησίαν,</span> <span class='ocrx_word' id='word_1_780' title='bbox 3718 4846 3781 4915; x_wconf 81' lang='grc' dir='ltr'><strong>ήν</strong></span> <span class='ocrx_word' id='word_1_781' title='bbox 3827 4861 3963 4914; x_wconf 86' lang='grc' dir='ltr'>περι-</span> 
     </span>
    </p>
   </div>
   <div class='ocr_carea' id='block_1_105' title="bbox 2411 4924 3956 5003">
    <p class='ocr_par' dir='ltr' id='par_1_105' title="bbox 2411 4924 3956 5003">
     <span class='ocr_line' id='line_1_105' title="bbox 2411 4924 3956 5003; baseline 0.006 -28"><span class='ocrx_word' id='word_1_782' title='bbox 2411 4924 2707 4989; x_wconf 79' lang='grc' dir='ltr'>εποιήσατο</span> <span class='ocrx_word' id='word_1_783' title='bbox 2726 4927 2752 4978; x_wconf 89' lang='grc' dir='ltr'><strong>ό</strong></span> <span class='ocrx_word' id='word_1_784' title='bbox 2775 4925 2976 4995; x_wconf 79' lang='grc' dir='ltr'>Κύριος</span> <span class='ocrx_word' id='word_1_785' title='bbox 3006 4928 3101 4980; x_wconf 75' lang='grc' dir='ltr'>καὶ</span> <span class='ocrx_word' id='word_1_786' title='bbox 3125 4927 3256 4990; x_wconf 81' lang='grc' dir='ltr'>Θεὸς</span> <span class='ocrx_word' id='word_1_787' title='bbox 3281 4928 3436 4998; x_wconf 81' lang='grc' dir='ltr'>ἡμῶν</span> <span class='ocrx_word' id='word_1_788' title='bbox 3462 4930 3541 5000; x_wconf 83' lang='grc' dir='ltr'>τῷ</span> <span class='ocrx_word' id='word_1_789' title='bbox 3563 4932 3745 5003; x_wconf 84' lang='grc' dir='ltr'>οἰκείῳ</span> <span class='ocrx_word' id='word_1_790' title='bbox 3765 4935 3956 5002; x_wconf 76' lang='grc' dir='ltr'>αἵματι.</span> 
     </span>
    </p>
   </div>
   <div class='ocr_carea' id='block_1_106' title="bbox 2411 5016 3959 5094">
    <p class='ocr_par' dir='ltr' id='par_1_106' title="bbox 2411 5016 3959 5094">
     <span class='ocr_line' id='line_1_106' title="bbox 2411 5016 3959 5094; baseline 0.005 -26"><span class='ocrx_word' id='word_1_791' title='bbox 2411 5016 2547 5085; x_wconf 73' lang='grc' dir='ltr'>Περὶ</span> <span class='ocrx_word' id='word_1_792' title='bbox 2605 5016 2712 5086; x_wconf 84' lang='grc' dir='ltr'><strong>γὰρ</strong></span> <span class='ocrx_word' id='word_1_793' title='bbox 2772 5018 3050 5088; x_wconf 76' lang='grc' dir='ltr'>φλυαριῶν</span> <span class='ocrx_word' id='word_1_794' title='bbox 3105 5020 3514 5092; x_wconf 77' lang='grc' dir='ltr'>φλυαρείτωσαν</span> <span class='ocrx_word' id='word_1_795' title='bbox 3561 5024 3606 5076; x_wconf 89' lang='grc' dir='ltr'><strong>οί</strong></span> <span class='ocrx_word' id='word_1_796' title='bbox 3647 5024 3959 5094; x_wconf 80' lang='grc' dir='ltr'>βουλόμενοι·</span> 
     </span>
    </p>
   </div>
   <div class='ocr_carea' id='block_1_107' title="bbox 2411 5108 3964 5187">
    <p class='ocr_par' dir='ltr' id='par_1_107' title="bbox 2411 5108 3964 5187">
     <span class='ocr_line' id='line_1_107' title="bbox 2411 5108 3964 5187; baseline 0.006 -28"><span class='ocrx_word' id='word_1_797' title='bbox 2411 5108 2504 5160; x_wconf 79' lang='grc' dir='ltr'>καὶ</span> <span class='ocrx_word' id='word_1_798' title='bbox 2533 5110 3041 5178; x_wconf 85' lang='grc' dir='ltr'>συκοφαντείτωσαν</span> <span class='ocrx_word' id='word_1_799' title='bbox 3076 5113 3126 5164; x_wconf 87' lang='grc' dir='ltr'><strong>οἰ</strong></span> <span class='ocrx_word' id='word_1_800' title='bbox 3157 5115 3510 5181; x_wconf 75' lang='grc' dir='ltr'>συκοφάνται.</span> <span class='ocrx_word' id='word_1_801' title='bbox 3543 5117 3785 5186; x_wconf 85' lang='grc' dir='ltr'>Ἐτοιμοί</span> <span class='ocrx_word' id='word_1_802' title='bbox 3813 5121 3964 5187; x_wconf 77' lang='grc' dir='ltr'>ἐσμεν</span> 
     </span>
    </p>
   </div>
   <div class='ocr_carea' id='block_1_108' title="bbox 2411 5199 3964 5279">
    <p class='ocr_par' dir='ltr' id='par_1_108' title="bbox 2411 5199 3964 5279">
     <span class='ocr_line' id='line_1_108' title="bbox 2411 5199 3964 5279; baseline -0.008 -8"><span class='ocrx_word' id='word_1_803' title='bbox 2411 5199 2544 5270; x_wconf 69' lang='grc' dir='ltr'><strong>πρδς</strong></span> <span class='ocrx_word' id='word_1_804' title='bbox 2583 5202 2764 5254; x_wconf 70' lang='grc' dir='ltr'>πᾶσαν</span> <span class='ocrx_word' id='word_1_805' title='bbox 2793 5202 3112 5271; x_wconf 76' lang='grc' dir='ltr'>ἀπολογίαν,</span> <span class='ocrx_word' id='word_1_806' title='bbox 3153 5205 3291 5275; x_wconf 82' lang='grc' dir='ltr'>πρὸς</span> <span class='ocrx_word' id='word_1_807' title='bbox 3319 5208 3500 5261; x_wconf 77' lang='grc' dir='ltr'>πᾶσαν</span> <span class='ocrx_word' id='word_1_808' title='bbox 3519 5208 3757 5261; x_wconf 87' lang='grc' dir='ltr'>διάλυσιν</span> <span class='ocrx_word' id='word_1_809' title='bbox 3780 5205 3964 5279; x_wconf 82' lang='grc' dir='ltr'>προτά-</span> 
     </span>
    </p>
   </div>
   <div class='ocr_carea' id='block_1_109' title="bbox 2411 5295 3962 5372">
    <p class='ocr_par' dir='ltr' id='par_1_109' title="bbox 2411 5295 3962 5372">
     <span class='ocr_line' id='line_1_109' title="bbox 2411 5295 3962 5372; baseline 0.006 -30"><span class='ocrx_word' id='word_1_810' title='bbox 2411 5307 2545 5354; x_wconf 89' lang='grc' dir='ltr'>σεως</span> <span class='ocrx_word' id='word_1_811' title='bbox 2579 5295 3040 5364; x_wconf 78' lang='grc' dir='ltr'>κατηγορητικῆς.</span> <span class='ocrx_word' id='word_1_812' title='bbox 3063 5297 3212 5349; x_wconf 79' lang='grc' dir='ltr'>Φίλοι</span> <span class='ocrx_word' id='word_1_813' title='bbox 3238 5298 3328 5350; x_wconf 75' lang='grc' dir='ltr'>καὶ</span> <span class='ocrx_word' id='word_1_814' title='bbox 3357 5299 3596 5370; x_wconf 84' lang='grc' dir='ltr'>ύμνηταί</span> <span class='ocrx_word' id='word_1_815' title='bbox 3624 5317 3714 5353; x_wconf 88' lang='grc' dir='ltr'><strong>σου</strong></span> <span class='ocrx_word' id='word_1_816' title='bbox 3744 5301 3962 5372; x_wconf 83' lang='grc' dir='ltr'>ὑπάρχο-</span> 
     </span>
    </p>
   </div>
   <div class='ocr_carea' id='block_1_110' title="bbox 2413 5385 3960 5454">
    <p class='ocr_par' dir='ltr' id='par_1_110' title="bbox 2413 5385 3960 5454">
     <span class='ocr_line' id='line_1_110' title="bbox 2413 5385 3960 5454; baseline 0.004 -20"><span class='ocrx_word' id='word_1_817' title='bbox 2413 5401 2510 5450; x_wconf 86' lang='grc' dir='ltr'><strong>μεν</strong></span> <span class='ocrx_word' id='word_1_818' title='bbox 2535 5397 2550 5412; x_wconf 87' lang='grc'><strong>·</strong></span> <span class='ocrx_word' id='word_1_819' title='bbox 2583 5385 2676 5436; x_wconf 73' lang='grc' dir='ltr'>καὶ</span> <span class='ocrx_word' id='word_1_820' title='bbox 2704 5385 2846 5454; x_wconf 85' lang='grc' dir='ltr'>μάλα</span> <span class='ocrx_word' id='word_1_821' title='bbox 2878 5402 2941 5454; x_wconf 90' lang='grc' dir='ltr'><strong>γε</strong></span> <span class='ocrx_word' id='word_1_822' title='bbox 2973 5387 3080 5439; x_wconf 88' lang='grc' dir='ltr'><strong>τῶν</strong></span> <span class='ocrx_word' id='word_1_823' title='bbox 3105 5388 3513 5443; x_wconf 79' lang='grc' dir='ltr'>εὐσεϐεστάτων</span> <span class='ocrx_word' id='word_1_824' title='bbox 3542 5391 3634 5443; x_wconf 77' lang='grc' dir='ltr'>καὶ</span> <span class='ocrx_word' id='word_1_825' title='bbox 3657 5390 3960 5445; x_wconf 74' lang='grc' dir='ltr'>καλλινίκων</span> 
     </span>
    </p>
   </div>
   <div class='ocr_carea' id='block_1_111' title="bbox 2408 5474 3961 5550">
    <p class='ocr_par' dir='ltr' id='par_1_111' title="bbox 2408 5474 3961 5550">
     <span class='ocr_line' id='line_1_111' title="bbox 2408 5474 3961 5550; baseline 0.006 -26"><span class='ocrx_word' id='word_1_826' title='bbox 2408 5474 2562 5542; x_wconf 79' lang='grc' dir='ltr'>ὴμῶν</span> <span class='ocrx_word' id='word_1_827' title='bbox 2595 5475 2889 5532; x_wconf 83' lang='grc' dir='ltr'>δεσποτῶν.</span> <span class='ocrx_word' id='word_1_828' title='bbox 2928 5478 3035 5530; x_wconf 75' lang='grc' dir='ltr'><strong>Καὶ</strong></span> <span class='ocrx_word' id='word_1_829' title='bbox 3063 5479 3231 5532; x_wconf 75' lang='grc' dir='ltr'>ὄντων</span> <span class='ocrx_word' id='word_1_830' title='bbox 3264 5481 3421 5550; x_wconf 80' lang='grc' dir='ltr'>ἡμῶν</span> <span class='ocrx_word' id='word_1_831' title='bbox 3452 5481 3643 5549; x_wconf 75' lang='grc' dir='ltr'>οὕτως,</span> <span class='ocrx_word' id='word_1_832' title='bbox 3679 5483 3818 5546; x_wconf 87' lang='grc' dir='ltr'>τίνος</span> <span class='ocrx_word' id='word_1_833' title='bbox 3861 5484 3961 5536; x_wconf 71' lang='grc' dir='ltr'>ἓνε-</span> 
     </span>
    </p>
   </div>
   <div class='ocr_carea' id='block_1_112' title="bbox 731 5559 2309 5646">
    <p class='ocr_par' dir='ltr' id='par_1_112' title="bbox 731 5559 2300 5634">
     <span class='ocr_line' id='line_1_112' title="bbox 731 5559 2300 5634; baseline 0.004 -21"><span class='ocrx_word' id='word_1_834' title='bbox 731 5559 894 5613; x_wconf 85' lang='lat' dir='ltr'><strong>traria</strong></span> <span class='ocrx_word' id='word_1_835' title='bbox 949 5560 1042 5613; x_wconf 90' lang='lat' dir='ltr'><strong>Dei</strong></span> <span class='ocrx_word' id='word_1_836' title='bbox 1104 5563 1434 5632; x_wconf 67' lang='lat' dir='ltr'><strong>praeceptis?</strong></span> <span class='ocrx_word' id='word_1_837' title='bbox 1466 5563 1667 5619; x_wconf 84' lang='lat' dir='ltr'><strong>Tribue</strong></span> <span class='ocrx_word' id='word_1_838' title='bbox 1699 5566 1854 5618; x_wconf 91' lang='lat' dir='ltr'><strong>nobis</strong></span> <span class='ocrx_word' id='word_1_839' title='bbox 1887 5581 2068 5620; x_wconf 87' lang='lat' dir='ltr'><strong>sacras</strong></span> <span class='ocrx_word' id='word_1_840' title='bbox 2108 5580 2300 5634; x_wconf 88' lang='lat' dir='ltr'><strong>preces</strong></span> 
     </span>
    </p>
   </div>
   <div class='ocr_carea' id='block_1_113' title="bbox 2409 5559 3959 5646">
    <p class='ocr_par' dir='ltr' id='par_1_113' title="bbox 2409 5562 3959 5646">
     <span class='ocr_line' id='line_1_113' title="bbox 2409 5562 3959 5646; baseline 0.007 -29"><span class='ocrx_word' id='word_1_841' title='bbox 2409 5582 2499 5617; x_wconf 87' lang='grc' dir='ltr'><strong>κεν</strong></span> <span class='ocrx_word' id='word_1_842' title='bbox 2531 5566 2564 5634; x_wconf 82' lang='grc' dir='ltr'><strong>ή</strong></span> <span class='ocrx_word' id='word_1_843' title='bbox 2594 5570 2805 5637; x_wconf 84' lang='grc' dir='ltr'>ταραχή</span> <span class='ocrx_word' id='word_1_844' title='bbox 2837 5586 2850 5632; x_wconf 90' lang='grc'>;</span> <span class='ocrx_word' id='word_1_845' title='bbox 2887 5562 3095 5634; x_wconf 72' lang='grc' dir='ltr'>οὗτινος</span> <span class='ocrx_word' id='word_1_846' title='bbox 3132 5571 3297 5640; x_wconf 86' lang='grc' dir='ltr'>χάριν</span> <span class='ocrx_word' id='word_1_847' title='bbox 3327 5573 3668 5644; x_wconf 84' lang='grc' dir='ltr'>συμϐήσεται</span> <span class='ocrx_word' id='word_1_848' title='bbox 3706 5575 3740 5629; x_wconf 73' lang='grc' dir='ltr'>ἃ</span> <span class='ocrx_word' id='word_1_849' title='bbox 3771 5575 3959 5646; x_wconf 78' lang='grc' dir='ltr'>συμϐή-</span> 
     </span>
    </p>
   </div>
   <div class='ocr_carea' id='block_1_114' title="bbox 729 5657 868 5705">
    <p class='ocr_par' dir='ltr' id='par_1_114' title="bbox 729 5657 868 5705">
     <span class='ocr_line' id='line_1_114' title="bbox 729 5657 868 5705; baseline 0.014 -2"><span class='ocrx_word' id='word_1_850' title='bbox 729 5657 868 5705; x_wconf 81' lang='lat' dir='ltr'><strong>tuas.</strong></span> 
     </span>
    </p>
   </div>
   <div class='ocr_carea' id='block_1_115' title="bbox 2407 5658 3955 5738">
    <p class='ocr_par' dir='ltr' id='par_1_115' title="bbox 2407 5658 3955 5738">
     <span class='ocr_line' id='line_1_115' title="bbox 2407 5658 3955 5738; baseline 0.01 -32"><span class='ocrx_word' id='word_1_851' title='bbox 2407 5671 2586 5720; x_wconf 86' lang='grc' dir='ltr'>σεται,</span> <span class='ocrx_word' id='word_1_852' title='bbox 2637 5658 2794 5729; x_wconf 73' lang='grc' dir='ltr'>εἴπερ</span> <span class='ocrx_word' id='word_1_853' title='bbox 2825 5661 3043 5714; x_wconf 70' lang='grc' dir='ltr'>ιναντία</span> <span class='ocrx_word' id='word_1_854' title='bbox 3070 5663 3179 5716; x_wconf 86' lang='grc' dir='ltr'><strong>τῶν</strong></span> <span class='ocrx_word' id='word_1_855' title='bbox 3210 5665 3302 5719; x_wconf 87' lang='grc' dir='ltr'><strong>τοῦ</strong></span> <span class='ocrx_word' id='word_1_856' title='bbox 3339 5665 3472 5719; x_wconf 88' lang='grc' dir='ltr'>Θεοῦ</span> <span class='ocrx_word' id='word_1_857' title='bbox 3507 5668 3955 5738; x_wconf 82' lang='grc' dir='ltr'>προσταγμάτων;</span> 
     </span>
    </p>
   </div>
   <div class='ocr_carea' id='block_1_116' title="bbox 2406 5745 3592 5830">
    <p class='ocr_par' dir='ltr' id='par_1_116' title="bbox 2406 5745 3592 5830">
     <span class='ocr_line' id='line_1_116' title="bbox 2406 5745 3592 5830; baseline 0.014 -33"><span class='ocrx_word' id='word_1_858' title='bbox 2406 5745 2640 5816; x_wconf 82' lang='grc' dir='ltr'>Χάρισαι</span> <span class='ocrx_word' id='word_1_859' title='bbox 2676 5751 2807 5817; x_wconf 77' lang='grc' dir='ltr'>ἡμῖν</span> <span class='ocrx_word' id='word_1_860' title='bbox 2832 5750 2931 5820; x_wconf 75' lang='grc' dir='ltr'>τὴν</span> <span class='ocrx_word' id='word_1_861' title='bbox 2960 5751 3113 5823; x_wconf 88' lang='grc' dir='ltr'>ἰεράν</span> <span class='ocrx_word' id='word_1_862' title='bbox 3138 5771 3230 5808; x_wconf 91' lang='grc' dir='ltr'><strong>σου</strong></span> <span class='ocrx_word' id='word_1_863' title='bbox 3261 5760 3592 5830; x_wconf 85' lang='grc' dir='ltr'>προσευχήν.</span> 
     </span>
    </p>
   </div>
  </div>
