4158 6472
175 413 334 476 1009

240 528 374 579 ΛΝ.
394 553 465 564 —-
500 521 630 588 Τοῖς
655 520 725 575 ἐν
755 520 834 585 τῷ
850 519 1255 575 Σακκουδίωνι
1286 519 1590 588 ἀδελφοῖς.
1635 518 1788 590 [νη’.]

1425 409 1964 468 EPISTOLARUM
1989 409 2136 466 LIB.
2176 409 2224 465 1ο

3341 409 3475 471 1010

2005 518 2202 572 XXXI.
2232 549 2294 557 —-
2331 517 2602 570 Fratribus
2624 520 2710 586 qui
2741 529 2858 572 sunt
2891 521 2945 572 in
2971 519 3316 573 Saccndionc.

607 634 847 685 Hortatur
872 635 932 685 ad
950 636 1279 684 constantiam
1309 636 1547 684 adversus
1566 648 1812 684 sacrarum
1835 630 2004 697 iegum
2032 634 2452 696 pra-varicatores.
2481 633 2682 695 (Baron.
2706 647 2785 682 an.
2807 634 2917 694 808,
2941 648 2990 683 n.
3019 634 3091 694 2.)

264 743 418 806 Ἐως
465 743 570 811 μὲν
614 736 683 813 ἦν
714 743 906 814 καιρὸς
935 740 1029 797 τοῦ
1061 743 1369 812 οἰκονομεῖν
1401 742 1496 794 καὶ
1524 739 1789 812 κρύπτειν

1963 737 2216 805 Quandiu
2271 747 2486 809 tempus
2533 739 2633 794 fuit
2659 739 3059 805 dissimulandi,
3089 744 3475 799 etoccnltandi

175 835 293 905 τὴν
317 833 581 887 ὑπόθεσιν
601 833 702 904 τῆς
725 834 1122 905 ἀκοινωνησίας
1148 833 1348 906 Ἰωσὴφ
1367 833 1461 887 τοῦ
1479 832 1786 903 οἰκονόμου,

187 925 503 996 ἐποιοῦμεν
551 924 734 989 τοῦτο,
766 925 934 979 τέκνα
963 924 1060 977 καὶ
1089 924 1329 994 ἀδελφοὶ,
1360 925 1459 977 οὐκ
1512 926 1576 977 ὲκ
1623 922 1789 992 φόϐου

181 1016 588 1088 κρατούμενοι,
630 1016 734 1070 κᾶν
778 1016 1101 1087 ἁμαρτωλοὶ
1145 1019 1524 1087 τυγχάνωμεν,
1585 1015 1699 1070 ἀλλ’
1731 1016 1790 1083 ἐξ

181 1107 555 1177 οἰκονομικῆς
579 1105 1042 1174 συγκαταϐἀσεως
1061 1121 1074 1136 ·
1101 1105 1499 1177 ἐκμιμούμενοι
1524 1123 1641 1169 πως
1663 1105 1789 1169 τοὺς

184 1198 390 1266 ἁγίους
425 1196 674 1269 Πατέρας
705 1197 863 1268 ήμῶν
883 1213 898 1227 ·
931 1196 1074 1250 καθά
1118 1199 1366 1250 κάκεῖνοι
1408 1199 1466 1250 ὲν
1499 1197 1679 1267 καιρῷ
1711 1197 1790 1267 τῷ

184 1288 373 1343 δέοντι
425 1288 721 1361 χρώμενοι,
764 1287 938 1360 ταύτῃ
997 1288 1346 1359 ὑπεξήγαγον
1395 1290 1623 1352 ἑαυτοὺς
1678 1289 1789 1342 τῶν

185 1380 566 1451 πειρασμῶν·
610 1379 672 1432 τὸ
714 1379 813 1449 μὲν
870 1379 1180 1449 φειδόμενοι
1224 1379 1333 1432 τῶν
1381 1379 1788 1450 ἀσθενεστέρων

187 1475 294 1526 καὶ
328 1471 641 1526 κακούντων
665 1488 680 1503 ·
708 1471 769 1524 τὸ
796 1471 853 1524 δὲ
884 1472 1080 1543 μικρὸν
1115 1471 1488 1537 ὑπενδιδόντες
1515 1470 1787 1544 κυϐερνη-

187 1567 372 1630 τικῶς
389 1585 402 1598 ⁸
435 1567 522 1618 ἵνα
545 1565 607 1617 τὸ
630 1565 964 1635 ζητούμενον
989 1565 1184 1636 μικρὸν
1206 1564 1431 1636 ὕστερον
1457 1564 1787 1619 ἀντιλάϐωσι

190 1658 557 1730 κατόρθωμα.
603 1658 772 1711 Ἐπὰν
821 1657 878 1710 δὲ
920 1657 1015 1711 νῦν
1067 1658 1366 1726 εὐδόκησεν
1395 1656 1599 1727 ἀγαθὸς
1627 1657 1788 1728 ήμῶν

188 1750 332 1812 Θεὸς
372 1749 453 1811 είς
503 1747 780 1819 προῦπτον
826 1747 1056 1817 ὲκϐἧναι
1088 1749 1190 1817 τὴν
1221 1748 1479 1802 ὑπόθεσιν
1510 1748 1783 1821 φανερῶς,

190 1841 328 1910 ἄρτι
356 1840 453 1893 καὶ
484 1839 793 1910 γράφομεν.
826 1840 951 1903 Πῶς
983 1839 1071 1906 δές
1101 1839 1188 1893 διὰ
1233 1839 1333 1910 τῆς
1366 1838 1461 1893 τοῦ
1499 1839 1783 1909 λογοθότου

191 1932 294 1986 τοῦ
330 1932 544 2002 Δρόμου
574 1931 685 2002 (εδ)
719 1933 1134 2002 ἐπερωτήσεως,
1177 1934 1271 1988 καὶ
1317 1933 1417 2003 τῆς
1448 1933 1586 2003 πρὸς
1623 1933 1787 1988 αὐτὸν

190 2025 293 2078 τοῦ
321 2026 757 2096 ἀρχιεπισκόπου
780 2025 1144 2095 ἀποκρίσεως.

265 2118 412 2187 Φησὶ
438 2120 570 2188 γὰρ,
603 2120 702 2172 Διά
727 2118 781 2172 τί
810 2117 914 2182 ἕως
944 2117 1036 2170 τοῦ
1067 2117 1338 2189 παρόντος
1368 2117 1430 2170 οὐ
1456 2118 1783 2172 συνεκοινώ-

194 2227 376 2279 νησας
424 2211 593 2280 ἡμῖν,
651 2212 746 2263 καὶ
793 2211 870 2280 τῷ
906 2210 1243 2281 πατριάρχῃ,
1279 2208 1551 2263 τοσούτων
1580 2209 1784 2282 ἑορτῶν

192 2300 568 2367 διελθουσῶν;
625 2303 718 2354 καὶ
761 2303 844 2355 ὅτι
883 2302 1002 2355 είπὲ
1036 2302 1322 2375 παρρησίᾳ
1354 2303 1413 2356 τὸ
1443 2305 1635 2358 αἴτιον.
1674 2303 1785 2357 Καὶ

194 2390 556 2460 ὡμολόγησεν
604 2394 633 2445 ὁ
680 2391 1149 2464 ἁρχιεπίσκοπος,
1202 2393 1300 2446 καὶ
1349 2393 1449 2447 οὐκ
1484 2395 1781 2467 ἠρνήσατο,

199 2481 299 2536 καὶ
324 2483 682 2554 ὡμολόγησεν
699 2499 713 2514 ·
765 2485 845 2538 ὅτι
876 2484 1002 2538 οὐτε
1033 2485 1171 2556 πρὸς
1198 2488 1328 2550 τοὺς
1353 2487 1600 2550 εὐσεϐεῖς
1627 2486 1785 2557 ήμῶν

207 2572 454 2640 βασιλεῖς
485 2572 596 2642 ἔχω
622 2589 696 2638 τι,
728 2573 837 2627 οὐδ’
862 2571 929 2628 αὖ
964 2575 1100 2643 πρὸς
1127 2575 1216 2628 τὸν
1244 2577 1614 2648 πατριάρχην·
1647 2576 1786 2631 ἀλλὰ

199 2661 342 2730 πρὸς
372 2660 463 2714 τὸν
492 2662 813 2732 οἰκονόμον,
865 2663 957 2718 τὸν
992 2667 1419 2732 στεφανώσαντα
1450 2665 1543 2720 τὸν
1573 2666 1782 2737 μοιχὸν,

199 2751 304 2804 καὶ
354 2750 446 2806 διὰ
485 2751 650 2806 τοῦτο
692 2753 1081 2825 καθῃρημένον
1118 2755 1271 2827 παρὰ
1299 2755 1407 2808 τῶν
1435 2758 1597 2829 ίερῶν
1623 2760 1786 2814 κανό-

198 2861 330 2898 νων.
372 2844 517 2916 Πρδς
569 2840 652 2910 οἷς
680 2846 976 2917 ἀπόκρισις
1006 2846 1100 2900 τοῦ
1129 2846 1419 2916 λογοθέτου
1441 2866 1456 2880 ·
1494 2851 1577 2904 ὅτι
1609 2853 1658 2905 οί
1692 2852 1785 2905 εὐ-

206 2937 390 3000 σεϐεῖς
418 2937 578 3006 ήμῶν
607 2937 848 3008 βασιλεῖς
883 2938 1074 3009 χρείαν
1104 2955 1200 2992 σου
1231 2939 1332 2993 οὐκ
1359 2939 1576 3012 ἔχουσιν
1595 2958 1610 2975 ο
1661 2942 1785 2998 οὐτε

200 3031 260 3081 ἂι)
288 3029 689 3101 Θεσσαλονικῇ,
724 3027 846 3082 οὐτε
876 3029 1035 3102 ἄλλῃ.

275 3121 423 3185 Ἕως
447 3122 640 3176 τούτου
673 3123 813 3194 μήτε
837 3122 1001 3186 εὐθὺς
1043 3123 1493 3197 ἀνταποκρίσεως
1516 3126 1786 3198 δοθείσης,

206 3214 350 3284 μήτε
377 3213 571 3283 ἐτέρας
597 3214 922 3287 ἑρωτήσεως
952 3215 1319 3288 προταθείσης
1346 3215 1451 3282 ἕως
1474 3218 1568 3271 τοῦ
1592 3219 1790 3290 παρόν·

203 3322 297 3367 ⁶ιὀς
347 3304 674 3358 διελθουσῶν
719 3306 943 3377 ⁴ήμερῶν
987 3307 1327 3379 δεκατριῶν·
1382 3311 1417 3380 ἦ
1469 3311 1657 3380 μόνον,
1705 3312 1788 3365 ὅτι

204 3395 580 3466 πεπόμφαμεν
629 3398 935 3468 γράμματα
1003 3399 1139 3470 πρὸς
1189 3397 1278 3452 τὸν
1331 3400 1489 3470 κῦριν
1529 3402 1786 3472 Συμεών·

204 3486 244 3542 ἃ
269 3485 418 3539 ινδον
441 3486 550 3540 τῶν
576 3489 923 3558 γραμμάτων
947 3489 1296 3559 ἐστείλαμεν·
1327 3490 1464 3560 πρὸς
1487 3491 1546 3544 τὸ
1567 3492 1792 3558 διαγνῶσ

207 3594 301 3632 ναι
333 3577 478 3648 ὔμᾶς
507 3579 608 3650 τὴν
633 3579 764 3651 ὃλην
789 3580 1019 3650 δύναμιν
1053 3580 1148 3634 τοῦ
1177 3581 1529 3652 πράγματος.
1566 3583 1794 3654 Ἐξηχή-

210 3674 280 3739 θη
310 3670 370 3723 δι
399 3672 432 3741 ή
464 3669 724 3733 ὑπόθεσις
755 3671 848 3724 ὲπί
879 3687 939 3723 τε
971 3669 1067 3723 τοῦ
1098 3674 1463 3744 πατριάρχου,
1489 3676 1583 3728 καὶ
1611 3676 1793 3747 πάσης

209 3764 310 3833 τῆς
341 3765 551 3828 πόλεως
584 3764 771 3833 σχεδόν
794 3779 807 3793 ·
868 3765 964 3817 καὶ
1007 3764 1114 3817 εἰσὶ
1152 3765 1250 3834 μὲν
1293 3765 1479 3819 πολλοὶ
1510 3769 1792 3822 συνθλιϐό-

214 3870 367 3924 μενοι
417 3855 512 3908 καὶ
561 3853 1044 3924 συμφθεγγόμενοι
1089 3856 1256 3925 ἡμῖν·
1306 3857 1444 3910 ἀλλὰ
1487 3859 1794 3930 νυκτερινοὶ

211 3943 505 4009 θεοσεϐεῖς,
537 3948 633 3998 καὶ
666 3948 740 4017 μὴ
767 3946 1062 4014 δυνάμενοι
1088 3947 1145 3998 ὲν
1187 3947 1330 4015 φωτὶ
1383 3950 1794 4022 παρρησιασθῆ-

211 4054 320 4090 ναι.
366 4035 558 4106 Ἡμεῖς
584 4037 664 4102 δὲ,
697 4039 869 4091 τέκνα
904 4037 1000 4091 καὶ
1028 4037 1281 4108 ἀδελφοὶ,
1317 4042 1384 4110 τῇ
1419 4043 1498 4105 είς
1524 4041 1659 4096 Θεὸν
1691 4060 1792 4095 πε-

212 4130 499 4200 ποιθήσει,
558 4133 654 4184 καὶ
702 4135 769 4202 τῇ
801 4135 900 4202 τῆς
927 4131 1187 4204 ἀληθείας
1218 4131 1532 4204 ἑδραιώσει,
1566 4137 1703 4208 αὐτῇ
1731 4154 1792 4190 τε

211 4225 277 4294 τῇ
326 4223 819 4292 προσγεγενημένη
872 4224 969 4276 καὶ
1019 4224 1401 4297 ἀποφανθείσῃ
1443 4226 1665 4281 ἐκϐάσει
1699 4226 1792 4281 τοῦ

209 4314 422 4368 δικαίου
469 4315 636 4368 κατὰ’
659 4317 726 4368 τὰ
773 4314 1164 4385 ὐποδειχθὲντα
1197 4316 1254 4369 εν
1283 4316 1362 4386 τῷ
1384 4317 1595 4388 κόσμῳ,
1630 4319 1709 4377 sic
1734 4335 1795 4372 τε

211 4407 302 4458 τὸν
329 4405 719 4477 μοιχεύσαντα,
760 4407 853 4458 καὶ
883 4405 1013 4470 τοὺς
1044 4409 1520 4478 συνεργήσαντας·
1555 4408 1796 4473 ἀκλινεῖς

211 4499 380 4567 ισμεν
423 4497 522 4567 τῆς
550 4496 772 4566 ἐντολῆς
806 4497 901 4550 καὶ
931 4497 1038 4551 τῶν
1065 4498 1348 4569 πατρικῶν
1377 4500 1614 4553 κανόνων
1635 4515 1649 4530 ·
1701 4502 1797 4554 καὶ⁵

211 4589 313 4642 οὐκ
361 4586 706 4660 ἑνδώσομεν,
772 4587 896 4642 οὐδὲ
945 4588 1299 4660 προδώσομεν
1343 4594 1443 4662 τὴν
1477 4591 1790 4646 εὐσέϐειαν·

213 4681 332 4735 οὐδ’
378 4681 440 4732 οὐ
495 4680 602 4750 μὴν
652 4681 1038 4751 καταλύσομεν
1092 4681 1128 4735 ἃ
1173 4681 1353 4745 καλῶς
1401 4684 1794 4755 προῳκοδομή-

1894 831 2181 885 consilium
2236 845 2346 885 non
2400 831 2837 886 communicandi
2880 848 3004 887 cum
3056 833 3296 904 Josepho
3327 852 3476 891 (eco-

1893 936 2078 984 nomo,
2138 921 2367 976 feetmus
2423 922 2494 986 id,
2535 922 2628 976 lilii
2659 937 2722 978 ac
2753 922 2968 987 fratres,
3005 939 3112 976 non
3153 935 3299 979 metu
3349 942 3476 981 cor-

1893 1009 2030 1077 repti
2057 1010 2305 1078 quamvis
2347 1017 2660 1078 peccatores
2703 1011 2915 1065 simus:
2951 1012 3044 1066 sed
3081 1011 3476 1082 dispensatorie

1892 1102 2418 1162 condescendentes,
2472 1101 2856 1170 imitantcsque
2899 1101 3300 1170 quodammodo
3347 1118 3475 1157 san-

1892 1201 2011 1247 ctos
2040 1193 2230 1249 Patres
2250 1203 2490 1256 nostros,
2514 1203 2785 1262 quatenus
2814 1203 2868 1247 et
2893 1194 2966 1246 illi
2999 1204 3310 1263 opportuno
3337 1205 3475 1250 tem-

1891 1301 2022 1354 pore
2058 1287 2200 1340 idem
2257 1287 2634 1351 observantes,
2689 1285 3073 1341 subduxerunt
3102 1287 3310 1356 seipsos
3358 1297 3475 1341 ten-

1892 1376 2217 1442 tationibus;
2264 1376 2464 1447 partim
2497 1377 2739 1447 quidem,
2769 1386 2826 1430 ut
2850 1375 3238 1431 infirmioribus
3277 1386 3332 1431 et
3381 1391 3474 1430 ve-

1890 1467 2145 1521 xantibus
2173 1476 2483 1537 parcerent,
2512 1467 2710 1537 partim
2739 1476 2798 1521 ut
2825 1467 3222 1537 aliquantulum
3285 1468 3475 1521 remit-

1893 1568 2094 1624 tentes,
2147 1560 2573 1629 gubernatorum
2625 1576 2797 1625 more,
2853 1575 3078 1631 scopum
3127 1559 3472 1629 postmodum

1888 1652 2240 1722 attingerent.
2300 1649 2456 1708 Nunc
2507 1668 2639 1707 vero
2686 1661 2972 1723 postquam
3026 1653 3232 1723 Optimo
3289 1660 3477 1706 nostro

1889 1744 2002 1799 Deo
2025 1745 2103 1799 sic
2135 1745 2310 1799 visum
2339 1753 2440 1810 est,
2464 1755 2524 1800 ut
2558 1746 2611 1799 in
2656 1755 2906 1815 apertum
2931 1761 3020 1800 res
3062 1745 3324 1815 prodiret,
3349 1743 3478 1799 scri-

1887 1838 2070 1894 bimus
2119 1847 2176 1892 et
2236 1837 2359 1907 ipsi.
2424 1835 2708 1901 Quomodo
2756 1845 2938 1890 autem
2971 1835 2995 1888 ἵ
3028 1834 3132 1890 Per
3186 1835 3476 1906 logothetae

1888 1930 2073 1986 Dromi
2119 1929 2604 2001 interrogationem
2655 1938 2711 1984 et
2757 1928 3160 1999 archiepiscopi
3239 1943 3472 1998 respon-

1888 2039 2120 2078 sronem.

1814 2091 1858 2147 Β
1960 2112 2052 2168 Sic
2074 2112 2220 2167 enim
2255 2113 2346 2166 ille
2378 2129 2393 2166 :
2453 2111 2565 2166 Cur
2602 2110 2891 2177 hactenus,
2954 2111 3151 2182 inquit,
3187 2110 3471 2165 nobiscum

1886 2221 1994 2260 non
2035 2205 2561 2270 communicas,ncc
2603 2219 2726 2258 cum
2785 2204 3091 2274 patriarcha
3139 2223 3151 2258 :
3211 2219 3334 2259 cum
3397 2212 3474 2258 tot

1886 2297 2007 2353 dies
2046 2298 2168 2353 testi
2201 2297 2605 2369 przeterierint?
2646 2297 2742 2352 Dic
2771 2313 2995 2354 causam
3027 2299 3384 2364 confidenter,
3417 2310 3472 2351 et

1887 2389 2173 2445 confessus
2222 2399 2307 2445 est
2350 2389 2817 2460 archiepiscopus,
2862 2398 2917 2444 et
2966 2405 3076 2444 non
3143 2390 3376 2461 negavit,
3420 2400 3475 2445 et

1888 2482 2176 2539 confessus
2206 2492 2335 2538 est:
2375 2481 2560 2553 Neque
2611 2483 2876 2538 adversus
2930 2483 3049 2553 pios
3115 2484 3474 2554 imperatores

1889 2585 2111 2632 nostros
2144 2576 2445 2647 quidquam
2498 2575 2692 2642 habeo,
2750 2591 2926 2645 neque
2980 2592 3172 2630 rursus
3209 2575 3473 2630 adversus

1896 2667 2267 2737 patriarcham
2303 2685 2316 2721 :
2369 2666 2460 2722 sed
2493 2668 2752 2722 adversus
2775 2682 3144 2731 teconomum,
3180 2669 3272 2738 qui
3318 2669 3476 2723 adni-

1891 2766 2066 2812 terum
2091 2757 2394 2822 coronavit,
2449 2755 2681 2825 ideoque
2731 2756 3012 2827 depositus
3061 2768 3146 2813 est
3172 2760 3344 2814 sacris
3384 2775 3476 2814 ca-

1891 2852 2150 2907 nonibus.
2185 2852 2266 2907 Ad
2296 2867 2416 2922 qttze
2447 2851 2718 2922 logotheta
2752 2869 2766 2906 :
2800 2849 2879 2905 Pii
2915 2853 3272 2920 imperatores
3305 2854 3477 2907 nostri

1894 2953 1944 3000 te
1969 2959 2108 3021 opus
2133 2959 2242 3000 non
2267 2943 2488 3009 habent,
2516 2959 2615 2998 nec
2643 2941 3065 3009 Thessalonicae,
3103 2960 3201 3000 nec
3234 2945 3390 2998 alihi.

1964 3119 2094 3177 Post
2143 3119 2258 3174 hazc
2303 3134 2481 3189 neque
2531 3135 2852 3189 responsum
2889 3121 3128 3190 amplius
3156 3122 3340 3175 datum
3375 3136 3479 3188 esr,

1897 3230 1998 3270 nec
2059 3215 2418 3284 interrogatio
2453 3214 2561 3268 alia
2607 3215 2929 3283 proposita:
2995 3230 3120 3270 cum
3188 3231 3362 3285 usque
3411 3219 3480 3272 ad

1898 3307 2045 3363 hunc
2087 3307 2232 3363 diem
2263 3306 2432 3378 elapsi
2462 3308 2573 3362 sint
2627 3306 2742 3362 dies
2804 3307 3064 3362 tredecim
3102 3326 3116 3364 :
3159 3309 3263 3363 nisi
3335 3309 3480 3380 quod

1897 3398 2110 3454 litteras
2184 3398 2437 3454 misimus
2483 3399 2547 3453 ad
2588 3399 2872 3454 dominum
2942 3399 3276 3464 Simeonem,
3345 3417 3482 3470 quas

1899 3492 2018 3546 istis
2041 3490 2393 3556 inseruimus,
2438 3501 2498 3544 ut
2522 3491 2690 3544 totius
2724 3490 2799 3544 rei
2832 3498 3085 3544 naturam
3113 3492 3477 3560 cognoscatis.

1898 3581 2151 3638 Pervenit
2180 3592 2363 3639 autem
2407 3599 2492 3638 res
2522 3584 2588 3637 ad
2637 3583 2965 3654 patriarchae
3005 3599 3192 3647 aures,
3220 3595 3276 3638 et
3315 3585 3481 3640 totius

1899 3676 2071 3731 ferme
2093 3676 2354 3733 civitatis.
2395 3676 2457 3732 Et
2502 3685 2632 3731 sunt
2680 3692 2814 3732 sane
2846 3675 3001 3731 multi
3037 3677 3129 3747 qui
3191 3676 3480 3730 nobiscum

1900 3768 2210 3839 atﬂigantur
2257 3776 2311 3824 et
2343 3769 2708 3833 consentiant,
2739 3769 2833 3824 sed
2866 3768 3124 3822 nocturni
3160 3767 3254 3823 Dei
3302 3767 3479 3824 culto-

1902 3876 2011 3927 res,
2044 3861 2137 3931 qui
2174 3861 2228 3916 in
2257 3861 2371 3915 sole
2395 3860 2700 3916 libertatem
2749 3860 3039 3916 ostendere
3095 3875 3202 3913 non
3244 3858 3476 3928 possint.

1899 3954 2013 4010 Nos
2045 3970 2196 4022 vero,
2244 3954 2339 4009 lilii
2371 3963 2425 4009 et
2476 3953 2693 4020 fratres,
2729 3953 2926 4008 lidueia
2961 3952 3015 4007 in
3071 3951 3241 4008 Deum
3269 3952 3400 4018 nixi,
3427 3961 3480 4008 et

1901 4047 2148 4101 veritatis
2176 4045 2548 4108 fundamento,
2590 4043 2821 4114 ipsoque
2862 4043 3160 4114 praeterito,
3208 4053 3263 4098 et
3297 4043 3477 4113 palam

1902 4139 2087 4210 agnito
2148 4139 2369 4209 iustitiae
2431 4147 2652 4203 eventu,
2687 4139 2741 4192 in
2793 4137 2859 4192 iis
2888 4152 3012 4208 quae
3059 4136 3297 4192 mundus
3348 4137 3482 4191 vidit

1904 4233 2048 4288 circa
2095 4232 2399 4286 adulterum
2456 4229 2684 4300 ejusque
2718 4229 2997 4299 adjutores
3030 4248 3043 4284 :
3079 4229 3387 4284 immobiles
3425 4229 3480 4284 in

1902 4323 2161 4378 mandato
2210 4322 2564 4393 paternisque
2590 4321 2894 4376 eanonibus
2941 4320 3264 4376 insistamns
3312 4336 3325 4373 :
3383 4334 3482 4373 nec

1902 4418 2168 4473 dedamtts
2198 4431 2323 4480 nos,
2363 4431 2462 4471 nec
2488 4416 2784 4485 prodamus
2811 4415 3068 4484 pietatem
3097 4429 3109 4465 :
3142 4426 3317 4480 neque
3344 4408 3482 4464 adeo

1903 4509 2252 4563 destruamus
2283 4523 2404 4577 quae
2438 4522 2533 4577 per
2553 4506 2730 4562 exsilii
2763 4504 3127 4561 conmantiam
3170 4512 3314 4558 ret-te
3347 4501 3482 4557 aedi-

1904 4597 2233 4664 ﬁcavimus;
2266 4613 2335 4653 ne
2381 4597 2515 4667 legis
2546 4595 2994 4667 praevaricatores
3034 4595 3317 4650 videantur
3347 4611 3360 4648 :
3395 4594 3481 4646 di-

1903 4691 2032 4744 vina
2057 4699 2237 4746 autem
2268 4690 2385 4761 lege
2417 4690 2592 4744 innixi
2630 4689 2932 4755 vincamus,
2972 4697 3031 4743 ut
3060 4697 3186 4743 ante
3228 4687 3480 4750 vicimus,

217 4788 426 4841 σαμεν,
479 4771 568 4825 διὰ
614 4773 715 4842 τῆς
756 4773 901 4826 κατὰ
929 4773 1030 4842 τὴν
1061 4773 1278 4842 ὲξορίαν
1311 4775 1657 4839 ὲνστάσεως·
1709 4776 1789 4828 ἴνα

1906 4784 2086 4838 omnia
2135 4793 2404 4852 Optantes,
2459 4783 2643 4838 omnia
2693 4785 3044 4843 sustinentes,
3086 4783 3132 4836 si
3170 4780 3483 4850 permiserit

219 4864 293 4935 μὴ
327 4861 742 4933 ἀποδειχθῶμεν
783 4863 1103 4932 παραϐάται
1135 4866 1302 4935 νόμου
1325 4881 1338 4894 ·
1392 4866 1542 4936 νόμῳ
1574 4867 1630 4920 δὲ
1665 4867 1795 4938 θείῳ

215 4953 577 5025 κρατούμενοι
607 4972 944 5024 κρατουμεν,
970 4953 1052 5018 ’ὡς
1077 4957 1632 5028 προκεκρατήκαμεν,
1659 4960 1794 5013 πᾶν·

212 5060 279 5096 τα
307 5041 652 5112 στέργοντες,
682 5048 864 5098 πάντα
890 5045 1281 5117 ὑπομένοντες,
1313 5047 1473 5118 εἴπερ
1497 5049 1592 5102 καὶ
1615 5065 1795 5121 παρα-

215 5137 453 5207 χωρήσει
484 5134 648 5198 Θεός·
698 5137 732 5207 ἢ
767 5139 866 5207 τῆς
896 5138 1110 5192 ἐκείνου
1144 5141 1238 5195 καὶ
1264 5141 1372 5194 τῶν
1397 5141 1548 5213 αὐτῷ
1579 5142 1789 5195 συλλει-

214 5226 590 5297 τουργούντων
615 5228 939 5298 μετέχοντες
963 5234 1268 5301 κοινωνίας,
1295 5234 1400 5296 ἕως
1425 5233 1490 5287 ἂν
1515 5235 1790 5306 παύσηται

214 5321 241 5372 ό
286 5318 675 5391 καθῃρημένος
722 5322 824 5393 τῆς
871 5325 1205 5397 ἱερουργίας.
1261 5329 1438 5383 Πολλὰ
1471 5329 1568 5384 οὖν
1604 5330 1794 5400 βαττοι

215 5410 537 5482 λογήσουσιν
589 5415 640 5467 οἰ
688 5415 1002 5486 ἄνθρωποιο
1055 5420 1384 5490 ἑμπαίζουσί
1426 5439 1486 5475 τε
1536 5424 1631 5477 καὶ
1673 5425 1796 5477 ὲπιιο

215 5503 576 5571 γελάσονται·
628 5507 725 5561 καί
766 5524 831 5577 γε
883 5509 946 5564 τὸ
991 5511 1373 5585 ἐλεεινότερον,
1418 5514 1527 5568 τῶν
1556 5516 1797 5587 ὁμοσχή’

285 5619 331 5652 ⁸⁹
356 5620 543 5676 Matth.
575 5636 629 5686 ι,
665 5619 751 5675 36.

1903 4875 2070 4939 Deus,
2108 4875 2453 4944 potiusquam
2487 4883 2544 4927 nt
2598 4872 2742 4928 illius
2797 4887 3096 4941 eorumque
3126 4871 3218 4941 qui
3257 4886 3378 4926 cum
3416 4886 3482 4924 eo

1899 4967 2228 5031 sacriﬁcant,
2267 4965 2708 5020 communionem
2765 4965 3113 5034 attingamus,
3162 4962 3340 5032 quoad
3372 4962 3482 5030 pri-

1897 5072 2054 5116 vetur
2087 5059 2366 5130 depositus
2405 5056 2728 5112 ministerio.
2754 5054 2922 5109 Multa
2949 5054 3111 5125 igitur
3137 5054 3483 5109 hlaterabnnt

1900 5152 2150 5206 homines
2171 5192 2184 5214 ,
2216 5151 2549 5221 illudentque
2594 5157 2648 5203 et
2678 5147 2982 5203 irridebnnt
3011 5164 3025 5200 :
3074 5145 3329 5216 quodque
3357 5160 3484 5212 gra-

1899 5244 2019 5298 vius
2035 5253 2139 5310 est,
2161 5259 2226 5299 ex
2249 5243 2314 5300 iis
2341 5244 2432 5313 qui
2450 5241 2690 5310 ejusdem
2715 5249 2844 5296 sunt
2874 5239 3114 5304 habitus,
3135 5247 3188 5292 et
3205 5236 3297 5307 qui
3321 5233 3481 5288 amici

1901 5352 2022 5391 esse
2037 5335 2311 5400 videntur,
2332 5351 2439 5389 non
2463 5335 2643 5404 pauci.
2664 5332 2768 5388 Sed
2797 5345 2994 5386 novum
3025 5329 3156 5382 nihil
3181 5345 3194 5382 :
3218 5327 3480 5395 scriptum

1901 5437 1987 5484 est
2014 5445 2026 5481 :
2068 5425 2136 5482 Et
2169 5428 2376 5483 inimici
2412 5427 2640 5480 hominis
2686 5424 2961 5479 domestici
2991 5422 3102 5491 ejus
3121 5423 3186 5475 ”.
3223 5420 3290 5474 Et
3320 5419 3372 5472 hi
3401 5417 3482 5471 le-

1904 5520 2144 5577 nocinati
2173 5528 2302 5577 sunt
2336 5518 2857 5589 subservieruntqnc
2894 5513 3210 5571 adulterinis
3251 5511 3480 5582 nuptiis,

1744 5710 1977 5772 ΝΟΤιΕ.

223 5870 334 5929 alii.

292 5802 405 5882 ('23)
439 5803 768 5873 Λογοθέτου
817 5804 922 5860 τοῦ
969 5804 1220 5875 Δρόμου.
1263 5803 1337 5862 De
1365 5819 1555 5862 cursus
1622 5804 1789 5874 publit

1894 5809 2136 5875 ogothcta
2205 5829 2297 5870 scn
2335 5817 2610 5887 pra’l'eeto,
2653 5815 3035 5887 Theophanes,
3086 5812 3390 5873 (Zetlrcnus,
3428 5821 3480 5868 et
