4158 6468
714 400 841 464 lOll

1902 398 1961 456 8ο
2003 394 2399 459 THEODORI
2451 394 2799 459 STUDITIE

3823 396 3958 460 1012

706 528 810 566 una
836 512 1084 574 ederunt,
1120 524 1225 564 una
1252 509 1525 574 biberunt,
1560 517 1614 563 et
1672 508 1943 563 calamum
1990 510 2268 565 tinxerunt

2374 529 2524 582 μων,
2575 510 2673 566 καὶ
2713 508 3030 582 ὁμοταγῶν,
3080 509 3176 563 καὶ
3212 509 3516 565 δοκούντων
3562 507 3705 567 εἶναι
3746 515 3958 583 φίλων,

702 604 757 657 in
791 603 1038 657 exsilium
1073 611 1339 655 nostrum.
1384 599 1490 655 Sed
1533 600 1795 655 Dominus
1823 600 1918 670 qui
1948 610 2059 655 tum
2082 617 2274 657 exsur-

705 693 840 747 rexit
880 693 945 747 ad
983 692 1245 746 ultionem
1282 691 1415 761 legis
1443 706 1577 755 suat,
1638 690 1870 745 adulteri
1922 691 2141 760 quidem
2188 708 2271 745 re-

700 801 865 853 gnum
897 784 1136 839 caecitate
1190 783 1466 853 perfregit,
1508 781 1687 836 socios
1733 789 1913 837 autem
1976 782 2270 852 ignominia

697 876 957 947 perfudit,
981 876 1119 930 sicut
1140 874 1449 930 sacerdotes
1472 873 1598 929 Baal
1624 892 1637 939 ;
1664 890 1761 928 nos
1785 873 2020 943 denique
2038 872 2272 928 humiles

698 978 891 1038 praeter
931 982 1079 1036 spem
1136 966 1203 1021 ad
1264 965 1652 1020 monasterium
1702 974 1947 1019 nostrum
2016 964 2268 1018 reduxit:

698 1061 813 1129 ipse
847 1059 986 1113 idem
1014 1074 1154 1113 nunc
1176 1058 1328 1112 adest
1358 1074 1373 1110 :
1412 1057 1543 1127 ipse,
1577 1058 1825 1125 quamvis
1854 1054 1921 1109 ad
1962 1054 2125 1109 breve
2149 1069 2270 1125 spa-

696 1152 832 1206 tium
875 1149 1183 1221 permiserit
1241 1150 1436 1203 iterum
1469 1148 1733 1205 nefariam
1788 1147 2268 1216 conjunctionem;

696 1250 932 1295 attamen
964 1257 1158 1295 rursus
1208 1239 1514 1309 improbare
1581 1239 1837 1309 dignatus
1885 1248 1971 1293 est
2029 1238 2268 1293 laetitiam

696 1331 1067 1400 copulantium
1116 1330 1414 1392 adulteros,
1442 1330 1773 1398 eosdemque
1829 1328 2129 1383 amantium
2166 1329 2269 1381 Na-

698 1438 1022 1486 zarmorum,
1065 1437 1160 1491 per
1206 1420 1580 1490 aequissimum
1606 1420 1872 1489 judicium
1906 1421 2121 1491 piorum
2165 1421 2271 1475 im-

696 1523 1005 1583 peratorum
1034 1522 1345 1567 nostrorum
1374 1512 1501 1581 :qui
1530 1511 1882 1565 reddiderunt
1900 1520 2019 1583 post
2043 1522 2269 1571 mortem

695 1604 1001 1658 adulterum
1036 1604 1291 1672 legitimae
1340 1603 1558 1673 conjugi
1597 1618 1730 1666 sum,
1787 1604 2089 1657 adulteram
2127 1604 2272 1672 apel—

694 1695 871 1751 lantes
909 1712 1028 1749 eam
1060 1711 1181 1765 qua:
1243 1695 1513 1750 moecham
1567 1694 1765 1749 fuerat.
1793 1702 1846 1749 et
1890 1694 2091 1765 prolem
2150 1694 2270 1763 ejus

693 1786 1056 1841 adulterinum
1127 1786 1469 1840 exhzeredem
1539 1785 1925 1853 relinquentes,
2012 1794 2267 1854 tanquam

2380 604 2481 657 ούκ
2527 602 2720 672 ὀλίγοι.
2786 602 2943 656 Ἀλλ’
2985 603 3141 656 οὐδὲν
3190 601 3361 667 ξένον.
3401 604 3439 656 Γ
3442 603 3755 675 έγραπταν
3801 627 3822 659 ε
3854 610 3957 661 Καὶ

2386 696 2573 767 ἐχθροὶ
2614 694 2710 749 τοῦ
2752 695 3063 766 ἀνθρώπου,
3088 697 3137 749 οἱ
3168 697 3433 750 οἰκειακοὶ
3459 697 3645 753 αὑτοῦ.
3676 719 3696 751 ε
3734 700 3850 755 Καὶ
3879 701 3959 756 ὅτι

2387 787 2543 840 αὐτοὶ
2578 787 3027 858 ὲμαστρόπησαν,
3063 787 3159 840 καὶ
3189 788 3561 857 συνήργησαν,
3591 788 3686 842 καὶ
3718 791 3958 859 συνέφα-

2385 895 2511 947 γον,
2550 878 2644 932 καὶ
2680 878 2933 931 συνέπιον
2965 877 3045 948 τῷ
3074 879 3305 949 μοιχικῷ
3332 882 3530 950 γάμῳ,
3580 881 3675 933 καὶ
3721 880 3818 935 τὸν
3854 885 3956 936 κά-

2385 972 2557 1040 λαμον
2590 970 2794 1040 ἔϐαψαν
2820 970 2913 1024 ἐπὶ
2935 973 2999 1042 τῇ
3024 970 3209 1043 ἐξορίᾳ
3230 971 3412 1042 ἡμῶν.
3429 972 3569 1030 Ἀλλ’
3593 974 3622 1025 ό
3644 972 3960 1043 ἐξεγερθείς

2386 1062 2592 1133 Κύριος
2609 1063 2729 1116 τότε
2762 1062 2841 1124 είς
2872 1062 3153 1131 ἐκδίκησιν
3181 1062 3275 1116 τοῦ
3301 1063 3468 1132 νόμου
3499 1064 3695 1118 αὐτοῦ’
3732 1067 3832 1119 καὶ
3860 1068 3960 1137 ῥή-

2378 1154 2475 1220 ξας
2503 1152 2603 1224 μὲν
2630 1152 2729 1224 τὴν
2752 1152 2847 1207 τοῦ
2876 1154 3265 1225 μοιχεύσαντος
3292 1153 3567 1225 βασιλείαν
3592 1159 3656 1227 τῇ
3676 1156 3959 1227 ἐκτυφλώ-

2380 1260 2504 1307 σει,
2559 1243 2926 1314 καταισχύνας
2974 1245 3033 1298 δὲ
3079 1244 3205 1310 τοὺς
3254 1245 3669 1316 συλλήπτορας,
3718 1249 3799 1313 ὡς
3830 1249 3956 1313 τοὺς

2364 1334 2473 1393 Ιτοῦ
2534 1336 2683 1390 Βάαλ
2748 1338 2955 1408 ἱερεῖς·
3020 1337 3368 1406 ἀπισυνάγων
3415 1337 3473 1391 δὲ
3523 1338 3625 1411 τὴν
3674 1341 3958 1412 ἡμετέραν

2378 1427 2711 1482 ταπείνωσιν
2763 1430 2844 1492 είς
2886 1429 2948 1481 τὸ
2983 1427 3113 1483 ίδιον
3144 1430 3509 1501 μοναστήριον
3540 1432 3669 1504 παρ’
3697 1432 3954 1498 ἑλπίδαςθ

2380 1520 2542 1584 αὐτὸς
2574 1520 2668 1574 καὶ
2699 1519 2796 1575 νῦν
2824 1521 3126 1593 πάρεστιν,
3173 1522 3357 1586 αὐτὸς,
3390 1523 3439 1576 εί
3469 1522 3566 1577 καὶ
3592 1524 3731 1595 πρὸς
3757 1526 3956 1595 μικρὸν

2378 1610 2744 1683 παρεχώρησε
2782 1613 2943 1669 πάλιν
2983 1613 3081 1683 τὴν
3117 1613 3375 1684 ἀθίμιτον
3418 1615 3783 1687 συμπλοκήνο
3838 1615 3958 1671 ἀλλ’

2378 1700 2537 1767 αὖθις
2578 1705 2873 1776 εὐδόκησεν
2913 1705 3424 1776 ἀποδοκιμασθῆναι
3452 1706 3552 1777 τὴν
3577 1707 3957 1778 ἑπιχαρμονὴν

2378 1797 2489 1849 τῶν
2526 1796 2925 1867 μοιχοζευκτῶν
2960 1797 3054 1849 καὶ
3090 1796 3424 1867 μοιχοφίλων
3455 1796 3804 1868 Ναξιραίων,
3864 1798 3955 1852 διά

695 1878 1032 1947 illegitimam
1081 1888 1137 1932 et
1173 1876 1469 1946 injustam;
1502 1885 1562 1931 ut
1594 1876 1830 1947 ipsimet,
1864 1892 1949 1931 me
1992 1877 2268 1940 audiente,

2375 1889 2475 1959 τῆς
2502 1888 2612 1943 τῶν
2638 1888 2878 1941 εὐσεϐῶν
2900 1887 3057 1957 ήμῶν
3083 1887 3347 1957 βασιλέων
3372 1887 3794 1959 δικαιοκρισίας’
3820 1890 3956 1943 ἀπο-

694 1968 1032 2021 aﬂirmarunt
1064 2010 1078 2032 ,
1113 1968 1267 2037 juxta
1315 1968 1467 2037 leges
1520 1968 1816 2021 Romanas.
1849 1967 1911 2020 Et
1963 1978 2140 2022 tamen
2177 1969 2268 2037 qui

694 2062 873 2115 scelus
905 2070 1191 2129 patrarunt
1225 2076 1331 2113 non
1366 2074 1424 2114 se
1455 2060 1662 2113 abdunt
1693 2080 1704 2114 :
1738 2074 1837 2113 nec
1858 2059 2095 2115 latebras
2120 2076 2266 2130 quaa-

693 2152 787 2215 rit,
825 2152 916 2221 qui
954 2152 1005 2205 in
1038 2152 1212 2206 sacris
1260 2150 1530 2220 precibus,
1572 2150 1624 2205 in
1693 2150 1989 2221 eonjugum
2039 2167 2271 2208 corona-

696 2244 843 2301 tione
870 2244 1105 2308 usitatis,
1138 2244 1400 2301 adversus
1430 2252 1680 2299 sanetum
1720 2243 1983 2312 Spiritum
2021 2246 2271 2313 blasphe-

695 2337 897 2394 tnavit:
930 2337 1021 2391 sed
1074 2337 1287 2401 insiliit,
1333 2335 1455 2392 l‘elis
1487 2336 1680 2400 instar,
1708 2337 1761 2390 in
1794 2334 2091 2393 Ecclesiam
2125 2338 2217 2391 Dei
2246 2357 2259 2393 :

682 2444 891 2484 "rursus
928 2428 1183 2493 exsultat,
1230 2444 1423 2487 rursus
1458 2428 1650 2497 incipit
1695 2444 1849 2483 sacra
1884 2430 2127 2499 polluere
2164 2444 2268 2485 suo

695 2521 989 2583 sacriﬁcio,
1028 2528 1083 2576 et
1109 2520 1454 2590 iniquitatem
1477 2520 1746 2589 justitiam
1772 2536 1889 2575 esse
1920 2522 2152 2591 probare
2187 2522 2271 2575 ni-

695 2613 849 2679 titur,
885 2622 959 2673 et.
981 2612 1124 2683 quod
1164 2612 1272 2666 dici
1311 2611 1468 2677 solet,
1506 2628 1565 2667 se
1602 2614 1783 2682 ipsum
1810 2614 2096 2667 ostendere
2120 2613 2269 2670 Prae-

696 2720 919 2760 cursore
972 2720 1037 2759 ac
1068 2704 1306 2774 Baptista
1352 2706 1706 2759 sanctiorem.
1743 2703 1879 2759 Cum
1905 2706 2049 2759 enim
2086 2720 2269 2774 repre-

697 2796 946 2851 henderit
1008 2796 1097 2851 ille
1132 2795 1358 2851 Herodis
1396 2795 1746 2861 adulterium,
1804 2805 1857 2849 et
1888 2810 1986 2865 pro
2044 2796 2271 2851 veritate

698 2897 926 2940 mortem
962 2885 1268 2955 oppetierit,
1299 2885 1387 2940 hic
1443 2886 1741 2940 secundum
1789 2884 2057 2938 Herodem
2119 2885 2271 2938 adul-

696 2977 833 3032 terio
863 2977 1189 3047 patr-factum
1248 2986 1301 3031 et
1356 2977 1658 3039 coronavit,
1700 2985 1753 3029 et
1810 2977 2130 3043 complexus
2182 2983 2269 3029 est

698 3086 873 3140 usque
913 3070 977 3123 ad
1011 3081 1265 3131 mortem,
1302 3084 1408 3123 non
1465 3069 1683 3139 quidem
1724 3069 1924 3133 verbis,
1979 3068 2070 3123 sed
2113 3068 2271 3123 lactis

694 3162 827 3230 ipsis
872 3161 1174 3232 praedicans
1224 3175 1440 3219 errasse
1495 3161 1759 3217 Joannem
1821 3159 2265 3215 Praecursorem:

2371 1980 2680 2044 δωσάντων,
2717 1978 2858 2049 μετά
2887 1978 2978 2031 τὸν
3007 1979 3254 2038 θάνατον.
3284 1977 3378 2031 τὸν
3412 1980 3603 2049 μοιχὸν
3634 1981 3703 2049 τῇ
3732 1979 3954 2051 νομίμῳ

2373 2070 2537 2125 αὑτοῦ
2582 2073 2833 2141 γαμετῇ*
2891 2069 3353 2123 ἀποκαλεσάντων
3396 2069 3455 2123 δὲ
3496 2071 3597 2141 τὴν
3626 2069 3951 2141 μαχλῶσαν,

2375 2163 2661 2234 μοιχαλίδα
2682 2179 2695 2193 °
2750 2163 2845 2217 καὶ
2888 2163 2952 2216 τὸ
2993 2162 3415 2233 μοιχογέννητον
3447 2161 3637 2216 τέκνον
3669 2163 3953 2217 ὲασάντων

2372 2258 2511 2326 ἀκλη
2520 2276 2633 2329 ρον,
2660 2258 2735 2322 ὼς
2758 2258 3019 2328 ἀθέμιτον
3042 2258 3138 2311 καὶ
3159 2255 3528 2329 ἀνομώτατον·
3548 2256 3624 2322 ὡς
3646 2259 3706 2311 ὲν
3725 2258 3951 2327 ἐπηκόῳ

2376 2368 2468 2422 μοι
2511 2353 2572 2406 τὸ
2616 2352 2797 2422 τίμιον
2845 2350 3023 2406 αὐτῶν
3071 2351 3247 2421 στόμα
3290 2351 3591 2423 λελάληκε,
3644 2351 3791 2404 κατά
3821 2351 3951 2414 τοὺς

2383 2443 2723 2514 Ῥωμαῖκοὺς
2780 2444 2998 2512 νόμους.
3060 2443 3215 2497 Ἀλλ’
3265 2445 3417 2515 ὅμως
3468 2445 3519 2497 οί
3566 2443 3949 2512 ἀνομήσαντες

2370 2536 2471 2591 οὐκ
2514 2535 2979 2604 ἑγκαλύπτονταιο
3018 2536 3142 2591 ούδὶ
3183 2537 3212 2590 δ
3240 2535 3383 2591 κατά
3426 2534 3523 2589 τοῦ
3572 2534 3729 2604 ἀγίου
3771 2535 3948 2588 Πνεύ-

2377 2646 2545 2697 ματος
2573 2628 2938 2699 δυσφημήσας
2971 2630 3029 2683 ὲν
3061 2633 3127 2701 τῇ
3160 2634 3297 2683 κατά
3326 2628 3427 2698 τὴν
3454 2627 3791 2697 στεφανικὴν
3822 2644 3949 2680 συν-

2372 2720 2567 2787 ἀφειαν
2595 2720 2717 2791 ἱερᾷ
2740 2724 3041 2791 προσευχῇ.
3072 2717 3399 2773 καταδύεται
3419 2735 3433 2748 ·
3460 2718 3579 2771 ἀλλ’
3602 2718 3946 2788 εἰσπηδήσας

2370 2808 2445 2872 ὡς
2491 2809 2710 2880 ἔλουρος
2757 2809 3086 2883 [αἴλουρος]
3135 2812 3193 2862 ὲν
3225 2812 3291 2880 τῇ
3331 2808 3627 2879 Ἐκκλησία
3656 2808 3753 2862 τοῦ
3782 2807 3946 2876 Θεοῦ,

2373 2900 2535 2953 πάλιν
2568 2901 2825 2965 ἅλλεται,
2869 2904 2964 2955 καὶ
2999 2901 3161 2952 πάλιν
3191 2901 3421 2970 ἄρχεται
3454 2899 3692 2970 μιαίνειν
3722 2900 3792 2954 τά
3816 2898 3947 2967 ἅγια

2371 2986 2458 3040 διὰ
2483 2988 2581 3056 τῆς
2606 2990 2946 3060 ἱερουργίας*
2982 2990 3074 3041 καὶ
3105 2989 3397 3058 φιλονεικεῖ
3446 2988 3547 3059 τὴν
3583 2990 3817 3059 ἀνομίαν
3869 2990 3948 3043 δι,

2373 3077 2669 3147 καιοσύνην
2697 3077 2985 3147 γνωρίσαν
3012 3077 3104 3130 καὶ
3130 3078 3190 3130 τὸ
3221 3078 3284 3147 δὴ
3312 3078 3627 3148 λεγόμενον,
3662 3079 3947 3145 ἀποδεῖξαι

2375 3169 2566 3221 ἑαυτὸν
2611 3169 2704 3222 τοῦ
2757 3169 3073 3239 ιιριιὸρόμου
3128 3169 3221 3222 καὶ
3272 3168 3576 3222 Βαπτιστοῦ
3625 3169 3944 3241 ὁσιώτερον,

693 3252 788 3320 qui
822 3230 1027 3320 injuste
1055 3259 1110 3306 et
1139 3251 1318 3321 inepte
1342 3251 1601 3321 arguerit,
1632 3259 1983 3320 martuusque
2017 3251 2107 3305 sit.
2130 3249 2268 3317 Quid

2388 3259 2629 3314 Ἑκείνου
2659 3260 2768 3330 γὰρ
2800 3230 3115 3329 ἐλέγχοντος
3146 3260 3245 3330 τὴν
3272 3259 3367 3315 τοῦ
3401 3258 3643 3331 Ἡρώδου
3674 3230 3943 3331 μοιχείαν,

693 3354 874 3405 autem
914 3340 1178 3396 Joannem
1231 3342 1355 3396 dico
1400 3344 1696 3397 maximum
1743 3344 1989 3396 omnium
2047 3354 2269 3398 sancto-

694 3435 875 3489 rum?
910 3433 1130 3489 Christo
1182 3434 1283 3504 ipsi
1351 3435 1518 3502 (quod
1557 3437 1906 3490 temerarium
1965 3444 2047 3492 est
2099 3437 2270 3507 dictu)

694 3523 1025 3581 contradixit
1079 3524 1508 3595 repugnavitque
1536 3523 1704 3596 impio
1727 3541 1821 3581 ore
1842 3542 1965 3581 suo.
2000 3526 2131 3581 Nam
2147 3542 2267 3581 cum

692 3614 997 3670 adulterum
1030 3625 1184 3671 vocet
1209 3615 1467 3671 Christus
1506 3632 1630 3672 eum
1663 3618 1755 3689 qui
1806 3618 2100 3690 legitimam
2134 3633 2269 3671 uxo-

693 3721 807 3760 rem
862 3706 1128 3769 dimittit:
1163 3709 1605 3781 adulteriumque
1650 3712 1722 3766 sit
1767 3726 1930 3781 grave
1962 3719 2267 3781 peccatum,

693 3799 985 3855 homicida:
1014 3817 1134 3871 par,
1159 3802 1641 3874 masculorumque
1669 3812 1723 3859 et
1753 3805 2038 3859 brutorum
2063 3819 2271 3861 concu-

694 3892 878 3957 hitori,
914 3894 1155 3951 veneﬁco
1181 3904 1233 3948 et
1264 3895 1584 3963 idololatrze,
1611 3905 1669 3952 ut
1698 3896 1858 3953 docet
1883 3911 2057 3952 canon
2090 3897 2269 3959 sancti

690 3982 880 4040 Basilii
907 3984 957 4019 ὀ
993 4002 1007 4045 ;
1040 3985 1127 4038 hic
1151 3985 1302 4045 illum
1336 3985 1400 4040 ad
1425 3987 1594 4043 altare
1623 3987 1849 4053 ducens,
1886 3989 1939 4043 in
1969 3989 2135 4043 totius
2173 4004 2270 4059 po-

693 4074 807 4144 puli
837 4090 1039 4129 corona
1076 4076 1271 4147 impias
1307 4077 1426 4133 illas
1472 4088 1663 4133 contra
1717 4077 1979 4148 Spiritum
2014 4089 2265 4135 sanctum

692 4178 852 4220 voces
891 4166 1051 4220 edere
1090 4182 1257 4222 ausus
1307 4176 1427 4233 est;
1474 4167 1813 4223 considerate
1839 4184 2002 4239 quam
2036 4168 2267 4223 horren-

690 4256 807 4320 das,
842 4272 1003 4327 quam
1043 4258 1311 4313 absurdas
1340 4277 1353 4313 :
1389 4278 1408 4311 ι
1447 4259 1551 4323 Τυ,
1581 4260 1831 4326 Domine,
1862 4260 2013 4315 mitte
2044 4276 2266 4315 manum

691 4358 840 4404 tuam
874 4364 936 4403 ex
970 4361 1158 4405 sancto
1186 4350 1494 4407 babitaculo
1526 4360 1634 4411 tuo.
1668 4359 1715 4406 et
1755 4351 2026 4421 conjunge
2062 4351 2269 4409 famulo

694 4450 786 4493 tuo
818 4439 1082 4497 famulam
1110 4451 1283 4508 tuam,
1323 4453 1590 4499 connecte
1614 4444 1736 4499 illos
1775 4445 1831 4499 in
1862 4454 2107 4501 mutuam
2134 4460 2267 4500 cun-

2373 3354 2466 3404 xal
2510 3352 2648 3423 ὑπὲρ
2684 3351 2943 3423 ἀληθείας
2974 3352 3301 3422 θνήσκοντος
3322 3369 3336 3382 ’
3395 3348 3550 3414 οὗτος
3577 3352 3670 3406 τδν
3692 3352 3947 3424 δεύτερον

2384 3440 2633 3513 Ἡρώδην
2667 3444 2733 3512 τῇ
2772 3444 2990 3515 μοιχείᾳ
3021 3442 3398 3513 δεδειγμένον,
3450 3444 3546 3498 καὶ
3574 3444 3944 3511 ἐστεφάνωσε,

2371 3535 2466 3586 καὶ
2516 3536 2908 3605 κατησπάσατο
2961 3535 3123 3605 μέχρι
3170 3535 3436 3590 θανάτου·
3496 3535 3675 3603 λόγοις
3709 3536 3811 3605 μὲν
3853 3535 3946 3604 οὒ,

2370 3622 2555 3694 ἔργοις
2582 3624 2639 3677 δὲ
2668 3625 2853 3687 αὐτοῖς
2879 3625 3272 3697 φθεγγόμενος,
3302 3626 3380 3690 ὡς
3396 3626 3751 3697 πεπλάνηται
3766 3626 3949 3682 Ἰωάνο

2371 3733 2471 3787 νης
2520 3718 2551 3770 ό
2594 3717 2942 3788 Πρόδρομος,
2999 3718 3217 3788 ἀνόμως
3251 3720 3346 3772 καὶ
3376 3718 3625 3789 ἀκαίροις
3663 3717 3949 3786 διελέγξας

2372 3810 2468 3863 καὶ
2502 3809 2811 3865 ἀποθανών.
2852 3810 2962 3863 Καὶ
2992 3810 3045 3861 τί
3075 3809 3140 3879 δὴ
3170 3810 3313 3878 λέγω
3357 3810 3613 3881 Ἰωάννην
3645 3808 3739 3863 τὸν
3771 3811 3947 3881 μείζω

2372 3900 2591 3959 πάντων
2620 3898 2827 3966 ἀγίων;
2882 3898 3031 3970 αύτῷ
3058 3899 3137 3969 τῷ
3162 3899 3419 3970 Χριστῷ,
3465 3900 3514 3953 εί
3546 3900 3642 3953 καὶ
3673 3899 3947 3971 τολμηρὸν

2371 3990 2579 4053 εἰπεῖν,
2614 3989 3019 4057 ἀντεφθέγξατο
3052 3990 3146 4042 καὶ
3174 3988 3579 4061 ἀπεμαχήσατο
3609 3988 3697 4042 διὰ
3730 3989 3832 4044 τοῦ
3857 3992 3944 4045 ιν-

2370 4074 2540 4148 αγοΰς
2589 4080 2756 4135 αὐτοῦ
2809 4080 3098 4149 στόματος.
3154 4079 3263 4133 Τοῦ
3311 4080 3420 4152 γάρ
3462 4079 3705 4153 Χριστοῦ
3755 4083 3945 4152 μοιχὸν

2369 4172 2814 4237 ἀποκαλέσαντος
2865 4174 2959 4227 τὸν
3003 4172 3238 4242 ἀφιέντα
3289 4174 3392 4245 τὴν
3432 4173 3665 4245 νόμιμον
3709 4178 3947 4243 γυναῖκα

2372 4263 2613 4336 (μοιχεία
2657 4264 2715 4318 δὲ
2746 4264 2808 4318 τὸ
2843 4264 3077 4335 χαλεπὸν
3110 4264 3449 4335 ἁμάρτημα,
3498 4264 3595 4318 καὶ
3625 4264 3945 4334 ίσοδύναμον

2372 4356 2617 4425 φονέως,
2668 4356 2764 4411 καὶ
2799 4358 3227 4428 ἀρῤενοφθόρου,
3264 4356 3359 4412 καὶ
3389 4356 3815 4425 ἀλογευομὶνου,
3850 4356 3945 4409 καὶ

2372 4448 2689 4519 φαρμακοῦ,
2705 4450 2798 4504 καὶ
2814 4449 3201 4519 είδωλολάτρου
3212 4488 3226 4509 .
3239 4449 3313 4511 ὡς
3328 4449 3355 4501 ὁ
3370 4447 3550 4500 κανὼν
3564 4446 3657 4505 τοῦ
3674 4447 3833 4513 ἀγίου
3848 4447 3946 4499 Βα-

689 4533 935 4587 cordiam
970 4551 984 4588 :
1014 4534 1104 4588 uni
1136 4550 1229 4590 eos
1269 4535 1320 4589 in
1369 4550 1595 4590 carnem
1629 4550 1820 4601 unam,
1860 4552 2000 4607 quos
2030 4536 2124 4591 tibi
2159 4537 2266 4607 pla-

2376 4541 2624 4610 σιλείου),
2651 4541 2814 4605 αὐτὸς
2843 4540 3030 4593 τοῦτον
3057 4539 3135 4609 τῷ
3160 4538 3531 4607 θυσιαστηρίῳ
3559 4537 3943 4607 παραστήσας.

689 4626 805 4680 cuit
834 4627 971 4683 inter
994 4643 1053 4682 se
1078 4628 1320 4694 copulari
1356 4647 1370 4683 ι
1414 4630 1760 4684 honorabiles
1814 4631 2035 4699 nuptias
2082 4631 2265 4695 redde,

692 4719 1102 4775 immaculatum
1126 4734 1321 4776 eorum
1367 4730 1544 4775 torum
1573 4722 1819 4776 custodi:
1866 4722 2112 4792 ipsorum
2135 4737 2267 4776 con-

690 4810 1003 4865 tuhernium
1042 4810 1425 4866 intaminatum
1467 4811 1520 4866 in
1547 4813 1710 4867 corde
1760 4827 1898 4883 puro
1945 4827 2265 4882 permanere

688 4900 949 4956 concede.
983 4919 1003 4954 ι

2378 4628 2543 4699 μέσον
2570 4629 2774 4692 παντὸς
2803 4628 2897 4681 τοῦ
2922 4628 3075 4691 λαοῦ,
3118 4628 3383 4697 ἐτόλμησε
3418 4626 3577 4697 ῥῆξαι
3604 4626 3700 4687 τάς
3728 4627 3945 4692 ἐναγεῖς

2374 4722 2594 4785 ὲκείνας
2620 4720 2804 4790 φωνὰς
2831 4720 2972 4774 κατά
3000 4718 3094 4771 τοῦ
3121 4720 3275 4786 ἀγίου
3298 4718 3434 4774 Πνεύ
3444 4734 3633 4787 ματος,
3659 4716 3837 4783 λέγων
3858 4713 3947 4768 ού-

2372 4826 2511 4873 τως’
2538 4811 2633 4864 καὶ
2668 4810 2919 4863 σκοπεῖτε
2964 4809 3023 4862 τὸ
3057 4809 3287 4879 φοϐερὸν
3325 4808 3421 4861 καὶ⁵
3454 4806 3717 4860 ἔκτοπονο
3749 4805 3942 4866 Αὐτὸς.

2373 4903 2644 4967 Δέσποτα,
2684 4922 2701 4954 ι
2732 4902 3112 4969 ὲξαπόστειλον
3141 4904 3237 4972 τὴν
3265 4900 3423 4970 χεῖρά
3449 4915 3543 4957 σου
3574 4897 3635 4961 ἐξ
3670 4898 3829 4964 ἁγίου
3849 4914 3945 4949 κα-

686 4994 1038 5065 τοικητηρίου
1072 5012 1189 5061 σου,
1214 4996 1308 5050 καὶ
1344 4996 1583 5066 ἅρμοσον
1615 4994 1694 5067 τῷ
1720 4995 1891 5065 δούλῳ
1918 5013 2010 5052 σου
2040 4997 2138 5065 τήν
2163 4994 2356 5065 δούλην
2385 5010 2500 5053 σου·
2538 4994 2795 5059 σύζευξον
2822 4995 3019 5057 αὐτοὺς
3049 4995 3105 5045 ὲν
3129 4989 3499 5063 ὁμοφροσύνη·
3524 4989 3724 5052 ενωσον
3744 4987 3944 5051 αὐτοὺς

688 5088 770 5151 είς
802 5090 982 5160 σάρκα
1011 5088 1161 5157 μίαν,
1189 5083 1271 5152 οἷς
1301 5087 1600 5158 εὐδόκησας
1659 5086 1998 5157 συναφθῆναι
2054 5085 2325 5156 ἀλλήλοις.
2368 5084 2563 5156 Τίμιον
2609 5085 2701 5139 τὸν
2741 5084 2922 5154 γάμον
2960 5081 3269 5148 ἀνάδειξον·
3324 5080 3588 5151 ἀμίαντον
3618 5078 3719 5136 τίαν
3748 5076 3940 5149 κοίτην

691 5177 872 5233 αὐτῶν
898 5178 1260 5250 διατήρησονο
1306 5178 1644 5249 ἀκηλίδωτον
1672 5178 1853 5230 αὐτῶν
1882 5176 1982 5246 τὴν
2016 5176 2320 5247 συμϐίωσιν
2349 5177 2621 5240 διαμεῖναι
2650 5175 2938 5245 εὐδόκησον
2970 5175 3028 5227 ιν
3054 5173 3272 5244 καθαρᾷ
3298 5174 3364 5242 τῇ
3391 5169 3612 5241 καρδίᾳ.
3641 5187 3661 5222 ε

761 5268 879 5333 Non
913 5267 1276 5324 exhorruistis
1329 5268 1443 5323 lucc
1474 5266 2080 5332 audientes?Quantam
2135 5281 2265 5321 crn-

688 5362 822 5418 setis
853 5360 1093 5431 Spiritus
1133 5361 1307 5416 sancti
1338 5359 1765 5429 indignationem
1800 5359 1965 5413 fuisse
2010 5356 2081 5411 ob
2114 5357 2264 5427 ejus-

692 5454 839 5510 modi
874 5453 1317 5523 blasphemiam?
1370 5454 1545 5519 Quam
1604 5452 1841 5521 graviter
1882 5466 1988 5505 una
2038 5464 2267 5504 succen-

692 5548 869 5603 suisse
900 5546 1124 5614 angelos
1150 5551 1366 5598 sanctos
1392 5543 1415 5595 ?
1447 5543 1553 5597 Aut
1594 5541 1869 5611 quomodo
1920 5557 2025 5595 non
2056 5541 2261 5602 statim,

689 5640 835 5693 velut
863 5637 1070 5691 Dathan
1116 5644 1172 5690 et
1198 5634 1427 5699 Abiron,
1466 5634 1773 5704 absumpsit
1798 5633 2085 5689 dehiscens
2121 5641 2262 5687 terra

760 5837 801 5869 πα
839 5834 1006 5903 Epist,
1032 5835 1099 5889 ad
1138 5832 1464 5905 Amp/tilum.
1505 5826 1624 5889 can.
1661 5832 1691 5885 7

2440 5267 2555 5319 Ούκ
2584 5261 2695 5336 ἆρα
2723 5264 2979 5336 ὲφρίξάτε
3014 5264 3328 5329 συνιέντες;
3363 5262 3537 5319 Πόσον
3561 5260 3770 5315 δοκεῖτε
3798 5275 3942 5332 παρ-

2367 5357 2654 5429 οξυνθῆναι
2674 5358 2735 5411 τὸ
2752 5357 2977 5427 Πνεῦμα
2991 5356 3050 5408 τὸ
3064 5355 3218 5423 ἅγιον
3235 5356 3294 5407 ιν
3310 5355 3374 5424 τῇ
3400 5350 3718 5423 βλασφημίᾳ
3739 5349 3943 5424 ταύτης

2369 5444 2465 5497 καὶ
2501 5443 2921 5514 συνοργισθῆναι
2948 5444 3077 5504 τοὺς
3103 5442 3289 5512 ἀγίους
3328 5442 3619 5511 ἀγγέλους;
3668 5440 3702 5510 ἢ
3736 5440 3857 5504 ¹πῶς
3884 5439 3944 5492 ού

2371 5537 2684 5608 παραυτίκα
2710 5532 2785 5599 ὦς
2806 5537 2897 5590 τὸν
2920 5536 3095 5590 Δαθάν
3119 5536 3213 5589 καὶ
3242 5532 3499 5604 ’Δϐειρὼν
3520 5532 3793 5587 ὑπέλαϐεν
3820 5535 3854 5603 ἠ
3876 5532 3944 5601 γῆ

2368 5630 2609 5703 χανοῦσα
2644 5629 2733 5683 τὸν
2766 5629 3055 5701 ύφηγητὴν
3087 5627 3183 5682 τοῦ
3213 5626 3443 5702 ψεύδους
3463 5666 3479 5691 ,
3530 5625 3625 5680 καὶ
3657 5624 3942 5679 δεικνύντα
