4158 6490
209 450 350 519 1013

1439 453 1983 519 EPISTOLARUM
2017 454 2169 519 LIB.
2201 458 2252 519 Ι.

3360 453 3500 521 1014

202 571 268 624 τὸ
328 570 523 633 σκότος
579 568 694 638 φῶς
715 609 730 635 ,
782 567 875 623 καὶ
915 567 1008 622 τὸν
1034 564 1270 639 Χριστὸν
1299 568 1380 631 είς
1407 568 1813 637 ἐναντιολογίαν

1920 571 2193 627 mendacii
2244 570 2707 642 promulgatorem
2743 586 2758 637 ;
2791 566 2885 640 qui
2909 567 3165 626 tenebras
3203 567 3380 626 lucem
3415 570 3501 626 di-

208 663 398 734 ἐαυτῷ
445 662 803 734 περιπίπτειν
851 659 1242 732 πειρώμενον;
1301 661 1529 725 Πάντῶς
1558 662 1668 733 γὰρ
1703 662 1807 716 ὃσα

203 760 234 812 6
281 758 469 829 ἱερεὺς
515 755 846 826 ὑποφαίνει,
900 753 1076 808 ταῦτα
1118 754 1214 806 καί⁸
1253 754 1281 806 6
1307 752 1438 818 Θεὸς
1473 753 1676 824 κυροῦν
1706 753 1806 806 ἐπ-

207 849 540 918 αγγέλλεται
562 889 576 909 .
631 846 774 900 κατὰ
803 846 897 899 τὸν
931 845 1106 916 μέγαν
1137 844 1435 901 Διονύσιον.
1486 844 1626 897 Ἀλλ’
1654 844 1807 915 ὅμως

206 942 458 996 τοιοῦτον
484 942 690 1012 δράσας
717 939 977 1009 πονηρὸν,
1006 939 1099 994 καὶ
1123 939 1250 1003 δοὺς
1270 939 1579 1008 ὑπόδειγμα
1605 938 1806 1000 κακίας

208 1038 328 1099 τοῖς
357 1034 696 1104 ὑποχειρίοις
726 1033 806 1096 είς
836 1032 1202 1103 ὁμοτροπίαν·
1240 1031 1268 1086 6
1297 1033 1393 1086 καὶ
1419 1031 1642 1100 γέγονεο
1680 1032 1809 1102 μᾶλ-

210 1128 306 1179 λον
360 1125 417 1178 δέ
471 1125 565 1178 καλ⁸
609 1126 724 1186 τοῖς
776 1123 968 1194 πόρρω
1007 1122 1272 1194 κρατοῦσι
1314 1122 1411 1174 καὶ
1445 1122 1738 1192 ἄρχουσιν·
1780 1122 1809 1175 6

211 1216 352 1270 καθ’
396 1217 658 1288 ὁμοίωσιν
708 1214 966 1283 ἐτελέσθη
1024 1215 1083 1268 ἐν
1131 1216 1199 1285 τῇ
1239 1214 1659 1286 Λογγοϐαρδίᾳ,
1713 1215 1809 1268 καὶ

213 1307 419 1379 Γοτθία
439 1350 453 1373 ,
505 1308 600 1361 καὶ
633 1309 746 1369 τοῖς
779 1305 1039 1375 κλίμασιν
1069 1304 1271 1374 αὐτῆς·
1310 1304 1434 1357 οὐδὲ
1466 1306 1576 1377 γὰρ
1607 1306 1665 1358 ἐν
1697 1307 1809 1369 τοῖς

215 1403 404 1457 ἔθνεσι
452 1399 699 1453 τοιοῦτόν
745 1415 798 1450 τι
846 1397 1212 1468 τετόλμηται·
1276 1399 1372 1451 καὶ
1414 1398 1474 1451 οὐ
1507 1397 1810 1468 καταισχύ-

217 1508 375 1544 νεται
406 1491 434 1542 6
461 1489 729 1551 δείλαιοςο
770 1486 911 1550 ἀλλ’,
948 1487 1023 1550 ὡς
1055 1487 1291 1557 εἴρηται,
1325 1486 1635 1557 λειτουργεῖ
1661 1490 1688 1540 6
1717 1489 1812 1541 ἀν-

223 1585 370 1654 ίερος
397 1599 408 1612 ·
468 1581 563 1634 καὶ
597 1580 726 1642 τοὺς
761 1578 944 1643 καλῶς
975 1579 1138 1633 αὐτὸν
1169 1579 1686 1650 ἀποστρεφομένους
1719 1577 1811 1643 ἐξ-

218 1676 428 1746 ορίζειν
475 1673 890 1740 κατεπείγεται.
945 1672 1150 1743 Κύριος
1185 1671 1243 1725 δὲ
1283 1671 1477 1743 βοηθὸς
1524 1671 1633 1724 τῶν
1670 1671 1812 1742 ὑπὲρ

217 1768 322 1834 τῆς
374 1766 599 1836 ἐντολῆς
645 1765 813 1819 αὐτοῦ
867 1764 1274 1834 ἐνισταμένων,
1329 1764 1388 1826 ὃς
1438 1763 1813 1836 παρακαλέσει

218 1859 323 1919 τὰς
357 1856 586 1926 καρδίας
617 1855 726 1908 τῶν
758 1853 1002 1908 εὐσεϐῶν
1030 1853 1188 1924 ήμῶν
1221 1853 1487 1923 βασιλέων
1511 1892 1524 1916 ,
1588 1854 1812 1923 ποιῆσαι

1909 665 2004 730 cit,
2036 663 2389 719 etChristum
2419 663 2472 717 in
2500 661 2808 718 contrarias
2837 661 3144 717 sententias
3179 661 3500 732 pertrahere

1907 754 2183 809 conatur?
2212 753 2445 808 Prorsus
2470 754 2615 809 enim
2653 769 2999 825 quaecunque
3029 755 3278 811 enuntiat
3313 770 3502 811 sacer-

1909 844 2032 912 dos,
2071 845 2262 898 eadem
2327 843 2471 900 Deus
2513 845 2842 900 confirmare
2879 860 2945 900 ac
2994 855 3113 900 rata
3170 845 3375 901 habere
3438 860 3500 900 se

1908 935 2390 1007 profitetur,juxta
2431 951 2690 1007 magnum
2726 936 3074 1007 Dionysium.
3114 936 3370 992 Attamen
3406 937 3501 1008 qui

1910 1026 2186 1098 flagitium
2227 1027 2329 1082 hoc
2369 1028 2664 1093 commisit,
2695 1027 2900 1099 quique
2925 1028 3294 1097 improbitatis
3314 1044 3504 1084 excin-

1909 1121 2059 1190 plum
2098 1119 2334 1175 subditis
2363 1119 2429 1174 ad
2477 1120 2837 1174 imitationem
2870 1120 3123 1191 praebuit,
3170 1129 3228 1174 nt
3266 1136 3357 1176 res
3386 1121 3500 1190 ipsa

1911 1215 2114 1279 docet;
2164 1215 2296 1285 quin
2352 1214 2517 1269 etiam
2558 1214 2746 1283 procul
2808 1215 3003 1284 positis
3052 1213 3394 1284 princrpibus
3448 1224 3504 1270 et

1912 1307 2188 1364 ducibus:
2222 1309 2365 1362 sicut
2393 1307 2505 1377 jam
2556 1307 2819 1362 imitando
2849 1307 3053 1361 factum
3085 1316 3166 1362 est
3198 1308 3250 1360 in
3284 1307 3501 1378 Longo-

1913 1397 2105 1452 bardia
2135 1407 2190 1453 et
2236 1397 2456 1452 Gouhia
2485 1397 2717 1468 ejusque
2747 1397 3060 1453 confinibus
3090 1400 3133 1430 "
3166 1415 3182 1453 :
3212 1414 3321 1452 non
3354 1383 3511 1453 enini

1912 1490 2053 1558 apud
2089 1490 2317 1559 gentiles
2367 1490 2475 1544 tale
2526 1490 2653 1560 quid
2704 1497 3090 1558 perpetratur:
3162 1504 3333 1560 neque
3376 1505 3504 1545 eru-

1913 1583 2087 1637 bescit
2113 1582 2298 1646 miser,
2331 1582 2424 1636 sed
2454 1583 2742 1646 sacrificat,
2773 1583 2916 1638 sicut
2967 1582 3175 1637 dictum
3216 1593 3321 1648 est,
3375 1598 3502 1652 pro-

1913 1671 2111 1728 fanus:
2144 1682 2198 1726 et
2226 1687 2319 1727 eos
2380 1672 2474 1742 qui
2521 1672 2698 1742 ipsum
2748 1674 2945 1726 merito
2980 1684 3325 1737 aversantur,
3361 1672 3501 1727 rele-

1916 1781 2043 1837 gare
2065 1774 2315 1820 conatur.
2351 1764 2614 1820 Dominus
2675 1773 2855 1818 autem
2906 1764 3125 1833 adjutor
3175 1779 3362 1820 eorum
3406 1762 3501 1835 qui

1918 1875 2018 1931 pro
2075 1859 2195 1930 ejus
2229 1859 2485 1913 mandato
2534 1859 2861 1912 decertant:
2920 1857 3012 1927 qui
3052 1857 3289 1913 inflectet
3336 1858 3503 1914 corda

218 1952 322 2020 τὴν
364 1950 647 2017 ἐκδίκησιν
693 1949 794 2017 τῆς
834 1946 1164 2017 Ἐκκλησίας
1196 1945 1383 2008 αὐτοῦ,
1427 1945 1679 2015 καθάπερ
1714 1947 1807 1998 ἐπὶ

1920 1927 2132 2024 piorum
2158 1954 2573 2023 imperatorum,
2606 1951 2920 2006 utvindices
2936 1967 2997 2006 se
3019 1952 3292 2021 praebeant
3312 1952 3503 2006 Eccle-

218 2041 317 2094 τοῦ
367 2041 595 2112 μοιχοῦ,
660 2041 747 2094 ἵνα
791 2040 885 2093 καὶ
928 2040 1117 2092 τοῦτον
1167 2037 1434 2108 εὐδοκήσῃ
1474 2038 1806 2108 ἐκϐληθῆναι

218 2134 324 2204 τῆς
372 2134 724 2204 ἱερουργίας·
783 2131 876 2186 ἐπί
911 2148 971 2184 τε
1018 2129 1328 2199 λυσιτελείᾳ
1370 2129 1464 2182 τοῦ
1496 2131 1806 2199 ἀγιωτάτου

224 2226 574 2296 πατριάρχου
595 2265 609 2288 ,
653 2223 747 2278 καὶ
781 2224 964 2292 πάσης
995 2222 1095 2292 τῆς
1123 2221 1424 2293 καθολικῆς
1457 2221 1806 2295 Ἐκκλησίας.

295 2319 390 2372 Διὸ
420 2319 695 2388 θαρσεῖτε,
727 2317 896 2369 τέκνα
927 2315 1021 2368 καὶ
1047 2314 1297 2384 ἀδελφοί·
1341 2314 1438 2368 καὶ
1468 2314 1542 2385 μὴ
1567 2314 1806 2381 δείσητε,

226 2413 368 2484 μηδέ
399 2409 778 2479 καταπέσητε.
817 2407 1026 2478 Καιρὸς
1053 2407 1369 2477 ὁμολογίας,
1402 2407 1592 2478 καιρὸς
1620 2408 1810 2461 ἐνστά-

224 2521 391 2569 σεως,
433 2501 626 2571 καιρὸς
659 2500 940 2568 ἀθλήσεως
963 2540 978 2564 ,
1018 2500 1182 2570 τυχὸν
1215 2501 1311 2554 καὶ
1343 2499 1520 2553 ἄλλων
1545 2499 1809 2568 παθημά-

221 2613 337 2648 των
358 2610 370 2622 ·
411 2591 549 2646 ἀλλὰ
574 2593 666 2644 καὶ
695 2591 975 2659 στεφάνων
1007 2591 1099 2644 καὶ
1129 2589 1286 2659 δόξης
1315 2589 1659 2660 ἐπουρανίου.
1701 2590 1811 2657 Φη-

227 2691 284 2741 σὶ
316 2689 424 2757 γάρ
444 2705 455 2717 ·
508 2683 658 2739 Ἀλλ’
686 2685 723 2751 ἢ
758 2683 897 2749 τοὺς
928 2680 1294 2747 δοξάζοντάς
1314 2698 1390 2750 με
1421 2681 1681 2746 δοξάσω,
1713 2679 1810 2734 καὶ

226 2787 260 2837 o'
303 2777 648 2846 ἐξουθενών
676 2794 753 2845 με
787 2775 1284 2853 ἀτιμασθήσεται.
1336 2776 1477 2837 Καὶ,
1520 2772 1814 2842 Μακάριοι

227 2877 284 2928 ol
315 2873 401 2944 μὴ
431 2871 821 2934 ἐκκλίνοντες
855 2868 972 2923 ἀπὸ
1010 2865 1131 2921 τῶν
1159 2866 1425 2920 ἐντολῶν
1452 2866 1658 2920 αὑτοῦ.
1697 2866 1812 2930 Διὸ,

228 2967 477 3032 Χαίρετε
512 2962 608 3016 καὶ
641 2960 1046 3031 ἀγαλλιᾶσθε,
1091 2960 1180 3014 ὅτι
1215 2962 1247 3013 ό
1271 2959 1492 3028 μισθὸς
1520 2959 1662 3028 ὑμῖν
1701 2960 1815 3021 τοῖς

232 3055 568 3125 ὑπομένουσι
613 3054 808 3118 πολὺς
845 3052 914 3105 ἐν
947 3051 1073 3116 τοῖς
1140 3051 1451 3118 οὐρανοῖςο
1493 3050 1602 3102 τῶν
1636 3049 1814 3121 ἔργων

230 3147 390 3216 ὑμῶν
436 3144 651 3215 ἔχεσθε.
715 3144 835 3197 Τῶν
885 3142 1150 3213 βασιλέων
1196 3141 1358 3212 ήμῶν
1415 3140 1812 3212 ὑπερεύχεσθε,

227 3242 328 3295 τοῦ
347 3237 783 3311 ἀρχιερέως,τοῦ
807 3235 1141 3307 ἐκϐληθῆναι
1158 3235 1248 3288 τὸν
1276 3235 1476 3304 Ἰωσὴφ
1500 3234 1566 3285 ἐκ
1593 3233 1688 3286 τοῦ
1720 3232 1815 3286 θυ-

1915 2047 2009 2102 siae
2037 2062 2168 2112 suae,
2204 2045 2663 2116 quemadmodum
2697 2044 2752 2098 in
2781 2045 3028 2100 adultero
3061 2063 3072 2098 :
3107 2045 3342 2114 ejicique
3363 2045 3509 2099 hunc

1915 2139 2129 2209 placeat
2161 2152 2324 2194 sacro
2356 2137 2686 2202 ministerio,
2727 2146 2888 2206 prout
2919 2137 3136 2206 expedit
3165 2136 3507 2192 sanctissimo

1917 2230 2237 2300 patriarcha:
2265 2235 2471 2299 totique
2497 2229 2755 2287 Ecclesiae
2785 2229 3091 2284 catholicae.

1990 2322 2350 2390 Quamobrem
2375 2321 2650 2386 confidite,
2679 2321 2769 2374 filii
2801 2336 2865 2376 ac
2883 2321 3077 2375 fratres
3100 2338 3114 2375 :
3135 2328 3189 2375 et
3216 2336 3283 2374 ne
3307 2329 3509 2375 terrea-

1917 2416 2074 2480 mini,
2108 2429 2207 2469 nec
2261 2413 2632 2468 succumbite.
2666 2411 2907 2481 Tempus
2955 2411 3338 2477 confessionis,
3370 2422 3509 2467 tem»

1918 2521 2020 2576 pus
2063 2504 2408 2567 resistentia,
2469 2511 2685 2573 tempus
2736 2502 3120 2567 certaminum,
3168 2502 3513 2571 aliorumque

1921 2596 2156 2650 fortasse
2197 2595 2576 2660 afllictionum,
2611 2594 2704 2650 sed
2756 2603 2812 2649 et
2844 2609 3195 2660 coronarum,
3239 2604 3297 2650 et
3328 2595 3513 2664 glorias

1920 2691 2179 2745 cmlestis.
2218 2690 2304 2743 Ait
2335 2689 2478 2742 enim
2504 2705 2516 2742 :
2545 2685 2646 2742 Sed
2679 2687 3043 2758 gloriﬁcantes
3067 2704 3147 2742 me
3173 2687 3507 2759 gloriﬁcabo,

1921 2794 1969 2836 et
1992 2784 2082 2853 qui
2105 2782 2386 2835 contemnit
2418 2796 2496 2833 me
2544 2781 2644 2834 erit
2705 2778 2951 2850 ignobilis
2973 2779 3042 2833 θ’.
3080 2778 3189 2833 Et:
3225 2778 3380 2832 Beati
3419 2777 3511 2849 qui

1922 2891 2022 2928 non
2059 2874 2324 2927 declinant
2378 2889 2410 2924 a
2459 2870 2730 2925 mandatis
2779 2870 2892 2939 ejus
2924 2870 2989 2924 ”.
3025 2871 3150 2925 Ideo
3199 2867 3434 2924 Gaudete
3460 2877 3510 2921 et

1921 2966 2202 3028 exsultare,
2237 2963 2490 3034 quoniam
2532 2979 2726 3016 merces
2755 2963 2921 3028 vobis,
2958 2977 3081 3018 cum
3103 2962 3507 3028 sustinueritis,

1922 3054 2093 3109 multa
2121 3063 2197 3108 est
2232 3056 2288 3106 in
2317 3052 2460 3107 cwlis
2486 3050 2555 3106 “.
2579 3050 2847 3122 Operibus
2876 3053 3073 3107 vestris
3097 3051 3287 3107 intenti
3315 3061 3507 3108 estote.

1923 3150 2029 3203 Pro
2054 3148 2476 3218 imperatoribus
2519 3148 2722 3203 nosu‘is
2772 3157 2923 3202 orate
2969 3165 2982 3201 :
3021 3163 3121 3217 pro
3154 3147 3463 3217 patriarcha
3489 3185 3507 3211 ,

1927 3252 1986 3296 ut
2011 3242 2261 3308 ejiciatur
2291 3238 2491 3311 Joseph
2526 3239 2595 3294 ab
2644 3240 2808 3293 altari
2839 3257 2851 3304 ;
2896 3255 2994 3309 pro
3046 3254 3177 3308 pace
3207 3238 3467 3296 Ecclesiae
3496 3261 3509 3296 :

233 3331 596 3402 σιαστηρίου,
647 3330 745 3400 τῆς
794 3328 1021 3398 εἰρήνης
1064 3327 1164 3397 τῆς
1194 3327 1552 3396 Ἐκκλησίαςο
1592 3325 1817 3395 πορευό-

1925 3333 2269 3389 ambulantes
2309 3331 2364 3386 in
2395 3332 2480 3385 via
2529 3331 2882 3388 immaculata
2913 3331 2981 3398 ”,
3009 3333 3061 3386 in
3097 3333 3372 3387 mandatis
3392 3332 3512 3402 ejus

237 3443 392 3496 μενοι
426 3427 482 3478 ἐν
509 3423 612 3493 eeo
637 3420 890 3492 ἀμώμῳ,
943 3421 1002 3472 ἐν
1045 3421 1166 3482 ταῖς
1200 3418 1440 3481 ἐντολαῖς
1465 3417 1626 3471 αὑτοῦ
1668 3417 1825 3486 θελή-

237 3535 433 3582 σαντες
484 3517 724 3587 σφόδρασ
789 3516 848 3567 ἐν
902 3513 1053 3584 πάσῃ
1103 3512 1244 3583 καλῇ
1294 3511 1667 3576 καταστάσει,
1729 3508 1825 3564 καὶ

237 3615 503 3681 κανονικῇ
551 3607 870 3664 διαϐιώσει·
928 3605 1037 3669 ἕως
1094 3607 1161 3659 ἂν
1209 3605 1485 3675 ἀκούσητέ
1535 3622 1588 3657 τι
1637 3603 1822 3671 πλέον,

235 3707 270 3774 ἢ
319 3704 413 3758 καὶ
461 3705 622 3774 ἡμεῖς
667 3697 1042 3770 σημανοῦμεν.
1091 3696 1152 3752 '0
1184 3697 1418 3768 Χριστὸς
1477 3694 1600 3767 μεθ’
1633 3695 1821 3766 ὑμῶν’

237 3802 271 3868 ἡ
301 3798 565 3857 Θεοτόκος
599 3792 883 3848 σκέπουσα
909 3792 1085 3862 ὑμᾶς·
1120 3792 1148 3843 6
1179 3789 1490 3862 Πρόδρομος
1521 3793 1618 3843 καὶ
1646 3790 1674 3842 6
1699 3788 1830 3841 Geo-

237 3890 400 3959 λόγος
451 3886 814 3957 φρουροῦντες
844 3885 1022 3954 ὑμᾶς’
1059 3886 1109 3938 oi
1163 3883 1309 3952 ἀγιοι
1347 3882 1552 3944 πάντες
1591 3885 1659 3953 τῇ
1694 3882 1826 3952 εὐχῇ

239 3983 335 4040 τοῦ
385 3981 596 4052 Πατρός
640 3996 744 4050 μου
793 3979 888 4031 καὶ
927 3977 1141 4049 Πατρὺς
1173 3974 1349 4046 ὑμῶν.
1404 3975 1623 4036 Πάντας
1659 3991 1830 4044 προσ-

241 4072 497 4145 αγορεύω
549 4071 670 4126 κατ’
710 4070 885 4141 ὄνομα
977 4071 1012 4140 ή
1065 4068 1225 4140 χάρις
1269 4065 1366 4120 τοῦ
1413 4064 1625 4136 Κυρίου
1671 4063 1829 4136 ήμῶν

255 4165 433 4238 Ἰησοῦ
459 4163 698 4237 Χριστοῦ
729 4163 872 4217 ἔστω
900 4164 1037 4217 ιιετά
1060 4162 1280 4215 πάντων
1305 4159 1334 4214 ὑ
1343 4157 1480 4229 μῶν,
1502 4157 1672 4212 τέκνα
1693 4160 1830 4231 ήγασ

245 4271 319 4324 πη
330 4253 492 4323 μένα.
532 4254 587 4305 Ἀ
598 4254 727 4324 μήν.

565 4387 1046 4453 ΛΒ’.--Νικολάῳ
1072 4388 1514 4456 Χαρτουλαρίῳ.

1922 3427 2165 3481 volentes
2211 3424 2378 3478 nimis
2399 3425 2444 3455 ⁸⁸
2482 3440 2496 3478 :
2530 3423 2585 3477 in
2629 3425 2778 3477 omni
2833 3424 3058 3478 honesta
3121 3424 3511 3478 constitutione

1923 3528 1977 3573 et
2014 3517 2275 3572 canonica
2307 3515 2727 3571 conversatione
2762 3534 2773 3570 :
2812 3516 2991 3585 quoad
3043 3516 3244 3585 aliquid
3276 3515 3510 3586 amplius

1923 3608 2180 3671 audiatis,
2209 3616 2302 3661 aut
2333 3623 2363 3661 a
2391 3606 2547 3661 nobis
2601 3605 2954 3676 significetur.
2991 3605 3249 3661 Christus
3295 3608 3369 3662 sit
3415 3623 3510 3661 vo-

1925 3700 2178 3765 biscum;
2243 3696 2470 3768 Deipara
2518 3705 2808 3768 protegens
2880 3713 3018 3765 vos;
3097 3697 3412 3754 Pmcursor
3457 3709 3511 3753 et

1918 3790 2227 3862 Theologus
2267 3791 2637 3846 custodientes
2676 3805 2772 3845 vos
2802 3807 2816 3855 ;
2846 3791 3018 3845 sancti
3064 3806 3290 3854 omnes,
3330 3791 3508 3861 preci-

1917 3885 2020 3940 bus
2060 3885 2240 3940 Patris
2289 3884 2420 3950 mei,
2453 3899 2516 3938 ac
2545 3883 2724 3940 Patris
2754 3885 2946 3941 vestri.
2977 3885 3179 3940 Omnes
3205 3887 3384 3939 saluto
3412 3899 3509 3938 no-

1918 3977 2187 4031 minatim.
2254 3975 2440 4031 Gratia
2491 3975 2705 4029 Domini
2756 3977 2930 4030 nostri
3000 3975 3131 4032 Jesu
3193 3975 3400 4034 Christi
3440 3975 3510 4033 sit

1917 4084 2043 4125 cum
2065 4067 2322 4125 omnibus
2345 4065 2520 4131 vobis,
2565 4067 2661 4125 filii
2701 4066 2905 4125 dilecti.
2959 4066 3154 4126 Amen.

2235 4380 2450 4438 XXXII.
2480 4411 2551 4424 -—
2583 4381 2808 4440 Nicolao
2837 4385 3199 4444 Chartulario.

493 4503 812 4563 Quantopere
831 4514 1000 4564 pacem
1026 4508 1168 4565 optet
1189 4501 1458 4553 Ecclesia:
1486 4507 1538 4554 et
1568 4514 1713 4564 quam
1735 4500 1867 4550 bene
1888 4499 1940 4554 in
1965 4497 2292 4564 patriarcham
2313 4498 2382 4550 sit
2412 4499 2638 4550 affectus.
2669 4501 2869 4563 (Baron.
2897 4517 2977 4552 au.
3001 4503 3113 4565 809,
3140 4518 3189 4553 ιι.
3215 4504 3287 4561 2.)

327 4611 706 4682 ’Υπελάϐομεν
764 4611 884 4675 πῶς
929 4612 1188 4683 ἀπεχθῶς
1235 4612 1382 4683 ἔχειν
1429 4612 1530 4684 τὴν
1579 4611 1817 4684 μεγάλην

2009 4608 2344 4680 Suspicabar
2359 4609 2765 4680 quodammodo
2786 4624 3037 4680 magnam
3061 4611 3312 4680 pietatem
3335 4621 3504 4679 tuam,

246 4723 340 4759 σου
374 4704 676 4768 εὐσέϐειαν,
715 4702 1033 4772 πανπόθητε
1063 4703 1221 4774 ἡμῶν
1249 4703 1509 4767 δέσποτα,
1552 4703 1688 4774 πρὸς
1724 4703 1824 4771 τὴν

243 4797 574 4851 ταπείνωσιν
623 4795 779 4865 ήμῶν
803 4833 817 4854 .
879 4795 967 4848 διά
1000 4812 1122 4850 τινα
1158 4796 1658 4869 παρεμπίπτουσαν
1693 4793 1826 4848 ὑπό-

244 4891 415 4944 θεσιν.
461 4888 601 4942 Ἀλλ’
631 4887 798 4948 ὅντως
829 4885 1034 4951 ἔδειξας
1069 4889 1126 4940 ἐν
1153 4888 1230 4958 τῷ
1258 4887 1489 4958 παρόντι
1519 4886 1695 4959 καιρῷ
1725 4904 1826 4940 κα-

247 4981 424 5052 θαράν
473 4998 567 5033 σου
623 4979 721 5050 τὴν
765 4979 954 5048 τιμίαν
1000 4979 1178 5050 ψυχὴν
1235 4981 1416 5050 πάσης
1460 4979 1820 5050 δυσμενείας.

245 5077 306 5128 οὺ
345 5074 454 5143 μὴν
486 5070 624 5126 ἀλλά
663 5071 760 5125 καὶ
797 5071 977 5141 πάσης
1007 5071 1315 5135 θεοσεϐείας
1347 5072 1786 5144 πεπληρωμένην
1809 5086 1823 5104 ⁶

248 5169 305 5218 ἐν
356 5165 434 5234 τῷ
472 5164 673 5234 γοργὸν
707 5164 800 5217 καὶ
829 5163 1031 5234 θερμόν
1067 5181 1125 5219 σε
1151 5164 1406 5232 γενέσθαι
1443 5165 1522 5230 είς
1551 5167 1631 5230 τὸ,
1666 5164 1827 5235 χάριν

247 5258 476 5326 εἰρήνης
501 5255 600 5324 τῆς
629 5254 959 5326 Ἐκκλησίας
981 5256 1074 5312 τοῦ
1098 5255 1256 5321 Θεοῦ,
1286 5257 1449 5321 εὐθὺς
1473 5257 1579 5310 ἀπὸ
1603 5255 1830 5328 πρώτης

246 5347 407 5415 ἡμῶν
454 5345 857 5416 παρακλήσεως
902 5347 1194 5416 κινηθῆναι
1241 5347 1377 5418 πρὸς
1409 5348 1707 5408 συνάφειαν
1734 5346 1826 5400 τοῦ

248 5438 559 5506 ἀγιωτάτου
593 5438 752 5508 ἡμῶν
776 5439 1146 5510 πατριάρχου.
1185 5438 1356 5492 Τοῦτο
1384 5439 1674 5510 γνώρισμα
1700 5438 1831 5492 εἰλι-

250 5530 471 5600 κρινοῦς
513 5531 694 5599 φιλίας
717 5547 730 5560 ·
783 5530 944 5585 τοῦτο
980 5531 1180 5602 ἰδίωμα
1209 5531 1500 5604 ἀνθρώπου
1533 5532 1795 5602 θεοφόϐου
1816 5548 1855 5565 ’⁸

247 5621 410 5676 τοῦτο
441 5621 717 5689 ἀπόδειξις
748 5622 1014 5694 ἐναργοῦς
1045 5622 1209 5692 ζήλου
1237 5622 1518 5693 ἀληθείας.
1557 5625 1666 5676 Καὶ
1697 5623 1827 5691 γοῦν

249 5711 550 5767 ἀποδώσειέ
595 5731 680 5767 σοι
727 5713 969 5784 Κύριος·
1027 5715 1076 5767 εί
1125 5715 1218 5769 καὶ
1264 5716 1433 5787 μηδέν
1471 5734 1522 5769 τι
1566 5715 1824 5788 γένηται,

400 5845 571 5924 ὅμως)
603 5847 656 5924 in
703 5849 973 5924 Theodori
999 5849 1143 5915 Vita,
1183 5867 1304 5924 pag.
1352 5853 1430 5918 16,
1467 5852 1638 5908 ".19,

253 5916 301 5949 "
332 5915 476 5971 l'sal.
510 5933 558 5981 (ι,
597 5918 649 5973 6.
725 5921 770 5953 "
813 5919 955 5977 Psal.
991 5936 1100 5988 cxi,
1137 5915 1187 5977 f.

1756 5851 1843 5907 "l
1883 5851 2104 5924 ch.ti,
2163 5851 2250 5909 50.
2332 5851 2376 5885 ”
2438 5850 2582 5908 Psal.
2640 5867 2824 5920 crvtn,
2876 5853 2965 5906 21.

1931 4700 2153 4756 domine
2186 4701 2260 4755 mi
2288 4700 2769 4767 desideratissime,
2802 4701 3061 4756 alieniore
3084 4701 3267 4757 animo
3293 4719 3413 4759 esse
3442 4705 3508 4759 ab

1931 4793 2239 4849 humilitate
2270 4803 2456 4849 nostra
2508 4793 2579 4847 ob
2609 4809 2786 4848 causa;
2838 4793 3069 4861 alicujus
3123 4794 3506 4852 interventum.

1935 4887 2041 4944 Sed
2073 4903 2259 4943 revera
2308 4886 2414 4942 hoc
2449 4895 2693 4956 tempore
2749 4887 3060 4951 ostendisti,
3096 4902 3324 4941 vacuam
3359 4890 3506 4944 omni

1933 4981 2060 5036 odio
2088 4994 2208 5036 esse
2237 4980 2604 5034 venerandam
2649 4979 2887 5033 animam
2950 4987 3121 5042 tuam,
3183 4980 3512 5051 plenamque

1932 5073 2069 5127 adeo
2106 5071 2470 5140 omnipietate
2503 5089 2516 5125 :
2552 5071 2776 5140 quando
2805 5081 2853 5124 te
2895 5081 3205 5141 promptum
3258 5088 3321 5128 ac
3353 5089 3511 5143 para-

1925 5170 2041 5218 tum
2071 5163 2327 5227 docuisti,
2362 5172 2421 5216 ut
2464 5161 2616 5230 pacis
2660 5160 2918 5216 Ecclesia:
2954 5164 3045 5216 Dei
3094 5163 3297 5228 studio,
3322 5167 3508 5220 statim

1927 5269 1992 5308 ac
2013 5253 2248 5322 primum
2279 5252 2479 5307 hortati
2513 5267 2725 5315 sumus,
2751 5253 3053 5322 applicares
3092 5261 3142 5308 te
3176 5255 3242 5308 ad
3277 5255 3513 5325 conjun-

1928 5345 2168 5400 ctionem
2201 5345 2534 5400 sanctissimi
2582 5344 2906 5414 patriarcha:
2958 5346 3157 5402 nostri.
3205 5345 3318 5401 Hoc
3371 5348 3514 5402 indi-

1930 5438 2074 5493 cium
2141 5437 2370 5491 sincera:
2429 5437 2704 5503 amicitiae,
2764 5437 2869 5492 hoc
2929 5440 3214 5510 praprium
3270 5440 3510 5497 hominis

1936 5528 2104 5584 Deum
2131 5528 2412 5584 timentis:
2441 5529 2556 5584 haec
2585 5539 2769 5599 aperta
2805 5529 3200 5587 demonstratio
3234 5533 3335 5588 zeli
3366 5539 3511 5588 vcri-

1936 5621 2083 5677 tatis.
2115 5619 2299 5691 itaque
2330 5621 2594 5676 retribuet
2623 5622 2719 5676 tibi
2785 5621 3069 5689 Dominus,
3103 5623 3320 5678 tametsi
3361 5617 3512 5678 'nihil

1936 5712 2050 5778 fiat,
2104 5713 2368 5784 integram
2424 5712 2653 5782 justitiie
2707 5714 3037 5769 mercedem.
3090 5714 3208 5770 Non
3265 5715 3411 5770 enim
3441 5731 3508 5770 ex

3075 5852 3120 5886 ’ἰ
3151 5851 3341 5920 Matth,
3373 5869 3426 5912 ν.
3457 5853 3501 5909 1.
