4158 6478
707 406 848 477 1015

1866 418 1926 480 S.
1967 419 2360 481 THEODORI
2399 421 2745 483 STUDlT/E

3816 426 3950 492 1016

699 541 885 583 rerum
922 527 1091 592 exitu,
1116 528 1211 584 sed
1243 528 1315 584 ab
1351 543 1544 585 earnm
1579 530 1902 595 intentione.
1940 549 2034 588 seu
2085 534 2268 589 lauda-

2381 536 2676 606 ὀλόκληρον
2721 535 3070 603 δικαιοσύνης
3123 534 3337 606 μισθόν.
3395 536 3531 591 Οὑδέ
3567 535 3676 608 γὶρ
3717 539 3829 590 άπὸ
3861 541 3950 592 τοῦ

698 619 818 686 bili,
852 635 945 676 seu
974 634 1152 687 secus,
1180 622 1317 677 solet
1336 621 1480 677 Deus
1507 624 1726 692 praemia
1748 623 2038 680 decernere
2065 625 2269 682 facien-

698 713 865 768 tibus.
896 712 1159 770 Lucratus
1183 729 1316 784 ergo
1339 730 1399 770 es
1425 716 1684 786 temporis
1707 727 1906 786 puncto
1937 731 2043 772 non
2074 735 2267 775 aurum

699 813 756 856 et
784 811 1089 872 argentum,
1115 804 1208 858 sed
1257 804 1416 874 juges
1452 807 1740 861 thesauros
1761 808 2000 862 coelestis
2031 811 2270 865 retribu-

697 895 884 950 tionis.
924 893 1159 951 Oramus
1203 905 1408 961 autem,
1467 905 1520 952 et
1579 897 1865 952 hortamur
1920 901 2180 970 amplius,
2213 915 2272 958 ut

696 998 895 1056 pergas
927 985 980 1039 in
1024 987 1296 1058 inempto;
1327 996 1385 1042 ut
1427 996 1482 1042 tu
1520 989 1738 1057 quidem
1771 991 2088 1046 thesaurum
2129 1008 2270 1063 pra:-

697 1076 926 1131 divitem
955 1082 1232 1147 acquiras,
1287 1093 1388 1134 nos
1419 1094 1547 1134 vero
1587 1079 1822 1136 humiles
1855 1093 2153 1153 conspectu
2181 1101 2275 1155 pa-

699 1172 949 1226 triarcha
979 1170 1247 1236 fruamur,
1282 1178 1376 1225 aut
1443 1172 1621 1241 potius
1673 1180 1731 1226 ut
1784 1171 2023 1228 Ecclesia
2061 1173 2150 1230 Dei
2181 1185 2272 1230 tua

696 1277 863 1331 opera
895 1275 1079 1331 pacem
1114 1264 1326 1331 adepta,
1357 1263 1556 1316 multas
1606 1264 1704 1317 tibi
1759 1263 1980 1318 laudum
2038 1281 2272 1324 coronas

697 1361 906 1408 nectat:
933 1369 1033 1408 nee
1055 1353 1303 1422 pluribus
1316 1354 1494 1409 verbis
1511 1363 1596 1409 est
1618 1369 1777 1424 Opus.
1796 1354 2065 1422 Quoniam
2092 1369 2273 1413 autem

692 1444 902 1514 iussisti
927 1445 1234 1514 signiﬁcare
1253 1461 1371 1508 nos,
1399 1446 1528 1516 quid
1544 1447 1743 1500 sentiat
1761 1447 2040 1504 humilitas
2063 1460 2268 1506 nostra:

695 1533 807 1603 jam
829 1535 949 1588 sine
1000 1534 1148 1597 fuco,
1177 1534 1512 1590 excellentiae
1546 1544 1649 1590 tuae
1677 1551 1859 1591 coram
1895 1536 2146 1602 Domino,
2175 1543 2269 1610 qui

695 1625 910 1680 occulta
941 1625 1114 1688 novit,
1167 1625 1562 1695 signiﬁcamus.
1617 1624 1774 1680 Nulla
1835 1629 1993 1684 nobis
2035 1642 2118 1685 est
2146 1647 2269 1685 cum

697 1715 1006 1786 patriarcha
1042 1716 1110 1770 de
1155 1716 1546 1771 communione
1593 1716 1882 1782 dubitatio,
1912 1729 2269 1788 ptmterquam

697 1809 972 1864 (Economi
1007 1823 1196 1874 causa,
1231 1825 1296 1863 eo
1340 1809 1484 1879 quod
1512 1810 1794 1879 depositus
1822 1813 1893 1864 sit
1931 1828 2025 1881 per
2058 1814 2272 1868 divinos

2375 628 2561 691 τέλους
2611 626 2719 678 τῶν
2764 626 3144 696 πραγμάτων,
3200 625 3319 679 ἀλλ’
3351 627 3458 680 ἀπὸ
3501 628 3599 696 τῆς
3648 631 3781 698 περί
3817 631 3954 683 αὑτά

2376 717 2691 786 προθέσεως
2714 759 2728 782 ,
2783 719 2893 770 εἴτε
2929 718 3264 781 ἐπαινετῶς.
3302 719 3413 771 είτε
3440 720 3537 789 οὑχ
3562 719 3759 782 οὕτως,
3795 721 3952 772 εῖωθε

2375 806 2471 875 τὰς
2523 811 2760 880 ἀμοιϐάς
2811 813 2872 865 τὸ
2918 813 3075 866 Θεῖον
3125 813 3553 882 ἐπιψηφίζεσθαι
3598 817 3713 878 τοῖς
3758 815 3951 885 δρῶσι.

2378 903 2732 974 Κεκέρδηκας
2757 903 3050 974 τοιγαροῦν
3079 904 3137 956 ἐν
3164 905 3262 973 μιᾷ
3290 903 3484 974 καιροῦ
3513 906 3682 973 ῥοπῇ,
3723 905 3786 956 οὑ
3825 921 3955 972 χρυ-

2379 995 2491 1049 σίον
2519 1013 2578 1048 τε
2607 996 2701 1049 καὶ
2728 996 3012 1066 ἀργύριον,
3054 995 3188 1050 ἀλλὰ
3221 995 3529 1067 θησαυροὺς
3559 995 3951 1058 ἀνεκλείπτους

2376 1086 2634 1156 οὐρανίας
2667 1086 3100 1150 ἀνταποδόσεως.
3144 1089 3264 1140 Ἔτι
3297 1088 3354 1140 δέ
3389 1087 3819 1160 παρακαλοῦμεν
3855 1089 3948 1140 καὶ

2377 1179 2730 1248 δυσωποῦμέν
2761 1195 2820 1231 σε
2853 1178 3174 1248 ἐπειχθῆναι
3209 1180 3268 1232 ἐν
3300 1182 3368 1250 τῇ
3401 1180 3627 1250 τοιαύτῃ
3655 1179 3915 1232 ὑποθέσει
3935 1194 3948 1208 ο

2379 1270 2466 1322 ἵνα
2515 1271 2678 1333 αὑτὸς
2723 1269 2822 1340 μέν
2871 1269 3140 1342 κερδήσῃς
3175 1269 3434 1323 πλούσιον
3467 1271 3528 1324 τὸ
3556 1270 3916 1342 θησαύρισμα

2377 1362 2536 1431 ἡμεῖς
2564 1359 2621 1414 δέ
2651 1363 2698 1413 οἰ
2726 1361 2964 1423 εὐτελεῖς
2993 1360 3246 1431 τύχωμεν
3274 1361 3368 1414 τοῦ
3401 1362 3539 1434 πρὸς
3564 1365 3654 1417 τὸν
3687 1364 3952 1434 ἀρχιερέα

2382 1452 2704 1505 συνοπτικοῦ
2729 1468 2742 1482 ·
2805 1452 3010 1522 μᾶλλον
3052 1452 3108 1505 δὲ
3161 1453 3248 1506 ἵνα
3289 1455 3321 1523 ἡ
3362 1453 3658 1524 Ἐκκλησία
3693 1454 3787 1507 τοῦ
3816 1453 3950 1507 Θεοῦ

2378 1546 2444 1613 τῇ
2483 1546 2548 1613 σῇ
2587 1543 2834 1614 μεσιτείᾳ
2865 1541 3255 1613 βραδευθείσα,
3296 1542 3526 1605 πολλοὺς
3557 1561 3650 1596 σου
3681 1547 3810 1606 τοὺς
3843 1544 3952 1596 τῶν

2380 1632 2673 1702 ἐγκωμίων
2711 1634 3007 1700 στεφάνους
3044 1633 3423 1700 καταπλὲξειε.
3467 1635 3578 1687 Καὶ
3610 1636 3670 1687 οὑ
3703 1636 3869 1687 πλέον
3899 1653 3948 1689 τι

2381 1723 2487 1794 χρὴ
2531 1723 2736 1789 λέγειν.
2794 1723 3010 1792 Ἐπειδὴ
3041 1723 3098 1776 δέ
3129 1723 3423 1787 ἐκέλευσας
3453 1725 3794 1794 ἐπισημᾶναι
3821 1727 3950 1776 ὁπός

2381 1833 2470 1878 σος
2520 1817 2670 1870 ἐστὶν
2723 1816 2751 1867 δ
2797 1815 2947 1882 λόγος
2996 1816 3095 1884 τῆς
3165 1815 3546 1879 ταπεινώσεως
3614 1817 3794 1886 ήμῶν,
3849 1817 3948 1888 ήδη

695 1912 958 1955 canones.
994 1898 1060 1954 Et
1089 1901 1307 1968 quando
1354 1901 1725 1970 prohibebitur
1751 1916 1777 1954 a
1809 1917 1965 1956 sacro
2024 1905 2268 1960 ministe-

2375 1907 2622 1976 ἀψευδῶς
2673 1906 3013 1977 γνωρίζομεν
3060 1908 3128 1976 τῇ
3178 1907 3412 1978 μεγίστῃ
3461 1907 3736 1978 ὑπεροχῇ,
3787 1909 3864 1970 ὡς
3896 1910 3952 1961 ἐν

695 1991 805 2054 rio,
831 1993 971 2047 sicut
999 2001 1158 2047 antea
1194 1991 1285 2047 Dei
1320 1993 1679 2063 beneplaeito,
1705 2002 1760 2047 et
1803 1995 2140 2049 sanctissimi
2175 2013 2269 2065 pa-

697 2083 970 2152 triarcha,
996 2083 1320 2156 piorumqne
1373 2085 1726 2141 dominorum
1790 2097 2145 2152 nostrorum;
2189 2089 2270 2142 ni-

697 2177 898 2232 mirum
930 2177 1058 2247 quia
1114 2192 1435 2233 tnconomus
1495 2187 1598 2242 est,
1654 2189 1708 2232 et
1761 2180 2026 2234 honorem
2078 2183 2266 2250 gerit;

695 2277 814 2324 tum
844 2271 1096 2340 protinus
1124 2269 1287 2324 simul
1318 2271 1754 2326 sacrificabimus
1799 2283 1853 2327 et
1898 2274 2270 2328 communica-

695 2361 902 2428 bimus,
952 2371 1008 2417 et
1046 2377 1265 2416 manum
1303 2363 1668 2434 porrigemus,
1725 2364 1860 2418 nihil
1924 2366 2264 2434 inquirentes

693 2453 762 2509 de
793 2454 1028 2510 triennio
1087 2454 1211 2522 hoc,
1246 2470 1360 2525 quo
1409 2471 1532 2510 cum
1583 2471 1650 2510 eo
1679 2457 1853 2510 sacris
1881 2465 2136 2526 operatus
2163 2466 2265 2521 cst,

692 2545 848 2616 pacis
871 2546 1092 2601 studio:
1129 2560 1306 2616 neque
1335 2546 1385 2600 id
1421 2556 1567 2602 metu
1600 2547 1806 2618 aliquo,
1832 2547 1926 2603 sed
1955 2552 2264 2602 communis

693 2635 947 2691 utilitatis
973 2650 1030 2693 et
1058 2636 1254 2692 salutis
1275 2637 1473 2706 gratia.

691 2729 789 2784 καὶ
843 2727 1406 2799 σνλλιιτουργοῦμεν,
1467 2728 1563 2781 καὶ
1611 2729 2117 2799 συγκοινωνοῦμεν,
2169 2730 2264 2783 καὶ
2303 2731 2800 2801 χειροτονούμεθα,
2871 2733 3036 2802 μηδὲν
3129 2730 3560 2801 ἐπιζητοῦντες,
3622 2733 3754 2801 περὶ

2372 1999 2650 2068 προσώπῳ
2677 1997 2884 2068 Κυρίου
2915 1995 3006 2050 τοῦ
3033 1996 3142 2048 τῶν
3171 1997 3384 2066 ἀδήλων
3411 1997 3654 2066 γνώστου
3682 2001 3781 2052 οὑκ
3804 2000 3952 2057 ἐστιν

2370 2090 2502 2159 ἡμῖν
2537 2088 2592 2139 ἐν
2628 2106 2730 2141 τινι
2771 2087 2833 2139 τὸ
2867 2087 3210 2158 ἀμφιὸἀλλον
3255 2087 3354 2158 τῆς
3391 2090 3528 2158 πρδς
3561 2090 3653 2142 τὸν
3685 2091 3952 2160 ἀρχιερέα

2369 2180 2678 2244 κοινωνίας,
2718 2181 2750 2248 ἢ
2787 2179 2876 2232 διὰ
2905 2179 2995 2231 τὸν
3024 2179 3330 2248 οἰκονόμον,
3367 2180 3508 2233 κατά
3537 2181 3597 2233 τὸ
3625 2181 3952 2251 καθῃρημέ-

2368 2289 2457 2325 νον
2493 2272 2657 2325 αὑτὸν
2690 2266 2829 2323 εἶναι
2867 2271 2970 2325 ὑπὸ
2998 2272 3108 2325 τῶν
3141 2271 3302 2324 θείων
3331 2273 3599 2326 κανόνων.
3641 2274 3755 2327 Καὶ
3788 2275 3953 2344 ἡνίκα

2375 2363 2653 2433 ὑποσταλῇ
2709 2362 2805 2431 τῆς
2852 2363 3196 2433 ἱερουργίας,
3254 2364 3395 2417 κατά
3445 2365 3503 2417 τὸ
3553 2366 3823 2436 πρότερον
3867 2366 3956 2418 εὑ-

2372 2455 2526 2526 δοκίᾳ
2561 2454 2726 2518 Θεοῦ,
2767 2454 2860 2506 τοῦ
2899 2471 2958 2506 τε
3011 2456 3316 2522 άγιωτάτου
3354 2458 3720 2527 πατριάρχου,
3751 2458 3868 2510 τῶν
3896 2475 3952 2511 τι

2374 2548 2614 2600 εὑσεῦῶν
2670 2548 2829 2616 ήμῶν
2876 2547 3185 2600 δεσποτῶνο
3251 2547 3410 2617 δῆλον
3459 2551 3542 2602 ὅτι
3588 2549 3742 2613 ὄντος
3787 2550 3954 2602 αὑτοῦ

2373 2642 2681 2709 οἰκονόμου,
2721 2641 2815 2694 καὶ
2847 2640 2945 2710 τὴν
2972 2639 3136 2710 τιμὴν
3164 2639 3404 2709 ἔχοντος⁸
3441 2639 3605 2703 εὑθὺς
3633 2643 3955 2711 παραυτίκα

3849 2749 3951 2801 της

690 2823 753 2877 ἐν
795 2821 908 2885 τοῖς
933 2821 1082 2890 τρισὶ
1111 2820 1323 2890 χρόνοις
1351 2818 1563 2883 τούτοις
1599 2819 2042 2890 συλλειτουργίας
2103 2821 2290 2886 αὑτοῦ,
2330 2823 2641 2892 οἰκονομίας
2700 2823 2888 2893 χάριν,
2923 2823 2982 2876 οὑ
3016 2822 3104 2876 διά
3161 2822 3354 2893 φόδον,
3394 2822 3530 2876 ἀλλὰ
3557 2822 3642 2875 διά
3671 2822 3732 2876 τὸ
3756 2841 3955 2879 κοινω-

693 2912 855 2983 φελές
887 2913 985 2968 καὶ
1016 2915 1305 2984 σωτήριον.

763 3003 1099 3060 Silentenim
1125 3004 1321 3074 lingua
1350 3004 1656 3068 mendaces,
1681 3005 1941 3060 adversus
1969 3003 2062 3059 Dei
2086 3019 2268 3074 pacem

691 3097 933 3153 incitata
968 3105 1028 3151 ut
1060 3096 1263 3162 dicant,
1310 3112 1434 3160 nos,
1468 3109 1756 3167 postquam
1819 3096 2061 3166 deiectus
2093 3112 2264 3151 sacer-

692 3190 847 3245 dotio
873 3189 1034 3246 fuerit
1059 3203 1402 3255 (nconomus,
1454 3188 1858 3245 accusationem
1909 3203 2265 3257 aggressuros

693 3283 953 3338 antistitis
1014 3281 1208 3344 nostri,
1258 3291 1317 3337 ut
1355 3283 1447 3352 qui
1495 3297 1620 3338 cum
1673 3280 1922 3350 deposito
1948 3280 2059 3349 jam
2101 3280 2270 3334 sacri~

695 3374 925 3440 ftcavit;
961 3372 1157 3428 deinde
1206 3373 1368 3426 etiam
1414 3373 1721 3428 decessoris
1779 3371 2114 3426 sanctissimi
2166 3387 2262 3440 pa-
2293 3411 2335 3440 ,ς

694 3464 947 3518 triarcha:
977 3481 990 3516 :
1025 3462 1165 3518 labia
1219 3462 1431 3527 dolosa,
1469 3479 1590 3531 quae
1625 3463 1740 3517 haec
1805 3463 2132 3532 loquuntur:
2169 3478 2259 3516 ea-

692 3556 1103 3622 lumniatorum,
1157 3555 1575 3625 invidorumque
1625 3554 1907 3610 hominum
1959 3555 2258 3618 inventum,

689 3656 744 3702 ct
794 3648 887 3717 qui
922 3647 1104 3703 sanari
1168 3647 1342 3702 nolint
1397 3645 1660 3701 inﬂictum
1713 3647 1913 3701 vulnus
1983 3646 2258 3701 Ecclesiae.

690 3737 852 3794 Nullo
890 3739 1053 3793 modo
1082 3756 1095 3793 :
1130 3738 1314 3793 absit!
1350 3748 1404 3792 et
1456 3738 1825 3808 patriarcham
1857 3738 1950 3807 qui
1985 3737 2264 3806 pr'ecessit

691 3843 1059 3898 suscepimus,
1120 3836 1174 3883 et
1210 3828 1562 3897 suscipimus,
1623 3827 1854 3896 ideoque
1907 3827 1975 3882 ad
2028 3839 2260 3883 mortem

690 3937 866 3991 usque
889 3937 1011 3977 cum
1041 3936 1105 3976 eo
1127 3919 1657 3976 communicabimus
1683 3937 1698 3985 ;
1749 3930 1804 3974 et
1854 3921 2262 3977 sanctissimum

692 4016 786 4084 qui
826 4029 971 4068 nunc
993 4021 1099 4076 est,
1133 4012 1499 4081 patriarcham
1528 4019 1584 4066 et
1620 4012 1984 4080 suscepimus,
2009 4023 2063 4066 et
2089 4013 2266 4067 susci-

691 4107 872 4177 pimus
903 4123 917 4159 :
951 4119 1048 4175 pro
1076 4118 1141 4158 eo
1171 4102 1334 4158 etiam
1380 4101 1660 4157 offerimus
1703 4102 1965 4172 quotidie.
2002 4104 2267 4158 Arceatur

691 4200 923 4256 asacris
953 4212 1296 4260 (nconomus,
1350 4195 1445 4266 qui
1503 4194 1810 4250 adulterum
1863 4195 2166 4261 coronavit,
2213 4205 2268 4250 et

694 4304 816 4355 nos,
855 4297 915 4343 ut
953 4296 1112 4342 antea
1160 4285 1424 4351 diximus,
1481 4300 1604 4340 cum
1661 4299 1727 4340 eo
1775 4285 2170 4348 sacriﬁcamus,
2221 4285 2267 4341 si

685 4381 841 4452 jubet
869 4379 924 4433 in
957 4377 1200 4433 Ecclesia
1234 4376 1526 4442 catholica,
1573 4375 1728 4446 juxta
1765 4377 1990 4447 gradum
2020 4387 2265 4432 nostrum

692 4471 1095 4541 unusquisque.
1149 4468 1308 4537 Quod
1356 4468 1574 4541 quidem
1615 4469 1662 4524 si
1720 4468 1834 4534 ﬂat,
1893 4471 2154 4540 gaudium
2213 4469 2266 4524 in

691 4565 832 4620 caelo
868 4562 1053 4628 fuerit,
1077 4578 1179 4633 pax
1211 4562 1265 4617 in
1305 4562 1545 4618 Ecclesia
1579 4559 1697 4627 Dei,
1722 4576 1844 4632 qua:
1870 4563 2008 4632 apud
2041 4575 2142 4615 nos
2164 4569 2266 4615 est.

691 4655 1215 4722 Tolleturschisma,
1238 4653 1528 4711 concordia
1551 4653 1729 4724 palam
1750 4653 2033 4719 enitescet,
2060 4653 2269 4707 archie-

2441 3004 2761 3072 Σιγάτωσαν
2788 3002 2897 3071 γὰρ
2929 3005 2982 3055 αἰ
3011 3003 3476 3074 ψευδοκατήγοροι
3505 3001 3764 3071 γλῶτται,
3811 3005 3954 3057 κατὰ

2367 3095 2463 3163 τῆς
2494 3095 2719 3164 εἰρήνης
2750 3084 2844 3145 τόῦ
2878 3092 3013 3145 Θεοῦ
3045 3093 3400 3164 κινούμεναι·
3442 3095 3544 3159 ὅτι,
3582 3095 3719 3147 ἐπάν
3750 3097 3955 3175 εἰρχθῆ

2365 3185 2464 3254 τῆς
2508 3183 2821 3254 ἱερουργίας
2871 3184 2898 3236 ὁ
2944 3184 3264 3252 οἰκονόμος,
3317 3185 3722 3255 ἐπιδραξάμεθα
3769 3190 3951 3252 αἰτίας

2366 3279 2712 3343 κατενεγκεῖν
2763 3276 2855 3328 τὸν
2901 3275 3172 3346 ἀρχιερέα
3204 3276 3358 3344 ήμῶν
3381 3319 3393 3340 ,
3434 3278 3510 3340 ὼς
3541 3279 3639 3349 ἤδη
3669 3280 3745 3349 τῷ
3811 3283 3949 3334 καθ-

2370 3366 2633 3437 ῃρημένῳ
2666 3365 3229 3434 συλλειτουργήσαντα
3249 3379 3264 3394 ⁸
3289 3364 3476 3418 ἔπειτα
3504 3367 3594 3418 τὸν
3621 3371 3947 3439 προηγησά-

2369 3473 2534 3525 μενον
2594 3457 2895 3524 άγιώτατον
2954 3457 3342 3527 πατριάρχην·
3407 3457 3566 3526 χείλη
3624 3457 3814 3523 δόλια,
3880 3464 3946 3512 τὰ

2364 3546 2628 3600 λαλοῦντα
2649 3547 2716 3598 τὰ
2735 3545 2986 3598 τοιαῦτα·
3016 3547 3318 3616 ἀνθρώπων
3342 3548 3690 3614 συκοφαντῶν
3710 3553 3803 3602 καὶ
3828 3552 3948 3618 φθο-

2366 3639 2540 3708 νερῶν
2587 3638 2647 3690 τὸ
2694 3638 2908 3707 δρᾶμα·
2957 3637 3051 3689 καὶ
3087 3639 3160 3708 μὴ
3191 3638 3452 3692 θελόντων
3487 3640 3566 3702 εἰς
3595 3642 3740 3692 ίασιν
3771 3643 3947 3695 ἐλθεῖν

2366 3731 2426 3781 τὸ
2478 3729 2788 3799 προσπεσὸν
2835 3729 3055 3798 ὄφλημα
3106 3732 3170 3800 τῇ
3227 3731 3546 3802 Ἐκκλησία.
3613 3732 3944 3802 Μηδαμῶςο

2371 3824 2446 3894 μὴ
2476 3823 2712 3891 γένοιτοί
2750 3822 2843 3875 καὶ
2873 3823 2962 3874 τὸν
2993 3825 3339 3893 πατριάρχην
3368 3824 3458 3876 τὸν
3485 3825 3945 3894 προηγησάμενον

2369 3918 2462 3970 καὶ
2503 3916 2804 3986 ἐδεξάμεθα
2852 3915 2949 3968 καὶ
2990 3915 3292 3985 δεχόμεθα,
3333 3917 3417 3969 διδ
3450 3919 3543 3970 καὶ
3577 3919 3680 3981 ἐως
3712 3919 3945 3972 θανάτου

2370 4007 2836 4076 συνκοινωνοῦμεν
2866 4005 3014 4076 αὑτῷ
3037 4022 3049 4034 ·
3088 4006 3182 4058 xal.
3210 4009 3301 4059 τὸν
3331 4006 3425 4061 νῦν
3452 4008 3757 4075 ἁγιώτατον
3811 4012 3947 4083 ἀρχ-

2372 4099 2524 4169 ιερέα
2557 4099 2652 4153 καὶ
2685 4097 2986 4168 ἐδεξάμεθα
3019 4098 3113 4151 καὶ
3141 4097 3410 4167 δεχόμεθα
3435 4116 3449 4130 ·
3487 4099 3580 4152 ἐπὶ
3625 4100 3800 4170 τούτῳ
3841 4105 3947 4174 γὰρ

2371 4193 2465 4247 καὶ
2496 4191 2844 4261 άναφέρομεν
2874 4189 2992 4243 καθ’
3021 4191 3284 4260 ἑκάστην.
3325 4191 3383 4244 Ὀ
3413 4193 3698 4261 οἰκονόμος
3723 4193 3947 4265 εἰρχθή-

2370 4301 2448 4336 τω
2496 4283 2593 4352 τῆς
2638 4285 2952 4354 ἱερουργίας
2986 4283 3015 4336 δ
3049 4281 3138 4335 τὸν
3169 4281 3361 4352 μοιχὸν
3395 4284 3749 4350 στεφανώσας
3771 4301 3786 4315 ο
3830 4289 3946 4352 καὶ,

2369 4375 2446 4438 ὡς
2489 4374 3016 4445 προδεδηλώκαμεν,
3075 4373 3604 4445 συλλειτουργοῦμεν
3653 4375 3842 4444 αὑτῷ,
3901 4381 3947 4432 εἰ

2372 4467 2620 4531 κελεύει,
2677 4467 2914 4536 ἐπὶοτῆς
2961 4467 3255 4537 καθολικῆς
3289 4468 3658 4537 Ἑκκλησίας,
3713 4467 3948 4532 ἕκαστος

2372 4559 2516 4614 κατά
2542 4558 2643 4630 τήν
2668 4558 2874 4612 οἰκείαν
2901 4557 3058 4628 ἡμῶν
3088 4558 3266 4624 τάξιν.
3297 4561 3408 4612 Καὶ
3435 4560 3484 4612 εἰ
3510 4559 3668 4612 τοῦτο
3694 4561 3945 4629 γένηται,

2372 4652 2516 4723 χαρά
2543 4658 2600 4705 ἐν
2624 4652 2902 4722 οὐρανοῖς·
2939 4652 3130 4722 εἰρήνη
3161 4652 3220 4704 ἐν
3248 4653 3313 4721 τῇ
3345 4649 3948 4721 καθ’ήμᾶςῈκκλησία

691 4751 952 4822 piscopus
985 4759 1173 4807 noster
1215 4751 1465 4806 laudibus
1505 4750 1796 4804 ornabitur
1837 4767 1850 4804 :
1899 4748 2034 4804 adeo
2087 4759 2144 4802 ut
2197 4747 2263 4802 ad

2372 4736 2462 4797 τοῦ
2488 4742 2654 4796 Θεοῦ·
2687 4743 2748 4796 τδ
2773 4743 2978 4814 σχίσμα
3003 4745 3300 4812 ὑποχωρεῖο
3331 4743 3364 4813 ἡ
3389 4743 3611 4810 ὁμόνοια
3637 4744 3946 4812 ἀναλάμψει

693 4852 943 4915 posteros
993 4853 1240 4900 transeat
1297 4842 1419 4915 ejus
1481 4842 1819 4898 encomium.
1884 4841 2261 4898 Potentissimi

692 4935 1050 5006 imperatores
1079 4934 1253 4992 nostri
1280 4949 1389 4989 una
1429 4948 1553 4990 cum
1611 4934 1869 5003 pretiosis
1920 4931 2108 4987 infulis
2147 4932 2264 4986 suis

691 5027 934 5098 angelica
973 5027 1138 5082 etiam
1165 5026 1324 5083 laude
1358 5027 1788 5082 coronabuntur.
1837 5024 2145 5078 Sacerdotes
2182 5025 2265 5076 in-

690 5118 852 5174 dust
861 5120 1161 5190 justitiam,
1189 5118 1471 5189 multoque
1488 5119 1663 5188 magis
1682 5118 1852 5171 sancti
1875 5117 2261 5186 (monasticunt

693 5211 940 5267 ordinem
976 5208 1192 5282 loquor)
1241 5226 1361 5264 cum
1415 5210 1771 5264 exsultatione
1821 5208 2167 5263 exsultabant
2195 5210 2262 5262 ”.

2369 4834 2626 4905 τρανῶς,
2683 4836 2711 4888 ὁ
2757 4834 3054 4904 ἀρχιερεὺς
3100 4834 3255 4904 ήμῶν
3307 4835 3790 4903 στεφανωθήσεται
3838 4837 3947 4897 τοῖς

2371 4929 2638 4993 ἐπαίνοις,
2667 4927 2764 4981 καὶ
2789 4927 3042 4980 τοσοῦτον
3068 4927 3144 4991 ὡς
3169 4927 3478 4996 διαδοθῆναι
3504 4926 3670 4979 αὑτοῦ
3695 4929 3754 4978 τδ
3779 4926 3946 4993 ἐγκώ-

2374 5038 2494 5091 μιον
2544 5023 2649 5085 ἐως
2697 5023 2912 5089 γενεᾶς.
2955 5022 3018 5074 Οἰ
3060 5021 3341 5091 κράτιστοι
3378 5019 3534 5089 ήμῶν
3569 5019 3813 5089 βασιλεῖς
3850 5020 3944 5073 σῦν

2371 5115 2480 5175 τοῖς
2510 5113 2900 5182 πολυτιμήτοις
2924 5111 3101 5164 αὑτῶν
3128 5111 3422 5180 διαδήμασι
3453 5111 3915 5181 καταστεφανωθή
3933 5140 3945 5151 -

2373 5219 2554 5256 σονται
2585 5207 2650 5275 τῇ
2681 5205 2948 5275 ἀγγελικῇ
2980 5203 3226 5274 εὐφημία
3247 5219 3260 5233 ·
3299 5205 3352 5256 ol
3381 5201 3554 5270 ίερεῒς
3583 5201 3945 5256 ἐι·δύσονται

695 5303 963 5360 Dominus
992 5312 1180 5358 noster
1200 5303 1346 5373 quod
1388 5311 1440 5356 et
1473 5301 1634 5372 quale
1686 5301 1936 5356 bravium
1986 5301 2216 5369 accipiet
2249 5302 2268 5354 ’ί

2372 5295 2761 5363 δικαιοσύνην
2798 5313 2810 5326 ·
2843 5297 2920 5349 ἔτι
2960 5295 3181 5365 μᾶλλον,
3215 5297 3268 5348 οἰ
3299 5294 3486 5356 ὅσιοι,
3533 5293 3596 5346 τὸ
3631 5295 3945 5364 μοναδικὸν,

695 5395 828 5465 quid
851 5395 1037 5450 dicere
1069 5395 1331 5464 oportet?
1377 5404 1431 5450 et
1457 5395 1586 5465 quid
1619 5409 1726 5448 non
1769 5392 1947 5463 majus
1974 5394 2108 5448 fiet?
2139 5393 2268 5463 quid

2367 5391 2533 5458 λέγω,
2550 5391 2764 5459 τάγμα,
2787 5387 3143 5458 ἀγαλλιάσει
3161 5385 3653 5456 ἁταλλιὰσυντω.
3674 5387 3732 5439 'U
3765 5385 3819 5438 δε
3831 5387 3949 5439 σπό-

698 5485 922 5555 juctmdl
955 5499 1062 5540 non
1089 5485 1356 5541 accedet?
1397 5483 1651 5540 Dicamus
1683 5493 1738 5540 et
1768 5485 1904 5540 hoc:
1947 5499 2268 5541 (nconomus

2372 5495 2464 5554 της
2491 5482 2652 5552 ήμῶν
2685 5478 2797 5537 οἷον
2831 5484 2925 5536 καὶ
2954 5481 3142 5551 ήλίκον
3170 5479 3318 5549 λήψῃ
3353 5479 3411 5532 τὸ
3455 5477 3710 5550 βραϐεῖον
3734 5519 3749 5544 ,
3788 5479 3840 5530 τί
3872 5478 3950 5530 δεῖ

694 5577 814 5650 ipse
843 5577 1231 5644 celebrabitur,
1253 5586 1308 5632 et
1337 5576 1591 5631 laudibus
1609 5576 1883 5632 ederetur:
1910 5591 2268 5648 magnamque

2372 5574 2592 5642 λέγειν;
2653 5575 2746 5628 καὶ
2797 5573 2850 5625 τί
2902 5573 3102 5643 μᾶλλον
3152 5571 3214 5624 οὑ
3245 5571 3569 5639 γενήσεται;
3625 5569 3674 5621 τί
3708 5568 3944 5638 τερπνὸν

698 5669 802 5726 hoc
843 5676 1004 5739 pacto
1036 5667 1471 5724 misericordiam
1500 5678 1868 5740 consequetur
1905 5678 2019 5723 tum
2059 5668 2112 5723 in
2148 5668 2268 5731 hoc,

772 5852 817 5884 "
852 5848 996 5906 Psal.
1031 5865 1221 5910 cxxxt.
1263 5850 1342 5905 l6.

2369 5668 2468 5722 οὑκ
2496 5667 2918 5738 εἰσαχθήσεται;
2958 5667 3216 5733 Εῖπωμεν
3245 5663 3338 5717 καί
3364 5661 3542 5725 τοῦτο,
3564 5663 3644 5715 ὅτι
3670 5663 3766 5715 καὶ
3787 5662 3948 5725 αὑτὸς
