4158 6510
246 443 382 507 1017

1465 450 2000 513 EPISTOLARUM
2031 454 2180 514 LIB.
2221 456 2267 513 Ι.

3354 452 3488 518 1018

237 560 268 611 ό
297 557 584 627 οἰκονόμος
635 557 1084 630 εὑφημηθήσεται
1119 560 1213 612 καὶ
1242 557 1665 631 δοξασθήσεται,
1718 564 1807 616 καὶ

1914 571 2027 618 tum
2057 566 2111 618 in
2151 564 2340 622 futuro
2375 565 2597 621 sreculo.
2639 564 2706 622 Et
2734 580 2835 622 nos
2863 573 3178 637 peccatores
3198 563 3484 628 substrati,

237 650 644 719 κληρονομήσει
693 647 780 701 διὰ
819 648 976 702 τοῦτο
1013 651 1153 720 μέγα
1181 650 1326 713 ἔλεος
1348 693 1362 715 ,
1401 651 1496 704 καὶ
1529 651 1586 703 ὲν
1613 651 1692 722 τῷ
1717 651 1813 705 νῦν

236 741 402 793 αίῶνι
422 780 437 803 ,
475 742 570 792 καὶ
602 743 660 793 ὲν
687 741 765 810 τῷ
793 741 1060 810 μέλλοντι.
1109 741 1295 811 Ἡμεῖς
1320 758 1380 794 τε
1411 743 1462 794 οί
1493 743 1812 813 ἁμαρτωλοὶ

233 832 481 903 ἐσόμεθα
534 833 964 896 ὑποπίπτοντες,
1029 834 1126 886 καὶ
1185 834 1649 903 προσκυνοῦντες,
1715 835 1810 888 καὶ

232 923 866 994 ὑπερευχαριστοῦντες,
921 925 1068 996 ἔργῳ
1101 927 1196 977 καὶ
1229 925 1372 994 λόγῳ
1419 925 1486 978 τὰ
1514 925 1699 979 δέοντα
1732 926 1809 990 ὡς

230 1009 486 1079 ἀρχιερεῖ
538 1010 680 1081 ὑπὲρ
727 1012 910 1065 πάντα
943 1011 1232 1082 ἄνθρωπον
1257 1052 1272 1076 ,
1325 1012 1468 1066 κατὰ
1497 1015 1558 1066 τὸ
1595 1014 1809 1082 ὀφειλό-

234 1116 432 1168 μενον,
487 1101 953 1172 συνεισφέροντες.
1016 1103 1159 1172 Πρὸς
1193 1103 1251 1156 δὲ
1285 1103 1552 1158 πίστωσιν
1587 1104 1693 1158 τῶν
1722 1102 1802 1166 εῖ-

231 1191 492 1261 ρημένων
512 1231 530 1258 ,
587 1192 888 1263 ποιούμεθα
933 1193 1027 1246 τὸν
1057 1194 1215 1262 λόγον
1245 1194 1522 1267 ἔγγραφον
1553 1197 1641 1251 διὰ
1667 1198 1803 1251 πλά-

226 1298 358 1345 τους
384 1299 398 1314 ’
457 1283 540 1337 ὃτι
592 1285 729 1355 μετὰ
771 1284 869 1356 τὴν
905 1284 1110 1338 παῦσιν
1145 1285 1250 1356 τῆς
1282 1288 1629 1358 ἱερουργίας,
1662 1291 1804 1345 κατὰ

225 1373 289 1425 τὸ
316 1374 612 1445 πρότερον,
647 1375 744 1427 δάν
779 1374 853 1446 μὴ
881 1375 1044 1437 εὐθὺς
1072 1376 1405 1449 εἰσέλθωμεν
1429 1381 1525 1434 καὶ
1547 1382 1807 1452 κοινωνή-

227 1481 437 1534 σωμεν,
471 1466 546 1528 ὡς
570 1468 986 1537 προγέγραπται
1015 1486 1027 1498 ο
1056 1468 1195 1522 εστω
1222 1471 1254 1541 η
1277 1470 1457 1540 ψῆφος
1491 1473 1613 1526 καθ’
1637 1473 1803 1544 ὑμᾶς,

1910 666 1966 710 et
1987 659 2299 722 adorantes,
2333 669 2386 714 et
2444 659 2646 730 gratias
2685 667 2927 730 agentes,
2955 673 3078 729 qua
3103 658 3370 713 debentur
3395 673 3485 711 ar-

1911 749 2260 819 chiepisc0po
2291 765 2348 804 re
2377 759 2430 803 et
2458 750 2624 804 verbo
2647 765 2759 820 pra:
2780 750 3036 806 omnibus
3062 750 3400 810 hominibus.
3430 757 3489 802 nt

1911 840 2193 904 debemus,
2221 839 2550 896 deferemus.
2584 840 2666 894 Ad
2700 840 2894 894 horum
2946 849 3129 895 autem
3181 839 3482 894 faciendam

1909 927 2097 993 Iidem,
2127 929 2552 983 declarationem
2585 930 2852 999 prolixam
2902 931 3107 999 scripto
3137 928 3424 983 olferimus
3461 944 3476 991 ;

1908 1027 1968 1072 ut
2004 1019 2129 1085 nisi,
2153 1029 2439 1089 postquam
2471 1035 2502 1074 a
2535 1019 2807 1075 sacriﬁcio
2827 1021 3076 1084 cessarit,
3137 1021 3277 1074 sicut
3297 1030 3480 1084 antea,

1907 1112 2195 1166 confestim
2241 1111 2570 1167 accedamus
2607 1121 2661 1166 et
2687 1112 3179 1177 communicemus,
3221 1110 3297 1164 uti
3342 1111 3481 1164 scri-

1908 1211 2061 1272 ptum
2095 1212 2212 1269 est;
2258 1205 2328 1258 sit
2357 1205 2412 1258 in
2436 1216 2615 1259 vestra
2639 1219 2799 1258 manu
2833 1204 3126 1267 sententia,
3152 1205 3196 1257 si
3216 1203 3344 1272 quid
3369 1203 3484 1255 vul-

1905 1294 2014 1359 tis;
2055 1302 2110 1348 et
2143 1294 2302 1348 nobis
2340 1294 2486 1366 loqui
2546 1295 2782 1365 amplius
2829 1311 2937 1349 non
2977 1295 3138 1349 liceat
3161 1295 3229 1348 de
3250 1299 3354 1348 hoc
3384 1308 3482 1346 ne-

1909 1385 2076 1456 gotio.
2106 1385 2171 1440 Et
2201 1401 2327 1442 ecce
2358 1401 2465 1440 non
2490 1387 2736 1457 angelus,
2760 1401 2867 1440 non
2900 1391 3084 1451 homo,
3103 1387 3196 1440 sed
3222 1384 3484 1439 Dominus

1910 1476 2048 1545 ipse,
2077 1477 2170 1546 qui
2205 1489 2258 1532 te
2297 1491 2393 1547 per
2425 1491 2526 1531 nos
2573 1477 2740 1530 trahit
2773 1487 2825 1532 et
2849 1475 3094 1545 impellit,
3125 1486 3181 1529 et
3213 1477 3482 1528 hortatur.

223 1557 276 1607 εί
311 1572 364 1607 τι
398 1555 654 1625 βούλεσθε
679 1572 693 1586 ο
749 1558 846 1619 καὶ
897 1557 972 1630 μὴ
1014 1558 1138 1623 ἐξὸν
1171 1559 1253 1612 ἔτι
1317 1561 1497 1615 λαλεῖν
1563 1563 1713 1632 ἡμᾶς
1744 1563 1874 1634 περὶ
1906 1564 2010 1634 τῆς
2058 1566 2390 1630 ὑποθέσεως.
2452 1566 2566 1620 Καὶ
2611 1567 2758 1630 ίδοὺ,
2809 1566 2912 1620 οὐκ
2953 1566 3214 1635 ἄγγελος,
3255 1563 3356 1618 οὐκ
3388 1563 3481 1615 dv-

222 1649 466 1719 θρωπος,
506 1647 622 1702 ἀλλ’
648 1648 812 1713 αὐτὸς
844 1652 872 1703 ὁ
896 1651 1100 1722 Κύριος
1132 1653 1160 1704 ό
1188 1652 1258 1706 δι’
1283 1652 1438 1723 ήμῶν
1467 1653 1662 1722 ἕλκων,
1698 1656 1793 1710 καὶ
1833 1658 2089 1712 συνωθῶν
2122 1662 2216 1712 καὶ
2247 1659 2582 1729 παρακαλῶν
2612 1675 2696 1713 σε.

511 1779 634 1833 AI".
672 1807 732 1823 -—-
767 1779 976 1836 Λέοντι
1015 1780 1185 1848 arma
1231 1781 1478 1854 Ῥώμης.
1514 1783 1661 1857 [οβ⁹.ι

2234 1787 2475 1845 XXXIII.
2504 1821 2574 1832 —
2604 1789 2767 1845 Leoni
2787 1807 2936 1862 papa:
2965 1790 3162 1845 Roma.

1077 1895 1260 1946 Leonis
1284 1895 1350 1946 Ill
1372 1911 1510 1961 papa
1533 1911 1679 1961 Opem
1698 1901 1941 1962 implorat.
1973 1903 2172 1965 (Baron.
2195 1917 2308 1956 anu.
2331 1904 2441 1964 809,
2465 1917 2516 1967 ο,
2550 1903 2650 1964 lt.)

221 2017 314 2082 Τῷ
357 2015 658 2085 ἁγιωτάτῳ
691 2017 788 2072 καὶ
845 2019 1293 2086 κορυφαιοτάτῳ
1331 2023 1510 2090 Harp!
1537 2023 1807 2092 Πατέρων

1909 2023 2258 2081 Sanctissimo
2293 2039 2342 2082 et
2365 2045 2569 2082 summa
2606 2029 2762 2084 Patri
2790 2029 3016 2084 Patrum
3059 2028 3222 2082 Leoni
3263 2029 3476 2083 domino

290 2108 502 2163 Λέοντι
539 2105 620 2172 τῷ
671 2107 937 2177 δεσπότῃ
987 2127 1106 2178 μου
1163 2111 1549 2179 ἁποστολικῷ
1598 2112 1794 2184 adat},

293 2197 592 2267 Θεόδωρος
627 2198 955 2268 ἐλάχιστος
975 2202 1380 2270 πρεσϐύτερος
1405 2202 1502 2256 καί
1537 2204 1796 2274 ἡγούμε-

286 2307 398 2357 νος
427 2289 545 2344 τῶν
573 2289 887 2346 Στουδιου.

300 2383 637 2454 Ἐπειδήπερ
683 2383 874 2452 Πέτρῳ
902 2380 979 2452 τῷ
1016 2383 1242 2454 μεγάλῳ
1269 2383 1466 2438 δέδωκε
1501 2385 1735 2454 Χριστὸς
1765 2386 1794 2438 ό

211 2477 349 2540 Θεὸς
384 2475 524 2546 μετὰ
555 2478 654 2536 τὰς
709 2476 859 2538 κλεῖς
892 2474 993 2544 τῆς
1031 2474 1309 2545 βασιλείας
1347 2477 1454 2530 τῶν
1505 2478 1787 2548 οὐρανῶν,

213 2573 309 2625 καὶ
341 2571 402 2622 τὸ
440 2569 541 2640 τῆς
572 2569 964 2640 ποιμνιαρχίας
988 2569 1235 2640 ἀξίωμαο
1273 2571 1411 2642 πρὸς
1443 2573 1650 2641 Πέτρον
1671 2574 1791 2644 ἦτοι

211 2662 306 2715 τὸν
343 2662 512 2715 αὑτοῦ
567 2661 831 2729 διάδοχον,
882 2662 1059 2716 ὁτιοῦν
1106 2663 1603 2733 καινοτομούμενον
1630 2668 1687 2718 ὲν
1719 2668 1787 2738 τῇ

211 2756 476 2826 καθολικῇ
531 2754 828 2826 Ἐκκλησία
859 2759 1010 2826 παρὰ
1040 2757 1146 2809 τῶν
1167 2756 1664 2827 ἀποσφαλλομένων
1691 2757 1790 2828 τῆς

209 2847 497 2919 ἀληθείας,
527 2847 823 2914 ἀναγκαῖον
851 2849 1247 2922 ἀναφέρεσθαι.
1285 2847 1459 2902 Τοῦτο
1495 2849 1787 2919 τοιγαροῦν

209 2942 584 3010 δεδιδαγμένοι
614 2941 710 2994 καὶ
735 2941 894 3012 ἡμεῖς
919 2942 970 2994 οί
999 2943 1246 2995 ταπεινοὶ
1284 2940 1377 2994 καὶ
1406 2941 1698 3010 ἐλάχιστοι,
1723 2942 1787 2993 ὲκ

210 3035 319 3088 τῶν
342 3032 606 3087 ἀνέκαθεν
627 3033 798 3101 ἁγίων
831 3033 1089 3102 Πατέρων
1146 3033 1306 3104 ⁴ἡμῶν
1329 3050 1344 3065 ο
1378 3033 1498 3086 ἐπεὶ
1531 3032 1782 3103 ὑπηρχθη

209 3144 294 3188 τις
321 3127 418 3179 καὶ
451 3124 544 3178 νῦν
575 3126 896 3195 καινοτομία
927 3127 982 3179 ὲν
1003 3129 1070 3197 τῇ
1105 3125 1229 3180 καθ’
1251 3127 1402 3194 ἡμᾶς
1445 3124 1744 3196 Ἐκκλησία
1767 3144 1781 3158 ο

209 3219 308 3273 καὶ
347 3217 612 3286 πρότερον
638 3218 737 3287 μὲν
756 3217 845 3270 διὰ
873 3217 1042 3287 μέσου
1068 3217 1160 3271 τοῦ
1191 3215 1591 3270 εὐλαϐεστάτου
1624 3219 1785 3288 ἀρχι-

212 3309 531 3380 μανδρξτου,
564 3310 730 3379 ἡγουν
759 3308 852 3362 τοῦ
881 3308 1118 3379 ἀδελφοῦ
1167 3309 1262 3362 καὶ
1297 3309 1585 3362 συνδούλου
1625 3309 1781 3378 ἡμῶν

1968 2135 2082 2173 meo
2116 2137 2269 2190 papa:
2289 2123 2597 2192 apostolico,
2621 2121 2919 2177 Theodorus
2943 2123 3192 2175 minimus
3214 2121 3481 2192 presbyter

1972 2219 2020 2263 et
2043 2213 2357 2281 prwpositus
2383 2213 2699 2268 Studiensis.

1963 2385 2412 2457 Quandoquidem
2442 2388 2603 2444 Petro
2631 2405 2825 2460 magno
2881 2389 3134 2446 Christus
3179 2391 3323 2448 Deus
3355 2403 3478 2463 post

1890 2476 2071 2533 claves
2103 2479 2254 2550 regni
2284 2480 2571 2547 caelorum,
2609 2482 2896 2550 pastoralis
2927 2483 3093 2538 etiam
3134 2484 3476 2554 principatus

1889 2571 2122 2626 contulit
2184 2571 2529 2642 dignitatem,
2587 2574 2655 2627 ad
2704 2573 2924 2629 Petrum
2970 2575 3179 2644 utique,
3221 2576 3308 2631 vel
3354 2578 3475 2647 ejus

1889 2678 2288 2729 successorem,
2343 2664 2607 2734 quidquid
2664 2666 2720 2719 in
2768 2666 3008 2722 Ecclesia
3072 2668 3337 2721 catholica
3375 2684 3475 2738 per

1887 2770 1985 2813 eos
2012 2757 2305 2812 innovatur
2341 2759 2432 2827 qui
2474 2759 2731 2812 aberrant
2757 2773 2788 2812 a
2831 2760 3081 2823 veritate,
3129 2774 3357 2814 necesse
3390 2772 3474 2815 est

1887 2847 2103 2904 referri.
2160 2849 2315 2914 Quod
2364 2863 2464 2903 nos
2530 2864 2748 2920 quoque
2800 2849 3035 2905 humiles
3083 2859 3140 2906 et
3187 2852 3399 2905 minimi
3437 2867 3472 2907 ι

1883 2939 2091 2993 sanctis
2120 2939 2250 2994 olim
2289 2938 2540 2994 Patribus
2583 2940 2788 2996 nostris
2827 2941 3030 3004 edocti,
3090 2950 3377 3011 postquam
3412 2944 3469 2997 in

1885 3028 2126 3085 Ecclesia
2163 3041 2346 3085 nostra
2373 3031 2585 3087 novitas
2610 3033 2856 3101 quaedam
2902 3048 3079 3102 nuper
3123 3044 3309 3087 exorta
3355 3045 3465 3099 est,

1885 3133 1940 3178 et
1966 3123 2118 3193 prius
2145 3125 2362 3194 quidem
2402 3140 2498 3194 per
2544 3124 3008 3195 religiosissimum
3048 3125 3458 3181 archimandri-

1884 3223 2015 3282 tam,
2049 3217 2271 3272 fratrem
2305 3227 2360 3271 et
2391 3232 2716 3272 conservum
2772 3225 3018 3271 nostrum
3052 3216 3418 3287 Epiphaniam
3450 3259 3466 3281 ,

1885 3317 1941 3362 et
1970 3325 2116 3363 nunc
2151 3325 2245 3379 per
2281 3311 2553 3379 simplices
2591 3309 2796 3366 litteras
2822 3320 3033 3364 nostras
3085 3310 3152 3363 ad
3185 3325 3463 3378 suprenne

220 3401 548 3468 Ἐπιφανὶου
568 3415 580 3427 ·
621 3403 716 3453 καὶ
753 3401 848 3454 νῦν
873 3401 960 3454 διὰ
991 3400 1084 3453 τοῦ
1115 3401 1368 3464 εὐτελοῦς
1401 3402 1560 3472 ἡμῶν
1598 3418 1782 3472 γραμ-

1890 3401 2241 3455 beatitudinis
2264 3413 2369 3456 tuae
2388 3401 2641 3470 angelum
2677 3402 2742 3454 de
2764 3415 2826 3454 ea
2859 3399 3062 3455 referre
3094 3415 3194 3456 nos
3231 3401 3456 3467 debere,

213 3493 412 3564 ματῐου
444 3493 793 3564 ὀφειλόμενον
825 3491 1152 3564 ἡγησάμεθα
1181 3493 1259 3564 τῷ
1303 3493 1522 3563 ἀγγέλῳ
1549 3493 1649 3560 τῆς
1697 3509 1790 3545 κο-

209 3587 448 3658 ρυφαίας
475 3603 569 3638 σου
591 3586 993 3656 μακαριότητος
1015 3585 1221 3656 ταύτην
1239 3587 1575 3652 ἀνενεγκεῖν.
1593 3583 1788 3651 Γέγονε

207 3679 416 3742 τοίνυν,
457 3672 501 3730 ὧ
528 3678 777 3746 θειοτάτη
802 3675 907 3728 τῶν
938 3676 1075 3728 ὅλων
1121 3676 1377 3745 κεφαλῶν
1407 3675 1641 3745 κεφαλὴ,
1683 3692 1786 3728 κα-

208 3771 278 3820 τὰ
315 3769 410 3820 τὸν
433 3769 716 3838 προφήτην
749 3766 1040 3835 Ἱερεμίαν,
1064 3765 1280 3828 σύνοδος
1309 3767 1385 3828 ὡς
1417 3765 1636 3836 άληθῶς
1657 3765 1786 3819 ἀθε-

207 3860 484 3922 τούντων,
549 3857 642 3908 καὶ
684 3855 958 3926 συνέδριον
1015 3858 1390 3927 μοιχωμένων.
1439 3857 1618 3926 Ὅπερ
1673 3857 1786 3927 γάρ

209 3953 394 4006 ἐκεῖσε
440 3949 528 4003 διὰ
576 3948 676 4019 τῆς
710 3948 999 4018 είδωλικῆς
1049 3950 1464 4022 ἐκπορνεύσεως
1495 3949 1781 4013 λέλεκται,

209 4046 375 4100 τοῦτο
406 4043 639 4097 ἐνταῦθα
670 4044 758 4096 διὰ
772 4043 870 4112 τῆς
903 4040 1360 4112 μοιχοζευκτικῆς
1395 4042 1784 4115 ἐπικυρώσεως

208 4139 502 4191 δέδεικται.
552 4136 880 4206 ’Λμφότεροι
929 4134 1041 4202 γάρ
1086 4136 1177 4187 τὸν
1207 4136 1373 4187 αὑτὸν
1404 4136 1611 4207 Κύριον
1657 4137 1783 4205 ὴθεο

206 4234 464 4300 τήκασιν,
493 4230 542 4282 οί
575 4229 674 4299 μὲν
702 4226 788 4281 διὰ
812 4225 907 4295 τῆς
932 4228 1162 4298 νομικῆς
1182 4267 1196 4292 ,
1228 4230 1278 4280 οἱ
1307 4228 1363 4280 δὲ
1392 4228 1481 4280 διὰ
1499 4227 1597 4298 τῆς
1619 4229 1783 4295 εὐαγ-

206 4323 432 4392 γελικῆς
457 4320 840 4392 παραϐάσεως.
879 4320 985 4371 Καί
1027 4336 1089 4386 γε
1125 4321 1183 4372 οὐ
1221 4319 1380 4390 μέχρι
1409 4320 1598 4372 τούτου
1625 4321 1782 4390 ἔστη-

209 4431 337 4475 σαν,
355 4411 804 4484 παρασυναγωγὴ
832 4410 919 4463 διὰ
937 4412 1210 4482 προτέρας
1237 4411 1626 4475 συνελεύσεως,
1641 4415 1698 4464 ἐν
1714 4415 1778 4483 τῇ

207 4505 304 4559 τοῦ
345 4504 733 4574 μοιχοζεύκτου
766 4502 1044 4574 παραδοχῇ
1075 4506 1166 4556 καὶ
1202 4504 1605 4576 συνιερουργίᾳ,
1641 4505 1782 4557 κατὰ

207 4597 299 4650 τὸν
344 4595 487 4648 θεῐον
540 4594 843 4660 Βασίλειον,
899 4594 1372 4663 χρηματίσαντεςο
1427 4595 1544 4648 ἀλλ’
1605 4595 1680 4659 ῶς
1714 4595 1780 4648 ἂν

209 4687 429 4748 ἑαυτοῖς
465 4684 727 4753 αἱρέσεως
745 4683 958 4745 τελείας
985 4683 1154 4753 δνομα
1193 4685 1680 4755 περιποιήσωνται,
1710 4683 1778 4737 δι’

208 4776 405 4846 ἑτέρας
441 4775 659 4828 συνόδου
716 4773 1018 4844 δημοσίας,
1077 4777 1203 4839 τοὺς
1258 4773 1334 4845 μὴ
1365 4778 1432 4844 τῇ
1473 4776 1778 4846 παρανόμῳ

210 4866 392 4929 αὐτῶν
414 4865 704 4937 κακοδοξίᾳ
757 4863 1284 4932 συγκαταθεμένους.
1321 4866 1524 4934 μᾶλλον
1568 4867 1623 4918 δὲ
1648 4867 1778 4936 ὅλην

209 4957 310 5025 τὴν
341 4955 634 5026 καθολικὴν
707 4955 1056 5025 Ἐκκλησίαν,
1109 4957 1536 5027 ἀναθεματισμῷ
1586 4959 1781 5011 ὑποϐε-

213 5049 476 5119 6>.ήκασι’
507 5049 633 5110 τοὺς
667 5048 769 5118 ἤδη
808 5047 1120 5116 φθάσαντας
1146 5050 1236 5100 ἐπὶ
1266 5049 1560 5119 προσώπου
1577 5051 1779 5115 αὑτῶν,

210 5140 306 5204 οὒς
339 5141 439 5210 μὲν
472 5140 954 5210 ἐξοστρακίσαντες
1003 5141 1190 5211 πόρρω
1226 5159 1365 5194 «που⁹
1399 5141 1490 5204 οῦς
1517 5143 1574 5195 δὲ
1607 5145 1780 5212 φυλα-

211 5236 336 5295 καῖς
369 5232 713 5301 κατέχοντες.
741 5234 993 5301 Διωγμὸν
1033 5234 1175 5285 κατὰ
1205 5235 1262 5286 τὸ
1294 5233 1528 5303 σύνηθες
1554 5236 1662 5288 τῶν
1690 5239 1780 5288 ὲν-

212 5323 390 5376 ταῦθα
424 5322 583 5373 πάλιν
617 5324 1128 5391 καινουργήσαντες.
1167 5325 1276 5377 Καὶ
1298 5327 1357 5375 τὸ
1376 5325 1654 5394 δικαίωμα
1684 5327 1783 5377 αύο

211 5416 346 5478 τοῖς,
370 5412 529 5479 λόγου
560 5413 794 5482 πονηροῦ
828 5413 1178 5484 κραταίωμα.
1212 5415 1536 5484 Οἰκονομίαν
1569 5411 1662 5468 οῦν
1686 5415 1784 5486 τὴν

213 5506 362 5573 ζευξι
372 5506 612 5576 μοιχείαν
633 5506 1050 5575 δογματίζουσιν
1071 5524 1084 5538 ”
1125 5507 1218 5560 ἐπὶ
1240 5508 1346 5560 τῶν
1370 5507 1640 5577 βασιλέων
1657 5509 1783 5572 τοὺς

213 5598 394 5660 θείους
433 5599 632 5666 νόμους
682 5597 758 5668 μὴ
806 5601 1028 5668 κρατεῖν
1072 5599 1426 5670 διορ’ίξονται’
1467 5599 1591 5662 τοὺς
1641 5599 1783 5671 ὑπὲρ

213 5687 476 5760 ἀληθείας
517 5689 610 5742 καὶ
661 5690 874 5744 δικαίου
927 5691 1124 5762 μέχρις
1181 5691 1412 5762 αἵματος
1462 5693 1780 5761 ένστάντας,

291 5869 330 5898 ⁸·
360 5866 659 5930 1ετειιι.ιι,
685 5865 740 5920 ‘3.
815 5867 858 5899 ⁰⁹
897 5866 1061 5934 Epist.
1091 5868 1160 5918 ad
1183 5867 1505 5936 Amphiloch.
1540 5882 1659 5921 can.
1702 5869 1744 5922 1.

1885 3492 2133 3545 arbitrati
2173 3508 2382 3546 sumus.
2426 3491 2624 3546 Factus
2673 3501 2774 3556 est,
2826 3507 2858 3545 ο
2897 3492 3300 3547 divinissimum
3341 3509 3464 3546 om-

1886 3582 2040 3635 nium
2063 3583 2301 3652 capitum
2339 3594 2504 3653 caput
2529 3583 2682 3652 juxta
2714 3581 3007 3636 Jeremiam
3047 3584 3370 3652 prophetam
3395 3587 3461 3650 ³³⁸,

1886 3685 2060 3729 cretus
2095 3690 2282 3729 revera
2312 3675 2815 3744 prazvaricatorum.
2847 3683 2902 3728 et
2931 3673 3222 3727 concilium
3248 3674 3464 3727 adulte-

1889 3767 2145 3820 rantium.
2181 3767 2338 3832 Quod
2372 3766 2518 3820 enim
2583 3765 2656 3820 ibi
2705 3774 2928 3835 propter
2967 3765 3234 3819 idolorum
3293 3764 3466 3819 forni-

1887 3861 2156 3913 cationem
2185 3860 2388 3913 dictum
2450 3867 2555 3921 est,
2625 3857 2713 3911 hic
2761 3873 2859 3925 per
2908 3855 3226 3911 adulterina:
3255 3856 3464 3926 copula;

1886 3951 2354 4004 confirmationem
2384 3950 2715 4020 patefactum
2745 3956 2847 4002 est.
2890 3947 3116 4018 Utrique
3131 3948 3277 4002 enim
3303 3963 3463 4002 eum-

1885 4040 2011 4094 dem
2067 4040 2359 4094 Dominum
2409 4047 2753 4110 spreverunt,
2797 4037 2873 4092 illi
2911 4053 3009 4109 per
3055 4039 3210 4108 legis,
3268 4039 3324 4093 bi
3365 4054 3464 4110 per

1863 4116 2163 4203 'Evangelii
2198 4131 2710 4202 transgressionem.
2741 4127 2853 4184 Nec
2876 4145 3002 4183 vero
3037 4131 3170 4183 satis
3208 4128 3314 4183 illis
3336 4129 3460 4194 fuit,

1884 4225 2026 4293 quod
2057 4240 2154 4294 per
2191 4226 2426 4293 priorem
2455 4231 2806 4286 conventum,
2848 4222 2902 4274 in
2920 4222 3039 4291 ejus
3076 4222 3170 4291 qui
3210 4225 3460 4276 moechos

1883 4318 2164 4387 c0pularat
2200 4316 2528 4385 receptione,
2557 4329 2948 4383 sacrorumque
2981 4330 3106 4368 cum
3125 4329 3189 4368 eo
3209 4330 3460 4368 commu-

1883 4414 2067 4475 nione,
2103 4408 2519 4480 ParasynagOgi,
2546 4418 2605 4463 ut
2629 4409 2852 4462 divinus
2881 4408 3120 4476 loquitur
3144 4407 3457 4472 Basilius”,

1883 4505 2010 4559 facti
2043 4513 2214 4558 sunt:
2257 4503 2354 4557 sed
2387 4511 2445 4555 ut
2495 4501 2722 4555 haaresis
2779 4500 3044 4554 absoluta:
3080 4513 3281 4552 nomen
3338 4500 3458 4553 adi-

1884 4598 2241 4669 piscerentur,
2275 4595 2329 4648 in
2358 4595 2526 4648 altera
2556 4593 2772 4664 publica
2798 4591 3005 4664 synodo
3033 4605 3129 4644 eos
3166 4590 3257 4659 qui
3291 4605 3460 4660 pravo

1887 4687 2129 4759 ipsorum
2187 4685 2359 4740 errori
2400 4701 2510 4739 non
2554 4684 2918 4748 adhaeserant,
2974 4692 3071 4736 aut
3143 4682 3458 4736 universam

1885 4780 2067 4850 potius
2105 4778 2402 4834 Ecclesiam
2433 4777 2783 4839 catholicam,
2821 4774 3154 4829 anathemati
3205 4774 3460 4838 subjece-

1885 4879 2047 4926 runt:
2083 4880 2137 4924 et
2183 4879 2452 4939 quotquot
2486 4870 2750 4923 hactenus
2784 4867 2838 4919 in
2892 4875 3245 4936 conspectum
3293 4881 3460 4920 vene-

1885 4973 2034 5026 runt,
2076 4963 2271 5031 partim
2325 4962 2594 5030 loginquis
2639 4959 2846 5013 exsiliis
2906 4957 3225 5021 multantes,
3258 4959 3459 5027 partim

1886 5054 2199 5110 carceribus
2235 5053 2600 5114 includentes,
2624 5051 2910 5121 pristinam
2949 5050 3149 5103 usitato
3186 5051 3275 5104 hic
3309 5066 3459 5104 more

1889 5146 2326 5218 persecutionem
2404 5151 2755 5197 renovarunt.
2798 5144 2876 5195 Ac
2930 5141 3122 5195 nefarii
3191 5144 3461 5201 sermonis

1885 5237 2136 5309 praesidio
2184 5252 2240 5290 se
2267 5237 2419 5304 ipsos
2462 5233 2784 5288 defendunt.
2827 5233 3130 5287 Adulterini
3191 5234 3456 5300 siquidem

1881 5330 2121 5400 conjugii
2157 5328 2618 5397 conjunctionem,
2642 5326 3100 5395 dispensationem
3127 5341 3246 5378 esse
3265 5330 3459 5380 decer-

1879 5428 2055 5474 nunt:
2090 5418 2142 5471 in
2194 5417 2414 5487 regibus
2472 5414 2684 5469 divinas
2731 5414 2877 5484 leges
2935 5415 3069 5466 nihil
3112 5429 3272 5484 posse
3320 5415 3458 5469 deli-

1880 5511 2039 5563 niunt
2063 5525 2076 5563 :
2113 5523 2208 5562 eos
2234 5508 2325 5577 qui
2349 5523 2446 5577 pro
2476 5506 2704 5560 veritate
2728 5521 2792 5559 ac
2816 5506 3025 5575 justitia
3040 5520 3211 5574 usque
3231 5505 3296 5558 ad
3320 5521 3460 5558 san-

1891 5599 2110 5670 guinem
2143 5599 2484 5661 restiterunt,
2521 5606 2577 5650 ut
2603 5598 3003 5652 Praecursorem
3036 5607 3094 5651 et
3137 5596 3460 5666 Chrysosto-

1893 5706 2062 5757 mum,
2112 5690 2308 5746 imitari
2353 5699 2580 5745 vetant:
2629 5689 2946 5761 episcopum
3017 5705 3460 5761 unumquemque
