4158 6482
740 402 875 467 1019

1995 399 2053 457 S.
2108 394 2499 457 THEODORI
2540 397 2882 458 STUDlT/E

3844 394 3970 460 1020

734 514 792 569 in
827 526 1010 568 sacros
1051 526 1309 576 canones,
1349 522 1549 582 praeter
1608 528 1671 568 ea
1704 530 1825 585 qua
1858 515 1912 569 in
1968 512 2073 569 illis
2101 517 2301 566 statuta

2411 504 2591 577 ὥσπερ
2616 506 2708 592 τὸν
2742 506 3058 577 Πρόδρομον
3103 510 3198 560 καὶ
3227 506 3639 577 Χρυσόστομον,
3689 507 3975 575 μιμεῖσθαι

732 609 863 673 sint,
895 614 1219 676 potestatem
1250 606 1453 662 habere
1486 608 1860 678 pronuntiant.

805 872 985 939 Quare
1030 871 1077 925 si
1126 885 1287 940 quem
1322 870 1464 925 forte
1510 870 1680 925 sacris
1710 869 1985 924 initiatum
2026 869 2305 940 contingat

740 964 879 1019 clam
912 962 1156 1031 palamve
1185 976 1479 1028 canonum,
1530 977 1627 1031 per
1677 977 1814 1031 quos
1850 962 2120 1031 depositio
2169 962 2306 1016 irro-

736 1065 912 1125 gatur,
957 1068 1108 1108 reum
1161 1055 1371 1120 teneri;
1416 1056 1563 1110 hunc
1620 1056 1733 1110 sola
1788 1056 2019 1110 volentis
2069 1056 2308 1111 auctori-

736 1154 865 1208 tate,
904 1144 1257 1214 depositionis
1293 1153 1565 1199 exsortem
1601 1160 1844 1199 manere.
1892 1145 2137 1210 Quorum
2186 1161 2306 1199 om-

736 1237 887 1290 nium
914 1236 1070 1291 testis
1100 1236 1271 1301 estis,
1326 1236 1417 1305 qui
1457 1237 1623 1291 variis
1664 1237 1967 1291 canonibus
2018 1253 2142 1291 cum
2185 1236 2305 1291 aliis

737 1327 1031 1381 obstrictus
1086 1336 1327 1390 tenetur,
1390 1327 1622 1381 adulteri
1680 1328 1981 1397 copulator,
2034 1343 2141 1381 una
2178 1342 2303 1382 cum

740 1419 872 1487 ipsis
901 1420 1117 1489 publice
1147 1420 1481 1475 ministrans.
1516 1421 1705 1477 Testes
1731 1422 1767 1476 ii
1812 1422 1923 1490 qui,
1948 1422 2076 1476 dum
2109 1421 2309 1491 iniqui-

741 1518 880 1565 tates
914 1520 1169 1581 tanquam
1213 1514 1650 1583 dispensationes
1700 1513 1906 1569 faciunt
1941 1532 1956 1581 ;
1995 1514 2049 1568 in
2086 1530 2153 1569 eo
2188 1516 2307 1584 ipso

742 1611 855 1655 tum
886 1603 1037 1667 alios,
1075 1614 1185 1657 tum
1226 1620 1282 1659 se
1308 1604 1455 1674 ipsos
1496 1615 1713 1660 sanctos
1744 1616 1960 1670 vocant,
1995 1614 2049 1660 et
2080 1622 2177 1660 eos
2212 1606 2306 1675 qui

742 1694 862 1749 illas
906 1710 1014 1748 non
1052 1696 1367 1759 admittunt,
1421 1697 1623 1753 veluta
1663 1696 1771 1752 Deo
1828 1698 2035 1752 alienos
2080 1700 2309 1753 anathe-

743 1794 888 1841 mate
930 1786 1153 1845 feriunt.
1196 1788 1376 1843 Testis
1400 1789 1563 1842 etiam
1593 1804 1712 1857 quae
1763 1789 1850 1844 hic
1871 1789 2082 1843 exsistit
2120 1805 2307 1861 perse—

741 1878 910 1931 cutio.
939 1878 1077 1943 Quid
1110 1878 1272 1947 igitur
1304 1879 1369 1933 ad
1402 1880 1536 1945 haec,
1570 1881 1800 1943 obeate,
1850 1882 2138 1935 dicendum
2184 1881 2307 1935 est?

741 1970 846 2023 nisi
875 1970 1234 2038 apostolicum
1271 1970 1401 2025 illud
1429 1990 1442 2025 :
1482 1972 1635 2025 Nunc
1664 1972 1971 2026 Antichristi
2001 1973 2152 2026 multi
2178 1974 2306 2042 facti

739 2071 857 2113 sunt
890 2061 906 2093 ί
930 2079 945 2126 ;
973 2062 1018 2115 si
1046 2062 1244 2117 divinis
1275 2065 1483 2134 legibus
1520 2077 1575 2119 et
1630 2066 1930 2120 canonibus
1982 2081 2173 2119 omnes
2205 2067 2306 2121 ho-

741 2151 916 2205 mines
942 2152 1141 2206 subditi
1172 2169 1281 2207 non
1329 2169 1541 2209 sumus.
1579 2154 1673 2210 His
1711 2171 1839 2227 ergo
1884 2171 1913 2209 a
1963 2156 2306 2225 simplicitate

740 2253 924 2297 nostra
961 2244 1077 2298 sine
1108 2245 1232 2302 fuco
1263 2248 1545 2315 expositis,
1586 2264 1771 2302 vocem
1819 2263 1963 2302 nunc
2013 2248 2157 2301 illam
2202 2264 2304 2317 qua

741 2336 1062 2403 coryphzeus
1093 2352 1215 2391 cum
1271 2338 1491 2407 reliquis
1534 2337 1790 2407 apostolis
1840 2338 2117 2393 Christum
2160 2354 2306 2393 com-

743 2427 975 2493 pellavit.
1026 2444 1148 2480 cum
1207 2430 1369 2482 maris
1435 2429 1629 2484 ﬂuctus
1693 2430 2094 2492 excitarentur;
2165 2430 2307 2500 apud

741 2516 942 2570 Christi
972 2517 1315 2573 imitatricem
1347 2520 1734 2574 beatitudinem
1761 2530 1907 2573 tuam
1947 2520 2305 2573 adhibemus:

743 2604 903 2658 Salva
927 2622 1040 2670 nos,
1076 2608 1417 2676 archipastor
1446 2609 1698 2663 Ecclesia:
1725 2626 1844 2679 qua:
1878 2612 1979 2664 sub
2025 2611 2162 2665 caelo
2202 2620 2305 2674 est,

742 2699 973 2763 perimus
996 2699 1035 2749 ’.
1074 2697 1292 2751 Imitare
1325 2698 1637 2767 magistrum
1682 2707 1834 2754 tuum
1865 2700 2163 2762 Christum.
2198 2717 2305 2754 ma-

744 2800 983 2854 numque
1018 2786 1271 2841 Ecclesiae
1304 2796 1504 2842 nostrae
1530 2790 1763 2859 porrige,
1816 2791 1954 2845 sicut
1990 2793 2077 2845 ille
2111 2792 2305 2846 Petro:

745 2877 847 2930 uisi
888 2878 1031 2945 quod
1084 2879 1172 2933 ille
1200 2879 1479 2949 incipienti
1524 2881 1585 2959 _in
1616 2897 1765 2935 mare
1807 2883 1996 2953 mergi,
2035 2893 2089 2936 tu
2126 2895 2308 2939 autem

744 2983 933 3023 rursus
968 2971 1077 3038 jam
1118 2987 1310 3025 mersae
1345 2973 1396 3025 in
1424 2973 1645 3027 hzeresis
1676 2974 1960 3041 profundo.
2008 2974 2306 3038 Aimulare.

746 3073 1052 3127 precamur,
1093 3063 1468 3129 cognominem
1511 3066 1603 3118 tibi
1645 3065 1864 3135 Papam,
1902 3076 2063 3135 atque
2103 3077 2161 3121 ut
2200 3069 2307 3133 ille,

746 3151 1046 3219 pullulante
1078 3162 1188 3205 tum
1219 3154 1411 3207 haeresi
1440 3156 1793 3225 Eutychiana.
1826 3157 2105 3211 leoninum
2127 3161 2179 3211 in
2204 3175 2311 3212 mo-
2340 3180 2385 3238 ο

747 3259 861 3297 rem
902 3244 1091 3311 spiritu
1133 3256 1481 3312 experrectus
1511 3257 1612 3311 est,
1650 3257 1709 3301 ut
1738 3264 1928 3303 omnes
1962 3261 2183 3315 norunt,
2214 3253 2310 3307 do-

747 3337 994 3404 gmaticis
1034 3338 1147 3389 suis
1200 3338 1485 3406 epistolis:
1519 3341 1596 3393 sic
1648 3350 1699 3393 et
1745 3351 1821 3405 tu,
1876 3343 2057 3398 dicere
2113 3346 2307 3413 audeo,

743 3427 893 3495 juxta
925 3443 1119 3480 nomen
1165 3429 1306 3496 quod
1339 3431 1501 3500 geris,
1561 3431 1724 3501 irrugi
1781 3434 2060 3499 divinitus,
2100 3439 2183 3491 vel
2218 3454 2313 3507 po-

751 3520 856 3570 tius
918 3518 1102 3573 intona
1154 3530 1340 3574 contra
1407 3532 1731 3589 praesentem
1786 3523 1924 3578 hanc
1952 3524 2224 3591 hatresim,
2256 3536 2313 3581 ut

749 3610 924 3665 decet.
960 3612 1011 3663 Si
1056 3611 1199 3663 enim
1230 3611 1340 3674 isti,
1376 3622 1618 3681 arrogata
1661 3614 1761 3668 sibi
1785 3618 2125 3682 auctoritate,
2152 3622 2315 3673 hatre-

750 3701 913 3753 ticam
966 3701 1230 3769 synodum
1267 3715 1457 3769 cogere
1494 3702 1649 3755 veriti
1682 3718 1789 3756 non
1820 3715 1967 3769 sunt,
2001 3707 2094 3775 qui
2123 3723 2191 3761 ne
2222 3723 2313 3761 or-

752 3790 1045 3843 thodoxam
1075 3790 1290 3858 quidem
1325 3790 1528 3859 absque
1550 3792 1859 3862 cognitione
1896 3805 2096 3862 vestra,
2139 3807 2313 3853 utan-

754 3883 936 3950 tiquus
965 3897 1079 3935 mos
1102 3880 1330 3943 obtinet,
1354 3897 1548 3952 cogere
1581 3892 1876 3953 potuerunt
1909 3904 1922 3939 :
1963 3898 2168 3956 quanto
2202 3906 2317 3944 ma-

752 3975 831 4045 gis
864 3990 1076 4043 aequum
1106 3984 1268 4042 atque
1303 3974 1437 4027 adeo
1473 3977 1839 4030 necessarium
1871 3977 2033 4033 fuerit
2080 3982 2222 4049 (cum
2254 3982 2318 4036 ti-

755 4084 903 4122 more
930 4066 1288 4138 suggerimus)
1321 4066 1389 4121 ab
1437 4066 1624 4122 divino
1656 4078 1749 4122 tuo
1778 4071 2084 4139 principatu
2137 4073 2317 4143 legiti-

751 4178 893 4215 mam
930 4162 1191 4229 synodum
1219 4161 1502 4214 convocari
1547 4170 1605 4215 ut
1663 4161 2026 4217 orthodoxam
2067 4163 2318 4222 Ecclesia:

750 4252 941 4316 dogma
972 4252 1282 4307 imretlcum
1302 4252 1552 4306 extrudat
1573 4270 1586 4305 :
1606 4260 1848 4320 etneque
1876 4269 2126 4322 suprema
2145 4257 2320 4328 digni-

756 4350 835 4393 tas
858 4351 944 4392 tua
964 4354 1085 4393 cum
1129 4338 1447 4392 orthodoxis
1464 4340 1719 4394 omnibus
1747 4343 2089 4400 anathemate
2106 4358 2321 4402 notetur

751 4449 779 4485 a
801 4432 953 4484 novis
971 4433 1339 4501 nugatoribus;
1358 4445 1531 4499 neque
1548 4432 1845 4500 iniquitatis
1864 4451 2022 4503 porro
2038 4437 2319 4494 classicum

2406 598 2845 670 ἀπαγορεύουσιν
2865 614 2879 628 ⁸
2915 599 3146 652 ἕκαστον
3172 600 3281 652 τῶν
3338 598 3611 668 ίεραρχῶν
3638 597 3978 665 ὲξουσιάζειν

2404 689 2462 740 ὲν
2480 691 2594 753 τοῖς
2629 688 2796 753 θείοις
2841 689 3052 754 κανόσι,
3082 690 3238 762 παρὰ
3269 689 3338 743 τὰ
3383 692 3442 743 ὲν
3473 692 3658 753 αὐτοῖς
3690 700 3981 742 κεκανῖονι-

2406 782 2603 851 σμένα,
2620 782 3038 849 ἀποφαίνονται.

2476 876 2586 928 Καὶ
2613 874 2699 928 διὰ
2720 874 2877 926 τοῦτο
2908 874 3108 926 ὁπόταν
3154 872 3293 944 τύχῃ
3324 872 3419 926 καὶ
3447 872 3709 940 κρυπτῶς
3745 872 3844 923 καὶ
3884 873 3982 940 ἐμ-

2407 967 2589 1037 φανῶς
2648 966 2851 1021 ἁλῶναί
2903 982 3024 1019 τινα
3070 964 3179 1017 τῶν
3227 963 3539 1034 ἱερωμένων
3570 964 3984 1033 καθαιρετικοῖς

2407 1060 2617 1118 κανόσι,
2656 1061 2722 1127 τῇ
2753 1057 2848 1110 τοῦ
2882 1056 3212 1127 βουλομένου
3243 1054 3460 1123 ἐξουσία
3511 1054 3695 1125 μένειν
3746 1054 3982 1108 ἀκαθαί-

2410 1167 2585 1221 ρετον.
2620 1152 2729 1203 Καὶ
2763 1149 2973 1220 μάρτυς
3020 1148 3115 1200 τοῦ
3146 1147 3339 1215 λόγου,
3390 1149 3418 1199 6
3452 1146 3739 1217 διαφόροις
3785 1147 3981 1199 κανόσι

2411 1244 2509 1295 σὺν
2534 1242 2714 1304 ἄλλοις
2740 1240 3155 1309 κεκρατημένος
3192 1236 3609 1306 μοιχοζεύκτης.
3644 1237 3743 1289 καὶ
3771 1236 3981 1288 cuna:-

2407 1332 2652 1399 τουργῶν
2675 1331 2856 1393 αὐτοῖς
2887 1329 3144 1399 δημοσίᾳ.
3198 1327 3337 1389 Τοὺς
3360 1326 3707 1395 παρανομίας
3737 1325 3817 1386 ὡς
3837 1326 3982 1376 οἱκο-

2408 1422 2606 1491 νομίας
2628 1420 2937 1482 ποιοῦντας.
2972 1418 3167 1480 ἄλλους
3211 1435 3269 1470 τε
3308 1418 3402 1470 καὶ
3438 1417 3664 1479 ἑαυτοὺς
3695 1415 3898 1481 ἁγίους
3929 1414 3982 1464 ὲν

2406 1514 2585 1584 τούτῳ
2611 1512 2970 1582 ὀνομάζουσι’
3019 1510 3113 1561 καὶ
3162 1510 3287 1571 τοὺς
3318 1509 3393 1578 μὴ
3414 1507 3619 1569 ταύτας
3674 1505 3983 1577 προσιεμέ-

2408 1626 2572 1671 νους,
2628 1606 2705 1663 ὼς
2750 1602 3219 1674 ὴλλοτριωμένους
3272 1600 3408 1654 Θεοῦ
3472 1599 3979 1667 ἁναθεματίζουτιι⁸

2414 1702 2621 1769 μάρτυς
2652 1698 2705 1751 δὲ
2728 1696 3005 1751 κάνταῦθα
3037 1695 3130 1748 τοῦ
3155 1695 3313 1763 λόγου
3344 1692 3418 1747 ὢν
3442 1694 3537 1747 καὶ
3565 1694 3592 1747 6
3618 1692 3889 1761 διωγμὸς.
3919 1690 3981 1742 Τί

2410 1786 2500 1844 οὖν
2532 1791 2753 1842 ἔστινὲν
2777 1788 3007 1849 τούτοις,
3035 1780 3080 1841 ὦ
3111 1786 3315 1856 μάκαρ,
3347 1784 3610 1854 εἰπεῖνςῆ
3642 1783 3702 1835 τὸ
3740 1783 3981 1835 ἀποστο-

2408 1882 2555 1935 λικὸν
2594 1884 2787 1943 ἐκεῖνο,
2808 1882 2889 1933 ὅτι
2912 1880 3039 1934 Νῦν
3061 1879 3275 1933 πολλοὶ
3316 1878 3704 1945 Ἀντίχριστοι
3727 1876 3979 1944 γεγόνα-

2406 1989 2541 2028 σιν·
2572 1975 2732 2042 εἴπερ
2774 1974 2850 2043 μὴ
2900 1970 3005 2025 ὑπὸ
3032 1969 3141 2023 τῶν
3166 1969 3328 2022 θείων
3370 1968 3553 2036 νόμων
3600 1966 3697 2019 καὶ
3731 1967 3980 2019 κανόνων

2407 2066 2607 2127 πάντες
2638 2064 2912 2131 ἄνθρωποι
2944 2058 3387 2129 ὲξουσιαζόμεθα.
3421 2056 3641 2111 Τούτων
3668 2058 3775 2127 ἤδη
3809 2057 3979 2125 ἀψευ-

2405 2157 2513 2219 δῶς
2543 2156 2647 2208 ύπὺ
2675 2155 2775 2223 τῆς
2805 2152 3079 2215 εὐτελείας
3116 2152 3272 2221 ἡμῶν
3301 2148 3717 2218 ἀνενεχθέντων,
3753 2147 3975 2215 ἐκείνην

2407 2247 2507 2315 τὴν
2533 2245 2736 2314 φωνὴν,
2767 2244 2833 2315 ἣν
2854 2244 2882 2295 6
2914 2244 3205 2312 κορυφαῖος
3234 2241 3334 2294 σὺν
3360 2241 3474 2300 τοῖς
3500 2238 3704 2301 λοιποῖς
3742 2238 3980 2290 ἀποστό-

2407 2334 2521 2396 λοις
2539 2332 2854 2402 προσήγαγε
2876 2330 3120 2401 Χριστῷ,
3156 2329 3320 2400 ἡνίκα
3358 2330 3385 2381 6
3408 2327 3509 2397 τῆς
3546 2326 3830 2395 θαλάσσης
3860 2327 3977 2378 κλύο

2407 2426 2513 2477 δων
2550 2422 2889 2493 ὲπεγείρετο,
2923 2422 3309 2493 προσφέρομεν
3335 2422 3400 2489 τῇ
3425 2419 3866 2490 Χριστομιμήτῳ
3888 2435 3976 2471 σου

2413 2515 2815 2584 μακαριότητι’
2861 2514 3069 2567 Σῶσον
3128 2511 3303 2580 ἡμᾶς.
3340 2511 3677 2580 ἀρχιποίμην
3728 2510 3835 2579 τῆς
3891 2509 3976 2562 ὑπ’

2410 2604 2637 2673 ούρανδν
2678 2601 3025 2669 Ἐκκλησίας,
3056 2600 3729 2669 ἀπο.ι.ιύμεθα.Μίμησαί
3766 2616 3863 2652 σου
3892 2598 3977 2651 τὸν

2410 2695 2732 2749 διδάσκαλον
2761 2693 3019 2763 Χριστὸν,
3069 2691 3163 2743 καὶ
3186 2690 3371 2760 δρεξον
3395 2691 3551 2758 χεῖρα
3578 2691 3643 2759 τῇ
3681 2688 3807 2743 καθ’
3836 2690 3977 2757 flii-5;

2424 2788 2743 2857 Ἐκκλησία,
2781 2786 2857 2848 ὡς
2882 2786 3085 2845 ἐκεῖνος
3115 2783 3337 2850 Πίτρῳ’
3370 2782 3493 2834 ὅσον
3516 2783 3543 2834 6
3573 2780 3671 2849 μὲν
3692 2781 3977 2851 ἀρχομένῳ

2411 2879 2912 2942 καταποντίζεσθαι
2952 2879 3010 2930 ὲν
3049 2880 3113 2946 τῇ
3151 2875 3394 2944 θαλάσσῃ
3416 2891 3429 2906 ·
3462 2873 3621 2935 αὐτὸς
3645 2874 3689 2929 δ’
3716 2869 3784 2926 αὖ
3814 2890 3978 2927 κατα-

2414 2971 2763 3042 ποντισθείαῃ
2790 2970 2893 3040 ήδη
2925 2970 2983 3021 ὲν
3018 2968 3091 3037 τῷ
3112 2969 3209 3037 τῆς
3242 2966 3505 3037 αἱρέσεως
3535 2964 3979 3035 βάθει.Ζήλωσόν

2415 3080 2531 3125 σου,
2556 3063 2812 3133 δεόμεθα.
2846 3063 2936 3116 τὸν
2964 3063 3253 3130 ὁμώνυμον
3287 3059 3497 3121 πάπαν,
3533 3059 3628 3111 καὶ
3646 3058 3722 3120 ὡς
3775 3060 3980 3120 ἐκεῖνος

2414 3155 2718 3223 τηνικαῦτα
2758 3154 2857 3223 τῆς
2891 3153 3293 3223 Εὐτυχιανικῆς
3328 3152 3593 3221 αἱρέσεως
3642 3150 3981 3219 ἀναφυείσης

2416 3246 2683 3300 λεόντειόν
2716 3259 2833 3307 πως
2858 3244 3115 3315 διηγὲρθη
3151 3244 3228 3313 τῷ
3258 3243 3551 3313 πνεύματι,
3568 3240 3643 3303 ὡς
3679 3242 3832 3293 ἰσασι
3860 3243 3981 3299 1:517-

2416 3353 2527 3400 τες,
2558 3339 2678 3399 ταῖς
2723 3336 3081 3403 δογματικαῖς
3110 3334 3277 3390 αύτοῦ
3331 3333 3677 3394 ἐπιστολαῖς·
3710 3330 3860 3385 οὕτω
3892 3332 3981 3385 καὶ

2418 3431 2603 3493 αὐτὸς,
2638 3428 2822 3497 τολμῶ
2874 3428 3074 3495 λέγειν,
3136 3426 3495 3497 φερωνύμως,
3542 3424 3740 3495 βρύξον
3789 3424 3979 3485 θείως.

2421 3523 2625 3593 μᾶλλον
2652 3520 2710 3573 δὲ
2743 3519 3037 3591 βρόντησον
3067 3518 3208 3570 κατὰ
3231 3519 3329 3586 τῆς
3356 3516 3634 3587 παρούσης
3663 3514 3981 3580 κακοδοξίας

2418 3617 2483 3669 τὰ
2525 3614 2729 3667 εἰκότα.
2771 3613 2833 3665 El
2883 3611 2994 3680 γὰρ
3042 3603 3189 3664 οὗτοι
3225 3610 3441 3671 ἑαυτοῖς
3493 3608 3983 3677 ὲξαυθεντήσαντες

2419 3708 2701 3779 αἱρετικὴν
2742 3706 2957 3759 σύνοδον
2981 3701 3337 3774 ἐκπληρῶσαι
3383 3701 3737 3769 ούκὲδεισαν,
3785 3700 3981 3769 καίπερ

2421 3801 2469 3852 εί
2500 3800 2593 3852 καὶ
2616 3797 2893 3868 ὀρθόδοξον
2914 3796 3015 3849 ούκ
3044 3795 3173 3849 ἄνευ
3209 3792 3309 3862 τῆς
3340 3791 3495 3862 ύμῶν
3547 3794 3810 3863 είδήσεως
3839 3791 3981 3855 ἐξου-

2422 3891 2716 3955 σιάζοντες,
2747 3889 2822 3952 ὡς
2841 3888 2902 3942 τὸ
2940 3886 3147 3942 ἄνωθεν
3178 3884 3518 3957 κεκρατηκὸς
3548 3882 3701 3945 ἔθος·
3740 3885 3892 3952 πόσῳ
3920 3899 3979 3950 γε

2425 3981 2625 4051 μᾶλλον
2648 3979 2869 4045 εὔλογον
2892 3980 2985 4031 καί
3010 3978 3307 4044 ἀναγκαῖον
3336 3976 3403 4028 ἂν
3423 3973 3532 4042 εἴη,
3567 3972 3854 4041 ὑπομιμνή
3864 3989 3981 4025 σκοο

2426 4090 2525 4143 μεν
2550 4070 2719 4140 φόϐῳ,
2752 4069 2857 4122 ὑπὸ
2884 4069 2984 4136 τῆς
3039 4067 3189 4130 θείας
3220 4063 3575 4138 πρωταρχίας
3611 4078 3730 4126 σου,
3759 4062 3981 4131 ἔννομον

2424 4164 2755 4234 κρπηθῆναι
2802 4161 3041 4224 σύνοδον,
3076 4160 3151 4223 ὼς
3182 4160 3249 4213 ἂν
3296 4157 3360 4211 τδ
3408 4154 3690 4225 ὀρθόδοξον
3730 4154 3833 4222 τῆς
3868 4154 3983 4207 Ἐκ-

2423 4256 2652 4327 κληοίας
2707 4252 2902 4323 δόγμα,
2961 4252 3022 4304 τὸ
3072 4249 3347 4319 αἱρετικὸν
3399 4244 3847 4317 ἀποκρούσηται·
3893 4243 3984 4297 καὶ

2428 4349 2615 4419 μήτεη
2645 4343 3015 4415 κορυφαιότης
3052 4359 3144 4395 σου
3180 4342 3277 4394 σὺν
3329 4340 3501 4394 ἅπασι
3528 4340 3642 4401 τοῖς
3683 4336 3983 4407 όρθοδόξοις

2426 4436 2878 4507 ἀναθεματίζοιτο
2928 4432 3079 4503 παρὰ
3106 4431 3216 4484 τῶν
3257 4432 3395 4485 νέων
3446 4427 3802 4497 κενοφιῖΝωνο
3862 4426 3982 4496 μήτ’

751 4525 1109 4579 adulterinam
1143 4525 1280 4579 hanc
1301 4526 1565 4596 synodum
1599 4526 1765 4588 nacti,
1794 4528 1993 4595 quibus
2020 4529 2070 4582 id
2114 4530 2307 4597 placet,

2413 4528 2481 4581 αὖ
2508 4526 2841 4597 ὁρμητήριον
2858 4523 3087 4592 ἀνομίας
3113 4522 3213 4589 τὴν
3244 4518 3620 4589 μοιχοσύνοδον
3639 4515 3980 4587 εὑρίσκοντες

752 4617 806 4670 in
860 4625 1142 4686 peccatum
1175 4617 1331 4670 facile
1378 4617 1754 4686 prolabantur.
1786 4618 1929 4684 Haec,
1965 4620 2105 4675 sicut
2132 4625 2314 4692 parvi-

752 4710 846 4762 tati
873 4722 1073 4763 nostra:
1109 4709 1489 4769 conveniebat.
1519 4718 1579 4763 ut
1617 4710 1841 4765 minima
1870 4713 2127 4768 Ecclesiae
2147 4730 2317 4769 mem-

752 4801 844 4854 bra
882 4809 1351 4869 repraesentantes,
1379 4810 1435 4855 et
1470 4801 1656 4855 divino
1688 4804 1939 4871 pastorali
1973 4815 2154 4859 vestro
2174 4806 2319 4876 prin-

751 4894 949 4964 cipatui
983 4904 1267 4964 parentes;
1322 4895 1670 4949 obsecramus
1717 4896 1784 4949 de
1833 4906 2028 4951 caetero
2070 4905 2311 4952 sanctam

752 4987 986 5039 animam
1010 4994 1266 5048 vestram,
1300 4993 1357 5039 ut
1379 5000 1477 5039 nos
1504 5000 1602 5039 ceu
1635 4987 1885 5055 proprias
1917 5002 2045 5040 oves
2076 4995 2309 5056 reputet,

751 5082 806 5127 et
846 5074 1013 5127 sacris
1033 5075 1287 5142 precibus
1317 5074 1432 5128 suis
1458 5076 1672 5128 eminus
1699 5075 1952 5138 illustret,
1994 5085 2155 5143 atque
2182 5092 2312 5131 con-

753 5164 947 5217 ﬁrmet.
978 5163 1130 5229 Quod
1186 5166 1229 5220 si
1260 5166 1423 5219 etiam
1459 5165 1834 5230 documentis;
1896 5174 2000 5219 tuae
2035 5166 2086 5219 id
2151 5166 2315 5221 fuerit

751 5252 947 5307 divinat
980 5255 1362 5325 benignitatis:
1408 5255 1845 5325 quandoquidem
1885 5266 1941 5309 et
1978 5256 2226 5310 Christus
2247 5258 2313 5311 ad

752 5344 1025 5412 Ahgarum
1075 5345 1312 5414 scripsit,
1346 5354 1401 5399 et
1434 5346 1588 5399 multi
1620 5346 1784 5399 etiam
1819 5362 1850 5400 e
1910 5345 2143 5400 subditis
2168 5346 2313 5417 digni

755 5434 926 5490 habiti
950 5444 1098 5500 sunt,
1139 5436 1228 5506 qui
1266 5437 1334 5491 ab
1362 5438 1620 5509 apostolis
1658 5438 1969 5506 sanctisque
2005 5437 2316 5509 acciperent

754 5526 980 5581 litteras.
1019 5527 1066 5581 Α
1094 5543 1180 5582 me
1218 5537 1397 5583 autem
1446 5529 1560 5582 solo
1580 5540 1885 5596 peccatore,
1921 5537 1977 5583 et
2006 5528 2060 5583 in
2095 5544 2316 5583 carcere

753 5617 995 5684 detento,
1015 5619 1249 5674 mittitur
1276 5620 1395 5675 hac
1443 5620 1691 5688 epistola,
1716 5626 2001 5690 propterea
2030 5622 2174 5690 quod
2207 5619 2306 5675 Pa-

764 5821 775 5851 ¹
823 5817 1021 5874 lJoan.
1052 5836 1110 5887 tt,
1146 5821 1230 5877 l9.
1308 5823 1326 5854 ¹
1360 5820 1552 5876 Matth.
1592 5838 1709 5886 \‘lll,
1742 5821 1831 5875 9.5.

2420 4621 2468 4671 οἱ
2500 4616 2810 4686 βουλόμενοι
2869 4612 3351 4667 κατολισθαίνωσιν
3402 4608 3647 4670 εὐπετῶς
3700 4606 3841 4677 πρὸς
3886 4606 3982 4677 τὴν

2423 4706 2715 4777 ἁμαρτίαν.
2748 4704 2953 4767 Ταῦτα,
2978 4702 3054 4764 ὼς
3078 4702 3139 4753 τὸ
3162 4702 3360 4771 ἀνῆκον
3380 4702 3445 4769 τῇ
3468 4697 3778 4767 ούθενότητι
3805 4698 3839 4767 ἠ
3848 4696 3977 4767 μῶν,

2422 4796 2839 4865 ἁνηγγελκότες,
2870 4795 2945 4857 ὼς
2974 4793 3227 4862 ἐλάχιστα
3260 4790 3399 4861 μέλη
3413 4790 3510 4859 τῆς
3527 4787 3872 4857 Ἐκκλησίας,
3892 4786 3980 4840 καὶ

2422 4892 2487 4958 τῇ
2523 4888 2611 4955 ὑφ’
2644 4887 2797 4955 ὑμῶν
2832 4883 3149 4946 ὑπείκοντες
3194 4881 3315 4952 θείᾳ
3350 4878 3748 4949 ποιμεναρχίᾳο
3784 4878 3847 4930 τὸ
3875 4879 3977 4931 λοι-

2419 4980 2519 5031 πὸν
2541 4977 2861 5045 ὲξαιτοῦμεν
2893 4975 2992 5044 τὴν
3029 4974 3191 5041 ἁγίαν
3237 4972 3409 5040 αὐτῆς
3439 4970 3637 5040 ψυχὴν,
3670 4969 3976 5037 λογίζεσθαι

2419 5072 2564 5142 ἡμᾶς
2609 5071 2682 5134 ὡς
2728 5073 2903 5124 οίκεῖα
2945 5068 3115 5137 αὐτῆς
3148 5066 3430 5136 πρόσατα,
3488 5065 3584 5118 καὶ
3639 5064 3761 5125 ταῖς
3812 5061 3975 5132 ἱεραῖς

2420 5164 2749 5235 προσευχαῖς
2774 5161 3061 5233 πόρρωθεν
3088 5158 3340 5227 φωτίζειν
3366 5156 3461 5209 καὶ
3490 5155 3791 5225 στηρίζειν.
3828 5155 3889 5209 Ei
3921 5155 3972 5208 δὲ

2422 5254 2514 5306 καὶ
2544 5254 2781 5320 διδαχαῖς
2801 5294 2815 5315 ,
2846 5251 2941 5318 τῆς
2994 5250 3091 5318 σῆς
3115 5248 3181 5302 ἂν
3205 5249 3293 5316 εἴη
3319 5246 3469 5309 θείας
3497 5244 3967 5311 πγκαταδάσεως.

2415 5344 2569 5397 Ἐπεὶ
2590 5345 2681 5396 καὶ
2713 5344 2741 5395 6
2774 5341 3001 5410 Χριστὸς
3036 5339 3273 5408 Αύγάρῳ
3298 5336 3582 5390 ἐπέστειλε
3604 5352 3617 5366 ·
3667 5339 3757 5389 καὶ
3792 5335 3969 5387 πολλοὶ

2414 5436 2522 5489 τῶν
2554 5436 2859 5502 ύφειμὲνων
2912 5432 3062 5503 παρὰ
3102 5430 3415 5484 ἀποστόλων
3447 5429 3541 5482 κα)⁵
3586 5427 3758 5494 ἁγίων
3791 5426 3965 5496 γράμο

2417 5547 2562 5599 ματα
2590 5528 2846 5591 δέξασθαι
2894 5524 3332 5595 κατηξιώθησαν.
3381 5522 3518 5593 Παρ*
3557 5521 3691 5592 ἐμοῦ
3720 5522 3779 5574 δὲ
3814 5524 3962 5591 μόνου

2414 5620 2507 5674 τοῦ
2537 5618 2857 5691 ἁμαρτωλού
2889 5618 2980 5671 καὶ
3002 5616 3336 5687 τηρουμένου
3359 5616 3418 5669 ὲν
3458 5613 3727 5684 φυλακῇὴ
3756 5615 3960 5666 tmaro-
