4158 6480
207 402 351 468 1021

202 633 361 681 στον,
388 616 480 670 τόν
509 635 569 671 τε
621 621 1054 691 ἁρχιεπίσκοπον
1088 631 1188 698 τῆς
1212 629 1637 704 Θεσσαλονίκης,
1694 638 1789 690 καὶ

194 707 438 776 ἀδελφὸν
460 710 640 781 ἡμῶν,
663 715 744 777 είς
770 715 962 788 ἑτέρας
983 720 1180 790 νήσους
1196 722 1458 789 ὡσαύτως
1477 728 1787 796 τηρεῖσθαι.

198 798 360 870 Πλὴν
404 802 498 855 καὶ
526 805 683 858 αὐτοὶ
705 805 773 858 δι’
803 808 962 878 ἐμοῦ,
1011 812 1103 864 καὶ
1131 815 1231 867 σὺν
1267 816 1392 885 ἐμοὶ
1419 817 1487 870 τὰ
1525 818 1669 872 αὐτὰ
1694 823 1790 875 καὶ

198 889 539 958 φθέγγονται
573 897 666 948 καὶ
694 899 1170 966 προσπτύσσονται
1198 908 1312 970 τοῖς
1361 907 1528 978 ίεροῖς
1552 910 1651 979 τῆς
1685 928 1789 980 μα-

199 985 536 1056 καριότητός
567 1005 661 1042 σου
695 990 924 1062 ιχνεσιν.

664 1144 786 1199 AA'.
815 1175 887 1188 —
909 1147 993 1212 Τῷ
1025 1148 1204 1215 αὐτῷ.
1228 1149 1385 1226 [gat]

1433 427 1973 490 EPISTOLARUM
2015 435 2161 492 LIB.
2197 435 2241 492 Ι.

195 523 271 599 λή
292 541 311 560 ο
344 525 436 580 διὰ
456 527 535 590 τὸ,
553 529 643 582 τὸν
674 530 892 604 Πατέρα
921 537 1014 588 καὶ
1041 536 1321 592 σύνδουλόν
1339 558 1444 610 μου
1462 544 1551 596 τὸν
1580 542 1778 612 ἑγκλει⁴

1900 578 1980 622 ter
2016 583 2422 641 conservusque
2467 586 2620 627 meus
2658 571 2925 640 inclusus,

3337 443 3476 505 1022

2965 583 3018 629 et
3071 571 3476 632 Thessalonica-

1894 661 2343 734 archiepiscopus
2391 680 2684 736 germanus
2740 677 2950 733 noster,
2994 667 3049 723 in
3107 669 3229 724 aliis
3274 669 3475 724 insulis

1888 750 2092 819 pariter
2135 753 2535 809 custodiuntur.
2576 756 2682 827 Ipsi
2737 758 3092 814 nihilominus
3146 776 3245 830 per
3282 773 3369 815 me
3419 769 3473 815 et

1887 855 2100 897 mecum
2139 845 2331 900 eadem
2365 846 2578 912 dicunt,
2635 857 2692 904 et
2744 848 2918 905 sacris
2959 850 3319 907 beatitudinis
3364 862 3470 908 tua:

1885 933 2129 1006 veStlgiis
2167 937 2555 994 advolvuntur.

2211 1172 2450 1231 XXXIV.
2479 1206 2547 1216 —
2577 1175 2766 1232 Eidem
2800 1177 2962 1234 Leoni
2996 1197 3166 1251 papre.

365 1277 462 1330 Pro
481 1282 697 1346 acceptis
725 1298 861 1350 papae
891 1287 1074 1339 litteris
1092 1291 1272 1354 gratias
1295 1297 1413 1358 agit,
1440 1303 1544 1348 tum
1567 1313 1679 1363 quas
1698 1300 1758 1355 ab
1773 1304 2069 1358 adversariis
2089 1316 2230 1374 gesta
2251 1317 2394 1364 erant
2419 1315 2640 1378 exponit.
2673 1317 2873 1374 (Baron.
2896 1332 2976 1369 an.
2998 1319 3108 1377 809,
3131 1332 3180 1368 n.
3216 1317 3312 1380 l8.)

205 1385 296 1452 Τῷ
331 1389 631 1461 ὶσαγγέλῳ
662 1392 1084 1460 μακαριωτάτῳ
1116 1398 1634 1470 καὶἎποο-τολικῷ
1667 1409 1782 1460 Πα-

275 1482 369 1551 τρὶ
405 1482 614 1541 Λέοντι
643 1484 813 1553 ruina
846 1486 1091 1556 Ῥώμης,
1124 1490 1376 1547 Πλάτων
1411 1494 1784 1565 ἕγκλειστος,

275 1573 376 1628 καὶ
415 1574 712 1643 Θεόδωρος
750 1580 1150 1649 πρεσϐύτερος
1180 1583 1279 1639 καὶ
1309 1585 1643 1657 ἡγούμενος
1667 1588 1787 1644 τῶν

274 1666 323 1715 Σ
325 1663 590 1723 τουδίου.

274 1756 439 1824 Μέγα
477 1750 612 1828 ἡμῖν
667 1761 778 1825 τοῖς
812 1764 1093 1827 ταπεινοῖς
1124 1764 1200 1828 ὠς
1228 1765 1463 1838 ἀληθῶς,
1492 1771 1584 1824 καὶ
1613 1771 1781 1844 εὐχῆς

199 1847 370 1916 ἔργον
403 1849 500 1918 τῆς
557 1851 840 1917 ἀνωτάτω,
894 1853 1174 1919 ἀξιωθείσι
1215 1857 1468 1924 δέξασθαι
1500 1863 1653 1934 παρὰ
1679 1865 1777 1936 τῆς

199 1941 571 2013 ἀποστολικῆς
639 1945 793 2013 ὑμῶν
830 1949 1234 2020 μακαριότητος
1275 1953 1579 2024 πρόσρησιν
1610 1974 1780 2027 προσ-

198 2037 589 2107 αγορευτικὴν,
625 2038 718 2090 καὶ
748 2039 855 2110 μὴν
884 2041 1296 2113 ἀποσημείωσιν
1329 2047 1437 2098 τῶν
1468 2064 1779 2118 πνευματο-

199 2125 442 2192 κινήτων
473 2127 642 2198 αὐτῆς
668 2129 829 2199 ἱερῶν
849 2132 1065 2200 λογίων,
1090 2133 1158 2189 δι’
1185 2134 1505 2204 Ἐπιφανίου
1535 2139 1629 2194 τοῦ
1652 2157 1779 2193 συν-

197 2215 412 2280 δούλου,
450 2219 543 2272 καὶ
578 2221 866 2292 ἀγαπητοῦ
897 2226 1057 2295 ἡμῶν
1084 2227 1276 2282 τέκνου
1300 2244 1312 2257 ·
1356 2230 1450 2286 καὶ
1479 2231 1651 2287 ταῦτα
1683 2250 1778 2288 κει

197 2310 550 2381 κλεισμένοις
603 2310 754 2368 οὖσιν
808 2318 913 2370 ὑπὸ
959 2318 1068 2372 τῶν
1118 2321 1462 2387 κακοδόξων,
1507 2326 1603 2379 καὶ
1652 2325 1778 2396 ὕψει

198 2398 562 2469 Θεασαμένοις
618 2403 710 2456 τὸν
732 2409 1233 2480 γραμματηφόρον.
1264 2411 1382 2480 Ἐφ’
1404 2406 1487 2478 οἷς
1516 2415 1777 2486 ὲσκιρτή-

198 2507 405 2560 σαμεν·
438 2496 893 2566 ἡγαλλιασάμεοα
917 2517 928 2528 ’
959 2500 1537 2577 ἀνθωμολογησάμεθα
1561 2508 1638 2579 τῷ
1665 2511 1777 2563 Κυ-

201 2583 325 2654 ρίῳ,
349 2585 428 2656 τῷ
454 2591 567 2652 ταῖς
596 2589 768 2653 θείαις
790 2593 964 2663 αὐτῆς
993 2601 1344 2669 προσευχαῖς,
1369 2599 1436 2652 τὰ
1469 2601 1602 2673 παρ’
1624 2602 1776 2655 ἑλπί-

197 2676 264 2728 ὄα
291 2679 615 2748 παραδόξως
651 2684 784 2753 ἡμῖν
809 2688 921 2748 τοῖς
955 2688 1195 2753 ἀναξίοις
1238 2693 1595 2764 χαρισαμὲνῳ
1617 2708 1630 2723 ·
1680 2712 1777 2765 μου

199 2769 414 2837 νονουχὶ
456 2771 550 2822 καὶ
585 2773 716 2843 όρᾷν
748 2774 919 2844 αὐτῆς
969 2778 1062 2830 τὸν
1120 2778 1263 2849 ἱερὸν
1304 2783 1633 2852 χαρακτῆρα
1687 2783 1776 2838 διὰ

201 2859 367 2929 μέσου
417 2862 522 2914 τῶν
560 2865 755 2932 φωνῶν
805 2871 1260 2939 φανταζομένοις.
1302 2874 1443 2926 Ἀλλ’
1479 2875 1615 2947 αὑτὴ
1676 2875 1776 2948 μὲν

199 2950 667 3027 Χριστομιμήτως
691 2961 783 3012 καὶ
810 2965 1225 3036 προσηγόρευκε
1243 2968 1370 3031 τοὺς
1395 2969 1656 3036 εὐτελεῖς,
1681 2972 1777 3024 καὶ

197 3043 624 3119 ἀνεζωπύρησεν
639 3051 794 3125 ἡμῶν
819 3055 877 3108 τὸ
894 3055 1422 3130 πνεῦμα,ἐπέρῤωσέ
1448 3079 1506 3114 τε
1528 3063 1588 3114 τὸ
1610 3063 1773 3116 ἀσθε-

197 3135 308 3198 νὲς,
338 3140 432 3190 καὶ
462 3141 799 3212 ἐστιϐάρωσε
849 3147 911 3200 τὸ
935 3150 1168 3220 ἀδρανές
1189 3167 1202 3179 ο
1238 3154 1402 3206 οἱονεὶ
1430 3155 1775 3224 ὲπαλείψασα
1801 3134 1846 3194 C

197 3231 312 3290 τοῖς
341 3230 482 3302 ὑπὲρ
516 3236 662 3303 ἡμᾶς
694 3239 1131 3310 παρακλητικοῖς
1167 3244 1262 3297 καὶ
1292 3246 1627 3310 νουθετικοῖς
1655 3247 1780 3318 φθέ-

200 3339 410 3391 γμασι·
451 3329 673 3397 στήκειν
706 3348 766 3383 τε
793 3334 850 3385 ὲν
895 3337 960 3404 τῇ
1004 3335 1271 3406 όρΘοδόξῳ
1319 3337 1501 3391 πίστει
1541 3339 1778 3404 ἀκλινῶς

201 3413 369 3484 μέχρι
400 3415 588 3481 τέλους
615 3424 1009 3492 παρεγγυῶσα.
1042 3429 1150 3481 Kal
1191 3429 1400 3496 γένοιτο
1437 3433 1569 3502 ἡμῖν
1613 3435 1779 3497 ίλέοις

199 3506 374 3574 αὐτῆς
408 3509 730 3581 ἱκετηρίαις.
767 3516 953 3586 Ἡμεῖς
984 3519 1040 3572 δὲ
1063 3521 1113 3573 οἱ
1143 3521 1386 3587 οὑθενεῖς
1408 3527 1503 3579 καὶ
1525 3527 1690 3583 πάλιν
1715 3524 1775 3583 εὖ

199 3596 345 3666 ἔχειν
376 3602 760 3674 νενομίκαμεν,
781 3607 970 3681 ὥσπερ
996 3612 1054 3664 τὸ
1079 3617 1344 3686 πρότερον
1376 3617 1441 3670 δι’
1468 3618 1635 3673 αὑτοῦ
1661 3621 1780 3674 τοῦ·

199 3689 254 3741 δε
281 3690 376 3742 τοῦ
403 3696 730 3749 πιστοτάτου
761 3700 918 3769 ἡμῶν
947 3707 1423 3777 γραμματηφόροι)
1449 3750 1465 3773 ,
1503 3712 1597 3766 καὶ
1620 3708 1777 3778 αὖθις

197 3780 267 3871 δι’
308 3783 611 3839 Εὐσταθίου
643 3789 736 3841 τοῦ
765 3791 953 3860 ἐτέρου
1004 3796 1097 3847 καὶ
1143 3797 1309 3851 αὐτοῦ
1343 3800 1501 3869 ἡμῶν
1539 3805 1773 3871 τέκνου,

198 3870 344 3928 οὕτω
378 3876 472 3928 καὶ
500 3876 594 3931 νῦν
629 3880 943 3950 ἀνενεγκεῖν
997 3886 1135 3956 αὐτῇ
1191 3888 1259 3940 τὰ
1286 3891 1491 3947 είκότα.
1545 3870 1774 3959 Σύνοδος

199 4146 233 4216 ή
266 4148 486 4212 σύνοδος
501 4153 602 4204 ἐπ’
627 4155 882 4225 ἀθετήσει
917 4160 1011 4213 τοῦ
1041 4162 1374 4231 Εὐαγγελίου
1395 4166 1490 4220 τοῦ
1512 4169 1770 4240 Χριστοῦ,

198 4232 261 4293 οὗ
294 4243 356 4293 σὺ
392 4240 488 4305 τὰς
516 4244 664 4308 κλεῖς
693 4247 854 4313 ἐδέξω
907 4252 1043 4321 πρὸς
1099 4254 1295 4321 αὑτοῦ,
1339 4258 1426 4310 διὰ.
1461 4260 1631 4328 μέσου
1678 4261 1771 4315 τοῦ

198 4329 310 4382 τῶν
358 4334 674 4388 ἀποστόλων
724 4342 1132 4408 πρωτοστάτου,
1169 4347 1263 4399 καί
1297 4347 1406 4401 τῶν
1454 4351 1771 4419 ἀμοιϐαδὸν,

1889 1410 2111 1482 Εφιαιὶ
2132 1416 2333 1486 angelis
2371 1417 2670 1471 beatissimo
2702 1430 2750 1472 et
2779 1421 3063 1488 apostolico
3103 1420 3253 1473 Patri
3301 1420 3464 1477 Leoni

1958 1521 2111 1572 papa:
2147 1505 2345 1573 Romae,
2373 1508 2528 1562 Plato
2549 1510 2804 1578 inclusus,
2825 1521 2873 1565 et
2896 1511 3187 1567 Theodorus
3207 1514 3472 1585 presbyter

1961 1609 2025 1645 ac
2040 1597 2349 1665 prwpositus
2375 1597 2693 1655 Studiensis.

1814 1795 1858 1854 Β
1954 1789 2204 1862 Magnum
2236 1807 2426 1848 revera
2462 1795 2620 1850 nobis
2663 1795 2964 1852 humilibus
3002 1807 3059 1852 et
3094 1799 3295 1855 summi
3347 1799 3464 1856 voti

1878 1895 2018 1952 opus
2039 1880 2160 1944 fuit,
2194 1884 2339 1952 quod
2372 1885 2519 1956 digni
2546 1885 2714 1940 habiti
2747 1901 2958 1951 sumus,
2993 1887 3084 1957 qui
3112 1887 3183 1943 ab
3239 1898 3466 1958 aposto-

1878 1973 1980 2028 lica
2012 1974 2350 2030 beatitudine
2405 1987 2587 2032 vestra
2637 1979 2984 2033 salutationis
3049 1979 3463 2044 allocutionem,

1877 2075 1931 2121 et
1958 2079 2236 2121 sacrorum
2263 2067 2382 2136 ejus
2421 2069 2514 2138 qui
2541 2085 2572 2124 a
2612 2070 2807 2140 spiritu
2832 2080 3124 2125 moventur
3147 2087 3463 2127 sermonum

1878 2159 2329 2230 signiﬁcationem
2358 2162 2750 2230 acciperemus,
2780 2178 2877 2232 per
2924 2178 3250 2218 conservum
3280 2179 3345 2219 ac
3377 2165 3464 2218 di-

1877 2248 2076 2304 lectum
2095 2250 2268 2306 ﬁlium
2309 2260 2555 2307 nostrum
2584 2251 2949 2322 Epiphanium
2981 2270 2994 2319 ;
3020 2264 3076 2308 et
3099 2253 3238 2318 haec,
3261 2254 3459 2309 inclusi

1876 2340 2005 2399 licet
2029 2351 2313 2399 teneamur
2335 2345 2402 2399 ab
2454 2346 2759 2411 haereticis;
2793 2358 2957 2419 atque
3012 2351 3085 2405 ita
3125 2359 3186 2405 ut
3232 2352 3460 2406 tabella-

1876 2431 2019 2485 rium
2061 2432 2239 2502 ipsum
2272 2435 2444 2489 oculis
2471 2438 2937 2506 conspexerimus.
2970 2437 3336 2505 Quamobrem
3359 2442 3455 2496 lae-

1875 2523 1991 2578 titia
2017 2523 2424 2592 exsultavimus,
2476 2529 2643 2598 gavisi
2697 2544 2906 2594 sumus,
2961 2530 3189 2587 Domino
3261 2534 3460 2603 gratias

1874 2615 2106 2686 egimus,
2149 2615 2239 2684 qui
2287 2615 2487 2671 divinis
2553 2617 2696 2672 illius
2725 2619 2979 2688 precibus
3016 2636 3080 2675 ea
3125 2637 3246 2689 qua:
3305 2638 3459 2691 spem

1875 2717 2118 2762 nostram
2148 2708 2478 2776 superabant
2503 2708 2663 2763 nobis
2701 2709 2934 2781 indignis
2967 2712 3104 2766 miro
3140 2714 3302 2768 modo
3350 2714 3460 2767 lar-

1875 2796 2020 2868 gitus
2044 2805 2163 2850 est:
2206 2796 2277 2850 ita
2310 2805 2368 2850 ut
2418 2796 2590 2866 ipsam
2632 2801 3023 2868 propemodum
3073 2817 3282 2857 sacram
3335 2805 3456 2873 ejus

1875 2887 2105 2942 formam
2142 2902 2240 2958 per
2278 2887 2592 2956 interjectas
2637 2905 2797 2945 voces
2835 2891 3020 2946 videre
3046 2894 3206 2947 nobis
3245 2895 3458 2948 videre-

1875 2995 2016 3033 mur.
2055 2977 2254 3033 Verum
2296 2979 2382 3032 illa
2413 2980 2631 3049 quidem
2663 2981 2729 3036 ad
2768 2981 2969 3037 Christi
3012 2986 3322 3054 exemplum
3352 3001 3454 3039 nos

1878 3071 2112 3126 humiles
2143 3070 2303 3124 allata
2333 3080 2435 3134 est,
2470 3081 2525 3125 et
2551 3080 2763 3126 mentes
2790 3080 3006 3128 nostras
3031 3076 3314 3137 recreavit,
3353 3075 3459 3128 im-

1879 3162 2228 3219 becillitatem
2258 3162 2655 3228 corroboravit,
2699 3162 3126 3233 languentesque
3159 3166 3454 3220 conﬁrma-

1878 3257 1976 3322 vit,
1996 3255 2109 3311 suis
2131 3270 2230 3309 nos
2252 3254 2403 3324 quasi
2428 3269 2734 3325 perungens
2790 3265 3009 3325 captum
3032 3266 3276 3312 nostrum
3300 3275 3459 3313 exec-

1878 3349 2133 3405 dentibus
2178 3346 2574 3412 consolatoriis,
2632 3348 3047 3419 monitoriisque
3090 3351 3456 3417 sermonibus,

1879 3442 1933 3496 in
1975 3441 2079 3496 ﬁde
2123 3439 2422 3495 orthodoxa
2465 3447 2783 3494 constanter
2809 3440 2874 3494 ad
2924 3440 3086 3495 ﬁnem
3120 3457 3291 3510 usque
3337 3457 3458 3495 ma-

1878 3548 2009 3587 nere
2033 3532 2387 3602 persuadens.
2417 3530 2562 3600 quod
2595 3530 2801 3584 utinam
2829 3530 3079 3601 pr0pitiis
3112 3532 3231 3599 ejus
3272 3532 3455 3600 preci-

1877 3625 1981 3679 bus
2024 3625 2095 3678 ita
2135 3623 2296 3678 nobis
2356 3623 2655 3692 contingat.
2690 3622 2801 3678 Nos
2849 3638 2978 3677 vero
3009 3623 3167 3678 nihili
3222 3625 3458 3678 homun-

1877 3715 2062 3770 ciones
2111 3713 2401 3769 convenire
2451 3712 2902 3779 existimavimus,
2958 3713 3118 3768 sicuti
3163 3722 3322 3769 antea
3359 3730 3457 3783 per

1878 3807 2023 3861 hunc
2075 3803 2394 3859 ﬁdissimum
2441 3802 2784 3857 tabellarium
2846 3813 3120 3868 nostrum,
3165 3812 3222 3858 et
3270 3815 3455 3873 postea

1877 3912 1975 3966 per
2018 3894 2360 3949 Eustathium
2389 3895 2620 3947 alterum
2654 3893 2822 3948 ﬁlium
2878 3905 3147 3959 nostrum,
3197 3895 3268 3949 ita
3307 3912 3457 3951 nunc

1752 4017 1774 4027 -
1877 3982 2038 4036 etiam
2065 3981 2131 4037 ad
2152 3981 2397 4034 eamdem
2429 3981 2633 4034 referre
2656 3996 2716 4034 ea
2754 3997 2875 4050 qua:
2908 3998 3004 4052 par
3028 3991 3132 4038 est.
3172 3983 3450 4055 Synodus.

1875 4089 1909 4128 ο
1942 4071 2271 4135 beatissime,
2313 4072 2456 4141 apud
2487 4087 2588 4127 nos
2625 4073 2840 4142 publica
2910 4075 3182 4131 celebrata
3234 4087 3337 4142 est,
3392 4079 3456 4133 iis

1876 4165 2062 4228 etiam,
2096 4163 2190 4234 qui
2225 4163 2539 4233 magistatus
2578 4175 2791 4236 gerunt,
2843 4183 2951 4221 nna
3015 4168 3452 4233 considentibus,

1876 4265 1930 4311 et
1967 4257 2203 4326 synodus
2227 4254 2293 4308 ad
2342 4255 2854 4311 condemnationem
2897 4259 3174 4331 Evangelii
3222 4261 3451 4328 Christi,

1876 4350 2031 4418 cujus
2055 4356 2111 4401 tu
2144 4348 2324 4402 claves
2367 4347 2434 4401 ab
2468 4349 2700 4417 ipsomet
2752 4353 3006 4420 accepisti
3045 4369 3141 4423 per
3187 4354 3456 4410 interme-

203 4422 366 4492 μέχρι
401 4423 493 4477 τοῦ
531 4432 989 4500 προηγησαμένου
1018 4435 1116 4505 τὴν
1148 4438 1453 4511 ἱερωτάτην
1482 4460 1575 4497 σου
1605 4462 1774 4515 κεφα-

1880 4436 2028 4491 dium
2058 4437 2361 4506 principem
2406 4437 2776 4505 apostolorum
2807 4448 2860 4493 et
2895 4456 3242 4498 successores
3281 4459 3452 4512 usque

197 4512 320 4584 λήν.
355 4517 462 4570 Καὶ
513 4519 662 4584 ὅπως
696 4522 986 4594 ἀνάσχοιτο
1021 4529 1393 4602 ὲπακηκοέναι
1427 4536 1458 4605 ἡ
1503 4512 1774 4610 θεομίμη-

196 4623 289 4669 τος
319 4609 592 4665 ἐπιείκεια
625 4630 718 4666 σου
744 4632 758 4680 ;
796 4615 1114 4688 Ἀρξὼμεθα
1136 4622 1193 4675 δὲ
1224 4623 1333 4676 ἀπὸ
1353 4626 1448 4679 τοῦ
1483 4627 1649 4698 νόμου
1679 4609 1775 4683 καὶ

197 4701 306 4752 τῶν
335 4706 651 4775 προφητῶν.
696 4707 809 4761 Καὶ
852 4710 1004 4778 γοῦν,
1037 4716 1221 4784 φησὶν,
1285 4720 1367 4772 Οὐ
1387 4723 1736 4788 μοιχεύσεις
1759 4741 1772 4754 ·

197 4795 268 4845 οὐ
294 4794 904 4865 ψευδομαρτυρήσεις.
936 4831 1006 4841 —-
1031 4805 1113 4857 Οὐ
1135 4804 1307 4874 λήψῃ
1342 4807 1410 4860 τὸ
1441 4809 1629 4878 ὄνομα
1661 4814 1776 4866 Κυ·

191 4885 330 4949 ρίου
365 4886 471 4940 τοῦ
503 4887 648 4941 Θεοῦ
675 4904 792 4943 σου
815 4890 1178 4960 ἐπὶματαίῳ.
1218 4897 1328 4950 Καὶ
1360 4897 1626 4968 Ἱερεμίας
1647 4902 1771 4970 μέν·

203 4976 432 5044 Ἄφρων
461 4978 556 5030 καὶ
590 4979 818 5048 ἀσεϐὴς
849 4985 882 5035 ὁ
913 4983 1184 5054 κατέχων
1205 4988 1549 5054 μοιχαλίδα.
1582 4991 1774 5043 Μαλα-

196 5069 319 5138 χίας
356 5068 432 5130 δὲ·
490 5072 669 5142 Χείλη
726 5073 928 5139 ἱερέως
979 5075 1312 5143 φυλάξεται
1361 5078 1621 5147 γνῶσιν·
1675 5081 1776 5137 καὶ

196 5160 386 5229 νόμον
414 5159 857 5231 ἐκζητήσουσιν
897 5164 966 5220 ἐκ
1014 5168 1314 5237 στόματος
1349 5169 1537 5224 αὐτοῦ
1564 5187 1576 5200 ·
1623 5172 1775 5226 διότι

197 5252 449 5322 ἅγγελος
495 5254 716 5323 Κυρίου
749 5259 1229 5328 παντοκράτορος
1270 5261 1421 5316 ἐστι.
1483 5264 1776 5318 Μετέλθω-

202 5362 299 5414 μεν
331 5346 426 5397 ἐπὶ
451 5344 511 5398 τὸ
564 5347 930 5416 Εὑαγγέλιονο
977 5349 1039 5403 '0
1092 5352 1399 5420 ἀπολύων,
1445 5355 1600 5424 φησὶ,
1658 5356 1774 5423 τὴν

198 5437 448 5507 ¹γυναῖκα
478 5439 686 5504 αὑτοῦ,
732 5441 830 5495 καὶ
863 5441 1065 5511 γαμῶν
1091 5443 1322 5512 ἑτέραν,
1351 5448 1640 5520 μοιχεύει.
1662 5449 1772 5503 Καὶ

197 5530 380 5598 πάλιν,
418 5531 536 5597 Οὓς
565 5535 597 5586 d
619 5533 764 5600 Θεὸς
796 5535 1176 5602 συνέζευξεν,
1203 5537 1512 5606 ἄνθρωπος
1530 5540 1615 5609 μὴ
1657 5559 1770 5609 χω-

190 5623 407 5692 ριζέτω.
436 5625 598 5678 Ὅσον
627 5625 684 5679 δὲ
720 5627 780 5680 τὸ
825 5628 1083 5698 διάφορον
1107 5630 1275 5700 νόμου
1311 5632 1404 5684 καὶ
1438 5634 1681 5703 χάριτος,
1713 5633 1772 5698 ἐξ

199 5717 377 5773 αὐτῶν
399 5717 506 5771 τῶν
539 5719 714 5787 λόγων
751 5720 844 5774 τοῦ
877 5722 1080 5792 Κυρίου
1137 5724 1416 5793 εἰσόμεθα,
1477 5725 1723 5793 λέγοντος
1753 5743 1765 5757 ·

313 5832 485 5886 Exod.
523 5849 608 5897 xx,
652 5833 730 5887 l5.

813 5835 979 5896 "ibid.
1018 5836 1067 5889 7.
1145 5838 1163 5866 '
1197 5834 1326 5902 lmo,
1357 5837 1511 5893 Prov.
1539 5854 1686 5905 ινιιι,
1719 5841 1806 5894 22.

1879 4527 1947 4580 ad
1985 4541 2110 4581 eum
2144 4526 2236 4595 qui
2292 4526 2693 4581 sanctissimum
2731 4538 2882 4583 tuum
2923 4540 3088 4599 caput
3133 4535 3448 4588 antecessit.

1878 4615 1944 4670 Et
1978 4617 2251 4685 quomodo
2309 4617 2498 4671 audire
2554 4617 2668 4673 hzcc
2717 4621 2984 4677 sustineat
3034 4621 3130 4676 Dei
3193 4623 3455 4680 imitatrix

1877 4707 2104 4776 aequitas
2137 4707 2270 4761 tua?
2307 4707 2630 4776 Incipiamus
2659 4710 2804 4764 enim
2847 4726 2876 4763 a
2904 4711 3020 4780 lege
3061 4720 3114 4766 et
3149 4714 3449 4782 prophetis.

1879 4800 1945 4854 Et
1974 4800 2192 4870 quidem
2238 4799 2412 4868 inquit
2441 4818 2454 4853 :
2484 4798 2601 4854 Non
2638 4802 2970 4854 moec/raberis
3001 4820 3015 4856 :
3048 4801 3169 4856 Non
3224 4803 3452 4874 loqueris

1878 4893 2071 4962 falsum
2100 4891 2450 4946 testimonium
2473 4890 2492 4921 ³
2523 4907 2536 4944 :
2570 4890 2688 4943 Non
2729 4909 2962 4946 assumes
3002 4910 3185 4948 nomen
3238 4894 3453 4949 Domini

1880 4987 1955 5039 tui
1982 4986 2036 5038 in
2053 5000 2246 5038 vanum
2275 4983 2317 5036 ‘.
2363 4982 2429 5036 Et
2449 4981 2717 5036 Jeremias
2745 5001 2756 5034 :
2788 4982 3016 5049 Stultus,
3048 4986 3145 5049 ait,
3181 4996 3227 5039 et
3256 4987 3449 5056 impius

1876 5079 1965 5149 qui
2003 5086 2137 5130 tenet
2161 5075 2460 5128 adulteram
2481 5076 2522 5127 ⁵.
2564 5074 2857 5131 Malachias
2880 5092 3008 5131 vero
3041 5095 3054 5131 :
3088 5077 3252 5131 Labia
3278 5097 3450 5133 sacer-

1876 5171 2011 5224 dotis
2035 5169 2322 5223 custodient
2350 5167 2651 5233 scientiam,
2688 5179 2734 5222 et
2759 5167 2921 5236 legem
2963 5170 3226 5239 requirent
3257 5187 3322 5222 ea:
3361 5188 3449 5224 ore

1875 5263 2028 5333 ejus:
2061 5263 2185 5331 quia
2211 5260 2426 5330 angelus
2452 5260 2661 5312 Domini
2701 5260 3024 5313 exercituum
3069 5269 3144 5314 est
3175 5260 3216 5312 ‘.
3248 5259 3449 5315 Trans-

1874 5371 2063 5412 eamus
2120 5354 2185 5409 ad
2216 5352 2600 5424 Evangelium:
2635 5351 2955 5420 Quicunque.
2976 5352 3168 5422 inquit,
3194 5354 3446 5407 dimiserit

1876 5465 2089 5504 uxorem
2119 5464 2290 5510 suam,
2323 5456 2370 5499 et
2396 5446 2562 5499 aliam
2595 5446 2824 5511 duxerit,
2857 5446 3143 5499 utter/ratur
3164 5447 3205 5498 ⁷.
3240 5447 3305 5499 Ει
3333 5463 3450 5499 rur-

1873 5555 1998 5595 sus:
2023 5537 2162 5604 Quos
2185 5537 2321 5591 Deus
2344 5536 2635 5605 conjunxit,
2653 5537 2804 5590 homo
2817 5552 2918 5593 non
2934 5546 3141 5604 separet
3167 5536 3209 5591 ⁸.
3236 5535 3446 5602 Quanta

1873 5646 2004 5686 vero
2044 5629 2117 5687 sit
2146 5629 2453 5684 differentia
2482 5629 2613 5700 legis
2647 5638 2703 5683 et
2727 5629 2934 5698 gratiae,
2967 5643 3033 5682 ex
3068 5628 3199 5698 ipsis
3229 5627 3443 5682 Domini

1876 5721 2054 5778 verbis
2077 5719 2354 5784 discimus,
2380 5717 2470 5788 qui
2492 5720 2602 5772 ait:
2643 5718 2708 5772 Et
2729 5734 2844 5771 ecce
2869 5716 2984 5786 plus
3011 5736 3168 5788 quam
3199 5717 3445 5787 (cntplum

1885 5838 1903 5861 “
1933 5834 2156 5891 Mal-ach.
2187 5849 2244 5899 Il,
2269 5833 2318 5886 7.
2395 5833 2413 5864 "
2447 5831 2634 5891 Matth.
2661 5848 2769 5896 XIX,
2797 5834 2849 5888 9.
2887 5832 3052 5888 8ibid.
3088 5834 3141 5888 6.
