4158 6468
745 383 879 446 1023

1931 401 1990 460 S.
2035 403 2432 463 THEODORI
2461 407 2808 466 STUDI'l‘xE

3877 410 4004 472 1021

734 498 818 548 hic
848 499 887 550 ’.
925 496 1129 553 Deinde
1152 516 1215 554 ex
1245 502 1424 558 verbis
1486 504 1725 574 Apostoli
1772 507 2006 566 dicentis
2048 531 2060 566 :
2098 513 2310 565 lrritam

2423 514 2528 565 Kal
2555 515 2686 568 ἰδοὺ
2719 516 2911 570 πλέον
2950 516 3056 571 τοῦ
3102 518 3262 586 ἱεροῦ
3287 512 3404 574 ὦδε
3430 535 3443 550 °
3478 518 3620 585 εἶτα,
3673 523 3769 576 καί
3795 521 3867 575 sx
3898 524 4004 574 τῶν

733 588 850 657 quis
876 589 1072 657 faciens
1104 591 1267 659 legem
1298 592 1480 663 Moysi,
1504 597 1614 650 sine
1639 598 1749 652 ulla
1784 602 2145 667 miseratione,
2179 606 2312 655 duo-

731 680 824 733 bus
851 681 930 733 vel
960 682 1124 736 tribus
1152 687 1366 740 testibus
1387 691 1610 742 moritur
1631 708 1650 744 .'
1687 703 1884 762 quanto
1915 696 2081 764 magis
2115 696 2314 763 putatis

732 773 996 826 deteriora
1046 779 1236 830 mereri
1279 784 1559 848 supplicio,
1597 788 1686 853 qui
1723 785 1924 842 Filium
1962 789 2056 842 Dei
2105 790 2314 843 concul-

732 865 887 927 carit,
919 876 966 920 et
1011 870 1320 938 sanguinem
1364 877 1665 928 testamenti
1699 879 1960 947 pollutum
1992 883 2224 949 duxerit,
2262 895 2312 939 et

731 956 948 1023 spiritus
975 961 1166 1030 gratite
1205 965 1574 1018 contumeliam
1605 969 1784 1037 fecerit
1813 971 1896 1026 '°?

803 1221 931 1275 Haec
961 1221 1122 1293 igitur
1146 1238 1272 1278 cum
1323 1225 1394 1279 ita
1439 1243 1496 1282 se
1528 1228 1764 1285 habeant
1794 1249 1808 1297 ;
1843 1234 1929 1287 isti
1966 1237 2172 1292 nefaria
2210 1240 2314 1296 lin-

732 1328 835 1382 gua
875 1312 1102 1368 Domino
1132 1315 1484 1384 reluctantes,
1509 1319 1642 1392 legis
1667 1331 1828 1392 atque
1867 1325 2316 1398 Evangeliisolu-

732 1403 960 1470 tionem,
1002 1405 1056 1461 id
1078 1417 1182 1474 est,
1206 1409 1368 1479 hujus
1399 1426 1574 1481 nuper
1605 1415 1941 1483 imperatoris
1965 1420 2313 1487 adulterium,

731 1499 847 1568 qui,
875 1498 1113 1571 legitima
1146 1503 1342 1570 ejecta,
1373 1507 1649 1560 mmcham
1683 1509 1933 1566 induxit:
1971 1523 2025 1567 et
2067 1515 2167 1571 hac
2201 1517 2315 1588 ipsa

731 1592 994 1658 majorem
1057 1604 1112 1649 et
1168 1599 1469 1667 graviorem
1518 1599 1884 1669 iniquitatem,
1944 1609 2314 1667 adulterorum

730 1679 941 1736 scilicet
989 1686 1480 1754 coniunctionem:
1539 1703 1760 1759 propter
1807 1694 2002 1751 falsum
2066 1702 2315 1756 testimo-

730 1770 881 1824 nium
914 1776 1056 1841 quod
1087 1777 1352 1834 adversus
1383 1779 1549 1836 Deum
1590 1784 1750 1839 locuti
1779 1796 1924 1852 sunt,
1960 1790 2076 1857 ejus
2116 1808 2314 1848 nomen

731 1863 784 1915 in
815 1863 1000 1919 illicita
1029 1868 1246 1924 actione
1274 1870 1418 1926 inter
1469 1889 1619 1929 sacra
1649 1881 1910 1948 mysteria
1960 1895 2312 1954 usurpantes.
2351 1873 2389 1927 Β

728 1955 1090 2025 victricesque
1122 1960 1189 2014 de
1223 1959 1443 2017 Christo
1473 1979 1703 2022 coronas
1725 1970 1987 2026 adulteris
2024 1973 2313 2044 imponen-

729 2053 811 2098 tes
860 2046 912 2099 in
960 2048 1074 2118 ipsa
1134 2052 1446 2108 divinorum
1515 2072 1806 2116 munerum
1869 2066 2310 2136 participatione,

727 2135 926 2203 quibus
965 2141 1184 2210 quidem
1231 2145 1398 2199 veluti
1435 2153 1817 2207 communibus
1847 2166 1898 2210 et
1930 2135 2149 2225 pollutis
2183 2177 2315 2215 con-

728 2229 1008 2285 tumeliam
1046 2233 1174 2288 fecit
1216 2237 1451 2291 adulteri
1494 2243 1796 2310 copulator,
1832 2250 2079 2318 angelum
2113 2267 2171 2305 se
2203 2269 2310 2308 non

733 2318 822 2374 Dei
877 2326 1289 2395 omnipotentis,
1341 2333 1438 2387 sed
1493 2337 1754 2406 principis
1829 2343 2016 2397 mundi
2073 2343 2310 2414 Salanm,

728 2413 904 2481 reipsa
958 2417 1278 2487 declarans;
1329 2439 1629 2496 omnesque
1678 2446 1804 2494 una,
1835 2436 1924 2502 qui
1962 2437 2086 2492 huic
2133 2449 2313 2496 trans-

729 2505 988 2571 gressioni
1013 2513 1376 2578 cooperando,
1413 2532 1641 2586 eamque
1689 2525 2060 2593 approbando,
2102 2542 2309 2600 partem

729 2607 883 2646 suam
915 2612 1037 2650 cum
1071 2601 1339 2668 adultero,
1372 2616 1427 2660 et
1453 2609 1684 2665 adulteri
1727 2617 2062 2688 copulatore,
2111 2639 2311 2693 posue-

729 2695 856 2740 runt
887 2705 900 2750 ;
941 2692 1232 2747 salutarem
1260 2696 1353 2750 Dei
1390 2696 1640 2755 Ecclesia:
1671 2692 2132 2776 dispensationem
2157 2721 2310 2788 apel-

731 2777 949 2847 larunt;
984 2784 1123 2839 adeo
1148 2787 1356 2842 firmam
1386 2791 1531 2845 illam
1569 2805 1622 2849 et
1647 2800 1789 2866 apud
1828 2801 1993 2858 Deum
2024 2777 2221 2877 ratam“,
2251 2824 2310 2869 ut

728 2888 824 2928 eos
844 2878 934 2943 qui
968 2879 1098 2946 ipsis
1128 2897 1235 2936 non
1288 2899 1595 2954 cesserunt,
1655 2907 1832 2962 neque
1886 2913 2305 2971 consenserunt,

729 2966 987 3033 synodice
1016 2973 1551 3042 anathematizarint,
1573 2983 1774 3038 additis
1813 2992 2127 3052 carceribus
2155 2966 2310 3052 aliis;

727 3070 835 3123 que
891 3061 1201 3129 suppliciis,
1247 3078 1539 3136 pr0pterea
1582 3075 1724 3142 quod
1763 3075 1920 3133 fateri
1951 3083 2128 3139 nolint
2181 3103 2312 3142 san-

2418 604 2510 657 τοῦ
2538 604 2867 661 Ἀποστόλου
2919 609 3134 676 φωνῶν,
3171 609 3508 680 φάσκοντοςο
3555 613 3882 681 Ἀθετήσας
3918 631 4003 677 τις

2419 695 2605 762 νόμον
2633 698 2908 763 Μωσέως,
2933 699 3462 769 χωρίςοίκτιρμῶν,
3483 704 3579 755 ἐπὶ
3603 704 3748 757 δυσί
3771 705 3809 770 ἣ
3843 706 3998 772 τρισί

2412 787 2715 856 μάρτυσιν
2770 790 3171 857 ἀποθνήσκει·
3220 796 3393 859 πόσῳ
3443 794 3670 848 δοκεῖτε
3724 796 4003 864 χείρονος

2418 879 2807 944 ἀξιωθήσεται
2837 885 3182 951 τιμωρίας,ό
3203 887 3309 939 τὸν
3337 886 3472 940 Υίὸν
3502 888 3610 941 τοῦ
3640 888 3793 942 Θεοῦ
3817 905 3998 941 κατα-

2416 970 2691 1038 πατήσας
2723 1015 2738 1038 ,
2799 975 2896 1028 καί
2953 976 3020 1029 τὸ
3089 972 3232 1045 αἷμα
3293 977 3403 1046 τῆς
3455 978 3746 1048 διαθήκης
3799 981 4004 1033 κοινὸν

2419 1061 2820 1131 ἡγησάμενος,
2862 1071 2960 1122 καί
2989 1069 3102 1136 τὴν
3140 1070 3316 1139 χάριν
3367 1071 3472 1126 τοῦ
3515 1076 3866 1143 Πνεύματος
3909 1075 4000 1127 ἐν·

2419 1157 2670 1222 υερίσας
2691 1175 2709 1220 ;

2489 1247 2706 1303 Τούτων
2734 1251 2914 1304 τοίνυν
2947 1251 3122 1316 οὑτως
3155 1253 3388 1322 ἑχόντων
3414 1272 3428 1286 ο
3465 1259 3516 1309 oi
3572 1259 3712 1328 μετὰ
3742 1260 4000 1330 γλώσσης

2418 1337 2658 1410 ἀθέσμου
2687 1341 2756 1394 τὰ
2791 1342 2924 1412 πρὸς
2946 1344 3150 1416 Κύριον
3182 1346 3556 1416 ἀπειθοῦντες,
3588 1350 3689 1421 τὴν
3717 1351 3877 1405 λύσιν
3908 1352 3998 1406 τοῦ

2417 1446 2476 1482 τε
2510 1432 2675 1501 νόμου
2697 1433 2789 1485 καὶ
2811 1433 2902 1486 τοῦ
2929 1435 3286 1503 Εὑαγγελίου,
3314 1437 3480 1506 ἦγουν
3505 1439 3602 1506 τὴν
3632 1442 3883 1511 μοιχείαν
3908 1440 3998 1493 τοῦ

2419 1521 2549 1589 πρίν
2605 1525 2999 1593 κρατήσαντος,
3028 1527 3120 1578 ἐπὶ
3155 1529 3221 1596 τῇ
3252 1527 3452 1598 ἐκϐολῇ
3486 1528 3587 1597 τῆς
3618 1531 3881 1602 νομίμου,
3909 1531 3996 1582 καὶ

2417 1613 2700 1666 εἰσοικίσει
2737 1617 2834 1684 τῆς
2867 1615 3173 1685 μοιχαλίδος
3194 1633 3206 1647 ·
3240 1618 3336 1670 καὶ
3371 1618 3469 1688 τὴν
3516 1619 3720 1690 ταύτης
3777 1622 3996 1691 μείζονα

2417 1703 2514 1756 καὶ
2545 1704 2932 1776 χαλεπωτέραν
2984 1709 3351 1777 παρανομίαν,
3387 1709 3506 1778 ἦτοι
3561 1711 3661 1780 τὴν
3715 1711 3998 1781 μοιχοζευο

2421 1795 2573 1859 ξίιιν⁹
2609 1797 2702 1850 διὰ
2730 1797 2790 1849 τὸ
2839 1798 3367 1869 ψευδομαρτυρῆσαι
3424 1801 3563 1854 κατὰ
3597 1801 3755 1865 Θεοῦ,
3813 1803 3907 1854 καὶ
3941 1804 4000 1854 τὸ

2417 1888 2609 1939 τούτου
2664 1888 2833 1956 ὄνομα
2883 1887 3069 1942 λαϐεῖν
3100 1891 3190 1942 ἐπὶ
3221 1893 3287 1960 τῇ
3337 1890 3586 1962 ἀθεμίτῳ
3631 1893 3829 1962 πράξει
3861 1895 4000 1945 κατὰ

2415 1981 2516 2050 τὴν
2557 1983 2966 2052 μυσταγωγίαν.
2994 1984 3105 2037 Καὶ
3142 1985 3250 2056 μὴν
3281 1986 3372 2038 καὶ
3397 1985 3583 2039 δοῦναι
3611 1988 3722 2048 τοῖς
3749 2004 3998 2057 μοιχευο-

2419 2073 2598 2142 μένοις
2622 2078 2938 2146 νικητικοὺς
2963 2077 3106 2130 κατὰ
3138 2076 3377 2148 Χριστοῦ
3403 2080 3527 2142 τοὺς
3563 2079 3887 2146 στεφάνους,
3909 2081 3998 2131 ἐπι

2419 2164 2757 2233 μεθέξειτῶν
2783 2166 2941 2220 θείων
2969 2166 3305 2237 δὼρων,τῶν
3335 2169 3409 2232 ὼς
3445 2170 3638 2224 κοινῶν
3659 2171 3992 2242 ὲνυϐρισθέν-

2415 2275 2520 2310 των
2553 2260 2703 2330 παρὰ
2745 2264 2840 2314 τοῦ
2871 2261 3285 2331 μοιχοζεύκτου,
3319 2264 3416 2317 καὶ
3471 2265 3730 2333 ἀγγέλου,
3794 2267 3854 2320 οὑ
3905 2264 3995 2318 τοῦ

2415 2353 2857 2423 παντοκράτορος
2901 2352 3059 2416 Θεοῦ,
3097 2353 3235 2406 ἀλλὰ
3263 2353 3358 2406 τοῦ
3393 2357 3843 2428 κοσμοκράτορος
3891 2359 3990 2410 Σα-

2414 2445 2569 2508 τανᾶ,
2607 2445 2974 2513 ἁποφανέντος
2996 2445 3139 2499 κατὰ
3168 2446 3228 2498 τὸ
3246 2445 3471 2517 ἀληθές·
3507 2446 3588 2501 ἔτι
3618 2451 3725 2520 μὴν
3753 2451 3845 2504 καὶ
3871 2451 3995 2503 πάνυ

2413 2552 2521 2587 των
2552 2534 2662 2588 τῶν
2692 2535 2782 2588 διὰ
2839 2537 3150 2607 συνδρομῆς
3182 2538 3275 2590 καὶ
3326 2538 3596 2605 εὑδοκίας,
3655 2544 3712 2594 ὲν
3745 2542 3875 2611 τῇδε
3927 2543 3988 2610 τῇ

2415 2626 2728 2697 παραϐάσει
2768 2627 2868 2696 τὴν
2919 2629 3116 2698 μερίδα
3176 2628 3420 2699 θεμένων
3467 2632 3609 2702 μετὰ
3664 2631 3858 2701 μοιχοῦ
3903 2632 3991 2683 καὶ

2416 2717 2844 2788 μοιχοζεύκτου·
2878 2721 3195 2791 οἰκονομίαν
3253 2725 3523 2792 σωτήριον
3575 2727 3638 2792 τῇ
3696 2724 3993 2794 Ἐκκλησία

2412 2807 2506 2861 τοῦ
2538 2807 2673 2862 Θεοῦ
2704 2811 3220 2880 προσηγορεύκασιο
3245 2813 3499 2866 τοσοῦτον
3525 2813 3729 2882 ὀχυρὰν
3765 2813 3859 2864 καί
3891 2812 3992 2864 θεο-

2412 2898 2660 2968 κύρωτον
2687 2901 3066 2971 ὑπάρχουσαν,
3105 2903 3179 2966 ὡς
3206 2904 3332 2966 τοὺς
3367 2905 3441 2972 μὴ
3465 2903 3717 2965 εἴξαντας
3742 2903 3838 2955 καὶ
3872 2919 3990 2954 συν-

2414 2989 2676 3058 θεμένους
2720 2991 2923 3054 αὑτοῖς,
2973 2991 3276 3060 ὰναθέματι
3332 2991 3628 3054 συνοδικῶς
3679 2991 3990 3053 ὑποϐαλεῖν,

2417 3081 2556 3151 μετὰ
2579 3080 2856 3150 φυλακῶν,
2885 3082 2978 3134 καὶ
3009 3082 3217 3151 ἐτέρων
3235 3081 3609 3152 παθημάτων,
3639 3082 3716 3146 ὡς
3742 3084 3821 3152 μὴ
3852 3085 3994 3152 δεξα·

726 3156 877 3202 ctum
896 3166 1035 3222 Opus
1059 3155 1247 3222 fuisse,
1273 3159 1580 3220 istiusmodi
1610 3167 2070 3238 dispensationem
2103 3198 2115 3232 :
2151 3181 2306 3246 Audi,

2418 3173 2611 3242 μένους
2641 3174 2844 3241 ταύτην
2894 3173 2995 3239 τὴν
3039 3175 3353 3244 οἰκονομίαν
3407 3175 3783 3246 ἁγιόπρακτον
3835 3176 3990 3232 εἶναι.

730 3242 939 3309 caelum,
959 3247 1031 3301 ait
1059 3248 1248 3316 Isaias,
1280 3262 1329 3305 et
1358 3257 1577 3311 auribus
1595 3265 1822 3330 percipe,
1860 3276 2023 3334 terra,
2055 3276 2303 3341 quoniam

729 3332 985 3391 Dominus
1015 3340 1215 3396 locutus
1245 3355 1318 3398 est
1353 3347 1416 3401 ¹¹.
1448 3348 1556 3404 Nos
1587 3367 1716 3406 vero
1774 3332 2017 3415 humiles
2060 3332 2206 3420 nunc
2239 3369 2304 3420 ad

730 3436 822 3482 te:
855 3430 1015 3497 Audi,
1069 3451 1323 3505 magnum
1377 3441 1467 3496 Dei
1523 3456 1705 3514 caput,
1738 3457 1790 3502 et
1834 3453 2057 3508 auribus
2085 3458 2306 3529 percipe

728 3534 846 3587 qua
875 3523 1104 3579 Satanas
1130 3528 1346 3584 molitus
1379 3539 1482 3585 est.
1517 3531 1569 3586 Si
1602 3537 1746 3591 enim
1788 3554 1851 3593 ex
1891 3540 1984 3596 Dei
2027 3523 2306 3604 voluntate

730 3619 785 3666 et
814 3623 948 3668 nutu
978 3627 1153 3671 cretus
1207 3620 1314 3684 ille,
1357 3630 1412 3675 et
1461 3628 1830 3684 anathematis
1882 3639 2302 3702 pronuntiatio:

735 3704 823 3757 Dei
861 3707 1102 3775 profecto
1132 3710 1216 3765 lex
1266 3730 1375 3768 non
1406 3726 1510 3780 est,
1547 3733 1650 3774 nec
1693 3724 1994 3792 prophetae,
2031 3745 2153 3783 cum
2183 3733 2308 3802 qui-

730 3793 833 3847 bus
859 3806 913 3849 et
938 3795 1270 3861 Prmcursor,
1299 3806 1392 3872 qui
1418 3807 1726 3864 adulterum
1768 3816 2124 3883 reprehendit
2156 3837 2171 3886 ;
2201 3793 2305 3877 nec

731 3887 1104 3958 Evangelium.
1140 3903 1324 3949 contra
1356 3899 1499 3966 quod
1531 3899 1618 3953 isti
1656 3917 1809 3957 suam
1843 3906 1986 3961 illam
2019 3919 2305 3982 tantopere

730 3979 1035 4036 adamatam
1061 3984 1516 4054 dispensationem
1543 3990 1810 4049 fecerunt.
1834 3995 1967 4051 Nam
1996 4001 2038 4054 si
2060 3979 2303 4071 ejusdem

729 4086 850 4128 esse
889 4075 1083 4141 aiunt;
1112 4080 1338 4134 alterum
1375 4082 1603 4138 duorum
1636 4101 1858 4144 necesse
1885 4103 2004 4146 ost:
2041 4104 2306 4152 autmen-

729 4161 917 4216 dacem
947 4163 1224 4221 Christum
1256 4178 1519 4234 statuent,
1551 4176 1641 4243 qui
1681 4177 1807 4231 olim
1839 4183 2056 4248 quidem
2092 4185 2142 4238 in
2169 4203 2306 4256 pro-

727 4254 908 4322 phetis
938 4256 1152 4313 locutus
1178 4269 1283 4325 est,
1307 4271 1362 4316 et
1395 4262 1568 4335 legem
1604 4267 1773 4334 dedit,
1817 4287 1961 4327 nunc
1990 4254 2182 4331 autem
2208 4295 2308 4349 per

729 4346 968 4414 seipsqu
1010 4348 1064 4402 in
1105 4349 1438 4423 Evangelia:
1487 4365 1582 4412 aut
1637 4376 1908 4429 veracem,
1939 4367 2013 4420 uti
2050 4379 2198 4425 certe
2223 4383 2308 4427 est

727 4433 843 4504 ipsa
889 4438 1134 4494 veritas:
1169 4441 1314 4510 ipsos
1343 4460 1475 4500 vero
1525 4451 1769 4516 mentiri,
1818 4462 1871 4508 et
1923 4455 2017 4511 Dei
2055 4460 2310 4516 crimina-

2419 3265 2645 3327 Ἄκουε,
2673 3264 2910 3332 οὺρανὲ,
2929 3267 3095 3335 φησὶν
3127 3267 3373 3331 Ἡσαΐας,
3398 3267 3494 3319 καί
3516 3267 3814 3334 ἑνωτίζου,
3832 3270 3870 3336 ἡ
3900 3269 4010 3338 γῆ..

2414 3351 2502 3405 ὅτι
2535 3355 2748 3420 Κύριος
2776 3353 3106 3421 ἐλάλησεν.
3137 3356 3328 3426 Ἡμεῖς
3354 3355 3410 3409 δὲ
3437 3357 3487 3409 oi
3515 3357 3752 3421 εὐτελεῖς
3776 3361 3913 3429 πρὸς
3939 3359 3993 3410 σὲ

2413 3445 2596 3499 τανῦν·
2621 3448 2841 3512 Ἀκουε,
2870 3448 2903 3518 ή
2940 3448 3150 3520 μεγάλη
3190 3447 3281 3501 τοῦ
3315 3448 3450 3502 Θεοῦ
3481 3450 3713 3521 κεφαλὴ,
3745 3451 3842 3502 καὶ
3875 3451 3994 3502 ὲνω-

2413 3537 2564 3600 τίζου
2606 3537 2641 3592 ἃ
2675 3540 2702 3590 ὁ
2736 3539 2982 3602 Σατανᾶς
3041 3540 3438 3610 ἀπειργάσατο.
3503 3541 3567 3595 Εἰ
3626 3542 3809 3593 τοίνυν
3854 3541 3992 3592 κατὰ

2414 3629 2550 3682 Θεοῦ
2579 3630 2833 3702 βούλησιν
2862 3633 2956 3684 καὶ
2983 3632 3254 3702 ἀποδοχὴν
3286 3636 3319 3704 ἡ
3356 3633 3706 3702 συνάθροισις
3760 3632 3924 3700 αὕτη,
3959 3634 3991 3701 ἡ

2413 3741 2472 3777 τε
2505 3723 2976 3794 ἀναθεματιστικὴ
3011 3726 3323 3794 ἀπόφασις·
3378 3726 3439 3777 οὑ
3469 3724 3604 3777 Θεοῦ
3655 3727 3684 3778 ὑ
3713 3725 3877 3794 νόμος
3910 3725 3995 3796 6r,-

2415 3816 2622 3868 λονότιο
2671 3816 2722 3866 οἶ
2763 3831 2823 3867 τε
2866 3819 3167 3885 προφῆται.
3217 3816 3334 3885 μεθ’
3382 3809 3457 3869 ὧν
3493 3818 3520 3869 ὁ
3555 3816 3874 3887 Πράδρομος
3922 3817 3994 3878 ὡς

2418 3903 2840 3973 μοιχοελέγκτης
2860 3919 2874 3934 ο
2911 3897 3028 3956 εῐτα
3055 3906 3149 3956 καί
3182 3905 3244 3956 τὸ
3269 3904 3626 3971 Εὑαγγέλιον,
3654 3905 3786 3975 παρ’
3809 3905 3838 3958 ὅ
3864 3907 3995 3958 ἐκεῖ·

2415 3996 2674 4066 νοιφίλην
2707 3996 2804 4066 τὴν
2853 3996 3168 4066 οἰκονομίαν
3203 3997 3383 4052 αὑτῶν
3414 3999 3760 4066 πεποῖηνται.
3793 3999 3857 4051 Εἰ
3890 3999 3992 4068 γὰρ

2416 4089 2574 4155 φαῖεν
2605 4086 2700 4139 τοῦ
2738 4087 2902 4140 αὑτοῦ
2925 4105 2938 4118 ο
2972 4087 3117 4142 δυοῖν
3150 4088 3376 4158 θάτερον
3399 4105 3412 4118 ·
3461 4089 3493 4158 ἢ
3530 4089 3877 4161 ψευδηγόρον
3907 4091 3993 4143 τὸν

2415 4177 2669 4247 Χριστὸν,
2703 4177 2872 4231 πάλαι
2907 4177 3007 4247 μὲν
3046 4180 3106 4231 ὲν
3135 4181 3249 4242 τοῖς
3301 4182 3610 4252 προφήταις
3660 4182 3990 4253 λαλήσαντα.

2417 4270 2511 4321 καὶ
2541 4267 3004 4340 νομοθετήσαντα,
3059 4269 3155 4323 νῦν
3176 4270 3234 4324 δὲ
3284 4270 3352 4323 δι’
3384 4272 3577 4325 ἑαυτοῦ
3607 4273 3663 4325 ὲν
3701 4273 3778 4342 τῷ
3823 4273 3993 4339 Εὑαγ·

2417 4359 2603 4430 γελίῳ,
2665 4359 3103 4430 ἀποφανοῦνται⁶
3146 4363 3178 4432 ἢ
3213 4362 3567 4432 ἀληθεύοντα,
3604 4363 3796 4434 ὥσπερ
3851 4364 3997 4416 ἐστὶν

2417 4452 2581 4514 αὑτὸς
2625 4454 2657 4522 ἡ
2694 4451 2950 4521 ἁλήθειαο
2999 4453 3198 4515 αὑτοὺς
3235 4453 3564 4523 ψεύδεσθαι,
3620 4455 3715 4506 καὶ
3773 4454 3992 4508 θεοκατ-

729 4535 874 4581 tores
891 4543 1311 4600 consequenter,
1332 4538 1544 4593 ostendi
1569 4557 1580 4594 :
1603 4553 1764 4612 atque
1784 4545 1904 4600 ideo
1925 4550 2307 4616 anathematis,

2415 4545 2655 4612 ηγόρους
2680 4543 3130 4618 ὲναποδειχθῆναι
3157 4544 3462 4614 ἀραρότως·
3494 4545 3594 4598 καὶ
3618 4545 3703 4599 διὰ
3729 4545 3890 4598 τοῦτο
3905 4545 3993 4598 τοῦ

726 4620 871 4688 quod
902 4631 1090 4676 contra
1117 4622 1392 4681 Christum
1441 4641 1773 4702 sanctosque
1796 4637 1914 4706 ejus
1940 4642 2306 4708 protulerunt,

727 4726 850 4766 reos
868 4727 1011 4779 esse,
1037 4724 1096 4770 ut
1123 4717 1215 4786 qui
1248 4718 1601 4786 adulterium,
1626 4725 2108 4800 adulterorumque
2140 4748 2307 4802 copu-

729 4803 1008 4870 Iationem,
1061 4816 1114 4862 et
1140 4807 1514 4867 adulterorum
1545 4818 1986 4874 communionem
2025 4837 2147 4877 esse
2179 4839 2309 4880 con-

728 4899 965 4959 firment.

796 4993 906 5047 Nec
933 4994 1092 5050 aliter
1126 5012 1186 5052 se
1233 5013 1320 5054 res
1359 5000 1525 5057 habet
1561 5022 1576 5058 :
1614 5003 1732 5058 Non
1784 5008 1922 5061 enim
1967 5017 2040 5063 est
2078 5013 2310 5081 acceptio

727 5102 1072 5154 personarum
1101 5092 1243 5159 apud
1270 5092 1438 5148 Deum
1458 5096 1527 5159 ¹¹,
1561 5096 1702 5151 sicut
1724 5099 1968 5155 indicant
1997 5101 2305 5172 Maachiani,

727 5179 816 5247 qui
853 5180 972 5248 ejus
1004 5182 1150 5253 leges
1174 5185 1427 5242 omnibus
1453 5203 1520 5244 ex
1550 5206 1707 5260 aequo
1736 5194 1940 5262 positas
1969 5208 2187 5268 negant,
2213 5201 2308 5254 sed

728 5272 780 5324 iu
817 5273 1036 5343 regibus
1068 5291 1284 5332 cessare
1313 5293 1406 5334 eas
1443 5283 1952 5343 comminiscuntur.
1989 5287 2050 5343 Et
2089 5290 2306 5347 ubinam

727 5376 809 5419 est
843 5383 1028 5437 regum
1067 5367 1460 5441 Evangelium?
1490 5373 1596 5429 Sed
1621 5376 1785 5446 impie
1819 5378 1893 5432 illi
1931 5396 2153 5449 prorsus
2179 5399 2308 5455 ege-

729 5464 878 5522 runt,
905 5473 1014 5513 non
1040 5457 1406 5532 intelligentes
1434 5463 1579 5532 quod
1612 5462 1749 5517 Deus
1777 5465 1999 5520 hominis
2030 5485 2307 5536 personam

730 5563 833 5601 non
862 5550 1052 5620 accipit
1075 5550 1141 5616 ι’,
1171 5553 1628 5622 quemadmodum
1664 5565 1891 5612 testatur
1916 5569 2136 5615 sanctus
2163 5561 2310 5632 Apo-

729 5639 938 5709 stolus;
985 5657 1164 5717 neque
1203 5645 1346 5716 quod
1397 5646 1538 5705 idem
1588 5663 1688 5720 per
1737 5664 1909 5705 unum
1952 5665 1982 5706 e
2021 5652 2308 5724 proohetis

808 5846 830 5877 '
862 5846 1053 5906 Matth.
1079 5865 1173 5915 xu,
1207 5850 1257 5903 ϐ.
1338 5853 1378 5884 ὀ
1415 5851 1576 5909 llebr.
1609 5872 1659 5919 χ,
1697 5854 1782 5911 28.
1869 5857 1908 5888 ’⁸
1936 5853 2037 5912 lsa.
2075 5875 2111 5923 ι,
2137 5859 2189 5911 2.

2303 5859 2342 5888 ¹¹
2388 5859 2544 5916 Rom.
2580 5874 2638 5921 tt,
2691 5860 2770 5914 tl.

2417 4635 2781 4704 ἁναθέματος,
2808 4632 2868 4691 οῦ
2891 4637 3034 4690 κατὰ
3059 4616 3298 4708 Χριστοῦ
3323 4637 3416 4690 καὶ
3449 4635 3558 4688 τῶν
3609 4635 3781 4704 ἁγίων
3831 4636 3990 4690 αὑτοῦ

2419 4729 2768 4798 ἀπεφήνατο,
2825 4726 2964 4784 εἶναι
3003 4731 3363 4796 ὑπευθύνους,
3394 4729 3871 4800 βεϐαιωσαμὲνους
3899 4731 3993 4800 τὴν

2419 4821 2686 4891 μοιχείαν,
2739 4822 2834 4875 καὶ
2882 4823 3298 4894 μοιχοζευξίαν,
3340 4823 3434 4876 καὶ
3485 4820 3990 4892 μοιχοσυνδρομίαν,

2415 4913 2731 4983 οἰκονομίαν
2751 4914 2886 4967 Θεοῦ
2917 4916 3013 4968 καὶ
3043 4915 3236 4983 ἁγίων.

2488 5008 2596 5061 Καὶ
2618 5007 2846 5071 ἀλλοίως
2869 5008 2970 5060 οὑκ
2999 5007 3166 5061 ἔστιν.
3229 5008 3310 5060 Οὐ
3358 5005 3469 5077 γὰρ
3513 5006 3992 5074 προσωποληψία

2416 5105 2575 5172 παρὰ
2603 5100 2684 5169 τῷ
2715 5101 2834 5167 Θεῷ
2859 5117 2872 5132 °
2905 5102 2981 5164 ὡς
3003 5099 3448 5154 ὑποδεικνύουσιν
3477 5099 3527 5152 οῖ
3559 5099 3898 5167 Μοιχειανοὶ,
3924 5097 3990 5167 p‘r

2416 5195 2610 5266 ἐπίσης
2641 5194 2767 5258 τοὺς
2796 5192 2994 5264 νόμους
3046 5191 3211 5245 αὑτοῦ
3246 5191 3457 5244 κεῖσθαι
3509 5189 3600 5243 ἐπὶ
3631 5190 3820 5252 πᾶσιν,
3881 5189 3974 5242 ἀλλ

2416 5289 2507 5341 ἐπὶ
2536 5288 2644 5341 τῶν
2677 5287 2964 5358 βασιλέων,
3023 5287 3098 5350 ὥς
3129 5301 3316 5356 φησιν,
3352 5284 3659 5354 ὑποχωρεῖν
3687 5283 3782 5334 καὶ
3820 5298 3990 5334 καινο-

2413 5379 2722 5449 τομεῖσθαι.
2764 5379 2877 5432 Καὶ
2927 5377 3029 5432 ποῦ
3057 5378 3120 5430 τὸ
3163 5377 3273 5430 τῶν
3305 5375 3568 5447 βασιλέων
3622 5374 3985 5441 Εὑαγγέλιον;

2413 5469 2555 5523 Ἀλλ’
2580 5469 2747 5532 ὅντως
2779 5467 3088 5540 ἠσεϐήκασι
3120 5467 3260 5534 λίαν,
3299 5467 3373 5538 μὴ
3410 5465 3706 5530 συνιέντες,
3737 5464 3821 5517 ὅτι
3851 5463 3988 5527 Θεὸς

2413 5563 2739 5632 πρόσωπον
2796 5560 3113 5630 ἀνθρώπου
3165 5563 3238 5616 οὐ
3285 5559 3592 5630 λαμϐάνει,
3653 5557 3798 5612 καθὰ
3828 5557 3930 5628 ἔφη
3961 5560 3988 5610 ὸ

2413 5654 2556 5726 ίερὸς
2597 5654 2964 5719 Ἀπόστολοςο
3026 5651 3151 5723 μηδ’
3205 5652 3290 5706 ὅτι
3338 5654 3368 5706 ὁ
3413 5651 3575 5714 αὑτὸς
3617 5650 3684 5705 δι’
3713 5649 3835 5715 ἑνὸς
3886 5649 3986 5703 τῶν

2855 5860 2894 5891 ’³
2934 5858 3114 5918 Calut.
3149 5872 3209 5917 tt,
3253 5855 3302 5909 ti.
