4158 6488
253 408 398 478 1025

1464 432 2000 498 ΕΡΙΞΤΟΙΛΚΗΜ
2031 439 2177 504 LIB.
2221 441 2269 501 Ι.

3354 440 3490 509 1026

238 527 565 630 προφητιῦν,
619 531 919 600 ταλανίξων
957 538 1179 608 αὐτοὺς,
1224 543 1408 614 λέγει·
1482 550 1668 620 Ὑμεῖς
1699 558 1811 608 οὐκ

1919 555 2064 625 ipsos
2101 558 2392 630 increpans
2418 560 2494 616 ait
2550 578 2565 616 :
2606 560 2699 616 Vos
2729 577 2830 614 non
2876 560 3119 616 servastis
3145 558 3260 617 nias
3304 579 3488 629 meas,

240 619 587 713 ἐφυλᾴξατε
612 625 718 693 τὰς
729 627 901 695 ὁδούς
917 648 1057 699 μου,
1082 633 1219 689 ἀλλ’
1238 637 1597 708 ἐλαμϐάνετε
1622 647 1814 713 πρόσ-

243 727 379 764 ωπα
412 712 483 765 ἐν
509 715 692 805 νόμῳ.
736 720 881 789 Οὐχὶ
908 722 1051 790 Θεὸς
1072 720 1159 793 εἷς
1182 726 1425 784 ἔκτισεν
1445 733 1635 802 ὐμᾶς;
1666 712 1812 805 οὐχι

242 803 558 902 [ζατὴρ-εἶς
581 812 824 902 πάντων
850 817 1051 902 fautor;
1102 822 1307 894 Γράφει
1330 826 1387 881 δὲ
1430 830 1526 882 καὶ
1558 803 1813 902 Σολομων

240 894 371 947 τάδε
394 911 407 924 ·
453 898 779 955 Ἀκούσατε
806 897 939 969 οὖν,
965 906 1272 977 βασιλεῖς,
1290 916 1388 968 καί
1430 918 1667 973 σύνετε.
1693 894 1812 975 kal

248 984 370 1076 μεθ’
395 984 559 1055 ἕτερα
578 1003 592 1017 ·
616 988 743 1042 Ὀτι
762 993 1048 1061 ὑπηρέται
1070 997 1240 1067 ὄντες
1259 1001 1369 1071 τῆς
1391 1005 1499 1060 τοῦ
1530 1006 1813 1076 Ὑψίστου

235 1075 583 1167 βασιλείας,
615 1082 726 1136 οὐκ
750 1083 1021 1153 ἐκρίνατε
1048 1090 1233 1159 ὀρθῶς
1252 1134 1268 1160 ,
1307 1095 1449 1150 οὐδὲ
1476 1097 1815 1167 ἐφυλάξατε

244 1166 455 1259 νόμον,
497 1171 638 1226 οὐδέ
657 1175 807 1229 κατὰ
824 1176 937 1246 τὴν
966 1181 1214 1251 ,βουλὴν
1249 1185 1355 1240 τοῦ
1382 1189 1531 1244 Οεοῦ
1570 1190 1816 1259 ἐπορεύ-

245 1258 410 1324 ante.
435 1260 694 1330 Φρικτῶς
720 1267 816 1321 καί
847 1270 1072 1339 ταχέως
1097 1273 1487 1341 ἐπιστήσεται
1515 1258 1689 1349 ὑμῖν,
1723 1280 1814 1336 ὅτι

247 1351 449 1418 κρίσις
469 1354 766 1426 ἀπότομος
797 1361 865 1414 ἐν
901 1363 1023 1430 τοῖς
1065 1366 1426 1436 ὑπερέχουσι
1457 1371 1699 1441 γίνεται.
1732 1374 1814 1428 Οὐ

244 1443 361 1510 τὰρ
380 1446 796 1504 ὐποστελεῖται
819 1456 1142 1520 πρόσωπον
1162 1460 1195 1511 ό
1218 1457 1460 1513 πάντων
1481 1463 1813 1530 Δεσπότης.

248 1534 421 1587 Πάλιν
466 1536 522 1590 δὲ
551 1539 632 1591 ὅτι
666 1542 761 1594 καὶ
792 1543 910 1597 ὅλον
940 1545 1001 1599 τὸ
1030 1547 1365 1617 Εὐαγγέλιον
1400 1552 1489 1607 διὰ
1524 1553 1635 1608 τῶν
1674 1555 1815 1624 φθα-

247 1626 461 1679 σάντων
489 1633 846 1703 παρανομιῶν
881 1636 1216 1709 ἡθετήκασιν
1240 1683 1255 1708 ,
1288 1636 1334 1696 ὦ
1375 1644 1497 1715 ίερά
1546 1646 1642 1700 καὶ
1697 1646 1817 1701 θεία

245 1718 496 1788 κορυφήο
554 1719 677 1773 ἐπεὶ
714 1723 811 1775 καὶ
840 1722 898 1777 ἓν
952 1727 1211 1800 ἀνόμημα
1246 1731 1409 1803 ἀρκεῖ
1459 1734 1550 1788 τὸν
1583 1734 1815 1790 καθόλου

244 1806 415 1898 νόμον
449 1810 770 1880 ἀνατρέψαι.
802 1816 981 1871 Πᾶσαι
1029 1820 1139 1889 γὰρ
1162 1821 1407 1892 ἀλλήλων
1440 1825 1677 1894 ἔχονται,
1718 1845 1817 1898 φη-

246 1896 336 1947 σὶν
360 1898 388 1950 ό
438 1898 609 1967 μέγας
641 1899 937 1971 Βασίλειος,
970 1886 1309 1965 αίνὲντολαίλ
1349 1912 1423 1977 ὡς
1544 1918 1611 1985 τῇ
1664 1886 1814 1970 λύσει
1847 1886 1890 1941 Β

242 1985 347 2054 τῆς
392 1990 542 2057 μιᾶς,
588 1992 682 2044 καὶ
712 1993 805 2057 τὰς
836 1994 1029 2060 λοιπὰς
1062 1999 1119 2065 ἐξ
1146 2000 1391 2074 ἀνάγκης
1451 2005 1818 2073 συγκαταλύε-

245 2074 403 2128 σοαιο
436 2077 534 2130 οὐκ
560 2079 616 2145 ἐξ
649 2081 844 2136 ἑαυτοῦ
868 2084 1046 2153 τοῦτο,
1082 2088 1198 2142 ἀλλ’
1227 2091 1291 2145 ὲκ
1312 2091 1407 2146 τοῦ
1441 2093 1815 2165 φθεγγομένου

243 2167 306 2218 ὲν
344 2167 493 2239 αὐτῷ
539 2170 775 2241 Χριστοῦ
829 2173 1041 2243 λέγων’
1109 2179 1168 2244 ὃς
1198 2199 1366 2253 φησι,
1430 2184 1557 2252 Πᾶς
1587 2189 1619 2241 ὀ
1652 2187 1820 2241 λύων

234 2255 393 2326 μίαν
422 2255 535 2311 τῶν
554 2258 819 2315 ἐντολῶν
839 2265 1067 2321 τούτων
1097 2267 1216 2323 τῶν
1254 2271 1613 2342 ἐλαχίστων,
1641 2271 1819 2344 οὗτος

242 2345 567 2435 ἐλάχιστος
596 2354 964 2422 κληθήσεται
985 2359 1054 2413 ἐν
1094 2360 1166 2430 τῇ
1185 2363 1475 2432 βασιλείᾳ
1491 2365 1610 2419 τῶν
1639 2370 1818 2435 οὐρα-

242 2433 372 2487 νῶν
395 2452 409 2467 ο
427 2436 668 2507 δηλονότι
695 2440 1086 2515 ἀπολλύμενος.
1126 2450 1235 2503 Kal
1254 2452 1282 2504 ό
1312 2449 1601 2517 Θεσπέσιος
1638 2433 1821 2508 Ἰἀκωο

242 2525 362 2588 6ος·
394 2528 621 2597 Ὅστις,
654 2533 808 2603 φησὶ,
830 2536 1064 2591 τελέσει
1087 2539 1236 2595 ὅλον
1262 2541 1371 2596 τὸν
1404 2545 1614 2614 νόμον,
1646 2546 1819 2600 πταί-

240 2632 341 2670 σει
370 2618 437 2672 δὲ
473 2620 543 2672 ἐν
568 2622 679 2690 ἐνί,
711 2624 913 2694 γέγονε
941 2629 1183 2685 πάντων
1237 2634 1469 2704 ἔνοχος.

301 2709 600 2807 λελύκασιν
615 2710 707 2769 οὖν
724 2718 965 2775 Παλαιὰν
981 2724 1075 2777 καὶ
1090 2721 1536 2799 ΝέανΔιαθήκην,
1550 2725 1595 2785 ὦ
1609 2733 1816 2807 μάκαρ,

239 2803 334 2857 διὰ
391 2806 490 2876 τῆς
525 2806 755 2875 λύσεως,
808 2813 870 2867 οὐ
902 2813 1011 2867 τῶν
1040 2816 1336 2887 ἐλαχίστων
1356 2858 1373 2885 ,
1404 2821 1542 2876 ἀλλὰ
1595 2824 1689 2878 καὶ⁵
1711 2803 1820 2882 τῶν

245 2896 523 2988 μεγίστων
542 2901 771 2955 ἐντολῶν
799 2905 1031 2975 Κυρίουο
1059 2908 1223 2979 νόμον
1241 2911 1384 2966 κατά
1399 2914 1565 2985 νόμου
1589 2916 1820 2988 εὐαγγε-

240 2987 397 3042 λικοῦ
416 2990 783 3059 ὲκτεθεικότες
808 2998 857 3050 oi
883 2998 1133 3065 τάλανες,
1166 3002 1228 3056 τὸ
1257 3003 1506 3077 βούλημα
1530 3010 1638 3063 τῶν
1666 3009 1819 3080 βασι-

240 3080 380 3133 λέων
404 3085 717 3153 προκρίνειν
740 3086 876 3141 Θεοῦ
898 3091 1100 3146 ὁπόταν
1120 3091 1415 3164 βούλοιντο.
1444 3098 1733 3157 Βούλονται
1762 3103 1821 3157 δὲ

1914 648 2006 702 sed
2054 651 2327 719 accepistis
2377 654 2563 724 faciem
2610 654 2665 707 in
2712 652 2842 722 lege.
2891 651 3143 722 Nunquid
3189 668 3292 705 non
3354 652 3493 708 Deus

1915 754 2049 793 unus
2082 742 2277 794 creavit
2306 743 2443 798 vos?
2488 743 2722 813 nunquid
2753 758 2856 796 non
2887 751 3041 811 pater
3083 759 3221 796 unus
3260 744 3493 797 omnium

1914 837 2157 883 vestrum
2178 830 2261 885 ³⁸2
2293 832 2548 889 Salomon
2577 844 2759 889 autem
2794 834 2879 888 bis
2908 833 3127 888 verbis:
3158 834 3371 900 Audite,
3407 852 3494 888 re-

1914 936 2023 990 ges,
2063 930 2113 975 et
2158 922 2525 995 intelligite”.
2573 924 2639 978 Et
2682 934 2804 995 post
2847 923 2952 979 alia
2999 941 3013 978 :
3064 926 3326 990 Quoniam
3376 942 3493 979 cum

1914 1011 2090 1066 essetis
2120 1014 2348 1068 ministri
2412 1017 2555 1086 regni
2590 1015 2855 1081 altissimi,
2900 1032 3003 1070 non
3027 1026 3163 1071 recte
3189 1016 3491 1085 judicastis,

1915 1118 2008 1157 nec
2050 1106 2349 1161 custodistis
2399 1106 2582 1178 legem,
2638 1124 2799 1178 neque
2841 1109 3124 1162 secundum
3171 1108 3494 1162 voluntatem

1911 1192 2011 1248 Dei
2055 1196 2389 1251 ambulastis.
2426 1198 2696 1255 Horrenda
2743 1208 2791 1252 et
2853 1200 2954 1252 cito
2996 1200 3267 1269 apparebit
3308 1199 3493 1252 vobis:

1913 1290 2163 1359 quoniam
2202 1290 2463 1359 judicium
2510 1291 2853 1345 durissimum
2891 1292 2945 1344 in
2994 1291 3072 1345 his
3122 1291 3212 1361 qui
3258 1298 3495 1360 prtesunt

1913 1381 2020 1450 ﬁet.
2055 1381 2174 1435 Non
2207 1384 2345 1437 enim
2386 1384 2653 1437 subtrahet
2699 1398 2977 1450 personam
3016 1382 3326 1453 cujusquam
3386 1381 3495 1435 Do-

1915 1472 2088 1527 minus
2122 1473 2354 1526 omnium
2380 1474 2445 1526 ¹⁶.
2476 1472 2595 1527 Jam
2627 1487 2760 1527 vero
2790 1472 2935 1542 quod
2960 1480 3015 1527 et
3047 1480 3215 1526 totum
3248 1470 3495 1542 Evange-

1915 1563 2046 1619 lium
2088 1563 2311 1620 nefariis
2360 1563 2508 1619 ausis
2578 1563 2873 1629 violarunt,
2939 1578 2972 1618 ο
3002 1578 3218 1618 sacrum
3261 1572 3317 1617 et
3356 1561 3496 1616 divi-

1915 1672 2047 1711 num
2092 1665 2275 1726 caput,
2325 1654 2675 1710 manifestum
2724 1664 2827 1719 est,
2887 1654 3155 1725 siquidem
3205 1665 3492 1724 peccatum

1916 1745 2114 1802 sutiicit
2155 1746 2221 1800 ad
2252 1746 2603 1800 evertendam
2647 1754 2815 1800 totam
2863 1745 3058 1816 legem.
3100 1744 3297 1799 Omnia
3344 1742 3493 1798 enim

1916 1836 2172 1891 mandata
2218 1842 2407 1889 mutuo
2457 1848 2703 1888 connexa
2750 1841 2901 1900 sunt,
2950 1841 3004 1887 et
3046 1832 3149 1887 sibi
3196 1831 3492 1894 cohaerent,

1918 1927 1994 1982 ait
2039 1940 2268 1998 magnus
2318 1923 2573 1990 Basilius,
2629 1924 2702 1978 ita
2756 1934 2836 1989 ut,
2891 1938 3001 1978 uno
3032 1926 3229 1987 soluto,
3285 1922 3494 1992 reliqua

1917 2020 2085 2074 etiam
2132 2017 2265 2072 solvi
2314 2030 2541 2071 necesse
2589 2015 2698 2070 sit:
2747 2030 2858 2069 non
2896 2029 2964 2069 ex
3018 2028 3076 2068 se
3126 2013 3268 2084 ipso,
3320 2012 3415 2067 sed
3462 2028 3494 2068 a

1918 2110 2135 2165 Christo
2159 2108 2290 2163 dicit
2318 2111 2369 2160 in
2396 2107 2515 2176 ipso
2572 2106 2827 2176 loquente
2875 2124 2890 2161 :
2930 2104 3237 2175 Quicunque
3279 2104 3493 2158 solverit

1918 2218 2078 2255 unum
2106 2201 2169 2254 de
2210 2199 2474 2253 mandatis
2504 2198 2616 2253 istis
2652 2197 2907 2264 minimis,
2951 2197 3034 2250 hic
3065 2196 3312 2250 minimus
3343 2210 3498 2249 voca-

1920 2293 2061 2347 bitur
2098 2293 2152 2345 in
2182 2306 2339 2361 regno
2402 2290 2648 2343 caelorum
2674 2289 2754 2353 ¹”¹;
2797 2290 3085 2343 damnatus
3128 2287 3360 2343 scilicet.
3428 2287 3496 2342 Et

1919 2384 2110 2439 beatus
2156 2380 2390 2436 Jacobus
2436 2397 2450 2435 :
2504 2374 2827 2451 Quicunque,
2852 2381 2948 2445 ait,
2990 2389 3155 2435 totam
3180 2379 3341 2449 legem
3371 2394 3485 2434 ser-

1919 2476 2140 2537 vaverit,
2179 2475 2407 2544 oﬂ'endat
2447 2484 2629 2529 autem
2673 2475 2729 2528 in
2770 2489 2894 2539 uno,
2938 2473 3109 2543 {actus
3153 2480 3226 2525 est
3260 2472 3494 2526 omnium

1919 2584 2039 2623 reus
2059 2566 2124 2621 ".

1989 2739 2282 2795 Solverunt
2311 2740 2493 2811 itaque
2526 2738 2697 2796 Vetus
2727 2747 2783 2796 et
2807 2739 3025 2796 Novum
3055 2739 3489 2805 Testamentum,

1920 2848 1954 2888 ο
1983 2833 2159 2897 beate,
2189 2832 2381 2887 solutis
2409 2848 2517 2886 non
2560 2831 2822 2899 minimis,
2866 2833 2962 2887 sed
2996 2840 3052 2888 et
3087 2833 3339 2888 maximis
3385 2834 3491 2888 Do-

1921 2925 2058 2981 mini
2092 2925 2388 2989 mandatis,
2420 2915 2593 2995 legem
2629 2924 2890 2980 adversus
2920 2925 3287 2996 evangelicam
3317 2925 3490 2997 legent

1922 3017 2329 3089 promulgantes
2362 3017 2571 3083 miseri,
2608 3034 2796 3089 regum
2834 3016 3171 3072 voluntatem
3201 3017 3310 3072 Deo
3338 3027 3493 3072 ante-

1921 3108 2066 3163 ferre
2113 3122 2236 3162 cum
2282 3108 2575 3164 voluerint.
2619 3107 2821 3163 Volunt
2865 3117 3048 3163 autem
3092 3108 3182 3164 alii
3219 3108 3385 3174 aliud,
3436 3112 3494 3167 ά

240 3172 395 3271 ἄλλοι
416 3175 566 3271 ἀλλο,
584 3180 679 3232 καὶ
701 3180 887 3237 ἄλλοτε
904 3182 1098 3249 ἄλλως.
1122 3188 1231 3242 Kal
1249 3190 1337 3244 διὰ
1360 3192 1517 3247 τοῦτο
1535 3196 1814 3268 ἀνατροπὴ

1922 3201 2055 3256 alias
2096 3200 2294 3258 aliter:
2331 3215 2395 3255 ac
2434 3199 2663 3271 proinde
2697 3201 2913 3255 eversio
2942 3199 3003 3255 ﬁt
3035 3201 3275 3254 omnium
3315 3216 3489 3270 usque

240 3264 341 3319 τοῦ
362 3269 583 3336 παντὸς,
626 3272 789 3344 μέχρι
841 3275 937 3329 τοῦ
971 3277 1373 3351 ’Δντιχρίστοιν
1425 3288 1520 3340 καὶ
1564 3264 1812 3344 ἐντεῦθεν

241 3358 491 3426 εἰκότως,
553 3364 586 3433 ἡ
620 3363 890 3440 λεγομένη
926 3371 1057 3441 παρ’
1088 3372 1270 3438 αὐτοῖς
1308 3376 1414 3431 ὑπὸ
1467 3377 1563 3432 τοῦ
1598 3381 1814 3437 Σατανᾶ

240 3451 554 3523 οἰκονομία,
597 3462 1167 3533 προσαγορευθήσεται
1220 3466 1625 3543 Ἀντιχριστικὴ
1682 3492 1814 3545 προ·

239 3543 459 3614 δρομία.
493 3547 627 3618 Περὶ
650 3549 759 3621 γὰρ
785 3553 1149 3623 παραϐάσεως
1183 3562 1425 3617 κανόνων
1451 3604 1467 3630 ,
1512 3567 1565 3619 τί
1594 3566 1677 3620 δεῖ
1719 3543 1814 3622 καὶ

240 3632 459 3729 firmo;
510 3637 701 3693 Ὁπότε
738 3642 845 3713 γὰρ
894 3643 988 3698 τοῦ
1040 3647 1375 3719 Εὑαγγελίου
1429 3654 1813 3729 ἀποτροπάδην

238 3718 429 3819 ἦλθον,
463 3731 625 3804 σχολὴ
658 3734 788 3805 περὶ
810 3736 989 3791 αὐτῶν
1010 3741 1336 3819 φροντίζειν.
1373 3746 1481 3799 Kal
1509 3751 1537 3802 ό
1560 3718 1657 3819 μὲν
1680 3718 1813 3815 Sed;

242 3816 338 3870 διὰ
393 3822 486 3874 τοῦ
516 3826 801 3897 προφήτου
836 3828 965 3883 τάδε
1018 3816 1153 3903 φησι
1176 3851 1190 3865 ο
1226 3834 1404 3890 Δώσω
1453 3816 1571 3908 τὴν
1601 3841 1812 3895 κλεῖδα

246 3911 418 3969 οικου
449 3915 629 3968 Δαυτδ
654 3917 752 3971 ἐπὶ
781 3919 890 3975 τοῦ
949 3921 1113 3991 ὤμου
1145 3927 1333 3982 αὐτοῦ
1353 3944 1367 3958 ·
1416 3930 1513 3983 καί
1563 3931 1810 3999 ἀνοίξει,

244 4002 348 4059 καὶ
367 4006 479 4058 οὐκ
516 4006 689 4062 ἔσται
718 4012 752 4064 ὁ
774 4010 1142 4068 ἀποκλείων-ο
1166 4017 1264 4072 καί
1295 4022 1545 4087 κλείσει,
1578 4025 1677 4079 καὶ
1699 4026 1812 4080 οὐκ

238 4094 416 4150 ἔσται
455 4099 489 4151 ὁ
514 4098 789 4168 ἀνοίγων.
824 4104 885 4156 Ol
908 4104 965 4158 δὲ
1002 4106 1283 4173 ἀντιθέως,
1324 4112 1410 4183 ἐφ’
1440 4108 1524 4177 οἷς
1547 4114 1645 4183 μὲν
1674 4116 1814 4187 ἧνοι-

240 4189 353 4255 ξεν,
382 4188 747 4259 ἀπέκλεισαν,
793 4195 1139 4267 καθήραντες
1174 4201 1301 4264 τοὺς
1349 4203 1696 4269 ἀνευθύνους,
1735 4206 1812 4270 ὡς

237 4280 392 4334 δοκεῖ
420 4280 627 4345 αὐτοῖς,
646 4282 760 4337 ἀλλ’
783 4286 844 4338 οὐ
870 4284 988 4358 Θεῷ
1008 4304 1021 4319 ·
1054 4289 1139 4357 ἐφ’
1173 4285 1255 4353 οἷς
1284 4290 1339 4344 δὲ
1371 4290 1634 4358 ἔκλεισεν,
1658 4295 1810 4364 ἠνοι-

238 4370 339 4436 ξαν
358 4373 836 4443 προχειρισάμενοι
890 4375 1019 4441 τοὺς
1054 4378 1461 4445 ὑποπίπτοντας
1494 4382 1810 4453 καθαιρέσει

239 4461 555 4534 Θεοκρίτως,
592 4462 739 4530 ἅπαξ
773 4465 909 4536 πρὸς
933 4468 995 4521 τὸ
1024 4470 1208 4535 αὐτοῖς
1238 4470 1430 4525 δοκοῦν
1458 4473 1553 4526 καὶ
1577 4473 1809 4544 ἀρέσκον

238 4554 624 4626 ἀποχρώμενοι
646 4556 733 4610 ἀεὶ
762 4557 1097 4624 δεσποτικῶς
1131 4565 1244 4626 τοῖς
1274 4564 1447 4635 ’ἱεροῖς
1490 4567 1711 4619 κανόσιν
1734 4564 1809 4628 ὡς

239 4644 543 4714 ὑπηρέταις
571 4645 664 4700 καὶ
702 4646 1053 4713 ὑποδουλίοις.
1085 4651 1270 4706 Ταῦτα
1290 4654 1389 4724 τῆς
1424 4654 1810 4727 Μοιχειανικῆς

237 4735 503 4807 αίρέσεως
540 4734 609 4790 τὰ
641 4736 821 4807 ἄνομα
868 4740 962 4793 καὶ
990 4740 1163 4812 ἀσεσῆ
1196 4743 1577 4816 ἐγχειρήματά
1619 4762 1680 4799 τε
1714 4746 1809 4801 καὶ

236 4824 678 4897 ἀποτελέσματα.
737 4829 845 4883 Kal
871 4829 1044 4884 ταῦτα
1076 4831 1153 4896 ὼς
1198 4833 1457 4905 ἐλάχιστα
1499 4834 1662 4889 τέκνα
1707 4836 1808 4907 τῆς

236 4916 538 4987 καθολικῆς
576 4917 929 4989 Ἐκκλησίας,
964 4920 1049 4974 col
1077 4924 1143 4994 τῇ
1177 4924 1453 4996 πρωτίστη
1482 4926 1642 4997 ἡμῶν
1671 4928 1807 4981 ἀπο-

236 5007 457 5079 στολικῇ
518 5008 727 5081 κεφαλῇ
786 5011 1145 5082 ἀναγγεῖλαι,
1199 5016 1339 5069 κατὰ
1387 5017 1448 5070 τὸ
1511 5018 1807 5087 ἀναγκαῖον

232 5096 723 5169 προεθυμήθημεν.
743 5101 941 5155 Λοιπὸν
974 5104 1144 5176 αὐτῆς
1171 5106 1287 5160 ἐστι
1322 5107 1391 5163 τά
1426 5108 1633 5180 ἀρεστά
1664 5110 1805 5181 Θεῷ,

234 5189 329 5243 καὶ
351 5187 705 5260 διανοηθῆναι
739 5193 833 5245 καὶ
871 5195 1095 5263 πρᾶξαι,
1138 5196 1242 5249 ὑπὸ
1270 5198 1587 5269 Πνεύματος
1625 5201 1804 5270 ἀγίου,

234 5278 313 5342 ὡς
342 5278 430 5332 ἐπ’
452 5278 657 5347 ἄλλοις,
689 5281 784 5335 καὶ
810 5285 867 5337 ἐν
898 5285 1031 5355 τῷδε
1063 5288 1388 5361 κινουμένης
1409 5306 1422 5320 ·
1451 5293 1510 5345 οὐ
1546 5292 1653 5363 μὴν
1670 5294 1805 5347 ἀλλά

234 5370 330 5423 καὶ
353 5369 777 5444 δυσωπουμένης
803 5374 1035 5441 ἀξιῶσαι
1055 5378 1202 5448 ἡμᾶς
1234 5380 1532 5437 absoluta
1556 5384 1651 5436 καὶ
1682 5384 1801 5437 θεο-

232 5460 487 5532 χάρακτα
505 5461 676 5532 αὐτῆς
716 5464 1022 5536 γράμματα
1074 5466 1365 5538 δέξασθαι,
1396 5473 1539 5527 κατά
1571 5475 1802 5544 μίμησιν

231 5550 345 5603 τῶν
376 5551 657 5624 όμοξήλων
694 5556 862 5627 αὐτῆς
888 5558 1081 5626 ἀγίων,
1141 5560 1328 5632 ὥσπερ
1361 5562 1456 5617 νῦν
1488 5564 1586 5627 τάς
1635 5566 1802 5619 πλου-

235 5642 380 5708 σίας,
407 5644 502 5698 καὶ
529 5644 667 5719 ὑπὲρ
700 5648 865 5719 ἡμᾶς,
897 5651 1102 5723 δωρεάς
1130 5653 1299 5725 αὐτῆς
1327 5656 1422 5709 καὶ
1451 5657 1718 5729 εὐλογίας.

310 5818 353 5849 ⁸⁸
390 5817 619 5875 Malach.
664 5838 722 5888 ιι,
763 5823 815 5881 9.
898 5828 941 5859 ⁸⁵
983 5826 1111 5897 Sap.
1149 5845 1223 5895 νι,
1252 5830 1307 5887 2.
1388 5832 1431 5865 "
1473 5831 1605 5890 ibid.
1638 5834 1751 5890 5-8.

1913 5835 2104 5894 Matth.
2142 5854 2193 5905 ν,
2238 5839 2320 5894 19.

1914 3296 1982 3351 ad
2028 3294 2448 3349 Antichristum.
2494 3292 2649 3348 Unde
2692 3291 2887 3348 merito
2928 3308 3049 3362 quae
3092 3294 3233 3363 apud
3284 3293 3402 3347 illos
3457 3308 3487 3347 a

1916 3384 2117 3440 Satana
2159 3382 2495 3455 dispensatio
2537 3382 2758 3449 dicitur,
2820 3383 3145 3439 Antichristi
3193 3384 3489 3453 prscursio

1913 3477 2213 3532 vocabitur.
2266 3476 2339 3531 De
2371 3490 2641 3530 canonum
2684 3474 2829 3531 enim
2874 3474 3317 3545 praevaricatione
3358 3476 3486 3544 quid

1910 3567 2108 3622 attinet
2140 3566 2328 3636 loqui?
2354 3566 2487 3621 Cum
2525 3567 2673 3621 enim
2716 3567 2784 3621 ab
2828 3565 3121 3635 Evangelio
3168 3566 3271 3637 ipsi
3312 3566 3487 3621 aversi

1915 3657 2305 3723 discesserint;
2342 3658 2579 3712 otiosum
2622 3666 2706 3712 est
2741 3658 2808 3712 de
2852 3656 2957 3711 illis
2988 3672 3203 3712 curare.
3235 3657 3312 3712 Ac
3344 3658 3487 3712 Deus

1914 3747 2131 3818 quidem
2170 3761 2267 3817 per
2303 3745 2622 3816 prophetam
2646 3744 2727 3799 sic
2751 3744 2826 3799 ait
2852 3759 2867 3798 :
2904 3742 3051 3797 Dabo
3082 3743 3274 3797 clavem
3304 3743 3487 3796 domus

1912 3838 2086 3893 David
2128 3854 2283 3906 super
2321 3838 2593 3892 humerum
2627 3836 2783 3906 ejus:
2814 3843 2863 3889 et
2896 3836 3117 3904 aperiet,
3153 3843 3203 3889 et
3245 3850 3346 3887 non
3386 3834 3487 3889 erit

1913 3932 2002 4001 qui
2032 3930 2246 3983 claudat
2279 3947 2292 3982 :
2330 3938 2378 3982 et
2416 3928 2645 3994 claudet,
2684 3937 2732 3982 et
2777 3942 2881 3981 non
2921 3928 3019 3981 erit
3062 3927 3152 3999 qui
3195 3928 3401 3996 aperiat
3420 3925 3483 3982 τ’.

1912 4020 2123 4075 Inimici
2174 4029 2356 4074 autem
2401 4020 2494 4075 Dei
2544 4035 2667 4090 qua:
2721 4020 2812 4075 ille
2862 4019 3079 4090 aperuit
3136 4018 3482 4083 clauserunt,

1912 4112 2042 4168 dum
2064 4110 2313 4166 innoxios
2334 4112 2723 4181 deposuerunt,
2748 4118 2809 4165 ut
2848 4111 2979 4180 ipsis
3004 4110 3220 4181 quidem
3261 4110 3482 4180 placuit,

1913 4204 2010 4259 sed
2056 4219 2169 4259 non
2214 4202 2356 4270 Deo;
2401 4218 2523 4273 quae
2554 4218 2685 4258 vero
2725 4203 2939 4265 clausit,
2987 4211 3344 4272 aperuerunt.
3391 4217 3487 4257 eos

1911 4294 2005 4364 qui
2030 4293 2393 4363 depositionis
2422 4308 2639 4363 pmnam
2674 4292 2859 4347 divino
2894 4292 3104 4361 judicio
3144 4301 3481 4355 meruerant,

1914 4386 2217 4442 honoribus
2264 4386 2616 4440 restituentes
2655 4402 2669 4439 :
2716 4392 2907 4455 atque,
2960 4393 3020 4439 ut
3066 4385 3233 4440 semel
3276 4384 3481 4449 dicam,

1914 4476 2082 4533 sacris
2112 4476 2412 4531 canonibus
2440 4475 2507 4529 ad
2535 4475 2718 4531 omnia
2744 4490 2865 4545 qua!
2891 4474 3132 4530 arrident
3155 4483 3212 4528 et
3247 4474 3481 4544 placent,

1842 4552 1890 4609 ι)
1915 4578 2171 4639 tanquam
2220 4568 2483 4623 ministris
2510 4576 2566 4624 et
2608 4567 2828 4623 famulis
2874 4584 2971 4638 pro
2998 4567 3225 4624 arbitrio
3268 4582 3487 4637 semper

1906 4661 2064 4719 abusi
2106 4668 2253 4715 sunt.
2290 4658 2355 4716 lii
2399 4666 2526 4714 sunt
2574 4659 2889 4716 Mmchianae
2911 4661 3181 4715 bmreseos
3225 4657 3379 4728 impii
3428 4667 3484 4713 et

1906 4751 2095 4821 iniusti
2132 4760 2380 4816 conatus,
2426 4751 2541 4806 hate
2584 4766 2747 4822 opera
2781 4766 2797 4806 :
2831 4766 2951 4821 qua:
2991 4765 3114 4814 nos,
3164 4757 3224 4804 ut
3269 4748 3481 4805 minimi

1906 4844 2001 4899 lilii
2034 4842 2287 4898 Ecclesia:
2311 4841 2612 4906 catholicae,
2654 4841 2750 4896 tibi
2783 4842 2957 4911 primo
2986 4838 3230 4894 omnium
3262 4848 3480 4908 aposto-

1905 4935 2011 4990 lico
2038 4934 2204 5004 capiti
2240 4947 2449 4999 nostro,
2482 4932 2756 4997 nuntiare,
2794 4930 3104 4985 necessario
3146 4928 3478 4999 optavimus.

1909 5028 2040 5097 Ejus
2061 5034 2141 5081 est
2169 5026 2237 5081 de
2259 5037 2476 5093 caztero,
2506 5040 2626 5096 qute
2654 5023 2765 5078 Deo
2789 5031 2919 5077 sunt
2948 5022 3141 5093 pLacita
3171 5022 3482 5093 excogitare

1907 5125 1963 5171 et
2001 5116 2181 5171 facere
2213 5115 2450 5186 Spiritus
2485 5114 2658 5171 sancti
2701 5114 2888 5178 ductu,
2920 5128 2951 5167 a
2977 5128 3105 5183 quo,
3141 5121 3203 5166 ut
3242 5113 3298 5167 in
3340 5112 3479 5177 aliis,

1906 5206 1986 5261 sic
2009 5214 2064 5260 et
2087 5207 2141 5259 in
2172 5206 2275 5261 hoc
2303 5221 2540 5277 quoque,
2579 5206 2782 5278 regitur
2814 5214 2868 5260 et
2900 5205 3233 5277 gubernatur
3264 5222 3278 5259 :
3318 5205 3480 5274 quin-

1905 5299 2070 5353 etiam
2100 5306 2433 5363 sanctorum,
2466 5298 2665 5369 quibus
2695 5298 2836 5353 idem
2869 5298 3019 5353 zelus
3052 5296 3174 5362 fuit,
3204 5296 3477 5366 exemplo,

1912 5391 2126 5456 adduci,
2163 5400 2223 5445 ut
2255 5406 2285 5446 a
2319 5406 2376 5446 se
2410 5390 2641 5447 dictatas
2666 5398 2721 5445 et
2744 5389 3006 5445 divinitus
3044 5395 3294 5445 exaratas
3330 5386 3480 5441 litte-

1910 5497 2001 5538 ras
2035 5483 2102 5537 ad
2143 5497 2245 5538 nos
2272 5483 2490 5538 mittere
2512 5482 2783 5554 dignetur,
2818 5481 2958 5538 sicut
3004 5494 3151 5534 nunc
3196 5477 3476 5547 opulenta,

1911 5582 1965 5628 ct
1992 5574 2201 5629 meritis
2234 5574 2437 5631 nostris
2470 5575 2674 5647 majora
2704 5574 2820 5646 ejus
2844 5586 3107 5635 munera,
3128 5569 3476 5641 eulogiasque

1910 5664 2239 5735 accepimus.

2430 5841 2473 5874 "
2510 5837 2625 5896 Jac.
2671 5854 2731 5906 li,
2768 5838 2852 5895 lO.
2958 5840 3001 5872 ¹⁹
3046 5835 3155 5891 lsa.
3198 5848 3335 5899 xm,
3374 5830 3462 5889 ἓξ.
