4158 6494
685 366 817 427 1027

682 588 714 625 o
741 571 1077 627 divinissime
1112 586 1317 638 vertex,
1352 594 1409 631 se
1437 581 1927 648 cxpostnlationem
1956 585 2073 653 ejus
2099 600 2260 639 exce-

680 663 825 732 pisse
864 676 1087 734 propter
1135 662 1592 739 Barsanuphium,
1640 670 1960 744 lsaiamque,
2007 687 2061 730 ct
2090 678 2259 731 Doro-

684 756 869 809 theum
904 757 1189 814 hmreticos
1224 778 1239 813 :
1278 764 1421 831 quod
1468 780 1561 818 eos
1605 766 1811 821 scilicet
1848 783 1945 837 pro
1976 769 2259 824 catholicis

683 848 1031 917 recipiamus.
1069 849 1132 905 Et
1161 853 1316 908 valde
1341 855 1520 909 mirati
1549 872 1757 920 sumus,
1800 858 1843 912 si
1876 874 1975 913 nos
2002 860 2257 924 humiles,

682 941 773 1008 qui
811 956 908 1009 pro
940 951 1085 995 recta
1122 942 1224 998 fide
1262 948 1515 1014 patimur,
1554 948 1826 1004 haereticis
1860 951 2254 1005 adhazreamus.

684 1030 985 1085 Ubturetur
1021 1048 1082 1087 os
1119 1050 1280 1088 omne
1315 1048 1504 1091 contra
1537 1054 1639 1092 nos
1686 1038 1931 1108 loquens,
1968 1048 2021 1093 ct
2056 1040 2261 1093 calum-

684 1121 805 1174 nias
834 1123 1181 1178 submittens.
1204 1125 1504 1181 Orthodoxi
1539 1144 1747 1191 sumus,
1779 1130 2029 1197 quamvis
2057 1128 2255 1199 alioqui

685 1224 1020 1280 peccatores,
1065 1232 1098 1269 ο
1126 1216 1441 1272 beatissime
1471 1238 1483 1271 :
1520 1235 1697 1289 neque
1730 1220 1781 1276 in
1811 1222 1914 1275 hoc
1949 1221 2017 1274 ab
2043 1229 2261 1289 aposto-

684 1305 784 1359 lica
822 1306 928 1360 fide
974 1308 1241 1363 ullatenus
1286 1309 1677 1381 discrepamus.
1721 1312 1949 1366 Omnem
1993 1312 2258 1365 svnodum

684 1399 1080 1453 mcumenicam
1130 1409 1184 1455 et
1230 1402 1479 1468 localem,
1515 1405 1892 1473 approbatam,
1936 1406 2259 1473 veritatique

685 1496 1075 1556 congruentem
1102 1532 1116 1553 ,
1163 1507 1287 1546 cum
1331 1496 1534 1548 sanctis
1575 1511 1760 1549 earum
1799 1497 2098 1550 canonibus
2143 1512 2261 1549 am-

687 1580 995 1649 plectimur,
1024 1598 1243 1638 onmem
1272 1582 1520 1641 haeresim
1555 1598 1607 1642 et
1639 1588 1951 1642 haereticum
1979 1588 2259 1642 detestan-

648 1682 786 1738 tes,
833 1685 994 1744 atque
1044 1678 1591 1734 anathematizantcs.
1638 1681 1940 1735 Anathema
1990 1681 2262 1734 Barsanu-

1892 382 1932 437 Β
1974 380 2365 444 THEODORI
2404 386 2746 447 STUDITJE

752 475 951 532 ltetulit
973 496 1130 549 porro
1149 484 1305 540 nobis
1334 486 1475 541 idem
1503 486 1667 543 frater
1690 501 1875 545 noster
1901 494 2257 564 Epiphanius,
2289 504 2331 557 Α

2445 499 2768 570 ’Λπήγγειλε
2801 498 2858 552 δὲ
2892 499 3021 569 ημῖν
3049 497 3077 548 ὁ
3114 496 3275 559 αὐτὸς
3308 495 3534 563 ἀδελφὸς
3574 494 3735 564 ἡμῶν
3790 496 3934 546 Ἐπι-

2361 592 2570 659 φάνιος,
2602 591 2852 660 θειοτάτη
2881 590 3118 661 κορυφὴ,
3154 590 3230 652 ὠς
3258 588 3518 658 ἔγκλησιν
3552 587 3776 653 ἐδέξατο
3806 589 3934 655 παρ’

2358 684 2550 753 αὐτῆς,
2579 683 2743 736 ἓνεκα
2797 680 3225 753 Βαρσανουτρίου,
3277 680 3502 732 Ἡσαΐου
3536 696 3595 731 τε
3623 681 3724 733 καὶ
3756 684 3935 747 Δωρο-

2360 775 2503 835 θέου,
2561 776 2671 827 τῶν
2726 774 3036 844 αίρετικῶν,
3090 772 3165 835 ὡς
3195 772 3502 841 δεχομένων
3550 770 3711 839 ἡμῶν
3740 770 3939 832 αὐτοὺς

2360 868 2673 939 ὁρθοδόξους
2692 883 2705 897 ⁸
2734 868 2825 920 καὶ
2848 867 2987 920 πάνυ
3019 864 3361 935 ἠγάσθημεν,
3396 866 3443 915 εἰ
3466 865 3625 933 ἡμεῖς
3656 864 3709 915 al
3741 876 3939 915 ταπει-

2359 962 2440 1014 νοὶ
2476 961 2616 1031 ὑπὲρ
2643 959 2949 1031 όρθοδοξίας
2978 958 3299 1027 πάσχοντες,
3331 958 3629 1026 αἰρετικοῖς
3676 955 3933 1026 προσιτά-

2361 1070 2578 1124 σχομεν.
2623 1050 3045 1122 Ἐμφραττέσθω
3072 1051 3177 1103 πᾶν
3197 1048 3259 1101 τὸ
3293 1048 3415 1100 καθ’
3449 1046 3604 1117 ἡμῶν
3628 1047 3941 1101 ὑποϐάλλειν

2360 1146 2454 1199 καὶ
2480 1142 2848 1213 συκοφαντῶν
2883 1142 3076 1212 στόμα.
3136 1139 3435 1210 Ὀρθὸδοξοί
3472 1140 3662 1208 ἐσμεν,
3700 1139 3812 1192 κάν
3840 1138 3937 1191 ἄλο

2359 1236 2464 1299 λως
2494 1234 2828 1305 ἁμαρτωλοὶ,
2858 1227 2902 1286 ὦ
2935 1231 3347 1303 μακαριώτατεο
3384 1230 3508 1301 μηδ’
3527 1229 3709 1285 ὁτιοῦν
3740 1231 3940 1297 ὕφεσιν

2358 1327 2571 1397 ἔχοντες
2598 1328 2657 1379 ὲν
2682 1325 2854 1395 τούτῳ
2897 1328 2998 1394 τῆς
3026 1321 3389 1390 ἀποπολικῆς
3442 1323 3713 1384 πίστεωςο
3754 1323 3943 1373 πᾶσαν

2362 1421 2578 1474 σύνοδον
2604 1419 2993 1487 οίκουμενικην
3021 1433 3080 1468 τε
3114 1416 3209 1469 καὶ
3236 1416 3487 1483 τοπικὴν,
3531 1411 3942 1483 ἑγκεκριμένην

2358 1516 2424 1583 τῇ
2454 1510 2700 1581 ἀληθείᾳ,
2735 1509 2874 1578 μετά
2912 1507 3020 1560 τῶν
3048 1506 3374 1559 ἐκτεθέντων
3405 1506 3595 1566 αὑταῖς
3624 1504 3803 1571 ἁγίων
3846 1521 3943 1555 κα-

2360 1605 2526 1657 νόνων
2560 1602 2948 1669 ἀσπαζόμενοι,
2991 1599 3083 1651 καὶ
3124 1601 3304 1652 πᾶσαν
3335 1598 3563 1666 αἵρεσιν,
3606 1595 3701 1647 καὶ
3732 1597 3944 1664 αίρετι-

2361 1695 2455 1749 κδν
2477 1693 2891 1764 μυσαττόμενοι,
2912 1692 3005 1745 καὶ
3026 1689 3532 1758 ἀναθεματίζοντες.
3552 1688 3661 1742 Καὶ
3682 1688 3943 1755 ἀνάθεμα

685 1766 833 1835 phio,
864 1767 1038 1833 Isaiae,
1096 1768 1390 1835 Dorotheo,
1428 1780 1483 1826 et
1534 1773 1814 1837 Dositheo,
1872 1789 2008 1843 quos
2039 1781 2261 1827 sanctus

2364 1783 2770 1853 Βαρσανουφίῳ,
2830 1781 3045 1851 Ἠσαίᾳ,
3109 1778 3369 1848 Δωροθέῳ
3412 1794 3480 1830 τε
3537 1778 3631 1830 καὶ
3670 1776 3940 1846 Δοσιθέῳ,

684 1856 1026 1925 Sophronius
1056 1860 1536 1916 anathematizavit
1559 1863 1627 1917 ".
1665 1861 1770 1917 Sed
1812 1872 1867 1917 et
1900 1862 1943 1916 si
1973 1862 2094 1932 quis
2125 1862 2263 1915 alius

2364 1844 2467 1931 ὐπδ
2494 1879 2607 1939 τοῖς
2656 1844 2765 1928 ’τόδ
2812 1875 2969 1942 ἀγίου
3000 1844 3352 1942 τΣωφρονίου-
3390 1844 3937 1939 ἀναθεματισθείσιν.

686 1948 881 2002 horum
915 1951 1255 2019 cognominis
1289 1952 1493 2020 pariter
1532 1952 1841 2013 liceretieus,
1870 1968 2061 2007 eorum
2087 1953 2261 2007 haere-

684 2038 810 2103 sim,
845 2038 929 2093 vel
965 2040 1129 2095 aliam
1172 2044 1472 2112 quamlibet
1513 2061 1767 2115 sequens,
1799 2046 1914 2101 sive
1952 2046 2259 2116 episcopus,

685 2128 798 2184 slve
822 2131 1142 2197 monachus,
1173 2134 1257 2186 vel
1281 2134 1591 2205 quicunque
1612 2136 1827 2190 demum
1849 2137 1919 2190 sit
1938 2154 1952 2195 ;
1974 2136 2262 2190 anathema

684 2230 825 2276 esto.
863 2222 920 2277 Si
954 2223 1076 2292 quis
1112 2224 1239 2278 item
1268 2234 1595 2296 opportune,
1633 2237 1691 2282 ut
1725 2229 1999 2289 convenit,
2043 2243 2261 2282 onmem

688 2315 1007 2369 haereticum
1032 2331 1142 2370 non
1174 2318 1620 2383 anathematizat,
1648 2318 1893 2387 ejusdem
1924 2317 2088 2371 sortis
2119 2326 2259 2371 esto.

686 2404 796 2460 Nos
837 2407 984 2460 enim
1024 2407 1142 2477 puri
1186 2420 1377 2463 sumus
1410 2409 1478 2463 ab
1519 2410 1667 2463 omni
1712 2409 1967 2464 haeretica
2004 2411 2263 2478 opinione

688 2499 1051 2554 sanctissimis
1093 2501 1346 2570 precibus
1386 2502 1515 2566 tuis,
1550 2502 1975 2572 religiosissime.
2020 2502 2263 2573 Denique

694 2591 798 2645 hoc
820 2591 984 2645 etiam
1030 2592 1419 2662 significamus,
1456 2596 1669 2648 tametsi
1711 2596 1762 2648 in
1810 2596 2057 2665 cpistola,
2101 2612 2260 2665 quam

687 2698 785 2752 per
822 2682 1172 2738 Eustathium
1210 2684 1435 2739 fratrem
1465 2686 1733 2749 misimus,
1766 2687 2123 2756 signiﬁcatum
2151 2702 2260 2740 non

688 2774 779 2836 sit,
806 2788 907 2828 nos
930 2789 1026 2844 per
1051 2774 1412 2843 Epiphanium
1437 2791 1590 2830 sacro
1612 2777 1800 2831 vertici
1826 2786 1918 2831 tuo
1943 2777 2257 2847 scripsisse:

690 2882 1034 2937 nequaquam
1065 2869 1354 2923 mentitum
1384 2869 1548 2924 fuisse
1573 2869 1932 2939 Epiphanium
1961 2889 1974 2923 :
2002 2886 2090 2924 res
2113 2872 2261 2924 enim

688 2959 741 3013 in
782 2960 927 3015 hunc
968 2960 1189 3014 modum
1234 2969 1384 3031 gesta
1428 2969 1530 3015 est.
1574 2960 1904 3015 Dederamus
1946 2959 2020 3014 illi
2071 2976 2261 3015 revera

687 3051 973 3120 epistolam
1022 3067 1037 3104 :
1087 3060 1274 3122 postea
1328 3064 1459 3107 vero
1508 3052 1891 3122 imperantium
1947 3061 2095 3107 metu
2140 3068 2260 3107 eam

687 3143 1055 3212 cxpunximus
1103 3162 1117 3198 :
1165 3144 1281 3213 ipse
1323 3144 1714 3209 nihilominus,
1768 3160 1891 3198 cum
1933 3144 2052 3212 ejus
2106 3154 2261 3197 notas

690 3242 920 3297 teneret,
952 3234 1132 3288 attulit
1168 3235 1234 3289 ad
1267 3250 1419 3289 sacra
1459 3235 1605 3289 illius
1633 3235 1880 3306 vestigia.
1914 3234 2176 3290 benevole
2202 3234 2255 3289 id
2286 3201 2328 3257 θ’

686 3340 885 3394 agens,
929 3333 1215 3395 postquam
1261 3325 1315 3378 in
1365 3326 1616 3380 exsilium
1662 3326 1769 3379 acti
1816 3325 2111 3379 fueramus.
2164 3325 2258 3379 Est

686 3416 833 3469 enim
858 3430 923 3470 os
951 3416 1269 3471 humilitatis
1291 3426 1508 3481 nostrae,
1537 3426 1593 3472 et
1618 3432 1797 3472 sermo
1816 3417 2165 3487 proﬁciscens
2192 3432 2259 3471 ex

686 3506 849 3561 corde
876 3516 1084 3562 nostro.
1113 3507 1289 3573 Quare
1313 3518 1499 3564 sancta
1526 3508 1705 3563 anima
1738 3518 1826 3563 tua
1855 3524 1918 3562 ne
1944 3507 2258 3562 scandalum

687 3598 1001 3668 suSpicetur
1051 3600 1105 3654 in
1149 3614 1418 3656 conservo
1458 3611 1645 3656 nostro
1694 3617 1793 3671 per
1831 3602 2012 3655 omnia
2051 3600 2258 3653 ﬁdelis-

688 3692 846 3747 simo.
894 3691 1084 3748 Frater
1140 3702 1327 3749 noster
1371 3693 1814 3765 archiepiscopus
1858 3692 2261 3747 Thessalonicae

687 3782 1027 3851 supplicibus
1065 3786 1247 3840 cordis
1303 3788 1553 3841 manibus
1590 3786 1941 3841 beatitudinis
1976 3794 2083 3839 tua:
2115 3784 2263 3837 salu-

691 3873 949 3928 tationem
981 3886 1034 3929 et
1061 3878 1323 3947 suscepit,
1354 3888 1410 3932 et
1435 3894 1535 3948 per
1564 3894 1665 3932 nos
1705 3877 2111 3933 sanctissimum
2140 3890 2265 3930 ver-

691 3966 850 4021 ticem
883 3976 1035 4023 tuum
1076 3970 1457 4026 adorabundus
1486 3970 1705 4025 salutat.

1020 4060 1241 4117 XXXV.
1270 4061 1562 4116 ——Basilio
1595 4064 1895 4131 praposito.

2376 1967 2535 2021 Ἀλλά
2563 1967 2655 2019 καὶ
2704 1966 2861 2026 ἄλλος
2903 1965 2956 2017 εί
2975 1980 3056 2026 τις
3094 1962 3179 2032 εῐη
3228 1961 3438 2023 τούτοις
3474 1959 3768 2030 ὁμώνυμος
3788 1961 3941 2029 ὅμως

2361 2059 2657 2131 αίρετικδς,
2692 2058 2834 2112 κατά
2860 2057 2961 2128 τὴν
2981 2054 3203 2110 ἐκείνων
3228 2054 3460 2125 αἵρεσιν,
3496 2052 3530 2123 ἢ
3560 2053 3779 2122 ἑτέραν,
3835 2053 3941 2105 κᾶν

2362 2154 2677 2215 ἐπίσκοπος,
2732 2153 2835 2206 κᾶν
2888 2150 3132 2220 ἀσκητὴς
3158 2189 3174 2213 ,
3219 2147 3322 2201 κᾶν
3365 2144 3634 2211 ὁστισοῦν,
3675 2144 3936 2214 ἀνάθεμα

2362 2246 2519 2299 ἔστω.
2560 2243 2720 2298 Ἀλλά
2757 2243 2851 2297 καὶ
2885 2243 2939 2295 εἴ
2979 2259 3063 2303 τις
3096 2240 3169 2310 μὴ
3218 2235 3606 2307 άναθεματίζοι
3660 2236 3939 2307 εὐκαίρως

2363 2340 2503 2393 κατά
2526 2338 2587 2391 τὸ
2625 2338 2918 2403 ἀναγκαῖον
2950 2333 3124 2385 πάντα
3156 2329 3453 2399 αἱρετικὸν,
3484 2331 3569 2400 εἴη
3614 2330 3715 2399 τῆς
3756 2329 3938 2383 αὐτῶν

2368 2431 2601 2502 μερίδος.
2645 2428 2834 2496 Ἡμεῖς
2862 2424 2970 2493 γὰρ
3002 2420 3233 2492 καθαροί
3279 2422 3447 2491 ἐσμεν
3490 2422 3691 2483 παντὸς
3720 2420 3931 2489 αἱρετι-

2364 2520 2462 2575 κοῦ
2512 2522 2880 2590 φρονήματος,
2928 2514 3117 2585 εὐχαῖς
3156 2529 3249 2566 σου
3302 2512 3647 2582 ίερωτάταις,
3694 2508 3938 2573 παναγέ-

2363 2625 2546 2663 στατε.
2575 2608 2694 2659 Ἔτι
2735 2604 2841 2676 μὴν
2881 2604 2975 2657 καὶ
3001 2603 3159 2656 τοῦτο
3188 2602 3550 2673 ἀναφέρομεν.
3579 2600 3661 2653 ὅτι
3689 2598 3738 2651 ει
3768 2598 3861 2650 καὶ
3881 2600 3937 2649 ἐν

2360 2703 2427 2771 τῇ
2457 2697 2710 2769 ἐπιστολῇ
2734 2695 2890 2767 ήμῶν
2922 2696 2987 2766 τῇ
3015 2693 3103 2747 διὰ
3135 2691 3228 2745 τοῦ
3279 2689 3507 2759 ἀδελφοῦ
3539 2686 3841 2741 Εὑσταθίου
3875 2688 3932 2737 οὐ

2360 2786 2654 2857 δεδήλωται
2674 2802 2688 2815 '
2721 2783 3020 2837 ἐπιστεῖλαι
3045 2782 3192 2850 ἡμᾶς
3221 2782 3287 2849 τῇ
3316 2779 3448 2848 ἁγία
3495 2794 3588 2829 σου
3620 2780 3837 2847 κορυφῇ
3868 2774 3933 2827 δι’

2375 2878 2710 2948 Ἐπιφανίου.
2738 2878 2812 2929 Οὐ
2846 2874 3156 2941 διέψευσται
3196 2871 3541 2937 Ἐπιφάνιος”
3567 2868 3661 2920 καὶ
3685 2869 3713 2920 ὁ
3731 2868 3932 2938 τρόπος

2362 2973 2420 3025 ὲν
2445 2971 2640 3039 τούτῳ.
2674 2964 2855 3037 ’Ἦμεν
2887 2964 2961 3027 ῶς
2992 2961 3208 3032 ἀληθῶς
3262 2960 3597 3022 ἑκδώσαντες
3634 2958 3788 3029 αὐτῷ
3834 2959 3933 3026 τὴν

2361 3062 2649 3129 ἐπιστολὴν
2675 3101 2690 3124 ,
2751 3058 2842 3109 καὶ
2890 3054 3051 3107 πάλιν
3116 3052 3267 3123 φόϐῳ
3306 3051 3415 3104 τῶν
3453 3049 3800 3121 κρατούντων
3832 3051 3934 3103 ἀπα

2362 3153 2677 3221 αλείψαντες
2692 3166 2705 3179 ο
2724 3152 2753 3203 ὁ
2775 3148 2829 3201 δὲ
2846 3148 2983 3218 ῑχων
3005 3146 3113 3200 τῶν
3145 3144 3386 3215 σημείων
3405 3146 3500 3213 τὴν
3521 3141 3740 3209 γνῶσιν,
3760 3143 3933 3211 ἤγαγε

2361 3246 2497 3317 πρὸς
2524 3244 2589 3297 τά
2614 3244 2745 3311 ἀγια
2779 3239 2945 3293 αὑτοῦ
3000 3238 3119 3308 ίχνη
3176 3233 3457 3305 εὖφρονῶν
3498 3234 3638 3303 μετά
3668 3233 3731 3287 τὸ
3760 3232 3936 3302 ἐξορι-

2365 3337 2559 3404 σθῆναι
2585 3335 2752 3403 ὴμᾶς.
2778 3332 2885 3384 Καὶ
2914 3328 3021 3397 γάρ
3049 3330 3164 3380 ἐστι
3199 3325 3373 3395 στόμα
3426 3323 3528 3393 τῆς
3558 3320 3937 3382 ταπεινώσεως

2364 3428 2542 3497 ἡμῶν,
2581 3425 2676 3477 καὶ
2710 3422 2869 3490 λόγος
2892 3418 3315 3490 ἐξερευγόμενος
3342 3415 3443 3485 τῆς
3488 3414 3716 3485 καρδίας
3749 3412 3931 3483 ἡμῶν.

2364 3518 2477 3572 Καὶ
2508 3518 2664 3587 μήτοι
2692 3530 2756 3583 γε
2784 3511 3045 3566 ὑπολάϐοι
3063 3512 3097 3581 ἡ
3127 3509 3261 3578 ἁγία
3286 3525 3378 3562 σου
3398 3508 3541 3577 ψυχὴ
3564 3505 3859 3559 σκάνδαλον
3881 3505 3937 3556 ὲν

2365 3609 2442 3680 τῷ
2477 3606 2745 3676 συνδούλῳ
2774 3604 2930 3677 ὴμῶν
2964 3604 3079 3657 ὁντι
3112 3600 3423 3669 πιστοτάτῳ
3460 3596 3601 3651 κατά
3629 3596 3837 3649 πάντα.
3880 3594 3937 3647 Ὀ

2367 3698 2594 3768 ἀδελφὸς
2651 3696 2808 3767 ἡμῶν
2864 3694 2963 3750 καὶ
3019 3691 3447 3765 ἀρχιεπίσκοπος
3512 3684 3935 3753 Θεσσαλονίκης.

2370 3785 2587 3849 ὑπτίαις
2607 3784 2831 3855 καρδίας
2860 3782 3019 3853 χερσὶ
3052 3782 3146 3835 καὶ
3173 3778 3390 3843 ἐδέξατο
3418 3776 3517 3845 τὴν
3546 3775 3647 3845 τῆς
3671 3774 3938 3844 μακαριό-

2368 3879 2528 3949 τητός
2563 3896 2657 3931 σου
2692 3874 3086 3947 προσηγορίαν,
3117 3873 3212 3927 καὶ
3244 3872 3311 3925 δι’
3343 3871 3500 3942 ἡμῶν
3545 3869 3937 3941 προσκυνητῶς

2372 3968 2860 4038 κατασπαζόμενός
2890 3970 3007 4020 εστι
3029 3966 3129 4036 τὴν
3157 3965 3459 4035 ἱερωτάτην
3500 3980 3593 4017 σου
3631 3964 3904 4033 κορυφήν.

2593 4061 2717 4115 ΛΕ’.
2742 4090 2805 4100 ——
2833 4058 3128 4122 Βασιλείφ
3156 4056 3484 4126 ἡγουμένῳ.
3519 4052 3674 4125 [ος-’.1

690 4151 984 4205 Theodorus
1026 4167 1117 4203 suo
1156 4160 1208 4205 et
1248 4153 1466 4204 Platonis
1510 4153 1707 4205 nomine
1749 4156 2137 4277 Μήλιαι-(ἓως
2184 4156 2263 4206 Ba:

2044 4232 2182 4268 aron.
2213 4233 2263 4267 an

2363 4170 2438 4267 £19,
2470 4159 2527 4205 ut
2552 4155 2819 4277 ggqjuncta
2839 4166 2949 4202 cum
2985 4149 3110 4215 ipsis
3146 4150 3312 4200 studio
3362 4144 3613 4197 haereticis
3633 4158 3689 4195 se
3709 4150 3936 4207 opponat.

2363 4223 2367 4236 ’
2434 4256 2446 4277 ,
2474 4232 2526 4266 n.
2619 4252 2630 4263 .

2044 4232 2182 4268 aron.
2213 4233 2293 4267 an.
2338 4232 2446 4278 δυυ,
2474 4232 2526 4266 n.
2552 4232 2630 4265 2:).

692 4302 894 4357 Basilio
946 4303 1337 4372 religiosissima
1393 4302 1669 4371 praeposito
1732 4312 1779 4356 et
1825 4304 2261 4358 archimandrin

765 4396 960 4457 Romae,
992 4395 1145 4449 Plato
1187 4395 1397 4448 humilis
1438 4394 1705 4459 inclusus,
1740 4404 1787 4449 et
1828 4394 2119 4450 Theodorus
2161 4397 2265 4450 mi-

766 4489 938 4541 nimus
971 4490 1239 4557 presbyter
1291 4497 1338 4541 et
1382 4488 1693 4555 prmposilus
1751 4486 2065 4542 Studiensis.

799 4662 1031 4719 Litteras
1052 4672 1294 4734 paternae
1322 4660 1627 4717 sanctitatis
1659 4670 1762 4716 tua:
1817 4676 1925 4716 non
1955 4661 2115 4715 aliter
2144 4659 2250 4715 hu-

2364 4302 2659 4363 Βασιλείῳ
2698 4296 2777 4363 τῷ
2816 4294 3234 4361 εὐλαϐεστάτῳ
3278 4289 3592 4361 ἡγουμένῳ
3634 4287 3735 4342 καί
3773 4287 3936 4355 ἀρχι-

2429 4392 2724 4464 μανδρίτῃ
2775 4389 3043 4459 Ῥώμης.
3102 4386 3349 4439 Πλάτων
3393 4382 3672 4446 ταπεινὸς
3714 4380 3939 4449 ἐγκλει-

2436 4484 2716 4551 στος,καὶ
2743 4481 3041 4549 Θεόδωρος
3068 4478 3389 4547 ἐλάχιστος
3412 4474 3820 4545 πρεσϐύτερος
3842 4471 3936 4525 καί

2440 4575 2773 4643 ἡγούμενος
2801 4570 2920 4625 τῶν
2956 4568 3265 4625 Στουδίου.

2424 4664 2610 4730 Οὕτως
2622 4658 3034 4734 άπεκαραδοκοῦ
3044 4675 3142 4732 μεν
3165 4659 3214 4713 οί
3234 4655 3477 4712 ταπεινοὶ
3495 4652 3749 4721 δέξασθαι
3760 4667 3938 4731 ’γραμο

694 4754 849 4811 miles
877 4754 1345 4824 exspectabamus.
1404 4766 1564 4823 quam
1602 4762 1740 4807 terra
1771 4752 1962 4808 sitiens
2045 4752 2263 4807 imbrem

2379 4774 2524 4828 ματα
2550 4757 2648 4827 τῆς
2676 4754 2949 4826 πατρικῆς
2978 4766 3070 4807 σου
3100 4747 3397 4822 ὁσιότητος,
3425 4749 3501 4812 ὡς
3527 4744 3601 4817 γῆ
3619 4748 3831 4818 διψῶσα
3851 4749 3936 4801 τὸν

697 4863 874 4903 suum.
906 4846 975 4901 Et
1035 4855 1319 4916 postquam
1372 4861 1467 4914 spe
1516 4853 1699 4898 nostra
1750 4843 1991 4899 frustrati
2057 4860 2267 4911 sumus,

697 4939 988 5003 doluimus,
1033 4948 1091 4991 ut
1131 4954 1226 5007 par
1279 4947 1413 4999 erat,
1442 4937 1815 4991 vehementer.
1861 4936 2117 4989 Attamen
2142 4951 2267 4992 cum

2374 4847 2577 4919 ἑαυτῆς
2608 4844 2785 4902 ὑετόν.
2817 4847 2928 4901 Καὶ
2953 4844 3144 4914 ἐπειδὴ
3178 4837 3520 4912 ἀπετύχομεν
3566 4840 3665 4910 τῆς
3694 4840 3933 4903 ἐλπίδος.

2367 4938 2688 5009 ὴλγήσαμεν
2710 4976 2725 4999 ,
2754 4933 2829 5000 ὡς
2861 4936 2922 4989 τὸ
2954 4936 3128 4998 είκόςο
3170 4936 3320 5005 ὅμως
3350 4929 3610 5003 μαθόντες
3632 4930 3731 5001 τὴν
3759 4932 3935 4984 αἰτίαν

699 5047 766 5085 ex
790 5027 1093 5099 Epiphanio
1124 5026 1478 5081 dilectissimo
1533 5035 1588 5081 et
1630 5025 1889 5080 fidissimo
1922 5024 2029 5078 illia
2080 5036 2263 5080 nostra

2367 5032 2518 5102 παρὰ
2546 5028 2875 5099 Ἐπιφανίου
2926 5024 3023 5080 τοῦ
3060 5018 3442 5079 ποθεινοτάτου
3491 5023 3585 5075 καὶ
3614 5021 3933 5074 πιστοτάτου

698 5138 917 5178 causam
944 5120 1405 5193 cognovissemus,
1441 5120 1583 5190 quod
1636 5120 1895 5173 nimirum
1949 5128 2167 5174 coactus
2216 5120 2267 5174 id

698 5214 947 5279 fecisses,
976 5227 1084 5267 non
1118 5218 1430 5279 contemptu
1470 5210 1649 5281 aliquo
1676 5220 1921 5265 nostrum
1960 5210 2051 5279 qui
2092 5225 2264 5279 quan-

701 5303 904 5359 tumvis
947 5302 1215 5367 tenuinm,
1283 5301 1539 5370 pietatem
1589 5311 1733 5356 tuam
1789 5301 2139 5355 nihilominus
2164 5301 2263 5355 ob-

698 5407 979 5449 servamus
1004 5410 1017 5445 :
1048 5392 1213 5446 animi
1237 5390 1476 5445 dolorem
1494 5392 1866 5456 abstersimus,
1892 5407 2265 5461 summamque

699 5485 936 5543 laetitiam
966 5466 1353 5555 percepimus;
1391 5482 1741 5537 llenuntiavit
1797 5482 1941 5537 enim
1982 5482 2156 5546 nobis,
2212 5492 2264 5537 te

699 5578 949 5633 eumdem
975 5591 1113 5640 esse,
1150 5574 1239 5645 qui
1268 5590 1393 5646 erga
1424 5590 1524 5630 nos
1546 5590 1762 5645 semper
1804 5573 2020 5638 fuisses,
2062 5573 2260 5629 allectu

698 5680 753 5724 et
792 5667 1055 5724 charitatc
1087 5666 1252 5737 ;quin
1285 5667 1463 5737 potius
1504 5682 1610 5721 non
1662 5681 1851 5736 parum
1881 5665 2140 5721 bonitatis
2164 5664 2262 5721 ad-

771 5780 815 5811 ³⁸
861 5778 978 5832 \‘id.
1016 5778 1155 5834 infra
1194 5779 1247 5835 in
1277 5778 1547 5837 Theodori
1582 5779 1809 5835 Tcstam.
1845 5795 1993 5835 num.
2029 5778 2083 5832 4.

2366 5121 2528 5192 ἡμῶν
2552 5118 2693 5184 υίοῦ,
2721 5120 2803 5174 ὄτι
2828 5115 2889 5183 ἐξ
2924 5116 3245 5187 ἀναγκαίου,
3290 5115 3385 5170 καὶ
3441 5114 3542 5168 οὐκ
3567 5114 3631 5167 ἐκ
3659 5129 3928 5183 καταφρο·

2369 5214 2577 5281 νησεως
2632 5212 2792 5283 ήμῶν
2824 5210 2931 5265 τῶν
2978 5210 3210 5263 εὐτελῶν
3243 5209 3339 5263 καὶ
3387 5208 3508 5262 λίαν
3549 5206 3795 5278 ἐραστῶν
3842 5206 3931 5274 τῆς

2372 5305 2674 5375 θεοφιλείας
2707 5319 2831 5357 σου·
2863 5300 3231 5373 μετεϐάλομεν
3255 5300 3315 5353 τὸ
3346 5299 3507 5367 ἀλγος
3541 5298 3640 5367 τῆς
3688 5296 3929 5366 καρδίας,

2370 5396 2544 5468 χαρὰν
2577 5393 3055 5467 προσκτησάμενοι
3077 5392 3461 5461 ίκανουμένην.
3488 5386 3808 5457 Ἀνήγγειλε
3830 5387 3929 5455 γάρ

2371 5488 2501 5557 ἡμῖν
2530 5488 2619 5539 τὸν
2654 5486 2815 5541 αὐτὸν
2846 5484 3123 5556 διαμένειν
3141 5484 3199 5537 ὲν
3236 5486 3301 5553 τῇ
3336 5480 3471 5553 πρὸς
3507 5481 3655 5549 ἡμᾶς
3701 5478 3928 5531 διαθέσει

2368 5594 2428 5631 τε
2459 5579 2552 5631 καὶ
2582 5578 2771 5651 ἀγάπη
2793 5596 2805 5609 ·
2827 5580 2887 5632 οὐ
2921 5578 3028 5649 μὴν
3052 5576 3187 5630 ἀλλά
3220 5576 3314 5629 καὶ
3346 5570 3774 5643 προστιθέμενον
3800 5570 3927 5639 μάλ-

2369 5665 2461 5724 λον
2490 5669 2827 5741 άγαθότητος
2857 5667 3123 5730 ποικίλοις
3151 5665 3392 5738 τρόποις.
3418 5664 3529 5733 Τὴν
3562 5662 3621 5716 δὲ
3655 5658 3753 5714 τοῦ
3774 5659 3926 5732 ζήλον
