4158 6510
237 414 375 479 1029

1450 419 1990 480 EPISTULAHUM
2031 421 2176 483 LIB.
2211 424 2261 485 ῐ.

3327 419 3463 482 1030

228 530 332 597 τῆς
361 529 638 595 εὐσεϐείας
677 530 1026 587 διανάστασιν
1048 573 1061 599 ,
1123 530 1221 602 όση
1253 530 1370 586 ἐστὶ
1404 535 1472 603 τῇ
1523 532 1656 601 άγίᾳ
1705 548 1793 583 σου

1907 531 2105 599 iecisse
2147 534 2311 588 variis
2372 532 2565 587 modis.
2616 532 2725 586 Zeli
2762 547 2894 587 vero
2914 547 3076 602 quem
3138 547 3235 601 pro
3263 534 3464 601 pietate

227 620 397 690 ψυχῇ,
418 621 841 691 ἐξηγησάμενος,
868 623 1071 693 ῆχησεν
1094 622 1249 693 ἡμῶν
1275 623 1555 694 ἀμφότερα
1573 626 1639 676 τὰ
1658 618 1792 677 ὦτα.

228 711 345 763 Καὶ
367 710 654 781 εὐλογητὸς
696 712 900 784 Κύριος
930 713 1038 767 τῶν
1074 713 1376 784 δυνάμεων,
1406 716 1434 767 6
1472 714 1700 785 θέμενός
1737 734 1795 769 σε

227 801 289 855 ὲν
335 805 401 873 τῇ
432 803 709 874 πρωτίστη
761 803 869 857 τῶν
904 805 1132 872 πόλεων,
1192 806 1455 875 φωστῆρα
1489 806 1795 877 θεολαμπῆ,

226 891 389 961 λόγον
418 892 563 962 ζωῆς
614 894 879 964 ἐπέχοντα
906 896 1251 967 ἀμφιλαφεία
1275 897 1381 950 τῶν
1406 898 1627 965 ἀγαθῶν
1653 900 1795 970 πρά-

230 981 369 1047 ξεων
425 985 453 1036 6
478 983 600 1046 δούς
626 1002 705 1037 σοι
730 986 981 1052 γλῶσσαν
1002 987 1563 1057 ἐλευθεροστομοῦσαν
1586 990 1654 1042 τά
1681 990 1799 1045 θεῖα

231 1073 333 1142 τῆς
362 1072 669 1143 όρθοδοξίας
684 1076 984 1145 διδάγματα
1015 1078 1152 1146 μετά
1189 1078 1391 1149 ὑψηλοῦ
1420 1080 1794 1151 κηρύγματος.

234 1162 332 1216 Ἐν
355 1159 400 1232 ᾧ
430 1166 525 1218 καὶ
566 1167 988 1237 παρακαλοῦμεν
1018 1168 1231 1239 βοηθεῖν
1260 1170 1325 1241 τῇ
1356 1171 1478 1224 καθ’
1510 1174 1655 1243 ἡμᾶς
1675 1175 1798 1227 Ἐκ-

234 1252 455 1323 κλησίᾳ,
478 1256 544 1324 τῇ
578 1272 636 1307 τε
669 1255 843 1325 οίκείᾳ
871 1257 1247 1328 κραταιότητι,
1280 1260 1375 1313 καὶ
1408 1264 1473 1332 τῇ
1521 1264 1659 1332 πρὸς
1706 1264 1795 1317 τὸν

228 1343 538 1411 ἁγιώτατον
562 1346 913 1399 ἀποστολικὺν
951 1349 1222 1419 μεσιτείᾳ.
1278 1349 1343 1404 Ἠ
1384 1353 1492 1423 γάρ
1520 1352 1674 1423 ὐμῶν
1700 1358 1795 1409 άν-

228 1433 393 1504 δρικὴ
417 1434 557 1505 ὑπὲρ
593 1434 688 1488 τοῦ
718 1436 876 1504 λόγου
905 1439 1004 1509 τῆς
1055 1439 1315 1510 ἀληθείας
1368 1442 1648 1515 ἐκδίκησις
1695 1446 1797 1516 τῆς

234 1523 329 1577 ὐπ’
364 1525 590 1595 οὐρανὸν
614 1527 711 1597 τῆς
733 1529 1061 1599 Ἐκκλησίας
1090 1533 1324 1605 ὑπάρχει
1358 1536 1648 1607 στερέωσις
1668 1552 1683 1566 ⁸
1704 1539 1798 1592 καὶ

232 1617 263 1668 6
292 1615 384 1684 ἀφ’
416 1616 569 1687 ὐμῶν
604 1617 798 1690 ζῆλος,
848 1621 1108 1677 ἀνάπτειν
1166 1626 1410 1695 πέφυκεν
1452 1629 1539 1682 ἀεὶ¹
1582 1628 1798 1685 ἅπασαν

232 1706 333 1776 τὴν
360 1709 685 1781 οἰκουμένην
709 1712 788 1775 εἰς
823 1714 920 1783 τὴν
939 1715 1200 1787 διάπυρον
1250 1720 1309 1772 ἐν
1341 1720 1617 1791 Πνεύματι
1658 1723 1798 1793 ἁγίῳ

231 1798 336 1866 τῆς
368 1798 602 1862 πίστεως
626 1801 783 1870 ἡμῶν
813 1805 1121 1873 ὁμολογίαν.
1147 1808 1306 1862 Ὥστε
1344 1810 1613 1875 είκαζέτω
1641 1829 1736 1866 σου
1762 1814 1796 1883 ὴ

234 1886 535 1955 θεοσέδεια,
564 1890 685 1953 ὅσος
712 1893 740 1944 6
767 1892 920 1960 λόγος
947 1897 1076 1966 ὑμῖν
1102 1898 1193 1951 τοῦ
1234 1900 1332 1969 τῆς
1360 1900 1641 1965 εὐσεϐείας
1663 1905 1799 1974 κρά-

236 1994 391 2041 τους’
439 1982 534 2033 καὶ
582 1981 776 2044 ὁπόσος
828 1987 856 2035 6
904 1985 1122 2051 ἔπαινος
1164 1989 1273 2041 ἀπὸ
1320 1990 1455 2044 Θεοῦ
1498 1994 1638 2061 μετά
1688 1994 1799 2048 τῶν

232 2067 401 2133 ἀξίων
429 2070 671 2141 ἀμοιὸῶν
703 2076 762 2126 ἐν
782 2078 844 2146 τῇ
875 2077 1077 2148 ταῦτης
1111 2079 1324 2152 φυλακῇ
1351 2082 1445 2135 καὶ
1474 2084 1794 2158 ἀναῤῥήσει·

234 2158 303 2226 ἣν
336 2159 431 2212 καὶ
453 2160 768 2228 φυλάττοιτε
793 2164 882 2215 καὶ
908 2165 1202 2235 κηρύσσειν
1229 2169 1289 2221 οὐ
1310 2169 1549 2241 λήγοιτε,
1573 2175 1623 2227 oi
1654 2174 1793 2229 θειό-

232 2263 391 2301 τατοι
422 2251 514 2303 καὶ
529 2251 847 2321 ἀξιάγαστοι
877 2254 908 2323 ἡ
918 2255 1032 2322 μῶν
1055 2257 1316 2331 Πατέρες.

308 2334 384 2394 Οὐ
406 2341 461 2394 δὲ
494 2345 653 2415 χάριν
683 2347 1085 2419 ἀπεστείλαμεν
1122 2354 1285 2408 πάλιν
1315 2355 1406 2409 τὸν
1452 2356 1676 2425 ἀδελφὸν
1705 2359 1799 2413 καὶ

232 2436 616 2507 προσκυνητὴν
669 2437 776 2489 τῶν
828 2439 987 2509 ίχνῶν
1055 2460 1149 2497 σου
1188 2445 1520 2515 Ἐπιφάνιον,
1580 2449 1646 2503 ἵν’
1680 2452 1801 2504 άντ-

233 2526 528 2597 αναγγείλῃ
560 2530 587 2581 6
610 2529 772 2594 αὐτὸς
827 2533 895 2587 τὰ
946 2535 1068 2588 καθ’
1104 2538 1279 2606 ἡμᾶς·
1323 2541 1398 2601 ὡς
1435 2541 1619 2609 εὐχαῖς
1648 2541 1798 2611 ὐμῶν

234 2613 419 2680 άγίαις
457 2612 515 2668 εὖ
570 2616 683 2687 ἔχει
705 2635 719 2648 ⁸
755 2625 1094 2695 χαιρομένων
1134 2627 1292 2696 ἡμῶν
1322 2628 1429 2681 τῶν
1463 2631 1799 2700 ἁμαρτωλῶν

233 2704 330 2757 καὶ
361 2705 741 2777 θυμηδιὼντων
769 2714 827 2766 ἑν
851 2715 927 2784 τῷ
960 2716 1204 2787 διωγμῷ,
1232 2719 1324 2772 καὶ
1348 2723 1467 2784 ταῖς
1497 2721 1762 2789 φυλακαῖς
1779 2738 1795 2754 ⁸

232 2792 308 2856 ὡς
335 2795 539 2868 τολμᾷν
590 2798 798 2868 λέγειν’
859 2806 1024 2875 Ἦμῖν
1077 2809 1342 2881 ἐχαρίσθη
1393 2812 1454 2864 οὐ
1513 2814 1676 2882 μόνον
1718 2815 1798 2877 είς

232 2884 465 2953 Χριστὸν
495 2890 788 2959 πιστεύειν,
820 2896 953 2951 ἀλλά
983 2900 1160 2953 καὶτὸ
1185 2901 1322 2973 ὑπὲρ
1349 2903 1513 2957 αὐτοῦ
1546 2906 1795 2975 πάσχεινο

242 2976 334 3069 ίναΔ
356 2977 436 3041 είς
462 2980 851 3056 ἐκτενεστέραν
897 2989 1042 3059 ὑμᾶς
1073 2994 1381 3065 προσευχὴν
1411 3000 1760 3069 παρακινήσῃ
1779 3013 1794 3029 ⁸

233 3066 376 3137 ὐπέρ
402 3085 463 3161 τε
486 3072 643 3142 ήμῶν
661 3076 771 3130 τῶν
794 3078 1035 3135 ἀσθενῶν
1061 3082 1363 3155 εὐανδρίας,
1398 3066 1501 3140 καί
1520 3089 1614 3141 τοῦ
1642 3066 1795 3161 κοινῇ

232 3160 623 3252 συμφέροντος,
663 3168 804 3242 ὑπὲρ
841 3166 901 3227 οὗ
929 3174 956 3227 6
984 3174 1141 3244 λόγος
1169 3178 1320 3248 ἡμῖν,
1356 3179 1452 3231 καὶ
1482 3183 1619 3252 πρὸς
1646 3160 1789 3252 ὑμᾶς

229 3251 359 3313 τοὺς
389 3251 721 3322 ἀγιωτάτους
746 3260 928 3329 δέησις
962 3266 1080 3335 τρὶς
1105 3267 1229 3337 ἄρτι
1268 3269 1552 3341 γινομένη·
1587 3251 1691 3342 οὐχ
1705 3273 1792 3327 ἵνα

231 3342 527 3435 ἀφεθῶμεν
560 3348 660 3417 τῆς
686 3351 929 3424 φυλακῆς
950 3372 962 3385 ·
992 3355 1075 3408 ὅτι
1114 3358 1249 3428 μηδὲ
1275 3358 1599 3430 λογιζόμεθα
1624 3364 1792 3435 αὐτὴν

231 3434 475 3502 ἀδοξίαν⁸
506 3436 644 3493 ἀλλά
667 3441 922 3511 μέγιστον
949 3446 1046 3499 καὶ
1075 3447 1215 3519 ὐπὲρ
1239 3451 1341 3521 τὴν
1367 3453 1638 3525 ἡμετέραν
1668 3434 1790 3509 ἀνα-

229 3525 454 3619 ξιότητα
484 3530 667 3594 κλέος’
695 3534 810 3587 ἀλλ’
842 3535 990 3601 ὅπως
1039 3536 1148 3604 ἔξει
1181 3540 1242 3594 τὸ
1266 3543 1545 3612 ὲπωφελὲς
1610 3549 1667 3601 ἐν
1713 3549 1793 3619 τῷ

230 3618 424 3710 κρινῶ,
447 3622 549 3710 κάν
570 3624 679 3676 τῶν
699 3626 941 3696 ἐσχάτων
983 3631 1170 3699 ἐσμέν.
1213 3633 1491 3706 Πανταχοῦ
1525 3638 1651 3708 γάρ,
1695 3618 1791 3710 φηο

234 3706 318 3758 σιν
342 3708 371 3759 6
396 3707 672 3779 Οεολόγος.
695 3713 756 3765 τὸ
784 3714 904 3766 καθ’
934 3715 1161 3779 ἑαυτοὺς
1205 3722 1542 3790 παρορατέον
1572 3706 1791 3794 πρὸς-τὸ

230 3797 342 3850 τῶν
376 3800 586 3854 πολὶῶν
641 3802 938 3873 συμφέρον.
990 3805 1277 3877 Συμφέρον
1326 3808 1371 3861 δ’
1399 3811 1465 3863 ἂν
1508 3813 1614 3883 εἴη,
1658 3813 1733 3879 ὡς
1762 3817 1790 3868 6

226 3888 497 3959 ἡμέτερος
528 3892 725 3954 σκοπὸς
744 3894 837 3945 καὶ
860 3894 1045 3961 πόθος,
1082 3898 1471 3972 ὲπιτιμηθῆνάι
1498 3905 1790 3971 συνοδικῶς

229 3980 319 4034 διά
348 3980 439 4034 τοῦ
467 3984 890 4053 κορυφαιοτάτου
919 3990 1300 4061 άποστολικοῦ,
1336 3994 1526 4068 ὥσπερ
1560 4000 1653 4051 ἐπὶ
1681 4000 1791 4054 τῶν

231 4073 439 4126 ἀνωθεν
469 4076 561 4129 καὶ
582 4078 639 4142 ἐξ
671 4079 864 4149 ἀρχῆς,
890 4084 1013 4146 τοὺς
1035 4086 1493 4157 συνεδρεύσαντας
1527 4093 1666 4145 κατά
1694 4093 1787 4146 τοῦ

231 4162 571 4232 Εὐαγγελίου
600 4167 692 4221 τοῦ
720 4169 975 4237 Χριστοῦ,
1013 4174 1106 4227 καὶ
1138 4175 1639 4246 ἀναθεματίσαντας
1663 4180 1791 4244 τούς

230 4254 622 4326 ἀντεχομένους
642 4259 806 4315 αὐτοῦ
828 4278 842 4292 ·
880 4262 970 4315 καὶ
1005 4264 1082 4335 μὴ
1110 4266 1209 4336 τὴν
1241 4268 1511 4337 μοιχείαν,
1549 4271 1642 4322 καὶ
1677 4287 1790 4340 μοι·

230 4344 534 4413 χοζευξίαν,
570 4348 663 4402 καὶ
700 4353 1197 4425 μοιχοσυνδρομίαν,
1220 4356 1545 4427 δεξαμένους
1596 4360 1673 4423 ὡς
1720 4363 1789 4414 οἰ-

228 4437 490 4508 κονομίαν
530 4440 640 4495 τῶν
691 4441 884 4511 ἀγίων,
916 4446 1059 4517 καθά
1085 4449 1132 4501 οἱ
1167 4450 1479 4520 Μοιχειανοὶ
1510 4452 1788 4523 ἐδογμάτι-

1898 626 2059 693 geris,
2101 634 2299 694 quanta
2337 624 2418 677 vis
2457 633 2511 677 et
2535 623 2832 677 constantia
2862 631 3063 676 sancta:
3115 621 3309 675 animm
3357 631 3461 674 litae

1899 714 1988 781 sit,
2019 729 2467 775 commemorans,
2492 713 2676 767 ambas
2712 713 2866 767 nobis
2913 727 3073 767 aures
3108 712 3366 781 implevit.
3397 713 3465 766 Et

1900 804 2214 859 benedictus
2254 804 2599 859 sitDominus
2656 804 2934 867 virtutum,
2965 803 3053 872 qui
3106 812 3157 856 te
3187 804 3239 855 in
3288 802 3460 871 prima

1899 895 2138 949 omnium
2169 895 2385 949 civitate
2410 893 2692 949 collocavit
2738 894 2919 947 lumen
2978 890 3238 947 divinitus
3268 908 3461 947 accen-

1899 1003 2042 1048 sum,
2084 988 2308 1042 verbum
2352 987 2475 1042 vita:
2509 986 2869 1056 proferentem
2927 985 3188 1039 bonorum
3235 1000 3458 1053 operum

1899 1079 2269 1144 abundantia;
2320 1079 2411 1148 qui
2479 1078 2712 1148 linguam
2763 1078 2859 1131 tibi
2916 1077 3064 1131 dedit
3106 1076 3289 1130 divina
3335 1075 3458 1129 ﬁdei

1899 1172 2210 1225 orthodoxa:
2255 1171 2577 1224 documenta
2627 1170 2791 1223 libere
2825 1169 3077 1237 celsoque
3129 1167 3309 1221 animo
3351 1168 3461 1221 elo-

1898 1271 2175 1327 quentem.
2200 1260 2257 1315 In
2286 1276 2392 1331 quo
2421 1270 2475 1314 et
2506 1269 2555 1314 te
2591 1260 2945 1321 obtestamur.
2965 1274 3122 1327 opem
3172 1258 3313 1312 ferre
3358 1257 3458 1309 Ee-

1899 1351 2078 1407 clesize
2140 1364 2362 1415 nostrae,
2425 1362 2537 1405 tum
2598 1359 2783 1420 tuopte
2863 1351 3077 1415 robore,
3145 1360 3256 1403 tum
3313 1348 3456 1416 apud

1897 1443 2296 1498 sanctissimum
2368 1441 2715 1511 apostolicum
2791 1438 3191 1495 intercedendo.
3241 1438 3453 1491 Etenim

1897 1532 2066 1586 virilis
2084 1541 2258 1584 vestra
2293 1545 2387 1599 pro
2416 1531 2639 1583 veritate
2674 1530 3027 1592 concertatio,
3052 1528 3313 1582 universas
3337 1543 3458 1596 qua:

1899 1624 2000 1679 sub
2055 1624 2191 1678 caelo
2251 1631 2335 1677 est
2382 1621 2633 1676 Ecclesia:
2681 1620 3076 1675 ﬁrmamentum
3118 1630 3239 1674 est:
3270 1630 3324 1674 et
3367 1620 3460 1688 qui

1899 1732 1929 1769 a
1957 1716 2107 1769 vobis
2136 1715 2307 1768 oritur
2335 1715 2503 1776 zelus,
2535 1728 2749 1781 semper
2774 1720 2941 1766 totum
2995 1713 3180 1766 orbem
3208 1712 3343 1765 solet
3395 1712 3462 1765 ad

1900 1807 2195 1861 ferventem
2227 1806 2280 1859 in
2314 1803 2531 1875 Spiritu
2560 1813 2749 1858 sancto
2783 1804 2902 1858 ﬁdei
2943 1816 3141 1858 nostra:
3164 1803 3463 1858 confessio-

1900 1912 2020 1951 nem
2049 1897 2363 1951 accendere.
2394 1897 2570 1961 Quare
2599 1894 2849 1963 conjiciat
2873 1895 3057 1964 religio
3102 1904 3212 1957 tua,
3261 1902 3460 1964 quanta

1899 1988 2053 2043 vobis
2090 2003 2249 2043 causa
2279 1986 2401 2043 ﬁdei
2434 1988 2668 2053 tuendae,
2700 1996 2756 2043 et
2780 1996 2980 2057 quanta
3004 1987 3119 2041 laus
3147 2001 3175 2039 a
3209 1987 3314 2039 [leo
3338 1999 3460 2039 cum

1897 2079 2092 2135 debitis
2136 2080 2372 2149 praemiis
2412 2094 2507 2134 vos
2531 2089 2744 2134 maneat
2797 2079 2938 2132 illam
2994 2078 3365 2132 conservando
3403 2083 3461 2129 et

1898 2172 2219 2241 proﬁtendo,
2252 2186 2410 2241 quam
2435 2186 2650 2240 semper
2676 2170 3027 2233 conservetis,
3054 2178 3107 2222 et
3137 2170 3460 2222 annuntiare

1897 2278 2004 2320 non
2030 2263 2272 2327 cessetis,
2299 2263 2619 2317 divinissimi
2647 2270 2702 2316 et
2729 2260 3029 2316 admirandi
3054 2260 3237 2313 Patres
3264 2259 3458 2314 nostri.

2003 2354 2298 2424 Propterea
2347 2363 2526 2409 autem
2598 2354 2846 2408 misimus
2902 2354 3096 2407 iterum
3140 2352 3354 2406 fratrem
3405 2359 3460 2406 et

1900 2446 2243 2516 vestigiorum
2288 2455 2502 2500 tuorum
2552 2460 2919 2500 veneratorem
2972 2443 3353 2513 Epiphanium,
3400 2452 3461 2496 ut

1898 2538 2173 2591 renuntiet
2219 2537 2332 2606 ipse
2381 2536 2449 2591 de
2502 2536 2663 2591 rebus
2731 2535 2952 2595 nostris.
3007 2533 3456 2603 quemadmodum

1897 2630 2102 2684 sanctis
2156 2629 2411 2698 precibus
2474 2628 2671 2682 vestris
2736 2636 2881 2682 recte
2942 2626 3174 2680 habeant
3228 2625 3455 2679 omnia:

1898 2721 2254 2792 gaudentibus
2281 2721 2438 2774 nobis
2460 2719 2853 2789 peccatoribus,
2896 2727 2951 2772 et
2981 2717 3376 2772 exsultantibus
3400 2716 3455 2768 in

1897 2812 2271 2882 persecutione
2298 2821 2351 2866 et
2386 2811 2439 2864 in
2471 2810 2803 2874 carceribus,
2839 2810 2909 2863 ita
2936 2818 2996 2863 ut
3030 2809 3210 2863 dicere
3256 2808 3455 2862 audea-

1898 2918 2059 2956 mus:
2109 2901 2277 2956 Nobis
2315 2902 2500 2956 datum
2556 2909 2641 2955 est
2716 2915 2826 2954 non
2858 2900 3031 2953 solum
3104 2898 3330 2952 credere
3399 2898 3455 2951 in

1898 2996 2194 3060 Christum,
2216 3010 2404 3049 verum
2451 2995 2614 3049 etiam
2657 3008 2756 3063 pro
2785 2994 2904 3063 ipso
2933 2992 3039 3061 pati
3064 2992 3137 3045 “:
3172 3000 3231 3044 ut
3261 2990 3458 3044 excitet

1897 3105 1994 3144 vos
2021 3090 2087 3144 ad
2113 3089 2325 3144 enixius
2348 3089 2636 3150 orandum,
2664 3098 2719 3143 et
2768 3105 2866 3158 pro
2914 3086 3298 3143 imbecillitatis
3352 3102 3456 3140 no-

1820 3178 1865 3241 C
1897 3186 2022 3232 strae
2088 3178 2428 3241 fortitudine,
2469 3188 2524 3232 et
2596 3191 2693 3247 pro
2742 3175 3017 3231 communi
3058 3175 3306 3239 utilitate,
3359 3189 3457 3243 pro

1895 3285 2000 3339 qua
2048 3270 2205 3324 nobis
2246 3284 2425 3323 sermo
2455 3277 2537 3323 est
2569 3277 2661 3333 ;et
2701 3268 2768 3322 ad
2809 3283 2905 3322 vos
2929 3267 3297 3322 sanctissimos
3345 3275 3456 3319 ter-

1896 3362 1970 3417 tia
2022 3361 2133 3431 jam
2182 3361 2410 3431 repetita
2464 3358 2822 3429 deprecatio:
2862 3374 2970 3413 non
3014 3364 3073 3410 ut
3132 3372 3162 3411 e
3214 3357 3457 3411 custodia

1893 3452 2222 3518 liberemur;
2252 3451 2375 3522 quia
2408 3450 2546 3505 hanc
2572 3465 2679 3504 non
2720 3448 2967 3504 ducimus
3013 3446 3307 3510 infamiam,
3363 3448 3458 3501 sed

1892 3543 2181 3597 maximam
2222 3550 2279 3596 ut
2311 3557 2475 3611 supra
2522 3541 2712 3595 merita
2750 3549 2936 3595 nostra
2969 3539 3190 3610 gloriam
3221 3554 3236 3603 ;
3265 3552 3456 3591 verum

1893 3643 1952 3688 ut
1972 3633 2235 3689 redundet
2256 3633 2455 3687 utilitas
2475 3632 2528 3686 in
2552 3646 2860 3695 commune,
2912 3630 3126 3685 tametsi
3171 3645 3235 3684 ex
3259 3629 3458 3683 inﬁmis

1891 3728 2080 3782 simus.
2149 3728 2375 3798 Semper
2430 3726 2594 3789 enim,
2652 3726 2727 3779 ait
2787 3723 3126 3793 Theologus,
3192 3721 3455 3793 privatum

1892 3819 2235 3873 commodum
2282 3817 2648 3888 spernendum
2681 3830 2792 3885 prae
2850 3814 3082 3868 utilitate
3138 3813 3454 3867 multorum.

1890 3911 2033 3968 Utile
2062 3918 2242 3966 autem
2276 3911 2477 3976 fuerit,
2510 3910 2653 3980 quod
2688 3924 2857 3963 unum
2895 3915 2981 3963 est
3030 3906 3314 3964 consilium
3359 3922 3459 3960 no-

1890 4012 2061 4058 strum
2109 4012 2165 4058 et
2232 4003 2580 4065 desiderium,
2648 4001 2900 4071 synodice
2970 4016 3068 4070 per
3143 4015 3455 4069 supremum

1889 4094 2242 4164 apostolicum
2268 4136 2284 4161 ,
2338 4096 2480 4149 sicut
2533 4095 2600 4149 ab
2644 4093 2799 4147 initio
2861 4106 3078 4161 semper
3111 4090 3309 4145 factum
3350 4100 3453 4153 est.

1889 4185 2133 4240 damnari
2153 4200 2247 4239 eos
2276 4186 2366 4253 qui
2393 4194 2580 4240 contra
2622 4182 2971 4253 Evangelium
3000 4181 3201 4236 Christi
3254 4190 3454 4236 cretum
3512 4170 3518 4177 ’

1891 4272 2149 4339 inierunt,
2181 4281 2236 4328 et
2260 4274 2609 4327 anathemate
2659 4272 2981 4327 defensores
3018 4270 3163 4324 illius
3210 4269 3457 4339 appetie-

1891 4374 2055 4434 runt;
2118 4365 2262 4436 quod
2331 4365 2690 4429 adulterium,
2764 4370 2819 4418 et
2846 4360 3075 4416 adulteri
3118 4360 3449 4429 coniugium,

1889 4467 1944 4513 et
1977 4456 2222 4513 adulterii
2254 4457 2609 4527 patrocinium
2675 4471 2785 4510 non
2836 4453 3141 4523 receperint
3196 4460 3449 4523 tanquam

230 4543 353 4592 σαν,
384 4530 817 4595 ἀποκαλέσαντες
861 4535 917 4587 ἐν
947 4538 1118 4608 τούτῳ
1150 4542 1275 4602 τοὺς
1328 4541 1517 4610 ἁγίους
1554 4545 1787 4613 παρανόε

1893 4549 2347 4620 dispensationem
2384 4557 2694 4604 sanctorum
2722 4561 2736 4601 :
2777 4546 2917 4601 sicut
2941 4543 3223 4599 Mrecliiani
3247 4553 3451 4599 statue-

232 4638 399 4691 μους·
453 4622 537 4677 ὅτι
586 4624 773 4695 μηδεὶς
826 4626 978 4696 ἅγιος
1024 4630 1124 4700 τὴν
1174 4632 1369 4703 μερίδα
1405 4634 1545 4702 μενὶ
1593 4636 1784 4705 μοιχοῦ

226 4712 413 4767 ἔθετο⁸
443 4715 541 4785 οὐχ
558 4715 637 4770 ὅτι
660 4717 752 4770 καὶ
783 4720 1149 4788 μοιχωμένους
1176 4724 1540 4792 ἐστεφάνωσε,
1566 4727 1659 4779 καὶ
1692 4727 1789 4780 δώ-

235 4823 344 4873 ρων
376 4806 485 4859 τῶν
516 4807 673 4862 θείων
699 4810 1073 4879 μεταδέδωκεν
1093 4828 1106 4842 ⁸
1130 4815 1288 4869 ὁπότε
1325 4816 1444 4870 οὐδὲ
1473 4818 1673 4890 στέγης
1696 4821 1790 4874 καὶ

229 4897 403 4968 πυρὸς
437 4898 772 4967 μεταδιδόναι
811 4903 1012 4967 αὐτοῖς,
1047 4902 1148 4957 κᾶν
1178 4904 1412 4974 βασιλεῖς
1435 4902 1561 4973 εἷεν,
1600 4910 1787 4982 διηγο-

230 4989 484 5062 ρεύκασι.
509 4992 622 5044 Καὶ
636 4992 718 5045 ὅτι
757 4995 850 5046 καὶ
878 4995 1009 5048 αὐτὸ
1044 4996 1106 5049 τὸ
1135 4996 1289 5051 Θεῖον
1318 4998 1611 5070 ἐξύϐρισαν
1662 5006 1785 5068 ταῖς

228 5082 579 5147 στεφανικαῖς
615 5084 1042 5152 μυσταγωγίαις,
1093 5086 1473 5156 ἀνενεγκόντες
1507 5090 1569 5144 τὸ
1595 5093 1787 5148 ἀνάθε-

228 5184 305 5235 μα
330 5167 417 5218 ἐπ*
448 5168 600 5232 αὐτὸ,
634 5168 722 5222 διὰ
755 5172 853 5240 τῆς
881 5173 989 5225 τῶν
1044 5174 1416 5247 ἀντεχομένων
1466 5181 1558 5234 τοῦ
1610 5183 1778 5253 νόμου

226 5255 393 5310 αὐτοῦ
427 5258 884 5330 ἀναθεματίσεως.
920 5264 981 5317 Et
1010 5264 1064 5317 δέ
1094 5268 1250 5321 τοῦτο
1274 5267 1334 5321 οὓ
1355 5310 1370 5334 ,
1405 5272 1567 5341 ἡμεῖς
1599 5273 1661 5326 τὸ
1674 5273 1786 5327 λοι-

227 5347 330 5399 πὸν
355 5348 627 5418 εὐχόμεθα
657 5351 809 5421 ὑμῶν
850 5353 955 5406 τῶν
984 5357 1298 5427 προσευχῶν
1330 5359 1391 5411 τὸ
1414 5360 1621 5426 σθένος,
1675 5364 1785 5418 τῶν

226 5433 328 5505 τῆς
357 5435 578 5507 ἀγάπης
613 5438 827 5509 θεσμῶν
868 5442 925 5494 τὸ
959 5443 1144 5513 κῦρος,
1189 5446 1297 5501 τῶν
1326 5448 1675 5521 ἀντιγράφων
1728 5455 1788 5507 τὸ

227 5528 463 5597 κράτος⁶
523 5529 552 5581 ὃ
586 5531 803 5596 πάντως
838 5535 1275 5611 παρακληθείητε
1317 5542 1562 5611 ποιῆσαι,
1602 5561 1786 5615 παρα-

232 5617 563 5689 μυθούμενοι
611 5623 736 5686 τοὺς
782 5623 1131 5696 ὀλιγοψύχους
1208 5630 1299 5684 καὶ
1357 5632 1787 5704 ἐπιρῤωννύντες

304 5822 346 5850 ιι
376 5819 570 5889 Philip.
593 5835 629 5885 ι,
657 5822 750 5874 ea.

1893 4651 2058 4709 runt;
2104 4652 2417 4698 sanctorum
2468 4642 2524 4695 in
2557 4641 2648 4694 illo
2704 4655 2901 4694 nomen
2947 4639 3139 4692 dantes
3184 4638 3452 4709 iniustis;

1892 4734 2146 4803 quoniam
2171 4742 2480 4789 sanctorum
2503 4732 2685 4786 nullus
2707 4739 2911 4801 partem
2940 4729 3123 4799 posuit
3152 4746 3272 4783 cum
3299 4731 3453 4784 adul-

1894 4830 2048 4877 tero:
2084 4823 2281 4876 nedum
2322 4830 2376 4876 et
2407 4820 2685 4875 adulteros
2714 4819 3015 4883 coronavit,
3046 4828 3100 4874 et
3157 4818 3338 4874 divina
3375 4822 3453 4875 eis

1893 4914 2036 4970 dona
2084 4912 2344 4978 tradidit;
2374 4912 2592 4983 quando
2647 4926 2751 4966 nec
2779 4919 2925 4966 tecto
2984 4910 3231 4982 autigni,
3262 4927 3451 4981 quam-

1890 5007 1973 5061 vis
1999 5019 2149 5075 reges
2195 5013 2396 5067 essent,
2456 5003 2843 5072 impertiendos
2905 5004 3226 5059 docuerunt.
3313 5002 3449 5068 Quid

1887 5105 2065 5151 autem
2095 5096 2236 5165 quod
2312 5095 2476 5149 Deum
2533 5095 2708 5163 ipsum
2762 5093 3087 5147 contumelia
3147 5092 3452 5146 allec-erunt

1886 5189 2184 5244 coronariis
2218 5188 2323 5243 illis
2351 5185 2639 5257 mysteriis,
2677 5195 2734 5241 et
2754 5186 3039 5240 anathema
3065 5184 3117 5238 in
3152 5200 3274 5239 eum
3299 5185 3451 5238 dixe-

1888 5286 2032 5343 runt,
2086 5293 2179 5332 eos
2223 5278 2314 5347 qui
2370 5276 2542 5347 legem
2574 5276 2693 5345 ejus
2744 5274 3193 5345 prapugnabant,
3226 5276 3453 5328 anathe-

1888 5369 2207 5424 matizantes
2236 5369 2259 5422 ?
2290 5366 2446 5433 Quod
2489 5368 2534 5422 si
2576 5368 2688 5423 hac
2736 5383 2843 5423 non
2880 5366 3031 5429 ﬁant,
3094 5366 3330 5436 petimus
3384 5367 3451 5419 de

1891 5468 2087 5514 caetero
2104 5474 2323 5528 precum
2356 5471 2657 5514 vestrarum
2698 5458 2863 5513 robur
2886 5498 2901 5524 ,
2932 5457 3211 5513 charitatis
3250 5456 3448 5511 vinculi

1892 5551 2377 5618 conﬁrmationem,
2409 5554 2792 5623 rescriptorum
2858 5549 3230 5606 auctoritatem
3260 5568 3273 5603 :
3305 5548 3449 5617 quod

1893 5640 2115 5695 omnino
2160 5648 2415 5709 praestare
2446 5641 2761 5713 dignemini.
2794 5638 3124 5697 consolando
3168 5635 3451 5711 pusillani-
