4158 6464
706 362 836 430 1031

1884 370 1944 433 S.
1968 370 2361 433 THEODORI
2392 373 2739 436 STUDITE

3818 370 3943 435 1032

703 491 841 540 mes,
916 475 1214 532 imbecilles
1286 476 1713 542 corroborando,
1794 479 2121 536 sanctissimi
2217 489 2271 536 et

2381 482 2498 545 τοὺς
2528 483 2842 550 ἀνάλκιδας,
2898 485 3191 555 ἁγιώτατοι
3232 482 3389 556 ἡμῶν
3428 485 3522 537 καὶ
3580 482 3810 554 meum
3859 503 3927 538 κα

699 566 1087 623 desiderabiles
1118 573 1176 622 et
1217 580 1436 638 semper
1480 569 1774 625 venerandi
1837 568 2024 626 Patres
2075 571 2270 625 nostri.

790 700 1031 760 XXXVI.
1056 731 1121 743 —
1148 702 1484 774 Euprepiano
1515 717 1563 761 et
1596 708 1662 762 iis
1691 708 1780 778 qui
1806 725 1925 763 cum
1947 723 2007 763 eo
2035 717 2177 762 sunt.

2382 574 2731 629 ἀεισέδαστοι
2759 577 3021 648 Πατέρες.

2387 710 2525 778 Λςν.
2542 714 3019 781 -Εὐπρεπιανῷ
3037 712 3279 780 καὶτοῖς
3300 711 3423 767 σὺν
3446 710 3624 779 αὐτῷ.
3665 711 3833 786 [mh]

1089 816 1355 869 Confirmat
1376 818 1611 868 adversus
1632 817 1932 869 hereticos:
1958 831 2166 881 quorum
2196 817 2386 870 facinus
2406 820 2613 885 impium
2632 822 2887 875 describit.
2916 824 3115 887 (Baron.
3143 838 3203 873 an
3246 824 3360 887 809,
3382 838 3432 873 ιι.
3458 824 3539 873 28.

770 920 1072 976 Plurimum
1106 923 1343 991 conlido,
1388 922 1570 979 dilecti
1628 924 1745 986 lilii,
1807 940 1905 979 vos
1932 926 2095 981 vitam
2126 941 2285 999 agere

702 1014 1043 1083 tranquillam
1070 1023 1124 1069 et
1141 1017 1439 1071 secundum
1474 1016 1642 1071 Deum
1672 1017 2052 1087 compositam.
2087 1016 2277 1082 Quare

702 1107 768 1161 ad
793 1107 845 1160 id
882 1108 1026 1175 quod
1072 1117 1227 1177 urget
1251 1123 1560 1164 sermonem
1595 1118 1935 1165 convertam.
1995 1109 2279 1176 Quidnam

705 1195 848 1250 istud
876 1205 1060 1250 autem
1087 1196 1230 1252 Η]ὺὶ
1260 1214 1425 1267 prava
1449 1198 1664 1253 illorum
1701 1200 1951 1271 dogmata
2006 1201 2278 1272 patefece-

703 1286 895 1350 rimus,
949 1296 1237 1343 et-causas
1264 1290 1689 1355 ostenderimus,
1741 1300 1964 1361 propter
2011 1306 2146 1361 quas
2174 1306 2273 1346 nos

703 1394 827 1433 cum
861 1379 981 1433 aliis
1002 1380 1349 1436 anathemate
1383 1382 1748 1450 conﬁxeruut,
1800 1392 1913 1439 tum
1951 1386 2112 1455 plane
2135 1400 2273 1441 con-

702 1470 866 1525 stabit
894 1485 988 1524 eos
1017 1484 1127 1525 non
1154 1473 1429 1541 simplices
1451 1481 1660 1529 tantum
1699 1475 1979 1531 haereticos
2000 1492 2140 1544 esse,
2175 1477 2271 1532 sed

704 1577 734 1616 a
777 1562 867 1616 Dei
909 1562 1200 1635 Evangelia
1257 1574 1556 1635 apostatas,
1601 1576 1656 1622 et
1712 1569 2272 1623 excommunicatores

2455 928 2682 992 Εὓελπίς
2714 930 2850 998 είμι,
2886 928 3051 983 τέκνα
3099 929 3456 1001 ἡγαπημὲνα,
3494 927 3622 997 περὶ
3652 929 3751 997 τῆς
3802 930 3922 998 είρη

2380 1018 2536 1083 ναίας
2564 1021 2657 1073 καὶ
2685 1020 2975 1074 θεοτάκτου
3014 1019 3293 1090 διαγωγῆς
3331 1019 3505 1089 ὑμῶν.
3563 1019 3655 1071 Διὸ
3692 1018 3952 1087 μετελεύ-

2380 1126 2545 1180 σομαι
2574 1110 2666 1163 τὸν
2712 1109 2869 1179 λόγον
2896 1110 2992 1164 ἐπὶ
3042 1110 3103 1164 τὸ
3136 1113 3483 1178 κατεπεῖγον.
3536 1109 3600 1161 Τί
3642 1109 3701 1161 δὲ
3756 1109 3950 1173 τοῦτο;

2380 1199 2548 1253 Ὅταν
2602 1200 3039 1272 ἀνακαλύψωμεν
3092 1200 3163 1256 τά
3218 1201 3431 1269 πονηρά
3464 1200 3644 1253 αὐτῶν
3677 1200 3950 1269 δόγματα.

2370 1290 2471 1344 καὶ
2504 1289 2872 1360 ὑποδείξωμεν
2898 1290 2997 1355 τάς
3024 1290 3202 1354 αἰτίας
3232 1291 3301 1344 δι’
3331 1290 3400 1354 ἃς
3435 1290 3583 1360 ἡμᾶς
3618 1290 3952 1358 ἀνεθεμάτι-

2379 1398 2479 1435 σαν
2511 1382 2648 1452 μετά
2680 1381 2787 1435 τῶν
2811 1380 3005 1446 ἄλλων,
3034 1382 3382 1435 παντάπασιν
3406 1380 3826 1433 ἀποδείκνυνται
3855 1383 3951 1450 οὐχ

2376 1474 2639 1544 αἰρετικοὶ
2669 1473 2815 1543 ψιλοί
2850 1490 2989 1537 πως,
3014 1473 3129 1527 ἀλλ’
3161 1473 3466 1527 ἀποστάται
3497 1471 3591 1525 τοῦ
3614 1471 3949 1539 [εὐαγγελίου

2374 1565 2469 1619 τοῦ
2500 1564 2656 1629 Θεοῦ,
2713 1564 2824 1618 τῶν
2861 1582 2919 1618 τε
2970 1565 3142 1635 ἀγίων
3184 1564 3636 1635 ἀναθεματισταὶ,
3701 1566 3801 1617 καὶ
3843 1564 3952 1616 τῶν

703 1664 1038 1719 sanctorum,
1066 1666 1120 1709 et
1140 1671 1410 1711 canonum
1436 1672 1738 1714 eversores.
1776 1658 2016 1714 Primum
2050 1660 2269 1731 quidem

2381 1656 2621 1710 κανόνων
2658 1657 2973 1710 καταλυταί.
3028 1656 3101 1709 Τὸ
3147 1656 3395 1727 πρῶτον,
3432 1655 3949 1724 ἀντικαθιστάμενοι

700 1748 844 1817 quod
882 1758 936 1803 et
963 1746 1144 1803 Veteri
1186 1759 1241 1803 et
1267 1748 1417 1805 Novo
1458 1752 1831 1807 adversentur.
1881 1752 2001 1807 Non
2044 1754 2272 1807 macha-

704 1839 1007 1903 beris",ait
1032 1840 1115 1895 lex
1151 1858 1166 1895 :
1199 1840 1321 1895 Non
1342 1860 1574 1897 assumes
1606 1860 1790 1897 nomen
1811 1844 1905 1898 Dei
1921 1845 1974 1898 in
1994 1844 2269 1899 vanum".

709 1928 822 1984 Una
872 1930 956 1984 lea:
1014 1942 1121 1986 esto
1175 1932 1363 1987 Judao
1412 1944 1460 1987 et
1510 1935 1769 2004 proselyto
1796 1936 1861 1990 “.
1916 1936 2270 2006 Evangelium

705 2018 902 2075 deinde
936 2021 1049 2077 sive
1109 2021 1391 2077 Christus:
1432 2026 1693 2087 Audistis,
1742 2024 1941 2094 inquit,
1982 2026 2107 2095 quia
2161 2025 2275 2077 dic-

709 2120 820 2165 tum
848 2122 923 2167 est
948 2114 1179 2185 antiquis
1204 2131 1219 2168 :
1250 2114 1369 2169 Non
1397 2116 1751 2171 nuzchaberis.
1799 2116 1910 2186 Ego
1953 2126 2129 2171 autem
2161 2118 2275 2171 dico

700 2204 841 2259 vobis
856 2221 947 2259 nec
961 2210 1191 2274 aspicere
1210 2207 1484 2261 mulierem
1504 2209 1573 2261 ad
1588 2208 2051 2275 concupiscendum
2072 2225 2185 2261 eam
2205 2210 2273 2273 ",

708 2294 775 2348 Et
818 2312 832 2348 :
885 2292 987 2361 Qui
1016 2296 1226 2351 solverit
1263 2315 1424 2351 unum
1472 2300 1536 2352 de
1580 2300 1843 2352 mandatis
1878 2299 1989 2351 istis
2024 2299 2275 2360 minimis,

706 2387 792 2441 hic
844 2389 1088 2443 minimus
1138 2392 1409 2444 vocabitur
1480 2392 1537 2445 in
1582 2408 1739 2462 regno
1776 2392 2021 2445 calorum
2049 2393 2136 2456 ¹⁶;
2174 2393 2277 2446 hoc

705 2486 812 2541 est,
844 2477 897 2531 in
936 2479 1114 2550 ignem
1141 2518 1156 2543 ,
1191 2489 1250 2535 ut
1304 2483 1733 2551 interpretantur
1770 2481 1980 2547 Patres,
2015 2482 2276 2549 conjicie-

705 2575 816 2623 tur.
858 2567 925 2623 Hi
979 2585 1126 2632 vero,
1170 2585 1202 2624 ο
1227 2586 1339 2625 rem
1364 2573 1549 2626 auditu
1575 2573 1887 2628 horribilem
1921 2573 2280 2627 ladulterium

705 2675 737 2715 a
765 2659 883 2729 lege
901 2670 955 2715 et
979 2661 1151 2733 gratia
1184 2662 1404 2716 vetitum
1432 2664 1514 2717 vel
1538 2664 1653 2733 ipso
1704 2665 1983 2719 oculorum
2014 2664 2280 2719 desiderio

597 2755 601 2758 ’
710 2767 890 2821 tenus,
944 2759 1536 2829 transgressionemque
1582 2759 1819 2814 mandati
1890 2774 1999 2813 non
2070 2758 2277 2813 minimi

706 2847 847 2913 dico,
874 2848 967 2903 sed
1003 2849 1256 2912 maximi,
1291 2858 1346 2903 et
1378 2850 1521 2919 quod
1578 2853 1812 2921 primum
1834 2849 2037 2905 servari
2080 2850 2276 2916 debet;

704 2940 773 2993 ad
800 2939 933 3005 inec,
985 2940 1223 2994 nominis
1252 2940 1367 3007 Dei,
1401 2956 1511 2997 non
1548 2942 1603 2996 in
1641 2956 1799 3004 vano,
1830 2942 1924 2996 sed
1955 2942 2007 2995 in
2046 2956 2103 2995 re
2142 2941 2279 2995 adeo
2305 2980 2349 3037 ο

708 3031 888 3085 illicita
917 3042 969 3087 et
995 3030 1223 3096 nefaria,
1268 3032 1326 3087 in
1359 3032 1726 3087 adulterorum
1780 3032 1988 3086 scilicet
2014 3033 2279 3103 conjunc-

709 3122 877 3186 tione,
932 3122 1365 3193 usurpationetn,
1394 3121 1706 3192 Christique
1745 3122 2126 3192 mysteriorum
2178 3122 2281 3175 im-

707 3215 1087 3281 mutationem,
1158 3223 1213 3270 et
1268 3215 1545 3271 inimicam
1608 3215 1717 3270 Deo
1752 3215 2157 3270 coronationem
2216 3214 2284 3268 ab

706 3306 953 3363 adulterii
990 3318 1211 3362 auctore
1260 3308 1477 3363 diabolo
1530 3308 1755 3378 ejusque
1794 3307 2043 3362 ministro
2065 3305 2279 3367 factam,

708 3396 799 3452 Dei
842 3398 1298 3467 dispensationem
1335 3397 1691 3467 appellarunt,
1720 3412 1946 3467 eamque
1966 3396 2281 3451 laudabilem

705 3498 762 3546 et
788 3489 1048 3546 Ecclesiae
1075 3492 1393 3547 salutarem.

775 3733 1107 3789 Obturemus
1150 3748 1346 3798 aures,
1396 3748 1463 3786 ne
1510 3732 1846 3803 blasphemia
1900 3732 2277 3799 tabescamus,

708 3826 919 3881 fratres.
955 3828 1128 3895 Atque
1156 3825 1256 3880 hac
1288 3826 1607 3879 defensione
1638 3834 1868 3879 utuntur
1889 3866 1903 3889 ,
1940 3824 2281 3896 evangelica-

708 3934 825 3972 rutn
856 3918 1032 3987 legum
1068 3917 1355 3982 rationem,
1377 3932 1498 3970 cum
1524 3917 1589 3970 de
1616 3917 1831 3986 regibus
1857 3916 2050 3985 agitur,
2072 3916 2275 3981 haberi,

709 4019 767 4065 ut
794 4011 978 4074 aiunt,
1020 4026 1125 4063 non
1157 4010 1376 4063 debere.
1412 4007 1487 4062 En
1528 4008 1628 4061 alia
1663 4009 1981 4063 Antichristi
2024 4026 2278 4077 persecu-

708 4101 804 4166 tio,
836 4110 891 4156 et
923 4101 1142 4155 ubinam
1179 4100 1305 4154 illud
1334 4118 1346 4153 :
1378 4099 1577 4154 Eadem
1603 4100 1685 4153 lex
1710 4102 1806 4153 erit
1837 4101 1919 4153 '7?
1960 4102 2025 4155 Et
2066 4102 2156 4154 ubi
2186 4101 2281 4154 Ju-

707 4195 905 4248 dicium
951 4194 1289 4247 durissimum
1326 4194 1405 4246 his
1442 4194 1531 4263 qui
1564 4204 1795 4260 pra'sunt
1818 4192 1906 4245 “?
1934 4202 1989 4247 et
2017 4194 2106 4248 ubi
2140 4194 2279 4247 Deus

2377 1749 2620 1813 Παλαιᾶς
2685 1749 2779 1803 καὶ
2842 1748 3003 1811 Νέας.
3061 1746 3159 1815 Μὴ
3219 1748 3606 1817 μοιχεύσεις,
3667 1748 3696 1799 6
3740 1746 3948 1816 νόμος⁸

2374 1836 2469 1906 Μὴ
2520 1837 2691 1906 λήψῃ
2735 1838 2801 1891 τὸ
2849 1838 3037 1907 ὄνομα
3068 1836 3177 1891 τοῦ
3223 1836 3371 1891 Θεοῦ
3431 1836 3530 1889 ἐπὶ
3569 1836 3822 1903 ματαίῳ.
3852 1830 3953 1901 Εἷς

2372 1934 2557 1999 νόμος
2609 1931 2766 1984 ἔστω
2807 1928 2888 1995 τῷ
2953 1926 3223 1993 Ἰουδαίῳ
3276 1927 3374 1980 καί
3434 1924 3513 1992 τῷ
3557 1928 3948 1993 προσηλύτῳ.

2373 2021 2540 2084 Αὖθις
2564 2023 2623 2075 τὸ
2656 2023 3004 2092 Εὑαγγέλιον,
3038 2022 3161 2093 ἦτοι
3218 2022 3246 2074 6
3301 2018 3559 2089 Χριστός,
3589 2020 3949 2082 Ἠκούσατε,

2375 2115 2559 2184 φησὶν,
2607 2114 2697 2167 ὅτι
2755 2114 2974 2182 ἐρῤήθη
3041 2113 3166 2179 τοῖς
3217 2112 3530 2180 ἀρχαίοις·
3585 2112 3667 2163 Οὐ
3702 2110 3950 2178 μοιχεύ-

2374 2221 2541 2272 σεις·
2577 2205 2691 2275 ἐγὼ
2741 2204 2809 2258 δὲ
2869 2205 3023 2273 λέγω
3081 2203 3255 2273 ὑμῖν-⁸
3286 2202 3442 2271 μηδὲ
3500 2200 3799 2271 ἐμϐλέψαι
3848 2218 3951 2269 γυ-

2376 2296 2553 2350 ναῖκα
2584 2294 2731 2363 πρὸς
2757 2294 2822 2347 τὸ
2853 2293 3218 2361 ἐπιθυμῆσαι
3265 2292 3476 2357 αὐτήν.
3522 2291 3651 2355 Kal,
3695 2291 3757 2343 '0
3788 2291 3954 2343 λύων

2372 2388 2519 2455 μίαν
2549 2386 2666 2440 τῶν
2692 2384 2958 2439 ἐντολῶν
2974 2385 3198 2437 τούτων
3227 2382 3345 2436 τῶν
3374 2383 3739 2449 ἐλαχίστων,
3774 2377 3953 2447 οὗτος

2376 2478 2695 2547 ἐλάχιστος
2718 2476 3083 2543 κληθήσεται
3102 2474 3172 2528 ἐν
3204 2472 3277 2540 τῇ
3298 2474 3587 2538 βασιλείᾳ
3621 2470 3739 2524 τῶν
3778 2473 3955 2539 οὐραι

2377 2570 2526 2623 νῶνο
2552 2572 2719 2642 ἤγουν
2748 2573 2827 2634 είς
2853 2570 2914 2623 τὸ
2946 2568 3075 2639 πῦρ,
3101 2568 3175 2630 ὡς
3197 2567 3246 2619 0i
3274 2564 3513 2634 Πατέρες
3533 2563 3951 2635 ἑρμηνεύουσιν,

2380 2660 2804 2731 ἐμϐληθήσεται.
2843 2662 2907 2713 Ol
2932 2660 3011 2721 δὲ,
3048 2658 3093 2712 ὦ
3143 2656 3237 2710 τοῦ
3269 2653 3503 2725 φοδεροῦ
3560 2652 3949 2723 ἀκούσματοςι

2378 2750 2476 2822 τὴν
2508 2751 2752 2821 μοιχείαν
2777 2752 2874 2822 τὴν
2898 2752 3235 2821 ἑχκήρυκτον
3265 2748 3432 2818 νόμου
3456 2744 3552 2799 καὶ
3586 2745 3833 2815 χάριτος,
3862 2746 3954 2814 μέ-

2378 2860 2470 2914 χρι
2507 2844 2603 2897 καὶ
2640 2841 2931 2912 ὲπιθυμίας
2960 2841 3437 2913 ὲμσλεμματικῆς,
3471 2839 3569 2909 τήν
3596 2852 3654 2889 τε
3681 2836 3839 2889 λύσιν
3856 2835 3953 2903 τῆς

2378 2933 2477 2986 οὐκ
2511 2930 2821 3001 ἐλαχίστης,
2852 2929 2988 2983 ἀλλά
3009 2930 3229 3002 πρώτης
3265 2931 3440 2982 είπεϊν
3460 2930 3517 2980 ὲν
3546 2926 3623 2997 τῷ
3660 2925 3954 2997 πρακτικῷ

2384 3022 2477 3076 καὶ
2503 3022 2765 3092 μεγίστης
2785 3018 3005 3089 ἑντολῆς
3021 3034 3036 3049 σ
3067 3020 3161 3072 καὶ
3192 3018 3326 3089 πρὸς
3349 3016 3581 3083 τούτοις,
3613 3016 3713 3085 τὴν
3738 3015 3837 3067 06x
3862 3014 3953 3066 ἐπὶ

2385 3116 2598 3188 ματαίῳ
2630 3114 2793 3185 λῆψιν
2815 3111 2909 3167 τοῦ
2938 3112 3199 3183 ὀνόματος
3226 3109 3321 3163 τοῦ
3351 3107 3507 3176 Θεοῦ,
3540 3108 3655 3161 ἀλλ’
3690 3108 3783 3160 ἐπὶ
3824 3104 3950 3159 ἀθε-

2385 3210 2525 3281 μίτῳ
2553 3208 2856 3280 τηλικάυτῃ
2886 3204 3083 3271 πράξει
3134 3207 3363 3275 πονηρᾷ,
3399 3204 3542 3268 λέγω
3582 3201 3645 3273 δὴ
3671 3202 3954 3271 μοιχοζευ-

2385 3301 2494 3371 Eia,
2521 3301 2678 3371 λῆψιν
2716 3298 2809 3353 τοῦ
2848 3298 3110 3368 ὀνόματος
3162 3295 3254 3347 τοῦ
3283 3295 3441 3359 Θεοῦ,
3494 3294 3586 3347 καὶ
3646 3290 3953 3363 μετάληψιν

2382 3392 2488 3447 τῶν
2524 3390 2841 3462 μυστηρίων
2881 3387 3142 3459 Χριστοῦ,
3205 3387 3298 3439 καὶ
3327 3384 3655 3453 στεφανικὴν
3691 3382 3788 3435 τοῦ
3828 3400 3950 3453 μοι-

2381 3482 2613 3554 χουργοῦ
2653 3481 2903 3534 διαδόλου
2935 3481 3029 3539 καὶ
3074 3478 3345 3549 ὑπηρέτου
3401 3475 3565 3528 αὑτοῦ
3624 3475 3948 3544 θεομαχίαν,

2382 3572 2689 3642 οἰκονομίαν
2710 3572 2844 3625 Θεοῦ
2877 3572 3347 3644 προσηγόρευσαν,
3382 3568 3597 3639 ἀγαθήν
3634 3583 3693 3619 τε
3720 3568 3817 3619 καὶ
3852 3582 3955 3619 σω-

2380 3663 2572 3733 τήριον
2596 3665 2664 3734 τῇ
2712 3662 3034 3733 Ἐκκλησία.

2452 3752 2713 3822 Βύσωμεν
2756 3750 2820 3804 τά
2874 3745 3010 3811 ὦτα.
3050 3750 3124 3820 μή
3167 3765 3295 3801 ποτε
3330 3747 3587 3818 τακῶμεν
3612 3748 3679 3817 τῇ
3712 3745 3955 3816 βλασφη⁴

2385 3846 2502 3917 μίᾳ,
2550 3839 2595 3899 ὦ
2630 3843 2871 3913 ἀδελφοί.
2904 3843 3013 3897 Kal
3063 3843 3123 3895 τὸ
3155 3842 3432 3911 δικαίωμα
3469 3841 3671 3903 αὐτοῖς,
3722 3840 3817 3891 ἐπὶ
3849 3839 3954 3894 τῶν

2383 3937 2641 4005 βασιλέοιν
2662 3975 2676 4000 ,
2733 3934 2888 4006 φησὶ,
2922 3937 3121 4004 χρῆναι
3165 3932 3541 4003 παραϐλέπειν
3569 3931 3694 3991 τοὺς
3722 3930 3955 3998 εὐαγγε-

2381 4028 2565 4087 λικοῦς
2581 4026 2795 4096 νόμους.
2818 4025 2923 4078 Ἴδε
2939 4024 3071 4094 ἀλλη
3092 4021 3468 4095 ἀντιχριστικὴ
3493 4021 3818 4092 προδρομία.
3846 4022 3955 4075 Kal

2381 4118 2485 4171 ποῦ
2514 4118 2597 4184 τὸ,
2641 4115 2746 4183 Εἷς
2791 4118 2971 4185 νόμος
2993 4116 3163 4168 ἔσται
3186 4156 3201 4179 ,
3224 4117 3334 4169 Kal
3355 4114 3458 4167 ποῦ
3484 4116 3782 4182 τὸ,Κρι’σις
3808 4114 3956 4167 ἀπό·

2386 4227 2564 4279 τομος
2590 4210 2660 4263 ἐν
2688 4209 2812 4275 τοῖς
2865 4208 3271 4277 ὑπερέχουσι;
3320 4207 3430 4259 Kal
3482 4207 3585 4259 ποῦ
3629 4207 3708 4271 τδ,
3759 4208 3955 4273 Πρόσ-

708 4301 986 4354 personam
1019 4284 1243 4337 hominis
1281 4300 1381 4337 non
1413 4286 1603 4354 accipit
1650 4285 1728 4337 "?
1765 4285 1833 4338 Et
1874 4286 1995 4354 quis
2037 4286 2273 4356 impera-

2381 4316 2542 4353 ωπον
2556 4299 2870 4367 ἀνθρώπου
2898 4299 3041 4362 Θεὸς
3057 4299 3127 4350 οὐ
3144 4294 3467 4365 λαμϐάνει;
3502 4294 3610 4349 Kal
3628 4295 3710 4357 τίς
3734 4297 3765 4349 6
3792 4311 3955 4365 νομο-

712 4375 845 4429 toris
870 4373 1177 4445 legislator?
1203 4373 1267 4427 Et
1290 4375 1546 4444 quoniam
1572 4384 1630 4428 ut
1656 4374 1930 4444 princeps,
1961 4375 2039 4430 sic
2064 4389 2118 4430 et
2149 4377 2282 4431 sub-

709 4468 895 4534 ditus;
943 4467 1285 4521 subditorum
1333 4482 1548 4536 quoque
1594 4482 1703 4519 non
1743 4476 1906 4521 erunt
1948 4468 2283 4540 Evangelica‘.

710 4561 875 4631 leges.
900 4559 1035 4614 Nam
1062 4561 1106 4613 si
1134 4560 1300 4624 illius,
1328 4559 1628 4614 etistorum
1656 4574 1872 4629 quoque
1900 4579 1912 4613 :
1940 4568 1999 4613 ut
2024 4569 2283 4632 tanquam

711 4653 814 4706 sul»
845 4666 949 4704 una
1003 4651 1119 4719 lege
1158 4666 1219 4705 ac
1264 4650 1571 4721 legislatore
1610 4649 1805 4719 positi,
1838 4651 2284 4722 obtemperantes

708 4754 766 4799 et
812 4744 930 4798 sine
980 4743 1213 4797 tumultu
1269 4751 1543 4797 maneant.
1574 4742 1729 4808 Quod
1778 4744 1821 4796 si
1871 4744 1964 4799 ille
2012 4747 2113 4801 sub
2166 4747 2286 4818 lege

711 4850 820 4889 non
852 4835 923 4889 sit
954 4834 1169 4904 quando
1211 4835 1325 4887 vult
1351 4876 1365 4897 ,
1403 4835 1532 4888 velit
1572 4844 1753 4888 autem
1806 4833 2034 4891 fortasse
2076 4838 2285 4892 nullam

708 4941 963 4991 servare;
1011 4926 1095 4981 isti
1144 4942 1271 4981 vero
1305 4927 1662 4983 nihilominus
1691 4927 1801 4982 sint
1850 4930 1950 4984 sub
2000 4931 2163 5000 lege:
2218 4933 2291 4986 al-

710 5025 884 5073 terum
931 5034 961 5073 e
1006 5017 1217 5073 duobus
1279 5018 1429 5087 sequi
1463 5034 1684 5073 necesse
1714 5029 1815 5085 est,
1842 5031 1937 5075 aut
1990 5023 2289 5091 imperato-

712 5126 827 5165 rem
873 5109 1039 5165 Deum
1094 5127 1252 5175 esse;
1306 5110 1454 5164 solus
1501 5111 1767 5180 siquidem
1826 5113 1969 5167 Deus
2018 5114 2119 5167 sub
2170 5115 2288 5185 lege

712 5218 823 5255 non
852 5210 972 5265 est;
1009 5210 1103 5255 aut
1149 5200 1498 5255 rebellionem
1557 5202 1787 5257 existere
1834 5213 1891 5257 et
1941 5206 2286 5261 seditionem.

712 5292 813 5348 Ubi
849 5293 995 5347 enim
1039 5293 1225 5347 eadem
1259 5294 1342 5348 lex
1386 5308 1495 5347 non
1552 5302 1658 5354 est,
1678 5294 1767 5363 qui
1801 5310 1905 5364 pax
1942 5311 2062 5351 esse
2096 5298 2289 5368 queat?

714 5384 1041 5453 lmperatore
1091 5384 1235 5439 aliud
1291 5384 1536 5447 volente,
1585 5385 1842 5440 mcecliari
1893 5388 2137 5451 scilicet,
2198 5399 2291 5444 aut

715 5472 906 5529 haeresi
935 5473 1211 5528 adhaerere
1241 5491 1253 5527 :
1290 5474 1533 5529 subditos
1553 5485 1734 5529 autem
1772 5476 2105 5547 astringente
2138 5477 2250 5548 lege
2273 5519 2287 5543 ,

716 5574 777 5621 ut
829 5581 954 5621 cum
1000 5566 1246 5623 adultero
1304 5581 1412 5621 non
1489 5567 1895 5623 communicent
1944 5584 1957 5622 :
2024 5584 2125 5624 nec
2178 5570 2289 5624 hae-

716 5654 823 5709 resi
854 5671 976 5710 cum
1013 5657 1101 5711 illo
1126 5657 1437 5712 adhaereant
1467 5676 1478 5711 :
1512 5674 1609 5712 nec
1639 5658 1781 5711 aliud
1824 5660 2115 5729 quidquam
2166 5662 2281 5715 vio-

790 5768 1033 5822 "Exnd.
1088 5785 1173 5831 xx,
1238 5786 1357 5834 xm,
1433 5774 1476 5802 ³³
1526 5771 1651 5823 ibid.
1694 5788 1782 5825 vu.
1860 5774 1901 5801 "

720 5851 814 5903 xu,
842 5837 928 5893 49.
1003 5840 1045 5870 ³³
1083 5839 1207 5908 Sap.
1239 5856 1320 5897 γι,
1357 5841 1409 5893 6.
1487 5842 1529 5872 ’³
1561 5841 1728 5895 Calat.
1767 5858 1836 5903 ιι,
1870 5843 1920 5895 t5.

1983 5772 2151 5828 Exod.
2214 5791 2304 5839 xu,
2342 5776 2428 5834 49.

2385 4391 2543 4461 θέτης
2567 4390 2864 4461 βασιλέωςς
2905 4391 3013 4443 Kal
3067 4389 3253 4460 ἐπειδὴ
3284 4387 3425 4443 κατά
3474 4385 3537 4439 τὸ
3568 4385 3733 4455 ἄρχον
3760 4387 3856 4440 καὶ
3900 4388 3957 4439 τὸ

2383 4484 2703 4553 ἀρχόμενον,
2735 4481 2859 4535 οὐδὲ
2899 4482 3007 4535 τῶν
3040 4481 3359 4552 ἀρχομένων
3388 4480 3436 4532 οἱ
3466 4478 3619 4548 νόμοι
3645 4478 3696 4531 0i
3723 4478 3956 4546 εὐαγγε-

2383 4573 2547 4626 λικοί.
2574 4573 2635 4625 El
2660 4571 2771 4642 γὰρ
2800 4570 3029 4635 ἐκείνου,
3056 4570 3324 4623 κάκείνων
3343 4586 3356 4599 ·
3382 4570 3469 4623 ἵνα
3498 4568 3734 4640 μένωσιν
3758 4568 3835 4632 ὡς
3868 4566 3954 4635 ὑφ’

2386 4663 2468 4716 ἑνὶ
2505 4662 2826 4732 ταττόμενοι
2879 4662 3030 4732 νόμῳ
3076 4663 3168 4716 καὶ
3206 4660 3489 4731 νομοθέτῃ,
3534 4659 3807 4722 εὐπειθεῖς
3864 4660 3956 4712 καὶ

2386 4754 2757 4807 ἀστασίαστοι.
2792 4754 2853 4806 El
2877 4752 2934 4805 δὲ
2958 4753 3166 4816 ἐκείνου
3196 4750 3281 4816 οὒ,
3309 4752 3397 4805 ὅτε
3424 4750 3674 4822 βούλεται
3700 4766 3714 4780 ·
3739 4751 3801 4803 o6
3830 4750 3954 4818 βού·

2386 4845 2531 4898 λοιτο
2558 4845 2614 4897 δὲ
2647 4846 2807 4915 τυχὸν
2834 4844 3023 4899 οὐδένα
3051 4845 3339 4914 φυλάττειν
3363 4860 3378 4875 ·
3419 4843 3598 4897 αὐτῶν
3622 4844 3678 4895 δὲ
3706 4842 3795 4895 ναί
3819 4860 3833 4873 ·
3868 4843 3955 4895 δύο

2389 4935 2583 4997 ταῦτα,
2616 4935 2649 5005 ἢ
2678 4936 2807 4999 Θεός
2835 4936 2982 4988 ἐστιν
3009 4938 3038 4989 6
3074 4935 3323 5005 βασιλεύς
3343 4951 3355 4964 ·
3381 4934 3541 5005 μόνον
3575 4936 3683 5002 γάρ
3718 4933 3780 4985 τὸ
3806 4934 3955 4985 Θείον

2388 5028 2484 5097 οὐχ
2514 5028 2620 5080 67:6
2652 5029 2815 5097 νόμον
2843 5044 2856 5057 ο
2891 5028 2923 5099 ἢ
2960 5028 3217 5099 ἀναρχία,
3248 5029 3339 5080 καὶ
3372 5027 3579 5089 στάσις.
3623 5020 3698 5079 Οὗ
3730 5025 3839 5094 γὰρ
3870 5026 3954 5076 v6-

2392 5136 2489 5189 μος
2522 5120 2597 5189 μὴ
2624 5120 2837 5183 ταυτὸς,
2872 5120 2988 5184 πῶς
3022 5121 3251 5191 είρήνη;
3292 5120 3382 5172 τοῦ
3416 5119 3679 5190 βασιλέως
3716 5118 3845 5171 ἄλλο
3871 5117 3954 5169 θέ-

2388 5210 2590 5274 λοντος,
2627 5212 2793 5279 ἧγουν
2837 5212 3132 5281 μοιχεύειν,
3162 5212 3195 5281 ἥ
3228 5209 3554 5280 αἱρετέξειν·
3586 5210 3679 5262 καὶ
3713 5208 3822 5260 τῶν
3858 5207 3955 5259 ὑπὸ

2392 5305 2548 5373 χεῖρα
2579 5303 2652 5373 μὴ
2684 5303 3030 5358 συντίθεσθαι
3052 5304 3149 5373 τὴν
3188 5303 3401 5374 μερίδα’
3420 5301 3557 5372 μετὰ
3582 5299 3772 5370 μοιχοῦ
3799 5314 3952 5364 νομο-

2392 5395 2749 5465 θετουμένων,
2785 5396 2918 5466 μηδὲ
2942 5395 3329 5466 συναιρετίζειν
3354 5412 3368 5425 ·
3405 5393 3529 5463 μηδ’
3551 5394 3634 5445 ὅτι
3661 5389 3756 5444 οὖν
3782 5406 3952 5459 παρα·

2392 5485 2597 5540 ϐαίνειν
2627 5487 2686 5541 τὸ
2717 5489 2823 5541 ὑπὸ
2854 5488 3091 5560 Χριστοῦ
3126 5490 3218 5541 καὶ
3244 5488 3350 5540 τῶν
3375 5486 3691 5540 ἀποστόλων
3720 5483 3951 5553 παραδεο

2391 5579 2790 5649 δομένονςΚαὶ
2839 5581 2955 5644 πῶς
3006 5580 3253 5633 ἐντεῦθεν
3299 5580 3359 5633 06
3415 5578 3870 5645 συναναφαίνεται
3920 5572 3948 5623 6

2403 5670 2761 5741 ’Δντίχριστος
2803 5672 2891 5724 ἐπὶ
2936 5671 3124 5741 θύραις
3170 5668 3345 5738 εἶναι;
3378 5671 3451 5724 06
3488 5670 3596 5741 γὰρ
3624 5669 3948 5738 τολμήσουσι

2556 5784 2598 5813 ⁸⁵
2627 5781 2811 5836 Matth.
2862 5800 2927 5850 ν,
2970 5783 3056 5849 27,
3101 5783 3189 5840 28.
3266 5784 3310 5817 ²⁶
3346 5782 3475 5838 ibid.
3538 5782 3618 5836 l9.
3698 5781 3739 5813 ”
3779 5777 3938 5833 Exod.
