4158 6510
262 415 402 479 1033

1479 431 2020 497 EPISTOLARUM
2047 433 2191 496 LIB.
2232 436 2281 496 Ι.

3360 443 3498 511 1036

251 526 423 595 φάναι
447 529 495 580 οί
520 529 834 600 Μοιχειανοί
857 549 869 564 ο
905 535 996 604 Μὴ
1038 535 1158 607 ούχὶ
1195 536 1223 589 ὃ
1255 540 1447 610 ἀνομεί
1483 543 1512 595 6
1549 542 1797 612 βασιλεὺς

1928 542 2040 598 lent
2068 561 2256 601 eorum
2286 560 2408 616 qua:
2431 561 2461 601 a
2490 547 2707 604 Christo
2743 558 2798 604 et
2827 552 3088 620 apostolis
3123 554 3319 612 tradita
3349 570 3497 616 sunt.

250 620 402 671 ποιεῖ
427 636 486 672 τε
515 617 609 673 καὶ
641 623 850 676 κελεύει
875 626 1123 680 ὑπείκειν
1148 629 1240 683 τὸν
1269 630 1432 696 λαόν;
1470 635 1578 688 Καὶ
1613 635 1686 688 ἴδε
1712 639 1826 690 εἰσ-

247 707 419 778 ῆλθεν
449 712 506 763 ἐν
533 712 607 782 τῷ
631 713 776 784 λόγῳ
809 717 988 771 αὐτῶν
1015 719 1233 785 πάντως
1255 723 1283 774 6
1316 723 1698 795 Ἀντίχριστος.
1730 727 1828 782 Ba.

248 799 435 864 σιλεὺς
475 803 580 874 γάρ
610 803 684 857 ὣν
723 807 990 870 κάκεῖνος,
1026 809 1186 865 τοῦτο
1227 814 1385 883 μόνον
1421 817 1763 890 ἐπιξητήσοι,
1796 820 1825 873 ὃ

247 889 394 943 θέλει
449 893 545 946 καὶ
593 893 740 963 λέγει
790 897 1072 966 γίνεσθαι·
1110 903 1205 955 καὶ
1250 905 1403 959 οὐδὲν
1457 907 1520 960 τὸ
1569 889 1825 981 διάφορον

246 981 390 1048 πρὸς
419 983 547 1047 τοὺς
578 985 683 1055 πρὸ
710 986 896 1052 αὑτοῦ,
933 989 965 1060 ἢ
1001 991 1082 1055 τὸ,
1117 993 1192 1064 μὴ
1217 995 1472 1049 τοσοῦτον
1513 997 1688 1051 θέλειν
1730 1000 1826 1054 καὶ

245 1070 558 1139 βούλεσθαι,
583 1076 716 1139 ὡσεὶ
746 1081 840 1132 καὶ
862 1079 1139 1153 θελήσοιεν
1168 1086 1260 1138 καὶ
1290 1087 1436 1156 ἄρτι.
1484 1089 1547 1142 Ἦ
1575 1090 1711 1161 αὑτὴ
1739 1091 1824 1158 ἐξ·

241 1162 402 1215 ουσία
448 1165 599 1235 παρά
635 1167 740 1220 τῶν
772 1170 1041 1242 ἱεραρχών
1081 1175 1373 1240 συνοδικῶς
1414 1179 1818 1252 ἐκπεφώνηται.

241 1251 356 1304 Καὶ
378 1252 495 1316 πῶς
535 1255 734 1310 συνιών
766 1275 869 1323 τις,
894 1265 986 1313 καὶ
1013 1262 1112 1316 οὐκ
1143 1263 1218 1317 ὢν
1245 1265 1484 1338 δύσερις,
1507 1269 1604 1339 ούχ
1628 1271 1818 1341 ὁμολο-

241 1340 467 1408 γήσειεν
490 1343 664 1409 οὕτως
693 1345 871 1416 ἔχεινς
901 1349 966 1401 Τί
997 1351 1054 1404 δὲ
1078 1353 1281 1426 ταύτης
1305 1356 1402 1427 τῆς
1427 1340 1692 1430 αίρὲσεως
1716 1365 1822 1431 χεῖ-

243 1447 338 1483 οον
365 1431 540 1498 ἔσται,
580 1435 687 1499 ἕως
725 1438 1045 1506 ἀναδείξεως
1077 1445 1248 1515 αὐτῆς
1272 1447 1365 1500 τοῦ
1407 1450 1774 1522 ’Δντιχρίστου
1801 1470 1816 1519 ;

252 1522 396 1588 Ἐγὼ
425 1523 579 1578 οὔπω
596 1527 738 1581 δοκῶ
761 1527 898 1583 εἷναι
922 1547 935 1561 ο
962 1533 1078 1586 ἀλλ’
1105 1536 1276 1608 αὐτὴν
1305 1539 1511 1610 ταύτην
1541 1545 1620 1604 εἰς
1647 1543 1819 1613 πέρας

238 1615 559 1688 ἀρξαμένην
593 1620 656 1672 ἐκ
699 1621 794 1675 τοῦ
828 1615 989 1694 δεῦρο
1025 1627 1102 1697 τῷ
1139 1629 1260 1681 τότε
1294 1632 1472 1702 καιρῷ
1509 1634 1776 1704 ἀπολῆξαι
1798 1650 1811 1666 ⁸

237 1707 333 1759 καὶ
353 1708 467 1760 ὅσοι
494 1709 553 1762 ἐν
581 1710 749 1784 ταύτῃ
777 1713 1110 1782 ὑποπέσωσι,
1139 1719 1243 1773 κᾶν
1271 1722 1390 1775 τότε
1418 1723 1681 1796 ὑπῆρχον,
1710 1729 1814 1781 ὑπ-

234 1799 434 1853 έπεσον
463 1801 529 1855 ἀν
549 1820 562 1834 '
596 1805 689 1857 καὶ
727 1806 910 1860 ὀπόσοι
936 1809 1164 1880 δυνάμει
1192 1812 1326 1867 Θεοῦ
1373 1816 1810 1889 ἀνταγωνιζόμε-

1931 633 1997 687 Ει
2028 637 2299 703 quomodo
2323 653 2389 693 ex
2415 637 2501 694 his
2537 640 2909 699 Antichristus
2939 660 3048 700 non
3077 647 3350 704 videbitur
3375 665 3500 708 esse

1926 722 1979 776 in
2003 724 2226 793 januis?
2267 727 2385 784 Non
2426 729 2572 785 enim
2615 731 2797 789 dicere
2837 735 3118 791 audebunt
3165 738 3493 796 Mmchiani:

1926 813 2114 872 Nonne
2144 834 2235 873 rex
2257 861 2272 885 ,
2303 821 2516 876 etiamsi
2544 835 2766 894 peccet,
2801 826 2931 882 facit
2957 844 3020 884 ac
3045 829 3202 899 jubet
3232 842 3292 888 ut
3320 849 3496 904 papu-

1926 904 2009 960 lus
2039 906 2142 977 legi
2173 913 2403 978 pareat?
2431 911 2494 968 Et
2542 929 2672 970 ecce
2712 916 2768 970 in
2802 917 3018 974 illorum
3053 937 3307 978 sermone
3339 942 3501 996 pror-

1925 1013 2020 1054 sus
2047 999 2270 1056 advenit
2293 1003 2675 1062 Antichristus.
2711 1007 2844 1063 Nam
2871 1025 2998 1066 cum
3030 1021 3086 1068 et
3114 1013 3232 1084 ipse
3271 1032 3369 1072 rex
3396 1019 3499 1088 sit,

1925 1097 2040 1144 tum
2087 1090 2139 1146 id
2175 1092 2438 1149 duntaxat
2476 1098 2620 1166 quod
2651 1099 2766 1153 vult
2809 1110 2864 1156 et
2909 1101 3076 1169 dicit,
3126 1104 3240 1159 ﬁeri
3284 1108 3496 1180 exiget:

1924 1193 2106 1249 neque
2127 1180 2195 1235 ab
2219 1181 2304 1248 iis,
2337 1184 2430 1252 qui
2460 1184 2634 1254 ipsum
2665 1191 3080 1258 antecesserint,
3115 1194 3272 1249 aliter
3293 1195 3500 1253 discre-

1921 1269 2093 1337 pabit,
2116 1286 2278 1340 quam
2303 1273 2427 1342 quia
2451 1290 2553 1332 nec
2572 1291 2635 1331 ea
2662 1279 2883 1348 quidem
2909 1282 3052 1336 volet
3073 1298 3194 1353 qua:
3219 1285 3328 1354 jam
3358 1303 3501 1343 nunc

1919 1357 1998 1413 illi
2034 1361 2326 1418 voluerint.
2370 1363 2570 1422 Eadem
2617 1369 2836 1424 licentia
2878 1387 2977 1441 per
3009 1373 3294 1445 episcopos
3334 1393 3498 1447 syno-

1920 1445 2040 1501 dice
2069 1450 2403 1522 promulgata
2435 1463 2538 1508 est.
2575 1456 2641 1510 Et
2673 1458 2925 1526 quisnam
2949 1475 3174 1532 compos
3207 1445 3426 1530 mentis,
3451 1468 3497 1524 si

1917 1539 2292 1596 contentiosus
2323 1559 2434 1598 non
2464 1554 2566 1611 est,
2601 1563 2715 1602 rem
2750 1549 2821 1604 ita
2853 1566 2911 1605 se
2945 1553 3145 1607 habere
3177 1571 3284 1610 non
3319 1557 3491 1613 fatea-

1918 1627 2047 1680 tur?
2071 1626 2209 1693 Quid
2238 1641 2421 1686 autem
2453 1634 2555 1690 hac
2597 1635 2791 1693 haeresi
2825 1640 3069 1696 deterius
3099 1642 3343 1699 futurum
3374 1655 3493 1706 est.

1916 1716 1983 1771 ad
2025 1719 2197 1788 ipsam
2243 1738 2416 1793 usque
2444 1725 2764 1782 Antichristi
2810 1731 3303 1790 manifestationcm
3329 1736 3351 1788 ?
3382 1737 3496 1808 Ego

1916 1809 2156 1864 nondum
2178 1813 2396 1881 quidem
2428 1816 2622 1871 factam
2651 1819 2790 1874 hanc
2821 1836 2944 1877 esse
2967 1824 3236 1880 arbitror:
3269 1827 3494 1894 sedjam

232 1908 312 1944 νοι
340 1893 561 1960 στῶσιν,
597 1893 707 1951 εἷεν
733 1896 801 1950 ἂν
829 1899 921 1952 καὶ
941 1903 1061 1964 ταῖς
1090 1904 1324 1974 ἡμέραις
1352 1882 1589 1972 ἐκείναις
1614 1882 1797 1965 νιήκιῦν-

1915 1914 2062 1954 nunc
2095 1901 2438 1970 inchoatam,
2476 1906 2566 1962 illo
2607 1917 2854 1980 tempore
2893 1911 3098 1969 exitum
3147 1917 3491 1987 habituram:

231 1998 322 2045 τες
356 1983 448 2038 τὸν
474 1986 841 2058 Ἀντίχριστον
862 1991 919 2044 ἐν
943 1991 1157 2064 Θανάτῳ
1185 1998 1322 2066 μετά
1351 2000 1610 2070 Χριστοῦ.
1645 2005 1804 2069 Ἀλλ’,

228 2068 275 2122 ὣ
317 2072 421 2141 τῆς
463 2074 812 2150 ἀνθρωπίνης
853 2081 1256 2154 ταλαιπωρίαςί
1307 2068 1422 2151 πῶς
1473 2068 1807 2148 άπεντεῦθεν

228 2161 376 2214 νῶτα
406 2163 713 2237 Emped/av;
749 2170 863 2235 πῶς
885 2173 1312 2246 ὑποδεικνύομεν
1331 2177 1384 2231 τί
1408 2180 1681 2250 ὲσόμεθα;
1707 2185 1807 2240 Διά

226 2253 388 2310 τοῦτο
416 2257 589 2328 ὀλίγοι
631 2263 678 2314 oi
711 2263 995 2334 μέλλοντες
1035 2268 1246 2339 στῆναι.
1288 2271 1387 2325 Διά
1415 2273 1578 2328 τοῦτο
1620 2277 1806 2344 Ἠλίας

225 2347 323 2398 καὶ
368 2347 537 2420 Ἑνώχ
563 2365 577 2379 ·
628 2353 728 2406 ούκ
752 2355 974 2424 οἴδαμεν
1023 2360 1070 2410 εί
1112 2360 1204 2425 καὶ
1240 2363 1266 2414 6
1299 2362 1558 2432 Θεολόγος
1589 2369 1682 2420 καὶ
1715 2371 1805 2422 εὑ·-

224 2438 576 2514 αγγελιστὴς,
601 2445 807 2516 ἀρωγοὶ
844 2447 945 2517 τῆς
978 2450 1329 2523 ἀνθρωπίνης
1362 2457 1664 2526 ἀσθενείας,
1708 2465 1802 2516 καὶ

223 2532 628 2600 πρωτοστάται,
686 2535 778 2587 καὶ
824 2536 1114 2609 ἀθλοφόροι
1169 2543 1266 2613 τῆς
1317 2546 1456 2617 ὑπὲρ
1511 2549 1801 2621 ὁμολογίας

221 2619 465 2688 Χριστοῦ
504 2622 681 2695 νίκης.
722 2627 822 2682 Διά
866 2627 1023 2684 τοῦτο
1070 2633 1537 2706 κολοϐωθήσονται
1570 2643 1628 2694 αἱ
1661 2619 1798 2714 ἠγμέ-

221 2726 314 2779 ραι
351 2711 453 2804 τῆς
480 2715 727 2788 ἀνάγκης
758 2720 975 2793 ἐκείνης
1006 2726 1070 2796 τῇ
1105 2725 1398 2802 ἐπιφανείᾳ
1431 2711 1797 2804 Χριστοῦ-ἀν-

218 2818 378 2873 αιρου
387 2803 578 2877 μένης.

289 3086 355 3137 Οί
385 3087 658 3154 συνιόντες
691 3093 876 3165 στῆτε,
919 3099 994 3171 μὴ
1043 3101 1355 3174 ἀρνήσησοε
1404 3108 1640 3179 Χριστὸν
1684 3114 1793 3168 ἀπὸ

215 3175 310 3268 τοῦ
355 3178 516 3250 δεῦρο
541 3199 553 3212 ·
585 3185 825 3252 ἀρκτικά
872 3194 980 3262 γὰρ
1031 3193 1098 3247 τά
1135 3199 1376 3268 παρόντα
1414 3175 1523 3256 τιῦν
1547 3205 1690 3260 τότε.
1719 3209 1792 3262 Τὸ

215 3266 468 3338 δεύτερον
497 3272 556 3324 ού
588 3275 786 3347 πολλῆς
813 3279 986 3335 δεῖται
1018 3266 1335 3354 σαφηνείας,
1367 3290 1431 3344 ἐκ
1469 3293 1565 3346 τοῦ
1594 3297 1789 3366 προτέ-

218 3375 313 3428 ρου
355 3361 801 3437 ἐπιδηλούμενον.
861 3373 1383 3444 Ἀναθεματίσαντες
1419 3381 1512 3436 οὖν
1545 3361 1669 3451 τοὺς
1716 3389 1790 3460 μὴ

213 3449 540 3523 δεχομένους
568 3457 666 3530 τὴν
694 3463 1072 3534 μοιχοζευξίαν
1116 3470 1210 3524 καὶ
1258 3472 1357 3543 τὴν
1406 3449 1660 3546 μοιχείαν
1695 3449 1787 3532 τοῦ

216 3543 502 3612 βασιλέως,
535 3552 629 3604 καὶ⁸
650 3553 750 3624 τὴν
782 3554 875 3608 τοῦ
904 3559 1104 3624 παντὸς
1127 3543 1444 3631 εὑρεθέντος
1479 3543 1571 3621 καὶ
1605 3571 1663 3622 ἐν
1687 3571 1788 3625 αύ-

211 3639 281 3708 τῇ
310 3638 409 3707 τὴν
441 3643 633 3712 μερίδα
667 3643 893 3715 θεμένου
931 3653 1298 3722 παρανομίαν,
1339 3660 1414 3720 ὼς
1440 3659 1602 3726 άγίαν
1645 3664 1789 3717 obto-

212 3730 410 3797 νομίαν
434 3747 448 3761 ·
493 3733 546 3784 τί
579 3734 706 3788 ἀλλο
737 3736 770 3806 ἢ
813 3739 938 3802 τοὺς
981 3741 1189 3810 ἁγίους,
1221 3747 1315 3799 καὶ
1345 3750 1561 3820 πρῶτόν
1599 3771 1663 3822 γε
1699 3755 1790 3810 τὸν

212 3818 528 3892 Πρόδρομον
557 3825 1058 3898 ἀναθεματίκασιν;
1109 3835 1308 3907 ἀληθὲς
1353 3818 1546 3904 είπείν,
1596 3818 1645 3897 εί
1695 3848 1790 3900 καὶ

211 3911 466 3981 φοϐερὸν,
513 3915 608 3967 καὶ
645 3916 808 3971 αύτδν
857 3920 951 3973 τὸν
993 3922 1101 3976 τῶν
1137 3927 1307 3995 ἀγίων
1343 3932 1654 4003 Δεσπότηνς
1694 3938 1789 4000 ’ος

208 4001 321 4071 γάρ
367 4003 541 4056 ταῦτα
586 4006 986 4078 ἀπηγόρευσεν,
1031 4017 1090 4068 ού
1133 4018 1368 4087 δέχεται,
1419 4023 1539 4075 οὐδὲ
1580 4001 1791 4082 εὐδοκεῖ

206 4091 472 4161 δηλονότι,
491 4094 626 4149 ἀλλά
645 4097 767 4154 λίαν
794 4100 1088 4174 ἠπείλησεν
1113 4108 1485 4179 ἀπαραίτητον
1511 4113 1570 4165 τὸ
1593 4119 1786 4188 κρῖμα.

209 4183 305 4235 καὶ
330 4183 392 4236 τὸ
425 4185 583 4254 μόνον
612 4189 749 4256 μετά
781 4192 970 4261 μοιχοῦ
997 4195 1094 4266 τὴν
1129 4199 1321 4269 μερίδα
1347 4200 1540 4268 Θείναι,
1571 4183 1644 4259 ούγ
1664 4183 1787 4262 τὀῦο

206 4274 284 4337 δε,
315 4276 348 4347 ἦ
378 4277 555 4343 τοῦδε,
595 4281 733 4335 ἀλλά
771 4285 971 4349 παντὸς
1010 4289 1337 4360 οὑτινοσοῦν,
1369 4295 1654 4364 βασιλέως,
1696 4301 1786 4354 δυ-

206 4367 429 4434 νάστου,
467 4373 663 4443 μικροῦ
712 4377 805 4428 καὶ
851 4379 1107 4446 μεγάλου.
1145 4380 1235 4447 Εἷς
1263 4386 1372 4457 γὰρ
1405 4371 1568 4458 νόμος
1609 4391 1782 4459 ἔσται,

207 4460 363 4528 φησὶ,
399 4462 492 4515 καὶ
538 4463 596 4516 ἓν
641 4466 967 4534 Εὑαγγέλιον
1011 4475 1430 4548 παρελάϐομενο
1487 4481 1584 4534 καὶ
1625 4481 1684 4546 ὃς
1719 4486 1784 4537 ἐκ

203 4551 359 4606 τοῦδε
403 4556 497 4608 τοῦ
534 4559 865 4628 Εὐαγγελίου
905 4564 1007 4618 κᾶν
1057 4568 1118 4620 τὸ
1145 4569 1306 4639 τυχὸν
1351 4575 1777 4643 παρασαλεύσοι,
1812 4596 1856 4651 ι)

204 4644 310 4698 κᾶν
347 4645 584 4716 ἄγγελος
619 4651 678 4718 ἐξ
711 4653 966 4724 ούρανοῦ,
997 4659 1157 4727 ἀρκεῖ
1188 4677 1270 4713 σοι
1307 4662 1339 4732 ἡ
1371 4663 1656 4732 ἀσφάλεια.
1689 4667 1779 4738 Μὴ

204 4738 459 4806 βασιλεὺς
492 4742 694 4810 μείζων
725 4746 963 4813 ἀγγέλου
989 4768 1003 4816 ;
1033 4751 1125 4821 Μὴ
1151 4753 1271 4822 οὐχὶ
1312 4754 1340 4806 6
1380 4760 1778 4829 κοσμοκράτωρ

200 4832 258 4882 ὲν
287 4831 364 4899 τῷ
400 4832 590 4902 κόσμῳ
634 4835 837 4904 μείζων
873 4840 1087 4892 πάντων
1116 4842 1224 4894 τῶν
1253 4851 1777 4919 κοσμοκρατορικῶς

200 4924 544 4992 κρατούντων
581 4925 850 4995 δαιμόνων
891 4932 986 4984 καὶ
1021 4932 1341 5003 ἀνθρώπων,
1368 4937 1483 4989 ἀλλ’
1511 4940 1632 5010 οὐχὶ
1668 4941 1777 4994 θεῖ·

199 5015 344 5080 κῶςς
382 5017 490 5068 Καὶ
513 5017 564 5069 τί
593 5019 621 5069 ὁ
657 5019 1008 5091 Ἀπόστολοςς
1047 5023 1316 5095 ’Λνάθεμα
1337 5025 1494 5083 ἔστω.
1517 5032 1774 5099 ’Ἄγγελοι

198 5106 258 5157 ού
290 5107 532 5176 τολμῶσι
567 5111 1000 5180 παρασαλεῦσαι,
1034 5116 1154 5169 οὐδὲ
1199 5117 1516 5184 σαλεύοντες
1551 5123 1774 5192 μένουσι

204 5195 278 5265 μὴ
311 5196 852 5269 ἀναθεματιζόμενοι,
883 5203 959 5266 ὼς
1001 5207 1029 5257 6
1062 5206 1306 5272 διάϐολος
1341 5209 1433 5262 καὶ
1466 5213 1498 5280 ἡ
1533 5214 1774 5269 ἀποστα-

199 5285 328 5354 τικὴ
351 5285 516 5338 αὑτοῦ
547 5288 776 5358 πληθύς.
806 5292 917 5346 Καὶ
942 5295 1056 5358 πῶς
1083 5296 1370 5367 ἄνθρωπος
1394 5303 1501 5366 πᾶς
1525 5305 1584 5356 ἐν
1614 5307 1779 5375 σαρκὶ

199 5377 294 5442 ὢν,
331 5377 573 5431 σαλεύων
609 5383 702 5434 καὶ
732 5386 1093 5456 καινοτομῶν,
1127 5390 1219 5443 καὶ
1254 5392 1488 5458 μάλιστα
1521 5397 1777 5459 τοιαύτας

203 5469 580 5540 καινοτομίας,
605 5472 705 5525 οὐκ
735 5474 1013 5547 ἀλλότριος
1043 5477 1213 5544 Θεοῦ;
1252 5482 1345 5544 Ὃς
1370 5480 1425 5533 δὲ
1453 5483 1513 5536 οὐ
1539 5483 1776 5553 δέχεται,

199 5560 235 5614 ἀ
268 5561 652 5633 ἀπηγόρευσεν
676 5566 1036 5638 (ἀναληπτέος
1061 5571 1168 5641 γάρ
1199 5572 1256 5634 ἐξ
1289 5564 1350 5624 οὗ
1383 5573 1462 5636 είς
1489 5575 1780 5644 μεταξυλοο

201 5653 330 5720 γίαν
359 5653 626 5724 μετῆλθεν
653 5659 680 5709 6
703 5657 879 5729 λόγος)
903 5655 1056 5724 οὗτος
1079 5663 1216 5716 κατά
1241 5665 1368 5727 τοὺς
1393 5666 1770 5736 Μοιχειανοὺς,

208 5744 406 5816 μᾶλλον
431 5745 488 5799 δὲ
537 5748 957 5819 Ἀντιχρίστους,
994 5753 1095 5823 ἤδη
1127 5753 1571 5824 ἀναθεμάτισται.
1609 5760 1669 5812 Εἰ
1710 5759 1774 5812 ’δὲ

290 5859 332 5890 ³ο
360 5861 548 5916 Matth.
579 5881 725 5926 xxtv.
749 5865 839 5919 22.
918 5867 958 5896 ³¹
990 5867 1159 5922 Exod.
1189 5886 1282 5932 xu,
1315 5870 1404 5925 49.

489 5961 756 6023 Parnm.
789 5963 904 6024 Gn.
935 5964 1146 6027 XCIX.

1913 1998 1969 2045 et
1997 2000 2259 2062 quotquot
2286 1994 2340 2048 in
2377 1996 2477 2052 hac
2502 2000 2896 2057 succubuerint
2918 2044 2932 2067 ,
2964 2018 3079 2070 eos,
3117 2007 3162 2061 si
3191 2017 3319 2063 tunc
3349 2010 3495 2065 exsi-

1911 2089 2155 2149 sterent,
2190 2087 2408 2155 penitus
2444 2104 2739 2147 cessuros:
2790 2105 2844 2150 et
2872 2107 3138 2169 quotquot
3171 2101 3264 2158 Dei
3289 2105 3492 2161 virtute

1912 2173 2246 2232 reluctantes
2287 2188 2599 2252 steterunt,
2647 2186 2864 2241 eosdem
2911 2185 3015 2244 ilﬁs
3058 2191 3251 2248 diebus
3276 2235 3291 2260 ,
3330 2196 3492 2251 Anti-

1911 2266 2105 2322 christi
2143 2269 2377 2325 victores
2418 2288 2514 2342 per
2558 2287 2788 2331 mortem
2836 2293 2958 2333 cum
3001 2281 3219 2339 Christo
3251 2285 3484 2345 futuros.

1912 2356 2039 2422 Sed,
2073 2375 2106 2413 o
2138 2361 2497 2416 calamitatem
2530 2365 2864 2423 humanam!
2893 2380 2950 2425 ut
2984 2380 3130 2444 terga
3153 2376 3265 2444 jam
3292 2379 3489 2436 exinde

1908 2454 2218 2506 verterunt!
2266 2463 2356 2520 ut,
2388 2457 2479 2525 qui
2515 2457 2680 2513 futuri
2709 2458 2900 2528 simus,
2942 2465 3312 2523 ostendimus!
3354 2468 3488 2525 Pro-

1906 2549 2091 2610 pterea
2125 2544 2282 2612 pauci
2312 2544 2481 2601 futuri
2514 2557 2644 2604 sunt
2673 2552 2766 2620 qui
2796 2562 2975 2616 stent,
3015 2567 3306 2627 propterea
3342 2561 3486 2618 Elias

1905 2644 1960 2688 et
1984 2632 2192 2697 Enoch,
2213 2635 2355 2691 haud
2380 2638 2582 2695 scimus
2599 2656 2669 2695 an
2697 2650 2751 2696 et
2774 2641 3080 2716 Theologus
3113 2664 3175 2704 ac
3203 2655 3480 2722 evangeli-

1904 2733 2006 2788 sta,
2040 2724 2372 2782 infirmitatis
2396 2730 2648 2788 humana:
2685 2735 3032 2792 auxiliatores
3058 2750 3238 2806 erunt,
3259 2752 3314 2798 et
3332 2757 3486 2799 ante-

1902 2815 2134 2885 signani,
2166 2829 2221 2874 et
2243 2819 2296 2875 in
2327 2821 2524 2878 Christi
2553 2826 2896 2884 confessione
2936 2831 3190 2888 victores.
3224 2834 3483 2906 Propter-

1901 2918 1964 2958 ea
2016 2905 2408 2964 breviabuntur
2443 2911 2560 2966 dies
2606 2929 2865 2972 terumnze
2896 2918 3068 2984 illius,
3097 2919 3184 2974 cui
3215 2905 3484 2980 adventus

1900 2997 2104 3056 Christi
2132 3002 2294 3060 linem
2326 3005 2569 3076 imponet
2596 3008 2663 3064 '°.

1969 3089 2142 3158 State,
2161 3095 2471 3166 quicunque
2521 3100 2748 3169 sapitis,
2793 3112 2849 3158 et
2896 3103 3176 3161 Christum
3221 3106 3482 3177 deinceps

1899 3194 1968 3235 ne
1997 3183 2295 3256 abnegetis.
2329 3186 2454 3242 Haec
2490 3189 2635 3245 enim
2680 3207 2802 3262 quae
2839 3194 3116 3262 videmus,
3162 3196 3314 3251 initia
3350 3207 3480 3252 sunt

1892 3285 2080 3327 eorum
2112 3290 2233 3344 quas
2264 3286 2392 3333 tunc
2420 3289 2602 3335 erunt.
2639 3282 2881 3338 Alterum
2917 3285 3075 3357 longa
3105 3287 3471 3358 explicatione

1893 3377 2002 3418 non
2032 3375 2172 3437 eget,
2208 3382 2331 3423 cum
2354 3370 2468 3440 jam
2492 3388 2558 3426 ex
2584 3373 2750 3444 priori
2781 3376 3132 3432 manifestum
3167 3378 3256 3434 sit.
3281 3379 3470 3449 itaque

1891 3454 1983 3523 qui
2012 3455 2132 3511 illos
2157 3461 2689 3517 anathematizarunt
2716 3465 2807 3535 qui
2837 3468 3286 3539 conjunctionem
3319 3472 3475 3528 adul-

1891 3546 2145 3613 terinam,
2175 3558 2229 3604 et
2255 3550 2602 3621 imperatoris
2629 3556 2956 3613 adulterium
2983 3567 3038 3614 et
3069 3563 3344 3630 omnium,
3378 3569 3473 3635 qui

1887 3641 2006 3711 ejus
2037 3644 2328 3715 participes
2363 3647 2568 3704 inventi
2604 3661 2761 3718 sunt,
2807 3657 3314 3724 prevaricationem
3359 3677 3470 3716 non

1891 3734 2165 3804 recipiunt
2209 3746 2464 3807 tanquam
2506 3740 2974 3812 dispensationem
3018 3757 3300 3818 sanctam;
3341 3752 3472 3821 quid

1888 3835 2118 3896 egerunt
2141 3828 2286 3884 aliud
2311 3830 2418 3884 nisi
2443 3842 2682 3898 sanctos,
2711 3850 2775 3890 ac
2806 3837 3042 3905 primum
3072 3839 3294 3908 quidem
3323 3841 3471 3898 Prte-

1887 3930 2163 3972 cursorem
2183 3959 2197 3983 ,
2223 3921 2755 3980 anathematizarunt
2777 3967 2791 3990 ,
2827 3937 2990 3998 atque
3020 3938 3081 3984 ut
3101 3947 3289 3987 verum
3322 3934 3471 3990 dica—

1888 4016 1976 4061 tur
2002 4049 2015 4073 ,
2064 4011 2281 4066 tametsi
2329 4012 2663 4070 horrendum
2690 4057 2704 4082 ,
2742 4017 2918 4088 ipsum
2957 4021 3120 4076 etiam
3156 4034 3470 4082 sanctorum

1892 4100 2189 4156 Dominum
2214 4103 2236 4156 ?
2265 4101 2368 4170 Qui
2403 4105 2546 4160 enim
2575 4107 2691 4162 haec
2712 4110 3013 4179 prohibuit,
3042 4113 3186 4170 haud
3213 4116 3376 4171 dubie
3407 4133 3470 4172 ea

1887 4208 1996 4247 non
2029 4194 2239 4262 recepit
2269 4209 2371 4249 nec
2391 4199 2692 4266 approbat:
2733 4203 2863 4270 quin
2903 4203 3170 4271 judicium
3215 4205 3469 4263 inexora-

1885 4281 1993 4336 bile
2024 4283 2267 4338 minatus
2293 4295 2376 4339 est
2397 4287 2561 4342 etiam
2589 4291 3017 4348 communicanti
3047 4309 3168 4350 cum
3201 4297 3465 4365 adultero,

1885 4390 1994 4429 non
2027 4375 2130 4432 hoc
2156 4377 2238 4431 vel
2273 4377 2384 4445 illo,
2417 4381 2512 4436 sed
2543 4397 2891 4455 quocunque,
2917 4386 3266 4457 imperatore,
3299 4393 3468 4464 dyna-

1884 4476 1964 4520 sta
1987 4506 2001 4532 ,
2039 4484 2210 4538 parvo
2246 4480 2301 4525 et
2346 4488 2561 4544 magno.
2596 4475 2714 4530 Una
2748 4477 2894 4532 enim
2920 4517 2935 4542 ,
2962 4480 3036 4533 ait
3062 4520 3076 4545 ,
3129 4482 3213 4537 lex
3248 4486 3352 4539 erit
3382 4488 3422 4519 ³¹
3451 4505 3462 4540 :

1885 4568 1941 4613 et
1988 4575 2158 4614 unum
2211 4561 2563 4632 Evangelium
2601 4567 2915 4639 accepimus
2957 4588 2970 4625 :
3022 4581 3077 4626 et
3116 4573 3209 4643 qui
3252 4590 3318 4629 ex
3365 4577 3466 4632 hoc

1890 4649 2181 4722 Evangelia
2209 4653 2488 4723 quidpiam
2526 4655 2952 4725 labefactaverit,
2988 4662 3112 4716 licet
3144 4667 3371 4735 angelus
3396 4674 3465 4722 de

1885 4742 2025 4797 cmlo
2050 4783 2064 4805 ,
2099 4742 2300 4797 sufficit
2326 4744 2420 4798 tibi
2456 4751 2808 4804 asseveratio.
2843 4749 2982 4806 Num
3018 4754 3312 4826 imperator
3346 4776 3462 4815 ma-

1880 4833 1968 4903 jor
1989 4844 2071 4888 est
2097 4835 2328 4904 angelo?
2355 4836 2495 4890 Num
2528 4841 2715 4894 mundi
2741 4843 2999 4912 princeps
3027 4845 3081 4899 in
3112 4848 3317 4903 mundo
3341 4867 3456 4906 ma-

1878 4925 1963 4994 jor
1988 4926 2201 4980 cunctis
2226 4928 2562 4985 daemonibus
2588 4941 2640 4986 et
2677 4932 3025 5001 hominibus,
3063 4937 3155 5007 qui
3183 4942 3458 4998 mundana

1881 5027 2168 5086 potestate,
2201 5037 2308 5074 non
2342 5023 2544 5086 divina,
2579 5025 2632 5079 in
2666 5028 2871 5082 mundo
2899 5029 3289 5087 dominantur?
3320 5035 3459 5101 Quid

1880 5119 2062 5162 autem
2098 5109 2228 5163 dicit
2273 5110 2603 5179 Apostolus?
2630 5116 2932 5169 Anathema
2964 5117 3052 5170 sit.
3087 5119 3273 5190 Angeli
3307 5121 3455 5178 labe-

1881 5200 2082 5256 factare
2126 5217 2235 5256 non
2265 5203 2509 5268 audent,
2543 5213 2596 5257 et
2622 5242 2636 5266 ,
2679 5205 2724 5259 si
2760 5205 3123 5273 labefactent,
3165 5212 3455 5267 anathema

1877 5307 1987 5347 non
2015 5293 2297 5369 eﬂ‘ugiunt,
2323 5298 2778 5365 quemadmodum
2801 5298 3046 5353 diabolus
3069 5315 3133 5355 ac
3155 5302 3274 5370 ejus
3297 5306 3453 5358 turba

1877 5385 2144 5439 desertrix
2168 5428 2182 5451 ,
2224 5397 2278 5440 et
2306 5403 2543 5456 quonam
2571 5388 2733 5442 modo
2765 5388 2819 5442 in
2868 5403 3032 5443 carne
3059 5391 3250 5446 vivens
3279 5398 3454 5450 omnis

1881 5479 2047 5533 homo
2067 5518 2080 5541 ,
2115 5479 2159 5533 si
2187 5479 2476 5535 labefactet
2501 5523 2513 5543 ,
2543 5489 2599 5535 et
2626 5495 2766 5534 nova
2797 5480 3132 5544 introducat,
3164 5498 3225 5536 ac
3257 5488 3454 5554 praeci-

1879 5585 1986 5639 pue
2023 5585 2160 5624 nova
2195 5570 2505 5640 hujnsmodi
2531 5613 2544 5636 ,
2585 5571 2795 5626 alienus
2835 5587 2866 5624 a
2896 5572 3005 5625 Deo
3037 5589 3145 5627 non
3179 5576 3319 5629 erit?
3349 5575 3451 5642 Qui

1882 5676 2014 5716 vero
2047 5676 2109 5715 ca
2156 5677 2277 5730 qua:
2313 5662 2453 5716 Deus
2496 5662 2811 5732 prohibuit,
2859 5677 2968 5717 non
3016 5666 3210 5735 recipit
3256 5670 3453 5736 (revo-

1880 5754 2049 5809 cauda
2080 5754 2226 5810 enim
2255 5755 2398 5811 unde
2425 5755 2666 5827 digressa
2693 5763 2777 5810 est
2804 5755 3020 5825 oratio),
3043 5757 3088 5812 is
3116 5757 3450 5816 Mmchiano—

3133 5965 3211 6026 33
