4158 6472
714 373 845 439 1035

1891 369 1951 429 S.
1984 360 2373 426 THEODORI
2422 363 2766 425 STUDIT/E

3820 364 3943 429 1036

708 506 827 544 rum
850 530 865 554 ,
903 484 984 541 vel
1016 484 1197 556 potius
1238 481 1703 538 Antichristorum
1747 479 2018 534 sententia
2055 478 2165 545 jam
2197 480 2281 527 est

2391 474 2470 525 τὸν
2502 476 2781 546 Δεσπότην
2810 475 3002 539 οὕτως,
3041 473 3228 545 ῶσπερ
3261 474 3311 526 οί
3334 473 3600 539 Ἰουδαῖοι,
3635 474 3697 527 ὲν
3732 474 3948 538 Βεελζι-

706 578 1227 636 exeommuniratus.
1265 574 1421 639 Quod
1450 575 1492 627 si
1523 574 1809 627 Dominum
1831 614 1845 637 ,
1896 571 2031 625 sicut
2065 566 2233 623 Judaei
2262 605 2277 630 ,

705 671 977 727 daemonia
1032 670 1087 722 in
1120 666 1427 721 Beelzebub
1476 665 1790 734 ejicientem
1835 670 2169 717 vocaverunt
2199 660 2280 726 ",

705 764 835 834 quid
862 763 927 817 de
959 761 1128 831 ipsius
1160 760 1332 813 servis
1358 768 1413 812 et
1442 757 1700 811 famulis?
1735 756 1841 810 Aut
1868 755 2014 809 enim
2044 768 2140 807 eos
2176 752 2282 805 Do-

707 856 841 911 mini
878 855 1023 925 leges
1070 853 1123 907 in
1178 852 1292 906 suis
1330 849 1834 920 diSpensationibus
1882 862 1991 901 non
2038 858 2283 899 servasse

707 950 835 1012 rati,
859 946 1308 1016 coniunctionem
1339 943 1569 997 adulleri
1600 952 1655 996 et
1683 939 2125 995 communionem
2157 951 2283 991 cum

707 1041 952 1095 adultero
980 1038 1168 1108 parilis
1201 1053 1320 1090 esse
1346 1034 1606 1090 momenti
1634 1048 1698 1087 ac
1728 1033 1913 1103 gloriae
1948 1036 2282 1092 statuerunt,

708 1148 863 1187 suam
914 1132 1017 1185 illis
1068 1129 1536 1199 dispensationem
1598 1126 2000 1197 adjungentes,
2055 1123 2285 1190 ideoque

708 1224 933 1278 minime
956 1222 1079 1276 illos
1100 1229 1354 1289 tanquam
1379 1220 1595 1289 exleges
1638 1228 1691 1271 et
1715 1216 2092 1270 mandatorum
2121 1220 2289 1265 trans-

710 1330 1007 1385 gressores,
1037 1312 1572 1366 anathematizarunt
1596 1350 1610 1373 ,
1638 1307 1976 1377 proindeque
2005 1304 2105 1372 ipsi
2135 1317 2289 1372 pror-

711 1422 805 1460 sus
827 1403 1319 1459 anathematizandi
1350 1411 1479 1455 sunt
1505 1419 1519 1454 :
1552 1410 1644 1454 aut
1685 1400 1855 1469 legem
1882 1397 1949 1450 ab
1973 1396 2076 1449 illis
2100 1410 2286 1448 serva-

712 1504 823 1549 tam
854 1510 975 1548 esse
1005 1495 1351 1557 conﬁtentes,
1382 1506 1441 1545 se
1472 1492 1620 1560 ipsos
1654 1487 2285 1546 anathematizaverunt,

709 1601 819 1640 non
853 1593 1035 1637 autem
1072 1594 1287 1638 sanctos
1310 1622 1323 1646 ,
1372 1592 1687 1635 sanctorum
1724 1579 1829 1633 sibi
1870 1593 2069 1631 nomen
2102 1575 2286 1630 miseri

709 1678 1051 1731 vindicantes
1079 1677 1131 1729 in
1157 1674 1586 1744 dispensatione,
1612 1680 1671 1726 ut
1694 1681 1909 1732 vocant.
1946 1669 2286 1737 conjunctio-

712 1770 800 1823 nis
827 1768 1054 1823 adulteri
1090 1785 1101 1819 :
1139 1782 1201 1821 ac
1232 1782 1299 1821 eo
1330 1766 1448 1835 ipso
1473 1778 1663 1819 rursus
1682 1772 1901 1818 sanctos
1925 1759 2286 1815 anathemati-

712 1870 975 1917 zaverunt
1005 1871 1263 1930 tanquam
1296 1858 1521 1914 minime
1555 1867 1774 1912 sanctos
1801 1874 1814 1911 :
1846 1852 2287 1925 quandoquidem

711 1952 884 2008 sancti
918 1966 1105 2006 eorum
1132 1949 1340 2020 judicio
1360 1949 1397 2002 ii
1429 1956 1578 2013 sunt,
1602 1947 1693 2017 qui
1718 1962 1816 2017 pro
1840 1946 2049 2000 viribus
2070 1944 2289 2012 dispen-

710 2042 949 2097 sationes
984 2038 1387 2110 conjunctionis
1414 2037 1770 2101 adulterinae,
1818 2046 1873 2090 et
1917 2033 2288 2089 communica-

712 2135 877 2189 tionis
905 2149 1027 2188 cum
1064 2132 1313 2186 adultero
1359 2130 1608 2201 principe
1648 2129 1898 2184 fecerunt
1944 2137 1999 2181 et
2042 2126 2285 2181 faciunt:

710 2226 873 2281 alieni
902 2234 1085 2280 autem
1110 2242 1139 2277 a
1168 2222 1277 2278 Deo
1305 2234 1361 2278 et
1383 2224 1599 2295 exleges
1627 2237 1689 2277 ac
1720 2221 2095 2279 mandatorum
2114 2230 2291 2274 trans-

712 2335 990 2393 gressores
1014 2360 1029 2385 ,
1063 2328 1119 2373 et
1149 2317 1610 2373 excommunicati
1646 2318 1788 2387 apud
1824 2319 1967 2385 ipsos
1997 2324 2157 2379 sunt,
2196 2312 2289 2383 qui

713 2414 928 2469 illorum
950 2412 1413 2483 dispensationem
1439 2411 1703 2465 adulteris
1728 2408 2154 2479 patrocinantem
2180 2422 2288 2461 non

714 2506 1012 2576 recipiunt,
1047 2521 1147 2559 nec
1181 2505 1327 2558 illius
1358 2504 1603 2574 vestigiis
1635 2502 1910 2555 insistunt.

785 2597 1166 2664 Undecunque
1202 2596 1366 2665 igitur
1394 2594 1615 2648 libuerit
1646 2603 1701 2647 et
1728 2607 2111 2661 quamcunque
2143 2591 2289 2659 ipso-

716 2702 834 2739 rum
870 2687 1167 2755 impietatis
1211 2700 1397 2739 vocem
1436 2684 1658 2749 intueri,
1706 2682 1901 2753 cogita,
1946 2682 2035 2751 qui
2073 2680 2291 2735 solertia

718 2779 909 2848 polles,
945 2788 999 2831 et
1031 2781 1227 2831 mirare
1254 2820 1267 2842 ,
1297 2778 1459 2831 altam
1492 2776 1664 2847 magis
1694 2776 1971 2845 magisque
2001 2774 2292 2844 impietatis

713 2869 1025 2941 voraginem
1053 2871 1428 2939 contemplans
1453 2885 1516 2923 ac
1542 2867 1850 2921 revolvens.
1878 2866 1991 2920 Non
2023 2867 2165 2920 enim
2206 2876 2290 2920 to-

716 2972 823 3017 tam
856 2962 1037 3018 statim
1064 2962 1397 3031 impietatem
1424 2976 1575 3015 suam
1608 2960 1847 3030 produnt
1881 2960 2152 3013 hzereses:
2195 2960 2291 3013 sed

712 3053 832 3127 aliae
855 3055 1071 3123 quidem
1102 3068 1323 3122 prorsus
1344 3052 1533 3105 aliena:
1562 3062 1691 3105 sunt
1719 3051 1786 3104 ab
1814 3049 2113 3119 Evangelio
2134 3090 2147 3114 ,
2175 3051 2293 3103 aliae

2382 564 2511 617 ϐοὺλ
2569 566 2854 619 ἐκϐάλλειν
2902 565 3065 619 αὑτὸν
3111 566 3179 617 τά
3234 566 3485 635 δαιμόνια
3535 565 3873 634 κεκλήκασις
3905 568 3951 618 τί

2382 655 2510 724 περί
2538 655 2644 707 τῶν
2674 656 2879 709 δούλων
2914 655 3007 708 καῖ⁵
3048 654 3394 725 θεραπόντων
3430 655 3630 718 αύτοῦ;
3664 655 3696 725 ἢ
3738 655 3852 724 γάρ
3887 656 3955 717 ὡς

2382 745 2443 797 οὑ
2476 746 2952 816 πειθαρχήσαντας
2984 748 3097 809 τοῖς
3124 748 3471 809 Δεσποτικοῖς
3501 747 3689 815 νόμοις
3738 748 3798 797 ὲν
3844 749 3956 807 ταῖς

2382 839 2716 907 οἰκονομίαις
2750 838 2931 891 αὑτῶν
2975 837 3341 905 ὲδογμάτισαν
3382 837 3668 907 ἰσόρροπον
3706 839 3804 889 καὶ
3855 839 3957 889 ἰσο·

2385 930 2514 1000 κλεῆ
2552 930 2651 1000 τὴν
2694 929 3066 1000 μοιχοζευξίαν
3111 928 3203 982 καί⁵
3256 931 3721 998 μοιχοκοινωνίαν,
3758 930 3958 981 οἰκονο-

2389 1023 2518 1093 μίαν
2550 1025 2739 1087 αὑταῖς
2772 1024 3151 1088 συντάξαντες,
3187 1023 3281 1077 καὶ
3309 1023 3398 1075 διά
3429 1022 3585 1075 τοῦτο
3620 1022 3697 1085 ῶς
3728 1022 3958 1091 ἀνόμους

2385 1116 2509 1177 τοὺς
2541 1114 2751 1181 ἁγίους,
2783 1115 2877 1167 καὶ
2907 1113 3226 1185 παραϐάτας
3270 1114 3380 1165 τῶν
3416 1113 3647 1165 ἐντολῶν
3686 1114 3958 1183 ἀνεθεμά-

2385 1222 2564 1270 τισαν,
2598 1206 2688 1258 καὶ
2717 1205 2962 1258 ἐντεῦθεν
2989 1206 3206 1267 πάντως
3234 1204 3681 1274 ἀναθεματιστέοι
3701 1221 3717 1235 ·
3749 1205 3783 1273 ἦ
3816 1222 3961 1273 νομο-

2389 1297 2635 1367 φύλακας
2669 1297 2866 1359 αὑτοὺς
2901 1296 3310 1366 ὁμολογοῦντες,
3356 1299 3582 1361 ἑαυτοὺς
3637 1297 3958 1366 ἀνεθεμάτι-

2391 1404 2510 1442 σαν.
2546 1386 2685 1439 Ἀλλ’
2712 1388 2773 1439 οὑ
2796 1388 2924 1450 τοὺς
2945 1388 3149 1456 ἁγίους,
3178 1392 3627 1460 σφετερισάμενοι
3659 1393 3705 1443 οί
3737 1390 3959 1444 δείλαιοι

2389 1474 2469 1537 εἰς
2500 1474 2724 1536 ἑαυτοὺς
2750 1474 2811 1527 τὺ
2839 1474 2947 1527 τῶν
2981 1477 3151 1543 άγίων
3176 1477 3345 1547 ὄνομα
3377 1480 3435 1531 ὲν
3462 1482 3527 1551 τῇ
3562 1480 3833 1550 λεγομένῃ
3870 1481 3961 1534 αὑ.

2388 1568 2503 1629 τοῖς
2531 1567 2811 1635 οἰκονομία
2845 1569 2943 1636 τῆς
2988 1569 3365 1638 μοιχοζευξίας
3386 1584 3400 1597 ·
3431 1572 3523 1623 κα)⁸
3552 1570 3641 1623 διά
3672 1571 3838 1625 τοῦτο
3864 1573 3962 1625 πά-

2388 1656 2471 1709 λιν
2502 1658 2628 1719 τοὺς
2660 1658 2848 1725 ἁγίους
2893 1660 3291 1729 ἀνεθεμάτισαν
3320 1662 3396 1726 ὡς
3439 1664 3513 1733 μὴ
3546 1662 3706 1726 ϐντας
3737 1664 3957 1732 ἀγίους’

2392 1750 2513 1803 ἐπεὶ
2530 1750 2673 1818 ἀγιοι
2704 1750 2823 1803 κατ’
2845 1751 3041 1815 αὑτοὺς
3066 1753 3115 1804 οἰ
3144 1753 3284 1806 κατά
3308 1753 3532 1824 δύναμιν
3558 1756 3655 1825 τῆς
3680 1756 3955 1827 μοιχοζευ-

2391 1842 2507 1907 ξίας
2547 1842 2639 1894 καὶ
2673 1844 3185 1913 μοιχομεριδαρχίας
3237 1844 3337 1908 τὰς
3376 1848 3685 1917 οἰκονομίας
3726 1866 3962 1920 πεποιη-

2389 1932 2545 1995 κότες
2597 1933 2692 1985 καὶ
2739 1933 3039 1997 ποιοῦντες,
3085 1934 3181 1989 καὶ
3212 1930 3359 1991 οὗτοι
3400 1937 3665 2009 ἀλλότριοι
3698 1940 3840 1993 Θεοῦ
3873 1942 3961 1993 καὶ

2388 2025 2601 2094 ἄνομοι,
2659 2024 2754 2077 καὶ
2809 2026 3121 2097 παραϐάται
3176 2028 3428 2092 ἐντολῶν,
3481 2031 3576 2083 καὶ
3633 2032 3962 2102 ἀναθεμττιο

2392 2117 2580 2187 σμένοι
2620 2117 2749 2189 παρ’
2779 2118 2986 2183 αὑτοῖς,
3017 2120 3066 2173 οἰ
3093 2120 3170 2191 μὴ
3196 2120 3294 2191 τὴν
3326 2122 3753 2192 μοιχοσύστατον
3786 2124 3961 2179 αὐτῶν

2389 2210 2703 2279 οἰκονομίαν
2738 2209 3040 2282 δεχόμενοι,
3075 2212 3168 2265 καὶ
3194 2212 3263 2266 τὰ
3292 2215 3415 2269 κατ’
3447 2216 3593 2285 ίχνος
3618 2216 3795 2287 αὐτῆς
3823 2220 3961 2271 οἰκο-

2391 2317 2706 2371 νομουντες.

2464 2589 2627 2645 Ὅθεν
2659 2586 2755 2646 οὖν
2794 2590 2995 2662 βούλει,
3026 2591 3116 2647 καὶ
3143 2594 3382 2667 ποτέραν
3410 2596 3519 2650 τῶν
3546 2597 3757 2651 ἀσεϐῶν
3789 2599 3963 2653 αὑτῶν

2393 2679 2577 2751 φωνὴν
2627 2682 2828 2747 ἐθέλοις
2866 2685 3016 2749 ίδεῖν,
3048 2686 3179 2751 νόει,
3212 2688 3239 2739 ὁ
3271 2688 3545 2757 ἀγχίνους,
3571 2690 3665 2742 καὶ
3693 2690 3961 2761 θαύμαζε,

2394 2773 2558 2841 βάθος
2586 2775 2650 2826 ὲκ
2679 2774 2874 2843 βάθους
2904 2778 3091 2840 ἀθεῖας
3116 2777 3443 2848 ἀναθεωρῶν
3473 2780 3567 2835 καί
3595 2781 3964 2853 ἀναλαμϐανό-

2394 2880 2574 2933 μενος.
2612 2865 2744 2917 Ούδὲ
2774 2866 2881 2936 γάρ
2912 2868 2965 2919 al
2996 2868 3235 2939 αἱρέσεις
3272 2871 3525 2941 προφανῆ
3555 2874 3651 2942 τὴν
3681 2872 3813 2941 ὃλην
3842 2874 3965 2927 ἀσέ-

2392 2955 2545 3010 ϐειαν
2588 2956 2803 3027 ἔχουσιν
2828 2974 2842 2989 ο
2878 2960 2993 3011 ἀλλ’
3026 2963 3080 3013 αἰ
3132 2962 3232 3031 μὲν
3280 2964 3467 3035 πόρρω
3500 2964 3593 3017 τοῦ
3633 2964 3964 3033 Εὑαγγελίου

2394 3049 2569 3119 πάντη
2601 3066 2663 3116 γε
2684 3065 2697 3077 ·
2729 3050 2784 3101 αἰ
2815 3050 2871 3102 δὲ
2904 3050 3264 3119 ὑποδούμεναι
3292 3055 3356 3107 ὲκ
3380 3056 3473 3108 τοῦ
3507 3056 3848 3125 Εύαγγελίου
3872 3058 3966 3127 ῥή-

713 3159 844 3199 vero
871 3144 1035 3198 verba
1067 3143 1313 3212 quaedam
1342 3157 1405 3196 ex
1443 3142 1740 3212 Evangelia
1784 3151 2069 3211 captantes
2095 3182 2109 3205 ,
2166 3157 2289 3195 cum

2395 3153 2508 3200 σεις
2540 3138 2713 3202 τινὰς,
2744 3141 3216 3212 συνεισέρχονται·
3248 3145 3310 3197 οὑ
3334 3146 3586 3213 λέγουσαι
3625 3148 3701 3219 μὴ
3733 3156 3965 3219 στοιχεῖν

716 3236 801 3290 his
820 3251 879 3289 se
918 3234 1233 3295 insinuant,
1278 3232 1697 3301 haudquaquam
1737 3232 2056 3302 proﬁtentes
2080 3247 2138 3286 se
2172 3247 2295 3285 ora-

714 3328 834 3382 cnla
866 3327 1177 3399 evangelica
1226 3341 1334 3379 non
1382 3326 1579 3395 sequi:
1626 3325 1735 3381 imo
1780 3340 1878 3397 pro
1920 3326 2024 3381 illis
2061 3324 2294 3381 maxime

718 3429 1019 3489 pugnantes
1050 3420 1103 3472 in
1136 3419 1377 3490 speciem
1415 3462 1429 3484 ,
1467 3420 1609 3489 quod
1654 3422 1758 3475 isto
1790 3430 1841 3475 et
1878 3436 1984 3473 non
2012 3420 2101 3474 illo
2132 3419 2294 3475 modo

716 3510 885 3581 accipi
920 3511 1195 3574 debeant,
1251 3512 1302 3564 in
1334 3511 1533 3567 divinis
1581 3513 1927 3567 sermonibus
1971 3512 2295 3582 ambiguita-

716 3613 825 3657 tem
858 3611 1181 3657 statuentes.
1218 3602 1282 3657 Et
1312 3620 1431 3657 cum
1471 3620 1499 3657 a
1544 3614 1694 3657 recto
1726 3620 1888 3657 sensu
1913 3604 2290 3666 discesserint,

716 3695 954 3749 haereses
994 3696 1287 3749 nominatae
1350 3705 1499 3748 sunt.
1550 3692 1687 3749 Hinc
1721 3709 1849 3749 vero
1890 3692 2174 3747 manifesta
2213 3702 2296 3747 est

715 3784 988 3838 deerratio
1015 3800 1043 3838 a
1068 3784 1191 3838 ﬁde.
1216 3783 1334 3838 Non
1358 3793 1545 3839 errant
1568 3785 1709 3854 quod
1739 3785 1806 3839 ad
1829 3800 2048 3839 sensum
2067 3787 2289 3838 attinet:

716 3876 811 3931 sed
834 3876 977 3945 quod
1004 3875 1224 3940 dicant;
1258 3876 1508 3931 Christus
1530 3877 1747 3945 quidem
1777 3878 1855 3931 sic
1880 3877 1975 3936 ait.
1999 3888 2293 3946 quantum-

714 3968 797 4019 vis
827 3966 911 4019 lex
942 3967 1019 4020 sic
1053 3966 1268 4028 habeat,
1303 3965 1356 4019 in
1392 3966 1609 4037 regibus
1644 3968 1717 4020 ita
1748 3967 1862 4022 ﬁeri
1896 3987 1907 4021 :
1944 3969 2086 4023 vinci
2117 3968 2295 4023 Evan-

715 4058 935 4129 gelium.
962 4056 1097 4111 Vide
1120 4057 1577 4127 quemadmodum
1611 4058 1735 4112 ﬁnis
1768 4060 2037 4128 principio
2065 4075 2292 4129 respon-

716 4147 860 4201 deat.
914 4145 955 4197 Α
1010 4145 1208 4199 Christi
1270 4144 1648 4199 incarnatione
1698 4144 1936 4199 haereses
1986 4156 2125 4199 nata:
2167 4154 2295 4201 sunt

715 4245 867 4289 extra
912 4233 1304 4305 Evangelium;
1352 4235 1548 4289 deinde
1595 4235 1841 4289 diabolus
1887 4238 2143 4305 paulatim
2198 4254 2296 4309 per

715 4328 900 4398 gratiae
934 4326 1269 4380 incrementa
1298 4327 1571 4395 repulsus,
1606 4342 1670 4380 ex
1708 4327 1942 4396 ipsomet
2000 4328 2295 4399 Evangelio

714 4420 1021 4476 clanculum
1070 4419 1419 4474 subintravit.
1471 4418 1765 4489 Scriptura:
1810 4420 1986 4474 verbis
2036 4431 2292 4491 textuque

714 4513 834 4582 ipso
864 4520 1049 4581 tegens
1072 4526 1274 4573 escam,
1306 4512 1540 4565 ἣξει-οδες
1574 4522 1842 4580 procreat.
1879 4527 2047 4580 usque
2079 4514 2144 4567 ad
2172 4513 2290 4569 lco-

714 4604 1033 4667 nomachos,
1066 4618 1128 4658 ac
1164 4612 1447 4673 postquam
1479 4618 1538 4657 se
1558 4603 1849 4657 auscultari
1880 4604 1949 4658 ab
1980 4605 2293 4661 hominibus

716 4698 907 4763 sensit,
939 4696 1411 4765 appropinquante
1447 4694 1607 4748 simul
1645 4695 2130 4749 consummationis
2154 4704 2292 4750 tem-

716 4798 847 4853 pore
869 4823 883 4844 .
925 4793 1093 4852 coepit
1134 4784 1392 4853 deinceps
1416 4826 1431 4849 ,
1464 4785 1605 4838 sicut
1644 4784 1797 4837 initio
1825 4825 1837 4846 ,
1870 4784 2092 4837 exitium
2124 4786 2293 4854 ipsius

716 4873 995 4943 Evangelii
1026 4873 1237 4939 moliri,
1271 4884 1330 4928 ut
1368 4889 1607 4945 congrue
1640 4884 1891 4927 occurrat
1923 4876 2289 4943 Antichristo,

716 4964 770 5017 in
799 4980 906 5033 quo
939 4962 1234 5029 habitabit,
1267 4973 1323 5019 et
1354 4965 1407 5017 in
1434 4980 1544 5033 quo
1572 4972 1682 5018 tota
1716 4964 1885 5033 ipsius
1915 4965 2216 5020 amaritudo
2239 4976 2294 5021 et

714 5058 985 5126 apostasia
1031 5055 1289 5123 pateﬁet,
1346 5071 1507 5125 quem
1555 5055 1817 5109 Dominus
1859 5057 2143 5125 prtesentia
2194 5072 2290 5112 sua

714 5166 876 5220 quam
906 5150 1169 5203 citissime
1203 5148 1498 5202 interimet.
1539 5148 1612 5203 De
1646 5149 1804 5202 tertio
1834 5158 2012 5201 autem
2045 5148 2171 5218 quid
2207 5149 2290 5203 di-

716 5242 941 5297 cemus?
975 5241 1075 5305 Qui
1108 5241 1255 5294 enim
1297 5241 1646 5310 Evangelium
1682 5252 1867 5310 aperta
1907 5242 2084 5296 fronte
2115 5252 2292 5296 trans-

716 5334 865 5405 gredi
920 5334 1037 5387 ausi
1092 5344 1257 5397 sunt,
1308 5349 1511 5403 eosque
1572 5335 1665 5403 qui
1717 5334 2017 5405 transgredi
2068 5334 2291 5388 noluere

715 5425 1353 5487 anathematizaverunt,
1406 5440 1633 5494 ecquam
1687 5425 1761 5479 illi
1816 5441 1999 5480 curam
2055 5424 2288 5479 habituri

716 5525 843 5569 sunt
878 5528 1147 5568 canonum
1172 5555 1187 5578 ,
1220 5516 1574 5583 quantumvis
1601 5531 1631 5569 a
1657 5516 1861 5586 Spiritu
1916 5527 2108 5571 sancto
2141 5516 2291 5570 obsi-

716 5604 861 5674 gnati
884 5604 1013 5667 sint,
1036 5618 1098 5657 ac
1123 5620 1311 5659 eorum
1331 5604 1687 5661 dissolutione
1714 5606 2078 5661 dissolvantur
2107 5610 2289 5663 omnia

716 5710 836 5765 quae
864 5695 930 5748 ad
963 5695 1191 5750 salutem
1226 5706 1468 5752 nostram
1507 5697 1780 5753 attinent?
1826 5697 2105 5768 Nusquam
2141 5700 2287 5754 enim

795 5812 836 5841 ³¹
864 5810 997 5862 Luc.
1028 5826 1100 5874 xl,
1140 5812 1225 5864 15.

2393 3229 2504 3288 τοῖς
2534 3230 2906 3297 εὑαγγελικοῖς
2937 3232 3323 3304 θεσπίσμασιν,
3354 3234 3488 3289 ἀλλά
3514 3239 3603 3291 καὶ
3635 3242 3778 3293 πάνυ
3807 3242 3869 3294 τὸ
3891 3242 3966 3295 δο-

2394 3321 2511 3372 κεῖν
2543 3320 2682 3388 ὑπὲρ
2718 3322 2895 3374 αὑτῶν
2924 3324 3477 3398 ἀντιποιούμεναι,τῷ
3508 3330 3681 3395 οὑτως
3705 3332 3965 3397 νοεῖσθαι,

2394 3414 2489 3467 καὶ
2530 3413 2603 3485 μὴ
2638 3412 2807 3479 οὕτως
2830 3429 2845 3445 ·
2887 3417 2966 3478 εἰς
2996 3418 3121 3481 τοὺς
3151 3417 3329 3484 θείους
3357 3419 3549 3489 λόγους
3593 3424 3689 3495 τὴν
3727 3426 3969 3497 ἀμφιϐο-

2392 3505 2513 3559 λίαν
2558 3505 2803 3575 ἔχουσαι.
2845 3506 2953 3560 Καὶ
2981 3508 3169 3579 ἐπειδὴ
3201 3511 3635 3582 ἀποτυγχάνουσι
3676 3518 3772 3569 τοῦ
3807 3518 3967 3588 όρθοῦ

2394 3601 2760 3667 φρονήματος,
2786 3600 3024 3667 αἱρέσεις
3044 3602 3563 3673 κατωνομάσθησαν.
3614 3608 3884 3661 Ἐνταῦθα
3913 3610 3969 3662 δὲ

2395 3689 2606 3758 φανερᾶ
2634 3691 2905 3752 ἔκπτωσις
2930 3691 3184 3755 πίστεως.
3214 3693 3289 3745 υὺ
3318 3695 3443 3762 περί
3469 3695 3560 3747 τὸν
3586 3697 3711 3750 νοῦν
3740 3700 3971 3768 σφαλλό-

2398 3793 2569 3846 μενοι,
2613 3778 2747 3831 eam
2796 3779 3077 3847 λέγοντες·
3112 3782 3221 3835 Καὶ
3260 3776 3415 3835 εἶπεν
3452 3786 3481 3837 ό
3526 3786 3761 3856 Χριστὸς
3806 3792 3968 3856 οὑτω,

2396 3868 2496 3921 κᾶν
2534 3869 2696 3939 νόμος
2737 3872 2837 3943 ἔχῃ
2871 3873 3017 3934 τάδε,
3047 3873 3139 3926 ἐπὶ
3173 3874 3281 3926 τῶν
3316 3875 3579 3945 βασιλέων
3613 3879 3785 3945 οὑτως
3821 3884 3971 3952 γίνε-

2398 3961 2543 4026 σθαι,
2569 3962 2824 4015 νικᾶσθαι
2852 3965 2913 4016 τὸ
2933 3965 3283 4033 Εὑαγγέλιον.
3314 3968 3594 4035 Σκόπησον
3622 3972 3741 4036 πῶς
3769 3977 3837 4044 τῇ
3874 3978 3970 4045 ἀρ-

2395 4053 2463 4119 χῇ
2488 4049 2547 4101 τὸ
2572 4050 2721 4113 τέλος
2749 4052 3053 4108 ἀκολουθεῖ.
3090 4055 3220 4109 Ἀπὸ
3241 4055 3477 4126 Χριστοῦ
3502 4060 3970 4134 ὲνανθρωπήσεως

2395 4141 2631 4211 ἧρξαντο
2673 4136 2872 4205 ἔξωθεν
2914 4145 3009 4197 τοῦ
3054 4144 3389 4213 Εὑαγγελίου
3434 4149 3488 4201 αἰ
3534 4149 3793 4221 αἱρέσεις.
3838 4152 3968 4208 Εἶτα

2396 4232 2793 4302 ἀποκρουσθεὶς
2827 4235 2856 4286 ό
2883 4234 3125 4301 διάϐολος
3162 4237 3249 4293 διά
3283 4238 3381 4309 τῆς
3424 4239 3565 4293 κατά
3604 4244 3803 4314 μικρὸν
3836 4264 3968 4318 προ⁴

2396 4326 2569 4394 κοπῆς
2595 4324 2695 4394 τῆς
2723 4324 2963 4396 χάριτος,
2995 4326 3289 4395 ὑπεισῆλθε
3321 4328 3687 4394 λανθανόντως
3714 4334 3771 4400 ἐξ
3801 4335 3967 4389 αὑτοῦ

2394 4416 2490 4469 τοῦ
2522 4416 2873 4484 Εὑαγγελίου.
2904 4417 3073 4489 Γεννᾷ
3102 4419 3198 4482 τὰς
3220 4421 3461 4490 αἰρέσεις
3489 4422 3649 4491 μέχρι
3673 4422 3784 4477 τῶν
3807 4426 3968 4480 Εἰκο-

2396 4508 2667 4576 νομάχων,
2721 4506 2829 4560 ἀπὸ
2886 4506 3107 4577 Γραφῆς
3155 4509 3246 4561 καὶ
3306 4511 3415 4563 τῶν
3466 4511 3737 4580 κειμένων
3786 4515 3969 4569 αὑτῶν

2394 4598 2758 4667 ὑποδούμενος
2806 4598 2866 4650 τὸ
2909 4598 3120 4669 δέλεαρ.
3163 4600 3273 4654 Καὶ
3312 4602 3450 4655 ἐπάν
3484 4600 3678 4673 ᾔσθετο
3707 4604 3969 4674 εὐηκόους

2392 4686 2542 4757 αύτῷ
2581 4689 2706 4751 τοὺς
2738 4687 3056 4758 ἀνθρώπους
3095 4690 3381 4760 ὑπάρχειν,
3417 4692 3830 4756 συνελαύνοντος
3875 4697 3969 4751 καὶ

2391 4780 2486 4834 τοῦ
2518 4779 2711 4851 καιροῦ
2757 4779 2855 4850 τῆς
2886 4780 3215 4845 συντελείας,
3245 4783 3451 4853 ᾗρξατο
3480 4785 3541 4837 ἐκ
3574 4782 3668 4837 τοῦ
3698 4784 3863 4857 δεῦρο
3893 4789 3969 4851 ὡς

2391 4875 2452 4925 τὸ
2500 4872 2594 4925 ἀπ’
2619 4870 2816 4943 ἀρχῆς,
2846 4872 2963 4924 κατ’
2991 4871 3155 4925 αὑτοῦ
3196 4874 3291 4927 τοῦ
3330 4874 3663 4943 Εὑαγγελίου
3705 4876 3968 4933 ἀνάπτειν

2390 4964 2482 5017 τδν
2511 4964 2691 5032 φόνον,
2722 4964 2870 5025 ὅπως
2913 4963 3223 5037 καταντήσῃ
3254 4966 3335 5028 εἰς
3359 4965 3450 5018 τὸν
3478 4964 3847 5035 Ἀντίχριστον
3873 4969 3964 5023 e6-

2393 5056 2581 5117 θέτως,
2608 5055 2691 5123 ἐφ’
2719 5054 2777 5108 ὃν
2813 5056 3150 5124 κατοικήσει,
3180 5058 3273 5110 καὶ
3306 5056 3363 5109 ὲν
3382 5049 3427 5123 ᾧ
3449 5057 3966 5128 ἀποκαλυφθήσεται

2390 5150 2425 5219 ἠ
2449 5150 2599 5199 πᾶσα
2634 5146 2800 5199 αὑτοῦ
2832 5146 3033 5215 πικρία
3061 5147 3155 5199 καὶ
3183 5148 3509 5213 ἀποστασία,
3548 5147 3607 5200 ὃν
3637 5148 3819 5202 ἀνελεῖ
3854 5150 3965 5204 Κύ-

2394 5256 2508 5309 ριος
2533 5242 2599 5309 τῇ
2623 5239 2913 5309 ἐπιφανείᾳ
2937 5237 3101 5291 αὑτοῦ
3124 5240 3205 5291 ὅτι
3228 5240 3475 5308 τάχιστα.
3506 5240 3577 5292 Πε
3589 5240 3640 5310 ρί
3665 5240 3760 5293 τοῦ
3780 5242 3963 5309 τρίτου

2390 5329 2442 5381 τί
2488 5331 2579 5381 καὶ
2624 5330 2850 5398 φῶμεν;
2884 5330 2944 5380 Ui
2976 5328 3083 5395 γὰρ
3123 5328 3186 5381 τὸ
3230 5329 3559 5395 Εὑαγγέλιον
3606 5331 3965 5399 παραϐαίνειν

2392 5422 2573 5490 γυμνῇ
2629 5421 2697 5490 τῇ
2741 5419 2951 5490 κεφαλῇ
2996 5421 3531 5492 κατατολμήσαντες,
3570 5421 3663 5473 καὶ
3708 5424 3835 5486 τοὺς
3889 5425 3961 5493 μὴ

2390 5510 2752 5581 παραϐαίνειν
2805 5511 3255 5580 αἰρετισαμένους
3315 5511 3853 5581 ἀναθεματίσαντες,
3910 5513 3962 5567 τί

2392 5604 2522 5675 περὶ
2566 5605 2806 5656 κανόνων
2854 5601 3040 5664 αὑτοῖς
3082 5602 3345 5672 μελήσει;
3379 5603 3487 5657 Καί
3524 5620 3585 5673 γε
3621 5604 3717 5656 καὶ
3758 5604 3959 5657 τούτων

2390 5697 2495 5750 ὑπὸ
2521 5694 2837 5765 Πνεύματος
2866 5693 3023 5763 ἁγίου
3061 5694 3534 5766 ἐσφραγισμένων,
3563 5696 3657 5749 καὶ
3691 5700 3747 5750 ὲν
3776 5699 3841 5768 τῇ
3866 5693 3958 5748 λὺ-
