4158 6498
236 437 371 503 1037

1452 443 1989 501 EPISTOIARUM
2024 444 2168 503 LIB.
2194 446 2245 505 Ι.

3332 452 3468 514 1038

231 565 320 600 σει
356 547 534 600 αὐτῶν
562 544 871 613 λελυμένων
902 544 1067 596 ὅντων
1106 546 1214 596 τῶν
1248 545 1499 598 ἁπάντων
1527 549 1605 608 εἰς
1636 565 1800 615 σωτη-

1911 548 2293 611 sacerdotium,
2323 549 2667 615 sacriﬁcium,
2696 565 2759 603 ac
2791 552 2995 620 reliqua
3032 555 3343 609 morborum
3377 575 3473 611 no.

226 640 356 708 ρίαν
408 633 564 705 ἡμῶν
615 634 879 704 ἡκόντων.
921 634 1168 704 Ούδαμοῦ
1226 637 1330 705 γὰρ
1377 636 1660 707 ἱερωσύνη,
1713 637 1804 689 θυ-

226 732 345 793 σία,
375 727 546 783 τᾶλλα
584 726 790 795 ἰάματα
834 724 943 778 τῶν
979 725 1224 796 ψυχικῶν
1249 726 1406 797 ἡμῶν
1442 728 1804 799 ἀρρωστημά-

224 838 366 873 των.

298 912 367 964 Τί
395 912 451 966 δὶ
476 911 619 980 λέγω
643 911 906 978 κανόνων,
928 910 1021 964 καὶ
1046 909 1307 981 ποιοῦμαι
1331 911 1594 983 διαφοράν
1620 928 1635 977 ;
1664 913 1805 965 Ταυ-

223 1003 320 1055 τὸν
349 1005 496 1056 ἐστιν
525 1005 700 1057 εἰπεῖν
718 1004 813 1057 καί
842 1003 928 1056 ἐπ’
956 1001 1133 1055 αὐτῶν
1152 1001 1294 1075 [καὶ]
1316 1004 1649 1071 Εὑαγγελίου
1672 1006 1804 1075 Χρι-

226 1094 380 1148 στοῦ.
405 1094 575 1159 Αὐτὸς
604 1095 711 1165 γὰρ
737 1094 835 1158 τὰς
862 1094 1010 1158 κλεῖς
1036 1093 1235 1148 δέδωκε
1264 1099 1361 1165 τῆς
1379 1095 1666 1165 ’βασιλείας
1694 1097 1803 1149 τῶν

221 1187 469 1258 οὐρανῶν
508 1186 586 1258 τῷ
617 1186 837 1258 μεγάλῳ
870 1186 1060 1258 Πέτρῳ
1092 1186 1317 1256 φάσκων
1337 1204 1351 1218 ·
1382 1189 1479 1241 Ὃν
1516 1187 1580 1241 ἂν
1613 1186 1800 1260 λύσῃς,

224 1278 325 1332 καὶ
370 1277 430 1331 ὃν
475 1277 543 1332 ἃν
585 1277 774 1351 δήσῃς,
801 1276 951 1331 ἔσται
985 1277 1046 1330 τὸ
1075 1277 1169 1330 καὶ
1198 1277 1279 1331 τό.
1316 1278 1426 1332 Καὶ
1464 1278 1625 1331 πάλιν
1667 1280 1802 1332 πᾶσι

222 1373 340 1432 τοῖς
366 1352 707 1432 ἀποστόλοιςί
747 1367 967 1423 Λάϐετε
1006 1368 1246 1437 Πνεῦμα
1288 1368 1487 1438 ἅγιον
1522 1370 1600 1424 ἂν
1625 1387 1803 1424 τινων

221 1460 418 1529 ἀφῆτε
438 1460 541 1526 τὰς
560 1460 867 1529 ἁμαρτίας,
893 1458 1166 1527 ἀφίενται
1184 1476 1197 1490 ·
1226 1460 1323 1513 καὶ
1360 1457 1436 1513 ἅν
1458 1479 1636 1515 τινων
1658 1478 1801 1530 sapa.

222 1552 386 1620 τῆτε,
420 1550 832 1619 κεκράτηνται.
873 1551 985 1603 Καὶ
1019 1551 1299 1621 ἑπομένως
1328 1551 1538 1616 τούτοις
1568 1554 1647 1618 εἰς
1674 1553 1802 1617 τοὺς

226 1646 347 1712 μετ’
389 1644 589 1703 αὐτοὺς
622 1640 953 1705 διαϐιϐάζων
992 1643 1091 1713 τὴν
1134 1642 1415 1708 ἐξουσίαν,
1451 1644 1655 1715 ἐάνπερ
1693 1644 1801 1698 ὡσ-

223 1734 406 1798 αύτως
446 1732 725 1804 πράξοιεν.
779 1732 890 1785 Καὶ
933 1731 1020 1785 διὰ
1052 1732 1207 1786 τοῦτο
1243 1730 1547 1797 Βασιλείου,
1574 1735 1801 1788 καὶτῶν

227 1824 551 1875 ἰσοστασίων
601 1820 748 1893 αὐτῷ
777 1821 967 1888 ἁγίων,
995 1821 1071 1885 ὡς
1099 1812 1209 1875 τῶν
1232 1823 1604 1879 ἁποστολικῶν
1636 1825 1798 1880 κανό-

1909 649 2148 695 atrorum
2177 640 2541 710 spiritualium
2565 642 2977 699 medicamenta.

1981 900 2118 966 Quid
2153 913 2331 958 autem
2369 920 2606 961 canones
2638 906 2759 963 dico
2783 948 2797 972 ,
2834 924 2897 964 ac
2939 908 3227 965 discrimen
3259 910 3475 981 aliquod

1910 994 2132 1047 statuo?
2168 994 2395 1049 Perinde
2421 1007 2500 1052 est
2536 999 2601 1052 de
2635 1001 2924 1071 Evangelia
2950 1001 3151 1056 Christi
3182 1017 3247 1057 ac
3274 1003 3340 1057 de
3372 1005 3477 1057 illis

1909 1083 2111 1139 dicere.
2148 1084 2264 1154 Ipse
2296 1088 2440 1141 enim
2470 1090 2650 1144 claves
2676 1092 2827 1159 regni
2856 1092 3116 1147 cmlorum
3150 1107 3347 1164 magno
3375 1095 3477 1148 Pe-

1911 1180 1995 1227 tro
2036 1174 2257 1230 tradidit
2307 1176 2393 1230 his
2434 1179 2613 1233 verbis
2659 1195 2673 1231 :
2709 1180 3100 1251 Quemcunque
3142 1184 3368 1239 solveris
3422 1197 3477 1240 ct

1909 1278 2289 1335 quemcunque
2315 1268 2569 1339 ligaveris
2594 1312 2609 1337 ,
2648 1280 2750 1326 hoc
2775 1273 2881 1326 erit
2913 1284 2968 1328 et
2998 1274 3127 1329 illud
3154 1275 3217 1329 ³³.
3258 1276 3327 1329 Ει
3354 1292 3477 1331 rur-

1908 1368 2028 1409 sum
2059 1358 2312 1413 omnibns
2343 1360 2601 1429 apostolis
2625 1379 2637 1413 :
2665 1362 2893 1432 Accipite
2920 1362 3177 1431 Spiritum
3202 1375 3474 1420 sanctum:

1909 1460 2128 1513 quorum
2160 1449 2460 1503 remiseritia
2489 1461 2722 1520 peccata,
2749 1455 3087 1508 remittuntur
3118 1456 3228 1519 eis;
3268 1466 3315 1511 et
3343 1473 3473 1527 quo-

1910 1552 2025 1589 rum
2057 1538 2405 1604 retinueritis,
2455 1550 2657 1595 retenta
2705 1555 2828 1597 sunt
2857 1546 2901 1577 ³⁵
2935 1561 3043 1601 :ac
3081 1559 3476 1620 consequenter

1908 1635 2227 1695 potestatem
2255 1631 2628 1688 transmittens
2653 1634 2717 1689 ad
2745 1649 2932 1689 eorum
2956 1652 3316 1704 successores,
3350 1655 3473 1695 cum

1908 1716 2050 1772 idem
2096 1720 2327 1790 egerint.
2394 1722 2640 1793 Cumque
2694 1725 2899 1783 idcirco
2954 1727 3222 1797 Basilius,
3264 1731 3475 1803 ipsique

1909 1826 2173 1881 suppares
2200 1813 2373 1869 sancti
2400 1857 2415 1877 ,
2456 1831 2692 1873 canones
2734 1830 2989 1890 tanquam
3021 1825 3349 1892 apostolicos
3385 1841 3473 1879 re-

223 1932 332 1966 νων
376 1912 733 1982 δεδεγμένων,
776 1912 964 1965 καθότι
995 1912 1457 1985 ὲξηκολουθήκασι
1502 1916 1665 1986 μηδὲν
1702 1934 1798 1971 κε-

1904 1904 2172 1974 ceperint,
2201 1915 2469 1974 quatenus
2497 1922 2591 1963 eos
2621 1910 2793 1963 secuti
2826 1922 2973 1973 sunt,
3003 1913 3140 1967 nihil
3174 1913 3473 1970 immutan-

225 2003 708 2072 καινοτομηκότες,
759 2001 895 2055 ἀλλὰ
948 2002 1044 2054 καὶ
1090 1998 1495 2069 έπαυξὴσαντες
1546 2002 1686 2056 κατὰ
1738 2003 1800 2056 τὸ

224 2094 374 2148 δέον·
404 2089 546 2149 οὗτοι
592 2092 684 2146 οὖν
725 2092 773 2145 οἰ
812 2092 923 2145 νέοι
947 2091 1371 2160 ψευδαπόστολοι
1409 2092 1801 2161 ἀποφαίνονται

226 2187 582 2257 ἐμπράκτως,
621 2183 697 2256 μὴ
732 2183 950 2248 πάντως
996 2184 1139 2238 κατὰ
1168 2186 1293 2249 τοὺς
1328 2184 1616 2255 κειμένους
1642 2185 1800 2257 ὄρους

223 2280 333 2333 τῶν
362 2278 554 2347 ἁγίων,
591 2279 705 2331 ἀλλ’
735 2278 911 2349 οἰκείᾳ
951 2277 1169 2348 ἐξουσίᾳ
1198 2278 1292 2330 καὶ
1318 2277 1607 2347 διακρίσει,
1649 2277 1802 2349 παρὰ

224 2370 286 2424 τδ
336 2370 429 2422 ὑπ’
464 2368 644 2422 αὐτῶν
686 2367 1110 2437 διατεταγμένον
1142 2366 1251 2421 ἔσθ’
1284 2368 1373 2420 ὅτε
1416 2367 1647 2420 ἕκαστον
1693 2366 1801 2421 τῶν

225 2460 499 2532 ίεραρχῶν
522 2462 695 2514 ποιεῖν
716 2476 729 2490 ⁸
762 2458 909 2513 λύειν
938 2460 994 2511 ὲν
1029 2453 1110 2521 οἷς
1147 2458 1208 2511 ού
1239 2458 1367 2530 παρ’
1389 2457 1568 2511 αὐτῶν
1609 2456 1763 2519 λύσις
1784 2472 1798 2487 ο

224 2555 321 2607 καὶ.
372 2554 589 2623 δεσμεῖν
634 2552 717 2620 ἐφ’
761 2542 842 2612 οἷς
883 2549 981 2619 ούχ
1032 2549 1329 2603 ύπάύτῶν
1375 2550 1403 2601 6
1445 2548 1661 2618 δεσμός.
1690 2547 1801 2601 Kal.

221 2644 389 2714 ὁρᾶτε
430 2641 599 2696 ταῦτα
634 2639 980 2709 καθεκὰστην
1008 2640 1327 2709 γιγνόμενα.
1349 2640 1459 2692 Καὶ
1485 2635 1801 2709 ὲϐεϐηλώθη

226 2735 295 2787 τὰ
337 2733 492 2801 ἆγια,
538 2730 633 2785 κάκ
662 2731 869 2801 ὲφοδιον
920 2730 1197 2801 ἁμαρτίας
1222 2728 1461 2799 κρύϐδην
1500 2745 1561 2782 τε
1595 2730 1690 2782 καὶ
1720 2729 1801 2791 εἰς

220 2824 531 2893 τούμφανὲς
566 2825 599 2893 ἡ
647 2820 1054 2893 μοιχοσύνοδοςο
1093 2820 1188 2874 καὶ
1227 2820 1555 2892 καθαίρεται
1578 2820 1605 2875 6
1630 2819 1800 2875 ἀκαθ-

221 2918 473 2987 αἰρετοςο
533 2914 627 2967 καὶ
678 2914 1063 2985 χειροτονεῖται
1119 2913 1146 2965 6
1190 2912 1651 2984 διαϐεϐλημένος’
1704 2912 1801 2966 καὶ

222 3011 380 3062 ἐᾶται
444 3007 473 3058 6
532 3004 851 3060 ὑποπίπτων
909 3003 1101 3057 κανόσι
1158 3004 1581 3075 καθαιρετικοῖς,
1636 3005 1797 3057 ἀνευ-

224 3100 399 3163 θύνως
444 3097 764 3170 ἰερουργῶν,
797 3096 892 3149 καὶ
933 3096 997 3148 ὲκ
1027 3094 1399 3165 κελεύσματος
1436 3094 1796 3166 ἀνθρωπίνου.

1903 2004 2004 2060 tes,
2036 1996 2131 2051 sed
2160 2006 2215 2050 et
2244 1997 2634 2067 ampliﬁcantes
2668 2002 2831 2055 etiam
2867 2012 3030 2072 prout
3068 2007 3427 2061 conveniebat
3456 2024 3468 2058 :

1900 2085 1989 2145 isti
2023 2086 2242 2142 demum
2274 2089 2399 2144 novi
2435 2092 2872 2161 pseudoapostoli
2921 2096 3097 2165 reipsa
3144 2098 3471 2162 ostendunt,

1901 2191 1959 2232 se
1997 2193 2336 2250 nequaquam
2364 2183 2662 2238 secundum
2687 2186 3033 2257 praescriptos
3059 2205 3088 2243 a
3119 2189 3322 2245 sanctis
3362 2200 3471 2246 ter—

1898 2270 2112 2336 minos,
2159 2272 2256 2327 sed
2303 2274 2520 2344 propria
2564 2277 2888 2333 auctoritate
2930 2288 2986 2333 ct
3024 2281 3250 2336 arbitrio
3280 2292 3469 2338 contra

1900 2376 2059 2430 quam
2092 2363 2159 2417 ab
2188 2364 2292 2418 illis
2322 2374 2584 2420 statutum
2615 2377 2699 2422 est
2722 2409 2737 2433 ,
2783 2368 2995 2436 facere,
3022 2372 3150 2426 dum
3181 2373 3472 2443 episcopus

1900 2454 2129 2522 quilibet
2160 2456 2320 2512 solvit
2348 2459 2619 2514 interdum
2646 2501 2661 2526 ,
2701 2461 2791 2515 ubi
2840 2462 3051 2518 solvere
3096 2479 3204 2517 non
3248 2474 3465 2534 potest:

1900 2544 2050 2615 ligat,
2074 2547 2164 2601 ubi
2193 2548 2392 2619 ligandi
2414 2550 2503 2619 jus
2530 2564 2641 2604 non
2674 2550 2856 2606 habet.
2884 2553 3062 2622 Atque
3087 2554 3201 2609 haec
3225 2554 3469 2625 quotidie

1901 2636 2018 2691 ﬁeri
2053 2638 2319 2706 cernitis;
2365 2650 2419 2696 et
2464 2642 2689 2711 profana
2734 2652 2860 2699 sunt
2896 2653 3080 2700 sancta
3105 2688 3120 2711 ,
3171 2655 3225 2701 et
3262 2648 3467 2717 peccati

1902 2726 2154 2782 illecebra
2184 2730 2321 2785 clam
2351 2731 2637 2801 palamque
2677 2733 2816 2789 facta
2851 2745 2937 2789 est
2971 2736 3466 2808 mcechosynodus;

1902 2820 2305 2895 deponiturque
2353 2824 2445 2896 qui
2492 2826 2688 2897 deponi
2738 2844 2849 2881 non
2901 2828 3096 2895 debet,
3144 2838 3198 2885 et
3251 2830 3470 2886 ordina—

1904 2920 1992 2965 tur
2030 2914 2121 2982 qui
2190 2913 2410 2969 infamia
2484 2915 2728 2980 laborat,
2770 2924 2826 2970 et
2885 2918 2977 2986 qui
3032 2918 3334 2973 canonibus
3376 2918 3471 2973 de-

1901 3003 2226 3073 positionem
2296 3005 2657 3077 irrogantibus
2723 3008 2991 3079 obnoxius
3059 3017 3181 3073 est,
3250 3009 3471 3079 impune

1900 3110 2052 3149 sacra
2113 3095 2291 3152 facere
2366 3078 2745 3167 permittitur:
2809 3098 3052 3168 ﬁuntque
3111 3114 3177 3154 ex
3225 3078 3471 3169 jusSione

222 3192 319 3245 καὶ
378 3191 479 3243 οὐκ
530 3192 593 3243 ὲκ
644 3188 825 3259 ψήφου
878 3185 1028 3249 θείας
1071 3186 1167 3239 καὶ
1221 3185 1534 3256 κανονικῆς,
1573 3187 1627 3239 αἱ
1665 3202 1798 3257 προ-

1904 3182 2178 3250 humana,
2225 3199 2334 3238 non
2383 3186 2479 3240 Dei
2525 3194 2581 3241 et
2628 3201 2899 3242 canonum
2950 3187 3205 3254 decreto,
3248 3204 3469 3258 promo-

225 3280 405 3334 ϐολαί.

296 3371 427 3435 Καὶ,
477 3369 575 3438 φεῦ
637 3386 762 3439 μοι,
810 3368 909 3437 τῆς
956 3364 1355 3435 ταλαιπωρίας,
1404 3363 1583 3418 πάντα
1627 3380 1795 3417 κατα-

221 3459 557 3533 τραγῳδεῖνί
618 3459 713 3511 καί
769 3456 851 3519 τίς
894 3454 1030 3525 ἔχων
1074 3452 1300 3523 καρδίαν
1329 3451 1670 3521 αἰσθητικὴν,
1700 3451 1799 3503 οὐκ

224 3553 384 3621 ἀλγεῖ
410 3552 507 3604 καὶ
528 3549 700 3602 στένει
722 3563 736 3612 ;
764 3546 873 3600 Kal.
901 3547 1052 3607 ποῖος
1080 3543 1204 3605 νοῦς
1230 3541 1403 3595 ταῦτα
1428 3540 1800 3611 ἀναθρώσκων

224 3641 320 3693 καὶ
355 3638 699 3710 συμϐάλλων,
730 3634 828 3706 οὐχ
855 3635 1113 3706 ὁμολογεῖ
1140 3633 1402 3703 αἱρέσεων
1429 3633 1527 3702 τὴν
1562 3630 1800 3685 ἀποστά-

222 3749 381 3802 τριαν
420 3727 560 3783 εἶναι
601 3726 838 3800 Χριστοῦ
866 3745 880 3793 ;
915 3727 1009 3781 καὶ
1055 3724 1157 3778 ποῦ
1198 3740 1287 3793 μοι
1320 3723 1495 3777 πάντα
1523 3721 1702 3790 λέγειν
1730 3722 1800 3773 τὰ

223 3834 369 3881 κατα
407 3822 554 3887 νοῦν,
582 3823 675 3875 καί
707 3819 1057 3891 ὑπερϐαίνειν
1104 3815 1301 3886 μέτρον
1334 3812 1656 3883 ὲπιστολῆςς
1695 3811 1800 3865 Εὐ-

225 3920 467 3972 σύνοπτα
521 3920 593 3970 τὰ
641 3912 931 3983 λεγόμενα,
980 3910 1041 3962 οὐ
1073 3905 1516 3979 κεκομψευμένα,
1561 3904 1623 3958 ού
1676 3904 1801 3955 δυσ-

222 4009 424 4078 νόητα·
468 4004 530 4058 τὸ
575 4005 693 4073 μὲν,
734 4004 816 4057 ὅτι
853 3998 976 4056 οὐδὲ
1006 3996 1117 4069 ἐγὼ
1149 3998 1445 4068 ύψηγορεῐν
1481 3994 1798 4064 δυνάμενος,

220 4098 363 4154 ἀλλὰ
382 4097 476 4150 καὶ
506 4095 626 4149 λίαν
652 4096 849 4163 ὀλίγος,
881 4093 976 4147 καί
998 4090 1328 4162 ὁλιγόλογος,
1360 4089 1455 4142 καί
1482 4086 1798 4157 βραχύγνω-

223 4207 371 4253 στος,
408 4187 546 4241 αὐτὰ
584 4185 754 4239 ταῦτα
800 4185 868 4238 δι’
897 4184 1059 4255 εὐχῆς
1102 4182 1196 4237 τοῦ
1232 4179 1411 4237 κοινοῦ
1450 4180 1663 4250 Πατρδς
1706 4178 1799 4233 καὶ

223 4281 380 4353 ὑμῶν
408 4279 547 4349 ἔχων
571 4294 585 4308 ·
620 4277 679 4331 τὸ
702 4277 757 4330 δὲ
789 4276 881 4330 καί
914 4276 999 4329 διὰ
1019 4275 1079 4329 τό
1112 4290 1265 4335 τινας
1295 4270 1446 4341 ὑμῶν
1476 4270 1550 4341 μὴ
1595 4269 1800 4339 ἰσχύειν

222 4369 695 4442 δογματικώτερον
726 4365 1159 4437 καταλαμϐάνειν
1187 4364 1285 4435 τὴν
1314 4362 1544 4434 αἵρεσιν,
1569 4360 1662 4414 καὶ
1684 4361 1797 4431 ἅμα

221 4466 307 4517 ὅτι
337 4464 431 4516 καὶ
456 4460 658 4522 ἁπλοῦς
690 4460 719 4512 6
746 4458 902 4527 λόγος
943 4460 1043 4528 τῆς
1085 4455 1341 4525 ἀληθείας
1364 4469 1376 4481 ·
1415 4454 1449 4523 ἦ
1490 4470 1550 4505 τε
1593 4452 1799 4523 αἵρεσις

1905 3273 2102 3329 tiones.

1972 3367 2040 3421 Et
2061 3405 2078 3432 ,
2128 3365 2232 3421 heu
2278 3365 2410 3421 mihi
2440 3368 2452 3421 l
2502 3374 2739 3439 quantus
2768 3367 2922 3425 dolor
2952 3378 3037 3425 est
3068 3370 3248 3426 omnia
3280 3371 3471 3440 deplo-

1902 3456 2058 3510 rare?
2091 3464 2145 3510 et
2174 3457 2424 3526 quisnam
2456 3473 2617 3513 sensu
2663 3459 2843 3530 aliquo
2875 3462 3139 3531 praeditus
3184 3477 3290 3515 non
3322 3462 3471 3517 dolet

1901 3558 1955 3603 et
1984 3548 2331 3619 ingemiscit?
2357 3559 2411 3604 et
2441 3566 2562 3620 qua:
2590 3566 2744 3607 mens
2770 3551 2871 3606 ista
2907 3561 3159 3622 spectans
3190 3560 3245 3608 et
3276 3568 3471 3624 expen-

1901 3640 2057 3706 dcns,
2088 3656 2197 3695 non
2229 3641 2518 3697 conﬁtetur
2541 3643 2893 3698 desertricem
2944 3643 3145 3699 Christi
3172 3658 3292 3700 esse
3328 3646 3471 3701 hanc

1902 3730 2197 3785 haeresim?
2243 3740 2298 3785 et
2335 3748 2432 3785 cur
2474 3732 2657 3786 omnia
2695 3749 2816 3802 qua:
2860 3732 2912 3787 in
2954 3734 3137 3790 animo
3182 3746 3473 3790 versantur

1901 3837 2240 3892 expromam,
2266 3831 2319 3877 et
2346 3823 2587 3891 epistolae
2614 3823 2832 3878 modum
2854 3825 3153 3879 excedam?
3180 3825 3470 3897 Comperta

1900 3922 2029 3967 sunt
2056 3928 2177 3983 quae.
2210 3913 2330 3969 dico
2350 3956 2364 3980 ,
2401 3929 2508 3969 non
2537 3914 2673 3970 scite
2703 3915 3001 3986 composita
3023 3958 3037 3981 ,
3066 3931 3173 3969 non
3209 3915 3473 3982 difﬁcilia,

1902 4006 2029 4060 licet
2058 4020 2166 4060 non
2199 4005 2397 4076 dignus
2422 4004 2514 4075 qui
2546 4006 2754 4071 audiar,
2793 4006 3074 4076 utriusque
3103 4007 3471 4073 concordiam,

1900 4112 1999 4168 per
2030 4112 2192 4168 quam
2220 4106 2275 4151 et
2299 4096 2497 4152 clarius
2525 4097 2722 4151 emicat
2750 4096 2933 4154 radius
2960 4098 3205 4153 veritatis
3226 4140 3241 4162 ,
3270 4109 3327 4154 et
3353 4116 3476 4170 pra-

1900 4189 2039 4243 vitas
2079 4186 2154 4243 illi
2187 4186 2617 4251 adversantium,
2664 4186 2751 4242 vel
2801 4189 2981 4257 potius
3028 4197 3297 4243 nocturna
3343 4190 3473 4254 lux,

1902 4276 2176 4334 intellectu
2203 4295 2217 4332 :
2258 4277 2457 4349 partim
2495 4278 2619 4349 quia
2648 4293 2755 4333 non
2786 4294 2906 4334 sum
2935 4280 3185 4337 sublimia
3210 4280 3473 4352 loquendi

1901 4369 2158 4425 facultate
2187 4370 2481 4440 praeditus,
2530 4369 2623 4425 sed
2661 4370 2843 4425 tenuis
2877 4370 3168 4426 admodum
3206 4381 3263 4425 et
3296 4371 3476 4441 exigui

1901 4462 2173 4517 sermonis
2195 4501 2210 4526 ,
2241 4468 2298 4516 et
2322 4470 2564 4534 angusta
2592 4462 2837 4518 scientiae
2862 4502 2877 4526 ,
2924 4463 3040 4517 haec
3069 4462 3185 4533 ipsa
3222 4463 3477 4533 precibus

224 4556 456 4626 φανερὰ,
492 4554 585 4606 καί
618 4551 1040 4621 ἀδογμάτιστος,
1070 4549 1164 4603 καί
1196 4546 1347 4601 παιδὶ
1369 4545 1799 4618 εύκατάληπτος.

1909 4551 2092 4608 Patris
2118 4552 2427 4607 communis
2455 4567 2519 4606 ac
2553 4552 2750 4607 vestris
2782 4552 3051 4621 adeptus;
3083 4552 3280 4623 partim
3312 4551 3475 4606 etiam

224 4644 298 4718 ’ῼ
352 4647 461 4717 γὰρ
514 4646 543 4698 6
593 4643 723 4706 Θεὸς
778 4638 917 4705 εἰπε,
947 4640 1207 4710 σύντομος
1253 4640 1281 4692 6
1328 4638 1506 4706 λόγος.
1539 4632 1699 4692 Οὗτοι
1747 4637 1800 4690 ού

1906 4644 2049 4714 quod
2083 4645 2331 4699 nonnulli
2355 4654 2592 4700 vestrum
2625 4644 3017 4699 accuratiorem
3048 4644 3273 4700 haeresis
3312 4659 3478 4713 expo—

228 4739 567 4809 στοιχοῦσινο
615 4735 749 4791 ἀλλὰ
800 4732 896 4788 καὶ
943 4732 1287 4802 στοιχοῦντας
1329 4730 1809 4801 ἀναθεματίξουσι.

1908 4735 2160 4789 sitionem
2191 4749 2386 4803 capere
2419 4743 2691 4804 nequeant
2718 4752 2731 4789 :
2767 4734 2986 4789 demum
3013 4773 3028 4799 ,
3061 4733 3202 4802 quod
3248 4732 3477 4803 simplex

226 4828 350 4899 Δῴη
404 4829 460 4881 δὲ
508 4828 635 4898 ὑμῖν
668 4826 827 4895 χάριν
878 4825 906 4876 6
955 4824 1157 4895 Κύριος
1197 4823 1290 4877 ἐπὶ
1327 4824 1512 4889 πᾶσιν,
1550 4822 1800 4894 ἀγαπητὰ

1907 4826 1980 4880 sit
2006 4826 2252 4881 veritatis
2283 4826 2455 4881 oratio
2476 4866 2491 4891 ,
2538 4835 2593 4881 et
2644 4826 2866 4881 haeresis
2895 4827 3013 4881 haec
3054 4824 3338 4879 manifesta
3368 4825 3474 4889 sit,

224 4916 418 4972 τέκνα.

1901 4926 1959 4971 et
1979 4917 2242 4973 doctrina:
2264 4932 2476 4986 expers,
2508 4926 2561 4971 ct
2589 4932 2749 4987 quam
2778 4930 2912 4986 puer
2935 4915 3108 4986 possit
3136 4930 3349 4985 capere.
3376 4914 3474 4969 Cui

231 5009 381 5063 cnim
415 5007 555 5062 Deus
587 5006 862 5076 loquitur,
907 5006 955 5060 ei
989 5005 1171 5061 brevis
1211 5013 1296 5059 est
1340 5019 1538 5061 sermo.
1586 5005 1649 5060 lii
1695 5024 1800 5064 non
1841 5020 1987 5065 recta
2049 5011 2329 5074 incedunt,
2356 5020 2412 5065 et
2441 5019 2588 5066 recta
2648 5011 2966 5065 incedentes
2992 5007 3475 5069 anathematizant.

234 5106 338 5159 Det
381 5110 561 5155 autem
612 5100 767 5155 vobis
809 5099 1074 5156 Dominus
1123 5098 1349 5169 gratiam
1405 5100 1457 5152 in
1512 5099 1805 5165 omnibus,
1847 5102 2029 5157 dilecti
2064 5102 2179 5158 ﬁlii.

338 5211 459 5268 AZ'.
509 5242 580 5253 —
629 5213 840 5280 Ἰωσηφ
901 5212 1350 5281 ἁρχιεπισκόπῳ
1405 5212 1711 5267 Θεσσαλο-

836 5279 1029 5349 νίκηξ.
1075 5279 1223 5353 [k6,]

1954 5213 2218 5271 XXXVII.
2247 5244 2314 5257 —-
2341 5214 2562 5284 Joaepho
2604 5214 2990 5282 archiepiscopo
3043 5213 3440 5270 Thessalonica.

1453 5415 1709 5466 Adversus
1742 5415 1943 5464 eosdem
1976 5413 2259 5462 hereticos.

294 5540 397 5593 Διὰ
437 5538 535 5607 τῆς
574 5538 1074 5607 ταπεινοφροσύνης
1115 5539 1211 5592 καὶ
1241 5539 1431 5608 σοφίας
1465 5556 1582 5604 σου,
1617 5540 1727 5610 τῆς
1747 5556 1800 5592 τε

1985 5536 2151 5607 Digna
2193 5534 2498 5590 humilitate
2536 5551 2600 5591 ac
2636 5534 2897 5606 sapientia
2948 5543 3037 5588 tua
3063 5572 3079 5599 ,
3124 5541 3180 5587 et
3216 5532 3477 5588 charitate

225 5630 364 5701 πρός
401 5646 467 5698 με
489 5628 581 5681 τὸν
610 5628 953 5700 ταλαίπωρον
976 5629 1217 5700 ἀγάπης,
1240 5630 1333 5683 καί
1359 5630 1497 5702 ὑπὲρ
1521 5630 1676 5696 ἀξίαν
1704 5645 1800 5699 μου

1913 5645 2038 5700 erga
2084 5642 2171 5684 me
2219 5627 2480 5682 miserum
2507 5668 2521 5694 ,
2560 5640 2623 5682 ac
2658 5626 2725 5681 de
2760 5641 2846 5681 me
2876 5640 3042 5695 supra
3071 5639 3232 5694 quam
3264 5638 3479 5677 mereor

225 5718 614 5790 ἁποτιμήσεώς
641 5736 756 5784 σου,
776 5720 844 5773 τὰ
868 5719 962 5773 νῦν
992 5738 1082 5790 μοι
1108 5720 1509 5791 ἐπεσταλμένα,
1538 5718 1800 5791 εἰλικρινῆ

1912 5718 2271 5774 aestimatione
2320 5726 2449 5773 sunt
2480 5733 2541 5773 ea
2579 5732 2699 5787 quae
2741 5717 2807 5772 ad
2854 5730 2941 5772 me
2981 5730 3127 5771 nunc
3173 5711 3475 5783 scripsisti;

298 5834 345 5867 ³³
376 5832 566 5888 Matth.
595 5849 703 5898 xw,
744 5833 826 5888 l9.
908 5834 953 5867 ”
990 5833 1148 5889 Joan.
1188 5851 1283 5903 xx,
1318 5834 1410 5890 22.
