4158 6468
707 393 840 456 1039

1889 388 1949 449 S.
1979 383 2369 445 THEODORI
2407 384 2754 444 STUDI'I‘E

3801 381 3935 447 1040

700 507 966 560 sinceram
1010 512 1064 558 et
1114 504 1481 572 incorruptam
1513 516 1577 555 ex
1623 499 1868 554 radiante
1920 497 2100 550 anima
2133 505 2223 550 tua
2253 534 2268 559 ,

2392 495 2469 548 ιαὶ
2499 495 2853 563 ἀσύμφυρτον
2880 489 3253 562 τηλαυγοῦντα
3279 489 3341 542 ἐκ
3376 489 3474 558 τῆς
3503 489 3826 557 φωτοειδοῦς
3857 511 3946 545 σου

701 609 783 651 ter
835 598 991 650 beate
1037 596 1111 650 mi
1160 595 1509 664 fratripater,
1565 589 1922 645 dill‘undentia
1963 588 2270 641 veritatem.

700 690 870 754 Quam
901 688 1266 757 amplexatus,
1301 684 1498 755 gratias
1525 682 1605 753 egi
1637 681 1853 736 Christo
1879 677 2136 734 desiderii
2168 676 2275 730 mei

701 780 985 850 expletori,
1012 779 1275 832 bonorum
1299 775 1542 829 omnium
1569 770 1840 841 largitori;
1873 769 2063 838 quidni
2094 768 2277 822 enim?

705 882 754 925 te
784 870 1006 924 scicntia
1028 866 1375 936 locupletem.
1403 864 1627 932 zeloque
1651 859 2023 922 convenienti,
2057 871 2119 911 ac
2149 869 2274 926 ger-

703 978 920 1017 manum
957 966 1216 1029 praeterea
1259 955 1568 1011 communis
1608 951 1785 1006 Patris
1830 949 1999 1004 lilium
2026 987 2040 1009 ,
2079 959 2279 1002 conve-

704 1053 905 1108 nientia
939 1051 1095 1105 nobis
1130 1047 1370 1102 minimis
1401 1053 1456 1100 et
1496 1056 1690 1112 sapere
1716 1081 1730 1105 ,
1783 1048 1838 1094 et
1873 1038 1927 1093 in
1964 1037 2144 1090 animo
2180 1035 2279 1088 ha-

704 1146 854 1199 bere.
894 1144 964 1197 At
1017 1141 1156 1196 belle
1201 1153 1334 1194 sane
1382 1137 1524 1198 ista,
1559 1149 1682 1188 cum
1731 1133 1784 1185 in
1835 1131 1976 1184 votis
2029 1128 2277 1190 habeam,

704 1236 831 1290 licet
858 1249 964 1287 non
995 1233 1192 1303 dignus
1223 1229 1313 1298 qui
1353 1227 1564 1291 audiar,
1599 1225 1885 1292 utriusque
1912 1219 2281 1277 concordiam.

706 1341 802 1396 per
826 1340 987 1395 quam
1016 1331 1072 1378 et
1096 1320 1296 1376 clarius
1319 1319 1518 1374 emicat
1548 1316 1731 1371 radius
1756 1313 2004 1368 veritatis
2033 1353 2047 1376 ,
2075 1320 2130 1364 et
2160 1325 2284 1381 gra-

705 1419 841 1474 vitas
875 1417 951 1472 illi
993 1413 1394 1470 adversantium
1423 1452 1438 1477 .
1479 1409 1566 1464 vel
1611 1407 1792 1478 potius
1833 1412 2101 1457 nocturna
2147 1401 2240 1454 lux
2267 1435 2283 1461 ,

705 1518 994 1564 enervatur
1021 1547 1034 1571 ,
1075 1515 1131 1561 et
1171 1503 1414 1561 tenebris
1448 1499 1767 1556 oﬂ'unditur.
1813 1495 1951 1550 Cum
1997 1503 2179 1548 autem
2229 1491 2286 1545 in

709 1599 905 1654 litteris
936 1598 1261 1668 reperissem
1303 1589 1594 1646 necessarii
1632 1586 1991 1648 divisionem;
2033 1583 2285 1652 ignosce,

707 1691 962 1761 obstupui
989 1709 1001 1744 :
1035 1705 1144 1744 non
1174 1688 1320 1742 enim
1353 1694 1435 1738 est
1465 1683 1578 1736 haec
1608 1677 1926 1738 necessarii,
1957 1675 2052 1729 sed
2075 1673 2288 1728 contin-

708 1786 899 1856 gentis,
931 1784 1071 1853 quod
1106 1779 1367 1834 trifariam
1392 1775 1653 1831 dividitur
1673 1813 1687 1836 ,
1717 1773 1770 1826 in
1807 1771 1860 1824 id
1891 1768 2032 1838 quod
2065 1765 2284 1835 smpius,

2380 584 2580 656 ψυχῆς,
2634 582 2907 654 τρισόλδιέ
2957 600 3060 653 μου
3095 582 3486 652 ἀδελφοπάτορ,
3536 581 3636 652 τὴν
3670 582 3949 652 ἀλήθειαν·

2381 677 2450 745 ἣν
2484 674 2871 744 ἀσπασάμενος
2917 672 3296 742 ηὐχαρίστησα
3332 671 3409 740 τῷ
3447 671 3818 744 ἀποπληρωτῇ
3857 672 3952 739 τῆς

2383 766 2675 836 ἐπιθυμίας
2721 764 2820 835 μοῦ
2863 764 3101 832 Χριστῷ,
3127 762 3204 832 τῷ
3245 762 3352 815 τῶν
3379 761 3555 814 καλῶν
3581 763 3841 814 ἁπάντων
3871 763 3953 814 60-

2384 857 2512 926 τῆρι
2530 871 2542 885 '
2580 856 2675 909 καὶ
2709 855 2828 918 πῶς
2849 871 2915 922 γε
2939 854 3060 924 οὐχί
3084 871 3098 920 ;
3129 852 3379 922 γνώσεώς
3407 866 3466 905 σε
3497 853 3956 922 πεπλουτισμένον

2386 948 2538 1008 ὅντα,
2590 947 2687 999 καὶ
2719 945 2883 1014 ζήλου
2918 944 3011 998 τοῦ
3042 945 3428 1014 προσήκοντος,
3461 943 3634 1007 ἄλλως
3670 961 3728 996 τε
3771 945 3959 996 τέκνον

2387 1035 2641 1107 ἀληθινὸν
2670 1035 2765 1089 τοῦ
2793 1033 2975 1088 κοινοῦ
3006 1035 3240 1105 Πατρός,
3273 1035 3483 1105 συνῳδὰ
3523 1037 3654 1106 ἡμῖν
3685 1039 3800 1099 τοῖς
3836 1035 3963 1088 ἐλα-

2388 1130 2594 1199 χίστοις
2637 1129 2734 1182 καὶ
2767 1128 2983 1198 φρονεῖν
3012 1126 3106 1180 καὶ
3145 1126 3596 1180 συνδιατίθεσθαι.
3637 1126 3778 1178 Ἀλλ’
3809 1122 3871 1179 εὖ
3901 1141 3961 1192 γε

2393 1221 2492 1289 μέν
2515 1220 2706 1273 ταῦτα·
2736 1218 3014 1272 εὐκταιότε
3026 1235 3117 1289 ρον
3138 1217 3353 1288 ἔχοντός
3381 1234 3482 1286 μου
3507 1216 3600 1270 τοῦ
3623 1217 3963 1272 ἀνακούστου

2388 1313 2489 1381 τὴν
2518 1311 2843 1381 ἀμφοτέρων
2867 1310 3177 1380 ὁμοφωνίαν
3199 1327 3212 1339 ο
3245 1309 3312 1362 δι’
3332 1309 3397 1378 ἢν
3424 1310 3459 1378 ἦ
3492 1325 3550 1362 τε
3574 1308 3674 1378 τῆς
3703 1310 3964 1378 ἀληθείας

2391 1405 2545 1466 ἀκτὶς
2586 1404 2888 1474 μαρμαίρει
2917 1403 3316 1473 λαμπρότερον,
3350 1402 3443 1457 καὶ
3467 1403 3500 1471 ή
3530 1402 3638 1453 τῶν
3668 1403 3963 1456 ἀντιδιατι-

2393 1494 2638 1563 θεμένων
2660 1493 2796 1564 αὐτῇ
2835 1493 3134 1562 σκολιότης,
3173 1491 3371 1559 μᾶλλον
3393 1492 3450 1544 δέ
3482 1492 3806 1559 νυκταυγία,
3831 1493 3965 1544 ἀπο·

2393 1582 2679 1655 νευροῦταί
2727 1601 2785 1636 τε
2821 1584 2918 1636 καὶ
2951 1581 3338 1650 ἀποξοφοῦται.
3381 1581 3644 1651 Εὐρηκὼς
3678 1583 3722 1635 δ’
3753 1585 3813 1634 ἐν
3856 1585 3965 1645 τοῖς

2393 1675 2686 1744 γράμμασι
2735 1673 2834 1744 τὴν
2883 1672 2976 1726 τοῦ
3006 1673 3301 1740 ἀναγκαίου
3341 1671 3623 1742 διαίρεσιν,
3665 1671 3964 1740 σύγγνωθι,

2395 1764 2738 1835 ἀπηνεώθην.
2771 1765 2846 1816 Οὐ
2881 1764 2989 1834 γὰρ
3021 1763 3159 1834 αῦτη
3191 1764 3282 1816 τοῦ
3313 1763 3630 1830 ἀναγκαίου,
3665 1763 3760 1816 τοῦ
3787 1765 3843 1815 δὲ
3878 1764 3965 1814 ἑν-

709 1849 850 1946 quod
877 1849 1190 1944 atq—ualiter,
1233 1878 1288 1923 et
1318 1865 1461 1937 quod
1491 1864 1686 1919 rarius.
1729 1859 1934 1914 Prioris
1970 1865 2148 1911 autem
2175 1896 2189 1919 ,
2228 1854 2281 1908 in

2392 1855 2699 1924 δεχομένου,
2731 1856 2758 1906 δ
2787 1854 3042 1923 διῄρηται
3082 1852 3314 1922 τριχῶς·
3348 1853 3422 1913 είς
3455 1868 3514 1902 τε
3553 1851 3613 1903 τὸ
3651 1850 3746 1904 ἐπὶ
3781 1849 3962 1910 πλέον,

710 1981 949 2038 praesens
982 1973 1036 2018 et
1069 1962 1312 2016 futurum
1352 1978 1364 2011 :
1408 1955 1604 2013 deinde
1635 1951 1918 2022 praesentis
1947 1949 2115 2002 altera
2144 1945 2286 2000 divi-

710 2036 792 2113 sio
822 2058 874 2110 in
907 2056 1209 2124 subjectum
1251 2058 1308 2106 et
1348 2047 1742 2119 praedicatum:
1785 2057 1908 2097 cum
1949 2040 2120 2102 illud,
2161 2036 2288 2107 quia

709 2148 908 2218 saepius
935 2144 1194 2215 contingit
1222 2182 1237 2207 ,
1267 2141 1321 2195 in
1351 2138 1621 2195 exsistens
1647 2152 1660 2188 :
1697 2145 1750 2191 et
1775 2134 1915 2189 istud
1948 2134 2000 2187 in
2033 2145 2286 2187 necessa-

713 2239 854 2294 rium
877 2235 1094 2296 transit,
1122 2247 1229 2286 non
1255 2239 1431 2284 tamen
1455 2223 1691 2280 vicissim
1716 2224 1819 2278 hoc
1844 2222 1897 2276 in
1925 2220 2078 2284 illud,
2100 2231 2290 2287 quam-

712 2331 796 2386 vis
825 2329 951 2384 inde
969 2323 1281 2383 descendat.

784 2529 902 2585 Non
932 2527 1078 2583 enim
1118 2525 1160 2581 si
1198 2523 1327 2595 quid
1361 2524 1470 2594 jam
1504 2516 1869 2574 necessarium
1892 2557 1905 2578 ,
1943 2511 2207 2569 continuo
2238 2517 2293 2563 et

716 2623 1056 2692 contingens.
1091 2619 1149 2672 Si
1184 2617 1311 2687 quid
1357 2623 1537 2668 autem
1567 2619 1625 2664 ut
1664 2605 1958 2678 plurimum
1987 2600 2288 2669 contingit;

717 2730 815 2785 per
846 2714 896 2769 id
919 2728 1026 2782 quo
1049 2710 1280 2772 exsistit,
1316 2705 1510 2761 transit
1545 2714 1935 2768 nonnunquam
1992 2697 2044 2748 in
2095 2707 2293 2748 neces-

717 2784 938 2864 sarium.
1020 2808 1195 2873 Atque
1259 2801 1354 2862 ita,
1420 2795 1601 2850 omnis
1651 2794 1815 2847 homo
1887 2784 2290 2859 grammaticus,

725 2899 919 2968 aliquis
981 2898 1142 2950 homo
1204 2889 1597 2962 grammaticus
1649 2901 1662 2937 :
1715 2896 1949 2952 quorum
1981 2877 2132 2948 prius
2159 2873 2282 2943 qui-

720 2967 842 3048 dem
929 2988 1269 3056 contingens,
1349 2990 1527 3052 potest
1601 2976 1746 3031 enim
1815 2970 1968 3033 ﬁeri;
2063 2967 2293 3021 alterum

721 3099 884 3147 vero,
945 3080 988 3136 si
1056 3078 1218 3132 modo
1264 3083 1417 3129 actus
1485 3069 1661 3130 adsit,
1725 3064 2134 3125 necessarium;
2190 3060 2297 3111 isto

722 3183 902 3228 autem
946 3168 1236 3230 exstincto,
1285 3162 1550 3219 abscessit
1594 3167 1748 3212 actus
1805 3151 2098 3210 necessarii
2129 3169 2140 3202 :
2169 3150 2293 3215 lioc,

2388 1947 2608 2014 ἐπίσης,
2649 1946 2744 1997 καὶ
2776 1945 2861 1996 ἐπ’
2884 1945 3121 1997 ἔλαττον.
3155 1940 3262 1994 Τοῦ
3300 1941 3356 1994 δὲ
3388 1941 3674 2010 προτέρου,
3705 1941 3785 2002 εἷς
3820 1956 3878 1991 τε
3909 1941 3966 1991 τὸ

2388 2040 2586 2109 παρὸν,
2621 2041 2714 2092 καὶ
2744 2038 2999 2107 ἐσόμενον
3021 2051 3034 2064 ⁸
3067 2032 3184 2090 εἶτα
3223 2036 3318 2088 τοῦ
3361 2037 3627 2105 παρόντος
3667 2035 3967 2104 ἐπιδιαῑρεο

2391 2148 2507 2194 σις⁶
2553 2132 2631 2193 είς
2686 2130 2874 2191 ἀίδιον,
2903 2130 2997 2181 καὶ
3037 2129 3117 2191 εἰς
3160 2128 3219 2180 τὸ
3253 2128 3363 2180 ἐστ’
3399 2128 3466 2180 ἂν
3590 2127 3696 2180 Τοῦ
3748 2126 3807 2179 δὲ
3851 2127 3963 2178 ἐστ’

2389 2221 2456 2276 ἂν
2487 2217 2542 2292 ἦ,
2582 2219 2954 2291 ὑποδιαίρεσις
2995 2219 3075 2281 είς
3119 2218 3180 2270 τὸ
3220 2218 3578 2287 ὑποκείμενον
3609 2218 3703 2272 καὶ
3734 2233 3968 2286 κατηγοο

2393 2313 2695 2382 ρούμενονο
2737 2309 2831 2363 τοῦ
2864 2309 2938 2371 ὡς
2977 2308 3072 2361 ἐπὶ
3102 2307 3236 2360 πολὺ
3274 2307 3624 2377 ἐνδεχομένου
3663 2306 3966 2377 χωροῦντος

2392 2407 2469 2467 εἰς
2497 2404 2555 2456 τὸ
2581 2403 2824 2473 ὑπάρχον
2845 2417 2858 2431 °
2887 2400 2980 2453 τοῦ
3006 2400 3084 2465 δέ,
3116 2401 3196 2462 είς
3231 2399 3288 2452 τὸ
3312 2400 3628 2468 ἀναγκαῖον.

2464 2513 2539 2564 Οὐ
2575 2511 2679 2581 μὴν
2710 2509 3179 2580 ἀντιστρέφοντος,
3216 2509 3265 2562 εί
3295 2509 3388 2562 καὶ
3428 2508 3635 2561 ἐκεῖθεν
3668 2505 3966 2568 κατιόντος·

2393 2607 2452 2659 οὐ
2497 2607 2605 2677 γὰρ
2660 2605 2712 2658 εί
2757 2622 2810 2657 τι
2849 2604 3140 2672 ἀναγκαῖον
3171 2605 3268 2675 ἥδη
3301 2605 3393 2657 καὶ
3415 2603 3795 2672 ἐνδεχόμενον·
3831 2601 3887 2653 εί
3919 2618 3966 2654 τι

2392 2697 2448 2750 δέ
2477 2697 2537 2749 τὸ
2559 2697 2634 2759 ὡς
2666 2695 2760 2749 ἐπὶ
2789 2696 2922 2749 πολὺ
2950 2695 3319 2766 ἐνδεχόμενον,
3347 2694 3531 2746 ὁδεῦον
3559 2694 3646 2746 διὰ
3682 2694 3850 2762 μέσου
3877 2693 3964 2746 τοῦ

2397 2789 2756 2858 ὑπάρχοντος,
2793 2787 2900 2840 ἐστ’
2935 2788 2999 2840 ἂν
3094 2788 3409 2853 ἀναγκαῖον.
3441 2787 3552 2838 Καὶ
3585 2787 3715 2853 γοῦν
3744 2786 3853 2848 πᾶς
3881 2784 3966 2837 ἀν-

2396 2880 2612 2949 θρωπος
2653 2878 3056 2950 γραμματικὸς,
3090 2876 3182 2929 καὶ
3212 2877 3292 2938 τίς
3322 2876 3610 2946 ἄνθρωπος
3652 2894 3967 2947 γραμματι-

2397 2969 2511 3031 κός.
2553 2969 2714 3021 Ἀλλὰ
2738 2969 2798 3022 τὸ
2830 2970 2926 3038 μὲν
2951 2967 3165 3037 πρῶτον
3201 2965 3548 3036 ἐνδεχόμενον
3569 2983 3581 2997 ·
3619 2966 3843 3018 δυνατὸν
3866 2968 3966 3036 γὰρ

2398 3059 2682 3125 γενέσθαι·
2717 3057 2777 3110 τὸ
2821 3057 2876 3109 δὲ
2923 3056 3169 3124 δεύτερον
3225 3057 3540 3123 ἀναγκαῖον,
3581 3056 3669 3108 ἐπ’
3707 3055 3774 3109 ἂν
3825 3056 3968 3109 ἐστιν

2399 3150 2673 3219 ἐνέργεια·
2713 3143 2773 3202 οὗ
2803 3148 3074 3212 θανέντος,
3103 3147 3310 3218 ἀπέστη
3343 3153 3374 3220 ἠ
3422 3148 3558 3201 κατά
3587 3148 3644 3200 τὸ
3675 3149 3968 3215 ἀναγκαῖον

724 3266 968 3334 inquam,
1009 3271 1093 3316 est
1121 3259 1166 3313 si
1196 3258 1286 3322 sit,
1318 3255 1572 3310 videlicet
1608 3249 1847 3320 quandiu
1897 3256 2014 3307 est;
2067 3243 2286 3296 alterum

2401 3243 2668 3310 ἐνέργεια.
2699 3239 2869 3292 Τοῦτό
2901 3256 3084 3309 φησιν,
3109 3240 3221 3293 ἐστ’
3246 3241 3311 3293 ἂν
3341 3237 3396 3311 ᾖ,
3429 3240 3488 3292 τὸ
3516 3240 3620 3302 ἕως
3651 3239 3717 3292 ἂν
3746 3234 3805 3311 ᾖ,
3831 3240 3966 3310 ἦτοι.

721 3373 853 3413 vero
885 3357 939 3411 in
977 3369 1042 3409 eo
1064 3351 1206 3422 quod
1241 3359 1326 3404 est
1363 3360 1638 3414 nunquam
1671 3342 1910 3396 variatur
1941 3355 1954 3390 :
1988 3332 2295 3405 cuiusmodi

722 3455 851 3500 sunt
903 3453 1127 3504 aeterna,
1183 3437 1410 3509 angelus
1452 3444 1506 3488 et
1535 3432 1736 3487 anima.
1790 3427 1945 3495 Quod
1985 3441 2118 3495 ergo
2147 3437 2296 3492 qua:-

726 3537 944 3592 rebatnr
969 3534 1078 3602 jam
1113 3541 1402 3586 tenemus:
1439 3523 1618 3594 utqui
1665 3537 1791 3577 rcus
1833 3529 1916 3576 est
1955 3515 2182 3574 canonis
2227 3513 2294 3568 de

723 3626 1309 3698 contingenti,p(enam
1327 3618 1600 3675 interdum
1631 3623 1851 3686 propter
1871 3613 2029 3668 aliam
2059 3608 2294 3666 hominis

727 3715 1133 3785 improbitatem
1165 3711 1430 3768 sustineat
1458 3708 1576 3777 ejus
1605 3707 1694 3776 qui
1730 3714 1813 3759 est
1842 3705 1909 3758 de
1940 3699 2247 3757 necessario
2278 3715 2292 3763 ;

723 3819 778 3862 at
821 3823 928 3861 non
977 3805 1066 3859 hic
1100 3803 1340 3857 vicissim
1393 3801 1513 3869 ejus
1542 3797 1632 3866 qni
1663 3797 1728 3850 de
1759 3792 2114 3864 contingenti.
2150 3790 2293 3845 Fieri

722 3899 866 3953 enim
898 3911 1005 3950 non
1042 3901 1241 3963 potest,
1277 3905 1399 3945 cum
1456 3886 1776 3957 :equivaleat
1806 3885 1914 3950 jam
1949 3881 2290 3953 impossibili,

722 4002 882 4040 omne
915 3984 1180 4053 siquidem
1219 3980 1362 4051 quod
1389 3976 1740 4048 impossibile,
1770 3974 1911 4029 idem
1937 3989 2032 4043 per
2062 3985 2291 4027 convcr-

722 4077 930 4129 sionem
960 4071 1325 4127 necessarium
1352 4079 1437 4124 est
1468 4086 1480 4121 :
1513 4065 1786 4136 quomodo
1812 4063 2182 4119 necessarium
2209 4069 2293 4116 est

721 4168 888 4220 solem
921 4167 1125 4225 lucere,
1178 4161 1272 4216 sed
1320 4169 1374 4214 et
1428 4157 1764 4229 impossibile
1794 4165 1880 4210 est
1929 4170 2037 4208 non
2086 4154 2287 4208 lucere.

720 4258 872 4324 Quod
903 4270 1032 4308 vero
1048 4253 1302 4309 sanctitas
1326 4262 1414 4306 tua
1439 4251 1570 4306 dicit
1597 4247 1887 4318 aliquando
1916 4261 2023 4299 non
2051 4244 2286 4299 luxisse:

723 4349 908 4416 utique
939 4347 990 4399 in
1016 4343 1270 4398 Passione
1297 4341 1521 4408 Christi,
1560 4356 1685 4395 nam
1718 4340 1785 4395 de
1813 4347 1974 4393 nocte
2010 4335 2155 4390 haud
2179 4331 2292 4388 scio

721 4455 828 4509 quo
859 4448 1034 4508 pacto.
1069 4436 1196 4492 llaec
1225 4451 1389 4507 porro
1414 4444 1541 4489 sunt
1569 4432 1832 4504 prodigia.
1867 4445 1974 4483 non
2010 4434 2289 4488 consueta,

723 4547 822 4586 nec
856 4530 1156 4601 regularia;
1193 4529 1287 4583 sed
1321 4527 1402 4582 vel
1448 4542 1630 4596 supra,
1669 4524 1751 4578 vel
1785 4531 1979 4593 praeter
2010 4529 2286 4573 naturam:

2403 3330 2475 3383 Τὸ
2521 3330 2577 3382 δέ
2622 3330 2828 3400 ἕτερον,
2859 3331 2920 3383 τὸ
2957 3331 3165 3401 μήποτε
3197 3329 3342 3384 τοῦθ’
3366 3330 3502 3400 ὅπερ
3535 3331 3684 3383 ἐστὶν
3723 3330 3968 3385 ἀλλοιούο

2404 3437 2564 3489 μενον
2585 3437 2598 3449 ·
2629 3417 2717 3475 οἷα
2745 3421 2812 3474 τὰ
2836 3422 3003 3484 ἀΐδια,
3045 3421 3273 3490 ἄγγελος
3301 3421 3395 3474 καὶ
3423 3421 3590 3492 ψυχήο
3620 3423 3728 3476 Καί
3755 3441 3820 3492 γε
3852 3423 3966 3495 ἔκο-

2404 3528 2504 3581 μεν
2525 3511 2585 3564 τὸ
2612 3511 2941 3584 ζητούμενον
2965 3530 2977 3544 ⁸
3011 3513 3149 3566 ὥστε
3170 3512 3260 3565 τὸν
3289 3513 3483 3566 ἁλόντα
3512 3515 3845 3586 ἐνδεχομένῳ
3871 3534 3968 3569 κα·

2399 3601 2532 3664 νόνι,
2568 3601 2850 3656 πείσεσθαι
2882 3603 3028 3656 ἐστιν
3060 3603 3147 3654 ὅτε
3194 3601 3282 3655 διὰ
3315 3601 3416 3672 τὴν
3443 3601 3536 3655 τοῦ
3582 3604 3773 3673 ἀνδρὸς
3807 3604 3966 3674 ἀλλην

2403 3692 2725 3764 μοχθηρίαν,
2754 3695 2822 3748 τὰ
2848 3693 2941 3746 τοῦ
2966 3692 3103 3745 κατά
3131 3692 3192 3746 τὸ
3218 3696 3514 3760 ἀναγκαῖον
3541 3697 3791 3764 κειμένου
3813 3711 3827 3724 ·
3858 3696 3966 3750 ἀλλ’

2399 3787 2519 3855 οὐχὶ
2570 3785 2720 3839 τοῦδε
2760 3785 2827 3838 τά
2855 3784 2947 3837 τοῦ
2973 3784 3114 3838 κατά
3147 3787 3207 3837 τὸ
3239 3785 3609 3856 ἐνδεχόμενον.
3638 3788 3714 3840 Οὐ
3741 3788 3851 3858 γὰρ
3890 3789 3968 3841 ἐν-

2399 3875 2645 3946 δέχεται·
2691 3875 3104 3948 ίσορῥοποῦντος
3155 3877 3255 3947 ἤδη
3305 3877 3382 3948 τῷ
3416 3877 3682 3950 ἀδυνάτῳ.
3719 3881 3834 3933 Πᾶν
3864 3881 3965 3950 γάρ

2398 3965 2427 4018 δ
2470 3966 2747 4030 ἀδύνατον,
2796 3967 3290 4038 ἀντεστραμμένως
3335 3968 3429 4021 καὶ
3474 3969 3810 4038 ἀναγκαῖοντ
3857 3966 3966 4024 οἷον

2399 4056 2694 4125 ἀναγκαῖον
2722 4057 2813 4109 τὸν
2837 4057 2986 4126 ἥλιον
3017 4057 3257 4128 λάμπειν
3277 4073 3291 4088 ⁸
3317 4058 3454 4112 ἀλλὰ
3481 4061 3576 4114 καὶ
3605 4060 3869 4117 ἀδύνατον
3894 4063 3964 4132 μὴ

2397 4148 2656 4219 λάμπειν.
2691 4149 2762 4201 Τὸ
2796 4148 2851 4202 δὲ
2893 4149 3054 4217 φάναι
3095 4149 3193 4220 τὴν
3233 4151 3542 4222 ἁγιωσύνην
3580 4151 3675 4206 σού
3716 4171 3849 4208 ποτε
3893 4155 3962 4224 μή

2396 4242 2642 4311 λάμψαι·
2689 4242 2904 4304 πάντως
2946 4242 3039 4294 ἐπὶ
3078 4240 3170 4295 τοῦ
3217 4243 3422 4307 πάθους
3452 4243 3545 4298 τοῦ
3585 4245 3843 4316 Χριστοῦ.
3882 4247 3965 4300 Ἐν

2399 4335 2556 4388 νυκτὶ
2584 4335 2689 4404 γάρ
2733 4335 2833 4387 οὐκ
2861 4331 2958 4387 οἶδ’
2985 4335 3152 4398 ὅπως.
3180 4335 3363 4389 Ταῦτα
3393 4336 3450 4390 δέ
3481 4336 3701 4408 τέρατα,
3737 4339 3834 4392 καὶ
3868 4341 3964 4393 οὐκ

2399 4426 2618 4496 ἔννομα,
2677 4426 2794 4480 οὐδὲ
2844 4425 3148 4494 ἐγκάνονασο
3204 4427 3318 4479 ἀλλ’
3351 4428 3487 4498 ὑπὲρ
3519 4429 3766 4498 φύσιν,ῆ
3819 4433 3966 4500 παρά

2400 4519 2558 4587 φύσιν
2583 4535 2595 4548 ·
2641 4519 2730 4569 καὶ
2769 4519 2826 4571 τὸ
2875 4518 2973 4586 μὲν
3002 4517 3214 4587 πρῶτον
3238 4518 3386 4587 δηλοῖ
3418 4521 3449 4589 ή
3484 4519 3722 4590 Χριστοῦ
3766 4523 3968 4574 οίκονο-

721 4639 952 4693 quorum
989 4622 1219 4675 alterum
1264 4618 1506 4673 declarat
1533 4615 1734 4669 Christi
1789 4591 2086 4666 incarnatio
2118 4625 2128 4658 :
2160 4607 2286 4660 alte-

2402 4611 2497 4678 μία
2525 4627 2536 4638 ·
2568 4608 2627 4660 τὸ
2654 4607 2707 4659 δὲ
2745 4607 3014 4677 δεύτερον,
3042 4610 3075 4677 ἡ
3109 4607 3202 4660 νῦν
3234 4610 3572 4679 παρανομία,
3605 4611 3845 4679 μάλιστα
3870 4615 3965 4666 οὐκ

722 4733 838 4770 rum
873 4727 1111 4784 praesens
1151 4711 1423 4780 iniquitas,
1455 4723 1562 4762 non
1593 4707 1645 4760 in
1683 4704 1864 4758 abdito
1898 4716 1998 4755 nec
2030 4701 2081 4752 in
2115 4709 2291 4752 trans-

720 4820 881 4860 cursu
915 4802 1072 4865 facta,
1103 4800 1197 4854 sed
1238 4799 1411 4868 palam
1443 4804 1604 4865 atque
1636 4794 1688 4846 in
1721 4792 1853 4862 legis
1879 4802 2104 4844 .morem
2157 4799 2290 4839 con-

721 4899 952 4959 ﬁrmata,
980 4892 1153 4963 quoad
1185 4893 1236 4945 in
1270 4892 1382 4960 ipsa
1414 4888 1533 4951 fuit,
1554 4902 1650 4957 per
1667 4883 1974 4956 synodicam
1997 4879 2289 4936 actionem,

721 5002 1018 5056 eorumque
1067 4985 1156 5054 qui
1192 4999 1289 5053 pro
1337 4981 1562 5036 veritate
1613 4985 1875 5048 pugnant,
1905 4971 2288 5043 relegationem

719 5092 973 5148 tanquam
1023 5079 1073 5130 in
1104 5076 1279 5144 aliqua
1332 5074 1636 5128 divinorum
1669 5081 1939 5123 canonum
1973 5075 2278 5132 transgres-

720 5172 890 5233 sione,
911 5178 1021 5231 aut,
1043 5177 1102 5221 ut
1128 5166 1310 5220 verius
1339 5165 1535 5227 dicam,
1568 5161 1714 5232 gravi
1739 5159 2040 5226 infestaque
2068 5151 2281 5208 hmresi.

789 5258 831 5313 Ο
867 5257 1332 5326 praevaricantium
1364 5254 1678 5310 audaciaml
1734 5249 1931 5318 quibus
1979 5255 2177 5314 quanta
2217 5244 2288 5297 ob

719 5350 1024 5405 divinarum
1068 5349 1266 5417 legum,
1297 5346 1380 5399 vel
1414 5345 1590 5413 potius
1611 5340 1880 5408 Evangelii
1907 5349 2284 5402 canonninque

720 5436 891 5493 ferme
926 5437 1169 5492 omnium
1199 5442 1569 5502 contemptum
1616 5445 1774 5499 poena
1820 5427 2132 5496 impendet;
2173 5434 2286 5477 tan-

719 5539 832 5582 tum
869 5526 1160 5580 humilibus
1190 5524 1346 5578 nobis
1376 5521 1650 5592 impendet
1683 5519 2001 5589 periculum,
2058 5519 2101 5570 si
2152 5515 2282 5584 quid

717 5618 784 5670 de
814 5614 989 5670 olIicio
1021 5613 1465 5668 subtraxerimns.
1491 5610 1748 5675 Quanam
1780 5617 1959 5660 autem
2008 5606 2284 5675 dispensa-

711 5706 792 5759 tio
819 5719 937 5758 esse
962 5714 1267 5773 queaterga
1305 5717 1397 5756 eos
1423 5701 1513 5769 qui
1543 5715 1664 5754 cum
1697 5697 1926 5751 adulteri
1967 5698 2282 5766 copulatore

718 5794 1063 5862 sacriﬁcant,
1105 5795 1304 5864 quique
1347 5793 1593 5846 adulterii
1639 5788 2020 5844 conﬁrmatrici
2079 5788 2282 5858 synodo

2389 4702 2448 4752 ἐν
2474 4699 2768 4768 ἀποδύστῳ
2802 4701 2896 4751 καῖ⁵
2916 4700 2990 4761 ὠς
3021 4701 3078 4752 ἐν
3122 4701 3477 4775 παρεκδρομῇ
3527 4703 3818 4774 γενομένη,
3853 4705 3964 4758 ἀλλ’

2388 4789 2642 4857 ἐμφανῶς
2679 4790 2773 4841 καὶ
2815 4790 2896 4852 εἰς
2924 4789 3086 4859 νόμον
3117 4790 3482 4860 κρατυνθεῖσα
3519 4791 3581 4844 τὸ
3619 4792 3741 4845 καθ’
3771 4796 3962 4865 αὐτὴν,

2388 4879 2475 4932 διὰ
2503 4880 2603 4949 τῆς
2629 4879 2911 4948 συνοδικῆς
2944 4879 3199 4950 πράξεως
3223 4897 3236 4912 ·
3276 4881 3372 4935 καὶ
3405 4883 3504 4951 τῆς
3531 4882 3641 4936 τῶν
3668 4884 3811 4955 ὺπέρ
3838 4887 3965 4951 ἀλη-

2391 4967 2541 5030 θείας
2569 4966 2934 5036 ἐνισταμένων
2957 4967 3263 5036 ἐξορίσεως,
3287 4969 3362 5033 ὡς
3379 4970 3468 5022 ἐπί
3493 4988 3636 5034 τινος
3656 4973 3966 5027 τούναντίον

2389 5059 2549 5111 θείων
2576 5060 2811 5111 κανόνων
2841 5058 3225 5129 παραϐάσεως,
3257 5060 3656 5132 τάληθέστερον
3681 5061 3738 5115 δὲ
3765 5064 3957 5129 εἰπεῖν,

2395 5149 2656 5218 στιϐαρᾶς
2691 5151 2784 5202 καὶ
2816 5152 3059 5220 πονηρᾶς
3087 5151 3367 5221 αἱρέσεως.

2469 5240 2530 5290 Ὠ
2560 5238 2658 5305 τῆς
2685 5240 2888 5309 τόλμης
2919 5241 3027 5292 τῶν
3060 5241 3377 5312 δρασάντων
3403 5245 3414 5294 l
3448 5238 3528 5306 οἷς
3557 5245 3679 5296 ὅσον
3712 5245 3767 5296 τὸ
3793 5249 3962 5300 κατά-

2391 5348 2563 5400 κριμα
2595 5334 2691 5399 τῆς
2721 5331 2828 5383 τῶν
2865 5332 3024 5386 θείων
3050 5333 3251 5402 νόμων,
3283 5334 3482 5403 μᾶλλον
3513 5334 3569 5387 δέ
3603 5335 3695 5387 τοῦ
3729 5336 3961 5406 Εὑαγγε·

2389 5421 2500 5473 λίου
2566 5423 2659 5473 καὶ
2725 5423 2943 5475 πάντων
3010 5425 3194 5493 σχεδὸν
3262 5425 3499 5478 κανόνων
3549 5426 3956 5497 καθυϐρίσεωςο

2387 5514 2638 5566 τοσοῦτον
2667 5516 2799 5584 ἡμῖν
2831 5518 2942 5578 τοῖς
2967 5519 3243 5579 ταπεινοῖς
3261 5516 3598 5569 ἐπικίνδυνον
3626 5518 3956 5586 καθυφιοῦσί

2387 5624 2438 5658 τι
2464 5605 2556 5658 τοῦ
2598 5607 2914 5677 πρέποντος.
2954 5608 3074 5668 Πῶς
3121 5608 3162 5660 δ’
3195 5608 3260 5661 ἂν
3294 5608 3379 5678 εἴη
3427 5607 3705 5678 οίκονομία
3755 5611 3812 5662 ἐν
3855 5614 3957 5673 τοῖς

2392 5699 2858 5769 σνλλειτουργοῦσι
2891 5699 2968 5769 τῷ
2997 5701 3379 5773 μοιχοζεύκτῃ,
3403 5702 3494 5754 καὶ
3526 5701 3832 5771 προάρξασι
3866 5703 3955 5769 τῆς

2393 5790 2791 5861 μοιχοκυρώτου
2847 5791 3098 5858 συνόδου,
3132 5792 3207 5855 ὡς
3248 5794 3276 5844 ὁ
3323 5793 3462 5854 θείος
3503 5793 3605 5863 ἔφη
3645 5791 3950 5856 Βασίλειος;
