4158 6504
233 463 362 525 1041

1445 467 1982 532 EPISTOLARUM
2022 473 2170 533 LIB.
2195 475 2244 531 Ι.

3368 476 3510 542 1042

226 579 365 651 Φησὶ
400 579 530 650 γάρ,
569 578 832 644 πολλάκις
856 579 952 635 καί⁵
977 579 1102 643 τοὺς
1130 581 1242 643 τοῖς
1272 581 1668 646 ἀνυποτάκτοις
1695 601 1805 639 συν‹

1925 585 2290 656 praefuerunt,
2331 596 2391 641 ut
2444 587 2658 643 divinus.
2715 582 2792 644 ait
2825 590 3093 648 Basilius?
3148 592 3280 650 Dicit
3335 596 3502 662 enim,

227 675 589 738 απελθόντας,
641 675 728 729 ἐπ’
768 675 835 729 ἂν
881 673 1351 744 μεταμεληθῶσιν,
1383 676 1462 738 εἰς
1507 675 1606 746 τὴν
1646 677 1817 750 αὐτὴν

225 767 590 838 ἀποδέκεσθαι
629 768 806 834 τάξιν,
839 768 955 821 ἀλλ’
987 766 1050 818 οῦ
1101 767 1233 836 παρ’
1267 768 1299 837 ἡ
1310 767 1455 835 μῶν·
1490 769 1651 840 ετπερ
1684 771 1817 823 ποτὲ

225 863 321 914 καὶ
345 863 665 930 μεταγνοῖεν
681 876 695 890 ·
723 861 876 931 παρά
900 860 956 912 δέ
989 858 1100 912 τῶν
1126 857 1517 930 [ίσ]οστασίων,
1536 860 1612 922 ὡς
1628 864 1656 915 ὁ
1678 861 1818 926 θεῖος

223 954 331 1023 ἔφη
371 953 668 1018 Διονύσιος.
699 955 781 1009 Τά
810 955 981 1007 πλείω
1019 953 1224 1023 ἀφίημι
1274 957 1340 1024 τῇ
1375 954 1590 1009 συνέσει
1620 974 1714 1010 σου
1747 958 1818 1009 ἰε-

225 1045 337 1114 ρῶς
370 1046 630 1119 ίσχυούσῃ
653 1046 980 1101 ἐποπτεύειν
1007 1047 1076 1098 τὰ
1116 1045 1266 1115 ἡμᾶς
1292 1044 1646 1102 λανθάνοντα.
1679 1046 1818 1112 Δόξα

223 1136 346 1206 θεῷ
395 1137 488 1190 ἐπὶ
539 1140 606 1208 τῇ
656 1138 765 1192 τῶν
797 1136 1044 1206 ἀδελφῶν
1080 1135 1365 1198 ἀπολύσει,
1397 1137 1554 1208 εῐπερ
1589 1137 1812 1206 ἀληθές.

223 1229 362 1293 Δόξα
403 1228 522 1301 Θεῷ
561 1231 654 1283 καὶ
697 1230 828 1301 περί
870 1229 971 1299 τῆς
1007 1229 1253 1282 θεοδότου
1286 1245 1402 1291 σου,
1441 1229 1638 1297 ἀδελφέ
1689 1247 1813 1300 μου,

222 1321 548 1391 καρτερίας,
585 1323 643 1375 ἐν
692 1324 805 1384 τοῖς
847 1321 955 1375 τῶν
983 1320 1169 1374 αὐτόθι
1204 1319 1460 1390 σκληροῖς
1498 1321 1590 1374 καὶ
1620 1321 1814 1391 ἀπεριο

220 1413 455 1484 τμήτοις
500 1411 578 1482 τῷ
627 1413 898 1483 πνεύματι
940 1413 1266 1484 κεντήμασι.
1309 1411 1556 1483 Χαρίζου
1594 1430 1684 1482 μοι
1717 1414 1816 1482 τὴν

222 1503 401 1554 εἰσαεὶ
425 1500 753 1573 ὑπόμνησιν,
785 1501 1168 1572 νηφαλεοῦσάν
1203 1519 1270 1573 με
1313 1501 1405 1555 τὸν
1437 1502 1772 1570 νυστάξοντα
1799 1519 1811 1533 ο

221 1593 342 1649 εἶτα
400 1596 496 1648 καὶ
547 1595 642 1649 νῦν
701 1595 855 1669 ίεράν
911 1595 1222 1666 προσευχὴν
1264 1594 1406 1648 πάνυ
1439 1595 1680 1654 πάντων,
1717 1594 1814 1648 τοῦ

218 1687 277 1739 δὲ
328 1688 542 1758 [lat-pb;
592 1687 752 1759 ἡμῶν
803 1690 901 1742 καὶ
943 1688 1037 1742 σοῦ
1092 1687 1480 1757 διαφερόντως,
1537 1686 1812 1758 χρῄζοντι.

219 1779 539 1852 Μεμάθηκα
571 1783 932 1852 πεποιηκέναι
978 1799 1039 1835 σε
1084 1780 1271 1853 χάριτι
1314 1777 1553 1850 Χριστοῦ
1595 1777 1816 1848 πόνημά

218 1889 310 1925 τι·
367 1875 483 1942 καὶ,
524 1876 574 1928 εί
619 1875 885 1941 κελεύεις,
932 1873 1315 1943 ἀναγνώσαιμι
1371 1869 1503 1924 αὐτὸ
1551 1869 1640 1922 ἐπ’
1666 1869 1811 1938 ὠφε·

221 1965 372 2037 λείᾳ.

615 2084 746 2137 AH'.
771 2112 838 2123 --
867 2080 1145 2150 Ἆρσενίῳ
1177 2078 1386 2146 τέκνῳ.
1431 2077 1578 2152 [ρδ’.]

1919 693 2064 748 saepe
2116 678 2237 734 illos
2279 680 2442 734 etiam
2477 682 2572 750 qui
2621 683 2674 736 in
2702 683 3085 740 obedientibns
3134 687 3505 754 adhaeserunt,

1920 778 2208 839 postquam
2237 784 2332 824 eos
2359 771 2693 840 ptenituerit,
2733 775 2785 827 in
2825 776 3076 830 eumdem
3108 778 3332 848 gradum
3364 779 3504 832 reci-

1921 860 2131 929 pit,sed
2164 875 2506 930 nequaquam
2543 878 2571 916 a
2600 863 2780 928 nobis,
2810 864 2855 918 si
2881 866 3042 919 modo
3078 881 3316 934 unquam
3349 882 3503 921 erro-

1920 966 2034 1004 rem
2066 962 2384 1022 agnoscent.
2413 969 2600 1008 verum
2635 969 2663 1008 a
2693 957 3071 1026 comparibus,
3099 967 3158 1011 ut
3183 958 3259 1011 ait
3290 958 3515 1013 divinus

1920 1042 2230 1113 Dionysius.
2287 1045 2493 1100 Caztera
2537 1046 2788 1116 relinquo
2845 1049 3149 1118 prudentiae
3201 1059 3338 1113 tuae,
3384 1066 3505 1119 quae

1918 1142 2098 1202 potest
2128 1135 2292 1189 etiam
2323 1151 2384 1189 ea
2416 1153 2536 1205 quae
2580 1152 2681 1192 nos
2713 1137 2902 1202 latent,
2935 1149 3123 1196 sancte
3169 1141 3501 1211 perspicere.

1919 1223 2064 1278 Laus
2097 1227 2206 1278 Deo
2240 1236 2296 1281 et
2327 1227 2397 1280 de
2431 1229 2659 1282 fratrum
2696 1229 3039 1294 liberatione,
3085 1231 3130 1283 si
3169 1249 3355 1286 verum
3399 1243 3502 1287 est.

1920 1315 2062 1369 Laus
2098 1316 2209 1371 Deo
2245 1318 2395 1372 etde
2430 1326 2542 1381 tua,
2581 1318 2652 1372 mi
2691 1319 2891 1382 frater,
2924 1321 3185 1375 divinitus
3217 1322 3340 1376 data
3375 1338 3499 1377 con-

1919 1413 2142 1476 stantia,
2175 1413 2230 1466 in
2260 1413 2412 1467 duris
2453 1423 2507 1468 et
2546 1414 2942 1469 incircumcisis
2980 1416 3174 1482 spiritu
3225 1417 3503 1472 hominum

1921 1503 2149 1558 istorum
2182 1504 2436 1559 stimulis.
2478 1504 2697 1576 Largire
2739 1505 2873 1559 mihi
2919 1517 3233 1576 perpetuam
3264 1509 3507 1562 admoni-

1919 1596 2144 1659 tionem,
2177 1612 2298 1666 qure
2325 1612 2412 1650 me
2435 1597 2820 1651 dormitantem
2853 1597 3282 1666 expergefaciat;
3310 1599 3505 1655 deinde

1916 1697 1970 1742 et
1995 1704 2142 1742 nunc
2175 1704 2356 1742 sacras
2382 1704 2575 1758 preces
2616 1689 2863 1743 omnium
2911 1705 3163 1759 prorsus.
3205 1694 3299 1746 sed
3329 1690 3506 1747 Patris

1917 1779 2087 1833 nostri
2119 1789 2175 1834 et
2216 1789 2336 1835 tuas
2383 1781 2748 1851 potissimum,
2801 1781 3089 1853 indigenti.
3123 1782 3292 1838 Didici
3328 1793 3380 1838 te
3409 1800 3507 1855 per

1914 1869 2118 1926 Christi
2167 1873 2394 1942 gratiam
2443 1888 2580 1942 opus
2633 1873 2853 1942 aliquod
2896 1874 3247 1940 elaborasse;
3306 1875 3410 1941 fac,
3457 1878 3505 1943 si

1849 1953 1888 2007 Β
1921 1963 2118 2033 placet,
2155 1972 2213 2018 ut
2241 1978 2366 2018 eum
2395 1963 2630 2018 utilitate
2656 1964 2851 2036 legam.

2313 2075 2604 2132 XXXVIII.
2633 2109 2702 2119 —
2733 2079 2948 2134 Ανεεηίο
2990 2081 3120 2150 ﬁlio.

815 2197 992 2249 Scelus
1015 2195 1216 2248 nomine
1248 2196 1633 2260 dispensationis
1658 2199 1996 2257 praetexentes
2028 2193 2234 2244 refellit.
2269 2192 2468 2257 (Baron.
2505 2209 2585 2245 an.
2621 2195 2732 2255 787,
2761 2209 2807 2244 n.
2843 2197 2945 2259 58.)

303 2303 523 2358 Ἥλίκον
552 2302 757 2374 ἐχάρην
780 2302 872 2357 καί
893 2301 1081 2368 τανῦν,
1108 2300 1376 2372 ἀναγνούς
1411 2320 1505 2357 σου
1538 2303 1607 2357 τὰ
1628 2301 1812 2374 γράμ-

220 2413 394 2466 ματα,
459 2395 647 2450 τέκνον
717 2393 1127 2448 ποθεινότατον·
1192 2394 1254 2448 οῦ
1314 2393 1570 2448 τοσοῦτον
1627 2396 1687 2448 ἐν
1740 2397 1809 2465 τῇ

216 2487 560 2557 ἀνεῳχθείσῃ
592 2503 674 2540 σοι
703 2487 902 2556 μᾶλλον
934 2485 1076 2557 θύρᾳ
1105 2485 1207 2554 τῆς
1239 2485 1376 2557 πρὸς
1401 2486 1663 2556 ἀδελφοὺς
1690 2503 1811 2540 συν-

216 2581 412 2648 τυχίας
477 2580 525 2631 εί
554 2578 647 2631 καὶ
676 2578 813 2647 αὑτὴ
843 2577 1072 2631 εὐκταία
1091 2593 1105 2608 ⁶
1150 2577 1272 2629 ὅσον
1299 2577 1391 2629 ἐττί⁵
1420 2579 1485 2646 τῇ
1512 2577 1614 2646 τῆς
1639 2577 1811 2644 γλώτ-

217 2689 319 2740 της
345 2669 594 2740 εῦχάριτι
615 2668 772 2732 Θεοῦ,
795 2669 860 2721 δι’
881 2662 947 2738 ἦς
973 2669 1172 2730 κλείεις
1192 2667 1258 2720 τὰ
1283 2668 1542 2721 ἀπύλωτα
1564 2668 1809 2738 στόματα

223 2761 334 2814 τῶν
365 2760 768 2832 αἰρετιζόντων.
808 2759 1076 2830 ΙΙροσθείη
1127 2777 1211 2812 σοι
1253 2759 1544 2830 τοιγαροῦν
1590 2760 1670 2812 ἔτι
1698 2759 1810 2811 Κύ-

233 2870 347 2923 ριος
391 2852 545 2920 λόγον
583 2851 830 2920 γνώσεώς
879 2868 939 2903 τε
980 2851 1079 2904 καὶ
1123 2852 1335 2920 σοφίας,
1368 2852 1808 2922 διακατελέγχειν

227 2945 356 3006 τοὺς
385 2944 484 3012 τῆς
533 2943 814 3005 εὐσεϐείας
847 2940 1342 3013 προ[σ]ασπιστάς·
1374 2944 1450 3006 ὡς
1487 2943 1551 2997 ἂν
1582 2945 1691 3010 ἕξει
1724 2961 1807 2997 σοι

222 3033 281 3089 εὗ
317 3035 464 3105 μάλα
489 3035 568 3105 τῷ
598 3035 726 3104 θείῳ
756 3034 916 3088 Δαυῒδ
948 3035 1288 3104 συμψάλλειν
1315 3052 1327 3064 ·
1353 3036 1424 3089 Τὸ
1459 3037 1654 3105 στόμα
1685 3055 1804 3106 μου

217 3128 458 3197 ἦνοιξα,
508 3128 604 3182 καὶ
646 3128 904 3181 εἵλκυσα
954 3127 1223 3197 πνεῦμα·
1272 3128 1360 3181 ὅτι
1408 3129 1514 3194 τὰς
1553 3129 1806 3194 ἐντολάς

217 3241 336 3277 σου
399 3223 512 3276 οὐκ
568 3221 968 3290 ἐπελαθόμην.
1024 3221 1159 3273 Καθ’
1200 3215 1275 3275 ὦν
1334 3221 1699 3292 λυττήσαντες
1755 3224 1805 3275 oi

217 3315 716 3386 Μοιχειανίζοντες,
747 3313 922 3366 ἐκεῖνό
953 3330 1069 3376 πως
1095 3313 1155 3365 τὸ
1180 3313 1454 3382 Γραφικὸν
1490 3315 1672 3376 αὐτοῖς
1693 3315 1804 3377 τοῖς

218 3410 402 3474 ἔργοις
440 3405 770 3476 φθέγγονται
795 3420 808 3435 ⁸
857 3403 1113 3458 Ἀπόστα
1140 3405 1240 3458 ἀπ’
1266 3404 1433 3473 ἐμοῦ,
1477 3406 1656 3471 ὁδούς
1685 3423 1800 3460 σου

215 3499 441 3552 εἰδέναι
471 3499 543 3550 οὐ
577 3497 901 3564 βούλομαι.
940 3496 999 3548 Εἰ
1030 3495 1136 3565 γὰρ
1174 3496 1412 3566 ᾔδεισαν,
1438 3498 1536 3548 οῦκ
1569 3498 1632 3550 ἀν
1661 3515 1799 3568 παρ-

219 3589 424 3658 έϐησαν
456 3586 523 3640 τὰ
551 3586 646 3639 τοῦ
676 3560 884 3654 Κυρίου
913 3560 1224 3653 ἐντάλματα
1249 3601 1260 3612 ⁸
1291 3585 1389 3636 οὐκ
1420 3585 1482 3637 ἂν
1516 3560 1800 3657 παραϐάν-
1829 3560 1870 3616 C

215 3697 330 3742 τες,
354 3677 672 3748 οἰκονομίαν
703 3677 970 3746 σωτήριον
1001 3679 1065 3745 τῇ
1099 3675 1396 3746 Ἐκκλησία
1439 3677 1674 3746 Χριστοῦ
1701 3677 1800 3739 τὰς

215 3771 564 3840 παραϐάσεις
610 3767 904 3830 συνοδικῶς
948 3766 1325 3836 ἐδογμάτιζον,
1368 3767 1458 3818 ὑπ’
1498 3768 1798 3838 ἀναθέματι

214 3865 324 3916 τῶν
350 3861 556 3924 ταύτας
587 3861 660 3932 μὴ
688 3859 830 3914 οὕτω
863 3860 1258 3929 προσιεμένων.
1281 3859 1463 3928 Ὅπερ
1496 3860 1690 3923 ἀσεϐὲς
1714 3861 1800 3914 δό-

213 3971 333 4023 γμα
368 3952 620 4006 τοσοῦτόν
655 3955 824 4014 ἐστιν,
858 3951 932 4013 ὼς
963 3952 1036 4021 μὴ
1071 3953 1229 4020 μόνον
1258 3951 1318 4003 τὸ
1356 3952 1502 4021 ίερὸν
1552 3953 1798 4021 Εὐαγγέ-

214 4047 328 4100 λιον
359 4044 706 4115 ἀνατρέπειν,
753 4044 895 4096 κατά
931 4043 992 4096 τὸ
1023 4046 1086 4096 ἐκ
1122 4044 1320 4113 μέρους
1355 4043 1517 4110 φύσιν
1556 4043 1698 4114 ἔχειν
1737 4044 1798 4098 τὸ

214 4138 337 4191 ὅλον
366 4133 801 4206 ἀνατρέπεσθαι*
832 4133 970 4187 ἀλλά
1003 4136 1096 4193 καὶ
1130 4133 1299 4202 αὐτὴν
1326 4133 1424 4205 τὴν
1458 4134 1696 4204 Χριστοῦ
1727 4135 1797 4187 οἰ-

215 4228 477 4299 κονομίαν
513 4229 755 4296 ἀναιρεῖν
778 4242 795 4259 ⁸
824 4226 1141 4295 ἀναιρετικά
1180 4225 1286 4294 γὰρ
1320 4224 1563 4294 ἀλλήλων
1600 4225 1798 4277 τάναν-

215 4319 330 4374 τία.
364 4319 486 4371 Ὀτι
528 4316 584 4369 δέ
617 4315 835 4369 ἐναντία
883 4315 915 4384 ὴ
954 4312 1340 4383 μοιχοζευξία,
1371 4311 1798 4382 δογματισθείσα

217 4409 490 4480 σωτήριος
523 4406 827 4476 οἰκονομία,
857 4406 922 4474 τῇ
959 4403 1099 4473 θείᾳ,
1132 4405 1229 4456 καὶ
1258 4403 1343 4456 ἐπ’
1372 4404 1648 4473 ἀναιρέσει
1700 4405 1798 4473 τῆς

215 4501 495 4573 ἀμαρτίας
524 4497 830 4568 οἰκονομίᾳ,
857 4494 1018 4548 παντί
1045 4512 1148 4548 που
1173 4495 1354 4565 δῆλον.
1393 4495 1553 4550 Ἀλλά
1586 4496 1685 4566 μὲν
1706 4491 1798 4551 οὖν

219 4594 310 4645 καὶ
340 4590 547 4661 ἐτέρων
575 4587 940 4658 ἀσεϐημάτων
963 4586 1110 4639 ἐστὶν
1137 4586 1432 4656 ἐπίμεστος
1457 4588 1490 4656 ἡ
1524 4589 1800 4656 μοιχοσύν·

212 4687 366 4747 οδοςο
397 4683 455 4746 ἃ..
496 4683 544 4734 εἰ
574 4680 888 4751 περιτύχοις
931 4678 1096 4732 πάλιν
1144 4677 1271 4731 ἰδεῖν
1309 4677 1400 4733 τὸν
1438 4678 1664 4748 ἀδελφὸν
1694 4681 1798 4735 Εὑ-

214 4794 321 4847 πρε
331 4774 541 4840 πιανὸν,
569 4771 865 4835 ῦποδείξειέ
897 4787 1001 4826 σοι.

1986 2300 2201 2368 Quanto
2233 2315 2380 2356 nunc
2422 2302 2586 2356 etiam
2618 2304 2814 2375 gaudio
2869 2305 3123 2374 perfusus
3171 2323 3290 2362 sum
3349 2310 3504 2366 lectis

1915 2394 2110 2450 litteris
2135 2393 2261 2458 tuis,
2296 2394 2370 2448 fili
2400 2395 2896 2451 desideratissimel
2932 2414 3039 2452 non
3060 2408 3168 2453 tam
3185 2402 3330 2468 quod
3354 2419 3507 2473 aper-

1914 2496 2029 2542 tum
2060 2487 2156 2541 tibi
2192 2486 2392 2540 ostium
2418 2487 2580 2540 fuerit
2600 2487 2821 2541 liberius
2848 2503 2973 2542 cum
2996 2487 3252 2546 fratribus
3277 2508 3504 2564 congre-

1913 2579 2136 2655 diendi;
2169 2578 2420 2647 quamvis
2444 2588 2500 2633 et
2529 2578 2663 2633 illud
2700 2579 2998 2647 optandum
3021 2621 3035 2643 ,
3085 2597 3248 2649 quam
3279 2593 3503 2653 propter

1913 2669 2132 2724 insitam
2167 2669 2364 2738 lingua:
2396 2678 2501 2723 tua:
2533 2667 2627 2723 Dei
2657 2669 2906 2740 gratiam,
2931 2686 3037 2740 qua
3062 2675 3303 2730 obstruis
3337 2675 3500 2730 effre-

1912 2769 2039 2812 nata
2064 2774 2155 2812 ora
2195 2758 2600 2814 haereticorum.
2629 2760 2913 2832 Adaugeat
2951 2778 3082 2833 ergo
3109 2764 3206 2818 tibi
3232 2765 3500 2822 Dominus

1911 2865 2224 2907 sermonem
2272 2850 2514 2906 scientiae
2564 2867 2628 2906 ac
2681 2854 2963 2922 sapientia:
3015 2857 3081 2910 ad
3133 2859 3500 2916 confutandos

1911 2943 2209 3011 impietatis
2261 2942 2630 2999 defensores:
2671 2953 2728 2998 ut
2772 2945 2870 3000 tibi
2919 2948 3114 3003 merito
3158 2965 3290 3005 sane
3340 2953 3497 3006 liceat

1909 3049 2031 3088 cum
2056 3034 2243 3088 divino
2269 3034 2437 3088 David
2461 3048 2658 3088 canere
2686 3052 2698 3088 :
2723 3034 2790 3090 Os
2810 3039 2982 3090 meum
3001 3041 3271 3108 aperui,et
3296 3043 3502 3099 attraxi

1907 3126 2199 3194 spiritum;
2234 3127 2358 3196 quia
2426 3128 2678 3180 mandata
2735 3136 2826 3180 tua
2885 3145 2986 3182 ron
3036 3147 3153 3184 sum
3207 3133 3396 3186 oblitus
3429 3135 3496 3190 ³⁵.

1907 3215 2107 3270 Contra
2138 3231 2258 3285 qua!
2301 3216 2639 3272 insanientes
2671 3216 2984 3281 Mmcbiani,
3020 3219 3148 3273 illud
3177 3218 3494 3288 Scriptura,

1908 3304 2165 3373 operibus
2213 3304 2363 3372 ipsis,
2399 3305 2800 3372 quodammodo
2847 3305 3186 3362 inclamant:
3222 3307 3420 3364 Recede
3461 3330 3495 3365 a

1908 3413 2008 3460 me,
2043 3397 2155 3448 vias
2187 3404 2306 3448 tuas
2331 3396 2464 3448 scire
2491 3395 2608 3448 nolo
2623 3396 2688 3450 ".
2725 3393 2778 3448 Si
2804 3396 2948 3449 enim
2986 3399 3292 3463 scivissem,
3328 3402 3496 3456 baud-

1906 3502 2176 3558 quaquam
2203 3482 2416 3541 Domini
2442 3487 2695 3542 mandata
2725 3487 3075 3543 violavissent
3098 3507 3110 3542 :
3133 3505 3329 3560 neque,
3353 3504 3498 3562 postp

1906 3594 2067 3647 quam
2096 3578 2460 3643 violaverunt,
2495 3578 2788 3632 salutarem
2831 3576 3034 3631 Christi
3080 3579 3338 3636 Ecclesia:
3380 3583 3496 3638 dis-

1906 3670 2287 3739 pensationem
2315 3671 2483 3723 fuisse
2514 3667 2991 3737 pravaricationes
3047 3684 3193 3736 suas,
3238 3673 3495 3742 synodice

1906 3763 2238 3823 sanxissent,
2269 3761 2617 3814 anathemate
2651 3760 2703 3814 in
2737 3776 2831 3815 eos
2862 3761 3085 3816 decreto
3131 3763 3222 3832 qui
3256 3779 3348 3818 eas
3381 3780 3490 3819 non

1906 3854 2133 3922 perinde
2174 3852 2590 3922 approbassem.
2633 3851 2790 3918 Quod
2821 3853 3040 3921 quidem
3070 3854 3208 3908 adeo
3261 3867 3344 3910 est
3391 3857 3493 3910 im-

1906 3945 2053 4015 pium
2084 3945 2300 4016 dogma,
2333 3954 2393 3998 ut
2431 3960 2541 3999 non
2569 3945 2730 3999 modo
2761 3960 2978 3999 sacrum
3013 3943 3362 4016 Evangelinm
3396 3950 3493 4002 de-

1907 4044 2101 4099 struat,
2135 4044 2407 4104 quatenus
2436 4042 2612 4087 totum
2644 4033 2852 4086 destrui
2877 4035 2928 4086 in
2955 4044 3107 4102 parte
3129 4033 3288 4104 vulgo
3317 4034 3491 4098 solet;

1906 4127 2002 4182 sed
2049 4127 2221 4195 ipsam
2269 4125 2431 4181 etiam
2480 4124 2681 4179 Christi
2735 4124 3168 4180 incarnationem
3224 4127 3372 4180 tollat
3424 4127 3492 4181 de

1905 4218 2120 4284 medio;
2142 4218 2341 4272 tolliint
2366 4217 2632 4286 siquidem
2656 4227 2775 4270 sese
2800 4226 2989 4271 mutuo
3015 4218 3307 4271 contraria.
3333 4215 3486 4282 Quod

1906 4318 2090 4362 autem
2118 4309 2424 4362 adulterina
2459 4307 2798 4377 coniunctio,
2845 4323 3009 4376 quam
3064 4307 3148 4361 isti
3195 4308 3485 4362 salutarem

1906 4400 2374 4470 dispensationem
2407 4399 2577 4453 fuisse
2607 4408 2872 4462 statuunt,
2917 4398 3149 4460 divinae,
3183 4408 3237 4452 et
3264 4401 3328 4452 ad
3357 4415 3486 4468 pec-

1907 4490 2010 4544 cati
2042 4488 2472 4543 destructionem
2503 4487 2763 4540 instituta:
2785 4487 3176 4554 dispensationi
3214 4489 3486 4542 contraria

1907 4582 1997 4646 sit,
2031 4581 2288 4635 omnibus
2342 4578 2691 4636 manifestum
2721 4589 2824 4632 est.
2860 4578 3340 4634 Verumenimvero
3367 4581 3488 4635 aliis

1906 4689 2122 4744 quoque
2151 4671 2445 4742 impietatis
2464 4671 2757 4741 generibus
2781 4679 2954 4725 scatet
2991 4673 3485 4740 mmehosynodus:

1907 4781 2048 4835 quae,
2083 4763 2126 4819 si
2175 4762 2583 4833 Euprepianum
2618 4762 2836 4817 fratrem
2887 4763 3084 4818 iterum
3122 4765 3306 4818 videre
3352 4779 3489 4819 eon-

1909 4853 2099 4924 tingat,
2125 4853 2221 4908 tibi
2252 4851 2669 4908 demonstrabit.

290 4953 546 5024 Ἔρρωσο
572 4951 666 5004 καί⁵
703 4949 970 5010 εῦσθένει,
1005 4948 1218 5014 τέκνον,
1253 4949 1643 5021 ἀμφοτέρωθεν
1671 4953 1796 5017 τοῦς

1976 4946 2126 5010 Vale,
2161 4956 2217 5001 et
2243 4955 2500 5000 constans
2533 4958 2686 5001 esto.
2720 4945 2793 5000 fili
2820 4986 2834 5008 ,
2868 4943 3127 5012 utrinque
3154 4959 3248 4999 eos
3279 4945 3370 5013 qui
3402 4945 3486 4998 in-

215 5044 513 5117 βάλλοντας
539 5041 808 5114 ἀοράτως,
828 5040 1108 5093 ἐκϐάλλων
1137 5040 1327 5110 κράτει
1350 5040 1605 5108 πίστεως,
1629 5043 1795 5111 φόϐου

209 5151 269 5187 τε
327 5132 474 5186 θείου
526 5133 620 5184 καὶ
675 5130 919 5200 ἀγάπης.
947 5128 1168 5198 Ἐπειδὴ
1216 5131 1324 5200 γὰρ
1378 5131 1579 5195 ἔξωθεν
1635 5126 1799 5186 δι’ὦν

210 5224 591 5293 ἐπεγείρουσιν
616 5221 882 5292 αἱρέσεων
914 5219 1366 5290 προσϐάλλοντες,
1397 5222 1797 5292 ἀποκρούονται

212 5316 322 5370 ὑπὸ
358 5314 453 5367 τοῦ
501 5312 782 5384 ὀρθοδόξου
823 5313 1187 5381 φρονήματος
1225 5311 1434 5363 ἔνδοθεν
1469 5313 1794 5383 ἐπέρχονται

209 5411 260 5463 οί
293 5408 478 5468 δόλιοι,
511 5398 739 5474 συλῆσαι
769 5403 859 5457 τὸν
883 5402 982 5471 τῆς
1011 5401 1188 5471 ψυχῆς
1233 5402 1509 5472 θησαυρὸν
1541 5404 1793 5473 τεχναζόο

216 5514 390 5569 μενοι.
430 5492 531 5548 Ὧν
564 5493 973 5566 λυτρωθείημεν
1025 5492 1124 5560 τῆς
1176 5491 1370 5560 Θήρας,
1411 5493 1597 5560 χεῖρας
1657 5493 1794 5564 πρὸς

210 5589 347 5642 Θεὸν
398 5587 666 5655 αἴροντες,
720 5582 982 5652 συνεργίᾳ
1018 5580 1127 5633 τῶν
1184 5578 1278 5631 τοῦ
1338 5578 1518 5631 κοινοῦ
1581 5581 1793 5651 Πατρὸς

210 5682 370 5753 ἡμῶν
418 5674 756 5748 προσευχῶν,
818 5675 911 5728 καὶ
964 5673 1185 5726 πάντων
1242 5670 1351 5723 τῶν
1403 5671 1792 5737 εὐσεϐούντων,

211 5771 326 5842 ἐγώ
373 5784 431 5820 τε
463 5768 559 5820 καὶ
591 5766 655 5819 σὺ
685 5766 779 5818 καὶ
807 5766 1007 5826 πάντες
1034 5764 1082 5815 οί
1107 5760 1330 5830 ἀδελφοὶ
1367 5761 1542 5831 ἡμῶν.
1590 5763 1648 5816 '0
1695 5765 1790 5818 τοῦ

285 5907 329 5942 ³⁵
361 5902 502 5957 Psal.
541 5915 726 5962 CXVIII,
760 5899 878 5966 151,
921 5897 1034 5953 176.
1116 5896 1160 5928 ³⁸
1185 5895 1286 5950 Job
1322 5911 1426 5960 xxI,
1459 5895 1539 5951 l6.

1908 5036 2192 5094 visibiliter
2227 5036 2431 5090 feriunt
2479 5044 2837 5106 prosternens
2873 5034 2995 5088 fidei
3032 5035 3225 5091 robore
3248 5079 3263 5102 ,
3324 5037 3486 5090 timo-

1908 5129 2096 5197 risque
2135 5126 2304 5181 divini
2332 5133 2387 5180 et.
2416 5125 2726 5180 ebaritatis.
2759 5123 3052 5192 Postquam
3081 5123 3224 5177 enim
3273 5125 3485 5178 extrin-

1907 5235 2068 5276 secus
2097 5235 2193 5290 per
2230 5219 2499 5283 haereses,
2552 5232 2686 5286 quas
2716 5216 3006 5279 suscitant,
3059 5215 3352 5278 irruentes,
3390 5231 3488 5284 per

1907 5312 2269 5367 orthodoxam
2327 5309 2652 5364 sententiam
2706 5307 2909 5377 repulsi
2944 5317 3112 5362 sunt:
3150 5307 3487 5362 intrinsecus

1904 5402 2296 5474 aggrediuntur
2326 5400 2655 5455 fraudulenti
2683 5441 2698 5466 ,
2743 5400 2938 5454 anima:
2986 5399 3304 5454 thesaurum
3351 5399 3487 5452 diri-

1905 5510 2035 5564 pere
2067 5494 2357 5548 molientes
2386 5511 2398 5546 :
2423 5507 2656 5562 quorum
2683 5507 2712 5546 a
2745 5491 3147 5561 depraedatione
3166 5490 3478 5555 liberemur,

1903 5603 2096 5640 manus
2122 5585 2187 5638 ad
2207 5585 2380 5638 Deum
2409 5584 2739 5649 attollentes,
2764 5594 2817 5638 et
2846 5581 3014 5652 adjuti
3046 5581 3300 5650 precibus
3330 5598 3481 5634 eom-

1902 5677 2085 5732 munis
2114 5677 2290 5730 Patris
2335 5676 2503 5731 nostri
2545 5685 2598 5730 et
2629 5675 2840 5745 piorum
2871 5675 3119 5729 omnium
3140 5716 3156 5740 ,
3197 5687 3296 5744 ego
3321 5683 3375 5727 et
3399 5684 3476 5737 tu,

1902 5778 1954 5824 et
1984 5768 2182 5824 fratres
2224 5767 2394 5824 nostri
2427 5767 2690 5822 universi.
2726 5767 2934 5822 Auietae
2988 5765 3315 5838 praepositus
3350 5764 3477 5819 tibia
