4158 6468
726 431 858 496 1043

1906 422 1966 481 S.
1999 416 2391 480 THEODORI
2424 414 2767 475 STUDITAS

3817 400 3942 465 10H

715 547 882 609 canit,
908 542 1000 598 sed
1035 542 1269 596 obscuro
1301 553 1435 593 sono
1461 579 1474 603 ,
1517 552 1617 591 nec
1648 535 1874 606 Spiritui
1909 543 2099 588 sancto
2147 547 2275 588 con-

2398 527 2626 596 Ablxqtoi
2662 523 3073 594 καθηγούμενος
3120 520 3292 584 αὐλεῖ,
3323 517 3460 573 ἀλλά
3502 519 3710 587 ἄσημα,
3745 516 3840 569 καὶ
3889 517 3944 569 ού

715 637 941 695 cinenti.
977 634 1131 700 Quod
1161 632 1307 686 enim
1339 631 1413 685 ait
1451 646 1508 684 se
1537 628 1760 684 Romam
1791 636 2036 697 spectare
2065 643 2077 693 ;
2113 625 2282 679 imbe-

715 730 954 784 cillitatis
976 743 1174 789 causae,
1202 724 1454 793 falsaeque
1482 722 1534 775 in
1563 737 1621 776 re
1657 721 1910 790 prtesenti
1947 716 2282 773 defensionis

714 822 1008 892 suffugium
1049 829 1150 873 est.
1207 817 1469 885 Quodque
1527 815 1592 870 de
1643 814 1782 868 Saba
1835 821 1890 868 et
1943 812 2280 875 Theoctisto,

715 910 1136 982 religiosissimis
1169 906 1471 970 monachis,
1511 906 1612 960 hoc
1643 905 1840 959 illudve
1863 903 2028 967 dicat,
2050 912 2106 956 et
2138 900 2282 970 quod

716 1003 902 1056 Roma:
937 1003 1040 1054 hoc
1078 1008 1132 1054 et
1163 999 1315 1063 illud,
1379 998 1575 1051 falsum
1621 1005 1723 1050 est.
1772 995 1835 1049 Hi
1863 995 2006 1049 enim
2043 993 2113 1046 ob
2144 993 2285 1044 hanc

717 1108 932 1146 causam
989 1107 1058 1144 ne
1105 1089 1684 1144 ahlconomachorum
1744 1084 1935 1140 haeresi
1995 1084 2286 1137 redeuntes

717 1182 956 1252 episcopi
1017 1181 1071 1234 in
1129 1180 1392 1250 pristinos
1443 1179 1640 1248 gradus
1685 1176 2142 1230 restituerentur:
2174 1187 2283 1226 non

715 1273 934 1342 quidem
957 1286 1168 1333 omnes,
1188 1269 1280 1323 sed
1301 1267 1577 1338 praecipui.
1615 1274 1669 1320 et
1688 1265 1963 1335 principes
1995 1263 2283 1324 hareseos,

713 1367 866 1434 juxta
920 1362 1092 1416 sancti
1143 1359 1423 1413 Athanasii
1479 1357 1684 1416 verba.
1744 1355 2083 1409 restiterunt.
2131 1351 2286 1416 Quod

717 1470 849 1510 sane
880 1454 1176 1508 absurdum
1220 1467 1329 1506 non
1369 1460 1506 1505 erat.
1556 1449 1661 1502 Sed
1711 1457 1994 1517 postquam
2026 1443 2284 1514 synodus,

717 1562 839 1616 qua:
876 1553 1063 1598 coacta
1092 1553 1203 1597 tum
1242 1541 1372 1604 fuit,
1404 1539 1748 1608 recipiendos
1787 1551 1977 1591 omnes
2002 1532 2285 1604 judicavit,

715 1634 1024 1703 exemplum
1059 1639 1244 1685 secuta
1285 1636 1491 1697 quarta:
1526 1635 1725 1682 sancte
1760 1623 1984 1694 synodi;
2036 1635 2287 1676 assense-

719 1733 846 1778 runt
875 1732 928 1776 et
955 1722 1054 1790 ipsi
1078 1739 1090 1774 :
1111 1733 1291 1788 neque
1317 1717 1463 1772 enim
1494 1716 1601 1771 ulla
1625 1715 1845 1771 suberat
1875 1711 1949 1766 rei
1972 1707 2289 1766 necessaria:

719 1811 1100 1881 transgressio.

790 1983 865 2035 De
902 1982 1224 2035 Siuioniacis
1253 1990 1434 2035 autem
1472 1991 1581 2034 tum
1611 1979 1826 2049 quidem
1856 1975 2285 2047 praetermissum

721 2079 840 2136 est,
890 2071 1014 2138 quia
1050 2070 1116 2123 de
1159 2086 1222 2123 eo
1259 2070 1434 2138 capite
1475 2079 1598 2138 post
1636 2067 1898 2138 synodum
1935 2062 2285 2134 querendum

722 2170 860 2214 erat.
904 2161 1195 2229 Postquam
1231 2176 1360 2214 vero
1391 2160 1679 2229 quaesitum
1709 2158 1808 2211 fuit
1850 2199 1861 2210 .
1894 2197 1907 2211 .
1951 2195 1965 2209 .
2014 2196 2026 2209 .
2072 2194 2085 2208 .
2123 2196 2136 2208 .
2173 2194 2186 2207 .
2219 2192 2234 2206 .
2270 2190 2283 2204 .

724 2251 960 2319 primum
999 2251 1217 2320 quidem
1248 2266 1444 2304 annuze
1477 2248 1842 2320 pmnitentim,
1883 2257 1978 2302 aut
2014 2246 2288 2316 aliquanto

723 2342 973 2410 amplius.
1018 2341 1061 2394 0
1095 2341 1302 2395 facinus
1348 2341 1556 2394 audax!
1597 2355 1717 2392 cum
1750 2339 2030 2392 monachis
2063 2337 2289 2406 quihus-

725 2432 871 2494 dam,
909 2447 1140 2499 quorum
1170 2433 1480 2485 nominibus
1508 2446 1669 2500 parco
1691 2471 1705 2495 ,
1752 2430 1954 2484 editum
1985 2439 2067 2481 est
2107 2429 2174 2481 ab
2225 2441 2290 2480 eo

727 2523 1011 2576 decretum
1042 2525 1346 2577 relaxandze
1371 2523 1726 2592 depositionis
1758 2530 2030 2592 perpetua:
2053 2559 2068 2585 ,
2111 2519 2181 2572 ita
2233 2527 2291 2572 ut

725 2614 926 2669 Christi
955 2616 1264 2669 sacerdotes
1289 2616 1481 2668 iterum
1510 2615 1706 2677 forent,
1732 2628 1868 2682 quos
1885 2612 2026 2665 Deus
2049 2626 2143 2680 per
2161 2621 2292 2678 apo-

727 2707 991 2760 stolorum
1050 2707 1352 2775 principem
1407 2706 1626 2759 Petrum
1677 2703 2034 2772 deposuisset.
2091 2701 2291 2754 Deinde

727 2811 852 2850 cum
905 2797 1002 2865 ipsi
1055 2798 1108 2850 in
1165 2813 1226 2850 ea
1287 2811 1344 2849 re
1397 2811 1504 2849 non
1545 2796 1900 2849 assentiretur
1937 2792 2139 2856 Sabas,
2197 2790 2291 2844 sed

728 2889 890 2957 plane
926 2890 1342 2951 adversaretur;
1383 2888 1508 2956 quid
1535 2887 1683 2956 agit?
1709 2886 1910 2939 malum
1939 2891 2085 2938 recto
2118 2882 2294 2936 corri-

729 2979 825 3048 git.
850 2979 1018 3050 Negat
1047 2996 1104 3034 se
1139 2979 1512 3049 pmnitentiam
1544 2978 1776 3042 dedisse,
1801 2987 1859 3030 ut
1885 2992 1979 3031 eos
2008 2975 2295 3030 admittere

730 3069 824 3138 qui
859 3086 957 3139 per
973 3072 1256 3140 pecuniam
1287 3071 1651 3134 ordinassent,
1677 3070 1762 3123 vel
1784 3069 2018 3124 ordinati
2040 3067 2291 3130 fuissent,

731 3161 874 3229 quod
907 3177 1029 3214 cum
1056 3162 1206 3225 dicit,
1253 3164 1594 3216 convincitur
1618 3163 1685 3216 ab
1717 3162 1862 3215 illius
1895 3161 2152 3230 temporis
2181 3161 2296 3212 Au-

2382 618 2460 688 τῷ
2495 616 2768 686 Πνεύματι
2807 616 2885 685 τῷ
2915 614 3054 682 ἀγίῳ
3087 609 3352 682 εύρυθμα·
3378 609 3472 662 καὶ
3499 608 3559 660 τὸ
3589 607 3769 675 λέγειν
3795 605 3948 658 αύτδν

2383 711 2592 780 ἀφορᾷν
2644 710 2702 762 ὲν
2765 705 2975 775 Ῥώμῃ,
3034 702 3316 765 ἀσθενείας
3344 701 3523 768 λόγου,
3565 699 3660 752 καλ⁵
3705 698 3847 768 πρὸς
3897 696 3954 748 τὸ

2385 800 2558 869 παρὸν
2608 796 3038 867 ψευδαπολογίας
3091 792 3449 860 καταφύγιον.
3503 791 3612 843 Καὶ
3674 787 3734 841 τὸ
3791 787 3954 855 φάναι

2385 893 2545 947 αὐτὸν
2572 892 2699 962 περὶ
2729 890 2877 943 Σάὁα
2905 905 2964 940 τε
2995 887 3089 940 καὶ
3112 886 3282 939 Θεοκτ
3313 900 3461 947 στου,
3489 880 3596 933 τῶν
3627 878 3958 932 εὐλαϐεστά-

2384 1002 2492 1038 των
2548 981 2818 1052 μοναχῶν,
2851 979 3010 1032 τοῦτο
3043 979 3282 1038 κάκεῖνο,
3345 976 3439 1028 καὶ
3468 972 3540 1035 ὡς
3573 974 3631 1025 ὲν
3674 969 3871 1039 Ῥώμῃ
3902 970 3959 1020 τὺ

2387 1076 2482 1129 καὶ
2540 1074 2620 1135 τὸ,
2674 1073 2775 1125 οὐκ
2831 1070 3049 1141 ἀληθές.
3104 1069 3168 1120 Οἱ
3210 1067 3308 1137 μὲν
3360 1063 3468 1133 γὰρ
3505 1062 3689 1116 ἕνεκεν
3728 1059 3824 1113 τοῦ
3887 1059 3960 1127 μὴ

2389 1164 2788 1235 προσδεχθῆναι
2825 1162 2953 1224 τοὺς
2994 1163 3057 1213 ἐκ
3083 1160 3182 1228 τῆς
3213 1155 3650 1224 Εἱκονομαχικῆς
3691 1153 3958 1220 αἱρέσεως

2390 1256 2824 1326 ύποστρέφοντας
2880 1254 3210 1314 ἐπισκόπους
3253 1251 3334 1314 είς
3385 1249 3510 1312 τοὺς
3560 1247 3797 1309 οίκείους
3835 1243 3961 1314 βαθ-

2393 1347 2546 1419 μούς·
2608 1347 2704 1400 καὶ
2729 1347 2791 1399 ού
2825 1346 3052 1407 πάντας,
3082 1341 3216 1396 ἀλλά
3243 1341 3368 1403 τοὺς
3398 1338 3611 1408 ἐξόχους
3644 1338 3739 1390 καὶ
3781 1351 3963 1404 πρωτ-

2390 1443 2588 1511 ἀρχους
2635 1439 2732 1506 τῆς
2771 1438 3071 1508 αἱρέσεως,
3121 1433 3264 1487 κατά
3315 1433 3405 1485 τὸν
3448 1431 3607 1498 λόγον
3657 1428 3753 1483 τοῦ
3806 1428 3960 1494 ἁγίου

2404 1532 2741 1598 Ἀθανασίου,
2793 1527 3306 1596 ὲνίσταντο.”οπερ
3332 1524 3431 1578 οὐκ
3463 1523 3790 1584 ἀπεικότως.
3823 1518 3961 1572 Ἀλλ’

2393 1624 2514 1676 ἐπεὶ
2543 1624 2575 1692 ὴ
2604 1619 2904 1693 τηνικαῦτα
2946 1618 3160 1680 σύνοδος
3206 1615 3461 1685 κέκρικεν
3513 1614 3669 1677 ὅλους
3720 1612 3963 1675 εἰσδέξα-

2393 1715 2536 1778 σθαι,
2567 1714 2762 1783 ἔχουσα
2801 1711 2899 1782 τὴν
2930 1710 3193 1782 τετάρτην
3223 1706 3384 1775 ἀγίαν
3430 1703 3666 1758 σύνοδοψ
3706 1701 3961 1772 παραδειε

2392 1821 2527 1874 γμα·
2562 1803 2840 1872 συνῆλθον·
2869 1801 2928 1854 ού
2961 1801 3066 1871 γὰρ
3089 1795 3155 1870 ἦν
3183 1798 3292 1852 τῶν
3318 1797 3632 1864 ἀναγκαίων
3686 1811 3740 1846 τι
3784 1808 3962 1862 παρα-

2321 1889 2364 1948 Β
2393 1895 2733 1964 ϐαινόμενον.

2463 1987 2597 2056 Περὶ
2619 1985 2678 2037 δὲ
2711 1983 2819 2036 τῶν
2843 1980 3216 2051 Σιμωνιανῶν,
3257 1974 3557 2048 τηνικαῦτα
3590 1976 3689 2046 μὲν
3718 1989 3961 2044 παρεκα-

2393 2077 2588 2146 λύφθη,
2619 2077 2692 2139 ὼς
2731 2075 2866 2144 μετά
2891 2073 2988 2144 τὴν
3017 2073 3232 2126 σύνοδον
3263 2070 3698 2141 ὲκζητησομένου
3740 2067 3838 2120 τοῦ
3874 2083 3964 2118 κε-

2394 2168 2830 2238 φαλαίου.Ἐπεὶ
2884 2167 2940 2220 δὲ
2998 2165 3257 2237 ὲζητήθη.
3347 2203 3360 2216 .
3439 2201 3453 2216 .
3532 2202 3546 2215 .
3623 2201 3638 2216 .
3719 2201 3733 2213 .
3817 2200 3830 2212 .
3911 2158 3964 2210 τὸ

2397 2260 2611 2330 πρῶτον
2644 2262 2740 2330 μὲν
2773 2262 2852 2320 είς
2890 2258 3162 2328 ἐπιτίμιον
3193 2255 3520 2308 ἐνιαυσιαῖον
3570 2255 3602 2324 ἢ
3649 2253 3746 2305 καὶ
3782 2250 3962 2302 πλέον.

2401 2349 2464 2400 Ὢ
2498 2347 2592 2401 τοῦ
2618 2349 2996 2418 τολμήματοςί
3037 2345 3132 2398 σύν
3172 2361 3282 2397 τισι
3317 2347 3628 2413 μονασταῖς,
3658 2338 3732 2396 ὧν
3767 2340 3963 2408 ἀφίημι

2396 2439 2574 2507 λέγειν
2601 2439 2666 2490 τὰ
2691 2439 2953 2507 ὀνόματα,
2987 2436 3140 2506 ὲδόθη
3176 2435 3299 2506 ὅρος
3322 2435 3413 2488 ὑπ’
3432 2433 3596 2489 αὐτοῦ
3635 2435 3966 2500 ὲξιλεὼσεως

2396 2530 2494 2598 τῆς
2523 2532 2602 2591 εἰς
2639 2529 2842 2590 αἰῶνας
2875 2528 3268 2598 καθαιρέσεως·
3319 2527 3397 2588 είς
3430 2525 3490 2578 τὸ
3521 2521 3658 2578 εἶναι
3685 2529 3814 2588 τοὺς
3865 2525 3968 2578 ὑπὸ

2397 2619 2532 2672 Θεοῦ
2586 2619 2674 2670 διὰ
2727 2618 2931 2689 Πέτρου
2979 2617 3072 2670 τοῦ
3111 2617 3217 2669 τῶν
3275 2613 3613 2666 Ἀποστόλων
3669 2613 3964 2682 κορυφαίου

2399 2710 2838 2781 καθῃρημένους,
2899 2709 3060 2763 πάλιν
3127 2707 3441 2774 ίερουργοὺς
3529 2703 3794 2774 Χριστοῦ.
3860 2707 3968 2758 Καὶ

2399 2803 2522 2858 ἐπεὶ
2545 2804 2605 2856 ού
2640 2802 2899 2873 συνῆλθον
2929 2803 2977 2853 οἱ
3008 2799 3134 2869 περὶ
3160 2797 3337 2851 Σάὁαν
3369 2799 3426 2849 ὲν
3457 2795 3650 2865 τούτῳ,
3694 2796 3832 2848 ἀλλὰ
3878 2799 3968 2849 καὶ

2399 2895 2758 2966 διηνέχθησαν
2814 2893 2949 2962 πρὸς
3003 2892 3182 2953 αὑτὸν,
3248 2890 3299 2943 τί
3333 2893 3544 2954 -ποιεῖς
3599 2888 3769 2940 κακὸν
3823 2890 3969 2956 καλῷ

2402 2988 2750 3042 ἀπαλλάττει.
2776 2987 3048 3054 ’Δρνεῖται
3073 2982 3146 3052 μὴ
3179 2982 3472 3034 δεδωκέναι
3499 2980 3799 3049 ἐπιτίμιον,
3835 2983 3968 3051 μηδὲ

2403 3079 2722 3150 προσίεσθαι
2751 3079 2876 3139 τοὺς
2905 3076 2963 3128 ἐν
2989 3075 3234 3146 χρήμασι
3274 3073 3759 3144 χειφτονήσαντὰς
3786 3091 3844 3125 τε
3881 3075 3970 3126 καὶ

2402 3169 2894 3240 χειροτονηθέντας.
2915 3168 3104 3234 Λέγων
3125 3166 3456 3235 διελέγχεται
3481 3165 3585 3216 ὑπὸ
3604 3165 3700 3235 τῆς
3717 3164 3969 3233 τηνικάδε

734 3260 910 3322 gusta,
938 3265 967 3303 a
988 3267 1092 3320 qua
1120 3253 1369 3306 inductus
1387 3252 1561 3306 fuerat
1586 3261 1643 3306 ut
1662 3252 1899 3321 iniquam
1922 3250 2293 3320 pmnitentiam

2404 3236 2734 3332 κρατούσης,
2784 3260 2876 3329 ἀφ’
2910 3254 2976 3331 ἧς
3005 3261 3099 3314 καὶ
3143 3258 3400 3327 εἱλκύσθη
3449 3256 3631 3318 δοῦναι
3666 3257 3727 3309 τὸ
3775 3257 3970 3326 ἄνομον

737 3343 910 3396 daret.

810 3430 1011 3483 Aderat
1044 3429 1158 3483 dies
1201 3428 1679 3499 Theophaniorum
1735 3429 1987 3498 Christi,
2033 3439 2303 3487 venerunt

735 3519 830 3574 illo
867 3520 956 3575 die
984 3521 1183 3590 quibus
1247 3521 1495 3590 imposita
1526 3537 1685 3591 pcena
1736 3522 1912 3577 fuerat
1944 3542 1955 3576 :
1987 3533 2063 3585 et,
2100 3540 2162 3578 ea
2193 3525 2301 3594 jam

735 3622 977 3682 peracta,
1013 3629 1070 3668 se
1097 3613 1301 3667 absolvi
1346 3615 1710 3682 postularunt,
1744 3616 2015 3670 abnuebat
2042 3617 2150 3681 ille,
2191 3618 2302 3670 Au-

735 3711 888 3772 gusta
909 3705 1154 3773 urgebat,
1182 3714 1240 3757 ut
1259 3704 1694 3760 admitterentur.
1716 3706 1913 3760 lterum
1939 3708 2078 3762 malo
2097 3717 2301 3761 rectum

735 3795 969 3849 destruit
1009 3797 1314 3864 patriarcha
1343 3814 1356 3849 :
1393 3812 1514 3850 cum
1563 3797 1670 3849 illis
1704 3813 1770 3850 eo
1802 3799 1918 3867 ipso
1950 3799 2087 3853 festo
2127 3800 2302 3868 palam

739 3887 1028 3952 sacriﬁcat,
1068 3902 1175 3940 non
1207 3887 1413 3940 invitus
1442 3902 1590 3951 sane,
1623 3887 1714 3941 sed
1740 3902 1835 3941 sua
1867 3900 2095 3957 sponte;
2129 3904 2304 3958 quan-

737 3977 1030 4046 doquidem
1061 3992 1183 4031 cum
1212 3985 1534 4047 possetcum
1566 3979 1825 4048 depositis
1845 3995 1952 4033 non
1977 3979 2300 4044 sacrificare,

737 4071 1104 4125 sacrificavit:
1135 4071 1520 4138 quoquomodo
1543 4073 1668 4140 quis
1701 4071 1843 4125 dicat
1881 4087 2002 4125 eum
2052 4087 2162 4125 non
2203 4087 2303 4141 po-

738 4162 927 4215 tuisse.
955 4159 1092 4214 Hinc
1123 4162 1209 4214 illa
1241 4160 1393 4213 Saba:
1409 4176 1530 4214 cum
1555 4176 1619 4214 eo
1648 4162 1957 4215 contentio:
1981 4162 2107 4215 hinc
2132 4176 2306 4214 emer-

737 4255 806 4308 sit
833 4255 1063 4324 amplior
1093 4269 1254 4322 quam
1293 4253 1460 4306 divini
1492 4267 1728 4308 canones
1760 4253 1955 4317 ferant,
2011 4253 2302 4307 absolutio.

738 4348 909 4401 Roma
941 4363 1067 4400 vero
1088 4346 1311 4400 minime
1341 4346 1455 4400 hazc
1480 4346 1749 4415 probavit,
1785 4347 1957 4400 absitl
2002 4346 2095 4400 sed
2130 4362 2307 4410 neque

737 4440 1001 4508 synodum
1033 4438 1205 4507 ipsam
1239 4437 1428 4491 habuit
1454 4453 1554 4508 pro
1576 4438 1930 4502 meumenica,
1961 4439 2054 4492 sed
2094 4455 2191 4508 pro
2224 4439 2306 4491 ln-

2403 3354 2693 3423 ἐπιτίμιον.

2474 3445 2664 3524 Παρῆν
2691 3446 2724 3515 ἡ
2755 3443 2936 3513 ἡμέρα
2974 3441 3081 3494 τῶν
3131 3439 3441 3506 Θεοφανίων
3489 3436 3746 3508 Χριστοῦ·
3779 3437 3970 3504 ἐληλύ-

2404 3534 2560 3588 θασιν
2603 3536 2667 3587 ὲν
2715 3535 2888 3604 ταύτῃ
2927 3533 2974 3584 οἱ
3027 3527 3516 3598 ὲπιτιμιασθέντες,
3552 3525 3972 3595 πεπληρωκότες

2403 3622 2772 3694 τὺὲπιτίμιον,
2800 3623 2894 3675 καὶ
2923 3619 3077 3671 λύσιν
3105 3617 3508 3687 ἐπιζητοῦντες·
3531 3616 3559 3667 ό
3590 3615 3690 3684 μὲν
3718 3613 3972 3682 ἀπηξίου.

2405 3716 2438 3784 ἡ
2473 3714 2758 3783 βασίλισσα
2789 3709 3154 3779 κατηπείγετο
3183 3708 3281 3778 τὴν
3315 3706 3582 3776 είσδοχήν.
3625 3705 3792 3758 Πάλιν
3822 3705 3976 3774 κακῷ

2404 3807 2464 3857 τὸ
2495 3805 2657 3857 καλὸν
2680 3801 2953 3871 διαμείϐει
2987 3802 3014 3853 ό
3054 3799 3335 3869 πρόεδρος·
3371 3797 3773 3866 συλλειτουργεῖ
3795 3798 3972 3858 αὐτοῖς

2403 3899 2470 3966 τῇ
2511 3895 2645 3963 αὐτῇ
2693 3895 2852 3964 ἑορτῇ
2885 3894 2965 3954 εις
2999 3890 3296 3960 προῦπτον·
3353 3889 3452 3941 οὐκ
3489 3887 3754 3951 ἀκουσίως
3794 3887 3970 3957 δῆθεν,

2406 3988 2520 4040 ἀλλ’
2551 3985 2834 4047 ἑκουσίως·
2883 3983 3019 4035 ὲπάν
3073 3982 3368 4051 δυνάμενος
3429 3981 3502 4049 μὴ
3543 3977 3974 4047 συλλειτουρτείν

2407 4077 2833 4148 καθῃρημένοις,
2877 4073 3377 4144 συνελειτούργησε·
3411 4071 3515 4126 κᾶν
3542 4069 3794 4125 ὁπωσοῦν
3845 4071 3972 4138 φαίη

2405 4188 2489 4234 τις
2527 4170 2806 4223 ἀδυνατεῖν
2829 4167 3010 4222 αὐτόν.
3038 4166 3316 4220 Ἐντεῦθεν
3340 4168 3374 4235 ἡ
3403 4165 3537 4237 πρὸς
3559 4163 3721 4220 αὑτὸν
3743 4164 3975 4232 διαφορά

2405 4261 2515 4314 τῶν
2546 4263 2675 4331 περὶ
2695 4260 2894 4314 Σαϐαν·
2921 4258 3172 4312 ἐντεῦθεν
3192 4257 3529 4312 ἐπεπόλασεν
3557 4258 3589 4326 ἡ
3613 4256 3766 4318 λύσις
3800 4255 3970 4307 πλειὸ-

2408 4371 2512 4416 νως
2565 4353 2674 4405 τῶν
2713 4353 2870 4405 θείων
2929 4352 3190 4406 κανόνων.
3231 4350 3295 4402 Ἦ
3345 4351 3400 4402 δὲ
3443 4348 3629 4418 Ῥώμη
3686 4347 3858 4400 ταῦτα
3915 4349 3972 4400 οὐ

2409 4444 2740 4515 προσήκατο·
2769 4443 2842 4512 μὴ
2873 4442 3114 4509 γένοιτοί
3144 4439 3257 4493 ἀλλ’
3282 4439 3402 4492 οὐδὲ
3434 4438 3603 4506 αὐτὴν
3634 4437 3730 4506 τὴν
3759 4437 3973 4490 σύνοδον

736 4530 875 4594 cali,
921 4539 975 4584 et
1019 4545 1140 4600 qua:
1176 4530 1452 4598 proprium
1503 4529 1746 4584 locorum
1797 4529 2010 4583 illorum
2063 4544 2293 4582 errorem

2408 4533 2483 4594 ὡς
2533 4532 2934 4601 οἱκουμενικὴν,
2986 4530 3101 4583 ἀλλ’
3139 4530 3214 4592 ὡς
3268 4528 3520 4596 τοπικὴν,
3581 4528 3674 4580 καὶ
3731 4525 3792 4579 τὸ
3852 4528 3975 4580 [διον

737 4622 1082 4676 emendasset
1112 4621 1175 4673 ³⁷.
1213 4619 1399 4688 Neque
1424 4620 1569 4673 enim
1599 4621 1828 4673 aliorum
1866 4619 2300 4673 Patriarcharum

737 4715 921 4768 vicarii
973 4723 1127 4767 erant
1159 4712 1250 4782 qui
1293 4728 1391 4781 pro
1429 4712 1493 4765 iis
1531 4711 1794 4766 sedebant
1820 4734 1830 4765 :
1859 4711 2052 4764 falsum
2079 4753 2092 4774 ,
2129 4710 2300 4779 siqui-

735 4809 857 4862 dem
891 4807 1117 4860 Romani
1160 4821 1266 4859 non
1297 4813 1517 4875 propter
1549 4805 1842 4875 synodum,
1897 4804 1990 4858 sed
2037 4805 2105 4858 ob
2136 4803 2295 4856 aliam

736 4913 955 4952 causam
986 4897 1132 4950 missi
1164 4896 1270 4949 huc
1311 4905 1588 4948 venerant.
1617 4894 1796 4959 Quare
1842 4901 1897 4948 et
1946 4895 2197 4963 depositi,
2238 4901 2296 4947 ut

737 4990 943 5048 fertur,
994 4996 1115 5055 post
1144 4987 1376 5039 reditum
1409 4985 1630 5038 fuerunt
1681 4985 1750 5038 ab
1793 4999 1858 5038 eo
1900 4984 1990 5053 qui
2045 4984 2301 5050 miserat;

735 5080 983 5150 quamvis
999 5087 1215 5132 coactos
1237 5093 1293 5131 se
1320 5077 1491 5132 fuisse
1509 5086 1881 5132 causarentur.
1905 5076 2008 5130 Alii
2030 5086 2209 5130 autem
2239 5093 2304 5130 ex

736 5173 947 5225 oriente
974 5171 1211 5240 quidem,
1255 5170 1347 5223 sed
1379 5185 1408 5222 a
1448 5169 1776 5223 nostratibus
1804 5169 2045 5238 persuasi
2072 5178 2126 5222 et
2146 5169 2305 5222 indu-

737 5266 829 5326 cti,
854 5281 964 5319 non
994 5275 1172 5318 autem
1205 5279 1232 5315 a
1261 5262 1588 5317 Patriarchis
1617 5261 1786 5325 missi,
1816 5261 1905 5330 qui
1949 5261 2081 5314 nihil
2126 5261 2301 5315 scive-

739 5367 944 5409 runtne
966 5364 1148 5424 postea
1167 5354 1404 5421 quidem,
1421 5362 1641 5422 propter
1657 5353 1831 5423 gentis
1853 5362 2054 5406 metum
2077 5353 2302 5407 scilicet.

740 5448 851 5501 Hoc
869 5456 1048 5500 autem
1072 5445 1272 5499 idcirco
1291 5445 1563 5500 faciebant
1584 5445 1831 5498 homines
1849 5445 2040 5511 nostri,
2063 5453 2124 5498 nt
2139 5446 2304 5499 hare-

2411 4628 2607 4698 πτῶμα
2637 4628 2745 4680 τῶν
2774 4627 2899 4697 τῇδε
2923 4623 3328 4696 ἀνορθώσασαν.
3363 4622 3498 4676 osa:
3535 4620 3642 4688 γὰρ
3669 4621 3718 4672 oi
3751 4619 3975 4672 κεκαθι-

2405 4720 2560 4782 κότες
2613 4719 3017 4787 ἀντιπρόσωποι
3046 4716 3155 4770 τῶν
3202 4715 3375 4768 ἀλλων
3419 4712 3795 4782 πατριαρχῶν·
3839 4711 3974 4781 ψευ-

2400 4810 2488 4872 δές
2513 4811 2610 4880 (1)·
2647 4810 2754 4863 τῶν
2797 4810 2894 4878 μὲν
2935 4807 3221 4877 Ῥωμαίων
3245 4807 3311 4859 δι’
3341 4805 3486 4867 ἄλλο,
3526 4805 3586 4857 ού
3621 4804 3709 4856 διὰ
3736 4803 3972 4865 σύνοδον,

2398 4899 2908 4972 παραπεμφθέντων
2961 4898 3213 4952 ἐνταῦθα.
3266 4897 3356 4948 Διδ
3425 4896 3518 4949 καὶ
3570 4893 3974 4966 καθῃρέθησαν,

2407 4993 2481 5056 ὣς
2514 5010 2667 5061 φασι,
2700 4991 3188 5062 παλινοστήσαντες
3221 4989 3324 5042 ὑπὸ
3353 4988 3449 5041 τοῦ
3479 4989 3850 5057 πεπομφότος,
3875 4989 3975 5040 κᾶν

2408 5088 2750 5141 ὲπεκαλῶντο
2792 5086 3096 5155 βεϐιάσθαι.
3127 5086 3189 5140 Οἱ
3226 5085 3269 5137 δ’
3294 5085 3441 5139 ἄλλοι
3469 5086 3530 5137 ὲκ
3564 5085 3660 5154 μὲν
3682 5083 3973 5153 ἀνατολῆς,

2408 5178 2522 5232 ἀλλ’
2549 5179 2653 5231 ὑπὸ
2677 5179 2785 5230 τῶν
2819 5178 3048 5230 ἐνταῦθα
3085 5178 3488 5248 προτραπέντες
3546 5175 3640 5227 καὶ
3673 5173 3974 5244 ἑλχθέντες,

2409 5271 2508 5339 οὐχ
2551 5271 2657 5322 ὑπὸ
2706 5269 2812 5322 τῶν
2861 5269 3215 5340 πατριαρχῶν
3249 5265 3666 5329 ἀποσταλέντες,
3701 5265 3784 5317 ὅτι
3843 5265 3973 5333 μηδὲ

2413 5361 2659 5427 ὲνόησαν,
2686 5362 2717 5432 ἢ
2750 5360 2993 5431 ὕστερον,
3027 5361 3111 5414 διά
3139 5360 3198 5412 τὺ
3226 5358 3314 5412 τοῦ
3349 5358 3531 5419 ἔθνους
3563 5356 3678 5418 δέος
3711 5353 3968 5424 δηλονότι.

2412 5452 2583 5505 Τοῦτο
2623 5453 2679 5506 δὲ
2711 5452 2922 5506 ἐποίουν
2967 5454 3016 5506 οἱ
3047 5450 3299 5515 ἐνταῦθα,
3349 5448 3436 5502 ἴνα
3490 5447 3580 5500 τὸν
3636 5443 3968 5517 αἱρετίζοντα

811 5566 852 5596 ³⁷
894 5566 968 5619 De
1001 5565 1102 5618 hoc
1134 5565 1252 5618 loco
1283 5562 1480 5618 videsis
1501 5562 1716 5617 Baronii
1749 5562 2163 5628 dubitationem,
2195 5579 2284 5616 an.
2324 5564 2446 5631 787,
2471 5583 2526 5623 n.
2563 5568 2647 5624 58.

2241 5678 2471 5739 NOTAE.

811 5817 888 5885 (ι)
931 5814 1088 5871 Forte
1119 5818 1232 5872 hac
1264 5832 1363 5872 vox
1395 5831 1456 5870 es
1500 5829 1594 5869 ora
1625 5813 1743 5869 libri
1781 5815 1832 5869 in
1862 5821 2065 5870 textum
2099 5812 2338 5883 irrepsit.
