4158 6508
1467 485 1827 548 EPISTOLA

1929 483 2006 545 ῙΜ
2050 484 2196 545 LIB.
2238 483 2287 542 Ῐ.
3376 482 3515 549 1066

236 601 369 653 λαὸν
398 598 598 670 μᾶλλον
628 600 894 655 ¹ιεείσωσιν
930 599 1254 673 όρθοδοξεῖν,
1288 602 1351 654 ὲκ
1377 598 1472 653 τοῦ
1514 601 1824 670 οίκουμενι-

1929 595 1972 651 si
1994 597 2364 651 adhaerentem
2390 594 2645 665 populum
2662 594 2874 651 facilius
2895 595 2962 651 ad
2984 595 3342 651 orthodoxam
3359 597 3519 652 [idem

236 691 341 762 κὴν
367 690 529 761 δῆθεν
550 691 908 763 ἀθροισθῆναι
940 693 1181 747 σύνοδον.

1929 687 2320 755 pertraherent,
2339 701 2462 741 cum
2484 688 2823 743 oecumenica
2835 687 3073 758 synodus
3089 697 3275 743 coacta
3300 688 3514 743 fuisset.

244 484 381 551 1045

307 782 371 838 El
386 784 442 837 δὲ
464 782 651 854 φαίης,
668 784 784 849 πῶς
804 785 965 855 ἡμεῖς
983 785 1083 839 οὐκ
1105 783 1359 852 ἑνιστάθη
1369 800 1468 854 μεν
1490 780 1815 849 τηνικαῦτα,

234 876 334 928 καὶ
374 873 464 928 διὰ
493 874 546 928 τί
584 874 921 946 χειροτονίαν
971 874 1271 946 ἐδεξάμεθα
1306 873 1443 944 μετὰ
1473 874 1570 945 τὴν
1602 871 1820 925 σύνοδον

236 964 393 1034 παρὰ
442 962 537 1017 τοῦ
593 964 764 1035 κυροῦ
817 965 1113 1038 Ταρασίου·
1147 961 1564 1034 ἀπολογούμεθα
1598 962 1694 1017 καὶ
1737 963 1823 1015 σοι

236 1059 335 1111 καὶ
357 1060 547 1122 πᾶσιν,
573 1057 738 1110 ὅτιτὸ
769 1058 868 1128 μὲν
898 1059 955 1111 ὲν
992 1058 1258 1126 ὑπηκόοις
1304 1056 1618 1126 ὲτελοῦμεν.
1654 1055 1726 1124 μὴ
1755 1054 1824 1108 τὰ

237 1147 469 1219 ὕστερον
521 1147 835 1217 γνωσθέντα
886 1148 1019 1219 ⁴ἡμῖν
1079 1147 1339 1221 πρότερον
1396 1146 1619 1208 εἰδότες’
1649 1144 1710 1198 τὸ
1742 1143 1825 1211 δὲ,

235 1238 577 1310 δραξάμενος
601 1239 783 1292 αἰτίαν
813 1237 1057 1307 εὔλογον,
1076 1238 1137 1291 τὸ
1164 1238 1345 1305 λέγειν
1365 1238 1657 1308 Ταράσιον,
1686 1237 1823 1305 μήτε

236 1333 516 1401 ἐπιτίμιον
535 1330 845 1392 δεδωκέναι.
877 1328 1000 1401 μηδ’
1031 1324 1099 1383 αὖ
1122 1330 1170 1383 εί
1205 1330 1403 1398 γνοῖεν,
1433 1327 1541 1381 τῶν
1567 1326 1827 1380 τοιούτων

238 1424 649 1494 συνιερουργεῖν
681 1438 808 1487 τινι,
863 1419 1001 1475 ἀλλὰ
1039 1420 1134 1474 καὶ
1189 1419 1494 1491 καθαιρεῖν.
1555 1417 1673 1471 Κᾶν
1728 1416 1829 1487 οὑχ

235 1515 413 1578 οὕτως
442 1509 511 1584 ἦν
555 1512 616 1567 τὸ
665 1512 887 1584 ἀληθὲς,
922 1511 1011 1566 διὰ
1066 1512 1127 1565 τὸ
1178 1511 1475 1581 προφανές.
1508 1508 1650 1563 Ἀλλ’
1675 1508 1828 1579 ’ὅμως

1988 782 2145 849 Quod
2173 782 2216 836 si
2252 796 2464 850 quaeras
2491 781 2845 851 quamobrem
2891 797 2995 836 nos
3029 790 3143 837 tum
3165 783 3394 837 minime
3418 783 3517 837 ob-

1922 875 2226 930 stiterimus
2254 914 2269 937 ,
2301 884 2359 927 et
2406 888 2504 927 cur
2534 872 2939 927 ordinationem
2984 879 3108 942 post
3142 874 3410 945 synodum
3453 874 3522 929 de

1923 965 2131 1022 domini
2158 964 2368 1020 Tarasii
2394 979 2558 1019 manu
2592 965 3036 1034 susceperimus;
3070 964 3180 1019 hoc
3212 964 3307 1019 libi
3341 965 3523 1020 omni-

1924 1057 2135 1127 busque
2158 1056 2278 1111 aliis
2291 1057 2685 1127 respondemus
2713 1072 2727 1109 :
2757 1055 2989 1125 primum
3022 1054 3246 1125 quidem
3291 1071 3393 1110 nos
3420 1056 3524 1111 sub

1925 1147 2240 1204 obedientia
2300 1157 2391 1202 tua
2440 1148 2676 1211 vixisse,
2725 1161 2826 1201 nec
2891 1146 3021 1201 dum
3065 1162 3127 1201 ea
3174 1148 3518 1217 cognovisse,

1926 1256 2048 1310 qua:
2084 1248 2366 1309 perspecta
2398 1238 2559 1293 nobis
2579 1246 2766 1308 postea
2791 1236 3011 1291 fuerunt
3036 1254 3048 1290 :
3070 1236 3268 1291 deinde
3299 1252 3521 1292 causam

1929 1340 2119 1385 nactos
2156 1330 2327 1385 fuisse
2360 1330 2733 1400 probabilem;
2765 1344 2889 1383 cum
2922 1330 3131 1384 diceret
3153 1328 3426 1393 Tarasius,
3462 1345 3522 1383 se

1929 1437 2034 1479 nec
2059 1420 2439 1491 pmnitentiam
2470 1421 2797 1490 imposuisse
2821 1462 2836 1484 ,
2892 1437 2996 1476 nec
3044 1436 3209 1491 porro
3239 1437 3363 1475 cum
3410 1423 3523 1478 ullo

1931 1530 2123 1570 eorum
2152 1556 2166 1579 ,
2215 1514 2258 1568 si
2291 1514 2557 1579 novisset,
2596 1514 3169 1581 communicaturum;
3223 1515 3521 1584 quinetiam

233 1608 403 1677 ἡμεῖς
450 1602 773 1676 ὀρεγόμενοι
817 1604 920 1672 τὴν
978 1601 1259 1672 ὁμόνοιαν,
1309 1600 1663 1672 ἡρκέσθημεν
1717 1600 1827 1663 τοῖς

1934 1606 2338 1676 depositurum.
2379 1604 2698 1674 Quanquam
2754 1604 2807 1658 id
2857 1619 3046 1657 verum
3079 1619 3188 1657 non
3225 1613 3362 1669 erat,
3397 1619 3523 1659 cum

234 1697 559 1769 λεγομένοις
585 1713 602 1729 ο
632 1693 793 1750 τοῦτο
822 1696 1163 1766 κεκρικότες,
1205 1694 1300 1747 ἐπὶ
1333 1694 1395 1747 τὸ
1447 1692 1832 1765 φιλανθρωπό-

233 1809 396 1863 τερον
416 1790 518 1861 τῆς
550 1790 596 1843 εί
606 1789 778 1861 ρήνης
800 1786 990 1842 νεῦσαι
1020 1789 1080 1841 εν
1108 1786 1186 1858 τῷ
1209 1784 1498 1857 ἀμφιϐόλῳ
1521 1784 1832 1857 πράγματι,

234 1882 427 1946 καθώς
494 1880 627 1951 φησί
657 1896 761 1933 που
824 1881 854 1933 ό
904 1878 1185 1947 Θεολόγος.
1232 1877 1344 1931 Καὶ
1388 1876 1528 1947 ἅμα,
1577 1877 1660 1930 ὅτι
1690 1875 1838 1929 δεδεο

1936 1697 2225 1754 manil‘esta
2280 1712 2371 1751 res
2410 1705 2575 1751 esset.
2635 1695 2741 1749 Sed
2784 1710 2886 1749 nos
2938 1705 3120 1750 tamen
3172 1696 3522 1751 concordiam

1937 1798 2278 1861 appetentes,
2315 1788 2382 1843 iis
2415 1787 2655 1843 contenti
2692 1786 2897 1841 fuimus
2925 1802 3048 1857 quae
3079 1786 3147 1842 ab
3179 1802 3247 1842 eo
3269 1787 3526 1842 diceban-

1944 1890 2067 1935 tur:
2096 1882 2175 1937 sic
2213 1889 2540 1946 statuentes,
2588 1880 2654 1934 ad
2684 1881 3064 1934 humaniorem
3112 1879 3264 1951 pacis
3311 1888 3522 1950 partem

234 1977 442 2045 γμένος
486 1968 555 2044 ἦν
596 1971 687 2026 διὰ
726 1970 825 2043 τὴν
869 1969 1201 2041 ὀρθοδοξίαν,
1257 1969 1352 2023 καὶ
1391 1968 1453 2021 τὸ
1502 1970 1622 2023 κατ’
1653 1969 1826 2039 αὐτὴν

1935 1972 1989 2026 in
2023 1986 2081 2026 re
2122 1971 2376 2042 ambigua
2414 1972 2867 2041 propendendum
2924 1986 3046 2026 esse
3071 2010 3086 2036 ,
3132 1971 3275 2027 sicut
3322 1970 3524 2027 alicubi

236 2066 488 2137 ἀνδρεῖον
537 2064 633 2117 καὶ
686 2060 974 2116 σπουδαῖον
1018 2061 1300 2129 γενέσθαι,
1355 2059 1463 2114 ὑπὸ
1516 2059 1625 2114 τῶν
1652 2059 1828 2114 ἄλλων

245 2152 823 2227 ’Ἐκκλησιῶωταῦτά
850 2169 930 2206 σοι
965 2151 1257 2222 ἐγνώρισα,
1280 2151 1492 2212 τέκνον,
1514 2153 1591 2214 είς
1622 2152 1827 2221 είδησιν

235 2250 353 2304 τῶν
386 2248 760 2320 καθηκόντων·
795 2246 890 2300 καὶ
907 2246 990 2299 ὅτι
1009 2246 1059 2298 οι
1087 2245 1216 2314 περὶ
1243 2244 1423 2299 Σάϐαν
1452 2246 1501 2297 εἰ
1530 2244 1619 2299 διὰ
1649 2245 1826 2311 τοῦτο,

239 2342 335 2395 καὶ
374 2340 476 2394 οὐκ
500 2338 680 2402 ἄλλοις
708 2336 852 2389 τισὶν
886 2334 1104 2401 ἀλόγοις
1134 2335 1446 2405 διεφέροντο
1476 2334 1612 2406 πρὸς
1643 2335 1825 2399 αὐτὸν,

238 2428 390 2503 εἶχον
437 2428 659 2498 εὔλογον
706 2427 802 2479 καὶ
836 2424 1071 2495 ἔχουσιν.
1109 2425 1197 2488 Ὧς
1225 2426 1336 2497 γὰρ
1362 2425 1467 2478 ὑπὸ
1503 2426 1829 2495 παραπετά-

241 2540 411 2595 σματι
446 2523 608 2593 ἡμεῖς
634 2518 728 2573 τοῦ
751 2517 938 2585 λέγειν
963 2515 1042 2587 μὴ
1074 2516 1326 2586 δέχεσθαι
1360 2517 1488 2579 τοὺς
1525 2517 1825 2579 τοιούτους,

239 2616 380 2670 ἀλλὰ
404 2613 502 2667 καὶ
528 2610 833 2681 καθαιρεῖν,
863 2607 1203 2678 συνήλθομεν
1225 2606 1303 2677 τῷ
1333 2608 1585 2677 προέδρῳ
1613 2622 1628 2636 ⁸
1654 2606 1828 2668 οὕτως

241 2708 445 2762 ἐκείνοι
502 2703 563 2757 τὸ
614 2700 861 2774 πραχθὲν
915 2701 1173 2772 ἐμφανῶς
1232 2701 1447 2770 ἔχοντες
1509 2700 1826 2771 δικαίωμα,

239 2794 648 2853 ἀντιποιοῦνται
698 2793 924 2858 είκότως
975 2791 1067 2846 τοῦ
1116 2792 1263 2846 θείου
1317 2793 1563 2857 κανόνος.
1594 2793 1704 2847 Καὶ
1731 2793 1830 2845 οὐκ

240 2890 389 2943 ἐστιν
434 2889 462 2941 ό
492 2887 651 2958 χάριν
670 2883 862 2937 τούτου
903 2884 999 2938 τοῦ
1030 2883 1321 2953 κεφαλαίου
1351 2883 1651 2955 δυνάμενος
1680 2885 1830 2938 ἀντι-

242 2984 439 3052 στῆναι
473 2980 675 3042 αύτοῖς,
712 2976 766 3030 ετ
807 2993 869 3046 γε
912 2977 1121 3045 λέγοιεν
1146 2978 1228 3031 ὅτι
1256 2977 1529 3048 Ταράσιος
1553 2979 1827 3048 οἰκονομι-

241 3071 358 3135 κῶς
381 3069 601 3134 έδέξατο
624 3067 751 3132 τοὺς
774 3066 1490 3139 χρηματοχειροτονοῦντας.
1528 3064 1690 3118 Ἀλλὰ
1722 3064 1831 3134 γὰρ

240 3161 354 3215 οὐδ’
394 3162 461 3216 ἂν
517 3159 721 3231 Πέτρος
785 3157 882 3212 καὶ
938 3155 1151 3219 Παῦλος
1211 3157 1407 3227 ἐπιστῇ
1440 3172 1455 3187 ·
1513 3154 1670 3210 αὐτοὶ
1722 3155 1830 3227 γὰρ

240 3247 492 3314 ἐξέθεντο
536 3246 628 3300 τὸν
671 3245 894 3312 κανόνα,
924 3245 1021 3298 καὶ
1051 3245 1205 3299 αὐτοί
1242 3263 1406 3316 φασιν
1430 3260 1444 3275 ·
1501 3244 1684 3299 Ἀλλᾶ
1713 3243 1832 3299 κᾶν

1928 2061 2245 2134 Theologus
2291 2063 2391 2117 ait.
2426 2063 2604 2116 Simul
2653 2063 2756 2117 hoc
2794 2062 2958 2117 etiam
2996 2071 3336 2133 reputantes,
3370 2062 3525 2118 illum

1926 2164 2151 2225 propter
2179 2154 2341 2209 fidem
2385 2154 2751 2208 orthodoxam
2775 2194 2788 2218 ,
2822 2169 3099 2224 suumque
3139 2154 3193 2208 in
3232 2169 3295 2209 ea
3324 2155 3526 2210 tuenda

1928 2245 2207 2307 studium,
2255 2246 2324 2299 ab
2366 2244 2487 2299 aliis
2519 2246 2780 2301 Ecclesiis
2825 2255 3107 2315 receptum
3154 2244 3343 2300 fuisse.
3399 2246 3527 2301 Haec

1930 2334 2025 2389 tibi
2057 2334 2319 2404 exposui,
2354 2333 2426 2387 fili
2453 2374 2467 2399 ,
2513 2344 2573 2388 ut
2613 2336 2754 2389 scias
2792 2350 2913 2403 quae
2951 2335 3094 2390 scire
3148 2345 3199 2391 te
3242 2336 3523 2402 convenit,

1926 2434 1985 2479 et
2004 2424 2224 2490 Sabatn,
2261 2425 2306 2478 si
2341 2432 2567 2495 propter
2602 2426 2720 2480 haec
2750 2441 2858 2480 non
2895 2425 2967 2480 ob
2995 2425 3098 2480 alia
3138 2428 3410 2497 quazpiam
3437 2443 3526 2483 ra-

1931 2515 2064 2569 tioni
2105 2515 2248 2570 ltaud
2287 2527 2657 2572 consentanea
2693 2517 2742 2572 ei
2777 2518 3098 2573 adversatus
3123 2528 3229 2585 est,
3264 2520 3525 2589 probabi-

1930 2605 2039 2659 lem
2086 2621 2311 2663 causam
2358 2609 2616 2663 habuisse
2662 2619 2719 2664 et
2776 2610 2999 2666 habere.
3053 2609 3555 2678 Quemadmodum'

1928 2696 2076 2751 enim
2109 2713 2211 2753 nos
2240 2698 2345 2753 hoc
2387 2709 2675 2769 praetextu,
2704 2702 2850 2771 quod
2885 2702 3111 2768 diceret,
3147 2719 3206 2758 se
3254 2705 3387 2760 tales
3413 2721 3523 2760 non

1930 2787 2196 2856 recipere,
2221 2788 2315 2842 sed
2329 2788 2630 2858 deponere,
2651 2806 2773 2845 cum
2793 2793 3104 2862 patriarcha
3129 2795 3523 2852 convenimus:

1929 2877 2009 2933 sic
2040 2878 2116 2932 illi
2138 2878 2347 2947 justam
2372 2881 2449 2934 rei
2491 2880 2670 2950 palam
2701 2891 2867 2953 gestae
2900 2883 3277 2939 defensionem
3316 2884 3526 2945 haben-

1931 2973 2034 3030 tes,
2070 2981 2171 3035 pro
2200 2966 2387 3023 divino
2416 2982 2628 3024 canone
2657 2970 2855 3026 merito
2885 2971 3189 3028 decertant.
3221 2972 3409 3044 Neque
3440 2982 3527 3031 est

1928 3058 2024 3127 qui
2053 3058 2157 3115 hoc
2190 3060 2420 3115 nomine
2447 3064 2778 3133 redarguere
2827 3063 2950 3119 illos
2992 3067 3197 3135 possit,
3250 3067 3296 3122 si
3342 3067 3528 3123 dicant

1930 3149 2217 3207 Tarasium
2240 3167 2340 3221 per
2360 3153 2830 3224 dispensationem
2859 3172 2955 3211 eos
2987 3158 3283 3228 recepisse,
3308 3159 3400 3230 qui
3427 3174 3527 3230 per

1931 3241 2223 3309 pecuniam
2252 3242 2593 3297 ordinarant.
2625 3244 2695 3297 At
2725 3260 2906 3315 neque
2939 3246 2983 3301 si
3014 3248 3209 3303 Petrus
3238 3258 3295 3304 et
3324 3251 3527 3307 Paulus

240 3337 415 3408 ἡμεῖς
440 3336 478 3406 ἢ
511 3336 768 3408 ἄγγελος
784 3336 854 3401 ἐξ
884 3335 1148 3403 οὐρανοῦ
1200 3314 1649 3406 εύαγτελίζηται
1684 3335 1827 3407 ὑμῖν

1934 3331 2156 3399 adsint;
2188 3333 2290 3403 ipsi
2340 3334 2486 3389 enim
2530 3350 2801 3393 canonem
2840 3338 3245 3405 condiderunt,
3305 3341 3526 3412 ipsimet

241 3427 382 3497 παρ’
416 3427 449 3482 ὃ
478 3427 1014 3498 εὐηγγελισάμεθα,
1043 3426 1311 3496 ἀνάθεμα
1342 3426 1518 3481 ἔστω.

495 3738 621 3794 ΛΘ’.
654 3767 726 3782 -—
758 3737 1027 3807 Θεοφίλῳ
1064 3735 1400 3808 ἡγουμένῳ.
1433 3735 1599 3811 [ρς’.]

1931 3422 2124 3477 dicunt
2151 3440 2165 3477 :
2192 3422 2298 3479 Sed
2321 3425 2438 3479 licet
2478 3442 2602 3491 nos,
2642 3438 2736 3480 aut
2762 3428 2993 3500 Angelus
3026 3432 3088 3484 de
3116 3432 3261 3499 cazlo,
3298 3449 3520 3505 evange-

1935 3512 2056 3567 lizet
2089 3515 2231 3569 vobis
2258 3526 2611 3589 prwlerquam
2647 3522 2786 3591 quod
2827 3524 3339 3595 euangelizavimus,
3386 3542 3523 3581 ana-

1938 3610 2111 3660 thema
2130 3608 2200 3662 st't
2228 3607 2295 3662 ³⁸.

2242 3742 2482 3799 XXXIX.
2510 3777 2580 3786 —
2617 3747 2896 3819 Theophila
2921 3754 3220 3823 praeposito.

561 3856 660 3906 Cur
682 3856 947 3905 haereticos
971 3860 1115 3906 vocet
1134 3868 1241 3917 eos,
1260 3854 1557 3919 quibuscum
1587 3856 1695 3919 ipse
1722 3855 1988 3920 aliquando
2014 3864 2481 3915 communicaverat.
2510 3865 2716 3928 (Barca.
2749 3877 2863 3918 ann.
2890 3867 3003 3928 809,
3032 3882 3083 3919 ιι.
3109 3870 3216 3933 28.)

323 3964 663 4037 Ἐϐουλόμην
710 3964 1012 4036 ταχύτερον
1065 3968 1371 4023 ἐπιστεῖλαι
1424 3971 1491 4040 τῇ
1549 3969 1829 4042 ἁγιωσύνῃ

243 4077 366 4126 σου,
415 4058 532 4114 ἀλλ’
573 4060 675 4112 οὐκ
723 4057 1041 4130 εὐωδούμην
1096 4060 1501 4133 φρουρούμενος
1547 4061 1829 4132 ἀσφαλῶς.

244 4152 378 4206 Ὅτε
405 4150 465 4204 δι
494 4150 788 4219 εὐδόκησεν
816 4149 844 4201 6
868 4149 1073 4219 ἀγαθὸς
1100 4150 1235 4216 Θεὸς
1262 4151 1594 4223 χαρίσασθαι
1618 4155 1714 4207 καὶ
1737 4153 1830 4207 τὸν

240 4240 448 4314 τρόπον
481 4240 576 4295 καὶ
604 4239 666 4293 τὸ
698 4237 1010 4312 πρόσωπον·
1052 4240 1357 4311 τηνικαῦτα
1384 4242 1477 4295 τὸν
1508 4243 1637 4312 έμὸν
1666 4241 1829 4296 πόθον

242 4328 440 4400 πληρῶ
471 4328 500 4383 ὁ
523 4329 807 4397 ταπεινὸς,
833 4330 925 4383 καί⁵
951 4332 1373 4403 προσαγορεύω,
1392 4331 1490 4386 καὶ
1509 4333 1827 4404 ἀσπάζομαι

239 4422 335 4475 τὸν
364 4420 497 4492 ἐμὸν
522 4422 891 4493 πνευματικὸν
912 4423 1160 4493 Πατέρα,
1186 4424 1279 4477 καὶ
1298 4424 1417 4477 λίαν
1442 4425 1612 4489 ὅντως
1644 4424 1828 4493 φιλού-

243 4528 430 4585 μενον.
464 4513 540 4567 Οὐ
574 4514 682 4585 γὰρ
706 4514 895 4583 ἐπειδὴ
921 4513 1212 4585 διέστησαν
1247 4517 1394 4588 ημᾶς
1419 4516 1750 4588 σωματικῶς
1775 4518 1825 4571 οί

241 4605 509 4677 ἄρχοντες
552 4604 648 4659 τοῦ
681 4605 877 4669 αἰῶνος
917 4606 1137 4671 τούτου,
1178 4608 1277 4680 ἤδη
1318 4609 1571 4663 διέλυσαν
1608 4609 1705 4663 καὶ
1726 4609 1825 4681 τὴν

242 4695 341 4750 ἐπὶ
370 4695 504 4750 Θεὸν
528 4695 685 4768 ήμῶν
712 4696 847 4767 πρὸς
877 4696 1143 4768 ἀλλήλους
1168 4700 1427 4769 ὁμόνοιάν
1456 4717 1516 4753 τε
1546 4700 1641 4754 καὶ
1694 4700 1822 4771 σχέ-

2006 3973 2264 4030 Volebam
2316 3978 2570 4048 equidem
2618 3980 2781 4036 citius
2830 3981 2899 4036 ad
2964 3983 3312 4041 sanctitatem
3371 3998 3521 4048 tuam

1930 4067 2201 4134 scribere,
2237 4068 2336 4124 sed
2381 4070 2525 4126 viam
2560 4072 2769 4128 nullam
2821 4073 3188 4144 reperiebam,
3231 4088 3380 4135 arcta
3416 4098 3519 4139 cu-

1928 4158 2103 4213 stodia
2162 4159 2431 4217 inclusus.
2466 4162 2762 4235 Postquam
2814 4173 2998 4219 autem
3036 4165 3149 4222 Deo
3199 4168 3347 4225 bono
3400 4173 3520 4243 pla-

1927 4249 2065 4315 cuit,
2094 4259 2150 4304 et
2178 4250 2401 4307 modum
2434 4262 2489 4307 et
2512 4254 2791 4311 hominem
2824 4258 3173 4315 concedere:
3201 4277 3349 4319 nunc
3376 4264 3522 4319 desi-

1931 4339 2144 4394 derium
2172 4357 2355 4397 meum
2384 4344 2606 4400 humilis
2645 4346 2857 4417 expleo,
2888 4360 2940 4405 et
2976 4351 3155 4406 saluto
3182 4352 3518 4423 amplector-

1932 4448 2040 4503 que
2086 4433 2425 4504 spiritualem
2470 4434 2688 4494 Patrem
2727 4456 2909 4496 meum
2958 4458 3119 4513 quem
3171 4460 3362 4501 revera
3394 4462 3519 4503 amo

1930 4523 2246 4594 plurimum.
2288 4524 2476 4596 Neque
2504 4528 2673 4591 enim,
2705 4532 2926 4599 quando
2952 4549 3182 4603 corpore
3213 4551 3311 4591 nos
3337 4552 3519 4609 segre—

1931 4620 2128 4681 garunt
2174 4613 2454 4685 principes
2499 4618 2684 4673 saeculi
2711 4619 2896 4689 hujus,
2947 4623 3154 4691 pariter
3182 4634 3425 4680 mutuam
3459 4627 3515 4681 in

1931 4704 2042 4760 Deo
2064 4714 2254 4761 nostro
2290 4708 2637 4763 concordiam
2669 4709 3040 4783 alfectu’mque
3088 4716 3468 4773 dissolverant
3498 4736 3513 4773 :

245 4802 352 4838 σιν·
389 4784 589 4857 μᾶλλον
620 4786 720 4855 μὲν
760 4780 853 4839 οὖν
892 4788 987 4839 καὶ
1013 4787 1370 4845 ἐϐεϐαίωσαν.
1407 4788 1675 4860 Πείθομαι
1717 4789 1825 4861 γὰρ

1930 4797 2177 4867 quinimo
2207 4797 2378 4868 magis
2425 4800 2843 4858 confirmarunt.
2875 4805 3104 4862 Confido
3134 4809 3281 4863 enim
3350 4818 3516 4865 etme

244 4876 342 4931 καὶ
378 4877 483 4947 τὴν
529 4878 629 4947 σὴν
670 4876 929 4948 ὁσιότητα
959 4879 1143 4932 ποθεῖν
1170 4880 1272 4951 τὴν
1302 4880 1578 4952 ἡμετέραν
1607 4877 1827 4945 ἀναξιό-

241 4983 403 5040 τηταο
440 4968 534 5021 καὶ
563 4967 757 5039 ἀκλινῆ
791 4968 1069 5040 διαμένειν
1121 4973 1219 5042 τῆς
1262 4970 1546 5042 ὁρθοδόξου
1574 4971 1667 5025 καὶ
1696 4970 1824 5024 θεα-

244 5060 444 5133 ρέστου
484 5059 812 5123 ἑνοτάσεως,
843 5059 901 5126 ὲξ
932 5052 1007 5113 ὧν
1045 5077 1105 5113 τε
1137 5061 1402 5133 πρότερον
1455 5063 1551 5115 καὶ
1602 5061 1827 5133 ὕστερον

242 5151 526 5218 ὑπέδειξεν
556 5152 758 5221 ἑαυτὴν
782 5151 904 5219 Θεῷ
931 5168 993 5205 τε
1027 5153 1120 5205 καὶ
1150 5152 1480 5224 ἀνθρώποις,
1515 5153 1591 5219 ῶς
1642 5170 1827 5208 συναι-

244 5244 461 5316 ρεῖσθαι
504 5244 639 5315 ἡμῖν
680 5245 793 5307 τοῖς
821 5247 1097 5308 ταπεινοῖς
1125 5244 1217 5297 καὶ
1248 5245 1341 5299 τὸν
1372 5244 1514 5316 ὑπὲρ
1540 5245 1827 5309 εὐσεϐείας

239 5335 502 5406 διωγμόνο
546 5334 648 5389 κᾶν
673 5335 773 5388 οὐκ
804 5334 1187 5406 ἠϐουλήθησαν
1225 5338 1273 5389 οί
1321 5335 1671 5407 κρατοῦντες,
1705 5351 1825 5405 φει-

238 5426 322 5480 δοῖ
358 5424 454 5480 τοῦ
495 5426 573 5498 μὴ
636 5426 866 5491 πολλοὺς
910 5427 1177 5497 ἐξορίζειν
1222 5428 1316 5482 καὶ
1350 5426 1685 5499 καθείργειν·
1727 5424 1825 5479 καὶ

238 5518 318 5582 ῶς
348 5516 416 5572 ἂν
437 5517 662 5585 δόξωσιν
693 5517 943 5572 ἐντεῦθεν
967 5518 1177 5573 πείθειν
1209 5519 1301 5572 τὸν
1324 5519 1550 5589 κόσμον,
1575 5520 1654 5584 είς
1675 5521 1824 5590 ἡμᾶς

243 5608 443 5677 μόνους
468 5610 856 5681 περιίστασθαι
884 5614 984 5680 τὴν
1014 5610 1151 5682 πρὸς
1178 5611 1377 5674 αὐτοὺς
1407 5609 1693 5682 διαφορᾶν,
1730 5612 1824 5665 καὶ

242 5699 320 5772 μὴ
352 5695 494 5754 εἶναι
527 5702 721 5765 ἄλλους
746 5703 875 5766 τοὺς
906 5704 1294 5773 ἐνισταμένους
1320 5720 1333 5733 ·
1366 5703 1415 5757 οἶ
1444 5705 1692 5758 τοσοῦτοι
1744 5704 1823 5775 τῷ

240 5792 437 5868 πλήθει
463 5795 523 5847 ιν
548 5797 613 5865 τῇ
648 5794 739 5850 ὑπ’
765 5794 935 5865 αὐτῆς
981 5793 1219 5868 ἐξουσίαι
1254 5798 1361 5852 κᾶν
1395 5797 1544 5869 φόϐῳ
1583 5796 1693 5851 εἴτε
1728 5798 1832 5882 καὶ.

311 5908 359 5941 ⁸⁸
390 5906 565 5963 Galat.
596 5925 634 5973 ι,
672 5911 722 5976 8,
766 5912 818 5967 9.

1928 4890 2181 4959 quamvis
2209 4891 2494 4962 indignum
2542 4910 2573 4949 a
2609 4903 2701 4949 tua
2728 4898 3017 4952 sanctitate
3063 4899 3239 4971 diligi,
3267 4900 3399 4956 etin
3422 4917 3518 4957 or-

1931 4979 2169 5036 thodoxa
2202 4980 2420 5053 Deoque
2452 4999 2676 5055 accepta
2716 4989 3153 5059 propugnatione
3176 4991 3513 5048 immobilem

1930 5071 2105 5142 ipsam
2131 5089 2457 5144 permanere
2483 5094 2496 5131 :
2523 5078 2677 5133 exiis
2704 5080 2903 5148 quibus
2937 5096 2995 5135 se
3019 5089 3075 5136 et
3104 5089 3289 5147 antea.
3316 5092 3515 5154 etpost

1928 5162 2120 5227 etiam,
2152 5163 2264 5218 Deo
2317 5177 2481 5235 atque
2520 5166 2837 5224 hominibus
2890 5171 3307 5239 comprobavit:
3348 5174 3421 5228 ita
3452 5180 3514 5228 ut

1932 5269 2057 5309 cum
2102 5256 2403 5312 humilibus
2455 5258 2615 5314 nobis
2674 5261 3122 5331 persecutionem
3180 5266 3344 5319 etiam
3407 5283 3510 5337 pro

1932 5345 2136 5416 pietate
2164 5347 2327 5419 eligat
2354 5366 2369 5403 :
2412 5349 2537 5406 licet
2565 5351 2843 5407 noluerint
2870 5353 2965 5424 qui
2993 5369 3177 5409 rerum
3200 5357 3509 5427 potiuntur,

1930 5451 2002 5490 ne
2034 5445 2143 5490 tam
2169 5438 2369 5493 multos
2408 5439 2464 5494 in
2496 5440 2748 5497 exsilium
2778 5444 3157 5508 amandarent,
3195 5448 3280 5503 vel
3318 5449 3373 5503 in
3416 5466 3506 5505 cu-

1931 5527 2166 5583 stodiam
2200 5531 2519 5600 traderent;
2548 5546 2716 5604 atque
2772 5545 2831 5590 ut
2874 5537 2979 5593 hac
3031 5538 3248 5595 ratione
3306 5542 3515 5598 mundo

1931 5621 2348 5690 persuaderent,
2376 5640 2477 5680 nos
2503 5627 2649 5681 solos
2678 5626 2747 5681 ab
2777 5627 2910 5697 ipsis
2932 5628 3221 5695 dissidere,
3246 5646 3346 5686 nec
3373 5632 3511 5686 alios

1932 5726 2055 5767 esse
2084 5714 2175 5783 qui
2217 5716 2473 5773 resistant
2503 5736 2517 5771 :
2544 5735 2668 5774 cum
2699 5728 2880 5777 tamen
2914 5722 3052 5777 adeo
3077 5724 3233 5779 multi
3272 5724 3380 5779 sint
3404 5725 3511 5780 sub

1930 5820 2118 5860 eorunt
2151 5806 2422 5879 imperio;
2458 5812 2706 5881 quamvis
2747 5824 2842 5868 aut
2888 5823 3035 5870 metu
3070 5824 3163 5870 aut
3197 5815 3509 5873 dissimula-
