4158 6468
676 402 814 469 1047

1874 406 1935 468 S.
1967 401 2365 468 THEODORI
2394 406 2742 468 STUDI'LE

3799 403 3926 468 1048

670 525 819 579 tione
850 538 909 579 se
932 522 1081 594 ipsos
1110 530 1338 596 tegant;
1369 530 1431 577 ut
1453 521 1699 578 divinum
1729 520 1904 578 David
1922 522 2251 578 clamantem

2368 522 2639 593 ιίκονομίᾳ
2668 522 3096 593 ύποκρύπτωσιν
3129 522 3378 586 ἑαυτούς’
3407 520 3484 587 ὡς
3534 521 3685 576 ἔστιν
3718 521 3928 578 ἀκούειν

666 615 931 671 exaudire
957 615 1157 672 liceat:
1206 614 1571 671 Dinumerabo
1609 631 1695 671 eos
1740 627 1790 671 et
1830 633 1990 687 super
2032 632 2255 672 arenam

668 704 1163 775 multiplicabuntur
1190 706 1257 761 ”.

740 790 857 848 Non
900 795 1046 849 enim
1081 796 1201 852 leve
1245 806 1331 853 est
1380 813 1485 854 nec
1530 796 1830 861 occultum,
1886 796 2037 867 quod
2087 794 2257 867 impie

672 884 891 954 agitur;
922 886 1018 941 sed
1050 895 1105 942 et
1138 904 1301 960 grave
1326 906 1553 961 prorsus
1580 900 1637 946 et
1662 904 1828 945 sensu
1859 888 2100 955 pmditis
2137 903 2255 943 ma-

670 974 957 1035 nifestum.
1006 978 1444 1037 lncarnationem
1513 981 1742 1047 Christi,
1800 996 1834 1036 ο
1881 980 2250 1045 sanctissime,

671 1076 940 1135 quantum
982 1069 1035 1124 in
1069 1070 1206 1142 ipsis
1236 1082 1343 1140 est,
1406 1084 1746 1141 everterunt,
1799 1088 1924 1128 cum
1974 1073 2257 1145 Evangelii

670 1160 1179 1228 praevaricationem
1237 1164 1293 1219 in
1345 1165 1582 1221 adulteri
1634 1165 1825 1236 copula
1858 1178 1916 1222 et
1960 1165 2255 1231 adulterio,

670 1249 965 1307 salutarem
995 1254 1255 1312 Ecclesia:
1286 1256 1751 1327 dispensationem
1782 1272 1905 1313 esse
1933 1264 2255 1321 sanxerunt,

670 1342 963 1397 anathema
991 1343 1046 1397 in
1076 1360 1173 1401 eos
1200 1346 1583 1409 decernentes.
1606 1348 1701 1418 qui
1736 1347 1862 1402 talia
1894 1361 2006 1401 non
2058 1345 2259 1417 proba-

672 1429 1203 1505 rent.Evangelium
1262 1451 1362 1506 per
1399 1437 1564 1492 unius
1622 1436 1871 1492 mandati
1928 1435 2256 1491 solutionem

672 1521 977 1589 solverunt,
1033 1526 1364 1584 solutionem
1414 1528 1556 1583 hanc
1623 1527 1719 1583 Dei
1782 1527 2257 1598 dispensationem

672 1613 1035 1682 appellantes.
1070 1616 1209 1673 Nam
1255 1620 1322 1686 si,
1378 1630 1437 1675 ut
1469 1621 1740 1691 scriptum
1792 1628 1917 1674 est:
1953 1618 2261 1690 Quicunque

673 1713 837 1759 totam
863 1705 1028 1777 legem
1053 1712 1604 1782 servaverit,oﬁendat
1629 1721 1809 1766 autem
1838 1712 1896 1766 in
1924 1729 2051 1779 uno,
2085 1713 2261 1783 {actus

671 1803 747 1850 est
786 1799 1023 1853 omnium
1052 1817 1169 1856 reus
1200 1802 1280 1869 “;
1336 1803 1424 1859 isti
1478 1819 1615 1860 vero
1642 1805 1879 1875 lapsum,
1913 1804 2023 1859 imo
2050 1805 2255 1875 lapsus,

675 1896 788 1941 tum
817 1888 1067 1956 adulteri,
1108 1901 1222 1947 tum
1247 1894 1366 1964 ejus
1391 1895 1483 1965 qui
1524 1874 1805 1951 adulteros
1858 1874 2168 1967 conjunxit,
2206 1903 2262 1949 et
2291 1874 2334 1929 Β

674 1979 919 2035 omnium
942 1983 1038 2051 qui
1086 1983 1337 2039 adultero
1364 1986 1733 2051 adhaeserunt,
1780 1995 2102 2057 partemque
2132 2001 2259 2042 cum

672 2070 922 2127 adultero
952 2086 1289 2145 posuerunt;
1342 2093 1523 2150 neque
1542 2078 1690 2134 enim
1724 2094 1755 2133 a
1788 2094 1848 2133 se
1893 2079 2130 2134 invicem
2169 2093 2261 2133 se-

669 2163 825 2233 jungi
853 2175 1084 2235 possunt
1108 2168 1202 2237 qui
1258 2169 1530 2234 fecerunt,
1588 2179 1646 2225 et
1678 2171 1773 2241 qui
1821 2170 1987 2226 simul
2043 2171 2260 2242 abrepti

675 2265 843 2322 sunt;
887 2258 1308 2330 haudquaquam
1348 2276 1472 2318 reos
1504 2277 1626 2318 esse
1664 2262 1877 2327 dicunt,
1908 2262 2003 2318 sed
2036 2263 2261 2333 dispen-

676 2358 884 2405 satores
915 2350 1048 2416 Dei;
1104 2354 1368 2409 mentitus
1404 2362 1488 2408 est
1517 2354 1610 2424 qui
1669 2370 1792 2409 reos
1844 2370 1966 2410 esse
2024 2369 2265 2424 pronun-

678 2439 879 2506 tiavit;
930 2442 1094 2497 alieni
1136 2454 1321 2499 autem
1369 2456 1500 2501 sunt
1558 2461 1587 2500 a
1644 2446 1741 2501 Dei
1793 2446 2265 2517 dispensatoribus

676 2531 851 2586 sancti
904 2548 1122 2602 quoque
1173 2536 1325 2604 ipsi:
1375 2538 1645 2607 siquidem
1708 2538 1891 2592 nullus
1943 2545 2263 2592 sanctorum

681 2621 773 2675 Dei
806 2621 981 2693 legem
1035 2633 1409 2696 transgressus
1432 2640 1535 2694 est,
1569 2643 1691 2691 nec,
1722 2629 1767 2682 si
1811 2628 2264 2698 transgrediatur,

676 2720 899 2766 sanctus
939 2712 1043 2768 dici
1114 2725 1317 2784 p0test.
1382 2717 1476 2770 lsti
1524 2733 1656 2772 vero
1714 2718 1769 2770 in
1830 2717 2268 2789 transgressione

677 2804 871 2876 dogma
924 2805 1258 2874 inviolabile,
1299 2818 1559 2880 tanquam
1607 2810 1700 2865 Dei
1733 2810 2269 2882 legem,constitue-

679 2907 832 2959 runt,
860 2908 917 2952 et
952 2914 1147 2955 omnes
1171 2904 1263 2970 qui
1300 2904 1434 2972 ipsis
1462 2918 1525 2957 ea
1569 2905 1625 2957 in
1656 2920 1715 2958 re
1751 2920 1858 2959 non
1892 2906 2266 2963 consentiunt.

677 2985 1244 3042 anathematizarunt.
1300 2989 1416 3044 Non
1490 2992 1845 3047 consentiunt
1908 2992 2270 3063 proculdubio

677 3078 878 3144 sancti,
903 3080 995 3149 qui
1026 3080 1080 3133 in
1129 3082 1269 3136 caelo
1292 3084 1495 3153 quique
1540 3086 1593 3138 in
1638 3097 1778 3141 terra
1804 3096 1953 3149 sunt,
1981 3086 2266 3141 adulterio.

2353 614 2448 668 τοῦ
2477 615 2621 668 θείου
2637 613 2801 668 Δαϐἰδ
2832 613 3930 688 κράζοντος·Ἕξαριθμήσομαιαὺτοὺς,

2355 708 2451 762 καί
2485 706 2638 775 ὑπὲρ
2669 707 2870 777 ἄμμον
2904 706 3466 775 πληθυνθήσονται.

2425 798 2559 851 Οὐδὲ
2586 796 2695 869 γάρ
2726 799 2923 869 μικρόν
2951 814 3004 852 τι
3029 799 3123 852 καὶ
3156 798 3419 853 λανθάνον
3450 797 3512 851 τὸ
3544 795 3932 868 ἀσεϐούμενον-

2356 882 2493 936 ἀλλά
2524 883 2619 937 καὶ
2652 884 2858 957 σφόδρα
2888 885 3033 955 μέγα
3081 901 3142 938 τε
3195 886 3293 940 καὶ
3347 886 3624 957 προφανὲς
3664 888 3786 950 τοῖς
3816 884 3939 939 νοῦν

2356 974 2559 1044 έχουσι.
2616 976 2727 1047 Τὴν
2781 977 3097 1047 οἰκονομίαν
3133 977 3395 1048 Χριστοῦ,
3445 972 3490 1032 ὧ
3529 976 3829 1047 ἀγιὼτατε,
3879 977 3941 1030 τὺ

2357 1064 2481 1118 καθ’
2511 1066 2741 1130 ἑαυτοὺς
2768 1066 3096 1137 ἀνέτρεψαν,
3129 1067 3230 1139 τῆν
3265 1066 3579 1138 παράϐασιν
3631 1066 3731 1121 τοῦ
3766 1068 3945 1135 Εὐαγ-

2356 1156 2537 1225 γελίου
2591 1159 2650 1210 έν
2693 1161 2760 1228 τῆ
2813 1157 3164 1230 μοιχοζευξίᾳ
3214 1159 3308 1213 καὶ
3363 1159 3580 1230 μοιχείᾳ
3627 1160 3945 1229 οἰκονομίαν

2360 1252 2632 1319 σωτήριον
2678 1253 2747 1321 τῇ
2791 1250 3089 1321 Ἐκκλησία
3120 1250 3568 1322 δογματίσαντες,
3619 1252 3715 1305 ὑπ’
3746 1250 3944 1304 ἀναθέ-

2362 1354 2492 1407 ματι
2525 1338 2633 1391 τῶν
2664 1338 2739 1410 μὴ
2768 1338 2913 1393 οὓτω
2961 1339 3431 1411 προσδεχομένων.
3488 1342 3561 1396 Τὸ
3605 1342 3946 1411 Εύαγγέλιον

2359 1430 2448 1485 διά
2498 1430 2705 1495 λύσεως
2755 1432 2855 1502 τῆς
2894 1434 3024 1501 μιᾶς
3056 1433 3278 1504 έντολῆς
3310 1434 3583 1499 διέλυσαν,
3633 1435 3738 1506 τὴν
3791 1434 3948 1487 λύσιν

2359 1523 2672 1593 οἰκονομίαν
2721 1522 2857 1577 Θεοῦ
2908 1525 3346 1595 ἀποφηνάμενοι.
3389 1526 3451 1579 El
3499 1526 3607 1597 γὰρ
3636 1526 3714 1590 ὡς
3740 1528 3949 1597 γέγρα·

2361 1630 2514 1667 πται-
2549 1614 2763 1680 Ὅστις
2789 1612 2940 1667 ὅλον
2967 1614 3077 1668 τὸν
3118 1614 3310 1683 νόμον
3342 1613 3668 1683 πληρώσει,
3699 1614 3949 1668 πταίσει

2362 1707 2431 1760 δὲ
2465 1706 2537 1760 ἐν
2567 1705 2679 1769 ἐνί,
2721 1705 2930 1775 γέγονε
2968 1705 3211 1759 πάντων
3254 1706 3491 1774 ἔνοχος.
3550 1700 3714 1760 Οὗτοι
3765 1706 3826 1759 ὁὶ
3887 1707 3951 1759 τὸ

2364 1801 2632 1869 πταῖσμα,
2680 1798 2880 1869 μᾶλλον
2908 1798 2966 1852 δὲ
3000 1797 3071 1851 τά
3120 1798 3462 1869 πταίσματα,
3493 1799 3587 1853 τοῦ
3629 1816 3691 1853 τε
3753 1798 3949 1870 μοιχοῦ

2363 1892 2459 1946 καὶ
2496 1890 2589 1945 τοῦ
2620 1889 3027 1961 μοιχοζεύκτου,
3070 1890 3554 1962 μοιχοσυνδρόμων
3578 1908 3637 1943 τε
3680 1891 3781 1944 καὶ
3811 1890 3949 1944 ὅλων

2362 1986 2471 2041 τῶν
2506 1985 2645 2055 μετά
2682 1984 2872 2054 μοιχοῦ
2918 1983 3018 2055 τὴν
3072 1982 3267 2053 μερίδα
3297 1981 3575 2051 θεμένων·
3610 1981 3673 2035 ού
3701 1980 3817 2051 γὰρ
3838 1977 3951 2035 οἷόν

2363 2091 2423 2129 τε
2448 2075 2509 2140 ἐξ
2540 2074 2787 2145 ἀλλήλων
2816 2071 3156 2143 χωρισθῆναι
3184 2070 3313 2134 τοὺς
3343 2069 3679 2142 πράξαντας,
3701 2071 3801 2125 καὶ
3826 2073 3951 2133 τοῦς

2367 2166 2836 2237 συναπαχθένταςσ
2876 2164 2976 2219 ούκ
3024 2164 3245 2233 ἐνόχους
3268 2165 3453 2233 φασὶν,
3484 2163 3599 2217 ἀλλ’
3627 2164 3951 2233 οἰκονόμους

2365 2256 2502 2313 Θεοῦ
2532 2274 2545 2287 ο
2612 2256 2873 2325 ἔψευσται
2928 2257 2957 2308 ό
3007 2254 3432 2324 ἀποφηνάμενος
3492 2252 3712 2321 ἐνόχους
3764 2247 3945 2304 εἶναι·

2364 2349 2773 2419 ἀλλοτριοῦνται
2809 2348 2865 2401 δὲ
2897 2348 2989 2400 καὶ
3020 2348 3070 2400 οἰ
3104 2347 3246 2414 ἆγιοι
3294 2345 3405 2398 τῶν
3434 2345 3739 2415 οἰκονόμων
3789 2344 3945 2396 Θεοῦ·

2366 2441 2448 2494 ὅτι
2475 2441 2651 2504 οὐδεὶς
2705 2442 2859 2509 ἅγιος
2902 2439 2996 2493 τδν
3024 2438 3117 2492 τοῦ
3157 2437 3292 2492 Θεοῦ
3322 2438 3487 2508 νόμον
3532 2435 3947 2507 παραϐέϐηκεν,

2368 2534 2491 2587 οὐδὲ
2528 2532 2783 2603 παραϐὰς
2810 2531 3034 2587 δύναται
3073 2530 3359 2601 καλεῖσθαι
3393 2530 3653 2599 ἀγιος.οἰ
3678 2528 3736 2581 δὲ
3773 2528 3952 2597 δόγμα

2370 2627 2427 2678 ὲν
2460 2629 2525 2696 τῇ
2579 2625 2892 2695 παραϐάσει
2944 2623 3232 2692 ὲκθέμενοι
3271 2620 3625 2692 ἀπαράϐατον
3668 2620 3746 2683 ὡς
3787 2620 3952 2689 νόμον

2370 2716 2528 2780 Θεοῦ,
2564 2718 2658 2771 καὶ
2695 2719 2822 2781 τοὺς
2845 2716 2919 2786 μὴ
2947 2714 3408 2784 συναιρουμένους
3437 2713 3622 2775 αὐτοῖς
3654 2713 3715 2777 ἐν
3772 2711 3951 2781 τούτῳ

2370 2806 2873 2876 ἀναθεματίζοντες.
2931 2805 3007 2859 Ού
3056 2806 3381 2873 συνάρονται
3408 2803 3465 2857 δὲ
3510 2802 3757 2873 δηλονότι
3798 2804 3849 2854 οἰ
3896 2803 3951 2854 ὲν

2369 2900 2584 2973 ούρανῷ
2616 2901 2712 2953 καὶ
2739 2900 2831 2952 ἐπὶ
2863 2898 2968 2966 γῆς
2996 2898 3143 2965 ἀγιοι
3177 2899 3243 2967 τῇ
3279 2896 3518 2967 μοιχείᾳ.
3566 2893 3811 2968 Φανερὺν
3846 2892 3952 2963 ἀρα

2370 2996 2451 3048 ὅτι
2496 2996 2561 3065 τῇ
2608 2992 2759 3046 λύσει
2809 2991 2911 3061 τῆς
2959 2992 3087 3062 μιᾶς
3119 2990 3338 3060 ἐντολῆς
3374 2988 3470 3042 τοῦ
3498 2986 3863 3055 Εὐαγγελίου,
3890 2987 3950 3038 οὺ

2376 3085 2535 3154 μόνον
2595 3082 2714 3135 ὅλον
2769 3081 2831 3134 τὸ
2879 3080 3212 3149 Εὑαγγέλιον
3268 3079 3598 3150 ἀνέτρεψαν,
3630 3077 3953 3148 ὁρισάμενοι

679 3168 860 3234 Quare
878 3173 1227 3242 perspicuum
1250 3184 1334 3229 est
1355 3192 1469 3237 eos,
1495 3176 1674 3232 soluto
1692 3177 1967 3245 Evangelii
1986 3192 2095 3231 uno
2116 3192 2267 3231 man-

2375 3176 2545 3245 αύτὴν
2575 3174 2864 3237 συνοδικῶς
2895 3172 3207 3244 οἰκονομίαν
3238 3172 3507 3240 σωτήριον
3527 3173 3593 3241 τῇ
3628 3168 3951 3239 Ἐκκλησία,

680 3262 827 3325 dato,
864 3278 973 3316 non
1007 3265 1181 3319 solum
1231 3264 1587 3337 Evangelium
1626 3277 1798 3322 totum
1848 3269 2135 3331 evertisse.
2185 3282 2273 3322 sa-

681 3355 914 3409 lutarem
972 3357 1232 3411 Ecclesia:
1270 3360 1740 3429 dispensationem
1780 3361 1920 3415 hanc
1948 3375 2070 3415 esse
2112 3376 2274 3432 syno-

681 3447 803 3501 dice
831 3447 1161 3514 definiendo,
1214 3450 1521 3522 legemque.
1560 3453 1706 3522 quod
1758 3454 1812 3507 in
1855 3453 1986 3523 ipsis
2025 3454 2151 3521 fuit,
2184 3454 2273 3508 in-

684 3536 991 3591 violabilem
1022 3539 1344 3602 sanciendo.
1376 3542 1428 3595 in
1463 3543 1612 3596 omni
1644 3544 1898 3598 mandato
1917 3544 2065 3613 quod
2105 3545 2275 3599 viole-

689 3637 798 3693 tur,
863 3630 1212 3686 violationem
1254 3633 1428 3703 ipsam
1488 3634 1955 3705 dispensationem
2031 3652 2173 3701 esse,
2208 3652 2274 3691 ac

2377 3266 2561 3330 θέντες
2582 3267 2747 3336 νόμον
2773 3264 3151 3335 ἀπαράϐατον,
3177 3264 3238 3317 τὸ
3258 3264 3631 3329 καθ’έαυτοὺς,
3654 3262 3749 3315 ἐπὶ
3770 3262 3956 3329 πάσης

2376 3362 2597 3431 ἐντολῆς
2643 3358 3129 3431 παραϐαινομένης
3175 3356 3489 3427 οἰκονομίαν
3544 3355 3795 3426 γίνεσθαι
3856 3355 3955 3423 τὴν

2374 3454 2580 3524 ταύτης
2612 3451 2953 3521 παράϐασιν,
2984 3448 3122 3519 ὁμοῦ
3154 3466 3213 3501 τε
3245 3449 3340 3501 καὶ⁵
3376 3448 3741 3517 ὀνομάζεσθαι
3761 3465 3777 3479 ·
3818 3447 3957 3501 ἀλλά

2375 3544 2485 3613 γὰρ
2544 3542 2640 3597 καὶ
2694 3543 2822 3603 τοὺς
2875 3538 3065 3604 ἀγίους
3115 3539 3189 3607 μὴ
3228 3538 3646 3608 προσῖεμένους,
3701 3538 3787 3591 ὅτι
3822 3536 3956 3608 μηδὲ

2375 3636 2506 3697 Θεὸς
2539 3634 2658 3687 κατ’
2685 3631 2906 3696 αὐτοὺς,
2932 3628 3355 3700 ἀνεθεμάτισαν.

685 3724 992 3793 nuncupari
1026 3742 1040 3779 :
1077 3742 1266 3781 verum
1306 3729 1472 3782 etiam
1519 3740 1736 3785 sanctos
1772 3747 1881 3785 non
1948 3732 2377 3795 consentientes,
2442 3732 2699 3802 quoniam
2766 3744 2870 3784 nec
2912 3728 3053 3783 Deus
3094 3723 3389 3789 consentit,
3425 3737 3526 3779 suo
3566 3724 3777 3795 judicio
3833 3740 3958 3780 ana-

696 3820 1102 3877 thematizasse.

761 3915 839 3967 Ac
863 3912 1084 3967 demum
1114 3914 1245 3984 quid
1297 3916 1543 3985 pluribus
1572 3934 1709 3989 opus
1740 3929 1849 3982 est.
1891 3936 2014 3974 cum
2047 3920 2273 3991 epistola

687 4020 882 4074 capere
914 4022 1022 4060 non
1054 4008 1264 4077 possit?
1293 4009 1554 4064 Perversa
1581 4022 1637 4065 et
1663 4012 1779 4066 dira
1798 4012 1980 4080 opinio
2003 4013 2055 4066 in
2090 4013 2276 4069 Eccle—

688 4098 820 4153 siam
850 4108 1085 4153 nostram
1120 4100 1332 4156 invecta
1378 4113 1479 4158 est.
1527 4104 1757 4159 Haeresis
1789 4105 1891 4159 ista
1920 4104 2275 4160 chhianica

691 4205 796 4243 una
826 4206 950 4245 cum
975 4190 1251 4263 Evangelii
1282 4194 1673 4261 destructione,
1703 4204 1760 4251 et
1790 4210 2026 4251 canones
2060 4196 2275 4251 divinos

688 4296 788 4351 per
826 4282 971 4337 illius
1010 4284 1104 4353 qui
1127 4284 1195 4338 ab
1223 4285 1303 4339 eis
1354 4286 1637 4355 depositus
1668 4285 1865 4352 fuerat,
1895 4286 2266 4341 adulterorum

690 4374 1021 4443 copulatoris
1043 4375 1439 4431 absolutionem
1477 4377 1741 4433 dissolvit.
1780 4380 1993 4434 Etenim
2026 4379 2070 4434 si
2101 4378 2270 4432 Evan-

2444 3920 2557 3976 Καὶ
2588 3917 2778 3982 ἀπλῶς
2801 3919 2855 3973 τί
2887 3915 3061 3971 πολλά
3108 3915 3310 3984 λέγειν,
3350 3912 3425 3985 μὴ
3463 3914 3820 3985 ἑγχωρούσης
3859 3916 3957 3984 τῆς

2374 4013 2661 4081 ἐπιστολῆς
2686 4010 2932 4081 δέχεσθαι
2956 4029 2970 4077 ;
2998 4009 3223 4079 Χαλεπὴ
3263 4005 3556 4071 κακοδοξία
3588 4005 3956 4077 ὲδογματίσθη

2376 4109 2434 4161 έν
2484 4109 2551 4177 τῇ
2608 4105 2727 4159 καθ’
2761 4107 2907 4175 ἡμᾶς
2951 4102 3270 4173 Ἐκκλησία.
3302 4099 3450 4169 Αὕτη
3507 4100 3542 4170 ἡ
3600 4098 3956 4169 Μοιχειανικὴ

2378 4200 2587 4271 αἵρεσις
2623 4198 2740 4267 ἅμα
2770 4198 2837 4266 τῇ
2870 4195 3151 4264 ἀνατροπῇ
3190 4192 3285 4245 τοῦ
3324 4188 3676 4260 Εὐαγγελίου,
3706 4189 3805 4242 καὶ
3834 4191 3957 4252 τοὺς

2374 4290 2551 4349 θείους
2609 4286 2840 4349 κανόνας
2887 4284 2975 4338 διὰ
3024 4283 3125 4350 τῆς
3156 4281 3459 4345 ἀθωώσεως
3490 4280 3583 4334 τοῦ
3612 4280 3743 4347 παρ’
3777 4280 3957 4333 αὐτῶν

2373 4384 2759 4456 καθῃρημένου
2816 4378 3203 4453 μοιχοζεύκτου
3261 4376 3581 4430 διαλύσασα.
3620 4374 3680 4427 Εἰ
3736 4375 3848 4446 γάρ
3899 4374 3956 4427 τὸ

688 4466 887 4536 gelium
912 4466 1286 4537 neglexerunt,
1324 4469 1559 4524 otiosum
1612 4470 1716 4524 illis
1746 4470 1938 4527 fuisset
1982 4472 2048 4526 de
2103 4470 2267 4530 sacris

2376 4476 2709 4545 Εύαγγέλιον
2739 4474 3031 4544 ἠθέτησαν,
3072 4468 3236 4539 σχολὴ
3286 4469 3468 4532 αὐτοῖς
3500 4467 3627 4538 περὶ
3655 4466 3769 4519 τῶν
3797 4466 3956 4537 ίερῶν

689 4558 991 4612 canonihus
1026 4573 1147 4613 esse
1208 4559 1493 4615 sollicitos.
1554 4557 1680 4615 Haec
1715 4560 1877 4631 igitur
1922 4576 2044 4615 cum
2074 4560 2273 4615 saluta-

693 4648 839 4702 tione
864 4648 1174 4717 paternitati
1222 4660 1329 4705 tum
1356 4666 1646 4723 suggerere
1685 4653 2051 4707 necessarium
2082 4651 2272 4707 existi-

688 4741 855 4805 mavi,
887 4750 945 4795 ut
976 4742 1226 4797 haeresim
1256 4758 1377 4798 esse
1411 4744 1741 4816 intelligens,
1793 4745 2041 4799 haeresim
2076 4744 2269 4814 fugiat,

688 4836 804 4891 sive
836 4838 1143 4905 haereticos,
1177 4838 1250 4893 ita
1274 4848 1332 4894 ut
1358 4854 1460 4895 nec
1486 4855 1609 4894 cum
1638 4842 1719 4896 eis
1752 4842 2141 4907 communicet,
2169 4854 2272 4893 nec

688 4944 787 4984 eos
816 4930 871 4983 in
902 4930 1087 4985 divina
1127 4932 1341 5003 liturgia
1384 4943 1775 4989 commemoret
1829 4933 1884 4988 in
1926 4922 2269 5006 religiosissi-

688 5037 779 5076 mo
826 5023 1158 5079 monasterio
1191 5039 1292 5079 suo
1344 5042 1360 5079 :
1417 5026 1671 5096 quoniam
1746 5025 1993 5097 ingentes
2048 5027 2271 5081 minzca

689 5114 892 5168 sanctis
946 5113 1281 5171 denuntiatae
1330 5123 1457 5170 sunt
1490 5116 1557 5171 iis
1603 5115 1852 5186 quicum
1915 5130 1977 5170 ea
2036 5116 2119 5171 vel
2150 5116 2272 5171 cibo

691 5216 854 5263 tenus
896 5210 1243 5281 participant.
1302 5211 1457 5277 Quod
1489 5212 1533 5266 si
1582 5222 1794 5281 quaerat
1845 5212 2103 5267 sanctitas
2153 5221 2269 5276 tua,

689 5301 817 5370 quid
846 5316 1025 5357 causa:
1053 5304 1142 5369 sit,
1167 5318 1267 5358 cur
1299 5303 1415 5359 haec
1455 5304 1555 5375 ipsi
1581 5313 1707 5359 ante
1760 5304 2130 5375 captivitatem
2160 5319 2269 5357 non

688 5392 1007 5459 dixerimus,
1039 5395 1133 5449 sed
1156 5401 1210 5449 et
1235 5393 1654 5467 Byzantinorum
1696 5395 2267 5450 commemorationem

688 5484 788 5554 ipsi
818 5484 1151 5555 fecerimus;
1202 5489 1309 5544 hoc
1339 5489 1561 5555 habeto,
1612 5488 1880 5559 synodum
1919 5505 1985 5543 eo
2023 5496 2269 5557 tempore

688 5568 931 5632 nondum
981 5590 1223 5635 coactam
1258 5581 1446 5645 fuisse,
1494 5596 1596 5637 nec
1647 5580 2047 5651 promulgatum
2090 5580 2269 5634 adhuc

684 5684 919 5740 pravum
946 5671 1141 5743 dogma
1190 5682 1246 5728 et
1291 5673 1601 5729 anathema.
1647 5672 1713 5727 Et
1742 5682 1869 5730 ante
1922 5672 2038 5729 hac
2090 5679 2267 5729 tutum

762 5838 806 5869 ³³
839 5836 979 5893 Psal.
1021 5852 1280 5905 cxsxviu,
1316 5838 1398 5894 l8.
1481 5839 1525 5871 “’
1550 5837 1665 5894 Jac.
1700 5852 1761 5905 tt,
1797 5836 1883 5892 l0.

2375 4568 2620 4621 κανόνων
2648 4565 2974 4635 φροντίζειν.
3010 4559 3197 4615 Ταῦτα
3222 4556 3315 4613 οὖν
3352 4560 3449 4613 σὺν
3474 4562 3540 4629 τῇ
3590 4560 3951 4629 προσηγορία,

2374 4660 2669 4727 ἀναγκαῖον
2709 4658 2935 4726 ἐνόμισα
2980 4652 3291 4725 ὑπομνῆσαι
3315 4652 3415 4723 τὴν
3444 4648 3807 4722 πατρωσύνην
3839 4666 3950 4702 σουο

2374 4753 2521 4815 ὅπως
2572 4750 2742 4804 εἰδυῖα
2794 4751 2875 4803 ὅτι
2910 4748 3143 4819 αἵρεσις,
3170 4743 3347 4815 φεύγῃ
3378 4744 3477 4814 τὴν
3520 4743 3753 4815 αἵρεσιν,
3786 4742 3952 4813 ῆγουν

2371 4844 2497 4906 τοὺς
2551 4840 2882 4913 αἰρετικούς·
2915 4838 3008 4893 τοῦ
3044 4840 3179 4909 μήτε
3229 4838 3503 4889 κοινωνεῖν
3541 4835 3746 4899 αὐτοῖς,
3812 4835 3951 4905 μήτε

2373 4935 2665 5004 ἀναφέρειν
2711 4934 2771 4985 ὲν
2822 4934 2888 5003 τῇ
2949 4929 3295 5001 εύαγεστάτῃ
3324 4928 3496 4997 αὐτῆς
3546 4928 3681 4997 μονῇ
3728 4926 3824 4978 ἐπὶ
3856 4925 3951 4995 τῆς

2373 5027 2522 5089 θείας
2571 5025 2912 5096 λειτουργίας
2944 5038 2958 5053 ’
3012 5022 3095 5076 ὃτι
3151 5020 3407 5092 μέγισται
3461 5019 3683 5074 ἀπειλαὶ
3741 5021 3949 5072 κεῖνται

2375 5118 2526 5188 παρά
2559 5118 2667 5170 τῶν
2702 5118 2873 5185 ἁγίων
2905 5113 3304 5186 ὲκφωνηθεῖσαι
3332 5112 3446 5175 τοῖς
3488 5110 3951 5178 συγκαταϐαίνουο

2376 5227 2460 5263 σιν
2487 5211 2623 5280 αύτῇ
2659 5208 2821 5280 μέχρι
2852 5210 2945 5262 καὶ
2976 5206 3294 5269 ἑστιάσεως.
3325 5204 3389 5257 Εἰ
3416 5203 3472 5258 δὲ
3510 5203 3647 5275 λέγῃ
3676 5204 3711 5273 ἡ
3737 5202 3951 5270 ὁσιότης

2376 5319 2491 5366 σου,
2516 5302 2632 5365 πῶς
2665 5302 2802 5372 αὐτῇ
2831 5300 2935 5370 πρὸ
2957 5300 3054 5369 τῆς
3080 5296 3373 5367 λεηλασίας
3394 5294 3553 5349 τοῦτο
3576 5295 3677 5347 ούκ
3701 5294 3949 5364 εἴπομεν,

2376 5393 2489 5447 ἀλλ’
2520 5395 2600 5446 ὅτι
2632 5393 2723 5446 καὶ
2757 5393 2916 5463 ἡμεῖς
2950 5389 3397 5461 ὲμνημονεύομεν
3422 5387 3530 5440 τῶν
3560 5388 3618 5439 έν
3646 5389 3713 5457 τῇ
3751 5386 3953 5451 Βυζανο

2374 5486 2501 5541 τίδι·
2536 5487 2709 5539 έκεῖνο
2754 5483 3088 5552 γινωσκέτωο
3137 5482 3218 5535 ὅτι
3268 5479 3421 5533 οὔπω
3466 5477 3680 5542 σύνοδος
3714 5474 3805 5548 ῆν,
3837 5477 3953 5531 οὐδὲ

2377 5578 2690 5648 ὲκφωνητδν
2718 5576 2929 5647 ὑπῆρχε
2970 5574 3030 5627 τὸ
3065 5573 3301 5645 πονηρὸν
3328 5572 3505 5642 δόγμα
3554 5573 3650 5625 καὶ
3682 5570 3947 5643 ἀνάθεμα.

2376 5669 2489 5725 Καὶ
2555 5668 2660 5737 πρὸ
2716 5667 2919 5723 τούτων
2968 5664 3068 5718 ούκ
3102 5658 3170 5736 ἦν
3221 5662 3459 5734 ἀσφαλὲς
3486 5660 3795 5732 ἀποστῆναι
3846 5661 3952 5717 τῶν
