4158 6480
189 428 332 494 1049

1395 423 1934 485 EPISTOLARUM
1989 426 2136 487 LIB.
2169 424 2219 485 Ι.

3316 423 3457 488 1050

188 539 653 612 παρανομούντων
701 538 944 604 τελείως,
984 538 1018 609 ἢ
1066 538 1127 591 τὸ
1175 537 1398 608 φεύγειν
1457 542 1618 610 μόνον
1668 545 1767 609 τὴν

1888 557 1978 594 non
2001 551 2120 597 erat
2134 540 2416 596 discedere
2447 539 2666 611 penitus
2690 553 2720 594 a
2742 538 3246 610 praevaricantibtts,
3264 541 3348 596 vel
3377 558 3461 596 so-

191 635 448 705 προφανῆ
507 631 792 686 κοινωνίαν
829 630 1032 697 αὐτῶν,
1058 630 1342 701 οίκονομία
1383 631 1440 684 δὲ
1483 631 1772 702 πρεπούσῃ

190 725 488 797 ἀναφέρειν
510 724 614 788 ἕως
639 722 856 794 καιροῦ.

278 818 434 884 ἐπεὶ
461 817 518 870 δὲ
557 815 778 886 ἐξῆλθεν
803 816 883 878 είς
909 812 1186 886 προῦπτον
1214 816 1247 886 ἠ
1270 814 1522 887 αίρετικὴ
1550 814 1775 870 ἀσέϐεια

191 909 279 961 διὰ
328 908 548 962 συνόδου
587 908 665 971 είς
699 906 1030 976 τούμφανὲς,
1080 905 1162 957 δεῖ
1198 904 1320 976 ἄρτι
1372 906 1469 959 καὶ
1513 905 1613 976 τὴν
1676 907 1774 975 σὴν

192 1000 485 1055 εὐλάϐειαν
551 999 648 1053 σῦν
709 1001 876 1052 πᾶσιν
935 998 1238 1066 όρθοδόξοις
1299 999 1775 1070 παρρησιάζεσθαι

190 1093 284 1145 διά
309 1092 405 1145 τοῦ
438 1092 513 1162 μὴ
537 1093 815 1144 κοινωνεῖν
837 1093 951 1154 τοῖς
973 1089 1309 1155 κακοδόξοις,
1327 1091 1461 1160 μηδὲ
1481 1091 1778 1162 ἀναφέρειν

189 1186 314 1237 τινὰ
368 1184 478 1238 τῶν
522 1186 580 1236 ὲν
619 1187 684 1254 τῇ
758 1181 1121 1253 μοιχοσυνόδῳ
1177 1181 1586 1252 εὑρεθέντων,ἢ
1647 1184 1778 1252 δμο-

192 1275 541 1346 φρονούντων
572 1276 732 1345 αὑτῇ.
766 1274 940 1342 Καίγε
971 1273 1200 1336 δίκαιον,
1230 1272 1344 1325 ὄσιε
1388 1273 1591 1344 Πάτερ,
1636 1274 1778 1326 κατά

193 1370 375 1420 πάντα
429 1384 488 1419 σε
525 1366 655 1419 όντα
684 1364 1020 1435 φερωνύμως
1069 1362 1347 1431 Θεόφιλον,
1384 1363 1558 1431 φιλεῖν
1597 1366 1690 1418 καὶ
1721 1366 1780 1418 ὲν

191 1459 371 1527 τούτῳ
397 1459 492 1509 τὸν
514 1457 668 1512 Θεόν.
687 1454 944 1526 Ἐχθροὺς
969 1455 1075 1524 γάρ
1109 1453 1244 1507 Θεοῦ
1284 1456 1312 1508 6
1369 1455 1778 1527 Χρυσόστομος,

191 1549 256 1602 οὑ
284 1548 444 1617 μόνον
473 1548 599 1609 τοὺς
629 1545 963 1616 αίρετικοὺς,
1003 1545 1141 1600 ἀλλά
1173 1544 1271 1598 καὶ
1314 1546 1439 1609 τοὺς
1462 1549 1575 1610 τοῖς
1609 1546 1782 1600 τοιούο

192 1655 307 1699 τοις
335 1636 763 1702 κοινωνοῦντας,
817 1635 1031 1708 μεγάλῃ
1059 1638 1154 1689 καὶ
1191 1637 1357 1709 πολλῇ
1387 1639 1453 1709 τῇ
1483 1642 1633 1710 φωνῇ
1679 1642 1785 1694 ἀπ-

196 1732 462 1802 εφήνατο.
501 1731 610 1784 Καὶ
638 1730 734 1784 ὲάν
765 1731 798 1801 ή
835 1729 902 1800 σὴ
930 1730 1229 1801 στερῤότης
1257 1730 1356 1782 οὐκ
1394 1730 1783 1802 ἀσφαλίσηται,

193 1825 279 1888 τίς
317 1823 504 1876 λοιπὸν
546 1822 884 1894 σωθήσεται;
935 1823 1030 1875 καὶ⁵
1077 1822 1173 1875 ὲάν
1201 1822 1229 1874 6
1261 1823 1785 1892 παρρησιασάμενος

192 1914 426 1985 δυνάμει
476 1913 632 1980 Θεοῦ,
688 1913 764 1977 ὡς
816 1915 1004 1982 ἇγιοςρ
1051 1914 1192 1983 πλὴν
1240 1900 1454 1977 τελείας
1490 1914 1778 1985 αἱρέσεως,

193 2007 323 2077 ἄρτι
366 2006 506 2076 μετά
555 2007 655 2076 τὴν
702 2006 917 2076 αἵρεσιν
949 2006 1338 2069 ὑποστείληται
1371 2021 1384 2035 ⁸
1440 1991 1554 2066 πῶς
1594 2005 1782 2076 ἔτερος

195 2098 462 2167 τολμήσει
490 2096 724 2167 γρύξαις
757 2098 850 2149 καὶ
883 2097 979 2150 ἐὰν
1006 2097 1067 2149 τὸ
1108 2094 1394 2167 μοναδικδν
1444 2094 1633 2164 τάγμα
1681 2096 1782 2166 οὑχ

195 2190 480 2258 ἡγήσηται
526 2190 704 2243 πάντα
760 2188 1043 2242 σκύῦαλα·
1083 2187 1420 2256 μοναστήρια
1472 2186 1635 2254 λέγω,
1688 2189 1784 2242 καὶ

197 2294 380 2330 παντα
431 2277 500 2331 τά
548 2279 678 2348 περὶ
726 2277 865 2330 αὑτά
898 2294 911 2308 ·
968 2278 1086 2338 πῶς
1140 2274 1327 2338 λαῖκδς
1376 2279 1782 2348 καταφρονήσει

197 2373 482 2438 γυναικὸς,
514 2371 741 2434 τέκνων,
779 2371 870 2422 καὶ
896 2370 1004 2424 τῶν
1027 2369 1206 2424 ἄλλων
1235 2384 1250 2434 ;

271 2555 364 2606 Διὸ
407 2552 850 2622 ὑπομιμνήσκω,
884 2553 959 2616 ὼς
988 2552 1272 2624 ἐλάχιστος
1297 2554 1523 2626 ἀδελφὸς
1564 2557 1656 2609 καὶ
1691 2556 1784 2610 τέ-

200 2664 354 2710 κνον,
390 2646 465 2716 μὴ
497 2647 832 2714 σιγήσωμεν,
860 2644 947 2697 ἴνα
983 2646 1058 2716 μὴ
1089 2649 1305 2718 κραυγὴ
1336 2649 1583 2719 Σοδόμων
1611 2651 1783 2718 γενώ-

203 2738 348 2807 μεθα
370 2755 382 2769 ·
425 2737 500 2808 μὴ
525 2735 841 2805 φεισώμεθα
868 2735 978 2790 τῶν
1012 2738 1183 2801 κάτω,
1209 2739 1294 2792 ἴνα
1325 2739 1398 2809 μὴ
1427 2740 1784 2811 ἀπολέσωμεν

200 2833 271 2883 τὰ
326 2831 470 2884 ἀνωο
529 2829 604 2898 μὴ
647 2827 830 2898 Θῶμεν
881 2829 1179 2882 σκάνδαλον
1219 2833 1284 2900 τῇ
1342 2831 1640 2904 Ἐκκλησία
1691 2831 1783 2884 τοῦ

202 2921 366 2987 Θεοῦ,
391 2924 512 2992 ἣτις
547 2920 662 2973 ἐστὶ
705 2920 801 2973 καὶ
839 2922 896 2974 ὲν
941 2923 1121 2992 τρισὶν
1161 2922 1463 2993 όρθοδόξοις
1490 2925 1782 2994 ὁριζομένη

205 3012 352 3065 κατά
393 3011 518 3074 τοὺς
557 3010 748 3078 ἁγίους
769 3027 782 3040 ο
813 3011 902 3066 ἶνα
933 3013 1010 3083 μὴ
1035 3015 1101 3081 τῇ
1135 3014 1408 3082 ἀποφάσει
1451 3013 1546 3066 τοῦ
1578 3015 1783 3086 Κυρίου

205 3101 721 3172 καταδικασθῶμεν.
754 3104 868 3157 Καὶ
908 3104 970 3157 οὑ
1019 3104 1086 3158 δι’
1133 3105 1323 3159 ἑαυτὸν
1370 3106 1547 3160 ταῦτὰ
1590 3124 1731 3178 φημι
1757 3108 1785 3160 6

1873 633 2148 688 lummodo
2165 641 2407 702 apertam
2426 632 2639 686 illorum
2659 632 3098 687 communionem
3119 631 3384 704 refugere.
3406 642 3462 688 et

1874 724 2193 795 congruenti
2223 724 2626 793 dispensatione
2661 724 2727 777 ad
2756 732 2971 794 tempus
3007 739 3458 779 commemorare.

1946 818 2016 870 At
2072 825 2358 886 postquam
2417 815 2665 885 impietas
2726 815 2976 870 haeretica
3033 831 3131 886 per
3185 815 3461 886 Synodum

1875 910 1932 966 in
1984 919 2232 981 apertum
2278 925 2425 964 nunc
2472 910 2686 980 erupit,
2737 909 3050 980 religionem
3103 917 3250 963 tuam
3301 925 3464 979 opor-

1876 1012 1974 1066 tet,
2013 1017 2121 1056 una
2162 1018 2288 1056 cum
2313 1002 2524 1056 caeteris
2571 1001 2909 1066 orlhodoxis,
2940 1001 3110 1056 libere
3141 1015 3326 1071 agere,
3353 992 3457 1055 nec

1883 1093 2343 1149 communicando
2372 1108 2496 1147 cum
2547 1093 2838 1156 haereticis,
2896 1107 3000 1147 nec
3048 1092 3212 1146 ullius
3258 1107 3461 1146 nomen

1879 1184 2357 1241 commemorando
2391 1199 2458 1238 ex
2511 1184 2597 1247 iis,
2629 1183 2720 1253 qui
2777 1183 3200 1253 mmchosynodo
3260 1183 3458 1237 adfue-

1879 1287 2028 1341 runt,
2057 1286 2150 1331 aut
2174 1277 2266 1346 qui
2298 1278 2440 1330 idem
2467 1291 2592 1330 cum
2619 1291 2680 1330 ea
2702 1276 2967 1329 sentiunt.
3002 1274 3066 1329 Et
3091 1291 3306 1345 aequum
3330 1290 3465 1331 sane

1880 1377 1984 1434 est,
2019 1367 2182 1423 Pater
2220 1379 2428 1432 sancte,
2459 1379 2520 1422 ut
2563 1368 2654 1436 qui
2710 1368 2762 1421 in
2799 1368 3074 1431 omnibus,
3108 1384 3205 1436 pro
3254 1368 3465 1422 ratione

1881 1459 2268 1525 noministui,
2328 1457 2667 1529 The0philus
2697 1475 2777 1521 es,
2827 1459 2928 1513 hac
2978 1460 3145 1513 etiam
3201 1459 3255 1513 in
3312 1469 3466 1529 parte

1883 1551 2054 1607 Deum
2083 1567 2250 1605 ames.
2284 1549 2536 1606 Inimicos
2564 1551 2710 1606 enim
2739 1549 2833 1604 Dei
2878 1551 3322 1622 Chrysostomus,
3353 1566 3462 1605 non

1887 1644 2177 1699 haereticos
2233 1644 2433 1708 solum,
2477 1644 2572 1698 sed
2623 1659 2816 1698 omnes
2865 1645 3028 1697 etiam
3069 1643 3158 1712 qui
3195 1658 3317 1698 cum
3360 1643 3466 1696 illis

1887 1737 2313 1798 cmmnunicant,
2351 1750 2545 1806 magna
2593 1744 2651 1791 et
2688 1735 2832 1790 clara
2880 1749 3014 1790 voce
3063 1733 3464 1804 pronuntiavit.

1889 1825 2044 1891 Quod
2085 1824 2189 1879 nisi
2211 1825 2516 1879 constantia
2547 1832 2636 1877 tua
2673 1824 2881 1878 stabilis
2909 1831 3248 1894 permaneat,
3279 1823 3468 1892 ecquis

1889 1919 2112 1972 demum
2163 1916 2497 1971 salvabitnr?
2543 1926 2617 1982 et,
2665 1917 2711 1970 si
2743 1917 2788 1970 is
2843 1915 2935 1986 qui
2993 1915 3085 1969 Dei
3143 1915 3367 1978 virtute,
3408 1925 3469 1969 ut

1883 2019 2124 2073 sanctus,
2162 2007 2412 2062 ﬁduciam
2448 2022 2560 2076 prae
2592 2021 2651 2061 se
2682 2006 2807 2061 tulit
2857 2015 2984 2060 ante
3028 2005 3246 2075 plenam
3291 2006 3467 2060 hatre-

1884 2096 2008 2160 sim,
2039 2110 2187 2150 nunc
2214 2103 2341 2165 post
2386 2095 2639 2149 haeresim
2682 2094 2951 2165 ignaviter
2995 2109 3055 2148 se
3099 2104 3292 2165 gerat;
3333 2107 3472 2164 quo-

1884 2187 2046 2242 modo
2079 2188 2218 2242 alius
2249 2187 2461 2242 hiscere
2493 2187 2756 2241 audebit?
2783 2197 2836 2241 et
2875 2186 2980 2240 nisi
3033 2187 3169 2240 ordo
3203 2185 3470 2241 monasti-

1884 2294 1982 2334 cus
2006 2278 2190 2333 omnia
2213 2279 2510 2332 arbitretur
2545 2287 2606 2331 ut
2632 2287 2907 2340 stercora;
2942 2279 3280 2332 monasteria
3318 2276 3464 2346 dico,

1884 2379 1939 2424 et
1957 2379 2155 2423 cuncta
2181 2384 2302 2438 qua:
2329 2367 2381 2421 in
2408 2367 2488 2421 eis
2517 2376 2645 2422 sunt
2671 2383 2684 2432 ;
2715 2369 2988 2436 quomodo
3012 2368 3182 2422 laicus
3215 2383 3467 2436 uxorem,

1885 2461 2106 2526 liberos,
2131 2470 2188 2513 et
2209 2468 2405 2514 caetera
2441 2460 2802 2514 contemnet?

1954 2551 2318 2618 Quamobrem
2359 2550 2648 2612 admoneo,
2695 2559 2753 2604 ut
2801 2551 3062 2608 minimus
3095 2551 3262 2608 frater
3300 2568 3366 2608 ac
3402 2553 3467 2607 ll-

1885 2643 2028 2709 lius,
2092 2657 2433 2712 nequaquam
2491 2642 2768 2706 sileamus,
2802 2657 2872 2696 ne
2927 2643 3133 2696 clamor
3187 2644 3468 2698 Sodomo-

1886 2752 2008 2790 rum
2048 2736 2263 2800 simus;
2304 2749 2646 2803 nequaquam
2715 2733 2948 2788 terrenis
3005 2750 3330 2804 parcamus,
3398 2751 3468 2789 ne

1887 2824 2128 2879 coelestia
2189 2824 2548 2890 amittamus;
2615 2838 2956 2892 nequaquam
3012 2825 3329 2879 scandalum
3369 2827 3468 2880 de-

1887 2931 2009 2970 mus
2070 2914 2328 2971 Ecclesia:
2384 2915 2517 2980 Dei,
2594 2930 2756 2984 quam
2835 2914 2919 2969 vel
2975 2923 3086 2970 tres
3137 2916 3465 2980 orthodoxi,

1886 3017 2202 3064 sanctorum
2233 3006 2523 3073 sententia,
2556 3007 2935 3072 constituunt,
2982 3022 3052 3062 ne
3101 3007 3314 3060 Domini
3367 3008 3467 3062 de-

1890 3110 2039 3156 creto
2083 3100 2534 3154 condemnemur.
2569 3098 2759 3167 Neque
2811 3099 2927 3153 haec
2978 3114 3085 3170 ego
3137 3101 3302 3154 miser
3348 3116 3469 3154 mea

205 3197 412 3257 τάλας·
458 3195 582 3264 ἐμοὶ
611 3195 755 3266 γὰρ,
805 3197 854 3248 εί
895 3196 990 3249 καὶ
1035 3197 1307 3267 τολμηρὸν
1351 3200 1544 3264 εἰπεῖν,
1581 3200 1676 3251 καὶ
1732 3201 1786 3253 τὸ

1893 3205 2053 3246 causa
2077 3189 2201 3245 dico
2231 3207 2244 3243 :
2271 3189 2404 3243 mihi
2433 3188 2601 3249 enim,
2634 3189 2846 3243 tametsi
2897 3189 3073 3243 audax
3121 3189 3329 3245 dictum
3360 3203 3468 3256 est.

206 3287 505 3345 ἀποθανεῖν
556 3286 695 3357 ὑπὲρ
723 3289 823 3357 τῆς
863 3286 1122 3357 ἀληθείας
1164 3288 1353 3356 κέρδος
1386 3291 1480 3342 καὶ
1515 3291 1658 3361 χαρά
1698 3292 1791 3344 καὶ

209 3383 349 3450 ζωή.
407 3379 538 3448 Είγε
593 3378 977 3449 δυναμωθείην
1038 3382 1159 3444 ταῖς
1221 3382 1392 3451 ἱεραῖς
1464 3386 1792 3454 προσευχαῖς

209 3473 404 3542 ὑμῶν*
445 3471 583 3524 ἀλλά
627 3471 715 3525 διά
763 3471 861 3540 τὴν
902 3474 960 3524 ἐν
994 3475 1128 3542 ἡμῖν
1167 3475 1388 3544 ἀγάπην
1431 3475 1666 3545 ἀρχαίαν
1701 3477 1794 3528 καὶ

212 3563 619 3633 πνευματικὴν,
657 3562 754 3615 καὶ
777 3563 838 3616 τὸ
871 3566 1022 3634 κοινῇ
1053 3566 1355 3636 συμφέρον.
1387 3565 1449 3618 Εἰ
1482 3568 1589 3637 γὰρ
1611 3569 1639 3620 ό
1667 3567 1793 3632 Υἱὸς

210 3654 309 3708 τοῦ
355 3655 490 3708 Θεοῦ
533 3657 560 3710 6
590 3655 796 3726 Κύριος
846 3657 940 3708 καὶ
988 3657 1263 3722 Δεσπότης
1302 3658 1556 3712 ἁπάντων
1601 3661 1793 3714 ἑαυτὸν

212 3746 518 3816 ἀνήνεγκεν
547 3745 690 3816 ὑπὲρ
721 3745 941 3797 πάντων
964 3745 1043 3816 τῷ
1081 3746 1200 3817 Θεῷ
1231 3748 1326 3800 καὶ
1354 3750 1529 3822 Πατρὶ
1561 3750 1753 3806 Θυσίαν
1776 3768 1788 3782 ·

213 3838 266 3891 τί
295 3837 589 3907 ὀφείλομεν
623 3838 782 3906 ἡμεῖς
810 3876 823 3900 ,
875 3837 969 3888 καὶ
1017 3836 1183 3890 πόσον
1213 3840 1274 3891 οὑ
1309 3841 1691 3911 χρεωστοῦμεν
1724 3842 1793 3896 δι’

213 3932 383 3984 αὑτὸν
415 3930 605 3984 παθεῖν
636 3929 730 3982 καὶ
763 3930 1091 3997 ὑπομεῖναι;
1124 3933 1234 3985 Καί
1270 3950 1330 4002 γε
1374 3934 1424 3987 οί
1468 3935 1793 4003 μονάζοντες

217 4025 310 4077 καὶ
343 4027 410 4092 τῇ
441 4025 688 4092 ἀποταγῇ
716 4022 1120 4092 σταυρωθέντες
1140 4041 1154 4055 ·
1174 4025 1226 4078 οῖ
1252 4043 1314 4093 γε
1344 4027 1558 4094 ἀληθῶς
1581 4030 1670 4080 καὶ
1695 4029 1794 4082 οὐκ

215 4118 495 4186 ανονὴτως
543 4115 982 4184 ἀποταξάμενοι·
1035 4117 1161 4171 ἐπεὶ
1194 4118 1270 4190 μὴ
1301 4120 1411 4172 ἀπὸ
1451 4119 1544 4173 τοῦ
1593 4120 1793 4186 ἔξωθεν

217 4210 498 4278 σχήματος
535 4208 692 4279 μόνον
727 4206 840 4260 ἐστι
876 4208 1084 4278 κρίνειν
1131 4211 1197 4265 τά
1229 4211 1564 4298 πράγματα’
1607 4215 1794 4268 πολλοὶ

216 4303 327 4370 γὰρ
353 4302 400 4354 οί
429 4303 748 4370 προσωπεῖα
780 4300 1161 4371 ὑποδυόμενοι,
1213 4306 1306 4356 καὶ
1335 4305 1434 4358 οὐκ
1464 4304 1618 4368 ὄντες
1655 4308 1793 4378 ὅπερ

217 4393 502 4461 φαίνονται
523 4410 536 4424 ·
566 4392 682 4445 ἀλλ’
708 4395 772 4445 ὲκ
802 4391 908 4444 τῶν
935 4391 1114 4462 ἔργων
1143 4395 1384 4466 δηλονότι
1413 4395 1483 4448 τά
1513 4397 1788 4468 σχήματα.

217 4487 280 4539 El
307 4483 404 4538 οῦν
437 4486 661 4556 μοναχοί
689 4485 796 4538 είσί
825 4501 970 4548 τινες
1002 4489 1060 4540 ὲν
1083 4490 1198 4551 τοῖς
1227 4489 1320 4542 νῦν
1347 4492 1582 4561 καιροῖς,
1615 4489 1792 4555 δειξά-

1894 3283 1978 3338 vel
2015 3282 2152 3336 mori
2181 3297 2280 3352 pro
2317 3281 2543 3336 veritate
2585 3280 2820 3344 lucrum,
2871 3280 3129 3349 gaudium
3161 3291 3216 3336 et
3265 3283 3396 3348 vita,
3423 3284 3468 3338 si

1891 3375 2054 3428 modo
2092 3375 2259 3428 sacris
2285 3373 2538 3442 precibus
2570 3373 2764 3426 vestris
2788 3374 3080 3427 conlirmer
3099 3391 3112 3438 ;
3134 3374 3226 3426 sed
3246 3384 3470 3443 propter

1891 3476 2132 3522 veterem
2165 3467 2307 3520 inter
2337 3481 2436 3519 nos
2483 3465 2820 3534 spiritnaleni
2874 3465 3242 3528 dilectionem,
3284 3476 3339 3520 et
3374 3482 3471 3535 pro

1891 3557 2167 3612 communi
2223 3557 2471 3610 utilitate.
2503 3553 2718 3610 Etenim
2766 3555 2810 3608 si
2853 3554 2947 3609 Dei
2996 3553 3164 3608 Filius
3204 3555 3472 3612 Dominus

1892 3663 1956 3704 ac
1976 3649 2283 3702 dominator
2312 3648 2693 3701 universorum
2724 3647 2964 3716 seipsum
2992 3647 3192 3701 obtulit
3213 3663 3314 3716 pro
3347 3665 3467 3701 om-

1893 3738 2054 3791 nibus
2091 3736 2202 3790 Deo
2238 3745 2292 3790 et
2317 3735 2460 3790 Patri
2510 3736 2766 3800 hostium,
2789 3735 2921 3805 quid
2958 3735 3221 3790 debemus
3266 3751 3386 3800 nos,
3415 3743 3472 3791 et

1891 3839 2152 3898 quantum
2207 3844 2305 3898 pro
2331 3842 2396 3881 eo
2441 3829 2652 3897 perpeti
2696 3843 2759 3882 ac
2807 3827 3054 3898 perferre
3109 3843 3211 3882 nos
3252 3844 3469 3897 aequum

1893 3928 1996 3983 est,
2030 3919 2323 3973 monachos
2359 3920 2659 3988 prazsertim
2689 3928 2743 3972 et
2774 3919 3178 3972 renuntiatione
3209 3920 3322 3988 ipsa
3352 3937 3477 3974 cru-

1893 4011 2082 4065 ciﬁxns
2110 4009 2132 4064 '2
2181 4009 2224 4063 si
2258 4012 2419 4064 modo
2453 4025 2643 4064 revera
2685 4017 2740 4062 et
2782 4025 2890 4064 non
2948 4010 3220 4064 incassum
3264 4027 3470 4066 renun-

1894 4103 2190 4156 tiavimus:
2263 4099 2706 4170 quandoquidem
2757 4116 2868 4155 non
2910 4102 2977 4154 ab
3028 4112 3250 4156 externa
3295 4103 3469 4157 solum

1893 4192 2075 4262 Specie
2105 4191 2388 4259 diiudicari
2416 4207 2501 4244 res
2531 4191 2770 4255 debent;
2821 4191 2975 4245 multi
3021 4194 3165 4246 enim
3212 4209 3473 4262 personas

1893 4287 2148 4343 induunt.
2182 4299 2284 4337 nec
2315 4296 2439 4338 sunt
2499 4285 2548 4338 id
2590 4284 2734 4353 quod
2783 4283 3036 4338 videntur
3073 4300 3232 4341 esse:
3277 4287 3371 4340 sed
3401 4288 3473 4342 ab

1893 4377 2151 4448 operibus
2212 4375 2344 4444 ipsis
2382 4375 2594 4445 species
2647 4386 2892 4430 externa.
2935 4375 2990 4429 Si
3033 4392 3159 4447 ergo
3216 4380 3467 4434 monachi

1895 4471 1987 4524 ulli
2019 4477 2148 4524 sunt
2180 4469 2266 4522 his
2297 4469 2654 4537 temporibus,
2684 4467 2840 4520 factis
2871 4468 3180 4522 ostendant.
3216 4468 3468 4527 Monachi

215 4599 400 4635 τωσαν
425 4541 519 4634 ἐπὶ
552 4541 660 4634 τ’ων
705 4581 902 4650 ἔργων.
941 4541 1139 4651 ’ῖεργον
1166 4541 1222 4636 δὲ
1256 4541 1786 4657 μοναχοῦ,

1893 4573 2075 4618 autem
2097 4577 2296 4616 munus
2322 4569 2422 4625 est,
2459 4569 2515 4614 ut
2539 4575 2639 4614 nec
2669 4560 2942 4613 tantillum
2978 4560 3031 4612 in
3065 4560 3354 4632 Evangelio
3381 4563 3476 4616 in-

215 4675 380 4742 τυχὸν
410 4673 697 4742 ἀνέχεσθαι
726 4661 1184 4742 καινοτομείσθαί
1198 4675 1257 4728 τὸ
1291 4677 1627 4742 Εὑαγγέλιον
1649 4695 1662 4709 ·
1706 4678 1793 4730 ἵνα

219 4768 295 4836 μὴ
330 4766 638 4834 ὑπόδειγμα
692 4768 806 4828 τοῖς
851 4766 1063 4828 λαῖκοῖς
1103 4767 1484 4838 προτιθέμενοι
1527 4771 1794 4840 αἱρέσεως

218 4861 314 4913 καὶ
349 4859 632 4930 αῖρετικῆς
666 4859 1083 4926 συγκοινωνίας,
1127 4859 1227 4928 τῆς
1260 4861 1398 4931 ὑπὲρ
1423 4861 1602 4913 αὑτῶν
1639 4863 1794 4915 ἀπω-

221 4950 374 5011 λείας
409 4950 568 5017 λόγον
599 4949 860 5018 ύφέξωσι.
889 4949 1029 5004 Πολύ
1059 4967 1126 5020 με
1153 4950 1514 5021 ληρολογῆσαι
1541 4951 1638 5022 τὴν
1669 4952 1794 5005 ὑπό-

221 5041 372 5095 θεσιν
403 5043 436 5111 ὴ
457 5041 600 5111 ἄκρα
628 5041 1100 5112 ταπεινοφροσύνη
1126 5041 1224 5110 τῆς
1253 5042 1564 5113 ἁγιωσύνης
1596 5059 1690 5096 σου
1717 5043 1794 5106 ὡς

220 5133 489 5203 δεχομένη
532 5135 822 5204 πεποίηκε.
886 5134 957 5186 Σὺ
1004 5133 1082 5194 δὲ,
1129 5124 1174 5186 ὦ
1229 5134 1435 5204 Πάτερ,
1486 5133 1642 5204 εὑχου
1697 5135 1794 5189 καὶ

222 5227 530 5296 ὑπερεύχου
567 5225 706 5296 ὑπὲρ
757 5224 957 5296 σαθροῦ
1008 5226 1103 5278 καὶ
1135 5225 1464 5296 ἀμαρτωλοῦ
1491 5265 1505 5290 ,
1548 5225 1662 5279 ἀλλ’
1700 5223 1793 5279 οὖν

221 5316 456 5386 ἐραστοῦ
491 5332 584 5369 σου
615 5317 697 5370 ὅτι
745 5316 1002 5385 μάλιστα.
1044 5316 1102 5369 ὐ
1146 5317 1667 5387 συμφρουρούμενός
1705 5333 1795 5386 μοι

221 5408 486 5472 ὡσαύτως
544 5409 640 5464 καὶ
699 5409 1118 5479 προσαγορεύει,
1176 5412 1270 5463 καὶ
1319 5410 1497 5463 ὃέεταί
1546 5427 1638 5464 σου
1687 5410 1794 5462 τῶν

225 5499 467 5555 ίκεσιῶν.

613 5571 776 5625 M'.-—
789 5573 1140 5640 Ναυκρατίῳ
1170 5573 1379 5640 τέκνῳ.
1614 5570 1791 5643 [piat]

1895 4653 2083 4710 navari
2128 4654 2298 4718 sinat,
2329 4668 2398 4706 ne
2445 4653 2756 4720 exemplum
2794 4651 2946 4704 laicis
2992 4652 3262 4708 hatreseos
3306 4663 3469 4722 atque

1896 4744 2160 4798 hieretica:
2177 4742 2576 4798 communionis
2593 4742 2916 4810 praebentes,
2953 4742 3217 4796 rationem
3241 4744 3472 4800 reddant

1894 4839 1960 4892 de
1986 4838 2200 4890 illorum
2238 4834 2566 4904 perditione.
2603 4833 2852 4886 Pluribus
2881 4850 2968 4887 me
2995 4835 3204 4904 nugari,
3229 4844 3282 4890 et
3305 4852 3470 4908 argu-

1896 4937 2136 4982 mentum
2169 4929 2272 4981 hoc
2298 4925 2570 4996 persequi,
2605 4925 2778 4996 coegit
2810 4941 3021 4980 summa
3047 4927 3322 4982 humilitas
3345 4944 3470 4982 san-

1894 5021 2091 5075 clitatis
2127 5029 2252 5080 tuae,
2278 5026 2336 5070 ul.
2375 5032 2496 5086 quae
2549 5017 2603 5071 id
2633 5017 2858 5070 minime
2888 5018 3183 5086 improbat.
3231 5018 3314 5073 Tu
3344 5035 3471 5075 vero

1893 5129 2008 5175 ora,
2041 5113 2218 5175 Pater,
2252 5120 2308 5164 et
2338 5110 2629 5178 deprecare
2662 5111 3050 5179 proimbecillo
3080 5121 3133 5165 et
3164 5122 3468 5180 peccatore,

1903 5206 1997 5260 sed
2051 5204 2142 5272 qui
2179 5210 2231 5256 te
2265 5217 2453 5256 revera
2518 5202 2811 5272 plurimum
2878 5211 3043 5256 amat.
3107 5205 3472 5273 Concaptivus

1904 5309 2058 5348 meus
2095 5291 2344 5346 similiter
2366 5301 2421 5346 et
2449 5299 2500 5347 te
2534 5294 2752 5357 salutat,
2798 5301 2853 5346 et
2901 5308 3089 5363 preces
3157 5303 3276 5348 tuas
3303 5310 3472 5363 expo-

1903 5397 2028 5441 SCIl.

2353 5564 2825 5624 XL.—Naucratio
2854 5567 2983 5635 ﬁlio.

818 5664 1104 5726 Respondet
1131 5664 1189 5712 ad
1218 5663 1437 5725 quaedam
1462 5664 1766 5725 interrogata
1790 5677 1846 5713 ae
1878 5660 2132 5726 principue
2161 5657 2225 5706 de
2246 5657 2494 5721 baptismo
2516 5660 2885 5708 haereticorum.

293 5747 466 5800 Πάλιν
517 5746 679 5817 ἑτέρα
724 5765 808 5800 σοι
862 5750 1118 5821 φυλακὴ,
1173 5751 1360 5802 τέκνον
1414 5750 1795 5818 ἠγαπημένον,

229 5839 365 5893 ἀλλὰ
405 5839 500 5892 καὶ
541 5839 698 5894 πάλιν
732 5841 903 5910 στήλη
944 5843 1041 5911 μὲν
1072 5842 1180 5894 τῶν
1210 5841 1542 5912 δυσωνύμων
1588 5842 1793 5910 αἱρετι-

1976 5747 2123 5800 Alter
2145 5742 2240 5798 tibi
2282 5745 2478 5799 iterum
2508 5761 2712 5807 carcer,
2767 5747 2968 5800 dilecte
3000 5745 3070 5800 illi
3106 5763 3121 5813 ;
3163 5747 3257 5800 sed
3306 5756 3361 5801 et
3388 5747 3473 5802 in-

1907 5840 2082 5898 famiae
2107 5853 2294 5894 rursus
2343 5850 2471 5896 nota
2502 5839 2719 5897 infausti
2754 5840 2992 5896 nominis
3039 5840 3307 5897 haereticis
3334 5859 3348 5907 ;
3377 5842 3476 5897 tibi
