4158 6460
690 389 816 454 1051

1874 397 1935 462 S.
1965 393 2360 456 THEODORI
2403 396 2753 456 STUDITE

3814 395 3944 461 1052

688 522 818 560 vero
851 506 1250 560 incrementum
1290 507 1638 577 praemiorum
1673 507 2054 580 honorumque
2093 510 2258 564 caele-

2388 511 2474 563 ιῶν
2497 528 2512 544 ο
2549 513 2632 564 σοὶ
2657 511 2714 564 δέ
2749 510 3041 582 προσθήκη
3071 509 3253 564 ἄθλων
3279 526 3338 563 τε
3385 509 3479 564 καὶ
3517 509 3759 563 ἐπαίνων
3793 511 3944 578 οὖρα.

686 598 874 652 stium.
918 597 1179 664 Quocirca
1215 615 1314 668 pro
1364 600 1468 653 illis
1507 601 1726 669 quidem
1785 615 2002 670 gemere
2040 617 2103 655 ac
2142 601 2270 655 nere

690 689 824 743 mihi
851 690 1112 759 suppetit,
1151 706 1250 760 pro
1287 700 1339 745 te
1364 700 1544 745 autem
1576 693 1741 746 laetari
1773 703 1828 746 et
1858 693 2057 763 gratias
2085 709 2268 764 agere.

689 783 884 834 Annon
929 785 1207 851 acceptius
1253 783 1342 846 sil,
1374 793 1446 846 te,
1504 785 1694 838 iterata
1749 787 2018 850 custodia,
2066 785 2271 840 factum

690 889 817 926 esse
853 875 1000 928 velut
1025 891 1219 928 aurum
1251 876 1305 928 in
1335 875 1557 931 fornace
1590 877 1674 932 bis
1703 881 2100 948 expurgatnm?
2136 881 2274 951 Ergo

698 965 880 1019 ﬁrmas
908 967 1116 1022 radices
1147 983 1262 1037 age,
1293 984 1426 1036 puer
1470 980 1678 1033 sancte,
1708 981 1869 1040 teque
1919 973 2130 1027 auctori
2165 971 2275 1024 Do-

690 1056 839 1110 mino
893 1073 1088 1126 purum
1143 1067 1196 1112 et
1245 1061 1477 1128 probum
1533 1061 1588 1114 in
1632 1063 1885 1117 onmibns
1928 1063 2147 1126 exhibe,
2183 1081 2275 1120 vas

691 1146 822 1199 utile
853 1162 1094 1216 prorsus,
1119 1149 1186 1201 ad
1213 1164 1374 1203 omne
1413 1166 1550 1218 opus
1572 1150 1774 1205 bonum
1807 1163 2051 1222 paratus.
2083 1153 2275 1224 Magno

696 1239 878 1307 itaque
915 1239 995 1293 l‘er
1027 1242 1210 1294 animo
1240 1242 1524 1295 custodem
1563 1243 1792 1296 alterum
1815 1245 1906 1314 qui
1946 1245 2041 1298 tibi
2076 1256 2276 1316 preter

693 1344 902 1382 morem
934 1329 1092 1384 datus
1127 1341 1229 1385 est.
1268 1330 1385 1384 Non
1420 1333 1564 1386 enim
1591 1335 1942 1402 prmpositum
1980 1335 2064 1389 vel
2094 1351 2277 1392 sacer-

695 1421 880 1474 dotem
923 1422 1154 1476 dixerim
1186 1443 1198 1476 :
1240 1424 1506 1492 siquidem
1540 1425 1723 1478 nullus
1754 1424 1847 1479 Dei
1879 1426 2150 1490 minister,
2174 1428 2280 1481 sal-

698 1523 806 1566 tem
839 1515 1158 1579 monachus,
1188 1517 1516 1572 militaribus
1545 1517 1737 1572 oﬂiciis
1771 1518 2137 1581 ministraret,
2181 1519 2277 1574 sed

696 1619 873 1674 neque
902 1619 1023 1658 cum
1047 1606 1123 1659 sic
1153 1606 1496 1663 ministrante
1529 1609 1974 1665 communicaret.
2008 1610 2277 1665 Caeterum

696 1696 948 1750 renuntia
998 1697 1130 1750 mihi
1182 1699 1453 1766 quomodo
1504 1709 1554 1754 te
1587 1709 1778 1754 tractet
1813 1720 1823 1753 :
1855 1689 2278 1756 commodiorem

695 1788 841 1842 enim
873 1803 996 1844 esse
1037 1799 1190 1858 puto,
1218 1806 1380 1858 quam
1435 1791 1586 1859 prior
1627 1790 1749 1846 fuit.
1793 1791 1924 1845 Sive
1954 1802 2140 1846 autem
2175 1793 2278 1846 hoc

695 1881 858 1935 modo
887 1897 945 1936 se
976 1898 1062 1935 res
1107 1883 1291 1946 habet,
1339 1883 1453 1937 sive
1487 1883 1662 1948 aliter,
1708 1894 1763 1937 tu
1815 1894 2020 1949 tamen,
2073 1886 2146 1938 lili
2181 1885 2276 1949 mi,

695 1969 821 2025 forti
849 1972 923 2025 sis
954 1973 1169 2025 animo:
1203 1987 1323 2040 qua:
1359 1973 1536 2026 tristia
1568 1983 1718 2037 sunt,
1750 1973 1868 2043 spei
1892 1975 2051 2028 bona:
2080 1974 2278 2045 gaudio

695 2065 978 2119 allevans:
1012 2074 1066 2118 et
1097 2079 1162 2117 ex
1195 2064 1488 2117 solitudine
1550 2081 1804 2134 qtnerens
1850 2076 1905 2120 et
1952 2082 2280 2138 comparans

696 2157 793 2210 tibi
837 2156 1328 2225 aequanimitatem,
1360 2155 1489 2210 dum
1523 2157 1588 2210 ad
1643 2157 1812 2210 Deum
1863 2174 2055 2220 unum,
2103 2161 2195 2228 qui
2231 2174 2280 2214 te

697 2249 963 2312 intuetur,
996 2247 1184 2302 oculos
1213 2247 1564 2316 animumque
1585 2248 1858 2304 convertis
1883 2268 1894 2302 :
1919 2250 2280 2320 cogitationes

695 2341 987 2404 fui-furcas,
1017 2356 1137 2409 quae
1165 2356 1194 2393 a
1227 2341 1565 2394 zizaniorum
1622 2351 1805 2396 satore
1870 2343 2165 2397 identidem
2194 2345 2278 2396 in-

692 2430 983 2498 jiciuntur,
1036 2430 1344 2498 despiciens
1378 2446 1441 2483 ac
1485 2431 1798 2499 dispellens.
1841 2432 1973 2497 Qua:
2029 2445 2212 2487 autem
2251 2451 2280 2488 a

695 2539 782 2577 Ine
804 2523 1106 2592 postulasti,
1138 2532 1195 2576 ut
1222 2522 1289 2576 de
1315 2523 1609 2576 hznresibus
1640 2533 1692 2576 et
1713 2523 1994 2593 baptismis
2013 2528 2281 2597 sigillatim

697 2613 1114 2683 responderem;
1149 2630 1210 2667 ea
1233 2614 1476 2683 epistolae
1499 2615 1718 2668 modum
1746 2618 2022 2672 excedunt
2049 2637 2059 2671 :
2097 2636 2160 2673 ac
2190 2635 2284 2673 su-

697 2723 1094 2778 pervacaneum
1117 2717 1202 2762 est
1234 2724 1422 2760 rursus
1444 2724 1732 2764 recensere
1762 2727 1882 2780 qua:
1911 2714 2126 2767 divinus
2152 2714 2284 2783 Epi-

696 2799 930 2867 phanius
980 2797 1206 2861 invenit,
1265 2805 1426 2864 atque
1461 2797 1533 2849 ita
1564 2802 1894 2868 conscripsit
1920 2810 1979 2854 ut
2024 2818 2186 2857 nemo
2215 2820 2282 2856 ex

699 2887 948 2944 Patribus
979 2891 1193 2944 melius.
1238 2891 1378 2962 Lege
1426 2892 1594 2963 igitur
1624 2908 1839 2945 sacrum
1887 2893 1954 2946 de
2006 2894 2123 2948 istis
2164 2896 2284 2964 ejus

701 2983 922 3045 librum,
968 2993 1019 3036 et
1074 2999 1196 3052 quae
1245 2985 1388 3038 scire
1449 2985 1749 3047 desideras,
1806 2985 1915 3039 illic
1967 3002 2282 3056 cognosces.

703 3074 862 3130 Hunc
899 3083 1084 3130 autem
1113 3076 1210 3130 tibi
1241 3076 1296 3130 in
1341 3093 1538 3132 manus
1570 3078 1749 3134 tradct
1795 3079 2047 3151 egregius
2074 3079 2284 3149 Eupre-

703 3168 920 3238 pianus.

778 3261 851 3314 De
877 3260 1162 3331 baptismis
1215 3277 1380 3330 porro
1428 3261 1651 3315 brevius
1705 3264 2066 3332 respondebo.
2106 3265 2275 3319 Trifa-

706 3353 840 3405 riam
876 3355 991 3408 haec
1020 3355 1410 3408 commentatio
1443 3353 1727 3408 dividitur.
1765 3355 2284 3423 Baptizanturcnim

710 3444 1089 3510 Marcionistm,
1113 3445 1538 3518 Tascodrugitaa,
1574 3445 1879 3508 Maniclnei,
1909 3457 1964 3500 et
2002 3449 2093 3516 qui
2139 3450 2288 3517 ejus-

706 3538 830 3591 dem
857 3537 1062 3591 ordinis
1099 3553 1268 3607 usque
1299 3538 1375 3591 ad'
1417 3538 1997 3602 Mclchisedechianos,
2051 3538 2288 3594 hereses

707 3645 938 3683 numero
988 3630 1175 3700 viginti
1205 3631 1466 3700 quinque.
1513 3629 1854 3701 lnunguntur
1907 3641 2091 3685 autem
2130 3647 2288 3686 sacro

707 3719 1006 3772 chrismate
1043 3719 1656 3785 Tessarescaedecatitaz,
1718 3720 2024 3785 Novatiani,
2076 3721 2286 3788 Ariani,

708 3808 1105 3873 Macedoniani,
1162 3808 1567 3879 Apolinaristte,
1630 3811 1792 3864 simul
1865 3812 2128 3881 quinque.
2187 3813 2290 3878 Qui

707 3915 838 3953 vero
867 3915 1043 3968 neque
1068 3898 1429 3969 haptizantur,
1467 3917 1642 3971 neque
1683 3903 2042 3973 inunguntur,
2070 3903 2164 3957 sed
2198 3920 2289 3958 so-

709 3992 984 4046 lummodo
1005 3993 1254 4046 haeresim
1281 4004 1392 4047 tnrn
1424 3995 1720 4064 propriam,
1753 4007 1864 4050 tum
1889 4014 2109 4052 omnem
2129 4000 2290 4053 aliam

708 4085 1188 4150 anathematizant,
1251 4085 1540 4152 llleletiani,
1605 4085 1936 4154 Nestoriani,
1991 4090 2294 4162 Eutychia-

709 4178 885 4242 nistm,
917 4188 972 4230 et
998 4177 1112 4246 qui,
1142 4193 1311 4246 usque
1341 4176 1407 4230 ad
1438 4179 1687 4232 haeresim
1711 4195 1832 4248 quae
1867 4179 1990 4234 istic
2020 4191 2126 4245 est,
2163 4190 2293 4236 sunt

707 4269 920 4322 ordinis
965 4269 1229 4337 ejusdem,
1285 4268 1428 4322 haud
1487 4271 1759 4324 numerati
1818 4287 1846 4325 a
1877 4288 1962 4326 me
2003 4272 2185 4338 modo,
2228 4290 2295 4328 eo

708 4361 852 4430 quod
885 4361 1141 4430 Acephali
1186 4363 1295 4416 sint
1342 4361 1692 4431 multiplices,
1747 4371 1860 4416 tum
1891 4365 2054 4418 etiam
2100 4381 2168 4421 ne
2195 4382 2294 4420 ex-

709 4453 1188 4521 crescatepistola.
1220 4452 1374 4518 Quod
1412 4463 1595 4508 autem
1638 4454 1846 4519 dixisti,
1881 4471 2150 4510 canonem
2190 4456 2292 4510 mi-

2372 603 2520 656 νίων.
2567 604 2667 656 Διά
2713 601 2875 655 τοῦτο
2913 602 3054 673 ὑπὲρ
3090 602 3193 673 μιν
3227 603 3454 655 ἐκείνων
3502 602 3563 655 τὸ
3616 602 3828 655 στένειν
3869 619 3949 671 μοι

2373 695 2466 746 καὶ
2498 693 2788 764 δακρύειν
2836 695 2977 765 ὑπὲρ
3019 694 3074 746 δέ
3109 693 3230 756 σοῦ,
3259 693 3320 746 τὸ
3354 692 3570 764 χαίρειν
3605 695 3700 746 καὶ
3739 694 3952 762 εὐχαρι-

2375 785 2541 836 στεῖν.
2579 785 2645 835 Ἢ
2695 783 2816 853 οὑχὶ
2867 783 3235 853 δοκιμώτερόν
3285 783 3402 836 ἐστί
3463 800 3522 836 σε
3570 782 3835 849 γενέσθαι
3891 785 3952 851 τῇ

2377 875 2815 944 μεταφρουρήσει
2837 914 2851 938 ,
2901 874 3155 943 καθάπερ
3183 873 3386 944 χρυσὸν
3411 872 3818 942 διπυρούμενον
3858 872 3955 924 ὑπὸ

2376 968 2638 1038 χωνείαςς
2670 967 3041 1039 Ευριζωθείης
3076 965 3191 1034 οὖν,
3223 963 3266 1022 ὦ
3296 969 3408 1039 ίερέ
3449 970 3582 1032 παῖ,
3614 969 3709 1021 xai.
3736 968 3956 1036 οφθείης

2375 1057 2452 1127 τῷ
2480 1059 2724 1128 Δεσπότῃ
2757 1058 2949 1130 Κυρίῳ
2984 1060 3042 1112 ἐν
3079 1062 3212 1112 πᾶσι
3243 1059 3484 1128 καθαρὸς
3512 1059 3606 1110 καὶ
3643 1057 3955 1128 ἀκίϐδηλος,

2379 1150 2572 1213 σκεῦος
2622 1151 2790 1215 δντως
2826 1150 3146 1222 εῠχρηστον,
3200 1150 3642 1222 κατηρτισμένος
3674 1152 3815 1220 πρὸς
3855 1151 3957 1202 πᾶν

2378 1243 2538 1313 ἔργον
2576 1243 2802 1310 ἀγαθόν.
2843 1245 2979 1314 Φέρε
3025 1240 3120 1296 οὖν
3163 1244 3518 1314 μακροθυμίᾳ
3555 1243 3615 1295 τὸ
3657 1242 3830 1312 ἄηθες
3870 1242 3957 1294 τοῦ

2377 1336 2630 1407 δευτέρου
2679 1336 2917 1406 φύλακός
2971 1354 3064 1388 σου
3089 1351 3105 1366 ο
3136 1338 3196 1389 οὐ
3231 1337 3340 1406 γὰρ
3371 1335 3702 1405 ἡγουμένου,
3731 1333 3854 1386 οὐδὲ
3895 1336 3960 1385 ἱε-

2381 1430 2520 1499 ρέως
2569 1429 2825 1499 λέγοιμιο
2881 1429 3058 1493 οὐδεὶς
3100 1430 3209 1502 γάρ
3241 1428 3376 1482 Θεοῦ
3407 1428 3726 1498 λειτουργὸς
3766 1427 3864 1478 καί
3903 1443 3962 1491 γε

2384 1521 2680 1591 μοναστὴς,
2717 1523 3131 1592 στρατιωτικοῖς
3159 1521 3342 1592 ἔργοις
3373 1521 3802 1590 ὑπουργήσειεν,
3832 1520 3966 1570 ἀλλὰ

2384 1614 2490 1686 μὴν
2531 1614 2649 1667 οὐδὲ
2680 1614 2758 1684 τῷ
2788 1613 2962 1677 οὕτως
2997 1613 3367 1683 ὑπουργοῦντι
3398 1615 3774 1682 κοινωνήσειε.
3820 1611 3965 1678 Πλὴν

2381 1705 2620 1775 δήλωσον
2650 1723 2740 1774 μοι
2765 1707 2914 1768 ὅπως
2945 1722 3004 1758 σε
3030 1707 3243 1775 κρατεῖ.
3265 1704 3418 1757 Δοκῶ
3435 1704 3544 1775 γὰρ
3561 1703 3968 1774 διαφορώτερον

2384 1793 2523 1850 εἶναι
2555 1796 2647 1849 τοῦ
2679 1797 2972 1868 προτέρου.
2994 1797 3135 1850 Ἀλλ’
3162 1797 3213 1849 ετ
3243 1812 3304 1864 γε
3340 1794 3535 1859 οὕτως,
3567 1795 3599 1864 ἢ
3629 1795 3870 1864 ἑτέρως’
3907 1796 3966 1846 σὺ

2381 1890 2435 1942 δὲ
2466 1888 2847 1957 ὅμως,τέκνον
2881 1905 3004 1958 μου,
3032 1887 3192 1957 στῆθι
3228 1886 3525 1955 γενναίως·
3559 1885 3882 1954 εὖμαρίζων
3906 1886 3969 1936 τὰ

2381 1971 2619 2048 λυπηρά
2641 1981 2706 2048 τῇ
2742 1978 2850 2030 τῶν
2893 1978 3124 2031 ἐλπίδων
3160 1977 3519 2048 περιχαρεία,
3555 1976 3650 2028 καὶ
3680 1973 3972 2026 κατακτὼο

2386 2086 2546 2138 μενος
2590 2068 2770 2138 ἐαυτῷ
2814 2069 2912 2138 τὴν
2962 2069 3217 2138 μόνωσιν,
3265 2065 3535 2128 ἀπαθείας
3581 2064 3841 2135 εὕρεσιν·
3885 2063 3970 2115 διὰ

2383 2164 2479 2232 τῆς
2512 2165 2605 2214 ἐπὶ
2651 2163 2810 2231 μόνον
2841 2163 2933 2214 τὸν
2965 2161 3180 2230 ὀρῶντά
3232 2176 3290 2211 σε
3338 2158 3471 2211 Θεὸν
3514 2155 3876 2224 ἀποδλέψεώς
3913 2170 3970 2206 τε

2385 2256 2481 2308 xai.
2522 2255 2792 2323 σχέσεως·
2841 2253 3182 2315 σκυδαλίζων
3212 2253 3306 2305 καὶ
3339 2251 3608 2321 λικμίζων
3631 2250 3758 2311 τοὺς
3782 2250 3970 2300 ἐπεισ-

2384 2347 2688 2416 αγομένους
2723 2346 3022 2417 ἀχυρώδεις
3051 2344 3346 2414 λογισμοὺς
3377 2343 3529 2412 παρά
3559 2341 3653 2394 τοῦ
3684 2339 3797 2392 τῶν
3819 2339 3971 2404 ζιζα-

2385 2439 2513 2492 νίων
2550 2438 2799 2508 σπορέως
2835 2439 3119 2491 ἑκάστοτε.
3155 2439 3221 2489 Ἀ
3254 2436 3312 2488 δέ
3361 2435 3708 2504 ἐπεζήτησας
3741 2435 3970 2500 ἀποκρι-

2388 2531 2544 2600 θῆναί
2593 2548 2659 2600 με
2708 2529 2837 2600 περί
2883 2547 2943 2582 τε
2991 2530 3100 2582 τῶν
3143 2529 3411 2598 αἱρέσεων
3442 2529 3536 2580 καὶ
3571 2525 3970 2596 βαπτισμϋων

2387 2621 2510 2674 κατ’
2542 2621 2692 2684 ἔπος,
2731 2619 3026 2688 ἐπιστολῆς
3053 2619 3380 2688 ὑπερϐαίνει
3411 2615 3611 2686 μέτρον
3632 2632 3644 2643 ”
3685 2615 3785 2666 καὶ
3809 2611 3971 2665 πάλιν

2389 2719 2791 2790 περιττολογεῖν
2819 2718 2932 2770 ἔστι
2963 2717 3136 2769 ταῦτα
3181 2713 3538 2783 ἀφηγεῖσθαι,
3570 2710 3604 2763 ἀ
3635 2711 3664 2762 ὁ
3708 2707 3973 2777 θεοφόρος

2400 2811 2713 2878 Ἐπιφάνιος
2741 2807 2929 2877 ἐξεῦρε
2966 2804 3060 2859 καὶ
3084 2804 3375 2874 διέγραψεν
3412 2800 3487 2877 ᾡς
3517 2799 3690 2862 οὐδεὶς
3716 2797 3828 2850 τῶν
3861 2797 3974 2849 [Ια-

2385 2906 2584 2974 τὲρων.
2628 2901 2855 2969 Ἐντυχε
2902 2899 2995 2952 οὖν
3023 2901 3088 2968 τῇ
3123 2897 3254 2968 περὶ
3309 2895 3491 2948 αὐτῶν
3533 2893 3655 2962 ἱερᾷ
3691 2888 3860 2943 αὐτοῦ
3901 2887 3976 2958 βί-

2389 2997 2521 3067 ϐλῳ,
2561 2997 2784 3048 κάκεῖσε
2827 2992 3189 3061 διαγνώσειας
3219 2989 3256 3044 θ.
3286 2988 3478 3058 μαθεῖν
3519 2986 3756 3054 ἐφίεσαι.
3791 2981 3977 3053 Παρὰ·

2392 3106 2510 3160 σχοι
2537 3089 2592 3142 δέ
2628 3089 2799 3157 αὐτὴν
2831 3089 2888 3138 ἐν
2924 3087 3082 3156 χερσί
3115 3100 3208 3136 σου
3239 3084 3267 3135 ὁ
3296 3081 3456 3144 καλὸς
3489 3075 3898 3149 Εὑπρεπιανός.

2461 3264 2535 3316 Τὸ
2561 3264 2618 3316 δέ
2647 3265 2756 3314 τῶν
2789 3259 3208 3331 βαπτιζομένων
3241 3255 3653 3327 συντομώτερον
3674 3252 3978 3324 ἀποκριθή-

2391 3373 2578 3426 σομαι.
2638 3354 2811 3424 Τριχῇ
2857 3352 3109 3422 διῄρηται
3155 3351 3216 3402 τὸ
3273 3347 3563 3417 θεώρημα.
3610 3344 3977 3408 Βαπτίςονται

2391 3447 2490 3515 μὲν
2520 3444 2629 3515 γὰρ
2659 3441 3081 3512 Μαρκιονισταὶ,
3140 3436 3611 3508 Τασκορδιουργοὶ
3651 3437 3751 3503 (ι),
3802 3436 3976 3488 Μανι-

2389 3539 2532 3606 χαϊοι
2556 3551 2569 3566 ·
2605 3536 2700 3589 καὶ
2745 3535 2792 3586 oi
2830 3532 3106 3601 σύστοιχοι
3137 3529 3319 3583 αὐτῶν
3346 3528 3484 3595 ὁμοῦ
3515 3528 3618 3589 ἓως
3643 3526 3752 3578 τῶν
3780 3526 3980 3595 Μελχι-

2392 3626 2716 3689 σεδεκιτῶν,
2769 3626 3010 3695 αἱρέσεις
3061 3624 3236 3675 είκοσι
3281 3619 3462 3673 πέντε.
3506 3618 3768 3688 Χρίονται
3808 3618 3866 3670 δὲ
3905 3617 3980 3688 τῷ

2391 3721 2531 3789 ἁγίῳ
2593 3719 2752 3790 μύρῳ
2826 3715 3534 3786 Τεσσαρεσκαιδεκατῖται,
3601 3712 3976 3776 Ναυατιανοὶ,

2404 3812 2677 3882 ’Δρειανοὶ
2709 3849 2724 3873 ,
2775 3809 3209 3873 Μακεδονιανοὶ,
3253 3805 3772 3875 Ἀπολιναριασταὶ,
3839 3807 3975 3874 ὁμου

2393 3904 2576 3957 πέντε.
2624 3903 2689 3955 Οἱ
2733 3901 2790 3954 δὲ
2824 3902 2962 3970 μήτε
3015 3900 3445 3971 βαπτιζόμενοι,
3485 3897 3627 3966 μήτε
3673 3897 3976 3968 χριόμενοι,

2394 3996 2530 4050 ἀλλά
2578 3993 2738 4063 μόνον
2790 3990 3288 4061 ἀναθεματίζοντες
3333 3991 3431 4060 τὴν
3469 3988 3604 4041 ἰδίαν
3654 3987 3750 4038 καὶ
3799 3989 3978 4039 πᾶσαν

2393 4089 2562 4158 ἀλλην
2585 4087 2821 4158 αἵρεσιν,
2849 4083 3196 4148 Μελετιανοὶ,
3246 4083 3619 4153 Νεστοριανοὶ,
3655 4081 3977 4150 Εὐτυχιανι-

2396 4183 2541 4245 cui,
2571 4182 2664 4234 καὶ
2687 4181 2736 4232 οἱ
2763 4179 2968 4232 τούτων
3000 4178 3332 4246 ὁμόστοιχοι,
3370 4178 3536 4247 μέχρι
3571 4175 3671 4244 τῆς
3700 4172 3864 4242 δεῦρο
3896 4175 3976 4226 αἱ-

2399 4271 2622 4343 ρέσεως,
2657 4269 2734 4338 τῷ
2763 4267 2978 4339 ἀριθμῷ
3005 4268 3103 4337 οὐχ
3151 4265 3579 4334 ὑποϐαλλόμενοί
3619 4281 3708 4334 μοι
3736 4264 3878 4315 κατά
3917 4264 3976 4316 τὸ

2395 4364 2606 4432 παρόν·
2651 4361 2741 4413 διὰ
2773 4362 2834 4414 τὸ
2875 4359 3193 4428 πολυσχιδὲς
3242 4358 3349 4410 τῶν
3407 4358 3745 4427 Ἀκεφάλων,
3788 4356 3882 4409 καὶ
3922 4358 3978 4408 τὸ

2398 4452 2690 4524 ὑπερτενὶς
2737 4451 2834 4520 τῆς
2881 4448 3192 4517 ἐπιστολῆς.
3232 4448 3305 4500 Τὸ
3350 4447 3406 4500 δέ
3456 4449 3739 4518 εἰρηκέναι
3772 4463 3860 4510 σε,
3908 4447 3979 4515 μὴ

711 4545 856 4600 nime
883 4546 1235 4615 distinguere,
1290 4546 1382 4599 sed
1435 4546 1715 4602 deﬁnitive
1772 4551 2150 4618 pronuntiare,
2198 4565 2285 4604 eos

2400 4515 2672 4617 διακρῖναι
2699 4515 2802 4598 τὸν⁷
2819 4544 3040 4606 κανόνα,
3079 4515 3192 4600 ἀλλ’
3219 4515 3524 4612 ὁριστικώς⁷
3543 4515 3837 4608 ἀποφάναι,
3857 4539 3978 4600 τοὺς

711 4637 803 4705 qui
831 4637 898 4691 ab
925 4637 1192 4691 haereticis
1219 4637 1449 4692 ordinati
1481 4645 1574 4691 aut
1597 4639 1852 4707 baptizati
1883 4648 2030 4703 sunt,
2052 4655 2154 4694 nec
2178 4639 2290 4694 cle-

712 4729 853 4782 ricos
882 4744 1000 4783 esse
1028 4745 1209 4798 posse,
1241 4744 1344 4783 nec
1375 4729 1558 4784 ﬁdeles
1590 4746 1603 4783 :
1638 4730 1768 4785 illud
1792 4731 1964 4800 cogita
1991 4731 2135 4800 quod
2161 4747 2294 4801 apo-

713 4821 936 4876 stolicus
965 4836 1138 4876 canon
1185 4822 1470 4877 haereticos
1515 4822 1635 4877 illos
1681 4823 1834 4884 dicit,
1865 4823 1956 4892 qui
1985 4825 2036 4876 in
2068 4825 2290 4879 nomine

714 4913 888 4968 Patris
927 4923 982 4968 et
1012 4911 1134 4966 Filii
1169 4924 1222 4968 et
1254 4912 1492 4983 Spiritus
1527 4913 1701 4968 sancti
1746 4929 1852 4968 non
1880 4923 2008 4968 sunt
2030 4915 2288 4983 baptizati

715 5021 818 5060 nec
872 5005 1165 5074 baptizant.
1222 5003 1372 5058 lstud
1414 5018 1575 5073 porro
1622 5005 1803 5075 magni
1847 5021 2063 5075 quoque
2105 5004 2290 5060 Basilii

716 5113 849 5152 voce
879 5098 1064 5154 divina
1103 5098 1386 5153 docemur.
1429 5097 1519 5150 Ait
1574 5097 1720 5152 enim
1753 5098 1987 5152 haereses
2016 5113 2140 5152 esse
2193 5112 2287 5151 eas

715 5206 837 5261 qua:
866 5193 1084 5261 penitus
1139 5191 1385 5260 abruptae
1425 5200 1572 5254 sunt,
1626 5199 1682 5244 et
1730 5190 1874 5244 circa
1915 5189 2087 5260 ipsam
2129 5190 2289 5244 ﬁdem

717 5283 1005 5340 alienatae:
1047 5284 1338 5338 schismata
1380 5298 1533 5342 vero.
1586 5297 1681 5336 eos
1712 5282 1802 5350 qui
1832 5290 2055 5351 propter
2103 5297 2298 5336 causas

716 5375 926 5445 aliquas
956 5375 1351 5429 ecclesiasticas
1386 5382 1440 5428 et
1488 5373 1818 5442 quaestiones
1863 5373 2063 5441 quibus
2115 5389 2295 5427 reme-

719 5469 868 5521 dium
913 5467 1159 5523 adhiberi
1193 5475 1391 5538 potest,
1422 5466 1567 5520 inter
1603 5481 1661 5520 se
1689 5465 1994 5520 dissident:
2021 5481 2288 5535 parasyn-

718 5574 913 5631 agogas
981 5569 1204 5625 autem,
1258 5557 1705 5629 congregationes
1761 5572 1880 5625 qua!
1937 5574 1966 5608 a
2008 5566 2294 5610 contmna-

2401 4639 2508 4692 ἀπὸ
2560 4636 2853 4708 αίρετικῶν
2905 4631 3406 4703 χειροτονηθέντας,
3467 4631 3498 4701 ἢ
3555 4630 3978 4699 βαπτισθέντας,

2400 4728 2523 4782 οὔτε
2560 4725 2856 4795 κληρικοὺς
2883 4719 3023 4775 εἶναι
3069 4721 3293 4775 δυνατὸν
3314 4762 3328 4784 ,
3358 4720 3481 4774 οὔτε
3521 4720 3770 4783 πιστούς·
3806 4722 3980 4771 ἐκεῖνο

2399 4821 2615 4889 λογίζου
2637 4835 2651 4850 ο
2687 4820 2770 4871 ὅτι
2800 4817 3112 4887 αἱρετικοὺς
3149 4819 3176 4869 ὁ
3208 4815 3572 4877 ἀποστολικδς
3603 4811 3787 4866 κανὼν
3835 4811 3979 4864 ἐκεί-

2400 4929 2525 4974 νους
2551 4912 2682 4978 ἔφη,
2725 4911 2851 4972 τοὺς
2904 4908 2978 4978 μὴ
3013 4909 3090 4968 εἰς
3122 4907 3296 4977 ὄνομα
3332 4906 3544 4977 Πατρὸς
3586 4905 3680 4958 καὶ
3718 4903 3849 4956 Υίοῦ
3890 4902 3981 4956 καὶ

2392 5004 2549 5072 ἁγίου
2605 5001 2920 5071 Πνεύματος
2985 4999 3382 5070 βαπτισθέντας
3441 4999 3536 5049 καὶ
3595 4996 3976 5066 βαπτίζοντας.

2393 5095 2504 5147 Καὶ
2544 5093 2701 5144 τοῦτο
2749 5093 2813 5142 ἐκ
2863 5091 3014 5154 θείας
3061 5091 3244 5159 φωνῆς
3293 5088 3386 5142 τοῦ
3422 5088 3660 5158 μεγάλου
3693 5087 3977 5140 Βασιλείου

2391 5185 2776 5254 διδασκόμεθα.
2818 5186 2956 5254 Φησὶ
2991 5185 3118 5254 γὰρ,
3157 5184 3402 5252 αἱρέσεις
3435 5183 3535 5250 μὲν
3566 5183 3664 5243 τὰς
3696 5179 3978 5241 παντελῶς

2393 5277 2844 5349 ἀπερρηγμένας,
2905 5277 2999 5328 καὶ
3055 5275 3173 5328 κατ’
3220 5274 3390 5343 αὐτὴν
3436 5275 3534 5344 τὴν
3587 5272 3775 5324 πίστιν
3827 5271 3979 5340 ἠλλο-

2395 5371 2706 5441 τριωμένας
2731 5387 2744 5399 '
2791 5369 3066 5438 σχίσματα
3112 5369 3168 5420 δὲ
3201 5368 3329 5428 τοὺς
3374 5367 3442 5419 δι’
3484 5366 3662 5427 αἰτίας
3695 5364 3849 5427 τινας
3886 5367 3978 5417 ἐκ·

2403 5463 2797 5534 κλητιαστικάς
2830 5463 2923 5514 καὶ
2967 5462 3259 5530 ζητήματα
3300 5458 3493 5527 ἰάσιμα
3529 5458 3666 5526 πρὸς
3713 5456 3979 5524 ἀλλήλους

2404 5554 2775 5624 διενεχθέντας
2798 5570 2810 5583 ⁸
2845 5550 3324 5625 παρασυναγωγας
3361 5550 3441 5615 δὲ,
3468 5549 3567 5614 τὰς
3605 5549 3858 5616 συνάξεις
3885 5545 3979 5607 τὰς

2227 5718 2458 5774 ΝΟΤᾹΣ.

806 5835 883 5902 (Ι)
924 5835 1079 5906 Apud
1113 5835 1501 5908 Epiphanium,
1542 5834 1732 5892 hat-esi
1766 5835 1853 5900 -ΓΙ,
1902 5835 2387 5904 τασκοδρονγῖται.
