4158 6510
266 461 408 528 1053

1481 471 2019 534 EPISTOLARUM
2041 476 2187 538 LIB.
2231 479 2278 539 Ι.

3358 484 3492 550 1054

260 579 419 650 παρὰ
448 578 557 632 τῶν
592 577 982 634 ἀνυποτάκτων
1013 581 1399 652 πρεσϐυτέρων
1436 583 1468 653 ἢ
1497 584 1830 644 ἐπισκόπων,

1942 587 2087 639 cibus
2111 587 2437 658 presbyteris
2469 587 2550 643 vel
2575 588 2864 660 episcopis,
2906 591 2991 646 vel
3017 608 3046 647 a
3080 595 3289 665 populis
3321 596 3497 665 impe-

257 674 414 744 παρὰ
446 673 554 726 τῶν
579 673 922 726 ἀπαιδεύτων
954 673 1099 726 λαῶν
1129 676 1422 742 γινομένας
1475 678 1582 730 Καὶ
1615 678 1705 730 τοῦ
1735 679 1833 748 μὲν

259 762 481 835 πρώτου
513 763 674 827 αὑτὸς
702 764 980 834 ἐπιφέρων
1008 763 1066 816 ἓν
1113 765 1486 836 παράδειγμα,
1526 767 1659 836 φησὶ
1697 768 1834 836 πρὸς

259 855 352 906 τὸν
381 855 535 920 ᾰγιον
572 853 945 923 Ἀμφιλόχιον·
983 873 1000 905 ι
1035 857 1170 908 Τίνα
1194 852 1286 909 οὖν
1316 857 1474 923 λόγον
1508 857 1617 926 ἔχει
1643 859 1703 910 τὸ
1727 860 1833 911 τῶν

261 943 630 1012 Πεπουζηνῶν
663 944 946 1015 βάπτισμα
970 947 1290 1016 ἐγκριθῆναι
1325 948 1431 1000 τῶν
1462 948 1832 1013 βαπτιξόντων

257 1036 342 1097 είς
375 1036 595 1106 Πατέρα
643 1038 736 1090 καὶ
771 1037 899 1090 Υίὸν
946 1041 1041 1091 καὶ
1072 1040 1348 1093 Μοντανὸν
1386 1041 1417 1111 ἢ
1467 1040 1829 1109 Πρίσκιλλαν;

258 1128 336 1179 Οὑ
380 1126 490 1198 γὰρ
522 1127 933 1197 ἐϐαπτίσθησαν
974 1130 1024 1181 οί
1074 1131 1155 1194 είς
1197 1133 1264 1184 τὰ
1301 1132 1376 1200 μὴ
1405 1132 1664 1202 δεδομένα
1698 1133 1830 1202 ἡμῖν

261 1216 679 1286 βαπτισθέντες.
721 1239 740 1272 ι
781 1220 1015 1285 Τούτους
1045 1216 1138 1275 οὖν
1179 1223 1272 1275 καὶ
1302 1224 1426 1286 τοὺς
1457 1224 1578 1277 κατ’
1605 1224 1826 1289 αὐτοὺς,

256 1310 289 1361 ὁ
312 1309 491 1363 κανὼν
514 1313 608 1364 καὶ
637 1313 686 1364 οἱ
710 1312 975 1383 Πατέρες.
1009 1313 1083 1378 ὥς
1113 1332 1278 1384 φησιν
1297 1315 1326 1367 δ
1355 1314 1497 1379 Θεῖος
1527 1316 1827 1382 Βασίλειος,

257 1402 578 1471 αἱρετικοὺς
609 1401 919 1473 ώνόμασαν.
950 1404 1058 1458 Τοῦ
1102 1405 1158 1458 δέ
1187 1406 1438 1476 δευτέρου
1484 1408 1830 1476 παράδειγμα

259 1490 425 1544 πάλιν
465 1493 630 1563 φησὶν
679 1496 708 1546 ὁ
758 1492 914 1559 ἅγιος
946 1494 1265 1559 Βασίλειος·
1300 1514 1319 1547 ι
1357 1498 1419 1550 Οί
1451 1497 1696 1569 Καθαροὶ
1736 1500 1830 1552 καὶ

259 1583 417 1636 αὑτοὶ
441 1584 550 1636 τῶν
573 1585 992 1657 άπεσχισμένων
1017 1588 1178 1645 είσίν.
1214 1607 1233 1640 ι

332 1677 394 1728 Ei
425 1675 483 1730 δὲ
513 1676 702 1748 φαίης·
739 1679 847 1732 Καὶ
877 1679 994 1743 πῶς
1024 1680 1272 1748 λέγονται
1313 1682 1580 1752 αίρετικοὶ
1615 1683 1708 1736 καὶ
1739 1677 1829 1736 οὗ·

257 1783 342 1819 τοι
393 1767 488 1819 καὶ
522 1768 722 1833 πάντες
755 1771 804 1822 οἱ
859 1771 1341 1844 μεταγενέστεροι;
1396 1775 1554 1828 τοῦτο
1597 1777 1830 1848 λέγομεν

1939 678 2056 732 ritis
2101 679 2252 733 ﬁunt.
2308 682 2383 734 Ac
2432 681 2586 750 primi
2635 683 2852 751 quidem
2921 687 3138 754 generls
3183 689 3492 757 exemplum

1937 787 2104 824 unum
2166 773 2281 840 ipse
2345 772 2605 838 atl‘erens,
2652 774 2716 828 ad
2769 786 3014 830 sanctum
3059 779 3496 847 Amphilochium

1935 861 2123 916 scribit
2146 863 2223 916 “z
2274 883 2291 913 ι
2331 863 2587 928 Quaenam
2649 865 2811 935 igitur
2855 867 2992 921 ratio
3018 877 3102 921 est
3132 879 3190 922 ut
3245 869 3492 937 Pepuze-

1934 969 2128 1008 norum
2172 955 2439 1024 baptisma
2463 972 2583 1011 esse
2641 957 2934 1026 iudicetur,
2985 959 3074 1028 qui
3129 960 3406 1029 haptizant
3440 961 3495 1014 in

1936 1044 2171 1107 Patrem,
2217 1054 2271 1097 et
2310 1044 2523 1108 Filium,
2562 1055 2617 1098 et
2676 1045 2987 1100 Montanum
3029 1048 3109 1101 vel
3158 1047 3499 1102 Priscillam?

1932 1133 2120 1204 Neque
2165 1135 2309 1189 enim
2345 1135 2599 1204 baptizati
2632 1147 2779 1198 sunt,
2813 1138 2905 1205 qui
2959 1139 3012 1191 in
3048 1154 3110 1192 ea
3170 1155 3289 1208 quae
3340 1140 3498 1194 nobis

1934 1241 2041 1280 non
2069 1236 2191 1281 sunt
2232 1227 2447 1288 tradita,
2496 1227 2751 1296 baptizati
2777 1237 2922 1281 sunt.
2950 1247 2968 1279 ι
3007 1228 3114 1283 llos
3141 1245 3269 1300 ergo
3320 1239 3373 1284 et
3403 1231 3495 1300 qui

1935 1317 2066 1387 ipsis
2114 1319 2413 1382 adhaerent,
2439 1333 2614 1371 canon
2656 1326 2709 1371 et
2759 1317 2966 1383 Patres,
2998 1329 3054 1373 ut
3100 1319 3318 1374 divinus
3350 1319 3498 1374 Basi-

1933 1411 2038 1467 lius
2083 1412 2177 1476 ait,
2227 1411 2577 1465 nominarunt
2639 1410 2945 1464 hzereticos.
2997 1411 3204 1465 Rursus
3271 1414 3494 1467 secundi

1931 1502 2149 1573 generis
2175 1501 2482 1570 exemplum
2533 1500 2739 1569 profert
2770 1509 2990 1554 sanctus
3042 1500 3272 1557 Basilius
3301 1519 3314 1555 :
3344 1522 3361 1553 ι
3393 1501 3498 1557 Ca-

1933 1593 2073 1647 thari
2096 1599 2223 1646 sunt
2244 1601 2298 1646 et
2327 1592 2426 1661 ipsi
2451 1592 2594 1644 inter
2621 1605 2714 1645 eos
2741 1591 2831 1659 qui
2861 1591 3084 1644 abscissi
3114 1601 3263 1646 sunt.
3299 1611 3317 1643 ι

2002 1683 2156 1749 Quod
2183 1683 2228 1737 si
2253 1683 2400 1737 dicas
2432 1700 2446 1739 :
2483 1682 2547 1735 Et
2570 1682 2838 1750 quomodo
2873 1681 2928 1734 hi
2965 1696 3200 1750 quoque,
3238 1691 3292 1735 et
3317 1691 3499 1750 poste-

1934 1776 2104 1830 riores
2153 1790 2361 1832 omnes.
2396 1773 2634 1828 haeretici
2667 1773 2922 1826 dicuntur
2949 1773 2971 1824 ?
3000 1771 3112 1826 lloc
3142 1773 3407 1836 dicimus,
3445 1784 3500 1827 et

257 1858 357 1962 κμὶ
383 1857 646 1928 νοοῦμεν·
680 1863 729 1914 οἱ
767 1861 866 1931 μὲν
905 1864 1111 1933 πρῶτοι
1156 1866 1361 1934 κυρίως
1401 1868 1699 1937 αἱρετικοὶ,
1740 1868 1829 1923 διὰ

1942 1866 2324 1938 intelligimus;
2355 1866 2559 1935 primos
2611 1864 2825 1935 quidem
2863 1864 3078 1933 pr0prie
3137 1865 3239 1918 dici
3277 1865 3497 1918 haereti-

256 1949 320 2002 τὸ
352 1951 433 2013 είς
459 1951 590 2004 αὑτὸ
619 1952 679 2005 τὸ
714 1953 927 2026 καίριον
957 1957 1055 2026 τῆς
1101 1957 1382 2028 τριαδικῆς
1405 1960 1564 2028 ἡμῶν
1592 1962 1829 2026 πίστεως

257 2041 616 2111 ⁴ἠσεϐηκέναι.
673 2046 734 2097 Oi
770 2045 825 2098 δὲ
869 2043 1112 2118 δεύτεροι
1149 2050 1287 2102 κατὰ
1333 2051 1694 2121 κατάχρησιν,
1737 2053 1830 2104 καὶ

256 2133 337 2197 ὡς
389 2137 454 2187 ἐκ
494 2135 604 2188 τῶν
645 2135 877 2206 πρώτων
922 2140 1301 2210 παρηγμένον
1346 2143 1736 2211 ὁμολογοῦντες
1785 2144 1830 2196 δ’

257 2221 411 2292 ὅμως
458 2227 540 2290 είς
581 2227 784 2296 Τριάδα
832 2229 928 2283 καὶ
969 2231 1246 2285 πιστεύειν
1304 2234 1396 2285 καὶ
1445 2234 1727 2304 βαπτίζειν
1774 2237 1832 2288 ἐν

263 2315 522 2385 ίδιώματι
551 2318 738 2388 οίκείῳ
772 2321 870 2389 τῆς
899 2322 1132 2393 ἑκάστης
1165 2325 1536 2391 ὑποστάσεως,
1584 2327 1680 2379 κα)⁸
1711 2327 1833 2397 οὑχὶ

265 2410 396 2477 μιᾶς
412 2407 521 2462 τῶν
535 2411 704 2481 τριῶν
735 2413 1090 2485 ὑπαρχούσης
1105 2431 1118 2444 ·
1149 2415 1252 2470 κᾶν
1275 2418 1333 2470 ἐν
1353 2416 1532 2481 ἄλλοις
1559 2417 1831 2488 ᾑρέτιζον.

261 2501 371 2553 To?)
403 2503 589 2572 τρίτου
625 2499 974 2577 παράδειγμα
1000 2548 1015 2572 ,
1056 2510 1220 2572 αὑτὸς
1246 2511 1274 2563 ό
1304 2508 1460 2578 ἅγιος
1485 2511 1649 2565 πάλιν
1677 2514 1829 2580 φησὶ,

261 2587 378 2644 οἷον
417 2594 468 2649 ετ
496 2611 578 2657 τις
620 2595 678 2647 ἐν
722 2596 1025 2666 πταίσματι
1063 2599 1393 2663 ἐξετασθείς,
1430 2599 1697 2669 ἐπεσχέθη
1735 2600 1833 2666 τῆς

263 2685 654 2756 λειτουργίας,
704 2688 798 2741 καὶ
845 2690 920 2759 μὴ
967 2689 1215 2759 ὑπέκυψε
1261 2692 1376 2752 τοῖς
1421 2691 1674 2743 κανόσιν·
1719 2689 1833 2743 ἀλλ’

267 2776 448 2847 ἐαυτῷ
476 2778 754 2849 ἐξεδίκησε
781 2780 878 2851 τὴν
911 2782 1204 2852 προεδρίαν
1234 2782 1329 2835 καὶ
1357 2781 1454 2851 τὴν
1469 2781 1830 2854 λειτουργίαν.

267 2867 379 2922 Καί
403 2886 464 2937 γε
498 2870 574 2934 ώς
599 2873 646 2923 οί
681 2871 925 2944 δεύτεροι
953 2873 1236 2943 ὁμώνυμοι
1266 2876 1379 2936 τοῖς
1404 2873 1668 2944 πρώτοις,
1694 2874 1835 2928 οὑτω

269 2962 363 3016 καὶ
396 2966 442 3016 οἱ
475 2965 648 3032 τρίτοι
678 2965 960 3037 ὁμώνυμοι
990 2971 1103 3029 τοῖς
1123 2967 1415 3038 δευτέροις.
1458 2967 1675 3037 Ἀμέλει
1711 2968 1836 3028 τοὺς

269 3055 633 3120 Μελετιανοὺς
664 3061 1055 3129 σχισματικοὺς
1083 3059 1133 3112 οί
1162 3060 1331 3114 πάλαι
1367 3060 1634 3124 καλοῦσι,
1663 3058 1836 3111 Μελε-

267 3145 370 3216 τίῳ
391 3147 466 3215 τῷ
489 3150 829 3220 σχισματικῷ
854 3152 1321 3220 συναπαχθέντας,
1353 3151 1447 3204 καί
1467 3169 1550 3204 τοι
1580 3150 1653 3222 μὴ
1675 3151 1834 3214 ὄντας

268 3235 612 3300 κακοδόξους.
661 3238 1171 3309 ’Δναθεματίζοντες
1203 3239 1314 3309 γὰρ
1342 3240 1401 3292 τὸ
1439 3239 1568 3291 ἴδιον
1610 3239 1832 3308 σχίσμα,
1860 3223 1904 3285 C

270 3327 347 3388 ὥς
394 3343 548 3394 φασι,
598 3328 904 3397 δεδεγμένοι
947 3332 1056 3383 εἰσὶ
1101 3334 1165 3401 τῇ
1213 3331 1474 3401 καθολικῇ
1519 3330 1836 3400 Ἐκκλησία.

277 3419 463 3470 Ἕοικε
507 3419 563 3471 δὲ
609 3421 764 3491 σειρά
794 3439 876 3484 τις
919 3418 1055 3476 εἶναι
1089 3423 1510 3492 δαιμονόπλοκος
1549 3422 1838 3494 ήκαθόλου

274 3509 510 3576 αἵρεσις,
541 3509 702 3580 ἐτέρα
726 3512 823 3580 τῆς
855 3514 1049 3583 ἐτέρας
1082 3514 1334 3584 ἐχομένη,
1364 3516 1459 3566 καὶ
1482 3514 1557 3576 ὼς
1585 3516 1648 3566 ἐκ
1682 3529 1844 3583 κορυ-

274 3598 383 3666 φῆς
429 3599 558 3667 μιᾶς
600 3598 989 3670 ἐξηρτημένων
1022 3603 1250 3655 ἀπασῶν
1288 3603 1391 3672 τῆς
1439 3603 1699 3665 ἀσεϐείας
1750 3603 1844 3655 καὶ

276 3692 499 3756 ἀθεῖας·
533 3690 636 3746 κᾶν
664 3694 1035 3766 ἐτερωνυμία,
1070 3695 1166 3748 καὶ
1190 3695 1389 3766 χρόνῳ,
1417 3697 1512 3748 καὶ
1545 3696 1714 3765 τόπῳ,
1751 3695 1845 3747 καὶ

277 3784 560 3853 ποσότητι,
595 3785 691 3838 καὶ
726 3785 1006 3856 ποιότητι,
1043 3787 1136 3838 καὶ
1171 3786 1419 3856 δυνάμει,
1467 3787 1563 3839 καὶ
1597 3786 1847 3855 ἐνεργείᾳ

275 3874 631 3945 διαφέρωσιν.
675 3877 825 3930 Ἐπεί⁵
859 3877 991 3947 μηδέ
1034 3877 1093 3930 ἓν
1136 3877 1230 3930 καὶ
1278 3877 1340 3930 τὸ
1387 3877 1518 3931 αὑτὸ
1565 3879 1747 3948 σῶμα,
1789 3877 1846 3929 ἓν

281 3967 444 4035 μόνον
474 3967 666 4038 μέλος,
696 3970 835 4024 ἀλλὰ
861 3974 955 4024 καὶ⁹
982 3971 1182 4024 πολλά·
1214 3970 1310 4024 καὶ
1350 3971 1598 4042 διάφοροι
1628 3971 1685 4023 αἱ
1718 3969 1844 4022 τού-

276 4073 390 4110 των
431 4058 568 4129 πρὸς
624 4059 832 4130 ἄλληλα
881 4062 1178 4133 ἐνέργειαι,
1232 4063 1510 4132 δυνάμεις,
1563 4063 1844 4133 ἰδιότητες,

281 4149 462 4213 θέσεις
495 4166 556 4203 τε
585 4151 678 4204 καὶ
709 4154 886 4220 τιμαί.

354 4327 490 4398 Περὶ
520 4326 628 4382 τῶν
655 4328 860 4400 ἐτέρων
896 4346 990 4383 σου
1048 4328 1401 4402 ἐρωτήσεων·
1430 4332 1464 4401 ἡ
1499 4330 1690 4400 πρώτη
1720 4327 1852 4398 περὶ

281 4421 658 4492 πρεσϐυτέρου
700 4423 792 4476 τοῦ
842 4424 1246 4494 δρθοδοξοὺντος
1268 4464 1284 4489 ,
1315 4424 1428 4478 ἀλλ’
1459 4426 1610 4493 ὅμως
1642 4440 1852 4494 μνημο-

1930 1976 2042 2025 cos,
2073 1974 2139 2014 eo
2165 1958 2305 2026 quod
2340 1957 2667 2024 impietatem
2697 1963 3023 2009 exeruerunt
3058 1954 3112 2007 in
3148 1953 3198 2008 id
3221 1955 3362 2023 quod
3403 1971 3500 2009 no—

1931 2061 2056 2106 stra:
2076 2052 2142 2105 de
2160 2050 2422 2104 Trinitate
2450 2049 2566 2103 ﬁdei
2587 2047 2915 2115 priecipnum
2933 2057 3016 2101 est
3039 2065 3052 2101 :
3079 2047 3345 2100 secundos
3371 2062 3498 2102 vero

1932 2143 2174 2206 abusive,
2196 2151 2251 2194 et
2283 2150 2534 2208 tanquam
2579 2155 2606 2190 a
2637 2138 2826 2206 primis
2857 2137 3130 2191 derivatos
3155 2177 3167 2198 ,
3200 2137 3290 2204 qui
3319 2145 3497 2190 tamen

1933 2232 2334 2289 conﬁtebantur
2381 2245 2438 2284 se
2472 2229 2526 2282 in
2558 2227 2877 2281 Trinitatem
2907 2236 2960 2280 et
2989 2227 3209 2281 credere
3238 2237 3293 2280 et
3322 2227 3495 2295 bapti-

1934 2339 2077 2389 zare,
2136 2324 2191 2376 in
2227 2322 2551 2391 proprietate
2600 2318 2857 2389 singulari
2905 2333 3147 2386 persona:
3188 2317 3448 2385 cujusque
3481 2355 3496 2378 ,

1934 2431 2046 2471 non
2091 2423 2270 2469 autem
2323 2427 2443 2482 qua:
2483 2425 2585 2462 una
2639 2406 2692 2461 in
2731 2408 2908 2462 tribus
2958 2408 3183 2461 exsistat
3227 2424 3239 2459 :
3280 2407 3408 2460 licet
3441 2408 3495 2460 in

1934 2512 2056 2567 aliis
2120 2509 2282 2563 rebus
2331 2503 2642 2560 harreticum
2699 2501 2900 2569 aliquid
2944 2509 3273 2554 assererent.
3323 2499 3493 2554 Tertii

1934 2601 2146 2673 generis
2195 2597 2502 2666 exemplum
2560 2607 2753 2646 rursus
2826 2591 2969 2645 idem
3031 2599 3254 2645 sanctus
3315 2591 3494 2644 dicit:

1936 2695 2083 2749 velut
2107 2693 2149 2746 si
2179 2691 2300 2760 quis
2336 2688 2578 2744 criminis
2607 2686 2922 2748 convictus,
2949 2702 2978 2738 a
3008 2701 3162 2739 sacro
3197 2684 3500 2737 ministerio

1935 2800 2233 2855 suspensus
2268 2784 2358 2848 sit,
2405 2791 2458 2837 et
2490 2780 2788 2835 canonihus
2813 2793 2921 2831 non
2947 2777 3122 2838 cedat,
3147 2777 3240 2830 sed
3275 2775 3497 2844 primam

1934 2877 2036 2932 sibi
2071 2876 2254 2930 sedem
2278 2883 2332 2928 et
2364 2871 2725 2926 ministerium
2759 2867 3016 2922 vindicet.
3065 2866 3241 2935 Atque
3270 2875 3328 2919 ut
3359 2866 3500 2919 idem

1934 2983 2058 3023 cum
2087 2966 2280 3037 primis
2320 2978 2517 3017 nomen
2547 2961 2724 3036 sortiti
2769 2969 2898 3014 sunt
2926 2959 3147 3014 secundi
3178 2975 3192 3023 ;
3230 2959 3299 3011 ita
3338 2957 3501 3010 etiam

1939 3059 2080 3116 tertii
2114 3073 2236 3114 cum
2269 3055 2543 3112 secundis.
2573 3055 2732 3108 Certe
2775 3051 3126 3115 Meletianos;
3160 3064 3296 3118 quos
3338 3046 3504 3099 Mele-

1939 3154 2048 3208 tius
2105 3149 2484 3206 schismaticus
2556 3145 2850 3200 abduxerat
2905 3159 2919 3208 ;
2967 3141 3172 3209 antiqui
3229 3138 3504 3207 appellant

1938 3242 2331 3305 schismaticos,
2369 3238 2615 3310 quamvis
2664 3252 2771 3290 non
2822 3243 3005 3289 essent
3063 3230 3336 3287 caeodoxi.
3372 3229 3506 3283 Pro-

1940 3335 2120 3406 prium
2156 3333 2300 3388 enim
2333 3330 2587 3391 schisma,
2633 3336 2694 3381 ut
2745 3326 2916 3389 aiunt,
2955 3318 3502 3377 anathematizantes,

1940 3430 2007 3484 ab
2043 3427 2280 3483 Ecclesia
2314 3421 2580 3479 catholica
2615 3419 2848 3486 suscepti
2878 3424 3024 3470 sunt.
3066 3411 3291 3466 Videtur
3322 3418 3504 3463 autem

1943 3521 2182 3580 haeresis.
2219 3519 2272 3572 in
2323 3515 2638 3570 universmn
2694 3520 2881 3564 catena
2917 3505 3162 3575 quaedam
3196 3515 3314 3556 esse
3343 3515 3372 3552 a
3402 3498 3509 3552 dae-

1944 3629 2102 3669 mone
2121 3618 2371 3668 contexta
2405 3645 2421 3671 ,
2473 3606 2641 3660 altera
2670 3601 2822 3658 alteri
2867 3613 3110 3656 connexa
3143 3635 3157 3660 ,
3193 3593 3509 3660 cunctisque

1943 3715 2197 3772 tanquam
2231 3701 2301 3753 ab
2330 3712 2440 3751 uno
2499 3692 2789 3762 impietatis
2823 3689 2996 3757 capite
3032 3683 3282 3755 appensis
3307 3700 3318 3735 :
3339 3696 3511 3749 quan-

1946 3794 2146 3850 tumvis
2173 3788 2488 3846 diversitate
2545 3783 2824 3838 nominum
2859 3817 2874 3839 ,
2902 3787 2955 3832 et
2986 3790 3224 3846 tempore
3245 3815 3258 3838 ,
3284 3782 3338 3826 et
3370 3772 3509 3832 loco,

1945 3897 2000 3941 et
2028 3882 2348 3956 quantitate,
2379 3886 2434 3933 et
2461 3876 2740 3947 qualitate,
2768 3881 2823 3927 et
2856 3869 3114 3942 potentia,
3151 3876 3206 3920 et
3249 3873 3373 3919 actu
3406 3859 3513 3916 dif-

1947 3979 2124 4033 ferant
2157 3993 2171 4030 :
2208 3969 2646 4044 quandoquidem
2675 3981 2776 4020 nec
2801 3979 2968 4018 unum
3022 3961 3274 4026 idemque
3317 3969 3516 4023 corpus

1948 4069 2254 4124 membrum
2302 4071 2386 4118 est
2410 4074 2576 4115 unum
2608 4057 2806 4117 solum,
2831 4052 2926 4108 sed
2956 4051 3122 4105 multa
3151 4065 3166 4113 ;
3207 4044 3514 4112 diversique

1949 4168 2078 4215 sunt
2161 4157 2358 4223 horum
2462 4152 2604 4206 inter
2653 4163 2711 4202 se
2769 4154 2962 4207 actus,
3014 4141 3295 4196 facultates
3329 4176 3343 4201 ,
3385 4147 3514 4205 pro-

1950 4251 2228 4321 prietatcs,
2269 4248 2511 4313 situsque
2539 4251 2595 4296 et
2623 4241 2880 4294 honores.

2021 4341 2177 4407 Quod
2218 4346 2425 4408 spectat
2456 4344 2679 4390 crateras
2734 4325 3185 4397 interrogationes
3247 4332 3409 4384 tuas;
3449 4317 3514 4370 ad

1954 4431 2202 4501 primam,
2233 4429 2301 4484 de
2341 4427 2652 4496 presbytero
2682 4419 2982 4476 orthodoxo
3014 4414 3267 4485 quidem',
3314 4409 3406 4466 sed
3440 4417 3518 4463 ta-

281 4513 534 4578 νεύοντος
583 4514 735 4586 φόϐῳ
787 4515 1028 4586 διωγμοῦ
1069 4516 1162 4569 τὸν
1208 4517 1483 4586 αἱρετικὸν
1529 4517 1840 4579 ἐπίσκοπον1

1956 4538 2077 4576 men
2113 4521 2201 4589 qui
2236 4515 2632 4589 persecutionis
2660 4521 2805 4567 metu
2833 4507 3148 4583 haereticum
3201 4503 3516 4572 episcopum

2401 4610 2412 4614 -
2919 4599 2950 4614 ..
3116 4613 3122 4614 ί
3156 4594 3242 4614 ην,
3373 4604 3516 4614 ΜΗ

281 4608 699 4678 προαπεκρίθην
738 4624 856 4662 σοι·
910 4609 1046 4680 πλὴν
1078 4609 1173 4663 κα)⁵
1215 4607 1402 4673 αὖθις·
1454 4611 1502 4662 εί
1535 4611 1612 4681 μὴ
1643 4609 1849 4662 συλλει-

281 4703 508 4770 τουργεῖ
525 4700 804 4771 αἱρετικῷ,
826 4700 919 4755 καὶ
944 4702 992 4754 εί
1023 4701 1099 4771 μὴ
1121 4701 1393 4771 μεταδιδοῖ
1418 4704 1534 4764 τοῖς
1565 4700 1848 4762 τοιούτοις,

281 4791 503 4844 δεκτέον
529 4790 619 4843 τὸν
643 4792 882 4844 τοιοῦτον
911 4793 990 4854 είς
1009 4793 1480 4856 συνεστίασιν,καὶ
1508 4790 1849 4861 ψαλμῳδίαν,

285 4882 382 4935 καὶ
407 4882 659 4949 εὐλογίαν
697 4881 1020 4954 βρωμάτων,
1053 4884 1147 4937 καὶ
1174 4883 1332 4937 τοῦτο
1363 4885 1482 4937 κατ’
1514 4883 1848 4952 οίκονομίαν,

284 4974 347 5029 οὑ
377 4973 476 5044 μέν
499 4991 583 5026 τοι
608 4975 686 5036 είς
717 4974 870 5027 θείαν
900 4974 1223 5043 μετάληψιν.
1248 4977 1338 5027 Δεῖ
1364 4975 1419 5026 δὲ
1445 4976 1730 5044 ἐπερωτᾷν
1755 4974 1852 5043 τῆς

284 5067 558 5138 αἱρέσεως
594 5067 904 5137 κρατούσης
940 5067 1187 5130 πάντως·
1215 5066 1504 5137 ὁμολογίαν
1536 5066 1592 5118 δὲ
1624 5065 1852 5134 δεχομέ-

285 5178 400 5223 νοις
429 5159 738 5230 ἁρκεϊσθαι,
758 5159 858 5212 οὑκ
889 5155 1005 5212 οἶδα
1035 5160 1083 5211 εί
1117 5160 1191 5228 μὴ
1220 5159 1503 5228 προδήλως
1530 5156 1855 5226 ψευδολόγος

285 5250 452 5320 αὕτη.
485 5248 559 5302 Τὸ
588 5249 690 5320 γὰρ
716 5248 883 5320 φαίην
917 5266 975 5302 σε
1014 5249 1361 5302 διδάσκεσθαι
1395 5251 1541 5319 ἡμᾶς
1573 5247 1724 5318 παρὰ
1748 5246 1855 5299 τῶν

287 5342 588 5412 Πατέρων,
629 5340 704 5412 μὴ
737 5342 1055 5412 ἐπερωτᾷν,
1105 5343 1234 5412 περὶ
1263 5341 1455 5412 καιροῦ
1497 5334 1558 5396 οὑ
1591 5340 1666 5410 μὴ
1708 5340 1855 5392 ἔστιν

287 5435 502 5503 αἵρεσις
560 5432 898 5502 μαινομένη·
962 5433 1055 5485 καὶ
1111 5433 1239 5504 περὶ
1288 5433 1394 5485 τῶν
1445 5434 1520 5502 μὴ
1575 5431 1854 5501 προδήλως

288 5525 780 5596 κατεγνωσμένων.
827 5525 1080 5579 Τοιοῦτον
1109 5525 1163 5578 δὲ
1194 5524 1583 5595 πρεσϐύτερον,
1630 5524 1856 5576 σπάνιον

284 5619 471 5688 εὑρεῖν
499 5617 593 5671 νῦν
619 5616 696 5688 μὴ
727 5616 1052 5688 μιγνύμενον
1083 5618 1174 5671 καὶ
1212 5615 1677 5683 συγκοινωνοῦντα
1707 5615 1855 5682 αἱρε-

286 5713 480 5774 τικοίς.

357 5891 401 5924 ⁸⁸
429 5891 558 5948 Can.
595 5906 632 5945 ι.

1954 4618 2364 4673 commemorat,
2395 4610 2507 4678 jam
2538 4614 2663 4661 ante
2699 4599 2953 4671 respondi
2992 4596 3084 4652 tibi
3113 4613 3126 4661 ;
3152 4594 3244 4648 sed
3277 4601 3330 4647 et
3372 4604 3518 4644 nunc

1953 4707 2148 4761 iterum
2191 4702 2283 4756 :Si
2314 4715 2437 4754 eum
2491 4694 2746 4751 baeretico
2790 4706 2896 4745 non
2946 4685 3242 4745 sacriﬁcet,
3271 4698 3372 4736 nec
3397 4679 3534 4748 tali-_

1954 4801 2057 4855 bus
2082 4793 2399 4866 impertiat;
2447 4786 2816 4857 recipiendum
2857 4783 3003 4835 hunc
3055 4792 3174 4832 esse
3226 4775 3291 4828 ad
3315 4771 3518 4861 ‘convi-

1955 4900 2122 4952 etum,
2156 4897 2212 4942 et
2258 4880 2628 4954 psalmodiam.
2657 4886 2713 4931 et
2747 4869 3182 4928 benedictionem
3230 4876 3474 4918 escarum
3501 4898 3515 4920 .

1956 4984 2115 5050 idque
2167 4953 2267 5047 per
2307 4972 2787 5042 dispensationem,
2814 4979 2924 5016 non
2953 4970 3134 5013 autem
3165 4957 3232 5009 ad
3281 4953 3518 5050 divinam

1956 5044 2443 5144 participationem.
2490 5063 2822 5127 Interrogare
2869 5065 3094 5123 prorsus
3119 5055 3366 5116 oportet,
3405 5044 3518 5097 lm-

1956 5164 2061 5219 resi
2098 5163 2411 5217 dominante
2443 5149 2819 5219 ;cont‘essione
2857 5153 3036 5198 autem
3081 5146 3330 5206 suscepta
3369 5173 3384 5195 ,
3430 5148 3519 5186 ac-

1955 5256 2255 5324 quiescere,
2313 5247 2415 5302 nisi
2467 5241 2748 5315 perspicue
2806 5237 2876 5289 sit
2925 5234 3076 5288 t‘alsa.
3125 5228 3236 5283 lloc
3290 5225 3434 5280 enim
3490 5239 3519 5275 a

1957 5316 2209 5400 Patribus
2238 5336 2420 5395 doceri
2469 5350 2568 5389 nos
2603 5329 2828 5386 dixerim
2869 5343 2883 5390 ;
2933 5339 3041 5377 non
3079 5316 3521 5387 interrogandum

1956 5451 2064 5507 quo
2092 5443 2330 5499 tempore
2359 5441 2463 5480 non
2513 5428 2782 5493 grassatur
2823 5413 3067 5474 haeresis,
3097 5424 3197 5463 nee
3225 5408 3293 5464 de
3330 5406 3396 5460 iis
3429 5404 3519 5472 qui

1959 5499 2065 5582 nun
2121 5531 2248 5578 sunt
2292 5517 2578 5574 manifeste
2632 5509 2892 5566 damnati.
2955 5499 3271 5572 Huiusmodi
3341 5506 3522 5551 autem

1959 5619 2330 5690 presbyterum
2361 5608 2748 5678 reperirenunc
2784 5615 2960 5655 rarum
2991 5604 3090 5660 est,
3116 5594 3206 5662 qui
3236 5607 3340 5646 non
3373 5602 3522 5643 com-

1875 5764 1877 5766 .
1962 5685 2254 5766 misceatur
2285 5715 2337 5760 et
2367 5699 2729 5758 communicet
2773 5709 2893 5749 cum
2934 5685 3226 5746 haereticis.
