4158 6498
672 396 808 460 1055

1853 398 1915 458 S.
1949 394 2345 457 THEODORI
2388 392 2739 457 STUDIT/E

736 509 1006 573 Secunda,
1039 507 1107 563 de
1157 506 1361 564 Christi
1420 507 1644 570 famulo,
1718 508 1809 578 qui
1849 508 1917 563 ad
1950 509 2245 563 oratorium
2275 508 2325 567 Α

665 616 824 655 suum
858 600 1104 665 advocat,
1137 609 1198 654 ut
1234 599 1573 671 pervigilium
1607 599 1910 654 celebretur
1940 617 1953 653 :
1982 608 2161 654 utrum
2201 601 2253 653 in

663 708 730 748 eo
760 707 911 747 sacra
934 692 1107 757 obire,
1126 700 1182 747 et
1200 707 1323 746 cum
1352 692 1549 762 quibus
1570 700 1838 761 Oporteat.
1863 690 1974 745 Mos
1988 691 2258 761 gerendus

664 794 769 849 est,
804 784 1112 838 eteundum
1136 784 1338 853 utique,
1356 793 1411 838 et
1433 799 1538 837 una
1562 782 1921 853 psallendum,
1942 782 1985 837 si
2001 782 2261 837 orthodo—

662 892 766 931 xus
791 886 876 931 est
898 876 991 945 qui
1014 876 1248 930 advocat
1276 885 1332 929 et
1360 875 1451 945 qui
1476 875 1732 945 psallunt,
1756 885 2013 930 caventes
2040 874 2258 943 utrique

664 983 734 1023 ne
757 983 881 1022 cum
906 966 1175 1022 haereticis
1187 958 1759 1033 communicent.0uin
1778 976 1833 1021 et
1848 981 1999 1021 saera
2019 966 2070 1019 in
2086 975 2260 1021 orato-

664 1061 748 1114 rio
777 1060 1106 1131 peragenda,
1126 1061 1173 1114 si
1201 1059 1431 1114 affirmet
1456 1058 1547 1129 qui
1574 1059 1804 1120 obtinet.
1831 1059 2075 1114 nondum
2106 1059 2162 1113 in
2192 1074 2259 1114 eo

666 1150 981 1204 hmreticum
1006 1151 1361 1205 ministrasse.
1392 1149 1511 1205 Jam
1532 1149 1675 1203 enim
1698 1150 1900 1204 dictum
1926 1160 2033 1215 est,
2059 1166 2257 1206 neces-

665 1239 811 1294 sario
834 1239 901 1294 de
926 1240 1201 1304 omnibus,
1254 1239 1325 1294 ob
1358 1239 1631 1295 furentem
1664 1239 1939 1305 haeresim,
1971 1240 2259 1295 sciscitan-

667 1330 819 1384 dum.

737 1420 952 1486 Tertia;
982 1422 1028 1477 si
1064 1422 1188 1493 quis
1243 1422 1314 1477 ab
1367 1420 1551 1491 aliquo
1589 1421 1886 1477 Ecclesiam
1955 1421 2261 1491 susceperit

666 1510 1019 1578 orthodoxus,
1054 1512 1223 1567 moris
1248 1521 1431 1568 autem
1463 1513 1534 1567 sit
1562 1512 1730 1568 semel
1762 1520 1855 1566 aut
1889 1512 2086 1567 iterum
2109 1522 2263 1583 quot-

676 1602 837 1655 annis
859 1602 911 1655 in
933 1617 997 1656 ea
1021 1604 1341 1674 congregari
1395 1604 1678 1673 populum,
1706 1617 1767 1658 ac
1791 1602 2031 1657 haeretici
2056 1618 2260 1658 nomen

678 1690 736 1744 in
790 1690 1005 1762 liturgia
1062 1693 1387 1747 memorari:
1416 1693 1732 1748 necessario
1770 1692 1990 1762 quidem
2030 1692 2259 1763 permit-

668 1784 891 1837 tendum
929 1794 1101 1838 estut
1130 1784 1201 1839 ibi
1236 1785 1520 1855 psallatur,
1576 1800 1686 1841 non
1733 1794 1915 1840 autem
1948 1792 2008 1839 ut
2039 1784 2255 1857 liturgia

665 1876 1011 1943 celebretur;
1043 1878 1189 1946 quod
1218 1877 1262 1931 si
1299 1876 1535 1931 obtineri
1576 1886 1763 1947 potest
1808 1886 1869 1931 ut
1898 1892 2016 1931 mos
2040 1876 2131 1932 ille
2161 1892 2251 1931 re-

665 1965 960 2031 scindatur,
1007 1969 1170 2022 etiam
1202 1968 1414 2039 Iiturgia
1445 1968 1717 2023 obeunda.

736 2057 973 2125 Quarta;
1003 2059 1047 2113 si
1082 2060 1153 2113 sit
1180 2059 1421 2114 Ecclesia
1462 2060 1516 2113 in
1546 2076 1652 2130 qua
1680 2060 1991 2115 sacrificans
2039 2061 2259 2116 haereti-

662 2162 786 2200 cum
811 2159 1217 2213 commemoret,
1261 2146 1565 2219 habeatque
1596 2151 1930 2206 ortliodoxus
1980 2152 2256 2207 sacrifica-

664 2238 867 2293 torium
896 2240 1290 2295 sanctificatum
1324 2241 1379 2295 in
1409 2241 1641 2295 sindone
1667 2241 1750 2295 vel
1772 2241 1828 2295 in
1850 2242 2125 2297 asseribus
2150 2259 2165 2309 ;
2188 2258 2256 2298 an

662 2331 918 2385 convenit
939 2332 1065 2385 illud
1096 2332 1147 2385 in
1178 2332 1367 2386 eadem
1392 2331 1517 2402 poni
1544 2332 1807 2397 Ecclesia,
1832 2349 1941 2387 non
1983 2342 2257 2403 prasente

664 2421 756 2474 illo
775 2423 864 2490 qui
892 2432 1301 2485 commemorat,
1329 2424 1384 2476 in
1438 2438 1611 2492 eoque
1639 2423 1945 2479 sacrificare
1991 2424 2257 2480 orthodo-

668 2528 796 2566 xum
827 2514 850 2566 ?
883 2512 1001 2566 Non
1054 2514 1309 2568 convenit
1341 2531 1356 2579 ;
1390 2514 1485 2568 sed
1524 2515 1723 2584 potius,
1778 2530 1845 2568 ex
1897 2516 2245 2580 necessitate,

666 2604 723 2657 in
756 2606 1032 2658 communi
1065 2606 1247 2673 domo,
1273 2605 1487 2661 delecto
1515 2608 1770 2677 qquiam
1798 2607 2086 2663 mundiore
2107 2608 2250 2663 loco.

739 2780 942 2846 Quinta
973 2799 988 2846 ;
1018 2782 1061 2835 si
1115 2784 1396 2855 contingat
1430 2785 1483 2838 in
1529 2785 1722 2840 itinere
1760 2786 2120 2841 ortliodoxum
2156 2802 2252 2842 vo-

667 2871 785 2929 cari
832 2887 861 2925 a
894 2874 1179 2927 sacerdote
1213 2876 1468 2944 quopiam
1522 2878 1601 2931 vel
1644 2878 1780 2932 laico
1822 2879 1890 2933 ad
1922 2879 2253 2944 eonvivium,

668 2969 724 3013 et
756 2969 969 3028 tempus
992 2960 1063 3014 sit
1096 2961 1409 3029 psalmodize
1442 2979 1455 3027 ;
1483 2964 1755 3033 quomodo
1782 2964 1908 3020 licet
1940 2966 2251 3022 interesse?

670 3050 807 3113 Dixi.
843 3061 897 3106 et
930 3052 1125 3106 iterum
1148 3054 1270 3108 dico
1296 3071 1310 3121 ;
1340 3054 1533 3110 hieresi
1568 3056 1871 3125 obtinente,
1912 3074 2014 3115 nec
2045 3060 2252 3115 distur-

672 3144 798 3197 bata
830 3159 927 3214 per
952 3144 1229 3215 Synodum
1254 3147 1632 3213 orthodoxam,
1666 3166 1889 3204 necesse
1912 3162 1994 3205 est
2021 3152 2251 3205 interro-

673 3255 800 3308 gare
830 3250 941 3294 tum
976 3241 1030 3293 in
1061 3242 1241 3295 divina
1280 3243 1714 3311 participatione,
1743 3252 1855 3298 tum
1880 3245 1933 3298 in
1966 3244 2244 3299 communi
2279 3214 2323 3276 Ο

673 3334 928 3386 convictu
959 3351 973 3386 :
1004 3347 1105 3386 nec
1140 3333 1311 3386 ullum
1366 3334 1431 3387 ad
1471 3335 1585 3389 haec
1642 3344 1857 3405 tempus
1918 3336 2260 3406 intempesti-

673 3442 801 3479 vum
834 3435 915 3480 est
944 3467 959 3491 ,
995 3442 1095 3482 nec
1151 3427 1345 3496 pudori
1403 3426 1575 3482 locus.
1628 3429 1769 3499 Ergo
1810 3437 1866 3481 ut
1897 3444 2090 3498 panem
2131 3431 2257 3499 quis

678 3517 1003 3585 simpliciter
1026 3520 1255 3589 accipiat
1286 3536 1313 3573 a
1341 3535 1688 3590 quocunque,
1706 3521 2052 3590 interrogatio
2072 3537 2260 3576 neces-

682 3612 824 3663 saria
880 3626 990 3665 non
1041 3623 1167 3674 est;
1205 3627 1384 3682 neque
1437 3620 1497 3666 ut
1542 3612 1685 3681 apud
1748 3612 1900 3667 illum
1961 3614 2256 3681 convrvari,

678 3702 903 3755 seorsim
937 3703 1189 3766 fortasse,
1222 3715 1276 3758 et
1320 3705 1561 3761 dormire
1598 3706 1781 3771 liceat,
1815 3706 1860 3760 si
1912 3716 2038 3762 ante
2070 3709 2261 3763 convi-

675 3797 799 3843 ctus
829 3806 937 3843 non
969 3799 1053 3845 est
1085 3792 1306 3847 lueresis
1350 3803 1445 3847 aut
1474 3794 1752 3862 nequitiae.
1798 3796 1871 3848 De
1926 3797 2139 3852 caeteris
2161 3813 2261 3851 au-

678 3888 787 3933 tem
820 3881 1126 3935 necessario
1154 3883 1621 3951 interrogandum.

752 3971 912 4027 Sexta
945 3990 959 4038 ;
995 3982 1175 4027 utrum
1204 3975 1255 4027 in
1290 3975 1525 4030 decursu
1556 3974 1770 4030 itineris
1798 3974 1961 4030 liceat
1991 3977 2259 4033 orthodo-

683 4078 770 4126 ιο,
804 4065 846 4118 si
881 4062 1174 4119 Ecclesiam
1223 4066 1341 4121 vico
1390 4068 1471 4120 vel
1514 4067 1633 4121 urbi
1670 4068 1906 4122 vicinam
1939 4069 2255 4136 offenderit,

679 4156 751 4208 ibi
798 4170 973 4221 orare,
1013 4166 1107 4209 aut
1135 4158 1322 4219 etiam,
1351 4157 1479 4211 dum
1508 4157 1767 4212 laieorum
1800 4162 1956 4214 tectis
1996 4161 2073 4215 uti
2103 4161 2255 4226 vitat,

680 4247 735 4299 in
769 4262 833 4300 ea
864 4247 1130 4301 diversari
1160 4247 1182 4300 ?
1215 4246 1281 4303 Et
1333 4248 1599 4303 orandum
1647 4249 1701 4303 in
1734 4250 1820 4303 illa
1855 4291 1869 4315 ,
1902 4260 1957 4305 et
1985 4251 2262 4307 diverten-

684 4336 816 4390 dum
841 4378 855 4403 ,
888 4337 932 4391 si
964 4338 1077 4391 sola
1111 4340 1183 4391 sit
1212 4356 1225 4391 :
1257 4338 1351 4397 sed
1380 4349 1434 4393 et
1466 4339 1521 4393 in
1552 4339 1673 4395 laici
1722 4341 1931 4397 azdibus
1962 4342 2047 4397 vel
2078 4356 2260 4399 sacer-

682 4429 844 4491 dotis,
868 4442 1114 4501 urgente,
1132 4441 1191 4485 ut
1213 4432 1415 4485 dictum
1442 4432 1707 4497 est,hora:
1734 4434 2077 4499 necessitate,
2096 4436 2262 4491 indif-

681 4521 861 4574 ferens
925 4529 1009 4574 est
1064 4536 1318 4587 manere,
1374 4524 1733 4594 privatimque
1794 4526 1975 4581 cibum
2021 4542 2258 4592 sumere,

680 4614 887 4681 absque
916 4611 1363 4681 interrogatione,
1397 4625 1451 4669 et
1480 4632 1601 4685 qua:
1632 4617 1754 4671 usui
1794 4627 1925 4672 sunt
1957 4619 2213 4688 accipere
2244 4638 2259 4684 ;

681 4706 725 4761 si
753 4706 913 4761 modo
958 4706 1008 4761 ei
1034 4707 1125 4776 qui
1167 4706 1440 4778 excipitur
1473 4748 1487 4770 ,
1530 4714 1877 4779 perspectum
1923 4724 2029 4763 non
2074 4709 2165 4774 sit,
2202 4720 2263 4765 ut

682 4795 818 4859 dixi,
851 4796 1017 4866 impie
1038 4796 1123 4852 vel
1151 4807 1338 4852 contra
1375 4798 1522 4869 leges
1551 4798 1735 4852 vivere
1766 4813 1889 4853 eum
1912 4798 2003 4868 qui
2034 4798 2258 4869 excipit.

684 4889 849 4943 Extra
902 4888 1284 4942 necessitatem
1336 4903 1469 4943 vero
1494 4927 1509 4950 ,
1549 4903 1660 4942 non
1706 4898 1795 4942 est
1824 4888 2027 4942 bonum
2061 4897 2264 4943 temere

682 4980 808 5045 ista,
830 4994 949 5049 qua
967 4980 1109 5035 dicta
1137 4988 1283 5043 sunt,
1309 4979 1597 5034 admittere
1622 4980 1743 5046 ;sed
1760 4980 2024 5035 sciscitari
2046 4990 2101 5035 et
2122 4982 2267 5051 apud

682 5069 1045 5125 orthodoxum
1107 5070 1413 5135 divertere,
1443 5080 1500 5124 et
1539 5072 1607 5125 ab
1649 5070 1741 5125 illo
1772 5081 2136 5127 commeatum
2164 5111 2180 5137 ,
2216 5074 2262 5129 si

681 5180 821 5235 opus
846 5178 952 5230 est,
986 5166 1259 5236 accipere.
1290 5165 1381 5220 Sic
1414 5166 1561 5220 enim
1588 5181 1687 5235 per
1722 5176 1941 5223 sanctos
1969 5182 2098 5223 suos
2121 5184 2265 5238 pra:-

681 5257 830 5328 cepit
857 5258 1139 5313 Dominus.
1170 5257 1493 5329 Presbytero
1521 5267 1577 5312 et
1607 5258 1903 5328 praeposito
1952 5270 2101 5315 recte
2151 5276 2265 5315 res-

680 5350 923 5421 pondisti
942 5390 957 5413 ,
983 5350 1285 5419 prohibitos
1310 5366 1434 5406 esse
1466 5368 1497 5405 a
1519 5349 1825 5405 ministerio
1858 5367 1954 5406 eos
1976 5352 2071 5422 qui
2118 5368 2268 5409 nunc

680 5439 913 5496 ordinati
943 5450 1072 5496 sunt
1095 5440 1165 5495 ab
1187 5456 1252 5496 eo
1278 5442 1367 5511 qui
1393 5450 1643 5511 repertus
1667 5452 1769 5509 est,
1785 5443 2001 5497 etiamsi
2047 5445 2161 5513 ipse
2185 5444 2269 5499 di-

682 5542 832 5587 ceret
855 5549 868 5586 :
895 5531 1030 5588 Male
1057 5544 1175 5589 aeta
1204 5543 1288 5590 est
1305 5535 1566 5604 synodus,
1588 5542 1645 5590 et
1661 5536 1943 5605 periimus.
1964 5534 2074 5590 Cur
2092 5537 2261 5598 enim,

681 5639 806 5678 cum
859 5623 1126 5691 fateatur,
1200 5640 1309 5680 non
1358 5624 1493 5697 fugit
1538 5627 1800 5693 exitium,
1856 5629 2168 5686 subducens
2208 5646 2267 5686 se

683 5714 752 5770 ab
775 5714 987 5782 heresi,
1014 5726 1073 5772 ut
1097 5718 1241 5789 apud
1262 5716 1432 5772 Deum
1456 5728 1672 5774 maneat
1696 5720 2027 5792 episcopus?
2058 5738 2119 5778 ac
2151 5732 2264 5777 sta-

685 5807 781 5863 tim
818 5810 1181 5881 acceptabiles
1216 5819 1378 5868 erunt
1415 5810 1533 5883 ejus
1572 5812 1959 5871 ordinationes.
1996 5816 2104 5870 Aut
2144 5831 2259 5879 cur,

3786 379 3925 445 1056

2450 508 2497 560 Η
2545 505 2810 575 δευτέρα·
2864 500 2992 573 περὶ
3044 495 3393 569 φιλοχρὶστου
3442 492 3925 565 προσκαλουμένου

2358 602 2438 664 εἰς
2481 600 2545 653 τὸ
2589 598 2875 669 εὐκτήριον
2912 592 3078 648 αὑτοῦ
3110 590 3337 656 ποιῆσαι
3378 584 3704 656 παννυχίδαο
3748 584 3846 638 καὶ
3883 585 3928 635 εἱ

2356 692 2435 744 δεῖ
2474 693 2532 744 ὲν
2575 688 2727 759 αὐτῷ
2764 685 3169 757 λειτουργῆσαι·
3221 680 3316 733 καὶ
3355 677 3475 747 μεθ’
3512 670 3586 730 ὧν
3619 676 3757 746 χρή.
3798 673 3931 725 Ὑπο

2358 782 2669 845 ακουστέον,
2712 779 2809 833 καὶ
2858 777 3017 839 ἱτὲον,
3070 774 3164 828 καὶ
3208 769 3550 841 συμψαλτέον
3595 764 3847 835 δηλονότι
3886 763 3933 814 εἱ

2356 872 2637 946 όρθόδοξος
2668 874 2697 926 ό
2727 866 3206 943 προσκαλούμενος
3229 864 3327 916 καὶ
3350 862 3400 915 οἱ
3426 855 3933 946 catmum“.

2358 945 2575 1037 τόμενοι
2595 964 2897 1034 ἀμφότεροι
2926 961 3025 1030 τῆς
3044 957 3153 1011 τῶν
3179 953 3473 1026 αἱρετικῶν
3494 948 3808 1009 κοινωνίας.
3825 945 3938 999 Καὶ

2362 1060 2470 1129 μὴν
2502 1059 2598 1111 καὶ
2634 1051 3051 1123 λειτουργητέον
3078 1049 3136 1101 tv
3165 1045 3245 1116 τῷ
3274 1040 3576 1112 εὐκτηρίῳ,
3622 1040 3678 1092 εἴ
3704 1054 3774 1106 γε
3800 1038 3938 1129 δμο-

2359 1128 2546 1216 λογοίη
2587 1148 2615 1199 ό
2660 1144 2930 1213 κατέχων,
2965 1139 3166 1212 μηκέτι
3213 1137 3319 1190 ύπδ
3349 1130 3628 1205 αἱρετικοῦ
3670 1130 3811 1185 αὐτὸ
3834 1128 3938 1180 λει·

2358 1237 2728 1310 τουργεῖσθαι.
2779 1234 3116 1307 Προείρηται
3167 1229 3279 1300 γὰρ
3326 1227 3626 1294 ἀναγκαῖον
3679 1219 3823 1275 εἶναι
3878 1218 3939 1272 τὸ

2360 1331 2643 1401 ἐπερωτᾷν
2669 1330 2727 1381 ιν
2758 1328 2893 1381 πᾶσι
2918 1325 3005 1377 διά
3037 1322 3135 1393 τὴν
3166 1319 3444 1374 λυττῶσαν
3467 1318 3704 1388 αἰρεσιν.

2443 1425 2507 1476 Ἡ
2551 1422 2745 1493 τρίτη·
2798 1420 2849 1472 εἱ
2886 1416 3041 1471 λάϐοι
3082 1430 3167 1476 τις
3213 1411 3369 1483 παρά
3405 1424 3551 1472 τινος
3600 1405 3940 1477 Ἐκκλησίαν

2359 1514 2661 1587 όρθέδοξος,
2698 1511 2815 1564 ἐστι
2841 1510 2899 1562 δὲ
2933 1496 3195 1576 συνήθεια
3226 1501 3323 1557 τοῦ
3356 1501 3480 1555 κατ’
3508 1497 3761 1553 ενιαυτὸν
3792 1494 3941 1561 απαξ

2359 1608 2393 1678 ἢ
2432 1606 2512 1669 δὶς
2544 1601 2933 1673 συνηθροῖσθαι
2962 1601 3023 1651 ὲν
3052 1598 3190 1669 αὐτῇ
3219 1596 3370 1659 λαδν,
3389 1592 3486 1648 καὶ
3512 1592 3570 1645 ιν
3597 1594 3668 1661 τῇ
3695 1590 3943 1656 λειτουρο

2359 1698 2456 1769 γίᾳ
2480 1692 2853 1765 ἀναφέρεσθαι
2882 1690 2972 1744 τὸν
3004 1686 3306 1760 αἱρετικὸν
3338 1683 3433 1738 τοῦ
3466 1683 3565 1754 μιν
3589 1681 3821 1752 ψάλλειν
3850 1679 3940 1732 ιιι-

2360 1794 2473 1843 εἶσε
2502 1787 2642 1842 κατά
2663 1786 2911 1853 ἀνάγκην
2936 1778 3353 1851 συγχωρητέον*
3385 1776 3723 1847 λειτουργεῖν
3745 1772 3829 1833 δὶ,
3854 1769 3939 1823 οὔ.

2366 1883 2430 1937 Ei.
2476 1881 2534 1935 δὶ
2582 1878 2813 1933 δυνατὸν
2841 1874 3169 1943 διακοπῆναι
3196 1872 3299 1940 τὴν
3344 1864 3657 1939 συνήθειαν,
3702 1864 3805 1918 καὶ
3832 1862 3942 1915 λει-

2363 1991 2456 2028 του
2464 1973 2711 2045 ργητέον.

2546 2041 2813 2133 τετάρτη⁸
2849 2059 2898 2112 εἱ
2937 2053 3236 2126 Ἐκκλησία
3265 2051 3416 2105 ἐστὶν
3444 2048 3530 2119 ἔφ’
3630 2048 3661 2100 δ
3696 2046 3942 2116 λειτουρ-

2363 2156 2478 2226 γῶν
2511 2155 2773 2225 ἀναφέρει
2806 2152 2897 2207 τὸν
2929 2148 3241 2221 αἱρετικὸν·
3270 2141 3509 2214 εχειδὶό
3536 2137 3823 2210 όρθόδοξος
3848 2135 3941 2189 θυ-

2364 2249 2681 2318 σιαστήριον
2715 2240 3162 2313 καθηγιασμενον
3196 2238 3256 2290 ὲν
3286 2233 3523 2299 σινδόνι,
3565 2231 3601 2303 ἢ
3632 2230 3695 2282 ιν
3729 2227 3938 2281 σανίσι·

2362 2340 2634 2411 προσήκει
2660 2335 2789 2389 αὐτὸ
2824 2332 3051 2401 τεθῆναι
3102 2330 3161 2383 εν
3200 2330 3267 2398 τῇ
3307 2326 3447 2395 αὐτῇ
3493 2320 3827 2411 Ἐκκλησία,
3868 2318 3940 2388 μὴ

2363 2410 2634 2500 παρόντος
2660 2424 2755 2478 τοῦ
2787 2422 3173 2491 ἀναφέροντος,
3198 2418 3295 2471 καὶ
3317 2418 3376 2469 tv
3402 2412 3553 2482 αὐτῷ
3589 2410 3939 2500 συλλειτουρτ

2361 2498 2531 2590 γῆσαι
2552 2520 2643 2570 τὸν
2666 2513 2973 2586 όρθόδοξονς
3004 2511 3065 2565 ού
3098 2509 3404 2581 προσήκει,
3431 2503 3567 2559 ἀλλὰ
3590 2501 3797 2572 μᾶλλον
3822 2498 3937 2552 κατ’

2361 2612 2610 2680 ἀνάγκην
2640 2610 2699 2661 ὲν
2727 2605 2895 2677 κοινῷ
2920 2602 3078 2675 οἴκῳ,
3130 2597 3508 2667 ἱκλελεγμὲνῳ
3533 2594 3642 2648 τινὶ
3688 2594 3941 2663 καθαρω-

2360 2706 2416 2759 τέ
2428 2722 2505 2775 ρῳ
2545 2703 2719 2771 τόπῳ.

2443 2798 2504 2849 'll
2534 2797 2763 2864 πέμπτη
2787 2811 2800 2823 υ
2849 2794 2899 2845 εί
2932 2783 3201 2844 καθ”όδὸν
3225 2784 3379 2853 τύχοι
3410 2780 3696 2853 ὀρθόδοεον
3727 2778 3833 2832 ὑπό
3860 2792 3941 2827 τι-

2358 2904 2447 2949 νος
2474 2885 2772 2955 ἱερωμένου
2801 2883 2833 2951 ἢ
2864 2876 3053 2934 λαῖκοῦ
3087 2874 3499 2948 προκληθῆναι
3530 2874 3607 2934 εἱς
3651 2867 3940 2923 συνεστὶα-

2360 2995 2463 3032 σιν·
2497 2977 2584 3047 εἴη
2617 2976 2673 3029 δὲ
2696 2973 2886 3045 καιρὸς
2910 2968 3230 3041 ψαλμῳδίας
3252 2983 3265 2995 ·
3287 2966 3404 3027 πῶς
3422 2964 3535 3018 ἐστι
3552 2958 3899 3029 διαγενέσθαι
3922 2973 3939 3023 ;

2358 3066 2531 3133 εἷπον,
2564 3067 2661 3121 καὶ
2692 3064 2853 3118 πάλιν
2882 3062 3027 3131 λέγω
3046 3077 3061 3092 °
3088 3060 3353 3131 αἱρέσεως
3384 3053 3820 3125 ἐπικρατούσης,
3847 3051 3941 3103 καὶ

2362 3160 2436 3230 μὴ
2470 3154 2909 3224 καταϐληθείσης
2942 3152 3008 3205 δι’
3038 3148 3327 3221 ὁρθοδόξου
3364 3145 3604 3209 συνόδου,
3639 3141 3942 3209 ἀναγκαῖον

2364 3254 2425 3305 τὸ
2480 3251 2767 3321 διερωτᾷν,
2830 3246 2921 3300 ὲπί
2970 3262 3028 3298 τε
3079 3244 3178 3311 τῆς
3220 3241 3369 3303 θείας
3423 3236 3802 3308 μεταλήύεως,
3853 3234 3945 3286 καὶ

2367 3344 2558 3412 κοινῆς
2610 3340 2942 3400 ἑστιάσεωςο
2997 3336 3092 3389 καὶ
3135 3332 3311 3394 οὐδεὶς
3360 3329 3553 3401 καιρὸς
3592 3328 3730 3397 πρὸς
3774 3324 3943 3379 ταῦτα

2366 3432 2548 3498 αἰδοῦς
2597 3432 2692 3485 καὶ
2739 3429 2970 3500 ἀωρίας.
3016 3426 3215 3481 Λαὸεῐν
3252 3424 3353 3494 μὲν
3398 3423 3507 3493 γὰρ
3546 3421 3715 3490 ἄρτον
3759 3418 3945 3479 ἁπλῶς

2367 3525 2519 3595 παρὰ
2538 3521 2633 3576 τοῦ
2657 3521 2936 3591 τυχόντος,
2963 3518 3064 3572 οὐκ
3098 3517 3398 3585 ἀναγκαῖον
3428 3514 3508 3575 εἱς
3536 3510 3829 3581 ἐρώτησιν·
3853 3506 3945 3559 καὶ

2369 3618 2499 3689 παρ’
2530 3616 2681 3687 αὑτῷ
2707 3613 3044 3685 ὲστιαθῆναι,
3075 3609 3391 3678 καταμόνας
3424 3605 3608 3674 τυχὸν,
3642 3603 3737 3655 καὶ
3766 3616 3946 3653 κοιτα-

2371 3711 2566 3779 σθῆναι
2587 3748 2603 3773 ,
2639 3711 2688 3762 εἱ
2724 3710 2868 3777 μήγε
2908 3700 3363 3776 προεγνωσμένος
3397 3698 3545 3752 εστὶν
3572 3698 3632 3748 ὲν
3670 3693 3884 3765 αἱρέσει
3912 3690 3943 3760 ἦ

2369 3798 2559 3868 κακίᾳ.
2592 3797 2731 3865 Περὶ
2774 3794 2831 3847 δὶ
2857 3791 2968 3846 τῶν
3000 3791 3205 3844 λοιπῶν
3237 3787 3296 3853 ἐξ
3330 3787 3575 3857 ἀνάγκης
3614 3783 3942 3854 ἐρωτητέον.

2449 3980 2515 4032 Ἢ
2568 3978 2736 4048 ἕκτη·
2794 3976 2844 4029 εἱ
2900 3972 3043 4029 κατὰ
3097 3971 3332 4046 πάροδον
3384 3969 3616 4041 εὑρόντα
3662 3964 3945 4035 όρθόδοξον

2339 4129 2356 4141 _
2381 4070 2708 4143 Ἐκκλησίαν
2738 4068 3147 4137 πλησιάζουσαν
3181 4065 3344 4136 κώμῃ
3375 4062 3607 4134 ἢπόλει,
3638 4060 3761 4113 δέον
3785 4058 3944 4112 αὐτὸν

2288 4566 2341 4625 D

2368 4163 2630 4229 εὔξασθαι
2663 4165 2799 4226 ἐκεῖ,
2830 4162 2863 4232 ἢ
2894 4161 2989 4214 καὶ
3015 4157 3343 4221 καταλῦσαι,
3385 4154 3658 4225 φεύγοντα
3687 4152 3940 4220 ὺφέστιον

2368 4254 2623 4325 γενέσθαι
2644 4253 2852 4315 λαῖκοῖς
2878 4269 2893 4316 ;
2927 4252 3037 4305 Καὶ
3058 4249 3302 4313 εὐκτέον,
3329 4247 3423 4301 καὶ
3456 4244 3813 4304 καταλυτέον,
3829 4242 3941 4308 είγε

2373 4348 2510 4418 μόνη
2533 4346 2681 4400 ἐστίν
2700 4364 2713 4376 ⁸
2734 4345 2870 4399 ἀλλὰ
2888 4343 2982 4398 καὶ
3007 4345 3087 4405 είς
3111 4341 3289 4395 οἱκίαν
3314 4338 3529 4403 λαῖκοῦ,
3554 4338 3588 4408 ἢ
3612 4334 3934 4407 ἱερωμένου,

2369 4441 2445 4503 ὡς
2482 4439 2700 4510 εἴρηται
2743 4434 3180 4504 κατεπειγούσης
3225 4431 3535 4500 ἀναγκαίας
3567 4430 3716 4498 ῶρας
3738 4465 3755 4491 ,
3790 4427 3937 4481 asia-

2371 4532 2540 4602 φορόν
2569 4532 2685 4583 ἐστι
2722 4531 2920 4598 μεῖναι,
2954 4526 3048 4579 καὶ
3079 4524 3393 4594 ἱστιαθῆναι
3425 4522 3547 4576 καθ’
3574 4522 3791 4583 ἑαυτὸν,
3816 4519 3941 4573 ἀνευ

2365 4622 2720 4694 ἐρωτήσεως*
2772 4620 2868 4673 καὶ
2908 4618 3093 4673 λαϐεῖν
3122 4617 3192 4671 τὰ
3226 4616 3361 4687 πρὸς
3411 4616 3631 4686 χρείαν
3678 4615 3830 4682 είγε,
3868 4612 3942 4674 ὡς

2365 4709 2542 4780 εἶπον,
2597 4712 2672 4783 μὴ
2720 4711 2805 4781 εἴη
2857 4713 2883 4763 ό
2916 4708 3315 4780 ὑποδεχόμενος
3379 4706 3831 4778 προεγνωσμένος
3867 4702 3943 4773 τῷ

2366 4804 2722 4875 ύποδεχθέντι
2755 4800 2969 4856 ἀσεϐῶν
2996 4800 3031 4869 ἢ
3057 4802 3300 4869 ἀνόμων.
3328 4798 3475 4868 Πλὴν
3498 4797 3555 4849 δὲ
3583 4796 3858 4864 ἀνάγκης,
3880 4795 3940 4848 ού

2367 4895 2529 4949 καλὸν
2564 4893 2640 4957 ὡς
2673 4893 2833 4963 ἔτυχε
2859 4893 2928 4945 τὰ
2957 4890 3344 4963 προρρηθέντα
3370 4886 3771 4955 καταδέξασθαι
3792 4904 3805 4917 ’
3830 4887 3941 4942 ἀλλ’

2367 4988 2602 5057 ἐρωτᾷν,
2652 4986 2747 5038 καὶ
2792 4984 2944 5055 παρὰ
2972 4982 3051 5052 τῷ
3078 4982 3347 5053 ὀρθοδόξῳ
3391 4979 3680 5034 καταλύειν
3702 4995 3717 5012 θ
3758 4980 3859 5033 καὶ
3894 4978 3941 5031 εἱ

2366 5080 2546 5152 χρεία,
2597 5078 2728 5149 παρ’
2764 5077 2929 5137 αὑτοῦ
2962 5075 3151 5144 ἐφόδια
3180 5076 3357 5146 αἴρειν
3381 5091 3393 5105 ’
3432 5071 3574 5126 οὕτω
3606 5072 3713 5141 γὰρ
3765 5074 3795 5124 ό
3833 5069 3941 5124 K6-

2370 5190 2485 5245 ριος
2518 5170 2825 5226 ἐντέλλεται
2867 5169 2956 5222 διὰ
2987 5168 3095 5221 τῶν
3137 5168 3310 5235 ἁγίων
3345 5166 3533 5221 αὐτοῦ,
3581 5163 3672 5234 Τῷ
3698 5163 3939 5236 πρεσϐυ-

2365 5265 2510 5335 τέρῳ
2535 5264 2629 5316 καὶ
2655 5261 2945 5333 ἡγουμένῳ
2975 5258 3155 5321 καλῶς
3181 5255 3505 5327 ἀπεκρίθης,
3536 5253 3821 5327 εἱρχθῆναι
3845 5255 3940 5324 τῆς

2366 5355 2709 5427 λειτουργίας
2745 5356 2871 5416 τοὺς
2914 5352 3033 5405 νυνὶ
3058 5349 3537 5422 χειροτονηθέντας
3566 5348 3671 5400 ὑπὸ
3716 5345 3811 5399 τοῦ
3852 5346 3941 5398 εὑ-

2370 5448 2645 5521 ρεθέντος,
2684 5445 2932 5513 λέγοντος
2979 5442 3037 5495 δὲ
3071 5443 3245 5511 ὅμως,
3290 5441 3373 5493 δτι
3418 5437 3603 5501 κακῶς
3648 5434 3867 5503 ἐγένετο
3906 5435 3938 5504 ή

2370 5537 2606 5601 σύνοδος,
2653 5535 2747 5588 καὶ
2775 5531 3157 5602 ἀπολώλαμεν.
3206 5530 3305 5583 Διὰ
3331 5530 3385 5581 τί
3419 5532 3528 5597 γάρ
3573 5525 3851 5597 ὁμολογῶν
3882 5524 3937 5577 ού

2370 5629 2561 5700 φεύγει
2594 5629 2690 5700 τὴν
2723 5626 3025 5687 ἀπώλειαν,
3071 5623 3397 5677 διαστέλλων
3439 5618 3632 5673 ἑαυτὸν
3660 5617 3763 5687 τῆς
3791 5614 3940 5686 αἱρέ-

2372 5738 2529 5786 σεως,
2559 5721 2645 5774 ἱνα
2679 5720 2813 5791 μένῃ
2850 5717 3003 5789 παρά
3028 5716 3148 5789 Θεῷ
3191 5716 3522 5779 ἱπίσκοποςς
3556 5713 3652 5767 καὶ
3677 5712 3817 5765 εἱσὶν
3847 5709 3936 5762 αύ-

2372 5813 2463 5868 τοῦ
2498 5813 2687 5867 δεκταὶ
2711 5813 2767 5866 αἱ
2802 5811 3125 5885 χειροτονίαι
3160 5806 3380 5864 αὐτίκα.
3416 5806 3487 5863 Ἥ
3512 5804 3601 5861 διὰ
3634 5804 3687 5858 τὶ
3717 5813 3933 5868 προκει-
