4158 6514
224 451 364 519 1057

1438 459 1973 524 EPISTOLARUM
2012 463 2156 525 LIB.
2200 466 2248 525 Ι.

3340 469 3475 535 1058

221 570 394 639 μένης
439 567 536 638 τῆς
581 567 846 638 αἱρέσεως
870 606 885 634 ,
938 567 1020 631 εἰς
1057 569 1394 640 χειροτονίαν
1429 573 1459 624 6
1486 571 1799 642 ἡγούμενος

1911 587 2179 644 prostante
2210 578 2435 646 haeresi,
2477 580 2544 635 ad
2591 578 2988 636 ordinationem
3013 580 3325 639 haereticam
3359 586 3473 640 fra-

217 662 506 731 προήγαγε
524 660 650 722 τοὺς
685 659 950 729 ἀδελφοὺς
969 660 1287 732 αἱρετικήν;
1337 663 1405 716 ἂν
1438 658 1532 718 οὖν
1561 665 1590 717 6
1617 681 1800 736 χειρο-

213 756 451 823 τονήσας
478 751 757 822 ὤρθωσεν,
789 747 857 823 ἦν
883 752 1068 816 αὐτοῖς
1095 752 1259 824 εύθὴς
1290 755 1619 827 ίερουργεῖν·
1647 756 1810 821 ὄντος

214 845 278 897 δέ
309 845 370 898 tv
395 847 462 915 τῇ
495 844 706 914 αἱρέσει
737 843 824 897 διὰ
847 843 942 897 τοῦ
977 845 1270 915 ἀναφέρειν
1294 845 1459 900 αὑτὸν
1493 847 1797 918 αἱρετικὸν,

215 935 322 988 κάν
350 934 410 987 τὸ
438 934 692 1006 φρόνημα
723 933 872 1003 λέγοι
903 935 1047 1005 ἔχειν
1091 936 1273 1005 ὑγιέςο
1309 937 1407 1007 ούχ
1437 931 1550 991 οἷόν
1594 955 1655 991 τε
1704 937 1800 1003 οὓς

212 1029 518 1098 χειροτονεῖ
543 1029 608 1098 τῇ
632 1026 862 1100 ἀληθείᾳ.
891 1022 1030 1081 εἶναι
1059 1027 1406 1100 λειτουργοὺς
1435 1029 1592 1085 Θεοῦ.
1634 1032 1698 1085 Ei
1739 1031 1797 1084 δὲ

215 1117 440 1188 πνεῦμα
470 1117 636 1189 ζήλου
670 1117 804 1171 Θεοῦ
832 1117 1040 1188 ἀνῆψεν
1071 1119 1129 1172 tv
1152 1118 1231 1192 τῷ
1255 1119 1678 1193 καθηγουμένῳ,
1705 1124 1802 1176 καὶ

215 1212 581 1282 προθυμεῖται
606 1211 898 1281 ὁμολογίας
929 1213 1192 1281 στέφανον
1216 1213 1593 1284 ἀναδήσασθαι
1617 1231 1632 1247 ο
1665 1215 1801 1286 μηδὲ

213 1304 602 1377 λειτουργείτω
629 1307 687 1358 ἐν
716 1309 784 1377 τῇ
814 1305 906 1359 ὑπ’
932 1306 1097 1360 αὑτοῦ
1129 1305 1575 1379 ἐνθρονιασθείση
1598 1309 1802 1379 ἐκκλη-

216 1395 336 1466 σίᾳ·
397 1397 536 1467 μήτε
592 1394 912 1467 ἀναφερέτω
965 1395 1127 1450 αὑτὸν
1186 1396 1263 1460 ὡς
1311 1397 1636 1453 ἐπίσκοπον.
1690 1399 1801 1454 Καὶ

217 1489 495 1560 μακάριος
547 1480 703 1550 οὗτος
735 1527 749 1552 ,
802 1487 1013 1540 πολλῶν
1067 1488 1162 1542 καὶ
1218 1488 1396 1544 ἀλλων
1444 1492 1800 1564 παράδειγμα

216 1579 498 1652 σωτηρίας
524 1579 835 1648 γενόμενος.

289 1670 553 1734 Τεθέντος
595 1668 653 1721 δὲ
697 1667 1086 1738 θυσιαστηρίου
1136 1668 1194 1722 ἐν
1228 1670 1293 1740 τῇ
1341 1668 1477 1740 αὐτῇ
1510 1670 1799 1742 ἐκκλησία,

214 1763 373 1816 οὐδὲν
409 1764 470 1816 τὸ
499 1762 708 1816 κωλύον
732 1762 1065 1832 λειτουργεῖν
1095 1763 1296 1817 ἐκεῖσε.
1335 1763 1399 1816 "O
1431 1762 1487 1816 δέ
1513 1780 1581 1834 με
1610 1763 1800 1819 ἔλαθεν

214 1857 477 1929 ἀνωτέρω
538 1853 814 1926 σημάναι,
875 1854 1265 1924 μνησθήσομαι
1346 1854 1614 1909 ἐνταῦθα·
1675 1857 1798 1920 ὄτι,

1903 675 2015 723 tres
2045 669 2300 738 produxit
2327 671 2683 742 praepositus?
2732 670 2788 727 Si
2810 688 2939 745 ergo
2963 673 3009 729 is
3059 675 3154 748 qui
3204 677 3476 732 ordinavit

1901 768 2049 816 recte
2067 760 2216 829 fecit,
2245 764 2554 820 ministrare
2577 765 2757 820 statim
2785 775 3083 837 potuerunt
3105 784 3119 822 :
3139 769 3232 825 sed
3250 785 3374 826 cum
3405 773 3477 829 sit

1902 847 2193 910 hmreticus
2219 895 2234 920 ,
2264 869 2331 910 eo
2363 857 2508 926 quod
2559 857 2876 914 haereticum
2914 859 3032 929 ipse
3059 873 3474 926 commemorat.

1902 945 2118 1000 tametsi
2145 961 2336 1002 sanum
2363 963 2421 1003 se
2443 948 2646 1004 habere
2664 965 2888 1005 sensum
2911 951 3075 1017 dicat,
3104 967 3214 1006 non
3240 963 3478 1022 possunt

1900 1051 2038 1105 quos
2065 1037 2280 1092 ordinat
2312 1038 2368 1091 in
2419 1039 2564 1093 veris
2607 1039 2702 1094 Dei
2753 1041 3019 1096 ministris
3050 1043 3284 1098 censeri.
3319 1044 3475 1110 Quod

1902 1126 1948 1182 si
1973 1127 2196 1196 spiritus
2226 1128 2325 1182 zeli
2384 1129 2554 1185 divini
2589 1132 2792 1186 exarsit
2827 1132 2880 1185 in
2907 1135 3238 1202 praeposito,
3269 1142 3476 1190 etcon-

1900 1215 2154 1273 fessionis
2182 1234 2437 1274 coronam
2463 1220 2692 1290 adipisci
2725 1221 2908 1277 studet
2940 1239 2954 1288 ;
2991 1238 3093 1278 nec
3131 1237 3284 1278 sacra
3316 1226 3479 1281 obeat

1901 1308 1956 1362 in
1989 1309 2217 1363 ecclesia
2249 1308 2305 1362 in
2331 1325 2433 1379 qua
2467 1310 2555 1364 ille
2594 1310 2883 1381 praesidet,
2924 1327 3102 1382 neque
3144 1314 3297 1369 illum
3354 1323 3478 1371 tan-

1901 1416 2062 1470 quam
2112 1401 2430 1472 episcopum
2483 1412 2895 1458 commemoret.
2931 1404 2994 1458 Et
3023 1404 3215 1460 beatus
3260 1405 3352 1463 hic
3386 1406 3478 1478 qui

1901 1493 2019 1549 aliis
2048 1509 2264 1565 quoque
2292 1496 2478 1552 multis
2509 1496 2762 1566 exemplo
2785 1497 2852 1552 ad
2877 1497 3106 1553 salutem
3154 1498 3340 1555 fuerit.

1970 1668 2154 1726 Posito
2182 1681 2362 1726 autem
2395 1672 2450 1727 in
2481 1673 2709 1728 ecclesia
2745 1674 2831 1728 illa
2880 1676 3299 1746 sacriﬁcatorio,
3345 1678 3480 1734 nihil

1903 1771 1989 1817 est
2040 1762 2185 1832 quod
2231 1763 2339 1818 illic
2377 1765 2690 1820 ministrare
2739 1766 3046 1836 prohibeat.
3092 1769 3248 1835 Quod
3297 1780 3480 1827 autem

1902 1856 2155 1925 superius
2201 1872 2424 1911 monere
2471 1857 2690 1922 excidit,
2743 1873 3027 1930 suggeram
3058 1860 3163 1917 hoc
3208 1863 3345 1926 ioco,
3389 1879 3480 1924 ne.

215 1947 412 2016 ἐπειδὴ
457 1945 604 2014 λέγει
635 1947 662 1999 6
690 1946 846 2014 ἅγιος
886 1945 1169 2007 Βασίλειος
1217 1945 1349 2016 περὶ
1391 1946 1501 1998 τῶν
1532 1947 1590 1998 ἐν
1622 1964 1802 2016 παρα-

1911 1963 2024 2002 cutn
2049 1948 2116 2002 de
2143 1947 2208 2002 iis
2227 1947 2316 2017 qui
2353 1949 2405 2000 in
2442 1964 2842 2020 parasynagoga
2865 1951 3091 2005 fuerunt
3111 1952 3241 2008 dicit
3261 1963 3483 2009 sanctus

221 2040 522 2109 συναγωγῇ
551 2037 866 2108 γενομένων
892 2037 1040 2102 τάδε,
1066 2037 1210 2090 ὥστε
1246 2037 1514 2101 πολλάκις
1555 2041 1648 2092 καὶ
1673 2040 1802 2102 τοὺς

216 2133 277 2184 tv
303 2130 500 2201 βαθμῷ
527 2129 968 2192 συναπελθόντας
1001 2132 1115 2192 τοῖς
1160 2129 1580 2194 ἀνυποτάκτοις,
1611 2132 1735 2184 ἐπεὶ
1756 2130 1800 2184 δ’

216 2223 284 2276 ἂν
317 2221 796 2294 μεταμεληθῶσιν,
830 2224 912 2285 είς
942 2221 1042 2293 τὴν
1070 2222 1242 2293 αὐτὴν
1271 2222 1682 2294 παραδέχεσθαι
1704 2224 1802 2277 τά-

219 2316 302 2379 ξιν
328 2331 342 2345 ·
406 2315 483 2386 μὴ
542 2315 742 2369 οίέσθω
784 2333 882 2369 σου
917 2317 950 2385 ή
982 2314 1242 2370 εύλάδεια
1290 2315 1668 2370 ἐναντιοῦσθαι
1710 2316 1803 2370 τὸν

218 2409 384 2477 λόγον
416 2408 493 2478 τῷ
528 2406 879 2478 ἀποστολικῷ
930 2407 1117 2461 κανόνι
1170 2405 1408 2475 λέγοντι.
1442 2426 1460 2458 ι
1500 2406 1568 2460 Εἴ
1586 2422 1670 2470 τις
1700 2424 1802 2459 κα-

220 2502 526 2573 θῃρημένῳ
581 2502 842 2572 κληρικδς
889 2500 965 2555 ῶν
1019 2501 1096 2565 ὡς
1147 2499 1398 2572 κληρικῷ
1453 2499 1802 2568 συνεύξεται,

221 2595 605 2666 καθαιρείσθω
638 2595 737 2648 καὶ
776 2595 959 2657 αὑτός.
1004 2613 1022 2646 ι
1070 2593 1232 2647 Ἀλλά
1261 2591 1552 2664 νομιζέτω,
1583 2593 1685 2656 ὅτι,
1729 2592 1806 2656 ὡς

217 2687 471 2758 διεκρίθη
527 2692 676 2757 παρά
732 2685 842 2738 τῶν
874 2685 1157 2756 Πατέρων,
1207 2686 1353 2746 τίνες
1401 2681 1513 2737 είεν
1565 2685 1806 2756 αἱρέσεις

223 2780 361 2850 πρὸς
419 2778 726 2849 σχίσματα·
783 2776 1332 2848 οὓτωδιακέκριται
1371 2775 1614 2846 δηλονότι
1662 2774 1806 2828 κατά

220 2875 323 2944 τὴν
377 2871 676 2924 ἀκόλουθον
718 2869 952 2934 ἔννοιαν,
1008 2869 1092 2936 τίς
1149 2871 1298 2922 ἐστιν
1329 2868 1357 2921 6
1406 2869 1805 2939 ἀπαραιτήτως

222 2964 509 3034 καθαιρῶν
562 2961 746 3017 κανὼν
811 2961 904 3015 τὸν
956 2960 1328 3033 καθῃρημένῳ
1380 2961 1803 3030 συνευξάμενον,

223 3057 382 3127 παρὰ
411 3056 502 3109 τὸν
538 3058 597 3109 ἐν
627 3055 1080 3125 παρασυναγωγῇ
1133 3052 1464 3122 γενόμενον·
1521 3054 1601 3105 ὅτι
1641 3053 1668 3104 6
1704 3053 1805 3122 μὲν

222 3151 382 3214 εἰδὼς
425 3150 508 3204 ὅτι
553 3146 1004 3219 ὁμολογουμένως
1055 3146 1428 3218 καθῃρημένῳ
1463 3147 1804 3216 συνεύχεται,

221 3243 454 3307 εἰκότως
477 3241 677 3295 αὐτίκα
702 3239 1072 3309 καθαιρεϊται,
1091 3237 1405 3308 ἀδιαφόρως
1421 3236 1684 3306 ἐνεχθεὶς,
1714 3236 1806 3297 καὶ

233 3339 312 3410 μὴ
349 3333 748 3408 προσεσχηκὼς
773 3331 849 3402 τῷ
870 3331 1086 3384 κανόνι·
1118 3330 1146 3382 ὁ
1173 3329 1251 3392 δέ,
1288 3328 1362 3392 ὼς
1411 3330 1512 3382 οὐκ
1561 3329 1806 3401 οἰόμενος

224 3428 368 3486 εἶναι
422 3429 834 3501 καθῃρημένον,
877 3420 920 3494 ᾧ
972 3423 1300 3495 συναπήχθη
1358 3423 1497 3494 μετά
1546 3423 1807 3493 πλήθους,

224 3526 317 3580 ἐπ’
348 3522 441 3588 ἂν,
473 3523 628 3592 φησὶ,
663 3518 1048 3592 μεταμληθῇ,
1082 3518 1164 3580 είς
1200 3515 1300 3588 τὴν
1336 3515 1508 3586 αὐτὴν
1566 3514 1811 3586 παραδέ-

224 3619 419 3672 δεκται
447 3615 624 3681 τάξιν.
651 3613 980 3684 Πρόσκειται
1011 3609 1069 3664 δὲ
1117 3608 1213 3663 καὶ
1260 3607 1422 3662 τοῦτο
1451 3607 1719 3670 πολλάκις
1753 3606 1812 3659 ἐν

224 3711 306 3783 τῷ
335 3711 484 3781 λόγῳ
512 3707 608 3762 τοῦ
635 3707 795 3776 ἀγίου
822 3721 834 3733 ⁸
877 3705 1020 3759 ὥστε
1056 3703 1174 3757 ἐστὶ
1213 3704 1309 3758 καὶ
1347 3701 1811 3772 μεταμελόμενον,

231 3806 308 3874 μὴ
361 3805 444 3865 εἰς
486 3800 587 3871 τὴν
620 3797 793 3868 αὐτὴν
825 3794 983 3860 τάξιν
1032 3792 1468 3866 παραδεχθῆναι.
1521 3792 1630 3843 Καὶ
1660 3783 1814 3853 οὗτος

232 3895 334 3964 μὲν
363 3893 392 3945 6
425 3891 584 3959 λόγος
621 3887 991 3958 ἐνδεχομένως
1021 3885 1317 3938 ἐκδέδοται.
1358 3883 1418 3935 ’0
1448 3882 1504 3935 δὲ
1525 3879 1814 3935 ἀποστολι-

229 3986 327 4048 κδς
372 3981 554 4038 κανὼν
609 3981 930 4049 ἀναγκαίως
982 3977 1077 4032 καὶ
1137 3975 1559 4045 ἀπαραιτήτως.
1613 3971 1739 4024 Ὀτι
1787 3971 1815 4024 ὁ

227 4075 585 4150 ψευδώνυμος
613 4071 988 4146 Χριστοφόρος
1019 4069 1182 4123 πάλιν
1213 4070 1293 4131 είς
1323 4066 1385 4120 τὸ
1410 4067 1540 4120 ἴδιον
1572 4063 1814 4136 ἐξέραμα

234 4163 602 4237 ὑπέστρεψεν,
644 4161 754 4216 οὐδ’
784 4161 922 4223 ὅλως
989 4157 1303 4229 ἐθαύμασα,
1353 4153 1513 4218 εἰδὼς
1558 4154 1722 4208 αὐτοῦ
1753 4153 1815 4206 τὸ

233 4261 472 4316 ἄστατον
505 4255 602 4308 καὶ
629 4253 867 4320 ἀπαγές.
901 4250 1026 4305 Ὀτι
1051 4250 1106 4303 δέ
1129 4253 1156 4303 6
1186 4247 1481 4317 Κληδόνιος
1511 4246 1650 4316 ὑπὲρ
1683 4245 1818 4315 ἀλη-

233 4350 389 4414 θείας
413 4348 545 4420 μίαν
575 4346 743 4417 μόνην
763 4344 977 4416 ἡμέραν
999 4344 1196 4414 ἧνεγκε
1215 4339 1462 4411 φυλακὴν
1485 4339 1578 4393 καὶ
1603 4337 1818 4409 πληγάς

234 4442 390 4514 παρὰ
417 4440 527 4494 τῶν
555 4437 792 4498 ἀσεϐῶν,
835 4437 975 4489 πάνυ
1024 4434 1270 4503 ἐξέστην.
1311 4432 1473 4484 Ὥστε
1499 4432 1549 4484 εί
1581 4429 1688 4491 ἓως
1719 4426 1816 4480 τοῦ

234 4535 334 4589 νῦν
364 4531 619 4602 ἐπιμένει
645 4529 878 4598 δυνάμει
932 4526 1091 4591 Θεοῦ,
1139 4527 1212 4596 μὴ
1243 4524 1442 4596 ἀεργὸν
1467 4521 1695 4592 γένηταί
1735 4519 1817 4574 σοί

1904 2039 2154 2102 Basilius,
2188 2055 2567 2110 saepenumero
2596 2041 2760 2096 etiam
2785 2042 2905 2097 illos
2937 2045 3028 2113 qui
3061 2044 3116 2098 in
3141 2045 3309 2116 gradu
3332 2055 3481 2112 sunt,

1905 2131 1949 2184 si
1979 2139 2261 2200 postquam
2302 2140 2653 2187 contumaces
2699 2134 2893 2188 sectati
2942 2143 3089 2200 sunt,
3137 2136 3482 2206 resipiscam,

1905 2221 1958 2275 in
2006 2221 2260 2276 eumdem
2317 2222 2564 2278 ordinem
2616 2224 2830 2294 recipi;
2883 2226 3157 2280 existimet
3200 2226 3485 2296 prudentia

1907 2323 2018 2376 tua,
2057 2328 2358 2384 repugnare
2387 2315 2502 2369 hare
2524 2316 2686 2370 verba
2720 2315 2929 2371 Canoni
2978 2316 3278 2387 apostolico
3301 2318 3488 2372 dicen-

1908 2406 1948 2461 ti
1975 2405 2020 2436 “
2046 2425 2059 2460 :
2100 2423 2119 2458 ι
2157 2405 2211 2460 Si
2246 2407 2368 2477 quis
2396 2408 2627 2463 clericus
2655 2424 2777 2463 cum
2810 2410 3061 2480 deposito
3092 2419 3349 2480 tanquam
3380 2411 3489 2467 cle-

1908 2499 2023 2553 rico
2053 2498 2308 2562 oraverit,
2344 2500 2650 2568 deponatur
2678 2509 2733 2556 et
2752 2501 2922 2571 ipse.»
2959 2500 3064 2557 Sed
3091 2511 3266 2572 putet.
3294 2518 3487 2571 quem-

1906 2590 2196 2646 admodum
2246 2589 2567 2646 distinctum
2634 2601 2719 2646 est
2748 2607 2778 2645 a
2813 2592 3082 2658 Patribus,
3109 2591 3489 2664 quodiﬂerant

1909 2683 2147 2738 haereses
2196 2698 2227 2737 a
2269 2684 2703 2751 schismatibus;
2751 2684 2829 2740 sic
2877 2685 3065 2754 utique
3119 2694 3489 2740 consentanea

1909 2773 2266 2844 intelligentia
2318 2773 2634 2828 distinctum
2683 2789 2827 2840 esse,
2885 2775 3011 2845 quis
3061 2775 3132 2830 sit
3167 2789 3366 2840 canon,
3397 2774 3490 2845 qui

1909 2882 2033 2923 cum
2074 2866 2325 2937 deposito
2372 2875 2643 2932 orantem,
2675 2866 3083 2924 inexorabiliter
3116 2867 3342 2938 deponit
3378 2881 3492 2937 prze

1911 2974 1978 3014 eo
2007 2958 2099 3029 qui
2131 2975 2548 3031 parasynagogae
2579 2958 2828 3014 interfuit
2853 2977 2868 3014 :
2897 2975 2963 3014 eo
2978 2958 3122 3030 quod
3151 2959 3240 3014 ille
3271 2958 3490 3030 quidem

1912 3051 2094 3106 sciens
2122 3066 2278 3106 orare
2317 3067 2502 3107 secum
2534 3067 2680 3116 eum,
2721 3067 2881 3121 quem
2919 3052 3225 3122 depositum
3250 3066 3371 3107 esse
3394 3065 3485 3121 pa-

1909 3143 2016 3198 lam
2066 3152 2170 3210 est,
2222 3145 2418 3200 merito
2473 3144 2656 3198 statim
2708 3143 3024 3214 deponitur,
3058 3144 3241 3214 utqui
3284 3144 3493 3212 absque

1912 3238 2234 3294 discrimine
2271 3239 2400 3310 egit,
2445 3247 2498 3293 et
2548 3238 2744 3294 canoni
2783 3238 3010 3293 minime
3053 3238 3489 3309 obtemperavit:

1913 3329 2007 3385 hic
2045 3345 2196 3392 vero.
2228 3330 2401 3399 utqui
2429 3345 2540 3384 non
2570 3329 2781 3400 putavit
2810 3329 3117 3400 depositum
3139 3327 3310 3384 fuisse
3339 3329 3491 3383 illum

1911 3421 1979 3476 ad
2012 3437 2176 3492 quem
2207 3436 2332 3476 cum
2364 3421 2715 3477 multitudine
2748 3421 3007 3490 abreptus
3025 3419 3146 3483 fuit,
3183 3428 3491 3490 postquam.

1913 3516 2110 3587 inquit,
2161 3515 2408 3585 resipuit,
2457 3514 2710 3569 eumdem
2761 3513 2815 3568 in
2841 3513 3065 3584 gradum
3104 3520 3190 3568 est
3215 3519 3490 3581 receptus.

1915 3608 2030 3664 lloc
2071 3623 2288 3678 quoque
2336 3608 2389 3661 in
2447 3607 2625 3662 sancti
2675 3606 2858 3662 verbis
2913 3605 3231 3676 frequenter
3250 3605 3490 3668 additur,

1916 3699 2171 3753 eumdem
2197 3701 2249 3752 in
2268 3699 2493 3769 gradum
2528 3715 2638 3752 non
2670 3698 2837 3766 recipi
2859 3698 2924 3752 “.
2948 3700 3126 3766 Atque
3157 3697 3247 3753 hic
3271 3697 3493 3767 quidem

1915 3805 2096 3845 sermo
2123 3790 2505 3859 contingenter
2533 3789 2869 3843 enuntiatur.
2926 3787 3111 3842 Canon
3144 3796 3325 3842 autem
3363 3802 3495 3858 apo-

1916 3883 2142 3938 stolicus
2163 3881 2475 3937 necessario
2505 3892 2556 3937 et
2599 3880 3029 3936 inexorabiliter.
3063 3879 3216 3946 Quod
3245 3879 3494 3934 Christo-

1916 3973 2124 4046 phorus
2158 3974 2353 4029 falsum
2394 3990 2596 4028 nomen
2639 3975 2866 4038 habens,
2906 3974 2970 4027 ad
3007 3973 3286 4043 proprium
3321 3974 3495 4027 vomi-

1919 4075 2032 4120 tum
2059 4081 2312 4121 reversus
2342 4067 2432 4130 sit,
2466 4065 2700 4119 miratus
2729 4065 2887 4135 plane
2927 4079 3039 4119 non
3074 4078 3194 4118 sum
3223 4079 3237 4128 ;
3269 4078 3498 4134 perspe-

1917 4168 2060 4213 ctam
2104 4157 2312 4212 habens
2357 4157 2476 4228 ejus
2516 4157 2924 4212 instabilitatem
2955 4165 3009 4211 et
3053 4154 3494 4211 inconstantiam.

1918 4251 2071 4318 Quod
2097 4267 2226 4306 vero
2251 4243 2542 4306 L'ledonius
2582 4250 2740 4305 unica
2783 4258 2989 4304 tantum
3024 4249 3112 4304 die
3144 4264 3242 4318 pro
3268 4247 3498 4302 veritate

1919 4343 2226 4399 custodiam
2249 4352 2306 4398 et
2333 4344 2516 4414 plagas
2541 4343 2609 4397 ab
2643 4342 2828 4412 impiis
2859 4340 3098 4411 pertulit,
3141 4339 3501 4394 vehementer

1917 4436 2196 4507 obstupui.
2222 4436 2402 4503 Quare
2434 4435 2480 4490 si
2519 4435 2624 4489 huc
2658 4449 2830 4504 usque
2865 4431 3235 4504 perseveravit
3262 4430 3358 4486 Dei
3390 4429 3500 4485 vir-

1920 4539 2055 4595 tute,
2090 4529 2324 4584 otiosum
2368 4544 2480 4583 non
2522 4527 2706 4592 fuerit,
2745 4536 2799 4582 te
2833 4535 2889 4580 et
2922 4526 3059 4580 alios
3101 4525 3298 4580 fratres
3336 4539 3499 4594 opem

234 4645 296 4682 τε
327 4627 423 4681 καὶ
453 4626 638 4688 ἀλλοις
678 4622 953 4689 ἀδελφοῖς,
1012 4619 1231 4688 ὀρέγειν
1264 4618 1410 4686 αὐτῷ
1442 4618 1621 4687 χεῖρα,
1661 4616 1808 4684 εἴπερ

1926 4623 2002 4678 illi
2039 4622 2203 4687 ferre,
2249 4621 2292 4674 si
2327 4621 2406 4675 fas
2439 4628 2543 4674 est.
2576 4618 2732 4685 Quod
2772 4619 2841 4674 ad
2869 4633 2964 4674 eos
2997 4631 3164 4690 porro
3198 4624 3408 4687 spectat
3428 4615 3500 4670 de

235 4717 352 4776 οἷόν
381 4736 462 4774 τε.
488 4719 624 4788 Περὶ
659 4717 718 4770 δὲ
755 4715 865 4768 τῶν
914 4712 1356 4783 προειρημένων,
1403 4707 1818 4779 βαπτιζομένων

236 4810 383 4877 λέγω
407 4807 716 4879 χριομένων
750 4823 811 4858 τε
836 4805 915 4875 τῷ
946 4804 1087 4873 ἁγίῳ
1133 4802 1313 4873 μύρῳ,
1348 4802 1442 4855 καὶ
1484 4800 1819 4868 ἀναθεματι-

239 4903 446 4969 ζόντων
467 4899 564 4970 τὴν
594 4899 807 4969 αἵρεσιν
839 4912 851 4927 ·
885 4898 982 4967 οὐχ
1014 4896 1088 4958 ὡς
1130 4897 1159 4950 6
1198 4894 1342 4957 θεῖος
1388 4892 1703 4961 Ἐπιφάνιος
1732 4890 1822 4943 τέ-

238 5011 375 5065 ταχε
406 4993 502 5047 καὶ
525 4992 823 5062 ἠρίθμησε,
847 4989 946 5052 τὰς
978 4989 1220 5058 αἱρέσεις
1245 4987 1518 5055 γέγραφα.
1568 4983 1708 5037 Ἀλλ’
1743 4982 1820 5047 ὡς

243 5080 407 5155 εὖρον
431 5082 891 5155 παρασημείωσίν
915 5098 1060 5144 τινος
1104 5080 1213 5132 τῶν
1245 5078 1619 5149 ἀρχαιοτέρων
1665 5078 1820 5148 φιλο-

243 5179 411 5233 πόνου
444 5177 661 5248 ἀνδρὸς,
689 5176 782 5229 καὶ
820 5175 882 5227 ἐκ
929 5175 1028 5244 τῆς
1060 5175 1117 5227 ἐν
1160 5171 1447 5238 Βυζαντίδι
1493 5171 1824 5242 Ἐκκλησίας

243 5274 346 5343 τὴν
377 5273 440 5324 ἐκ
474 5269 695 5340 βιὸλίων
725 5268 952 5337 ἔρευναν
989 5268 1085 5322 καὶ
1142 5265 1364 5338 εὕρεσιν
1418 5266 1817 5336 ποιησαμένου.

262 5367 324 5420 '0
353 5364 585 5434 ἀδελφὸς
617 5362 921 5434 Γρηγὸριος
939 5361 1175 5430 γνησίως
1201 5359 1626 5430 προσαγορεύει.

323 5504 463 5559 MA’.
489 5533 556 5541 —
576 5497 886 5564 Σιλουανῷ
914 5499 1009 5550 καὶ
1045 5493 1447 5563 Εὐπρεπιανῷ
1499 5494 1755 5560 τέκνοις.

941 5567 1129 5640 [ρκθ].

1926 4715 2126 4785 quibus
2176 4713 2307 4777 dixi,
2356 4711 2448 4782 qui
2509 4711 2855 4782 baptizantur
2909 4713 3138 4776 scilicet,
3201 4717 3502 4780 sanctoque

1926 4807 2225 4863 chrismate
2264 4814 2563 4875 unguntur,
2607 4812 2662 4858 et
2711 4802 2961 4858 haeresim
3013 4801 3497 4863 anathematizauit,

1927 4915 2039 4955 non
2064 4899 2141 4952 uti
2165 4898 2382 4953 divinus
2411 4896 2745 4966 Epiphanius
2771 4894 3041 4965 disposuit
3060 4903 3114 4948 et
3133 4891 3498 4955 enumeravit,

1929 4991 2166 5045 haereses
2183 4987 2476 5057 descripsi;
2506 4987 2601 5042 sed
2629 4986 2771 5041 sicut
2789 4987 2844 5041 in
2869 4983 3195 5054 antiquioris
3219 4983 3502 5053 cujusdam

1930 5082 2160 5138 studiosi
2185 5080 2282 5135 viri
2317 5078 2713 5136 commentario
2739 5075 2948 5142 inveni,
2980 5075 3072 5146 qui
3104 5091 3175 5130 ex
3197 5073 3505 5146 Byzantinus

1932 5175 2191 5231 Ecclesia:
2222 5173 2376 5230 libris
2407 5173 2691 5245 indagarat
2715 5179 2770 5228 et
2798 5178 3040 5228 eruerat.
3083 5168 3275 5225 Frater
3299 5167 3504 5240 Gregoo

1932 5271 2048 5325 rius
2076 5269 2288 5324 sincere
2322 5267 2540 5323 salutat.

2162 5493 2297 5550 XLI.
2329 5522 2396 5534 —
2435 5490 2649 5547 Silvano
2687 5498 2734 5543 et
2769 5487 3100 5558 Euprepiano
3129 5483 3274 5552 ﬁliis.

1186 5679 1424 5729 Arcanam
1454 5691 1545 5740 per
1569 5676 1805 5739 epistolas
1827 5676 2076 5726 scribendi
2101 5679 2344 5727 rationem
2380 5677 2548 5728 tradit.

347 5791 565 5863 Ἐπειδὴ
583 5790 728 5862 ζητῶ
743 5789 1036 5861 μανθάνειν
1063 5791 1320 5861 περὶτῶν
1346 5789 1616 5859 ἀδελφῶν,
1640 5789 1824 5850 τέκνα,

336 5910 382 5941 δ’
415 5905 546 5962 Can.
583 5904 668 5960 11.
745 5905 791 5936 ⁸³
817 5905 898 5959 Ad
924 5905 1357 5976 Amphilochium,
1390 5918 1506 5957 can.
1543 5902 1631 5968 ὅθ,
1673 5902 1759 5956 51.

2007 5789 2273 5855 Quoniam
2321 5792 2386 5846 de
2410 5789 2666 5845 fratribus
2697 5787 2837 5844 scire
2867 5799 3022 5850 aveo,
3069 5783 3184 5848 filii,
3217 5789 3272 5837 et
3307 5779 3404 5852 ipsi
3437 5777 3507 5834 de
