4158 6472
724 389 855 451 1059
1897 389 1955 443 S.
1986 380 2280 443 THEODO

2418 382 2764 446 STUDlT/E
3815 386 3941 447 ιοθο

712 496 819 547 illis
850 494 1165 563 frequenter
1215 492 1517 562 signiﬁcare
1550 491 1711 543 vultis
1745 508 1758 553 ;
1825 490 2133 542 consultum
2169 488 2280 538 [ore

2387 488 2417 553 ἦ
2451 490 2545 539 καὶ
2576 491 2732 544 αὐτοὶ
2774 490 3035 553 πολλάκις
3066 490 3249 543 θέλετε
3302 488 3495 558 δηλοῦν
3542 490 3671 557 περὶ
3725 489 3901 540 αὐτῶν
3926 508 3940 521 ·

710 586 859 649 duxi,
908 586 1179 655 simulque
1218 584 1438 639 brevius
1488 592 1541 637 et
1569 581 1855 642 occultius.
1898 595 1961 633 ex
1992 578 2278 633 elementis

2386 580 2672 649 ἐσκόπησα
2700 582 2867 635 καλὸν
2894 577 3057 647 εἶναι,
3092 580 3229 652 ὁμοῦ
3258 598 3318 633 τε
3357 580 3447 633 διὰ
3491 578 3553 632 τὸ
3604 578 3943 648 συντομώτε-

711 694 806 733 seu
841 678 1030 749 viginti
1078 686 1311 748 quatuor
1339 675 1534 729 litteris
1578 675 1697 729 illos
1750 670 2047 742 designari,
2100 682 2157 724 ut
2210 669 2280 723 sit

2386 687 2479 740 ρον
2507 673 2601 723 καὶ
2632 671 3126 742 ἐπικρυπτὸτερον,
3152 669 3260 723 ἀπὸ
3307 669 3417 722 τῶν
3452 667 3756 737 στοιχείων,
3788 670 3945 735 ἡγουν

712 771 988 826 nimirum.

779 966 833 1000 α.
873 947 1047 1001 Patris
1078 945 1275 999 nostri.

785 1017 835 1083 β.
872 1013 1304 1084 Archiepiscopi.

783 1103 838 1152 γ.
863 1087 1128 1153 Calogeri.

781 1156 829 1209 δ.
871 1155 1173 1209 Athanasii.

782 1242 831 1278 ε.
864 1222 1235 1293 Barsanuphii.

785 1294 835 1357 ζ.
865 1294 1097 1347 Nicolai.

782 1382 838 1433 η.
868 1362 1183 1433 Sephronii.

784 1432 835 1485 0.
870 1432 1168 1501 Euthymii.

785 1522 824 1559 ι.
861 1502 1153 1557 Joannicii.

785 1589 840 1626 κ.
862 1571 1175 1625 Domitiani.

783 1642 834 1694 λ.
860 1639 1181 1696 (Εοοιιοηιί.

789 1727 847 1779 μ.
875 1710 1110 1764 Arsenii.

788 1798 833 1832 v.
868 1780 1075 1833 Acacii.

783 1850 832 1914 ξ.
868 1848 1088 1902 Meletii.

782 1936 829 1971 0.
866 1917 1109 1972 Luciani.

784 2006 843 2041 π.
864 1987 1178 2057 Ερὶριιειηὶἰ.

786 2074 836 2127 ρ.
866 2056 1049 2127 belOe.

785 2124 833 2179 σ.
866 2124 1071 2181 Basilii.

780 2212 831 2249 τ.
866 2194 1279 2251 Euschemonis.

784 2283 835 2318 υ.
868 2265 1095 2321 Silvani.

786 2352 843 2401 φ.
869 2336 1225 2407 ξυριορίοῐιί.

782 2424 835 2475 χ.
863 2404 1129 2475 Gregorii.

781 2473 842 2543 ψ.
867 2473 1153 2530 Eustathii.

782 2564 847 2598 ω.
870 2544 1069 2600 Meum.

786 2637 1017 2703 Quando
1046 2639 1210 2711 igitur
1240 2640 1293 2695 in
1323 2642 1677 2714 inscriptione
1715 2644 1931 2701 aﬂixum
1957 2651 2040 2699 est
2064 2640 2279 2713 aliquod

713 2728 1066 2795 elementum,
1112 2732 1399 2801 cuiusnam
1448 2736 1519 2790 sit
1551 2736 1775 2807 epistola
1810 2737 1967 2807 plane
1997 2735 2234 2790 declarat
2264 2751 2280 2790 :

713 2821 863 2874 verbi
892 2823 1082 2891 gratia,
1102 2841 1136 2875 α
1163 2823 1337 2878 Patris
1358 2826 1528 2881 nostri
1551 2844 1565 2893 ;
1602 2838 1658 2883 et
1680 2828 2106 2897 unumquodque
2127 2826 2282 2879 simi-

715 2908 857 2962 liter.
897 2910 1123 2975 Rursus,
1170 2914 1539 2985 interrogante
1582 2932 1689 2981 me,
1727 2916 2011 2983 Quomodo
2038 2915 2177 2970 valet
2208 2913 2282 2985 βῖ

714 3000 918 3054 clarum
955 3012 1038 3055 est
1060 3002 1304 3075 intelligi,
1338 3006 1405 3060 de
1441 3006 1854 3078 archiepiscopo
1884 3023 2003 3062 esse
2029 3012 2284 3077 quaestio-

2382 760 2490 813 τῶν
2518 762 2973 832 εἰκοσιτεσσάρων
3005 759 3348 831 γραμμάτων
3369 796 3384 823 ,
3419 757 3643 820 τούτους
3666 757 3942 824 ἐπιδηλοῦο

2385 854 2511 909 σθαι
2541 872 2555 887 ·
2583 859 2675 910 καὶ
2701 858 2763 928 δὴ
2795 860 2960 926 λέγω,

2453 950 2527 1003 Τὸ
2560 966 2594 1020 α
2624 949 2717 1001 τοῦ
2747 950 2959 1020 Πατρὸς
3002 948 3174 1018 ἡμῶν.

2454 1021 2528 1072 Τὸ
2557 1019 2587 1088 β
2616 1020 2708 1089 τού
2740 1020 3202 1089 Ἀρχιεπισκόπου

2453 1089 2527 1143 Τὸ
2556 1106 2590 1155 γ
2622 1088 2715 1140 τοῦ
2745 1088 3087 1158 Κᾱλογὴρου.

2454 1162 2528 1213 Τὸ
2551 1159 2579 1211 δ
2611 1158 2706 1210 toi
2731 1158 3075 1212 Ἀθανασίου.

2457 1230 2531 1282 Τὸ
2554 1245 2577 1280 ε
2600 1228 2697 1280 τοῦ
2729 1228 3155 1297 Βαρσανουφίου.

2459 1298 2583 1361 Τδζ
2614 1298 2708 1350 τοῦ
2738 1297 3030 1351 Νικολάου.

2456 1368 2529 1419 Τὸ
2563 1386 2595 1435 η
2632 1367 2726 1437 τού
2756 1367 3089 1437 Σωφρονίου.

2456 1438 2529 1490 Τὸ
2554 1438 2584 1491 0
2620 1436 2716 1489 τοῦ
2750 1436 3044 1505 Εὑθυμίου.

2455 1510 2529 1561 Τὸ
2566 1525 2582 1559 ι
2610 1506 2703 1559 τοῦ
2731 1507 3087 1562 Ἰωαννικίου.

2456 1580 2580 1631 Tox
2609 1574 2704 1628 τοῦ
2738 1577 3092 1645 Δομετιανοῦ.

2456 1649 2529 1700 Τὸ
2554 1646 2584 1698 λ
2608 1645 2700 1697 τοῦ
2736 1646 3057 1715 Οίκονόμου.

2455 1718 2528 1771 Τὸ
2558 1733 2596 1784 μ
2624 1715 2717 1767 τοῦ
2747 1715 3048 1783 Ἀρσενίου.

2456 1788 2528 1841 Τὸ
2549 1804 2576 1837 ν
2605 1784 2698 1836 τοῦ
2730 1785 3013 1841 ’Δχακίου.

2455 1858 2529 1911 Τὸ
2560 1855 2585 1920 ξ
2624 1853 2715 1906 τοῦ
2750 1853 3036 1913 Μελετίου.

2454 1928 2526 1980 Τὸ
2544 1942 2573 1977 ο
2596 1923 2687 1975 τοῦ
2716 1924 3036 1982 Λουκιανοῦ.

2452 1998 2525 2051 Τὸ
2554 2012 2591 2047 π
2619 1995 2712 2047 τοῦ
2734 1994 3072 2060 Ἐπιφανίου.

2452 2067 2525 2120 Τὸ
2552 2082 2584 2135 ρ
2615 2065 2709 2117 τοῦ
2743 2065 2947 2133 Λητόη.

2451 2136 2524 2189 Τὸ
2556 2134 2587 2187 τ
2616 2136 2707 2188 τοῦ
2741 2134 3039 2191 Βασιλείου.

2450 2206 2524 2276 T0
2557 2222 2586 2256 τ
2616 2204 2708 2276 τού
2744 2204 3111 2276 Εύσχήμονος.

2450 2274 2525 2327 Τὸ
2553 2294 2582 2327 υ
2613 2275 2707 2328 τοῦ
2740 2272 3053 2332 Σιλουανοῦ.

2452 2345 2526 2398 Τὸ
2551 2363 2588 2413 φ
2609 2346 2703 2397 τοῦ
2734 2345 3137 2412 Εύπρεπιανοῦ.

2452 2415 2577 2523 Τὸχ
2607 2414 2701 2467 τοῦ
2736 2416 2774 2467 Γ
2780 2419 3064 2486 ρηγορίου.

2453 2486 2527 2523 Τλ
2552 2504 2591 2523 ιι
2620 2484 2713 2523 Ῥηῆ
2748 2485 3046 2523 ριἰπτηηίιυι

2453 2486 2527 2539 Τὸ
2550 2484 2591 2555 ψ
2620 2484 2713 2555 τοῦ
2747 2484 3067 2555 Eiram—06w.

2451 2555 2526 2608 Τὸ
2551 2574 2594 2607 ω
2617 2554 2676 2607 τὸ
2700 2554 2882 2623 Ἐμόν.

2454 2653 2584 2705 Ὅτε
2612 2651 2793 2704 τοίνυν
2829 2654 3007 2705 κεῖται
3048 2652 3106 2705 ἐν
3150 2654 3217 2723 τῇ
3254 2652 3535 2721 ἐπιγραφῇ
3580 2666 3635 2703 τι
3666 2654 3947 2721 στοιχεῖον,

2382 2734 2443 2796 οὗ
2475 2742 2618 2804 τινός
2648 2743 2796 2796 ἐστιν
2824 2744 2857 2813 ἠ
2896 2744 3155 2811 ἐπιστολὴ
3180 2743 3397 2804 πάντως
3436 2739 3750 2812 ἐγνωρίσθη
3769 2758 3784 2772 ο
3845 2736 3951 2795 οἷον

2382 2834 2443 2888 τὺ
2474 2851 2530 2899 α,
2563 2833 2658 2888 τοῦ
2689 2835 2900 2906 [ἰατρὸς
2927 2834 3082 2907 ήμῶν
3109 2851 3123 2867 ο
3153 2835 3247 2888 καὶ
3268 2834 3498 2887 ’ἑκαστον
3521 2833 3815 2897 ὡσαύτως.
3853 2828 3952 2886 ﬂi-

2384 2925 2469 2979 λιν
2497 2926 2812 2997 ἐρωτῶντος
2846 2945 2972 2997 μου,
3003 2925 3126 2988 Πῶς
3156 2925 3268 2995 ἔχει
3296 2927 3353 2978 τὸ
3386 2924 3452 2994 β;
3485 2926 3647 2994 δῆλον
3680 2926 3762 2977 ὅτι
3786 2928 3929 2993 ἐγνω

2389 3019 2546 3091 ρίσθη
2579 3019 2707 3089 περὶ
2737 3018 2831 3073 τοῦ
2862 3019 3293 3087 ἀρχιεπισκόπου
3332 3011 3472 3070 εἶναι
3511 3018 3611 3087 τὴν
3658 3018 3947 3088 ἐρώτησιν.

714 3106 860 3145 nem.
908 3092 1109 3148 Eodem
1154 3097 1314 3150 modo
1356 3113 1481 3152 cum
1551 3099 1745 3153 iterum
1792 3099 2086 3173 interrogo,
2133 3100 2280 3166 Quo-

715 3182 869 3201 μ-.-
948 3184 988 3201 ,.
1072 3194 1082 3201 ,
1191 3187 1202 3199 .
1396 3188 1419 3201 .
1454 3190 1477 3201 ..
1689 3192 1700 3201 .
2163 3192 2176 3201 .
2230 3192 2242 3201 .

2396 3111 2627 3177 Ὀμοίως
2655 3112 2713 3162 ἐν
2740 3110 2817 3178 τῷ
2840 3109 3003 3161 πάλιν
3055 3108 3332 3178 ἐρωτῆσαί
3368 3124 3458 3178 με,
3508 3108 3635 3170 ῐῙῶς
3660 3108 3878 3177 ἔχουσιν
3904 3107 3952 3156 οἱ

715 3182 876 3235 modo
909 3184 1088 3239 valent
1112 3187 1204 3255 qui
1233 3204 1359 3242 cum
1393 3188 1423 3258 β
1454 3190 1477 3243 ?
1520 3192 1867 3261 perspicuum
1895 3201 1996 3257 est,
2036 3192 2178 3261 quod
2212 3192 2279 3247 de

714 3272 782 3325 iis
807 3275 897 3341 qui
938 3290 1061 3329 cum
1098 3277 1188 3331 illo
1220 3288 1367 3342 sunt,
1416 3282 1486 3335 sit
1516 3282 1869 3353 interrogatio
1908 3300 1922 3347 ;
1976 3282 2278 3351 eodemque

715 3366 875 3421 modo
903 3367 957 3420 in
975 3370 1183 3423 caateris
1201 3371 1506 3425 elementis.
1538 3372 1742 3427 Rursus
1762 3372 1861 3425 alia
1885 3373 2234 3443 interrogatio
2260 3391 2273 3427 :

714 3456 855 3522 Quid
905 3458 1103 3512 auditis
1135 3458 1203 3513 de
1246 3476 1287 3512 π
1316 3461 1399 3515 vel
1448 3464 1515 3516 de
1550 3479 1586 3533 ρ
1624 3463 1709 3517 vel
1750 3463 1817 3517 de
1847 3462 1886 3533 ψ
1913 3463 1936 3515 ‘l
1962 3464 2029 3518 ad
2069 3465 2279 3535 singula

712 3549 978 3605 elementa
1003 3560 1085 3607 est
1114 3553 1415 3620 responsio.
1456 3553 1687 3609 Rursum
1715 3571 1898 3625 quaero
1928 3573 1940 3610 :
1981 3556 2115 3623 Quis
2146 3557 2280 3613 foris

715 3642 937 3697 advenit
969 3644 992 3697 ?
1031 3646 1367 3714 respondere
1401 3662 1497 3701 vos
1526 3656 1740 3717 oportet
1768 3650 1919 3717 juxta
1946 3652 2277 3706 elementum

717 3736 800 3789 vel
827 3754 859 3805 η
890 3737 973 3790 vel
1004 3754 1031 3788 0
1056 3737 1138 3791 vel
1180 3753 1245 3791 ex
1290 3739 1550 3808 reliquis;
1580 3749 1693 3803 aut,
1724 3741 1844 3795 Non
1875 3742 2027 3796 venit
2052 3759 2087 3811 η
2116 3744 2200 3797 vel
2227 3760 2277 3807 0,

716 3826 811 3881 sed
849 3828 939 3895 qui
970 3843 1092 3881 cum
1125 3846 1160 3897 η
1188 3830 1271 3883 vel
1303 3846 1330 3881 0
1372 3838 1450 3882 tut
1495 3846 1761 3885 numero:
1802 3833 1943 3900 quod
1975 3834 2077 3888 hoc
2103 3834 2187 3888 vel
2219 3834 2281 3887 il-

717 3918 806 3973 lud
861 3920 935 3973 illi
978 3920 1249 3975 elemento
1280 3922 1558 3977 acciderit.
1596 3922 1804 3978 Rursus
1826 3925 2006 3994 itaque
2060 3929 2277 3997 quando

718 4024 905 4065 mors:
954 4010 1099 4065 Obiit
1142 4011 1244 4067 hoc
1275 4013 1603 4069 elementum
1638 4032 1652 4082 ;
1697 4017 1802 4083 vel,
1833 4018 2077 4091 Egrotat
2114 4037 2128 4084 ;
2170 4022 2276 4086 vel,

718 4101 871 4156 Dolet
904 4119 917 4155 :
957 4110 1013 4155 et
1060 4102 1165 4156 alia
1202 4099 1476 4173 quaelibet.
1511 4106 1665 4172 Quod
1696 4108 1742 4162 si
1785 4110 1908 4180 quis
1948 4121 2030 4167 est
2066 4114 2155 4183 qui
2211 4116 2280 4168 ab

716 4190 989 4245 elemento
1027 4192 1228 4262 aliquid
1259 4208 1451 4263 passus
1481 4196 1593 4261 sit;
1640 4212 1838 4252 nomen
1876 4214 2090 4271 quoque
2137 4202 2281 4258 indi-

716 4291 923 4346 cantes,
972 4284 1122 4339 verbi
1158 4286 1327 4355 gratia
1358 4286 1423 4343 de
1442 4286 1850 4358 Christophoro,
1883 4293 2025 4362 quod
2057 4294 2281 4367 aufuge-

720 4376 789 4430 rit
811 4376 879 4430 ab
900 4392 947 4439 ε,
970 4378 1113 4445 quod
1138 4384 1193 4431 et
1216 4377 1414 4432 factum
1441 4380 1690 4434 est.Cum
1711 4395 1837 4452 ergo
1856 4383 2047 4439 missas
2072 4400 2101 4439 a
2124 4388 2280 4442 nobis

2386 3204 2514 3271 περὶ
2537 3203 2597 3255 τὸ
2623 3202 2685 3271 β;
2721 3200 2953 3271 φανερὸν
2980 3202 3061 3254 ὅτι
3095 3199 3354 3270 περὶτῶν
3385 3200 3552 3253 ὄντων
3586 3200 3703 3269 μετ’
3734 3198 3952 3265 αύτοῦὴ

2385 3293 2652 3365 ἐρώτησις
2674 3310 2690 3326 ’
2721 3292 2982 3357 ὡσαύτως
3016 3294 3107 3345 ἐπὶ
3130 3292 3238 3346 τῶν
3266 3291 3470 3344 λοιπῶν
3496 3291 3797 3359 στοιχείων.
3845 3291 3953 3343 [ld-

2384 3386 2465 3441 λιν
2495 3388 2660 3456 ἑτέρα
2694 3384 2961 3456 ἐρώτησις
2983 3400 2998 3416 '
3030 3383 3096 3436 Τί
3126 3383 3353 3436 ἀκούετε
3388 3384 3516 3453 περὶ
3544 3381 3732 3434 τοῦπο
3758 3383 3790 3448 ἦ
3828 3382 3952 3449 περὶ

2384 3480 2478 3533 τοῦ
2522 3497 2551 3547 ρ
2573 3494 2586 3509 ’
2619 3478 2651 3549 ἦ
2677 3477 2810 3547 περὶ
2836 3475 2931 3529 τοῦ
2960 3477 3033 3545 ψ;
3063 3476 3198 3547 πρὸς
3247 3474 3303 3527 ἓν
3338 3476 3572 3529 ἕκαστον
3626 3476 3893 3543 στοιχεῖον

2384 3572 2697 3641 ἀπόκρισις.
2739 3568 2905 3622 Πάλιν
2961 3568 3173 3639 ἐρωτῶ,
3217 3568 3315 3632 Τίς
3371 3563 3533 3639 ἦλθεν
3566 3569 3629 3619 ἐκ
3660 3566 3773 3618 τῶν
3816 3563 3950 3628 (Em;

2384 3662 2500 3715 δέον
2530 3662 2675 3731 ὑμᾶς
2708 3661 3075 3731 ἀποκριθῆναι
3105 3660 3247 3714 κατὰ
3272 3660 3333 3712 τὸ
3370 3660 3635 3728 στοιχεῖον
3657 3673 3670 3686 ·
3714 3658 3748 3725 ἢ
3785 3657 3870 3709 ὅτι
3894 3656 3952 3709 τὸ

2384 3768 2441 3820 η,
2471 3749 2503 3818 ἥ
2536 3751 2616 3803 ὅτι
2649 3749 2710 3802 τὸ
2735 3767 2784 3813 0,
2820 3750 2853 3820 ἢ
2885 3753 2949 3803 ἐκ
2979 3750 3088 3803 τῶν
3123 3750 3359 3802 λοιπῶν·
3386 3750 3417 3818 ἢ
3441 3749 3541 3800 οὐκ
3571 3747 3786 3817 εἰσῆλθε
3812 3748 3950 3816 τὸη,

2384 3842 2416 3911 ἢ
2448 3841 2508 3893 τὸ
2534 3858 2583 3904 ο,
2618 3840 2738 3894 ἀλλ’
2763 3841 2811 3895 oi
2846 3842 2974 3910 περὶ
2998 3840 3058 3892 τὸ
3084 3840 3194 3909 η,ἣ
3243 3838 3303 3890 τὸ
3328 3855 3375 3903 ο,
3432 3837 3609 3890 τόσοι·
3641 3836 3722 3887 ὃτι
3757 3834 3949 3903 γέγονε

2384 3934 2502 3986 τόδε
2530 3935 2752 3987 κάκεῖνο
2780 3933 2857 3995 είς
2882 3933 2940 3984 τὸ
2966 3932 3111 3984 δεῖνα
3150 3932 3432 4000 στοιχεῖον.
3474 3929 3602 3981 Ὀτε
3633 3927 3725 3981 οὖν
3784 3928 3951 3981 θάνα-

2382 4042 2475 4089 τος
2504 4024 2666 4077 πάλιν
2686 4042 2700 4056 ο
2719 4024 2987 4079 Ἀπέθανε
3025 4022 3144 4075 τόδε
3179 4021 3239 4074 τὸ
3260 4022 3548 4091 στοιχεῖον,
3575 4018 3891 4089 ἢἈσθενεί,
3916 4020 3948 4089 ἢ

2386 4119 2672 4182 Λυπεϊται,
2708 4116 2803 4171 καὶ
2831 4116 2930 4169 ὅσα
2958 4114 3111 4169 ἄλλα.
3143 4114 3205 4166 El
3230 4113 3287 4166 δέ
3318 4112 3400 4175 τίς
3430 4114 3577 4166 ἐστιν
3605 4112 3670 4165 ἐκ
3702 4109 3797 4163 τοῦ
3822 4110 3951 4179 περὶ

2385 4211 2446 4265 τὸ
2469 4212 2730 4279 στοιχεῖον
2762 4205 2948 4261 παθών
2977 4222 3049 4269 τι,
3080 4205 3172 4257 καὶ
3198 4203 3259 4257 τὸ
3288 4203 3457 4272 ὄνομα
3491 4200 3798 4271 δηλοῦντες,
3831 4194 3949 4252 οἷον

2387 4295 2479 4348 ἐπὶ
2497 4293 2590 4346 τοῦ
2618 4292 3013 4362 Χριστοφόρου,
3039 4289 3119 4340 ὅτι
3138 4286 3447 4358 ἀπέδρασεν
3476 4285 3584 4338 ἀπὸ
3605 4282 3700 4337 τοῦ
3730 4300 3781 4347 ε,
3804 4282 3834 4334 ὃ
3854 4282 3950 4333 καὶ

2388 4385 2599 4453 γέγονε.
2633 4383 2921 4452 Δεχὸμενοι
2944 4379 3037 4432 οὖν
3065 4379 3166 4439 τὰς
3209 4377 3339 4448 παρ’
3386 4374 3545 4445 ἡμῶν
3584 4372 3949 4444 πεμπομένας

722 4466 931 4521 litteras
975 4468 1241 4535 accipitis,
1279 4469 1321 4522 si
1344 4484 1408 4523 ex
1454 4470 1843 4525 elementorum
1878 4489 2103 4529 numero
2134 4477 2280 4531 estis

2387 4474 2698 4537 ἐπιστολὰς,
2724 4475 2941 4534 πάντως
2975 4470 3071 4523 ἐάν
3100 4470 3247 4521 ἐστιν
3279 4469 3342 4520 ἐκ
3369 4467 3478 4519 τῶν
3516 4466 3821 4536 στοιχείων,
3850 4463 3947 4532 τὴν

716 4559 809 4629 qui
850 4559 1036 4623 mittit,
1086 4560 1405 4630 inscriptum
1439 4562 1768 4616 elementum
1806 4579 2029 4633 prorsus
2066 4567 2280 4624 habebit

2385 4564 2699 4635 ἐπιγραφὴν
2728 4563 2821 4615 τοῦ
2850 4561 3115 4630 στοιχείου
3150 4560 3262 4623 ἕξει
3288 4561 3321 4629 ἡ
3371 4559 3658 4628 ἐπιστολή.
3690 4558 3949 4627 Πέμπον-

718 4648 965 4718 epistola.
1006 4648 1115 4704 Vos
1148 4664 1363 4720 quoque
1390 4650 1482 4720 qui
1512 4651 1643 4705 estis
1686 4667 1751 4705 ex
1807 4653 2108 4720 elementis,
2157 4670 2281 4709 cum

718 4740 924 4796 litteras
949 4740 1184 4802 mittitis.
1208 4742 1379 4810 ipsum
1403 4742 1730 4797 elementum
1763 4743 1816 4797 in
1846 4746 2063 4815 propria
2079 4746 2281 4815 episto-

719 4835 769 4888 la
802 4834 1009 4904 ponite.
1038 4833 1192 4899 Quod
1228 4834 1270 4888 si
1309 4834 1557 4904 ignorent
1584 4834 1675 4904 qui
1696 4836 1937 4898 mittunt,
1968 4853 2064 4891 vos
2086 4838 2281 4893 inscri-

721 4926 960 4996 ptionem
987 4926 1297 4995 expungite,
1319 4932 1373 4979 et
1396 4926 1683 4980 scribentis
1703 4926 2028 4981 elementum
2055 4931 2284 5000 apponi-

721 5026 793 5068 te.
825 5015 894 5069 At
927 5014 969 5068 si
1001 5030 1063 5068 ex
1104 5015 1494 5080 elementorum
1534 5030 1763 5070 numero
1790 5030 1896 5070 non
1931 5027 2037 5084 est,
2066 5029 2283 5076 maneat

720 5104 1003 5175 inscriptio
1052 5121 1066 5170 ;
1101 5106 1555 5175 quemadmodum
1584 5115 1638 5159 et
1681 5106 1795 5175 ipse
1821 5106 1948 5162 dum
1984 5110 2183 5165 scribo.
2224 5112 2279 5165 Si

718 5210 826 5249 non
861 5204 1029 5249 estex
1050 5195 1350 5256 elementis,
1380 5204 1597 5248 maneat
1624 5194 1907 5266 inscriptio
1932 5197 1998 5251 ad
2046 5213 2173 5253 eum
2214 5201 2279 5254 ad

716 5303 879 5359 quem
927 5294 1011 5341 est
1061 5287 1307 5357 epistola.
1340 5285 1547 5340 Rursus
1587 5286 2009 5352 observandum,
2053 5291 2196 5359 quod
2226 5292 2277 5345 in

718 5392 1041 5448 unaquaque
1093 5377 1320 5447 epistola
1360 5391 1478 5431 mea
1528 5377 1594 5431 ad
1626 5393 1720 5432 eos
1753 5378 1841 5447 qui
1875 5389 2001 5433 sunt
2028 5381 2129 5435 sub
2172 5382 2280 5437 ele-

720 5471 938 5535 mentis,
974 5470 1051 5524 sic
1081 5469 1303 5524 habebit
1332 5468 1610 5540 inscriptio
1637 5488 1649 5523 :
1688 5489 1733 5524 ω
1760 5471 1826 5525 ad
1860 5490 1893 5523 α
1916 5479 1968 5525 et
2000 5472 2276 5544 deinceps.

717 5570 774 5615 et
808 5561 873 5615 ad
908 5575 995 5614 me
1047 5561 1223 5615 missae
1267 5559 1504 5630 epistolae
1555 5562 1633 5615 sic
1662 5561 1897 5615 habeant
1925 5579 1959 5615 α
1996 5563 2079 5617 vel
2122 5582 2153 5617 υ
2195 5567 2279 5621 vel

719 5651 865 5705 aliud
901 5666 965 5705 ex
1005 5651 1308 5707 elementis.
1346 5650 1634 5707 Sciendum
1667 5650 1768 5707 hoc
1802 5653 1984 5719 etiam,
2020 5655 2276 5727 quoniam

791 5806 835 5838 δι
868 5804 1055 5861 Matth.
1100 5822 1152 5873 ι,
1194 5807 1281 5861 12.
1360 5807 1403 5840 ⁸⁸
1435 5806 1624 5862 Matth.
1664 5824 1736 5873 γι,
1773 5809 1826 5864 9.

2382 4674 2473 4719 τες
2504 4651 2597 4707 οὖν
2627 4654 2723 4706 καὶ
2752 4652 2903 4705 αὐτοὶ
2939 4652 3039 4711 τὰς
3065 4652 3129 4704 ἐκ
3153 4649 3264 4703 τῶν
3288 4649 3471 4702 αὐτῶν
3502 4648 3787 4717 στοιχείων
3821 4651 3947 4702 ἐπι-

2384 4747 2598 4811 στολὰς,
2630 4746 2691 4799 τὸ
2720 4744 2850 4799 αὐτὸ
2881 4744 3144 4812 στοιχεῖον
3178 4739 3336 4795 θέσθε
3360 4743 3419 4794 ἐν
3442 4742 3509 4811 τῇ
3534 4740 3642 4811 ἰδίᾳ
3660 4741 3940 4812 ἐπιστολῇ.

2383 4840 2499 4895 Κᾶν
2536 4839 2591 4893 δέ
2637 4834 2907 4905 ἀγνοῶσιν
2946 4833 2996 4887 οἱ
3028 4834 3359 4904 πέμποντες,
3395 4831 3556 4903 ὑμεῖς
3609 4832 3818 4887 λειοῦτε
3848 4834 3945 4905 τὴν

2382 4929 2713 5001 ἐπιγραφὴν,
2750 4928 2844 4981 καὶ
2878 4926 3139 4979 ἐντιθείτε
3170 4924 3232 4978 τὸ
3280 4926 3549 4995 στοιχεῖον
3580 4924 3676 4978 τοῦ
3709 4926 3947 4980 ἐπιστεί-

2382 5024 2591 5085 λαντος.
2620 5021 2683 5073 El
2704 5019 2761 5073 δέ
2791 5019 2893 5072 ούκ
2923 5018 3071 5071 ἐστιν
3093 5018 3158 5071 ἐκ
3189 5018 3297 5070 τῶν
3333 5017 3634 5087 στοιχείων,
3672 5018 3939 5088 μενέτωή

2382 5113 2661 5185 ἐπιγραφή
2691 5129 2704 5143 ο
2737 5111 2928 5179 ὥσπερ
2960 5110 3055 5165 καὶ
3082 5112 3139 5164 ἐν
3177 5108 3255 5181 τῷ
3303 5110 3539 5179 γράφειν
3566 5126 3658 5178 με.
3692 5110 3823 5163 Ἐὰν
3842 5110 3940 5162 οὐκ

2381 5208 2528 5260 ἔστιν
2551 5208 2615 5259 ἐκ
2641 5203 2749 5257 τῶν
2785 5202 3083 5273 στοιχείων,
3134 5202 3344 5272 μενέτω
3392 5203 3426 5273 ἡ
3467 5201 3752 5272 ἐπιγραφὴ
3804 5201 3939 5271 πρὸς

2380 5298 2438 5351 ὃν
2461 5298 2494 5367 ἡ
2518 5294 2797 5363 ἐπιστολή.
2828 5291 2996 5346 Πάλιν
3027 5290 3292 5344 σκεπτέον
3316 5291 3402 5343 ὅτι
3432 5289 3519 5358 ἐφ’
3547 5290 3788 5359 ἑκάστης
3841 5304 3939 5359 μου

2381 5388 2666 5458 ἐπιστολῆς
2699 5385 2834 5456 πρὸς
2860 5383 2985 5448 τοὺς
3013 5383 3171 5446 ὄντας
3217 5380 3324 5433 ὑπὸ
3362 5381 3428 5433 τὰ
3460 5381 3715 5449 στοιχεῖα,
3768 5376 3939 5439 οὔτως

2382 5480 2877 5554 ἓξειὴέπιγραφή.
2933 5478 3008 5531 Τὸ
3058 5496 3124 5542 ω,
3176 5475 3345 5548 τῷαο
3397 5476 3493 5529 καὶ
3540 5472 3800 5543 καθεξῆς.
3830 5472 3938 5526 Καὶ

2379 5572 2732 5647 πεμπόμεναι
2768 5588 2857 5641 μοι
2884 5571 2939 5623 al
2974 5567 3249 5622 ἐπιστολαὶ
3285 5564 3458 5628 οὕτως
3484 5564 3760 5635 ἐχέτωσαν
3782 5562 3843 5616 τὸ
3876 5580 3931 5626 α,

2378 5671 2411 5741 ἢ
2444 5669 2503 5722 to
2532 5686 2583 5735 υ,
2622 5666 2655 5736 ἢ
2689 5663 2816 5720 ἄλλο
2844 5662 2951 5716 τῶν
2986 5658 3283 5729 στοιχείων.
3308 5656 3581 5711 Γνωστέον
3616 5656 3711 5711 καὶ
3756 5654 3931 5710 τοῦτο’
