  <div class='ocr_page' id='page_1' title='image "/cluster/home/n/w/nwhite01/storage/ocr_20150623/99/uva.x002264937/560.png"; bbox 0 0 4158 6532; ppageno 0'>
   <div class='ocr_carea' id='block_1_1' title="bbox 228 434 360 499">
    <p class='ocr_par' dir='ltr' id='par_1_1' title="bbox 228 434 360 499">
     <span class='ocr_line' id='line_1_1' title="bbox 228 434 360 499; baseline 0.03 -4"><span class='ocrx_word' id='word_1_1' title='bbox 228 434 360 499; x_wconf 76' lang='grc'><strong>1061</strong></span> 
     </span>
    </p>
   </div>
   <div class='ocr_carea' id='block_1_2' title="bbox 218 545 308 598">
    <p class='ocr_par' dir='ltr' id='par_1_2' title="bbox 218 545 308 598">
     <span class='ocr_line' id='line_1_2' title="bbox 218 545 308 598; baseline 0 -1"><span class='ocrx_word' id='word_1_2' title='bbox 218 545 308 598; x_wconf 80' lang='grc' dir='ltr'><strong>ὅτι</strong></span> 
     </span>
    </p>
   </div>
   <div class='ocr_carea' id='block_1_3' title="bbox 220 636 1798 724">
    <p class='ocr_par' dir='ltr' id='par_1_3' title="bbox 220 636 1798 724">
     <span class='ocr_line' id='line_1_3' title="bbox 220 636 1798 724; baseline 0.015 -37"><span class='ocrx_word' id='word_1_3' title='bbox 220 636 368 690; x_wconf 81' lang='grc' dir='ltr'>εἰσιν</span> <span class='ocrx_word' id='word_1_4' title='bbox 391 637 496 702; x_wconf 77' lang='grc' dir='ltr'>ἔξω</span> <span class='ocrx_word' id='word_1_5' title='bbox 528 639 636 691; x_wconf 85' lang='grc' dir='ltr'><strong>τῶν</strong></span> <span class='ocrx_word' id='word_1_6' title='bbox 667 641 1127 714; x_wconf 78' lang='grc' dir='ltr'><strong>εἰκοσιτεσσάρων</strong></span> <span class='ocrx_word' id='word_1_7' title='bbox 1152 651 1430 719; x_wconf 81' lang='grc' dir='ltr'><strong>στοιχείων</strong></span> <span class='ocrx_word' id='word_1_8' title='bbox 1452 654 1512 706; x_wconf 77' lang='grc' dir='ltr'>τὸ</span> <span class='ocrx_word' id='word_1_9' title='bbox 1563 674 1622 720; x_wconf 83' lang='grc' dir='ltr'><strong>ς,</strong></span> <span class='ocrx_word' id='word_1_10' title='bbox 1648 656 1712 708; x_wconf 83' lang='grc' dir='ltr'><strong>τὸ</strong></span> <span class='ocrx_word' id='word_1_11' title='bbox 1741 661 1798 724; x_wconf 57' lang='grc' dir='ltr'>ιι,</span> 
     </span>
    </p>
   </div>
   <div class='ocr_carea' id='block_1_4' title="bbox 220 727 1806 821">
    <p class='ocr_par' dir='ltr' id='par_1_4' title="bbox 220 727 1806 821">
     <span class='ocr_line' id='line_1_4' title="bbox 220 727 1806 821; baseline 0.015 -42"><span class='ocrx_word' id='word_1_12' title='bbox 220 727 286 780; x_wconf 75' lang='grc' dir='ltr'>τὸ</span> <span class='ocrx_word' id='word_1_13' title='bbox 321 746 366 781; x_wconf 90' lang='grc' dir='ltr'><strong>π</strong></span> <span class='ocrx_word' id='word_1_14' title='bbox 387 746 399 759; x_wconf 87' lang='grc'><strong>·</strong></span> <span class='ocrx_word' id='word_1_15' title='bbox 430 729 490 782; x_wconf 88' lang='grc' dir='ltr'>τὺ</span> <span class='ocrx_word' id='word_1_16' title='bbox 510 749 559 821; x_wconf 64' lang='grc' dir='ltr'><strong>Δς</strong></span> <span class='ocrx_word' id='word_1_17' title='bbox 575 730 880 821; x_wconf 38' lang='grc' dir='ltr'>μδηλοῖτοὺς</span> <span class='ocrx_word' id='word_1_18' title='bbox 909 734 1278 807; x_wconf 86' lang='grc' dir='ltr'>άθετήσαντας</span> <span class='ocrx_word' id='word_1_19' title='bbox 1305 743 1509 808; x_wconf 78' lang='grc' dir='ltr'><strong>πάντας</strong></span> <span class='ocrx_word' id='word_1_20' title='bbox 1537 747 1633 800; x_wconf 79' lang='grc' dir='ltr'><strong>καὶ</strong></span> <span class='ocrx_word' id='word_1_21' title='bbox 1668 750 1806 821; x_wconf 78' lang='grc' dir='ltr'>πρόο</span> 
     </span>
    </p>
   </div>
   <div class='ocr_carea' id='block_1_5' title="bbox 220 816 1803 901">
    <p class='ocr_par' dir='ltr' id='par_1_5' title="bbox 220 816 1803 901">
     <span class='ocr_line' id='line_1_5' title="bbox 220 816 1803 901; baseline 0.019 -38"><span class='ocrx_word' id='word_1_22' title='bbox 220 830 387 884; x_wconf 82' lang='grc' dir='ltr'>τερον</span> <span class='ocrx_word' id='word_1_23' title='bbox 439 817 534 869; x_wconf 76' lang='grc' dir='ltr'>καὶ</span> <span class='ocrx_word' id='word_1_24' title='bbox 573 816 800 889; x_wconf 80' lang='grc' dir='ltr'>ὕστερον</span> <span class='ocrx_word' id='word_1_25' title='bbox 854 823 984 874; x_wconf 83' lang='grc' dir='ltr'>ποτὲ</span> <span class='ocrx_word' id='word_1_26' title='bbox 1030 825 1291 897; x_wconf 82' lang='grc' dir='ltr'>ἀδελφοὺς</span> <span class='ocrx_word' id='word_1_27' title='bbox 1319 831 1477 901; x_wconf 78' lang='grc' dir='ltr'>ἡμῶν</span> <span class='ocrx_word' id='word_1_28' title='bbox 1507 852 1519 865; x_wconf 83' lang='grc'><em>’</em></span> <span class='ocrx_word' id='word_1_29' title='bbox 1546 835 1606 889; x_wconf 84' lang='grc' dir='ltr'>τὸ</span> <span class='ocrx_word' id='word_1_30' title='bbox 1637 857 1675 901; x_wconf 88' lang='grc' dir='ltr'><strong>ι,</strong></span> <span class='ocrx_word' id='word_1_31' title='bbox 1706 816 1803 893; x_wconf 78' lang='grc' dir='ltr'>τὸν</span> 
     </span>
    </p>
   </div>
   <div class='ocr_carea' id='block_1_6' title="bbox 223 907 1804 997">
    <p class='ocr_par' dir='ltr' id='par_1_6' title="bbox 223 907 1804 997">
     <span class='ocr_line' id='line_1_6' title="bbox 223 907 1804 997; baseline 0.018 -43"><span class='ocrx_word' id='word_1_32' title='bbox 223 907 576 997; x_wconf 81' lang='grc' dir='ltr'>πατριάρχην</span> <span class='ocrx_word' id='word_1_33' title='bbox 596 925 608 938; x_wconf 88' lang='grc'><strong>·</strong></span> <span class='ocrx_word' id='word_1_34' title='bbox 639 909 700 961; x_wconf 72' lang='grc' dir='ltr'><strong>τδ</strong></span> <span class='ocrx_word' id='word_1_35' title='bbox 733 930 795 974; x_wconf 80' lang='grc' dir='ltr'><strong>π,</strong></span> <span class='ocrx_word' id='word_1_36' title='bbox 837 912 927 963; x_wconf 80' lang='grc' dir='ltr'><strong>τὸν</strong></span> <span class='ocrx_word' id='word_1_37' title='bbox 960 915 1287 985; x_wconf 83' lang='grc' dir='ltr'>κρατοῦντα.</span> <span class='ocrx_word' id='word_1_38' title='bbox 1328 920 1497 976; x_wconf 85' lang='grc' dir='ltr'>Ὅταν</span> <span class='ocrx_word' id='word_1_39' title='bbox 1520 924 1612 979; x_wconf 76' lang='grc' dir='ltr'><strong>οὖν</strong></span> <span class='ocrx_word' id='word_1_40' title='bbox 1644 928 1804 997; x_wconf 85' lang='grc' dir='ltr'>χρεία</span> 
     </span>
    </p>
   </div>
   <div class='ocr_carea' id='block_1_7' title="bbox 224 994 1806 1088">
    <p class='ocr_par' dir='ltr' id='par_1_7' title="bbox 224 994 1806 1088">
     <span class='ocr_line' id='line_1_7' title="bbox 224 994 1806 1088; baseline 0.018 -45"><span class='ocrx_word' id='word_1_41' title='bbox 224 994 453 1088; x_wconf 69' lang='grc' dir='ltr'>γένηται</span> <span class='ocrx_word' id='word_1_42' title='bbox 482 997 591 1050; x_wconf 85' lang='grc' dir='ltr'>είτε</span> <span class='ocrx_word' id='word_1_43' title='bbox 626 1000 903 1069; x_wconf 78' lang='grc' dir='ltr'>ἐρωτῆσαί</span> <span class='ocrx_word' id='word_1_44' title='bbox 936 1020 1024 1072; x_wconf 88' lang='grc' dir='ltr'><strong>με,</strong></span> <span class='ocrx_word' id='word_1_45' title='bbox 1059 1005 1170 1058; x_wconf 76' lang='grc' dir='ltr'>εἴτε</span> <span class='ocrx_word' id='word_1_46' title='bbox 1223 1007 1466 1079; x_wconf 86' lang='grc' dir='ltr'>δηλῶσαι</span> <span class='ocrx_word' id='word_1_47' title='bbox 1508 994 1653 1083; x_wconf 83' lang='grc' dir='ltr'>ὑμᾶς</span> <span class='ocrx_word' id='word_1_48' title='bbox 1669 994 1806 1088; x_wconf 75' lang='grc' dir='ltr'>περὶ</span> 
     </span>
    </p>
   </div>
   <div class='ocr_carea' id='block_1_8' title="bbox 225 1085 1803 1179">
    <p class='ocr_par' dir='ltr' id='par_1_8' title="bbox 225 1085 1803 1179">
     <span class='ocr_line' id='line_1_8' title="bbox 225 1085 1803 1179; baseline 0.018 -45"><span class='ocrx_word' id='word_1_49' title='bbox 225 1085 350 1148; x_wconf 75' lang='grc' dir='ltr'>ἑνὸς</span> <span class='ocrx_word' id='word_1_50' title='bbox 379 1088 488 1140; x_wconf 83' lang='grc' dir='ltr'><strong>τῶν</strong></span> <span class='ocrx_word' id='word_1_51' title='bbox 517 1091 684 1160; x_wconf 84' lang='grc' dir='ltr'>τριῶν</span> <span class='ocrx_word' id='word_1_52' title='bbox 704 1108 718 1122; x_wconf 75' lang='grc' dir='ltr'><strong><em>ο</em></strong></span> <span class='ocrx_word' id='word_1_53' title='bbox 745 1093 831 1146; x_wconf 86' lang='grc' dir='ltr'><strong>διά</strong></span> <span class='ocrx_word' id='word_1_54' title='bbox 867 1095 961 1148; x_wconf 80' lang='grc' dir='ltr'>τοῦ</span> <span class='ocrx_word' id='word_1_55' title='bbox 1009 1097 1334 1168; x_wconf 79' lang='grc' dir='ltr'><strong>γράμματος</strong></span> <span class='ocrx_word' id='word_1_56' title='bbox 1364 1101 1518 1158; x_wconf 79' lang='grc' dir='ltr'>ἔσται</span> <span class='ocrx_word' id='word_1_57' title='bbox 1561 1108 1593 1177; x_wconf 77' lang='grc' dir='ltr'>ἡ</span> <span class='ocrx_word' id='word_1_58' title='bbox 1627 1085 1803 1179; x_wconf 82' lang='grc' dir='ltr'>δήλω-</span> 
     </span>
    </p>
   </div>
   <div class='ocr_carea' id='block_1_9' title="bbox 227 1189 340 1236">
    <p class='ocr_par' dir='ltr' id='par_1_9' title="bbox 227 1189 340 1236">
     <span class='ocr_line' id='line_1_9' title="bbox 227 1189 340 1236; baseline 0.027 -11"><span class='ocrx_word' id='word_1_59' title='bbox 227 1189 340 1236; x_wconf 91' lang='grc' dir='ltr'>σις.</span> 
     </span>
    </p>
   </div>
   <div class='ocr_carea' id='block_1_10' title="bbox 480 1295 1554 1381">
    <p class='ocr_par' dir='ltr' id='par_1_10' title="bbox 480 1295 1554 1381">
     <span class='ocr_line' id='line_1_10' title="bbox 480 1295 1554 1381; baseline 0.015 -34"><span class='ocrx_word' id='word_1_60' title='bbox 480 1295 610 1350; x_wconf 83' lang='grc' dir='ltr'><strong>ΜΒ⁹.</strong></span> <span class='ocrx_word' id='word_1_61' title='bbox 639 1327 707 1338; x_wconf 91' lang='lat'><strong>--</strong></span> <span class='ocrx_word' id='word_1_62' title='bbox 735 1300 920 1368; x_wconf 76' lang='grc' dir='ltr'><strong>Ἀννῃ</strong></span> <span class='ocrx_word' id='word_1_63' title='bbox 955 1303 1322 1375; x_wconf 75' lang='grc' dir='ltr'>μοναζωύσῃ.</span> <span class='ocrx_word' id='word_1_64' title='bbox 1357 1306 1554 1381; x_wconf 54' lang='grc' dir='ltr'>[ρκγἏ]</span> 
     </span>
    </p>
   </div>
   <div class='ocr_carea' id='block_1_11' title="bbox 1446 453 2260 526">
    <p class='ocr_par' dir='ltr' id='par_1_11' title="bbox 1446 453 2260 526">
     <span class='ocr_line' id='line_1_11' title="bbox 1446 453 2260 526; baseline 0.014 -16"><span class='ocrx_word' id='word_1_65' title='bbox 1446 453 1988 520; x_wconf 79' lang='lat' dir='ltr'><strong>EPISTOLARUM</strong></span> <span class='ocrx_word' id='word_1_66' title='bbox 2023 465 2169 526; x_wconf 83' lang='lat' dir='ltr'><strong>LIB.</strong></span> <span class='ocrx_word' id='word_1_67' title='bbox 2213 465 2260 522; x_wconf 89' lang='grc' dir='ltr'><strong>Ι.</strong></span> 
     </span>
    </p>
   </div>
   <div class='ocr_carea' id='block_1_12' title="bbox 349 546 1809 646">
    <p class='ocr_par' dir='ltr' id='par_1_12' title="bbox 349 546 1794 630">
     <span class='ocr_line' id='line_1_12' title="bbox 349 546 1794 630; baseline 0.015 -33"><span class='ocrx_word' id='word_1_68' title='bbox 349 546 538 617; x_wconf 76' lang='grc' dir='ltr'>ἐπειδὴ</span> <span class='ocrx_word' id='word_1_69' title='bbox 565 547 849 603; x_wconf 74' lang='grc' dir='ltr'>καὶταῦτα</span> <span class='ocrx_word' id='word_1_70' title='bbox 872 551 941 604; x_wconf 83' lang='grc' dir='ltr'><strong>τά</strong></span> <span class='ocrx_word' id='word_1_71' title='bbox 971 553 1096 622; x_wconf 84' lang='grc' dir='ltr'>τρία</span> <span class='ocrx_word' id='word_1_72' title='bbox 1134 555 1241 607; x_wconf 79' lang='grc' dir='ltr'>εἰσὶ</span> <span class='ocrx_word' id='word_1_73' title='bbox 1279 560 1602 630; x_wconf 81' lang='grc' dir='ltr'>γράμματα,</span> <span class='ocrx_word' id='word_1_74' title='bbox 1633 564 1794 619; x_wconf 80' lang='grc' dir='ltr'>ἅτινά</span> 
     </span>
    </p>
   </div>
   <div class='ocr_carea' id='block_1_13' title="bbox 1909 546 3472 646">
    <p class='ocr_par' dir='ltr' id='par_1_13' title="bbox 1909 573 3472 646">
     <span class='ocr_line' id='line_1_13' title="bbox 1909 573 3472 646; baseline 0.003 -21"><span class='ocrx_word' id='word_1_75' title='bbox 1909 573 1982 626; x_wconf 72' lang='lat' dir='ltr'><strong>lue</strong></span> <span class='ocrx_word' id='word_1_76' title='bbox 2011 584 2118 627; x_wconf 90' lang='lat' dir='ltr'><strong>tres</strong></span> <span class='ocrx_word' id='word_1_77' title='bbox 2146 590 2362 643; x_wconf 85' lang='lat' dir='ltr'><strong>quoque</strong></span> <span class='ocrx_word' id='word_1_78' title='bbox 2395 574 2586 630; x_wconf 71' lang='lat' dir='ltr'><strong>littera:</strong></span> <span class='ocrx_word' id='word_1_79' title='bbox 2612 583 2763 628; x_wconf 79' lang='lat' dir='ltr'><strong>extra</strong></span> <span class='ocrx_word' id='word_1_80' title='bbox 2799 589 3090 630; x_wconf 84' lang='lat' dir='ltr'><strong>numerum</strong></span> <span class='ocrx_word' id='word_1_81' title='bbox 3118 573 3304 645; x_wconf 87' lang='lat' dir='ltr'><strong>viginti</strong></span> <span class='ocrx_word' id='word_1_82' title='bbox 3337 591 3472 646; x_wconf 82' lang='lat' dir='ltr'><strong>qua-</strong></span> 
     </span>
    </p>
   </div>
   <div class='ocr_carea' id='block_1_14' title="bbox 3340 460 3478 528">
    <p class='ocr_par' dir='ltr' id='par_1_14' title="bbox 3340 460 3478 528">
     <span class='ocr_line' id='line_1_14' title="bbox 3340 460 3478 528; baseline 0.029 -4"><span class='ocrx_word' id='word_1_83' title='bbox 3340 460 3478 528; x_wconf 75' lang='lat'><strong>106?.</strong></span> 
     </span>
    </p>
   </div>
   <div class='ocr_carea' id='block_1_15' title="bbox 1903 662 3478 730">
    <p class='ocr_par' dir='ltr' id='par_1_15' title="bbox 1903 662 3478 730">
     <span class='ocr_line' id='line_1_15' title="bbox 1903 662 3478 730; baseline 0.002 -15"><span class='ocrx_word' id='word_1_84' title='bbox 1903 671 2024 716; x_wconf 92' lang='lat' dir='ltr'><strong>tuor</strong></span> <span class='ocrx_word' id='word_1_85' title='bbox 2071 662 2463 717; x_wconf 91' lang='lat' dir='ltr'><strong>elementorum</strong></span> <span class='ocrx_word' id='word_1_86' title='bbox 2504 672 2650 728; x_wconf 90' lang='lat' dir='ltr'><strong>sunt,</strong></span> <span class='ocrx_word' id='word_1_87' title='bbox 2685 679 2746 728; x_wconf 85' lang='grc' dir='ltr'><strong>ς.</strong></span> <span class='ocrx_word' id='word_1_88' title='bbox 2783 667 2840 730; x_wconf 66' lang='grc' dir='ltr'>ιι.</span> <span class='ocrx_word' id='word_1_89' title='bbox 2875 681 2933 717; x_wconf 89' lang='grc' dir='ltr'><strong>π.</strong></span> <span class='ocrx_word' id='word_1_90' title='bbox 2991 663 3122 718; x_wconf 87' lang='lat' dir='ltr'><strong>illud</strong></span> <span class='ocrx_word' id='word_1_91' title='bbox 3166 681 3226 729; x_wconf 79' lang='grc' dir='ltr'><strong>ς.</strong></span> <span class='ocrx_word' id='word_1_92' title='bbox 3282 663 3478 718; x_wconf 77' lang='lat' dir='ltr'><strong>fratres</strong></span> 
     </span>
    </p>
   </div>
   <div class='ocr_carea' id='block_1_16' title="bbox 1901 752 3478 823">
    <p class='ocr_par' dir='ltr' id='par_1_16' title="bbox 1901 752 3478 823">
     <span class='ocr_line' id='line_1_16' title="bbox 1901 752 3478 823; baseline 0.003 -17"><span class='ocrx_word' id='word_1_93' title='bbox 1901 759 2120 806; x_wconf 90' lang='lat' dir='ltr'><strong>nostros</strong></span> <span class='ocrx_word' id='word_1_94' title='bbox 2152 767 2344 806; x_wconf 89' lang='lat' dir='ltr'><strong>omnes</strong></span> <span class='ocrx_word' id='word_1_95' title='bbox 2371 752 2694 823; x_wconf 88' lang='lat' dir='ltr'><strong>signiﬁcare,</strong></span> <span class='ocrx_word' id='word_1_96' title='bbox 2726 753 2841 823; x_wconf 85' lang='lat' dir='ltr'><strong>qui,</strong></span> <span class='ocrx_word' id='word_1_97' title='bbox 2888 753 3043 822; x_wconf 89' lang='lat' dir='ltr'><strong>prius</strong></span> <span class='ocrx_word' id='word_1_98' title='bbox 3080 753 3164 808; x_wconf 91' lang='lat' dir='ltr'><strong>vel</strong></span> <span class='ocrx_word' id='word_1_99' title='bbox 3185 753 3478 823; x_wconf 76' lang='lat' dir='ltr'><strong>posterius,</strong></span> 
     </span>
    </p>
   </div>
   <div class='ocr_carea' id='block_1_17' title="bbox 1900 844 3480 914">
    <p class='ocr_par' dir='ltr' id='par_1_17' title="bbox 1900 844 3480 914">
     <span class='ocr_line' id='line_1_17' title="bbox 1900 844 3480 914; baseline 0 -16"><span class='ocrx_word' id='word_1_100' title='bbox 1900 844 2187 914; x_wconf 80' lang='lat' dir='ltr'><strong>aliquando</strong></span> <span class='ocrx_word' id='word_1_101' title='bbox 2221 844 2553 913; x_wconf 69' lang='lat' dir='ltr'><strong>prmvaricati</strong></span> <span class='ocrx_word' id='word_1_102' title='bbox 2574 854 2700 899; x_wconf 91' lang='lat' dir='ltr'><strong>sunt</strong></span> <span class='ocrx_word' id='word_1_103' title='bbox 2729 861 2744 910; x_wconf 92' lang='lat'><strong>;</strong></span> <span class='ocrx_word' id='word_1_104' title='bbox 2780 850 2817 913; x_wconf 64' lang='grc' dir='ltr'><strong>ι,</strong></span> <span class='ocrx_word' id='word_1_105' title='bbox 2850 860 2981 901; x_wconf 89' lang='lat' dir='ltr'><strong>vero</strong></span> <span class='ocrx_word' id='word_1_106' title='bbox 3007 845 3371 914; x_wconf 85' lang='lat' dir='ltr'><strong>patriarcham</strong></span> <span class='ocrx_word' id='word_1_107' title='bbox 3396 861 3410 910; x_wconf 94' lang='lat'><strong>;</strong></span> <span class='ocrx_word' id='word_1_108' title='bbox 3438 863 3480 898; x_wconf 88' lang='grc' dir='ltr'><strong>π</strong></span> 
     </span>
    </p>
   </div>
   <div class='ocr_carea' id='block_1_18' title="bbox 1900 934 3472 1008">
    <p class='ocr_par' dir='ltr' id='par_1_18' title="bbox 1900 934 3472 1008">
     <span class='ocr_line' id='line_1_18' title="bbox 1900 934 3472 1008; baseline 0 -18"><span class='ocrx_word' id='word_1_109' title='bbox 1900 935 2132 1004; x_wconf 87' lang='lat' dir='ltr'><strong>deinquc</strong></span> <span class='ocrx_word' id='word_1_110' title='bbox 2173 934 2576 1005; x_wconf 83' lang='lat' dir='ltr'><strong>imperatorem.</strong></span> <span class='ocrx_word' id='word_1_111' title='bbox 2618 936 2754 991; x_wconf 90' lang='lat' dir='ltr'><strong>Cum</strong></span> <span class='ocrx_word' id='word_1_112' title='bbox 2780 953 2909 1008; x_wconf 88' lang='lat' dir='ltr'><strong>ergo</strong></span> <span class='ocrx_word' id='word_1_113' title='bbox 2949 953 3036 992; x_wconf 88' lang='lat' dir='ltr'><strong>res</strong></span> <span class='ocrx_word' id='word_1_114' title='bbox 3077 939 3274 1008; x_wconf 77' lang='lat' dir='ltr'><strong>exiget,</strong></span> <span class='ocrx_word' id='word_1_115' title='bbox 3299 947 3360 992; x_wconf 92' lang='lat' dir='ltr'><strong>ut</strong></span> <span class='ocrx_word' id='word_1_116' title='bbox 3390 942 3472 991; x_wconf 88' lang='lat' dir='ltr'><strong>vel</strong></span> 
     </span>
    </p>
   </div>
   <div class='ocr_carea' id='block_1_19' title="bbox 1902 1025 3473 1100">
    <p class='ocr_par' dir='ltr' id='par_1_19' title="bbox 1902 1025 3473 1100">
     <span class='ocr_line' id='line_1_19' title="bbox 1902 1025 3473 1100; baseline 0.003 -22"><span class='ocrx_word' id='word_1_117' title='bbox 1902 1040 2004 1095; x_wconf 89' lang='lat' dir='ltr'><strong>ego</strong></span> <span class='ocrx_word' id='word_1_118' title='bbox 2027 1025 2378 1096; x_wconf 75' lang='lat' dir='ltr'><strong>interrogem,</strong></span> <span class='ocrx_word' id='word_1_119' title='bbox 2404 1027 2488 1082; x_wconf 90' lang='lat' dir='ltr'><strong>vel</strong></span> <span class='ocrx_word' id='word_1_120' title='bbox 2513 1043 2613 1082; x_wconf 84' lang='lat' dir='ltr'><strong>vos</strong></span> <span class='ocrx_word' id='word_1_121' title='bbox 2632 1027 2699 1082; x_wconf 89' lang='lat' dir='ltr'><strong>de</strong></span> <span class='ocrx_word' id='word_1_122' title='bbox 2723 1043 2833 1084; x_wconf 91' lang='lat' dir='ltr'><strong>uno</strong></span> <span class='ocrx_word' id='word_1_123' title='bbox 2857 1043 2887 1084; x_wconf 86' lang='lat' dir='ltr'><strong>e</strong></span> <span class='ocrx_word' id='word_1_124' title='bbox 2913 1029 3090 1084; x_wconf 88' lang='lat' dir='ltr'><strong>tribus</strong></span> <span class='ocrx_word' id='word_1_125' title='bbox 3118 1027 3473 1100; x_wconf 88' lang='lat' dir='ltr'><strong>signiﬁcetis;</strong></span> 
     </span>
    </p>
   </div>
   <div class='ocr_carea' id='block_1_20' title="bbox 1904 1117 2704 1186">
    <p class='ocr_par' dir='ltr' id='par_1_20' title="bbox 1904 1117 2704 1186">
     <span class='ocr_line' id='line_1_20' title="bbox 1904 1117 2704 1186; baseline 0.004 -16"><span class='ocrx_word' id='word_1_126' title='bbox 1904 1132 1999 1186; x_wconf 90' lang='lat' dir='ltr'><strong>per</strong></span> <span class='ocrx_word' id='word_1_127' title='bbox 2033 1117 2266 1173; x_wconf 85' lang='lat' dir='ltr'><strong>litteram</strong></span> <span class='ocrx_word' id='word_1_128' title='bbox 2299 1118 2393 1174; x_wconf 90' lang='lat' dir='ltr'><strong>ﬁet</strong></span> <span class='ocrx_word' id='word_1_129' title='bbox 2424 1118 2704 1176; x_wconf 90' lang='lat' dir='ltr'><strong>indicium.</strong></span> 
     </span>
    </p>
   </div>
   <div class='ocr_carea' id='block_1_21' title="bbox 2297 1312 3095 1370">
    <p class='ocr_par' dir='ltr' id='par_1_21' title="bbox 2297 1312 3095 1370">
     <span class='ocr_line' id='line_1_21' title="bbox 2297 1312 3095 1370; baseline 0.004 -4"><span class='ocrx_word' id='word_1_130' title='bbox 2297 1312 2454 1368; x_wconf 75' lang='lat' dir='ltr'><strong>XLII.</strong></span> <span class='ocrx_word' id='word_1_131' title='bbox 2489 1345 2558 1354; x_wconf 83' lang='lat'><strong>--</strong></span> <span class='ocrx_word' id='word_1_132' title='bbox 2600 1317 2764 1370; x_wconf 75' lang='lat' dir='ltr'><strong>Anna:</strong></span> <span class='ocrx_word' id='word_1_133' title='bbox 2810 1316 3095 1369; x_wconf 71' lang='lat' dir='ltr'><strong>monacha&#39;.</strong></span> 
     </span>
    </p>
   </div>
   <div class='ocr_carea' id='block_1_22' title="bbox 1460 1444 2242 1508">
    <p class='ocr_par' dir='ltr' id='par_1_22' title="bbox 1460 1444 2242 1508">
     <span class='ocr_line' id='line_1_22' title="bbox 1460 1444 2242 1508; baseline 0.008 -14"><span class='ocrx_word' id='word_1_134' title='bbox 1460 1444 1620 1495; x_wconf 85' lang='lat' dir='ltr'><strong>Docet</strong></span> <span class='ocrx_word' id='word_1_135' title='bbox 1639 1446 1879 1508; x_wconf 88' lang='lat' dir='ltr'><strong>quomodo</strong></span> <span class='ocrx_word' id='word_1_136' title='bbox 1901 1449 1965 1497; x_wconf 89' lang='lat' dir='ltr'><strong>sit</strong></span> <span class='ocrx_word' id='word_1_137' title='bbox 1988 1449 2242 1502; x_wconf 85' lang='lat' dir='ltr'><strong>orandum.</strong></span> 
     </span>
    </p>
   </div>
   <div class='ocr_carea' id='block_1_23' title="bbox 302 1534 1804 1623">
    <p class='ocr_par' dir='ltr' id='par_1_23' title="bbox 302 1534 1804 1623">
     <span class='ocr_line' id='line_1_23' title="bbox 302 1534 1804 1623; baseline 0.015 -39"><span class='ocrx_word' id='word_1_138' title='bbox 302 1534 559 1588; x_wconf 84' lang='grc' dir='ltr'>Ἐδόκουν</span> <span class='ocrx_word' id='word_1_139' title='bbox 581 1537 1030 1610; x_wconf 79' lang='grc' dir='ltr'><strong>τετελευτηκέναι</strong></span> <span class='ocrx_word' id='word_1_140' title='bbox 1079 1545 1176 1615; x_wconf 82' lang='grc' dir='ltr'>τὴν</span> <span class='ocrx_word' id='word_1_141' title='bbox 1226 1547 1504 1620; x_wconf 75' lang='grc' dir='ltr'>μακαρίαν</span> <span class='ocrx_word' id='word_1_142' title='bbox 1543 1569 1642 1620; x_wconf 87' lang='grc' dir='ltr'><strong>μου</strong></span> <span class='ocrx_word' id='word_1_143' title='bbox 1697 1570 1804 1623; x_wconf 85' lang='grc' dir='ltr'>μη·</span> 
     </span>
    </p>
   </div>
   <div class='ocr_carea' id='block_1_24' title="bbox 227 1624 1801 1706">
    <p class='ocr_par' dir='ltr' id='par_1_24' title="bbox 227 1624 1801 1706">
     <span class='ocr_line' id='line_1_24' title="bbox 227 1624 1801 1706; baseline 0.015 -32"><span class='ocrx_word' id='word_1_144' title='bbox 227 1624 365 1695; x_wconf 84' lang='grc' dir='ltr'>τέρα</span> <span class='ocrx_word' id='word_1_145' title='bbox 387 1642 399 1654; x_wconf 90' lang='grc'><strong>·</strong></span> <span class='ocrx_word' id='word_1_146' title='bbox 448 1627 628 1699; x_wconf 78' lang='grc' dir='ltr'>ἐκείνη</span> <span class='ocrx_word' id='word_1_147' title='bbox 671 1629 728 1682; x_wconf 72' lang='grc' dir='ltr'>δὲ</span> <span class='ocrx_word' id='word_1_148' title='bbox 763 1631 842 1683; x_wconf 74' lang='grc' dir='ltr'>ἔτι</span> <span class='ocrx_word' id='word_1_149' title='bbox 874 1634 1012 1706; x_wconf 80' lang='grc' dir='ltr'>ὑπὲρ</span> <span class='ocrx_word' id='word_1_150' title='bbox 1046 1637 1149 1705; x_wconf 80' lang='grc' dir='ltr'>γῆς</span> <span class='ocrx_word' id='word_1_151' title='bbox 1177 1639 1346 1701; x_wconf 80' lang='grc' dir='ltr'>ἐστιν,</span> <span class='ocrx_word' id='word_1_152' title='bbox 1399 1641 1476 1703; x_wconf 86' lang='grc' dir='ltr'><strong>ώς</strong></span> <span class='ocrx_word' id='word_1_153' title='bbox 1536 1642 1702 1696; x_wconf 77' lang='grc' dir='ltr'>ἔοικε.</span> <span class='ocrx_word' id='word_1_154' title='bbox 1734 1643 1801 1697; x_wconf 87' lang='grc' dir='ltr'>Τί</span> 
     </span>
    </p>
   </div>
   <div class='ocr_carea' id='block_1_25' title="bbox 230 1714 1804 1803">
    <p class='ocr_par' dir='ltr' id='par_1_25' title="bbox 230 1714 1804 1803">
     <span class='ocr_line' id='line_1_25' title="bbox 230 1714 1804 1803; baseline 0.015 -39"><span class='ocrx_word' id='word_1_155' title='bbox 230 1714 344 1783; x_wconf 80' lang='grc' dir='ltr'>γὰρ</span> <span class='ocrx_word' id='word_1_156' title='bbox 372 1715 438 1768; x_wconf 86' lang='grc' dir='ltr'>ἂν</span> <span class='ocrx_word' id='word_1_157' title='bbox 471 1716 662 1786; x_wconf 77' lang='grc' dir='ltr'>ἔμελλε</span> <span class='ocrx_word' id='word_1_158' title='bbox 690 1720 850 1775; x_wconf 86' lang='grc' dir='ltr'>πλέον</span> <span class='ocrx_word' id='word_1_159' title='bbox 891 1728 1087 1790; x_wconf 80' lang='grc' dir='ltr'>ποιεῖν,</span> <span class='ocrx_word' id='word_1_160' title='bbox 1126 1727 1203 1791; x_wconf 87' lang='grc' dir='ltr'>ὡς</span> <span class='ocrx_word' id='word_1_161' title='bbox 1236 1731 1375 1801; x_wconf 78' lang='grc' dir='ltr'>αὑτὴ</span> <span class='ocrx_word' id='word_1_162' title='bbox 1412 1733 1549 1803; x_wconf 87' lang='grc' dir='ltr'>πρός</span> <span class='ocrx_word' id='word_1_163' title='bbox 1599 1751 1666 1799; x_wconf 87' lang='grc' dir='ltr'><strong>με</strong></span> <span class='ocrx_word' id='word_1_164' title='bbox 1709 1735 1804 1787; x_wconf 84' lang='grc' dir='ltr'><strong>τὸν</strong></span> 
     </span>
    </p>
   </div>
   <div class='ocr_carea' id='block_1_26' title="bbox 229 1808 1804 1893">
    <p class='ocr_par' dir='ltr' id='par_1_26' title="bbox 229 1808 1804 1893">
     <span class='ocr_line' id='line_1_26' title="bbox 229 1808 1804 1893; baseline 0.014 -36"><span class='ocrx_word' id='word_1_165' title='bbox 229 1808 489 1861; x_wconf 82' lang='grc' dir='ltr'>ταπεινὸν</span> <span class='ocrx_word' id='word_1_166' title='bbox 550 1816 790 1884; x_wconf 79' lang='grc' dir='ltr'>μητρικῇ</span> <span class='ocrx_word' id='word_1_167' title='bbox 844 1809 1144 1890; x_wconf 79' lang='grc' dir='ltr'>κηδεμονίᾳ</span> <span class='ocrx_word' id='word_1_168' title='bbox 1196 1822 1515 1893; x_wconf 77' lang='grc' dir='ltr'>φερομένης</span> <span class='ocrx_word' id='word_1_169' title='bbox 1570 1822 1716 1878; x_wconf 83' lang='grc' dir='ltr'>Ἀλλ’</span> <span class='ocrx_word' id='word_1_170' title='bbox 1753 1826 1804 1879; x_wconf 87' lang='grc' dir='ltr'><strong>εί</strong></span> 
     </span>
    </p>
   </div>
   <div class='ocr_carea' id='block_1_27' title="bbox 231 1895 1808 1984">
    <p class='ocr_par' dir='ltr' id='par_1_27' title="bbox 231 1895 1808 1984">
     <span class='ocr_line' id='line_1_27' title="bbox 231 1895 1808 1984; baseline 0.015 -37"><span class='ocrx_word' id='word_1_171' title='bbox 231 1895 390 1964; x_wconf 80' lang='grc' dir='ltr'><strong>κάγὼ</strong></span> <span class='ocrx_word' id='word_1_172' title='bbox 430 1899 787 1970; x_wconf 82' lang='grc' dir='ltr'>ἁμαρτωλὸς,</span> <span class='ocrx_word' id='word_1_173' title='bbox 835 1906 985 1974; x_wconf 82' lang='grc' dir='ltr'>ὅμως</span> <span class='ocrx_word' id='word_1_174' title='bbox 1019 1909 1258 1982; x_wconf 68' lang='grc' dir='ltr'>πιστεύω</span> <span class='ocrx_word' id='word_1_175' title='bbox 1303 1910 1381 1980; x_wconf 80' lang='grc' dir='ltr'>τῷ</span> <span class='ocrx_word' id='word_1_176' title='bbox 1429 1913 1618 1984; x_wconf 82' lang='grc' dir='ltr'>Κυρίῳ</span> <span class='ocrx_word' id='word_1_177' title='bbox 1677 1915 1808 1970; x_wconf 73' lang='grc' dir='ltr'>ἀντι-</span> 
     </span>
    </p>
   </div>
   <div class='ocr_carea' id='block_1_28' title="bbox 230 1988 1810 2074">
    <p class='ocr_par' dir='ltr' id='par_1_28' title="bbox 230 1988 1810 2074">
     <span class='ocr_line' id='line_1_28' title="bbox 230 1988 1810 2074; baseline 0.015 -37"><span class='ocrx_word' id='word_1_178' title='bbox 230 1988 577 2056; x_wconf 76' lang='grc' dir='ltr'>αμείψασθαί</span> <span class='ocrx_word' id='word_1_179' title='bbox 612 2008 672 2044; x_wconf 88' lang='grc' dir='ltr'><strong>σε</strong></span> <span class='ocrx_word' id='word_1_180' title='bbox 721 1993 830 2047; x_wconf 85' lang='grc' dir='ltr'><strong>τῶν</strong></span> <span class='ocrx_word' id='word_1_181' title='bbox 864 1996 1006 2066; x_wconf 83' lang='grc' dir='ltr'>ὑπὲρ</span> <span class='ocrx_word' id='word_1_182' title='bbox 1031 1999 1130 2068; x_wconf 79' lang='grc' dir='ltr'>τῆς</span> <span class='ocrx_word' id='word_1_183' title='bbox 1163 1999 1512 2072; x_wconf 81' lang='grc' dir='ltr'>ἀναξιότητος</span> <span class='ocrx_word' id='word_1_184' title='bbox 1547 2004 1702 2074; x_wconf 79' lang='grc' dir='ltr'>ἡμῶν</span> <span class='ocrx_word' id='word_1_185' title='bbox 1748 2007 1810 2060; x_wconf 88' lang='grc' dir='ltr'><strong>ού</strong></span> 
     </span>
    </p>
   </div>
   <div class='ocr_carea' id='block_1_29' title="bbox 228 2079 1810 2160">
    <p class='ocr_par' dir='ltr' id='par_1_29' title="bbox 228 2079 1810 2160">
     <span class='ocr_line' id='line_1_29' title="bbox 228 2079 1810 2160; baseline 0.014 -32"><span class='ocrx_word' id='word_1_186' title='bbox 228 2079 334 2148; x_wconf 81' lang='grc' dir='ltr'>τὴν</span> <span class='ocrx_word' id='word_1_187' title='bbox 364 2081 631 2149; x_wconf 85' lang='grc' dir='ltr'>τυχοῦσαν</span> <span class='ocrx_word' id='word_1_188' title='bbox 656 2083 835 2154; x_wconf 88' lang='grc' dir='ltr'>χάριν,</span> <span class='ocrx_word' id='word_1_189' title='bbox 879 2088 974 2140; x_wconf 75' lang='grc' dir='ltr'>καὶ</span> <span class='ocrx_word' id='word_1_190' title='bbox 1019 2090 1294 2155; x_wconf 80' lang='grc' dir='ltr'>ὲπίτευξιν</span> <span class='ocrx_word' id='word_1_191' title='bbox 1346 2086 1424 2146; x_wconf 84' lang='grc' dir='ltr'>ὧν</span> <span class='ocrx_word' id='word_1_192' title='bbox 1484 2095 1668 2160; x_wconf 81' lang='grc' dir='ltr'>ποθεῖς</span> <span class='ocrx_word' id='word_1_193' title='bbox 1713 2098 1810 2152; x_wconf 73' lang='grc' dir='ltr'><strong>καὶ</strong></span> 
     </span>
    </p>
   </div>
   <div class='ocr_carea' id='block_1_30' title="bbox 230 2169 1809 2258">
    <p class='ocr_par' dir='ltr' id='par_1_30' title="bbox 230 2169 1809 2258">
     <span class='ocr_line' id='line_1_30' title="bbox 230 2169 1809 2258; baseline 0.014 -38"><span class='ocrx_word' id='word_1_194' title='bbox 230 2169 422 2232; x_wconf 70' lang='grc' dir='ltr'>αἰτεῖς.</span> <span class='ocrx_word' id='word_1_195' title='bbox 458 2172 604 2240; x_wconf 84' lang='grc' dir='ltr'><strong>Πλὴν</strong></span> <span class='ocrx_word' id='word_1_196' title='bbox 635 2174 834 2237; x_wconf 75' lang='grc' dir='ltr'>ἱκανῶς</span> <span class='ocrx_word' id='word_1_197' title='bbox 861 2176 973 2246; x_wconf 82' lang='grc' dir='ltr'>ἔχει</span> <span class='ocrx_word' id='word_1_198' title='bbox 1002 2179 1069 2232; x_wconf 82' lang='grc' dir='ltr'>τὰ</span> <span class='ocrx_word' id='word_1_199' title='bbox 1099 2182 1465 2252; x_wconf 86' lang='grc' dir='ltr'>γεγενημένα.</span> <span class='ocrx_word' id='word_1_200' title='bbox 1501 2184 1671 2240; x_wconf 81' lang='grc' dir='ltr'>Τοῦτο</span> <span class='ocrx_word' id='word_1_201' title='bbox 1699 2188 1809 2258; x_wconf 87' lang='grc' dir='ltr'><strong>γάρ</strong></span> 
     </span>
    </p>
   </div>
   <div class='ocr_carea' id='block_1_31' title="bbox 229 2259 1807 2351">
    <p class='ocr_par' dir='ltr' id='par_1_31' title="bbox 229 2259 1807 2351">
     <span class='ocr_line' id='line_1_31' title="bbox 229 2259 1807 2351; baseline 0.014 -40"><span class='ocrx_word' id='word_1_202' title='bbox 229 2261 325 2312; x_wconf 75' lang='grc' dir='ltr'><strong>καὶ</strong></span> <span class='ocrx_word' id='word_1_203' title='bbox 346 2259 433 2315; x_wconf 80' lang='grc' dir='ltr'>διὰ</span> <span class='ocrx_word' id='word_1_204' title='bbox 446 2263 554 2317; x_wconf 82' lang='grc' dir='ltr'><strong>τών</strong></span> <span class='ocrx_word' id='word_1_205' title='bbox 584 2264 970 2333; x_wconf 83' lang='grc' dir='ltr'>προλαϐόντων</span> <span class='ocrx_word' id='word_1_206' title='bbox 988 2271 1332 2341; x_wconf 82' lang='grc' dir='ltr'>γραμμάτων</span> <span class='ocrx_word' id='word_1_207' title='bbox 1350 2273 1807 2351; x_wconf 81' lang='grc' dir='ltr'>ἀπελογησάμην.</span> 
     </span>
    </p>
   </div>
   <div class='ocr_carea' id='block_1_32' title="bbox 231 2352 1807 2434">
    <p class='ocr_par' dir='ltr' id='par_1_32' title="bbox 231 2352 1807 2434">
     <span class='ocr_line' id='line_1_32' title="bbox 231 2352 1807 2434; baseline 0.015 -31"><span class='ocrx_word' id='word_1_208' title='bbox 231 2352 383 2421; x_wconf 79' lang='grc' dir='ltr'>Αὐτὴ</span> <span class='ocrx_word' id='word_1_209' title='bbox 422 2353 479 2406; x_wconf 84' lang='grc' dir='ltr'>δὲ</span> <span class='ocrx_word' id='word_1_210' title='bbox 530 2356 840 2412; x_wconf 78' lang='grc' dir='ltr'>τούναντίον</span> <span class='ocrx_word' id='word_1_211' title='bbox 876 2361 1228 2432; x_wconf 81' lang='grc' dir='ltr'>προσέθηκας</span> <span class='ocrx_word' id='word_1_212' title='bbox 1256 2365 1461 2434; x_wconf 82' lang='grc' dir='ltr'>μᾶλλον</span> <span class='ocrx_word' id='word_1_213' title='bbox 1516 2369 1614 2423; x_wconf 82' lang='grc' dir='ltr'>τοῦ</span> <span class='ocrx_word' id='word_1_214' title='bbox 1647 2371 1807 2425; x_wconf 80' lang='grc' dir='ltr'>ὲκδα-</span> 
     </span>
    </p>
   </div>
   <div class='ocr_carea' id='block_1_33' title="bbox 231 2451 1812 2537">
    <p class='ocr_par' dir='ltr' id='par_1_33' title="bbox 231 2451 1812 2537">
     <span class='ocr_line' id='line_1_33' title="bbox 231 2451 1812 2537; baseline 0.014 -37"><span class='ocrx_word' id='word_1_215' title='bbox 231 2451 513 2505; x_wconf 84' lang='grc' dir='ltr'>πανᾶσθαι</span> <span class='ocrx_word' id='word_1_216' title='bbox 547 2452 605 2504; x_wconf 84' lang='grc' dir='ltr'>ὲν</span> <span class='ocrx_word' id='word_1_217' title='bbox 631 2456 695 2524; x_wconf 77' lang='grc' dir='ltr'>τῇ</span> <span class='ocrx_word' id='word_1_218' title='bbox 730 2455 993 2510; x_wconf 81' lang='grc' dir='ltr'>ἐπιδόσει.</span> <span class='ocrx_word' id='word_1_219' title='bbox 1029 2458 1200 2513; x_wconf 84' lang='grc' dir='ltr'>Πόθεν</span> <span class='ocrx_word' id='word_1_220' title='bbox 1253 2461 1308 2515; x_wconf 78' lang='grc' dir='ltr'>δὲ</span> <span class='ocrx_word' id='word_1_221' title='bbox 1340 2465 1434 2517; x_wconf 72' lang='grc' dir='ltr'>καὶ</span> <span class='ocrx_word' id='word_1_222' title='bbox 1460 2465 1560 2518; x_wconf 81' lang='grc' dir='ltr'><strong>οὐκ</strong></span> <span class='ocrx_word' id='word_1_223' title='bbox 1593 2467 1812 2537; x_wconf 73' lang='grc' dir='ltr'>ἐμέλλο-</span> 
     </span>
    </p>
   </div>
   <div class='ocr_carea' id='block_1_34' title="bbox 234 2544 1812 2623">
    <p class='ocr_par' dir='ltr' id='par_1_34' title="bbox 234 2544 1812 2623">
     <span class='ocr_line' id='line_1_34' title="bbox 234 2544 1812 2623; baseline 0.014 -30"><span class='ocrx_word' id='word_1_224' title='bbox 234 2559 336 2612; x_wconf 86' lang='grc' dir='ltr'><strong>μεν</strong></span> <span class='ocrx_word' id='word_1_225' title='bbox 374 2544 499 2612; x_wconf 84' lang='grc' dir='ltr'>ἄρτι</span> <span class='ocrx_word' id='word_1_226' title='bbox 552 2546 918 2616; x_wconf 83' lang='grc' dir='ltr'>μνημονεύειν</span> <span class='ocrx_word' id='word_1_227' title='bbox 955 2565 1048 2603; x_wconf 91' lang='grc' dir='ltr'><strong>σου</strong></span> <span class='ocrx_word' id='word_1_228' title='bbox 1083 2552 1186 2621; x_wconf 86' lang='grc' dir='ltr'><strong>τῆς</strong></span> <span class='ocrx_word' id='word_1_229' title='bbox 1217 2554 1570 2623; x_wconf 82' lang='grc' dir='ltr'>θεοσεϐείας;</span> <span class='ocrx_word' id='word_1_230' title='bbox 1608 2561 1672 2613; x_wconf 81' lang='grc' dir='ltr'>ὲκ</span> <span class='ocrx_word' id='word_1_231' title='bbox 1701 2560 1812 2615; x_wconf 86' lang='grc' dir='ltr'>τῶν</span> 
     </span>
    </p>
   </div>
   <div class='ocr_carea' id='block_1_35' title="bbox 233 2634 1809 2722">
    <p class='ocr_par' dir='ltr' id='par_1_35' title="bbox 233 2634 1809 2722">
     <span class='ocr_line' id='line_1_35' title="bbox 233 2634 1809 2722; baseline 0.013 -37"><span class='ocrx_word' id='word_1_232' title='bbox 233 2634 622 2705; x_wconf 87' lang='grc' dir='ltr'>περιϐολαίων,</span> <span class='ocrx_word' id='word_1_233' title='bbox 659 2639 723 2690; x_wconf 84' lang='grc' dir='ltr'>ὲκ</span> <span class='ocrx_word' id='word_1_234' title='bbox 744 2637 840 2691; x_wconf 79' lang='grc' dir='ltr'>τοῦ</span> <span class='ocrx_word' id='word_1_235' title='bbox 880 2639 1027 2711; x_wconf 69' lang='grc' dir='ltr'>ἱεροῦ</span> <span class='ocrx_word' id='word_1_236' title='bbox 1048 2643 1420 2716; x_wconf 77' lang='grc' dir='ltr'>ἀναθήματος,</span> <span class='ocrx_word' id='word_1_237' title='bbox 1455 2650 1518 2701; x_wconf 81' lang='grc' dir='ltr'>ὲκ</span> <span class='ocrx_word' id='word_1_238' title='bbox 1543 2653 1641 2720; x_wconf 82' lang='grc' dir='ltr'>τῆς</span> <span class='ocrx_word' id='word_1_239' title='bbox 1664 2651 1809 2722; x_wconf 87' lang='grc' dir='ltr'>βρώ-</span> 
     </span>
    </p>
   </div>
   <div class='ocr_carea' id='block_1_36' title="bbox 233 2725 1808 2810">
    <p class='ocr_par' dir='ltr' id='par_1_36' title="bbox 233 2725 1808 2810">
     <span class='ocr_line' id='line_1_36' title="bbox 233 2725 1808 2810; baseline 0.012 -33"><span class='ocrx_word' id='word_1_240' title='bbox 233 2725 375 2789; x_wconf 89' lang='grc' dir='ltr'>σεώς</span> <span class='ocrx_word' id='word_1_241' title='bbox 410 2743 470 2780; x_wconf 88' lang='grc' dir='ltr'><strong>τε</strong></span> <span class='ocrx_word' id='word_1_242' title='bbox 519 2728 614 2781; x_wconf 76' lang='grc' dir='ltr'>καὶ</span> <span class='ocrx_word' id='word_1_243' title='bbox 645 2729 876 2796; x_wconf 83' lang='grc' dir='ltr'>πόσεως,</span> <span class='ocrx_word' id='word_1_244' title='bbox 917 2734 1251 2804; x_wconf 83' lang='grc' dir='ltr'>πανταχόθεν</span> <span class='ocrx_word' id='word_1_245' title='bbox 1295 2739 1445 2807; x_wconf 78' lang='grc' dir='ltr'>ἡμᾶς</span> <span class='ocrx_word' id='word_1_246' title='bbox 1492 2740 1808 2810; x_wconf 68' lang='grc' dir='ltr'>ἐξέστησας.</span> 
     </span>
    </p>
   </div>
   <div class='ocr_carea' id='block_1_37' title="bbox 231 2819 1808 2900">
    <p class='ocr_par' dir='ltr' id='par_1_37' title="bbox 231 2819 1808 2900">
     <span class='ocr_line' id='line_1_37' title="bbox 231 2819 1808 2900; baseline 0.01 -30"><span class='ocrx_word' id='word_1_247' title='bbox 231 2819 334 2872; x_wconf 77' lang='grc' dir='ltr'><strong>Διὰ</strong></span> <span class='ocrx_word' id='word_1_248' title='bbox 368 2819 526 2874; x_wconf 82' lang='grc' dir='ltr'>τοῦτο</span> <span class='ocrx_word' id='word_1_249' title='bbox 551 2821 644 2875; x_wconf 81' lang='grc' dir='ltr'>καὶ</span> <span class='ocrx_word' id='word_1_250' title='bbox 674 2822 826 2885; x_wconf 84' lang='grc' dir='ltr'>τέλος</span> <span class='ocrx_word' id='word_1_251' title='bbox 855 2823 1040 2889; x_wconf 73' lang='grc' dir='ltr'>ἐπίθες</span> <span class='ocrx_word' id='word_1_252' title='bbox 1065 2829 1179 2890; x_wconf 86' lang='grc' dir='ltr'>τοῖς</span> <span class='ocrx_word' id='word_1_253' title='bbox 1207 2829 1400 2900; x_wconf 86' lang='grc' dir='ltr'>δώροις</span> <span class='ocrx_word' id='word_1_254' title='bbox 1427 2846 1440 2860; x_wconf 91' lang='grc'><strong>·</strong></span> <span class='ocrx_word' id='word_1_255' title='bbox 1468 2832 1561 2884; x_wconf 77' lang='grc' dir='ltr'>καὶ</span> <span class='ocrx_word' id='word_1_256' title='bbox 1590 2831 1808 2898; x_wconf 78' lang='grc' dir='ltr'>εὔελπις</span> 
     </span>
    </p>
   </div>
   <div class='ocr_carea' id='block_1_38' title="bbox 229 2910 1810 2995">
    <p class='ocr_par' dir='ltr' id='par_1_38' title="bbox 229 2910 1810 2995">
     <span class='ocr_line' id='line_1_38' title="bbox 229 2910 1810 2995; baseline 0.011 -33"><span class='ocrx_word' id='word_1_257' title='bbox 229 2910 325 2963; x_wconf 76' lang='grc' dir='ltr'>ἔσο</span> <span class='ocrx_word' id='word_1_258' title='bbox 362 2913 488 2982; x_wconf 74' lang='grc' dir='ltr'>περὶ</span> <span class='ocrx_word' id='word_1_259' title='bbox 526 2912 624 2982; x_wconf 82' lang='grc' dir='ltr'>τῆς</span> <span class='ocrx_word' id='word_1_260' title='bbox 655 2912 803 2977; x_wconf 89' lang='grc' dir='ltr'>θείας</span> <span class='ocrx_word' id='word_1_261' title='bbox 833 2916 1136 2986; x_wconf 62' lang='grc' dir='ltr'>ἀμείψεως.</span> <span class='ocrx_word' id='word_1_262' title='bbox 1173 2920 1438 2992; x_wconf 75' lang='grc' dir='ltr'>Ἀψευδὴς</span> <span class='ocrx_word' id='word_1_263' title='bbox 1457 2925 1565 2993; x_wconf 78' lang='grc' dir='ltr'><strong>γάρ</strong></span> <span class='ocrx_word' id='word_1_264' title='bbox 1593 2926 1620 2977; x_wconf 86' lang='grc' dir='ltr'><strong>ό</strong></span> <span class='ocrx_word' id='word_1_265' title='bbox 1654 2926 1810 2995; x_wconf 75' lang='grc' dir='ltr'>είρηο</span> 
     </span>
    </p>
   </div>
   <div class='ocr_carea' id='block_1_39' title="bbox 229 3001 1805 3082">
    <p class='ocr_par' dir='ltr' id='par_1_39' title="bbox 229 3001 1805 3082">
     <span class='ocr_line' id='line_1_39' title="bbox 229 3001 1805 3082; baseline 0.011 -30"><span class='ocrx_word' id='word_1_266' title='bbox 229 3001 368 3065; x_wconf 85' lang='grc' dir='ltr'>κὼς,</span> <span class='ocrx_word' id='word_1_267' title='bbox 404 3003 498 3055; x_wconf 74' lang='grc' dir='ltr'><strong>καὶ</strong></span> <span class='ocrx_word' id='word_1_268' title='bbox 522 3001 664 3072; x_wconf 78' lang='grc' dir='ltr'>ὑπὲρ</span> <span class='ocrx_word' id='word_1_269' title='bbox 693 3003 900 3075; x_wconf 79' lang='grc' dir='ltr'>ψυχροῦ</span> <span class='ocrx_word' id='word_1_270' title='bbox 933 3010 1195 3082; x_wconf 85' lang='grc' dir='ltr'>ποτηρίου</span> <span class='ocrx_word' id='word_1_271' title='bbox 1225 3012 1451 3081; x_wconf 83' lang='grc' dir='ltr'>μισθοὺς</span> <span class='ocrx_word' id='word_1_272' title='bbox 1474 3016 1805 3070; x_wconf 83' lang='grc' dir='ltr'>ἀποδιδόναι.</span> 
     </span>
    </p>
   </div>
   <div class='ocr_carea' id='block_1_40' title="bbox 229 3094 1810 3173">
    <p class='ocr_par' dir='ltr' id='par_1_40' title="bbox 229 3094 1810 3173">
     <span class='ocr_line' id='line_1_40' title="bbox 229 3094 1810 3173; baseline 0.009 -25"><span class='ocrx_word' id='word_1_273' title='bbox 229 3094 538 3148; x_wconf 81' lang='grc' dir='ltr'>Λυπεϊσθαι</span> <span class='ocrx_word' id='word_1_274' title='bbox 569 3095 626 3148; x_wconf 82' lang='grc' dir='ltr'>δὲ</span> <span class='ocrx_word' id='word_1_275' title='bbox 674 3097 839 3168; x_wconf 86' lang='grc' dir='ltr'>φαίης</span> <span class='ocrx_word' id='word_1_276' title='bbox 861 3100 917 3152; x_wconf 84' lang='grc' dir='ltr'>ὲν</span> <span class='ocrx_word' id='word_1_277' title='bbox 949 3103 1010 3173; x_wconf 78' lang='grc' dir='ltr'>τῇ</span> <span class='ocrx_word' id='word_1_278' title='bbox 1050 3103 1287 3171; x_wconf 87' lang='grc' dir='ltr'>φροντίδι</span> <span class='ocrx_word' id='word_1_279' title='bbox 1314 3105 1406 3156; x_wconf 83' lang='grc' dir='ltr'>τοῦ</span> <span class='ocrx_word' id='word_1_280' title='bbox 1429 3105 1620 3159; x_wconf 81' lang='grc' dir='ltr'>τέκνου</span> <span class='ocrx_word' id='word_1_281' title='bbox 1643 3146 1657 3170; x_wconf 87' lang='grc'><strong>,</strong></span> <span class='ocrx_word' id='word_1_282' title='bbox 1701 3108 1810 3162; x_wconf 70' lang='grc' dir='ltr'><strong>άπ⁴</strong></span> 
     </span>
    </p>
   </div>
   <div class='ocr_carea' id='block_1_41' title="bbox 1981 1555 3474 1627">
    <p class='ocr_par' dir='ltr' id='par_1_41' title="bbox 1981 1555 3474 1627">
     <span class='ocr_line' id='line_1_41' title="bbox 1981 1555 3474 1627; baseline 0.005 -19"><span class='ocrx_word' id='word_1_283' title='bbox 1981 1555 2242 1616; x_wconf 81' lang='lat' dir='ltr'><strong>Putabam</strong></span> <span class='ocrx_word' id='word_1_284' title='bbox 2296 1557 2438 1612; x_wconf 89' lang='lat' dir='ltr'><strong>diem</strong></span> <span class='ocrx_word' id='word_1_285' title='bbox 2484 1559 2685 1614; x_wconf 90' lang='lat' dir='ltr'><strong>obiisse</strong></span> <span class='ocrx_word' id='word_1_286' title='bbox 2735 1559 2949 1614; x_wconf 83' lang='lat' dir='ltr'><strong>beatam</strong></span> <span class='ocrx_word' id='word_1_287' title='bbox 2993 1569 3222 1614; x_wconf 83' lang='lat' dir='ltr'><strong>matrem</strong></span> <span class='ocrx_word' id='word_1_288' title='bbox 3258 1575 3474 1627; x_wconf 85' lang='lat' dir='ltr'><strong>meam;</strong></span> 
     </span>
    </p>
   </div>
   <div class='ocr_carea' id='block_1_42' title="bbox 1910 1645 3480 1720">
    <p class='ocr_par' dir='ltr' id='par_1_42' title="bbox 1910 1645 3480 1720">
     <span class='ocr_line' id='line_1_42' title="bbox 1910 1645 3480 1720; baseline 0.005 -22"><span class='ocrx_word' id='word_1_289' title='bbox 1910 1645 2000 1700; x_wconf 90' lang='lat' dir='ltr'><strong>illa</strong></span> <span class='ocrx_word' id='word_1_290' title='bbox 2030 1663 2161 1702; x_wconf 89' lang='lat' dir='ltr'><strong>vero</strong></span> <span class='ocrx_word' id='word_1_291' title='bbox 2192 1649 2372 1704; x_wconf 86' lang='lat' dir='ltr'><strong>adhuc</strong></span> <span class='ocrx_word' id='word_1_292' title='bbox 2415 1650 2468 1703; x_wconf 91' lang='lat' dir='ltr'><strong>in</strong></span> <span class='ocrx_word' id='word_1_293' title='bbox 2504 1660 2645 1704; x_wconf 90' lang='lat' dir='ltr'><strong>terra</strong></span> <span class='ocrx_word' id='word_1_294' title='bbox 2671 1660 2773 1715; x_wconf 88' lang='lat' dir='ltr'><strong>est,</strong></span> <span class='ocrx_word' id='word_1_295' title='bbox 2809 1660 2868 1704; x_wconf 93' lang='lat' dir='ltr'><strong>ut</strong></span> <span class='ocrx_word' id='word_1_296' title='bbox 2896 1660 3138 1720; x_wconf 85' lang='lat' dir='ltr'><strong>apparet.</strong></span> <span class='ocrx_word' id='word_1_297' title='bbox 3169 1650 3307 1716; x_wconf 82' lang='lat' dir='ltr'><strong>Quid</strong></span> <span class='ocrx_word' id='word_1_298' title='bbox 3333 1652 3480 1706; x_wconf 87' lang='lat' dir='ltr'><strong>enim</strong></span> 
     </span>
    </p>
   </div>
   <div class='ocr_carea' id='block_1_43' title="bbox 1910 1734 3481 1812">
    <p class='ocr_par' dir='ltr' id='par_1_43' title="bbox 1910 1734 3481 1812">
     <span class='ocr_line' id='line_1_43' title="bbox 1910 1734 3481 1812; baseline 0.004 -23"><span class='ocrx_word' id='word_1_299' title='bbox 1910 1734 2118 1791; x_wconf 76' lang='lat' dir='ltr'><strong>factura</strong></span> <span class='ocrx_word' id='word_1_300' title='bbox 2152 1747 2268 1791; x_wconf 88' lang='lat' dir='ltr'><strong>erat</strong></span> <span class='ocrx_word' id='word_1_301' title='bbox 2298 1741 2554 1809; x_wconf 83' lang='lat' dir='ltr'><strong>amplius,</strong></span> <span class='ocrx_word' id='word_1_302' title='bbox 2600 1753 2760 1809; x_wconf 90' lang='lat' dir='ltr'><strong>quam</strong></span> <span class='ocrx_word' id='word_1_303' title='bbox 2808 1750 2863 1794; x_wconf 91' lang='lat' dir='ltr'><strong>tu</strong></span> <span class='ocrx_word' id='word_1_304' title='bbox 2910 1755 3036 1812; x_wconf 89' lang='lat' dir='ltr'><strong>erga</strong></span> <span class='ocrx_word' id='word_1_305' title='bbox 3082 1755 3168 1795; x_wconf 90' lang='lat' dir='ltr'><strong>me</strong></span> <span class='ocrx_word' id='word_1_306' title='bbox 3222 1740 3481 1795; x_wconf 86' lang='lat' dir='ltr'><strong>humilem</strong></span> 
     </span>
    </p>
   </div>
   <div class='ocr_carea' id='block_1_44' title="bbox 1836 1830 3483 1928">
    <p class='ocr_par' dir='ltr' id='par_1_44' title="bbox 1836 1830 3483 1928">
     <span class='ocr_line' id='line_1_44' title="bbox 1836 1830 3483 1928; baseline 0.003 -47"><span class='ocrx_word' id='word_1_307' title='bbox 1836 1869 1884 1928; x_wconf 78' lang='grc' dir='ltr'><strong>Β</strong></span> <span class='ocrx_word' id='word_1_308' title='bbox 1913 1837 2160 1882; x_wconf 89' lang='lat' dir='ltr'><strong>materna</strong></span> <span class='ocrx_word' id='word_1_309' title='bbox 2196 1830 2560 1885; x_wconf 85' lang='lat' dir='ltr'><strong>sollicitudine</strong></span> <span class='ocrx_word' id='word_1_310' title='bbox 2604 1840 2725 1886; x_wconf 89' lang='lat' dir='ltr'><strong>acta</strong></span> <span class='ocrx_word' id='word_1_311' title='bbox 2769 1832 2951 1887; x_wconf 79' lang='lat' dir='ltr'><strong>facis?</strong></span> <span class='ocrx_word' id='word_1_312' title='bbox 3000 1831 3196 1887; x_wconf 90' lang='lat' dir='ltr'><strong>Verum</strong></span> <span class='ocrx_word' id='word_1_313' title='bbox 3239 1833 3339 1888; x_wconf 89' lang='lat' dir='ltr'><strong>etsi</strong></span> <span class='ocrx_word' id='word_1_314' title='bbox 3383 1847 3483 1903; x_wconf 88' lang='lat' dir='ltr'><strong>ego</strong></span> 
     </span>
    </p>
   </div>
   <div class='ocr_carea' id='block_1_45' title="bbox 1912 1921 3479 1990">
    <p class='ocr_par' dir='ltr' id='par_1_45' title="bbox 1912 1921 3479 1990">
     <span class='ocr_line' id='line_1_45' title="bbox 1912 1921 3479 1990; baseline 0.003 -16"><span class='ocrx_word' id='word_1_315' title='bbox 1912 1929 2186 1989; x_wconf 83' lang='lat' dir='ltr'><strong>peccator,</strong></span> <span class='ocrx_word' id='word_1_316' title='bbox 2213 1921 2428 1976; x_wconf 89' lang='lat' dir='ltr'><strong>conﬁdo</strong></span> <span class='ocrx_word' id='word_1_317' title='bbox 2461 1931 2640 1978; x_wconf 90' lang='lat' dir='ltr'><strong>tamen</strong></span> <span class='ocrx_word' id='word_1_318' title='bbox 2672 1923 2729 1978; x_wconf 90' lang='lat' dir='ltr'><strong>in</strong></span> <span class='ocrx_word' id='word_1_319' title='bbox 2763 1922 3020 1990; x_wconf 87' lang='lat' dir='ltr'><strong>Domino,</strong></span> <span class='ocrx_word' id='word_1_320' title='bbox 3053 1925 3350 1979; x_wconf 88' lang='lat' dir='ltr'><strong>relaturum</strong></span> <span class='ocrx_word' id='word_1_321' title='bbox 3382 1924 3479 1979; x_wconf 87' lang='lat' dir='ltr'><strong>tibi</strong></span> 
     </span>
    </p>
   </div>
   <div class='ocr_carea' id='block_1_46' title="bbox 1911 2009 3481 2082">
    <p class='ocr_par' dir='ltr' id='par_1_46' title="bbox 1911 2009 3481 2082">
     <span class='ocr_line' id='line_1_46' title="bbox 1911 2009 3481 2082; baseline 0.003 -18"><span class='ocrx_word' id='word_1_322' title='bbox 1911 2024 2012 2080; x_wconf 92' lang='lat' dir='ltr'><strong>pro</strong></span> <span class='ocrx_word' id='word_1_323' title='bbox 2044 2009 2366 2082; x_wconf 84' lang='lat' dir='ltr'><strong>indignitate</strong></span> <span class='ocrx_word' id='word_1_324' title='bbox 2398 2026 2515 2066; x_wconf 89' lang='lat' dir='ltr'><strong>mea</strong></span> <span class='ocrx_word' id='word_1_325' title='bbox 2571 2011 2795 2081; x_wconf 89' lang='lat' dir='ltr'><strong>gratiam</strong></span> <span class='ocrx_word' id='word_1_326' title='bbox 2831 2028 2940 2067; x_wconf 90' lang='lat' dir='ltr'><strong>non</strong></span> <span class='ocrx_word' id='word_1_327' title='bbox 2975 2013 3173 2076; x_wconf 86' lang='lat' dir='ltr'><strong>levem,</strong></span> <span class='ocrx_word' id='word_1_328' title='bbox 3200 2029 3264 2069; x_wconf 91' lang='lat' dir='ltr'><strong>ac</strong></span> <span class='ocrx_word' id='word_1_329' title='bbox 3290 2029 3481 2069; x_wconf 89' lang='lat' dir='ltr'><strong>eorum</strong></span> 
     </span>
    </p>
   </div>
   <div class='ocr_carea' id='block_1_47' title="bbox 1911 2101 3483 2172">
    <p class='ocr_par' dir='ltr' id='par_1_47' title="bbox 1911 2101 3483 2172">
     <span class='ocr_line' id='line_1_47' title="bbox 1911 2101 3483 2172; baseline 0.002 -18"><span class='ocrx_word' id='word_1_330' title='bbox 1911 2115 2033 2170; x_wconf 73' lang='lat' dir='ltr'><strong>qua:</strong></span> <span class='ocrx_word' id='word_1_331' title='bbox 2059 2101 2211 2171; x_wconf 90' lang='lat' dir='ltr'><strong>cupis</strong></span> <span class='ocrx_word' id='word_1_332' title='bbox 2227 2111 2281 2156; x_wconf 92' lang='lat' dir='ltr'><strong>et</strong></span> <span class='ocrx_word' id='word_1_333' title='bbox 2295 2102 2504 2171; x_wconf 78' lang='lat' dir='ltr'><strong>expetis</strong></span> <span class='ocrx_word' id='word_1_334' title='bbox 2526 2103 2889 2172; x_wconf 84' lang='lat' dir='ltr'><strong>adeptionem.</strong></span> <span class='ocrx_word' id='word_1_335' title='bbox 2922 2103 3186 2159; x_wconf 63' lang='lat' dir='ltr'><strong>Caeterum</strong></span> <span class='ocrx_word' id='word_1_336' title='bbox 3210 2103 3483 2159; x_wconf 82' lang='lat' dir='ltr'><strong>sufﬁciunt</strong></span> 
     </span>
    </p>
   </div>
   <div class='ocr_carea' id='block_1_48' title="bbox 1910 2189 3484 2263">
    <p class='ocr_par' dir='ltr' id='par_1_48' title="bbox 1910 2189 3484 2263">
     <span class='ocr_line' id='line_1_48' title="bbox 1910 2189 3484 2263; baseline 0.003 -19"><span class='ocrx_word' id='word_1_337' title='bbox 1910 2205 2029 2259; x_wconf 62' lang='lat' dir='ltr'><strong>qua</strong></span> <span class='ocrx_word' id='word_1_338' title='bbox 2058 2190 2197 2245; x_wconf 84' lang='lat' dir='ltr'><strong>facta</strong></span> <span class='ocrx_word' id='word_1_339' title='bbox 2223 2199 2373 2245; x_wconf 88' lang='lat' dir='ltr'><strong>sunt.</strong></span> <span class='ocrx_word' id='word_1_340' title='bbox 2402 2189 2512 2246; x_wconf 86' lang='lat' dir='ltr'><strong>Hoc</strong></span> <span class='ocrx_word' id='word_1_341' title='bbox 2556 2192 2705 2246; x_wconf 91' lang='lat' dir='ltr'><strong>enim</strong></span> <span class='ocrx_word' id='word_1_342' title='bbox 2733 2193 3103 2263; x_wconf 89' lang='lat' dir='ltr'><strong>superioribus</strong></span> <span class='ocrx_word' id='word_1_343' title='bbox 3147 2209 3362 2263; x_wconf 86' lang='lat' dir='ltr'><strong>quoque</strong></span> <span class='ocrx_word' id='word_1_344' title='bbox 3396 2193 3484 2249; x_wconf 81' lang='lat' dir='ltr'><strong>lit-</strong></span> 
     </span>
    </p>
   </div>
   <div class='ocr_carea' id='block_1_49' title="bbox 1912 2281 3483 2352">
    <p class='ocr_par' dir='ltr' id='par_1_49' title="bbox 1912 2281 3483 2352">
     <span class='ocr_line' id='line_1_49' title="bbox 1912 2281 3483 2352; baseline 0.002 -18"><span class='ocrx_word' id='word_1_345' title='bbox 1912 2281 2045 2335; x_wconf 88' lang='lat' dir='ltr'><strong>teris</strong></span> <span class='ocrx_word' id='word_1_346' title='bbox 2072 2281 2348 2350; x_wconf 86' lang='lat' dir='ltr'><strong>respondi.</strong></span> <span class='ocrx_word' id='word_1_347' title='bbox 2373 2283 2442 2335; x_wconf 82' lang='lat' dir='ltr'><strong>At</strong></span> <span class='ocrx_word' id='word_1_348' title='bbox 2472 2290 2530 2334; x_wconf 90' lang='lat' dir='ltr'><strong>tu</strong></span> <span class='ocrx_word' id='word_1_349' title='bbox 2568 2290 2757 2336; x_wconf 89' lang='lat' dir='ltr'><strong>contra</strong></span> <span class='ocrx_word' id='word_1_350' title='bbox 2800 2281 3046 2351; x_wconf 89' lang='lat' dir='ltr'><strong>adjecisti</strong></span> <span class='ocrx_word' id='word_1_351' title='bbox 3077 2283 3259 2352; x_wconf 90' lang='lat' dir='ltr'><strong>potius</strong></span> <span class='ocrx_word' id='word_1_352' title='bbox 3283 2292 3341 2337; x_wconf 91' lang='lat' dir='ltr'><strong>ut</strong></span> <span class='ocrx_word' id='word_1_353' title='bbox 3370 2283 3483 2337; x_wconf 85' lang='lat' dir='ltr'><strong>lar-</strong></span> 
     </span>
    </p>
   </div>
   <div class='ocr_carea' id='block_1_50' title="bbox 1910 2368 3482 2442">
    <p class='ocr_par' dir='ltr' id='par_1_50' title="bbox 1910 2368 3482 2442">
     <span class='ocr_line' id='line_1_50' title="bbox 1910 2368 3482 2442; baseline 0.004 -21"><span class='ocrx_word' id='word_1_354' title='bbox 1910 2368 2172 2439; x_wconf 90' lang='lat' dir='ltr'><strong>gitionum</strong></span> <span class='ocrx_word' id='word_1_355' title='bbox 2208 2378 2457 2437; x_wconf 87' lang='lat' dir='ltr'><strong>sumptus</strong></span> <span class='ocrx_word' id='word_1_356' title='bbox 2481 2383 2728 2440; x_wconf 85' lang='lat' dir='ltr'><strong>augeres.</strong></span> <span class='ocrx_word' id='word_1_357' title='bbox 2755 2370 3038 2425; x_wconf 90' lang='lat' dir='ltr'><strong>Undenam</strong></span> <span class='ocrx_word' id='word_1_358' title='bbox 3062 2372 3207 2425; x_wconf 90' lang='lat' dir='ltr'><strong>enim</strong></span> <span class='ocrx_word' id='word_1_359' title='bbox 3236 2381 3482 2442; x_wconf 86' lang='lat' dir='ltr'><strong>poteram</strong></span> 
     </span>
    </p>
   </div>
   <div class='ocr_carea' id='block_1_51' title="bbox 1912 2460 3482 2530">
    <p class='ocr_par' dir='ltr' id='par_1_51' title="bbox 1912 2460 3482 2530">
     <span class='ocr_line' id='line_1_51' title="bbox 1912 2460 3482 2530; baseline 0.002 -15"><span class='ocrx_word' id='word_1_360' title='bbox 1912 2475 2061 2516; x_wconf 90' lang='lat' dir='ltr'><strong>nunc</strong></span> <span class='ocrx_word' id='word_1_361' title='bbox 2104 2461 2263 2515; x_wconf 89' lang='lat' dir='ltr'><strong>etiam</strong></span> <span class='ocrx_word' id='word_1_362' title='bbox 2297 2460 2513 2530; x_wconf 88' lang='lat' dir='ltr'><strong>pictatis</strong></span> <span class='ocrx_word' id='word_1_363' title='bbox 2545 2469 2648 2516; x_wconf 77' lang='lat' dir='ltr'><strong>tuae</strong></span> <span class='ocrx_word' id='word_1_364' title='bbox 2678 2476 2788 2516; x_wconf 89' lang='lat' dir='ltr'><strong>non</strong></span> <span class='ocrx_word' id='word_1_365' title='bbox 2819 2462 3132 2518; x_wconf 85' lang='lat' dir='ltr'><strong>meminisse</strong></span> <span class='ocrx_word' id='word_1_366' title='bbox 3157 2466 3181 2517; x_wconf 81' lang='lat'><strong>?</strong></span> <span class='ocrx_word' id='word_1_367' title='bbox 3211 2463 3289 2518; x_wconf 80' lang='lat' dir='ltr'><strong>Ex</strong></span> <span class='ocrx_word' id='word_1_368' title='bbox 3314 2465 3482 2520; x_wconf 90' lang='lat' dir='ltr'><strong>vesti-</strong></span> 
     </span>
    </p>
   </div>
   <div class='ocr_carea' id='block_1_52' title="bbox 1912 2549 3484 2626">
    <p class='ocr_par' dir='ltr' id='par_1_52' title="bbox 1912 2549 3484 2626">
     <span class='ocr_line' id='line_1_52' title="bbox 1912 2549 3484 2626; baseline 0.006 -25"><span class='ocrx_word' id='word_1_369' title='bbox 1912 2549 2133 2616; x_wconf 89' lang='lat' dir='ltr'><strong>mentis,</strong></span> <span class='ocrx_word' id='word_1_370' title='bbox 2165 2563 2232 2603; x_wconf 84' lang='lat' dir='ltr'><strong>ex</strong></span> <span class='ocrx_word' id='word_1_371' title='bbox 2267 2564 2422 2604; x_wconf 86' lang='lat' dir='ltr'><strong>sacro</strong></span> <span class='ocrx_word' id='word_1_372' title='bbox 2449 2550 2698 2618; x_wconf 90' lang='lat' dir='ltr'><strong>donario,</strong></span> <span class='ocrx_word' id='word_1_373' title='bbox 2730 2567 2796 2606; x_wconf 79' lang='lat' dir='ltr'><strong>ex</strong></span> <span class='ocrx_word' id='word_1_374' title='bbox 2826 2553 2948 2607; x_wconf 92' lang='lat' dir='ltr'><strong>cibo</strong></span> <span class='ocrx_word' id='word_1_375' title='bbox 2978 2563 3033 2608; x_wconf 92' lang='lat' dir='ltr'><strong>et</strong></span> <span class='ocrx_word' id='word_1_376' title='bbox 3057 2564 3208 2623; x_wconf 89' lang='lat' dir='ltr'><strong>potu,</strong></span> <span class='ocrx_word' id='word_1_377' title='bbox 3246 2556 3484 2626; x_wconf 85' lang='lat' dir='ltr'><strong>undique</strong></span> 
     </span>
    </p>
   </div>
   <div class='ocr_carea' id='block_1_53' title="bbox 1917 2639 3482 2710">
    <p class='ocr_par' dir='ltr' id='par_1_53' title="bbox 1917 2639 3482 2710">
     <span class='ocr_line' id='line_1_53' title="bbox 1917 2639 3482 2710; baseline 0.006 -16"><span class='ocrx_word' id='word_1_378' title='bbox 1917 2649 2195 2708; x_wconf 89' lang='lat' dir='ltr'><strong>stuporem</strong></span> <span class='ocrx_word' id='word_1_379' title='bbox 2224 2639 2382 2694; x_wconf 91' lang='lat' dir='ltr'><strong>nobis</strong></span> <span class='ocrx_word' id='word_1_380' title='bbox 2414 2639 2669 2710; x_wconf 89' lang='lat' dir='ltr'><strong>injeeisti.</strong></span> <span class='ocrx_word' id='word_1_381' title='bbox 2690 2641 3050 2708; x_wconf 83' lang='lat' dir='ltr'><strong>Quamobrem</strong></span> <span class='ocrx_word' id='word_1_382' title='bbox 3078 2645 3238 2700; x_wconf 89' lang='lat' dir='ltr'><strong>ﬁnem</strong></span> <span class='ocrx_word' id='word_1_383' title='bbox 3266 2648 3482 2703; x_wconf 87' lang='lat' dir='ltr'><strong>tandem</strong></span> 
     </span>
    </p>
   </div>
   <div class='ocr_carea' id='block_1_54' title="bbox 1913 2728 3483 2799">
    <p class='ocr_par' dir='ltr' id='par_1_54' title="bbox 1913 2728 3483 2799">
     <span class='ocr_line' id='line_1_54' title="bbox 1913 2728 3483 2799; baseline 0.004 -16"><span class='ocrx_word' id='word_1_384' title='bbox 1913 2728 2233 2783; x_wconf 89' lang='lat' dir='ltr'><strong>muneribus</strong></span> <span class='ocrx_word' id='word_1_385' title='bbox 2251 2729 2470 2799; x_wconf 88' lang='lat' dir='ltr'><strong>impone</strong></span> <span class='ocrx_word' id='word_1_386' title='bbox 2490 2746 2507 2796; x_wconf 93' lang='lat'><strong>;</strong></span> <span class='ocrx_word' id='word_1_387' title='bbox 2532 2741 2585 2784; x_wconf 90' lang='lat' dir='ltr'><strong>et</strong></span> <span class='ocrx_word' id='word_1_388' title='bbox 2606 2731 2673 2785; x_wconf 88' lang='lat' dir='ltr'><strong>de</strong></span> <span class='ocrx_word' id='word_1_389' title='bbox 2693 2731 2873 2786; x_wconf 78' lang='lat' dir='ltr'><strong>divina</strong></span> <span class='ocrx_word' id='word_1_390' title='bbox 2914 2733 3270 2789; x_wconf 88' lang='lat' dir='ltr'><strong>retributione</strong></span> <span class='ocrx_word' id='word_1_391' title='bbox 3290 2751 3483 2791; x_wconf 85' lang='lat' dir='ltr'><strong>secura</strong></span> 
     </span>
    </p>
   </div>
   <div class='ocr_carea' id='block_1_55' title="bbox 1909 2819 3485 2897">
    <p class='ocr_par' dir='ltr' id='par_1_55' title="bbox 1909 2819 3485 2897">
     <span class='ocr_line' id='line_1_55' title="bbox 1909 2819 3485 2897; baseline 0.004 -23"><span class='ocrx_word' id='word_1_392' title='bbox 1909 2828 2047 2874; x_wconf 91' lang='lat' dir='ltr'><strong>esto.</strong></span> <span class='ocrx_word' id='word_1_393' title='bbox 2101 2819 2272 2874; x_wconf 79' lang='lat' dir='ltr'><strong>Verax</strong></span> <span class='ocrx_word' id='word_1_394' title='bbox 2312 2819 2458 2873; x_wconf 89' lang='lat' dir='ltr'><strong>enim</strong></span> <span class='ocrx_word' id='word_1_395' title='bbox 2492 2828 2576 2874; x_wconf 92' lang='lat' dir='ltr'><strong>est</strong></span> <span class='ocrx_word' id='word_1_396' title='bbox 2626 2820 2719 2889; x_wconf 90' lang='lat' dir='ltr'><strong>qui</strong></span> <span class='ocrx_word' id='word_1_397' title='bbox 2751 2822 2906 2888; x_wconf 81' lang='lat' dir='ltr'><strong>dixit,</strong></span> <span class='ocrx_word' id='word_1_398' title='bbox 2939 2823 3101 2878; x_wconf 88' lang='lat' dir='ltr'><strong>etiam</strong></span> <span class='ocrx_word' id='word_1_399' title='bbox 3147 2840 3245 2894; x_wconf 89' lang='lat' dir='ltr'><strong>pro</strong></span> <span class='ocrx_word' id='word_1_400' title='bbox 3278 2824 3485 2897; x_wconf 74' lang='lat' dir='ltr'><strong>frigidae</strong></span> 
     </span>
    </p>
   </div>
   <div class='ocr_carea' id='block_1_56' title="bbox 1910 2911 3485 2981">
    <p class='ocr_par' dir='ltr' id='par_1_56' title="bbox 1910 2911 3485 2981">
     <span class='ocr_line' id='line_1_56' title="bbox 1910 2911 3485 2981; baseline 0.004 -16"><span class='ocrx_word' id='word_1_401' title='bbox 1910 2911 2107 2981; x_wconf 91' lang='lat' dir='ltr'><strong>poculo</strong></span> <span class='ocrx_word' id='word_1_402' title='bbox 2146 2911 2453 2965; x_wconf 88' lang='lat' dir='ltr'><strong>mercedem</strong></span> <span class='ocrx_word' id='word_1_403' title='bbox 2477 2927 2535 2966; x_wconf 90' lang='lat' dir='ltr'><strong>se</strong></span> <span class='ocrx_word' id='word_1_404' title='bbox 2580 2912 2914 2967; x_wconf 88' lang='lat' dir='ltr'><strong>redditurum</strong></span> <span class='ocrx_word' id='word_1_405' title='bbox 2943 2914 3008 2968; x_wconf 72' lang='lat'><strong>“.</strong></span> <span class='ocrx_word' id='word_1_406' title='bbox 3059 2914 3284 2969; x_wconf 90' lang='lat' dir='ltr'><strong>Tristari</strong></span> <span class='ocrx_word' id='word_1_407' title='bbox 3319 2916 3398 2971; x_wconf 87' lang='lat' dir='ltr'><strong>ais</strong></span> <span class='ocrx_word' id='word_1_408' title='bbox 3430 2927 3485 2971; x_wconf 82' lang='lat' dir='ltr'><strong>te</strong></span> 
     </span>
    </p>
   </div>
   <div class='ocr_carea' id='block_1_57' title="bbox 1908 3001 3483 3077">
    <p class='ocr_par' dir='ltr' id='par_1_57' title="bbox 1908 3001 3483 3077">
     <span class='ocr_line' id='line_1_57' title="bbox 1908 3001 3483 3077; baseline 0.004 -21"><span class='ocrx_word' id='word_1_409' title='bbox 1908 3003 1977 3056; x_wconf 93' lang='lat' dir='ltr'><strong>ob</strong></span> <span class='ocrx_word' id='word_1_410' title='bbox 2009 3002 2074 3056; x_wconf 90' lang='lat' dir='ltr'><strong>de</strong></span> <span class='ocrx_word' id='word_1_411' title='bbox 2104 3001 2215 3056; x_wconf 87' lang='lat' dir='ltr'><strong>ﬁlio</strong></span> <span class='ocrx_word' id='word_1_412' title='bbox 2247 3001 2686 3070; x_wconf 84' lang='lat' dir='ltr'><strong>sollicitudinem,</strong></span> <span class='ocrx_word' id='word_1_413' title='bbox 2717 3019 2838 3073; x_wconf 74' lang='lat' dir='ltr'><strong>quae</strong></span> <span class='ocrx_word' id='word_1_414' title='bbox 2865 3003 2957 3059; x_wconf 88' lang='lat' dir='ltr'><strong>tibi</strong></span> <span class='ocrx_word' id='word_1_415' title='bbox 2998 3006 3064 3060; x_wconf 88' lang='lat' dir='ltr'><strong>ad</strong></span> <span class='ocrx_word' id='word_1_416' title='bbox 3093 3016 3483 3077; x_wconf 85' lang='lat' dir='ltr'><strong>congruentem</strong></span> 
     </span>
    </p>
   </div>
   <div class='ocr_carea' id='block_1_58' title="bbox 1910 3094 3484 3168">
    <p class='ocr_par' dir='ltr' id='par_1_58' title="bbox 1910 3094 3484 3168">
     <span class='ocr_line' id='line_1_58' title="bbox 1910 3094 3484 3168; baseline 0.003 -19"><span class='ocrx_word' id='word_1_417' title='bbox 1910 3095 2108 3150; x_wconf 65' lang='lat' dir='ltr'><strong>animae</strong></span> <span class='ocrx_word' id='word_1_418' title='bbox 2149 3110 2334 3150; x_wconf 87' lang='lat' dir='ltr'><strong>curam</strong></span> <span class='ocrx_word' id='word_1_419' title='bbox 2364 3094 2536 3149; x_wconf 88' lang='lat' dir='ltr'><strong>otium</strong></span> <span class='ocrx_word' id='word_1_420' title='bbox 2567 3110 2676 3150; x_wconf 91' lang='lat' dir='ltr'><strong>non</strong></span> <span class='ocrx_word' id='word_1_421' title='bbox 2726 3096 3008 3166; x_wconf 90' lang='lat' dir='ltr'><strong>permittit.</strong></span> <span class='ocrx_word' id='word_1_422' title='bbox 3037 3098 3107 3152; x_wconf 80' lang='lat' dir='ltr'><strong>At</strong></span> <span class='ocrx_word' id='word_1_423' title='bbox 3131 3106 3308 3168; x_wconf 88' lang='lat' dir='ltr'><strong>potest</strong></span> <span class='ocrx_word' id='word_1_424' title='bbox 3342 3099 3484 3153; x_wconf 87' lang='lat' dir='ltr'><strong>Deus</strong></span> 
     </span>
    </p>
   </div>
   <div class='ocr_carea' id='block_1_59' title="bbox 232 3186 1809 3271">
    <p class='ocr_par' dir='ltr' id='par_1_59' title="bbox 232 3186 1808 3271">
     <span class='ocr_line' id='line_1_59' title="bbox 232 3186 1808 3271; baseline 0.008 -31"><span class='ocrx_word' id='word_1_425' title='bbox 232 3186 496 3256; x_wconf 85' lang='grc' dir='ltr'>ασχολίαν</span> <span class='ocrx_word' id='word_1_426' title='bbox 518 3189 822 3262; x_wconf 79' lang='grc' dir='ltr'>ὲμποιούσῃ</span> <span class='ocrx_word' id='word_1_427' title='bbox 855 3209 936 3245; x_wconf 89' lang='grc' dir='ltr'><strong>σοι</strong></span> <span class='ocrx_word' id='word_1_428' title='bbox 966 3193 1067 3262; x_wconf 83' lang='grc' dir='ltr'><strong>τῆς</strong></span> <span class='ocrx_word' id='word_1_429' title='bbox 1092 3193 1320 3264; x_wconf 85' lang='grc' dir='ltr'>δεούσης</span> <span class='ocrx_word' id='word_1_430' title='bbox 1349 3197 1477 3265; x_wconf 76' lang='grc' dir='ltr'>περὶ</span> <span class='ocrx_word' id='word_1_431' title='bbox 1503 3197 1603 3268; x_wconf 82' lang='grc' dir='ltr'><strong>τὴν</strong></span> <span class='ocrx_word' id='word_1_432' title='bbox 1631 3199 1808 3271; x_wconf 68' lang='grc' dir='ltr'>ψυχὴν</span> 
     </span>
    </p>
   </div>
   <div class='ocr_carea' id='block_1_60' title="bbox 1909 3186 3485 3271">
    <p class='ocr_par' dir='ltr' id='par_1_60' title="bbox 1911 3187 3485 3260">
     <span class='ocr_line' id='line_1_60' title="bbox 1911 3187 3485 3260; baseline 0.001 -16"><span class='ocrx_word' id='word_1_433' title='bbox 1911 3198 1964 3244; x_wconf 91' lang='lat' dir='ltr'><strong>et</strong></span> <span class='ocrx_word' id='word_1_434' title='bbox 1993 3189 2191 3260; x_wconf 88' lang='lat' dir='ltr'><strong>egregii</strong></span> <span class='ocrx_word' id='word_1_435' title='bbox 2226 3187 2318 3242; x_wconf 91' lang='lat' dir='ltr'><strong>ﬁlii</strong></span> <span class='ocrx_word' id='word_1_436' title='bbox 2351 3202 2438 3243; x_wconf 89' lang='lat' dir='ltr'><strong>res</strong></span> <span class='ocrx_word' id='word_1_437' title='bbox 2466 3188 2568 3242; x_wconf 89' lang='lat' dir='ltr'><strong>rite</strong></span> <span class='ocrx_word' id='word_1_438' title='bbox 2599 3188 2934 3258; x_wconf 87' lang='lat' dir='ltr'><strong>dispensare,</strong></span> <span class='ocrx_word' id='word_1_439' title='bbox 2961 3199 3017 3244; x_wconf 86' lang='lat' dir='ltr'><strong>et</strong></span> <span class='ocrx_word' id='word_1_440' title='bbox 3059 3197 3118 3243; x_wconf 92' lang='lat' dir='ltr'><strong>ut</strong></span> <span class='ocrx_word' id='word_1_441' title='bbox 3149 3191 3345 3246; x_wconf 69' lang='lat' dir='ltr'><strong>anima:</strong></span> <span class='ocrx_word' id='word_1_442' title='bbox 3374 3191 3485 3245; x_wconf 58' lang='lat' dir='ltr'><strong>uti.</strong></span> 
     </span>
    </p>
   </div>
   <div class='ocr_carea' id='block_1_61' title="bbox 235 3279 1809 3358">
    <p class='ocr_par' dir='ltr' id='par_1_61' title="bbox 235 3279 1807 3358">
     <span class='ocr_line' id='line_1_61' title="bbox 235 3279 1807 3358; baseline 0.011 -29"><span class='ocrx_word' id='word_1_443' title='bbox 235 3279 532 3349; x_wconf 80' lang='grc' dir='ltr'>μερίμνης.</span> <span class='ocrx_word' id='word_1_444' title='bbox 583 3280 694 3334; x_wconf 73' lang='grc' dir='ltr'>Καὶ</span> <span class='ocrx_word' id='word_1_445' title='bbox 740 3282 963 3345; x_wconf 80' lang='grc' dir='ltr'>δυνατὸς</span> <span class='ocrx_word' id='word_1_446' title='bbox 992 3284 1020 3334; x_wconf 83' lang='grc' dir='ltr'><strong>ὁ</strong></span> <span class='ocrx_word' id='word_1_447' title='bbox 1075 3284 1207 3348; x_wconf 83' lang='grc' dir='ltr'>Θεὸς</span> <span class='ocrx_word' id='word_1_448' title='bbox 1246 3287 1340 3338; x_wconf 78' lang='grc' dir='ltr'>καὶ</span> <span class='ocrx_word' id='word_1_449' title='bbox 1383 3287 1481 3358; x_wconf 84' lang='grc' dir='ltr'><strong>τὴν</strong></span> <span class='ocrx_word' id='word_1_450' title='bbox 1514 3289 1606 3343; x_wconf 80' lang='grc' dir='ltr'>τοῦ</span> <span class='ocrx_word' id='word_1_451' title='bbox 1643 3292 1807 3346; x_wconf 79' lang='grc' dir='ltr'>καλοῦ</span> 
     </span>
    </p>
   </div>
   <div class='ocr_carea' id='block_1_62' title="bbox 1909 3279 3485 3358">
    <p class='ocr_par' dir='ltr' id='par_1_62' title="bbox 1912 3280 3485 3352">
     <span class='ocr_line' id='line_1_62' title="bbox 1912 3280 3485 3352; baseline 0.001 -16"><span class='ocrx_word' id='word_1_452' title='bbox 1912 3281 1980 3336; x_wconf 91' lang='lat' dir='ltr'><strong>lia</strong></span> <span class='ocrx_word' id='word_1_453' title='bbox 2014 3281 2068 3334; x_wconf 93' lang='lat' dir='ltr'><strong>in</strong></span> <span class='ocrx_word' id='word_1_454' title='bbox 2096 3281 2354 3335; x_wconf 92' lang='lat' dir='ltr'><strong>omnibus</strong></span> <span class='ocrx_word' id='word_1_455' title='bbox 2400 3281 2736 3336; x_wconf 88' lang='lat' dir='ltr'><strong>consecteris</strong></span> <span class='ocrx_word' id='word_1_456' title='bbox 2764 3280 2999 3346; x_wconf 87' lang='lat' dir='ltr'><strong>elﬁcere,</strong></span> <span class='ocrx_word' id='word_1_457' title='bbox 3029 3291 3292 3352; x_wconf 91' lang='lat' dir='ltr'><strong>utparato</strong></span> <span class='ocrx_word' id='word_1_458' title='bbox 3320 3283 3485 3338; x_wconf 84' lang='lat' dir='ltr'><strong>cordo</strong></span> 
     </span>
    </p>
   </div>
   <div class='ocr_carea' id='block_1_63' title="bbox 231 3366 1809 3444">
    <p class='ocr_par' dir='ltr' id='par_1_63' title="bbox 231 3366 1805 3444">
     <span class='ocr_line' id='line_1_63' title="bbox 231 3366 1805 3444; baseline 0.011 -26"><span class='ocrx_word' id='word_1_459' title='bbox 231 3366 429 3419; x_wconf 82' lang='grc' dir='ltr'>τέκνου</span> <span class='ocrx_word' id='word_1_460' title='bbox 488 3369 754 3441; x_wconf 86' lang='grc' dir='ltr'>διοίκησιν</span> <span class='ocrx_word' id='word_1_461' title='bbox 799 3373 1239 3444; x_wconf 84' lang='grc' dir='ltr'>ἀπεργάσασθαι,</span> <span class='ocrx_word' id='word_1_462' title='bbox 1287 3377 1381 3430; x_wconf 74' lang='grc' dir='ltr'>καὶ</span> <span class='ocrx_word' id='word_1_463' title='bbox 1427 3378 1486 3431; x_wconf 80' lang='grc' dir='ltr'>σὲ</span> <span class='ocrx_word' id='word_1_464' title='bbox 1531 3381 1624 3433; x_wconf 77' lang='grc' dir='ltr'><strong>ἐπὶ</strong></span> <span class='ocrx_word' id='word_1_465' title='bbox 1669 3382 1805 3435; x_wconf 78' lang='grc' dir='ltr'>πᾶσι</span> 
     </span>
    </p>
   </div>
   <div class='ocr_carea' id='block_1_64' title="bbox 1909 3366 3487 3444">
    <p class='ocr_par' dir='ltr' id='par_1_64' title="bbox 1910 3372 3487 3444">
     <span class='ocr_line' id='line_1_64' title="bbox 1910 3372 3487 3444; baseline -0.001 -14"><span class='ocrx_word' id='word_1_466' title='bbox 1910 3374 2158 3444; x_wconf 89' lang='lat' dir='ltr'><strong>corporis</strong></span> <span class='ocrx_word' id='word_1_467' title='bbox 2226 3373 2431 3429; x_wconf 76' lang='lat' dir='ltr'><strong>exitum</strong></span> <span class='ocrx_word' id='word_1_468' title='bbox 2494 3373 2828 3443; x_wconf 78' lang='lat' dir='ltr'><strong>praestolere.</strong></span> <span class='ocrx_word' id='word_1_469' title='bbox 2885 3372 3142 3444; x_wconf 79' lang='lat' dir='ltr'><strong>Jejunare</strong></span> <span class='ocrx_word' id='word_1_470' title='bbox 3199 3384 3382 3430; x_wconf 89' lang='lat' dir='ltr'><strong>autem</strong></span> <span class='ocrx_word' id='word_1_471' title='bbox 3429 3385 3487 3429; x_wconf 84' lang='lat' dir='ltr'><strong>et</strong></span> 
     </span>
    </p>
   </div>
   <div class='ocr_carea' id='block_1_65' title="bbox 238 3458 1805 3543">
    <p class='ocr_par' dir='ltr' id='par_1_65' title="bbox 238 3458 1805 3543">
     <span class='ocr_line' id='line_1_65' title="bbox 238 3458 1805 3543; baseline 0.011 -34"><span class='ocrx_word' id='word_1_472' title='bbox 238 3458 443 3528; x_wconf 80' lang='grc' dir='ltr'>σχολὴν</span> <span class='ocrx_word' id='word_1_473' title='bbox 475 3461 631 3529; x_wconf 81' lang='grc' dir='ltr'>ἄγειν</span> <span class='ocrx_word' id='word_1_474' title='bbox 669 3465 928 3534; x_wconf 77' lang='grc' dir='ltr'>περὶτῶν</span> <span class='ocrx_word' id='word_1_475' title='bbox 959 3465 1294 3536; x_wconf 74' lang='grc' dir='ltr'>ψυχωφελῶν</span> <span class='ocrx_word' id='word_1_476' title='bbox 1325 3473 1771 3543; x_wconf 83' lang='grc' dir='ltr'>καταστήσασθαι</span> <span class='ocrx_word' id='word_1_477' title='bbox 1791 3490 1805 3506; x_wconf 80' lang='grc' dir='ltr'><strong><em>ο</em></strong></span> 
     </span>
    </p>
   </div>
   <div class='ocr_carea' id='block_1_66' title="bbox 235 3549 1811 3633">
    <p class='ocr_par' dir='ltr' id='par_1_66' title="bbox 235 3549 1811 3633">
     <span class='ocr_line' id='line_1_66' title="bbox 235 3549 1811 3633; baseline 0.01 -31"><span class='ocrx_word' id='word_1_478' title='bbox 235 3549 313 3612; x_wconf 81' lang='grc' dir='ltr'>ὡς</span> <span class='ocrx_word' id='word_1_479' title='bbox 337 3549 532 3623; x_wconf 74' lang='grc' dir='ltr'>ἑτοίμῃ</span> <span class='ocrx_word' id='word_1_480' title='bbox 554 3555 751 3626; x_wconf 72' lang='grc' dir='ltr'>καρδίᾳ</span> <span class='ocrx_word' id='word_1_481' title='bbox 783 3556 914 3627; x_wconf 81' lang='grc' dir='ltr'>πρὸς</span> <span class='ocrx_word' id='word_1_482' title='bbox 945 3559 1043 3627; x_wconf 80' lang='grc' dir='ltr'><strong>τὴν</strong></span> <span class='ocrx_word' id='word_1_483' title='bbox 1070 3558 1248 3623; x_wconf 76' lang='grc' dir='ltr'>ἔξοδον</span> <span class='ocrx_word' id='word_1_484' title='bbox 1274 3561 1366 3613; x_wconf 76' lang='grc' dir='ltr'>τοῦ</span> <span class='ocrx_word' id='word_1_485' title='bbox 1394 3560 1647 3631; x_wconf 90' lang='grc' dir='ltr'>σώματος</span> <span class='ocrx_word' id='word_1_486' title='bbox 1675 3582 1811 3633; x_wconf 87' lang='grc' dir='ltr'>παρ-</span> 
     </span>
    </p>
   </div>
   <div class='ocr_carea' id='block_1_67' title="bbox 238 3643 1810 3725">
    <p class='ocr_par' dir='ltr' id='par_1_67' title="bbox 238 3643 1810 3725">
     <span class='ocr_line' id='line_1_67' title="bbox 238 3643 1810 3725; baseline 0.008 -29"><span class='ocrx_word' id='word_1_487' title='bbox 238 3643 517 3699; x_wconf 87' lang='grc' dir='ltr'>ίστασθαι.</span> <span class='ocrx_word' id='word_1_488' title='bbox 575 3646 876 3717; x_wconf 84' lang='grc' dir='ltr'>Νηστεύειν</span> <span class='ocrx_word' id='word_1_489' title='bbox 898 3649 953 3701; x_wconf 76' lang='grc' dir='ltr'>δὲ</span> <span class='ocrx_word' id='word_1_490' title='bbox 983 3650 1076 3702; x_wconf 76' lang='grc' dir='ltr'>καὶ</span> <span class='ocrx_word' id='word_1_491' title='bbox 1100 3649 1562 3722; x_wconf 84' lang='grc' dir='ltr'>ταλαιπωρεῖσθαι</span> <span class='ocrx_word' id='word_1_492' title='bbox 1587 3693 1602 3718; x_wconf 89' lang='grc'><strong>,</strong></span> <span class='ocrx_word' id='word_1_493' title='bbox 1651 3654 1810 3725; x_wconf 85' lang='grc' dir='ltr'>σῶμα</span> 
     </span>
    </p>
   </div>
   <div class='ocr_carea' id='block_1_68' title="bbox 236 3735 1812 3817">
    <p class='ocr_par' dir='ltr' id='par_1_68' title="bbox 236 3735 1812 3817">
     <span class='ocr_line' id='line_1_68' title="bbox 236 3735 1812 3817; baseline 0.008 -29"><span class='ocrx_word' id='word_1_494' title='bbox 236 3735 441 3806; x_wconf 67' lang='grc' dir='ltr'>ἔχουσα</span> <span class='ocrx_word' id='word_1_495' title='bbox 462 3739 681 3808; x_wconf 74' lang='grc' dir='ltr'>νοσερὸν</span> <span class='ocrx_word' id='word_1_496' title='bbox 702 3740 762 3791; x_wconf 79' lang='grc' dir='ltr'><strong>οὐ</strong></span> <span class='ocrx_word' id='word_1_497' title='bbox 789 3739 922 3810; x_wconf 74' lang='grc' dir='ltr'>δύνῃ</span> <span class='ocrx_word' id='word_1_498' title='bbox 939 3754 953 3769; x_wconf 87' lang='grc'><strong>·</strong></span> <span class='ocrx_word' id='word_1_499' title='bbox 974 3740 1074 3792; x_wconf 81' lang='grc' dir='ltr'><strong>κᾶν</strong></span> <span class='ocrx_word' id='word_1_500' title='bbox 1101 3739 1274 3811; x_wconf 84' lang='grc' dir='ltr'>τούτῳ</span> <span class='ocrx_word' id='word_1_501' title='bbox 1295 3740 1356 3807; x_wconf 85' lang='grc' dir='ltr'>[ι.</span> <span class='ocrx_word' id='word_1_502' title='bbox 1386 3743 1568 3817; x_wconf 80' lang='grc' dir='ltr'>τοῦτο]</span> <span class='ocrx_word' id='word_1_503' title='bbox 1589 3745 1812 3811; x_wconf 79' lang='grc' dir='ltr'>ἀλύπως</span> 
     </span>
    </p>
   </div>
   <div class='ocr_carea' id='block_1_69' title="bbox 238 3830 1812 3909">
    <p class='ocr_par' dir='ltr' id='par_1_69' title="bbox 238 3830 1812 3909">
     <span class='ocr_line' id='line_1_69' title="bbox 238 3830 1812 3909; baseline 0.004 -26"><span class='ocrx_word' id='word_1_504' title='bbox 238 3830 398 3901; x_wconf 79' lang='grc' dir='ltr'>φέρε,</span> <span class='ocrx_word' id='word_1_505' title='bbox 447 3830 516 3884; x_wconf 75' lang='grc' dir='ltr'>τὰ</span> <span class='ocrx_word' id='word_1_506' title='bbox 568 3832 771 3884; x_wconf 84' lang='grc' dir='ltr'>δυνατά</span> <span class='ocrx_word' id='word_1_507' title='bbox 827 3831 1135 3885; x_wconf 83' lang='grc' dir='ltr'>εἰσοίσουσα</span> <span class='ocrx_word' id='word_1_508' title='bbox 1198 3835 1274 3905; x_wconf 82' lang='grc' dir='ltr'>τῷ</span> <span class='ocrx_word' id='word_1_509' title='bbox 1330 3836 1540 3908; x_wconf 84' lang='grc' dir='ltr'>Κυρίῳ,</span> <span class='ocrx_word' id='word_1_510' title='bbox 1578 3837 1675 3891; x_wconf 70' lang='grc' dir='ltr'><strong>καὶ</strong></span> <span class='ocrx_word' id='word_1_511' title='bbox 1731 3837 1812 3909; x_wconf 81' lang='grc' dir='ltr'>τῷ</span> 
     </span>
    </p>
   </div>
   <div class='ocr_carea' id='block_1_70' title="bbox 241 3922 1813 4000">
    <p class='ocr_par' dir='ltr' id='par_1_70' title="bbox 241 3922 1813 4000">
     <span class='ocr_line' id='line_1_70' title="bbox 241 3922 1813 4000; baseline 0.004 -24"><span class='ocrx_word' id='word_1_512' title='bbox 241 3922 579 3992; x_wconf 81' lang='grc' dir='ltr'>πλεονασμῷ</span> <span class='ocrx_word' id='word_1_513' title='bbox 634 3924 734 3991; x_wconf 79' lang='grc' dir='ltr'><strong>τῆς</strong></span> <span class='ocrx_word' id='word_1_514' title='bbox 775 3925 1280 3995; x_wconf 80' lang='grc' dir='ltr'>ταπεινοφροσύνης</span> <span class='ocrx_word' id='word_1_515' title='bbox 1308 3927 1368 3980; x_wconf 81' lang='grc' dir='ltr'>τὸ</span> <span class='ocrx_word' id='word_1_516' title='bbox 1401 3929 1464 3981; x_wconf 87' lang='grc' dir='ltr'>ὲκ</span> <span class='ocrx_word' id='word_1_517' title='bbox 1493 3928 1590 3998; x_wconf 82' lang='grc' dir='ltr'>τῆς</span> <span class='ocrx_word' id='word_1_518' title='bbox 1639 3929 1813 4000; x_wconf 82' lang='grc' dir='ltr'>άσκή-</span> 
     </span>
    </p>
   </div>
   <div class='ocr_carea' id='block_1_71' title="bbox 242 4011 1813 4087">
    <p class='ocr_par' dir='ltr' id='par_1_71' title="bbox 242 4011 1813 4087">
     <span class='ocr_line' id='line_1_71' title="bbox 242 4011 1813 4087; baseline 0.004 -21"><span class='ocrx_word' id='word_1_519' title='bbox 242 4029 381 4075; x_wconf 88' lang='grc' dir='ltr'>σεως</span> <span class='ocrx_word' id='word_1_520' title='bbox 414 4013 592 4066; x_wconf 83' lang='grc' dir='ltr'>ὲνδέον</span> <span class='ocrx_word' id='word_1_521' title='bbox 641 4011 1052 4083; x_wconf 81' lang='grc' dir='ltr'>άναπληροῦσα.</span> <span class='ocrx_word' id='word_1_522' title='bbox 1109 4016 1516 4087; x_wconf 78' lang='grc' dir='ltr'>Προσεύχεσθαι</span> <span class='ocrx_word' id='word_1_523' title='bbox 1573 4019 1630 4072; x_wconf 86' lang='grc' dir='ltr'>δὲ</span> <span class='ocrx_word' id='word_1_524' title='bbox 1664 4020 1813 4083; x_wconf 83' lang='grc' dir='ltr'>ὅπως</span> 
     </span>
    </p>
   </div>
   <div class='ocr_carea' id='block_1_72' title="bbox 243 4103 1813 4175">
    <p class='ocr_par' dir='ltr' id='par_1_72' title="bbox 243 4103 1813 4175">
     <span class='ocr_line' id='line_1_72' title="bbox 243 4103 1813 4175; baseline 0.004 -19"><span class='ocrx_word' id='word_1_525' title='bbox 243 4120 303 4156; x_wconf 80' lang='grc' dir='ltr'><strong>σε</strong></span> <span class='ocrx_word' id='word_1_526' title='bbox 336 4105 462 4173; x_wconf 83' lang='grc' dir='ltr'>χρὴ,</span> <span class='ocrx_word' id='word_1_527' title='bbox 489 4103 769 4172; x_wconf 76' lang='grc' dir='ltr'>ἐπιζητεῖς</span> <span class='ocrx_word' id='word_1_528' title='bbox 806 4105 1209 4175; x_wconf 81' lang='grc' dir='ltr'>ἐκδιδαχθῆναι.</span> <span class='ocrx_word' id='word_1_529' title='bbox 1259 4109 1368 4160; x_wconf 74' lang='grc' dir='ltr'><strong>Καὶ</strong></span> <span class='ocrx_word' id='word_1_530' title='bbox 1415 4108 1573 4162; x_wconf 82' lang='grc' dir='ltr'>τοῦτο</span> <span class='ocrx_word' id='word_1_531' title='bbox 1605 4109 1764 4174; x_wconf 77' lang='grc' dir='ltr'>αὐτὸς</span> <span class='ocrx_word' id='word_1_532' title='bbox 1785 4111 1813 4162; x_wconf 84' lang='grc' dir='ltr'>ὁ</span> 
     </span>
    </p>
   </div>
   <div class='ocr_carea' id='block_1_73' title="bbox 242 4193 1814 4277">
    <p class='ocr_par' dir='ltr' id='par_1_73' title="bbox 242 4193 1814 4277">
     <span class='ocr_line' id='line_1_73' title="bbox 242 4193 1814 4277; baseline 0.004 -30"><span class='ocrx_word' id='word_1_533' title='bbox 242 4194 450 4265; x_wconf 83' lang='grc' dir='ltr'>Κύριος</span> <span class='ocrx_word' id='word_1_534' title='bbox 479 4193 750 4261; x_wconf 72' lang='grc' dir='ltr'>ἐξεδίδαξε</span> <span class='ocrx_word' id='word_1_535' title='bbox 775 4195 862 4248; x_wconf 84' lang='grc' dir='ltr'><strong>διὰ</strong></span> <span class='ocrx_word' id='word_1_536' title='bbox 894 4197 990 4266; x_wconf 80' lang='grc' dir='ltr'>τῆς</span> <span class='ocrx_word' id='word_1_537' title='bbox 1020 4195 1138 4261; x_wconf 82' lang='grc' dir='ltr'>τοῦ,</span> <span class='ocrx_word' id='word_1_538' title='bbox 1166 4197 1356 4277; x_wconf 84' lang='grc' dir='ltr'>Πάτερ</span> <span class='ocrx_word' id='word_1_539' title='bbox 1385 4197 1575 4267; x_wconf 80' lang='grc' dir='ltr'>ἡμῶν,</span> <span class='ocrx_word' id='word_1_540' title='bbox 1608 4201 1814 4268; x_wconf 77' lang='grc' dir='ltr'>ἐπιφω-</span> 
     </span>
    </p>
   </div>
   <div class='ocr_carea' id='block_1_74' title="bbox 243 4287 1812 4362">
    <p class='ocr_par' dir='ltr' id='par_1_74' title="bbox 243 4287 1812 4362">
     <span class='ocr_line' id='line_1_74' title="bbox 243 4287 1812 4362; baseline 0.003 -23"><span class='ocrx_word' id='word_1_541' title='bbox 243 4289 478 4358; x_wconf 85' lang='grc' dir='ltr'>νήσεως,</span> <span class='ocrx_word' id='word_1_542' title='bbox 508 4289 601 4340; x_wconf 74' lang='grc' dir='ltr'><strong>καὶ</strong></span> <span class='ocrx_word' id='word_1_543' title='bbox 630 4288 724 4341; x_wconf 83' lang='grc' dir='ltr'>τοῦ</span> <span class='ocrx_word' id='word_1_544' title='bbox 754 4287 922 4358; x_wconf 84' lang='grc' dir='ltr'>μηδὲν</span> <span class='ocrx_word' id='word_1_545' title='bbox 947 4290 1117 4343; x_wconf 83' lang='grc' dir='ltr'>αἰτεῖν</span> <span class='ocrx_word' id='word_1_546' title='bbox 1153 4288 1511 4362; x_wconf 87' lang='grc' dir='ltr'>πρόσκαιρον,</span> <span class='ocrx_word' id='word_1_547' title='bbox 1540 4291 1676 4344; x_wconf 83' lang='grc' dir='ltr'>ἀλλὰ</span> <span class='ocrx_word' id='word_1_548' title='bbox 1712 4291 1812 4362; x_wconf 83' lang='grc' dir='ltr'>τὴν</span> 
     </span>
    </p>
   </div>
   <div class='ocr_carea' id='block_1_75' title="bbox 243 4379 1808 4452">
    <p class='ocr_par' dir='ltr' id='par_1_75' title="bbox 243 4379 1808 4452">
     <span class='ocr_line' id='line_1_75' title="bbox 243 4379 1808 4452; baseline 0.002 -20"><span class='ocrx_word' id='word_1_549' title='bbox 243 4379 523 4448; x_wconf 78' lang='grc' dir='ltr'>βασιλείαν</span> <span class='ocrx_word' id='word_1_550' title='bbox 547 4379 850 4444; x_wconf 78' lang='grc' dir='ltr'>αύτοῦ,καὶ</span> <span class='ocrx_word' id='word_1_551' title='bbox 896 4383 994 4450; x_wconf 79' lang='grc' dir='ltr'><strong>τὴν</strong></span> <span class='ocrx_word' id='word_1_552' title='bbox 1041 4380 1388 4452; x_wconf 76' lang='grc' dir='ltr'>δικαιοσύνην</span> <span class='ocrx_word' id='word_1_553' title='bbox 1430 4383 1529 4452; x_wconf 76' lang='grc' dir='ltr'>τὴν</span> <span class='ocrx_word' id='word_1_554' title='bbox 1571 4380 1808 4438; x_wconf 83' lang='grc' dir='ltr'>αἰώνιον.</span> 
     </span>
    </p>
   </div>
   <div class='ocr_carea' id='block_1_76' title="bbox 242 4475 1810 4549">
    <p class='ocr_par' dir='ltr' id='par_1_76' title="bbox 242 4475 1810 4549">
     <span class='ocr_line' id='line_1_76' title="bbox 242 4475 1810 4549; baseline 0.002 -21"><span class='ocrx_word' id='word_1_555' title='bbox 242 4475 394 4546; x_wconf 74' lang='grc' dir='ltr'>Πλὴν</span> <span class='ocrx_word' id='word_1_556' title='bbox 431 4477 512 4530; x_wconf 83' lang='grc' dir='ltr'><strong>ὅτι</strong></span> <span class='ocrx_word' id='word_1_557' title='bbox 564 4478 874 4531; x_wconf 83' lang='grc' dir='ltr'>τετύπωται</span> <span class='ocrx_word' id='word_1_558' title='bbox 909 4477 1015 4530; x_wconf 82' lang='grc' dir='ltr'><strong>ὑπὸ</strong></span> <span class='ocrx_word' id='word_1_559' title='bbox 1053 4477 1156 4530; x_wconf 81' lang='grc' dir='ltr'>τῶν</span> <span class='ocrx_word' id='word_1_560' title='bbox 1189 4479 1461 4549; x_wconf 79' lang='grc' dir='ltr'>πατέρων,</span> <span class='ocrx_word' id='word_1_561' title='bbox 1517 4479 1734 4548; x_wconf 84' lang='grc' dir='ltr'>πρῶτον</span> <span class='ocrx_word' id='word_1_562' title='bbox 1776 4480 1810 4548; x_wconf 80' lang='grc' dir='ltr'><strong>ἡ</strong></span> 
     </span>
    </p>
   </div>
   <div class='ocr_carea' id='block_1_77' title="bbox 1910 3462 3481 3536">
    <p class='ocr_par' dir='ltr' id='par_1_77' title="bbox 1910 3462 3481 3536">
     <span class='ocr_line' id='line_1_77' title="bbox 1910 3462 3481 3536; baseline 0 -16"><span class='ocrx_word' id='word_1_563' title='bbox 1910 3467 2122 3521; x_wconf 81' lang='lat' dir='ltr'><strong>labores</strong></span> <span class='ocrx_word' id='word_1_564' title='bbox 2153 3464 2260 3535; x_wconf 86' lang='lat' dir='ltr'><strong>pati</strong></span> <span class='ocrx_word' id='word_1_565' title='bbox 2284 3505 2299 3530; x_wconf 90' lang='lat'><strong>,</strong></span> <span class='ocrx_word' id='word_1_566' title='bbox 2345 3479 2467 3518; x_wconf 91' lang='lat' dir='ltr'><strong>cum</strong></span> <span class='ocrx_word' id='word_1_567' title='bbox 2494 3464 2745 3518; x_wconf 88' lang='lat' dir='ltr'><strong>morboso</strong></span> <span class='ocrx_word' id='word_1_568' title='bbox 2772 3462 2845 3517; x_wconf 90' lang='lat' dir='ltr'><strong>sis</strong></span> <span class='ocrx_word' id='word_1_569' title='bbox 2869 3479 3116 3534; x_wconf 89' lang='lat' dir='ltr'><strong>corpore,</strong></span> <span class='ocrx_word' id='word_1_570' title='bbox 3146 3462 3253 3520; x_wconf 77' lang='lat' dir='ltr'><strong>non</strong></span> <span class='ocrx_word' id='word_1_571' title='bbox 3281 3475 3434 3536; x_wconf 86' lang='lat' dir='ltr'><strong>potes</strong></span> <span class='ocrx_word' id='word_1_572' title='bbox 3467 3484 3481 3520; x_wconf 90' lang='lat'><strong>:</strong></span> 
     </span>
    </p>
   </div>
   <div class='ocr_carea' id='block_1_78' title="bbox 1909 3554 3487 3626">
    <p class='ocr_par' dir='ltr' id='par_1_78' title="bbox 1909 3554 3487 3626">
     <span class='ocr_line' id='line_1_78' title="bbox 1909 3554 3487 3626; baseline 0.001 -15"><span class='ocrx_word' id='word_1_573' title='bbox 1909 3567 1964 3611; x_wconf 89' lang='lat' dir='ltr'><strong>et</strong></span> <span class='ocrx_word' id='word_1_574' title='bbox 1991 3559 2094 3612; x_wconf 91' lang='lat' dir='ltr'><strong>hoc</strong></span> <span class='ocrx_word' id='word_1_575' title='bbox 2137 3557 2312 3626; x_wconf 90' lang='lat' dir='ltr'><strong>ipsum</strong></span> <span class='ocrx_word' id='word_1_576' title='bbox 2347 3571 2501 3625; x_wconf 79' lang='lat' dir='ltr'><strong>aequo</strong></span> <span class='ocrx_word' id='word_1_577' title='bbox 2530 3555 2610 3610; x_wconf 80' lang='lat' dir='ltr'><strong>fer</strong></span> <span class='ocrx_word' id='word_1_578' title='bbox 2643 3554 2856 3620; x_wconf 89' lang='lat' dir='ltr'><strong>animo,</strong></span> <span class='ocrx_word' id='word_1_579' title='bbox 2902 3571 3021 3625; x_wconf 64' lang='lat' dir='ltr'><strong>qua:</strong></span> <span class='ocrx_word' id='word_1_580' title='bbox 3065 3567 3220 3626; x_wconf 87' lang='lat' dir='ltr'><strong>potes</strong></span> <span class='ocrx_word' id='word_1_581' title='bbox 3249 3557 3487 3614; x_wconf 75' lang='lat' dir='ltr'><strong>oﬁerens</strong></span> 
     </span>
    </p>
   </div>
   <div class='ocr_carea' id='block_1_79' title="bbox 1903 3646 3486 3720">
    <p class='ocr_par' dir='ltr' id='par_1_79' title="bbox 1903 3646 3486 3720">
     <span class='ocr_line' id='line_1_79' title="bbox 1903 3646 3486 3720; baseline 0 -16"><span class='ocrx_word' id='word_1_582' title='bbox 1903 3649 2157 3712; x_wconf 83' lang='lat' dir='ltr'><strong>Domino,</strong></span> <span class='ocrx_word' id='word_1_583' title='bbox 2180 3648 2543 3720; x_wconf 89' lang='lat' dir='ltr'><strong>supplensque</strong></span> <span class='ocrx_word' id='word_1_584' title='bbox 2567 3646 2887 3702; x_wconf 88' lang='lat' dir='ltr'><strong>humilitatis</strong></span> <span class='ocrx_word' id='word_1_585' title='bbox 2907 3648 3236 3703; x_wconf 88' lang='lat' dir='ltr'><strong>abundantia</strong></span> <span class='ocrx_word' id='word_1_586' title='bbox 3267 3649 3316 3703; x_wconf 91' lang='lat' dir='ltr'><strong>id</strong></span> <span class='ocrx_word' id='word_1_587' title='bbox 3339 3650 3486 3719; x_wconf 88' lang='lat' dir='ltr'><strong>quod</strong></span> 
     </span>
    </p>
   </div>
   <div class='ocr_carea' id='block_1_80' title="bbox 1911 3738 3484 3810">
    <p class='ocr_par' dir='ltr' id='par_1_80' title="bbox 1911 3738 3484 3810">
     <span class='ocr_line' id='line_1_80' title="bbox 1911 3738 3484 3810; baseline -0.001 -12"><span class='ocrx_word' id='word_1_588' title='bbox 1911 3743 2063 3799; x_wconf 89' lang='lat' dir='ltr'><strong>deest</strong></span> <span class='ocrx_word' id='word_1_589' title='bbox 2111 3739 2510 3796; x_wconf 80' lang='lat' dir='ltr'><strong>exercitationi.</strong></span> <span class='ocrx_word' id='word_1_590' title='bbox 2555 3738 2724 3795; x_wconf 87' lang='lat' dir='ltr'><strong>Orare</strong></span> <span class='ocrx_word' id='word_1_591' title='bbox 2797 3755 2964 3810; x_wconf 85' lang='lat' dir='ltr'><strong>porro</strong></span> <span class='ocrx_word' id='word_1_592' title='bbox 3031 3739 3484 3810; x_wconf 88' lang='lat' dir='ltr'><strong>quemadmodum</strong></span> 
     </span>
    </p>
   </div>
   <div class='ocr_carea' id='block_1_81' title="bbox 1911 3831 3487 3903">
    <p class='ocr_par' dir='ltr' id='par_1_81' title="bbox 1911 3831 3487 3903">
     <span class='ocr_line' id='line_1_81' title="bbox 1911 3831 3487 3903; baseline -0.002 -12"><span class='ocrx_word' id='word_1_593' title='bbox 1911 3836 2130 3897; x_wconf 86' lang='lat' dir='ltr'><strong>debeas,</strong></span> <span class='ocrx_word' id='word_1_594' title='bbox 2172 3833 2352 3888; x_wconf 89' lang='lat' dir='ltr'><strong>doceri</strong></span> <span class='ocrx_word' id='word_1_595' title='bbox 2389 3832 2619 3901; x_wconf 79' lang='lat' dir='ltr'><strong>expetis.</strong></span> <span class='ocrx_word' id='word_1_596' title='bbox 2650 3831 2767 3886; x_wconf 86' lang='lat' dir='ltr'><strong>lloc</strong></span> <span class='ocrx_word' id='word_1_597' title='bbox 2794 3847 3011 3900; x_wconf 90' lang='lat' dir='ltr'><strong>quoque</strong></span> <span class='ocrx_word' id='word_1_598' title='bbox 3061 3831 3320 3887; x_wconf 88' lang='lat' dir='ltr'><strong>Dominus</strong></span> <span class='ocrx_word' id='word_1_599' title='bbox 3371 3833 3487 3903; x_wconf 86' lang='lat' dir='ltr'><strong>ipse</strong></span> 
     </span>
    </p>
   </div>
   <div class='ocr_carea' id='block_1_82' title="bbox 1909 3921 3489 3997">
    <p class='ocr_par' dir='ltr' id='par_1_82' title="bbox 1909 3921 3489 3997">
     <span class='ocr_line' id='line_1_82' title="bbox 1909 3921 3489 3997; baseline -0.004 -13"><span class='ocrx_word' id='word_1_600' title='bbox 1909 3929 2128 3984; x_wconf 90' lang='lat' dir='ltr'><strong>edocuit</strong></span> <span class='ocrx_word' id='word_1_601' title='bbox 2162 3941 2258 3997; x_wconf 92' lang='lat' dir='ltr'><strong>per</strong></span> <span class='ocrx_word' id='word_1_602' title='bbox 2284 3924 2700 3987; x_wconf 87' lang='lat' dir='ltr'><strong>invocationem,</strong></span> <span class='ocrx_word' id='word_1_603' title='bbox 2739 3921 2905 3978; x_wconf 83' lang='lat' dir='ltr'><strong>Pater</strong></span> <span class='ocrx_word' id='word_1_604' title='bbox 2936 3932 3109 3978; x_wconf 78' lang='lat' dir='ltr'><strong>noster</strong></span> <span class='ocrx_word' id='word_1_605' title='bbox 3131 3924 3176 3954; x_wconf 80' lang='lat'><strong>&quot;</strong></span> <span class='ocrx_word' id='word_1_606' title='bbox 3201 3939 3216 3990; x_wconf 92' lang='lat'><strong>;</strong></span> <span class='ocrx_word' id='word_1_607' title='bbox 3243 3933 3299 3980; x_wconf 90' lang='lat' dir='ltr'><strong>et</strong></span> <span class='ocrx_word' id='word_1_608' title='bbox 3324 3924 3489 3980; x_wconf 86' lang='lat' dir='ltr'><strong>cadu-</strong></span> 
     </span>
    </p>
   </div>
   <div class='ocr_carea' id='block_1_83' title="bbox 1910 4014 3490 4086">
    <p class='ocr_par' dir='ltr' id='par_1_83' title="bbox 1910 4014 3490 4086">
     <span class='ocr_line' id='line_1_83' title="bbox 1910 4014 3490 4086; baseline -0.003 -12"><span class='ocrx_word' id='word_1_609' title='bbox 1910 4035 2033 4075; x_wconf 92' lang='lat' dir='ltr'><strong>cum</strong></span> <span class='ocrx_word' id='word_1_610' title='bbox 2063 4017 2199 4073; x_wconf 83' lang='lat' dir='ltr'><strong>nihil</strong></span> <span class='ocrx_word' id='word_1_611' title='bbox 2231 4016 2524 4086; x_wconf 88' lang='lat' dir='ltr'><strong>petendum</strong></span> <span class='ocrx_word' id='word_1_612' title='bbox 2571 4014 2893 4076; x_wconf 86' lang='lat' dir='ltr'><strong>admonens,</strong></span> <span class='ocrx_word' id='word_1_613' title='bbox 2934 4014 3027 4070; x_wconf 87' lang='lat' dir='ltr'><strong>sed</strong></span> <span class='ocrx_word' id='word_1_614' title='bbox 3060 4029 3286 4086; x_wconf 88' lang='lat' dir='ltr'><strong>regnum</strong></span> <span class='ocrx_word' id='word_1_615' title='bbox 3321 4016 3490 4086; x_wconf 84' lang='lat' dir='ltr'><strong>ipsius</strong></span> 
     </span>
    </p>
   </div>
   <div class='ocr_carea' id='block_1_84' title="bbox 1911 4104 3488 4181">
    <p class='ocr_par' dir='ltr' id='par_1_84' title="bbox 1911 4104 3488 4181">
     <span class='ocr_line' id='line_1_84' title="bbox 1911 4104 3488 4181; baseline -0.004 -14"><span class='ocrx_word' id='word_1_616' title='bbox 1911 4120 1968 4167; x_wconf 89' lang='lat' dir='ltr'><strong>et</strong></span> <span class='ocrx_word' id='word_1_617' title='bbox 1993 4109 2258 4181; x_wconf 82' lang='lat' dir='ltr'><strong>justitiam</strong></span> <span class='ocrx_word' id='word_1_618' title='bbox 2290 4107 2702 4177; x_wconf 89' lang='lat' dir='ltr'><strong>sempiternam.</strong></span> <span class='ocrx_word' id='word_1_619' title='bbox 2728 4104 3096 4174; x_wconf 76' lang='lat' dir='ltr'><strong>Praeterquam</strong></span> <span class='ocrx_word' id='word_1_620' title='bbox 3144 4106 3286 4177; x_wconf 88' lang='lat' dir='ltr'><strong>quod</strong></span> <span class='ocrx_word' id='word_1_621' title='bbox 3317 4122 3346 4160; x_wconf 89' lang='lat' dir='ltr'><strong>a</strong></span> <span class='ocrx_word' id='word_1_622' title='bbox 3383 4105 3488 4161; x_wconf 85' lang='lat' dir='ltr'><strong>Pa—</strong></span> 
     </span>
    </p>
   </div>
   <div class='ocr_carea' id='block_1_85' title="bbox 1912 4197 3488 4271">
    <p class='ocr_par' dir='ltr' id='par_1_85' title="bbox 1912 4197 3488 4271">
     <span class='ocr_line' id='line_1_85' title="bbox 1912 4197 3488 4271; baseline -0.003 -13"><span class='ocrx_word' id='word_1_623' title='bbox 1912 4203 2089 4258; x_wconf 87' lang='lat' dir='ltr'><strong>tribus</strong></span> <span class='ocrx_word' id='word_1_624' title='bbox 2118 4199 2434 4271; x_wconf 68' lang='lat' dir='ltr'><strong>praescripta</strong></span> <span class='ocrx_word' id='word_1_625' title='bbox 2457 4207 2539 4252; x_wconf 88' lang='lat' dir='ltr'><strong>est</strong></span> <span class='ocrx_word' id='word_1_626' title='bbox 2579 4197 2817 4268; x_wconf 89' lang='lat' dir='ltr'><strong>primum</strong></span> <span class='ocrx_word' id='word_1_627' title='bbox 2859 4197 3152 4268; x_wconf 89' lang='lat' dir='ltr'><strong>gratiarum</strong></span> <span class='ocrx_word' id='word_1_628' title='bbox 3195 4199 3338 4253; x_wconf 91' lang='lat' dir='ltr'><strong>actio</strong></span> <span class='ocrx_word' id='word_1_629' title='bbox 3363 4214 3488 4271; x_wconf 87' lang='lat' dir='ltr'><strong>erga</strong></span> 
     </span>
    </p>
   </div>
   <div class='ocr_carea' id='block_1_86' title="bbox 1915 4287 3486 4359">
    <p class='ocr_par' dir='ltr' id='par_1_86' title="bbox 1915 4287 3486 4359">
     <span class='ocr_line' id='line_1_86' title="bbox 1915 4287 3486 4359; baseline -0.002 -12"><span class='ocrx_word' id='word_1_630' title='bbox 1915 4293 2081 4347; x_wconf 89' lang='lat' dir='ltr'><strong>Deum</strong></span> <span class='ocrx_word' id='word_1_631' title='bbox 2118 4290 2354 4356; x_wconf 91' lang='lat' dir='ltr'><strong>;deinde</strong></span> <span class='ocrx_word' id='word_1_632' title='bbox 2391 4298 2738 4358; x_wconf 88' lang='lat' dir='ltr'><strong>peccatorum</strong></span> <span class='ocrx_word' id='word_1_633' title='bbox 2762 4287 2907 4357; x_wconf 90' lang='lat' dir='ltr'><strong>apud</strong></span> <span class='ocrx_word' id='word_1_634' title='bbox 2945 4287 3122 4359; x_wconf 90' lang='lat' dir='ltr'><strong>ipsum</strong></span> <span class='ocrx_word' id='word_1_635' title='bbox 3168 4289 3486 4355; x_wconf 78' lang='lat' dir='ltr'><strong>confessio;</strong></span> 
     </span>
    </p>
   </div>
   <div class='ocr_carea' id='block_1_87' title="bbox 1911 4377 3485 4448">
    <p class='ocr_par' dir='ltr' id='par_1_87' title="bbox 1911 4377 3485 4448">
     <span class='ocr_line' id='line_1_87' title="bbox 1911 4377 3485 4448; baseline -0.003 -10"><span class='ocrx_word' id='word_1_636' title='bbox 1911 4390 2090 4438; x_wconf 87' lang='lat' dir='ltr'><strong>actum</strong></span> <span class='ocrx_word' id='word_1_637' title='bbox 2108 4380 2324 4435; x_wconf 87' lang='lat' dir='ltr'><strong>demum</strong></span> <span class='ocrx_word' id='word_1_638' title='bbox 2342 4377 2654 4448; x_wconf 89' lang='lat' dir='ltr'><strong>postulatio,</strong></span> <span class='ocrx_word' id='word_1_639' title='bbox 2667 4385 2779 4431; x_wconf 90' lang='lat' dir='ltr'><strong>tum</strong></span> <span class='ocrx_word' id='word_1_640' title='bbox 2795 4377 2859 4432; x_wconf 93' lang='lat' dir='ltr'><strong>ad</strong></span> <span class='ocrx_word' id='word_1_641' title='bbox 2878 4392 3066 4433; x_wconf 89' lang='lat' dir='ltr'><strong>eorum</strong></span> <span class='ocrx_word' id='word_1_642' title='bbox 3085 4379 3485 4445; x_wconf 86' lang='lat' dir='ltr'><strong>remissionem,</strong></span> 
     </span>
    </p>
   </div>
   <div class='ocr_carea' id='block_1_88' title="bbox 1913 4470 3484 4540">
    <p class='ocr_par' dir='ltr' id='par_1_88' title="bbox 1913 4470 3484 4540">
     <span class='ocr_line' id='line_1_88' title="bbox 1913 4470 3484 4540; baseline -0.003 -9"><span class='ocrx_word' id='word_1_643' title='bbox 1913 4485 2026 4531; x_wconf 90' lang='lat' dir='ltr'><strong>tum</strong></span> <span class='ocrx_word' id='word_1_644' title='bbox 2045 4472 2112 4529; x_wconf 87' lang='lat' dir='ltr'><strong>ad</strong></span> <span class='ocrx_word' id='word_1_645' title='bbox 2145 4479 2460 4528; x_wconf 62' lang='lat' dir='ltr'><strong>catterarum</strong></span> <span class='ocrx_word' id='word_1_646' title='bbox 2488 4470 2801 4527; x_wconf 88' lang='lat' dir='ltr'><strong>salutarium</strong></span> <span class='ocrx_word' id='word_1_647' title='bbox 2824 4486 3008 4525; x_wconf 90' lang='lat' dir='ltr'><strong>rerum</strong></span> <span class='ocrx_word' id='word_1_648' title='bbox 3032 4471 3484 4540; x_wconf 87' lang='lat' dir='ltr'><strong>impetrationem.</strong></span> 
     </span>
    </p>
   </div>
   <div class='ocr_carea' id='block_1_89' title="bbox 243 4561 3487 4641">
    <p class='ocr_par' dir='ltr' id='par_1_89' title="bbox 243 4561 3487 4641">
     <span class='ocr_line' id='line_1_89' title="bbox 243 4561 3487 4641; baseline -0.001 -19"><span class='ocrx_word' id='word_1_649' title='bbox 243 4571 326 4633; x_wconf 82' lang='grc' dir='ltr'><strong>είς</strong></span> <span class='ocrx_word' id='word_1_650' title='bbox 392 4569 523 4622; x_wconf 75' lang='grc' dir='ltr'>Θεὸν</span> <span class='ocrx_word' id='word_1_651' title='bbox 562 4570 878 4641; x_wconf 80' lang='grc' dir='ltr'>εὐχαριστία</span> <span class='ocrx_word' id='word_1_652' title='bbox 933 4585 947 4599; x_wconf 76' lang='grc' dir='ltr'><strong><em>ο</em></strong></span> <span class='ocrx_word' id='word_1_653' title='bbox 997 4569 1188 4621; x_wconf 76' lang='grc' dir='ltr'>ἔπειτα</span> <span class='ocrx_word' id='word_1_654' title='bbox 1231 4572 1263 4640; x_wconf 83' lang='grc' dir='ltr'><strong>ἡ</strong></span> <span class='ocrx_word' id='word_1_655' title='bbox 1307 4571 1417 4623; x_wconf 83' lang='grc' dir='ltr'>τῶν</span> <span class='ocrx_word' id='word_1_656' title='bbox 1471 4569 1883 4641; x_wconf 83' lang='grc' dir='ltr'>ἁμαρτημάτων</span> <span class='ocrx_word' id='word_1_657' title='bbox 1922 4569 2061 4638; x_wconf 73' lang='grc' dir='ltr'>πρὸς</span> <span class='ocrx_word' id='word_1_658' title='bbox 2111 4567 2274 4622; x_wconf 79' lang='grc' dir='ltr'>αὑτὸν</span> <span class='ocrx_word' id='word_1_659' title='bbox 2333 4564 2716 4637; x_wconf 77' lang='grc' dir='ltr'>ὲξαγόρευσις·</span> <span class='ocrx_word' id='word_1_660' title='bbox 2773 4562 2868 4616; x_wconf 74' lang='grc' dir='ltr'><strong>καὶ</strong></span> <span class='ocrx_word' id='word_1_661' title='bbox 2903 4561 3045 4616; x_wconf 74' lang='grc' dir='ltr'>οὕτω</span> <span class='ocrx_word' id='word_1_662' title='bbox 3073 4563 3108 4634; x_wconf 77' lang='grc' dir='ltr'><strong>ἡ</strong></span> <span class='ocrx_word' id='word_1_663' title='bbox 3142 4564 3360 4635; x_wconf 82' lang='grc' dir='ltr'>αῐτησις</span> <span class='ocrx_word' id='word_1_664' title='bbox 3385 4566 3487 4637; x_wconf 73' lang='grc' dir='ltr'>τῆς</span> 
     </span>
    </p>
   </div>
   <div class='ocr_carea' id='block_1_90' title="bbox 241 4656 2419 4733">
    <p class='ocr_par' dir='ltr' id='par_1_90' title="bbox 241 4656 2419 4733">
     <span class='ocr_line' id='line_1_90' title="bbox 241 4656 2419 4733; baseline -0.003 -18"><span class='ocrx_word' id='word_1_665' title='bbox 241 4661 424 4715; x_wconf 82' lang='grc' dir='ltr'>αὐτῶν</span> <span class='ocrx_word' id='word_1_666' title='bbox 445 4661 711 4729; x_wconf 69' lang='grc' dir='ltr'>ἀφέσεως,</span> <span class='ocrx_word' id='word_1_667' title='bbox 769 4661 864 4714; x_wconf 73' lang='grc' dir='ltr'><strong>καὶ</strong></span> <span class='ocrx_word' id='word_1_668' title='bbox 913 4660 1012 4728; x_wconf 78' lang='grc' dir='ltr'><strong>τῆς</strong></span> <span class='ocrx_word' id='word_1_669' title='bbox 1066 4661 1174 4714; x_wconf 84' lang='grc' dir='ltr'><strong>τῶν</strong></span> <span class='ocrx_word' id='word_1_670' title='bbox 1217 4662 1389 4715; x_wconf 79' lang='grc' dir='ltr'>ἄλλων</span> <span class='ocrx_word' id='word_1_671' title='bbox 1441 4660 1799 4733; x_wconf 85' lang='grc' dir='ltr'>σωτηριωδῶν</span> <span class='ocrx_word' id='word_1_672' title='bbox 1831 4662 2048 4733; x_wconf 89' lang='grc' dir='ltr'>τρόπων</span> <span class='ocrx_word' id='word_1_673' title='bbox 2074 4656 2419 4721; x_wconf 81' lang='grc' dir='ltr'>ὲπιτεύξεως.</span> 
     </span>
    </p>
   </div>
   <div class='ocr_carea' id='block_1_91' title="bbox 316 4741 1809 4823">
    <p class='ocr_par' dir='ltr' id='par_1_91' title="bbox 316 4748 1809 4823">
     <span class='ocr_line' id='line_1_91' title="bbox 316 4748 1809 4823; baseline 0 -19"><span class='ocrx_word' id='word_1_674' title='bbox 316 4752 433 4804; x_wconf 72' lang='grc' dir='ltr'><strong>Ἐπ’</strong></span> <span class='ocrx_word' id='word_1_675' title='bbox 464 4753 530 4805; x_wconf 82' lang='grc' dir='ltr'><strong>ἂν</strong></span> <span class='ocrx_word' id='word_1_676' title='bbox 562 4748 655 4804; x_wconf 84' lang='grc' dir='ltr'>οὖν</span> <span class='ocrx_word' id='word_1_677' title='bbox 698 4751 896 4822; x_wconf 82' lang='grc' dir='ltr'>μέλλῃς</span> <span class='ocrx_word' id='word_1_678' title='bbox 930 4751 1348 4821; x_wconf 85' lang='grc' dir='ltr'>προσεύχεσθαι,</span> <span class='ocrx_word' id='word_1_679' title='bbox 1391 4752 1704 4823; x_wconf 79' lang='grc' dir='ltr'>εὐχαρίστει</span> <span class='ocrx_word' id='word_1_680' title='bbox 1735 4751 1809 4822; x_wconf 80' lang='grc' dir='ltr'>τῷ</span> 
     </span>
    </p>
   </div>
   <div class='ocr_carea' id='block_1_92' title="bbox 1909 4741 3484 4823">
    <p class='ocr_par' dir='ltr' id='par_1_92' title="bbox 1985 4741 3484 4818">
     <span class='ocr_line' id='line_1_92' title="bbox 1985 4741 3484 4818; baseline -0.004 -13"><span class='ocrx_word' id='word_1_681' title='bbox 1985 4749 2119 4805; x_wconf 88' lang='lat' dir='ltr'><strong>Cum</strong></span> <span class='ocrx_word' id='word_1_682' title='bbox 2150 4747 2316 4818; x_wconf 89' lang='lat' dir='ltr'><strong>igitur</strong></span> <span class='ocrx_word' id='word_1_683' title='bbox 2338 4753 2558 4801; x_wconf 90' lang='lat' dir='ltr'><strong>oratura</strong></span> <span class='ocrx_word' id='word_1_684' title='bbox 2585 4758 2666 4809; x_wconf 90' lang='lat' dir='ltr'><strong>es,</strong></span> <span class='ocrx_word' id='word_1_685' title='bbox 2696 4743 2897 4813; x_wconf 82' lang='lat' dir='ltr'><strong>gratias</strong></span> <span class='ocrx_word' id='word_1_686' title='bbox 2930 4757 3028 4811; x_wconf 88' lang='lat' dir='ltr'><strong>age</strong></span> <span class='ocrx_word' id='word_1_687' title='bbox 3063 4741 3314 4809; x_wconf 91' lang='lat' dir='ltr'><strong>Domino,</strong></span> <span class='ocrx_word' id='word_1_688' title='bbox 3339 4744 3484 4815; x_wconf 89' lang='lat' dir='ltr'><strong>quod</strong></span> 
     </span>
    </p>
   </div>
   <div class='ocr_carea' id='block_1_93' title="bbox 243 4837 1813 4913">
    <p class='ocr_par' dir='ltr' id='par_1_93' title="bbox 243 4837 1813 4913">
     <span class='ocr_line' id='line_1_93' title="bbox 243 4837 1813 4913; baseline -0.001 -17"><span class='ocrx_word' id='word_1_689' title='bbox 243 4843 438 4912; x_wconf 81' lang='grc' dir='ltr'>Κυρίῳ</span> <span class='ocrx_word' id='word_1_690' title='bbox 465 4842 558 4894; x_wconf 78' lang='grc' dir='ltr'>καὶ</span> <span class='ocrx_word' id='word_1_691' title='bbox 586 4843 852 4913; x_wconf 75' lang='grc' dir='ltr'>Δεσπότῃ,</span> <span class='ocrx_word' id='word_1_692' title='bbox 880 4843 960 4895; x_wconf 79' lang='grc' dir='ltr'>ὅτι</span> <span class='ocrx_word' id='word_1_693' title='bbox 988 4844 1051 4894; x_wconf 84' lang='grc' dir='ltr'>ὲκ</span> <span class='ocrx_word' id='word_1_694' title='bbox 1073 4842 1167 4894; x_wconf 81' lang='grc' dir='ltr'>τοῦ</span> <span class='ocrx_word' id='word_1_695' title='bbox 1197 4844 1270 4912; x_wconf 81' lang='grc' dir='ltr'>μὴ</span> <span class='ocrx_word' id='word_1_696' title='bbox 1296 4843 1448 4906; x_wconf 76' lang='grc' dir='ltr'>ὄντος</span> <span class='ocrx_word' id='word_1_697' title='bbox 1479 4845 1557 4906; x_wconf 88' lang='grc' dir='ltr'>εἰς</span> <span class='ocrx_word' id='word_1_698' title='bbox 1583 4842 1643 4895; x_wconf 87' lang='grc' dir='ltr'><strong>τὸ</strong></span> <span class='ocrx_word' id='word_1_699' title='bbox 1675 4837 1813 4896; x_wconf 74' lang='grc' dir='ltr'>εἷναι</span> 
     </span>
    </p>
   </div>
   <div class='ocr_carea' id='block_1_94' title="bbox 242 4931 1810 5003">
    <p class='ocr_par' dir='ltr' id='par_1_94' title="bbox 242 4931 1810 5003">
     <span class='ocr_line' id='line_1_94' title="bbox 242 4931 1810 5003; baseline 0.001 -19"><span class='ocrx_word' id='word_1_700' title='bbox 242 4932 538 5001; x_wconf 78' lang='grc' dir='ltr'>παρήγαγέ</span> <span class='ocrx_word' id='word_1_701' title='bbox 572 4948 631 4985; x_wconf 90' lang='grc' dir='ltr'><strong>σε</strong></span> <span class='ocrx_word' id='word_1_702' title='bbox 651 4947 664 4961; x_wconf 87' lang='grc'><strong>·</strong></span> <span class='ocrx_word' id='word_1_703' title='bbox 701 4933 783 4985; x_wconf 85' lang='grc' dir='ltr'>ὅτι</span> <span class='ocrx_word' id='word_1_704' title='bbox 804 4931 1147 5003; x_wconf 82' lang='grc' dir='ltr'>ὲλυτρώσατὸ</span> <span class='ocrx_word' id='word_1_705' title='bbox 1179 4949 1236 4984; x_wconf 90' lang='grc' dir='ltr'><strong>σε</strong></span> <span class='ocrx_word' id='word_1_706' title='bbox 1270 4935 1333 4986; x_wconf 81' lang='grc' dir='ltr'>ἐκ</span> <span class='ocrx_word' id='word_1_707' title='bbox 1360 4933 1543 5002; x_wconf 82' lang='grc' dir='ltr'>πάσης</span> <span class='ocrx_word' id='word_1_708' title='bbox 1571 4932 1810 5002; x_wconf 78' lang='grc' dir='ltr'>πλάνηςο</span> 
     </span>
    </p>
   </div>
   <div class='ocr_carea' id='block_1_95' title="bbox 240 5022 1814 5093">
    <p class='ocr_par' dir='ltr' id='par_1_95' title="bbox 240 5022 1814 5093">
     <span class='ocr_line' id='line_1_95' title="bbox 240 5022 1814 5093; baseline -0.002 -15"><span class='ocrx_word' id='word_1_709' title='bbox 240 5023 480 5083; x_wconf 80' lang='grc' dir='ltr'>καλέσας</span> <span class='ocrx_word' id='word_1_710' title='bbox 508 5022 603 5075; x_wconf 57' lang='grc' dir='ltr'><strong>καί⁸</strong></span> <span class='ocrx_word' id='word_1_711' title='bbox 651 5023 891 5088; x_wconf 76' lang='grc' dir='ltr'>ἀξιώσας</span> <span class='ocrx_word' id='word_1_712' title='bbox 921 5024 1018 5093; x_wconf 85' lang='grc' dir='ltr'><strong>τῆς</strong></span> <span class='ocrx_word' id='word_1_713' title='bbox 1047 5023 1243 5076; x_wconf 79' lang='grc' dir='ltr'>ἑαυτοῦ</span> <span class='ocrx_word' id='word_1_714' title='bbox 1273 5023 1622 5091; x_wconf 77' lang='grc' dir='ltr'>ἐπιγνώσεως</span> <span class='ocrx_word' id='word_1_715' title='bbox 1657 5023 1814 5092; x_wconf 78' lang='grc' dir='ltr'>μέτο·</span> 
     </span>
    </p>
   </div>
   <div class='ocr_carea' id='block_1_96' title="bbox 242 5110 1812 5182">
    <p class='ocr_par' dir='ltr' id='par_1_96' title="bbox 242 5110 1812 5182">
     <span class='ocr_line' id='line_1_96' title="bbox 242 5110 1812 5182; baseline 0 -18"><span class='ocrx_word' id='word_1_716' title='bbox 242 5128 342 5181; x_wconf 86' lang='grc' dir='ltr'><strong>χον</strong></span> <span class='ocrx_word' id='word_1_717' title='bbox 373 5110 646 5178; x_wconf 79' lang='grc' dir='ltr'>γενέσθαι,</span> <span class='ocrx_word' id='word_1_718' title='bbox 700 5111 906 5181; x_wconf 83' lang='grc' dir='ltr'>πλάνης</span> <span class='ocrx_word' id='word_1_719' title='bbox 957 5111 1199 5181; x_wconf 76' lang='grc' dir='ltr'>ὲθνικῆς,</span> <span class='ocrx_word' id='word_1_720' title='bbox 1253 5112 1462 5182; x_wconf 81' lang='grc' dir='ltr'>πλάνης</span> <span class='ocrx_word' id='word_1_721' title='bbox 1505 5111 1812 5182; x_wconf 76' lang='grc' dir='ltr'>αἱρετικῆς·</span> 
     </span>
    </p>
   </div>
   <div class='ocr_carea' id='block_1_97' title="bbox 243 5198 1815 5272">
    <p class='ocr_par' dir='ltr' id='par_1_97' title="bbox 243 5198 1815 5272">
     <span class='ocr_line' id='line_1_97' title="bbox 243 5198 1815 5272; baseline 0 -18"><span class='ocrx_word' id='word_1_722' title='bbox 243 5198 365 5254; x_wconf 85' lang='grc' dir='ltr'>εἶτα</span> <span class='ocrx_word' id='word_1_723' title='bbox 391 5204 470 5255; x_wconf 82' lang='grc' dir='ltr'>ὃτι</span> <span class='ocrx_word' id='word_1_724' title='bbox 498 5202 591 5254; x_wconf 81' lang='grc' dir='ltr'>καὶ</span> <span class='ocrx_word' id='word_1_725' title='bbox 619 5200 713 5254; x_wconf 80' lang='grc' dir='ltr'>τοῦ</span> <span class='ocrx_word' id='word_1_726' title='bbox 738 5202 1023 5272; x_wconf 84' lang='grc' dir='ltr'>μοναδικοῦ</span> <span class='ocrx_word' id='word_1_727' title='bbox 1065 5205 1160 5256; x_wconf 74' lang='grc' dir='ltr'>καὶ</span> <span class='ocrx_word' id='word_1_728' title='bbox 1189 5203 1476 5270; x_wconf 83' lang='grc' dir='ltr'>ίσαγγέλου</span> <span class='ocrx_word' id='word_1_729' title='bbox 1513 5202 1630 5272; x_wconf 85' lang='grc' dir='ltr'>βίου</span> <span class='ocrx_word' id='word_1_730' title='bbox 1663 5203 1815 5264; x_wconf 65' lang='grc' dir='ltr'>ἐντός</span> 
     </span>
    </p>
   </div>
   <div class='ocr_carea' id='block_1_98' title="bbox 246 5291 1810 5364">
    <p class='ocr_par' dir='ltr' id='par_1_98' title="bbox 246 5291 1810 5364">
     <span class='ocr_line' id='line_1_98' title="bbox 246 5291 1810 5364; baseline 0.001 -20"><span class='ocrx_word' id='word_1_731' title='bbox 246 5310 305 5345; x_wconf 89' lang='grc' dir='ltr'><strong>σε</strong></span> <span class='ocrx_word' id='word_1_732' title='bbox 339 5291 752 5364; x_wconf 86' lang='grc' dir='ltr'>παρεσκεύασεν</span> <span class='ocrx_word' id='word_1_733' title='bbox 804 5293 1040 5363; x_wconf 79' lang='grc' dir='ltr'>ὑπάρξαι</span> <span class='ocrx_word' id='word_1_734' title='bbox 1077 5295 1214 5364; x_wconf 82' lang='grc' dir='ltr'>μετὰ</span> <span class='ocrx_word' id='word_1_735' title='bbox 1243 5293 1341 5363; x_wconf 83' lang='grc' dir='ltr'>τὴν</span> <span class='ocrx_word' id='word_1_736' title='bbox 1369 5292 1463 5346; x_wconf 78' lang='grc' dir='ltr'>τοῦ</span> <span class='ocrx_word' id='word_1_737' title='bbox 1495 5293 1810 5347; x_wconf 74' lang='grc' dir='ltr'>κοινωνικοῦ</span> 
     </span>
    </p>
   </div>
   <div class='ocr_carea' id='block_1_99' title="bbox 247 5377 1812 5456">
    <p class='ocr_par' dir='ltr' id='par_1_99' title="bbox 247 5377 1812 5456">
     <span class='ocr_line' id='line_1_99' title="bbox 247 5377 1812 5456; baseline 0.001 -21"><span class='ocrx_word' id='word_1_738' title='bbox 247 5382 366 5452; x_wconf 81' lang='grc' dir='ltr'>βίου</span> <span class='ocrx_word' id='word_1_739' title='bbox 401 5383 700 5437; x_wconf 83' lang='grc' dir='ltr'>ἀπόλαυσιν</span> <span class='ocrx_word' id='word_1_740' title='bbox 721 5400 734 5414; x_wconf 83' lang='lat'><strong><em>°</em></strong></span> <span class='ocrx_word' id='word_1_741' title='bbox 759 5377 832 5438; x_wconf 79' lang='grc' dir='ltr'>ὧν</span> <span class='ocrx_word' id='word_1_742' title='bbox 866 5386 900 5456; x_wconf 79' lang='grc' dir='ltr'>ἡ</span> <span class='ocrx_word' id='word_1_743' title='bbox 925 5385 1102 5439; x_wconf 73' lang='grc' dir='ltr'>ἔννοια</span> <span class='ocrx_word' id='word_1_744' title='bbox 1126 5385 1286 5455; x_wconf 81' lang='grc' dir='ltr'>ίκανὴ</span> <span class='ocrx_word' id='word_1_745' title='bbox 1311 5385 1695 5454; x_wconf 75' lang='grc' dir='ltr'>καταμαλάεαι</span> <span class='ocrx_word' id='word_1_746' title='bbox 1713 5384 1812 5454; x_wconf 82' lang='grc' dir='ltr'><strong>τὴν</strong></span> 
     </span>
    </p>
   </div>
   <div class='ocr_carea' id='block_1_100' title="bbox 244 5474 1811 5549">
    <p class='ocr_par' dir='ltr' id='par_1_100' title="bbox 244 5474 1811 5549">
     <span class='ocr_line' id='line_1_100' title="bbox 244 5474 1811 5549; baseline 0.003 -23"><span class='ocrx_word' id='word_1_747' title='bbox 244 5474 424 5544; x_wconf 76' lang='grc' dir='ltr'>ψυχὴν</span> <span class='ocrx_word' id='word_1_748' title='bbox 452 5475 588 5544; x_wconf 72' lang='grc' dir='ltr'>πρὸς</span> <span class='ocrx_word' id='word_1_749' title='bbox 614 5476 907 5541; x_wconf 78' lang='grc' dir='ltr'>κατάνυξιν</span> <span class='ocrx_word' id='word_1_750' title='bbox 938 5478 1032 5531; x_wconf 76' lang='grc' dir='ltr'>καὶ</span> <span class='ocrx_word' id='word_1_751' title='bbox 1053 5477 1304 5549; x_wconf 79' lang='grc' dir='ltr'>δακρύων</span> <span class='ocrx_word' id='word_1_752' title='bbox 1331 5477 1660 5549; x_wconf 75' lang='grc' dir='ltr'>προσϐολήν.</span> <span class='ocrx_word' id='word_1_753' title='bbox 1691 5475 1811 5545; x_wconf 80' lang='grc' dir='ltr'><strong>Ἀφ’</strong></span> 
     </span>
    </p>
   </div>
   <div class='ocr_carea' id='block_1_101' title="bbox 245 5559 1813 5641">
    <p class='ocr_par' dir='ltr' id='par_1_101' title="bbox 245 5559 1813 5641">
     <span class='ocr_line' id='line_1_101' title="bbox 245 5559 1813 5641; baseline 0.001 -22"><span class='ocrx_word' id='word_1_754' title='bbox 245 5559 321 5619; x_wconf 78' lang='grc' dir='ltr'>ὧν</span> <span class='ocrx_word' id='word_1_755' title='bbox 355 5568 634 5638; x_wconf 82' lang='grc' dir='ltr'>φωτισμὸς</span> <span class='ocrx_word' id='word_1_756' title='bbox 653 5569 901 5639; x_wconf 86' lang='grc' dir='ltr'>καρδίας,</span> <span class='ocrx_word' id='word_1_757' title='bbox 926 5571 1201 5640; x_wconf 85' lang='grc' dir='ltr'>γλυκύτης</span> <span class='ocrx_word' id='word_1_758' title='bbox 1249 5570 1580 5641; x_wconf 85' lang='grc' dir='ltr'>πνεύματος,</span> <span class='ocrx_word' id='word_1_759' title='bbox 1619 5568 1813 5622; x_wconf 73' lang='grc' dir='ltr'>ἐπιθυ-</span> 
     </span>
    </p>
   </div>
   <div class='ocr_carea' id='block_1_102' title="bbox 251 5657 1814 5733">
    <p class='ocr_par' dir='ltr' id='par_1_102' title="bbox 251 5657 1814 5733">
     <span class='ocr_line' id='line_1_102' title="bbox 251 5657 1814 5733; baseline 0.006 -26"><span class='ocrx_word' id='word_1_760' title='bbox 251 5657 352 5724; x_wconf 87' lang='grc' dir='ltr'><strong>μία</strong></span> <span class='ocrx_word' id='word_1_761' title='bbox 378 5657 538 5714; x_wconf 82' lang='grc' dir='ltr'>Θεοῦ.</span> <span class='ocrx_word' id='word_1_762' title='bbox 571 5657 788 5729; x_wconf 89' lang='grc' dir='ltr'>Ταύτης</span> <span class='ocrx_word' id='word_1_763' title='bbox 809 5661 1225 5731; x_wconf 77' lang='grc' dir='ltr'>ἐνυπαρχούσης</span> <span class='ocrx_word' id='word_1_764' title='bbox 1265 5663 1332 5733; x_wconf 79' lang='grc' dir='ltr'>τῇ</span> <span class='ocrx_word' id='word_1_765' title='bbox 1381 5660 1600 5731; x_wconf 66' lang='grc' dir='ltr'>καρδία,</span> <span class='ocrx_word' id='word_1_766' title='bbox 1634 5659 1814 5727; x_wconf 79' lang='grc' dir='ltr'>πάσης</span> 
     </span>
    </p>
   </div>
   <div class='ocr_carea' id='block_1_103' title="bbox 251 5748 1816 5824">
    <p class='ocr_par' dir='ltr' id='par_1_103' title="bbox 251 5748 1816 5824">
     <span class='ocr_line' id='line_1_103' title="bbox 251 5748 1816 5824; baseline 0.002 -24"><span class='ocrx_word' id='word_1_767' title='bbox 251 5748 451 5812; x_wconf 81' lang='grc' dir='ltr'>κακίας</span> <span class='ocrx_word' id='word_1_768' title='bbox 481 5750 629 5803; x_wconf 77' lang='grc' dir='ltr'>ἐστὶν</span> <span class='ocrx_word' id='word_1_769' title='bbox 658 5751 917 5824; x_wconf 82' lang='grc' dir='ltr'>ἀποϐολή.</span> <span class='ocrx_word' id='word_1_770' title='bbox 937 5753 1100 5808; x_wconf 83' lang='grc' dir='ltr'>Ὅταν</span> <span class='ocrx_word' id='word_1_771' title='bbox 1117 5753 1287 5817; x_wconf 75' lang='grc' dir='ltr'>οὕτως</span> <span class='ocrx_word' id='word_1_772' title='bbox 1314 5751 1662 5824; x_wconf 85' lang='grc' dir='ltr'>εὐχαριστίας</span> <span class='ocrx_word' id='word_1_773' title='bbox 1685 5753 1816 5805; x_wconf 84' lang='grc' dir='ltr'>ἀνα-</span> 
     </span>
    </p>
   </div>
   <div class='ocr_carea' id='block_1_104' title="bbox 253 5836 1813 5914">
    <p class='ocr_par' dir='ltr' id='par_1_104' title="bbox 253 5836 1813 5914">
     <span class='ocr_line' id='line_1_104' title="bbox 253 5836 1813 5914; baseline 0.005 -27"><span class='ocrx_word' id='word_1_774' title='bbox 253 5836 475 5909; x_wconf 68' lang='grc' dir='ltr'>πέμψῃς</span> <span class='ocrx_word' id='word_1_775' title='bbox 506 5839 583 5910; x_wconf 79' lang='grc' dir='ltr'>τῷ</span> <span class='ocrx_word' id='word_1_776' title='bbox 614 5839 754 5912; x_wconf 78' lang='grc' dir='ltr'>Θεῷ,</span> <span class='ocrx_word' id='word_1_777' title='bbox 783 5841 1072 5914; x_wconf 74' lang='grc' dir='ltr'>ὲξαγόρευε</span> <span class='ocrx_word' id='word_1_778' title='bbox 1102 5843 1250 5913; x_wconf 84' lang='grc' dir='ltr'>αύτῷ</span> <span class='ocrx_word' id='word_1_779' title='bbox 1279 5842 1533 5911; x_wconf 74' lang='grc' dir='ltr'>λέγουσαο</span> <span class='ocrx_word' id='word_1_780' title='bbox 1561 5841 1631 5893; x_wconf 76' lang='grc' dir='ltr'><strong>Σὺ</strong></span> <span class='ocrx_word' id='word_1_781' title='bbox 1649 5837 1813 5906; x_wconf 70' lang='grc' dir='ltr'>οἶδας,</span> 
     </span>
    </p>
   </div>
   <div class='ocr_carea' id='block_1_105' title="bbox 1911 4832 3484 4904">
    <p class='ocr_par' dir='ltr' id='par_1_105' title="bbox 1911 4832 3484 4904">
     <span class='ocr_line' id='line_1_105' title="bbox 1911 4832 3484 4904; baseline -0.003 -9"><span class='ocrx_word' id='word_1_782' title='bbox 1911 4854 1976 4895; x_wconf 80' lang='lat' dir='ltr'><strong>ex</strong></span> <span class='ocrx_word' id='word_1_783' title='bbox 2008 4837 2178 4893; x_wconf 90' lang='lat' dir='ltr'><strong>nihilo</strong></span> <span class='ocrx_word' id='word_1_784' title='bbox 2225 4845 2283 4890; x_wconf 95' lang='lat' dir='ltr'><strong>ut</strong></span> <span class='ocrx_word' id='word_1_785' title='bbox 2324 4850 2471 4890; x_wconf 90' lang='lat' dir='ltr'><strong>esses</strong></span> <span class='ocrx_word' id='word_1_786' title='bbox 2501 4843 2551 4889; x_wconf 91' lang='lat' dir='ltr'><strong>te</strong></span> <span class='ocrx_word' id='word_1_787' title='bbox 2595 4832 2849 4904; x_wconf 87' lang='lat' dir='ltr'><strong>produxit</strong></span> <span class='ocrx_word' id='word_1_788' title='bbox 2885 4851 2898 4885; x_wconf 89' lang='lat'><strong>:</strong></span> <span class='ocrx_word' id='word_1_789' title='bbox 2937 4833 3081 4903; x_wconf 89' lang='lat' dir='ltr'><strong>quod</strong></span> <span class='ocrx_word' id='word_1_790' title='bbox 3129 4834 3198 4889; x_wconf 91' lang='lat' dir='ltr'><strong>ab</strong></span> <span class='ocrx_word' id='word_1_791' title='bbox 3231 4835 3378 4889; x_wconf 89' lang='lat' dir='ltr'><strong>omni</strong></span> <span class='ocrx_word' id='word_1_792' title='bbox 3429 4845 3484 4890; x_wconf 86' lang='lat' dir='ltr'><strong>te</strong></span> 
     </span>
    </p>
   </div>
   <div class='ocr_carea' id='block_1_106' title="bbox 1911 4924 3486 4995">
    <p class='ocr_par' dir='ltr' id='par_1_106' title="bbox 1911 4924 3486 4995">
     <span class='ocr_line' id='line_1_106' title="bbox 1911 4924 3486 4995; baseline -0.003 -10"><span class='ocrx_word' id='word_1_793' title='bbox 1911 4945 2098 4986; x_wconf 85' lang='lat' dir='ltr'><strong>errore</strong></span> <span class='ocrx_word' id='word_1_794' title='bbox 2165 4928 2438 4992; x_wconf 88' lang='lat' dir='ltr'><strong>liberavit,</strong></span> <span class='ocrx_word' id='word_1_795' title='bbox 2492 4939 2694 4979; x_wconf 86' lang='lat' dir='ltr'><strong>vocans</strong></span> <span class='ocrx_word' id='word_1_796' title='bbox 2749 4933 2801 4978; x_wconf 90' lang='lat' dir='ltr'><strong>te</strong></span> <span class='ocrx_word' id='word_1_797' title='bbox 2851 4933 2908 4980; x_wconf 87' lang='lat' dir='ltr'><strong>et</strong></span> <span class='ocrx_word' id='word_1_798' title='bbox 2965 4924 3047 4978; x_wconf 88' lang='lat' dir='ltr'><strong>sui</strong></span> <span class='ocrx_word' id='word_1_799' title='bbox 3121 4925 3486 4995; x_wconf 87' lang='lat' dir='ltr'><strong>cognitionem</strong></span> 
     </span>
    </p>
   </div>
   <div class='ocr_carea' id='block_1_107' title="bbox 1912 5015 3484 5092">
    <p class='ocr_par' dir='ltr' id='par_1_107' title="bbox 1912 5015 3484 5092">
     <span class='ocr_line' id='line_1_107' title="bbox 1912 5015 3484 5092; baseline -0.003 -16"><span class='ocrx_word' id='word_1_800' title='bbox 1912 5021 2251 5092; x_wconf 90' lang='lat' dir='ltr'><strong>impertiens,</strong></span> <span class='ocrx_word' id='word_1_801' title='bbox 2301 5018 2369 5072; x_wconf 91' lang='lat' dir='ltr'><strong>ab</strong></span> <span class='ocrx_word' id='word_1_802' title='bbox 2400 5032 2586 5072; x_wconf 89' lang='lat' dir='ltr'><strong>errore</strong></span> <span class='ocrx_word' id='word_1_803' title='bbox 2628 5015 2835 5086; x_wconf 91' lang='lat' dir='ltr'><strong>gentili,</strong></span> <span class='ocrx_word' id='word_1_804' title='bbox 2874 5015 2942 5069; x_wconf 91' lang='lat' dir='ltr'><strong>ab</strong></span> <span class='ocrx_word' id='word_1_805' title='bbox 2985 5029 3172 5070; x_wconf 90' lang='lat' dir='ltr'><strong>errore</strong></span> <span class='ocrx_word' id='word_1_806' title='bbox 3207 5017 3484 5072; x_wconf 62' lang='lat' dir='ltr'><strong>heretico.</strong></span> 
     </span>
    </p>
   </div>
   <div class='ocr_carea' id='block_1_108' title="bbox 1918 5104 3488 5179">
    <p class='ocr_par' dir='ltr' id='par_1_108' title="bbox 1918 5104 3488 5179">
     <span class='ocr_line' id='line_1_108' title="bbox 1918 5104 3488 5179; baseline -0.003 -13"><span class='ocrx_word' id='word_1_807' title='bbox 1918 5111 2120 5166; x_wconf 82' lang='lat' dir='ltr'><strong>Deinde</strong></span> <span class='ocrx_word' id='word_1_808' title='bbox 2166 5108 2308 5179; x_wconf 88' lang='lat' dir='ltr'><strong>quod</strong></span> <span class='ocrx_word' id='word_1_809' title='bbox 2357 5107 2425 5162; x_wconf 90' lang='lat' dir='ltr'><strong>ad</strong></span> <span class='ocrx_word' id='word_1_810' title='bbox 2464 5104 2819 5160; x_wconf 90' lang='lat' dir='ltr'><strong>monasticam</strong></span> <span class='ocrx_word' id='word_1_811' title='bbox 2865 5104 3235 5175; x_wconf 70' lang='lat' dir='ltr'><strong>aequalemque</strong></span> <span class='ocrx_word' id='word_1_812' title='bbox 3279 5105 3488 5177; x_wconf 84' lang='lat' dir='ltr'><strong>angelis</strong></span> 
     </span>
    </p>
   </div>
   <div class='ocr_carea' id='block_1_109' title="bbox 1916 5195 3484 5270">
    <p class='ocr_par' dir='ltr' id='par_1_109' title="bbox 1916 5195 3484 5270">
     <span class='ocr_line' id='line_1_109' title="bbox 1916 5195 3484 5270; baseline -0.007 -9"><span class='ocrx_word' id='word_1_813' title='bbox 1916 5205 2079 5261; x_wconf 89' lang='lat' dir='ltr'><strong>vitam</strong></span> <span class='ocrx_word' id='word_1_814' title='bbox 2133 5211 2204 5265; x_wconf 88' lang='lat' dir='ltr'><strong>te,</strong></span> <span class='ocrx_word' id='word_1_815' title='bbox 2259 5210 2378 5270; x_wconf 89' lang='lat' dir='ltr'><strong>post</strong></span> <span class='ocrx_word' id='word_1_816' title='bbox 2423 5196 2698 5252; x_wconf 57' lang='lat' dir='ltr'><strong>saecularis</strong></span> <span class='ocrx_word' id='word_1_817' title='bbox 2747 5196 2870 5250; x_wconf 69' lang='lat' dir='ltr'><strong>vitae</strong></span> <span class='ocrx_word' id='word_1_818' title='bbox 2918 5195 3161 5260; x_wconf 86' lang='lat' dir='ltr'><strong>delicias,</strong></span> <span class='ocrx_word' id='word_1_819' title='bbox 3191 5195 3484 5252; x_wconf 88' lang='lat' dir='ltr'><strong>revocavit.</strong></span> 
     </span>
    </p>
   </div>
   <div class='ocr_carea' id='block_1_110' title="bbox 1917 5286 3486 5363">
    <p class='ocr_par' dir='ltr' id='par_1_110' title="bbox 1917 5286 3486 5363">
     <span class='ocr_line' id='line_1_110' title="bbox 1917 5286 3486 5363; baseline -0.007 -13"><span class='ocrx_word' id='word_1_820' title='bbox 1917 5295 2159 5363; x_wconf 85' lang='lat' dir='ltr'><strong>Quorum</strong></span> <span class='ocrx_word' id='word_1_821' title='bbox 2186 5291 2441 5363; x_wconf 86' lang='lat' dir='ltr'><strong>cogitatio</strong></span> <span class='ocrx_word' id='word_1_822' title='bbox 2472 5289 2584 5359; x_wconf 86' lang='lat' dir='ltr'><strong>ipsa</strong></span> <span class='ocrx_word' id='word_1_823' title='bbox 2620 5288 2812 5342; x_wconf 86' lang='lat' dir='ltr'><strong>idonea</strong></span> <span class='ocrx_word' id='word_1_824' title='bbox 2845 5297 2923 5342; x_wconf 87' lang='lat' dir='ltr'><strong>est</strong></span> <span class='ocrx_word' id='word_1_825' title='bbox 2965 5294 3024 5340; x_wconf 91' lang='lat' dir='ltr'><strong>ut</strong></span> <span class='ocrx_word' id='word_1_826' title='bbox 3049 5286 3286 5340; x_wconf 88' lang='lat' dir='ltr'><strong>animam</strong></span> <span class='ocrx_word' id='word_1_827' title='bbox 3313 5286 3486 5340; x_wconf 84' lang='lat' dir='ltr'><strong>emol-</strong></span> 
     </span>
    </p>
   </div>
   <div class='ocr_carea' id='block_1_111' title="bbox 1916 5377 3487 5452">
    <p class='ocr_par' dir='ltr' id='par_1_111' title="bbox 1916 5377 3487 5452">
     <span class='ocr_line' id='line_1_111' title="bbox 1916 5377 3487 5452; baseline -0.007 -11"><span class='ocrx_word' id='word_1_828' title='bbox 1916 5388 2012 5442; x_wconf 91' lang='lat' dir='ltr'><strong>liat</strong></span> <span class='ocrx_word' id='word_1_829' title='bbox 2049 5385 2116 5440; x_wconf 88' lang='lat' dir='ltr'><strong>ad</strong></span> <span class='ocrx_word' id='word_1_830' title='bbox 2169 5382 2644 5452; x_wconf 89' lang='lat' dir='ltr'><strong>compunctionem</strong></span> <span class='ocrx_word' id='word_1_831' title='bbox 2695 5379 3161 5448; x_wconf 85' lang='lat' dir='ltr'><strong>lacrymarumque</strong></span> <span class='ocrx_word' id='word_1_832' title='bbox 3216 5377 3487 5447; x_wconf 80' lang='lat' dir='ltr'><strong>profusio-</strong></span> 
     </span>
    </p>
   </div>
   <div class='ocr_carea' id='block_1_112' title="bbox 1917 5467 3487 5544">
    <p class='ocr_par' dir='ltr' id='par_1_112' title="bbox 1917 5467 3487 5544">
     <span class='ocr_line' id='line_1_112' title="bbox 1917 5467 3487 5544; baseline -0.007 -11"><span class='ocrx_word' id='word_1_833' title='bbox 1917 5494 2080 5542; x_wconf 90' lang='lat' dir='ltr'><strong>nem;</strong></span> <span class='ocrx_word' id='word_1_834' title='bbox 2117 5491 2182 5530; x_wconf 80' lang='lat' dir='ltr'><strong>ex</strong></span> <span class='ocrx_word' id='word_1_835' title='bbox 2223 5475 2419 5544; x_wconf 90' lang='lat' dir='ltr'><strong>quibus</strong></span> <span class='ocrx_word' id='word_1_836' title='bbox 2451 5473 2631 5527; x_wconf 88' lang='lat' dir='ltr'><strong>cordis</strong></span> <span class='ocrx_word' id='word_1_837' title='bbox 2679 5471 3021 5534; x_wconf 89' lang='lat' dir='ltr'><strong>illuminatio,</strong></span> <span class='ocrx_word' id='word_1_838' title='bbox 3058 5469 3295 5523; x_wconf 85' lang='lat' dir='ltr'><strong>suavitas</strong></span> <span class='ocrx_word' id='word_1_839' title='bbox 3326 5467 3487 5538; x_wconf 86' lang='lat' dir='ltr'><strong>spiri-</strong></span> 
     </span>
    </p>
   </div>
   <div class='ocr_carea' id='block_1_113' title="bbox 1916 5558 3482 5634">
    <p class='ocr_par' dir='ltr' id='par_1_113' title="bbox 1916 5558 3482 5634">
     <span class='ocr_line' id='line_1_113' title="bbox 1916 5558 3482 5634; baseline -0.008 -10"><span class='ocrx_word' id='word_1_840' title='bbox 1916 5579 2024 5634; x_wconf 87' lang='lat' dir='ltr'><strong>tus,</strong></span> <span class='ocrx_word' id='word_1_841' title='bbox 2087 5567 2180 5622; x_wconf 89' lang='lat' dir='ltr'><strong>Dei</strong></span> <span class='ocrx_word' id='word_1_842' title='bbox 2234 5564 2581 5620; x_wconf 90' lang='lat' dir='ltr'><strong>desiderium.</strong></span> <span class='ocrx_word' id='word_1_843' title='bbox 2648 5561 2819 5632; x_wconf 83' lang='lat' dir='ltr'><strong>Hujus</strong></span> <span class='ocrx_word' id='word_1_844' title='bbox 2871 5561 2926 5615; x_wconf 92' lang='lat' dir='ltr'><strong>in</strong></span> <span class='ocrx_word' id='word_1_845' title='bbox 2965 5561 3127 5615; x_wconf 92' lang='lat' dir='ltr'><strong>corde</strong></span> <span class='ocrx_word' id='word_1_846' title='bbox 3173 5558 3482 5630; x_wconf 74' lang='lat' dir='ltr'><strong>praesentia,</strong></span> 
     </span>
    </p>
   </div>
   <div class='ocr_carea' id='block_1_114' title="bbox 1919 5651 3482 5722">
    <p class='ocr_par' dir='ltr' id='par_1_114' title="bbox 1919 5651 3482 5722">
     <span class='ocr_line' id='line_1_114' title="bbox 1919 5651 3482 5722; baseline -0.009 -8"><span class='ocrx_word' id='word_1_847' title='bbox 1919 5659 2161 5714; x_wconf 89' lang='lat' dir='ltr'><strong>omnium</strong></span> <span class='ocrx_word' id='word_1_848' title='bbox 2194 5656 2445 5710; x_wconf 88' lang='lat' dir='ltr'><strong>vitiorum</strong></span> <span class='ocrx_word' id='word_1_849' title='bbox 2472 5663 2555 5708; x_wconf 89' lang='lat' dir='ltr'><strong>est</strong></span> <span class='ocrx_word' id='word_1_850' title='bbox 2577 5651 2895 5722; x_wconf 84' lang='lat' dir='ltr'><strong>proﬁigatio.</strong></span> <span class='ocrx_word' id='word_1_851' title='bbox 2931 5651 3067 5704; x_wconf 90' lang='lat' dir='ltr'><strong>Cum</strong></span> <span class='ocrx_word' id='word_1_852' title='bbox 3095 5651 3160 5704; x_wconf 92' lang='lat' dir='ltr'><strong>ad</strong></span> <span class='ocrx_word' id='word_1_853' title='bbox 3193 5651 3339 5703; x_wconf 91' lang='lat' dir='ltr'><strong>hunc</strong></span> <span class='ocrx_word' id='word_1_854' title='bbox 3364 5663 3482 5701; x_wconf 84' lang='lat' dir='ltr'><strong>mo-</strong></span> 
     </span>
    </p>
   </div>
   <div class='ocr_carea' id='block_1_115' title="bbox 1919 5734 3478 5817">
    <p class='ocr_par' dir='ltr' id='par_1_115' title="bbox 1919 5734 3478 5817">
     <span class='ocr_line' id='line_1_115' title="bbox 1919 5734 3478 5817; baseline -0.01 -13"><span class='ocrx_word' id='word_1_855' title='bbox 1919 5749 2048 5804; x_wconf 92' lang='lat' dir='ltr'><strong>dum</strong></span> <span class='ocrx_word' id='word_1_856' title='bbox 2097 5745 2292 5817; x_wconf 90' lang='lat' dir='ltr'><strong>gratias</strong></span> <span class='ocrx_word' id='word_1_857' title='bbox 2345 5744 2516 5816; x_wconf 88' lang='lat' dir='ltr'><strong>egeris</strong></span> <span class='ocrx_word' id='word_1_858' title='bbox 2563 5743 2693 5808; x_wconf 92' lang='lat' dir='ltr'><strong>Deo,</strong></span> <span class='ocrx_word' id='word_1_859' title='bbox 2728 5741 2989 5795; x_wconf 90' lang='lat' dir='ltr'><strong>conﬁtere</strong></span> <span class='ocrx_word' id='word_1_860' title='bbox 3020 5740 3097 5794; x_wconf 92' lang='lat' dir='ltr'><strong>illi</strong></span> <span class='ocrx_word' id='word_1_861' title='bbox 3127 5739 3353 5794; x_wconf 88' lang='lat' dir='ltr'><strong>dicens:</strong></span> <span class='ocrx_word' id='word_1_862' title='bbox 3396 5734 3478 5790; x_wconf 82' lang='lat' dir='ltr'><strong>Tu</strong></span> 
     </span>
    </p>
   </div>
   <div class='ocr_carea' id='block_1_116' title="bbox 1921 5830 3480 5903">
    <p class='ocr_par' dir='ltr' id='par_1_116' title="bbox 1921 5830 3480 5903">
     <span class='ocr_line' id='line_1_116' title="bbox 1921 5830 3480 5903; baseline -0.01 -10"><span class='ocrx_word' id='word_1_863' title='bbox 1921 5836 2082 5902; x_wconf 89' lang='lat' dir='ltr'><strong>nosti,</strong></span> <span class='ocrx_word' id='word_1_864' title='bbox 2130 5835 2378 5899; x_wconf 88' lang='lat' dir='ltr'><strong>Domine,</strong></span> <span class='ocrx_word' id='word_1_865' title='bbox 2409 5849 2570 5903; x_wconf 89' lang='lat' dir='ltr'><strong>quam</strong></span> <span class='ocrx_word' id='word_1_866' title='bbox 2600 5833 2770 5888; x_wconf 89' lang='lat' dir='ltr'><strong>multa</strong></span> <span class='ocrx_word' id='word_1_867' title='bbox 2795 5832 2890 5887; x_wconf 92' lang='lat' dir='ltr'><strong>tibi</strong></span> <span class='ocrx_word' id='word_1_868' title='bbox 2923 5830 3214 5902; x_wconf 88' lang='lat' dir='ltr'><strong>peccarim,</strong></span> <span class='ocrx_word' id='word_1_869' title='bbox 3241 5836 3295 5884; x_wconf 90' lang='lat' dir='ltr'><strong>et</strong></span> <span class='ocrx_word' id='word_1_870' title='bbox 3319 5842 3480 5895; x_wconf 84' lang='lat' dir='ltr'><strong>quam</strong></span> 
     </span>
    </p>
   </div>
  </div>
