4158 6478
735 365 872 430 1063

1899 381 1958 439 5.
1999 378 2392 442 THEODORI
2437 379 2788 444 STUDITJ‘I

3829 383 3962 445 1064

730 481 896 534 multa
930 493 1148 548 peccem
1177 479 1230 533 in
1278 480 1464 546 horas,
1510 483 1676 538 hocce
1706 498 2010 556 peccatum,
2041 500 2096 544 et
2131 491 2291 547 hocce

2399 489 2666 549 Δέσποτα.
2698 491 2798 542 ὅσα
2834 505 2917 541 σοι
2944 490 3191 559 ήμαρτον
3212 505 3225 519 ο
3254 490 3346 544 καὶ
3389 490 3487 544 ὅσα
3514 490 3820 561 ἁμαρτάνω
3849 496 3969 546 καθ’

727 572 984 626 delictum
1021 590 1034 625 :
1065 581 1121 626 et
1153 588 1275 642 qua:
1320 575 1429 628 scis
1470 591 1697 645 qumque
1726 577 1941 648 ignoras
1971 577 2294 651 recogftans,

729 664 824 718 sed
856 664 945 718 illa
966 675 1166 720 temere
1201 681 1308 720 non
1337 668 1601 732 recolens,
1619 684 1740 738 qua:
1768 685 2022 740 expressa
2047 674 2298 727 recorda~

741 768 887 811 tione
913 756 1148 810 animam
1179 758 1401 812 laedunt.
1427 758 1491 813 Et
1517 759 1644 812 hinc
1669 760 1763 814 tibi
1783 760 2100 818 humilitatis
2129 765 2298 832 gratia

725 849 1003 902 exorietur
1047 864 1169 904 cum
1215 850 1393 905 cordis
1427 852 1774 917 contritione,
1807 863 2062 923 metuque
2102 855 2299 910 divinae

728 939 1003 993 vindictae.
1056 939 1181 994 Post
1226 941 1343 994 haec
1373 941 1608 1010 postula,
1641 943 1856 1013 plange,
1885 959 1976 998 ora
2009 945 2298 999 Dominum

730 1037 881 1082 tuum
910 1046 1007 1099 pro
1031 1031 1224 1084 horum
1244 1031 1582 1096 remissione,
1614 1047 1710 1100 pro
1732 1033 1946 1097 virium,
1965 1044 2020 1088 ut
2046 1034 2119 1087 illi
2147 1034 2301 1088 dein-

727 1136 857 1190 ceps
888 1122 1121 1191 placeas.
1153 1123 1602 1187 confirmatione;
1633 1123 1820 1177 dicens
1852 1142 1863 1177 :
1896 1125 2010 1177 Non
2043 1125 2297 1194 amplius,

730 1211 955 1266 Domine
984 1212 1075 1274 mi,
1104 1213 1351 1273 Domine.
1385 1213 1606 1267 irritabo
1633 1219 1850 1269 te':uon
1885 1218 2118 1285 amplius
2140 1217 2299 1284 quid-

727 1321 887 1372 quam
919 1305 1240 1360 desiderabo
1262 1317 1458 1375 prmter
1488 1315 1536 1361 te
1564 1308 1652 1376 qui
1686 1324 1811 1361 vere
1829 1325 1886 1361 cs
1911 1309 2173 1362 amabilis.
2214 1307 2296 1373 Et,

727 1397 772 1449 si
818 1396 1087 1450 oﬂ‘endam
1143 1413 1378 1458 rursum.
1411 1400 1636 1468 supplex
1691 1400 1758 1452 fio
1813 1400 2114 1454 visceribus
2167 1401 2295 1463 tuis,

731 1497 790 1540 ut
851 1487 983 1541 mihi
1017 1488 1180 1542 robur
1214 1489 1390 1551 detur,
1441 1505 1550 1558 quo
1593 1491 1685 1544 tibi
1717 1491 1924 1558 placere
1963 1506 2296 1546 assuescant.

733 1576 786 1629 Si
815 1578 943 1646 quid
968 1578 1113 1632 aliud
1143 1579 1326 1633 animo
1359 1580 1452 1634 tibi
1479 1589 1730 1635 occurret
1765 1581 1963 1633 bonum
1998 1581 2140 1650 quod
2171 1597 2296 1651 aga-

729 1680 838 1731 tur,
880 1670 1128 1740 impense
1168 1673 1466 1739 postulaus.
1503 1671 1598 1725 His
1631 1673 1786 1737 actis,
1815 1673 2003 1727 invoca
2055 1684 2294 1728 sanctam

723 1757 1032 1832 Deiparam,
1073 1774 1130 1818 ut
1181 1766 1254 1818 tui
1292 1766 1634 1830 misereatur,
1687 1777 1904 1820 sanctos
1951 1768 2190 1839 angelos,
2242 1779 2297 1822 et

723 1873 885 1926 quem
914 1859 1035 1910 vita:
1069 1867 1173 1912 tua
1219 1858 1502 1911 custodem
1536 1859 1702 1912 habes
1729 1859 2000 1927 angelum,
2028 1868 2087 1912 ut
2117 1868 2168 1913 te
2196 1876 2295 1913 cu-

721 1948 918 2001 stodiat
936 1957 990 2001 et
1014 1958 1288 2018 protegat:
1314 1948 1730 2013 PraeCursorem,
1760 1951 2054 2019 apostolos,
2078 1960 2295 2004 sanctos

722 2052 933 2102 omnes,
961 2047 1014 2090 et
1053 2053 1188 2106 quos
1236 2037 1505 2107 praacipue
1553 2039 1805 2093 invocare
1847 2041 2202 2105 consuevisti,
2241 2051 2297 2096 et

723 2128 870 2182 illum
905 2129 1062 2198 cujus
1114 2131 1372 2184 memoria
1404 2145 1471 2184 eo
1500 2131 1586 2184 die
1617 2131 1811 2200 agitur.
1840 2132 1964 2186 Haec
1983 2133 2143 2203 igitur
2169 2149 2293 2188 ora-

723 2221 887 2276 tionis
924 2220 1031 2274 vim
1067 2223 1266 2276 habere
1298 2222 1428 2275 mihi
1489 2222 1744 2277 videntur
1777 2241 1790 2289 ;
1853 2227 2062 2280 tametsi
2123 2242 2291 2280 unus-

720 2311 949 2380 quisque
992 2311 1113 2366 aliis
1155 2312 1335 2367 verbis
1382 2322 1574 2367 etnon
1626 2314 1817 2368 iisdem
1865 2331 2092 2385 prorsus
2117 2327 2236 2372 oret
2271 2337 2286 2374 :

721 2405 1155 2473 quandoquidem
1205 2420 1308 2459 nec
1357 2405 1472 2474 ipse
1516 2406 1606 2475 qui
1655 2416 1794 2471 orat,
1834 2409 2023 2462 eadem
2074 2425 2290 2479 semper

721 2493 960 2562 loquitur
995 2513 1008 2548 :
1038 2496 1120 2549 vis
1145 2503 1326 2549 autem
1357 2495 1543 2550 eadem
1575 2497 1876 2550 necessaria
1908 2509 1990 2552 est
2014 2501 2285 2566 omnibus,

723 2593 782 2638 ut
806 2586 1078 2639 existimo.
1113 2585 1240 2640 Vale
1264 2587 1464 2654 itaque,
1489 2597 1851 2654 congruenter
1877 2603 2054 2652 orans,
2082 2598 2136 2642 et
2164 2606 2287 2657 pro-

721 2675 911 2729 ficiens
957 2692 1362 2747 usquequaque,
1420 2687 1692 2746 totamque
1739 2688 1791 2732 te
1839 2694 1934 2748 per
1979 2689 2283 2734 accuratam

720 2766 886 2821 vitam
921 2767 1148 2822 Domino
1171 2768 1474 2838 placentem
1507 2769 1727 2823 exhibe.

2401 581 2637 648 ἑκάστην
2662 578 2811 648 ῶραν
2833 595 2846 610 ο
2881 578 3040 647 τήνδε
3075 579 3175 647 τὴν
3203 579 3504 649 ἁμαρτίαν,
3532 584 3622 634 καὶ
3666 583 3826 652 τήνδε
3875 587 3969 653 τήν

2401 671 2780 739 πλημμέλειαν
2802 687 2816 700 ·
2849 670 2942 723 καὶ
2969 669 3038 722 τὰ
3063 671 3120 722 ἐν
3144 670 3344 737 γνώσει
3376 670 3470 724 καὶ
3493 672 3687 742 ἀγνοίᾳ
3719 673 3970 742 ἀναλογι-

2400 763 2621 832 ζομένη.
2661 764 2805 833 Πλὴν
2840 765 2914 834 μὴ
2965 763 3320 833 ἀνιστοροῦσα
3369 763 3442 826 ώς
3472 763 3632 833 ἔτυχε
3661 766 3727 816 τά
3765 764 3968 836 βλάϐην

2399 857 2463 908 ἐκ
2492 855 2591 923 τῆς
2619 854 2880 923 ἐναργοῦς
2909 855 3270 926 ὑπομνήσεως
3314 853 3646 924 ἐμποιοῦντα
3689 860 3758 927 τῇ
3801 857 3966 928 ψυχῇ.

2402 947 2712 1000 Κάντεῦθεν
2762 944 3012 999 άνατελεῖ
3059 961 3140 998 σοι
3210 947 3713 1016 ταπεινοφροσύνης
3788 950 3968 1018 χάρις,

2404 1038 2542 1106 μετά
2569 1037 2910 1108 συντριμμοῦ
2936 1036 3186 1108 καρδίας,
3224 1037 3316 1089 καὶ
3338 1036 3502 1104 φόϐου
3559 1039 3971 1101 άνταποδὸσεως

2399 1127 2553 1180 Θεοῦ.
2619 1128 2776 1180 Μετὰ
2824 1127 2982 1180 τοῦτο
3028 1127 3275 1195 αἴτησον,
3312 1127 3587 1191 στέναξον,
3621 1129 3854 1199 δεήθητι
3883 1130 3970 1180 τοῦ

2401 1219 2604 1287 Κυρίου
2635 1234 2726 1269 σου
2759 1218 2858 1286 τὴν
2883 1219 3086 1270 τούτων
3119 1217 3334 1284 ἄφεσιν,
3360 1218 3459 1286 τήν
3503 1219 3636 1289 πρὸς
3687 1221 3749 1272 τὸ
3782 1221 3972 1290 μέλλων

2402 1311 2536 1379 πρὸς
2579 1310 2636 1361 τὸ
2670 1310 2984 1376 εὐαρεστεῖν
3035 1308 3183 1377 αὐτῷ
3231 1311 3642 1377 ἐνδυνάμωσινο
3693 1311 3967 1378 λέγουσα·

2400 1399 2617 1461 Οὐκέτι,
2646 1399 2816 1467 Κύριέ
2839 1415 2962 1466 μου,
2988 1396 3180 1466 Κύριε,
3212 1400 3528 1468 παροργίζω
3551 1398 3968 1473 [ΐ.παροργίσω]

2401 1507 2482 1552 σε,
2509 1488 2693 1542 οὐκέτι
2725 1489 2938 1558 φιλήσω
2965 1488 3094 1542 ἀλλο
3126 1507 3179 1541 τι
3213 1489 3362 1558 παρά
3395 1489 3452 1542 σὲ
3482 1491 3572 1542 τὸν
3613 1492 3784 1550 δντως
3836 1492 3970 1558 άγα-

2398 1579 2570 1647 πητόν
2590 1594 2602 1606 ·
2637 1579 2737 1632 κάν
2755 1595 2812 1631 τε
2847 1579 3178 1649 παροργισω
3193 1580 3376 1642 πάλιν,
3409 1580 3835 1651 προσπίπτουσα
3859 1585 3972 1650 εἰμι

2397 1675 2508 1734 τοῖς
2543 1673 2848 1742 οίκτιρμοῖς
2879 1688 2992 1733 σου,
3047 1670 3266 1739 δοθῆναί
3303 1689 3392 1741 μοι
3427 1673 3577 1742 ἰσχὺν
3623 1674 3681 1724 ἐν
3733 1673 3848 1739 ἕξει
3885 1691 3971 1740 γε·

2399 1763 2585 1816 νέσθαι
2623 1763 2715 1815 τοῦ
2743 1765 3060 1831 εὐαρεστεῖν
3093 1779 3194 1816 σοι.
3221 1763 3287 1815 Ei
3309 1780 3361 1840 τι
3391 1763 3518 1816 ἄλλο
3546 1763 3685 1814 κατὰ
3709 1769 3717 1776 “
3738 1764 3865 1815 v06.-
3890 1782 3968 1815 σοι

2400 1856 2729 1926 παρίσταται
2752 1856 3050 1923 ἀνυσθῆναι
3095 1853 3316 1921 ἀγαθὸν,
3377 1853 3596 1924 θερμῶς
3643 1855 3966 1923 αἰτουμένη.

2397 1949 2505 2000 Καὶ
2535 1949 2671 2017 μετὰ
2697 1947 2866 1999 ταῦτα
2884 1945 3142 1998 ἐπικαλοῦ
3161 1947 3258 2011 τὴν
3276 1945 3436 2012 ἁγίαν
3457 1945 3718 1997 Θεοτόκον
3749 1946 3967 2015 ἐλεῆσαί

2397 2055 2454 2092 σε
2481 2055 2494 2068 .
2519 2040 2645 2099 τοὺς
2671 2039 2858 2104 ἁγίους
2880 2038 3166 2104 ἀγγέλους,
3201 2039 3294 2089 καὶ
3320 2038 3377 2090 ὃν
3406 2038 3545 2106 ἔχεις
3571 2039 3669 2107 τῆς
3700 2038 3848 2106 ζωῆς
3877 2057 3966 2091 σου

2395 2130 2612 2198 φύλακα
2663 2130 2930 2196 ἄγγελον·
2977 2128 3061 2179 ἵνα
3111 2144 3165 2179 σε
3201 2130 3410 2198 φρουρῇ
3462 2130 3555 2179 καὶ
3613 2130 3826 2198 σκέπῃ·
3879 2129 3967 2181 τὸν

2395 2222 2729 2291 Πρόδρομον,
2757 2221 2883 2282 τοῦς
2919 2220 3270 2281 ἀποστόλους,
3328 2220 3453 2281 τοὺς
3497 2219 3683 2286 ἁγίους
3734 2223 3964 2282 πάντας,

2393 2312 2496 2365 καὶ⁸
2518 2311 2612 2374 οὓς
2640 2312 2780 2382 ἐχεις
2815 2311 3109 2380 ἐξαιρέτως
3134 2309 3380 2380 συνήθως
3433 2311 3841 2375 ἐπικαλεῖσθαι,
3868 2314 3965 2363 καὶ

2389 2403 2480 2456 τὸν
2503 2403 2641 2455 κατά
2687 2402 2784 2471 τὴν
2815 2402 3027 2472 ἡμέραν
3081 2403 3572 2471 μνημονευόμενον.
3631 2403 3820 2456 Ταῦτα
3875 2401 3966 2456 οὖν

2395 2515 2484 2566 μοι
2535 2497 2688 2550 δοκεῖ
2718 2494 2861 2562 ἔχειν
2894 2495 2991 2562 τῆς
3035 2495 3346 2563 προσευχῆς
3396 2495 3493 2562 τὴν
3537 2495 3806 2562 δύναμιν·
3864 2496 3966 2546 κᾶν

2393 2589 2626 2648 ἐκαστος
2652 2584 2830 2646 ἄλλοις
2861 2583 3040 2650 λόγοις
3085 2585 3179 2635 καὶ
3225 2584 3346 2653 οὐχὶ
3394 2587 3507 2646 τοῖς
3538 2585 3720 2646 αὐτοῖς
3750 2587 3965 2646 πάντως

2393 2677 2760 2748 προσεύχηται
2781 2692 2794 2704 ·
2823 2676 2905 2728 ὅτι
2937 2674 3074 2743 μηδέ
3130 2674 3291 2736 αὐτὸς
3334 2673 3510 2743 ἐαυτῷ
3539 2677 3565 2726 ό
3594 2677 3965 2744 προσευχόιιεο

2392 2787 2481 2832 νος
2507 2768 2574 2820 τά
2604 2766 2742 2820 αὐτὰ
2775 2764 3068 2833 φθέγγεται
3093 2764 3323 2818 πάντοτε
3349 2766 3411 2834 ’ἡ
3431 2763 3486 2816 δὲ
3509 2762 3740 2834 δύναμις
3765 2767 3799 2835 ἡ
3827 2767 3960 2833 αὐτὴ

719 2860 994 2927 ἀναγκαία
1021 2862 1153 2913 πᾶσι
1181 2861 1487 2929 λελόγισται
1521 2879 1630 2930 μοι.
1665 2862 2000 2932 ⁶θυλαχθείης
2032 2858 2124 2916 οῦν
2150 2863 2560 2936 προσευχομένη
2593 2861 2659 2914 τὰ
2726 2859 2934 2920 δέοντα,
2996 2858 3090 2911 καὶ
3141 2856 3490 2927 βελτιουμένη
3516 2859 3798 2924 ἑκάστοτε,
3861 2866 3952 2914 καὶ

719 2953 852 3024 ὅλην
879 2955 1077 3024 ἐαυτὴν
1113 2956 1436 3024 παριστῶσα
1481 2953 1569 3006 διὰ
1597 2957 1696 3023 τῆς
1729 2957 1991 3026 ἀκριϐοῦς
2049 2957 2291 3026 βιώσεως
2327 2958 2668 3029 ἀρέσκουσαν
2700 2952 2776 3022 τῷ
2811 2952 3017 3022 Κυρίῳ.

872 3111 1052 3169 XLIII.
1086 3109 1398 3180 —Joacpho
1429 3112 1586 3180 fratri
1619 3120 1669 3165 et
1701 3111 2112 3180 archiepiscopo.

2395 3109 2512 3164 ΜΓ.
2540 3138 2606 3148 --
2638 3105 2859 3174 Ἰωσὴφ
2889 3104 3128 3174 ἀδελφῷ
3151 3107 3246 3159 καὶ
3276 3106 3744 3174 ἀρχιεπισκόπῳ.
3768 3101 3954 3179 [ρλακ]

1454 3224 1583 3273 Sede
1607 3223 2037 3274 Thessalonicensi
2061 3229 2320 3273 extrusum
2343 3218 2545 3270 solatur.
2586 3219 2781 3281 (Baron.
2811 3232 2892 3268 an.
2927 3217 3038 3277 809,
3065 3231 3116 3266 n.
3141 3218 3245 3278 47.)

789 3331 858 3386 Et
892 3330 1038 3401 prior
1066 3327 1291 3397 epistola
1348 3327 1598 3380 fraterna:
1631 3341 1692 3380 ac
1721 3337 1960 3395 paterna:
1993 3335 2096 3380 tum
2131 3339 2285 3378 sanc-

2462 3320 2572 3374 Καὶ
2608 3321 2640 3388 ἡ
2678 3317 2869 3389 πρώτη
2897 3319 3152 3387 ἐπιστολὴ
3187 3319 3282 3388 τῆς
3309 3318 3603 3388 ἁδελφικῆς
3637 3321 3733 3372 καὶ
3773 3339 3965 3392 πατρι-

722 3423 909 3486 litatis,
959 3419 1170 3475 tametsi
1216 3417 1394 3471 brevis
1451 3431 1677 3469 numero
1735 3416 2095 3486 syllabarum:
2124 3416 2298 3470 abun-

719 3517 882 3569 dabat
913 3527 1089 3568 tamen
1137 3511 1404 3581 allegorici
1438 3525 1630 3563 sensus
1668 3511 1818 3577 copia
1847 3526 1860 3573 ;
1899 3520 1951 3562 et
1987 3510 2254 3578 posterior
2277 3550 2289 3569 .

718 3607 866 3660 omni
926 3605 1148 3659 scientia
1201 3614 1362 3672 atque
1417 3600 1760 3663 humilitate,
1814 3600 2030 3651 unicum
2091 3599 2296 3654 habens

720 3695 1257 3764 reprehendendum,
1312 3705 1460 3744 meas
1501 3689 1731 3742 infelicis
1788 3688 2034 3758 indignas
2087 3689 2292 3742 laudes.

722 3787 833 3855 Ego
864 3803 991 3841 vero
1057 3802 1163 3838 uou
1215 3799 1308 3852 per
1367 3780 1741 3849 antiphrasim,
1813 3780 1973 3842 absit,
2031 3780 2124 3835 sed
2170 3797 2294 3834 vere

725 3888 951 3941 prorsus
994 3873 1077 3925 his
1134 3869 1469 3938 temporibus
1524 3869 1726 3921 nostris
1761 3869 1812 3922 in
1856 3870 2293 3940 archiepiscopali

717 3963 974 4034 dignitate
992 3962 1206 4016 elucere
1233 3970 1282 4014 te
1306 4001 1320 4024 ,
1355 3969 1663 4013 sanctorum
1697 3957 1910 4012 Patrum
1946 3961 2133 4027 instar,
2160 3964 2292 4016 dixi.

720 4053 828 4107 Nec
853 4053 1122 4113 aberretn,
1163 4051 1206 4104 si
1240 4052 1543 4105 columuam
1573 4058 1624 4102 et
1655 4049 2064 4104 fundamentum
2108 4054 2292 4107 Eccle-

721 4144 817 4197 sia:
883 4153 932 4197 te
966 4157 1178 4204 vocem,
1239 4141 1309 4194 mi
1369 4140 1534 4193 frater
1575 4139 1806 4209 egregie.
1859 4138 2113 4209 Quisquis
2146 4144 2291 4198 enim

720 4252 820 4306 pro
845 4237 1073 4289 veritate
1125 4236 1367 4289 decertat
1407 4247 1459 4288 et
1508 4234 1735 4304 patitur,
1778 4232 2025 4286 columen
2057 4236 2175 4306 ejus
2213 4244 2293 4288 est

719 4341 780 4378 ac
815 4323 1108 4395 fastigium.
1138 4324 1282 4380 Belle
1303 4339 1483 4381 autem
1507 4327 1877 4396 accidit,quod
1908 4327 2293 4396 quaterniones

721 4415 1022 4485 inspexisti.
1049 4414 1401 4471 Occasionem
1433 4419 1576 4472 enim
1613 4420 1840 4488 przebuit
1869 4420 2020 4472 nobis
2049 4434 2290 4472 commo-

723 4508 880 4574 nitio,
918 4524 1016 4564 seu
1092 4511 1470 4579 potiusjussio
1505 4523 1614 4578 tua,
1670 4522 1728 4565 ut
1778 4513 2003 4581 hujusce
2042 4511 2290 4581 pr0posi-

722 4600 886 4654 tiouis
937 4600 1311 4654 refutationem
1345 4603 1696 4672 aggrederer,
1750 4617 1910 4672 quam
1947 4616 2069 4654 cum
2124 4600 2242 4654 aliis
2272 4641 2286 4661 .

2401 3412 2502 3482 κῆς
2543 3429 2636 3464 σου
2669 3410 3002 3478 ἁγιωσύνης,
3035 3411 3083 3460 εί
3115 3411 3208 3460 καὶ
3233 3409 3402 3478 μικρὰ
3425 3405 3491 3478 ἦν
3525 3409 3600 3477 τῷ
3632 3411 3828 3481 πλήθει
3859 3413 3964 3464 τῶν

2400 3503 2695 3567 συλλαϐῶν,
2734 3502 2848 3555 ἀλλ’
2888 3497 2982 3552 οῦν
3035 3516 3098 3567 γε
3157 3501 3464 3568 ἀπήρτιστο
3518 3500 3595 3569 τῷ
3642 3501 3839 3555 πλάτει
3870 3504 3963 3572 τῆς

2397 3596 2768 3664 ἁλληγορικῆς
2802 3592 3058 3655 διανοίας.
3098 3591 3204 3642 Καὶ
3240 3593 3272 3660 ή
3309 3591 3568 3660 δευτέρα,
3595 3593 3778 3662 πάσης
3823 3595 3963 3662 γνώ-

2398 3701 2535 3747 σεως
2599 3686 2690 3736 καὶ
2737 3682 3140 3742 ταπεινώσεως,
3170 3679 3226 3731 ἓν
3267 3679 3462 3749 ἔχουσα
3525 3679 3682 3746 μόνον
3740 3680 3962 3748 ψεκτὸν.

2395 3776 2521 3836 τοὺς
2586 3779 2713 3842 περὶ
2775 3773 2872 3840 ἐμὲ
2945 3771 3034 3823 τὸν
3095 3770 3327 3824 δείλαιον
3391 3769 3624 3834 ἀναξίως
3685 3772 3958 3835 ἐπαίνους.

2410 3864 2551 3931 Ἐγὼ
2580 3865 2634 3916 δὲ
2663 3866 2722 3916 οὐ
2759 3864 2879 3917 κατ’
2909 3864 3255 3931 ἁντίφρασιν,
3291 3862 3364 3932 μὴ
3392 3863 3619 3929 γένοιτο.
3671 3862 3812 3914 Ἀλλ’
3836 3865 3966 3934 ἁλη-

2396 3955 2535 4026 θείᾳ.
2573 3955 2849 4025 ἐκλάμψαι
2875 3973 2929 4007 σε
2963 3957 3018 4007 ἐν
3049 3957 3112 4025 τῇ
3136 3954 3260 4007 καθ’
3287 3957 3432 4025 ἡμᾶς
3463 3956 3644 4025 γενεᾷ,
3674 3957 3731 4007 ἐν
3759 3955 3837 4025 τῷ
3869 3958 3966 4024 τῆς

2395 4046 2803 4117 ἀρχιερωσύνης
2842 4046 3108 4115 ἀξιώματι
3135 4086 3148 4107 ,
3193 4047 3323 4100 καθ’
3359 4047 3618 4116 ὁμοίωσιν
3651 4046 3762 4100 τῶν
3795 4049 3966 4116 ἁγίων

2397 4139 2674 4207 ΙΙατέρων,
2707 4137 2921 4206 εἴρηκα.
2952 4139 3060 4189 Καὶ
3114 4137 3213 4188 οὐκ
3265 4138 3328 4190 ἂν
3378 4138 3706 4207 ἁμάρτοιμι,
3772 4139 3965 4190 στύλον

2395 4230 2488 4281 καὶ
2518 4227 2798 4298 ἑδραίωμα
2826 4226 3106 4294 κεκληκώς
3143 4243 3200 4278 σε
3230 4228 3326 4294 τῆς
3370 4229 3696 4298 Ἐκκλησίας
3720 4273 3736 4296 ,
3776 4233 3962 4284 καλλι·

2396 4320 2486 4372 στέ
2544 4338 2644 4387 μου
2691 4319 2908 4386 ἀδελφέ.
2941 4319 3052 4379 Πᾶς
3083 4320 3190 4387 γὰρ
3230 4319 3256 4369 δ
3289 4319 3429 4388 ὑπὲρ
3457 4321 3714 4389 ἀληθείας
3746 4325 3962 4377 ἐνιστα-

2397 4428 2552 4478 μενος
2606 4412 2700 4463 καὶ
2753 4409 3077 4470 πανθανων,
3119 4408 3350 4478 ἔρεισμα
3402 4411 3495 4461 καὶ
3533 4409 3732 4480 ὕψωμα
3791 4414 3960 4482 αὐτῆς

2391 4505 2673 4572 τυγχάνει.
2712 4497 2785 4556 Εῦ
2834 4503 2889 4554 δὲ
2928 4500 3170 4568 γέγονεν,
3201 4501 3281 4552 ὅτι
3305 4502 3596 4571 ἐπεσκέψω
3627 4505 3724 4566 τὰς
3763 4507 3959 4576 τετρὰ-

2391 4598 2504 4661 δας.
2551 4597 2792 4666 ’Υπῆρξε
2824 4598 2932 4668 γαρ
2974 4598 3104 4665 ἡμῖν
3138 4597 3169 4665 ή
3200 4596 3506 4666 ὑπόμνησις
3555 4595 3757 4665 μᾶλλον
3785 4597 3842 4648 δὲ
3872 4598 3960 4648 κέ-

724 4689 939 4744 hortatu
991 4689 1162 4745 Patris
1191 4692 1399 4756 nostri,
1437 4694 1488 4745 in
1523 4693 1790 4760 praadictis
1846 4690 2287 4761 quaterniouibus

2394 4688 2568 4751 λευσίς
2597 4705 2711 4753 σου,
2739 4687 3055 4749 ἐπιστασίας
3105 4688 3198 4738 καὶ
3236 4685 3527 4750 διαλύσεως
3576 4687 3673 4752 τῆς
3706 4688 3957 4757 τοιαύτης

737 4779 840 4834 nisi
877 4781 1144 4835 sanctitati
1175 4791 1279 4835 tua:
1307 4798 1322 4842 ;
1355 4783 1554 4835 nullam
1587 4797 1758 4835 meam
1786 4782 2057 4851 propriam
2088 4781 2140 4834 in
2169 4789 2283 4833 toto

723 4885 885 4939 opere
942 4873 1265 4926 sententiam
1308 4872 1583 4937 intexens;
1638 4873 1890 4940 quoniam
1923 4887 2022 4925 nec
2056 4873 2167 4942 lege
2194 4871 2282 4940 ju-

722 4964 881 5023 stius.
938 4979 1039 5018 nec
1089 4977 1296 5017 canone
1327 4963 1526 5018 rectius
1557 4963 1849 5032 quidquam
1881 4979 2003 5016 esse
2065 4970 2240 5032 potest
2268 4981 2281 5014 :

727 5053 819 5106 sed
856 5053 1158 5108 divinorum
1189 5055 1561 5108 tantummodo
1592 5053 1830 5118 Patrum,
1889 5054 2136 5123 quamvis
2165 5055 2285 5108 ine-

724 5154 832 5213 pte,
852 5145 1174 5199 documenta
1208 5154 1262 5198 et
1292 5157 1557 5214 przeccpta
1585 5145 1865 5214 proferens
1893 5157 2055 5215 atque
2085 5162 2284 5199 conne—

723 5243 894 5298 etens,
929 5237 1363 5304 proutoppositze
1396 5236 1775 5304 propositionis
1800 5237 1934 5290 ratio
1958 5238 2282 5304 postulabat.

722 5326 796 5377 Ac
857 5325 959 5377 uisi
1024 5325 1311 5379 lectionem
1361 5327 1558 5381 laboris
1589 5339 1734 5382 metu
1789 5328 2040 5398 refugias,
2079 5329 2281 5389 erit,ni

724 5415 893 5476 fallor,
936 5431 1114 5484 operte
1145 5418 1400 5486 pretium.
1433 5420 1585 5484 Quod
1615 5429 1795 5472 autem
1827 5435 1924 5488 pax
1962 5419 2163 5486 optima
2213 5419 2281 5472 sit

721 5508 994 5560 comnmni
1024 5523 1322 5572 consensu;
1362 5525 1483 5563 amo
1512 5513 1654 5564 enim
1687 5512 1826 5564 illam
1892 5511 2102 5565 tametsi
2154 5526 2280 5580 pec-

724 5606 874 5652 cator
898 5614 1043 5664 sum;
1078 5611 1130 5654 et
1153 5601 1292 5669 quod
1319 5601 1370 5654 in
1406 5617 1521 5655 eam
1552 5603 1875 5656 flectendum
1913 5603 2017 5666 sit,
2053 5602 2282 5658 fecimus

722 5689 773 5743 id
829 5689 928 5759 ipsi
963 5701 1230 5759 quatenus
1263 5692 1478 5759 licebat,
1534 5709 1778 5764 magnam
1839 5694 2018 5747 oneris
2075 5703 2279 5762 partem

723 5783 1080 5844 excutieutcs,
1158 5785 1311 5852 juxta
1377 5785 1618 5838 divinum
1704 5784 2017 5855 Cyrillum:
2084 5785 2278 5855 partim

2385 4782 2700 4850 προτάσεως
2731 4779 2952 4848 ἀφορμὴ
3000 4780 3067 4847 ἣν
3104 4776 3223 4846 μεθ’
3253 4777 3456 4846 ἐτέρων
3513 4777 3954 4847 ὐποδληθέντων,

2380 4873 2447 4924 δι’
2483 4874 2841 4942 ὑπομνήσεως
2869 4871 2960 4924 τοῦ
2992 4872 3206 4941 Πατρός
3232 4871 3412 4940 ὴμῶν,
3450 4873 3507 4924 ἐν
3538 4873 3661 4934 ταῖς
3707 4889 3956 4942 προγραο

2383 4965 2596 5030 φείσαις
2625 4964 2880 5030 τετράσιν
2907 4960 3207 5015 ἀπέστειλα
3236 4965 3302 5032 τῇ
3338 4961 3587 5033 ἁγιότητι
3617 4979 3711 5015 σου
3738 4979 3753 4993 ⁸
3791 4964 3956 5033 μηδὲν

2381 5056 2438 5120 ἐξ
2470 5055 2662 5107 ἑαυτοῦ
2694 5058 2748 5106 ἐν
2777 5055 2882 5122 ὅλῳ
2915 5054 2992 5123 τῷ
3024 5055 3361 5123 συντάγματι
3408 5055 3666 5124 φρόνημα
3699 5056 3948 5108 εῖσκεκο-

2391 5144 2588 5213 μικώς·
2626 5145 2705 5196 ὅτι
2733 5146 2866 5213 μηδὲ
2901 5145 3055 5214 θέμις
3087 5145 3181 5198 τοῦ
3209 5148 3372 5215 νόμου
3400 5146 3798 5217 νομιμώτερον,
3825 5148 3953 5217 μηδὲ

2387 5234 2480 5286 τοῦ
2513 5237 2734 5297 κανόνος
2768 5237 3054 5305 εὐθύτερον
3084 5237 3327 5303 γίνεσθαι
3356 5253 3369 5266 ⁸
3400 5239 3432 5306 ἢ
3462 5238 3622 5304 μόνον
3642 5239 3704 5290 τὸ
3739 5241 3951 5309 ὑφεῖναι

2390 5327 2482 5380 καὶ
2543 5328 2773 5396 συνάψαι
2809 5331 2875 5379 τὰ
2910 5330 3015 5380 τῶν
3056 5327 3212 5381 θείων
3251 5328 3528 5400 Ματέρων,
3555 5331 3658 5384 κᾶν
3698 5333 3945 5402 ἀμαθῶς,

2385 5419 2697 5487 διδάγματὰ
2733 5437 2790 5471 τε
2841 5421 2932 5472 καὶ
2980 5422 3442 5490 παραγγέλματα,
3472 5426 3550 5486 εἰς
3583 5422 3718 5494 ὅπερ
3748 5429 3782 5492 ἡ
3818 5428 3948 5497 πρό-

2385 5527 2534 5573 τασις
2572 5512 2793 5564 ἐκκαλεῖ
2826 5511 2922 5579 τῆς
2954 5511 3294 5576 ἀντιθέσεως.
3333 5515 3441 5567 Καὶ
3477 5518 3523 5568 εί
3564 5518 3638 5586 μὴ
3683 5519 3952 5587 παραιτή-

2391 5620 2534 5654 σοιτο
2583 5603 2669 5655 διὰ
2706 5604 2870 5655 κόπον
2909 5604 3242 5671 ἀναγνῶναι,
3280 5602 3375 5658 οἷδ’
3406 5609 3485 5660 ὅτι
3525 5608 3945 5678 λυσιτελήσειεν.

2390 5693 2511 5744 Ὀτι
2542 5692 2596 5744 δὲ
2652 5694 2682 5762 ἡ
2732 5694 2923 5764 είρήνη
2973 5693 3109 5764 καλὴ
3162 5695 3645 5765 ὁμολογουμένως·
3681 5698 3820 5765 ιριλῶ
3846 5701 3948 5767 γάρ

2390 5783 2577 5853 αὐτὴν,
2611 5782 2712 5836 κᾶν
2771 5782 3087 5857 ἁμαρτωλός
3138 5785 3288 5853 εἰμι·
3323 5787 3414 5838 καὶ
3470 5787 3553 5840 δτι
3601 5788 3736 5856 πρὸς
3782 5789 3946 5858 αὐτὴν
