4158 6472
709 410 727 472 l
740 409 843 473 067

1889 414 1948 473 S.
1987 411 2378 472 THEODORI
2413 410 2758 472 STUDITAZ

3829 410 3965 476 1063

706 519 1113 590 partieipamus.
1173 515 1470 588 Propterea
1534 528 1714 573 autem
1764 520 1833 573 ab
1897 519 2139 589 Joseplio
2182 536 2291 573 non

2406 520 2489 571 καὶ
2521 519 2571 572 οί
2607 520 2786 587 τούτῳ
2813 517 3365 591 συλλειτουργοῦντις
3402 521 3701 592 καθημένῳ
3759 523 3898 576 δντι.
3929 525 3986 577 ει

710 612 1121 683 partieipamus,
1163 608 1308 677 quod
1342 610 1561 679 publice
1603 610 1769 664 luerit
1810 618 2052 663 notatus.
2112 604 2293 663 Notati

708 719 837 775 ergo
867 710 921 758 et
960 702 1037 757 illi
1074 716 1302 772 prorsus
1327 702 1419 771 qui
1480 718 1603 757 cum
1662 716 1730 756 eo
1783 702 2130 766 ministrant;
2172 715 2295 755 cum

706 794 989 865 depositus
1022 794 1209 848 fuerit.
1249 791 1405 858 Quod
1450 793 1494 848 si
1544 793 1613 848 ab
1635 792 1721 847 his
1742 792 2135 863 participemus
2174 801 2296 847 tau-

704 902 867 957 quam
892 886 960 939 ab
983 884 1295 955 inculpatis,
1354 883 1665 953 inculpatus
1711 883 1817 937 erit
1891 892 1945 938 et
2000 882 2296 954 Josephus,

706 979 796 1049 qui
838 993 963 1033 cum
990 977 1070 1031 eis
1122 976 1418 1031 sacrificat.
1470 974 1741 1041 Quoniam
1776 984 1958 1030 autem
2011 976 2059 1031 is
2109 991 2298 1030 revera

709 1081 928 1126 notatus
956 1070 1080 1133 fuit,
1107 1080 1162 1125 et
1193 1071 1259 1124 ab
1312 1085 1381 1125 eo
1420 1084 1531 1123 non
1572 1067 1999 1139 partieipamus;
2053 1068 2299 1138 profecto

708 1177 810 1216 nec
846 1161 916 1216 ab
964 1161 1031 1215 iis
1075 1160 1169 1230 qui
1205 1174 1331 1214 eum
1364 1175 1430 1214 eo
1458 1159 1809 1224 ministrant;
1838 1173 1961 1212 cum
1992 1158 2111 1229 pari
2138 1158 2299 1213 modo

709 1255 879 1310 notati
910 1254 1041 1309 sint.
1077 1253 1411 1308 Confirmata
1434 1262 1520 1307 est
1545 1252 1708 1322 igitur
1740 1250 2017 1306 sententia
2044 1251 2301 1307 sanctita-

713 1347 782 1401 tis
822 1357 949 1412 tuze,
1000 1354 1164 1415 atque
1220 1344 1295 1397 ita
1348 1342 1751 1398 consentimus.
1806 1342 1885 1395 Ac
1935 1341 2142 1395 utinam
2202 1356 2298 1412 per

712 1438 917 1492 hancce
936 1437 1201 1491 sinceram
1228 1435 1317 1489 hic
1341 1433 1690 1488 concordiam
1716 1442 1982 1497 nostram,
2016 1434 2072 1487 in
2109 1433 2297 1489 futuro

714 1530 913 1586 saeculo
945 1543 1224 1599 nunquam
1274 1526 1619 1590 divellamur,
1655 1525 1728 1579 mi
1754 1526 1922 1580 frater
1954 1525 2293 1590 eharissime,

712 1636 771 1681 ut
819 1625 965 1698 digiti
987 1626 1159 1679 simus
1184 1632 1240 1678 et
1262 1638 1362 1678 nos
1408 1622 1645 1676 humiles
1671 1622 1891 1691 aliquod
1939 1620 2159 1675 Patrum
2195 1636 2297 1676 no-

710 1726 951 1771 strorum
980 1714 1199 1769 virtutis
1252 1711 1542 1783 vestigium
1585 1711 1912 1766 consectari.
1967 1710 2043 1765 De
2079 1710 2298 1767 civitate

2396 609 2452 662 δὲ
2502 612 2569 664 ὲκ
2605 611 2715 664 τῶν
2755 610 3017 666 τοιούτων
3048 612 3560 685 μεταλαμϐάνομεν,
3591 614 3667 679 ὡς
3712 616 3773 681 ἐξ
3831 616 3986 669 ἀδια-

2396 702 2607 773 ϐλήτων
2636 745 2650 769 ,
2681 704 3005 773 ἀδιάϐλητος
3046 705 3115 759 ἂν
3164 708 3249 777 εἴη
3300 709 3394 760 καὶ
3432 708 3461 758 6
3505 709 3704 780 Ἰωσὶγρ
3773 708 3988 761 συλλει-

2398 794 2644 863 τουργῶν
2674 794 2880 857 αὐτοῖς.
2915 796 3069 851 Ἐπεὶ
3094 797 3151 851 δὲ
3178 797 3603 868 διαϐεϐλημένος
3633 798 3708 861 ὡς
3737 799 3983 869 ἀληθῶς,

2402 887 2495 939 καὶ
2548 887 2681 957 παρ’
2711 886 2879 940 αὑτοῦ
2909 889 2971 941 ού
3004 889 3518 962 μεταλαμϐάνομιν,
3558 890 3805 961 δηλονότι
3864 892 3988 944 οὐδε

2400 980 2465 1031 ὲκ
2489 978 2600 1031 τῶν
2639 980 3172 1051 συνιερουργούντων
3190 982 3360 1051 αύτῷ,
3379 982 3641 1047 ὡσαύτως
3671 983 3848 1037 ὄντων
3870 985 3987 1037 δια-

2400 1070 2769 1140 ϐεϐλημένων.
2802 1072 3076 1143 Ἐρῤωται
3101 1074 3283 1127 τοίνυν
3303 1075 3331 1126 6
3357 1074 3517 1143 λόγος
3542 1075 3639 1145 τῆς
3671 1075 3990 1145 ἁγιωσύνης

2401 1178 2497 1215 σου
2524 1176 2537 1190 '
2574 1162 2669 1215 καὶ
2713 1162 2889 1225 οὕτως
2927 1162 3369 1234 ωμφρονοῦμεν.
3393 1165 3503 1217 Kal
3546 1165 3687 1218 ἔστω
3742 1168 3884 1235 ἡμῖν
3926 1168 3986 1218 τὸ

2398 1253 2776 1307 ἀδιάσπαστον
2797 1254 2887 1308 διὰ
2914 1256 3013 1325 τῆς
3049 1254 3285 1309 ἐνταῦθα
3314 1256 3546 1327 ἀληθοῦς
3573 1260 3907 1329 συμφωνίας
3930 1262 3989 1311 ἐν

2396 1340 2475 1413 τῷ
2542 1342 2793 1414 μέλλοντι
2840 1345 3019 1408 αἰῶνι,
3074 1345 3299 1415 φίλτατε
3345 1363 3450 1415 μου
3505 1348 3742 1417 ἀδελφὶ,
3770 1350 3851 1413 ὼς
3922 1350 3988 1403 ἀν

2401 1433 2772 1505 ἀξιωθείημεν
2808 1436 2903 1489 καὶ
2926 1437 3085 1506 ἡμεῖς
3129 1438 3179 1489 oi
3212 1439 3461 1491 ταπεινοὶ
3486 1439 3908 1515 ἀπενέγκασθαι
3934 1458 3985 1494 τι

2399 1527 2541 1596 ίχνος
2569 1525 2993 1599 κατορθώματος
3016 1531 3126 1593 τοῖς
3151 1530 3431 1599 Πατράσιν
3469 1530 3624 1601 ἡμῶν
3670 1532 3987 1585 ἀκόλουθον.

2399 1617 2536 1688 Περὶ
2580 1616 2636 1669 δὲ
2679 1620 2778 1687 τῆς
2824 1617 3035 1683 πόλεώς
3064 1635 3159 1673 σου
3206 1619 3395 1673 στύλον
3427 1621 3642 1692 ἀνῆψας
3672 1622 3984 1686 εὐσεϐείας.

2397 1710 2458 1761 ού
2492 1707 2854 1778 σϐεννύμενον
2883 1710 3038 1781 παρά
3072 1710 3361 1779 ἀνθρώπου
3389 1713 3495 1777 ἕως
3533 1714 3750 1778 αἰῶνος.
3780 1716 3894 1769 Kal
3923 1717 3981 1768 ού

710 1818 891 1862 autem
953 1818 1041 1862 tua
1087 1806 1398 1862 columnam
1457 1804 1753 1859 accendisti
1810 1804 2072 1874 pietatis,
2130 1820 2293 1874 quam

2406 1800 2690 1853 λυπεῖσθαι
2722 1802 2853 1871 χρὴ,
2915 1802 3053 1855 ἀλλά
3093 1803 3293 1873 μᾶλλον
3339 1804 3547 1874 χαίρειν
3568 1822 3583 1837 ο
3613 1803 3808 1878 ῶσπερ
3832 1808 3988 1875 κάγὼ

708 1901 1003 1953 obscurare
1055 1898 1241 1952 nullus
1291 1912 1529 1966 unquam
1580 1895 1769 1965 possit.
1811 1868 2009 1965 Neque
2036 1868 2299 1966 estquod

2406 1894 2433 1944 6
2465 1890 2633 1953 τάλας
2666 1868 2837 1960 ἐνθῶ-τῇ
2866 1868 3108 1943 διαλύσει
3150 1890 3245 1944 τοῦ
3274 1868 3531 1945 ταπεινοῦ
3561 1912 3663 1965 μου
3705 1868 3986 1967 tto-vani;-

708 2007 849 2063 zgre
886 1992 1047 2046 feras.
1103 1990 1247 2057 Quin
1293 1989 1475 2043 la-tare
1524 1988 1735 2058 potius,
1788 1988 1867 2043 uti
1922 1997 1977 2042 et
2005 2002 2104 2059 ego
2140 1990 2304 2043 miser

2409 1981 2527 2052 ρίου
2562 1998 2576 2012 ·
2607 1983 2689 2035 ὅτι
2723 1982 2812 2035 διά
2843 1983 3047 2054 Κύριον
3073 1985 3107 2055 ἠ
3166 1984 3437 2049 διάλυσις.
3471 1987 3580 2039 Kal
3611 1987 3711 2058 ούχ
3747 1989 3831 2042 ὃτι
3860 2006 3984 2042 τοσ-

710 2086 764 2138 in
830 2082 1187 2152 dissipatione
1270 2081 1493 2135 humilis
1555 2080 1872 2135 monasterii
1934 2081 2091 2145 mei;
2174 2082 2301 2151 quia

710 2182 932 2243 propter
964 2170 1253 2226 Dominum
1313 2170 1429 2224 luce
1478 2169 1787 2224 dissolutio.
1844 2168 2029 2239 Neque
2078 2170 2148 2225 ob
2183 2185 2303 2224 eam

712 2282 957 2333 causam,
982 2266 1130 2338 quod
1162 2278 1269 2321 tam
1291 2266 1444 2320 multi
1473 2265 1719 2320 steterint
1744 2279 1920 2335 genua
1947 2280 2055 2319 non
2070 2280 2303 2319 curvan-

713 2373 839 2421 tes.
901 2376 1096 2433 magna
1159 2360 1276 2414 laus
1318 2369 1400 2414 est
1443 2374 1458 2412 :
1514 2358 1610 2412 sed
1655 2357 1739 2411 vel
1788 2358 1830 2410 si
1888 2373 2049 2411 unus.
2116 2356 2304 2412 Melior

709 2453 976 2523 siquidem
1027 2467 1170 2507 unus
1214 2451 1429 2505 Domini
1479 2449 1683 2504 faciens
1726 2448 2093 2510 voluntatem,
2141 2465 2302 2519 quam

708 2545 897 2600 decem
968 2544 1135 2598 millia
1190 2541 1665 2614 prmvarieantiutn
1725 2540 1792 2593 ".
1849 2540 1959 2593 Nec
2018 2557 2148 2594 vero
2189 2541 2304 2610 ipse

710 2652 871 2691 causa
902 2652 962 2691 es
987 2636 1201 2689 illorum
1231 2632 1611 2703 dispersionis,
1644 2631 1772 2685 licet
1796 2632 1847 2684 id
1880 2634 2125 2701 garriant
2160 2648 2303 2686 non-

710 2728 866 2791 nulli,
939 2726 1034 2782 sed
1094 2740 1195 2797 ego
1250 2724 1475 2779 infelix!
1529 2722 1644 2777 Erit
1674 2732 1855 2777 autem
1891 2724 2069 2789 nobis,
2107 2724 2150 2777 si
2182 2739 2306 2793 per-

714 2821 876 2883 l'eras,
931 2811 1214 2886 utriusque
1275 2816 1355 2869 rei
1387 2813 1723 2869 communio.
1789 2811 2134 2883 Tantamque
2189 2814 2305 2883 ipse

714 2912 1021 2967 mercedem
1067 2909 1250 2980 capies
1293 2910 1347 2962 in
1404 2907 1586 2961 divina
1657 2906 1883 2960 fratrum
1928 2905 2304 2975 dispersione;

711 3014 971 3075 quantam
1034 3018 1135 3075 ego
1198 3000 1485 3055 nanciscar
1534 3000 1588 3053 in
1638 2998 1702 3053 iis
1752 2998 1844 3068 qui
1902 2998 2305 3052 Thessalonica:

715 3101 911 3172 reliqui
954 3109 1082 3155 sunt
1120 3098 1291 3169 legem
1330 3098 1569 3153 divinam
1615 3106 1920 3151 servantes.
1966 3094 2041 3151 Do
2072 3097 2305 3151 careeris

714 3202 895 3247 autem
920 3192 1027 3247 mei
1056 3192 1284 3247 custode
1313 3190 1451 3245 nihil
1479 3189 1674 3244 attinet
1700 3189 1867 3259 loqui,
1903 3204 2027 3243 cum
2064 3190 2185 3244 talis
2212 3189 2302 3254 sit,

715 3297 771 3341 et
819 3302 943 3341 cum
989 3285 1230 3356 Josepho
1260 3286 1442 3339 animo
1471 3283 1969 3353 conjunctissimus.
2016 3282 2304 3353 Nunquam

715 3392 896 3432 cesses
927 3393 1025 3447 pro
1052 3375 1365 3431 humilitate
1398 3359 1522 3429 mea
1554 3373 1713 3428 enixe
1743 3373 1949 3443 precari
1972 3414 1986 3438 ,
2034 3372 2203 3428 frater
2230 3372 2305 3428 mi

718 3486 781 3525 ac
839 3468 1000 3527 Pater
1046 3469 1260 3541 egregie
1291 3478 1345 3524 et
1382 3468 1744 3523 sanctissime.
1811 3467 1961 3523 Scito
1992 3476 2303 3523 accusatum

722 3563 888 3619 fuisse
947 3564 1333 3626 Theosostum,
1375 3561 1519 3632 quod
1568 3560 1637 3615 ab
1688 3575 1753 3615 eo
1792 3576 1899 3614 non
1934 3560 2301 3629 participaret,

716 3656 807 3726 qui
840 3656 1024 3711 sedem
1060 3663 1207 3709 tuam
1237 3654 1495 3724 sacrilege
1523 3653 1739 3716 invasit,
1780 3653 2141 3721 eumdemque
2166 3662 2304 3707 stre-

720 3762 826 3801 nue
885 3744 1215 3799 monasterio
1281 3758 1380 3797 suo
1430 3743 1645 3813 pulsum
1707 3741 1896 3798 fuisse.
1979 3742 2305 3797 Athanasius

719 3838 884 3892 frater
928 3845 1115 3891 noster
1164 3850 1379 3890 rursum
1418 3844 1609 3905 captus
1646 3843 1729 3888 est
1761 3844 1816 3889 et
1854 3833 1980 3889 illuc
2016 3834 2301 3906 relegatus.

718 3930 915 3983 tius-tos
943 3943 1115 3994 meus,
1148 3942 1272 3983 cum
1294 3926 1543 3991 exiisset,
1579 3926 1761 3981 attulit
1788 3926 1919 3981 mihi
1938 3942 1967 3980 a
1993 3928 2302 3996 patriarcha

719 4018 1148 4075 salutationem:
1210 4017 1455 4090 Ignoscet
1528 4018 1626 4072 tibi
1695 4018 1875 4083 Deus,
1934 4019 2147 4089 inquit,
2212 4020 2301 4074 hic

721 4114 921 4168 habere
956 4111 1355 4167 tc‘volebamus
1384 4110 1449 4165 ad
1486 4110 1744 4165 auxilium
1776 4121 2045 4166 nostrum.
2074 4110 2299 4175 Abiisti,

717 4215 773 4261 et
806 4206 929 4262 istic
972 4204 1300 4269 consedisti,
1342 4205 1561 4258 invideo
1605 4204 1725 4258 tibi.
1773 4204 1929 4270 Quod
1978 4219 2100 4258 cum
2148 4204 2303 4258 audi-

719 4300 943 4363 vissem,
974 4299 1091 4353 risi.
1128 4297 1313 4368 Neque
1340 4298 1484 4352 enim
1509 4312 1646 4367 opus
1674 4306 1790 4352 erat
1822 4297 2153 4368 respondere
2183 4313 2298 4362 me,

721 4391 831 4451 nisi
882 4393 983 4447 hoc
1013 4402 1258 4455 tantum;
1304 4389 1448 4459 quod
1502 4389 1544 4443 si
1576 4388 1821 4451 invidet,
1877 4399 2032 4444 exeat
2078 4399 2132 4444 et
2164 4390 2298 4461 ipse.

723 4489 999 4545 ltelaxuvit
1043 4501 1207 4557 porro
1237 4483 1561 4544 custodiam.
1618 4483 1851 4537 invitatis
1879 4483 1945 4537 ad
1986 4484 2297 4553 requietem.

722 4582 921 4637 Attulit
974 4580 1117 4634 enim
1186 4574 1319 4631 mihi
1377 4585 1431 4629 et
1458 4590 1488 4629 a
1518 4573 1773 4630 Sitneone
1803 4576 2209 4640 salutationem,
2248 4587 2300 4629 et
2334 4595 2386 4655 Ι)

720 4675 863 4746 quod
920 4672 1099 4727 dicere
1150 4667 1463 4738 imperatori
1520 4667 1669 4733 velit,
1726 4676 1777 4721 te
1817 4666 1871 4721 in
1901 4682 2121 4723 carcere
2167 4668 2307 4722 male

722 4764 944 4825 habere,
978 4770 1031 4815 et
1055 4774 1083 4813 a
1115 4756 1342 4812 Leontio
1377 4756 1639 4812 humilem
1672 4756 2072 4810 salutationem.
2111 4755 2307 4810 Passus

722 4871 865 4917 sum,
898 4854 992 4917 ait,
1047 4849 1429 4905 necessitatem
1482 4869 1492 4903 :
1554 4862 1662 4901 non
1702 4864 1787 4901 me
1827 4859 2044 4918 separet
2098 4847 2241 4902 Deus
2276 4862 2305 4901 ιι

724 4959 976 5001 sermone
1041 4952 1153 4997 tuo.
1203 4939 1270 4994 Et
1294 4954 1415 5011 ego,
1488 4939 1625 5001 hate.
1682 4938 1926 5009 inquam,
1974 4942 2041 4993 ab
2080 4940 2171 4993 illo
2197 4954 2305 4993 non

725 5038 958 5108 requiro.
996 5034 1304 5105 Cocgeruut
1334 5039 1518 5086 autem
1548 5031 1698 5085 illum
1745 5032 1825 5086 ire
1862 5030 1927 5085 ad
1962 5046 2305 5087 (neonomum

2405 2074 2551 2127 οὗτοι
2586 2073 2823 2144 ἔστησαν
2853 2076 2929 2146 μὴ
2955 2077 3470 2147 κατακαμφθέντες,
3513 2078 3657 2149 μέγα
3695 2079 3761 2133 τὸ
3804 2082 3980 2145 κλέος·

2404 2167 2520 2221 ἀλλ’
2551 2169 2598 2220 εἰ
2641 2168 2736 2222 καὶ
2763 2161 2865 2232 εἷς.
2904 2168 3191 2239 Κρείσσων
3230 2171 3338 2241 γὰρ
3370 2165 3454 2235 εἷς
3495 2171 3743 2227 ποιῶντδ
3774 2172 3987 2245 θέλημα

2405 2260 2635 2328 Κυρίου,
2671 2260 2705 2330 ἢ
2746 2260 2935 2332 μύριοι
2990 2260 3441 2332 παραϐαίνοντες.
3494 2265 3606 2319 Kal
3660 2266 3763 2319 οὐκ
3815 2268 3984 2330 αἴτιος

2405 2350 2570 2414 αὐτὸς
2605 2351 2702 2422 τῆς
2743 2351 2955 2416 λύσεως
2995 2352 3199 2421 αὐτῶν,
3229 2355 3277 2406 εί
3330 2355 3427 2409 καὶ
3464 2355 3768 2426 φλυαροῦσί
3800 2373 3981 2420 τινες·

2403 2442 2519 2495 ἀλλ’
2545 2441 2655 2510 ἐγὼ
2686 2445 2715 2496 6
2742 2442 3025 2515 δύστηνος.
3054 2446 3151 2517 Είη
3194 2446 3251 2499 δὲ
3301 2449 3437 2516 ἡμῖν
3489 2448 3743 2501 κοινωνία
3769 2487 3787 2512 ,
3825 2449 3983 2518 εἰπερ

2406 2532 2608 2605 ἀνέχῃ,
2638 2534 3101 2605 ιπ“ἀμφοτέροις.
3139 2536 3249 2588 Kal
3306 2535 3561 2591 τοσοῦτον
3614 2538 3759 2604 εξοις
3821 2540 3982 2601 αὐτὸς

2406 2624 2497 2677 τὸν
2531 2624 2723 2694 μισθὸν
2756 2626 2815 2677 ὲν
2865 2628 2931 2695 τῇ
2970 2626 3140 2695 ἑνθέῳ
3168 2625 3411 2679 διαλύσει
3434 2628 3544 2680 τῶν
3565 2628 3837 2698 ἀδελφῶν,
3862 2631 3984 2683 ὅσον

2406 2716 2517 2779 ἐγὼ
2543 2715 2762 2786 εύροιμι
2792 2716 2851 2769 ὲν
2877 2719 2946 2788 τῇ
2977 2716 3116 2770 κατά
3145 2718 3310 2787 νόμον
3338 2717 3473 2772 Θεοῦ
3532 2720 3853 2789 καταλείψει
3886 2722 3984 2791 τῆς

2406 2808 2827 2879 Θεσσαλονίκης.
2858 2810 2994 2880 Περὶ
3038 2809 3092 2862 δὲ
3141 2810 3235 2863 τοῦ
3292 2810 3589 2879 φυλακίτου
3636 2830 3739 2882 μου
3810 2815 3987 2878 οὐδεδς

2406 2898 2563 2967 λόγος
2586 2940 2601 2961 ,
2626 2900 2869 2952 τοιούτου
2907 2898 3073 2953 αὐτοῦ
3108 2899 3399 2971 ἀνθρώπου
3442 2901 3614 2968 ὄντος,
3643 2903 3739 2954 καὶ
3774 2905 3988 2973 συμφύ-

2408 3010 2505 3062 χου
2537 2992 2631 3045 τοῦ
2673 2994 2893 3063 Ἰωσήφ.
2918 2992 3007 3063 Μὴ
3064 2992 3361 3057 διαλείποις
3394 2994 3838 3066 ύπερευχόμενος
3888 2993 3986 3062 τῆς

2408 3083 2788 3147 ταπεινῶσεώς
2820 3103 2923 3154 μου
2974 3085 3256 3155 κραταιῶς
3277 3128 3293 3151 ,
3313 3086 3691 3157 ἀδελφοπάτορ
3721 3103 3825 3155 μου
3854 3085 3986 3139 καλὲ

2412 3178 2502 3231 καὶ
2557 3178 2839 3233 ὀσιώτατε.
2897 3179 3137 3232 Γίνωσκε
3183 3179 3510 3233 ὲνσταθέντα
3544 3179 3638 3232 τὸν
3672 3179 3985 3234 Θεὸσωστον

2414 3266 2507 3321 τοῦ
2543 3267 2617 3338 μὴ
2639 3270 2962 3339 κοινωνῆσαι
2984 3269 3144 3322 αὐτὸν
3173 3270 3238 3322 ἐκ
3265 3267 3361 3322 τοῦ
3392 3269 3625 3339 ἀνιέρως
3668 3269 3988 3331 ἀνελθόντος

2412 3362 2492 3425 εἰς
2544 3360 2637 3412 τὸν
2680 3360 2867 3430 θρόνον
2901 3376 3031 3412 σου·
3072 3362 3167 3415 καὶ
3216 3360 3580 3431 ὲκδιωχθέντα
3624 3362 3892 3426 νεανικῶς
3925 3364 3990 3416 ἑκ

2410 3452 2505 3505 τοῦ
2566 3450 2930 3523 μοναστηρίου
2991 3451 3177 3507 αὑτοῦ.
3208 3453 3272 3506 Ol
3337 3451 3469 3525 περὶ
3517 3452 3609 3505 τὸν
3656 3452 3980 3508 Ἀθανάσιον

2411 3543 2630 3611 ἀδελφοὶ
2688 3542 2873 3612 ἡμῶν,
2926 3540 3499 3614 ἀκμὴν”κρατοῦνται
3555 3544 3988 3614 περιωρισμένοι

2411 3637 2610 3689 ἐκεῖσε.
2656 3634 2714 3687 Ὀ
2746 3633 3049 3705 φυλακίτης
3081 3651 3185 3705 μου
3218 3632 3469 3699 ἐξελθὼν,
3504 3633 3681 3705 ἤγαγέ
3703 3652 3795 3696 μοι
3826 3653 3993 3706 προσ-

2412 3726 2637 3796 κύνησιν
2698 3728 2763 3778 ὲκ
2818 3724 2912 3778 τοῦ
2972 3726 3313 3798 πατριάρχου
3366 3725 3640 3793 λέγοντος.
3672 3726 3756 3779 ὅτι
3789 3728 3818 3779 6
3854 3727 3989 3790 Θεὸς

2414 3818 2763 3889 συγχωρήσει
2818 3833 2902 3870 σοι
2928 3832 2942 3846 ’
2974 3816 3093 3881 τοῦ,
3129 3816 3411 3888 ηὐχόμεθα
3461 3817 3607 3887 ἔχειν
3663 3832 3723 3869 σε
3750 3810 3856 3872 ὧδε
3909 3822 3989 3880 εἰς

2413 3908 2665 3979 βοήθειαν
2718 3908 2897 3977 ἡμῶν.
2940 3907 3223 3975 Ἐξῆλθες,
3284 3907 3379 3961 καὶ
3438 3906 3702 3969 ἔκάθισας
3750 3908 3984 3961 αὐτόθιο

2411 4002 2525 4065 καὶ,
2558 4002 2640 4055 ὅτι
2676 3999 2858 4069 φθονῶ
2894 4016 2975 4054 σε.
3019 4000 3129 4053 Kal
3177 3999 3415 4064 ἀκούσας
3445 4000 3703 4069 ἐγέλασα.
3770 4001 3847 4053 Οὐ
3883 4001 3990 4072 γὰρ

2408 4090 2478 4165 ἦν
2519 4094 2678 4164 χρεία
2719 4092 2857 4155 τέως
2904 4090 3279 4162 ἀποκριθῆναί
3305 4110 3371 4162 με
3396 4108 3410 4122 ·
3444 4092 3477 4163 ἢ
3515 4092 3695 4162 μόνον.
3726 4090 3852 4144 ὐτι
3897 4095 3992 4146 ἐὰν

2410 4185 2603 4257 φθονῇ,
2639 4183 2829 4253 ἐξέλθῃ
2860 4184 3134 4247 κάκεῖνος.
3186 4182 3497 4252 Ἐχαύνωσε
3537 4182 3596 4236 δὲ
3627 4182 3721 4235 καὶ
3753 4183 3854 4253 τὴν
3888 4201 3986 4252 φυ-

2410 4272 2582 4343 λακὴν
2629 4271 3072 4342 προτρεπόμενος
3098 4272 3175 4334 είς
3204 4271 3537 4325 ἀνάπαυσιν.
3577 4270 3847 4342 Ἐξήγαγε
3882 4274 3991 4345 γάρ

2413 4383 2506 4436 μοι
2534 4366 2625 4418 καὶ
2661 4366 2724 4416 ὲκ
2754 4363 2849 4417 τοῦ
2881 4362 3108 4433 Συμεὼν
3136 4362 3511 4435 προσκύνησιν
3529 4377 3543 4392 ·
3573 4364 3668 4416 καὶ
3696 4364 3779 4417 ὅτι
3805 4363 3994 4434 βούλε-

2408 4474 2500 4511 ται
2534 4454 2851 4526 λαλῆσαιτῷ
2870 4454 3195 4526 βασι).εἶ,ὄτι
3216 4457 3553 4519 κεκοπίακας
3567 4457 3623 4508 ἐν
3653 4458 3718 4527 τῇ
3745 4457 3991 4530 φυλακῇ.

2411 4552 2523 4605 Kal
2554 4552 2618 4605 ὲκ
2657 4551 2749 4604 τοῦ
2773 4551 3027 4604 Λεοντίου
3075 4550 3549 4621 τεταπεινωμένην
3592 4550 3991 4621 προσκύνησιν,

2411 4643 2700 4712 λέγοντος·
2736 4643 2817 4695 ὅτι
2860 4642 3108 4712 ἀνάγκην
3158 4641 3395 4695 έπαθονο
3431 4641 3627 4711 καὶμὴ
3658 4644 3993 4713 συγχωρήσῃ

2415 4754 2483 4807 με
2505 4738 2533 4789 6
2562 4736 2693 4799 Θεὸς
2728 4734 2818 4789 τοῦ
2851 4735 3010 4803 λόγου
3066 4752 3182 4789 σου.
3217 4735 3328 4789 Καὶ
3361 4730 3515 4788 εῐπον
3556 4734 3635 4787 ὅτι
3678 4734 3740 4787 ού
3773 4735 3996 4805 χρήζων

2410 4829 2581 4883 ταῦτα
2613 4828 2707 4881 ἀπ’
2744 4820 3294 4896 α·3τοῦ.’Ἥνάγκασαν
3318 4826 3376 4881 ϐλ
3404 4826 3569 4879 αὐτὸν
3609 4825 3876 4879 ἀπελθεῖν
3912 4827 3992 4890 είς

2411 4938 2469 4973 τε
2507 4921 2596 4973 τὸν
2622 4921 2929 4987 οἰκονόμον,
2964 4922 3058 4972 καὶ
3097 4920 3189 4973 τὸν
3222 4917 3521 4988 Ἀρσένιον,
3546 4918 3643 4971 καὶ
3677 4918 3774 4971 τὸν
3815 4916 3997 4973 Ἰωάνα

2415 5030 2535 5082 νην,
2560 5012 2784 5080 λέγοντα
2814 5027 2825 5038 ·
2853 5012 2933 5063 ὅτι
2966 5013 2993 5064 ὁ
3020 5009 3179 5081 κῦρις
3207 5010 3479 5079 Ταράσιος
3508 5006 3780 5062 ἀπέλυσεν
3809 5008 3991 5062 αὐτόν·

726 5142 778 5185 et
808 5128 1095 5185 Arsenium
1120 5135 1174 5180 et
1195 5123 1461 5179 Joannem
1489 5164 1504 5187 ,
1536 5138 1598 5178 ac
1626 5123 1829 5187 dicere,
1862 5124 2006 5193 quod
2050 5122 2309 5177 Dominus

2414 5106 2510 5157 καὶ
2541 5105 2623 5157 ὃτι
2659 5103 2783 5174 ἄρτι
2821 5102 3109 5171 ἀνέϐλεψα.
3142 5102 3250 5154 Kal
3290 5101 3677 5171 ἀπερῤἀπισαν
3711 5100 3880 5153 αὑτὸν
3919 5098 3994 5168 τῷ

727 5221 982 5276 Tarasius
1029 5218 1177 5272 illum
1237 5215 1565 5279 absolverit,
1597 5225 1653 5269 et
1686 5216 1831 5283 quod
1861 5214 2021 5269 modo
2052 5214 2305 5269 viderint.

731 5316 797 5369 At
823 5312 895 5366 illi
944 5326 1067 5365 cum
1124 5324 1313 5363 revera
1343 5306 1586 5376 colaphis
1634 5306 2005 5376 exploserunt.
2061 5304 2164 5371 Qtti
2193 5322 2310 5361 me-

731 5422 853 5459 (‘lllll
907 5414 1030 5469 ρει,
1088 5412 1359 5473 pastorem
1395 5413 1577 5453 meum
1628 5413 1725 5467 per
1771 5412 1859 5452 me
1888 5397 2087 5453 salutat
2117 5412 2311 5469 magno

733 5499 951 5552 affectu.

1162 5598 1341 5655 XLIV.
1372 5630 1437 5641 —
1460 5598 1639 5671 Sergio
1668 5600 1888 5653 consuli.

2414 5194 2549 5247 ϐντι.
2596 5195 2654 5247 '0
2708 5197 2806 5247 σὺν
2857 5194 2981 5264 ἐμοὶ
3033 5190 3432 5263 προσαγορεύει
3487 5192 3635 5261 πόοῳ
3689 5190 3874 5263 πολλῴ
3906 5190 3993 5243 τὸν

2418 5288 2652 5358 ποιμένα
2690 5306 2789 5357 μου
2825 5286 2883 5353 ἐξ
2908 5286 3061 5357 ἐμοῦ.

2703 5597 2833 5651 ΜΔ.
2873 5627 2939 5637 —
2974 5596 3193 5662 Σεργίῳ
3235 5592 3455 5656 ὑπάτῳ.
3514 5587 3716 5661 Ῐρμγκ]

1539 5692 1822 5741 Gratulatur
1844 5693 1890 5739 ei
1915 5690 2187 5753 dignitates
2207 5690 2253 5737 in
2278 5691 2387 5742 aula
2426 5707 2435 5739 :
2476 5692 2797 5751 hortaturque
2823 5693 2875 5736 ut
2910 5677 3194 5747 bene'agat.

802 5780 883 5836 Tu
916 5780 1130 5850 quidem
1158 5818 1171 5841 ,
1222 5787 1280 5832 ut
1310 5776 1467 5832 audio
1492 5818 1505 5834 .
1550 5776 1684 5831 alios
1717 5791 1781 5831 ex
1805 5776 1925 5830 aliis
1962 5776 2195 5831 honores
2226 5788 2314 5830 ca-

810 5892 850 5924 "'
890 5892 1055 5947 Eccli.
1093 5893 1282 5956 “1,3.

2490 5775 2660 5837 Αὐτὸς
2695 5774 2815 5844 μὲν,
2835 5772 2909 5833 ὡς
2945 5768 3221 5840 μανθάνω,
3247 5767 3495 5839 ἀμείϐεις
3522 5762 3697 5837 ἀρχάς
3724 5761 3785 5829 ἐξ
3815 5761 3990 5833 ἀρχῶν
