4158 6536
217 502 359 567 1069

1426 505 1953 567 EPISTULARUM
1995 506 2137 566 LIB.
2184 507 2221 565 ῐ.

3304 502 3439 566 10Ἰο

210 619 366 689 παρά
391 616 468 687 τῷ
501 617 649 672 κάτω
680 619 938 689 Καίσαρι,
971 620 1065 672 καὶ
1098 618 1247 688 παρά
1276 620 1611 689 προαίρεσιν,
1632 623 1771 691 ἠγα-

1894 620 2049 675 iessis
2081 620 2225 689 apud
2249 619 2514 674 Caesarem
2538 628 2803 682 nostrum,
2823 617 2983 687 idque
3012 630 3205 685 preter
3233 631 3438 680 votum.

212 712 429 780 πημένε
463 726 551 778 μοι
591 710 726 779 ὁμοῦ
757 712 849 763 καὶ
884 710 1198 779 τιμιώτατε.
1244 709 1381 777 Ἐγὼ
1423 712 1479 763 δὲ
1515 714 1543 764 ό
1587 728 1774 763 ταπει-

212 803 305 865 νὸς
351 803 410 854 οὐ
471 802 836 872 διαλιμπάνω,
869 800 944 870 τῷ
986 801 1099 855 ἄνω
1146 803 1239 854 καὶ
1289 802 1505 855 πάντων
1561 801 1772 872 βασιλεῖ

214 895 373 961 φίλον
401 894 597 947 οἰκεῖόν
630 910 689 946 σε
714 893 782 946 δι’
812 894 1094 957 εὐσεϐείας
1117 893 1403 963 ύπάρχειν.
1426 892 1569 945 Διότι
1591 894 1773 959 κρεῖσ-

213 1002 310 1037 σον
353 985 445 1037 καὶ
487 984 546 1037 τὺ
586 984 875 1037 πολλοστὸν
906 984 1161 1055 τετάχθαι
1210 984 1350 1037 κατά
1379 984 1440 1037 τὸ
1477 983 1776 1054 ἀκρότατον

213 1076 445 1145 ἔσχατον
474 1074 549 1144 τῷ
570 1074 832 1145 οὐρανίῳ,
868 1075 899 1145 ἦ
940 1076 1077 1129 κατά
1121 1075 1179 1127 τὸ
1213 1075 1516 1147 πρώτιστον
1555 1074 1633 1143 τῷ
1658 1075 1778 1127 ἐπι-

212 1167 371 1237 γείῳ.
411 1166 655 1219 Πιστεύω
693 1167 748 1219 δὲ
805 1167 957 1230 εἰδώς
1019 1184 1110 1221 σου
1143 1167 1201 1219 τὸ
1253 1167 1640 1237 φιλομέριμνον
1681 1168 1778 1236 τῆς

215 1259 512 1329 σωτηρίας,
546 1259 712 1328 μηδὲν
770 1258 1253 1329 παραςημιοῦσθαι
1300 1260 1378 1321 είς
1405 1258 1604 1328 ψυχὴν.
1640 1258 1777 1314 ἀλλὰ

213 1348 313 1399 καὶ
353 1346 810 1418 παρακερδαίνειν
845 1349 907 1399 ὲκ
940 1347 1033 1400 τοῦ
1064 1347 1404 1417 ἀξιώματος·
1440 1348 1607 1401 ὄντων
1652 1348 1775 1419 τρό-

215 1456 339 1492 ⁴πων
390 1440 488 1491 ούκ
527 1438 721 1506 ὀλίγων
770 1440 848 1502 εἰς
896 1438 1246 1492 λυσιτέλειαν.
1293 1439 1532 1509 Ἤρκεσε
1565 1439 1675 1508 γὰρ
1702 1436 1779 1507 τῷ

221 1530 426 1601 πτωχῷ
472 1531 725 1585 ὑποτελεῖ
767 1532 825 1584 οὐ
862 1531 1021 1601 μόνον
1066 1530 1233 1602 ἀνοχὴ
1264 1531 1446 1603 φόρων
1471 1548 1484 1562 ·
1516 1530 1653 1584 ἀλλά
1687 1530 1781 1584 καὶ

212 1622 343 1691 ὄψις
394 1622 626 1692 εὐμενὴς
669 1621 768 1675 τοῦ
822 1622 888 1675 τὰ
934 1618 1186 1692 βασιλικά
1214 1621 1471 1692 χρήματα
1511 1619 1777 1689 αἴροντος.

215 1713 317 1764 καὶ
382 1711 530 1781 φωνὴ
571 1711 704 1781 ὴπίσ
740 1750 756 1775 ,
791 1711 884 1765 καὶ
928 1711 1167 1781 φθόγγος
1204 1712 1601 1783 χαιρετιστικός
1628 1726 1642 1740 ·
1686 1709 1783 1764 καὶ

215 1801 375 1854 οῦπω
416 1791 558 1870 λέγω
605 1802 757 1855 λύσιν
794 1802 1089 1872 συνδέσμου
1129 1802 1363 1867 ἀδικίας,
1386 1802 1523 1856 ἄλλα
1568 1820 1629 1856 τε
1681 1803 1782 1856 ὃσα

216 1893 678 1947 ἐπακολουθοῦσιν
702 1894 938 1963 εὐχερῶς
962 1896 1133 1947 ποιεῖν
1169 1894 1247 1964 τῷ
1275 1894 1494 1963 ἄρχοντι
1514 1894 1590 1963 τῷ
1622 1894 1782 1965 ἀρχο-

1874 712 2068 766 dilecte
2113 713 2187 767 mi
2241 712 2445 782 pariter
2493 728 2557 766 ac
2597 711 3071 767 reverendissime.
3125 712 3235 782 Ego
3314 728 3444 767 vero

1876 798 2098 855 humilis
2127 810 2317 871 optare
2367 817 2475 855 non
2503 802 2694 855 desino
2715 843 2728 865 ,
2780 810 2833 855 te
2863 801 3095 855 amicum
3122 800 3442 855 familiarem

1879 891 2086 945 caelesti
2131 893 2373 946 omnium
2410 892 2519 963 regi
2572 908 2668 962 per
2696 892 2948 960 pietatem
2985 906 3123 945 esse.
3176 890 3444 957 Quoniam

1877 981 2071 1035 melius
2128 992 2212 1037 est
2258 983 2547 1037 millesimo
2594 991 2647 1037 et
2684 983 2925 1036 omnium
2976 990 3247 1052 postremo
3304 980 3446 1048 apud

1878 1071 2197 1137 caelestem,
2259 1087 2419 1141 quam
2478 1072 2721 1127 omnium
2775 1071 2949 1141 primo
2995 1071 3138 1142 apud
3173 1081 3447 1125 terrenum

1879 1180 2056 1235 regem
2103 1164 2223 1218 loco
2271 1164 2499 1218 censeri.
2547 1163 2691 1218 Bona
2717 1172 2896 1217 autem
2922 1177 3015 1230 spe
3046 1177 3195 1224 sum,
3229 1174 3451 1230 ρει-ερρ-

1878 1264 2025 1316 ctum
2093 1255 2300 1310 habens
2363 1255 2509 1325 quod
2566 1270 2750 1309 curam
2804 1253 2992 1308 salutis
3037 1266 3233 1324 geras,
3302 1251 3450 1305 nulla

1879 1363 1943 1402 ex
2002 1358 2157 1417 parte
2214 1348 2333 1403 Iredi
2393 1348 2629 1402 animam
2686 1356 2853 1412 tuam,
2898 1346 2993 1401 sed
3033 1346 3241 1399 lucrum
3286 1345 3450 1399 etiam

1881 1438 2059 1493 facere
2086 1454 2153 1493 ex
2184 1438 2441 1509 dignitate
2480 1457 2493 1494 :
2536 1454 2658 1494 cum
2706 1438 2813 1494 sint
2862 1452 2969 1491 non
3020 1436 3179 1507 pauci
3223 1435 3291 1491 ad
3324 1449 3451 1505 pro-

1882 1530 2171 1585 ficiendum
2223 1531 2390 1585 modi.
2439 1530 2647 1587 Sufﬁcit
2702 1530 2849 1607 enim
2879 1527 3103 1600 pauperi
3142 1526 3450 1589 tributario,

1883 1637 1993 1677 non
2059 1622 2234 1677 solum
2287 1622 2611 1677 tributorum
2682 1621 2933 1677 remissio
2979 1638 2991 1675 :
3047 1635 3234 1674 verum
3289 1618 3451 1674 etiam

1884 1712 2150 1782 benignus
2175 1720 2425 1781 aspectus
2452 1712 2594 1766 illius
2632 1711 2721 1780 qui
2750 1710 3007 1780 pecunias
3028 1709 3202 1780 regias
3230 1708 3451 1778 colligit,

1883 1810 1939 1855 et
1968 1814 2071 1854 vox
2105 1800 2244 1853 lenis
2284 1809 2339 1853 et
2367 1800 2573 1853 salvere
2597 1799 2838 1868 jnbentis
2866 1812 3072 1851 sonus:
3111 1811 3174 1851 ac
3212 1797 3451 1850 nondum

1885 1894 2008 1949 dico
2063 1891 2392 1947 solutionem
2432 1892 2630 1946 vinculi
2672 1890 2991 1959 iniquitatis,
3047 1900 3102 1944 et
3152 1889 3253 1943 alia
3308 1904 3456 1958 quae-

220 1982 393 2051 μένῳ.
428 1983 518 2050 Μὴ
542 1983 718 2035 τοίνυν
736 1961 917 2050 est?»
950 1978 1078 2052 δύνῃ
1105 1977 1162 2035 εὖ
1198 1961 1411 2047 ποιείνὲ,
1444 1961 1674 2036 σεαυτὸν.
1696 1961 1783 2037 81.5.

1894 1999 2105 2052 cunque
2153 1998 2182 2035 a
2234 1981 2477 2051 principe
2521 1996 2647 2051 erga
2674 1981 2917 2036 subditos
2974 1980 3087 2033 fieri
3130 1980 3325 2033 solent.
3377 1978 3456 2031 Ne

215 2068 320 2136 τῆς
354 2070 433 2130 είς
461 2067 679 2137 ἑτέρους
712 2069 1079 2138 χρηστότητος
1122 2068 1403 2138 ἀμελοίης,
1436 2068 1608 2137 Κύριέ
1642 2087 1741 2139 μου
1767 2085 1781 2101 ο

212 2158 337 2211 ἀλλ’
356 2159 431 2222 ὡς
458 2159 674 2222 συνετὸς
702 2159 797 2212 καλ⁵
828 2157 981 2224 εἰδὼς
1027 2159 1219 2230 μικρὸν
1253 2158 1479 2230 ὓστερον
1504 2160 1786 2225 ἐξελεύσε-

221 2250 349 2304 σθαι
377 2252 525 2320 ἡμᾶς
556 2250 709 2304 τοῦδε
735 2251 828 2303 τοῦ
854 2250 990 2321 βίου,
1022 2252 1185 2321 μηδὲν
1208 2251 1335 2306 ἄλλο
1364 2252 1718 2322 συναίροντας
1749 2250 1782 2321 ἢ

218 2342 322 2405 τάς
374 2342 602 2410 πράξεις
626 2358 640 2371 ο
665 2342 943 2405 τοιαύταις
993 2343 1087 2395 καὶ
1140 2342 1512 2413 πῳσκείμεθα
1537 2382 1553 2406 ,
1593 2342 1691 2405 τὰς
1727 2341 1784 2393 δὲ

223 2433 319 2485 καὶ
351 2432 773 2503 θησαυρίζοιμεν
801 2449 815 2463 ⁸
842 2431 1084 2501 δηλονότι
1115 2431 1214 2495 τὰς
1236 2434 1442 2501 ἑφόδιον
1470 2434 1602 2502 ἡμῖν
1639 2432 1783 2501 ζωῆς

220 2524 470 2588 αἰωνίου,
499 2524 594 2578 καὶ
639 2524 989 2586 ἀπολαύσεως
1030 2508 1357 2597 ἀπορρήτων
1406 2525 1628 2593 ἀγαθῶν
1660 2525 1787 2595 μελ-

221 2615 424 2678 λούσας
480 2614 716 2669 εσεσθαι.
750 2615 878 2680 Ναὶ,
918 2617 1217 2685 παρακαλῶ
1256 2617 1316 2669 τὸ
1366 2616 1500 2685 ἐμὸν
1539 2610 1697 2685 αἷμα,
1726 2616 1788 2669 τὸ

221 2706 360 2774 ὲμὸν
414 2706 634 2776 πόθημα
662 2748 678 2773 ,
726 2706 785 2759 τὸ
825 2706 1036 2777 ἀγαθῆς
1085 2707 1251 2769 ὅντως
1301 2707 1454 2777 ῥίζης
1503 2706 1786 2776 Βλάστημα

226 2798 428 2866 Ἀννης
464 2796 697 2867 ἐκείνης,
732 2796 827 2867 τῆς
866 2797 988 2866 ἐμοὶ
1037 2797 1340 2866 σεύασμίας
1374 2797 1467 2850 καὶ
1509 2798 1788 2867 ἐρασμιω-

222 2884 395 2953 τάτης
422 2884 505 2937 ὃτι
543 2884 796 2954 μάλιστα,
836 2886 972 2938 πᾶσι
1001 2885 1058 2938 δὲ
1089 2888 1202 2948 τοῖς
1232 2885 1526 2956 γνωρίμοις
1546 2888 1789 2939 ἐπαινου-

226 2975 399 3047 μένης
434 2976 524 3031 8ιά
547 2977 869 3048 σεμνότητα,
886 2978 983 3047 τῆς
1006 2978 1143 3048 ὲμῆς
1170 2976 1245 3040 ὠς
1265 2977 1477 3046 ἀληθῶς
1509 2978 1788 3050 μακαρίας

224 3070 439 3139 μητρὸς
457 3069 863 3140 ἀμφοτέρωθεν.

1893 2072 2057 2141 igitur
2083 2071 2135 2123 in
2162 2070 2359 2133 quibus
2383 2079 2537 2138 potes
2567 2070 2909 2133 benelacere,
2946 2068 3199 2138 teipsum.
3235 2066 3457 2119 Domine

1891 2162 1987 2225 mi,
2043 2169 2266 2231 prepter
2333 2160 2632 2214 bonitatem
2685 2159 2739 2212 in
2763 2159 2921 2221 alios,
2976 2157 3306 2229 neglexeris;
3360 2154 3457 2209 sed

1891 2260 2145 2322 tanquam
2188 2252 2428 2321 prudens
2482 2261 2539 2306 et
2562 2252 2743 2306 sciens
2779 2266 2880 2306 nos
2913 2266 2977 2306 ex
3021 2250 3121 2305 hac
3150 2250 3260 2304 vita
3300 2248 3487 2319 paulo

1892 2358 2016 2397 mox
2057 2358 2412 2406 excessuros,
2465 2341 2602 2398 nihil
2646 2342 2791 2397 aliud
2824 2342 3134 2396 auferentes
3177 2339 3459 2394 nobiscum

1890 2443 2088 2503 praeter
2114 2432 2361 2489 actiones
2389 2452 2403 2489 :
2450 2434 2505 2487 in
2535 2433 2633 2487 has
2665 2431 2888 2501 proinde
2917 2430 3289 2485 incumbamus
3315 2467 3328 2491 ,
3362 2428 3462 2482 has

1888 2534 1944 2579 et
1970 2524 2401 2579 thesaurizemus
2430 2540 2445 2577 :
2478 2522 2679 2593 quippe
2707 2537 2825 2591 quae
2855 2521 3111 2576 viaticum
3149 2518 3307 2573 nobis
3339 2516 3461 2572 vita:

1884 2626 2103 2670 mternae
2136 2626 2192 2671 et
2222 2615 2490 2671 fruitionis
2515 2616 2779 2669 bonorum
2803 2610 3242 2669 inenarrabilium
3268 2609 3462 2664 futurae

1889 2714 2035 2761 sunt.
2056 2704 2171 2769 Nae,
2201 2707 2431 2761 obsecro
2469 2715 2520 2760 te
2551 2706 2869 2775 sanguinem
2897 2719 3099 2768 meum,
3132 2698 3460 2757 desiderium

1892 2812 2073 2852 meum
2102 2837 2118 2862 ,
2168 2798 2325 2853 bonae
2353 2798 2577 2853 omnino
2613 2798 2808 2851 radicis
2841 2810 3061 2867 germen
3099 2796 3268 2849 Anna:
3296 2793 3460 2855 illius,

1892 2904 2011 2958 qua:
2040 2899 2095 2944 et
2118 2891 2248 2944 mihi
2275 2892 2584 2946 veneranda
2616 2901 2669 2945 et
2698 2890 2997 2945 adamanda
3032 2902 3193 2957 supra
3219 2886 3461 2949 modum,

1896 2982 2153 3037 omnibus
2194 2998 2322 3038 vero
2378 2985 2467 3054 qui
2532 2999 2651 3039 eam
2708 2992 2909 3037 norunt
2967 2981 3179 3035 laudata
3241 2985 3465 3049 propter

1899 3072 2273 3141 honestatem;
2308 3092 2442 3131 mea:
2466 3091 2651 3130 revera
2688 3076 2857 3131 beatae
2884 3075 3072 3129 matris
3101 3072 3374 3139 utrinque.

227 3163 361 3218 Tres
386 3162 619 3230 epistola:
653 3170 916 3231 sequentes
949 3160 1133 3215 desunt
1168 3162 1220 3216 in
1246 3161 1391 3238 libris
1424 3179 1552 3238 mss.
1585 3163 1769 3238 quibus
1790 3166 1871 3238 usi
1889 3182 2068 3220 sumus
2098 3183 2124 3238 :_
2149 3178 2350 3223 tantum
2396 3170 2760 3238 inscriptiones
2809 3178 3058 3223 notantur
3098 3167 3200 3220 isto
3257 3166 3373 3218 loco
3415 3168 3466 3216 ει

1236 3231 1416 3287 ordine
1445 3234 1497 3286 in
1526 3250 1625 3287 ms.
1666 3232 1871 3304 collegii
1897 3239 2063 3291 nostri
2097 3236 2441 3294 Parisiensis.

586 3347 719 3401 ME'.
741 3375 808 3386 —
840 3345 1185 3415 Ναυκρατίῳ
1240 3344 1448 3412 τέκνῳ.

594 3436 737 3505 MG'.
773 3468 841 3477 -
867 3440 1043 3505 Ἀννῃ
1082 3438 1408 3507 ἡγουμένῃ.

585 3533 713 3588 MZ'.
750 3562 821 3573 --
844 3532 1191 3601 Ναυκρατίῳ
1216 3532 1421 3597 τέκνῳ.

523 3672 738 3726 MH'.—
764 3673 1095 3736 ‘Aoarao'ftp
1111 3672 1318 3735 τέκνῳ.
1347 3671 1521 3743 [σιβ’.¹

2316 3351 2476 3406 XLV.
2508 3384 2573 3399 --
2604 3354 2897 3408 Nancratio
2941 3354 3069 3423 ﬁlio.

2262 3442 2443 3497 XLVI.
2474 3475 2543 3485 —
2574 3446 2738 3499 Anna:
2784 3446 3092 3515 pra-positae.

2286 3531 2493 3588 XLVII.
2528 3565 2593 3574 —
2620 3534 2914 3588 Naucratio
2941 3534 3071 3603 ﬁlio.

2294 3673 2523 3729 XLVIII.
2552 3706 2618 3715 —
2643 3677 2929 3730 Athanasio
2955 3677 3087 3745 ﬁlio.

268 3786 588 3840 Sententiam
613 3788 1012 3844 Mtechianorum,
1040 3786 1269 3837 haeresim
1294 3798 1406 3835 esse
1430 3786 1669 3847 ostendit,
1702 3792 1755 3836 et
1779 3786 2164 3837 orthodoxorum
2185 3791 2455 3840 certamina
2478 3791 2735 3841 describit.
2776 3793 2980 3855 (Baron.
3008 3806 3117 3841 mm.
3143 3792 3257 3855 809,
3281 3806 3331 3844 n.
3367 3795 3469 3856 30.)

321 3894 604 3965 Ἐνέτυχόν
640 3910 735 3946 σου
757 3894 869 3957 τοῖς
900 3893 1243 3963 γράμμασιν,
1280 3892 1474 3962 ἀδελφὲ
1507 3890 1801 3962 ἠγαπημέ-

233 4003 319 4050 νε,
383 3984 754 4056 μακροθύμως
786 4000 799 4015 ⁸
832 3986 926 4037 καὶ
961 3984 1186 4055 ἐξέστην
1242 3984 1336 4037 ἐπὶ
1379 3988 1450 4053 τῇ
1497 3983 1671 4055 ἀθρόᾳ
1706 4000 1800 4035 σου

240 4076 513 4147 μεταϐολῇ
546 4076 705 4130 λίαν.·
730 4076 951 4145 Ἀφήσω
1002 4075 1063 4127 τὸ
1110 4075 1375 4148 πρότερον
1407 4092 1419 4105 ·
1448 4077 1530 4130 ὅτι
1580 4074 1798 4143 σύνοψι-

239 4167 388 4229 σθείς
418 4183 509 4236 μοι
529 4164 904 4235 ῶμοφώνησας
934 4164 1145 4234 αἵρεσιν
1192 4161 1331 4217 εἶναι
1369 4163 1465 4233 τὴν
1492 4165 1805 4233 Μοιχειανι-

236 4258 345 4329 κῆν
368 4256 727 4328 ψευδοδοξίαν·
765 4257 986 4323 ἄγνοιαν
1011 4256 1444 4326 προϐαλλόμενος
1463 4258 1558 4309 καὶ
1589 4256 1686 4324 τὴν
1712 4257 1803 4308 ἀπ’

237 4350 418 4404 ἄλλων
454 4348 739 4417 συντυχίαν
767 4364 779 4377 °
813 4348 924 4401 ἀλλ’
955 4350 1036 4401 ὅτι
1060 4365 1122 4415 γε
1151 4348 1245 4401 καὶ
1283 4348 1420 4416 μετὰ
1460 4346 1630 4401 ταῦτα
1671 4348 1802 4400 ἁνα-

239 4440 404 4507 γνοὺς
429 4436 525 4507 τὴν
553 4436 909 4503 ῐῐεντάλογον,
941 4438 1228 4507 ἀπέφηνας
1256 4437 1425 4506 αὐτὴν
1456 4437 1805 4503 πεντάφωτον

243 4524 407 4582 εἶναι.
438 4529 550 4580 Νῦν
587 4526 667 4589 δὲ,
695 4526 768 4585 ὡς
796 4526 971 4579 ἔοικεν
997 4566 1008 4590 ,
1046 4527 1336 4589 ἀντιθέτως
1365 4528 1535 4597 αὐτὴν
1565 4528 1803 4594 ὑπολαμ-

1970 3892 2158 3965 Magna
2214 3910 2337 3949 cum
2391 3896 2651 3967 patientia
2710 3895 2813 3968 legi
2853 3897 3062 3953 litteras
3102 3907 3243 3961 tuas,
3303 3899 3473 3955 frater

1898 3986 2275 4043 charissime:
2331 3999 2388 4043 et
2452 3989 2609 4043 valde
2668 3989 2919 4060 obstupui
2991 3989 3059 4045 ad
3130 3992 3470 4061 repentinam

1902 4079 2252 4132 mutationem
2320 4089 2487 4133 tuam.
2551 4080 2703 4135 Mitto
2761 4082 2944 4151 priora
2992 4081 3103 4144 illa,
3158 4082 3304 4152 quod
3348 4098 3471 4139 cum

1906 4184 2089 4223 coram
2133 4185 2346 4224 mecum
2390 4185 2572 4232 esses,
2636 4170 2882 4226 haeresim
2923 4187 3046 4228 esse
3085 4172 3368 4229 confessus
3413 4190 3474 4233 es

1908 4261 2317 4317 Mmchianicam
2363 4261 2553 4317 falsam
2596 4262 2951 4331 opinionem;
3016 4264 3283 4319 inscitiam
3336 4282 3474 4335 pra:-

1907 4352 2095 4407 dicans
2123 4361 2177 4406 et
2225 4353 2452 4406 aliorum
2491 4353 2581 4421 qui
2613 4363 3019 4409 convenerant:
3073 4364 3259 4423 postea
3308 4357 3472 4411 etiam

1907 4455 2029 4494 cum
2061 4440 2409 4511 Pentalogum
2441 4441 2692 4511 legisses,
2723 4442 3110 4513 quintuplicem
3141 4460 3263 4498 eum
3295 4445 3473 4501 lucem

1907 4545 2027 4584 esse
2049 4530 2432 4599 pronuntiasti.
2454 4530 2612 4586 Nunc
2641 4541 2863 4595 vero,ut
2883 4541 3125 4603 apparet.
3150 4534 3473 4607 impugnan-

242 4618 427 4679 ϐἀνεις
459 4633 472 4645 ·
514 4616 641 4684 ὃλην
685 4632 775 4668 σου
824 4617 922 4685 τὴν
946 4616 1161 4685 ὁμιλίαν
1188 4618 1377 4685 ὁμοίαν
1411 4634 1491 4669 σοι
1529 4618 1627 4687 τῆς
1675 4618 1790 4685 πρὶν

1906 4622 2032 4675 dum
2085 4622 2181 4677 tibi
2248 4623 2395 4677 illum
2452 4622 2863 4678 sumisztotam
2921 4625 3220 4680 orationem
3289 4634 3471 4691 tuam,

242 4708 486 4776 ἀγνοίας,
522 4707 724 4778 μᾶλλον
768 4707 823 4759 δὲ
876 4708 967 4758 καὶ
1020 4708 1179 4759 πλέον
1206 4708 1652 4778 ἀπεχθανομένην
1689 4712 1801 4771 τοῖς

242 4800 349 4852 ὑπὸ
392 4800 491 4868 τῆς
538 4798 918 4861 ταπεινώσεως
949 4816 1046 4867 μου
1090 4796 1298 4869 ῥηθεῖσι
1326 4798 1581 4861 πνεύσας.
1618 4800 1725 4852 Καὶ
1758 4800 1804 4850 εἰ

244 4892 345 4961 μὲν
368 4889 500 4959 ἐμοῦ
534 4889 711 4957 λόγια,
749 4889 936 4959 ἐπειδὴ
968 4891 1258 4956 σκοτεινὸς,
1288 4890 1439 4942 οὐδὲν
1470 4890 1799 4960 θαυμαστόν.

253 4980 472 5048 Ἐπειδὴ
523 4981 579 5033 δὲ
617 4980 703 5033 διὰ
750 4983 931 5050 φωνῆς
982 4981 1210 5051 Κυρίου,
1260 4982 1569 5035 ἀποστόλων
1610 5000 1668 5034 τε
1711 4984 1805 5035 καὶ

242 5070 561 5142 προφητῶν,
592 5070 725 5140 πρὸς
745 5068 955 5133 τούτοις
985 5070 1041 5122 δὲ
1070 5070 1162 5123 καὶ
1192 5069 1474 5139 θεοφόροις
1531 5070 1805 5139 Πατράσιν

242 5160 699 5223 ἔναποδέδεικται,
731 5161 813 5213 ὅτι
860 5161 1073 5232 αἵρεσις
1104 5155 1461 5229 χαλεπωτάτη
1487 5178 1501 5193 ο
1559 5160 1807 5229 βλεπέτω

244 5271 339 5305 σου
358 5254 390 5321 ἡ
412 5251 646 5314 σύνεσις,
669 5252 763 5305 καὶ
787 5254 833 5303 εἰ
861 5252 1101 5305 τινοσοῦν
1117 5251 1277 5305 ἄλλου
1301 5251 1807 5321 όμογνωμονοῦντὸς

246 5362 351 5405 σοι,
386 5342 489 5394 ποῦ
539 5341 905 5411 προσκρούειν
961 5342 1201 5411 μέλλετε.
1250 5343 1321 5394 Ai
1373 5341 1480 5411 γάρ
1506 5342 1806 5410 παρ’ύμῶν

245 5435 537 5503 προτάσεις
573 5433 700 5500 περὶ
722 5431 815 5483 τοῦ
845 5432 918 5501 μὴ
951 5426 1088 5485 εἶναι
1121 5434 1351 5501 αἵρεσιν,
1382 5434 1680 5500 σύγγνωτε,
1710 5431 1810 5483 οὐκ

245 5524 310 5573 ὲκ
337 5520 521 5588 φωνῆς
549 5519 774 5589 Κυρίου,
805 5520 923 5572 οὐδὲ
947 5520 1010 5573 ἐκ
1034 5520 1295 5590 στόματος
1324 5522 1507 5588 ἁγίου·
1545 5536 1809 5589 προφητι-

246 5612 360 5673 κῶς
384 5611 439 5663 δὲ
462 5612 659 5673 εἰπεῖν,
697 5612 760 5663 ἐκ
781 5610 886 5680 γῆς
924 5611 1249 5681 φωνούντων
1279 5613 1372 5666 καὶ
1418 5614 1481 5665 ὲκ
1514 5612 1691 5680 νόμων
1714 5609 1810 5664 ἀλ-

244 5704 484 5757 λοκότων
515 5742 531 5768 ,
562 5701 799 5771 πληθύος
838 5720 897 5756 τε
944 5704 1041 5775 τῆς
1092 5705 1240 5776 φόϐῳ
1278 5704 1603 5776 ἀνθρωπίνῳ
1636 5696 1810 5756 πάντα

321 5861 367 5892 ⁸³
399 5858 498 5914 lsa.
540 5874 682 5924 xm,
717 5860 768 5913 ι.

1908 4712 2146 4786 pristinae
2197 4712 2337 4766 illius
2404 4712 2722 4783 ignorantia:
2765 4722 2872 4769 tua:
2899 4714 3151 4780 similem,
3204 4730 3268 4770 ac
3303 4716 3474 4771 multo

1906 4802 2068 4856 etiam
2140 4802 2311 4872 magis
2380 4802 2633 4858 infestam
2687 4804 3009 4861 humilitatis
3077 4820 3212 4861 mea
3271 4805 3471 4873 dictis,

1906 4890 2178 4945 efl'utiens.
2238 4889 2307 4945 Et
2364 4891 2581 4961 quidem
2624 4893 2669 4947 si
2722 4893 2884 4947 verba
2940 4909 3059 4949 mea
3096 4896 3475 4965 essent;quia

1906 4982 2171 5036 obscurus
2224 4996 2363 5046 sum,
2416 4981 2551 5035 nihil
2604 4983 2800 5037 mirum
2848 4994 3011 5038 esset.
3065 4984 3203 5039 Cum
3252 5000 3381 5041 vero
3407 5001 3477 5041 ex

1910 5070 2121 5126 Domini
2152 5087 2285 5127 voce
2309 5112 2324 5137 ,
2390 5073 2862 5142 apostolorumque
2903 5084 2959 5129 et
2995 5076 3404 5144 prophetarum,
3444 5092 3474 5131 a

1908 5162 2159 5216 Patribus
2195 5164 2356 5217 etiam
2395 5162 2506 5217 Deo
2539 5164 2711 5233 plenis
2736 5166 3164 5220 demonstratum
3196 5167 3297 5230 sit,
3362 5168 3476 5221 hi2-

1912 5251 2071 5304 resim
2113 5265 2233 5305 esse
2267 5252 2637 5321 gravissimam
2668 5270 2681 5317 ;
2738 5254 2916 5308 videat
2966 5254 3247 5321 prudentia
3278 5266 3387 5319 tua,
3414 5264 3479 5311 et

1910 5342 2156 5413 quisquis
2176 5343 2316 5399 alius
2351 5353 2434 5398 est
2456 5347 2547 5414 qui
2577 5356 2753 5401 tecum
2782 5346 3015 5408 sentiat,
3050 5363 3156 5416 quo
3197 5348 3472 5417 redigendi

1911 5432 2053 5487 sitis.
2102 5433 2436 5504 Argumenta
2479 5434 2625 5489 enim
2676 5436 2785 5501 illa,
2834 5437 3030 5505 quibus
3073 5438 3324 5493 haeresim
3366 5454 3474 5493 non

1911 5536 2034 5576 esse
2070 5522 2433 5587 contenditis,
2476 5524 2757 5590 ignoscite.
2786 5541 2892 5579 non
2929 5542 2993 5581 ex
3022 5527 3229 5582 Domini
3262 5529 3474 5591 verbis,

1914 5628 2093 5682 neque
2119 5627 2185 5667 ex
2213 5628 2306 5669 ore
2338 5624 2528 5671 sancto
2560 5617 2874 5687 deprompta
2915 5628 3041 5671 sunt
3069 5637 3083 5683 ;
3119 5620 3234 5685 sed,
3264 5628 3321 5673 ut
3353 5634 3476 5673 cum

1918 5702 2183 5772 propheta
2232 5703 2420 5774 loquar
2478 5704 2544 5768 ⁸⁸,
2603 5722 2663 5762 ex
2694 5716 2832 5761 terra
2886 5707 3255 5774 clamantium,
3308 5716 3366 5761 et
3411 5719 3478 5761 ex
