4158 6506
285 452 427 516 1073

1500 447 2035 510 EPISTOLARUM
2069 448 2212 508 LIB.
2254 447 2305 507 Ι.

3388 449 3522 514 1074

277 566 503 623 σθέντες
547 560 604 612 ἐν
652 563 729 629 τῷ
788 555 1087 625 Βυζαντίῳ·
1154 557 1248 609 καὶ
1313 560 1736 630 συντηρούμενοι
1790 562 1839 613 ἐι

1955 565 2132 612 ratore
2165 555 2520 612 denuntiata:
2552 553 2660 611 Vos
2702 555 3142 611 anathematizati
3203 558 3356 625 estis,
3399 569 3454 614 et
3492 575 3524 615 a

279 651 704 722 μοναστηρίοις;
739 649 893 704 Εῖπω
935 647 1103 702 πάλιν
1131 648 1200 701 τὰ
1232 649 1313 710 είς
1339 649 1488 719 ἡμᾶς
1517 651 1644 714 τοὺς
1673 653 1844 722 τρεῖς.

289 745 467 813 ’Υπὲρ
497 743 641 804 τίνος
667 743 748 804 είς
776 740 845 794 τὰ
886 739 1115 807 ’Δγαθοῦ
1151 739 1302 810 παρά
1330 739 1425 794 τοῦ
1462 740 1726 810 βασιλέως
1762 742 1850 796 διὰ

273 835 391 886 τῶν
421 830 744 901 Σπαθαρίων
787 829 1095 900 δηλωθέντα
1129 831 1290 900 ἡμῖν·
1327 829 1403 893 ὡς
1448 830 1605 899 ὑμεῖς
1651 831 1845 886 ἀναθε-

278 925 611 995 ματισμένοι
662 922 810 987 ἐστὲ,
844 923 937 975 καὶ
967 920 1348 992 καθῃρημένοι
1389 920 1542 991 παρά
1585 919 1684 989 τῆς
1723 937 1844 973 συν-

267 1017 432 1083 όδου;
469 1015 611 1082 ὑπὲρ
633 1013 778 1078 τίνος
805 1015 838 1085 ἡ
870 1014 953 1075 είς
976 1013 1089 1066 τδνο
1110 1013 1265 1080 ἅγιον
1313 1012 1587 1082 Μάμαντα
1625 1010 1842 1081 φυλακὴ

277 1108 690 1181 μεμονωμένων
720 1106 829 1161 τῶν
856 1105 1057 1177 τριῶν;
1087 1105 1229 1175 ὑπὲρ
1261 1104 1406 1168 τίνος
1430 1106 1464 1176 ἡ
1499 1106 1679 1159 ἐκεῖσε
1708 1122 1843 1175 παρ-

269 1200 436 1253 ουσία
479 1198 590 1252 τῶν
629 1196 809 1251 αὐτῶν
841 1196 1189 1266 Σπαθαρίων,
1242 1196 1340 1249 σὺν
1370 1194 1516 1266 τρισὶ
1543 1198 1653 1260 τοῖς
1693 1196 1842 1266 παρά

271 1288 375 1344 τοῦ
404 1288 679 1354 ἀντιδόξου
721 1287 1140 1356 ἐπιφερομένοις
1191 1285 1671 1354 ὑπαναγνωστικδν
1709 1287 1842 1339 καθ-

270 1380 558 1450 αιρέσεως,
586 1377 681 1432 καὶ
705 1375 1147 1444 ἀναθεματίσεω;
1188 1372 1343 1445 ἡμῶν
1360 1389 1373 1402 ·
1401 1373 1564 1426 πάλιν
1603 1372 1698 1426 καὶ
1723 1373 1844 1425 ἐπεὶ

275 1470 730 1542 περιεφράξαμεν
755 1468 822 1522 τὰ
849 1461 963 1520 ὦτα
987 1466 1081 1518 καὶ
1111 1465 1204 1518 τοῦ
1231 1465 1496 1530 ἀκοῦσαι;
1528 1464 1666 1534 ὑπὲρ
1701 1464 1845 1526 τίνος

271 1563 463 1632 ἡμεῖς,
492 1563 590 1630 μὲν
618 1559 886 1628 ἐξόριστοι
916 1556 1070 1618 ἄλλος
1101 1556 1355 1626 ἀλλαχοῦ,
1400 1555 1494 1608 καὶ
1529 1554 1844 1608 ἐναπόκλεμ

274 1669 430 1706 στοι·
466 1653 494 1705 ὅ
538 1669 595 1704 τε
637 1650 952 1718 οἰκονόμος,
989 1649 1084 1702 καὶ
1116 1651 1145 1702 6
1184 1649 1454 1719 ’Λρσένιος
1494 1649 1543 1700 οί
1593 1647 1843 1716 ἀδελφοίο

268 1741 516 1809 διωγμὸς
539 1739 596 1794 δὲ
624 1739 730 1792 τῶν
755 1739 932 1792 ἀλλων
965 1737 1076 1791 ἀπὸ
1105 1737 1200 1790 δύο
1227 1737 1321 1791 καὶ
1348 1737 1482 1791 δέκα
1515 1735 1707 1806 μιλίων
1748 1736 1846 1804 τῆς

274 1829 907 1892 Κωνσταντινουπόλεως
937 1843 951 1858 °
1007 1828 1083 1892 ῶς
1130 1821 1256 1892 τοὺς
1330 1827 1431 1898 μὲν
1484 1829 1544 1881 ἐν
1597 1827 1847 1898 σπηλαίῳ

1956 649 2161 721 synodo
2189 647 2596 719 depositi‘lCur
2646 649 2732 703 illa
2768 650 2836 705 ad
2884 659 3133 706 sanctum
3197 651 3522 710 Mamantem

1957 737 2221 805 custodia,
2250 738 2407 794 nobis
2459 737 2634 793 tribus
2687 737 2976 810 segregatis
3009 738 3033 792 Ἰ
3063 736 3172 793 Cur
3199 739 3389 797 eodem
3423 740 3523 796 ad-

1956 837 2224 884 venerunt
2247 827 2407 882 iidem
2434 825 2707 899 Spatltarii
2754 842 2877 881 cum
2920 827 3091 882 tribus
3119 827 3209 897 qui
3239 827 3307 882 ab
3331 827 3524 883 adver-

1956 919 2101 974 sario
2166 917 2520 988 depositionis
2591 928 2644 972 et
2693 916 3267 974 excommunicationis
3325 927 3526 974 nostra:

1957 1009 2167 1064 tabulas
2188 1009 2500 1072 allerebant,
2528 1016 2585 1063 ut
2606 1009 2800 1063 iterum
2823 1007 3157 1074 audiremus,
3183 1009 3396 1065 tametsi
3424 1023 3525 1064 au-

1955 1115 2042 1155 res
2077 1099 2496 1154 occludebamus
2515 1099 2537 1151 ?
2559 1097 2670 1154 Cur
2694 1113 2796 1153 nos
2817 1098 2906 1152 alii
2930 1099 3036 1154 alio
3061 1099 3279 1170 relegati
3302 1106 3358 1154 et
3387 1113 3525 1156 con-

1954 1189 2109 1257 clusi,
2168 1199 2281 1244 tum
2332 1204 2668 1254 mcenomns,
2701 1199 2817 1244 tum
2868 1189 3129 1247 Arsenius
3159 1189 3354 1248 fratres
3387 1208 3400 1244 :
3435 1190 3526 1248 alii

1951 1286 2016 1339 ad
2045 1285 2328 1341 duodecim
2355 1285 2423 1340 ab
2454 1285 2587 1339 urbe
2613 1283 3081 1354 Constantinopoli
3107 1283 3274 1340 millia
3305 1299 3524 1355 passum

1953 1377 2087 1447 pulsi
2117 1394 2129 1430 :
2158 1376 2294 1431 adeo
2341 1387 2398 1431 ut
2421 1377 2640 1446 quidam
2675 1375 2730 1430 in
2762 1376 3020 1446 spelunca
3055 1375 3393 1443 delitescant,
3418 1392 3528 1448 quo

1951 1468 2108 1522 nobis
2141 1468 2278 1523 clam
2334 1467 2663 1530 ministrent,
2699 1467 2833 1522 laica
2865 1475 3017 1522 veste
3042 1465 3216 1522 induti
3251 1484 3264 1522 :
3298 1465 3388 1522 alii
3415 1475 3529 1524 toto

1949 1559 2036 1613 die
2077 1559 2131 1612 in
2173 1558 2436 1629 sepulcris
2497 1559 2716 1623 lateant,
2760 1567 2834 1623 et,
2856 1558 2980 1628 quia
3027 1557 3270 1613 interdiu
3301 1574 3526 1632 compa-

1951 1667 2072 1706 rere
2093 1666 2203 1704 non
2260 1651 2483 1716 audent,
2530 1660 2695 1704 noctu
2731 1651 2872 1706 inter
2922 1666 2981 1707 se
3015 1656 3344 1711 concursent
3367 1651 3391 1705 ?
3417 1652 3528 1707 Cur

1948 1750 2213 1810 quotquot
2247 1756 2276 1794 a
2308 1740 2569 1795 militibus
2623 1740 2857 1795 inveniri
2919 1748 3234 1810 potuerunt,
3281 1741 3424 1812 capti
3469 1748 3528 1796 et

1951 1833 2005 1886 in
2051 1847 2296 1887 carceres
2330 1831 2586 1901 conjecti,
2625 1831 2822 1887 deinde
2847 1833 2915 1888 ab
2963 1833 3097 1888 urbe
3141 1832 3369 1905 projecti
3402 1831 3524 1888 fue-

272 1921 692 1992 κειτακρυσῆναι
757 1920 846 1973 διὰ
911 1921 1012 1989 τὴν
1076 1920 1214 1989 πρὸς
1273 1921 1422 1989 ἡμᾶς
1477 1918 1839 1981 λανθανόντως

1953 1923 2131 1977 runt?
2168 1924 2344 1992 Atque
2381 1933 2440 1978 ut
2465 1921 2618 1976 initia
2651 1921 2765 1993 ipsa
2817 1923 3198 1994 perstringam,
3251 1937 3350 1978 cur
3397 1919 3527 1977 Stu-

269 2013 574 2078 διακονίαν,
609 2012 1164 2083 μεταμφιασαμένους
1209 2011 1410 2082 ἐσθῆτα
1455 2011 1678 2065 λαῖκῶν.
1723 2010 1844 2063 Τῶν

270 2106 330 2157 δὲ
370 2105 498 2174 ὃλην
527 2105 744 2175 ἡμέραν
777 2104 882 2157 ὑπὸ
921 2104 1103 2158 πλάκα
1151 2102 1486 2166 ὑποδύντων,
1527 2103 1621 2156 καὶ
1658 2103 1845 2173 ἐπειδὴ

270 2197 378 2248 οὐκ
423 2191 493 2266 ἦν
543 2197 603 2248 ἐν
639 2196 824 2267 ἡμέρᾳ
871 2195 1191 2265 ἐμφανίσαι,
1246 2194 1400 2248 νυκτὶ
1452 2195 1532 2256 είς
1581 2192 1845 2264 ἀλλήλους

273 2285 738 2355 περιτρεχόντων;
793 2284 964 2356 ’Υπὲρ
1008 2284 1155 2349 τίνος
1200 2284 1249 2337 οί
1294 2284 1671 2354 εὑρισκόμενοι
1711 2299 1846 2354 κρα-

270 2374 530 2445 τούμενοι
576 2374 681 2428 ὑπὸ
725 2374 1096 2447 στρατιωτῶν,
1148 2373 1244 2428 καὶ
1298 2374 1357 2426 ἐν
1400 2373 1480 2443 τῷ
1523 2373 1845 2445 πραιτωρίῳ

271 2466 698 2533 φυλακισθέντες
718 2483 731 2497 ·
779 2461 898 2519 εἶτα
929 2465 1293 2538 ἐξορισθέντες
1319 2466 1421 2534 τῆς
1455 2463 1694 2531 πόλεως;
1735 2465 1846 2519 Καὶ

273 2556 365 2610 ῖνα
397 2556 464 2610 τὰ
503 2556 625 2608 κατ’
664 2555 844 2626 ἀρχὰς
891 2554 1070 2610 εῖπω’
1114 2554 1256 2624 ὑπὲρ
1291 2553 1436 2617 τίνος
1483 2555 1550 2608 τὰ
1593 2555 1845 2608 Στουδίου

275 2648 383 2701 ὑπὸ
431 2646 654 2716 στίφους
707 2647 1055 2716 στρατιωτῶν
1101 2646 1257 2713 ἄφνω
1301 2644 1636 2699 ἐπελθόντων
1675 2661 1843 2716 φρου-

276 2736 559 2808 ρούμεναο
607 2735 683 2800 ὡς
717 2736 854 2807 μηδέ
895 2737 1156 2790 ἀναπνεῖν
1201 2736 1382 2807 ἡμᾶς’
1416 2737 1516 2806 τήν
1563 2753 1622 2790 τε
1662 2739 1844 2790 ἐκεῖσε

271 2827 464 2897 ἄφιξιν
490 2826 585 2882 τοῦ
615 2827 851 2892 Νικαίας
894 2830 989 2881 καὶ
1032 2828 1424 2898 Χρυσοπόλεως
1445 2869 1459 2894 ,
1493 2829 1572 2890 είς
1599 2829 1658 2881 τὸ
1691 2827 1844 2893 δέξα-

273 2922 400 2975 σθαι
444 2921 592 2992 ἡμᾶς
648 2920 743 2973 τὸν
785 2919 1203 2991 μοιχοςεύκτην·
1253 2920 1329 2984 ὡς
1383 2921 1535 2990 παρὰ
1571 2920 1666 2974 τοῦ
1705 2938 1842 2993 προ-

270 3010 629 3080 ηγησαμένου
675 3010 1016 3080 πατριάρχου
1068 3011 1440 3081 ἐπιτραπέντα
1487 3011 1707 3081 ποιῆσαι
1744 3011 1844 3080 τὴν

273 3101 688 3172 μοιχοξευξίαν;
717 3101 847 3166 Καὶ,
865 3102 1038 3165 Ἐπεὶ,
1070 3103 1256 3173 φησὶν,
1283 3103 1434 3170 ἅγιος
1463 3103 1492 3156 6
1522 3102 1842 3172 ἐπιτρέψας,

268 3193 347 3255 ὡς
375 3193 404 3243 6
442 3190 830 3262 Χρυσόστομος
855 3191 1012 3258 ἀγίου
1042 3192 1192 3244 ἐστὶν
1225 3190 1540 3260 οίκονομία⁶
1574 3191 1667 3243 καλ⁹
1694 3190 1840 3255 δέξα-

271 3281 367 3336 σθε
401 3281 625 3351 ταύτην.
665 3279 839 3350 ’Υπὲρ
865 3280 1008 3344 τίνος
1040 3281 1072 3348 ἠ
1097 3283 1156 3334 ἐν
1183 3281 1339 3333 νυκτὶ
1371 3281 1530 3352 ἄρσις
1554 3280 1710 3352 ἡμῶν
1730 3279 1841 3333 τῶν

268 3373 551 3445 τεσσάρων
597 3374 660 3425 ἐκ
694 3371 803 3424 τῶν
833 3373 1011 3424 ἐκεῖσε
1047 3371 1114 3424 δι’
1144 3370 1402 3442 ἄρχοντος
1449 3370 1543 3425 καὶ
1574 3388 1841 3443 στρατιω-

269 3460 403 3524 τῶν,
434 3462 529 3514 καὶ
559 3462 862 3530 ἀπαγωγῆς
893 3459 1102 3533 [melius
1132 3461 1428 3533 ἀπαγωγὴ]
1455 3463 1590 3533 πρὸς
1618 3464 1713 3517 τὸν
1740 3465 1841 3516 Συ-

274 3549 424 3623 μεὼν
471 3551 562 3605 τὸν
604 3552 705 3605 οὐκ
752 3545 848 3606 οἷδ’
897 3552 1044 3616 ὅπως
1088 3552 1224 3606 εῐπω
1246 3567 1260 3583 ο
1314 3551 1409 3606 καὶ
1454 3552 1522 3606 τὰ
1568 3553 1637 3607 δι’
1674 3551 1839 3608 αὐτοῦ

269 3641 426 3714 παρά
449 3641 543 3696 τοῦ
574 3641 837 3713 βασιλέως
862 3642 1190 3712 δηλωθέντα,
1224 3643 1302 3706 είς
1327 3641 1389 3696 τὸ
1417 3641 1671 3709 δέξασθαι
1694 3645 1840 3715 ἡμᾶς

273 3733 742 3806 μετανενοηκότας
762 3750 776 3764 ⁸
810 3735 906 3788 καὶ
934 3735 1012 3796 είς
1041 3736 1178 3804 ὅπερ
1205 3734 1310 3798 ἕως
1333 3735 1492 3807 δεῦρο
1518 3737 1837 3807 ἐνέστημεν,

267 3824 345 3889 ὡς
365 3825 677 3895 οἰκονομίας
705 3826 1040 3895 γενομένηςς
1093 3824 1260 3895 ’Υπὲρ
1305 3824 1448 3888 τίνος
1477 3825 1639 3879 πάλιν
1674 3827 1840 3880 κατά-

267 3920 511 3974 κλειστοι
539 3923 618 3983 είς
654 3920 746 3974 τὸν
786 3920 941 3988 ἅγιον
984 3921 1239 3991 Σέργιονο
1280 3921 1375 3976 καὶ
1405 3920 1566 3976 πάλιν
1598 3922 1693 3975 τοῦ
1733 3923 1835 3974 Συ-

269 4007 418 4077 μεὼν
474 4011 652 4063 ἐκεῖσε
699 4011 850 4081 παρά
899 4009 991 4064 τοῦ
1042 4010 1306 4080 βασιλέως
1354 4013 1540 4082 ἄφιξις
1583 4015 1665 4078 είς
1706 4014 1840 4068 αὐτὸ

264 4099 449 4153 τοῦτο.
478 4102 648 4174 ’Υπὲρ
678 4104 823 4166 τίνος
850 4106 883 4176 ή
914 4105 981 4158 δι’
1009 4106 1285 4177 ἀρχόντων
1314 4108 1658 4179 παράστασις
1682 4109 1838 4179 ἡμῶν

266 4191 326 4241 ἐν
375 4191 444 4258 τῇ
496 4171 907 4262 πολυανθρώπῲ
954 4171 1175 4263 cev-66m,
1223 4171 1838 4266 συγκα’θεζομένων“καὶ

265 4278 441 4349 τριῶν
465 4278 573 4332 τῶν
603 4283 876 4350 μεγίστων
901 4281 1227 4354 ἀξιωμάτων
1249 4301 1264 4350 ;
1311 4284 1482 4355 ’Υπὲρ
1508 4285 1650 4350 τίνος
1676 4285 1786 4354 ἐγὼ
1811 4289 1838 4340 6

264 4370 523 4433 ταπεινὸς
546 4372 726 4426 ἐκεῖσε
761 4373 1250 4445 ὑϐριζόμενος,καὶ
1277 4377 1537 4431 κυκλόθεν
1565 4395 1838 4449 περιστοι-

265 4459 582 4531 χιζόμενοςς
617 4464 708 4516 καὶ
737 4465 985 4520 ἀκούων’
1023 4467 1138 4520 Οὐκ
1182 4463 1329 4532 οἶδας
1357 4468 1409 4520 τί
1447 4468 1744 4538 φλυαρεῖς,
1785 4469 1836 4521 τί

1947 2016 2164 2069 dianum
2197 2031 2226 2068 a
2265 2015 2492 2068 militum
2541 2028 2707 2068 manu
2763 2015 2943 2069 subito
2998 2015 3236 2070 immissa
3292 2028 3524 2084 occupa-

1948 2113 2080 2169 tum,
2127 2104 2196 2156 ita
2222 2112 2279 2157 ut
2300 2104 2563 2173 respirare
2607 2102 2764 2158 nobis
2791 2103 2875 2157 vix
2903 2102 3130 2159 liceret:
3163 2110 3219 2157 et
3240 2099 3432 2158 Nicaeae
3462 2111 3522 2157 et

1947 2192 2295 2264 Chrysopolis
2346 2193 2592 2264 episcopi
2621 2209 2688 2248 eo
2735 2193 3120 2260 adventarunt,
3172 2202 3231 2248 ut
3288 2192 3523 2249 adulteri

1946 2285 2314 2354 copulatorcm
2344 2285 2775 2356 susciperemus,
2797 2284 2960 2340 veluti
2989 2285 3079 2354 qui
3113 2299 3143 2338 a
3184 2285 3526 2354 praecedente

1945 2375 2249 2443 patriarcha
2277 2375 2462 2444 jussus
2483 2375 2733 2430 adulterii
2755 2374 3156 2445 copulationem
3186 2373 3525 2448 peregisset!

1946 2465 2365 2531 Et:Quouiam,
2404 2466 2661 2531 aiebant,
2720 2475 2940 2521 sanctus
3001 2471 3091 2536 qui
3146 2466 3327 2538 jussit,
3381 2465 3524 2520 sicut

1945 2555 2401 2625 Chrysostomus;
2442 2555 2615 2610 sancti
2646 2565 2730 2610 est
2757 2555 3093 2626 dispensatio
3123 2572 3138 2609 :
3172 2570 3340 2626 quare
3378 2554 3522 2610 illam

1947 2647 2192 2716 recipite.
2248 2647 2358 2702 Cur
2385 2656 2549 2702 noctu
2593 2663 2694 2702 nos
2731 2657 2966 2718 quatuor
2995 2648 3124 2703 inde
3176 2647 3371 2704 sublati
3427 2663 3525 2718 per

1946 2738 2138 2792 ducem
2199 2753 2263 2794 ac
2321 2739 2544 2801 milites.
2593 2747 2756 2809 atque
2817 2739 2885 2793 ad
2933 2739 3241 2795 Simeonem
3278 2738 3522 2807 abducti,

1945 2844 2105 2898 quem
2153 2829 2338 2884 nescio
2369 2845 2478 2899 quo
2501 2830 2720 2884 nomine
2749 2831 3039 2900 appellem,
3073 2839 3131 2887 et
3157 2843 3281 2900 qua
3323 2845 3421 2900 per
3449 2828 3520 2883 il-

1946 2919 2056 2972 lum
2103 2919 2260 2973 nobis
2319 2919 2388 2974 ab
2443 2918 2769 2988 imperatore
2818 2918 3139 2990 signiﬁcata,
3197 2927 3260 2974 ut
3313 2927 3520 2975 mutata

1913 2996 1916 2998 ⁷
1947 3009 2216 3064 sententia
2252 3010 2322 3064 ab
2350 3010 2598 3066 instituto
2651 3010 3059 3075 desisteremus,
3092 3019 3347 3080 tanquam
3379 3010 3521 3066 facta

1945 3098 2353 3168 dispensatione
2393 3117 2404 3152 :
2444 3097 2530 3152 cui
2565 3097 2638 3154 rei
2661 3099 2728 3152 ad
2751 3099 2897 3154 hunc
2923 3113 3094 3169 usque
3121 3099 3265 3155 diem
3313 3100 3520 3154 restiti-

1947 3205 2069 3245 mus
2097 3189 2119 3242 ?
2150 3189 2258 3244 Cur
2284 3189 2480 3244 iterum
2507 3188 2574 3243 ad
2603 3196 2854 3243 sanctum
2891 3189 3136 3261 Sergium
3167 3190 3362 3247 inclusi
3414 3193 3524 3247 fuiv

1895 3275 1909 3288 ’
1943 3298 2065 3338 mus
2090 3301 2103 3338 :
2126 3291 2182 3337 et
2205 3298 2395 3339 rursus
2422 3281 2646 3337 Simeon
2669 3282 2883 3349 eodem,
2909 3283 3135 3352 iubente
3164 3284 3518 3355 imperatore,

1942 3378 2217 3444 protectus
2240 3374 2482 3430 eamdem
2511 3376 2581 3431 ob
2602 3376 2856 3432 causam?
2875 3376 2984 3432 Cur
3005 3390 3102 3447 per
3124 3375 3292 3432 duces
3317 3392 3521 3447 reprae-

1943 3465 2143 3520 sentati
2179 3481 2281 3522 nos
2339 3466 2393 3520 in
2457 3468 2666 3538 synodo
2715 3482 3026 3533 numerosa,
3057 3468 3114 3523 in
3153 3483 3258 3537 qua
3310 3478 3367 3526 et
3411 3478 3522 3526 tres

1944 3558 2193 3614 maximae
2209 3558 2498 3629 dignitates
2510 3560 2898 3616 considebant?
2922 3556 3033 3614 Cur
3042 3573 3142 3632 ego
3153 3559 3371 3617 humilis
3382 3575 3517 3616 conv

1951 3651 2240 3705 tumeliose
2268 3652 2342 3706 ibi
2363 3661 2648 3715 tractatus.
2674 3661 2731 3707 et
2758 3653 2996 3724 undique
3018 3652 3366 3710 obvallatus?
3385 3654 3517 3711 illud

1941 3743 2174 3798 subinde
2197 3744 2425 3799 audiens
2454 3761 2469 3797 :
2500 3743 2690 3800 Nescis
2717 3744 2847 3815 quid
2876 3745 3118 3816 nugeris,
3148 3745 3282 3816 quid
3315 3746 3465 3803 dicas
3495 3761 3526 3816 ς,

1939 3847 2061 3889 cum
2089 3846 2190 3902 ego
2220 3833 2570 3889 inclamarem
2603 3853 2616 3889 :
2646 3833 2899 3892 Concidit
2922 3833 3252 3903 Praecursor,
3283 3835 3514 3893 solvitur

1941 3919 2309 3992 Evangelium,
2339 3939 2447 3978 non
2468 3931 2552 3977 est
2576 3923 2947 3993 dispensatio;
2980 3931 3035 3979 et
3060 3923 3136 3979 illi
3171 3924 3375 3996 saepius
3403 3925 3507 3982 ite-

1941 4020 2126 4067 rarent
2155 4031 2168 4066 ε
2205 4012 2541 4084 Dispensatio
2569 4023 2653 4068 est
2688 4030 2702 4081 ;
2734 4023 2897 4086 atque
2945 4014 3020 4070 ita
3058 4015 3236 4071 sancti
3285 4014 3513 4088 dispen-

1937 4113 2126 4159 sarunt
2152 4111 2208 4157 et
2238 4104 2550 4173 praecedens
2582 4113 2806 4160 sanctus
2831 4105 3162 4177 patriarcha.
3195 4104 3276 4161 En
3332 4113 3506 4166 testes

1938 4193 2081 4264 quod
2115 4193 2208 4246 ille
2234 4194 2466 4248 adulteri
2493 4194 2888 4262 copulationem
2938 4196 3277 4268 praeceperit.
3321 4196 3511 4267 Quan-

1939 4297 2099 4350 quam
2133 4280 2207 4334 illi
2240 4295 2348 4335 non
2374 4281 2453 4335 sic
2473 4295 2592 4335 eam
2617 4281 2960 4350 appellabant
2984 4297 3000 4346 ;
3024 4281 3156 4350 quin
3179 4280 3506 4347 fremebant,

1938 4383 1991 4426 et
2018 4372 2269 4427 dentibus
2315 4371 2633 4435 stridebant,
2676 4387 2799 4426 cum
2857 4370 3086 4426 adulteri
3138 4371 3508 4441 copulatorem

1939 4464 2208 4518 audirent.
2257 4461 2367 4517 Cur
2419 4463 2706 4517 anathema
2736 4461 2821 4525 iis,
2849 4462 2942 4530 qui
2962 4471 3271 4516 sanctorum
3295 4462 3508 4532 dispen-

265 4549 468 4613 λαλεῖς.
506 4549 744 4614 Βοῶντός
797 4569 930 4622 μου·
963 4554 1159 4607 Πίπτει
1195 4557 1224 4607 6
1270 4555 1580 4626 Πρόδρομος
1601 4571 1615 4586 ο
1648 4556 1833 4608 λύεται

1941 4555 2175 4609 sationes
2199 4570 2306 4608 non
2337 4553 2648 4618 admittunt,
2675 4553 2818 4608 clara
2845 4567 2978 4608 voce
3005 4551 3379 4608 denuntiatum
3410 4571 3422 4606 :
3449 4563 3506 4608 et

262 4641 326 4692 τὸ
359 4642 722 4709 Εὑαγγέλιονο
768 4643 868 4696 οὐκ
915 4643 1062 4698 ἐστιν
1098 4646 1413 4715 οίκονομίαο
1467 4645 1733 4700 κάκείνων
1771 4647 1831 4699 τὸ

264 4729 539 4798 ἐπιλέγειν
585 4733 739 4799 πολὺ,
797 4733 879 4787 δτι
921 4737 1232 4806 οίκονομία’
1266 4738 1360 4789 καὶ
1400 4734 1569 4800 οὕτως
1601 4739 1650 4790 ot
1690 4739 1836 4802 ἅγιοι

263 4818 645 4893 ᾠκονόμησαν,
701 4823 800 4878 καὶ
840 4825 869 4877 6
911 4826 968 4879 ἐν
1000 4826 1173 4895 ἁγίοις
1218 4828 1693 4898 προηγησάμενος.
1731 4827 1832 4880 Ἰδε

267 4911 547 4982 μάρτυρες
574 4913 655 4967 ὅτι
705 4915 970 4988 ἐπέτρεψε
999 4918 1097 4987 τὴν
1145 4917 1551 4988 μοιχοζευξίαν·
1594 4919 1696 4972 κᾶν
1733 4920 1832 4971 οὐκ

263 5002 452 5071 ελεγον
491 5004 658 5075 αὐτὴν
695 5004 868 5070 οὕτως
893 5048 908 5072 ,
959 5008 1093 5062 ἀλλὰ
1120 5011 1215 5062 καὶ
1241 5010 1301 5063 τδ
1348 5011 1525 5063 εἰπεῖν
1560 5010 1834 5081 μοιχοζεύ·

266 5111 429 5164 κτην,
463 5095 771 5168 διεπρίοντο
817 5100 945 5163 τοὺς
971 5100 1185 5164 ὀδόντας
1229 5101 1326 5171 τοῦ
1368 5103 1531 5155 οἱονεὶ
1573 5104 1831 5172 ῥοφῆσαι.

275 5186 448 5259 Ὑπὲρ
482 5187 625 5252 τίνος
653 5189 715 5243 τὸ
736 5190 985 5262 ἀνάθεμα
1016 5196 1128 5256 τοῖς
1172 5193 1249 5263 μὴ
1279 5193 1583 5264 δεχομένοις
1614 5194 1713 5257 τὰς
1749 5197 1829 5246 ol-

261 5279 524 5349 κονομίας
567 5279 678 5334 τῶν
723 5282 899 5352 ἁγίων
953 5284 1253 5355 διαδοήτως
1302 5285 1673 5355 ἀνακραχθέν’
1734 5284 1830 5338 καὶ

259 5369 373 5436 ἐγὼ
391 5370 490 5423 σὺν
517 5371 595 5442 τῷ
619 5371 792 5444 Πατρί
821 5389 923 5444 μου
943 5375 1034 5427 καὶ
1048 5372 1351 5446 Καλογήρῳ
1379 5376 1468 5428 ὑπ’
1501 5376 1827 5446 ἀρχοντικῆς

260 5461 446 5530 χειρὸς
495 5462 812 5533 ἀφορισθεὶς
864 5466 927 5518 ἐκ
967 5465 1171 5535 μέσουο
1219 5468 1246 5519 6
1293 5467 1350 5520 δὲ
1399 5465 1827 5536 ἀρχιεπίσκοπος

258 5551 700 5620 ἐναπολειφθείςο
757 5556 850 5622 καὶ
891 5556 1022 5610 διότι
1071 5556 1230 5627 μόνον
1281 5557 1694 5629 ἐλειτούργησεν
1734 5554 1824 5609 ὑπ’

259 5641 392 5712 ἐμοῦ
424 5645 791 5716 παρακληθεὶς
819 5649 897 5710 είς
916 5648 984 5702 τὰ
1010 5648 1365 5713 Στουδίου,ὼς
1390 5650 1562 5713 κοινὸς
1589 5647 1825 5718 πρεσϐύ-

258 5749 415 5802 τερος
448 5733 796 5805 καθαιρεθεὶς
827 5741 949 5791 κατ’
976 5738 1206 5804 αὐτούς
1255 5739 1357 5792 Τὸν
1382 5740 1488 5810 γὰρ
1528 5740 1620 5793 ὑπ’
1657 5737 1822 5792 αὑτοῦ

261 5822 498 5892 Χριστοῦ
533 5825 926 5896 καθαιρεθέντα
960 5828 1052 5881 καὶ
1100 5828 1206 5881 τῶν
1237 5828 1398 5882 θείων
1430 5828 1670 5883 κανόνων
1711 5845 1823 5897 μοιο

1933 4661 2032 4716 ego
2072 4662 2196 4701 cum
2242 4655 2392 4716 patre
2415 4659 2536 4699 meo
2575 4653 2630 4699 et
2669 4644 2928 4715 Calogem
2948 4642 3259 4716 aprincipis
3280 4658 3442 4698 manu
3473 4662 3504 4697 e

1935 4737 2110 4792 medio
2139 4737 2533 4792 exterminatus
2564 4753 2578 4802 ;
2624 4735 3066 4805 archiepiscopus
3085 4743 3266 4789 autem
3290 4733 3504 4805 deposi-

1935 4836 2042 4892 tus,
2073 4835 2236 4896 atque
2283 4827 2353 4882 ob
2383 4841 2503 4881 eam
2529 4825 2698 4880 solam
2753 4840 2991 4890 causam,
3017 4824 3161 4894 quod
3183 4839 3213 4878 a
3238 4840 3324 4879 me
3345 4841 3502 4900 roga-

1933 4928 2018 4974 tus
2041 4919 2095 4974 in
2127 4917 2404 4973 Studianis
2427 4918 2769 4981 celebrasset,
2800 4916 2950 4971 velut
2995 4915 3301 4970 communis
3345 4931 3500 4986 pres-

1930 5008 2106 5078 byter,
2134 5007 2372 5079 ipsorum
2404 5009 2671 5062 sententia
2695 5005 3012 5076 depositus?
3038 5005 3251 5060 Etenim
3281 5020 3312 5059 a
3343 5004 3501 5062 Chri-

1932 5111 2016 5155 sto
2043 5101 2159 5171 ipso
2184 5109 2239 5155 et
2257 5100 2454 5155 divinis
2474 5099 2776 5156 canonibus
2794 5099 3099 5169 depositum
3130 5097 3384 5154 adulterii
3409 5113 3500 5155 co.

1932 5189 2228 5259 pnlatorem
2284 5188 2656 5254 absolverunt,
2699 5187 2978 5244 innoxium
3027 5203 3122 5259 per
3169 5188 3348 5243 omnia
3381 5205 3501 5261 pro-

1929 5280 2263 5345 nuntiantes,
2288 5279 2380 5350 qui
2407 5289 2604 5334 etcum
2640 5278 2772 5349 ipsis
2806 5279 2912 5348 iam
2944 5287 3101 5335 antea
3135 5277 3493 5343 sacriﬁcabat,

1929 5370 2064 5424 Eum
2093 5384 2220 5424 vero
2250 5370 2340 5438 qui
2377 5368 2575 5440 deponi
2605 5384 2705 5439 per
2729 5383 2965 5424 canones
3009 5384 3118 5424 non
3141 5378 3374 5439 poterat,
3397 5368 3494 5424 dc-

1927 5460 2180 5530 positioni
2205 5460 2546 5524 addixerunt,
2570 5477 2727 5516 suum
2758 5461 2884 5515 illud
2927 5462 3133 5517 dictum
3165 5459 3320 5516 factis
3363 5477 3495 5516 con-

1929 5549 2223 5615 ﬁrmantes,
2251 5565 2410 5620 posse
2449 5551 2749 5622 episcopos,
2779 5560 2938 5622 prout
2970 5552 3052 5607 eis
3079 5552 3253 5606 visum
3309 5551 3491 5618 fuerit,

1929 5641 2004 5695 uti
2061 5640 2383 5696 canonibus.
2440 5640 2593 5707 Quod
2651 5642 2724 5697 illi
2744 5642 2959 5712 quidem
3003 5651 3265 5713 perpetuo
3311 5641 3383 5697 ita
3416 5641 3494 5698 t’a-

1926 5731 2114 5799 ciunt;
2142 5745 2239 5785 nec
2275 5731 2376 5786 hoc
2417 5731 2604 5786 saltem
2651 5731 2997 5786 considerare
3042 5730 3308 5796 volentes,
3340 5729 3384 5785 si
3418 5731 3491 5786 ita

1926 5837 2011 5879 res
2027 5839 2084 5879 se
2116 5823 2330 5888 habeat,
2355 5837 2513 5893 posse
2551 5823 2643 5893 qui
2679 5822 2995 5895 episcopum
3020 5823 3318 5894 deponunt,
3335 5823 3403 5878 ab
3425 5837 3492 5878 eo
