4158 6462
675 380 809 445 1075
1858 377 1918 435 S.
1963 373 2353 437 THEODORI
2390 375 2732 436 STUDITE
3792 365 3926 429 1076

666 508 826 562 quem
866 491 1442 560 deponant,ipsosmet
1463 488 1662 560 deponi
1712 501 1769 545 ut
1809 493 2096 562 impleatur
2124 510 2257 560 apo-

2379 493 2658 562 [οζεύκτην
2702 491 3000 560 ῆθώωσαν·
3047 489 3298 558 άνένοχον
3332 488 3743 558 ἀποφηνάμενοι
3784 490 3930 542 κατὰ

668 581 931 636 stolorum
963 578 1243 634 oraculum
1271 579 1339 633 δ’.

2379 586 2535 638 ιάντα
2569 584 2665 636 καὶ
2711 581 3096 651 συνιερουργὸν
3137 581 3320 644 αὐτοῖς
3353 583 3481 634 δντα
3507 583 3599 634 καὶ
3639 582 3929 650 πρότερον.

667 672 776 724 ⁹Γὸν
803 671 860 724 δέ
888 669 1251 741 άκαθαίρετον
1280 670 1346 722 ἐκ
1390 669 1648 734 κανόνων,
1686 670 2003 741 καθαιρέσει
2033 672 2369 728 δύπέϐαλον·
2437 673 2588 743 ἐργῳ
2648 675 2740 726 τὸν
2800 671 2959 739 λόγον
3007 671 3185 724 αὐτῶν
3224 668 3631 738 βεϐαιούμενοι·
3663 671 3741 732 ὡς
3776 669 3931 732 ἐξου-

673 765 794 818 σίαν
825 763 972 834 ἐχειν
1020 763 1150 823 τοὺς
1197 762 1460 833 ῖεράρχας
1486 766 1668 826 ,κατά
1713 763 1776 818 τὸ
1814 765 1998 829 αὐτοῖς
2038 765 2254 832 δοκοῦν,
2327 766 2629 836 κεχρῆσθαι
2670 768 2780 827 τοῖς
2837 764 3082 818 κανόσιν.
3149 764 3328 835 Ὅπερ
3368 761 3680 833 ἐνεργοῦσιν
3735 765 3818 824 εἰς
3873 765 3935 814 τδ

672 858 760 912 ἀεὶ
793 875 806 888 ·
837 857 956 910 ούδέ
1006 859 1184 911 ἐκεῖνο
1219 860 1450 912 συνιδεῖν
1500 859 1812 930 βουλόμενοι
1833 874 1846 889 ·
1877 861 1981 924 ὅτι,
2049 861 2096 914 ei
2133 860 2292 915 τοῦτό
2359 863 2526 924 ἐστιν,
2582 859 2840 928 ίεράρχην
2892 855 3305 927 καθαιροῦντες,
3329 852 3420 908 ὑπ’
3441 854 3607 909 αὑτοῦ
3638 848 3702 907 οῦ
3731 854 3931 906 καθαι-

675 949 831 1023 ροῦσι
879 949 1109 1003 δυνατὸν
1133 951 1330 1015 αὐτοὺς
1359 952 1600 1016 ἐκείνους
1648 952 2075 1024 καθαιρεθῆναι,
2117 953 2497 1024 πληρουμένου
2526 951 2620 1003 τοῦ
2655 950 2762 1002 τῶν
2793 948 3101 1002 ἀποστόλων
3127 949 3328 1016 λογίου.

749 1040 879 1095 Haec
909 1056 1007 1096 nos
1039 1041 1214 1104 vobis,
1246 1043 1507 1113 episcopi,
1537 1043 1603 1098 de
1644 1045 1944 1099 canonihus
1969 1046 2258 1101 constitui-

2433 1042 2618 1094 Ταῦτα
2665 1042 2758 1094 καὶ
2813 1041 2940 1110 περὶ
2984 1039 3221 1092 κανόνων
3254 1038 3589 1108 διατετάχθω
3631 1037 3762 1107 ὑμῖν
3802 1029 3933 1104 παρ’

677 1148 822 1187 mus.
857 1132 966 1187 Vos
997 1149 1126 1187 vero
1165 1134 1220 1187 in
1253 1135 1333 1189 eis
1380 1148 1792 1204 perseverantes
1838 1137 1969 1191 salvi
2001 1137 2172 1202 eritis,
2207 1147 2262 1193 et

2379 1131 2536 1199 ιμῶν,
2572 1123 2617 1182 ὦ
2667 1129 2982 1181 ἐπίσκοποι.
3021 1128 3212 1195 Ὑμεῖς
3261 1127 3317 1178 δέ
3363 1126 3686 1196 ἐμμένοντες
3725 1124 3932 1187 αὐτοῖς,

677 1237 866 1291 pacem
904 1221 1176 1277 habebitis
1200 1241 1214 1287 ;
1238 1239 1348 1278 non
1379 1224 1696 1279 obedientes
1725 1235 1906 1280 autem
1934 1225 2258 1295 puniemini,

676 1322 733 1365 et
754 1321 1081 1382 perpetuum
1117 1314 1256 1368 inter
1285 1329 1383 1368 vos
1414 1313 1613 1368 bellum
1642 1315 1863 1385 geretis,
1884 1316 2110 1385 abiecta:
2132 1315 2263 1369 obe-

679 1401 900 1456 dientiae
922 1418 1111 1472 poenas
1137 1418 1402 1474 congruas
1433 1405 1664 1459 luentes.
1714 1405 1824 1460 Cur
1855 1422 1974 1476 qua:
2006 1415 2128 1476 post
2176 1421 2263 1476 sy-

678 1493 882 1548 nodum
911 1503 1056 1564 gesta
1098 1504 1243 1559 sunt,
1269 1504 1324 1549 et
1348 1497 1591 1548 omnium
1623 1496 1850 1550 fratrum
1887 1514 1982 1566 per
2028 1498 2262 1567 impera-

680 1594 853 1639 torem
886 1585 1153 1640 discussio
1187 1602 1200 1639 :
1241 1603 1365 1640 cum
1391 1587 1617 1651 diceret,
1644 1604 1743 1642 nos
1788 1590 2006 1658 quidem
2039 1589 2260 1659 deposi-

2362 1221 2671 1290 σωθήσεσθε
2703 1222 2796 1273 καὶ
2830 1221 3051 1290 εἰρήνην
3080 1217 3258 1282 ἓξετε’
3300 1216 3652 1278 ἀπειθοῦντες
3681 1216 3739 1268 δέ
3771 1213 3935 1266 κολαο

2364 1313 2631 1383 σθήσεσθε
2651 1330 2664 1343 ·
2700 1313 2794 1365 καὶ
2841 1311 3078 1381 πόλεμον
3109 1310 3226 1380 μετ’
3264 1309 3510 1376 ἀλλήλων
3539 1309 3708 1362 ἀΐδιον
3743 1309 3898 1372 ἕξετε
3922 1322 3936 1338 ⁸

2365 1405 2520 1474 δίκην
2577 1404 2676 1471 τῆς
2735 1406 2996 1472 ἀνηκοΐας
3046 1405 3148 1472 τὴν
3205 1404 3588 1472 προσήκουσαν
3635 1401 3935 1461 τιννύντες.

2379 1496 2552 1566 ’Υπέρ
2591 1496 2734 1558 τίνος
2761 1497 2826 1547 τὰ
2863 1494 2999 1563 μετά
3025 1493 3122 1563 τὴν
3157 1493 3392 1557 σύνοδον,
3425 1493 3459 1561 ῆ
3496 1508 3553 1543 τε
3581 1492 3800 1543 πάντων
3829 1489 3939 1542 τῶν

2367 1587 2612 1656 ἀδελφῶν
2667 1587 2954 1654 ἀνάκρισις
2998 1585 3104 1637 ὑπὸ
3181 1583 3273 1636 τοῦ
3339 1583 3601 1652 βασιλέως
3661 1583 3934 1649 λέγοντος,

683 1688 786 1740 tos,
817 1679 1081 1748 synodum
1115 1694 1240 1733 vero
1268 1689 1507 1733 sanctam
1538 1695 1680 1741 esse,
1701 1691 1798 1734 eta
1818 1696 1875 1734 se
1896 1681 2261 1752 obsignatam:

2379 1680 2676 1750 ἡμᾶςομέν
2734 1677 3171 1748 καθῃρημένους,
3227 1678 3324 1743 τὴν
3369 1675 3425 1728 δὲ
3478 1674 3692 1726 σύνοδον
3746 1674 3936 1741 άγίαν,

681 1769 907 1838 perinde
955 1771 1107 1840 quasi
1153 1782 1462 1825 sanctorum
1509 1771 1842 1849 dispensatio
1872 1781 2016 1826 esset
2051 1773 2262 1826 adulte-

683 1861 800 1914 rina
829 1859 1118 1929 copulatio,
1143 1869 1197 1914 et
1222 1861 1567 1916 indemnatus
1589 1863 1678 1932 qui
1713 1863 1829 1917 haec
1855 1864 2173 1932 peregerat?
2199 1862 2264 1918 Et

685 1968 808 2006 cum
842 1968 1002 2007 nemo
1049 1953 1194 2007 illam
1242 1953 1555 2008 admitteret
1578 1965 1710 2020 ,aut
1736 1956 2071 2024 singulorum
2107 1971 2262 2009 seor-

686 2059 807 2096 sum
849 2053 942 2097 aut
995 2043 1247 2097 binorum
1307 2053 1656 2099 ternorumve
1701 2046 1878 2104 simul.
1927 2057 2041 2099 tum
2099 2046 2262 2098 etiam

689 2134 946 2204 plurium,
980 2150 1076 2203 per
1102 2136 1425 2188 monasteria
1457 2145 1511 2188 et
1540 2144 1712 2190 castra
1746 2136 1996 2200 inclusio,
2031 2135 2270 2189 nonnul-

693 2224 867 2276 lorum
919 2223 1080 2276 etiam
1133 2222 1339 2293 ﬂagella
1381 2234 1434 2277 et
1473 2225 1744 2279 cruciatus
1778 2241 1792 2289 ;
1821 2241 1945 2280 cum
1987 2225 2095 2294 jam
2153 2225 2268 2277 hzec

693 2314 894 2381 ubique
929 2321 1068 2367 terra
1100 2314 1342 2383 marique
1389 2325 1514 2369 nota
1573 2317 1683 2370 sint
1728 2317 1995 2386 vulgoque
2043 2319 2265 2384 jactata.

693 2403 864 2468 Quam
918 2402 1080 2472 igitur
1111 2403 1182 2455 ob
1216 2417 1435 2456 causam
1463 2403 1577 2458 haec
1607 2404 1786 2457 omnia
1819 2413 1876 2456 ut
1901 2403 2087 2472 paucis
2115 2418 2268 2457 com-

695 2493 901 2563 plectar
927 2492 952 2544 ΐ
982 2490 1173 2544 Nonne
1202 2492 1345 2561 quod
1369 2493 1562 2547 adduci
1591 2508 1698 2546 non
1747 2501 1993 2562 possent,
2031 2502 2089 2546 ut
2119 2492 2269 2545 dice-

700 2592 842 2644 rent,
871 2587 966 2633 aut
1013 2580 1362 2643 assentirent,
1391 2581 1848 2650 dispensationem
1878 2582 2044 2636 fuisse
2099 2581 2274 2635 Evan-

698 2672 822 2742 gelii
882 2671 1397 2741 transgressionem,
1447 2689 1605 2742 quam
1672 2674 1817 2728 velut
1873 2675 2160 2728 salutarem
2220 2681 2274 2727 et

699 2761 900 2814 sanctis
921 2776 1103 2830 parem
1158 2762 1452 2816 adversarii
1495 2763 1950 2825 vociferabantur.
1993 2765 2084 2834 qui
2122 2763 2274 2818 factis

699 2857 754 2902 et
777 2848 952 2903 verbis
977 2850 1274 2903 etiamnum
1297 2851 1350 2904 in
1374 2867 1439 2906 eo
1461 2855 1783 2916 consistunt,
1810 2853 1859 2907 id
1893 2854 2192 2923 loquentes,
2221 2854 2274 2908 id

700 2948 923 3010 agentes
953 2941 1056 2993 ista
1106 2944 1530 3010 persecutione?
1557 2943 1802 3008 Quonam
1827 2945 1989 3015 igitur
2015 2955 2171 3015 pacto
2197 2947 2278 3000 di-

701 3039 852 3093 cunt.
877 3033 1044 3100 quod,
1082 3034 1297 3088 nemine
1323 3036 1642 3092 adversante
1702 3047 1794 3092 aut
1831 3039 2077 3103 docente,
2136 3039 2278 3108 ipsos
2305 3039 2347 3096 C

701 3139 960 3177 vocemus
1016 3125 1301 3180 haereticos
1325 3127 1348 3179 ἲ
1376 3129 1695 3182 Commenta
1725 3139 1854 3184 sunt
1874 3131 1971 3183 ista
1993 3146 2112 3199 qua:
2132 3128 2279 3184 dixi-

703 3233 827 3272 mus
890 3227 944 3272 et
989 3233 1220 3286 somnia,
1248 3238 1317 3274 an
1348 3223 1516 3277 vera?
1548 3223 1614 3277 Et
1639 3224 1895 3292 quoniam
1930 3240 2053 3278 vera
2109 3233 2275 3289 sunt;

703 3310 975 3379 quomodo
1014 3326 1121 3364 non
1179 3315 1376 3383 ubique
1418 3315 1617 3370 docent
1643 3325 1697 3370 et
1751 3316 2047 3386 praedicant
2101 3317 2280 3371 verbis

704 3400 1024 3472 factisque?
1051 3402 1156 3455 Aut
1202 3405 1474 3474 quomodo
1526 3422 1642 3470 vos,
1671 3407 1774 3461 illis
1803 3424 1912 3461 non
1971 3409 2276 3472 credentes,

705 3494 1096 3564 propemodum
1142 3509 1264 3549 cum
1299 3497 1428 3566 ipsis
1460 3497 1550 3566 qui
1585 3498 1698 3552 hanc
1727 3499 1914 3553 dicunt
1943 3500 2098 3554 statis
2135 3500 2278 3570 (sed,

706 3587 808 3641 etsi
837 3588 1170 3644 tacuerimus
1210 3605 1330 3654 nos,
1358 3591 1508 3644 orbis
1538 3591 1653 3661 ipse
1677 3593 1960 3648 veritatem
2010 3593 2280 3662 testatur),

709 3678 1042 3732 horrendum
1066 3678 1263 3734 siientii
1286 3679 1548 3748 judicium
1570 3681 1622 3733 in
1642 3698 1735 3736 vos
1752 3683 1898 3751 ipsos
1913 3683 2283 3736 attrahentes?

709 3771 1076 3835 Quamobrem
1112 3785 1210 3841 ego
1272 3770 1490 3824 humilis
1551 3787 1714 3842 cogor
1776 3789 1884 3826 non
1935 3773 2114 3836 silere,
2167 3773 2280 3826 sive

711 3860 934 3930 scripto,
963 3861 1076 3915 sive
1105 3860 1221 3915 sine
1260 3862 1483 3930 scripto,
1506 3863 1680 3930 quoad
1709 3863 1848 3916 vires
1903 3863 2103 3928 ferunt,
2131 3878 2253 3917 cum

709 3949 906 4002 timore
928 3963 992 4002 ac
1015 3955 1271 4012 tremore,
1301 3965 1425 4002 cum
1458 3951 1581 4004 vitae
1633 3950 1948 4005 discrimine
1970 3969 1982 4004 :
2001 3951 2099 4005 etsi
2131 3952 2283 4021 quis-

709 4040 857 4109 piam
893 4047 1135 4093 vestrum
1191 4040 1419 4094 fortasse
1464 4057 1574 4093 non
1622 4043 1955 4109 necessario,
1998 4043 2172 4097 dicam
2227 4050 2285 4098 et

709 4144 1129 4198 supervacanee,
1159 4144 1244 4183 me
1281 4130 1396 4184 haec
1429 4130 1606 4185 facere
1644 4132 1932 4186 existimet.

785 4325 985 4382 Verum
1035 4329 1101 4382 ad
1158 4343 1271 4383 rem
1323 4331 1536 4385 tandem
1570 4333 1748 4386 veniat
1798 4332 1991 4387 oratio.
2043 4332 2154 4397 Ais,
2184 4347 2280 4386 ne-
2317 4369 2360 4424 Ι,

714 4417 859 4471 mine
884 4417 1205 4472 adversante
1236 4428 1330 4472 aut
1378 4420 1607 4474 docente
1659 4421 1916 4474 mtecliari
1963 4421 2279 4491 sacrilegos-

713 4523 821 4576 que
851 4509 1151 4573 absolvere,
1185 4525 1291 4579 quo
1312 4511 1434 4579 jure
1467 4512 1584 4565 illos
1611 4513 1943 4582 appellemus
1968 4513 2246 4566 haereticos
2261 4515 2284 4563 '!

719 4596 976 4652 Moechari
1025 4613 1174 4668 ergo,
1204 4607 1259 4652 et
1304 4601 1595 4670 sacrilegos
1637 4603 1936 4665 absolvere,
1985 4603 2148 4655 verbo
2207 4601 2281 4654 illi

718 4704 904 4743 revera
931 4704 1039 4743 non
1064 4689 1300 4746 docent:
1331 4705 1452 4744 cum
1478 4707 1578 4745 nec
1609 4703 1798 4763 gentes
1828 4709 1945 4762 qua-
1977 4693 2145 4762 legem
2174 4709 2281 4747 non

717 4779 1202 4835 habentmmchari
1231 4781 1462 4836 doceant
1494 4799 1506 4834 :
1546 4797 1720 4852 neque
1768 4799 1865 4836 nos
1917 4783 2059 4837 nude
2086 4785 2187 4838 hoc
2218 4784 2286 4839 ab

719 4871 825 4925 illis
865 4871 969 4926 dici
997 4873 1433 4943 posuimuszsed
1463 4874 1603 4944 quod
1647 4875 2002 4928 adulterinam
2060 4876 2285 4944 conjun-

720 4965 957 5018 ctionem
1013 4966 1400 5033 approbantes,
1435 4976 1488 5020 et
1517 4983 1637 5036 qua
1679 4967 1750 5020 illi
1792 4984 2001 5021 annexa
2034 4977 2184 5031 sunt,
2233 4978 2287 5022 et

720 5072 818 5126 per
851 5072 970 5111 eam
1004 5058 1137 5111 alias
1191 5058 1470 5129 Evangelii
1525 5061 1978 5131 transgressiones
2001 5076 2123 5113 cum
2151 5060 2288 5113 divi-

718 5162 913 5200 norum
951 5162 1222 5202 canonum
1249 5148 1678 5213 infractionihus,
1709 5152 1999 5205 salutarem
2023 5167 2142 5204 esse
2173 5152 2286 5205 dis-

720 5239 1090 5306 pensationem
1122 5241 1408 5310 interjecto
1455 5244 1799 5296 anathemate
1833 5245 2173 5310 sancientes;
2205 5254 2287 5297 at-

717 5344 822 5396 que
854 5330 955 5382 hoc
986 5330 1159 5398 ipsum
1189 5329 1242 5382 in
1269 5330 1384 5384 dies
1422 5347 1520 5400 per
1541 5331 1725 5386 exsilia
1753 5347 2104 5400 carceresque
2154 5350 2290 5401 quos

717 5419 827 5472 dixi
874 5419 1230 5483 vindicantes,
1267 5419 1616 5492 Evangelium
1672 5423 1932 5476 solverint
1979 5439 2042 5477 ex
2074 5433 2290 5477 sanctu-

722 5525 839 5563 runt
889 5511 1180 5574 sententia,
1222 5520 1275 5565 et
1301 5512 1496 5566 virtute
1529 5512 1986 5582 dispensationem
2035 5514 2087 5566 in
2143 5513 2286 5566 omni

721 5604 1163 5672 prxvaricatione
1188 5603 1299 5658 fleri
1328 5616 1578 5660 astruunt
1602 5625 1614 5660 :
1647 5606 1991 5660 immutabilia
2022 5607 2110 5661 Dei
2137 5601 2290 5662 man-

793 5763 836 5796 "
866 5767 994 5822 (Ian.
1020 5765 1053 5820 8
1077 5773 1245 5834 «post.
1277 5764 1430 5834 juxta
1456 5764 1684 5820 (ἰητροί.

2365 1771 2894 1841 ἐπισφραγισθεῖσαν
2937 1769 3026 1821 ὑπ’
3074 1767 3266 1821 αὐτοῦ’
3304 1768 3378 1828 ὡς
3421 1766 3733 1836 οἰκονομίας
3771 1765 3940 1834 οῦσης

2365 1867 2537 1933 ἁγίων
2599 1866 2698 1935 τῆς
2757 1862 3170 1932 μοιχοζευξίας,
3225 1861 3317 1913 καὶ
3367 1860 3788 1925 ἀκαταγνὼστου
3845 1856 3939 1910 τοῦ

2365 1957 2532 2008 ταῦτα
2563 1956 2936 2018 τετελεκότος;
2970 1953 3080 2006 Καὶ
3127 1951 3313 2020 ἐπειδὴ
3342 1943 3403 2005 οὐ
3438 1949 3863 2020 προσεδέξαντο·
3903 1950 3938 2013 ἡ

2366 2050 2482 2110 ἐνὸς
2513 2046 2822 2115 ἐκάστου,ῆ
2851 2047 2942 2098 καὶ
2973 2045 3110 2114 δμού
3141 2043 3254 2106 δύο,
3285 2046 3319 2114 ἢ
3348 2043 3538 2113 τριῶν,
3567 2041 3600 2113 ἢ
3633 2043 3727 2094 καὶ
3758 2041 3940 2094 πλειό-

2368 2160 2496 2204 νων,
2545 2143 2601 2193 ἐν
2663 2157 2720 2192 τε
2775 2140 2888 2201 τοῖς
2947 2137 3331 2207 μοναστηρίοις
3369 2135 3466 2187 καὶ
3511 2138 3624 2198 τοῖς
3677 2136 3941 2204 κάστροις

2370 2234 2717 2294 κατάκλεισις
2739 2249 2752 2262 ·
2776 2230 2938 2283 τινῶν
2963 2229 3018 2282 δέ
3050 2227 3416 2298 μαστιγώσεις
3446 2228 3540 2282 καὶ
3570 2226 3940 2295 κουσπισμοιο

2370 2321 2644 2392 πανταχοῦ
2694 2321 2796 2390 γῆς
2834 2336 2893 2372 τε
2933 2320 3025 2372 καὶ
3079 2317 3348 2387 θαλάττης
3398 2316 3942 2388 διατεθρυλλημένων

2370 2416 2608 2479 τούτων;
2652 2414 2826 2483 ’Υπὲρ
2851 2412 2993 2475 τίνος
3027 2407 3118 2464 οὖν
3148 2409 3320 2464 ταῦτα
3349 2410 3554 2475 πάντα,
3587 2411 3674 2464 ῖνα
3705 2409 3944 2464 συνελὼν

2372 2507 2544 2569 etum;
2595 2507 2705 2572 Οὐχ
2755 2504 2892 2572 ὑπὲρ
2930 2502 3020 2555 τοῦ
3071 2502 3145 2572 μῆ
3192 2503 3584 2572 καταδέχεσθαι
3631 2502 3815 2557 εἰπεῖν
3853 2506 3945 2556 καὶ

2377 2595 2814 2665 συγκαταθέσθαι
2847 2596 2946 2666 τὴν
2977 2595 3288 2666 παράϐασιν
3319 2594 3410 2648 τοῦ
3443 2594 3778 2661 Εὐαγγελῖου
3802 2597 3945 2648 οἱκο-

2374 2689 2602 2756 νομίανο
2657 2688 2726 2757 ῆν
2774 2685 2847 2748 ὡς
2905 2687 3172 2756 σωτήριον
3212 2685 3306 2737 καὶ
3357 2685 3566 2752 ῑσάγιον
3619 2685 3667 2737 οι
3713 2686 3946 2738 ἐναντίοι

2375 2779 2693 2850 ἐξεϐόησαν,
2726 2780 3061 2848 ἐμπράκτως
3096 2779 3190 2829 καὶ
3222 2774 3302 2845 τῷ
3334 2774 3479 2846 λόγῳ
3513 2776 3591 2839 εἰς
3616 2775 3707 2828 τὸν
3741 2777 3947 2845 κόσμον

2377 2874 2468 2926 καὶ
2502 2872 2700 2924 εἰσέτιο
2742 2872 2835 2922 καὶ
2862 2871 2964 2931 ἓως
3007 2867 3076 2921 ἂν
3126 2869 3458 2937 ἐπιμένωσιν
3489 2868 3660 2932 οὕτως
3693 2868 3947 2934 λέγοντες

2379 2967 2472 3020 καὶ
2512 2965 2841 3035 πράττοντες
2880 2962 2966 3014 διὰ
3001 2961 3093 3013 τὸν
3143 2961 3414 3031 διωγμόνς
3467 2961 3588 3025 Πῶς
3633 2957 3727 3013 οὖν
3760 2977 3947 3028 φασιν,

2379 3059 2459 3111 δτι
2493 3056 2716 3126 μηδενὸς
2763 3052 3158 3121 ἁνθισταμένου
3207 3054 3300 3105 καὶ
3331 3051 3671 3112 διδάσκοντος
3721 3051 3948 3105 καλέσοο

2381 3166 2479 3217 μεν
2528 3149 2724 3209 αὐτοὺς
2772 3142 3418 3216 αἱρετικούςςΦαντασία
3466 3142 3535 3194 τὰ
3584 3140 3950 3212 προλεχθέντα

2379 3241 2471 3293 καὶ
2501 3239 2719 3309 ὄνειροι,
2752 3238 2784 3308 ῆ
2826 3237 3038 3307 άληθῆ;
3077 3234 3298 3305 Ἐπειδὴ
3329 3233 3384 3287 δέ
3413 3233 3590 3304 άληθῆ
3629 3273 3644 3297 ,
3683 3233 3802 3296 πῶς
3829 3234 3950 3303 ούχὶ

2378 3331 2720 3385 διδάσκουσιν
2769 3331 3030 3384 ἑκάστοτε
3081 3328 3175 3381 καὶ
3232 3325 3596 3396 κηρύττουσιν
3651 3325 3800 3397 ἔργῳ
3857 3326 3952 3378 καὶ

2380 3423 2554 3492 λόγως
2583 3423 2615 3492 ἦ
2647 3423 2762 3485 πῶς
2793 3423 2887 3491 οὐχ
2932 3421 3088 3490 ὑμεῖς
3131 3418 3445 3488 πειθόμενοι
3490 3419 3709 3480 αὐτοῖς,
3749 3417 3951 3490 μικροῦ

2381 3515 2488 3567 δεῖν
2541 3519 2656 3586 μετ’
2704 3514 2887 3567 αὐτῶν
2935 3513 3042 3565 τῶν
3077 3511 3348 3580 λεγόντων
3382 3509 3602 3562 ῖστασθε
3651 3509 3830 3578 (ἀλλὰ
3861 3509 3954 3561 καὶ

2383 3603 2478 3656 ἐὰν
2503 3605 2664 3674 ἡμεῖς
2699 3601 3014 3669 σιωπῶμεν,
3045 3600 3111 3652 τὰ
3148 3599 3362 3669 πέρατα
3394 3598 3490 3668 βοᾷ
3523 3599 3619 3668 τὴν
3645 3597 3954 3666 ἀλήθειαν),

2384 3693 2444 3744 τὺ
2475 3691 2702 3761 φοϐερὸν
2730 3690 2829 3758 τῆς
2868 3689 3080 3758 σιωπῆς
3116 3690 3292 3757 κρῖμα
3329 3687 3414 3755 ἐφ’
3449 3685 3671 3747 ἐαυτοῦς
3701 3684 3956 3736 ἐπισπώ-

2387 3801 2535 3853 μενοι
2563 3800 2576 3846 ;
2609 3782 2687 3834 Δι’
2718 3783 2784 3852 ῆν
2815 3779 2994 3834 αῑτίαν
3026 3778 3137 3847 ἐγὼ
3168 3780 3196 3831 ό
3228 3778 3480 3838 ταπεινὸς
3527 3775 3620 3828 τοῦ
3672 3775 3748 3845 μῆ
3794 3776 3955 3845 σιγᾷν

2383 3874 2768 3942 ἀναγκάζομαι
2803 3871 3092 3942 ἐγγράφως
3129 3887 3187 3923 τε
3222 3869 3316 3922 καὶ
3345 3868 3642 3939 ἀγράφως,
3673 3868 3817 3920 κατὰ
3854 3868 3956 3936 τὴν

2383 3964 2606 4016 ἐνοῦσάν
2641 3980 2729 4032 μοι
2757 3962 2987 4030 δύναμιν
3007 4002 3022 4025 ,
3056 3961 3195 4030 μετὰ
3228 3959 3392 4028 φόϐου
3421 3959 3516 4014 καὶ
3543 3959 3747 4030 τρόμου
3769 3998 3784 4022 ,
3816 3959 3958 4029 μετὰ

2385 4053 2741 4124 παρασκευῆς
2779 4053 3011 4106 θανάτου
3034 4069 3048 4082 °
3098 4052 3200 4106 κάν
3229 4069 3312 4114 τις
3343 4050 3497 4122 ὑμῶν
3530 4053 3659 4115 ῐσως
3696 4051 3798 4104 οὐκ
3823 4054 3956 4105 ἀνα·-

2383 4147 2589 4215 γκαῖως
2610 4186 2624 4210 ,
2654 4145 2793 4198 εῐπω
2819 4145 2864 4198 δ’
2895 4147 2976 4200 ὅτι
3007 4145 3100 4199 καὶ
3144 4143 3546 4215 περιττολόγως
3571 4144 3739 4197 οῖεται
3779 4142 3956 4196 ταῦτα

2384 4240 2630 4307 ἐνεργεῖν
2667 4255 2755 4308 με.

2473 4327 2609 4378 Ἀλλ’
2642 4328 2735 4378 ἐπὶ
2762 4325 2822 4378 τὸ
2851 4324 3214 4397 προκείμενον
3241 4324 3268 4377 ό
3298 4321 3474 4388 λόγος.
3496 4321 3696 4388 Ἐφης,
3728 4319 3957 4389 μηδενὸς

2387 4420 2740 4488 ἐνισταμένου
2812 4419 2907 4469 καὶ
2976 4417 3317 4478 διδάσκοντος
3367 4413 3459 4466 τοῦ
3527 4411 3804 4483 μοιχεύειν
3864 4413 3957 4464 καὶ

2386 4510 2534 4562 λύειν
2569 4513 2694 4571 τοὺς
2726 4508 3133 4579 ἀνιέρους,πῶς
3165 4507 3402 4574 εὐλόγως
3424 4505 3728 4575 καλέσομεν
3758 4504 3956 4568 αὐτοὺς

2386 4603 2732 4671 clipeum-5;;
2765 4601 3056 4670 Μοιχεύειν
3102 4595 3195 4653 οὖν
3227 4600 3320 4653 καὶ
3355 4597 3502 4651 λύειν
3535 4599 3660 4661 τοὺς
3707 4599 3957 4668 ἁνιὲρους

2386 4694 2462 4763 τῷ
2496 4694 2657 4763 λόγῳ,
2689 4693 2906 4762 ἀληθὲς,
2939 4694 2998 4744 ού
3026 4693 3367 4746 διδάσκουσιν
3387 4709 3401 4722 ·
3432 4692 3554 4744 ἐπεὶ
3583 4690 3717 4762 μηδέ
3738 4691 3806 4743 τὰ
3828 4691 3955 4760 ἔθνη

2387 4786 2456 4838 τὰ
2503 4787 2576 4855 μὴ
2629 4787 2792 4854 νόμον
2836 4783 3025 4852 ἔχοντα
3075 4785 3352 4854 μοιχεύειν
3395 4784 3665 4838 διδάσκειο
3702 4785 3799 4839 καὶ
3837 4787 3955 4839 οὐδὲ

2388 4879 2550 4946 ἡμεῖς
2581 4877 2804 4946 γυμνῶς
2833 4878 2992 4930 τοῦτο
3017 4879 3283 4945 ἐκφωνεῖν
3314 4876 3509 4940 αὐτοὺς
3543 4876 3844 4946 ἐξεθέμεθα
3867 4895 3880 4907 ·
3921 4878 3953 4947 ἢ

2389 4969 2470 5021 ὃτι
2501 4971 2597 5037 τὴν
2632 4967 3006 5038 μοιχοζευξίαν
3039 4967 3385 5038 κυρώσαντες
3417 4969 3514 5022 καὶ
3557 4969 3625 5021 τὰ
3669 4970 3764 5022 σὺν
3795 4971 3953 5039 αὐτῇ.

2391 5061 2486 5113 καλ⁵
2526 5060 2591 5112 δι’
2623 5061 2792 5128 αὐτῆς
2822 5060 3016 5129 ἐτέρας
3067 5059 3409 5130 παραϐάσεις
3456 5059 3552 5113 τοῦ
3593 5060 3953 5128 Εὑαγγελίου,

2393 5154 2489 5205 σὺν
2531 5155 2652 5215 ταῖς
2704 5152 2812 5202 τῶν
2861 5152 3020 5204 θεῖων
3074 5150 3316 5204 κανόνων
3358 5151 3611 5214 λύσεσιν,
3644 5153 3957 5221 οἰκονομίαν

2391 5239 2531 5296 εἶναι
2565 5244 2826 5312 σωτήριον
2874 5242 2965 5293 ὑπ’
3005 5240 3341 5309 ἁναθέματι·
3389 5240 3486 5293 καὶ
3528 5239 3688 5294 τοῦτο
3720 5241 3955 5293 καθεκά-

2395 5350 2525 5402 στην
2596 5331 2938 5393 ἐκδικοῦντες
2988 5330 3074 5382 διά
3120 5330 3230 5380 τῶν
3278 5329 3687 5400 προλεχθέντων
3732 5326 3958 5396 ἐξοριιῗιν

2395 5427 2486 5477 καὶ
2544 5423 2820 5490 φυλακῶν,
2867 5422 2929 5474 τὸ
2981 5421 3310 5488 Εύαγγέλιον
3361 5419 3618 5472 λελύκασι
3662 5420 3802 5472 κατὰ
3861 5422 3959 5488 τὴν

2394 5515 2576 5584 φωνὴν
2618 5515 2726 5565 τῶν
2759 5512 2927 5579 ἁγίων
2993 5512 3086 5564 καὶ
3107 5513 3332 5581 δυνάμει
3375 5511 3466 5564 ἐπὶ
3499 5511 3678 5581 πάσης
3708 5512 3958 5580 παραϐά-

2396 5621 2531 5666 σεως
2575 5602 2889 5671 οἰκονομίαν
2931 5600 3174 5669 γίνεσθαι
3221 5599 3592 5653 ὑποτίθενταιο
3654 5599 3752 5662 τὰς
3801 5596 3964 5654 ἀναλ-
