4158 6480
241 399 391 463 1077

1469 401 2006 462 EPISTOLARUM
2042 401 2168 460 LIB
2231 401 2277 458 I.

3351 403 3489 467 1078

234 510 511 577 λοιώτους
555 511 769 575 ἐντολὰς
813 511 907 565 τοῦ
938 511 1071 564 Θεοῦ
1119 511 1531 578 ἁλλοιώσαντες,
1563 515 1658 566 καὶ
1691 530 1805 584 τρε-

1921 514 2046 568 data
2077 519 2348 568 variantes
2382 522 2436 568 et
2465 515 2740 569 mutabilia
2771 522 3094 570 statuentes.
3143 513 3209 568 Et
3243 516 3333 584 qui
3365 533 3490 587 pos-

237 604 398 668 πτάς
459 602 926 666 ἀποδεικνύοντες.
980 603 1090 656 Kal
1144 602 1262 666 πῶς
1334 603 1380 655 δ’
1430 603 1497 657 ἂν
1546 604 1646 655 οὐκ
1711 599 1819 656 εἷεν

234 692 548 746 ἀλλοιωταὶ
577 694 677 746 ικαὶ
714 692 948 762 στρεπταὶ
970 731 985 756 ,
1033 693 1145 760 εῐγε
1179 691 1649 762 παραϐαινόμεναι
1673 694 1819 745 οἱκο-

235 785 440 854 νομίαι
471 786 726 855 σωτήριοι
751 823 765 846 ,
802 786 951 853 ἔργῳ
979 785 1072 837 καὶ
1115 784 1257 854 λόγῳ
1289 783 1580 847 συνοδικῶς
1611 784 1818 852 δογμα-

234 874 530 941 τίζονται;
559 876 650 944 Μὴ
681 877 790 946 γὰρ
835 877 913 938 είς
941 875 1195 928 τοσοῦτον
1222 875 1410 944 ψεῦδος
1443 876 1815 946 προκόψωσιν,

236 963 394 1017 ὥστε
428 966 504 1035 μὴ
535 965 714 1033 λέγειν
743 965 942 1027 αὐτοὺς
972 966 1331 1034 πεποιηκέναι
1362 965 1596 1019 σύνοδον.
1641 966 1702 1019 Ei
1745 967 1819 1037 μὴ

232 1053 346 1122 τὴν
401 1053 778 1124 μοιχοζευξίαν
839 1057 1105 1124 ὀνομάσαι
1164 1057 1477 1125 οἰκονομίαν
1533 1057 1820 1128 ἰσόρροπον

236 1144 454 1210 ἁγίων·
503 1147 552 1198 εί
595 1145 671 1214 μὴ
714 1144 1262 1212 ἀναθεματίσαιτοὺς
1303 1147 1376 1217 μὴ
1421 1150 1818 1218 προσιεμένους

234 1233 443 1303 αὑτήν.
482 1233 546 1309 εί
583 1233 639 1287 δὲ
687 1234 901 1303 λέγουσι
927 1234 1002 1304 μὴ
1035 1234 1435 1306 ἀναθεματίσαι
1459 1278 1473 1302 ,
1499 1239 1640 1309 ὑπὲρ
1675 1240 1818 1301 τίνος

235 1307 573 1394 ἀνεϐόησάν,
618 1325 743 1388 Τοῖς
779 1325 854 1394 μὴ
883 1325 1192 1396 δεχομένοις
1231 1328 1331 1390 τὰς
1358 1307 1672 1399 οἰκονομίας
1708 1329 1815 1382 τῶν

237 1415 444 1482 ἁγίων,
475 1415 725 1484 ἀνάθεμα
767 1414 944 1483 ἐστως
976 1416 1145 1486 Δῆλον
1170 1417 1278 1488 γὰρ
1306 1419 1412 1484 ὅτι,
1442 1421 1816 1490 ἐνισταμένων

235 1506 412 1559 τινῶν
441 1506 516 1578 μὴ
547 1507 820 1577 δέχεσθαι.
868 1509 901 1579 η
947 1509 1283 1580 ἐκφώνησις’
1325 1511 1373 1563 εί
1409 1513 1484 1581 μὴ
1519 1512 1810 1582 μεθύομεν.

238 1598 383 1668 Περὶ
415 1598 567 1661 ποίας
603 1597 661 1650 δὲ
704 1598 1016 1663 ὑποθέσεως
1065 1601 1232 1672 ἄλλης
1259 1603 1292 1671 ἡ
1319 1602 1608 1667 ἔνστασις,
1649 1605 1682 1675 ἢ
1717 1605 1821 1674 τῆς,

239 1689 652 1760 μοιχοζευξίας;
689 1690 896 1744 Οὐκοῦν
935 1693 1190 1758 ἀσφαλῶς
1235 1694 1404 1764 αὐτῆς
1429 1695 1596 1750 ἕνεκα
1626 1699 1652 1749 ὁ
1679 1699 1810 1750 ἀνα-

236 1778 580 1850 θεματισμός
601 1797 613 1811 ο
644 1779 720 1843 ὡς
752 1779 915 1850 οῠσης
962 1782 1103 1835 κατά
1131 1783 1228 1845 τὰς
1256 1783 1363 1836 τῶν
1390 1784 1561 1851 ἁγίων
1603 1787 1807 1840 οίκονο-

1925 605 2035 658 sint
2060 604 2276 658 mobilia
2307 619 2370 658 ac
2391 605 2665 659 mutabilia
2689 621 2798 660 non
2827 621 2965 670 esse,
2994 607 3036 661 si
3061 605 3347 662 salutarem
3380 609 3494 663 dis-

1923 696 2299 764 pensationem
2365 710 2487 749 esse
2525 696 2740 764 quando
2794 697 3086 757 violantur.
3118 711 3175 750 re
3215 712 3277 751 ac
3327 699 3497 753 verbo

1922 785 2177 855 synodice
2236 785 2474 840 docent?
2500 785 2615 840 Non
2649 785 2793 840 enim
2819 796 2926 840 tam
2957 787 3302 856 impudenter
3338 803 3491 842 men»

1924 874 2145 936 tientur,
2175 883 2234 928 ut
2279 875 2541 945 synodum
2565 891 2594 928 a
2616 891 2674 929 se.
2700 885 2940 930 coactam
2995 885 3194 946 negent
3221 895 3233 930 :
3267 876 3309 930 si
3336 876 3492 932 adul-

1924 965 2152 1019 terinam
2186 966 2584 1035 copulationem
2617 966 2770 1020 lateri
2801 966 2973 1021 nolint
3030 967 3490 1037 dispensationem

1923 1057 2123 1110 sanctis
2183 1074 2365 1126 parem
2413 1058 2734 1127 appellasse,
2794 1074 2895 1112 nec
2925 1073 3017 1112 eos
3071 1060 3158 1127 qui
3193 1061 3337 1114 illam
3383 1076 3495 1115 non

1922 1145 2191 1213 recipiunt
2207 1149 2729 1203 excommunicasse.
2754 1147 2906 1214 Quod
2926 1149 2969 1203 si
2992 1153 3494 1208 excommunicasse

1919 1219 2119 1306 negant
2150 1255 2163 1290 :
2192 1254 2449 1307 quorsum
2483 1240 2612 1294 illud
2649 1241 3020 1296 exclamarunt
3048 1260 3062 1295 :
3097 1241 3166 1295 lis
3221 1244 3313 1312 qui
3368 1260 3496 1299 san-

1916 1337 2124 1381 ctorum
2151 1329 2582 1399 dispensationes
2611 1349 2721 1386 non
2757 1335 3050 1404 recipiunt,
3077 1336 3363 1393 anathema
3387 1340 3496 1393 sit?

1917 1414 2271 1485 Persiiicunm
2291 1429 2375 1474 est
2410 1423 2721 1487 enim,rum
2764 1425 3138 1494 recipereillas
3180 1427 3342 1497 aliqui
3378 1429 3494 1482 nol-

1916 1508 2050 1574 lent,
2085 1511 2211 1565 inde
2239 1521 2420 1566 natam
2450 1527 2570 1567 esse
2600 1515 2956 1582 sanctionem,
2989 1516 3090 1570 nisi
3116 1518 3250 1572 ebrii
3281 1534 3490 1574 sumus.

1916 1599 2163 1667 Quanam
2197 1619 2324 1658 vero
2353 1605 2419 1659 de
2448 1620 2504 1657 re
2532 1604 2634 1658 alia
2686 1606 2914 1674 quaestio
2970 1617 3086 1662 erat
3131 1617 3488 1680 prrterquam

1913 1691 1981 1746 de
2016 1694 2242 1747 adulteri
2303 1695 2734 1765 conjunctione?
2767 1695 2993 1766 Propter
3043 1699 3187 1753 illam
3219 1690 3346 1772 ergo
3396 1718 3492 1757 ex-

1918 1786 2383 1841 communicatio:
2424 1797 2651 1856 ut'qua:
2693 1788 2842 1855 juxta
2880 1799 3188 1844 sanctorum
3213 1785 3493 1866 dispensa-

239 1869 392 1937 μίας.
432 1871 542 1922 Kal
585 1871 634 1922 εί
671 1870 770 1939 μὲν
819 1871 1116 1939 ἐφάμιλλος
1146 1874 1359 1940 αὑταῖς,
1395 1850 1452 1927 al
1482 1875 1591 1928 τῶν
1634 1877 1805 1945 ἁγίων

1921 1873 2093 1928 tiones
2125 1875 2264 1929 facta
2299 1886 2462 1931 esset.
2518 1879 2585 1931 Et
2612 1879 2826 1947 quidem
2861 1879 2905 1932 si
2941 1894 3125 1934 earum
3157 1883 3348 1939 similis
3399 1884 3489 1949 sit,

233 1962 549 2029 οἰκονομίαι
581 1961 915 2030 παράνομοι·
951 1963 999 2013 εί
1027 1962 1083 2014 δὲ
1110 1963 1158 2016 oi
1183 1964 1352 2030 ἆγιοι,
1385 1966 1445 2018 ού
1473 1968 1805 2038 παράνομοι,

232 2053 376 2123 ὅπερ
405 2051 604 2123 ἀληθές
627 2069 642 2085 ·
690 2053 845 2106 αὐτοὶ
874 2052 1379 2123 ἀνεθεματίσθησαν
1412 2057 1487 2128 μὴ
1518 2062 1808 2130 προσιέμε-

235 2160 318 2197 νοι
354 2143 452 2216 τὴν
508 2142 918 2214 μοιχοζευξίαν⁸
967 2146 1070 2199 κᾶν
1114 2147 1334 2218 τέχναις
1380 2150 1704 2217 σοφίζωνται
1739 2155 1806 2207 τά

235 2235 446 2305 ἐναργῆ
481 2236 661 2305 ἀφανῆ
706 2235 992 2289 δεικνύειν.
1033 2237 1172 2290 Ἀλλ’
1216 2241 1494 2311 ἀμήχανον
1536 2245 1806 2313 κρυϐῆναι

233 2324 296 2375 τὸ
322 2325 564 2392 γεγονός.
597 2327 717 2377 Ὅτι
749 2324 806 2376 δὲ
837 2326 1207 2397 ἀμετάϐλητοι
1248 2331 1304 2383 al
1343 2333 1554 2384 ἐντολαὶ
1582 2333 1677 2386 τοῦ
1706 2335 1804 2385 Εὑ-

235 2411 497 2479 αγγελίου
523 2452 538 2475 ,
588 2412 752 2466 ἄκουε
798 2413 893 2467 τοῦ
943 2417 1178 2485 μεγάλου
1214 2418 1490 2473 Βασιλείου
1535 2421 1802 2492 βοῶντος·

234 2503 390 2572 Τάχα
422 2503 650 2554 τονῶσαί
701 2520 802 2572 μου
852 2504 952 2575 τὴν
1004 2505 1203 2578 ψυχὴν,
1259 2509 1350 2562 xal
1391 2513 1805 2584 νηπτικωτέραν

235 2594 374 2663 πρὸς
400 2593 461 2646 τὸ
488 2593 688 2664 ἐφεξῆς
734 2597 1075 2664 καταστῆσαι
1102 2601 1128 2651 ὁ
1155 2599 1360 2670 Κύριος
1395 2601 1688 2673 ἠϐουλήθη,
1729 2603 1804 2666 ὼς

237 2682 314 2753 μὴ
341 2682 626 2753 προσέχειν
652 2683 984 2754 ἀνθρώποις,
1020 2687 1154 2740 ἀλλὰ
1181 2687 1269 2741 διά
1297 2689 1404 2742 τῶν
1433 2692 1804 2760 εὐαγγελικῶν

234 2771 463 2824 ἐντολῶν
491 2772 936 2844 καταρτίζεσθαι.
970 2776 1034 2828 Ai
1060 2776 1184 2828 οὔτε
1225 2781 1456 2850 καιροῖς,
1486 2780 1607 2833 οὕτε
1650 2797 1804 2853 περι-

236 2863 492 2916 στάσεσιν
510 2864 867 2934 ἀνθρωπίνων
881 2869 1222 2935 πραγμάτων
1238 2887 1302 2924 συ
1311 2873 1800 2940 μμεταὸάλλονται,

232 2954 350 3009 ἀλλ’
371 2952 471 3026 [αἱ]
494 2956 654 3009 αὑταὶ
678 2957 1023 3026 διαμένουσιν
1043 2974 1060 2992 ο
1081 2959 1153 3021 ὡς
1182 2961 1530 3033 προήχθησαν
1560 2966 1668 3018 ἀπὸ
1706 2964 1800 3018 τοῦ

234 3045 498 3115 ἀψευδοῦς
523 3049 615 3100 καὶ
655 3048 920 3118 μακαρίου
955 3050 1221 3118 στόματος
1244 3092 1259 3116 ,
1299 3052 1438 3105 οῦτω
1468 3054 1801 3119 διαιωνίζου-

237 3155 347 3192 σαι.
395 3139 456 3192 Οί
489 3139 544 3192 δέ
567 3140 635 3192 δι’
658 3142 906 3204 ἐναντίας
929 3143 1264 3212 κηρύξαντες
1293 3145 1391 3215 τὴν
1422 3148 1796 3217 μοιχοζευξίαν

233 3230 547 3299 οἰκονομίαν
577 3232 862 3302 σωτήριον,
895 3233 947 3284 τί
972 3233 1151 3304 ἄλλοῆ
1183 3235 1424 3306 τρεπτάς
1451 3237 1549 3301 τὰς
1573 3240 1797 3304 ἐντολὰς

233 3321 327 3372 τοῦ
357 3319 493 3373 θεοῦ
534 3321 908 3389 ἀπεφήναντο;
946 3320 1022 3391 πῆ
1058 3313 1164 3393 μὲν
1196 3325 1690 3396 μεταδαλλομένας,
1718 3329 1796 3400 πῆ

235 3411 291 3467 at
316 3411 375 3463 ού
411 3411 882 3482 μεταϐαλλομένις
909 3451 926 3476 ,
976 3411 1090 3465 ἀλλ’
1122 3413 1449 3485 ἐνεργούσας
1481 3415 1792 3487 ἀτρέπτως·

236 3505 447 3574 καιροῖς
476 3504 531 3557 δέ
561 3521 671 3557 τισι
709 3502 802 3556 καὶ
833 3504 1221 3574 περιστάσεσιν
1251 3506 1649 3577 ἀνθρωπίναις,
1685 3507 1794 3561 ῶσ-

237 3611 341 3664 περ
389 3595 594 3664 ἔφασαν
636 3593 794 3648 αὐτοὶ
829 3594 957 3667 περὶ
987 3595 1094 3650 τῶν
1123 3597 1485 3669 κρατούντων,
1521 3599 1794 3669 μεταϐαλ-

234 3684 486 3755 λομένας,
517 3687 612 3739 καὶ
643 3671 718 3756 μὴ
746 3686 825 3749 είς
851 3686 1082 3758 ἀνομίαν
1119 3687 1492 3760 λογιζομένοις,
1525 3690 1662 3744 άλλά
1685 3693 1795 3762 γάρ

235 3777 328 3828 καὶ
355 3775 606 3829 τοσοῦτον
642 3776 795 3845 ἰσχὺν
828 3776 1080 3848 ἐχούσας,
1112 3777 1187 3842 ὡς
1220 3779 1315 3833 καὶ
1345 3780 1471 3843 τοὺς
1513 3783 1588 3851 μὴ
1634 3798 1797 3851 προσ-

237 3869 485 3938 ιεμένους
517 3867 707 3932 αὑτὰς,
739 3869 905 3937 ἤγουν
930 3869 1029 3934 τάς
1061 3871 1400 3942 παραϐάσεις
1421 3873 1520 3935 τὰς
1550 3913 1564 3936 ,
1595 3873 1669 3938 ῶς
1694 3891 1796 3942 φα-

236 3978 342 4030 σιν,
379 3959 685 4029 οἰκονομίας
711 3957 822 4010 τῶν
852 3959 1047 4028 ἁγίων,
1081 3962 1619 4036 ἀναθεματισμένους
1648 3967 1796 4038 παρὰ

233 4059 301 4129 τῇ
346 4051 638 4124 Ἐκκλησία
667 4046 806 4104 εἶναι
824 4066 841 4118 ;

303 4244 572 4314 Συνῆκται
593 4235 686 4296 οὖν
719 4239 966 4295 ἐντεῦθεν
995 4240 1146 4295 οὐδὲν
1169 4240 1378 4314 ἕτερον,
1402 4243 1434 4314 ἦ
1469 4243 1526 4296 τὸ
1554 4243 1646 4296 τὸν
1666 4245 1795 4298 Θεὸν

231 4333 462 4403 τρεπτὸν
489 4327 627 4384 εἶναι
669 4327 762 4381 καὶ
809 4328 1118 4383 ἀλλοιωτόνο
1166 4331 1523 4402 ὁμοιουμένου
1580 4335 1674 4387 τοῦ
1713 4335 1798 4387 λέ-

232 4439 416 4492 γοντος
445 4421 524 4493 τῷ
570 4419 759 4490 οίκείῳ
786 4417 949 4490 λόγῳ.
979 4420 1040 4473 τό
1084 4436 1144 4472 τε
1183 4421 1512 4491 Εὐαγγέλιον
1547 4425 1797 4496 ἀόριστον

1909 1962 2124 2031 injustre
2185 1965 2420 2020 luerunt-
2452 1978 2766 2022 sanctorum
2821 1969 3255 2039 dispensationes
3292 1992 3306 2028 :
3337 1985 3394 2030 at
3446 1977 3490 2030 si

1907 2056 2078 2109 sancti
2131 2055 2314 2124 injusti
2374 2073 2481 2111 non
2516 2069 2664 2120 sunt,
2693 2061 2767 2114 uti
2822 2075 3009 2115 revera
3057 2077 3166 2117 non
3191 2072 3318 2118 sunt
3347 2081 3363 2131 ;
3393 2082 3487 2120 ex-

1906 2148 2289 2202 communicati
2308 2149 2382 2202 illi
2401 2149 2620 2205 fuerunt
2641 2153 2782 2222 quod
2799 2153 3158 2209 adulterinam
3197 2157 3492 2226 copulatio-

1906 2252 2029 2291 nem
2054 2254 2160 2293 non
2183 2240 2828 2311 recipiant,quantumvis
2848 2244 3140 2300 artiﬁciose
3158 2247 3209 2301 id
3225 2258 3406 2318 agant,
3431 2259 3491 2306 ut

1911 2345 2034 2398 qua
2082 2331 2366 2400 perspicua
2392 2342 2540 2395 sunt,
2594 2334 2824 2389 obscura
2880 2337 3127 2392 reddant.
3172 2337 3280 2394 Sed
3308 2343 3490 2396 occul-

1910 2421 2012 2474 tari
2044 2423 2232 2492 nequit
2253 2425 2396 2493 quod
2430 2424 2628 2479 factum
2657 2435 2759 2480 est.
2819 2425 2936 2482 Jam
2967 2445 3096 2485 vero
3117 2433 3260 2499 quod
3299 2433 3490 2488 immu-

1907 2513 2084 2567 tabilia
2115 2516 2225 2570 sint
2274 2517 2558 2588 Evangelii
2610 2520 2884 2585 mandata,
2929 2523 3054 2577 audi
3093 2523 3348 2580 Basilium
3379 2524 3490 2580 hla-

1904 2619 2068 2673 gnnm
2151 2606 2475 2661 clamantem
2519 2605 2816 2665 :Fortasse
2889 2605 3172 2669 intendere
3248 2616 3486 2671 animam

1904 2708 2102 2758 meam,
2150 2695 2661 2769 vigilantioremque
2695 2701 2748 2755 in
2785 2711 3064 2771 posterum
3120 2704 3346 2760 reddere
3380 2707 3488 2762 Do-

1913 2786 2103 2840 minus
2160 2788 2353 2854 voluit,
2387 2799 2447 2843 nt
2493 2789 2870 2847 hominesnon
2931 2796 3196 2862 attendat,
3250 2799 3344 2853 sed
3396 2813 3492 2862 per

1902 2876 2215 2944 evangelica
2256 2879 2508 2934 mandata
2525 2881 2856 2950 perﬁciatur,
2869 2900 2989 2954 quae
3005 2900 3109 2941 nec
3130 2888 3486 2958 temporibus.

1903 2979 2005 3018 nec
2039 2964 2398 3022 humanarum
2427 2985 2607 3026 rerum
2625 2972 3045 3030 circumstantiis
3060 2988 3485 3045 commutantur,

1907 3071 2095 3110 verum
2142 3058 2330 3113 eadem
2354 3073 2695 3130 permanent,
2719 3065 2859 3121 sicut
2875 3081 2941 3121 ex
2973 3067 3132 3124 beato
3154 3079 3211 3125 et
3239 3071 3462 3128 minime

1826 3181 1869 3237 ο
1905 3144 2077 3203 fallaci
2127 3165 2222 3204 ore
2267 3152 2608 3221 prodierunt,
2656 3156 2736 3212 sic
2777 3159 2923 3212 omni
2979 3176 3098 3216 aevo
3133 3178 3488 3232 perseverano

1905 3237 1997 3290 tia.
2047 3237 2248 3294 Contra
2291 3256 2439 3308 vero,
2465 3245 2556 3314 qui
2596 3246 2957 3303 adulterinam
3021 3253 3484 3323 conjunctionem,

1900 3325 2188 3383 salutarem
2212 3331 2665 3401 dispensationem
2679 3351 2802 3392 esse
2816 3337 3119 3396 docuerunt
3139 3359 3153 3397 :
3180 3344 3311 3414 quid
3339 3345 3488 3404 aliud

1901 3418 2107 3487 dicunt,
2162 3437 2322 3492 quam
2385 3427 2661 3482 mutabilia
2721 3444 2843 3485 esse
2904 3431 3002 3487 Dei
3056 3436 3328 3503 mandata,
3366 3454 3488 3509 qua:

1901 3525 2049 3566 nunc
2106 3513 2326 3583 quidem
2387 3527 2686 3586 mutentur,
2715 3536 2862 3576 nunc
2915 3524 3139 3581 minime
3180 3538 3484 3596 mutentur,

1902 3601 2000 3656 sed
2045 3602 2453 3661 immutabiliter
2503 3618 2784 3680 agantzet
2826 3615 3103 3671 nonnullis
3152 3622 3486 3690 temporibus

1901 3703 2068 3764 atque
2096 3696 2351 3754 humanis
2376 3700 2824 3771 circumstantiis,
2856 3707 2998 3764 sicut
3019 3708 3120 3780 ipsi
3150 3709 3220 3766 de
3247 3712 3486 3784 impera-

1902 3786 2112 3841 toribus
2162 3789 2418 3846 dixerunt
2473 3804 2774 3863 mutentur,
2799 3807 2856 3853 et
2887 3800 2956 3855 ad
2983 3800 3323 3871 iniquitatem
3373 3823 3484 3863 non

1903 3874 2244 3945 imputentur
2277 3900 2289 3935 :
2322 3897 2538 3939 rursum
2603 3899 2787 3943 autem
2839 3899 3042 3946 tantam
3073 3892 3179 3948 vim
3223 3894 3484 3968 habeant,

1903 3971 1961 4018 ut
1992 3966 2084 4035 qui
2114 3983 2176 4021 ea
2204 3985 2310 4024 non
2338 3974 2663 4045 suscipiunt,
2699 3978 2803 4034 boc
2831 3989 2933 4047 est,
2985 3984 3462 4054 transgressiones,

1901 4073 2042 4127 quae,
2074 4070 2133 4114 ut
2167 4061 2270 4131 ipsi
2295 4064 2470 4131 aiunt,
2507 4067 2946 4139 dispensationes
2991 4083 3120 4128 sunt
3149 4083 3481 4142 sanctorum,

1901 4152 2252 4209 anathemate
2282 4155 2609 4213 damnentur
2655 4161 2724 4216 ab
2752 4162 2991 4219 Ecclesia
3017 4164 3042 4219 ἲ

1973 4242 2050 4297 Ex
2085 4243 2169 4299 liis
2190 4259 2318 4316 ergo
2353 4248 2642 4305 coniicitur
2672 4253 2808 4308 nihil
2845 4255 2993 4312 aliud
3014 4297 3031 4321 .
3056 4275 3217 4330 quam
3245 4269 3485 4324 mutabi-

1903 4333 2008 4388 lem
2040 4334 2212 4389 Deum
2250 4353 2375 4392 esse
2406 4357 2419 4394 :
2446 4349 2505 4395 ut
2533 4341 2678 4398 dicto
2699 4358 2800 4400 suo
2829 4347 3020 4405 similis
3057 4353 3250 4426 sitqui
3285 4359 3485 4418 dixerit

1902 4442 1956 4485 et
1984 4429 2333 4502 Evangelium
2365 4433 2683 4492 indiﬂerens
2711 4453 2834 4493 esse
2860 4441 2926 4495 ad
2964 4443 3193 4500 salutem
3224 4457 3281 4504 et
3305 4453 3484 4520 perdi-

230 4516 362 4587 πρός
389 4530 449 4567 τε
479 4511 751 4583 σωτηρίαν
777 4511 871 4563 καὶ
901 4507 1357 4582 ἀπώλειαν.’¹Δρα
1391 4512 1500 4584 γὰρ
1531 4515 1624 4567 ἐπ)⁸
1657 4514 1792 4569 πάν-

1906 4520 2258 4576 Lionem.Num
2284 4523 2429 4578 enim
2456 4523 2510 4577 in
2535 4527 2792 4582 omnibus
2815 4529 3128 4589 hominibus
3146 4576 3163 4602 ,
3184 4545 3240 4590 et
3285 4507 3340 4592 in
3365 4555 3484 4594 om-

231 4625 335 4662 των
356 4604 678 4675 ἀνθρώπων,
709 4601 801 4655 καὶ
837 4601 932 4655 ἐπὶ
960 4603 1139 4672 πάσης
1166 4603 1383 4673 ἐντολῆς
1406 4605 1792 4676 παραὸάσεως,

237 4695 530 4769 οίκονομία’
560 4695 594 4767 ἢ
621 4695 678 4747 ιν
700 4708 809 4746 τισι
843 4691 935 4745 καί
970 4708 1114 4758 τινι;
1144 4693 1252 4746 Kal
1285 4692 1368 4757 τίς
1400 4696 1433 4766 ή
1474 4695 1796 4766 ἀποκλήρω-

239 4801 318 4848 σις
346 4785 437 4840 τοῦ
471 4786 562 4840 ἐπί
588 4801 699 4840 τισι
736 4784 835 4855 μὲν
867 4783 961 4838 καί
992 4802 1096 4838 τινι
1124 4780 1284 4850 εἶναι,
1317 4786 1407 4838 ἐπὶ
1436 4784 1492 4838 δέ
1539 4802 1648 4839 τισι
1703 4788 1796 4840 καί

232 4894 335 4929 τινι
361 4875 614 4945 οὐδαμῶς
638 4894 654 4943 ;
686 4876 796 4929 Kal
824 4874 962 4946 πρὸς
985 4875 1147 4929 τίνων
1171 4871 1282 4947 ἄρα
1313 4875 1408 4929 xal
1435 4879 1585 4948 παρά
1616 4878 1795 4932 πόσων

232 4971 291 5025 τὸ
326 4970 663 5038 οίκονομεῐν;
704 4968 862 5039 Παρά
893 4967 1161 5038 ίεραρχῶν
1194 4967 1391 5038 μόνων,
1413 4969 1446 5040 ἢ
1468 4971 1561 5023 καὶ
1583 4971 1792 5042 ίερέων;

233 5058 588 5130 Συνοδικῶςῆ
637 5059 733 5112 καὶ
784 5058 964 5123 ίδικῶς
1017 5059 1290 5125 ἱκαστονς
1330 5059 1442 5113 Kal
1475 5062 1525 5113 εί
1563 5062 1655 5114 ἐπὶ
1698 5063 1810 5115 τῶν

237 5150 496 5222 βασιλέων
530 5150 726 5221 μόνων,
753 5150 846 5203 ἐπὶ
879 5150 978 5219 τῆς
1013 5151 1258 5221 μοιχείας
1300 5151 1466 5222 μόνης
1489 5192 1506 5216 ,
1539 5153 1571 5223 ἢ
1599 5153 1694 5207 καὶ
1724 5156 1810 5222 ἐφ’

235 5245 469 5312 ἑκάστης
524 5243 907 5314 παρανομίας;
951 5243 1058 5296 Kal
1104 5241 1222 5305 πῶς
1265 5243 1356 5295 ἐπὶ
1400 5242 1506 5296 τῶν
1541 5244 1808 5314 βασιλέων

237 5334 610 5406 ὑποχωροῦσιν
655 5337 710 5388 al
749 5335 841 5389 τοῦ
891 5334 1026 5388 Θεοῦ
1074 5335 1320 5402 ἐντολαί;
1371 5336 1403 5406 ἢ
1461 5340 1696 5401 πάντως,
1730 5339 1804 5403 ὡς

234 5429 328 5498 τῆς
367 5426 645 5498 βασιλείας
685 5427 849 5480 αὑτοῦ
879 5427 1030 5488 τέλος
1077 5427 1325 5497 ἐχούσης·
1373 5428 1452 5481 ὃτι
1485 5430 1618 5498 μηδὲ
1647 5428 1798 5499 βασι-

1902 4611 1958 4666 ni
2003 4614 2235 4668 mandati
2305 4616 2733 4684 transgressione
2784 4619 3121 4691 dispensatio
3159 4634 3269 4691 est,
3323 4645 3392 4683 an
3425 4631 3479 4685 in

1899 4703 2222 4773 quibusdam
2255 4745 2269 4765 .
2303 4713 2360 4760 et
2395 4705 2450 4760 in
2471 4707 2652 4777 aliquo
2674 4709 2697 4762 ?
2719 4709 2785 4763 Et
2815 4726 3064 4780 quanam
3094 4729 3213 4771 sors
3242 4717 3344 4774 ista
3375 4730 3479 4785 est.

1901 4804 1960 4849 ut
1977 4794 2030 4848 in
2051 4795 2369 4864 quibusdam
2387 4797 2462 4852 sit
2477 4807 2532 4852 et
2557 4797 2610 4851 in
2643 4797 2844 4868 aliquo,
2868 4801 2922 4854 in
2951 4801 3219 4872 aliquibus
3235 4815 3290 4862 et
3312 4808 3365 4863 in
3387 4809 3483 4864 ali~

1898 4899 2009 4954 quo
2027 4900 2364 4956 nequaquam
2393 4887 2812 4958 ?Aquibusnam
2831 4906 2961 4964 ergo
2981 4934 2996 4958 ,
3011 4903 3107 4950 eta
3123 4911 3282 4966 quam
3300 4901 3482 4956 multis

1912 4974 2029 5030 lnec
2073 4975 2453 5045 dispensatio?
2494 4978 2580 5034 Ab
2639 4981 2878 5051 episopis
2926 4984 3078 5051 solis,
3128 5000 3197 5041 an
3251 4990 3481 5046 etiatna

1909 5066 2280 5124 sacerdotibus
2306 5069 2329 5123 ἲ
2353 5068 2617 5139 Synodice
2661 5086 2729 5125 an
2752 5073 3003 5142 privatim
3055 5083 3382 5151 utrumque?
3416 5081 3483 5137 Et

1908 5157 1954 5212 si
1996 5159 2050 5212 in
2083 5160 2299 5231 regibus
2329 5170 2539 5217 tantum
2565 5203 2580 5228 ,
2609 5179 2678 5216 an
2728 5164 2783 5219 in
2822 5166 3092 5224 adulterio
3130 5171 3248 5226 solo
3276 5170 3391 5228 ian
3421 5175 3478 5229 in

1905 5251 2146 5321 qualibet
2184 5253 2469 5322 iniquitate
2497 5257 2520 5309 ?
2546 5257 2612 5311 Et
2638 5258 2911 5326 quomodo
2933 5259 2987 5314 in
3014 5261 3231 5332 regibus
3263 5277 3481 5322 cessant

1908 5344 1998 5398 Dei
2031 5345 2327 5399 mandata?
2357 5348 2436 5400 An
2466 5349 2689 5403 omnino
2735 5353 2887 5420 quasi
2928 5352 3088 5409 linem
3123 5354 3324 5414 habeat
3358 5361 3478 5431 eius

1898 5433 2182 5504 imperium
2225 5453 2239 5489 :
2277 5438 2711 5509 quandoquidem
2759 5459 2861 5498 nec
2909 5445 3253 5516 imperatoris
3301 5463 3478 5509 cessat

235 5519 364 5581 λέως
419 5518 693 5590 ὑποχωρεῖ
736 5520 922 5588 νόμος,
968 5518 1043 5590 μὴ
1095 5518 1285 5587 ἐτέρου
1329 5517 1590 5587 βασιλέως
1633 5521 1796 5574 αὐτὸν

1906 5526 1998 5589 lex,
2031 5526 2132 5580 nisi
2166 5527 2459 5596 imperator
2483 5531 2620 5586 alter
2650 5534 2942 5589 succedat?
2973 5537 3080 5592 Sed
3103 5546 3158 5594 et
3197 5539 3302 5597 ltoc
3337 5558 3477 5612 quo-

237 5606 648 5677 διαδεχομένου;
719 5607 881 5662 ’Δλλά
935 5607 1042 5679 γὰρ
1100 5607 1194 5660 καὶ
1243 5607 1400 5661 τοῦτο
1457 5610 1791 5680 ἀπορητέον·

237 5697 416 5768 ἐπειδὴ
457 5715 620 5768 φησιν
645 5700 673 5753 ὁ
699 5699 838 5764 θεῖος
879 5700 1225 5763 Ἀπόστολος·
1267 5701 1332 5753 Ol
1380 5699 1616 5768 ἄνδρες,
1648 5703 1792 5772 ἀγα-

238 5783 380 5842 πᾶτε
402 5785 505 5854 τὰς
534 5785 762 5843 ἑαυτῶν
789 5787 1094 5858 γυναῖκας,
1130 5786 1324 5853 καθὼς
1347 5789 1443 5844 καὶ
1479 5792 1512 5844 ό
1541 5792 1792 5862 Χριστὸς

1891 5631 1996 5685 que
2027 5615 2389 5687 indagandum
2418 5630 2500 5676 est
2527 5639 2540 5675 :
2569 5639 2692 5678 cum
2724 5625 2870 5680 dicat
2890 5627 3110 5686 divinus
3150 5629 3471 5701 Apostolus:

1905 5709 2032 5773 Viri,
2058 5709 2257 5778 diligite
2301 5728 2484 5767 uxores
2519 5725 2714 5771 vestras
2751 5718 2885 5771 sicut
2917 5729 2966 5774 et
3007 5721 3244 5778 Christus
3293 5726 3470 5784 dilexi!

1901 5800 2209 5867 Ecclesium,
2235 5812 2283 5857 ct
2307 5803 2529 5872 seipsum
2555 5809 2775 5863 tradidit
2792 5827 2885 5880 pro
2901 5829 2986 5877 ca,
3019 5824 3074 5867 ιιι
3106 5814 3252 5870 illam
3280 5820 3472 5871 sancti—
