4158 6496
667 379 802 443 10⁸19

1851 378 1910 438 S.
1951 375 2345 438 THEODORI
2375 377 2721 439 STUDITIE

3775 371 3921 436 1080

662 490 838 557 litaret
895 489 1154 542 mundatis
1176 487 1385 542 lavacm
1410 504 1562 557 aqua:
1590 487 1646 541 in
1683 491 1834 542 verbo
1868 503 1886 540 :
1922 498 1979 540 ut
2029 487 2240 540 exhibe-

2369 490 2619 558 irdmia's
2667 489 2782 558 τὴν
2819 488 3189 558 Ἐκκλησίαν
3211 502 3226 518 ⁶
3256 487 3353 540 καί
3397 485 3618 541 ἑαυτὸν
3660 487 3927 555 παρόδω-

663 589 739 636 ret
758 581 866 650 ipse
896 579 995 634 sibi
1020 579 1300 650 gloriosam
1336 577 1646 642 Ecclesiam,
1692 595 1792 632 non
1819 579 2090 632 habentem
2125 594 2239 630 ma-

665 673 839 728 tulam
866 681 960 726 aut
989 689 1198 743 rugam,
1231 681 1324 726 aut
1355 672 1558 742 aliquid
1599 671 1920 741 hujusmodi,
1967 672 2058 725 sed
2080 681 2135 725 ut
2171 671 2238 724 sit

661 777 846 823 saneta
876 777 926 822 et
950 767 1293 822 immaculata
1325 767 1405 834 ⁸⁶;
1437 767 1728 837 quomodo,
1775 781 1898 836 qua
1924 781 2072 822 nunc
2119 766 2242 835 qui-

663 863 786 918 dem
822 863 1148 919 adulterium
1191 872 1247 918 et
1283 863 1531 919 adulterii
1566 863 2005 932 conjunctionem
2041 861 2241 916 admit-

665 964 762 1021 tat,
795 956 914 1010 aliis
943 965 1125 1012 autem
1171 972 1295 1013 mox
1329 958 1667 1028 temporibus
1693 957 1898 1013 similes
1925 958 2058 1012 alias
2089 958 2244 1023 ;sine

665 1048 872 1102 macula
901 1057 957 1103 et
986 1049 1104 1104 sine
1149 1065 1279 1120 ruga
1307 1050 1592 1119 persistat,
1625 1065 1688 1105 ac
1712 1065 1820 1104 non
1852 1049 2117 1104 lutulenta
2147 1063 2245 1117 po-

666 1141 773 1195 tius
799 1150 855 1195 et
887 1141 1138 1196 sordibus
1196 1142 1391 1202 obsita.
1429 1142 1575 1212 quod
1618 1142 1798 1197 dicere
1847 1140 2247 1212 perhorresco?

668 1233 927 1289 Decidant
949 1233 1063 1288 haec
1087 1234 1245 1289 nobis
1265 1236 1390 1289 novi
1419 1233 1788 1302 evangelista,
1815 1247 1875 1287 se
1906 1233 2054 1302 ipsos
2099 1231 2244 1285 enim

667 1324 759 1393 qui
814 1323 939 1378 talia
986 1323 1272 1394 rccipiunt,
1327 1321 1623 1376 Ecclesiam
1683 1320 1772 1374 Dei
1814 1325 2034 1381 vocant,
2071 1327 2125 1370 et
2152 1333 2248 1372 eos

668 1416 761 1486 qui
802 1416 992 1470 eadem
1024 1430 1132 1469 non
1166 1415 1420 1484 probant.
1454 1413 1707 1468 Ecclesia:
1758 1408 2098 1465 adversarios
2152 1409 2246 1462 de-

668 1517 921 1562 cernunt.
956 1505 1059 1561 Sed
1085 1521 1271 1561 revera
1305 1505 1456 1576 juxta
1485 1503 1830 1574 prophetam,
1873 1500 2072 1555 Slullus
2098 1501 2248 1570 fatua

671 1599 990 1668 loquetur,et
1015 1613 1103 1649 cor
1120 1597 1233 1665 ejus
1258 1612 1390 1650 uana
1414 1596 1682 1663 cogitabit,
1708 1603 1763 1645 ut
1785 1593 2021 1661 perﬁciat
2049 1591 2248 1660 iniqui-

672 1698 853 1751 tatem,
882 1699 930 1742 et
954 1689 1235 1758 loquantur
1249 1689 1319 1741 ad
1346 1687 1511 1740 Deum
1545 1685 1907 1755 fraudulenter
1929 1686 1994 1735 ".
2016 1683 2251 1736 Pessima

673 1779 856 1848 itaque
884 1779 1110 1835 haeresis
1137 1780 1251 1834 haec
1277 1789 1379 1834 est.
1408 1779 1585 1848 Atque
1619 1775 1750 1833 illud
1783 1776 2078 1832 beatissimi
2113 1776 2255 1843 Apo-

2339 598 2446 635 κεν
2489 582 2640 649 ὑπὲρ
2685 579 2894 649 αὐτῆς,
2930 581 3035 634 ινα
3066 579 3260 646 αὐτὴν
3311 578 3533 648 ἁγιάσῃ
3586 579 3930 646 καθαρίσας

2340 672 2420 738 τῷ
2445 673 2675 740 λουτριῖι
2706 672 2812 725 τοῦ
2841 671 3060 737 ὕδατος
3079 671 3148 724 ἐν
3164 672 3408 740 ῥήματι·
3429 671 3528 723 ἵνα
3552 668 3928 738 παραστήσῃ

2341 764 2537 832 αὐτὴν
2564 763 2754 828 ἐαυτῷ
2779 763 3036 826 ἔνδοξον
3063 762 3178 829 τὴν
3219 762 3608 828 Ἐκκλησίαν.
3629 761 3718 831 μὴ
3745 761 3932 830 ἔχου-

2343 872 2464 909 σαν
2489 855 2715 909 σπῖλον
2748 853 2784 920 ἢ
2808 850 3048 921 ῥυτίδα,
3081 850 3120 919 ἦ
3167 867 3221 904 τι
3273 847 3391 902 τῶν
3423 849 3737 904 τοιούτων·
3782 849 3934 902 ἀλλ’

2343 948 2442 1001 ἵνα
2485 941 2524 1018 ᾗ
2557 946 2696 1016 ἁγία
2722 946 2818 1000 καί
2849 945 3106 1014 ἄμωμος.
3141 942 3264 1004 Πῶς
3293 936 3402 1012 ἄρα
3425 940 3520 994 νῦν
3551 941 3650 1011 μὲν
3676 939 3777 1012 τὴν
3808 958 3936 1010 μοι·

2346 1041 2497 1110 χιίαν
2548 1039 2644 1092 καὶ
2700 1036 3077 1108 μοιχοζευξίαν
3127 1032 3545 1105 προσηκαμένη,
3579 1034 3638 1086 ἂν
3695 1032 3756 1086 δὲ
3815 1034 3937 1096 tot;

2350 1128 2510 1198 πέριξ
2560 1127 2770 1197 χρόνοις
2824 1127 3016 1195 ἑτέρας
3068 1124 3424 1194 ὲφαμίλλους,
3483 1123 3817 1192 διαμείνοιεν
3868 1121 3941 1175 ἂν

2348 1220 2574 1286 ἄσπιλὸς
2599 1235 2658 1272 τι
2693 1221 2786 1272 καὶ
2813 1218 3118 1290 apponam,
3149 1217 3262 1270 ἀλλ’
3283 1217 3406 1287 οὐχὶ
3435 1214 3898 1287 βεὸορδορωμίνη
3923 1229 3939 1274 ;

2348 1312 2376 1364 ὃ
2426 1309 2520 1363 καὶ
2573 1310 2781 1380 φρίττω
2827 1309 3019 1376 λέγων.
3065 1306 3502 1376 Διακρινὲτωσαν
3547 1306 3680 1374 ἡμῖν
3731 1302 3786 1355 οί
3836 1300 3942 1354 νῦν

2349 1399 2759 1468 εὖαγγελισταί·
2811 1397 3037 1461 ἑαυτοὺς
3088 1399 3196 1468 γὰρ
3246 1395 3449 1459 ταύτας
3496 1395 3941 1465 προσηκάμενοι,

2365 1491 2690 1560 Ἐκκλησίαν
2713 1489 2848 1545 Θεοῦ
2875 1489 3234 1560 ὀνομάζουσιν
3253 1505 3264 1519 ·
3297 1487 3609 1549 ἀντιθέτους
3638 1485 3780 1554 αὐτῇ
3811 1484 3943 1548 τοὺς

2357 1587 2432 1656 μὴ
2488 1586 2880 1656 προσιεμένους
2911 1583 3082 1647 αὑτὰς
3133 1581 3529 1650 διακρίναντες.
3569 1577 3710 1632 Ἀλλ’
3743 1579 3944 1640 ὅντως,

2355 1679 2497 1731 κατὰ
2523 1680 2614 1730 τὴν
2657 1677 3043 1747 προφήτην,ὀ
3075 1675 3275 1745 μωρὸς
3319 1673 3484 1743 μωρὰ
3521 1669 3812 1738 λαλήσει,
3843 1671 3947 1723 καί

2359 1772 2397 1838 ἡ
2445 1769 2656 1838 καρδία
2701 1770 2886 1824 αὐτοῦ
2925 1769 3143 1838 μάταια
3180 1767 3387 1833 νοήσει
3413 1805 3427 1829 ,
3473 1766 3577 1820 τοῦ
3620 1763 3949 1820 συντελεῖν

673 1871 798 1926 stoli
834 1885 1097 1941 usurpare
1131 1880 1215 1926 est
1240 1869 1343 1926 hoc
1369 1870 1524 1925 loco:
1561 1871 1727 1925 Miror
1754 1870 1890 1939 quod
1905 1869 1979 1922 sic
2013 1877 2121 1920 tam
2153 1867 2252 1919 cito

2369 1863 2571 1931 ἄνομα.
2619 1862 2717 1914 καί
2776 1861 2989 1914 λαλεῖν
3039 1862 3188 1928 πρὸς
3241 1860 3349 1912 τὸν
3406 1859 3554 1912 Θεὸν
3604 1857 3947 1923 πλάνησιν.

674 1963 1053 2031 transferimini
1083 1961 1148 2016 ab
1165 1978 1224 2016 eo
1240 1963 1329 2034 qui
1360 1976 1446 2016 vos
1469 1961 1668 2015 vocavit
1690 1960 1745 2012 in
1771 1960 1999 2029 gratiam
2029 1957 2252 2021 Christi,

673 2055 728 2107 in
753 2055 902 2108 aliud
943 2053 1324 2124 Evangelium:
1353 2054 1492 2117 quod
1524 2069 1626 2106 non
1658 2061 1734 2105 est
1772 2052 1938 2114 aliud,
1981 2051 2078 2104 nisi
2135 2057 2254 2102 sunt

674 2143 840 2214 aliqui
868 2146 957 2215 qui
991 2161 1077 2198 vos
1097 2149 1429 2206 conturbant,
1463 2154 1510 2197 et
1543 2143 1722 2197 volunt
1742 2151 2034 2195 convertere
2075 2140 2255 2195 Evan-

675 2237 869 2306 geliunt
923 2235 1141 2292 Christi.
1189 2235 1292 2291 Sed
1330 2237 1448 2290 licet
1501 2253 1591 2289 nos
1618 2277 1631 2295 .
1666 2244 1759 2288 aut
1792 2233 2008 2304 angelus
2037 2234 2099 2286 de
2131 2234 2256 2286 caelo

672 2329 987 2399 evangeliut
1030 2329 1189 2394 vobis,
1215 2339 1568 2397 pm'terquam
1599 2329 1737 2398 quod
1773 2325 2255 2396 evangelisavimus

676 2418 841 2484 nobis,
867 2421 1150 2474 anathema
1190 2421 1259 2474 sit
1286 2420 1352 2473 ⁸⁸.

2360 1953 2730 2021 Χαλεπωτάτη
2763 1949 2854 2006 οὖν
2879 1953 3090 2022 αἵρεσις
3123 1950 3282 2020 αὕτη,
3317 1950 3412 2003 καὶ
3442 1950 3500 2001 τὸ
3529 1947 3622 2001 τοῦ
3659 1964 3950 2017 μακαριω-

2360 2046 2524 2098 τάτου
2565 2045 2889 2097 Ἀποστὸλου
2930 2045 3074 2099 ἐστιν
3108 2042 3340 2096 ἐνταῦθα
3395 2042 3598 2105 λέγειν’
3663 2038 3949 2108 Gauide

2363 2137 2452 2190 ὅτι
2490 2138 2679 2200 οὑτως
2734 2135 2963 2204 ταχέως
2997 2135 3384 2202 μετατίθεσθε
3439 2133 3558 2186 ἀπὸ
3607 2130 3716 2186 τοῦ
3768 2130 3951 2184 καλέ-

2363 2245 2590 2292 σαντος
2648 2226 2804 2297 ὑμᾶς
2858 2231 2928 2281 ἐν
3007 2227 3200 2297 χάριτι
3269 2223 3527 2295 Χριστοῦ
3595 2225 3684 2289 είς
3740 2223 3952 2288 ἕτερον⁹

2359 2320 2769 2390 Εὑαγγέλιον·
2826 2321 2857 2374 ὃ
2907 2323 3016 2375 οὐκ
3065 2321 3234 2374 ἐστιν
3284 2321 3478 2374 ἄλλο·
3532 2320 3583 2371 ει
3639 2315 3726 2386 μή
3787 2313 3951 2380 τινές

2375 2419 2533 2469 εἰσιν
2564 2417 2618 2468 οι
2663 2413 3070 2482 ταράσσοντες
3099 2411 3274 2482 ὑμᾶς’
3305 2413 3398 2465 καὶ
3432 2409 3746 2473 ἐθέλοντες
3772 2420 3928 2474 μετα

676 2515 934 2584 στρέψαι
972 2517 1040 2570 τὸ
1081 2514 1450 2586 Edunt/1m
1489 2514 1597 2570 τοῦ
1620 2513 1900 2584 Χριστοῦ.
1934 2513 2122 2568 Ἀλλὰ
2149 2511 2246 2567 καί
2279 2513 2384 2566 ἐὰν
2403 2511 2572 2580 ἡμεῖς
2633 2511 2802 2566 αὐτοὶ
2866 2511 2904 2580 ἢ
2945 2509 3213 2581 Αγγελος
3234 2509 3305 2575 ἐξ
3327 2506 3588 2578 οὐρανοῦ
3614 2505 3755 2576 ὑμῖν
3777 2507 3955 2576 ador

678 2609 976 2683 γελίζηται
1015 2611 1152 2678 παρ’
1182 2608 1214 2663 ὃ
1244 2608 1758 2678 εὐηγγελισάμεθα
1799 2606 1963 2675 ὑμῖν.
1999 2604 2271 2674 ἀνάθεμα
2308 2607 2484 2658 ἔστω.

752 2702 1119 2770 Ριειετιιιιιιιι
1146 2706 1328 2753 autem
1363 2697 1773 2769 avangeliaavit,
1803 2711 1912 2750 non
1953 2696 2266 2766 Apostolus,

678 2792 773 2849 sed
798 2790 1050 2847 Christus
1078 2789 1216 2859 ipse,
1262 2788 1657 2860 evangelizavit
1689 2787 1848 2842 nobis
1883 2788 2265 2858 mmchosydo—

679 2883 781 2936 dus
809 2878 1036 2935 adulteri
1065 2878 1527 2947 coniunctionem,
1563 2894 1632 2933 ex
1662 2893 1768 2948 qua
1793 2877 2121 2933 adulterium
2157 2918 2170 2941 ,
2212 2885 2268 2930 et

680 2971 1051 3028 multimodam
1085 2969 1153 3024 ad
1191 2968 1576 3024 maschandum
1609 2968 1983 3023 inductionem
2013 3009 2028 3034 ,
2065 2969 2270 3022 saluta-

680 3081 795 3121 rem
826 3077 947 3120 esse
969 3060 1437 3133 dispensationem
1465 3077 1481 3114 :
1512 3070 1567 3114 et
1608 3061 1713 3115 hoc
1744 3061 1829 3114 illa
1872 3062 2070 3129 ubique
2102 3075 2272 3114 evan-

2441 2693 2629 2764 1119's
2677 2693 2732 2747 δὲ
2771 2691 3187 2762 εὐηγγελίσατο,
3237 2691 3336 2763 οὐχ
3383 2689 3413 2743 ό
3463 2692 3808 2756 Ἀπόστολος.
3838 2691 3956 2746 ἀλλ’

2370 2787 2531 2851 αὐτὸς
2570 2789 2598 2840 ό
2631 2786 2886 2858 Χριστὸς,
2917 2786 3316 2858 εὐηγγελίσατο
3347 2787 3380 2858 ή
3411 2785 3786 2856 μοιχοσύνοῦος
3849 2788 3951 2857 τὴν

2374 2879 2772 2952 μοιχοζευξίαν,
2811 2879 2868 2946 ἐξ
2903 2874 3031 2951 ἧςή
3070 2878 3307 2950 μοιχεία,
3343 2878 3440 2932 καὶ
3495 2877 3595 2949 τὴν
3643 2879 3778 2950 πρὸς
3827 2880 3953 2943 τοὺς

2376 2972 2746 3042 μοιχωμ.ένους
2805 2972 3160 3042 πολυτρόπως
3223 2971 3530 3041 ἀπαγωγὴν
3561 3012 3574 3035 ,
3637 2973 3954 3043 οἰκονομίαν

2376 3067 2662 3134 σωτήριον.
2698 3066 2806 3117 Καὶ
2831 3064 2991 3118 τοῦτό
3022 3067 3169 3118 ἐστιν
3196 3063 3659 3135 εὐαγγελιζομένη
3689 3065 3953 3118 ἑκάστοτε

679 3158 875 3229 geliaat
902 3154 1086 3210 verbis
1115 3152 1383 3222 factisque
1413 3169 1427 3217 ;
1451 3152 1699 3221 quamvis
1722 3152 1918 3207 callide
1961 3151 2264 3206 dissimulet

2371 3157 2516 3225 ῑργῳ
2536 3157 2627 3208 καὶ
2651 3155 2816 3225 λόγῳ.
2849 3155 2954 3209 κᾶν
2984 3157 3346 3228 προσποιῆται
3370 3156 3600 3224 δολερῶς
3622 3155 3950 3225 ὐπολωφείν’

683 3256 763 3310 ιιι,
793 3255 1075 3316 postquam
1115 3242 1381 3313 plurimos
1411 3241 1694 3311 deceperit
1740 3250 1796 3296 et
1853 3241 2225 3311 illaqueaverit
2255 3281 2270 3306 ,

682 3348 797 3393 tum
827 3335 1136 3407 Corybanta
1167 3347 1325 3387 suum
1364 3347 1556 3388 sursus
1584 3332 1805 3388 exaltet.
1828 3331 1872 3387 A
1921 3348 2029 3402 qua
2063 3333 2270 3386 utinam

684 3427 852 3482 miser
879 3434 980 3496 ego
1014 3424 1202 3494 procul
1228 3422 1449 3494 fugiam,
1475 3433 1532 3476 et
1570 3421 1756 3493 lugere
1784 3437 1901 3487 vos,
1937 3432 1995 3476 ut
2023 3432 2274 3492 peccator

685 3531 803 3579 oro.
836 3516 962 3571 licet
986 3513 1293 3570 auscultare.
1331 3514 1465 3568 mihi
1491 3513 1676 3568 nolitis
1703 3515 1715 3568 l
1750 3511 1826 3566 En
1857 3515 2042 3584 igitur,
2082 3515 2271 3579 frater,

683 3623 749 3661 ex
776 3606 1068 3677 Evangelio
1098 3614 1154 3660 et
1199 3606 1481 3675 apostolis,
1515 3605 1768 3660 similiter
1809 3616 1863 3660 et
1893 3621 1957 3660 ex
1997 3605 2270 3672 Patribus,

684 3699 897 3753 ostendi
929 3699 1047 3764 tibi,
1083 3699 1128 3753 si
1156 3698 1319 3752 modo
1365 3697 1526 3752 fidem
1559 3698 1761 3753 habere
1791 3699 1874 3753 vis
1910 3700 2091 3754 verbis
2119 3701 2265 3754 veri-

689 3790 833 3854 tatis,
862 3791 1344 3862 mmcliosynodum
1373 3805 1565 3845 omnes
1588 3790 1814 3845 haeresis
1843 3807 2104 3847 numeros
2159 3794 2275 3846 sine

687 3884 1052 3938 controversia
1093 3884 1374 3952 explesse,
1437 3885 1504 3937 ah
1557 3882 1826 3938 adulterio
1873 3884 2270 3953 incipientem:

691 3975 904 4030 tametsi
940 3976 1216 4045 paululum
1255 3974 1513 4044 quiddam
1566 3974 1622 4028 in
1658 3975 1839 4029 nicdio
1865 3977 2182 4040 substraxit,
2208 3992 2274 4030 eo

689 4067 834 4137 quod
870 4067 1224 4121 adulterinain
1269 4076 1479 4120 tantum
1529 4067 1972 4135 conjunctionem
2023 4068 2273 4122 nornina-

690 4162 788 4221 vit.
816 4161 901 4215 vel
929 4161 1108 4230 potius
1158 4159 1489 4229 praedicavit,
1524 4159 1991 4228 dispensationem
2043 4175 2166 4215 esse
2218 4160 2273 4213 in

693 4253 932 4308 Ecclesia
956 4249 1080 4306 Dei.
1117 4251 1222 4305 Nec
1245 4267 1376 4306 vero
1424 4252 1623 4306 mirere
1660 4251 1704 4305 si
1737 4267 1838 4306 vox
1874 4267 1981 4304 una
2021 4251 2272 4305 haeresim

694 4345 864 4415 pariat
893 4361 907 4399 :
935 4359 1058 4398 cum
1083 4343 1372 4396 Dominum
1401 4343 1675 4398 dicentem
1695 4344 1882 4396 audias
1911 4361 1924 4395 :
1955 4343 2068 4396 Iota
2091 4360 2270 4406 unum,

699 4446 792 4489 aut
816 4449 950 4489 unus
981 4450 1116 4502 apex
1165 4449 1269 4487 non
1301 4433 1588 4501 praeteribit
1619 4450 1650 4486 a
1687 4434 1819 4505 lege,
1881 4440 2040 4487 donec
2095 4435 2271 4488 omnia

693 4528 824 4596 ﬁant
872 4525 939 4580 η.

766 4623 833 4676 Et
881 4635 1013 4676 cave
1083 4619 1288 4674 dicas:
1347 4616 1486 4684 Quid
1541 4633 1679 4689 opus
1732 4628 1818 4675 est
1877 4620 2043 4675 nimis
2116 4619 2277 4674 anxie

696 4714 968 4777 laborare,
1005 4721 1060 4768 et
1088 4726 1185 4782 per
1214 4727 1380 4766 unam
1402 4711 1696 4768 dictionem
1734 4713 1923 4769 doctas
1952 4715 2284 4784 speculatio-

696 4819 796 4858 nes
837 4817 1113 4865 revocare,
1140 4812 1302 4873 atque
1325 4804 1428 4858 hoc
1459 4804 1657 4859 illudve
1687 4805 2031 4870 concludere,
2054 4821 2124 4860 ne
2146 4806 2284 4860 forte

698 4896 967 4967 impingas
1035 4896 1090 4950 in
1152 4894 1404 4951 haeresim
1477 4896 1965 4952 Gnosimachorum
2001 4938 2015 4961 ,
2072 4899 2139 4954 de
2180 4915 2286 4967 qua

699 4990 816 5045 haec
842 4998 1034 5044 auctor
1058 4988 1134 5043 ’δε
1155 4987 1506 5044 Gnosimacbi
1535 5001 1684 5057 sunt,
1714 4991 1805 5060 qui
1837 4991 1983 5045 omni
2017 4989 2284 5045 Christia-

697 5096 892 5137 norum
948 5081 1206 5153 agnitioni
1241 5081 1602 5138 adversantur
1626 5122 1641 5148 ,
1664 5066 1676 5079 ’
1699 5094 1758 5137 ιιι
1781 5099 1978 5138 vanum
2018 5092 2074 5138 et
2104 5083 2284 5138 minus

699 5175 1068 5231 necessarium
1098 5174 1338 5231 laborem
1362 5191 1482 5231 esse
1523 5177 1706 5231 dicant
1739 5193 1952 5242 eorum,
1997 5177 2088 5247 qui
2112 5177 2164 5230 in
2195 5176 2283 5230 di-

696 5267 840 5323 vinis
886 5267 1108 5337 scriptis
1150 5267 1383 5338 aliquam
1416 5270 1710 5338 exquirunt
1739 5269 2023 5323 scientiam
2053 5287 2066 5322 :
2105 5282 2283 5338 neque

698 5359 844 5413 enim
876 5356 1045 5414 Deum
1071 5360 1217 5415 aliud
1247 5377 1278 5415 a
1318 5359 1641 5416 Christianis
1664 5363 1960 5432 postulare,
1986 5361 2088 5414 nisi
2113 5361 2284 5415 bonas

697 5451 961 5507 actiones.
999 5452 1342 5524 Quapropter
1371 5455 1691 5524 simpliciter
1727 5462 1999 5524 quemque
2031 5454 2286 5508 incedere

698 5542 893 5599 melius
925 5551 1028 5610 est,
1053 5559 1216 5615 quam
1250 5545 1302 5598 in
1347 5546 1596 5616 dogmate
1637 5547 2013 5617 cognoscendo
2065 5547 2286 5600 multam

701 5649 886 5690 curam
926 5648 1150 5706 ponere.
1199 5636 1282 5692 Ad
1318 5638 1465 5693 hunc
1494 5653 1623 5709 ergo
1663 5639 1882 5693 modum
1920 5637 2290 5694 Gnosimaclii.

2377 3245 2463 3297 ἵνα
2509 3247 2646 3314 μετᾶ
2699 3247 2797 3317 τὴν
2846 3248 3019 3316 Θήραν
3043 3247 3150 3298 τῶν
3177 3247 3588 3318 ἁπατηθέντων,
3616 3245 3706 3299 τὸν
3751 3249 3954 3320 ἑαυτῆς

2375 3335 2697 3406 Κορύϐαντα
2733 3334 2888 3400 αὖθις
2933 3339 3282 3412 ἐπανυψώσῃ.
3317 3332 3422 3402 fﬂ;
3473 3336 3569 3408 τὴν
3619 3341 3815 3408 πεῖραν
3858 3338 3956 3407 φύ-

2375 3445 2525 3499 γοιμι
2563 3429 2662 3499 μὲν
2688 3428 2798 3496 ἐγὼ
2825 3431 2852 3482 ὁ
2881 3429 3066 3492 τάλας·
3104 3435 3292 3498 φυγεῖν
3332 3448 3390 3483 τε
3438 3430 3670 3500 εὖχομαι
3702 3431 3847 3499 ὑμᾶς
3880 3431 3952 3493 ὡς

2374 3521 2698 3590 ἁμαρτωλος
2726 3538 2740 3552 °
2773 3521 2873 3575 κᾶν
2906 3522 2967 3575 οὺ
3005 3521 3280 3590 βούλοισθε
3312 3526 3597 3593 προσέχειν
3645 3539 3732 3590 μοι
3761 3525 3775 3576 l
3826 3522 3954 3577 Ἰδοὺ

2374 3609 2466 3665 οὖν
2505 3611 2634 3680 ἐγὼ,
2664 3613 2880 3682 ἁδελψὲ,
2914 3612 3284 3680 εὐαγγελικῶς
3320 3632 3378 3666 τε
3436 3620 3529 3668 καὶ
3579 3613 3954 3676 ἁποστολικῶς

2374 3703 2510 3774 ὁμοῦ
2532 3721 2589 3756 τε
2623 3705 2719 3756 καὶ
2755 3705 3038 3776 [ἰατρικῶς
3070 3705 3392 3775 πιρέστησά
3418 3723 3524 3771 σοι,
3558 3706 3718 3776 εἴπερ
3743 3705 3953 3777 βούλοιο

2377 3794 2660 3848 πείθεσθαι
2697 3794 2872 3863 λόγοις
2909 3798 3192 3867 ἀληθείας·
3217 3798 3299 3850 ὅτι
3337 3799 3547 3868 αἵρεσιν
3570 3800 3954 3869 ἀναμφιϐόλως

2377 3888 2738 3957 πεπλήρωκεν
2771 3889 2804 3959 ή
2833 3888 3234 3959 μοιχοσύνοδος,
3265 3889 3530 3957 ἀρχθεῖσα
3559 3891 3666 3942 ἀπο
3697 3894 3800 3961 τῆς
3834 3907 3950 3959 μοιο

2375 3981 2526 4050 χείας
2556 3998 2570 4012 ⁸
2619 3982 2668 4034 εί
2715 3985 2808 4035 καὶ
2847 3983 2935 4036 διὰ
2985 3984 3151 4051 μέσου
3187 3982 3546 4050 ὑπελώςρησεν
3575 3987 3635 4035 ὲκ
3669 3985 3832 4053 μόνου
3863 3982 3953 4035 τοῦ

2376 4074 2661 4141 ὀνομάσαι,
2703 4075 2901 4145 μᾶλλον
2932 4076 2988 4128 δὲ
3021 4076 3254 4147 κηρύξαι
3307 4075 3403 4146 τὴν
3444 4073 3842 4145 μοιχοζευξίαν,
3879 4079 3953 4129 ol-

2377 4167 2638 4234 κονομίαν
2691 4168 2748 4219 ὲν
2803 4170 2870 4237 τῇ
2922 4167 3218 4238 Ἐκκλησία
3248 4167 3340 4220 τοῦ
3375 4165 3508 4219 Θεοῦ
3539 4166 3810 4234 γίνεσθαι.
3844 4169 3951 4221 Καὶ

2381 4259 2455 4326 μὴ
2495 4258 2802 4328 Θαυμάσης,
2838 4260 2886 4311 εί
2921 4259 3020 4327 μία
3074 4260 3226 4329 φωνὴ
3263 4260 3439 4311 τίκτει
3478 4259 3708 4328 αἵρεσιν·
3745 4258 3952 4311 ἀκούων

2378 4346 2473 4400 τοῦ
2535 4349 2739 4419 Κυρίου
2791 4349 3044 4415 λέγοντος
3077 4366 3091 4380 ο
3129 4349 3290 4403 Ἰὠτα
3322 4349 3392 4404 ἓν
3430 4350 3467 4418 ἣ
3493 4350 3603 4419 μία
3632 4352 3840 4416 κεραία
3886 4353 3952 4405 οὐ

2373 4441 2460 4510 μὴ
2509 4442 2773 4511 παρέλθῃ
2802 4443 2920 4496 ἀπὸ
2961 4441 3066 4496 τοῦ
3109 4444 3322 4512 νόμου.
3355 4443 3465 4509 ἕως
3513 4442 3592 4497 ἂν
3645 4445 3841 4496 πάντα
3869 4441 3954 4511 γέο

2376 4553 2567 4601 νηται.

2452 4627 2604 4697 Μηδὲ
2643 4621 2769 4698 δόξῃ
2807 4645 2888 4681 σοι
2919 4627 3124 4698 λέγειν·
3153 4627 3248 4691 Τίς
3278 4628 3437 4700 χρεία
3465 4627 3954 4700 πολυπραγμονεῖν,

2384 4721 2475 4771 καὶ
2517 4721 2602 4773 διὰ
2658 4722 2785 4789 μιᾶς
2823 4720 3019 4799 λέξεως
3063 4723 3446 4793 ἀνασειράζειν
3496 4723 3594 4785 τὰς
3650 4723 3953 4790 γνωστικὰς

2387 4812 2644 4883 Θεωρίας,
2677 4815 2769 4865 καὶ
2794 4814 3048 4882 συνάγειν
3089 4814 3248 4868 τοῦτο
3278 4816 3530 4880 κάχείνο;
3565 4815 3648 4868 ἵνα
3686 4815 3762 4886 μὴ
3789 4817 3955 4884 ἐμπέ-

2393 4921 2490 4973 σης
2547 4906 2626 4966 είς
2677 4905 2776 4976 τὴν
2815 4906 3120 4977 λεγομένην
3171 4907 3279 4960 τῶν
3314 4907 3682 4976 Γνωσιμάχων
3727 4908 3953 4977 αἰρεσιν,

2397 4995 2524 5063 περὶ
2550 4989 2618 5064 ἦς
2655 5011 2820 5064 φησιν
2849 4998 2876 5048 ό
2908 4996 3240 5065 συγγράφων
3261 5011 3276 5026 ο
3314 4997 3352 5048 Γ
3355 4998 3653 5067 νωσιμάχοι
3703 4997 3752 5050 oi
3816 4999 3957 5072 πάσῃ

2393 5085 2589 5153 γνώσει
2624 5085 2718 5138 τοῦ
2753 5087 3181 5158 Χριστιανισμοῦ
3209 5087 3650 5155 ἀντιπίπτοντες,
3688 5091 3748 5141 ὲν
3771 5074 3849 5162 τῷ
3874 5089 3955 5143 λέ-

2393 5187 2509 5246 γειν
2536 5179 2734 5241 αὐτοὺς
2769 5180 2851 5232 ὅτι
2882 5181 3140 5250 περισσόν
3178 5198 3229 5234 τι
3266 5180 3512 5234 ποιοῦσιν
3544 5181 3592 5235 οί
3623 5181 3854 5250 γνώσεις
3880 5199 3954 5235 τι·

2392 5269 2488 5330 νὰς
2533 5268 2888 5338 ὲκζητοῦντες
2937 5271 2997 5323 ὲν
3020 5273 3140 5333 ταῖς
3167 5270 3338 5335 Θείαις
3374 5273 3635 5342 Γραφαῖς
3673 5273 3824 5326 οὐδὲν
3856 5275 3953 5346 γὰρ

2391 5361 2518 5414 ἄλλο
2557 5360 2709 5430 ζητεί
2743 5362 2770 5413 ὁ
2808 5359 2942 5424 Θεὸς
2973 5363 3121 5431 παρὰ
3175 5363 3525 5434 Χριστωνοῦ,
3558 5364 3606 5416 εί
3637 5365 3710 5434 μὴ
3738 5367 3953 5435 πράξεις

2389 5451 2580 5512 καλάς.
2631 5451 2858 5518 Ἀγαθὸν
2909 5448 3001 5506 οὖν
3044 5454 3160 5506 ἐστι
3193 5455 3392 5524 μᾶλλον
3433 5455 3814 5526 ἁπλουστέραις
3849 5457 3952 5509 τινὰ

2391 5542 2737 5612 πορεύεσθαι,
2776 5544 2866 5596 καὶ
2928 5545 3094 5615 μηδὶν
3141 5545 3317 5615 δόγμα
3349 5547 3653 5615 γνωστικῆς
3699 5563 3950 5616 πραγμα-

2399 5636 2548 5698 τείας
2588 5637 3078 5707 πολυπραγμονεῖν.
3109 5636 3265 5690 Οὕτω
3289 5639 3383 5708 μὲν
3403 5635 3495 5692 οὖν
3523 5640 3572 5692 οἱ
3603 5639 3946 5710 Γνωσιμὰχοι.

774 5820 819 5852 ⁸ο
857 5821 1053 5892 Ephcs.
1093 5840 1149 5887 v,
1179 5820 1397 5877 ‘25-‘27.
1473 5826 1512 5856 “
1543 5823 1645 5879 lsa.
1675 5841 1846 5890 xuii,
1880 5826 1932 5880 6.
2011 5828 2054 5860 "
2105 5825 2278 5880 Galat.
2333 5841 2370 5890 ι,
2421 5823 2540 5881 6-8.
2618 5826 2660 5857 ⁸³
2690 5823 2876 5879 Matth.
2908 5841 2961 5889 v,
3001 5825 3082 5880 18.
3159 5829 3452 5886 "Damasc.
3481 5829 3551 5886 De
3579 5832 3768 5887 heres.
