4158 6496
200 413 352 480 1081

1433 417 1965 481 EPISTOLARUM
2002 421 2149 482 LIB.
2191 421 2239 482 ῐ.

3335 419 3472 486 1082

193 533 308 595 Δδς
330 526 430 586 οὖν
464 528 646 595 αὐτὸς,
669 530 826 603 είπερ
855 530 1020 602 ἔχεις,
1050 532 1115 586 ὲκ
1145 531 1305 586 θείων
1333 534 1548 602 φωνῶν,
1588 537 1670 589 ὅτι
1697 537 1781 606 ού)

1899 537 2040 592 Doce
2075 553 2204 595 vero
2227 547 2306 602 tu,
2353 536 2396 592 si
2429 546 2600 607 potes,
2623 550 2685 590 ex
2714 536 2913 591 divinis
2943 535 3157 592 Litteris
3220 538 3469 596 heresim

195 624 451 695 αἵρεσις·
482 622 575 676 καὶ
606 623 679 694 μή
714 639 806 693 μοι
851 623 1053 694 πλῆθος
1079 625 1324 699 ἑποίσῃς,
1351 627 1484 698 μηδὲ
1526 629 1655 690 τοὺς
1694 646 1784 681 νυ-

196 715 498 785 κτερινοὺς
531 713 804 777 θεοσεϐεῖς
831 701 1008 785 αὔχει,
1038 717 1370 782 γνωστικούς
1392 733 1452 771 τε
1485 716 1576 781 οὓς
1607 718 1786 786 λέγεις

193 805 302 859 καὶ
357 802 578 866 ίδιὼτας
633 803 728 857 καὶ
765 804 974 872 φίλους.
1032 806 1095 860 Ei
1123 807 1230 878 γὰρ
1264 807 1534 872 θεοσεϐεῖς
1557 850 1570 870 .
1613 809 1715 864 ποῦ
1748 812 1782 882 ή

195 897 531 969 παῤῥησία;
590 896 697 949 Καὶ
728 899 776 950 εί
804 897 1096 966 γνωστικοὶ
1145 899 1261 968 (καὶ
1291 899 1389 970 οὐχ
1432 901 1512 953 ὅτι
1540 901 1637 954 ούκ
1676 902 1784 954 είσὶ

191 987 377 1058 λέγω·
414 986 661 1058 ὁμολογῶ
693 989 801 1059 γὰρ
827 989 1057 1053 πολλοὺς
1082 992 1178 1045 καὶ
1207 992 1346 1062 ὑπὲρ
1376 993 1476 1063 ἐμὲ
1525 994 1619 1046 τὸν
1651 992 1789 1048 ίδιὼ-

189 1095 328 1149 την·
345 1078 468 1132 ἀλλ’
486 1079 643 1150 ειπερ
669 1078 878 1132 ιθουσιν
899 1079 1201 1150 ἀλήθειαν),
1233 1081 1446 1147 δείξωσι
1473 1083 1788 1151 γνωπικῶς

191 1169 258 1236 ἐξ
283 1169 467 1238 αὐτῆς
493 1169 590 1239 τῆς
617 1168 900 1238 ἀληθείας,
929 1171 1022 1223 καὶ
1050 1171 1157 1243 μὴν
1184 1171 1279 1225 καὶ
1317 1174 1382 1227 ἐκ
1409 1174 1787 1244 παραδειγμά·

191 1277 339 1320 των.
383 1259 443 1326 ιε
471 1259 822 1330 ἁρμοζόντων
858 1260 934 1322 δὲ,
961 1261 1096 1315 ἀλλὰ
1124 1263 1199 1333 μὴ
1233 1263 1292 1328 ἐξ
1315 1264 1663 1334 ἁσυμὸάτων,
1693 1266 1787 1318 καὶ

195 1349 553 1404 ὑπεναντίων
604 1353 671 1420 τῇ
702 1349 932 1422 ἀληθείᾳ
986 1353 1080 1406 καὶ
1118 1355 1232 1417 τοῖς
1269 1354 1648 1419 άποστολικοϊς
1694 1361 1786 1409 καὶ

200 1440 514 1508 Πατρικοίς
545 1438 752 1493 κανόσι.
807 1439 916 1492 Καὶ
948 1441 997 1493 εί
1027 1442 1172 1511 φίλοι
1200 1443 1342 1496 κατὰ
1368 1442 1520 1506 Θεὸν,
1553 1443 1667 1508 πῶς
1720 1446 1783 1514 τῇ

194 1528 470 1600 κοινωνίᾳ
499 1528 605 1582 τῶν
629 1529 952 1599 ἑτεροδόξων
973 1532 1384 1596 κοινωνοῦντεςς
1411 1534 1486 1588 Οὐ
1511 1534 1618 1604 γὰρ
1639 1535 1785 1602 φίλοι

195 1620 248 1672 οἱ
272 1619 512 1672 τοιοῦτοι
540 1620 784 1688 ἀληθινοὶ
807 1621 900 1674 καὶ
922 1622 1123 1674 πιστοί.
1162 1622 1400 1692 Πρόσεχε
1425 1619 1538 1687 οὖν,
1563 1624 1782 1691 ἁδελφὲ,

195 1711 253 1763 τί
295 1713 327 1764 ὁ
365 1709 506 1774 θεῖος
535 1710 812 1774 Βασίλειος
843 1712 989 1780 λέγει
1019 1712 1156 1783 πρὸς
1183 1713 1308 1776 τοὺς
1330 1715 1388 1766 ιν
1422 1713 1617 1786 πλήθει
1667 1714 1787 1784 κρίο

195 1817 401 1864 νοντας
423 1802 524 1871 τὴν
547 1801 826 1871 ἀλήθειαν.

1891 643 2000 683 non
2057 643 2178 684 esse
2219 637 2318 683 :et
2349 643 2417 682 ne
2450 627 2579 682 mihi
2612 626 3014 682 multitudinem
3057 628 3314 696 obiicias,
3372 643 3476 685 nec

1895 727 2194 773 nocturnos
2225 716 2318 771 Dei
2356 716 2592 772 cultores
2633 716 2826 786 jactes,
2875 717 3170 786 doctosque
3191 733 3326 786 quos
3367 720 3474 783 ais,

1887 819 1942 864 et
1968 810 2192 864 amicos.
2229 808 2363 864 Nam
2393 810 2434 862 si
2465 808 2630 863 Deum
2655 809 2860 873 colunt,
2893 807 2983 863 ubi
3009 809 3269 879 loquendi
3298 810 3470 866 libero

1886 900 2014 955 tas?
2054 901 2116 954 Et
2142 941 2158 964 ,
2194 901 2237 955 si
2292 900 2458 964 docti,
2509 915 2683 967 neque
2735 913 2833 969 ego
2873 899 3087 953 inﬁcior
3139 901 3274 955 talea
3301 914 3464 956 esse:

1889 992 2087 1047 multos
2134 993 2280 1048 enim
2315 993 2581 1048 conﬁteor
2608 1010 2694 1048 me
2747 993 2998 1064 imperito
3043 995 3350 1052 doctiores:
3379 997 3474 1050 sed

1887 1084 1932 1138 si
1964 1085 2240 1139 veritatem
2273 1093 2480 1151 tenent,
2511 1085 2745 1140 scienter
2793 1086 3084 1141 ostendant
3134 1101 3198 1142 ex
3235 1087 3349 1156 ipsa
3379 1101 3478 1143 ve-

1890 1176 2070 1237 rltate,
2105 1185 2268 1246 atque
2294 1177 2430 1232 adeo
2477 1178 2546 1232 ab
2574 1178 2855 1248 exemplis,
2896 1178 3039 1248 aptis
3073 1177 3215 1241 dico,
3244 1179 3472 1234 seduon

1888 1282 1951 1322 ex
2000 1268 2212 1332 alienis,
2246 1270 2644 1338 contrariisque
2676 1270 2911 1336 veritati,
2939 1277 2994 1325 et
3031 1271 3345 1341 apostolicis
3367 1287 3466 1343 pa-

1889 1359 2168 1427 ternisque
2198 1359 2519 1414 canonibus.
2553 1358 2636 1424 Et,
2676 1361 2718 1414 si
2751 1361 2918 1414 amici
2942 1361 3241 1416 secundum
3276 1361 3470 1424 Deum,

1887 1435 2161 1516 quomodo
2220 1451 2601 1504 haereticorum
2653 1451 3026 1504 communioni
3091 1453 3474 1522 participant?

1885 1541 2070 1610 Neque
2097 1542 2240 1596 enim
2266 1551 2391 1596 sunt
2417 1543 2549 1596 tales
2582 1543 2739 1597 amici
2769 1543 2878 1596 veri
2911 1551 2966 1596 et
2997 1541 3206 1599 ﬁdeles.
3237 1541 3474 1599 Attende

1887 1632 2089 1701 itaque,
2134 1632 2301 1686 frater
2335 1672 2349 1694 ,
2385 1634 2510 1703 quid
2546 1633 2762 1688 divinus
2818 1633 3047 1689 Basilius
3078 1634 3199 1706 (τι)
3240 1636 3386 1696 dicat
3414 1637 3469 1692 in

1890 1738 1985 1778 eos
2019 1725 2112 1794 qui
2143 1725 2425 1779 veritatem
2460 1725 2759 1779 metiuntur
2788 1740 2852 1780 ex
2884 1726 3252 1784 multitudine.

283 1894 347 1945 ὐ
387 1895 465 1963 μὴ
497 1893 728 1962 τολμῶν,
758 1894 914 1962 φησὶ,
951 1891 1134 1946 δοῦναι
1167 1892 1322 1960 λόγον
1354 1896 1453 1965 τῆς
1486 1898 1781 1967 προκειμέ-

1959 1901 2062 1966 Qui
2092 1901 2159 1955 de
2194 1899 2365 1970 posita
2393 1901 2694 1969 quaestione
2717 1939 2732 1965 ,
2772 1900 2866 1966 ait,
2927 1900 3190 1957 rationem
3241 1903 3470 1960 reddere

197 2000 301 2053 νης
347 1984 648 2056 ζητήσεως.
696 1983 829 2054 μηδὲ
859 1983 1108 2055 εὐπορῶν
1160 1985 1508 2052 ἀποδείξεως,
1568 1991 1662 2043 καὶ
1694 1991 1781 2046 διὰ

196 2075 365 2128 τοῦτο
398 2074 760 2142 καταφεύγων
792 2078 870 2139 είς
899 2075 1124 2144 πλῆθος,
1159 2077 1414 2146 ὁμολογεῖ
1440 2079 1537 2150 τὴν
1587 2077 1781 2153 ἧτταν,

197 2165 274 2229 ὼς
314 2165 470 2220 οὐδὲν
504 2165 642 2236 ἔχων
694 2166 1007 2238 παρρησίας
1033 2168 1266 2235 ἑφόδιον.
1295 2169 1402 2224 Καί
1421 2173 1551 2240 μεθ’
1575 2172 1745 2242 ἕτερα
1765 2191 1777 2205 ·

201 2256 449 2322 Δειξάτω
490 2274 578 2327 μοι
605 2258 800 2321 κάλλος
833 2257 1090 2327 ἀληθείας
1125 2259 1228 2313 κᾶν
1257 2256 1360 2324 εἷς,
1388 2264 1482 2316 καὶ
1520 2262 1783 2335 σύντομος

203 2349 370 2412 εὐθὺς
405 2349 438 2418 ή
472 2348 662 2404 πειθώ.
705 2349 911 2419 Πλῆθος
945 2349 1000 2402 δὲ
1030 2352 1197 2422 χωρὶς
1231 2353 1555 2421 ἀποδείξεως
1589 2356 1781 2410 αὐθεν-

201 2437 353 2504 τοῦν,
399 2439 636 2508 φοϐῆσαι
689 2439 787 2508 μὲν
841 2440 1044 2504 ίκανὸν,
1104 2444 1288 2496 πείσαι
1321 2443 1378 2497 δὲ
1423 2445 1681 2516 οὐδαμοῦ.
1711 2449 1782 2501 Ἦ

202 2529 372 2584 πόσαι
400 2529 658 2600 μυριάδες
687 2528 935 2583 πείσουσί
966 2548 1034 2600 με
1071 2531 1167 2604 τὴν
1195 2534 1408 2605 ἡμέραν
1435 2535 1605 2590 νύκτα
1630 2539 1782 2610 νομί·-

205 2639 320 2685 σαι,
358 2619 485 2692 ῆτδ
537 2619 771 2692 χαλκοῦν
821 2622 1064 2694 νόμισμα
1116 2624 1354 2695 χρυσοῦν
1405 2626 1626 2690 eum.
1687 2629 1780 2682 καὶ

202 2711 348 2766 οὕτω
395 2710 673 2782 δέχεσθαι,
723 2712 756 2783 ἢ
807 2714 1128 2783 προσίεσθαι
1161 2714 1484 2788 δηλητήριον
1515 2719 1780 2791 πρόδηλον

204 2804 325 2856 ἀντὶ
369 2802 706 2870 καταλλήλου
765 2803 1003 2875 τροφῆς,
1045 2802 1174 2859 Εἶτα
1207 2807 1412 2878 γηΐνων
1465 2809 1565 2879 μὶν
1619 2810 1780 2865 ἕνεκα

208 2895 553 2964 πραγμάτων
583 2893 685 2946 οὐκ
723 2894 1156 2966 αίδεσθησόμεθα
1181 2897 1386 2968 πλῆθος
1407 2898 1774 2970 ψευδομένωνο

205 2987 474 3059 οὐρανίων
501 2987 559 3041 δὲ
588 2988 750 3059 χάριν
770 2989 1056 3061 δογμάτων
1076 2992 1338 3062 νεύμασιν
1367 2996 1717 3052 ἀναποδείκτν.
1730 3018 1776 3064 ις

205 3077 574 3146 ἀκολουθήσωο
603 3077 713 3132 τῶν
745 3079 913 3134 πάλαι
945 3083 1036 3137 καὶ
1061 3083 1341 3154 πρόπαλαι
1384 3087 1522 3157 μετὰ
1577 3089 1774 3161 πολλῆς

211 3169 552 3280 συμφωνίας,
579 3171 807 3280 καὶτῆς
833 3173 941 3226 τῶν
979 3173 1148 3242 ἁγίων
1179 3177 1411 3245 Γραφῶν
1451 3181 1774 3251 μαρτυρίας,
1801 3218 1845 3280 C

211 3260 621 3334 παραδοθέντων
677 3263 1090 3335 άναχωρήσαςς
1148 3267 1261 3321 Οὐκ
1312 3269 1625 3341 ἠκούσαμεν
1684 3273 1776 3326 τοῦ

211 3354 418 3425 Κυρίου
447 3353 717 3420 λέγοντος⁸
765 3355 984 3409 Πολλοί
1015 3358 1250 3424 κλητοί,
1297 3360 1485 3430 durat
1515 3361 1583 3414 δὲ
1620 3363 1780 3417 ἐκλε-

211 3446 340 3500 κτοί
355 3463 374 3512 ;
400 3445 509 3499 Καὶ
537 3445 708 3500 πάλιν
735 3461 749 3476 ⁸
786 3446 976 3515 Στενὴ
1001 3449 1096 3502 καί
1126 3451 1482 3522 τεθλιμμένη
1509 3454 1547 3521 ἡ
1576 3454 1715 3521 ὁδὸς
1737 3456 1776 3523 ἠ

210 3537 530 3607 ἀπάγουσα
560 3541 647 3604 εις
693 3537 809 3606 τὴν
838 3536 1012 3605 ζωὴν,
1041 3536 1137 3594 καί
1169 3543 1361 3610 ὀλίγοι
1407 3543 1568 3597 εἰσιν
1591 3549 1646 3600 οι
1677 3550 1778 3602 εὐ-

205 3631 526 3699 ρίσκοντες
557 3630 788 3698 acritr;
815 3618 910 3692 Τίς
935 3631 1031 3685 οὖν
1071 3632 1182 3687 τῶν
1209 3628 1267 3687 εὖ
1303 3634 1644 3704 φρονούντων
1680 3639 1780 3692 οὐκ

212 3721 425 3794 εὔχεται
453 3721 559 3775 τῶν
595 3721 790 3789 ὀλίγων
815 3717 954 3775 εἶναι
981 3724 1088 3777 τῶν
1116 3725 1203 3779 διὰ
1227 3727 1325 3796 τῆς
1355 3729 1548 3799 στενῆς
1579 3730 1774 3784 είσιόν-

212 3830 316 3865 των
347 3814 428 3874 είς
463 3813 755 3882 σωτηράν,
789 3811 820 3880 ἢ
865 3812 974 3865 τῶν
1004 3815 1210 3868 πολλῶν
1243 3816 1352 3869 τῶν
1383 3817 1472 3872 διὰ
1514 3819 1610 3888 τῆς
1634 3820 1780 3873 ’πλα-

212 3906 356 3966 τείας
385 3907 464 3968 είς
493 3903 768 3958 ἀπώλειαν
796 3904 1124 3977 ὠθουμένων
1148 3926 1161 3974 ;
1192 3894 1289 3972 Τίς
1333 3910 1378 3962 δ’
1406 3911 1506 3963 ούκ
1551 3911 1619 3963 ἂν
1678 3915 1778 3966 επ-

213 3996 502 4068 εθύμησιν,
530 3997 580 4049 εί
598 3995 737 4049 κατὰ
756 3995 847 4047 τὸν
870 3999 1059 4068 καιρὸν
1081 3996 1272 4069 ἔτυχεν
1291 4000 1356 4053 ἂν
1375 4000 1474 4070 τῆς
1500 4001 1778 4073 ἀθλήσεως

214 4088 302 4141 τοῦ
339 4089 609 4159 μακαρίου
644 4086 936 4155 Στεφάνου,
968 4089 1066 4157 τῆς
1117 4091 1324 4144 ἐκείνου
1367 4093 1585 4164 μερίδος
1630 4096 1779 4162 γενέ⁴

215 4180 334 4234 σθαι
387 4178 480 4232 τοῦ
538 4181 701 4250 μόνου
753 4180 863 4240 τοῖς
909 4178 1078 4244 λίθοις
1108 4181 1460 4252 βαλλομένου,
1489 4182 1583 4238 τοῦ
1611 4188 1776 4238 πᾶσιν

215 4274 289 4336 είς
317 4271 528 4339 γέλωτα
563 4269 945 4341 προκειμένου,
980 4271 1012 4341 ἦ
1063 4272 1172 4324 τῶν
1210 4273 1423 4327 πολλῶν
1459 4275 1564 4329 τῶν
1603 4275 1778 4346 οξομέ·

215 4377 316 4413 νων
362 4358 421 4412 τδ
478 4360 791 4426 ἀξιόπιστον
818 4359 962 4428 ἔχειν
1002 4363 1065 4413 ὲκ
1108 4362 1206 4432 τῆς
1250 4363 1425 4432 κακῆς
1450 4363 1772 4426 αύθεντίαςς

217 4447 304 4514 Εἷς
340 4450 638 4521 εὐδοκιμῶν
672 4451 751 4514 είς
781 4447 840 4503 τὸ
883 4451 1035 4505 Θείον
1086 4456 1476 4525 προτιμότερος
1513 4455 1651 4525 ὑπὲρ
1683 4473 1776 4526 μυ·

219 4543 401 4614 ριάδας
453 4541 709 4612 αὐθαδείᾳ
763 4543 1184 4612 σεμνυνομένας.
1245 4544 1330 4607 Ὠς
1380 4545 1471 4597 καὶ
1529 4545 1621 4598 ἰπὶ
1675 4547 1774 4614 τῆς

217 4637 454 4700 Παλαιᾶς
486 4635 760 4706 Διαθήκης
791 4636 1138 4706 εὑρίσκομεν,
1170 4641 1228 4691 ὲν
1353 4637 1606 4707 ’χιλιάδες
1663 4636 1776 4689 ἐπι-

217 4746 343 4784 πτον
382 4727 476 4781 τοῦ
505 4726 637 4782 λαοῦ
692 4726 935 4796 θεηλάτῳ
969 4728 1175 4799 πληγῇ⁹
1201 4731 1394 4796 Μόνος
1451 4726 1520 4782 δὲ
1572 4727 1778 4794 Φινεὲς

215 4824 377 4889 ἔστη,
407 4819 505 4875 καί
528 4818 872 4885 ἐξάάσατο·
901 4820 999 4874 καί
1022 4821 1330 4874 ἐκόπασεν
1350 4822 1387 4889 ἠ
1412 4820 1680 4888 θραῦσις.
1716 4819 1778 4872 El.

216 4915 269 4969 δι
306 4908 458 4966 εἶπεν
502 4913 730 4974 ἐκεῖνος’
780 4912 906 4977 Πῶς
931 4913 1184 4982 τολμήσω
1213 4914 1348 4983 πρὸς
1371 4915 1439 4967 τὰ
1473 4911 1778 4982 συμφώνως

219 5005 318 5057 ὑπὸ
361 5004 632 5056 τοσούτων
665 5004 963 5073 γινόμενα;
1011 5004 1128 5065 πῶς
1183 5003 1438 5066 ἐναντίως
1491 5003 1778 5070 ὑπόθωμαι

216 5097 385 5167 ψῆφον
446 5097 556 5152 τῶν
597 5096 768 5159 οὕτως
817 5097 1119 5166 κρινάντων
1172 5093 1311 5166 ζῇνς
1354 5095 1465 5149 οὔτ’
1498 5095 1564 5148 ἂν
1615 5093 1777 5156 αὐτὸς

217 5189 551 5261 ἠρίστευσεν,
601 5187 715 5240 οὐτ’
747 5189 813 5241 ἂν
863 5190 923 5240 τὸ
966 5195 1136 5241 κακον
1185 5188 1432 5257 ἔστησεν,
1477 5187 1676 5241 οὗτ⁹άν
1727 5186 1776 5240 oi

218 5279 386 5332 λοιποὶ
447 5277 820 5348 διεσώθησαν,
880 5276 992 5331 οὔτ’
1040 5278 1106 5332 ἂν
1165 5279 1296 5340 Θεὸς
1323 5279 1419 5348 τὴν
1489 5279 1776 5348 εὐμένειαν

220 5369 524 5441 ἐχαρίσατο.
596 5367 775 5422 Καλὸν
840 5361 971 5432 οὖν,
1027 5367 1187 5422 καλὸν
1219 5409 1234 5433 ,
1295 5372 1388 5420 καὶ
1432 5367 1493 5418 τὸ
1543 5368 1636 5420 ἕνα
1700 5367 1777 5419 δι-

221 5462 381 5524 καίως
436 5457 949 5532 παρρησιάζεσθαι,
1006 5456 1101 5512 καὶ
1129 5458 1228 5528 τὴν
1252 5457 1359 5511 τῶν
1390 5457 1597 5511 πολλῶν
1639 5476 1778 5528 συμ-

1886 2008 1995 2047 non
2022 1992 2205 2056 audet,
2245 2001 2300 2046 et
2328 1993 2413 2047 cui
2443 2007 2552 2045 non
2585 1992 2826 2062 suppetit
2861 1991 3288 2058 demonstratio,
3314 1993 3470 2050 ideo-

1891 2097 1997 2152 que
2041 2082 2346 2152 perfugium
2379 2083 2542 2136 habet
2595 2083 2646 2135 in
2679 2082 3022 2138 multitudine
3049 2099 3064 2148 ;
3092 2085 3136 2139 is
3161 2099 3220 2139 se
3261 2085 3466 2140 victum

1883 2173 2102 2238 fatetur,
2136 2179 2197 2226 ut
2233 2173 2322 2242 qui
2357 2173 2564 2226 nullum
2598 2173 2793 2228 habeat
2823 2173 3033 2228 fiduciae
3061 2174 3463 2243 adiumentum.

1884 2265 1950 2319 Et
1980 2277 2094 2332 post
2129 2266 2238 2318 alia
2271 2281 2289 2319 :
2318 2262 2581 2319 Ostendat
2619 2264 2748 2318 mihi
2793 2265 2878 2319 vel
2913 2279 3053 2320 unus
3103 2265 3467 2335 pulchritudi-

1883 2371 2007 2409 nem
2038 2355 2299 2420 veritatis,
2332 2362 2385 2408 et
2422 2362 2666 2424 prompta
2692 2368 2812 2408 mox
2854 2354 2959 2408 erit
2987 2357 3288 2424 persuasio.
3324 2355 3465 2411 Mul-

1883 2447 2056 2502 titudo
2081 2457 2263 2501 autem
2294 2447 2413 2501 sine
2463 2446 2928 2502 demonstratione
2950 2449 3329 2504 auctoritatem
3359 2450 3462 2505 sibi

1881 2539 2186 2603 vindicans,
2214 2546 2420 2592 terrere
2461 2537 2677 2606 quidem
2715 2547 2936 2607 potest,
2979 2539 3302 2608 persuadere
3353 2557 3461 2596 non

1880 2637 2082 2700 potest.
2134 2628 2243 2682 Aut
2272 2638 2404 2698 quot
2446 2627 2726 2682 hominum
2776 2627 3042 2697 myriades
3063 2629 3200 2682 mihi
3232 2644 3461 2698 persua-

1879 2719 2064 2784 deant,
2095 2727 2155 2773 ut
2181 2717 2326 2772 diem
2358 2727 2580 2772 noctem
2624 2725 2839 2788 putem,
2873 2717 2958 2770 vel
2990 2725 3045 2771 ut
3073 2732 3274 2773 aereum
3303 2733 3464 2774 num-

1880 2823 2026 2862 mum
2073 2823 2172 2877 pro
2226 2823 2393 2862 aureo
2424 2807 2650 2862 habeam
2681 2816 2736 2862 et
2769 2806 3031 2879 accipiam
3066 2844 3081 2869 ,
3115 2809 3197 2863 vel
3251 2819 3460 2864 certum

1879 2911 2149 2953 venenum
2169 2897 2414 2953 hauriam
2455 2913 2552 2969 pro
2581 2897 2703 2953 cibo
2733 2900 3074 2967 congruenti?
3111 2899 3249 2971 Ergo
3289 2908 3465 2955 terre-

1877 3001 2072 3041 narum
2109 2987 2327 3057 quidem
2357 3002 2536 3040 rerum
2555 3002 2713 3042 causa
2737 2988 3135 3044 multitudinem
3152 2989 3286 3043 nihil
3311 3004 3467 3046 vero-

1877 3078 1976 3134 bor
2029 3079 2073 3134 si
2134 3080 2474 3145 mentiatur;
2518 3080 2571 3134 in
2610 3080 2921 3136 cmicstibus
2985 3092 3165 3136 autem
3229 3083 3463 3139 decretis

1878 3170 2179 3240 simplicem
2210 3171 2414 3241 absque
2469 3171 2928 3226 demonstratione
2971 3182 3164 3227 nutum
3204 3187 3401 3244 sequar
3437 3191 3454 3241 ;

1881 3264 1950 3318 ab
1981 3264 2048 3318 iis
2082 3263 2344 3318 recedens
2370 3278 2492 3333 quae
2513 3262 2623 3333 jam
2654 3263 2780 3317 olim
2841 3278 3034 3334 magno
3069 3279 3344 3320 consensu
3387 3279 3452 3320 ex

1881 3353 2187 3408 divinorum
2234 3354 2562 3422 scriptorum
2599 3354 2909 3410 testimonio
2963 3355 3158 3411 tradita
3199 3357 3462 3412 fuerunt?

1882 3442 2000 3500 Non
2061 3445 2367 3500 audivimus
2411 3445 2703 3500 Dominum
2736 3445 3045 3502 dicentem:
3077 3446 3235 3502 Multi
3268 3450 3459 3515 vocati,

1879 3535 2036 3604 pauci
2066 3552 2182 3588 vero
2212 3537 2361 3589 electi
2388 3537 2455 3589 ".
2481 3533 2547 3590 Et
2579 3536 2775 3591 iterum
2810 3555 2824 3591 :
2858 3541 3094 3607 Augusta
3117 3549 3166 3593 et
3197 3550 3348 3594 arcta
3381 3553 3458 3596 εει

1881 3627 1964 3680 uia
2007 3642 2122 3696 qua:
2150 3627 2293 3680 ducit
2335 3629 2404 3680 ad
2434 3629 2598 3681 vitam
2623 3646 2640 3684 :
2664 3638 2711 3681 et
2745 3632 2899 3698 pauci
2933 3641 3052 3683 sunt
3076 3633 3165 3702 qui
3192 3632 3459 3688 inveniunt

1879 3734 1997 3771 eam
2029 3718 2118 3771 "‘2
2147 3716 2280 3785 Quis
2307 3735 2436 3792 ergo
2469 3735 2614 3774 sanae
2639 3721 2838 3775 mentis
2868 3737 2977 3776 non
2995 3722 3200 3778 mavult
3224 3737 3288 3779 ex
3322 3739 3460 3794 pau-

1879 3810 1957 3864 cis
2023 3825 2167 3876 esse,
2203 3811 2295 3880 qui
2346 3827 2442 3881 per
2489 3821 2772 3883 angustam
2806 3813 3080 3868 introeant
3113 3814 3168 3868 in
3206 3815 3457 3882 salutem,

1878 3917 2039 3972 quam
2066 3918 2130 3956 ex
2158 3903 2341 3957 multis
2368 3903 2459 3974 qui
2494 3919 2590 3974 per
2617 3904 2779 3958 latam
2821 3907 3068 3960 ferantur
3092 3906 3161 3961 ad
3197 3908 3460 3977 perditio-

1878 4009 2004 4048 nem
2038 3994 2060 4047 ?
2087 3993 2196 4048 Aut
2223 3995 2345 4065 quis
2383 4010 2491 4050 non
2529 3995 2697 4066 magis
2718 4006 2980 4066 Optasset,
3013 3997 3060 4052 si
3095 4007 3338 4068 tempore
3367 4000 3459 4056 illo

1879 4084 2101 4140 vixisset
2133 4102 2241 4155 quo
2275 4086 2465 4141 beatus
2513 4086 2826 4157 Stephanus
2879 4098 3156 4143 certamen
3207 4090 3368 4157 obiit,
3403 4090 3456 4145 in

1879 4177 2022 4234 illius
2051 4189 2204 4248 parte
2243 4179 2455 4234 censeri
2482 4181 2572 4250 qui
2617 4179 2764 4234 solus
2812 4179 3085 4250 lapidibus
3143 4182 3455 4251 petebatur,

1877 4271 1968 4340 qui
2042 4271 2284 4325 omnium
2341 4271 2576 4326 ludibrio
2610 4273 2889 4342 expositus
2943 4283 3090 4338 erat,
3125 4287 3288 4342 quam
3315 4274 3458 4329 inter

1878 4364 2078 4418 multos
2141 4364 2260 4418 illos
2311 4363 2402 4433 qui
2455 4373 2676 4434 propter
2741 4364 2998 4433 injustam
3049 4365 3452 4430 auctoritatem,

1878 4455 2221 4510 verisimilem
2252 4471 2470 4510 causam
2510 4456 2756 4510 obtinere
2781 4455 3137 4510 videbantur?
3161 4456 3340 4513 Pluris
3371 4467 3455 4514 est

1878 4561 2020 4600 unus
2050 4546 2160 4598 Deo
2192 4546 2432 4613 placens,
2465 4559 2628 4614 quam
2666 4545 2935 4615 myriades
2966 4561 3086 4600 sese
3133 4557 3453 4618 arroganter

1873 4636 2216 4706 jactantium.
2235 4633 2704 4700 Quemadmodum
2729 4646 2784 4690 et
2811 4651 2874 4690 ex
2899 4634 3079 4691 Veteri
3103 4636 3451 4694 Testamento

1878 4727 2162 4792 discimus,
2185 4742 2308 4780 cum
2354 4727 2519 4780 millia
2561 4727 2731 4781 multa
2756 4742 2787 4782 e
2815 4728 3013 4797 populo
3060 4728 3212 4798 plaga
3244 4729 3450 4785 caelesti

1875 4819 2155 4880 caderent,
2193 4817 2260 4871 Et
2297 4816 2512 4870 Pliineea
2556 4817 2696 4869 solus
2747 4818 2916 4880 atetit,
2952 4817 3223 4888 Deumque
3265 4820 3453 4892 placa-

1879 4912 1972 4974 vit,
2001 4919 2049 4963 et
2102 4910 2318 4963 cessavit
2367 4909 2636 4978 quassatio
2668 4909 2737 4962 ⁵⁷.
2799 4908 2955 4974 Quod
2995 4911 3040 4964 si
3071 4909 3296 4964 dixisset
3322 4911 3449 4966 ille:

1881 5001 1984 5066 Qui
2042 5001 2214 5056 ausim
2259 5017 2360 5072 ego
2411 5003 2670 5056 adversus
2731 5016 2792 5055 ea
2823 5017 2944 5070 qua:
3010 5011 3117 5056 tam
3150 5001 3303 5056 multi
3345 5019 3453 5057 uno

1880 5107 2154 5148 consensu
2211 5091 2416 5147 faciunt
2448 5092 2588 5160 ?qui
2620 5091 2861 5160 refrager
2911 5092 2976 5147 iis
3018 5093 3108 5162 qui
3141 5093 3221 5147 sic
3272 5095 3452 5150 vivere

1880 5185 2241 5240 decreverunt
2270 5185 2294 5236 ?
2325 5198 2427 5238 nec
2456 5183 2730 5254 egregium
2766 5183 2979 5240 facinus
3025 5185 3288 5240 edidisset
3313 5186 3449 5257 ipse,

1882 5289 1983 5329 nec
2028 5273 2355 5328 inhibuisset
2384 5274 2606 5337 malum,
2665 5288 2840 5342 neque
2872 5275 3073 5329 servati
3105 5276 3284 5330 caeteri
3317 5275 3452 5330 fuis-

1883 5376 2024 5428 sent,
2057 5381 2233 5435 neque
2266 5365 2407 5420 Deus
2434 5365 2869 5421 benevolentiam
2917 5381 3070 5420 suam
3126 5366 3453 5436 impertivis-

1883 5465 1986 5513 set.
2023 5455 2299 5526 Optimum
2327 5471 2477 5527 ergo,
2521 5455 2811 5527 optimum,
2841 5457 2924 5512 vel
2957 5472 3125 5512 unum
3177 5457 3454 5513 hominem

285 5602 330 5634 ⁸⁸
360 5601 544 5656 Matth.
580 5616 666 5665 xx,
732 5599 818 5654 16.
909 5599 955 5630 ⁸⁸
981 5597 1172 5654 Matth.
1224 5615 1318 5661 vn,
1358 5596 1439 5651 Η.
1517 5596 1561 5628 ⁸⁷
1607 5594 1775 5650 Num.

1890 5613 1940 5658 ν,
1971 5596 2002 5648 7
2026 5639 2040 5663 ,
2079 5594 2218 5649 Psal.
2241 5609 2325 5661 cv,
2353 5595 2440 5648 50.

1719 5709 1950 5765 NOTAE.

291 5805 396 5873 (Et)
428 5805 527 5858 Alii
569 5803 914 5862 Theodoreto
940 5808 1206 5872 tribuunt,
1238 5808 1329 5861 alii
1373 5805 1633 5861 Eutherio
1664 5803 1976 5877 Tyauorum
2014 5804 2292 5874 episc0po.
2319 5803 2526 5858 \‘idesis
2548 5799 2875 5859 Carnerium
2916 5805 2966 5857 in
3003 5804 3254 5859 Auctario
3285 5803 3452 5862 Theo-

226 5875 402 5942 doreti,
424 5891 544 5944 pag.
578 5877 704 5930 698.
