4158 6472
706 378 843 441 1083

1885 383 1946 444 S.
1986 385 2383 446 THEODORI
2417 383 2762 445 STUDlT/E

3809 381 3949 444 1084

698 493 821 561 jure
849 491 1066 556 audere,
1099 501 1152 544 et
1190 490 1446 560 injustam
1473 493 1764 547 multorum
1795 496 2139 549 concordiam
2162 497 2268 550 dis-

2379 496 2578 564 φωνίαν
2629 496 2808 548 ἄδικον
2855 491 3100 546 λύεσθαι.
3140 492 3305 546 Ἀλλά
3354 493 3419 546 σὺ
3453 493 3550 563 μὲν
3587 509 3945 563 προτιμησον,

702 579 935 633 solvere.
965 577 1042 631 Tu
1076 593 1222 640 vero,
1249 578 1292 632 si
1324 579 1535 633 videtur
1561 621 1576 642 ,
1610 589 1825 634 servato
1857 581 1969 636 No.“
2028 585 2277 638 submer-

701 684 815 724 sam
846 669 1248 724 multitudinem
1288 679 1598 738 antepone:
1642 672 1771 724 milii
1819 683 1994 727 autem
2027 677 2277 744 permitte

702 770 762 816 nt
799 776 920 816 cum
961 762 1146 831 paucis
1191 760 1259 815 ad
1307 774 1486 816 arcam
1517 764 1824 818 convolem.
1858 765 1920 818 Et
1948 782 2188 830 rursum,
2233 767 2276 822 si

707 854 906 922 placet,
965 855 1198 927 adjunge
1247 865 1300 910 te
1356 856 1684 910 multitudini
1745 855 2102 911 Sodomorum
2137 873 2277 927 :ego

701 961 830 997 vero
875 960 996 999 cum
1029 947 1127 1002 Lot
1177 948 1361 1012 abibo,
1387 948 1635 1017 quamvis
1680 947 1827 1001 solus
1867 949 2037 1002 turbae
2071 949 2278 1002 utiliter

710 1052 770 1090 se
801 1037 1088 1092 subducat.
1132 1038 1420 1094 Enimvero
1455 1040 1586 1093 mihi
1616 1041 1777 1094 etiam
1811 1040 2103 1093 reverenda
2138 1039 2278 1091 mul-

703 1127 894 1191 titudo,
938 1145 1044 1183 non
1088 1130 1496 1198 inquisitionem
1541 1128 1770 1199 fugiens,
1803 1129 1896 1183 sed
1930 1129 2276 1182 demonstra-

703 1219 900 1272 tionem
936 1222 1182 1288 przebens
1208 1236 1222 1272 :
1249 1236 1354 1273 non
1382 1234 1563 1273 amare
1593 1220 1887 1282 ulciscens,
1922 1218 2018 1272 sed
2050 1225 2274 1286 paterno

702 1310 968 1380 castigans
1005 1327 1019 1364 :
1066 1326 1174 1365 non
1225 1312 1464 1365 novitate
1523 1311 1763 1380 gaudens
1795 1351 1809 1372 ,
1855 1310 1950 1363 sed
1994 1317 2272 1378 paternam

705 1402 945 1456 retinens
991 1401 1380 1457 hereditatem.
1427 1402 1727 1467 Quamnam
1786 1415 1914 1454 vero
1976 1399 2272 1454 multitudi-

701 1510 826 1549 nem
863 1495 993 1548 milii
1029 1495 1288 1564 pradicas
1307 1495 1329 1548 ’ἒ
1347 1494 1626 1549 blanditiis
1648 1501 1704 1548 et
1728 1491 2043 1546 muneribus
2071 1491 2276 1545 condu-

2378 588 2425 638 εἰ
2458 587 2621 650 δοκεῖ,
2649 585 2743 637 τοῦ
2773 583 3079 654 σωζομένου
3110 583 3232 637 Νῶε
3261 585 3322 636 τὸ
3351 584 3680 655 ὑποϐρύχιον
3719 586 3946 656 ’πλῆθος⁸

2377 675 2498 743 ἐμοὶ
2542 673 2600 725 δὲ
2649 671 3004 742 συγχώρησον
3055 673 3166 734 τοῖς
3211 671 3413 740 ὀλίγοις
3443 676 3508 744 τῇ
3535 675 3758 744 κιϐωτῷ
3785 692 3949 744 προσ.

2376 767 2622 836 δραμεῖν.
2658 766 2762 818 Καὶ
2807 766 2990 827 πάλιν,
3035 767 3083 818 εἰ
3134 765 3335 834 βούλει,
3376 766 3534 830 τάξον
3587 768 3780 821 σαυτὸν
3811 768 3949 837 μετά

2377 857 2482 910 τῶν
2508 856 2717 908 πολλῶν
2749 858 2805 908 ὲν
2835 857 3110 924 Σοδόμοιςο
3142 857 3252 925 ἐγὼ
3274 857 3330 910 δὲ
3365 858 3666 911 συνοδέυσω
3688 858 3766 928 τῷ
3801 858 3946 916 Λὼτ.

2379 947 2479 999 κᾶν
2513 948 2670 1017 μόνος
2698 945 2804 999 τῶν
2832 947 3004 1016 δχλων
3035 947 3421 1017 συμφερόντως
3445 947 3767 1018 χωρίζηται.
3799 949 3948 1018 Πλὴν

2377 1040 2500 1109 ἐμοὶ
2547 1042 2641 1092 καὶ
2673 1039 2874 1108 πλῆθος
2907 1040 3209 1108 αἰδέσιμον,
3244 1041 3302 1092 ού
3327 1039 3390 1092 τὸ
3420 1040 3622 1109 φεῦγον
3676 1039 3948 1104 ἐξέτασιν,

2377 1131 2511 1184 ἀλλὰ
2544 1131 2604 1182 τὸ
2650 1131 2885 1198 παρέχον
2915 1129 3208 1193 ἀπόδειξιν·
3243 1131 3302 1183 ού
3339 1129 3400 1184 τὸ
3429 1130 3639 1200 πικρῶς
3676 1131 3952 1200 ἀμυνὸμε·

2376 1236 2484 1283 νον,
2521 1218 2658 1271 ἀλλά
2686 1219 2747 1271 τὸ
2776 1218 3055 1288 πατρικῶς
3101 1218 3478 1288 διορθούμενον
3511 1235 3524 1249 °
3559 1220 3622 1272 ού
3668 1219 3732 1271 τὸ
3757 1222 3951 1289 χαῖρον

2377 1307 2722 1378 καινοτομίᾳ,
2743 1307 2879 1361 ἀλλά
2907 1308 2966 1360 τὸ
2983 1308 3251 1376 φυλάσσον
3277 1308 3537 1380 πατρῴαν
3559 1308 3948 1379 κληρονομίαν.

2377 1397 2531 1449 Ποῖον
2555 1397 2610 1450 δέ
2666 1414 2756 1467 μοι
2795 1399 2887 1450 καὶ
2923 1397 3120 1466 πλῆθος
3150 1397 3363 1464 λέγειςς
3396 1399 3456 1451 τὸ
3489 1399 3761 1468 μισθωθὲν
3795 1401 3953 1453 κολα·

2377 1488 2502 1560 κείᾳ
2531 1489 2624 1540 καὶ
2651 1488 2842 1557 δώροις
2867 1505 2882 1553 ;
2913 1488 2974 1540 τὸ
3013 1487 3218 1542 κλαπὲν
3241 1489 3453 1559 ἀμαθία
3482 1506 3540 1542 τε
3582 1491 3676 1544 καὶ
3712 1491 3949 1562 ἀγνοίας

701 1586 890 1640 ctam?
925 1585 1194 1656 imperitia
1251 1595 1306 1640 et
1368 1585 1672 1656 ignorantia
1738 1583 1984 1654 captam?
2037 1591 2186 1637 metu
2221 1590 2276 1636 et

2379 1579 2436 1631 τὸ
2470 1579 2756 1642 πεπτωκὸς
2785 1578 2954 1648 δειλίᾳ.
2981 1580 3078 1632 καὶ
3107 1580 3254 1648 φόόῳ
3281 1596 3294 1644 ;
3318 1580 3379 1633 τὸ
3407 1582 3756 1650 προτιμῆσαν
3779 1584 3953 1652 πρόσ-

702 1687 911 1732 terrore
960 1687 1285 1748 prostratam
1311 1679 1332 1731 ’ἰ
1357 1694 1476 1746 quae
1514 1677 1733 1730 brevem
1781 1676 1991 1742 peccati
2052 1689 2269 1730 usuram

2379 1685 2565 1737 καιρον
2609 1669 2879 1739 ἁμαρτίας
2929 1670 3228 1722 ἀπόλαυσιν
3270 1669 3373 1738 τῆς
3420 1669 3639 1722 αἰωνίου
3699 1669 3885 1738 ζωῆςς
3917 1671 3952 1723 ἃ

703 1778 922 1822 mternze
962 1769 1086 1823 vitae
1115 1767 1400 1837 praetulit?
1432 1767 1574 1835 quod
1605 1766 1755 1820 multi
1796 1775 1981 1835 aperte
2033 1762 2272 1818 confessi

2379 1758 2561 1811 πολλοὶ
2592 1759 2840 1826 φανερῶς
2883 1758 3259 1828 ὡμολόγησαν.
3290 1759 3491 1828 Πλήθει
3513 1761 3573 1812 τὸ
3597 1759 3791 1828 ψεῦδος
3824 1777 3952 1827 κραο

703 1863 851 1910 sunt.
900 1854 1240 1911 Multitudine
1284 1855 1623 1910 mendacium
1675 1853 1958 1909 defendis?
1992 1853 2119 1907 hinc
2149 1852 2274 1906 mali

2379 1849 2589 1913 τύνεις;
2633 1851 2838 1914 ἔδειξας
2886 1850 2980 1904 τοῦ
3026 1849 3201 1904 δεινοῦ
3230 1852 3330 1921 τὴν
3357 1852 3626 1906 ἑπίτασιν.
3658 1852 3813 1922 Ὀσῳ
3843 1852 3952 1920 γὰρ

701 1945 808 1998 vim
834 1944 1115 1998 declarasti
1138 1963 1150 2010 ;
1171 1960 1277 2014 quo
1303 1944 1448 1998 enim
1480 1943 1544 1998 ad
1570 1943 1751 2014 plures
1771 1943 1969 1998 malum
1988 1943 2270 2014 pertingit,

2379 1938 2592 2002 πλείους
2636 1940 2694 1992 ὲν
2736 1939 2813 2009 τῷ
2836 1939 3015 2009 κακῷ,
3053 1938 3292 2011 τοσούτῳ
3339 1940 3541 2010 μείζων
3571 1941 3605 2011 ἠ
3663 1941 3948 2010 συμφορά.

703 2040 852 2086 tanto
891 2033 1062 2100 major
1092 2041 1176 2086 est
1198 2032 1494 2086 calamitas.

773 2125 846 2178 De
880 2123 964 2178 his
992 2139 1120 2194 ergo
1149 2124 1204 2177 in
1237 2124 1381 2178 hunc
1418 2122 1658 2178 modum.
1681 2121 1917 2178 Ceteras
1940 2131 2118 2177 autem
2151 2132 2271 2179 tuas

702 2215 1102 2286 propositiones
1163 2215 1412 2284 persequi
1444 2230 1908 2284 supervacaneum
1939 2214 2098 2277 foret,
2131 2214 2272 2269 dile-

702 2315 810 2365 cte,
851 2313 962 2358 tum
996 2304 1120 2372 quia
1151 2304 1368 2358 modum
1407 2304 1648 2373 epistolae
1679 2305 1966 2370 excedunt,
2002 2316 2115 2360 tum
2142 2307 2266 2374 quia

705 2404 853 2449 recto
887 2410 1052 2450 sensu
1108 2395 1251 2450 dicta
1298 2395 1688 2466 accipientibus
1744 2396 1899 2452 obvia
1947 2406 2110 2452 erunt
2147 2412 2268 2466 qua:

705 2487 978 2540 dicuntur.

1101 2601 1291 2656 XLIX.
1311 2632 1382 2642 —
1435 2604 1720 2657 Naucratio
1749 2605 1878 2663 ﬁfio.

2443 2118 2599 2174 Οὕτω
2627 2119 2726 2190 μὲν
2751 2119 2816 2190 δὴ
2845 2119 3039 2175 ταῦτα.
3088 2119 3246 2175 ’ἰέναι
3278 2121 3335 2175 δὲ
3368 2121 3462 2175 ιπὶ
3498 2122 3599 2184 τὰς
3629 2121 3827 2192 ἑτέρας
3854 2138 3952 2175 σου

2375 2209 2688 2279 προτάσεις,
2718 2207 2994 2277 παρέλκον
3018 2209 3084 2262 ἂν
3124 2210 3231 2278 εῐη,
3264 2208 3538 2278 ἀγαπητε.
3566 2207 3656 2262 διὰ
3680 2207 3742 2260 τὸ
3767 2207 3951 2260 ἐκδαί-

2375 2316 2485 2353 νειν
2531 2299 2626 2352 τοῦ
2679 2301 2877 2369 μέτρου
2912 2299 3010 2368 τῆς
3041 2300 3348 2369 ἐπιστολῆς.
3386 2301 3478 2353 καὶ
3523 2299 3695 2361 ἄλλως
3727 2298 3812 2352 ὅτι
3837 2299 3950 2359 τοῖς

2377 2392 2714 2462 εὐαισθήτως
2751 2393 3064 2462 δεχομένοις
3089 2394 3210 2455 τοὺς
3239 2392 3429 2460 λόγους
3453 2393 3807 2462 εύαπάντητα
3839 2387 3951 2444 εἶεν

2381 2487 2454 2539 τὰ
2479 2485 2771 2554 λεγόμενα.

2725 2597 2858 2653 ΜΘΓ.
2893 2625 2961 2637 -
2985 2597 3334 2665 Ναυκρατιφ
3355 2597 3564 2664 τέκνῳ.
3587 2594 3774 2669 [σκε’.]

705 2711 778 2762 Ad
814 2713 1114 2777 eloquentia
1139 2715 1354 2765 studium
1387 2715 1624 2764 hortatur.
1649 2715 1772 2764 Tum
1799 2717 1986 2777 aliquot
2010 2715 2312 2763 Studitarum
2337 2714 2568 2777 virtutem
2615 2711 2944 2777 commendat.
2973 2709 3181 2777 Demurn
3205 2708 3474 2770 respondet
3495 2707 3791 2758 ouibusdam
3810 2711 3949 2759 inter

1449 2781 1632 2840 rogatis
1651 2777 1712 2826 de
1734 2769 2074 2826 communione
2099 2791 2207 2826 cum
2227 2779 2490 2825 haereticis.
2519 2776 2716 2836 (Baron.
2742 2786 2821 2820 au.
2845 2772 2956 2830 809,
2983 2784 3034 2819 n.
3061 2769 3164 2830 ιι.)

772 2879 918 2934 Dicis
965 2895 1110 2934 nunc
1165 2879 1300 2934 mihi
1355 2889 1407 2934 et
1453 2881 1748 2934 identidem
1773 2882 1904 2935 alias
1941 2880 2269 2950 exposuisti,

2441 2877 2657 2948 Φθέγγῃ
2716 2876 2812 2928 καὶ
2857 2872 3115 2945 διήγησαι
3154 2889 3244 2942 μοι
3283 2871 3564 2934 ἑκάστοτε,
3605 2871 3798 2925 τέκνον
3851 2889 3952 2941 μου

705 2973 776 3026 ﬁli
808 2973 880 3025 mi
910 2971 1392 3036 desiderantissime,
1423 2987 1531 3025 non
1561 2972 1817 3040 quiddam
1853 2972 2186 3042 superﬂuum
2219 2979 2273 3025 et

2379 2969 2766 3041 περιπόθητον,
2829 2967 2980 3020 οὐδέν
3027 2983 3078 3020 τι
3120 2966 3374 3035 περιττὸν
3422 2964 3517 3018 καὶ
3559 2964 3948 3033 εἰκαιομυθές·

708 3065 868 3119 inane
933 3064 1101 3129 dictu,
1161 3064 1256 3120 sed
1303 3074 1667 3134 Opportunum
1695 3076 1750 3118 et
1797 3064 2172 3128 conveniens,
2219 3071 2276 3118 et

2379 3058 2488 3110 ἀλλ’
2516 3057 2774 3126 εὔκαιρον
2821 3056 2914 3108 καὶ
2967 3053 3274 3124 πρεπῶδες,
3309 3053 3402 3106 καὶ
3453 3053 3621 3124 φέρον
3649 3056 3732 3115 εἰς
3760 3054 3952 3122 δνησιν

710 3156 853 3224 quod
880 3156 946 3209 ad
1003 3155 1289 3210 utilitatem
1337 3157 1503 3210 animi
1543 3155 1810 3217 conferat,
1852 3156 1991 3210 sicut
2041 3165 2096 3208 et
2129 3169 2277 3208 nunc

2379 3147 2572 3216 ψυχῆς,
2605 3147 2796 3216 ὥσπερ
2825 3146 2920 3198 καὶ
2947 3146 3017 3198 τά
3055 3142 3173 3198 νῦν.
3217 3145 3358 3212 ἐγὼ
3389 3144 3448 3199 δέ
3482 3161 3576 3197 σου
3623 3144 3684 3198 τὸ
3729 3142 3952 3196 εὔτονον

705 3247 854 3302 facis.
891 3246 998 3318 Ego
1021 3262 1149 3302 vero
1186 3249 1499 3318 gravitatem
1533 3257 1676 3302 tuam
1707 3247 1951 3308 laudans,
1981 3246 2277 3314 amplector

704 3337 865 3391 etiam
898 3338 1172 3392 meliorem
1195 3339 1389 3409 stylum
1420 3349 1569 3393 tuum
1595 3352 1780 3406 :quem
1805 3339 2094 3408 plurimum
2119 3352 2280 3391 orna-

705 3428 808 3492 his,
838 3429 881 3482 si
914 3429 1273 3498 grammaticae
1305 3429 1508 3483 scholia
1535 3430 1720 3496 legere
1752 3429 2014 3498 potueris.
2051 3427 2278 3498 Oportet

705 3521 850 3574 enim
892 3528 948 3573 ut
996 3520 1210 3575 dicendi
1259 3520 1564 3574 facultatem
1624 3536 1885 3590 usumque
1919 3521 2160 3574 obtineat
2187 3520 2277 3590 qui

705 3622 907 3668 rectam
956 3612 1259 3668 doctrinam
1311 3613 1585 3676 defendit,
1623 3622 1676 3667 et
1728 3622 1936 3666 certare
1991 3612 2100 3665 vult
2152 3627 2276 3664 cum

708 3720 869 3774 prave
909 3705 1289 3760 sentientibus.
1323 3704 1455 3757 Nam
1485 3721 1607 3759 cum
1647 3721 1898 3776 magnum
1929 3705 2062 3774 quid
2087 3719 2150 3758 ex
2178 3705 2278 3759 hac

707 3796 898 3852 notitia
927 3812 986 3851 se
1014 3805 1293 3854 assecutos
1324 3797 1424 3851 rati
1466 3798 1783 3868 glorientur,
1830 3799 1955 3852 dum
2002 3797 2277 3851 oblectant

714 3906 810 3945 eos
850 3890 1048 3959 quibus
1077 3891 1332 3960 pruriunt
1366 3907 1526 3944 aures
1562 3908 1576 3945 :
1609 3901 2036 3945 consentaneum
2066 3899 2150 3944 est
2183 3903 2276 3943 eos

703 3979 795 4046 qui
831 3989 975 4033 recta
1007 3980 1268 4044 sentiunt,
1308 3995 1409 4032 nec
1439 3981 1705 4034 sermonis
1750 3981 1958 4034 viribus
1991 3979 2276 4033 destitutos

707 4084 828 4124 esse
865 4110 880 4134 ,
917 4077 976 4123 ut
1029 4070 1300 4124 minantes
1358 4069 1594 4139 ipsorum
1648 4069 1843 4124 arietes
1889 4069 2164 4136 dejiciant.
2199 4068 2274 4122 Ita

710 4158 838 4212 mihi
863 4159 1038 4228 placet
1066 4173 1130 4213 ea
1158 4159 1210 4212 in
1239 4174 1298 4213 re
1341 4159 1647 4213 confirmari
1700 4169 1772 4220 te.
1805 4159 1898 4212 fili.
1930 4158 2159 4212 Prorsus
2183 4173 2278 4212 au-

709 4257 816 4303 tem
853 4248 995 4317 quod
1058 4249 1112 4302 in
1149 4258 1199 4302 te
1240 4251 1435 4318 cupio,
1489 4264 1597 4303 non
1663 4249 1868 4318 pariter
1897 4249 1950 4301 in
1979 4249 2224 4318 quolibet
2260 4266 2272 4302 :

711 4348 990 4408 propterea
1017 4338 1158 4407 quod
1181 4338 1318 4392 alius
1348 4339 1505 4393 aliter
1521 4356 1579 4392 se
1603 4339 1764 4394 habet
1783 4381 1797 4404 ,
1832 4340 1994 4407 idque
2033 4339 2273 4408 expedit.

715 4429 1006 4483 Dormiisse
1053 4445 1214 4499 porro
1245 4430 1383 4484 dicis
1435 4429 1630 4485 fratres
1683 4430 1993 4500 Philippum
2023 4441 2077 4486 et
2101 4432 2279 4485 Philo-

714 4535 862 4574 nem.
904 4520 968 4573 l-Zt
1014 4519 1170 4585 bene,
1203 4521 1345 4589 quod
1377 4532 1605 4590 uterque
1642 4521 1786 4575 bono
1819 4522 1944 4575 fine.
1973 4522 2090 4575 Non
2131 4522 2278 4590 quod

2380 3237 2638 3299 ἐπαινῶν,
2663 3236 3004 3306 ἀποδέχομαι
3026 3235 3120 3288 καὶ
3139 3234 3238 3303 τὴν
3263 3234 3675 3304 προκόπτουσαν
3693 3232 3952 3298 διάλεξινο

2380 3327 2444 3396 ῆν
2473 3326 2554 3378 ὅτι
2595 3323 2830 3392 μάλιστα
2875 3321 3123 3381 καλυνείς
3145 3361 3162 3386 ,
3197 3323 3294 3375 ὲάν
3319 3321 3389 3374 τά
3427 3321 3527 3390 τῆς
3561 3320 3953 3392 γραμματικῆς

2380 3416 2563 3486 σχόλια
2607 3413 2845 3484 δυνηθῇς
2887 3412 3122 3467 ἐπιέναι.
3161 3414 3254 3464 Δεῖ
3288 3412 3396 3482 γὰρ
3440 3413 3534 3465 καὶ
3573 3411 3672 3480 τῆς
3711 3412 3773 3463 εν
3811 3411 3955 3480 λόγῳ

2377 3509 2656 3578 δυνάμεως
2699 3509 2794 3561 καὶ
2830 3508 3024 3576 πείρας
3051 3506 3300 3575 μετέχειν
3327 3503 3418 3556 τὸν
3453 3501 3763 3574 ὀρθώοείας
3823 3503 3955 3555 ἀντο

2379 3599 2658 3668 εχόμενον,
2691 3600 2786 3652 καὶ
2803 3595 3185 3665 ἀντιφέρεσθαι
3210 3597 3321 3657 τοῖς
3344 3594 3650 3659 κακοδόξοις
3684 3594 3952 3664 βουλόμε-

2378 3707 2488 3744 νον.
2534 3689 2752 3759 Ἐπειδὴ
2781 3690 2888 3760 γὰρ
2913 3691 3108 3743 ἰκεῖνοι
3139 3691 3206 3760 τῇ
3235 3686 3483 3741 ἐντεῦθεν
3511 3687 3711 3758 εἰδήσει
3734 3686 3948 3740 δοκοῦν-

2379 3782 2472 3845 τές
2494 3799 2547 3835 τι
2577 3782 2720 3851 μέγα
2741 3781 2906 3851 ἔχειν,
2927 3780 3412 3851 κατακομπάζουσι
3437 3782 3564 3842 τοὺς
3585 3779 3953 3848 κνηθομένους

2377 3875 2475 3938 τὰς
2503 3875 2674 3937 ἀκοάς
2706 3873 3125 3941 γαργαλίζοντες
3146 3889 3162 3904 ·
3194 3873 3479 3926 κάλλιστον
3497 3874 3608 3935 τοῖς
3638 3871 3952 3942 όρθόφροσι,

2382 3965 2514 4036 μηδὲ
2540 3966 2606 4035 τῇ
2635 3963 2728 4018 τοῦ
2750 3963 2907 4030 λόγου
2941 3963 3086 4032 ἰσχύϊ
3111 3962 3343 4026 ελλιπῶς
3367 3963 3531 4032 ιχειν,
3553 3961 3648 4014 καὶ
3681 3961 3953 4016 mmm-

2377 4055 2490 4110 λειν
2537 4054 2718 4110 αὐτῶν
2769 4055 2870 4118 τὰς
2925 4054 3246 4118 εὐθυδόλους
3295 4053 3590 4115 ἑλεπόλεις.
3642 4050 3801 4106 Οὕτω
3863 4069 3953 4123 μοι

2379 4147 2533 4216 φίλον
2576 4145 2941 4218 δυναμοῦσθαί
2976 4163 3057 4211 σε,
3087 4146 3293 4198 τέκνον.
3329 4145 3404 4198 Οὐ
3435 4144 3650 4207 πάντως
3679 4142 3738 4196 δι
3782 4143 3812 4197 δ
3863 4144 3954 4197 επὶ

2382 4241 2466 4292 σοὶ
2523 4238 2802 4308 βούλομαι,
2859 4238 2952 4292 καὶ
2981 4239 3077 4291 επὶ
3109 4237 3327 4300 παντός·
3366 4235 3454 4289 διὰ
3481 4235 3542 4288 τὸ
3575 4233 3734 4288 ἄλλον
3781 4234 3953 4300 ἄλλως

2380 4329 2524 4400 ἔχειν
2573 4330 2717 4383 κατά
2767 4329 2880 4395 ἕξιν
2908 4345 2922 4358 ·
2958 4329 3052 4382 καί
3110 4326 3429 4398 συμφέρειν.
3490 4325 3833 4395 Κεκοίμηται
3872 4326 3952 4393 δὲ,

2380 4420 2540 4491 ἔφης,
2573 4421 2602 4473 ό
2653 4419 2879 4487 ἀδελφὸς
2929 4419 3224 4485 Φίλιππος,
3264 4418 3360 4472 καὶ
3405 4417 3600 4472 Φίλων.
3649 4417 3758 4470 Καὶ
3803 4413 3951 4485 εὖγε,

2379 4513 2506 4581 εὖγε
2529 4527 2544 4544 ο
2575 4513 2658 4566 ὅτι
2698 4512 2998 4582 ἀμφότεροι
3021 4511 3164 4566 τέλει
3197 4511 3407 4580 ἀγαθῷ.
3441 4510 3555 4580 Οὐχ
3597 4509 3682 4564 δτι
3705 4508 3776 4562 τὰ
3815 4527 3950 4577 προ⁴

710 4629 772 4666 ea
807 4628 926 4682 qua:
959 4621 1083 4666 ante
1117 4611 1298 4676 finem,
1333 4613 1711 4682 vituperanda.
1767 4613 2054 4678 Quomodo
2105 4615 2272 4679 enim,

2379 4606 2559 4658 τέλεια
2603 4603 2779 4673 ψεκτά
2821 4604 2964 4674 (πῶς
3013 4605 3120 4674 γὰρ
3173 4604 3222 4656 οἰ
3271 4601 3635 4673 ἀπειπάμενοι
3665 4601 3857 4671 κόσμῳ
3890 4601 3952 4672 li.

711 4720 833 4758 cum
883 4705 1286 4758 renuntiassent
1313 4705 1534 4770 mundo,
1569 4714 1621 4759 et
1669 4706 1844 4770 carni,
1881 4715 1936 4760 et
1965 4706 2215 4777 sanguini
2256 4723 2271 4771 ;

710 4804 761 4850 et
799 4810 965 4849 suave
991 4795 1092 4849 sibi
1121 4795 1444 4850 obedientize
1486 4797 1672 4867 jugum
1709 4797 2097 4866 imposuissent
2125 4799 2149 4850 ?
2181 4798 2276 4851 sed

709 4884 832 4953 quia
864 4891 1186 4954 postremam
1226 4885 1619 4939 beatitudinem
1658 4887 1838 4955 adepti
1880 4893 2010 4940 sunt
2057 4894 2280 4956 pr0pter

711 4975 995 5029 Dominum
1026 4977 1456 5044 persecutionem
1487 4977 1653 5045 passi,
1680 4977 1862 5031 amicti
1884 5018 1898 5042 ,
1930 4986 1985 5032 et
2024 4978 2079 5031 in
2109 4993 2283 5048 angu-

711 5067 841 5120 stias
866 5065 1085 5120 redacti.
1121 5067 1296 5135 Atque
1332 5067 1418 5120 bis
1456 5069 1638 5121 nullus
1679 5077 1762 5123 est
1795 5069 1887 5138 qui
1921 5070 2279 5134 contradicat,

713 5165 904 5224 praeter
931 5170 1024 5210 eos
1050 5156 1139 5225 qui
1173 5157 1521 5226 Evangelium
1561 5167 2005 5227 contempserunt
2036 5159 2268 5214 infames

714 5241 1016 5301 Mmohiani.
1060 5245 1124 5300 Et
1164 5247 1307 5314 quod
1338 5249 1406 5302 ad
1458 5245 1738 5301 Philonem
1785 5249 2002 5317 quidem
2066 5250 2280 5310 attinet,

716 5338 822 5391 huc
859 5352 1026 5406 usque
1055 5337 1269 5392 laudem
1324 5339 1443 5408 ejus
1482 5339 1736 5408 prosequi
1786 5340 2009 5408 placuit.
2068 5341 2281 5412 Egregii

712 5443 840 5482 vero
878 5426 1111 5498 Philippi
1144 5429 1311 5482 multa
1337 5441 1465 5483 sunt
1491 5430 1745 5498 pratclara
1773 5429 2035 5497 facinora,
2070 5449 2190 5502 qua:
2225 5443 2282 5486 tu

713 5517 828 5587 ipse
866 5519 1245 5588 percensuisti.
1308 5518 1420 5589 Ego
1448 5535 1576 5574 vero
1602 5560 1616 5584 ,
1658 5528 1849 5590 praeter
1880 5522 1965 5575 illa
1993 5538 2111 5592 quae
2143 5523 2282 5577 dicta

713 5616 842 5661 sunt
873 5645 889 5671 ,
921 5607 1320 5677 simplicitatem
1352 5609 1470 5681 ejus
1512 5619 1562 5663 et
1614 5609 1980 5664 innocentiam
2020 5611 2279 5675 demiror,

713 5699 856 5768 quod
892 5699 983 5754 ira:
1029 5700 1267 5761 nescius,
1320 5702 1463 5770 quod
1515 5719 1621 5756 non
1673 5718 1881 5756 memor
1934 5703 2278 5773 injuriarum,

718 5791 1050 5860 compatiens
1072 5799 1125 5845 et
1154 5805 1341 5846 amans
1374 5790 1618 5859 fratrum,
1656 5793 2058 5864 obtemperans,
2093 5800 2146 5848 et
2179 5807 2279 5848 ne-

2381 4691 2610 4764 κόσμον]
2643 4692 2821 4763 σάρκα
2849 4693 2945 4747 καὶ
2969 4686 3127 4762 αἷμα,
3173 4691 3268 4745 καὶ
3296 4690 3474 4762 εὐαφῆ
3525 4691 3624 4761 τὴν
3673 4691 3773 4760 τῆς
3823 4689 3957 4743 ὑπο.

2377 4787 2553 4857 ταγῆς
2595 4786 2851 4856 ζεύγληνπ
2880 4787 3090 4849 ἑαυτοῖς
3139 4783 3543 4854 ὑποθέμενοις).
3578 4784 3693 4838 ἀλλ’
3724 4784 3809 4838 ὅτι
3862 4785 3956 4838 τοῦ

2380 4879 2684 4950 ἀκροτάτου
2721 4877 3074 4949 μακαρισμοῦ
3125 4876 3460 4947 τετυχήκασι
3509 4875 3600 4931 διὰ
3629 4874 3836 4946 Κύριον
3864 4875 3954 4927 δε-

2381 4971 2692 5041 διωγμένοι,
2743 4969 3069 5040 θλιϐόμενοι,
3121 4970 3217 5022 καὶ
3272 4966 3788 5039 στενοχωρούμενοι.
3849 4967 3957 5019 Καὶ

2387 5063 2522 5136 πρὸς
2547 5062 2718 5116 ταῦτα
2762 5062 2938 5126 οὐδεὶς
2969 5063 2997 5113 ό
3029 5060 3344 5130 ἀντιλέγων,
3385 5060 3420 5132 ἦ
3445 5061 3496 5113 οἰ
3521 5059 3585 5113 τὸ
3621 5057 3954 5126 Εὐαγγέλιον

2385 5155 2710 5225 ὴθετηκότες
2751 5153 3056 5224 δυσώνυμοι
3086 5153 3420 5224 Μοιχειανοί.
3451 5152 3562 5208 Καὶ
3604 5149 3685 5222 τῷ
3724 5148 3828 5220 μιν
3859 5150 3953 5203 Of-

2379 5245 2507 5299 λωνι
2535 5245 2687 5313 φίλον
2725 5245 2886 5314 μέχρι
2915 5243 3064 5299 τοῦδε
3110 5244 3306 5314 στῆσαι
3341 5243 3434 5298 τδν
3486 5243 3708 5297 ιπαινον
3735 5258 3751 5274 ·
3778 5240 3849 5295 τὰ
3901 5241 3957 5294 δὲ

2381 5336 2474 5390 τοῦ
2532 5335 2696 5390 καλοῦ
2726 5337 3014 5400 Φιλίππου,
3050 5335 3222 5388 πολλὰ
3267 5333 3691 5404 κατορθώματα,
3723 5332 3760 5387 δ.
3795 5333 3958 5394 αὐτὸς

2385 5428 2805 5500 προκατέλεξας.
2842 5429 2982 5495 Ἐγὼ
3014 5428 3091 5490 δὲ,
3140 5430 3278 5496 πρδς
3323 5431 3434 5492 τοίς
3468 5427 3799 5500 εἰρημένοις,
3865 5426 3957 5481 καὶ

2389 5522 2449 5573 τὸ
2494 5521 2770 5575 ἄπλαστον
2824 5519 2989 5573 αὑτοῦ
3038 5521 3132 5572 καὶ
3178 5521 3434 5591 ἀκέραιον
3471 5519 3755 5590 θαυμάζω,
3809 5519 3872 5572 τό
3899 5537 3955 5571 τε

2389 5613 2679 5682 ἀόργητον,
2717 5614 2810 5665 καὶ
2856 5612 3248 5680 ἀμνησικακον,
3288 5611 3698 5682 φιλοσύμπαθές
3743 5627 3806 5664 τε
3865 5611 3955 5664 καὶ

2391 5702 2732 5772 φιλάδελφον,
2760 5702 2982 5771 εὐήκοόν
3014 5718 3073 5754 τε
3112 5704 3204 5754 καὶ
3237 5702 3585 5773 ἀνολίγωρον,
3618 5701 3713 5755 καὶ
3767 5703 3950 5754 συνεό-

2395 5809 2510 5862 μως
2564 5794 2758 5856 εἰπεῖν,
2797 5791 3022 5857 ἀπαθὲς,
3053 5792 3110 5860 ἐξ
3155 5786 3216 5848 οὗ
3270 5793 3365 5848 καὶ
3417 5792 3479 5848 τδ
3535 5793 3951 5858 εὐκατάνυκτον,
