4158 6472
705 401 724 462 Ῑ
736 405 846 466 087

1888 399 1948 456 S.
1977 392 2365 456 THEODORI
2407 390 2747 452 STUDlT/E

3789 376 3920 440 1088

698 515 829 571 fecit
871 514 929 569 in
972 511 1425 573 circumcisione;
1467 509 1612 579 quod
1661 522 1888 579 magnus
1930 506 2162 558 Basilius
2206 503 2256 556 in

2387 498 2452 553 οὗ
2479 500 2713 568 μεγάλου
2738 496 3014 551 Βασιλεξου
3037 497 3128 548 ἐπὶ
3153 493 3245 548 τοῦ
3272 495 3430 561 ἁγίου
3453 493 3792 562 ηνεύματος”
3823 493 3934 564 οἶος

699 606 902 671 Spiritu
933 612 1124 660 sancto
1159 624 1171 659 :
1209 603 1355 657 velut
1376 602 1540 656 etiam
1568 600 1712 670 quod
1744 614 1891 653 nunc
1923 597 2140 651 divinus
2161 595 2254 664 Cy.

699 697 871 752 rillus.
922 694 1052 760 Qua:
1093 693 1161 748 ad
1209 702 1422 762 tempus
1461 690 1674 759 aliquod
1711 689 1870 751 facta,
1903 688 2037 742 nihil
2069 687 2266 742 habent

699 786 1126 858 reprehensione
1156 782 1400 856 dignum,
1423 798 1525 838 nec
1549 782 1841 836 absurdum
1870 779 1974 834 ulla
2002 794 2065 833 ex
2091 787 2264 847 parte,

699 888 794 933 aut
849 878 1144 932 illicitum:
1194 876 1478 930 remissum
1529 883 1707 927 tamen
1758 871 2013 941 quiddam
2053 879 2107 924 et
2159 885 2266 923 non

701 971 916 1040 penitus
949 977 1280 1024 accuratum.
1313 968 1368 1022 id
1397 967 1675 1020 enimvero
1707 965 1905 1019 dicitur
1936 965 2268 1034 dispensatio

699 1062 768 1114 ad
810 1071 1039 1128 tempus.
1073 1058 1258 1128 Neque
1287 1060 1432 1112 enim
1479 1057 1594 1111 ﬁeri
1644 1064 1838 1125 potest,
1865 1065 1922 1110 ut
1969 1055 2211 1110 medicus
2239 1071 2270 1109 e

701 1152 932 1223 vestigio
971 1151 1219 1206 morbum
1250 1149 1317 1204 ab
1359 1164 1504 1219 εει-ο
1547 1147 1797 1217 depellat,
1833 1163 2010 1217 neque
2035 1156 2093 1201 ut
2117 1147 2271 1202 indo-

701 1245 894 1298 mitum
919 1260 1138 1313 equum,
1179 1251 1272 1298 aut
1312 1243 1516 1297 siccum
1548 1257 1782 1306 ramum,
1813 1241 1961 1295 illum
1993 1241 2145 1296 freno
2171 1242 2272 1296 ob-

704 1345 1042 1404 sequentem,
1092 1336 1236 1390 hunc
1265 1343 1471 1388 rectum
1515 1334 1696 1387 statim
1733 1333 1921 1386 reddat
1948 1334 2038 1402 qui
2074 1334 2127 1387 in
2157 1333 2273 1388 istis

705 1428 869 1482 rebus
894 1435 1137 1482 versatus
1169 1437 1251 1480 est
1283 1444 1295 1478 :
1347 1426 1448 1480 nisi
1479 1426 1734 1495 paulatim
1763 1426 2054 1480 blanditias
2078 1435 2132 1480 et
2188 1439 2275 1478 as-

705 1519 1057 1579 sentationes,
1077 1526 1130 1570 et
1152 1517 1340 1572 molles
1369 1517 1496 1570 item
1525 1516 1932 1571 attrectationes
1949 1524 2004 1571 et
2027 1514 2274 1571 inﬂexio-

705 1624 805 1662 nes
827 1609 1102 1662 adhibeat.

777 1698 974 1752 Eodem
1020 1699 1180 1752 modo
1232 1699 1404 1753 sancti
1473 1699 1523 1752 in
1557 1698 2057 1768 dispensationibus
2089 1717 2101 1752 :
2135 1708 2195 1753 ut
2223 1708 2277 1754 et

2374 594 2466 644 aut
2493 593 2551 644 τ’)
2582 592 2676 644 νῦν
2703 591 2794 643 τοῦ
2817 589 2962 643 θείου
2984 588 3270 657 Κυρίλλου.
3299 588 3364 640 Ἀ
3397 587 3556 656 μέχρι
3581 587 3727 648 τινος
3749 587 3936 656 καιροῦ

2370 684 2648 752 γινόμενα,
2679 681 2830 735 οὐδέν
2859 681 2969 749 εχει
3012 679 3071 730 τὸ
3115 677 3382 748 μεμπτὸν,
3413 678 3534 730 οὐδὲ
3584 677 3647 729 τὸ
3689 678 3835 730 κατά
3877 693 3936 729 τι

2373 775 2581 844 ἀπηχὲς
2618 775 2712 826 καὶ
2745 773 3000 840 ῑκνομονο
3039 768 3326 838 ὑφειμένον
3355 769 3400 822 δ’
3430 767 3522 824 οὖν
3541 770 3690 839 ὅμως
3721 769 3818 822 καὶ
3844 770 3940 821 οὐκ

2374 865 2514 932 ἄγαν
2541 863 2786 933 ἀκριϐές.
2821 860 2993 914 Τοῦτο
3014 860 3123 931 γὰρ
3149 863 3182 930 ἠ
3209 859 3490 930 οἰκονομία
3511 861 3544 927 ἠ
3572 862 3706 930 πρὸς
3728 859 3940 928 καιρόν.

2375 956 2525 1024 Μηδὲ
2571 957 2678 1025 γὰρ
2711 954 2935 1008 δυνατὸν
2975 953 3159 1024 ἰατρὸν
3189 951 3281 1006 τὸν
3310 952 3705 1022 ἡρῤωστηκότα
3748 950 3945 1004 θᾶττον

2375 1044 2683 1106 ἀπαλλάξαι
2725 1046 2824 1113 τῆς
2854 1043 3032 1104 νόσου,
3069 1043 3195 1112 μήτ’
3225 1039 3296 1095 αὖ
3323 1041 3488 1094 ἵππον
3513 1041 3748 1110 ἀκρατῆ.
3781 1040 3817 1107 ἢ
3849 1039 3944 1107 ξη-

2379 1138 2470 1207 ρὸν
2497 1135 2748 1206 πτόρθον,
2782 1136 2871 1186 τὸν
2925 1135 3023 1203 μὲν
3071 1131 3370 1202 εύχάλινον,
3419 1131 3510 1184 τὸν
3549 1131 3606 1184 δὶ
3645 1128 3946 1198 εὑθύτομον

2377 1225 2610 1294 ἐξαυτῆς
2663 1225 3126 1294 καταστήσασθαι,
3176 1226 3224 1277 εί
3272 1223 3346 1293 μὴ
3389 1225 3499 1286 τοῖς
3548 1221 3689 1274 κατὰ
3750 1220 3946 1289 μικρὸν

2379 1317 2729 1384 ποππυσμοῖς
2759 1332 2818 1368 τε
2862 1314 2958 1368 καὶ
2995 1314 3389 1385 κολακεύμασι,
3429 1312 3700 1383 μαλακαῖς
3743 1327 3808 1362 τε
3854 1311 3948 1362 καὶ

2377 1407 2695 1478 ἐπικλήσεσι
2735 1407 3038 1476 χρώμενον,
3084 1405 3175 1457 τὸν
3232 1403 3341 1457 τῶν
3381 1400 3639 1455 τοιούτων
3689 1398 3950 1468 ἐμπειρό-

2379 1514 2558 1552 τατον.

2452 1695 2608 1748 Οὖτω
2639 1696 2742 1748 κάν
2781 1697 2888 1757 τοῖς
2915 1694 3087 1763 ἁγίοις
3113 1695 3170 1748 ιν
3197 1695 3315 1757 ταῖς
3347 1691 3676 1762 οἰκονομίαις
3697 1708 3710 1723 ·
3753 1691 3832 1756 ὡς
3860 1695 3950 1749 καὶ

707 1786 761 1839 in
814 1788 914 1841 hac
953 1787 1068 1854 ipsa
1111 1802 1338 1856 magnus
1377 1787 1625 1857 Cyrillus.
1677 1787 2274 1856 Aliquantisperwnim

2387 1785 2635 1855 Κυρίλλῳ
2670 1789 2746 1855 τῷ
2784 1785 3002 1854 μεγάλῳ
3047 1786 3105 1836 ὲν
3148 1782 3306 1852 τῷδε.
3349 1784 3562 1854 Μικρὸν
3593 1783 3701 1852 γὰρ
3732 1785 3949 1846 πάντως

707 1873 966 1926 sustinuit
995 1872 1348 1927 Orientalium
1395 1875 1722 1934 tarditatem.
1748 1889 1840 1929 seu
1865 1875 2053 1928 vitium
2083 1876 2272 1940 animi,

2387 1878 2466 1929 ivé
2478 1895 2602 1946 μενε
2625 1879 2732 1930 τῶν
2760 1878 3184 1930 Ἀνατολικῶντὺ
3210 1876 3524 1946 βραδύνουν,
3547 1875 3578 1943 ἢ
3607 1876 3946 1944 προσπαθὲς,

708 1973 768 2017 ut
801 1965 1112 2018 haereticum
1150 1981 1256 2019 non
1289 1965 1661 2020 existimarent
1691 1982 1836 2026 eum,
1866 1966 1958 2034 qui
1993 1966 2277 2020 haereticus

2387 1967 2510 2037 πρὸς
2539 1969 2597 2020 τὸ
2623 1970 2895 2036 αἱρετικὸν
2933 1971 3004 2040 μὴ
3041 1968 3441 2038 ὑπολαμϐάνειν
3476 1969 3565 2020 τὸν
3596 1969 3764 2030 ὅντως
3795 1969 3947 2036 σίρι-

708 2056 884 2124 reipsa
917 2067 1050 2112 erat.
1087 2056 1225 2122 Quid
1256 2058 1399 2111 enim
1459 2057 1636 2125 potius
1663 2066 1866 2125 ageret,
1899 2073 2020 2111 cum
2081 2058 2269 2111 ortho-

2387 2061 2546 2111 τικόν.
2575 2059 2638 2110 Ti
2663 2060 2770 2130 γὰρ
2800 2055 2866 2130 ἦν
2888 2061 3014 2113 ἄλλο
3039 2060 3098 2112 τὸ
3125 2059 3473 2129 μεσολαϐοῦν,
3515 2058 3599 2111 ἐπ’
3633 2059 3698 2111 ἂν
3725 2059 3943 2127 ὀρθοδό-

709 2147 903 2200 doxam
925 2148 998 2200 illi
1028 2148 1185 2202 ﬁdem
1212 2147 1609 2216 proﬁterentur,
1631 2148 1682 2199 in
1714 2149 1812 2200 hoc
1837 2147 1998 2200 etiam
2017 2148 2132 2216 ipso
2152 2158 2276 2202 eum

2387 2147 2485 2212 Ξως
2523 2151 2821 2220 ἐκήρυττον
2873 2151 2971 2221 τὴν
3031 2151 3235 2213 πίστιν,
3283 2151 3384 2204 κάν
3439 2151 3608 2220 τούτῳ
3652 2150 3817 2202 αὑτὸν
3860 2153 3951 2202 τ“.ν

711 2253 870 2307 quem
910 2239 1426 2304 commemorabant,
1487 2239 2006 2294 anathematizantes
2035 2240 2060 2292 ?
2090 2239 2280 2295 Omnis

2387 2245 2852 2313 μνημονευόμενον
2909 2246 3087 2304 αὐτοῖς
3135 2245 3660 2314 ἀναθεματίζοντεςς
3730 2244 3949 2313 Ἐπειδὴ

711 2332 976 2400 siquidem
1025 2332 1114 2401 qui
1166 2333 1502 2387 orthodoxus
1549 2342 1631 2387 est
1661 2333 1712 2386 in
1746 2333 2018 2396 omnibus,
2059 2349 2277 2388 omnem

2387 2336 2489 2397 πᾶς
2512 2335 2808 2406 όρθοθοξῶν
2852 2337 2988 2389 κατὰ
3017 2337 3217 2400 πάντα,
3261 2339 3435 2390 πάντα
3470 2337 3746 2406 αἱρετικὸν
3787 2338 3950 2390 δυνά-

713 2422 1052 2486 ιικτειίουπι,
1087 2424 1129 2477 si
1162 2424 1342 2477 minus
1379 2427 1565 2488 verbo,
1597 2433 1652 2477 at
1692 2425 1892 2478 virtute
1921 2426 2281 2482 anathemati-

712 2518 817 2564 zat.
876 2509 1068 2565 Postea
1100 2526 1230 2565 vero
1259 2527 1379 2563 cum
1437 2515 1672 2580 perfecta
1713 2512 1843 2580 ipsis
1873 2527 2028 2566 mens
2057 2512 2280 2575 aﬂ‘ulsit,

714 2610 848 2656 tunc
891 2617 1014 2656 cum
1051 2601 1154 2656 illis
1183 2618 1244 2657 ex
1278 2617 1432 2671 aequo
1465 2603 1516 2655 in
1543 2602 1797 2656 omnibus
1819 2614 2038 2657 sanctus
2059 2605 2279 2660 coaluit.

713 2693 906 2746 Annon
937 2700 993 2746 et
1025 2707 1126 2746 nos
1173 2691 1313 2746 idem
1344 2692 1522 2746 facere
1563 2691 1810 2746 videmur
1838 2693 1860 2745 ?
1885 2693 1976 2762 qui
2008 2694 2280 2749 interdum

715 2782 989 2836 nonnullis
1013 2796 1199 2836 eorum
1226 2782 1317 2850 qui
1338 2781 1618 2836 nobiscum
1645 2783 1910 2847 sentiunt,
1944 2785 1996 2836 in
2020 2800 2078 2838 re
2108 2785 2284 2855 aliqua

713 2873 1165 2943 discrepantibus,
1195 2873 1247 2926 in
1287 2889 1390 2942 qua
1425 2889 1531 2928 non
1566 2890 1757 2945 magna
1786 2875 1858 2928 sit
1889 2875 2153 2937 molestia,
2186 2893 2284 2947 pa-

716 2980 946 3020 rumaue
972 2981 1000 3018 a
1036 2979 1248 3019 summo
1273 2965 1397 3034 jure
1439 2965 1750 3020 discedatur
1779 2983 1792 3030 ;
1827 2967 2064 3036 ipsorum
2090 2969 2286 3023 nihilo-

716 3056 898 3111 minus
934 3059 1371 3111 communionem
1408 3056 1767 3121 admittimus,
1802 3073 1871 3112 ne
1902 3069 2124 3128 propter
2173 3062 2288 3115 exi-

716 3164 880 3217 guum
897 3148 1193 3218 quidpiam,
1217 3151 1359 3219 quod
1385 3151 1540 3219 paulo
1559 3160 1681 3220 post
1699 3151 1890 3221 corrigi
1913 3162 2092 3220 queat,
2115 3163 2283 3208 totum

2386 2441 2497 2492 μει,
2531 2425 2635 2478 κᾶν
2673 2426 2733 2477 ού
2765 2425 2994 2494 ῥήματι.
3025 2425 3428 2495 ἀναθεματίζει.
3459 2427 3687 2480 Ἔπειτα
3731 2429 3818 2480 ὅτε
3853 2429 3950 2481 a5-

2382 2518 2493 2576 τοῖς
2519 2515 2718 2582 ἀνῆψεν
2751 2516 2777 2567 ό
2800 2515 3002 2577 τέλειος
3040 2515 3184 2578 νοῦς,
3212 2518 3328 2569 τότε
3373 2517 3554 2578 αὐτοῖς
3587 2517 3953 2586 συναφθέντος

2384 2604 2522 2656 κατὰ
2546 2604 2718 2656 πάντα
2751 2603 2844 2658 τοῦ
2869 2605 3022 2672 ἁγίου
3048 2604 3198 2668 ῐσως.
3217 2606 3286 2658 Ἦ
3316 2606 3437 2674 οὐχὶ
3462 2607 3557 2659 καὶ
3574 2607 3737 2677 ἡμεῖς
3761 2608 3823 2660 τὸ
3849 2607 3947 2660 αύο

2383 2693 2444 2745 τὸ
2471 2692 2750 2758 ποιοῦντες
2771 2694 3104 2764 φαινόμεθσς
3143 2694 3296 2747 Ἐσθ’
3321 2695 3411 2748 ὅτε
3449 2696 3612 2749 τινῶν
3633 2697 3953 2765 ὁμογνωμόο

2385 2801 2491 2836 νων
2526 2786 2654 2852 ἡμῖν
2701 2785 2841 2841 κατά
2886 2801 2936 2836 τι
2983 2784 3424 2854 διαφερομένων·
3453 2785 3579 2838 ένθα
3610 2787 3668 2838 ού
3714 2787 3852 2838 πολὺ
3896 2785 3954 2837 τὺ

2385 2876 2606 2941 λυποῦν,
2647 2877 2678 2946 ἢ
2712 2875 2936 2940 ἑξιστῶν
2958 2879 3052 2945 τῆς
3071 2876 3388 2946 ἀκριϐείας·
3425 2878 3518 2930 καὶ
3547 2878 3694 2947 ὅμως
3723 2877 3953 2931 καταὸε-

2386 2970 2591 3039 χόμεθα
2627 2972 2725 3041 τὴν
2760 2969 2894 3036 πρὸς
2921 2970 3114 3031 αὐτοὺς
3143 2970 3430 3023 κοινωνίαν
3455 2988 3467 3001 ·
3516 2971 3602 3023 ἵνα
3639 2971 3711 3041 μὴ
3744 2971 3831 3024 διὰ
3865 2989 3954 3040 μι-

2389 3059 2518 3128 κρόν
2564 3075 2615 3110 τι
2669 3059 2861 3128 μικρὸν
2911 3057 3136 3128 ὕστερον
3181 3059 3475 3130 δυνάμενον
3522 3060 3958 3131 κατορθωθῆναι,

2388 3147 2737 3215 ἀπολέσωμεν
2765 3150 2827 3201 τὸ
2854 3151 2988 3203 πᾶν·
3016 3148 3176 3202 τοῦτο
3195 3149 3250 3202 δι
3272 3151 3530 3220 ἀτέχνων,
3554 3149 3648 3203 καὶ
3665 3150 3727 3203 ού
3754 3168 3959 3222 μυστη-

717 3239 1030 3293 amittamus
1067 3257 1079 3292 :
1133 3240 1275 3308 quod
1319 3240 1535 3307 quidem
1567 3241 1940 3309 imperitorum
1969 3251 2133 3305 esset,
2173 3257 2281 3296 non

2390 3236 2518 3304 ρίων
2549 3236 2685 3289 Θεοῦ
2711 3239 3028 3308 οἰκονόμων,
3059 3238 3312 3292 Τοιοῦτον
3346 3239 3446 3308 μιν
3493 3238 3554 3292 τὸ
3599 3239 3736 3310 πρὸς
3770 3242 3960 3311 καιρὸν

719 3343 901 3388 autem
942 3348 1130 3388 eorum
1169 3336 1260 3403 qui
1292 3335 1694 3403 dispensatores
1746 3346 1873 3389 sunt
1902 3339 2282 3407 mysteriorum

2387 3328 2684 3398 οἰκονομεῖν
2730 3331 2858 3393 τοὺς
2897 3330 3089 3398 λόγους
3124 3329 3217 3384 καὶ
3256 3331 3381 3396 τοὺς
3411 3332 3642 3402 τρόπους
3679 3332 3740 3385 εν
3778 3334 3957 3404 κρίσει

724 3425 835 3479 Dei.
869 3425 980 3480 Hoc
1031 3426 1192 3496 igitur
1216 3437 1298 3480 est
1349 3426 1414 3480 ad
1449 3435 1662 3495 tempus
1687 3442 1968 3483 sermones
1999 3445 2285 3500 moresque

2387 3421 2477 3473 καὶ
2510 3421 2739 3492 ἀληθείᾳ
2776 3424 2868 3475 καὶ
2903 3422 3079 3492 νόμῳ’
3111 3422 3227 3477 ἀλλ’
3262 3423 3362 3476 ούιι
3401 3424 3462 3476 ἰν
3500 3425 3820 3496 παρανομία
3865 3426 3960 3479 καὶ

721 3519 1032 3586 dispensare
1081 3517 1132 3570 in
1178 3517 1399 3586 judicio,
1457 3525 1512 3571 et
1556 3518 1804 3581 veritate,
1839 3534 1902 3572 ac
1950 3520 2066 3590 lege
2103 3539 2113 3573 :
2175 3537 2284 3575 non

724 3617 902 3661 autem
937 3608 988 3660 in
1025 3607 1307 3676 iniquitate
1341 3623 1404 3664 ac
1435 3609 1716 3663 mendacio
1751 3609 1804 3662 in
1838 3611 2173 3666 universum.
2212 3612 2289 3667 Ne

726 3699 936 3768 linguas
961 3708 1183 3753 exerent
1208 3698 1316 3754 hoc
1341 3699 1458 3755 loco
1490 3699 1772 3755 almehiani
1809 3719 1822 3766 ;
1853 3718 2028 3772 neque
2064 3707 2161 3758 via:
2188 3706 2290 3758 du-

725 3804 841 3842 cem
874 3799 1064 3858 putent
1093 3805 1215 3843 eum
1240 3791 1328 3859 qui
1359 3791 1656 3858 praecipitet
1685 3809 1696 3854 ;
1729 3807 1826 3846 nec
1851 3794 2289 3863 gubernatorem,

725 3878 816 3947 qui
857 3877 1130 3948 demergat
1165 3896 1178 3940 ;
1230 3895 1328 3934 nec
1354 3880 1587 3948 denique
1619 3881 1904 3944 medicum,
1947 3883 2040 3952 qui
2074 3885 2291 3938 morbos

728 3970 984 4035 inducat;
1016 3971 1202 4038 quales
1227 3970 1329 4040 ipsi
1373 3971 1541 4026 fuisse
1574 3972 1844 4037 videntur,
1879 3975 1969 4042 qui
2001 3991 2123 4028 cum
2156 3993 2290 4031 mo:-

727 4061 832 4116 cho
877 4061 1129 4116 mmehati
1190 4071 1337 4124 sunt,
1394 4078 1516 4117 cum
1563 4063 1932 4118 adulterorum
1983 4069 2294 4136 copulatore

726 4152 1000 4208 adulteros
1043 4153 1454 4224 copulaverunt,
1483 4169 1604 4207 cum
1639 4156 1728 4209 Dei
1761 4166 2075 4212 accusatore
2127 4160 2292 4213 Deum

728 4253 1141 4302 accusaverunt.
1184 4259 1306 4298 cum
1345 4244 1618 4314 Evangelii
1665 4245 2006 4303 destructore
2051 4249 2296 4319 Evange-

730 4334 861 4388 lium
887 4335 1380 4390 condestruxerunt
1408 4351 1561 4390 more
1581 4337 1812 4391 canino:
1840 4340 1917 4393 sic
1947 4341 2093 4395 enim
2120 4343 2298 4410 aptius

729 4424 876 4494 loqui
899 4424 1074 4480 liceat.
1099 4424 1410 4481 Dioscorum
1432 4436 1609 4482 autem
1628 4428 2050 4485 Alexandrinum
2081 4432 2300 4488 haereti-

2385 3511 2568 3580 ψεύδει
2589 3514 2650 3566 τὸ
2675 3514 2921 3568 καθόλου.
2952 3514 3040 3585 Μὴ
3076 3514 3570 3584 προόαλλέσθωσαν
3589 3517 3686 3579 τὰς
3708 3516 3960 3583 γλώσσας

2387 3603 2438 3656 oi
2467 3603 2773 3672 Matxrtavoi
2799 3602 3029 3658 ἐνταῦθα
3046 3620 3060 3635 ο
3085 3605 3218 3675 μηδὲ
3237 3606 3329 3658 τὸν
3349 3588 3710 3676 χειραγωγὸν,
3730 3621 3960 3676 κρημνιο

2390 3697 2520 3765 στὴν
2567 3697 2895 3750 οίέσθωσανο
2938 3698 3068 3767 μηδὲ
3115 3701 3204 3750 τδν
3243 3697 3962 3768 κυϐερνήτην,καταποντιο

2392 3789 2542 3857 στήν.
2568 3789 2705 3858 Μηό’
2749 3788 2816 3842 ἂν
2857 3789 2948 3840 τὸν
3001 3788 3203 3858 ίατρδν,
3249 3788 3563 3842 νοσοποιόν⁶
3607 3781 3760 3859 ᾧπερ
3808 3791 3963 3845 αὐτοὶ

2389 3878 2770 3948 ὼμοιώθησαν,
2795 3880 2871 3949 τῷ
2904 3879 3076 3950 μοιχῷ
3108 3879 3630 3949 συμμοιχεύσαντες,
3662 3879 3739 3950 τῷ
3781 3899 3963 3952 μοιχο-

2393 3968 2592 4039 ζεύκτῃ
2625 3969 2998 4035 συζεύξαντες,
3028 3968 3105 4038 τῷ
3129 3970 3512 4040 θεοκατηγόρῳ
3538 3969 3964 4042 συνθεοκατηγο-

2395 4062 2681 4131 ρήσαντες,
2704 4061 2781 4129 τῷ
2806 4061 3224 4132 εύαγγελιολύτῃ
3251 4062 3966 4130 συνευαγγελιολυτήσαντες

2395 4153 2667 4216 κυνικῶςο
2698 4152 2840 4206 οὕτω
2882 4154 2990 4223 γὰρ
3043 4154 3248 4223 φράσαι
3297 4154 3636 4223 οίκειότιρον.
3677 4154 3967 4224 Διόσκορον

2395 4246 2453 4298 δὲ
2490 4244 2612 4307 πού,
2642 4245 2674 4314 ἢ
2718 4244 2856 4306 πῶς,
2892 4244 2982 4298 τὸν
3021 4245 3427 4315 ’Λλεξανδρείας
3457 4246 3732 4316 αίρετικδν
3761 4245 3967 4315 Κύριλο

2397 4337 2487 4399 λος
2512 4339 2540 4390 ό
2573 4337 2712 4400 θεῖος
2739 4336 2985 4403 ἐδέξατο,
3022 4335 3097 4399 ὦς
3131 4354 3296 4405 φασιν
3321 4339 3368 4390 oi
3403 4337 3737 4406 mectavol,
3766 4339 3814 4388 ei
3839 4337 3968 4406 περὶ

2398 4428 2460 4479 τὸ
2497 4427 2609 4495 φῶς
2655 4429 2935 4489 σκοτεινοὶ,
2986 4428 3036 4479 oi
3085 4429 3377 4498 κατήγοροι
3420 4426 3530 4479 τῶν
3566 4426 3771 4492 ἁγίων;
3824 4424 3966 4479 Οὔτε

730 4531 852 4570 cum
892 4517 1245 4578 ubinam,aut
1267 4519 1535 4587 quomodo
1559 4518 1776 4574 divinus
1793 4521 2021 4591 Cyrillus
2042 4525 2285 4594 suscepit,

2401 4517 2666 4586 ἠκούσθη,
2705 4516 2828 4569 οὔτε
2865 4517 3024 4584 φύσιν
3074 4517 3186 4587 ἔχει
3237 4518 3298 4570 τὸ
3343 4517 3537 4587 ψεῦδος
3583 4516 3791 4582 αύτῶνζ
3830 4515 3968 4569 διότι

731 4617 791 4661 ut
820 4607 1106 4662 Mmchiani
1133 4609 1344 4667 dicunt.
1369 4609 1422 4662 in
1453 4609 1630 4662 media
1656 4609 1775 4662 luce
1805 4611 1953 4671 creci,
1982 4622 2291 4665 sanctorum

729 4700 1106 4754 criminatores
1136 4701 1160 4753 τ
1184 4716 1283 4754 nee
1305 4701 1548 4754 auditum
1569 4701 1619 4754 id
1648 4716 1909 4770 unquam,
1937 4717 2036 4756 nec
2057 4703 2292 4772 speciem

731 4789 894 4843 ullam
925 4788 1085 4843 habet
1116 4789 1341 4843 istorum
1361 4789 1698 4843 mendacium
1725 4805 1740 4853 ;
1768 4805 1888 4844 cum
1917 4791 2185 4859 posterior
2209 4793 2294 4846 ille

731 4879 916 4933 divino
938 4878 1135 4948 Cyrillo
1181 4877 1361 4932 fuerit.
1396 4877 1640 4943 Quonam
1669 4877 1834 4948 igitur
1867 4879 2028 4933 modo
2053 4894 2178 4933 eum
2201 4880 2292 4949 qui

732 4980 855 5041 post
887 4971 1057 5024 sancti
1094 4971 1303 5026 obitum
1345 4970 1634 5026 hereticus
1677 4970 1916 5026 innotuit
1948 4981 2190 5042 tempore
2217 4973 2293 5026 la-

732 5063 1008 5117 trocinalis
1042 5061 1326 5132 Ephesinaa
1351 5063 1560 5132 synodi,
1594 5070 1717 5131 post
1757 5063 1969 5117 tertiam
2004 5072 2246 5118 sanctam
2278 5080 2292 5126 ;

731 5153 820 5208 ille
853 5163 1091 5217 sanctus,
1117 5153 1228 5222 jam
1259 5153 1380 5209 creti
1425 5154 1582 5207 sedes
1607 5153 1858 5222 adeptus.
1903 5156 2184 5226 suscepit?
2209 5155 2299 5210 Sic

733 5259 927 5313 nempe
952 5244 1308 5309 mentiuntur,
1349 5243 1558 5298 fabulas
1579 5252 1847 5308 texentes,
1885 5254 1945 5299 ut
1973 5245 2298 5315 simplicium

733 5336 943 5391 animas
967 5345 1323 5405 aucupentur.

799 5426 1061 5492 Quocirca
1092 5426 1240 5481 omni
1286 5434 1402 5481 arte
1443 5440 1508 5481 ac
1541 5424 1768 5482 scientia
1815 5424 2064 5495 satagite,
2096 5435 2294 5480 utser-

732 5527 951 5587 pentem
979 5527 1035 5571 et
1062 5532 1194 5572 voce
1224 5517 1538 5588 serpentina
1566 5517 1851 5586 loquentes
1882 5516 2186 5578 declinetis,
2201 5532 2294 5585 per

733 5625 871 5678 quos
923 5608 1200 5678 perierunt
1225 5624 1386 5678 quam
1427 5607 1697 5678 plurimia
1725 5607 2072 5677 generatione
2107 5606 2160 5661 in
2204 5622 2292 5677 ge-

736 5700 1091 5756 nerationem.
1137 5700 1208 5755 De
1248 5702 1368 5756 aliis
1409 5713 1537 5756 vero
1582 5699 2100 5771 interrogationibus
2145 5700 2295 5753 tuis:

739 5790 796 5846 Si
833 5791 1120 5861 episcopus
1167 5791 1582 5862 Maechosynodo
1615 5807 1721 5847 non
1747 5789 2078 5856 interfuerit,
2112 5800 2294 5846 vocet-

2404 4607 2858 4677 μεταγενέστερός
2901 4608 3017 4660 ἐστι
3072 4606 3164 4660 τοῦ
3212 4607 3354 4661 θείου
3390 4607 3678 4677 Κυρίλλου.
3721 4605 3847 4669 Πῶς
3875 4603 3966 4659 οὖν

2397 4697 2490 4749 τὸν
2521 4696 2659 4766 μετὰ
2689 4698 2946 4766 κοίμησιν
2974 4695 3066 4748 τοῦ
3095 4697 3252 4765 ἁγίου
3286 4696 3652 4766 γνωρισθέντα
3687 4696 3967 4766 αἱρετικὸν

2399 4789 2457 4840 ἑν
2501 4787 2679 4858 καιρῷ
2727 4788 2825 4856 τῆς
2873 4789 3172 4858 λῃστρικῆς
3216 4788 3434 4841 συνόδού
3468 4789 3526 4840 εν
3559 4787 3792 4856 Ἐφέσῳ,
3828 4787 3966 4857 μετὰ

2398 4878 2497 4948 τὴν
2535 4879 2722 4948 τρίτην
2762 4879 2854 4932 καὶ
2903 4877 3098 4945 ἁγίαν,
3153 4879 3310 4941 αὐτὸς
3364 4879 3394 4930 ό
3439 4877 3593 4945 ἅγιος
3638 4876 3856 4944 ἐδέξατο
3900 4877 3965 4929 τὰ

2400 4969 2744 5037 ύπερκόσμια
2794 4967 3009 5037 λαχώνς
3064 4967 3222 5022 Οὕτω
3265 4968 3618 5038 ψευδοεποῦσι
3667 4968 3967 5038 μυθαρευό-

2403 5077 2588 5128 μενοι,
2628 5060 2776 5122 ὅπως
2821 5059 3126 5130 θηρεύσωσι
3180 5059 3357 5130 ψυχὰς
3401 5059 3693 5128 ἀφελότητι
3736 5075 3963 5129 πορευο-

2403 5152 2590 5222 μένας.

2470 5414 2567 5476 aia
2590 5422 2746 5476 τοῦτο
2771 5421 3054 5493 τεχνοῦσθε
3081 5423 3174 5475 καὶ
3204 5417 3533 5488 γνωρίζεσθε
3571 5417 3712 5470 κατὰ
3744 5418 3924 5472 πάντα
3943 5434 3958 5450 ·

2403 5516 2488 5567 ἴνα
2530 5515 2619 5567 τὸν
2664 5516 2786 5582 ὅφιν
2815 5517 2908 5568 καὶ
2935 5517 3059 5577 τοὺς
3090 5511 3425 5581 όφιοφὼνους
3460 5509 3734 5578 φεύγοιτε,
3767 5509 3854 5577 έφ“
3883 5505 3960 5572 οἷς

2401 5607 2684 5667 ὡλέκοντο.
2717 5610 2798 5660 ὅτι
2837 5608 3064 5676 μάλιστα
3110 5605 3352 5657 πλεῖστοι
3394 5601 3506 5655 ἀπὸ
3535 5601 3736 5669 γενεῶν
3765 5601 3842 5665 είς
3866 5617 3956 5669 γε·

2402 5699 2543 5760 νεάς.
2585 5699 2719 5766 Περὶ
2765 5698 2820 5750 δὲ
2867 5698 2974 5749 τῶν
3013 5695 3186 5749 ἄλλων
3219 5693 3461 5746 πεύσεων
3481 5708 3496 5723 ο
3529 5693 3589 5744 Et
3615 5694 3643 5744 ό
3667 5692 3960 5752 ἐπίσκοπος

2402 5789 2498 5856 οὐκ
2534 5785 2759 5856 εὓρηται
2810 5788 2887 5848 εἰς
2919 5785 3016 5854 τὴν
3067 5783 3459 5854 μοιχοσύνοδον,
3495 5781 3685 5850 καλοὲη
3709 5781 3762 5835 δὲ
3793 5781 3958 5853 αὐτὴν
