4158 6512
256 444 404 509 1089
1488 459 1979 523 EPISTOLABU!

1917 463 2020 524 UM
2058 468 2202 527 LIB.
2248 471 2296 528 l.
3385 480 3517 547 1090

247 558 712 625 ψευδοσύλλογον·
737 561 1067 630 μνημονεύει
1097 561 1152 616 δὲ
1179 563 1268 616 τὸν
1291 566 1346 616 ὲν
1375 566 1510 638 αὐτῇ
1536 567 1831 638 εὑρεθέντα
1858 572 1910 629 Λ
1934 589 1979 641 (ιι

1934 589 2038 641 que
2099 576 2246 630 illam
2304 575 2496 630 falsum
2555 580 2997 636 conventiculum
3055 599 3069 638 :
3126 600 3513 647 commemoret

252 650 665 723 μητροπολίτην
708 651 874 704 αὑτοῦ
913 669 925 680 ·
959 654 1024 707 ὲκ
1068 655 1161 707 τοῦ
1195 657 1567 728 πρεσϐυτέρου
1591 659 1686 712 τοῦ
1713 663 1834 713 ἐπι-υ
1934 681 1979 720 ai

1934 677 2115 722 autem
2140 669 2617 738 metropolitanum
2640 671 2733 740 qui
2756 673 2808 726 in
2831 689 2893 728 ea
2921 675 3173 732 inventus
3195 689 3297 744 est,
3332 691 3512 738 utrum

251 744 468 797 σκόπου
497 743 906 813 ὁρθοδοξοῦντος
933 747 983 799 εἰ
1026 748 1131 817 χρὴ
1171 752 1451 802 κοινωνεῖν
1475 767 1489 781 ο
1523 750 1833 821 ἀπεκρίθην
1935 773 1962 810 a

1935 773 1962 810 ε
1996 758 2316 829 presbytero
2349 761 2589 830 episcopi
2622 763 2907 819 orthodoxi
2962 768 3211 838 accipere
3266 743 3514 830 commu-

249 837 346 888 καὶ
393 836 460 887 δι’
491 835 694 904 ἑτέρων
747 837 854 889 τῶν
899 839 1034 908 meo;
1072 841 1289 893 Εύόδιον
1335 843 1717 912 γραμμάτων,
1751 845 1832 896 ὅτι
1933 846 1979 900 ni

1933 845 2152 901 nionem
2194 858 2443 917 Oporteat
2465 849 2487 902 ?
2512 866 2607 919 per
2628 851 2758 908 alias
2789 854 2854 907 ad
2885 835 3144 910 Evodiu‘m
3186 859 3392 916 litteras
3425 880 3514 919 re-

247 925 381 989 Ναὶ,
415 928 726 996 οἰκονομίας
774 929 964 999 χάριν·
1000 932 1161 999 μόνον
1197 934 1269 1002 μὴ
1299 933 1831 1006 συλλειτουργοῠντος
1932 953 1979 1008 s[

1932 940 2147 1008 spondi,
2172 943 2688 998 communicandum
2721 960 2841 999 esse
2873 946 3294 1016 dispensationis
3318 955 3509 1023 gratia,

245 1018 421 1072 αὑτοῦ
452 1021 768 1090 αἱρετικοῖς.
794 1021 892 1081 Εἰς
916 1023 1067 1075 οὐδὲν
1095 1024 1204 1091 γάρ
1242 1025 1379 1088 ἐστι,
1413 1030 1830 1097 μνημονευομέ-
1930 1030 1979 1083 dt

1930 1030 2224 1086 dummodo
2258 1033 2387 1102 ipsis
2431 1049 2552 1088 cum
2585 1036 3001 1106 hazreticispnon
3051 1018 3343 1099 sacriﬁcet:
3370 1018 3508 1102 Cum

245 1127 346 1162 νου
395 1110 492 1162 τοῦ
557 1112 856 1164 ἐπισκόπου
910 1113 1190 1184 ὀρθοδόξου
1236 1116 1406 1180 ὄντος,
1457 1118 1558 1171 κᾶν
1616 1121 1827 1173 ἐκείνου
1930 1136 1979 1174 Cl

1930 1122 2075 1174 enim
2115 1124 2406 1193 episcopus
2434 1125 2525 1195 qui
2561 1137 3024 1183 commemoratur
3047 1132 3119 1185 sit
3141 1135 3504 1204 orthodoxus,

245 1200 405 1270 φόϐῳ
445 1202 722 1270 αἱρετικὸν
751 1205 1115 1273 ἀναφέροντος
1140 1206 1230 1260 τὸν
1261 1209 1460 1261 οίκεῖον
1495 1211 1829 1281 μητροπολί-
1930 1228 1979 1282 pl

1930 1228 2029 1282 pro
2063 1214 2234 1270 nihilo
2257 1228 2338 1271 est
2371 1218 2514 1286 quod
2546 1219 2690 1272 illius
2721 1231 2889 1283 metu,
2916 1222 3231 1279 haereticnm
3263 1243 3505 1283 comme-

242 1305 371 1359 την.
411 1288 518 1341 Τοῦ
569 1291 813 1345 τοιούτου
852 1295 1225 1366 πρεσϐυτέρου
1267 1299 1361 1350 καὶ
1409 1301 1490 1360 εἰς
1527 1301 1826 1370 παννυχίδα
1929 1319 1979 1357 ΠΙ

1929 1313 2105 1358 moret
2129 1307 2604 1375 metropolitanum
2626 1323 2805 1362 suum.
2839 1309 3155 1378 llujusmodi
3188 1315 3504 1385 presbytero

243 1380 728 1452 προσκαλουμένω
755 1424 770 1447 ,
804 1386 972 1438 ίτέονο
1005 1389 1099 1440 καὶ
1137 1389 1478 1459 Ἐκκλησίαν,
1492 1392 1626 1463 παρ’
1659 1394 1824 1446 αὑτοῦ
1928 1403 1979 1451 cl

1928 1403 1985 1451 ct
2014 1397 2080 1450 ad
2129 1399 2469 1468 pervigilium
2502 1410 2749 1462 vocante,
2789 1404 3028 1457 eundum
3081 1380 3209 1471 est}
3242 1416 3294 1462 et
3319 1380 3505 1464 E'ccle-

241 1472 542 1542 δεδομένην
568 1474 833 1545 ληπτέον⁸
878 1479 967 1530 καὶ
994 1480 1073 1542 είς
1111 1481 1280 1550 αὐτὴν
1315 1483 1611 1552 ἐρχομένου
1652 1486 1820 1538 αὑτοῦ
1926 1485 1979 1540 εἰς

1926 1485 2061 1540 siam
2095 1487 2391 1555 praebente,
2437 1489 2750 1558 accipienda
2782 1501 2866 1545 est
2899 1507 2912 1556 ;
2959 1501 3014 1545 et
3046 1494 3112 1546 ad
3149 1494 3294 1548 illam
3327 1508 3386 1550 ut
3413 1513 3504 1552 sa-

241 1563 657 1636 λειτουργῆσαι,
709 1571 1139 1640 παραχωρητέον
1171 1588 1187 1603 ο
1238 1574 1403 1642 ἢκαὶ
1454 1577 1822 1646 μνημονεῦσαι
1925 1593 1979 1632 cr

1925 1577 2132 1632 criﬁcet
2177 1579 2451 1645 veniente,
2486 1580 2913 1650 permittendum
2961 1594 3063 1638 est.
3098 1585 3410 1650 Quinetiam
3442 1599 3504 1644 ut

243 1657 460 1727 νεκρὸν,
491 1657 771 1728 ὀρθόδοξον
801 1663 1004 1731 μέντοι,
1036 1667 1417 1736 συγχωρητέον
1443 1685 1458 1698 ο
1511 1671 1604 1720 καὶ
1634 1671 1692 1721 ὲν
1724 1671 1822 1722 αύ-
1923 1685 1976 1723 m

1923 1678 2198 1723 mortuum
2221 1683 2606 1726 commemoret
2629 1674 2924 1728 dummodo
2951 1676 3335 1744 orthodoxum,
3366 1695 3499 1734 con-

239 1751 308 1818 τῇ
337 1748 670 1821 λειτουργεῖν
711 1753 802 1806 τὸν
861 1753 1118 1816 λαϐόντα.
1156 1757 1306 1810 οὐδὲν
1346 1759 1637 1815 κωλυτέον.
1673 1761 1733 1814 Ei
1763 1763 1820 1816 δὲ
1922 1773 1979 1812 ce

1922 1759 2225 1812 cedendum
2273 1769 2356 1814 est
2388 1777 2400 1812 :
2432 1770 2488 1814 et
2541 1761 2596 1815 in
2637 1777 2700 1815 ea
2744 1764 3052 1819 sacriﬁcare
3133 1767 3224 1836 qui
3267 1772 3497 1839 accepit,

240 1841 524 1910 αἱρετικὸν
553 1843 812 1916 ἀναφέρει
842 1845 971 1898 ὄντα
1010 1847 1330 1915 ἐπίσκοπον,
1369 1852 1474 1904 κᾶν
1512 1854 1816 1926 μακαρίζῃ,
1847 1904 1892 1926 η
1923 1865 1974 1903 m

1923 1850 2144 1906 minime
2191 1852 2615 1920 prohibendum.
2650 1853 2706 1907 Si
2745 1869 2875 1908 vero
2913 1855 3232 1911 haereticum
3261 1874 3502 1914 comme-

241 1904 348 1983 κάν
390 1904 680 2005 ὀρθοδοξῇ,⁷
718 1904 820 2006 τῆς
851 1938 948 2007 μὲν
981 1937 1135 2002 θείας
1170 1904 1454 2006 κοινωνίας
1500 1904 1816 2012 issit—{£07,
1847 1904 1894 1964 Β
1923 1959 1974 1996 tn

1923 1952 2097 1997 moret
2121 1944 2459 2014 episcopum,
2488 1946 2735 2014 quamvis
2759 1946 2978 2000 beatum
3013 1949 3293 2017 praadicet,
3316 1967 3505 2020 quam-

237 2021 340 2092 τῆς
390 2023 448 2076 δὲ
487 2026 674 2096 κοινῆς
705 2028 1004 2098 τραπέζης,
1040 2032 1125 2083 ἐπ’
1165 2032 1232 2084 ἂν
1289 2035 1404 2086 ἐκεῖ
1459 2035 1566 2087 δέοι
1615 2052 1819 2107 μνημο-
1918 2035 1979 2090 vi:

1918 2035 2001 2090 vis
2031 2047 2175 2090 recte
2215 2037 2413 2091 sentiat
2447 2055 2458 2089 :
2495 2037 2724 2091 adivina
2758 2039 3142 2094 communione
3163 2042 3350 2110 utique
3375 2043 3502 2097 abs-

248 2113 451 2168 νεύειν.
483 2111 609 2170 Ὧδε
637 2118 853 2173 δεκτέον
883 2122 1023 2191 τάχα
1049 2123 1142 2176 καὶ
1164 2125 1489 2192 εὐλογοῦντα
1535 2128 1694 2181 αὑτὸν
1727 2129 1819 2182 καὶ
1921 2126 1979 2182 tit

1921 2126 2207 2182 tinendum
2258 2136 2362 2193 est,
2419 2128 2528 2181 imo
2557 2136 2612 2182 et
2647 2142 2677 2181 a
2715 2143 2903 2183 mensa
2944 2131 3244 2197 communi,
3298 2133 3342 2186 si
3393 2132 3503 2187 illic

240 2204 628 2274 ωμψάλλοντα
657 2223 672 2238 ο
703 2207 908 2279 ἐάνπερ
949 2212 1086 2282 μήτε
1144 2214 1487 2284 αἰρετικῷ,ἢ
1523 2215 1602 2286 τῷ
1636 2217 1818 2286 οἰκείῳ
1917 2234 1979 2288 qu

1917 2234 2133 2288 quoque
2182 2221 2690 2275 commemorandus
2745 2221 2834 2276 sit.
2889 2221 2966 2276 lta
3019 2223 3363 2293 recipiendus
3413 2226 3501 2280 ille

237 2297 546 2369 ὲπισκόπῳ,
579 2300 688 2352 εἴτε
720 2300 826 2353 τινὶ
853 2301 1019 2373 ἄλλῳ,
1052 2309 1412 2377 συνιερουργῇ
1442 2307 1509 2376 ’ἢ
1538 2309 1596 2360 ὲν
1621 2309 1816 2376 γνώσει
1919 2310 1979 2365 ἴω

1919 2310 2145 2366 fortasse
2177 2313 2241 2367 ad
2272 2312 2702 2368 benedictionem
2728 2322 2782 2367 et
2812 2312 2877 2368 ad
2901 2313 3276 2384 psalmodiam,
3304 2316 3347 2370 si
3376 2331 3499 2370 cum

238 2388 530 2458 μεταδίδοι.
569 2391 632 2443 El
686 2390 854 2445 ἐσθίει
886 2409 971 2453 τις
1010 2395 1148 2464 μετά
1195 2397 1288 2450 τοῦ
1338 2399 1813 2472 μοιχοζεύκτου,ῆ
1919 2403 1979 2456 ha

1919 2403 2178 2458 haeretica
2210 2403 2486 2474 episcopo,
2518 2404 2634 2458 sive
2666 2418 2788 2469 suo,
2835 2405 2950 2459 sive
2973 2405 3168 2470 altero,
3193 2419 3302 2459 non
3334 2407 3500 2460 sacri-

239 2481 363 2552 μεθ⁹
393 2483 581 2552 ἑτέρου
641 2485 920 2555 αίρετικοῦ
973 2487 1322 2560 ἀδιαφόρως,
1379 2492 1684 2561 φυλακτέον
1738 2494 1813 2566 μὴ
1917 2497 1979 2551 ﬁc

1917 2497 2063 2561 ﬂeet,
2095 2512 2198 2551 nec
2221 2497 2294 2550 illi
2320 2498 2499 2552 sciens
2539 2497 2852 2552 distribuat.
2882 2497 2939 2552 Si
2966 2496 3089 2567 quis
3115 2497 3294 2551 cibum
3320 2498 3501 2567 capiat

236 2573 621 2627 συνεστιᾶσθαι
654 2577 765 2639 τοῖς
790 2575 1075 2642 τοιούτοις,
1105 2579 1210 2632 κᾶν
1235 2581 1632 2652 ὑποκρίνωνται
1655 2586 1815 2655 ὀρθοο
1917 2603 1979 2642 cu

1917 2603 2042 2642 cum
2106 2589 2336 2644 adulteri
2393 2590 2725 2659 copulatore,
2781 2597 2875 2642 aut
2944 2603 3067 2644 cum
3123 2588 3231 2643 alio
3305 2589 3500 2658 quovis

233 2663 431 2730 δοξεῖν.
470 2667 546 2720 Οὐ
574 2668 683 2740 γὰρ
715 2668 1052 2737 φυλάσσουσι
1076 2671 1137 2724 τὸ
1169 2673 1498 2744 πρόσταγμα
1519 2677 1611 2730 τοῦ
1654 2679 1815 2732 Ἀποο
1918 2682 1979 2735 lia

1918 2682 2176 2736 lizrretico
2206 2681 2621 2736 indiii‘erenter:
2653 2681 2956 2736 cavendum
3001 2689 3085 2736 est
3113 2695 3182 2734 ne
3215 2695 3339 2735 cum
3373 2681 3500 2735 tali-

237 2758 448 2820 στόλου,
473 2758 601 2825 Τοῖς
622 2761 926 2828 τοιούτοις,
955 2761 1225 2832 λέγοντος,
1251 2767 1406 2834 μηδὲ
1429 2772 1803 2826 συνεσθίειν.
1917 2770 1979 2824 bu

1917 2770 2019 2824 bus
2070 2771 2406 2834 comedatur,
2446 2770 2572 2824 licet
2601 2777 2746 2824 recte
2784 2768 2988 2824 sentire
3033 2784 3092 2824 se
3131 2769 3353 2841 ﬁngant.
3378 2769 3498 2824 Non

234 2849 427 2912 ιὶλέον,
464 2851 562 2904 ούκ
591 2853 972 2925 ἐξερευνητέον
1002 2856 1034 2927 ἢ
1073 2858 1211 2928 μετὰ
1235 2859 1332 2913 τοῦ
1375 2866 1815 2930 συνεστιαθέντος
1915 2876 1979 2915 CII

1917 2861 2062 2915 enim
2097 2862 2388 2916 observant
2438 2868 2771 2930 praeceptum
2802 2860 3048 2930 Apostoli
3084 2877 3097 2914 :
3137 2858 3266 2916 Cum
3308 2859 3500 2930 hujus-

236 2941 314 3012 τῷ
362 2942 661 3014 αίρετικιῖν
718 2945 840 3000 ὄσδε
893 2948 1222 3021 συνεστιάθη
1275 2950 1478 3022 ζητεῖν,
1529 2957 1624 3009 καὶ
1678 2958 1816 3027 μετά
1916 2969 1979 3004 ηις

1917 2950 2058 3004 modi
2082 2967 2171 3004 nec
2204 2951 2375 3004 cibum
2414 2967 2618 3005 sumere
2640 2952 2682 2981 *ί
2719 2952 3010 3006 monentis.
3057 2951 3349 3015 Caeterum,
3383 2968 3493 3006 non

231 3033 389 3088 τοῦδε
442 3035 669 3106 ἕτερος·
706 3037 1004 3094 κάντεῦθεν
1052 3044 1439 3114 ἀνασειράζειν
1490 3048 1582 3101 τὸν
1633 3047 1812 3116 λόγον,
1916 3057 1979 3096 all

1917 3042 2147 3112 amplius
2179 3043 2502 3109 investigare
2529 3051 2763 3112 oportet,
2787 3051 2879 3096 aut
2902 3043 3211 3113 exquirere,
3243 3053 3424 3096 utrum
3450 3044 3497 3098 is

232 3128 329 3180 καὶ
373 3127 710 3195 ἀφίστασθαι
765 3130 1005 3185 πάντων.
1046 3132 1454 3206 Ἐθελόγνωμον
1486 3139 1546 3191 τὸ
1598 3140 1810 3212 χρῆμα,
1917 3150 1979 3189 co

1917 3132 2219 3189 comederit
2268 3147 2391 3186 eum
2421 3148 2487 3187 eo
2521 3133 2609 3202 qui
2644 3147 2767 3186 eum
2815 3133 3071 3205 hzeretico
3118 3134 3299 3188 cibum
3343 3150 3494 3188 sum-

235 3219 330 3269 καὶ
359 3218 420 3270 ού
456 3217 568 3272 τῶν
596 3219 791 3289 ἀγίων.
813 3223 1001 3292 Μέχρι
1029 3221 1139 3296 γὰρ
1169 3227 1406 3292 τούτου,
1432 3232 1586 3299 φησι,
1606 3230 1806 3300 στῆθι,
1834 3233 1878 3295 C
1913 3243 1979 3298 ρει

1917 3227 2101 3298 pserit,
2138 3237 2192 3281 et
2237 3240 2360 3280 cum
2410 3225 2503 3279 illo
2544 3225 2680 3279 alter
2715 3242 2727 3278 :
2778 3236 2941 3294 atque
2985 3225 3056 3278 ita
3091 3225 3256 3279 alium
3296 3239 3362 3279 ex
3391 3225 3498 3279 alio

231 3308 331 3363 καί
393 3311 508 3379 οὐχ
557 3310 895 3382 ὑπερϐήσῃ.
925 3314 1018 3385 Μὴ
1072 3314 1184 3388 γὰρ
1240 3317 1341 3370 οὐκ
1382 3317 1605 3388 ᾔδεισαν
1637 3319 1812 3375 ταῦτα
1916 3335 1974 3375 se

1917 3333 2224 3375 sermonem
2268 3327 2511 3384 nectere,
2543 3326 2598 3371 et
2631 3317 2698 3371 ab
2739 3317 2994 3371 omnibus
3022 3317 3324 3373 abstinere.
3353 3315 3488 3371 Pro-

233 3400 524 3472 ὲξερευνᾷν
567 3403 664 3456 καὶ
701 3404 1115 3474 διαγγέλλεσθαι
1179 3409 1354 3480 ήμῖνς
1397 3410 1510 3464 ἀλλ’
1537 3412 1809 3483 οὐδαμῶς.
1915 3424 1979 3478 pr

1917 3407 2046 3478 priaa
2077 3408 2179 3460 hoc
2223 3407 2514 3461 voluntatis
2546 3416 2649 3468 est,
2683 3415 2738 3460 et
2779 3421 2888 3460 non
2930 3415 3242 3459 sanctorum
3281 3422 3294 3459 :
3332 3405 3499 3474 Usque

234 3492 326 3545 Διὸ
364 3493 466 3546 οὐκ
498 3494 688 3548 ἐσθλὸν
729 3497 1078 3566 μεταϐαίνειν
1124 3488 1251 3571 ὅρια
1279 3501 1314 3556 ἃ
1345 3501 1528 3556 ἔθεντο
1554 3505 1603 3556 oi
1636 3505 1811 3558 Πατέ-
1913 3501 1979 3554 hu

1917 3501 2033 3565 huc,
2086 3500 2282 3570 inquit,
2336 3500 2529 3561 uenies,
2574 3508 2623 3551 et
2681 3514 2783 3550 non
2845 3499 3088 3566 procedes
3147 3496 3376 3562 amplius
3428 3498 3515 3549 “.-

235 3599 327 3654 ρςς
357 3585 683 3654 ἡμῶν.Μεθ’
709 3581 770 3640 οὗ
787 3587 844 3640 δὲ
870 3589 969 3641 οὐκ
992 3589 1264 3659 ἐσθίομεν,
1289 3592 1410 3644 οὐδὲ
1433 3593 1604 3663 δῶρον
1618 3594 1811 3649 τούτου
1915 3592 1979 3648 Ut

1917 3592 2108 3648 Utrum
2135 3591 2279 3646 enim
2306 3592 2422 3646 haec
2443 3591 2514 3644 illi
2547 3589 2874 3659 investigare
2937 3586 3249 3641 nescierunt
3269 3587 3502 3641 etnobis

231 3675 451 3729 δεκτέον
481 3693 494 3706 ο
528 3678 686 3748 εἴπερ
717 3678 1005 3749 διδαχθεὶς,
1045 3681 1202 3747 ἅπαξ
1239 3685 1332 3736 καὶ
1353 3684 1432 3748 δὶς
1463 3686 1810 3757 ἀδιαφοροίη,
1916 3682 1979 3736 de

1917 3682 2290 3736 denuntiare?
2324 3679 2698 3750 Nequaquam.
2747 3678 2926 3744 Quare
2977 3685 3197 3748 praestat
3235 3677 3501 3732 terminos

234 3765 330 3819 καὶ
350 3769 410 3819 οὐ
444 3768 693 3823 πείθεται
722 3771 875 3840 ἡμῖν.
913 3773 1027 3826 Ούκ
1056 3770 1174 3827 οἴδα
1203 3777 1250 3828 εί
1279 3775 1353 3847 μὴ
1392 3779 1543 3848 παρὰ
1565 3779 1674 3831 τῶν
1715 3797 1815 3847 φυ-
1917 3788 1979 3826 110

1917 3788 2026 3826 non
2052 3771 2350 3841 transgredi
2376 3787 2513 3840 quos
2536 3779 2838 3840 posuerunt
2865 3769 3053 3823 Patres
3073 3770 3243 3823 nostri
3271 3769 3315 3801 ”
3357 3769 3493 3823 Cum

232 3855 416 3910 λάκων
442 3859 540 3921 τὰς
569 3860 668 3928 οὐχ
702 3860 777 3923 ὼς
815 3862 1089 3929 εὐλογίας,
1121 3865 1237 3917 ἀλλ’
1266 3866 1341 3928 ὼς
1372 3868 1562 3936 χρείας
1593 3868 1812 3938 λαμϐά-
1915 3879 1979 3933 qu

1917 3879 2025 3933 quo
2053 3880 2160 3917 non
2187 3864 2419 3926 edimus,
2453 3877 2554 3916 nec
2575 3876 2772 3916 munus
2807 3862 2924 3929 ejus
2944 3862 3321 3930 accipiendum
3346 3871 3450 3918 est.
3480 3879 3494 3921 ;

233 3964 347 4000 νειν
372 3963 387 3979 ⁸
419 3948 452 4018 ἢ
492 3952 803 4021 οἰκονομίας
829 3954 1035 4018 ἕνεκεν,
1066 3958 1156 4009 καὶ
1195 3957 1264 4010 τὰ
1297 3960 1447 4029 παρὰ
1479 3960 1587 4012 τῶν
1639 3961 1814 4024 ἄλλων
1916 3957 1958 4011 εἰ

1917 3957 1958 4011 si
1999 3955 2166 4010 semel
2215 3955 2517 4023 iterumque
2564 3953 2876 4006 admonitus
2925 3961 3262 4015 contemnat,
3316 3968 3497 4022 neque

232 4041 543 4108 φευγόντων
563 4043 743 4111 μέντοι
773 4046 834 4098 τὸ
856 4049 1237 4101 συνεστιᾶσθαι
1266 4051 1562 4120 αίρετικοῖς
1588 4053 1812 4121 ἀδιαφό·
1915 4065 1979 4102 n0

1917 4049 2074 4102 nobis
2106 4048 2467 4116 obtemperet.
2499 4045 2606 4098 Nisi
2644 4044 2781 4096 forte
2810 4058 2839 4095 a
2870 4042 3212 4106 custodibus,
3259 4058 3367 4096 non
3401 4058 3500 4097 ve-

239 4149 343 4200 ρως
377 4151 391 4164 ο
419 4133 519 4186 οὐκ
547 4131 662 4188 οἶδα
708 4138 756 4188 εἰ
785 4137 859 4208 μὴ
894 4139 1033 4212 τύχῃ
1070 4141 1211 4194 κατά
1241 4143 1562 4213 περίστασιν
1607 4147 1701 4198 καὶ
1728 4145 1811 4198 δέ-
1915 4142 1979 4195 Iw

1917 4142 1995 4195 lut
2022 4140 2286 4210 eulogias,
2319 4138 2416 4191 sed
2461 4137 2610 4191 velut
2650 4135 2988 4188 necessarios
3027 4150 3177 4197 usus,
3200 4135 3446 4205 accipere
3482 4153 3496 4189 :

235 4224 428 4290 ξασθαι
468 4226 560 4279 κα)⁸
592 4229 1008 4300 συνεστιαθῆναι
1047 4234 1138 4286 καὶ
1159 4230 1358 4288 τοῖσδε.
1393 4235 1584 4289 Δοῦναι
1621 4237 1676 4290 δὲ
1703 4240 1814 4301 τοῖς
1915 4248 1979 4286 au

1917 4243 2006 4286 aut
2062 4227 2484 4300 dispensationis
2536 4226 2727 4298 gratia,
2767 4225 2927 4278 etiam
2974 4227 3041 4279 ab
3067 4226 3209 4287 aliis,
3242 4226 3337 4280 sed
3406 4226 3497 4296 qui

233 4314 494 4379 τοιούτοις
523 4316 617 4370 καὶ
644 4319 755 4380 τοῖς
784 4319 978 4388 φύλαξι
1005 4321 1202 4393 βρῶμα
1231 4325 1324 4376 καὶ
1346 4323 1496 4393 πόμα
1519 4326 1578 4377 ού
1603 4326 1814 4396 διακρι-
1915 4341 1979 4377 cu

1917 4339 2038 4377 eum
2077 4321 2348 4376 hmreticis
2377 4318 2687 4389 promiscue
2732 4317 3008 4370 convivari
3051 4316 3357 4388 refugiant:
3391 4316 3496 4370 nisi

233 4406 378 4459 τέονο
404 4405 484 4458 ὃτι
517 4409 609 4461 καὶ
639 4412 805 4474 παντὶ
841 4410 1111 4483 ἀνθρώπῳ
1148 4413 1487 4483 μεταδοτέον.
1517 4417 1610 4481 Ei;
1632 4417 1687 4470 δὲ
1713 4419 1813 4486 τὴν
1916 4415 1979 4470 f0!

1917 4415 2057 4470 forte
2080 4412 2358 4482 contingat
2382 4426 2444 4465 ex
2481 4409 2793 4464 necessaria
2822 4409 3230 4463 circumstantia
3254 4418 3308 4462 et
3334 4410 3502 4462 susci-

247 4497 576 4568 Ἐκκλησίαν
622 4499 717 4553 τοῦ
758 4502 963 4573 Κυρίου
1009 4505 1266 4578 Γρηγορᾶ
1297 4505 1391 4559 τοῦ
1427 4509 1618 4561 τέκνου
1653 4511 1811 4581 ἡμῶν
1840 4569 1886 4581 ﬁ
1917 4521 1979 4574 pe

1917 4519 2048 4574 pere
2082 4512 2139 4558 et
2159 4501 2438 4557 convivari
2469 4515 2592 4555 cum
2623 4501 2794 4554 hisce.
2827 4500 2961 4555 Dare
2985 4508 3166 4554 autem
3191 4510 3244 4554 et
3275 4499 3492 4562 talibus,

235 4590 294 4641 οὗ
330 4589 513 4660 τολμῶ
559 4591 734 4644 εἰπεῖν
783 4569 1165 4666 λειτουργήσαι
1196 4569 1586 4669 ’πρεσϐύτερον
1609 4569 1765 4671 ἡμιῦν
1796 4619 1808 4633 ο
1839 4569 1892 4628 D
1917 4569 1972 4650 et

1917 4609 1972 4650 et
2002 4595 2322 4650 custodibus
2346 4593 2525 4648 cibum
2551 4607 2613 4647 ac
2634 4602 2819 4662 potum
2846 4595 2964 4648 sine
2984 4593 3300 4648 discrimine
3332 4593 3453 4646 licet
3479 4611 3493 4646 :

233 4679 321 4732 διὰ
375 4679 436 4732 τὸ
479 4680 617 4750 μετά
649 4681 747 4753 τὴν
783 4685 1158 4755 μοιχοσύνοδον
1186 4687 1633 4760 ὲνθρονιασθῆναι
1669 4730 1684 4753 ,
1717 4693 1811 4745 καὶ
1914 4701 1979 4755 (lu

1917 4682 2357 4755 quandoquidem
2397 4682 2544 4736 omni
2579 4681 2783 4735 homini
2834 4681 3252 4751 impertiendum
3282 4688 3384 4734 est.
3437 4681 3494 4733 In

162 4761 164 4763 i
237 4771 341 4823 ὑπὸ
359 4771 452 4825 τοῦ
489 4774 1031 4847 συλλειτουργοῦντος
1065 4779 1158 4832 καὶ
1207 4780 1804 4853 συλλειτουργήσαντος
1913 4776 1979 4830 Ε(

1917 4774 2154 4830 Ecclesia
2187 4789 2350 4843 porro
2381 4773 2586 4828 domini
2635 4772 2886 4843 Gregoraa
2918 4773 3009 4826 lilii
3036 4771 3207 4825 nostri
3240 4781 3302 4825 ut
3325 4771 3493 4825 sacri-

234 4861 313 4931 τῷ
350 4864 728 4940 μοιχοζεύκτῃ,
759 4868 847 4921 διὰ
874 4868 968 4922 τοῦ
1004 4873 1504 4942 πρωτομοιχειανοῦ
1539 4875 1810 4946 καθιερω-
1913 4864 1979 4920 ίῘο

1917 4864 2038 4920 licet
2085 4865 2371 4935 presbyter
2421 4873 2611 4918 noster
2654 4865 2837 4918 dicere
2868 4879 2978 4918 non
3012 4864 3223 4917 audeo:
3260 4877 3326 4916 eo
3348 4863 3496 4932 quod

235 4952 415 5026 θῆναι·
1913 4965 2039 5028 post
2072 4957 2558 5027 mmchosynodum
2600 4956 2847 5010 dedicata
2887 4965 2970 5010 est
3013 4957 3080 5009 ab
3113 4971 3179 5010 eo
3200 4955 3290 5024 qui
3325 4955 3494 5009 sacri-

1917 5049 2097 5105 ﬁcavit
2118 5064 2240 5104 cum
2255 5048 2482 5103 adulteri
2506 5049 2840 5118 copulatore,
2857 5064 2950 5118 per
2966 5047 3491 5117 protommchianum

1918 5151 2234 5200 consecrata
2243 5182 2258 5194 .
2272 5193 2278 5200 .

658 5270 724 5322 N.
769 5301 834 5310 —
871 5271 951 5336 Τῷ
982 5271 1159 5338 αὐτῷ.
1192 5272 1384 5347 [σκη’.]

2480 5274 2542 5346 L.
2583 5304 2653 5314 -——
2688 5273 2898 5330 Eidem.

1721 5415 1796 5466 De
1822 5415 2061 5482 Digamis.
2107 5443 2112 5456 ε

303 5510 519 5582 Θερμδς
549 5508 618 5576 ei,
649 5513 836 5567 τέκνον
873 5517 1230 5586 ἠγαπημένον
1252 5558 1265 5581 ,
1303 5536 1367 5571 πε
1381 5520 1432 5587 pi.
1466 5516 1561 5571 τοῦ
1590 5520 1802 5590 ἐρωτᾷν

1981 5521 2178 5584 Ardes,
2216 5520 2287 5574 ﬁli
2338 5519 2680 5583 charissime,
2718 5517 2895 5572 studio
2937 5515 3292 5587 percontandi
3320 5523 3374 5570 et
3410 5515 3492 5570 di-

237 5604 328 5657 καὶ
362 5603 653 5674 μανθάνειν
681 5605 750 5658 τὰ
781 5607 1027 5677 χρήσιμοι
1054 5625 1066 5638 ·
1096 5610 1190 5660 καὶ
1217 5609 1276 5662 τὸ
1309 5611 1405 5679 μὲν
1433 5612 1622 5680 χρῆμα
1647 5613 1805 5664 ὲπαι-
1913 5629 1979 5670 εει

1917 5612 2098 5670 seendi
2146 5627 2266 5681 qua:
2301 5612 2450 5666 utilia
2490 5621 2620 5665 sunt
2657 5629 2670 5663 :
2705 5620 2865 5678 atque
2896 5609 2948 5664 id
2992 5618 3138 5663 certe
3165 5607 3436 5661 laudabile
3472 5624 3483 5658 :

237 5694 386 5747 νετόν
411 5710 424 5724 ο
461 5695 560 5764 ούχ
596 5695 779 5761 ἱκανὸς
832 5698 888 5750 δὲ
933 5695 1044 5765 ἐγὼ
1092 5697 1239 5750 λύειν
1275 5701 1373 5763 τὰς
1405 5702 1638 5772 ἀπορίας
1669 5717 1764 5753 σου
1787 5718 1803 5734 ·
1913 5720 1978 5758 ve

1917 5720 2102 5759 verum
2161 5717 2260 5774 ego
2314 5702 2589 5760 solvendis
2635 5701 3023 5772 quaestionibus
3064 5701 3178 5755 suis
3232 5716 3332 5770 par
3378 5714 3488 5753 non

304 5873 346 5905 ⁶¹
383 5872 404 5928 Ι
439 5872 562 5928 Cor.
598 5890 648 5936 v,
680 5873 762 5927 Η.
839 5875 883 5906 ⁸⁸
929 5875 1029 5930 Joh
1058 5891 1278 5934 xxxviii.
1305 5876 1391 5932 11.
1468 5877 1512 5909 ⁸³
1542 5875 1705 5934 Prov.
1732 5895 1863 5947 xxtt,
1891 5881 1979 5936 ‘38.
