4158 6470
700 406 828 471 1091

1878 412 1935 467 Β.
1968 402 2358 467 THEODORI
2400 404 2745 464 STUDITE

3792 404 3934 468 1092

692 538 812 578 sum
845 539 860 586 ;
892 522 1196 579 communis
1226 531 1403 578 tamen
1444 532 1683 593 quaestus
1715 521 1893 577 studio
1930 519 2253 573 conferenda

2358 516 2507 583 ὅμως
2540 515 2627 567 δια
2655 515 2715 567 τὸ
2744 516 2897 585 κοινῇ
2926 514 3209 585 συμψέρον
3242 511 3581 567 εἰσενεκτέον
3613 512 3712 564 καὶ
3742 513 3837 565 νῦν
3864 519 3933 569 τὰ

688 614 990 669 etiamnum
1028 630 1148 683 qua:
1196 629 1505 684 possumus.
1556 614 1796 679 Qumstio
1822 622 1909 667 tua
1934 614 2001 668 de
2027 610 2263 682 Digamis

694 705 795 759 fuit
824 723 839 771 ;
864 704 1005 774 quod
1028 706 1096 759 de
1122 719 1312 759 eorum
1341 706 1724 774 conjunctione
1744 704 2049 759 dubitatum
2078 701 2261 765 fuerit,

692 798 1015 853 coronarine
1071 798 1212 852 sicut
1262 799 1565 867 monagami
1613 799 1871 861 debeant,
1927 797 2167 852 annon?
2210 803 2267 850 et

690 906 927 961 quonam
968 899 1149 961 pacto,
1199 889 1244 944 si
1273 890 1490 959 quidem
1524 890 1627 945 hoc
1678 890 1791 952 ﬁat,
1838 890 2261 959 conjuugantur,

693 980 975 1035 sacerdote
1014 979 1133 1033 illos
1167 978 1390 1033 minime
1428 980 1717 1048 copulante
1745 997 1756 1032 :
1795 978 1993 1032 famam
2027 992 2170 1040 esse,
2198 975 2266 1030 ab

694 1068 844 1137 impii
883 1067 1226 1123 Constantini
1256 1067 1591 1137 temporibus
1638 1067 1937 1122 obtinuisse
1967 1075 2264 1121 consuetu-

693 1158 874 1211 dinem
906 1159 1148 1228 digamos
1178 1158 1496 1222 coronandi,
1529 1173 1595 1213 ex
1636 1158 1830 1228 triplici
1865 1158 1984 1227 ejus
2013 1156 2264 1226 coniugio

695 1260 911 1313 natam;
938 1265 1060 1303 cum
1091 1249 1339 1317 superior
1370 1258 1496 1303 ante
1524 1250 1672 1303 illum
1710 1249 1968 1303 memoria
2002 1263 2111 1302 non
2142 1247 2263 1302 fue-

694 1341 788 1394 rit.
834 1340 942 1411 I~Igo
984 1355 1135 1403 vero,
1181 1342 1310 1410 quin
1368 1342 1678 1396 verisimilis
1732 1357 1795 1395 ea
1836 1340 1976 1395 fama
2018 1342 2107 1403 sit,
2152 1355 2263 1394 non

695 1446 965 1502 repugno.
1014 1430 1282 1486 Caeterum
1307 1432 1508 1487 debent
1535 1434 1783 1487 veritatis
1806 1433 2035 1488 studiosi
2064 1448 2174 1486 non
2197 1448 2263 1487 ex

695 1529 901 1576 temere
934 1521 1146 1592 vulgata
1198 1521 1359 1586 fama,
1388 1538 1566 1593 neque
1592 1539 1657 1579 ex
1689 1524 1928 1578 humana
1972 1533 2266 1578 consuetu-

691 1610 836 1673 dine,
887 1626 1066 1666 rerum
1090 1611 1247 1665 fidem
1273 1613 1517 1683 accipere
1551 1630 1566 1678 ;
1595 1614 1689 1668 sed
1715 1628 1782 1668 ex
1809 1613 1939 1683 ipsis
1961 1614 2131 1669 sacris
2153 1612 2266 1667 Lit-

696 1700 825 1754 teris
848 1709 903 1755 et
937 1710 1157 1770 paterna
1193 1710 1354 1771 atque
1389 1703 1651 1757 canonica
1680 1704 1989 1759 traditione.
2024 1705 2264 1774 Digamia

692 1806 821 1861 ergo
874 1792 1136 1859 permissa
1185 1792 1331 1847 haud
1378 1792 1542 1848 dubie
1588 1793 1745 1849 fuita
1772 1806 1960 1849 sancto
1986 1796 2260 1865 Apostolo.

690 1889 745 1934 et
769 1896 865 1949 per
896 1881 1073 1950 ipsum
1096 1898 1125 1936 a
1161 1882 1396 1938 Christo.
1434 1882 1629 1942 Verum
1666 1886 1782 1940 haec
1811 1886 1892 1940 lex
1937 1900 2043 1940 non
2070 1896 2171 1952 est,
2202 1896 2264 1941 ut

691 1969 989 2041 Gregorius
1009 1970 1315 2045 Theologus
1342 1974 1437 2041 ait,
1457 1975 1550 2030 sed
1580 1975 1912 2047 indulgentia
1936 1994 1949 2030 :
1978 1977 2262 2048 indulgen-

693 2062 766 2116 tia
786 2072 965 2117 autem
992 2079 1333 2134 nequaquam
1364 2068 1416 2121 in
1442 2081 1510 2122 eo
1535 2068 1777 2121 cernitur
1795 2069 1936 2138 quod
1961 2070 2277 2140 reprehen--

692 2153 845 2209 sione
860 2162 916 2208 et
943 2154 1098 2225 culpa
1126 2166 1308 2211 careat
1331 2175 1343 2211 :
1364 2157 1456 2227 qui
1480 2158 1625 2212 enim
1650 2168 1706 2213 et
1730 2174 1891 2229 quam
1915 2160 1984 2215 ob
1999 2176 2215 2217 causam
2239 2162 2262 2215 ἲ

690 2245 784 2298 sed
840 2245 929 2299 ubi
995 2248 1385 2314 succumbitur,
1436 2264 1697 2319 noxasque
1746 2250 1907 2305 alIine
1955 2262 2060 2317 est,
2113 2253 2259 2324 quod

690 2336 886 2405 agitur.
919 2335 1032 2390 Hoc
1057 2338 1204 2392 enim
1233 2338 1410 2408 ipsum
1444 2339 1662 2395 divinus
1700 2342 1992 2411 Apostolus
2022 2343 2260 2398 insinua-

692 2426 791 2489 vit,
820 2441 941 2479 cum
967 2427 1172 2483 diceret
1198 2447 1211 2483 :
1243 2428 1301 2484 Si
1322 2447 1377 2484 se
1403 2447 1504 2483 non
1532 2434 1820 2497 continent,
1861 2435 2138 2489 nubant“.
2173 2436 2260 2489 ln-

689 2517 1026 2573 continentia
1072 2520 1275 2590 quippe
1320 2538 1441 2591 qua:
1482 2522 1811 2580 fortitudinis
1855 2528 2020 2581 robur
2057 2528 2257 2590 amisit,

691 2608 847 2663 victae
897 2618 1287 2680 prostrataque
1330 2621 1414 2668 est
1445 2625 1671 2670 natum.
1718 2615 1811 2671 His
1842 2618 2069 2687 permoti
2091 2619 2257 2673 divini

689 2692 877 2751 Patres
927 2697 1170 2768 digamos
1202 2701 1378 2771 poenis
1423 2704 1792 2773 subiecerunt,
1838 2708 1890 2760 in
1942 2708 2255 2763 Laodicensi

690 2786 910 2855 quidem
942 2790 1131 2859 synodi
1174 2792 1455 2849 indeﬁnite
1477 2795 1546 2857 “,
1574 2810 1698 2850 cum
1734 2798 1963 2852 dicunt:
1996 2799 2066 2854 Ut
2092 2815 2257 2868 parvo

693 2885 937 2946 tempore
982 2890 1173 2936 exacto
1206 2893 1399 2939 vacent
1447 2887 1786 2943 orationibus
1816 2899 1870 2943 et
1904 2889 2126 2959 jejuuiis
2160 2908 2173 2942 :
2202 2900 2258 2945 et

690 2968 989 3023 secundum
1045 2971 1433 3044 indulgentiam
1490 2980 1927 3034 communionem
1980 2982 2129 3036 reddi
2174 2983 2256 3037 eis

689 3055 1066 3117 decrevimus:
1112 3079 1357 3145 magnus.
1382 3082 1512 3122 vero
1540 3066 1767 3125 Basilius
1809 3072 2031 3126 deﬁnite
2058 3074 2121 3127 ⁸⁸.
2166 3074 2257 3128 Sic

688 3149 834 3204 enim
860 3152 936 3206 ait
962 3171 978 3207 :
1013 3152 1090 3209 De
1121 3156 1367 3227 trigamis
1412 3169 1464 3214 et
1494 3160 1784 3233 polygamis
1813 3165 2062 3219 eumdem
2090 3179 2253 3219 cano-

690 3257 813 3295 nem
843 3244 1172 3301 deﬁnierunt
1200 3248 1407 3315 Patres,
1440 3253 1697 3307 nimirum
1732 3270 1891 3323 quem
1915 3254 1970 3307 in
2000 3255 2253 3325 digamis.

688 3338 1039 3404 proportione
1064 3356 1077 3393 :
1098 3356 1298 3397 annum
1328 3345 1473 3400 enim
1502 3348 1556 3402 in
1595 3349 1824 3419 digamis
1853 3368 1866 3403 :
1901 3351 1952 3403 in
1981 3350 2099 3404 aliis
2127 3365 2257 3405 vero

686 3427 826 3483 duos
871 3445 1062 3487 annos.
1118 3432 1273 3490 Patet
1302 3436 1465 3507 igitur
1509 3455 1573 3493 ex
1626 3442 1691 3495 iis
1738 3457 1857 3511 quae
1909 3442 2048 3497 dicta
2108 3454 2254 3512 sunt,

686 3518 935 3588 digamize
961 3532 1213 3593 tanquam
1230 3528 1477 3583 obnoxia:
1498 3530 1807 3601 impositam
1830 3549 2042 3602 pinnam
2065 3534 2254 3591 fuisse.

688 3608 978 3679 Propterea
1024 3616 1169 3669 enim
1204 3626 1258 3671 et
1295 3620 1465 3675 sancti
1514 3620 1697 3678 Patres
1744 3626 1931 3697 synodi
1971 3628 2255 3685 Neocaesa-

686 3700 882 3756 riensis
911 3703 955 3735 "
1002 3707 1314 3777 presbytero
1364 3711 1779 3783 interdixerunt,
1832 3733 1899 3773 ne
1952 3718 2005 3773 in
2055 3721 2254 3790 digami

689 3792 895 3863 nuptiis
923 3795 1194 3867 epuletur.

757 4052 893 4107 Cum
928 4055 1097 4115 enim.
1129 4055 1403 4126 inquiunt,
1440 4060 1756 4129 pmnitentia
1788 4064 2033 4133 digamus
2072 4075 2247 4137 egeat,

680 4147 804 4214 quis
850 4150 953 4202 erit
989 4150 1269 4219 presbyter
1298 4153 1389 4221 qui
1438 4170 1535 4223 per
1571 4157 1879 4210 convivium
1919 4174 2247 4214 consensum

684 4238 922 4307 praebeat
972 4239 1167 4295 talibus
1214 4242 1457 4312 nuptiis?
1497 4244 1636 4309 Quid
1688 4261 1816 4318 ergo
1855 4264 1918 4302 ex
1968 4250 2052 4303 bis
2102 4250 2248 4303 aliud

684 4331 991 4384 necessario
1013 4332 1314 4397 coniicitur,
1346 4351 1503 4405 quam
1529 4338 1731 4407 primas
1761 4340 1977 4409 quidem
2010 4345 2245 4413 nuptias,

682 4426 743 4471 ut
771 4435 891 4488 qua:
915 4423 1130 4491 proprie
1159 4423 1245 4477 lex
1274 4424 1403 4490 sint,
1436 4427 1631 4482 merito
1656 4430 1905 4484 coronari
1942 4447 1972 4484 a
1999 4435 2249 4487 sacerdo-

2366 606 2507 658 κατά
2544 604 2791 675 δύναμιν.
2836 606 2899 658 Ἦ
2928 605 3196 675 ἐρώτησίς
3221 623 3315 658 σου
3354 605 3612 673 περὶτῶν
3641 605 3893 675 διγάμων
3917 624 3932 635 ·

2365 699 2446 751 ὅτι
2495 698 3012 769 ἀμφισϐητούμενον
3045 700 3158 765 ιστι
3195 699 3324 768 περὶ
3355 699 3455 767 τῆς
3491 701 3789 765 συνατείας
3834 700 3934 751 αὖ·

2364 788 2493 853 τῶν,
2522 785 2633 858 ἆρα
2673 788 3063 857 στεφανοῦσθαι
3090 791 3286 853 αὐτοὺς
3310 830 3323 852 ,
3349 789 3425 851 ώς
3457 789 3548 841 ἐπὶ
3568 790 3679 842 τῶν
3703 791 3936 860 μονογά-

2369 896 2517 949 μων,
2543 878 2577 947 ἦ
2636 879 2753 949 ui);
2791 879 2886 931 καὶ
2926 880 3071 945 πῶς,
3130 880 3225 933 ἐὰν
3278 878 3435 931 τοῦτο
3483 882 3775 950 γενήσεται
3799 921 3814 943 ,
3848 882 3936 949 εἴη

2367 969 2656 1035 συνάφεια,
2710 971 2783 1041 μὴ
2824 970 2927 1023 ὑπό
2953 971 3045 1023 τοῦ
3083 971 3276 1042 ἱερέως
3309 972 3690 1041 ζευγνυμένων
3715 973 3935 1033 αῦτώνς

2363 1062 2446 1114 ὅτι
2510 1061 2735 1129 φέρεται
2792 1061 2947 1129 λόγος
2998 1062 3105 1117 ἀπὸ
3156 1063 3264 1115 τῶν
3313 1062 3537 1132 ἡμερῶν
3566 1062 3658 1114 τοῦ
3705 1063 3935 1127 ἀσεϐοῦς

2366 1152 2773 1205 Κωνσταντίνου
2808 1154 3083 1223 κρατῆσαι
3119 1153 3221 1223 τὴν
3266 1155 3551 1223 συνήθειαν
3582 1153 3676 1205 τοῦ
3712 1156 3937 1225 διγαμιο

2364 1241 2460 1295 κοῦ
2501 1241 2939 1313 στεφανώματος,
2959 1246 3023 1297 ἐκ
3050 1242 3145 1296 τοῦ
3171 1245 3290 1297 κατ’
3310 1244 3471 1298 αὑτὸν
3491 1262 3650 1315 τριγα
3660 1247 3733 1313 μή
3743 1263 3934 1315 ματος·

2366 1320 2495 1387 ἐπεί
2528 1335 2602 1404 μὴ
2642 1330 2779 1387 εἶναι
2813 1336 2873 1387 ὲν
2902 1339 3021 1399 τοῖς
3045 1336 3164 1406 ’πρὸ
3210 1336 3379 1389 αὐτοῦ
3410 1336 3641 1406 χρόνοις.
3697 1338 3841 1405 Ἐγώ
3882 1339 3938 1393 δὲ

2365 1424 2510 1495 ἔχειν
2534 1426 2631 1496 μὲν
2656 1428 2748 1480 τὸν
2775 1427 2929 1495 λόγον
2959 1428 3020 1483 τὸ
3044 1428 3234 1481 πιστὸν
3259 1429 3510 1482 ἐντεῦθεν
3537 1430 3636 1483 οὐκ
3678 1433 3938 1485 ἀποδοκι-

2368 1515 2546 1583 μάζω.
2576 1518 2667 1569 Δεῖ
2696 1517 2752 1569 δὲ
2793 1518 2941 1586 ὅμως
2971 1520 3081 1580 τοῖς
3109 1518 3363 1588 ἀληθείας
3409 1520 3666 1591 ἐρασταῖς
3691 1562 3706 1584 ,
3742 1522 3819 1591 μὴ
3872 1524 3937 1575 ἐκ

2366 1606 2559 1672 φορᾶς,
2608 1606 2683 1666 ώς
2725 1605 2899 1675 ἔτυχε.
2935 1606 3187 1676 λόγου,ἣ
3248 1608 3539 1676 συνηθείας
3586 1610 3936 1680 ἀνθρωπίνης

2366 1697 2686 1751 πιστοῦσθαι
2709 1698 2776 1751 τε
2806 1699 3106 1768 πράγματα
3128 1715 3141 1728 ·
3159 1699 3345 1763 ἀλλ’ὲξ
3370 1700 3538 1770 αὐτῆς
3564 1703 3660 1770 τῆς
3679 1702 3936 1755 θεοπνεύ-

2372 1804 2496 1841 στου
2536 1789 2776 1859 Γραψῆς,
2806 1791 2893 1841 καὶ
2929 1789 3029 1857 τῆς
3050 1788 3327 1858 Πατρικῆς
3351 1790 3444 1842 καὶ
3475 1792 3763 1859 κανονικῆς
3789 1792 3938 1844 ἐκδό-

2367 1894 2521 1942 σεως.
2537 1880 2601 1932 'H
2621 1880 2717 1947 μὲν
2733 1876 2824 1933 οὖν
2839 1880 2961 1946 διγα
2971 1881 3067 1949 μία
3085 1879 3543 1951 παρακεχώρηται
3565 1880 3808 1950 δηλονότι
3833 1885 3935 1936 ὑπὸ

2364 1968 2456 2023 ⁶τοῦ
2491 1970 2636 2041 ἱεροῦ
2675 1972 3021 2037 Ἀποστόλου,
3054 1974 3147 2024 καὶ⁸
3175 1972 3241 2025 δι’
3271 1971 3433 2024 αὑτοῦ
3468 1976 3615 2043 παρά
3641 1975 3882 2043 Χριστοῦ
3915 1991 3930 2005 ο

2370 2060 2433 2113 οὐ
2494 2062 2601 2131 μὴν
2655 2062 2838 2132 νόμος,
2869 2062 3058 2132 ὥσπερ
3091 2065 3120 2116 ὀ
3147 2062 3412 2129 Θεολόγος
3449 2063 3768 2135 Γρηγορίος,
3796 2066 3934 2119 ἀλλά

2365 2152 2711 2225 συγχώρησις
2745 2170 2760 2184 ’
2823 2153 3170 2224 συγχώρησις
3221 2155 3279 2208 δὲ
3335 2156 3433 2209 οὐκ
3490 2156 3581 2208 ἐπὶ
3638 2157 3931 2225 ἀμέμπτου

2362 2248 2453 2299 καὶ
2510 2248 2809 2299 ἀπταίστου
2870 2246 3063 2312 γίνοιτ’
3093 2246 3156 2298 ἄν
3192 2263 3206 2276 ο
3267 2248 3382 2310 πῶς
3434 2248 3562 2317 γαρ.
3608 2250 3704 2301 καὶ
3740 2248 3929 2313 διατί;

2360 2338 2474 2391 ἀλλ’
2503 2339 2594 2391 ἰπὶ
2619 2340 2788 2408 ἥττης
2820 2338 2965 2400 τινὸς
3000 2339 3093 2391 καὶ
3146 2339 3424 2408 ἁλωσίμου
3456 2340 3754 2409 δράματος.
3790 2342 3932 2393 Αὐτὴ

2360 2431 2469 2500 γὰρ
2517 2430 2674 2483 τοῦτο
2715 2432 2744 2483 ὁ
2775 2429 2916 2493 θεῖος
2954 2430 3275 2493 Ἀπόστολος
3328 2432 3549 2501 ᾐνίξατο
3614 2430 3830 2483 εἰπών·
3863 2435 3933 2487 ει

2360 2524 2470 2576 οὐκ
2518 2522 2993 2589 ἐγκρατεύονται,
3034 2519 3500 2589 γαμησάτωσαν.
3535 2521 3598 2574 ’ίί
3649 2522 3709 2575 δὲ
3755 2524 3931 2593 ἀκρα-

2362 2614 2450 2667 σία
2490 2614 2548 2666 τὸ
2576 2614 2774 2683 κράτος
2801 2614 2895 2681 τῆς
2944 2614 3191 2685 ἀνδρείας
3235 2613 3570 2679 ἀπολέσασα,
3597 2614 3770 2684 ἥττης
3813 2617 3930 2668 ἐστὶ

2359 2706 2454 2757 καὶ
2494 2702 2866 2769 ἀποπτώσεως
2917 2703 3160 2771 ἔκγονον.
3200 2703 3481 2756 Ἐντεῦθεν
3514 2706 3852 2775 ὁρμηθέντες
3880 2707 3931 2759 οἱ

2360 2793 2491 2847 θείοι
2550 2794 2813 2864 Πατέρες,
2873 2795 3138 2864 ἐπιτιμίῳ
3187 2794 3457 2847 ὑπέϐαλον
3487 2796 3610 2858 τοὺς
3633 2796 3931 2865 διγάμους,

2357 2888 2405 2939 oi
2459 2887 2558 2955 μὲν
2595 2887 2693 2954 τῆς
2735 2889 2791 2938 ὲν
2822 2887 3111 2955 Λαοδικείᾳ
3150 2885 3370 2938 σύνοδον
3404 2886 3695 2956 ἀορίστως,
3719 2886 3810 2938 διὰ
3839 2885 3931 2939 τοῦ

2356 2980 2531 3030 εἰπεῖν
2557 2994 2571 3007 ·
2622 2978 2833 3043 Ὁλίγου
2876 2977 3069 3045 χρόνου
3100 2976 3461 3045 παρελθόντος
3500 2977 3594 3027 καὶ
3629 2975 3933 3043 σχολάσαν-

2356 3085 2453 3129 τας
2482 3070 2538 3119 ὲν
2566 3070 2685 3128 ταῖς
2715 3070 3050 3136 προσευχαῖς
3077 3068 3171 3120 καὶ
3198 3067 3493 3136 νηστείαις,
3517 3068 3657 3118 κατὰ
3681 3067 3931 3135 συγγνώο

2360 3176 2468 3228 μην
2500 3156 2847 3211 ἀποδίδοσθαι
2878 3158 3063 3219 αὐτοῖς
3093 3158 3192 3225 τὴν
3233 3160 3518 3211 κοινωνίαν
3548 3157 3834 3227 ώρίσαμεν
3864 3174 3879 3188 ’
3903 3160 3933 3211 δ

2357 3249 2414 3301 δὲ
2454 3249 2623 3317 μέγας
2654 3250 2930 3311 Βασίλειος
2951 3249 3290 3319 ὡρισμένως.
3317 3250 3456 3320 Φησὶ
3478 3251 3582 3320 γάρ
3606 3264 3619 3277 ·
3656 3251 3795 3319 Περὶ
3816 3267 3932 3319 τρι-

2357 3340 2551 3409 γάμων
2592 3339 2686 3391 καὶ
2713 3339 3040 3409 πολυγάμυ›ν
3072 3342 3164 3394 τὸν
3204 3341 3367 3394 αὐτὸν
3412 3341 3618 3410 ὥρισαν
3648 3341 3854 3394 κανόνα
3881 3342 3931 3393 oi

2358 3430 2623 3501 Πατέρες.
2654 3430 2895 3501 δηλονότι
2924 3431 2989 3484 δν
3038 3432 3133 3484 καὶ
3170 3434 3262 3486 ἐπὶ
3292 3432 3404 3485 τῶν
3442 3432 3711 3501 διγάμων,
3744 3432 3930 3485 ἀναλό-

2356 3540 2469 3591 γως
2497 3539 2511 3553 ⁸
2541 3523 2788 3576 ἐνιαυτὸν
2829 3524 2927 3593 μὲν
2955 3524 3062 3593 γὰρ
3098 3526 3191 3577 επὶ
3228 3526 3335 3578 τῶν
3365 3525 3610 3593 διγάμων
3636 3541 3649 3554 ·
3685 3524 3835 3577 ἄλλοι
3870 3525 3927 3579 δὲ

2354 3615 2448 3669 δύο
2469 3615 2584 3685 ἔτη.
2611 3616 2888 3669 Δέδεικται
2923 3618 3100 3669 τοίνυν
3129 3618 3191 3669 ὲκ
3216 3617 3324 3669 τῶν
3366 3616 3659 3686 ῥηθέντων.
3702 3616 3780 3679 ώς
3823 3618 3927 3671 ὑπὸ

2353 3707 2414 3759 τὸ
2441 3708 2701 3760 πταιστὺν
2734 3710 2988 3775 γεγονυῖα
3034 3711 3065 3777 ἡ
3102 3708 3333 3777 διγαμία
3377 3709 3590 3778 εἰλήφει
3637 3709 3699 3760 τὸ
3746 3710 3927 3762 ἐπιτί-

2355 3814 2495 3867 μιον.
2524 3798 2619 3849 Διά
2667 3798 2825 3849 τοῦτο
2878 3798 2987 3867 γὰρ
3035 3800 3125 3850 καὶ
3173 3801 3220 3850 οί
3265 3799 3366 3867 τῆς
3414 3800 3472 3851 ὲν
3521 3800 3928 3872 Νεοπιιιισειρεία⁵

2353 3886 2571 3938 συνόδου
2603 3886 2748 3952 ἆγιοι
2783 3888 3029 3957 Πατέρες
3065 3888 3334 3958 ἀπεῖρξαν
3365 3890 3460 3941 καὶ
3484 3888 3576 3940 τοῦ
3608 3891 3927 3961 ὲστιαθῆναι

2356 3976 2732 4046 πρεσδύτερον
2759 3980 2837 4039 εἰς
2870 3977 3229 4044 διγαμοῦντος
3261 3980 3460 4046 γάμον.

2423 4069 2707 4134 Λέγοντες,
2728 4069 2879 4120 Ἐπεὶ
2903 4070 3190 4137 μετάνοιαν
3217 4070 3495 4132 αἰτοῦντος
3520 4070 3610 4123 τοῦ
3634 4070 3928 4141 διγαμοῦν-

2347 4176 2458 4222 τος,
2497 4159 2579 4222 τίς
2613 4160 2767 4212 ἔσται
2806 4162 2833 4213 ὁ
2865 4159 3233 4230 πρεσϐύτερος
3276 4162 3305 4213 δ
3343 4162 3431 4213 δια
3473 4163 3569 4230 τῆς
3630 4164 3925 4227 ἑστιάσεως

2352 4231 2883 4322 συγιίατατιθέμενος
2904 4254 3015 4315 τοῖς
3031 4253 3263 4321 γάμοιςς
3301 4254 3364 4304 Τί
3398 4253 3491 4306 οὖν
3523 4254 3583 4305 τὸ
3614 4271 3923 4325 συμπεραι-

2351 4345 2573 4413 νόμενον
2630 4344 2690 4408 ὲξ
2738 4346 3080 4411 ἀναγκαίους
3119 4344 3240 4396 Ὅτι
3268 4346 3295 4397 ὀ
3329 4346 3425 4413 μὲν
3472 4346 3686 4415 πρῶτος
3724 4348 3919 4414 γάμος,

2356 4435 2431 4497 ὼς
2477 4437 2682 4504 κυρίως
2727 4436 2802 4487 ὢν
2863 4436 3047 4503 νόμος.
3116 4436 3341 4497 εἰκότως
3389 4437 3760 4501 ἐστεφάνωται
3822 4438 3923 4488 ὑπο

680 4510 759 4563 tio
786 4512 933 4565 velut
963 4512 1191 4568 intactas
1236 4522 1292 4569 et
1322 4516 1715 4583 immaculatas,
1751 4531 2002 4591 tanquam
2043 4539 2073 4577 a
2110 4524 2236 4577 libi-

2355 4526 2447 4593 τῆς
2516 4527 2835 4595 ἱερωσύνης,
2898 4525 2971 4577 ώς
3027 4526 3326 4591 ἀνέπαφος,
3390 4526 3465 4587 ώς
3521 4527 3788 4595 ἇρῤυπος,
3849 4528 3922 4588 ώς

677 4598 821 4652 dinis
862 4609 989 4654 nota
1039 4600 1347 4659 immunes:
1378 4615 1539 4676 atque
1581 4610 1652 4663 ob
1700 4610 1839 4664 hanc
1879 4626 2094 4665 causam
2140 4629 2237 4667 ceu

678 4692 887 4759 peccati
917 4692 1168 4748 victrices
1208 4699 1495 4752 coronari?
1531 4698 1606 4753 Ex
1634 4717 1743 4770 quo
1781 4703 2027 4771 sequitur
2056 4713 2111 4758 et
2153 4721 2240 4758 sa-

675 4797 892 4837 crorum
924 4786 1285 4856 participatio,
1320 4790 1545 4859 ejusque
1571 4793 1662 4862 qui
1696 4796 1997 4860 coronavit,
2046 4806 2102 4852 et
2141 4813 2239 4851 cu-

671 4874 977 4946 juscunque
1026 4879 1253 4935 alterius
1292 4884 1623 4949 sacerdotis,
1682 4886 1735 4940 in
1790 4888 1985 4942 talibus
2032 4890 2238 4959 nuptiis

672 4968 1017 5021 comessatio.
1081 4967 1550 5035 Quemadmodum
1604 4976 1657 5029 in
1687 4977 1831 5031 Cana
1861 4978 2090 5033 Galilzea:
2130 4980 2235 5034 Do-

673 5054 855 5109 minus
898 5067 953 5111 et
986 5057 1129 5113 Deus
1173 5072 1357 5117 noster
1397 5067 1666 5133 prandere
1709 5068 1961 5137 dignatus
1997 5078 2101 5131 est,
2140 5085 2237 5141 per

674 5162 831 5201 suum
871 5148 998 5204 illud
1043 5153 1349 5208 convivium
1378 5157 1639 5225 nuptialia
1677 5161 1904 5229 prandia
1932 5162 2112 5214 omnia
2140 5162 2234 5215 be-

674 5236 953 5291 nedicens.
1001 5239 1142 5304 Quin
1175 5254 1229 5295 et
1268 5247 1566 5300 coronariac
1611 5248 1975 5317 impositionis
2007 5250 2238 5304 benedi-

671 5327 909 5381 ctionem
949 5332 1275 5401 anticipans,
1306 5351 1367 5389 ea
1404 5338 1639 5405 primum
1668 5353 1952 5409 parentem
1987 5353 2237 5397 nostrum

669 5418 837 5472 Adam
882 5420 1164 5490 impertiit.
1204 5424 1520 5489 Quomodo?
1544 5428 1612 5483 Et
1653 5433 1848 5485 creavit
1895 5432 2029 5487 Dens
2069 5436 2238 5487 homi-

672 5527 787 5565 nem
821 5527 840 5566 :
869 5514 939 5565 ad
974 5515 1256 5585 imaginem
1296 5518 1391 5572 Dei
1416 5524 1614 5575 creavit
1662 5524 1833 5586 illum,
1869 5527 2157 5580 masculum
2186 5538 2234 5581 et

668 5604 915 5671 feminam
947 5611 1143 5661 creavit
1173 5627 1257 5663 eos
1285 5627 1303 5664 :
1325 5611 1690 5683 benedixilqne
1714 5616 1823 5669 illis
1854 5616 2012 5681 Deus,
2038 5629 2085 5672 et
2110 5621 2189 5673 ait
2211 5636 2231 5675 :

668 5690 915 5760 Crescite,
962 5708 1010 5751 et
1067 5702 1513 5771 multiplicamini,
1560 5716 1610 5760 et
1663 5709 1858 5776 replete
1908 5720 2122 5775 terram,
2179 5722 2228 5765 et

2346 4617 2619 4677 ἀνάλωτος
2650 4615 2893 4686 πορνικῷ
2927 4616 3109 4678 πάθει,
3141 4618 3234 4669 καὶ
3267 4616 3355 4669 δια
3397 4616 3553 4669 τοῦτο
3591 4618 3667 4679 ώς
3696 4620 3921 4685 νικητὴς

2345 4708 2444 4776 τῆς
2473 4707 2747 4777 ἁμαρτίας
2790 4710 3255 4777 κατεστεμμένος.
3300 4703 3479 4776 Ἐφἰἶι
3528 4709 3720 4763 έπεται
3754 4713 3787 4780 ἡ
3815 4711 3920 4763 τῶν

2343 4804 2700 4872 ἀγιασμάτων
2752 4804 3057 4873 μετάληψις
3082 4846 3096 4867 ,
3125 4807 3216 4856 καὶ
3243 4806 3275 4874 ἡ
3325 4804 3416 4857 τοῦ
3454 4806 3917 4871 στεφανώσαντος,

2344 4896 2435 4947 καὶ
2486 4895 2684 4957 παντὸς
2728 4895 2886 4947 ἄλλου
2941 4895 3235 4965 ἱερατικοῦ,
3260 4897 3316 4948 ὲν
3369 4896 3447 4965 τῷ
3490 4895 3715 4964 τοιούτῳ
3758 4897 3921 4965 γάμῳ

2342 4986 2599 5047 ἑστίασις.
2635 4986 2791 5039 Καθά
2819 4989 2908 5041 καὶ
2941 4990 2970 5040 ὁ
2994 4988 3199 5057 Κύριος
3226 4989 3318 5041 xui.
3342 4988 3475 5051 Θεὸς
3507 4990 3661 5059 ἡμῶν
3684 4992 3742 5042 ὲν
3767 4992 3919 5060 Κανᾷ

2343 5077 2441 5146 τῆς
2493 5077 2777 5137 Γαλιλαίας
2830 5079 3066 5145 ἠξίωσεν
3108 5080 3419 5149 ἀριστῆσαι,
3446 5081 3535 5133 διὰ
3586 5081 3686 5150 τῆς
3740 5084 3917 5134 ἐκεῖσε

2344 5167 2637 5230 ἑστιάσεως
2694 5170 2866 5221 πάντα
2889 5169 2951 5241 [ί.
2988 5172 3095 5222 πᾶν
3126 5169 3207 5240 τὸ]
3251 5172 3486 5239 γαμικὸν
3531 5173 3753 5241 ἄριστον
3788 5192 3918 5227 κατ-

2346 5260 2848 5327 ευλογήσας.“Λλλά
2901 5264 2991 5314 καὶ
3018 5262 3116 5330 τῆς
3174 5264 3499 5332 στεςανικῆς
3543 5266 3793 5334 ἁρμογῆς
3826 5268 3918 5319 αὖ·

2342 5350 2431 5413 τὸς
2488 5351 2776 5421 προλαϐὼν
2825 5352 2923 5423 τὴν
2973 5353 3221 5419 εὐλογίαν
3253 5354 3405 5407 ἔθετο
3439 5355 3532 5407 ἐπὶ
3560 5359 3650 5407 τοῦ
3686 5358 3917 5427 ἀρχιπὰς

2334 5459 2487 5510 τορος
2520 5443 2882 5513 ήμῶνᾌδαμ·
2915 5444 3063 5508 πῶςς
3102 5447 3211 5500 Καὶ
3245 5447 3538 5513 ἐποίησεν
3576 5450 3609 5500 ό
3637 5449 3783 5515 Θεὸς
3813 5450 3915 5502 τὸν

2330 5534 3017 5600 ἇνθρωπον’κατέἰκόνα
3038 5538 3187 5591 Θεοῦ
3207 5538 3499 5602 ἐποίησεν
3514 5539 3916 5609 admouebam-

2328 5627 2423 5680 καί
2442 5626 2597 5693 θῆλυ
2612 5628 2901 5695 ἐποίησεν
2916 5632 3158 5696 αὐτούς·
3179 5631 3273 5684 καὶ
3294 5631 3864 5699 εὐλόγησεναὺτοὺς
3884 5634 3914 5684 ό

2328 5716 2709 5787 Θεὸς,.1ἐγων·
2727 5720 3194 5785 Αὺξάνεσθε,κα)
3226 5724 3627 5790 πληθύνεσθε,
3648 5724 3742 5777 καί
3760 5727 3909 5791 πλη-

736 5803 781 5835 ⁸⁸
808 5804 826 5859 ι
857 5805 980 5863 Cor.
1011 5824 1105 5877 vu,
1135 5811 1187 5866 9.
1262 5813 1305 5845 "
1332 5813 1494 5871 Laod.
1536 5832 1659 5873 can.
1695 5820 1744 5875 l.
1821 5820 1866 5853 “
1887 5820 1942 5875 In
1968 5819 2139 5891 Epist.
2166 5824 2231 5878 ad
2258 5825 2599 5897 Amphiloch.
2626 5843 2748 5884 can.
2783 5829 2833 5885 ί.
2909 5832 2953 5864 ⁸⁷
2979 5830 3113 5887 Can.
3142 5832 3186 5886 7.
