4158 6560
212 508 231 569 ι
243 510 348 572 093

1431 510 1959 572 EPISTOLARUM
2005 511 2152 570 LIB.
2186 511 2232 568 Ι.

3308 495 3444 560 1094

196 616 436 685 ρώσατε
458 613 570 679 τὴν
587 613 723 682 γῆν,
743 615 840 669 καί
870 616 1374 684 κατακυριεύσατε
1396 616 1602 684 αὐτῆς.
1630 618 1778 686 Λύτη

1907 616 2228 669 lominamini
2265 613 2464 684 eius“.
2512 611 2637 667 Haec
2677 611 2840 682 igitur
2887 608 3197 664 benedictio
3236 605 3446 675 copulae

208 705 302 760 οὖν
349 709 381 777 ὴ
412 705 632 774 εὐλογία
659 706 763 776 τῆς
790 711 1031 778 γαμικῆς
1078 710 1392 778 συναφείας,
1430 711 1524 778 ἀφ’
1545 704 1612 780 ἦς
1676 712 1780 762 πᾶο

210 815 280 853 σα
336 796 642 867 εὐλογιστία
700 801 1072 869 μονογαμικῆς
1122 801 1425 866 συζεύξεως
1454 818 1469 832 ·
1507 803 1630 856 ἐπεὶ
1689 803 1783 855 καὶ⁹

212 889 522 959 μονόγαμος
590 888 782 959 ’Δδάμη
831 889 1217 962 Ἐπιτηρητέον
1263 892 1320 946 δὲ
1343 891 1424 946 ὃτ⁴ι
1464 894 1559 946 καὶ
1586 895 1619 961 ἡ
1664 909 1784 945 στε-

211 980 418 1049 φανικὴ
480 979 768 1051 ἐπίκλησις
832 979 1041 1033 ἐκεῖθεν
1147 981 1441 1053 ὥρμηταιο
1504 983 1602 1054 τὴν
1687 980 1783 1036 τοῦ

214 1069 436 1140 πρώτου
504 1068 792 1140 ἀνθρώπου
847 1068 1170 1133 διάπλασιν,
1231 1070 1334 1123 καὶ
1379 1069 1516 1140 πρὸς
1565 1069 1664 1140 τὴν
1721 1072 1786 1123 ὲκ

213 1162 457 1232 πλευρᾶς
486 1161 650 1216 αὑτοῦ
689 1162 924 1230 γυναῖκα
954 1161 1203 1227 σύζευξιν
1236 1162 1782 1231 ὑπομνηματίζουσα.

227 1252 290 1306 'U
339 1253 395 1305 δὲ
438 1250 693 1321 δεύτερος
730 1251 927 1321 γάμος.
986 1253 1034 1303 εί
1078 1251 1172 1304 καὶ
1209 1251 1646 1323 συγκεχώρηται,
1670 1252 1785 1306 ἀλλ’

215 1342 623 1413 ὲπιτετίμηται.
652 1341 776 1405 Πῶς
819 1340 927 1412 γὰρ
971 1340 1038 1394 ἂν
1067 1340 1159 1393 καὶ
1188 1342 1577 1410 στεφανώσεως
1615 1342 1783 1407 ἄξιος,

217 1428 474 1502 ἡττηθεὶς
497 1469 511 1496 ,
551 1429 662 1482 ἀλλ’
699 1431 758 1482 ού
791 1431 1054 1499 νικήσας;
1095 1429 1180 1493 τίς
1212 1429 1268 1482 δὲ
1307 1430 1401 1483 καὶ
1447 1431 1475 1482 ὀ
1509 1429 1787 1500 στεφανώ-

219 1539 333 1574 σων
368 1519 558 1572 τοῦτον
599 1518 990 1591 πρεσϐύτερος,
1019 1519 1078 1584 ὃς
1106 1521 1200 1572 καὶ
1228 1520 1326 1574 τοῦ
1373 1520 1561 1584 ἁπλῶς
1602 1522 1788 1572 ἑστια-

221 1612 380 1679 θῆναι
404 1613 460 1663 ὲν
486 1609 564 1681 τῷ
593 1609 887 1664 κατάύτὸν
916 1611 1123 1682 ἀρίστῳ
1141 1611 1426 1683 Πατρικῶς
1450 1611 1784 1678 κεκώλυταις

223 1702 342 1764 πῶς
381 1702 438 1754 δὲ
478 1702 572 1756 καὶ
609 1701 822 1771 μεθέξει
850 1705 948 1774 τῆς
997 1703 1148 1766 θείας
1173 1703 1520 1768 κοινωνίας,ὁ
1553 1704 1620 1756 δι’
1653 1704 1788 1758 αὐτὸ

221 1793 383 1846 τοῦτο
428 1793 713 1865 είργμένος
745 1795 923 1866 χρόνῳ
962 1796 1042 1848 ἑνὶ
1092 1797 1187 1848 καὶ
1223 1795 1343 1848 δυσὶ
1375 1794 1484 1848 τῶν
1514 1796 1789 1864 ἁγιασμά-

222 1905 366 1952 τωνς
410 1886 553 1952 τίνος
594 1887 652 1941 δὲ
694 1888 727 1958 ἢ
763 1889 879 1953 οἵας
914 1892 1011 1960 τῆς
1055 1891 1433 1962 εύλογιστικῆς
1483 1892 1793 1963 προσευχῆς

222 1976 515 2047 γενομένης
545 1979 635 2030 ἐπὶ
659 1978 760 2048 τῆς
783 1979 1078 2048 συναφείας
1103 1980 1291 2046 αὐτοῦ,
1336 1981 1410 2051 μὴ
1435 1980 1602 2050 οὔσης
1626 1983 1792 2054 ἄλλης

228 2068 383 2138 παρὰ
411 2069 511 2137 τὴν
541 2069 668 2139 μίαν
692 2071 788 2141 τῆς
818 2075 1193 2143 μονογαμικῆς
1236 2075 1328 2126 καὶ
1373 2073 1631 2144 πρώτηςς
1660 2076 1795 2128 Συν-

229 2158 398 2229 ἦκται
427 2155 519 2214 οὖν
560 2163 624 2216 ὲκ
667 2163 884 2217 πάντων
917 2164 1209 2235 Γραφικῶς
1251 2182 1310 2218 τε
1359 2167 1451 2217 καὶ
1485 2166 1794 2236 Πατρικῶς,

227 2251 499 2322 ἀμέτοχον
547 2249 689 2307 εἶναι
732 2255 1154 2327 στεφανώματος
1185 2257 1283 2328 τὴν
1323 2258 1756 2330 δευτερογαμίαν
1779 2275 1792 2289 ⁸

227 2343 316 2396 διὰ
369 2344 527 2398 τοῦτο
561 2345 683 2398 οὐδὲ
715 2346 821 2400 ὑπὸ
859 2348 954 2402 τοῦ
993 2348 1182 2419 ίερέως
1222 2349 1598 2421 ξευγνυμένην
1623 2366 1636 2380 ·
1664 2350 1800 2405 ἀλλὰ

233 2435 342 2503 μὴν
393 2435 512 2489 οὐδὲ
559 2438 1034 2508 παραδεδομένην⁹
1075 2440 1197 2493 τότε
1229 2440 1287 2494 δὲ
1341 2442 1798 2513 προσδεχομένην,

229 2525 472 2595 ὁπηνίκα
501 2525 586 2596 εἴη
615 2525 890 2598 πλήρωσις
915 2529 1008 2583 τοῦ
1034 2532 1280 2585 ὁπωσοῦν
1308 2532 1450 2586 κατὰ
1467 2533 1567 2602 τὴν
1599 2534 1802 2604 ἱερατι-

232 2615 337 2683 κὴν
391 2613 712 2683 δοκιμασίαν
773 2617 1018 2681 δοθέντος
1074 2620 1392 2691 ἐπιτιμίουο
1427 2622 1548 2691 μεθ’
1570 2622 1640 2691 ἢν
1690 2621 1803 2686 ἔξει

233 2701 296 2771 ιι.
323 2701 487 2774 ἕξειν]
523 2704 618 2756 καὶ
650 2706 757 2758 τῶν
789 2706 948 2760 θείων
987 2709 1176 2779 δώρων
1227 2710 1327 2781 τὴν
1374 2709 1676 2782 μετάληψιν
1715 2713 1804 2764 ὲν-

233 2793 427 2846 τεῡθεν
473 2795 898 2866 εύλογουμένους
929 2800 1127 2864 αὐτοὺς
1146 2839 1162 2865 ,
1197 2802 1360 2856 οἱονεὶ
1384 2802 1458 2866 ὡς
1484 2804 1578 2857 ἐπὶ
1611 2820 1804 2873 στεφα-

233 2885 488 2953 νώματος
513 2903 527 2918 ο
561 2890 702 2942 κατά
747 2890 1002 2962 δεύτερον
1050 2893 1228 2962 λόγον,
1263 2895 1401 2964 μετὰ
1436 2895 1803 2968 συγχώρησιν.

239 2977 474 3045 Εὑλογία
526 2981 630 3049 γὰρ
680 2980 738 3033 τὸ
782 2980 978 3052 δῶρον,
1009 2982 1310 3052 τηνικαῦτα
1356 2985 1450 3038 καὶ
1511 2985 1806 3054 συναφείας

237 3069 392 3138 παρὰ
415 3068 507 3121 τοῦ
551 3070 740 3140 ἱερέως
783 3073 980 3143 δεῖγμα
1010 3090 1024 3104 ’
1062 3074 1249 3129 ἔκτοτε
1299 3075 1372 3146 μὴ
1421 3077 1806 3148 κεκωλυμένου

237 3155 391 3226 αύτῷ
436 3159 815 3213 συνεστιᾶσθαι
871 3164 985 3224 τοῖς
1041 3162 1438 3234 διγαμήσασινο
1472 3165 1547 3229 ὼς
1577 3165 1808 3219 ἐπὶτῶν

243 3249 590 3318 μονογάμων.
628 3251 736 3306 Καὶ
774 3251 916 3308 οὕτω
939 3254 1089 3326 νόμῳ
1123 3258 1360 3327 ὁρμᾶται
1414 3258 1809 3329 συγχωρητικῷ

241 3339 276 3407 η
330 3338 561 3410 διγαμὶα
591 3383 607 3407 ,
637 3343 780 3398 κατὰ
829 3345 919 3398 τὸν
979 3347 1331 3400 Ἀπόστολοψ
1357 3349 1702 3416 γινώσκουσα
1744 3350 1815 3404 τὰ

241 3428 521 3501 δευτερεῖα
576 3433 720 3504 ἔχειν
766 3435 865 3505 τῆς
917 3438 1286 3506 μονογαμίας·
1341 3440 1434 3492 καὶ
1479 3439 1554 3508 μὴ
1605 3438 1816 3507 ἀλόγως

243 3524 344 3590 τῆς
372 3520 594 3592 πρώτης
619 3523 954 3595 ἐπιζητοῦσα
979 3524 1048 3578 τὰ
1077 3525 1424 3598 δικαιώματα
1447 3566 1462 3592 ,
1491 3527 1634 3598 ἅπερ
1685 3544 1816 3598 προ-

247 3612 556 3684 απήλαυκε.

319 3704 489 3774 Φαίης
517 3704 563 3757 δ’
585 3704 650 3760 ἄν
666 3720 682 3737 ο
714 3706 823 3762 Καὶ
847 3705 965 3770 πῶς
989 3706 1215 3762 ἔλθωσιν
1243 3709 1337 3763 ἐπὶ
1359 3711 1458 3782 τὴν
1481 3711 1778 3782 συνάφειαν
1801 3730 1816 3779 ;

250 3793 378 3854 Τοῖς
412 3793 776 3864 ἀνθρωπίνοις
823 3797 1157 3867 καθήκουσιν
1186 3798 1376 3872 ὥσπερ
1409 3803 1502 3855 καὶ
1539 3804 1590 3856 οἱ
1631 3805 1822 3874 τρίγα-

255 3902 346 3954 μοι
384 3887 478 3938 καὶ
506 3886 812 3957 πολύγαμοι
844 3905 859 3922 ο
884 3888 1029 3943 οὕτω
1059 3891 1167 3962 γὰρ
1194 3892 1454 3964 κέκληται
1484 3897 1516 3966 η
1557 3897 1696 3966 μετὰ
1724 3897 1822 3968 τὴν

250 3977 444 4048 τρίτην
484 3979 616 4048 πρὸς
645 3979 754 4033 τῶν
785 3980 1064 4052 Πατέρων.
1098 3985 1167 4036 Ἦ
1199 3986 1689 4054 στεφανούσθωσαν
1721 3991 1823 4043 κὰ-

255 4075 448 4127 κεῖνοι.
495 4071 636 4124 Ἀλλ’
667 4071 838 4135 ὅντως
869 4076 901 4144 ή
953 4074 1093 4142 ἄγαν
1141 4076 1385 4141 διάλυσις
1419 4078 1526 4131 τῶν
1560 4081 1821 4146 κανόνων,

262 4161 465 4233 μᾶλλον
535 4163 593 4217 δὲ
678 4163 773 4217 τοῦ
846 4164 1174 4234 Εὐαγγελίου
1203 4207 1219 4232 ,
1276 4169 1335 4221 ού
1400 4169 1665 4241 διγάμους
1732 4173 1825 4226 νῦν

260 4255 358 4306 καὶ
441 4255 784 4328 τριγάμους,
849 4257 982 4311 ἀλλὰ
1042 4260 1136 4310 καὶ
1201 4260 1426 4330 μοιχοὺς
1522 4264 1825 4331 στεφανοῦ-

261 4346 388 4399 σθαι
457 4347 561 4400 ὑπὸ
627 4349 737 4402 τῶν
800 4349 991 4420 ίερέων
1035 4351 1371 4420 πεποίηκεν·
1403 4353 1477 4418 ὡς
1541 4355 1636 4408 καὶ
1699 4357 1826 4419 τοὺς

261 4439 327 4505 τῇ
355 4437 562 4509 ,ἀντοχῇ
595 4435 690 4489 τοῦ
712 4435 861 4490 θείου
893 4437 1056 4507 νόμου
1096 4438 1170 4509 μὴ
1229 4442 1286 4493 ὲν
1324 4441 1499 4512 τούτῳ
1538 4459 1826 4514 συναιρου-

267 4527 464 4597 μένους
514 4528 806 4592 διώκουσα,
844 4530 940 4582 καὶ
996 4531 1487 4601 ἁναθεματίζουσα,
1549 4534 1622 4596 ὡς
1670 4537 1827 4590 ἁλλο-

1883 707 2165 776 nuptialis,
2216 722 2280 761 ex
2326 720 2431 776 qua
2478 703 2786 759 benedictio
2834 701 3011 756 omnis
3057 699 3446 768 monogamicae

1883 797 2314 867 coniunctionis;
2350 811 2700 867 monogamus
2736 793 3000 863 siquidem
3031 792 3222 847 Adam.
3247 790 3450 845 Obser-

1883 890 2119 944 vandum
2150 905 2280 943 vero
2329 901 2412 944 est
2449 889 2576 943 inde
2608 902 2823 957 quoque
2859 895 3032 939 ortam
3070 899 3189 938 esse
3221 899 3449 937 corona-

1883 981 2021 1036 riam
2071 981 2498 1042 invocationem,
2551 995 2670 1049 qua:
2720 978 2879 1048 primi
2932 976 3166 1030 hominis
3215 975 3448 1030 creatio-

1883 1089 2033 1137 nem,
2068 1072 2424 1142 ejusdemque
2453 1087 2576 1126 cum
2606 1070 2834 1125 muliere
2865 1085 2928 1123 ex
2963 1069 3108 1122 illius
3133 1078 3285 1121 costa
3318 1083 3448 1136 pro-

1885 1164 2045 1219 ducta
2111 1164 2554 1232 conjunctionem
2623 1168 2999 1231 repraesentat.
3059 1159 3130 1213 At
3195 1158 3451 1212 secunda:

1886 1257 2090 1327 nuptize
2145 1256 2357 1311 tametsi
2414 1254 2825 1324 permittuntur,
2885 1268 3044 1322 poena
3095 1250 3448 1320 castigantur.

1886 1345 2168 1412 Quomodo
2199 1345 2342 1401 enim
2387 1346 2739 1400 coronatione
2782 1344 2959 1413 dignae
3005 1350 3152 1404 sunt,
3180 1357 3300 1410 qua:
3339 1355 3448 1395 non

1886 1439 2132 1502 vincunt,
2174 1438 2266 1492 sed
2295 1438 2609 1492 vincuntur.
2663 1435 2795 1501 Quis
2828 1451 2990 1504 porro
3038 1435 3318 1504 presbyter
3357 1447 3451 1486 eas

1887 1539 2133 1593 coronet,
2181 1544 2305 1583 cum
2342 1529 2427 1582 vel
2460 1528 2513 1581 in
2554 1543 2740 1580 earum
2776 1525 3016 1596 prandiis
3042 1524 3250 1594 epulari
3289 1539 3318 1577 a
3353 1523 3454 1577 Pa-

1890 1621 2066 1676 tribus
2093 1621 2486 1691 prohibeatur?
2511 1619 2612 1686 Qui
2643 1636 2774 1674 vero
2817 1619 3016 1673 divinae
3053 1616 3453 1672 communionis

1892 1714 2162 1783 particeps
2185 1713 2274 1777 sit,
2299 1713 2390 1780 qui
2413 1713 2514 1766 hoc
2536 1711 2756 1765 nomine
2782 1725 2891 1764 uno
2914 1719 3077 1776 atque
3103 1708 3275 1761 altero
3307 1721 3454 1759 anno

1893 1821 1923 1859 a
1959 1807 2125 1859 sacris
2153 1805 2405 1859 arcetur?
2443 1804 2551 1857 Aut
2579 1817 2824 1873 quaenam
2852 1801 3092 1870 qualisve
3117 1797 3455 1853 benedictio-

1894 1898 1978 1951 nis
1997 1897 2237 1967 precatio
2269 1897 2322 1950 in
2357 1911 2542 1950 earum
2569 1893 2959 1963 conjunctione
2985 1900 3300 1961 usurpetur.
3332 1904 3455 1943 eum

1895 1989 1996 2043 alia
2044 1989 2192 2042 nulla
2239 1987 2309 2042 sit
2360 1996 2558 2056 prazter
2602 2001 2721 2039 eam
2781 2001 2902 2054 qua:
2959 1984 3012 2037 in
3070 1983 3262 2053 primis
3302 1990 3355 2035 et
3401 1980 3456 2032 in

1893 2077 2284 2148 monogamicis
2343 2076 2662 2131 adhibetur?
2709 2075 3000 2129 Ostensum
3051 2089 3179 2144 ergo
3235 2086 3460 2142 prorsus

1894 2179 1979 2225 est
2015 2185 2078 2222 ex
2106 2184 2379 2222 sacrarum
2404 2168 2728 2222 Litterarum
2754 2166 3085 2234 Patrumque
3111 2163 3456 2226 auctoritate,

1895 2267 2146 2330 expertes
2176 2273 2390 2314 coronae
2416 2257 2682 2312 secundas
2713 2257 2930 2327 nuptias
2955 2271 3094 2317 esse.
3127 2265 3180 2310 ct
3209 2264 3460 2325 propter-

1897 2367 1960 2406 ea
2023 2365 2092 2405 ne
2151 2366 2181 2404 a
2232 2350 2515 2405 sacerdote
2562 2349 2780 2418 quidem
2825 2347 3089 2416 c0pulari.
3147 2345 3461 2410 Quinetiam

1897 2456 2078 2511 neque
2104 2440 2400 2496 extraditas
2431 2440 2550 2494 illas
2585 2440 2773 2504 fuisse,
2815 2438 2908 2493 sed
2955 2447 3068 2492 tum
3115 2439 3332 2492 demum
3377 2437 3468 2490 ad-

1900 2533 2114 2594 missas,
2168 2546 2291 2585 cum
2349 2531 2562 2598 expleta
2622 2529 2784 2583 fuerit
2831 2529 3173 2583 sacerdotum
3233 2527 3466 2582 arbitrio

1902 2623 2145 2693 iniuncta
2174 2621 2494 2691 pmnitentia
2525 2637 2538 2673 :
2572 2627 2855 2690 postquam
2914 2629 2969 2672 et
3001 2619 3309 2672 divinorum
3346 2633 3461 2670 mu-

1903 2727 2095 2768 nerum
2130 2711 2598 2780 participationem
2641 2710 2912 2773 obtinent,
2963 2709 3196 2777 indeque
3237 2707 3466 2761 benedi-

1904 2814 2102 2861 cuntur
2119 2805 2265 2860 velut
2281 2805 2334 2858 in
2359 2803 2730 2866 coronatione,
2750 2800 3007 2856 inferiore
3028 2801 3259 2870 quodam
3281 2800 3466 2861 modo,

1907 2908 2028 2967 post
2077 2896 2489 2968 indulgentiam.
2538 2895 2854 2949 Benedictio
2902 2893 3047 2947 enim
3100 2900 3184 2947 est
3241 2905 3468 2953 munus,

1908 3000 2021 3044 tum
2055 2990 2216 3044 etiam
2245 2999 2300 3042 et
2344 2986 2619 3056 specimen
2666 2985 3066 3055 coniunctionis
3104 2999 3201 3054 per
3231 2981 3473 3036 sacerdr»

1909 3091 2038 3146 tem,
2072 3081 2214 3151 quod
2245 3097 2309 3134 ex
2341 3095 2407 3135 eo
2435 3087 2679 3150 tempore
2708 3094 2815 3132 non
2841 3078 3198 3148 prohibeatur
3226 3092 3347 3131 cum
3385 3077 3472 3139 iis,

1909 3172 2002 3242 qui
2042 3172 2107 3227 ad
2142 3173 2410 3226 secundas
2445 3171 2664 3240 nuptias
2706 3170 3020 3232 convolant,
3055 3168 3333 3231 convesci,
3363 3180 3475 3221 non

1835 3283 1880 3343 ρ
1914 3278 2075 3317 secus
2110 3272 2271 3330 atque
2299 3276 2421 3315 cum
2450 3259 2810 3329 monogamis.
2853 3259 3028 3326 Atque
3057 3258 3161 3311 hoc
3200 3256 3362 3310 modo
3395 3256 3479 3310 di-

1917 3356 2092 3427 gamia
2126 3357 2242 3426 lege
2283 3355 2453 3408 utitur
2508 3352 2878 3423 indulgentiae,
2919 3351 3070 3419 juxta
3116 3348 3476 3418 Apostolum:

1916 3461 2216 3517 agnoscens
2241 3444 2505 3498 secundas
2531 3458 2590 3498 se
2619 3458 2649 3495 a
2677 3441 3016 3510 monogamia
3046 3449 3226 3509 partes
3257 3447 3442 3492 tenere
3463 3443 3499 3491 :"

1916 3555 2019 3594 nec
2058 3537 2326 3593 immerito
2377 3548 2630 3606 quaerens
2674 3532 2968 3602 primarum
3004 3530 3149 3600 jura,
3206 3544 3327 3598 quae
3369 3528 3480 3598 jam

1918 3641 2045 3686 ante
2078 3629 2338 3701 percepit.

1990 3725 2213 3790 Quaeres
2268 3719 2498 3775 forsitan
2547 3715 2821 3787 quomodo
2871 3728 2999 3785 ergo
3056 3713 3481 3781 coniungantur.

1923 3813 2186 3868 Humanis
2220 3810 2408 3865 ciliciis
2446 3810 2585 3863 sicut
2629 3817 2686 3861 et
2729 3805 2939 3876 trigami
2975 3813 3030 3857 et
3059 3803 3329 3872 polygami
3361 3819 3373 3852 :
3407 3799 3486 3852 sie

1923 3909 2070 3965 enim
2101 3906 2291 3960 Patres
2318 3909 2515 3956 vocant
2549 3914 2643 3954 cos
2671 3898 2762 3967 qui
2787 3897 2924 3950 ultra
2947 3895 3137 3949 tertias
3166 3891 3486 3960 procedunt.

1923 4004 2032 4055 Aut
2067 4005 2215 4052 certe
2257 4001 2587 4049 coronentur
2633 3991 2795 4044 etiam
2845 3987 2953 4040 isti.
2997 3985 3288 4038 Enimvero
3320 3998 3489 4037 cano-

1926 4107 2057 4148 num
2083 4087 2372 4144 immodica
2403 4079 2826 4153 subversio,vel
2849 4078 3030 4149 potius
3058 4074 3355 4146 Evangelii,
3381 4089 3491 4126 non

1925 4187 2168 4257 digamos
2193 4195 2341 4235 nunc
2364 4186 2416 4233 et
2449 4176 2721 4247 trigamos,
2753 4173 2847 4228 sed
2891 4181 2945 4226 et
2973 4170 3216 4225 moechos
3245 4165 3492 4222 coronari

1927 4276 2057 4331 fecit
2083 4289 2113 4326 a
2143 4267 2514 4326 sacerdotibus
2547 4285 2559 4319 :
2587 4281 2709 4333 qua:
2746 4273 2801 4317 et
2839 4263 2957 4316 illos
2998 4259 3366 4330 persequitur,
3399 4258 3490 4327 qui

1928 4381 2029 4437 pro
2051 4365 2166 4434 lege
2188 4360 2368 4416 divina
2397 4364 2719 4428 pugnantes,
2751 4353 3062 4408 consentire
3087 4353 3141 4405 in
3170 4366 3235 4405 eo
3264 4351 3489 4404 nolunt:

1930 4466 1984 4512 et
2013 4453 2380 4513 anathemate,
2413 4449 2559 4502 velut
2586 4462 2617 4500 a
2654 4445 2873 4500 Christo
2899 4443 3124 4506 alienos,
3154 4441 3376 4495 damnat
3401 4456 3496 4494 eos

1931 4548 2023 4618 qui
2049 4561 2146 4616 pro
2175 4544 2294 4613 eius
2323 4540 2576 4596 mandato
2603 4553 2666 4593 ac
2698 4537 2926 4591 veritate
2957 4535 3264 4604 insurgunt.
3298 4532 3498 4587 Obsm-

264 4619 449 4688 τρίους
508 4619 764 4690 Χριστοῦ,
801 4621 924 4684 τοὺς
967 4621 1106 4692 ὑπὲρ
1162 4622 1380 4693 ἐντολῆς
1427 4623 1522 4676 καὶ
1570 4623 1807 4694 ἀληθείαέ

1907 4652 2124 4711 ‘pesces
2167 4650 2332 4706 super
2361 4634 2488 4697 hoc,
2531 4631 2729 4686 caelum
2759 4647 2774 4684 :
2803 4642 2998 4697 supera
3041 4628 3264 4682 deosum
3290 4623 3498 4693 justitia

267 4712 434 4765 αὑτοῦ
483 4713 888 4784 ἐνισταμένους.
923 4716 1209 4788 Ἐκστηθι,
1241 4720 1458 4790 ούρανὲ,
1488 4719 1582 4771 ἐπὶ
1604 4719 1779 4789 τούτῳ
1815 4736 1830 4751 °

267 4807 337 4858 τὰ
370 4806 482 4858 ἄνω
507 4806 674 4870 κάτω,
706 4808 740 4877 ἡ
769 4807 1082 4880 δικαιοσύνη
1115 4811 1337 4880 ἀνομία,
1368 4811 1428 4864 τὸ
1461 4811 1577 4880 φῶς
1601 4812 1790 4874 σκότος
1817 4851 1832 4874 ,

269 4901 328 4967 ἐξ
361 4893 437 4952 ὦν
464 4902 510 4952 οἱ
535 4901 846 4971 Μοιχειανοὶ
875 4901 1093 4970 λέγουσι
1123 4905 1216 4956 καὶ
1245 4905 1563 4975 πράττουσι,
1595 4905 1837 4959 δείκνυν-

1934 4729 2213 4798 iniquitas,
2240 4725 2331 4779 lux
2359 4722 2620 4785 tenebrae,
2660 4734 2726 4772 ex
2753 4719 2819 4772 iis
2853 4716 2972 4787 qui:
2998 4715 3283 4772 Mmchiani
3311 4715 3502 4768 dicunt

1937 4831 1990 4874 et
2013 4827 2199 4889 agunt,
2238 4829 2358 4870 esse
2388 4812 2834 4881 comprobantur.
2869 4809 2994 4864 Haec
3022 4808 3181 4862 caecis
3223 4815 3279 4860 et
3320 4816 3503 4859 mente

1937 4911 2128 4980 captis,
2153 4916 2314 4975 atque
2338 4904 2460 4959 ideo
2489 4899 2808 4955 Antichristi
2841 4897 3140 4968 primordia
3168 4895 3501 4965 gerentibus.

269 5008 382 5044 ται.
414 4990 584 5045 Τοῦτο
610 4995 724 5056 τοῖς
749 4994 968 5061 τυφλοῖς
995 4995 1088 5046 καὶ
1117 4998 1321 5063 κωφοῖς
1350 4997 1492 5049 κατὰ
1511 4996 1708 5068 ψυχὴν,
1743 5014 1807 5049 κα

1940 5003 2148 5056 Forsan
2191 5009 2247 5054 et
2280 4998 2384 5052 hoc
2432 4995 2620 5050 dices:
2655 4993 2712 5047 Si
2743 4993 2964 5063 quidem
2995 5005 3120 5060 pars
3156 4989 3325 5042 altera
3354 4989 3506 5055 virgo

274 5081 523 5135 ἐντεῦθεν
546 5083 640 5136 τοῦ
685 5084 1055 5154 Ἀντιχρίστου
1080 5085 1147 5139 τὰ
1179 5086 1425 5155 πρόλαὸα
1457 5089 1707 5156 φέρουσι.
1725 5089 1833 5140 Τά-

1939 5094 2029 5156 sit,
2079 5096 2393 5152 coronatur,
2431 5092 2494 5140 ut
2524 5084 2770 5138 nonnulli
2807 5082 3016 5142 dicunt,
3052 5080 3169 5134 haec
3200 5077 3415 5146 quidem
3449 5076 3500 5128 in
3530 5085 3550 5108 ⁸

279 5192 350 5244 χα
381 5175 428 5228 δ’
459 5173 525 5228 ἂν
559 5177 777 5233 κάκεῖνο
820 5177 998 5240 εἴποις
1021 5193 1034 5207 ·
1076 5178 1138 5232 Εἰ
1168 5176 1228 5231 τὸ
1276 5177 1334 5231 ἓν
1372 5179 1536 5248 μέρος
1574 5179 1657 5248 εἴη
1692 5197 1805 5245 παρ

1940 5181 2151 5250 capite;
2186 5179 2355 5231 altera
2395 5190 2521 5229 vero
2548 5188 2666 5242 quae
2692 5171 2898 5241 nuptiis
2924 5170 3036 5238 jam
3076 5167 3360 5238 perfuncta
3401 5174 3504 5227 cst,

280 5266 434 5319 θένον
459 5306 474 5330 ,
511 5268 626 5331 πῶς
663 5269 878 5335 λέγουσί
907 5285 1069 5332 τινες,
1101 5270 1174 5332 ὡς
1221 5269 1281 5322 τὸ
1332 5271 1430 5338 μὲν
1483 5271 1807 5340 στεφανοῦτε

1944 5273 1997 5326 in
2029 5272 2276 5334 humero,
2311 5269 2439 5322 dum
2471 5265 2754 5321 coronaria
2780 5263 3021 5333 precatio
3052 5260 3346 5330 peragitur.
3378 5258 3509 5312 Mihi

281 5360 337 5411 ὲν
370 5361 436 5429 τῇ
465 5360 695 5429 κεφαλῇ,
732 5361 800 5420 τὸ
830 5361 886 5413 δὲ
923 5361 1031 5413 ἀπὸ
1056 5362 1234 5430 γάμου
1255 5403 1268 5424 ,
1297 5364 1352 5413 ὲν
1381 5362 1459 5433 τῷ
1487 5362 1624 5433 ὤμῳ
1646 5403 1660 5426 ,
1692 5381 1845 5416 νενο-

287 5448 455 5518 μένης
489 5449 586 5518 τῆς
615 5454 947 5519 στεφανικῆς
970 5449 1130 5519 εὐχῆς
1165 5466 1179 5512 ;
1209 5451 1314 5503 Καί
1340 5469 1428 5519 μοι
1456 5451 1592 5521 πρὸς
1621 5454 1690 5521 τῇ
1724 5453 1847 5503 ἀτο-

287 5541 407 5610 πίᾳ,
440 5539 518 5592 ἔτι
575 5542 672 5594 καὶ
707 5542 913 5609 γελοῖον
942 5541 1208 5609 φαίνεται.
1247 5542 1481 5594 Διδόσθω
1509 5543 1616 5612 γὰρ
1648 5559 1844 5614 τριγα-

1947 5379 2077 5417 vcro
2124 5376 2231 5415 non
2277 5359 2450 5412 Solum
2502 5357 2821 5416 absurdum,
2873 5353 2968 5407 sed
3014 5352 3304 5406 ridiculum
3347 5351 3512 5404 ctiam

1951 5455 2054 5509 hoc
2084 5453 2316 5506 videtur.
2366 5448 2578 5502 Etenim
2616 5447 2838 5499 tertium
2886 5442 3116 5497 nubenti
3162 5442 3383 5496 ubinam
3418 5457 3512 5510 po-

1953 5555 2113 5598 netur
2140 5538 2376 5596 corona?
2415 5539 2467 5592 in
2500 5552 2682 5595 manu,
2731 5551 2798 5587 an
2830 5533 2896 5587 ad
2938 5531 3113 5602 genu?
3141 5547 3262 5584 cum
3300 5545 3361 5584 ea
3393 5545 3514 5599 qua:

297 5634 440 5700 μεῖν·
471 5634 564 5683 καὶ⁵
597 5631 699 5683 ποῦ
747 5631 929 5702 τεθείη
955 5635 982 5685 ὁ
1011 5634 1306 5700 στέφανοςς
1339 5634 1396 5684 ὲν
1425 5635 1490 5700 τῇ
1524 5635 1686 5704 χειρὶ,
1711 5635 1742 5703 ἢ
1771 5635 1807 5685 εἰ

1952 5637 2110 5690 vidua
2151 5633 2326 5693 nubit,
2367 5630 2420 5683 in
2467 5630 2696 5683 humero
2736 5635 3048 5681 coronetur.
3098 5623 3343 5679 Absurda
3387 5632 3517 5676 sunt

287 5724 350 5774 τὸ
376 5723 506 5789 γόνυ
535 5739 551 5788 ;
581 5725 695 5791 εἴγε
735 5727 829 5778 καὶ
857 5727 888 5795 ἡ
920 5725 1213 5795 γημαμένη
1245 5720 1356 5777 εἷεν
1381 5725 1489 5777 ἀπὸ
1520 5725 1769 5794 χηρεέας,
1792 5726 1849 5776 ὲν

289 5816 367 5884 τῷ
399 5814 531 5884 ὤμῳ
571 5819 660 5870 τὸν
693 5819 952 5887 στέφανον
989 5818 1218 5885 δέξεται.
1250 5819 1457 5871 "Aram
1484 5815 1674 5869 ταῦτα.

371 5928 414 5958 ’⁸
433 5929 568 5982 Cen.
598 5945 633 5992 ι,
660 5914 760 5984 27ί

1955 5729 2052 5783 ista
2087 5737 2330 5797 prorsus.
