  <div class='ocr_page' id='page_1' title='image "/cluster/home/n/w/nwhite01/storage/ocr_20150623/99/uva.x002264937/577.png"; bbox 0 0 4158 6474; ppageno 0'>
   <div class='ocr_carea' id='block_1_1' title="bbox 694 395 832 460">
    <p class='ocr_par' dir='ltr' id='par_1_1' title="bbox 694 395 832 460">
     <span class='ocr_line' id='line_1_1' title="bbox 694 395 832 460; baseline 0.022 -3"><span class='ocrx_word' id='word_1_1' title='bbox 694 395 832 460; x_wconf 75' lang='grc'><strong>1095</strong></span> 
     </span>
    </p>
   </div>
   <div class='ocr_carea' id='block_1_2' title="bbox 1879 401 2750 468">
    <p class='ocr_par' dir='ltr' id='par_1_2' title="bbox 1879 401 2750 468">
     <span class='ocr_line' id='line_1_2' title="bbox 1879 401 2750 468; baseline 0.008 -8"><span class='ocrx_word' id='word_1_2' title='bbox 1879 404 1937 462; x_wconf 86' lang='lat' dir='ltr'><strong>S.</strong></span> <span class='ocrx_word' id='word_1_3' title='bbox 1983 403 2080 462; x_wconf 84' lang='grc' dir='ltr'><strong>ΤΗ</strong></span> <span class='ocrx_word' id='word_1_4' title='bbox 2093 403 2372 463; x_wconf 83' lang='lat' dir='ltr'>EODORI</span> <span class='ocrx_word' id='word_1_5' title='bbox 2406 401 2750 468; x_wconf 65' lang='lat' dir='ltr'><strong>STUDlTE</strong></span> 
     </span>
    </p>
   </div>
   <div class='ocr_carea' id='block_1_3' title="bbox 3813 403 3950 470">
    <p class='ocr_par' dir='ltr' id='par_1_3' title="bbox 3813 403 3950 470">
     <span class='ocr_line' id='line_1_3' title="bbox 3813 403 3950 470; baseline 0 -1"><span class='ocrx_word' id='word_1_6' title='bbox 3813 403 3950 470; x_wconf 84' lang='lat'><strong>1096</strong></span> 
     </span>
    </p>
   </div>
   <div class='ocr_carea' id='block_1_4' title="bbox 757 505 2267 588">
    <p class='ocr_par' dir='ltr' id='par_1_4' title="bbox 757 505 2266 581">
     <span class='ocr_line' id='line_1_4' title="bbox 757 505 2266 581; baseline 0.006 -20"><span class='ocrx_word' id='word_1_7' title='bbox 757 505 892 573; x_wconf 84' lang='lat' dir='ltr'><strong>Quis</strong></span> <span class='ocrx_word' id='word_1_8' title='bbox 935 521 1064 562; x_wconf 87' lang='lat' dir='ltr'><strong>vero</strong></span> <span class='ocrx_word' id='word_1_9' title='bbox 1099 521 1356 561; x_wconf 81' lang='lat' dir='ltr'><strong>coronam</strong></span> <span class='ocrx_word' id='word_1_10' title='bbox 1401 507 1676 578; x_wconf 86' lang='lat' dir='ltr'><strong>imponet?</strong></span> <span class='ocrx_word' id='word_1_11' title='bbox 1713 519 1769 564; x_wconf 89' lang='lat' dir='ltr'><strong>et</strong></span> <span class='ocrx_word' id='word_1_12' title='bbox 1807 515 2081 581; x_wconf 88' lang='lat' dir='ltr'><strong>quomodo</strong></span> <span class='ocrx_word' id='word_1_13' title='bbox 2126 515 2266 569; x_wconf 85' lang='lat' dir='ltr'><strong>indi--</strong></span> 
     </span>
    </p>
   </div>
   <div class='ocr_carea' id='block_1_5' title="bbox 2369 505 3947 588">
    <p class='ocr_par' dir='ltr' id='par_1_5' title="bbox 2441 517 3947 588">
     <span class='ocr_line' id='line_1_5' title="bbox 2441 517 3947 588; baseline 0.001 -19"><span class='ocrx_word' id='word_1_14' title='bbox 2441 518 2535 581; x_wconf 84' lang='grc' dir='ltr'>Τίς</span> <span class='ocrx_word' id='word_1_15' title='bbox 2580 519 2637 572; x_wconf 77' lang='grc' dir='ltr'>δὲ</span> <span class='ocrx_word' id='word_1_16' title='bbox 2689 521 2717 572; x_wconf 85' lang='grc' dir='ltr'><strong>ό</strong></span> <span class='ocrx_word' id='word_1_17' title='bbox 2770 518 3089 586; x_wconf 76' lang='grc' dir='ltr'>στεφανῶνς</span> <span class='ocrx_word' id='word_1_18' title='bbox 3125 519 3219 572; x_wconf 78' lang='grc' dir='ltr'><strong>καὶ</strong></span> <span class='ocrx_word' id='word_1_19' title='bbox 3262 517 3379 580; x_wconf 84' lang='grc' dir='ltr'>πῶς</span> <span class='ocrx_word' id='word_1_20' title='bbox 3419 517 3452 587; x_wconf 75' lang='grc' dir='ltr'>ἡ</span> <span class='ocrx_word' id='word_1_21' title='bbox 3485 517 3774 587; x_wconf 75' lang='grc' dir='ltr'><strong>ἀμέριστος</strong></span> <span class='ocrx_word' id='word_1_22' title='bbox 3815 519 3947 588; x_wconf 70' lang='grc' dir='ltr'><strong>εὖχὴ</strong></span> 
     </span>
    </p>
   </div>
   <div class='ocr_carea' id='block_1_6' title="bbox 691 600 2266 672">
    <p class='ocr_par' dir='ltr' id='par_1_6' title="bbox 691 600 2266 672">
     <span class='ocr_line' id='line_1_6' title="bbox 691 600 2266 672; baseline 0.007 -21"><span class='ocrx_word' id='word_1_23' title='bbox 691 601 806 655; x_wconf 87' lang='lat' dir='ltr'><strong>visa</strong></span> <span class='ocrx_word' id='word_1_24' title='bbox 862 600 1175 655; x_wconf 77' lang='lat' dir='ltr'><strong>benedictio</strong></span> <span class='ocrx_word' id='word_1_25' title='bbox 1227 600 1539 656; x_wconf 72' lang='lat' dir='ltr'><strong>dividetur?</strong></span> <span class='ocrx_word' id='word_1_26' title='bbox 1570 619 1694 672; x_wconf 91' lang='lat' dir='ltr'><strong>pars</strong></span> <span class='ocrx_word' id='word_1_27' title='bbox 1749 605 1958 671; x_wconf 86' lang='lat' dir='ltr'><strong>altera,</strong></span> <span class='ocrx_word' id='word_1_28' title='bbox 2012 618 2070 662; x_wconf 91' lang='lat' dir='ltr'><strong>ut</strong></span> <span class='ocrx_word' id='word_1_29' title='bbox 2130 607 2266 662; x_wconf 88' lang='lat' dir='ltr'><strong>labis</strong></span> 
     </span>
    </p>
   </div>
   <div class='ocr_carea' id='block_1_7' title="bbox 689 689 2268 760">
    <p class='ocr_par' dir='ltr' id='par_1_7' title="bbox 689 689 2268 760">
     <span class='ocr_line' id='line_1_7' title="bbox 689 689 2268 760; baseline 0.006 -17"><span class='ocrx_word' id='word_1_30' title='bbox 689 703 887 759; x_wconf 77' lang='lat' dir='ltr'><strong>expers</strong></span> <span class='ocrx_word' id='word_1_31' title='bbox 918 689 1246 760; x_wconf 66' lang='lat' dir='ltr'><strong>victrixque,</strong></span> <span class='ocrx_word' id='word_1_32' title='bbox 1294 691 1674 758; x_wconf 85' lang='lat' dir='ltr'><strong>benedicetur,</strong></span> <span class='ocrx_word' id='word_1_33' title='bbox 1727 695 1896 750; x_wconf 88' lang='lat' dir='ltr'><strong>altera</strong></span> <span class='ocrx_word' id='word_1_34' title='bbox 1945 713 2055 752; x_wconf 92' lang='lat' dir='ltr'><strong>non</strong></span> <span class='ocrx_word' id='word_1_35' title='bbox 2105 699 2268 754; x_wconf 81' lang='lat' dir='ltr'><strong>item?</strong></span> 
     </span>
    </p>
   </div>
   <div class='ocr_carea' id='block_1_8' title="bbox 689 781 2266 860">
    <p class='ocr_par' dir='ltr' id='par_1_8' title="bbox 689 781 2266 860">
     <span class='ocr_line' id='line_1_8' title="bbox 689 781 2266 860; baseline 0.008 -26"><span class='ocrx_word' id='word_1_36' title='bbox 689 781 936 838; x_wconf 79' lang='lat' dir='ltr'><strong>Ridicula</strong></span> <span class='ocrx_word' id='word_1_37' title='bbox 969 797 1077 846; x_wconf 90' lang='lat' dir='ltr'><strong>res,</strong></span> <span class='ocrx_word' id='word_1_38' title='bbox 1115 792 1170 838; x_wconf 92' lang='lat' dir='ltr'><strong>et</strong></span> <span class='ocrx_word' id='word_1_39' title='bbox 1199 800 1320 854; x_wconf 61' lang='lat' dir='ltr'><strong>qua:</strong></span> <span class='ocrx_word' id='word_1_40' title='bbox 1354 785 1466 840; x_wconf 84' lang='lat' dir='ltr'><strong>ﬁeri</strong></span> <span class='ocrx_word' id='word_1_41' title='bbox 1509 787 1658 841; x_wconf 89' lang='lat' dir='ltr'><strong>nullo</strong></span> <span class='ocrx_word' id='word_1_42' title='bbox 1689 789 1852 844; x_wconf 92' lang='lat' dir='ltr'><strong>modo</strong></span> <span class='ocrx_word' id='word_1_43' title='bbox 1890 792 2080 860; x_wconf 91' lang='lat' dir='ltr'><strong>possit.</strong></span> <span class='ocrx_word' id='word_1_44' title='bbox 2115 793 2266 858; x_wconf 92' lang='lat' dir='ltr'><strong>Quo-</strong></span> 
     </span>
    </p>
   </div>
   <div class='ocr_carea' id='block_1_9' title="bbox 689 876 2264 954">
    <p class='ocr_par' dir='ltr' id='par_1_9' title="bbox 689 876 2264 954">
     <span class='ocr_line' id='line_1_9' title="bbox 689 876 2264 954; baseline 0.008 -25"><span class='ocrx_word' id='word_1_45' title='bbox 689 876 852 930; x_wconf 89' lang='lat' dir='ltr'><strong>modo</strong></span> <span class='ocrx_word' id='word_1_46' title='bbox 892 891 999 931; x_wconf 90' lang='lat' dir='ltr'><strong>una</strong></span> <span class='ocrx_word' id='word_1_47' title='bbox 1043 877 1486 932; x_wconf 85' lang='lat' dir='ltr'><strong>communionem</strong></span> <span class='ocrx_word' id='word_1_48' title='bbox 1527 881 1779 950; x_wconf 89' lang='lat' dir='ltr'><strong>accipiet,</strong></span> <span class='ocrx_word' id='word_1_49' title='bbox 1822 885 1989 938; x_wconf 86' lang='lat' dir='ltr'><strong>altera</strong></span> <span class='ocrx_word' id='word_1_50' title='bbox 2026 886 2264 954; x_wconf 87' lang='lat' dir='ltr'><strong>privabi-</strong></span> 
     </span>
    </p>
   </div>
   <div class='ocr_carea' id='block_1_10' title="bbox 689 969 2265 1049">
    <p class='ocr_par' dir='ltr' id='par_1_10' title="bbox 689 969 2265 1049">
     <span class='ocr_line' id='line_1_10' title="bbox 689 969 2265 1049; baseline 0.008 -28"><span class='ocrx_word' id='word_1_51' title='bbox 689 975 800 1030; x_wconf 88' lang='lat' dir='ltr'><strong>tur,</strong></span> <span class='ocrx_word' id='word_1_52' title='bbox 841 969 1044 1039; x_wconf 90' lang='lat' dir='ltr'><strong>quippe</strong></span> <span class='ocrx_word' id='word_1_53' title='bbox 1073 985 1194 1039; x_wconf 70' lang='lat' dir='ltr'><strong>qua:</strong></span> <span class='ocrx_word' id='word_1_54' title='bbox 1239 970 1616 1039; x_wconf 73' lang='lat' dir='ltr'><strong>pmnitentiam</strong></span> <span class='ocrx_word' id='word_1_55' title='bbox 1661 977 2006 1045; x_wconf 88' lang='lat' dir='ltr'><strong>agat?Quod</strong></span> <span class='ocrx_word' id='word_1_56' title='bbox 2055 979 2098 1034; x_wconf 97' lang='lat' dir='ltr'><strong>si</strong></span> <span class='ocrx_word' id='word_1_57' title='bbox 2144 995 2265 1049; x_wconf 84' lang='lat' dir='ltr'><strong>pars</strong></span> 
     </span>
    </p>
   </div>
   <div class='ocr_carea' id='block_1_11' title="bbox 687 1056 2265 1137">
    <p class='ocr_par' dir='ltr' id='par_1_11' title="bbox 687 1056 2265 1137">
     <span class='ocr_line' id='line_1_11' title="bbox 687 1056 2265 1137; baseline 0.007 -25"><span class='ocrx_word' id='word_1_58' title='bbox 687 1056 791 1113; x_wconf 89' lang='lat' dir='ltr'><strong>ista</strong></span> <span class='ocrx_word' id='word_1_59' title='bbox 813 1058 896 1112; x_wconf 93' lang='lat' dir='ltr'><strong>vir</strong></span> <span class='ocrx_word' id='word_1_60' title='bbox 911 1060 1005 1122; x_wconf 86' lang='lat' dir='ltr'><strong>sit,</strong></span> <span class='ocrx_word' id='word_1_61' title='bbox 1036 1061 1310 1115; x_wconf 85' lang='lat' dir='ltr'><strong>virautem</strong></span> <span class='ocrx_word' id='word_1_62' title='bbox 1336 1071 1498 1131; x_wconf 90' lang='lat' dir='ltr'><strong>caput</strong></span> <span class='ocrx_word' id='word_1_63' title='bbox 1526 1064 1788 1128; x_wconf 87' lang='lat' dir='ltr'><strong>mulieris,</strong></span> <span class='ocrx_word' id='word_1_64' title='bbox 1813 1077 1866 1121; x_wconf 90' lang='lat' dir='ltr'><strong>et</strong></span> <span class='ocrx_word' id='word_1_65' title='bbox 1887 1078 2069 1137; x_wconf 89' lang='lat' dir='ltr'><strong>partes</strong></span> <span class='ocrx_word' id='word_1_66' title='bbox 2095 1069 2265 1123; x_wconf 70' lang='lat' dir='ltr'><strong>ambae</strong></span> 
     </span>
    </p>
   </div>
   <div class='ocr_carea' id='block_1_12' title="bbox 689 1150 2262 1229">
    <p class='ocr_par' dir='ltr' id='par_1_12' title="bbox 689 1150 2262 1229">
     <span class='ocr_line' id='line_1_12' title="bbox 689 1150 2262 1229; baseline 0.008 -27"><span class='ocrx_word' id='word_1_67' title='bbox 689 1150 743 1203; x_wconf 91' lang='lat' dir='ltr'><strong>in</strong></span> <span class='ocrx_word' id='word_1_68' title='bbox 777 1166 946 1204; x_wconf 92' lang='lat' dir='ltr'><strong>unum</strong></span> <span class='ocrx_word' id='word_1_69' title='bbox 977 1165 1176 1221; x_wconf 90' lang='lat' dir='ltr'><strong>corpus</strong></span> <span class='ocrx_word' id='word_1_70' title='bbox 1203 1153 1573 1218; x_wconf 69' lang='lat' dir='ltr'><strong>adhaerentes;</strong></span> <span class='ocrx_word' id='word_1_71' title='bbox 1611 1158 1958 1227; x_wconf 90' lang='lat' dir='ltr'><strong>participabit</strong></span> <span class='ocrx_word' id='word_1_72' title='bbox 1996 1161 2262 1229; x_wconf 87' lang='lat' dir='ltr'><strong>reliquum</strong></span> 
     </span>
    </p>
   </div>
   <div class='ocr_carea' id='block_1_13' title="bbox 687 1249 2264 1317">
    <p class='ocr_par' dir='ltr' id='par_1_13' title="bbox 687 1249 2264 1317">
     <span class='ocr_line' id='line_1_13' title="bbox 687 1249 2264 1317; baseline 0.008 -24"><span class='ocrx_word' id='word_1_73' title='bbox 687 1257 904 1312; x_wconf 85' lang='lat' dir='ltr'><strong>corpus,</strong></span> <span class='ocrx_word' id='word_1_74' title='bbox 935 1252 1099 1311; x_wconf 88' lang='lat' dir='ltr'><strong>caput</strong></span> <span class='ocrx_word' id='word_1_75' title='bbox 1125 1253 1308 1299; x_wconf 81' lang='lat' dir='ltr'><strong>autem</strong></span> <span class='ocrx_word' id='word_1_76' title='bbox 1348 1251 1728 1317; x_wconf 81' lang='lat' dir='ltr'><strong>nequaquam?</strong></span> <span class='ocrx_word' id='word_1_77' title='bbox 1762 1249 2046 1306; x_wconf 81' lang='lat' dir='ltr'><strong>Dividetur</strong></span> <span class='ocrx_word' id='word_1_78' title='bbox 2075 1253 2264 1307; x_wconf 82' lang='lat' dir='ltr'><strong>confe-</strong></span> 
     </span>
    </p>
   </div>
   <div class='ocr_carea' id='block_1_14' title="bbox 687 1333 2266 1414">
    <p class='ocr_par' dir='ltr' id='par_1_14' title="bbox 687 1333 2266 1414">
     <span class='ocr_line' id='line_1_14' title="bbox 687 1333 2266 1414; baseline 0.009 -29"><span class='ocrx_word' id='word_1_79' title='bbox 687 1333 813 1386; x_wconf 89' lang='lat' dir='ltr'><strong>stim</strong></span> <span class='ocrx_word' id='word_1_80' title='bbox 869 1335 1015 1404; x_wconf 91' lang='lat' dir='ltr'><strong>quod</strong></span> <span class='ocrx_word' id='word_1_81' title='bbox 1068 1351 1378 1393; x_wconf 78' lang='lat' dir='ltr'><strong>connexum</strong></span> <span class='ocrx_word' id='word_1_82' title='bbox 1431 1349 1555 1404; x_wconf 90' lang='lat' dir='ltr'><strong>est,</strong></span> <span class='ocrx_word' id='word_1_83' title='bbox 1609 1341 1677 1395; x_wconf 89' lang='lat' dir='ltr'><strong>ab</strong></span> <span class='ocrx_word' id='word_1_84' title='bbox 1730 1342 1849 1412; x_wconf 90' lang='lat' dir='ltr'><strong>ipso</strong></span> <span class='ocrx_word' id='word_1_85' title='bbox 1897 1343 1989 1412; x_wconf 90' lang='lat' dir='ltr'><strong>qui</strong></span> <span class='ocrx_word' id='word_1_86' title='bbox 2047 1348 2266 1414; x_wconf 86' lang='lat' dir='ltr'><strong>copulat</strong></span> 
     </span>
    </p>
   </div>
   <div class='ocr_carea' id='block_1_15' title="bbox 688 1425 2261 1505">
    <p class='ocr_par' dir='ltr' id='par_1_15' title="bbox 688 1425 2261 1505">
     <span class='ocr_line' id='line_1_15' title="bbox 688 1425 2261 1505; baseline 0.009 -28"><span class='ocrx_word' id='word_1_87' title='bbox 688 1425 1000 1491; x_wconf 90' lang='lat' dir='ltr'><strong>sacerdote;</strong></span> <span class='ocrx_word' id='word_1_88' title='bbox 1041 1427 1143 1483; x_wconf 86' lang='lat' dir='ltr'><strong>hoc</strong></span> <span class='ocrx_word' id='word_1_89' title='bbox 1168 1431 1393 1499; x_wconf 86' lang='lat' dir='ltr'><strong>quidem</strong></span> <span class='ocrx_word' id='word_1_90' title='bbox 1442 1447 1509 1486; x_wconf 82' lang='lat' dir='ltr'><strong>ex</strong></span> <span class='ocrx_word' id='word_1_91' title='bbox 1542 1435 1920 1497; x_wconf 88' lang='lat' dir='ltr'><strong>concessione,</strong></span> <span class='ocrx_word' id='word_1_92' title='bbox 1971 1436 2013 1489; x_wconf 94' lang='lat' dir='ltr'><strong>si</strong></span> <span class='ocrx_word' id='word_1_93' title='bbox 2045 1437 2261 1505; x_wconf 83' lang='lat' dir='ltr'><strong>quidem</strong></span> 
     </span>
    </p>
   </div>
   <div class='ocr_carea' id='block_1_16' title="bbox 689 1513 2263 1593">
    <p class='ocr_par' dir='ltr' id='par_1_16' title="bbox 689 1513 2263 1593">
     <span class='ocr_line' id='line_1_16' title="bbox 689 1513 2263 1593; baseline 0.009 -26"><span class='ocrx_word' id='word_1_94' title='bbox 689 1513 851 1568; x_wconf 87' lang='lat' dir='ltr'><strong>detur</strong></span> <span class='ocrx_word' id='word_1_95' title='bbox 886 1525 944 1570; x_wconf 91' lang='lat' dir='ltr'><strong>ut</strong></span> <span class='ocrx_word' id='word_1_96' title='bbox 970 1517 1022 1571; x_wconf 89' lang='lat' dir='ltr'><strong>id</strong></span> <span class='ocrx_word' id='word_1_97' title='bbox 1056 1516 1249 1584; x_wconf 80' lang='lat' dir='ltr'><strong>faciat;</strong></span> <span class='ocrx_word' id='word_1_98' title='bbox 1287 1531 1451 1589; x_wconf 86' lang='lat' dir='ltr'><strong>caput</strong></span> <span class='ocrx_word' id='word_1_99' title='bbox 1481 1523 1628 1576; x_wconf 89' lang='lat' dir='ltr'><strong>enim</strong></span> <span class='ocrx_word' id='word_1_100' title='bbox 1658 1525 1891 1593; x_wconf 82' lang='lat' dir='ltr'><strong>iiuisque</strong></span> <span class='ocrx_word' id='word_1_101' title='bbox 1921 1527 2263 1593; x_wconf 84' lang='lat' dir='ltr'><strong>conjunctio-</strong></span> 
     </span>
    </p>
   </div>
   <div class='ocr_carea' id='block_1_17' title="bbox 690 1605 2262 1684">
    <p class='ocr_par' dir='ltr' id='par_1_17' title="bbox 690 1605 2262 1684">
     <span class='ocr_line' id='line_1_17' title="bbox 690 1605 2262 1684; baseline 0.006 -26"><span class='ocrx_word' id='word_1_102' title='bbox 690 1605 775 1659; x_wconf 85' lang='lat' dir='ltr'><strong>nis</strong></span> <span class='ocrx_word' id='word_1_103' title='bbox 799 1615 882 1660; x_wconf 79' lang='lat' dir='ltr'><strong>est</strong></span> <span class='ocrx_word' id='word_1_104' title='bbox 909 1618 1158 1662; x_wconf 83' lang='lat' dir='ltr'><strong>sanctum</strong></span> <span class='ocrx_word' id='word_1_105' title='bbox 1192 1619 1246 1663; x_wconf 89' lang='lat' dir='ltr'><strong>et</strong></span> <span class='ocrx_word' id='word_1_106' title='bbox 1273 1611 1494 1665; x_wconf 90' lang='lat' dir='ltr'><strong>unicum</strong></span> <span class='ocrx_word' id='word_1_107' title='bbox 1525 1627 1725 1680; x_wconf 91' lang='lat' dir='ltr'><strong>corpus</strong></span> <span class='ocrx_word' id='word_1_108' title='bbox 1757 1628 1820 1669; x_wconf 85' lang='lat' dir='ltr'><strong>ac</strong></span> <span class='ocrx_word' id='word_1_109' title='bbox 1850 1617 2069 1684; x_wconf 80' lang='lat' dir='ltr'><strong>sanguis</strong></span> <span class='ocrx_word' id='word_1_110' title='bbox 2099 1616 2262 1669; x_wconf 83' lang='lat' dir='ltr'><strong>Chri-</strong></span> 
     </span>
    </p>
   </div>
   <div class='ocr_carea' id='block_1_18' title="bbox 688 1696 2262 1776">
    <p class='ocr_par' dir='ltr' id='par_1_18' title="bbox 688 1696 2262 1776">
     <span class='ocr_line' id='line_1_18' title="bbox 688 1696 2262 1776; baseline 0.008 -28"><span class='ocrx_word' id='word_1_111' title='bbox 688 1696 805 1750; x_wconf 90' lang='lat' dir='ltr'><strong>sti?</strong></span> <span class='ocrx_word' id='word_1_112' title='bbox 835 1706 929 1751; x_wconf 89' lang='lat' dir='ltr'><strong>aut</strong></span> <span class='ocrx_word' id='word_1_113' title='bbox 967 1700 1238 1753; x_wconf 85' lang='lat' dir='ltr'><strong>ambobus</strong></span> <span class='ocrx_word' id='word_1_114' title='bbox 1269 1700 1578 1770; x_wconf 88' lang='lat' dir='ltr'><strong>impertiet;</strong></span> <span class='ocrx_word' id='word_1_115' title='bbox 1613 1701 1716 1757; x_wconf 90' lang='lat' dir='ltr'><strong>Sed</strong></span> <span class='ocrx_word' id='word_1_116' title='bbox 1756 1703 2033 1760; x_wconf 87' lang='lat' dir='ltr'><strong>mittamus</strong></span> <span class='ocrx_word' id='word_1_117' title='bbox 2073 1707 2262 1776; x_wconf 88' lang='lat' dir='ltr'><strong>loqua-</strong></span> 
     </span>
    </p>
   </div>
   <div class='ocr_carea' id='block_1_19' title="bbox 686 1787 2258 1860">
    <p class='ocr_par' dir='ltr' id='par_1_19' title="bbox 686 1787 2258 1860">
     <span class='ocr_line' id='line_1_19' title="bbox 686 1787 2258 1860; baseline 0.008 -19"><span class='ocrx_word' id='word_1_118' title='bbox 686 1787 933 1844; x_wconf 90' lang='lat' dir='ltr'><strong>citatem.</strong></span> <span class='ocrx_word' id='word_1_119' title='bbox 979 1790 1096 1845; x_wconf 83' lang='lat' dir='ltr'><strong>Erit</strong></span> <span class='ocrx_word' id='word_1_120' title='bbox 1141 1792 1285 1845; x_wconf 89' lang='lat' dir='ltr'><strong>enim</strong></span> <span class='ocrx_word' id='word_1_121' title='bbox 1337 1793 1438 1847; x_wconf 87' lang='lat' dir='ltr'><strong>iste</strong></span> <span class='ocrx_word' id='word_1_122' title='bbox 1487 1794 1776 1849; x_wconf 78' lang='lat' dir='ltr'><strong>manifesto</strong></span> <span class='ocrx_word' id='word_1_123' title='bbox 1823 1812 1930 1850; x_wconf 93' lang='lat' dir='ltr'><strong>non</strong></span> <span class='ocrx_word' id='word_1_124' title='bbox 1985 1799 2258 1860; x_wconf 90' lang='lat' dir='ltr'><strong>sacerdos,</strong></span> 
     </span>
    </p>
   </div>
   <div class='ocr_carea' id='block_1_20' title="bbox 687 1878 2265 1957">
    <p class='ocr_par' dir='ltr' id='par_1_20' title="bbox 687 1878 2265 1957">
     <span class='ocr_line' id='line_1_20' title="bbox 687 1878 2265 1957; baseline 0.007 -25"><span class='ocrx_word' id='word_1_125' title='bbox 687 1878 782 1932; x_wconf 86' lang='lat' dir='ltr'><strong>sed</strong></span> <span class='ocrx_word' id='word_1_126' title='bbox 845 1881 1152 1935; x_wconf 87' lang='lat' dir='ltr'><strong>divinarqu</strong></span> <span class='ocrx_word' id='word_1_127' title='bbox 1213 1885 1664 1938; x_wconf 85' lang='lat' dir='ltr'><strong>constitutionum</strong></span> <span class='ocrx_word' id='word_1_128' title='bbox 1729 1897 2140 1957; x_wconf 83' lang='lat' dir='ltr'><strong>transgressor,</strong></span> <span class='ocrx_word' id='word_1_129' title='bbox 2202 1905 2265 1943; x_wconf 92' lang='lat' dir='ltr'><strong>ac</strong></span> 
     </span>
    </p>
   </div>
   <div class='ocr_carea' id='block_1_21' title="bbox 691 1970 2268 2048">
    <p class='ocr_par' dir='ltr' id='par_1_21' title="bbox 691 1970 2268 2048">
     <span class='ocr_line' id='line_1_21' title="bbox 691 1970 2268 2048; baseline 0.007 -26"><span class='ocrx_word' id='word_1_130' title='bbox 691 1970 920 2040; x_wconf 87' lang='lat' dir='ltr'><strong>proinde</strong></span> <span class='ocrx_word' id='word_1_131' title='bbox 951 1971 1068 2041; x_wconf 88' lang='lat' dir='ltr'><strong>ipso</strong></span> <span class='ocrx_word' id='word_1_132' title='bbox 1105 1973 1401 2042; x_wconf 89' lang='lat' dir='ltr'><strong>privandus</strong></span> <span class='ocrx_word' id='word_1_133' title='bbox 1429 1975 1772 2041; x_wconf 88' lang='lat' dir='ltr'><strong>sacerdotio;</strong></span> <span class='ocrx_word' id='word_1_134' title='bbox 1807 1987 1864 2030; x_wconf 92' lang='lat' dir='ltr'><strong>ut</strong></span> <span class='ocrx_word' id='word_1_135' title='bbox 1906 1979 1992 2032; x_wconf 92' lang='lat' dir='ltr'><strong>cui</strong></span> <span class='ocrx_word' id='word_1_136' title='bbox 2025 1994 2094 2033; x_wconf 91' lang='lat' dir='ltr'><strong>ne</strong></span> <span class='ocrx_word' id='word_1_137' title='bbox 2131 1995 2268 2048; x_wconf 89' lang='lat' dir='ltr'><strong>cpu-</strong></span> 
     </span>
    </p>
   </div>
   <div class='ocr_carea' id='block_1_22' title="bbox 691 2061 2270 2135">
    <p class='ocr_par' dir='ltr' id='par_1_22' title="bbox 691 2061 2270 2135">
     <span class='ocr_line' id='line_1_22' title="bbox 691 2061 2270 2135; baseline 0.006 -20"><span class='ocrx_word' id='word_1_138' title='bbox 691 2061 786 2116; x_wconf 92' lang='lat' dir='ltr'><strong>lari</strong></span> <span class='ocrx_word' id='word_1_139' title='bbox 831 2063 1052 2132; x_wconf 88' lang='lat' dir='ltr'><strong>quidem</strong></span> <span class='ocrx_word' id='word_1_140' title='bbox 1104 2065 1158 2118; x_wconf 94' lang='lat' dir='ltr'><strong>in</strong></span> <span class='ocrx_word' id='word_1_141' title='bbox 1212 2065 1412 2120; x_wconf 89' lang='lat' dir='ltr'><strong>talibus</strong></span> <span class='ocrx_word' id='word_1_142' title='bbox 1455 2067 1662 2135; x_wconf 86' lang='lat' dir='ltr'><strong>nuptiis</strong></span> <span class='ocrx_word' id='word_1_143' title='bbox 1721 2067 1906 2130; x_wconf 88' lang='lat' dir='ltr'><strong>liceat,</strong></span> <span class='ocrx_word' id='word_1_144' title='bbox 1956 2070 2155 2123; x_wconf 84' lang='lat' dir='ltr'><strong>nedum</strong></span> <span class='ocrx_word' id='word_1_145' title='bbox 2212 2080 2270 2125; x_wconf 92' lang='lat' dir='ltr'><strong>ut</strong></span> 
     </span>
    </p>
   </div>
   <div class='ocr_carea' id='block_1_23' title="bbox 686 2155 2270 2229">
    <p class='ocr_par' dir='ltr' id='par_1_23' title="bbox 686 2155 2270 2229">
     <span class='ocr_line' id='line_1_23' title="bbox 686 2155 2270 2229; baseline 0.006 -21"><span class='ocrx_word' id='word_1_146' title='bbox 686 2163 899 2208; x_wconf 89' lang='lat' dir='ltr'><strong>tantum</strong></span> <span class='ocrx_word' id='word_1_147' title='bbox 934 2155 1114 2210; x_wconf 80' lang='lat' dir='ltr'><strong>scelus</strong></span> <span class='ocrx_word' id='word_1_148' title='bbox 1150 2156 1473 2211; x_wconf 88' lang='lat' dir='ltr'><strong>committat.</strong></span> <span class='ocrx_word' id='word_1_149' title='bbox 1509 2157 1648 2223; x_wconf 85' lang='lat' dir='ltr'><strong>Quid</strong></span> <span class='ocrx_word' id='word_1_150' title='bbox 1682 2174 1831 2229; x_wconf 90' lang='lat' dir='ltr'><strong>ergo,</strong></span> <span class='ocrx_word' id='word_1_151' title='bbox 1868 2161 2038 2226; x_wconf 88' lang='lat' dir='ltr'><strong>dices,</strong></span> <span class='ocrx_word' id='word_1_152' title='bbox 2069 2163 2270 2217; x_wconf 85' lang='lat' dir='ltr'><strong>amittit</strong></span> 
     </span>
    </p>
   </div>
   <div class='ocr_carea' id='block_1_24' title="bbox 689 2246 2267 2318">
    <p class='ocr_par' dir='ltr' id='par_1_24' title="bbox 689 2246 2267 2318">
     <span class='ocr_line' id='line_1_24' title="bbox 689 2246 2267 2318; baseline 0.006 -18"><span class='ocrx_word' id='word_1_153' title='bbox 689 2261 816 2316; x_wconf 88' lang='lat' dir='ltr'><strong>pars</strong></span> <span class='ocrx_word' id='word_1_154' title='bbox 865 2246 1142 2318; x_wconf 72' lang='lat' dir='ltr'><strong>virginalis</strong></span> <span class='ocrx_word' id='word_1_155' title='bbox 1202 2247 1484 2305; x_wconf 81' lang='lat' dir='ltr'><strong>victricem</strong></span> <span class='ocrx_word' id='word_1_156' title='bbox 1545 2267 1804 2306; x_wconf 85' lang='lat' dir='ltr'><strong>coronam</strong></span> <span class='ocrx_word' id='word_1_157' title='bbox 1858 2268 1982 2307; x_wconf 93' lang='lat' dir='ltr'><strong>cum</strong></span> <span class='ocrx_word' id='word_1_158' title='bbox 2039 2254 2267 2309; x_wconf 89' lang='lat' dir='ltr'><strong>benedi-</strong></span> 
     </span>
    </p>
   </div>
   <div class='ocr_carea' id='block_1_25' title="bbox 688 2339 2269 2414">
    <p class='ocr_par' dir='ltr' id='par_1_25' title="bbox 688 2339 2269 2414">
     <span class='ocr_line' id='line_1_25' title="bbox 688 2339 2269 2414; baseline 0.006 -22"><span class='ocrx_word' id='word_1_159' title='bbox 688 2339 910 2405; x_wconf 86' lang='lat' dir='ltr'><strong>ctione;</strong></span> <span class='ocrx_word' id='word_1_160' title='bbox 953 2355 1019 2394; x_wconf 90' lang='lat' dir='ltr'><strong>ac</strong></span> <span class='ocrx_word' id='word_1_161' title='bbox 1051 2355 1161 2394; x_wconf 91' lang='lat' dir='ltr'><strong>non</strong></span> <span class='ocrx_word' id='word_1_162' title='bbox 1204 2341 1411 2396; x_wconf 79' lang='lat' dir='ltr'><strong>evincit</strong></span> <span class='ocrx_word' id='word_1_163' title='bbox 1453 2343 1632 2411; x_wconf 88' lang='lat' dir='ltr'><strong>potius</strong></span> <span class='ocrx_word' id='word_1_164' title='bbox 1672 2359 1798 2414; x_wconf 88' lang='lat' dir='ltr'><strong>pars</strong></span> <span class='ocrx_word' id='word_1_165' title='bbox 1840 2360 1949 2399; x_wconf 89' lang='lat' dir='ltr'><strong>non</strong></span> <span class='ocrx_word' id='word_1_166' title='bbox 1995 2346 2162 2411; x_wconf 89' lang='lat' dir='ltr'><strong>victa,</strong></span> <span class='ocrx_word' id='word_1_167' title='bbox 2208 2355 2269 2401; x_wconf 93' lang='lat' dir='ltr'><strong>ut</strong></span> 
     </span>
    </p>
   </div>
   <div class='ocr_carea' id='block_1_26' title="bbox 688 2429 2266 2501">
    <p class='ocr_par' dir='ltr' id='par_1_26' title="bbox 688 2429 2266 2501">
     <span class='ocr_line' id='line_1_26' title="bbox 688 2429 2266 2501; baseline 0.005 -17"><span class='ocrx_word' id='word_1_168' title='bbox 688 2429 851 2484; x_wconf 86' lang='lat' dir='ltr'><strong>simul</strong></span> <span class='ocrx_word' id='word_1_169' title='bbox 892 2431 1268 2499; x_wconf 86' lang='lat' dir='ltr'><strong>benedicatur,</strong></span> <span class='ocrx_word' id='word_1_170' title='bbox 1308 2434 1468 2488; x_wconf 87' lang='lat' dir='ltr'><strong>simul</strong></span> <span class='ocrx_word' id='word_1_171' title='bbox 1496 2447 1811 2501; x_wconf 89' lang='lat' dir='ltr'><strong>coronetur,</strong></span> <span class='ocrx_word' id='word_1_172' title='bbox 1841 2446 1895 2492; x_wconf 91' lang='lat' dir='ltr'><strong>et</strong></span> <span class='ocrx_word' id='word_1_173' title='bbox 1923 2437 2266 2492; x_wconf 88' lang='lat' dir='ltr'><strong>communio-</strong></span> 
     </span>
    </p>
   </div>
   <div class='ocr_carea' id='block_1_27' title="bbox 690 2519 2268 2595">
    <p class='ocr_par' dir='ltr' id='par_1_27' title="bbox 690 2519 2268 2595">
     <span class='ocr_line' id='line_1_27' title="bbox 690 2519 2268 2595; baseline 0.006 -23"><span class='ocrx_word' id='word_1_174' title='bbox 690 2535 816 2574; x_wconf 90' lang='lat' dir='ltr'><strong>nem</strong></span> <span class='ocrx_word' id='word_1_175' title='bbox 849 2519 1010 2574; x_wconf 90' lang='lat' dir='ltr'><strong>simul</strong></span> <span class='ocrx_word' id='word_1_176' title='bbox 1043 2521 1277 2592; x_wconf 69' lang='lat' dir='ltr'><strong>accipiat</strong></span> <span class='ocrx_word' id='word_1_177' title='bbox 1307 2537 1432 2592; x_wconf 89' lang='lat' dir='ltr'><strong>pars</strong></span> <span class='ocrx_word' id='word_1_178' title='bbox 1460 2523 1626 2578; x_wconf 87' lang='lat' dir='ltr'><strong>altera</strong></span> <span class='ocrx_word' id='word_1_179' title='bbox 1653 2540 1749 2593; x_wconf 92' lang='lat' dir='ltr'><strong>per</strong></span> <span class='ocrx_word' id='word_1_180' title='bbox 1774 2526 2064 2595; x_wconf 89' lang='lat' dir='ltr'><strong>digamiam</strong></span> <span class='ocrx_word' id='word_1_181' title='bbox 2094 2526 2268 2581; x_wconf 83' lang='lat' dir='ltr'><strong>victa?</strong></span> 
     </span>
    </p>
   </div>
   <div class='ocr_carea' id='block_1_28' title="bbox 691 2610 2269 2677">
    <p class='ocr_par' dir='ltr' id='par_1_28' title="bbox 691 2610 2269 2677">
     <span class='ocr_line' id='line_1_28' title="bbox 691 2610 2269 2677; baseline 0.004 -11"><span class='ocrx_word' id='word_1_182' title='bbox 691 2611 749 2667; x_wconf 91' lang='lat' dir='ltr'><strong>Si</strong></span> <span class='ocrx_word' id='word_1_183' title='bbox 780 2610 854 2667; x_wconf 89' lang='lat' dir='ltr'><strong>ita</strong></span> <span class='ocrx_word' id='word_1_184' title='bbox 890 2621 1058 2677; x_wconf 85' lang='lat' dir='ltr'><strong>esset,</strong></span> <span class='ocrx_word' id='word_1_185' title='bbox 1101 2615 1372 2670; x_wconf 84' lang='lat' dir='ltr'><strong>sancitum</strong></span> <span class='ocrx_word' id='word_1_186' title='bbox 1407 2630 1539 2670; x_wconf 84' lang='lat' dir='ltr'><strong>sane</strong></span> <span class='ocrx_word' id='word_1_187' title='bbox 1571 2615 1765 2671; x_wconf 82' lang='lat' dir='ltr'><strong>fuisset</strong></span> <span class='ocrx_word' id='word_1_188' title='bbox 1797 2617 2015 2672; x_wconf 86' lang='lat' dir='ltr'><strong>Patrum</strong></span> <span class='ocrx_word' id='word_1_189' title='bbox 2043 2619 2269 2673; x_wconf 88' lang='lat' dir='ltr'><strong>canoni-</strong></span> 
     </span>
    </p>
   </div>
   <div class='ocr_carea' id='block_1_29' title="bbox 691 2703 2269 2782">
    <p class='ocr_par' dir='ltr' id='par_1_29' title="bbox 691 2703 2269 2782">
     <span class='ocr_line' id='line_1_29' title="bbox 691 2703 2269 2782; baseline 0.004 -24"><span class='ocrx_word' id='word_1_190' title='bbox 691 2703 796 2760; x_wconf 85' lang='lat' dir='ltr'><strong>bus</strong></span> <span class='ocrx_word' id='word_1_191' title='bbox 826 2722 840 2760; x_wconf 90' lang='lat'><strong>:</strong></span> <span class='ocrx_word' id='word_1_192' title='bbox 867 2705 964 2760; x_wconf 88' lang='lat' dir='ltr'><strong>sed</strong></span> <span class='ocrx_word' id='word_1_193' title='bbox 995 2704 1290 2762; x_wconf 88' lang='lat' dir='ltr'><strong>discrimen</strong></span> <span class='ocrx_word' id='word_1_194' title='bbox 1315 2707 1526 2763; x_wconf 92' lang='lat' dir='ltr'><strong>nullum</strong></span> <span class='ocrx_word' id='word_1_195' title='bbox 1557 2708 1758 2764; x_wconf 81' lang='lat' dir='ltr'><strong>factum</strong></span> <span class='ocrx_word' id='word_1_196' title='bbox 1789 2720 1892 2766; x_wconf 87' lang='lat' dir='ltr'><strong>est.</strong></span> <span class='ocrx_word' id='word_1_197' title='bbox 1927 2710 2083 2777; x_wconf 87' lang='lat' dir='ltr'><strong>Quod</strong></span> <span class='ocrx_word' id='word_1_198' title='bbox 2105 2710 2269 2782; x_wconf 89' lang='lat' dir='ltr'><strong>igitur</strong></span> 
     </span>
    </p>
   </div>
   <div class='ocr_carea' id='block_1_30' title="bbox 692 2793 2268 2856">
    <p class='ocr_par' dir='ltr' id='par_1_30' title="bbox 692 2793 2268 2856">
     <span class='ocr_line' id='line_1_30' title="bbox 692 2793 2268 2856; baseline 0.004 -8"><span class='ocrx_word' id='word_1_199' title='bbox 692 2793 913 2850; x_wconf 80' lang='lat' dir='ltr'><strong>Patrum</strong></span> <span class='ocrx_word' id='word_1_200' title='bbox 957 2797 1272 2853; x_wconf 88' lang='lat' dir='ltr'><strong>testimonio</strong></span> <span class='ocrx_word' id='word_1_201' title='bbox 1297 2798 1539 2854; x_wconf 90' lang='lat' dir='ltr'><strong>decisum</strong></span> <span class='ocrx_word' id='word_1_202' title='bbox 1587 2814 1698 2854; x_wconf 91' lang='lat' dir='ltr'><strong>non</strong></span> <span class='ocrx_word' id='word_1_203' title='bbox 1742 2810 1826 2855; x_wconf 89' lang='lat' dir='ltr'><strong>est</strong></span> <span class='ocrx_word' id='word_1_204' title='bbox 1857 2815 1958 2856; x_wconf 91' lang='lat' dir='ltr'><strong>nec</strong></span> <span class='ocrx_word' id='word_1_205' title='bbox 1997 2801 2268 2856; x_wconf 84' lang='lat' dir='ltr'><strong>constitu-</strong></span> 
     </span>
    </p>
   </div>
   <div class='ocr_carea' id='block_1_31' title="bbox 692 2886 2265 2963">
    <p class='ocr_par' dir='ltr' id='par_1_31' title="bbox 692 2886 2265 2963">
     <span class='ocr_line' id='line_1_31' title="bbox 692 2886 2265 2963; baseline 0.004 -21"><span class='ocrx_word' id='word_1_206' title='bbox 692 2897 832 2951; x_wconf 88' lang='lat' dir='ltr'><strong>tum,</strong></span> <span class='ocrx_word' id='word_1_207' title='bbox 876 2886 1055 2943; x_wconf 87' lang='lat' dir='ltr'><strong>inanis</strong></span> <span class='ocrx_word' id='word_1_208' title='bbox 1102 2891 1424 2961; x_wconf 79' lang='lat' dir='ltr'><strong>arrogantia:</strong></span> <span class='ocrx_word' id='word_1_209' title='bbox 1455 2901 1540 2947; x_wconf 90' lang='lat' dir='ltr'><strong>est</strong></span> <span class='ocrx_word' id='word_1_210' title='bbox 1586 2893 1638 2947; x_wconf 93' lang='lat' dir='ltr'><strong>id</strong></span> <span class='ocrx_word' id='word_1_211' title='bbox 1673 2893 1936 2963; x_wconf 87' lang='lat' dir='ltr'><strong>cogitare,</strong></span> <span class='ocrx_word' id='word_1_212' title='bbox 1981 2904 2038 2948; x_wconf 91' lang='lat' dir='ltr'><strong>et</strong></span> <span class='ocrx_word' id='word_1_213' title='bbox 2061 2895 2265 2960; x_wconf 91' lang='lat' dir='ltr'><strong>dicere,</strong></span> 
     </span>
    </p>
   </div>
   <div class='ocr_carea' id='block_1_32' title="bbox 692 2977 2268 3058">
    <p class='ocr_par' dir='ltr' id='par_1_32' title="bbox 692 2977 2268 3058">
     <span class='ocr_line' id='line_1_32' title="bbox 692 2977 2268 3058; baseline 0.005 -26"><span class='ocrx_word' id='word_1_214' title='bbox 692 2988 749 3033; x_wconf 90' lang='lat' dir='ltr'><strong>et</strong></span> <span class='ocrx_word' id='word_1_215' title='bbox 788 2977 986 3034; x_wconf 73' lang='lat' dir='ltr'><strong>facere.</strong></span> <span class='ocrx_word' id='word_1_216' title='bbox 1033 2978 1144 3052; x_wconf 80' lang='lat' dir='ltr'><strong>Ego</strong></span> <span class='ocrx_word' id='word_1_217' title='bbox 1170 2997 1300 3037; x_wconf 92' lang='lat' dir='ltr'><strong>vero</strong></span> <span class='ocrx_word' id='word_1_218' title='bbox 1342 2983 1424 3038; x_wconf 86' lang='lat' dir='ltr'><strong>sic</strong></span> <span class='ocrx_word' id='word_1_219' title='bbox 1469 2983 1668 3048; x_wconf 88' lang='lat' dir='ltr'><strong>sentio,</strong></span> <span class='ocrx_word' id='word_1_220' title='bbox 1700 2985 1821 3055; x_wconf 84' lang='lat' dir='ltr'><strong>jure</strong></span> <span class='ocrx_word' id='word_1_221' title='bbox 1865 2995 2074 3055; x_wconf 90' lang='lat' dir='ltr'><strong>partem</strong></span> <span class='ocrx_word' id='word_1_222' title='bbox 2105 2986 2268 3058; x_wconf 90' lang='lat' dir='ltr'><strong>virgi-</strong></span> 
     </span>
    </p>
   </div>
   <div class='ocr_carea' id='block_1_33' title="bbox 693 3070 2268 3148">
    <p class='ocr_par' dir='ltr' id='par_1_33' title="bbox 693 3070 2268 3148">
     <span class='ocr_line' id='line_1_33' title="bbox 693 3070 2268 3148; baseline 0.006 -25"><span class='ocrx_word' id='word_1_223' title='bbox 693 3070 872 3124; x_wconf 89' lang='lat' dir='ltr'><strong>nalem</strong></span> <span class='ocrx_word' id='word_1_224' title='bbox 903 3073 1261 3143; x_wconf 62' lang='lat' dir='ltr'><strong>monogamia!</strong></span> <span class='ocrx_word' id='word_1_225' title='bbox 1302 3075 1410 3130; x_wconf 91' lang='lat' dir='ltr'><strong>ritu</strong></span> <span class='ocrx_word' id='word_1_226' title='bbox 1442 3075 1675 3145; x_wconf 90' lang='lat' dir='ltr'><strong>privari;</strong></span> <span class='ocrx_word' id='word_1_227' title='bbox 1711 3086 1770 3132; x_wconf 95' lang='lat' dir='ltr'><strong>ut</strong></span> <span class='ocrx_word' id='word_1_228' title='bbox 1813 3077 1898 3131; x_wconf 92' lang='lat' dir='ltr'><strong>cui</strong></span> <span class='ocrx_word' id='word_1_229' title='bbox 1923 3077 2142 3146; x_wconf 89' lang='lat' dir='ltr'><strong>liquerit</strong></span> <span class='ocrx_word' id='word_1_230' title='bbox 2171 3094 2268 3148; x_wconf 87' lang='lat' dir='ltr'><strong>per</strong></span> 
     </span>
    </p>
   </div>
   <div class='ocr_carea' id='block_1_34' title="bbox 693 3157 2266 3237">
    <p class='ocr_par' dir='ltr' id='par_1_34' title="bbox 693 3157 2266 3237">
     <span class='ocr_line' id='line_1_34' title="bbox 693 3157 2266 3237; baseline 0.008 -28"><span class='ocrx_word' id='word_1_231' title='bbox 693 3157 942 3228; x_wconf 83' lang='lat' dir='ltr'><strong>ejusdem</strong></span> <span class='ocrx_word' id='word_1_232' title='bbox 965 3161 1174 3216; x_wconf 87' lang='lat' dir='ltr'><strong>ordinis</strong></span> <span class='ocrx_word' id='word_1_233' title='bbox 1199 3173 1510 3218; x_wconf 89' lang='lat' dir='ltr'><strong>consortem</strong></span> <span class='ocrx_word' id='word_1_234' title='bbox 1536 3165 1628 3218; x_wconf 90' lang='lat' dir='ltr'><strong>illo</strong></span> <span class='ocrx_word' id='word_1_235' title='bbox 1655 3164 1761 3220; x_wconf 80' lang='lat' dir='ltr'><strong>l‘rui</strong></span> <span class='ocrx_word' id='word_1_236' title='bbox 1790 3183 1804 3219; x_wconf 87' lang='lat'><strong>:</strong></span> <span class='ocrx_word' id='word_1_237' title='bbox 1832 3167 2266 3237; x_wconf 87' lang='lat' dir='ltr'><strong>quandoquidem</strong></span> 
     </span>
    </p>
   </div>
   <div class='ocr_carea' id='block_1_35' title="bbox 694 3252 2272 3328">
    <p class='ocr_par' dir='ltr' id='par_1_35' title="bbox 694 3252 2272 3328">
     <span class='ocr_line' id='line_1_35' title="bbox 694 3252 2272 3328; baseline 0.007 -27"><span class='ocrx_word' id='word_1_238' title='bbox 694 3264 892 3318; x_wconf 91' lang='lat' dir='ltr'><strong>purum</strong></span> <span class='ocrx_word' id='word_1_239' title='bbox 939 3265 1084 3321; x_wconf 90' lang='lat' dir='ltr'><strong>puro</strong></span> <span class='ocrx_word' id='word_1_240' title='bbox 1111 3252 1266 3324; x_wconf 87' lang='lat' dir='ltr'><strong>jungi</strong></span> <span class='ocrx_word' id='word_1_241' title='bbox 1311 3255 1488 3318; x_wconf 90' lang='lat' dir='ltr'><strong>decet,</strong></span> <span class='ocrx_word' id='word_1_242' title='bbox 1540 3263 1597 3310; x_wconf 90' lang='lat' dir='ltr'><strong>et</strong></span> <span class='ocrx_word' id='word_1_243' title='bbox 1645 3255 1914 3327; x_wconf 80' lang='lat' dir='ltr'><strong>virginem</strong></span> <span class='ocrx_word' id='word_1_244' title='bbox 1955 3257 2173 3328; x_wconf 84' lang='lat' dir='ltr'><strong>virgini,</strong></span> <span class='ocrx_word' id='word_1_245' title='bbox 2215 3267 2272 3312; x_wconf 92' lang='lat' dir='ltr'><strong>et</strong></span> 
     </span>
    </p>
   </div>
   <div class='ocr_carea' id='block_1_36' title="bbox 695 3341 2269 3421">
    <p class='ocr_par' dir='ltr' id='par_1_36' title="bbox 695 3341 2269 3421">
     <span class='ocr_line' id='line_1_36' title="bbox 695 3341 2269 3421; baseline 0.004 -26"><span class='ocrx_word' id='word_1_246' title='bbox 695 3341 958 3396; x_wconf 78' lang='lat' dir='ltr'><strong>victorem</strong></span> <span class='ocrx_word' id='word_1_247' title='bbox 1011 3344 1226 3398; x_wconf 85' lang='lat' dir='ltr'><strong>victori.</strong></span> <span class='ocrx_word' id='word_1_248' title='bbox 1281 3343 1491 3400; x_wconf 87' lang='lat' dir='ltr'><strong>Decidit</strong></span> <span class='ocrx_word' id='word_1_249' title='bbox 1541 3356 1722 3401; x_wconf 91' lang='lat' dir='ltr'><strong>autem</strong></span> <span class='ocrx_word' id='word_1_250' title='bbox 1766 3348 1858 3417; x_wconf 93' lang='lat' dir='ltr'><strong>qui</strong></span> <span class='ocrx_word' id='word_1_251' title='bbox 1908 3363 2018 3402; x_wconf 93' lang='lat' dir='ltr'><strong>non</strong></span> <span class='ocrx_word' id='word_1_252' title='bbox 2071 3348 2269 3421; x_wconf 89' lang='lat' dir='ltr'><strong>virgini</strong></span> 
     </span>
    </p>
   </div>
   <div class='ocr_carea' id='block_1_37' title="bbox 693 3435 2270 3508">
    <p class='ocr_par' dir='ltr' id='par_1_37' title="bbox 693 3435 2270 3508">
     <span class='ocr_line' id='line_1_37' title="bbox 693 3435 2270 3508; baseline 0.004 -20"><span class='ocrx_word' id='word_1_253' title='bbox 693 3435 938 3506; x_wconf 87' lang='lat' dir='ltr'><strong>copulari</strong></span> <span class='ocrx_word' id='word_1_254' title='bbox 983 3436 1176 3500; x_wconf 91' lang='lat' dir='ltr'><strong>voluit,</strong></span> <span class='ocrx_word' id='word_1_255' title='bbox 1232 3445 1287 3490; x_wconf 93' lang='lat' dir='ltr'><strong>et</strong></span> <span class='ocrx_word' id='word_1_256' title='bbox 1334 3437 1656 3508; x_wconf 85' lang='lat' dir='ltr'><strong>virginalem</strong></span> <span class='ocrx_word' id='word_1_257' title='bbox 1689 3439 1914 3508; x_wconf 90' lang='lat' dir='ltr'><strong>gloriam</strong></span> <span class='ocrx_word' id='word_1_258' title='bbox 1960 3456 2023 3494; x_wconf 90' lang='lat' dir='ltr'><strong>ea</strong></span> <span class='ocrx_word' id='word_1_259' title='bbox 2061 3441 2270 3495; x_wconf 87' lang='lat' dir='ltr'><strong>ratione</strong></span> 
     </span>
    </p>
   </div>
   <div class='ocr_carea' id='block_1_38' title="bbox 693 3527 2267 3597">
    <p class='ocr_par' dir='ltr' id='par_1_38' title="bbox 693 3527 2267 3597">
     <span class='ocr_line' id='line_1_38' title="bbox 693 3527 2267 3597; baseline 0.003 -16"><span class='ocrx_word' id='word_1_260' title='bbox 693 3527 1095 3581; x_wconf 77' lang='lat' dir='ltr'><strong>dehonestare?</strong></span> <span class='ocrx_word' id='word_1_261' title='bbox 1121 3544 1280 3596; x_wconf 91' lang='lat' dir='ltr'><strong>quam</strong></span> <span class='ocrx_word' id='word_1_262' title='bbox 1313 3543 1381 3581; x_wconf 93' lang='lat' dir='ltr'><strong>ne</strong></span> <span class='ocrx_word' id='word_1_263' title='bbox 1418 3528 1606 3582; x_wconf 84' lang='lat' dir='ltr'><strong>habuit</strong></span> <span class='ocrx_word' id='word_1_264' title='bbox 1627 3529 1843 3597; x_wconf 89' lang='lat' dir='ltr'><strong>quidem</strong></span> <span class='ocrx_word' id='word_1_265' title='bbox 1879 3529 2124 3594; x_wconf 80' lang='lat' dir='ltr'><strong>fortasse,</strong></span> <span class='ocrx_word' id='word_1_266' title='bbox 2154 3540 2267 3594; x_wconf 91' lang='lat' dir='ltr'><strong>aut,</strong></span> 
     </span>
    </p>
   </div>
   <div class='ocr_carea' id='block_1_39' title="bbox 693 3616 2270 3692">
    <p class='ocr_par' dir='ltr' id='par_1_39' title="bbox 693 3616 2270 3692">
     <span class='ocr_line' id='line_1_39' title="bbox 693 3616 2270 3692; baseline 0.003 -20"><span class='ocrx_word' id='word_1_267' title='bbox 693 3634 818 3674; x_wconf 92' lang='lat' dir='ltr'><strong>cum</strong></span> <span class='ocrx_word' id='word_1_268' title='bbox 853 3617 1100 3681; x_wconf 85' lang='lat' dir='ltr'><strong>haberet,</strong></span> <span class='ocrx_word' id='word_1_269' title='bbox 1140 3616 1335 3673; x_wconf 90' lang='lat' dir='ltr'><strong>vitioso</strong></span> <span class='ocrx_word' id='word_1_270' title='bbox 1369 3634 1495 3688; x_wconf 87' lang='lat' dir='ltr'><strong>erga</strong></span> <span class='ocrx_word' id='word_1_271' title='bbox 1523 3619 1798 3689; x_wconf 89' lang='lat' dir='ltr'><strong>digamum</strong></span> <span class='ocrx_word' id='word_1_272' title='bbox 1827 3621 2022 3676; x_wconf 82' lang='lat' dir='ltr'><strong>all&#39;ectu</strong></span> <span class='ocrx_word' id='word_1_273' title='bbox 2049 3637 2270 3692; x_wconf 88' lang='lat' dir='ltr'><strong>quoquo</strong></span> 
     </span>
    </p>
   </div>
   <div class='ocr_carea' id='block_1_40' title="bbox 695 3709 2269 3780">
    <p class='ocr_par' dir='ltr' id='par_1_40' title="bbox 695 3709 2269 3780">
     <span class='ocr_line' id='line_1_40' title="bbox 695 3709 2269 3780; baseline 0.005 -17"><span class='ocrx_word' id='word_1_274' title='bbox 695 3710 858 3764; x_wconf 92' lang='lat' dir='ltr'><strong>modo</strong></span> <span class='ocrx_word' id='word_1_275' title='bbox 887 3710 1178 3780; x_wconf 80' lang='lat' dir='ltr'><strong>depressit.</strong></span> <span class='ocrx_word' id='word_1_276' title='bbox 1208 3709 1390 3775; x_wconf 87' lang='lat' dir='ltr'><strong>Quare</strong></span> <span class='ocrx_word' id='word_1_277' title='bbox 1434 3726 1542 3764; x_wconf 93' lang='lat' dir='ltr'><strong>non</strong></span> <span class='ocrx_word' id='word_1_278' title='bbox 1577 3713 1738 3766; x_wconf 90' lang='lat' dir='ltr'><strong>modo</strong></span> <span class='ocrx_word' id='word_1_279' title='bbox 1785 3728 1890 3767; x_wconf 93' lang='lat' dir='ltr'><strong>non</strong></span> <span class='ocrx_word' id='word_1_280' title='bbox 1923 3715 2137 3778; x_wconf 85' lang='lat' dir='ltr'><strong>evehet,</strong></span> <span class='ocrx_word' id='word_1_281' title='bbox 2174 3716 2269 3771; x_wconf 90' lang='lat' dir='ltr'><strong>sed</strong></span> 
     </span>
    </p>
   </div>
   <div class='ocr_carea' id='block_1_41' title="bbox 695 3801 2270 3876">
    <p class='ocr_par' dir='ltr' id='par_1_41' title="bbox 695 3801 2270 3876">
     <span class='ocr_line' id='line_1_41' title="bbox 695 3801 2270 3876; baseline 0.004 -21"><span class='ocrx_word' id='word_1_282' title='bbox 695 3801 868 3872; x_wconf 89' lang='lat' dir='ltr'><strong>ipsum</strong></span> <span class='ocrx_word' id='word_1_283' title='bbox 902 3818 1120 3872; x_wconf 83' lang='lat' dir='ltr'><strong>quoque</strong></span> <span class='ocrx_word' id='word_1_284' title='bbox 1162 3803 1432 3871; x_wconf 88' lang='lat' dir='ltr'><strong>deprimet</strong></span> <span class='ocrx_word' id='word_1_285' title='bbox 1480 3803 1546 3856; x_wconf 91' lang='lat' dir='ltr'><strong>ad</strong></span> <span class='ocrx_word' id='word_1_286' title='bbox 1585 3819 1798 3871; x_wconf 71' lang='lat' dir='ltr'><strong>pmnam</strong></span> <span class='ocrx_word' id='word_1_287' title='bbox 1837 3806 2004 3874; x_wconf 86' lang='lat' dir='ltr'><strong>partis</strong></span> <span class='ocrx_word' id='word_1_288' title='bbox 2049 3808 2270 3876; x_wconf 87' lang='lat' dir='ltr'><strong>nuptias</strong></span> 
     </span>
    </p>
   </div>
   <div class='ocr_carea' id='block_1_42' title="bbox 696 3895 2269 3968">
    <p class='ocr_par' dir='ltr' id='par_1_42' title="bbox 696 3895 2269 3968">
     <span class='ocr_line' id='line_1_42' title="bbox 696 3895 2269 3968; baseline 0.004 -20"><span class='ocrx_word' id='word_1_289' title='bbox 696 3895 966 3950; x_wconf 87' lang='lat' dir='ltr'><strong>iterantis.</strong></span> <span class='ocrx_word' id='word_1_290' title='bbox 1016 3897 1138 3950; x_wconf 61' lang='lat' dir='ltr'><strong>Hac</strong></span> <span class='ocrx_word' id='word_1_291' title='bbox 1173 3911 1203 3949; x_wconf 90' lang='lat' dir='ltr'><strong>a</strong></span> <span class='ocrx_word' id='word_1_292' title='bbox 1253 3911 1336 3949; x_wconf 92' lang='lat' dir='ltr'><strong>me</strong></span> <span class='ocrx_word' id='word_1_293' title='bbox 1385 3912 1482 3966; x_wconf 91' lang='lat' dir='ltr'><strong>pro</strong></span> <span class='ocrx_word' id='word_1_294' title='bbox 1528 3896 1734 3952; x_wconf 87' lang='lat' dir='ltr'><strong>viribus</strong></span> <span class='ocrx_word' id='word_1_295' title='bbox 1775 3908 1989 3968; x_wconf 82' lang='lat' dir='ltr'><strong>reperta</strong></span> <span class='ocrx_word' id='word_1_296' title='bbox 2041 3911 2096 3954; x_wconf 90' lang='lat' dir='ltr'><strong>et</strong></span> <span class='ocrx_word' id='word_1_297' title='bbox 2125 3901 2269 3955; x_wconf 89' lang='lat' dir='ltr'><strong>dicta</strong></span> 
     </span>
    </p>
   </div>
   <div class='ocr_carea' id='block_1_43' title="bbox 697 3987 2268 4062">
    <p class='ocr_par' dir='ltr' id='par_1_43' title="bbox 697 3987 2268 4062">
     <span class='ocr_line' id='line_1_43' title="bbox 697 3987 2268 4062; baseline 0.003 -21"><span class='ocrx_word' id='word_1_298' title='bbox 697 3998 842 4048; x_wconf 91' lang='lat' dir='ltr'><strong>sunt.</strong></span> <span class='ocrx_word' id='word_1_299' title='bbox 893 3989 964 4042; x_wconf 83' lang='lat' dir='ltr'><strong>ﬁli</strong></span> <span class='ocrx_word' id='word_1_300' title='bbox 1010 3989 1244 4058; x_wconf 84' lang='lat' dir='ltr'><strong>egregie.</strong></span> <span class='ocrx_word' id='word_1_301' title='bbox 1279 3987 1435 4054; x_wconf 88' lang='lat' dir='ltr'><strong>Quod</strong></span> <span class='ocrx_word' id='word_1_302' title='bbox 1471 3989 1513 4042; x_wconf 91' lang='lat' dir='ltr'><strong>si</strong></span> <span class='ocrx_word' id='word_1_303' title='bbox 1569 3990 1665 4043; x_wconf 90' lang='lat' dir='ltr'><strong>tibi</strong></span> <span class='ocrx_word' id='word_1_304' title='bbox 1697 3991 1778 4044; x_wconf 86' lang='lat' dir='ltr'><strong>vel</strong></span> <span class='ocrx_word' id='word_1_305' title='bbox 1831 3991 1981 4045; x_wconf 79' lang='lat' dir='ltr'><strong>alteri</strong></span> <span class='ocrx_word' id='word_1_306' title='bbox 2028 3993 2268 4062; x_wconf 89' lang='lat' dir='ltr'><strong>cuipiam</strong></span> 
     </span>
    </p>
   </div>
   <div class='ocr_carea' id='block_1_44' title="bbox 699 4080 2272 4152">
    <p class='ocr_par' dir='ltr' id='par_1_44' title="bbox 699 4080 2272 4152">
     <span class='ocr_line' id='line_1_44' title="bbox 699 4080 2272 4152; baseline 0.005 -20"><span class='ocrx_word' id='word_1_307' title='bbox 699 4081 879 4133; x_wconf 76' lang='lat' dir='ltr'><strong>verius</strong></span> <span class='ocrx_word' id='word_1_308' title='bbox 903 4080 1048 4134; x_wconf 89' lang='lat' dir='ltr'><strong>aliud</strong></span> <span class='ocrx_word' id='word_1_309' title='bbox 1082 4080 1347 4143; x_wconf 86' lang='lat' dir='ltr'><strong>videatur,</strong></span> <span class='ocrx_word' id='word_1_310' title='bbox 1376 4081 1536 4134; x_wconf 89' lang='lat' dir='ltr'><strong>modo</strong></span> <span class='ocrx_word' id='word_1_311' title='bbox 1567 4097 1632 4134; x_wconf 85' lang='lat' dir='ltr'><strong>ex</strong></span> <span class='ocrx_word' id='word_1_312' title='bbox 1666 4081 1944 4152; x_wconf 88' lang='lat' dir='ltr'><strong>Scriptura</strong></span> <span class='ocrx_word' id='word_1_313' title='bbox 1979 4093 2186 4138; x_wconf 90' lang='lat' dir='ltr'><strong>tantum</strong></span> <span class='ocrx_word' id='word_1_314' title='bbox 2215 4094 2272 4140; x_wconf 92' lang='lat' dir='ltr'><strong>et</strong></span> 
     </span>
    </p>
   </div>
   <div class='ocr_carea' id='block_1_45' title="bbox 694 4171 2270 4239">
    <p class='ocr_par' dir='ltr' id='par_1_45' title="bbox 694 4171 2270 4239">
     <span class='ocr_line' id='line_1_45' title="bbox 694 4171 2270 4239; baseline 0.006 -17"><span class='ocrx_word' id='word_1_315' title='bbox 694 4185 759 4223; x_wconf 82' lang='lat' dir='ltr'><strong>ex</strong></span> <span class='ocrx_word' id='word_1_316' title='bbox 800 4180 1024 4239; x_wconf 86' lang='lat' dir='ltr'><strong>paterna</strong></span> <span class='ocrx_word' id='word_1_317' title='bbox 1059 4181 1220 4239; x_wconf 89' lang='lat' dir='ltr'><strong>atque</strong></span> <span class='ocrx_word' id='word_1_318' title='bbox 1249 4171 1508 4224; x_wconf 86' lang='lat' dir='ltr'><strong>canonica</strong></span> <span class='ocrx_word' id='word_1_319' title='bbox 1546 4173 1866 4237; x_wconf 89' lang='lat' dir='ltr'><strong>traditione;</strong></span> <span class='ocrx_word' id='word_1_320' title='bbox 1895 4177 2270 4231; x_wconf 87' lang='lat' dir='ltr'><strong>consentiente</strong></span> 
     </span>
    </p>
   </div>
   <div class='ocr_carea' id='block_1_46' title="bbox 693 4263 2267 4333">
    <p class='ocr_par' dir='ltr' id='par_1_46' title="bbox 693 4263 2267 4333">
     <span class='ocr_line' id='line_1_46' title="bbox 693 4263 2267 4333; baseline 0.006 -18"><span class='ocrx_word' id='word_1_321' title='bbox 693 4278 818 4315; x_wconf 91' lang='lat' dir='ltr'><strong>cum</strong></span> <span class='ocrx_word' id='word_1_322' title='bbox 855 4263 938 4316; x_wconf 91' lang='lat' dir='ltr'><strong>bis</strong></span> <span class='ocrx_word' id='word_1_323' title='bbox 969 4264 1177 4332; x_wconf 84' lang='lat' dir='ltr'><strong>privata</strong></span> <span class='ocrx_word' id='word_1_324' title='bbox 1205 4279 1325 4333; x_wconf 74' lang='lat' dir='ltr'><strong>quae</strong></span> <span class='ocrx_word' id='word_1_325' title='bbox 1351 4265 1573 4318; x_wconf 77' lang='lat' dir='ltr'><strong>accedat</strong></span> <span class='ocrx_word' id='word_1_326' title='bbox 1611 4265 1777 4318; x_wconf 85' lang='lat' dir='ltr'><strong>animi</strong></span> <span class='ocrx_word' id='word_1_327' title='bbox 1814 4266 2224 4322; x_wconf 83' lang='lat' dir='ltr'><strong>ratiocinatione</strong></span> <span class='ocrx_word' id='word_1_328' title='bbox 2253 4288 2267 4324; x_wconf 91' lang='lat'><strong>:</strong></span> 
     </span>
    </p>
   </div>
   <div class='ocr_carea' id='block_1_47' title="bbox 695 4354 2269 4425">
    <p class='ocr_par' dir='ltr' id='par_1_47' title="bbox 695 4354 2269 4425">
     <span class='ocr_line' id='line_1_47' title="bbox 695 4354 2269 4425; baseline 0.008 -22"><span class='ocrx_word' id='word_1_329' title='bbox 695 4354 867 4422; x_wconf 83' lang='lat' dir='ltr'><strong>parati</strong></span> <span class='ocrx_word' id='word_1_330' title='bbox 903 4363 958 4407; x_wconf 89' lang='lat' dir='ltr'><strong>et</strong></span> <span class='ocrx_word' id='word_1_331' title='bbox 1005 4369 1104 4407; x_wconf 91' lang='lat' dir='ltr'><strong>nos</strong></span> <span class='ocrx_word' id='word_1_332' title='bbox 1151 4369 1340 4408; x_wconf 82' lang='lat' dir='ltr'><strong>sumus</strong></span> <span class='ocrx_word' id='word_1_333' title='bbox 1367 4355 1597 4423; x_wconf 84' lang='lat' dir='ltr'><strong>pedibus</strong></span> <span class='ocrx_word' id='word_1_334' title='bbox 1631 4356 1806 4425; x_wconf 90' lang='lat' dir='ltr'><strong>sequi,</strong></span> <span class='ocrx_word' id='word_1_335' title='bbox 1846 4367 1901 4410; x_wconf 90' lang='lat' dir='ltr'><strong>et</strong></span> <span class='ocrx_word' id='word_1_336' title='bbox 1939 4358 2114 4412; x_wconf 85' lang='lat' dir='ltr'><strong>aliena</strong></span> <span class='ocrx_word' id='word_1_337' title='bbox 2149 4360 2269 4415; x_wconf 86' lang='lat' dir='ltr'><strong>luce</strong></span> 
     </span>
    </p>
   </div>
   <div class='ocr_carea' id='block_1_48' title="bbox 694 4446 2264 4523">
    <p class='ocr_par' dir='ltr' id='par_1_48' title="bbox 694 4446 2264 4523">
     <span class='ocr_line' id='line_1_48' title="bbox 694 4446 2264 4523; baseline 0.007 -25"><span class='ocrx_word' id='word_1_338' title='bbox 694 4446 976 4509; x_wconf 89' lang='lat' dir='ltr'><strong>illustrari,</strong></span> <span class='ocrx_word' id='word_1_339' title='bbox 1010 4446 1148 4502; x_wconf 90' lang='lat' dir='ltr'><strong>lucis</strong></span> <span class='ocrx_word' id='word_1_340' title='bbox 1181 4446 1283 4516; x_wconf 87' lang='lat' dir='ltr'><strong>ipsi</strong></span> <span class='ocrx_word' id='word_1_341' title='bbox 1318 4462 1506 4500; x_wconf 85' lang='lat' dir='ltr'><strong>revera</strong></span> <span class='ocrx_word' id='word_1_342' title='bbox 1543 4463 1706 4515; x_wconf 90' lang='lat' dir='ltr'><strong>quam</strong></span> <span class='ocrx_word' id='word_1_343' title='bbox 1742 4451 1974 4506; x_wconf 78' lang='lat' dir='ltr'><strong>maxime</strong></span> <span class='ocrx_word' id='word_1_344' title='bbox 2017 4463 2264 4523; x_wconf 84' lang='lat' dir='ltr'><strong>egentes.</strong></span> 
     </span>
    </p>
   </div>
   <div class='ocr_carea' id='block_1_49' title="bbox 1281 4559 1683 4614">
    <p class='ocr_par' dir='ltr' id='par_1_49' title="bbox 1281 4559 1683 4614">
     <span class='ocr_line' id='line_1_49' title="bbox 1281 4559 1683 4614; baseline 0.005 -2"><span class='ocrx_word' id='word_1_345' title='bbox 1281 4559 1365 4614; x_wconf 88' lang='lat' dir='ltr'><strong>LI.</strong></span> <span class='ocrx_word' id='word_1_346' title='bbox 1391 4589 1456 4598; x_wconf 93' lang='lat'><strong>—</strong></span> <span class='ocrx_word' id='word_1_347' title='bbox 1478 4561 1683 4614; x_wconf 80' lang='lat' dir='ltr'><strong>Eidem.</strong></span> 
     </span>
    </p>
   </div>
   <div class='ocr_carea' id='block_1_50' title="bbox 2371 608 3944 680">
    <p class='ocr_par' dir='ltr' id='par_1_50' title="bbox 2371 608 3944 680">
     <span class='ocr_line' id='line_1_50' title="bbox 2371 608 3944 680; baseline -0.001 -19"><span class='ocrx_word' id='word_1_348' title='bbox 2371 609 2766 680; x_wconf 74' lang='grc' dir='ltr'>μερισθήσεται</span> <span class='ocrx_word' id='word_1_349' title='bbox 2797 628 2811 676; x_wconf 90' lang='lat'><strong>;</strong></span> <span class='ocrx_word' id='word_1_350' title='bbox 2848 611 3080 679; x_wconf 82' lang='grc' dir='ltr'>θάτερον</span> <span class='ocrx_word' id='word_1_351' title='bbox 3106 611 3214 662; x_wconf 84' lang='grc' dir='ltr'>τῶν</span> <span class='ocrx_word' id='word_1_352' title='bbox 3245 609 3450 680; x_wconf 82' lang='grc' dir='ltr'><strong>μερῶν,</strong></span> <span class='ocrx_word' id='word_1_353' title='bbox 3485 608 3559 670; x_wconf 86' lang='grc' dir='ltr'><strong>ὡς</strong></span> <span class='ocrx_word' id='word_1_354' title='bbox 3588 609 3944 678; x_wconf 79' lang='grc' dir='ltr'>άκηλίδωτον,</span> 
     </span>
    </p>
   </div>
   <div class='ocr_carea' id='block_1_51' title="bbox 2367 699 3947 768">
    <p class='ocr_par' dir='ltr' id='par_1_51' title="bbox 2367 699 3947 768">
     <span class='ocr_line' id='line_1_51' title="bbox 2367 699 3947 768; baseline -0.001 -17"><span class='ocrx_word' id='word_1_355' title='bbox 2367 701 2460 751; x_wconf 75' lang='grc' dir='ltr'>καὶ</span> <span class='ocrx_word' id='word_1_356' title='bbox 2511 700 2772 765; x_wconf 79' lang='grc' dir='ltr'><strong>νικῆσαν,</strong></span> <span class='ocrx_word' id='word_1_357' title='bbox 2805 699 3198 768; x_wconf 74' lang='grc' dir='ltr'>εὐλογοῦμενον</span> <span class='ocrx_word' id='word_1_358' title='bbox 3229 715 3244 729; x_wconf 76' lang='grc' dir='ltr'><strong>ο</strong></span> <span class='ocrx_word' id='word_1_359' title='bbox 3282 699 3514 767; x_wconf 79' lang='grc' dir='ltr'>θάτερον</span> <span class='ocrx_word' id='word_1_360' title='bbox 3563 699 3619 752; x_wconf 84' lang='grc' dir='ltr'>δὲ</span> <span class='ocrx_word' id='word_1_361' title='bbox 3678 699 3754 767; x_wconf 84' lang='grc' dir='ltr'>μή</span> <span class='ocrx_word' id='word_1_362' title='bbox 3787 715 3802 763; x_wconf 90' lang='lat'><strong>;</strong></span> <span class='ocrx_word' id='word_1_363' title='bbox 3837 700 3947 751; x_wconf 81' lang='grc' dir='ltr'><strong>τῶν</strong></span> 
     </span>
    </p>
   </div>
   <div class='ocr_carea' id='block_1_52' title="bbox 2367 787 3949 858">
    <p class='ocr_par' dir='ltr' id='par_1_52' title="bbox 2367 787 3949 858">
     <span class='ocr_line' id='line_1_52' title="bbox 2367 787 3949 858; baseline 0.001 -19"><span class='ocrx_word' id='word_1_364' title='bbox 2367 788 2592 856; x_wconf 82' lang='grc' dir='ltr'>γελοίων</span> <span class='ocrx_word' id='word_1_365' title='bbox 2628 791 2720 843; x_wconf 79' lang='grc' dir='ltr'>καὶ</span> <span class='ocrx_word' id='word_1_366' title='bbox 2763 789 3086 858; x_wconf 76' lang='grc' dir='ltr'>ἀμηχάνων.</span> <span class='ocrx_word' id='word_1_367' title='bbox 3126 787 3249 849; x_wconf 85' lang='grc' dir='ltr'>Πῶς</span> <span class='ocrx_word' id='word_1_368' title='bbox 3275 787 3335 841; x_wconf 75' lang='grc' dir='ltr'><strong>τὸ</strong></span> <span class='ocrx_word' id='word_1_369' title='bbox 3370 787 3470 855; x_wconf 85' lang='grc' dir='ltr'><strong>μέν</strong></span> <span class='ocrx_word' id='word_1_370' title='bbox 3499 787 3557 841; x_wconf 78' lang='grc' dir='ltr'>ἓν</span> <span class='ocrx_word' id='word_1_371' title='bbox 3605 787 3824 857; x_wconf 77' lang='grc' dir='ltr'><strong>μεθέξει</strong></span> <span class='ocrx_word' id='word_1_372' title='bbox 3851 791 3949 858; x_wconf 78' lang='grc' dir='ltr'>τῆς</span> 
     </span>
    </p>
   </div>
   <div class='ocr_carea' id='block_1_53' title="bbox 2367 878 3945 951">
    <p class='ocr_par' dir='ltr' id='par_1_53' title="bbox 2367 878 3945 951">
     <span class='ocr_line' id='line_1_53' title="bbox 2367 878 3945 951; baseline -0.002 -17"><span class='ocrx_word' id='word_1_373' title='bbox 2367 882 2680 944; x_wconf 79' lang='grc' dir='ltr'>κοινωνίας,</span> <span class='ocrx_word' id='word_1_374' title='bbox 2722 882 2783 934; x_wconf 76' lang='grc' dir='ltr'>τὸ</span> <span class='ocrx_word' id='word_1_375' title='bbox 2804 881 2859 934; x_wconf 81' lang='grc' dir='ltr'>δὲ</span> <span class='ocrx_word' id='word_1_376' title='bbox 2894 883 3082 951; x_wconf 78' lang='grc' dir='ltr'>ἕτερον</span> <span class='ocrx_word' id='word_1_377' title='bbox 3115 878 3177 933; x_wconf 71' lang='grc' dir='ltr'>οὖ</span> <span class='ocrx_word' id='word_1_378' title='bbox 3205 897 3219 910; x_wconf 76' lang='grc' dir='ltr'><strong>ο</strong></span> <span class='ocrx_word' id='word_1_379' title='bbox 3250 881 3483 950; x_wconf 77' lang='grc' dir='ltr'>ἐπείπερ</span> <span class='ocrx_word' id='word_1_380' title='bbox 3510 881 3566 932; x_wconf 92' lang='grc' dir='ltr'><strong>ἐν</strong></span> <span class='ocrx_word' id='word_1_381' title='bbox 3600 881 3899 949; x_wconf 72' lang='grc' dir='ltr'><strong>ἐπιτιμίοις</strong></span> <span class='ocrx_word' id='word_1_382' title='bbox 3929 898 3945 946; x_wconf 88' lang='grc'><strong>;</strong></span> 
     </span>
    </p>
   </div>
   <div class='ocr_carea' id='block_1_54' title="bbox 2366 967 3944 1040">
    <p class='ocr_par' dir='ltr' id='par_1_54' title="bbox 2366 967 3944 1040">
     <span class='ocr_line' id='line_1_54' title="bbox 2366 967 3944 1040; baseline 0.014 -20"><span class='ocrx_word' id='word_1_383' title='bbox 2366 967 2478 1034; x_wconf 77' lang='grc' dir='ltr'>εἴγε</span> <span class='ocrx_word' id='word_1_384' title='bbox 2505 971 2600 1020; x_wconf 71' lang='grc' dir='ltr'>καὶ</span> <span class='ocrx_word' id='word_1_385' title='bbox 2637 970 2719 1039; x_wconf 76' lang='grc' dir='ltr'>εἴη</span> <span class='ocrx_word' id='word_1_386' title='bbox 2743 969 2900 1022; x_wconf 75' lang='grc' dir='ltr'>τοῦτο</span> <span class='ocrx_word' id='word_1_387' title='bbox 2933 972 2961 1022; x_wconf 75' lang='grc' dir='ltr'>ὁ</span> <span class='ocrx_word' id='word_1_388' title='bbox 2998 971 3138 1040; x_wconf 82' lang='grc' dir='ltr'>ἀνήρ</span> <span class='ocrx_word' id='word_1_389' title='bbox 3160 985 3174 1002; x_wconf 85' lang='grc'><strong><em>⁸</em></strong></span> <span class='ocrx_word' id='word_1_390' title='bbox 3199 970 3337 1038; x_wconf 77' lang='grc' dir='ltr'>ἀνὴρ</span> <span class='ocrx_word' id='word_1_391' title='bbox 3392 968 3602 1039; x_wconf 72' lang='grc' dir='ltr'><strong>κεφαλὴ</strong></span> <span class='ocrx_word' id='word_1_392' title='bbox 3649 971 3909 1037; x_wconf 69' lang='grc' dir='ltr'>γυναικός</span> <span class='ocrx_word' id='word_1_393' title='bbox 3931 986 3944 997; x_wconf 89' lang='grc'><em>’</em></span> 
     </span>
    </p>
   </div>
   <div class='ocr_carea' id='block_1_55' title="bbox 2367 1059 3947 1130">
    <p class='ocr_par' dir='ltr' id='par_1_55' title="bbox 2367 1059 3947 1130">
     <span class='ocr_line' id='line_1_55' title="bbox 2367 1059 3947 1130; baseline 0.001 -18"><span class='ocrx_word' id='word_1_394' title='bbox 2367 1062 2459 1112; x_wconf 73' lang='grc' dir='ltr'>καὶ</span> <span class='ocrx_word' id='word_1_395' title='bbox 2491 1063 2567 1122; x_wconf 83' lang='grc' dir='ltr'><strong>είς</strong></span> <span class='ocrx_word' id='word_1_396' title='bbox 2594 1061 2650 1112; x_wconf 85' lang='grc' dir='ltr'>ἓν</span> <span class='ocrx_word' id='word_1_397' title='bbox 2674 1061 2832 1130; x_wconf 85' lang='grc' dir='ltr'>σῶμα</span> <span class='ocrx_word' id='word_1_398' title='bbox 2863 1061 3033 1130; x_wconf 80' lang='grc' dir='ltr'>ἄμφω</span> <span class='ocrx_word' id='word_1_399' title='bbox 3060 1062 3128 1114; x_wconf 76' lang='grc' dir='ltr'>τὰ</span> <span class='ocrx_word' id='word_1_400' title='bbox 3162 1060 3493 1114; x_wconf 79' lang='grc' dir='ltr'><strong>συνελθόντα</strong></span> <span class='ocrx_word' id='word_1_401' title='bbox 3519 1075 3532 1089; x_wconf 81' lang='lat'><strong><em>°</em></strong></span> <span class='ocrx_word' id='word_1_402' title='bbox 3571 1059 3947 1129; x_wconf 54' lang='grc' dir='ltr'>μεταλήψεται</span> 
     </span>
    </p>
   </div>
   <div class='ocr_carea' id='block_1_56' title="bbox 2365 1150 3947 1224">
    <p class='ocr_par' dir='ltr' id='par_1_56' title="bbox 2365 1150 3947 1224">
     <span class='ocr_line' id='line_1_56' title="bbox 2365 1150 3947 1224; baseline -0.001 -20"><span class='ocrx_word' id='word_1_403' title='bbox 2365 1152 2426 1205; x_wconf 76' lang='grc' dir='ltr'>τὸ</span> <span class='ocrx_word' id='word_1_404' title='bbox 2445 1153 2628 1204; x_wconf 77' lang='grc' dir='ltr'>λοιπὸν</span> <span class='ocrx_word' id='word_1_405' title='bbox 2659 1153 2836 1221; x_wconf 85' lang='grc' dir='ltr'>σῶμα·</span> <span class='ocrx_word' id='word_1_406' title='bbox 2868 1155 2900 1223; x_wconf 78' lang='grc' dir='ltr'>ἡ</span> <span class='ocrx_word' id='word_1_407' title='bbox 2930 1154 3137 1224; x_wconf 70' lang='grc' dir='ltr'>κεφαλὴ</span> <span class='ocrx_word' id='word_1_408' title='bbox 3168 1153 3224 1207; x_wconf 78' lang='grc' dir='ltr'>δὲ</span> <span class='ocrx_word' id='word_1_409' title='bbox 3257 1152 3351 1216; x_wconf 74' lang='grc' dir='ltr'>οὓς</span> <span class='ocrx_word' id='word_1_410' title='bbox 3375 1150 3718 1222; x_wconf 71' lang='grc' dir='ltr'>τμηθήσεται</span> <span class='ocrx_word' id='word_1_411' title='bbox 3742 1152 3804 1202; x_wconf 80' lang='grc' dir='ltr'><strong>τὺ</strong></span> <span class='ocrx_word' id='word_1_412' title='bbox 3822 1153 3947 1213; x_wconf 72' lang='grc' dir='ltr'>ζευ-</span> 
     </span>
    </p>
   </div>
   <div class='ocr_carea' id='block_1_57' title="bbox 2366 1243 3949 1314">
    <p class='ocr_par' dir='ltr' id='par_1_57' title="bbox 2366 1243 3949 1314">
     <span class='ocr_line' id='line_1_57' title="bbox 2366 1243 3949 1314; baseline -0.001 -17"><span class='ocrx_word' id='word_1_413' title='bbox 2366 1245 2491 1314; x_wconf 81' lang='grc' dir='ltr'>χθὲν</span> <span class='ocrx_word' id='word_1_414' title='bbox 2515 1247 2674 1308; x_wconf 76' lang='grc' dir='ltr'>εὐθὺς</span> <span class='ocrx_word' id='word_1_415' title='bbox 2704 1247 2793 1298; x_wconf 81' lang='grc' dir='ltr'><strong>ὑπ’</strong></span> <span class='ocrx_word' id='word_1_416' title='bbox 2823 1247 2985 1299; x_wconf 75' lang='grc' dir='ltr'>αὑτοῦ</span> <span class='ocrx_word' id='word_1_417' title='bbox 3014 1245 3106 1299; x_wconf 76' lang='grc' dir='ltr'>τοῦ</span> <span class='ocrx_word' id='word_1_418' title='bbox 3136 1246 3498 1307; x_wconf 79' lang='grc' dir='ltr'>συνάπτοντος</span> <span class='ocrx_word' id='word_1_419' title='bbox 3529 1243 3720 1314; x_wconf 74' lang='grc' dir='ltr'>ἱερέως</span> <span class='ocrx_word' id='word_1_420' title='bbox 3747 1260 3762 1274; x_wconf 89' lang='grc'><strong>·</strong></span> <span class='ocrx_word' id='word_1_421' title='bbox 3788 1244 3949 1296; x_wconf 69' lang='grc' dir='ltr'>τοῦτό</span> 
     </span>
    </p>
   </div>
   <div class='ocr_carea' id='block_1_58' title="bbox 2364 1335 3946 1404">
    <p class='ocr_par' dir='ltr' id='par_1_58' title="bbox 2364 1335 3946 1404">
     <span class='ocr_line' id='line_1_58' title="bbox 2364 1335 3946 1404; baseline -0.001 -17"><span class='ocrx_word' id='word_1_422' title='bbox 2364 1352 2427 1403; x_wconf 86' lang='grc' dir='ltr'><strong>γε</strong></span> <span class='ocrx_word' id='word_1_423' title='bbox 2464 1337 2604 1387; x_wconf 72' lang='grc' dir='ltr'>κατὰ</span> <span class='ocrx_word' id='word_1_424' title='bbox 2644 1335 3010 1404; x_wconf 82' lang='grc' dir='ltr'>συγχώρησιν.</span> <span class='ocrx_word' id='word_1_425' title='bbox 3039 1336 3280 1397; x_wconf 79' lang='grc' dir='ltr'>δοθέντος</span> <span class='ocrx_word' id='word_1_426' title='bbox 3314 1335 3473 1404; x_wconf 76' lang='grc' dir='ltr'>τυχὸν</span> <span class='ocrx_word' id='word_1_427' title='bbox 3517 1338 3689 1387; x_wconf 82' lang='grc' dir='ltr'>ποιεῖν</span> <span class='ocrx_word' id='word_1_428' title='bbox 3756 1335 3946 1386; x_wconf 73' lang='grc' dir='ltr'>αὐτόν·</span> 
     </span>
    </p>
   </div>
   <div class='ocr_carea' id='block_1_59' title="bbox 2367 1409 3950 1498">
    <p class='ocr_par' dir='ltr' id='par_1_59' title="bbox 2367 1409 3950 1498">
     <span class='ocr_line' id='line_1_59' title="bbox 2367 1409 3950 1498; baseline -0.001 -18"><span class='ocrx_word' id='word_1_429' title='bbox 2367 1427 2657 1494; x_wconf 68' lang='grc' dir='ltr'>κεφάλαιον</span> <span class='ocrx_word' id='word_1_430' title='bbox 2684 1429 2792 1498; x_wconf 73' lang='grc' dir='ltr'><strong>γάρ</strong></span> <span class='ocrx_word' id='word_1_431' title='bbox 2819 1430 2908 1481; x_wconf 73' lang='grc' dir='ltr'>καὶ</span> <span class='ocrx_word' id='word_1_432' title='bbox 2931 1429 3079 1491; x_wconf 89' lang='grc' dir='ltr'>τέλος</span> <span class='ocrx_word' id='word_1_433' title='bbox 3102 1409 3456 1497; x_wconf 71' lang='grc' dir='ltr'>τῆς⁹ζεύξεως</span> <span class='ocrx_word' id='word_1_434' title='bbox 3475 1429 3536 1480; x_wconf 79' lang='grc' dir='ltr'><strong>τὺ</strong></span> <span class='ocrx_word' id='word_1_435' title='bbox 3559 1428 3713 1494; x_wconf 75' lang='grc' dir='ltr'>ἅγιον</span> <span class='ocrx_word' id='word_1_436' title='bbox 3747 1429 3843 1479; x_wconf 72' lang='grc' dir='ltr'>καὶ</span> <span class='ocrx_word' id='word_1_437' title='bbox 3866 1429 3950 1479; x_wconf 88' lang='grc' dir='ltr'>ἐν·</span> 
     </span>
    </p>
   </div>
   <div class='ocr_carea' id='block_1_60' title="bbox 2367 1514 3946 1588">
    <p class='ocr_par' dir='ltr' id='par_1_60' title="bbox 2367 1514 3946 1588">
     <span class='ocr_line' id='line_1_60' title="bbox 2367 1514 3946 1588; baseline -0.002 -16"><span class='ocrx_word' id='word_1_438' title='bbox 2367 1523 2504 1572; x_wconf 86' lang='grc' dir='ltr'>ιαῖον</span> <span class='ocrx_word' id='word_1_439' title='bbox 2552 1520 2710 1588; x_wconf 78' lang='grc' dir='ltr'>σῶμα</span> <span class='ocrx_word' id='word_1_440' title='bbox 2757 1523 2848 1573; x_wconf 72' lang='grc' dir='ltr'>καὶ</span> <span class='ocrx_word' id='word_1_441' title='bbox 2889 1514 3027 1588; x_wconf 70' lang='grc' dir='ltr'>αἷμα</span> <span class='ocrx_word' id='word_1_442' title='bbox 3056 1519 3605 1588; x_wconf 71' lang='grc' dir='ltr'>Χριστοῦ·ἢάμφοί·ι</span> <span class='ocrx_word' id='word_1_443' title='bbox 3653 1519 3946 1588; x_wconf 75' lang='grc' dir='ltr'>μεταδοίης</span> 
     </span>
    </p>
   </div>
   <div class='ocr_carea' id='block_1_61' title="bbox 2366 1611 3947 1681">
    <p class='ocr_par' dir='ltr' id='par_1_61' title="bbox 2366 1611 3947 1681">
     <span class='ocr_line' id='line_1_61' title="bbox 2366 1611 3947 1681; baseline -0.001 -17"><span class='ocrx_word' id='word_1_444' title='bbox 2366 1612 2474 1664; x_wconf 82' lang='grc' dir='ltr'>Καί</span> <span class='ocrx_word' id='word_1_445' title='bbox 2494 1629 2554 1679; x_wconf 91' lang='grc' dir='ltr'><strong>γε</strong></span> <span class='ocrx_word' id='word_1_446' title='bbox 2575 1612 2967 1681; x_wconf 74' lang='grc' dir='ltr'>ἀπηλλάγμεθα</span> <span class='ocrx_word' id='word_1_447' title='bbox 2985 1612 3521 1681; x_wconf 73' lang='grc' dir='ltr'>ἀδολεσχίας.Ἐσται</span> <span class='ocrx_word' id='word_1_448' title='bbox 3539 1612 3646 1680; x_wconf 72' lang='grc' dir='ltr'>γὰρ</span> <span class='ocrx_word' id='word_1_449' title='bbox 3669 1611 3947 1681; x_wconf 77' lang='grc' dir='ltr'>άριδήλως</span> 
     </span>
    </p>
   </div>
   <div class='ocr_carea' id='block_1_62' title="bbox 2364 1703 3946 1774">
    <p class='ocr_par' dir='ltr' id='par_1_62' title="bbox 2364 1703 3946 1774">
     <span class='ocr_line' id='line_1_62' title="bbox 2364 1703 3946 1774; baseline -0.001 -18"><span class='ocrx_word' id='word_1_450' title='bbox 2364 1706 2392 1756; x_wconf 87' lang='grc' dir='ltr'><strong>ὁ</strong></span> <span class='ocrx_word' id='word_1_451' title='bbox 2417 1703 2654 1766; x_wconf 81' lang='grc' dir='ltr'>τοιοῦτος</span> <span class='ocrx_word' id='word_1_452' title='bbox 2677 1703 2772 1773; x_wconf 81' lang='grc' dir='ltr'>οὐχ</span> <span class='ocrx_word' id='word_1_453' title='bbox 2805 1705 3003 1774; x_wconf 75' lang='grc' dir='ltr'>ἱερεὺς,</span> <span class='ocrx_word' id='word_1_454' title='bbox 3043 1704 3178 1756; x_wconf 77' lang='grc' dir='ltr'>άλλά</span> <span class='ocrx_word' id='word_1_455' title='bbox 3230 1703 3562 1772; x_wconf 75' lang='grc' dir='ltr'>πᾶραδάτης</span> <span class='ocrx_word' id='word_1_456' title='bbox 3614 1703 3726 1754; x_wconf 83' lang='grc' dir='ltr'>τῶν</span> <span class='ocrx_word' id='word_1_457' title='bbox 3784 1703 3946 1755; x_wconf 86' lang='grc' dir='ltr'>θείων</span> 
     </span>
    </p>
   </div>
   <div class='ocr_carea' id='block_1_63' title="bbox 2365 1793 3948 1863">
    <p class='ocr_par' dir='ltr' id='par_1_63' title="bbox 2365 1793 3948 1863">
     <span class='ocr_line' id='line_1_63' title="bbox 2365 1793 3948 1863; baseline -0.003 -15"><span class='ocrx_word' id='word_1_458' title='bbox 2365 1795 2679 1858; x_wconf 78' lang='grc' dir='ltr'>διατάξεων,</span> <span class='ocrx_word' id='word_1_459' title='bbox 2719 1797 2810 1848; x_wconf 70' lang='grc' dir='ltr'>καὶ</span> <span class='ocrx_word' id='word_1_460' title='bbox 2841 1795 2928 1848; x_wconf 84' lang='grc' dir='ltr'>διὰ</span> <span class='ocrx_word' id='word_1_461' title='bbox 2963 1795 3120 1848; x_wconf 83' lang='grc' dir='ltr'>τοῦτο</span> <span class='ocrx_word' id='word_1_462' title='bbox 3151 1794 3248 1847; x_wconf 68' lang='grc' dir='ltr'><strong>καὶ</strong></span> <span class='ocrx_word' id='word_1_463' title='bbox 3270 1795 3373 1863; x_wconf 77' lang='grc' dir='ltr'>τῆς</span> <span class='ocrx_word' id='word_1_464' title='bbox 3402 1794 3707 1860; x_wconf 71' lang='grc' dir='ltr'>ἱερωσύνης</span> <span class='ocrx_word' id='word_1_465' title='bbox 3732 1793 3948 1845; x_wconf 74' lang='grc' dir='ltr'>ἐκπτωο</span> 
     </span>
    </p>
   </div>
   <div class='ocr_carea' id='block_1_64' title="bbox 2368 1884 3947 1954">
    <p class='ocr_par' dir='ltr' id='par_1_64' title="bbox 2368 1884 3947 1954">
     <span class='ocr_line' id='line_1_64' title="bbox 2368 1884 3947 1954; baseline -0.002 -17"><span class='ocrx_word' id='word_1_466' title='bbox 2368 1902 2456 1948; x_wconf 92' lang='grc' dir='ltr'><strong>τος</strong></span> <span class='ocrx_word' id='word_1_467' title='bbox 2477 1901 2490 1914; x_wconf 71' lang='grc' dir='ltr'><strong>ο</strong></span> <span class='ocrx_word' id='word_1_468' title='bbox 2520 1885 2680 1937; x_wconf 77' lang='grc' dir='ltr'>ὁπότε</span> <span class='ocrx_word' id='word_1_469' title='bbox 2703 1886 2822 1938; x_wconf 69' lang='grc' dir='ltr'>οὐδὲ</span> <span class='ocrx_word' id='word_1_470' title='bbox 2846 1885 3160 1954; x_wconf 79' lang='grc' dir='ltr'>ἐστιαθῆναι</span> <span class='ocrx_word' id='word_1_471' title='bbox 3194 1884 3273 1954; x_wconf 77' lang='grc' dir='ltr'>τῷ</span> <span class='ocrx_word' id='word_1_472' title='bbox 3310 1884 3538 1954; x_wconf 66' lang='grc' dir='ltr'>τοιοὲτῳ</span> <span class='ocrx_word' id='word_1_473' title='bbox 3564 1884 3730 1954; x_wconf 78' lang='grc' dir='ltr'>γάμῳ</span> <span class='ocrx_word' id='word_1_474' title='bbox 3766 1900 3947 1951; x_wconf 80' lang='grc' dir='ltr'>παρα-</span> 
     </span>
    </p>
   </div>
   <div class='ocr_carea' id='block_1_65' title="bbox 2369 1972 3945 2046">
    <p class='ocr_par' dir='ltr' id='par_1_65' title="bbox 2369 1972 3945 2046">
     <span class='ocr_line' id='line_1_65' title="bbox 2369 1972 3945 2046; baseline -0.003 -16"><span class='ocrx_word' id='word_1_475' title='bbox 2369 1975 2704 2046; x_wconf 82' lang='grc' dir='ltr'>κεχώρηται,</span> <span class='ocrx_word' id='word_1_476' title='bbox 2768 1977 2864 2045; x_wconf 66' lang='grc' dir='ltr'>οὐχ</span> <span class='ocrx_word' id='word_1_477' title='bbox 2915 1978 2999 2029; x_wconf 80' lang='grc' dir='ltr'>ὅτι</span> <span class='ocrx_word' id='word_1_478' title='bbox 3055 1976 3309 2030; x_wconf 79' lang='grc' dir='ltr'>τοσοῦτον</span> <span class='ocrx_word' id='word_1_479' title='bbox 3359 1977 3652 2046; x_wconf 78' lang='grc' dir='ltr'>ἀνομῆσαι.</span> <span class='ocrx_word' id='word_1_480' title='bbox 3715 1976 3782 2027; x_wconf 86' lang='grc' dir='ltr'>Τί</span> <span class='ocrx_word' id='word_1_481' title='bbox 3817 1972 3945 2038; x_wconf 65' lang='grc' dir='ltr'>οὖν,</span> 
     </span>
    </p>
   </div>
   <div class='ocr_carea' id='block_1_66' title="bbox 2369 2066 3948 2138">
    <p class='ocr_par' dir='ltr' id='par_1_66' title="bbox 2369 2066 3948 2138">
     <span class='ocr_line' id='line_1_66' title="bbox 2369 2066 3948 2138; baseline -0.002 -18"><span class='ocrx_word' id='word_1_482' title='bbox 2369 2069 2555 2137; x_wconf 82' lang='grc' dir='ltr'>φαίης,</span> <span class='ocrx_word' id='word_1_483' title='bbox 2580 2067 2844 2120; x_wconf 82' lang='grc' dir='ltr'>ἀπόλλυσι</span> <span class='ocrx_word' id='word_1_484' title='bbox 2873 2068 2932 2120; x_wconf 84' lang='grc' dir='ltr'>τὸ</span> <span class='ocrx_word' id='word_1_485' title='bbox 2964 2067 3293 2137; x_wconf 77' lang='grc' dir='ltr'>παρθενικὸν</span> <span class='ocrx_word' id='word_1_486' title='bbox 3327 2066 3494 2138; x_wconf 88' lang='grc' dir='ltr'>μέρος</span> <span class='ocrx_word' id='word_1_487' title='bbox 3525 2066 3614 2118; x_wconf 82' lang='grc' dir='ltr'><strong>τὸν</strong></span> <span class='ocrx_word' id='word_1_488' title='bbox 3661 2066 3948 2136; x_wconf 77' lang='grc' dir='ltr'>νικητικὸν</span> 
     </span>
    </p>
   </div>
   <div class='ocr_carea' id='block_1_67' title="bbox 2370 2159 3945 2231">
    <p class='ocr_par' dir='ltr' id='par_1_67' title="bbox 2370 2159 3945 2231">
     <span class='ocr_line' id='line_1_67' title="bbox 2370 2159 3945 2231; baseline 0 -19"><span class='ocrx_word' id='word_1_489' title='bbox 2370 2161 2632 2230; x_wconf 76' lang='grc' dir='ltr'>στέφανον</span> <span class='ocrx_word' id='word_1_490' title='bbox 2680 2161 2776 2212; x_wconf 74' lang='grc' dir='ltr'><strong>σὺν</strong></span> <span class='ocrx_word' id='word_1_491' title='bbox 2825 2163 2890 2230; x_wconf 79' lang='grc' dir='ltr'>τῇ</span> <span class='ocrx_word' id='word_1_492' title='bbox 2925 2160 3254 2231; x_wconf 73' lang='grc' dir='ltr'>εὐλογιστίᾳ,</span> <span class='ocrx_word' id='word_1_493' title='bbox 3283 2161 3378 2213; x_wconf 72' lang='grc' dir='ltr'>καὶ</span> <span class='ocrx_word' id='word_1_494' title='bbox 3423 2159 3522 2212; x_wconf 75' lang='grc' dir='ltr'>οὑκ</span> <span class='ocrx_word' id='word_1_495' title='bbox 3553 2161 3748 2230; x_wconf 78' lang='grc' dir='ltr'>ἐκνικᾷ</span> <span class='ocrx_word' id='word_1_496' title='bbox 3773 2159 3836 2212; x_wconf 85' lang='grc' dir='ltr'><strong>τδ</strong></span> <span class='ocrx_word' id='word_1_497' title='bbox 3870 2160 3945 2226; x_wconf 81' lang='grc' dir='ltr'>μὴ</span> 
     </span>
    </p>
   </div>
   <div class='ocr_carea' id='block_1_68' title="bbox 2368 2251 3948 2323">
    <p class='ocr_par' dir='ltr' id='par_1_68' title="bbox 2368 2251 3948 2323">
     <span class='ocr_line' id='line_1_68' title="bbox 2368 2251 3948 2323; baseline -0.002 -18"><span class='ocrx_word' id='word_1_498' title='bbox 2368 2253 2598 2323; x_wconf 80' lang='grc' dir='ltr'>ήττηθέν</span> <span class='ocrx_word' id='word_1_499' title='bbox 2633 2253 2851 2322; x_wconf 81' lang='grc' dir='ltr'>μᾶλλον,</span> <span class='ocrx_word' id='word_1_500' title='bbox 2887 2252 3213 2322; x_wconf 82' lang='grc' dir='ltr'>συλλογῆσαι</span> <span class='ocrx_word' id='word_1_501' title='bbox 3239 2252 3332 2304; x_wconf 71' lang='grc' dir='ltr'><strong>καὶ</strong></span> <span class='ocrx_word' id='word_1_502' title='bbox 3376 2251 3810 2318; x_wconf 76' lang='grc' dir='ltr'>συστεφανῶσαι,</span> <span class='ocrx_word' id='word_1_503' title='bbox 3851 2251 3948 2303; x_wconf 81' lang='grc' dir='ltr'>καὶ</span> 
     </span>
    </p>
   </div>
   <div class='ocr_carea' id='block_1_69' title="bbox 2370 2339 3949 2412">
    <p class='ocr_par' dir='ltr' id='par_1_69' title="bbox 2370 2339 3949 2412">
     <span class='ocr_line' id='line_1_69' title="bbox 2370 2339 3949 2412; baseline -0.003 -16"><span class='ocrx_word' id='word_1_504' title='bbox 2370 2343 2715 2412; x_wconf 78' lang='grc' dir='ltr'>συμμεθέξαι</span> <span class='ocrx_word' id='word_1_505' title='bbox 2738 2344 2839 2412; x_wconf 80' lang='grc' dir='ltr'>τῆς</span> <span class='ocrx_word' id='word_1_506' title='bbox 2865 2343 3174 2406; x_wconf 76' lang='grc' dir='ltr'>κοινωνίας,</span> <span class='ocrx_word' id='word_1_507' title='bbox 3209 2340 3386 2411; x_wconf 87' lang='grc' dir='ltr'>ἐαυτῷ</span> <span class='ocrx_word' id='word_1_508' title='bbox 3417 2342 3476 2394; x_wconf 80' lang='grc' dir='ltr'>τὸ</span> <span class='ocrx_word' id='word_1_509' title='bbox 3523 2339 3826 2409; x_wconf 76' lang='grc' dir='ltr'>ἡττημένον</span> <span class='ocrx_word' id='word_1_510' title='bbox 3862 2340 3949 2392; x_wconf 69' lang='grc' dir='ltr'>διὰ</span> 
     </span>
    </p>
   </div>
   <div class='ocr_carea' id='block_1_70' title="bbox 2365 2430 3944 2505">
    <p class='ocr_par' dir='ltr' id='par_1_70' title="bbox 2365 2430 3944 2505">
     <span class='ocr_line' id='line_1_70' title="bbox 2365 2430 3944 2505; baseline -0.002 -18"><span class='ocrx_word' id='word_1_511' title='bbox 2365 2436 2466 2504; x_wconf 77' lang='grc' dir='ltr'>τῆς</span> <span class='ocrx_word' id='word_1_512' title='bbox 2497 2435 2756 2505; x_wconf 80' lang='grc' dir='ltr'>διγαμίας</span> <span class='ocrx_word' id='word_1_513' title='bbox 2783 2435 2951 2505; x_wconf 80' lang='grc' dir='ltr'>μέρος</span> <span class='ocrx_word' id='word_1_514' title='bbox 2978 2451 2992 2499; x_wconf 90' lang='lat'><strong>;</strong></span> <span class='ocrx_word' id='word_1_515' title='bbox 3021 2435 3078 2486; x_wconf 82' lang='grc' dir='ltr'>Εί</span> <span class='ocrx_word' id='word_1_516' title='bbox 3101 2430 3169 2503; x_wconf 76' lang='grc' dir='ltr'>ἦν</span> <span class='ocrx_word' id='word_1_517' title='bbox 3203 2433 3383 2496; x_wconf 80' lang='grc' dir='ltr'>τοῦτο,</span> <span class='ocrx_word' id='word_1_518' title='bbox 3419 2431 3673 2500; x_wconf 80' lang='grc' dir='ltr'>ἐτυπὼθη</span> <span class='ocrx_word' id='word_1_519' title='bbox 3697 2431 3764 2485; x_wconf 81' lang='grc' dir='ltr'>ἂν</span> <span class='ocrx_word' id='word_1_520' title='bbox 3789 2433 3944 2503; x_wconf 83' lang='grc' dir='ltr'>παρὰ</span> 
     </span>
    </p>
   </div>
   <div class='ocr_carea' id='block_1_71' title="bbox 2366 2524 3946 2596">
    <p class='ocr_par' dir='ltr' id='par_1_71' title="bbox 2366 2524 3946 2596">
     <span class='ocr_line' id='line_1_71' title="bbox 2366 2524 3946 2596; baseline -0.001 -18"><span class='ocrx_word' id='word_1_521' title='bbox 2366 2526 2474 2578; x_wconf 85' lang='grc' dir='ltr'><strong>τῶν</strong></span> <span class='ocrx_word' id='word_1_522' title='bbox 2511 2525 2797 2596; x_wconf 83' lang='grc' dir='ltr'>Πατρικῶν</span> <span class='ocrx_word' id='word_1_523' title='bbox 2827 2527 3068 2580; x_wconf 75' lang='grc' dir='ltr'>κανόνων</span> <span class='ocrx_word' id='word_1_524' title='bbox 3093 2539 3106 2553; x_wconf 84' lang='grc'>⁶</span> <span class='ocrx_word' id='word_1_525' title='bbox 3139 2525 3254 2579; x_wconf 78' lang='grc' dir='ltr'>ἀλλ’</span> <span class='ocrx_word' id='word_1_526' title='bbox 3281 2526 3381 2577; x_wconf 69' lang='grc' dir='ltr'>οὐκ</span> <span class='ocrx_word' id='word_1_527' title='bbox 3431 2524 3672 2592; x_wconf 79' lang='grc' dir='ltr'>ἐγεγόνει</span> <span class='ocrx_word' id='word_1_528' title='bbox 3705 2541 3792 2586; x_wconf 87' lang='grc' dir='ltr'><strong>τις</strong></span> <span class='ocrx_word' id='word_1_529' title='bbox 3826 2524 3946 2576; x_wconf 82' lang='grc' dir='ltr'>δια·</span> 
     </span>
    </p>
   </div>
   <div class='ocr_carea' id='block_1_72' title="bbox 2369 2611 3945 2688">
    <p class='ocr_par' dir='ltr' id='par_1_72' title="bbox 2369 2611 3945 2688">
     <span class='ocr_line' id='line_1_72' title="bbox 2369 2611 3945 2688; baseline -0.003 -17"><span class='ocrx_word' id='word_1_530' title='bbox 2369 2618 2532 2688; x_wconf 83' lang='grc' dir='ltr'>φορά.</span> <span class='ocrx_word' id='word_1_531' title='bbox 2573 2620 2638 2670; x_wconf 89' lang='grc' dir='ltr'><strong>Ὃ</strong></span> <span class='ocrx_word' id='word_1_532' title='bbox 2669 2617 2725 2670; x_wconf 82' lang='grc' dir='ltr'><strong>δέ</strong></span> <span class='ocrx_word' id='word_1_533' title='bbox 2753 2617 2857 2670; x_wconf 81' lang='grc' dir='ltr'><strong>ὑπὸ</strong></span> <span class='ocrx_word' id='word_1_534' title='bbox 2885 2617 3164 2687; x_wconf 76' lang='grc' dir='ltr'>[ἰατρικῆς</span> <span class='ocrx_word' id='word_1_535' title='bbox 3216 2617 3522 2686; x_wconf 75' lang='grc' dir='ltr'>μαρτυρίας</span> <span class='ocrx_word' id='word_1_536' title='bbox 3569 2611 3699 2688; x_wconf 75' lang='grc' dir='ltr'>μὴῇ</span> <span class='ocrx_word' id='word_1_537' title='bbox 3728 2616 3945 2679; x_wconf 81' lang='grc' dir='ltr'>διακρι-</span> 
     </span>
    </p>
   </div>
   <div class='ocr_carea' id='block_1_73' title="bbox 2368 2707 3950 2776">
    <p class='ocr_par' dir='ltr' id='par_1_73' title="bbox 2368 2707 3950 2776">
     <span class='ocr_line' id='line_1_73' title="bbox 2368 2707 3950 2776; baseline -0.004 -12"><span class='ocrx_word' id='word_1_538' title='bbox 2368 2709 2460 2764; x_wconf 81' lang='grc' dir='ltr'><strong>θέν</strong></span> <span class='ocrx_word' id='word_1_539' title='bbox 2505 2710 2598 2762; x_wconf 81' lang='grc' dir='ltr'>καὶ</span> <span class='ocrx_word' id='word_1_540' title='bbox 2647 2709 3000 2762; x_wconf 68' lang='grc' dir='ltr'>ὑπωυπωθέν</span> <span class='ocrx_word' id='word_1_541' title='bbox 3021 2748 3036 2773; x_wconf 88' lang='grc'><strong>,</strong></span> <span class='ocrx_word' id='word_1_542' title='bbox 3071 2707 3430 2776; x_wconf 73' lang='grc' dir='ltr'>κενεμϐατείν</span> <span class='ocrx_word' id='word_1_543' title='bbox 3475 2710 3593 2760; x_wconf 87' lang='grc' dir='ltr'>ἐστι</span> <span class='ocrx_word' id='word_1_544' title='bbox 3619 2708 3715 2760; x_wconf 73' lang='grc' dir='ltr'>καὶ</span> <span class='ocrx_word' id='word_1_545' title='bbox 3747 2709 3950 2760; x_wconf 63' lang='grc' dir='ltr'>ἐνιοεῖν</span> 
     </span>
    </p>
   </div>
   <div class='ocr_carea' id='block_1_74' title="bbox 2369 2799 3948 2871">
    <p class='ocr_par' dir='ltr' id='par_1_74' title="bbox 2369 2799 3948 2871">
     <span class='ocr_line' id='line_1_74' title="bbox 2369 2799 3948 2871; baseline -0.003 -14"><span class='ocrx_word' id='word_1_546' title='bbox 2369 2805 2462 2857; x_wconf 77' lang='grc' dir='ltr'>καὶ</span> <span class='ocrx_word' id='word_1_547' title='bbox 2490 2801 2668 2869; x_wconf 75' lang='grc' dir='ltr'>λέγειν</span> <span class='ocrx_word' id='word_1_548' title='bbox 2696 2803 2790 2854; x_wconf 74' lang='grc' dir='ltr'><strong>καὶ</strong></span> <span class='ocrx_word' id='word_1_549' title='bbox 2819 2807 3102 2871; x_wconf 79' lang='grc' dir='ltr'>πράττειν.</span> <span class='ocrx_word' id='word_1_550' title='bbox 3157 2799 3300 2868; x_wconf 79' lang='grc' dir='ltr'><strong>ἐγὼ</strong></span> <span class='ocrx_word' id='word_1_551' title='bbox 3331 2801 3386 2853; x_wconf 67' lang='grc' dir='ltr'><strong>δέ</strong></span> <span class='ocrx_word' id='word_1_552' title='bbox 3420 2800 3596 2853; x_wconf 83' lang='grc' dir='ltr'>ἐκεῖνό</span> <span class='ocrx_word' id='word_1_553' title='bbox 3629 2817 3774 2869; x_wconf 78' lang='grc' dir='ltr'>φημι</span> <span class='ocrx_word' id='word_1_554' title='bbox 3808 2817 3822 2828; x_wconf 81' lang='lat'><strong><em>°</em></strong></span> <span class='ocrx_word' id='word_1_555' title='bbox 3865 2801 3948 2853; x_wconf 81' lang='grc' dir='ltr'>ὅτι</span> 
     </span>
    </p>
   </div>
   <div class='ocr_carea' id='block_1_75' title="bbox 2368 2889 3948 2960">
    <p class='ocr_par' dir='ltr' id='par_1_75' title="bbox 2368 2889 3948 2960">
     <span class='ocr_line' id='line_1_75' title="bbox 2368 2889 3948 2960; baseline -0.005 -12"><span class='ocrx_word' id='word_1_556' title='bbox 2368 2894 2594 2954; x_wconf 68' lang='grc' dir='ltr'>εἰκότως</span> <span class='ocrx_word' id='word_1_557' title='bbox 2642 2893 2708 2944; x_wconf 79' lang='grc' dir='ltr'>ἂν</span> <span class='ocrx_word' id='word_1_558' title='bbox 2756 2890 2816 2943; x_wconf 82' lang='grc' dir='ltr'>τὸ</span> <span class='ocrx_word' id='word_1_559' title='bbox 2861 2889 3197 2960; x_wconf 81' lang='grc' dir='ltr'>παρθενικδν</span> <span class='ocrx_word' id='word_1_560' title='bbox 3249 2891 3418 2960; x_wconf 81' lang='grc' dir='ltr'>μέρος</span> <span class='ocrx_word' id='word_1_561' title='bbox 3449 2891 3821 2958; x_wconf 67' lang='grc' dir='ltr'>ἀποτυγχάνει</span> <span class='ocrx_word' id='word_1_562' title='bbox 3851 2891 3948 2956; x_wconf 77' lang='grc' dir='ltr'>τῆς</span> 
     </span>
    </p>
   </div>
   <div class='ocr_carea' id='block_1_76' title="bbox 2371 2979 3949 3055">
    <p class='ocr_par' dir='ltr' id='par_1_76' title="bbox 2371 2979 3949 3055">
     <span class='ocr_line' id='line_1_76' title="bbox 2371 2979 3949 3055; baseline -0.023 0"><span class='ocrx_word' id='word_1_563' title='bbox 2371 2982 2752 3055; x_wconf 76' lang='grc' dir='ltr'>μονογαμικῆς</span> <span class='ocrx_word' id='word_1_564' title='bbox 2803 2981 3154 3050; x_wconf 82' lang='grc' dir='ltr'>παραδόσεως</span> <span class='ocrx_word' id='word_1_565' title='bbox 3185 2995 3198 3008; x_wconf 87' lang='grc'><strong>·</strong></span> <span class='ocrx_word' id='word_1_566' title='bbox 3228 2980 3348 3044; x_wconf 72' lang='grc' dir='ltr'>ἐξὸν</span> <span class='ocrx_word' id='word_1_567' title='bbox 3395 2982 3503 3050; x_wconf 66' lang='grc' dir='ltr'><strong>γάρ</strong></span> <span class='ocrx_word' id='word_1_568' title='bbox 3543 2979 3610 3032; x_wconf 86' lang='grc' dir='ltr'><strong>δι’</strong></span> <span class='ocrx_word' id='word_1_569' title='bbox 3641 2980 3949 3048; x_wconf 70' lang='grc' dir='ltr'>ὁμοταγοῦς</span> 
     </span>
    </p>
   </div>
   <div class='ocr_carea' id='block_1_77' title="bbox 2368 3055 3947 3144">
    <p class='ocr_par' dir='ltr' id='par_1_77' title="bbox 2368 3055 3947 3144">
     <span class='ocr_line' id='line_1_77' title="bbox 2368 3055 3947 3144; baseline -0.003 -15"><span class='ocrx_word' id='word_1_570' title='bbox 2368 3075 2669 3130; x_wconf 75' lang='grc' dir='ltr'>ἀπόνασθαι</span> <span class='ocrx_word' id='word_1_571' title='bbox 2721 3073 2926 3143; x_wconf 78' lang='grc' dir='ltr'>ταύτης</span> <span class='ocrx_word' id='word_1_572' title='bbox 2957 3090 2970 3102; x_wconf 89' lang='grc'><strong>·</strong></span> <span class='ocrx_word' id='word_1_573' title='bbox 3013 3073 3200 3144; x_wconf 85' lang='grc' dir='ltr'>ἐπειδὴ</span> <span class='ocrx_word' id='word_1_574' title='bbox 3261 3055 3504 3144; x_wconf 83' lang='grc' dir='ltr'>καθαρὸν</span> <span class='ocrx_word' id='word_1_575' title='bbox 3557 3071 3783 3142; x_wconf 83' lang='grc' dir='ltr'>καθαρῷ</span> <span class='ocrx_word' id='word_1_576' title='bbox 3822 3089 3947 3125; x_wconf 86' lang='grc' dir='ltr'>συν-</span> 
     </span>
    </p>
   </div>
   <div class='ocr_carea' id='block_1_78' title="bbox 2295 3161 3949 3259">
    <p class='ocr_par' dir='ltr' id='par_1_78' title="bbox 2295 3161 3949 3259">
     <span class='ocr_line' id='line_1_78' title="bbox 2295 3161 3949 3259; baseline -0.002 -41"><span class='ocrx_word' id='word_1_577' title='bbox 2295 3195 2341 3259; x_wconf 78' lang='lat' dir='ltr'>c</span> <span class='ocrx_word' id='word_1_578' title='bbox 2373 3166 2722 3225; x_wconf 73' lang='grc' dir='ltr'>απτέον.καὶ</span> <span class='ocrx_word' id='word_1_579' title='bbox 2779 3163 3052 3234; x_wconf 82' lang='grc' dir='ltr'>παρθένον</span> <span class='ocrx_word' id='word_1_580' title='bbox 3108 3161 3388 3234; x_wconf 78' lang='grc' dir='ltr'>παρθένῳ,</span> <span class='ocrx_word' id='word_1_581' title='bbox 3425 3164 3517 3215; x_wconf 80' lang='grc' dir='ltr'>καὶ</span> <span class='ocrx_word' id='word_1_582' title='bbox 3571 3162 3808 3214; x_wconf 72' lang='grc' dir='ltr'>νικῶντα</span> <span class='ocrx_word' id='word_1_583' title='bbox 3869 3161 3949 3228; x_wconf 86' lang='grc' dir='ltr'>τῷ</span> 
     </span>
    </p>
   </div>
   <div class='ocr_carea' id='block_1_79' title="bbox 2373 3253 3948 3325">
    <p class='ocr_par' dir='ltr' id='par_1_79' title="bbox 2373 3253 3948 3325">
     <span class='ocr_line' id='line_1_79' title="bbox 2373 3253 3948 3325; baseline -0.004 -14"><span class='ocrx_word' id='word_1_584' title='bbox 2373 3258 2594 3312; x_wconf 82' lang='grc' dir='ltr'>νικῶντι</span> <span class='ocrx_word' id='word_1_585' title='bbox 2625 3273 2640 3288; x_wconf 88' lang='grc'><strong>·</strong></span> <span class='ocrx_word' id='word_1_586' title='bbox 2677 3257 2976 3310; x_wconf 74' lang='grc' dir='ltr'>ἀποπίπτει</span> <span class='ocrx_word' id='word_1_587' title='bbox 3007 3255 3064 3308; x_wconf 81' lang='grc' dir='ltr'><strong>δέ</strong></span> <span class='ocrx_word' id='word_1_588' title='bbox 3124 3271 3208 3318; x_wconf 88' lang='grc' dir='ltr'><strong>τις</strong></span> <span class='ocrx_word' id='word_1_589' title='bbox 3262 3253 3336 3325; x_wconf 77' lang='grc' dir='ltr'>μὴ</span> <span class='ocrx_word' id='word_1_590' title='bbox 3387 3253 3642 3325; x_wconf 89' lang='grc' dir='ltr'>παρθένῳ</span> <span class='ocrx_word' id='word_1_591' title='bbox 3687 3253 3948 3324; x_wconf 73' lang='grc' dir='ltr'>ἐθελήσας</span> 
     </span>
    </p>
   </div>
   <div class='ocr_carea' id='block_1_80' title="bbox 2374 3345 3949 3426">
    <p class='ocr_par' dir='ltr' id='par_1_80' title="bbox 2374 3345 3949 3426">
     <span class='ocr_line' id='line_1_80' title="bbox 2374 3345 3949 3426; baseline -0.004 -24"><span class='ocrx_word' id='word_1_592' title='bbox 2374 3349 2714 3418; x_wconf 67' lang='grc' dir='ltr'>ωναφθῆναι</span> <span class='ocrx_word' id='word_1_593' title='bbox 2747 3366 2760 3379; x_wconf 88' lang='grc'><strong>·</strong></span> <span class='ocrx_word' id='word_1_594' title='bbox 2814 3347 3113 3401; x_wconf 77' lang='grc' dir='ltr'>κάντεῦθεν</span> <span class='ocrx_word' id='word_1_595' title='bbox 3171 3347 3429 3426; x_wconf 71' lang='grc' dir='ltr'>ἀτιμάζοι</span> <span class='ocrx_word' id='word_1_596' title='bbox 3489 3348 3550 3398; x_wconf 86' lang='grc' dir='ltr'>τὸ</span> <span class='ocrx_word' id='word_1_597' title='bbox 3614 3345 3949 3414; x_wconf 67' lang='grc' dir='ltr'>παρθενικθιν</span> 
     </span>
    </p>
   </div>
   <div class='ocr_carea' id='block_1_81' title="bbox 2373 3433 3950 3510">
    <p class='ocr_par' dir='ltr' id='par_1_81' title="bbox 2373 3433 3950 3510">
     <span class='ocr_line' id='line_1_81' title="bbox 2373 3433 3950 3510; baseline -0.003 -17"><span class='ocrx_word' id='word_1_598' title='bbox 2373 3441 2532 3504; x_wconf 81' lang='grc' dir='ltr'>κλέος</span> <span class='ocrx_word' id='word_1_599' title='bbox 2560 3457 2572 3470; x_wconf 92' lang='grc'>·</span> <span class='ocrx_word' id='word_1_600' title='bbox 2605 3440 2634 3492; x_wconf 87' lang='grc' dir='ltr'><strong>δ</strong></span> <span class='ocrx_word' id='word_1_601' title='bbox 2667 3439 2798 3510; x_wconf 75' lang='grc' dir='ltr'><strong>μηδέ</strong></span> <span class='ocrx_word' id='word_1_602' title='bbox 2827 3433 2941 3508; x_wconf 74' lang='grc' dir='ltr'>εἶχε</span> <span class='ocrx_word' id='word_1_603' title='bbox 2969 3439 3128 3508; x_wconf 86' lang='grc' dir='ltr'>τυχόν</span> <span class='ocrx_word' id='word_1_604' title='bbox 3159 3455 3172 3467; x_wconf 92' lang='grc'><strong>·</strong></span> <span class='ocrx_word' id='word_1_605' title='bbox 3216 3439 3247 3507; x_wconf 75' lang='grc' dir='ltr'>ἢ</span> <span class='ocrx_word' id='word_1_606' title='bbox 3281 3437 3377 3490; x_wconf 78' lang='grc' dir='ltr'>καὶ</span> <span class='ocrx_word' id='word_1_607' title='bbox 3407 3436 3567 3506; x_wconf 73' lang='grc' dir='ltr'>ἔχων,</span> <span class='ocrx_word' id='word_1_608' title='bbox 3600 3439 3665 3505; x_wconf 82' lang='grc' dir='ltr'>τῇ</span> <span class='ocrx_word' id='word_1_609' title='bbox 3697 3453 3950 3507; x_wconf 80' lang='grc' dir='ltr'>προσπα-</span> 
     </span>
    </p>
   </div>
   <div class='ocr_carea' id='block_1_82' title="bbox 2372 3525 3949 3602">
    <p class='ocr_par' dir='ltr' id='par_1_82' title="bbox 2372 3525 3949 3602">
     <span class='ocr_line' id='line_1_82' title="bbox 2372 3525 3949 3602; baseline -0.005 -18"><span class='ocrx_word' id='word_1_610' title='bbox 2372 3531 2569 3602; x_wconf 75' lang='grc' dir='ltr'>θητικῇ</span> <span class='ocrx_word' id='word_1_611' title='bbox 2602 3531 2784 3600; x_wconf 81' lang='grc' dir='ltr'>σχέσει</span> <span class='ocrx_word' id='word_1_612' title='bbox 2818 3529 2912 3582; x_wconf 78' lang='grc' dir='ltr'>τοῦ</span> <span class='ocrx_word' id='word_1_613' title='bbox 2954 3526 3312 3597; x_wconf 74' lang='grc' dir='ltr'>δίγαμοῦντος</span> <span class='ocrx_word' id='word_1_614' title='bbox 3357 3527 3480 3579; x_wconf 78' lang='grc' dir='ltr'>καθ’</span> <span class='ocrx_word' id='word_1_615' title='bbox 3505 3525 3714 3579; x_wconf 79' lang='grc' dir='ltr'>οίονοῦν</span> <span class='ocrx_word' id='word_1_616' title='bbox 3745 3527 3949 3595; x_wconf 78' lang='grc' dir='ltr'>τρόπον</span> 
     </span>
    </p>
   </div>
   <div class='ocr_carea' id='block_1_83' title="bbox 2372 3616 3946 3688">
    <p class='ocr_par' dir='ltr' id='par_1_83' title="bbox 2372 3616 3946 3688">
     <span class='ocr_line' id='line_1_83' title="bbox 2372 3616 3946 3688; baseline -0.005 -12"><span class='ocrx_word' id='word_1_617' title='bbox 2372 3623 2656 3676; x_wconf 77' lang='grc' dir='ltr'>κατέϐαλε.</span> <span class='ocrx_word' id='word_1_618' title='bbox 2683 3623 2809 3675; x_wconf 78' lang='grc' dir='ltr'>Κάκ</span> <span class='ocrx_word' id='word_1_619' title='bbox 2830 3621 3021 3674; x_wconf 81' lang='grc' dir='ltr'>τούτου</span> <span class='ocrx_word' id='word_1_620' title='bbox 3045 3619 3109 3672; x_wconf 82' lang='grc' dir='ltr'>οὐ</span> <span class='ocrx_word' id='word_1_621' title='bbox 3146 3616 3348 3688; x_wconf 80' lang='grc' dir='ltr'>μᾶλλον</span> <span class='ocrx_word' id='word_1_622' title='bbox 3386 3617 3593 3682; x_wconf 75' lang='grc' dir='ltr'>ἀνάξει,</span> <span class='ocrx_word' id='word_1_623' title='bbox 3645 3617 3777 3670; x_wconf 80' lang='grc' dir='ltr'>άλλά</span> <span class='ocrx_word' id='word_1_624' title='bbox 3814 3634 3946 3668; x_wconf 70' lang='grc' dir='ltr'>κατι</span> 
     </span>
    </p>
   </div>
   <div class='ocr_carea' id='block_1_84' title="bbox 2377 3705 3946 3780">
    <p class='ocr_par' dir='ltr' id='par_1_84' title="bbox 2377 3705 3946 3780">
     <span class='ocr_line' id='line_1_84' title="bbox 2377 3705 3946 3780; baseline -0.004 -15"><span class='ocrx_word' id='word_1_625' title='bbox 2377 3711 2497 3775; x_wconf 80' lang='grc' dir='ltr'>άξει</span> <span class='ocrx_word' id='word_1_626' title='bbox 2521 3712 2686 3766; x_wconf 68' lang='grc' dir='ltr'>αὑτὸν</span> <span class='ocrx_word' id='word_1_627' title='bbox 2715 3713 2796 3774; x_wconf 83' lang='grc' dir='ltr'><strong>είς</strong></span> <span class='ocrx_word' id='word_1_628' title='bbox 2821 3712 2882 3763; x_wconf 82' lang='grc' dir='ltr'>τὸ</span> <span class='ocrx_word' id='word_1_629' title='bbox 2910 3709 3186 3780; x_wconf 80' lang='grc' dir='ltr'>ἐπιτίμιον</span> <span class='ocrx_word' id='word_1_630' title='bbox 3214 3707 3309 3762; x_wconf 82' lang='grc' dir='ltr'>τοῦ</span> <span class='ocrx_word' id='word_1_631' title='bbox 3332 3705 3691 3776; x_wconf 81' lang='grc' dir='ltr'>διγαμοῦντος</span> <span class='ocrx_word' id='word_1_632' title='bbox 3726 3707 3946 3776; x_wconf 79' lang='grc' dir='ltr'>μέρους.</span> 
     </span>
    </p>
   </div>
   <div class='ocr_carea' id='block_1_85' title="bbox 2373 3789 3950 3872">
    <p class='ocr_par' dir='ltr' id='par_1_85' title="bbox 2373 3789 3950 3872">
     <span class='ocr_line' id='line_1_85' title="bbox 2373 3789 3950 3872; baseline -0.005 -16"><span class='ocrx_word' id='word_1_633' title='bbox 2373 3804 2558 3857; x_wconf 77' lang='grc' dir='ltr'>Ταῦτά</span> <span class='ocrx_word' id='word_1_634' title='bbox 2586 3821 2678 3872; x_wconf 84' lang='grc' dir='ltr'><strong>μοι</strong></span> <span class='ocrx_word' id='word_1_635' title='bbox 2706 3802 2848 3856; x_wconf 78' lang='grc' dir='ltr'>κατὰ</span> <span class='ocrx_word' id='word_1_636' title='bbox 2869 3803 2929 3854; x_wconf 74' lang='grc' dir='ltr'>τὸ</span> <span class='ocrx_word' id='word_1_637' title='bbox 2953 3801 3180 3854; x_wconf 82' lang='grc' dir='ltr'>δυνατὸν</span> <span class='ocrx_word' id='word_1_638' title='bbox 3209 3800 3436 3872; x_wconf 79' lang='grc' dir='ltr'>εὓρηται</span> <span class='ocrx_word' id='word_1_639' title='bbox 3464 3799 3556 3851; x_wconf 73' lang='grc' dir='ltr'>καὶ</span> <span class='ocrx_word' id='word_1_640' title='bbox 3585 3797 3836 3850; x_wconf 85' lang='grc' dir='ltr'>λέλεκται</span> <span class='ocrx_word' id='word_1_641' title='bbox 3865 3839 3878 3859; x_wconf 85' lang='grc'><strong>,</strong></span> <span class='ocrx_word' id='word_1_642' title='bbox 3904 3789 3950 3848; x_wconf 82' lang='grc' dir='ltr'><strong>ὢ</strong></span> 
     </span>
    </p>
   </div>
   <div class='ocr_carea' id='block_1_86' title="bbox 2373 3887 3949 3961">
    <p class='ocr_par' dir='ltr' id='par_1_86' title="bbox 2373 3887 3949 3961">
     <span class='ocr_line' id='line_1_86' title="bbox 2373 3887 3949 3961; baseline -0.005 -15"><span class='ocrx_word' id='word_1_643' title='bbox 2373 3895 2473 3946; x_wconf 79' lang='grc' dir='ltr'><strong>παῖ</strong></span> <span class='ocrx_word' id='word_1_644' title='bbox 2517 3894 2664 3948; x_wconf 85' lang='grc' dir='ltr'>καλέ.</span> <span class='ocrx_word' id='word_1_645' title='bbox 2699 3895 2758 3946; x_wconf 85' lang='grc' dir='ltr'><strong>Εἰ</strong></span> <span class='ocrx_word' id='word_1_646' title='bbox 2809 3893 2868 3946; x_wconf 90' lang='grc' dir='ltr'><strong>δέ</strong></span> <span class='ocrx_word' id='word_1_647' title='bbox 2917 3909 2998 3944; x_wconf 85' lang='grc' dir='ltr'><strong>σοι</strong></span> <span class='ocrx_word' id='word_1_648' title='bbox 3046 3893 3250 3961; x_wconf 72' lang='grc' dir='ltr'>ἑτέρως</span> <span class='ocrx_word' id='word_1_649' title='bbox 3281 3892 3423 3960; x_wconf 80' lang='grc' dir='ltr'>ἐχειν</span> <span class='ocrx_word' id='word_1_650' title='bbox 3452 3891 3601 3943; x_wconf 82' lang='grc' dir='ltr'>δοκεῖ</span> <span class='ocrx_word' id='word_1_651' title='bbox 3632 3888 3888 3957; x_wconf 67' lang='grc' dir='ltr'>τάληθὲς,</span> <span class='ocrx_word' id='word_1_652' title='bbox 3915 3887 3949 3956; x_wconf 73' lang='grc' dir='ltr'>ἦ</span> 
     </span>
    </p>
   </div>
   <div class='ocr_carea' id='block_1_87' title="bbox 2369 3983 3947 4055">
    <p class='ocr_par' dir='ltr' id='par_1_87' title="bbox 2369 3983 3947 4055">
     <span class='ocr_line' id='line_1_87' title="bbox 2369 3983 3947 4055; baseline -0.004 -16"><span class='ocrx_word' id='word_1_653' title='bbox 2369 4002 2475 4038; x_wconf 86' lang='grc' dir='ltr'>τινι</span> <span class='ocrx_word' id='word_1_654' title='bbox 2519 3985 2681 4055; x_wconf 78' lang='grc' dir='ltr'>ἄλλῳ,</span> <span class='ocrx_word' id='word_1_655' title='bbox 2717 3985 2877 4052; x_wconf 84' lang='grc' dir='ltr'>μόνον</span> <span class='ocrx_word' id='word_1_656' title='bbox 2929 3987 2991 4037; x_wconf 79' lang='grc' dir='ltr'>ἐκ</span> <span class='ocrx_word' id='word_1_657' title='bbox 3051 3984 3330 4054; x_wconf 70' lang='grc' dir='ltr'>Γραφικῆς</span> <span class='ocrx_word' id='word_1_658' title='bbox 3383 3983 3475 4036; x_wconf 79' lang='grc' dir='ltr'>καὶ</span> <span class='ocrx_word' id='word_1_659' title='bbox 3528 3983 3809 4052; x_wconf 75' lang='grc' dir='ltr'>ΙΙατρικῆς</span> <span class='ocrx_word' id='word_1_660' title='bbox 3853 3983 3947 4032; x_wconf 72' lang='grc' dir='ltr'>καὶ</span> 
     </span>
    </p>
   </div>
   <div class='ocr_carea' id='block_1_88' title="bbox 2371 4072 3950 4150">
    <p class='ocr_par' dir='ltr' id='par_1_88' title="bbox 2371 4072 3950 4150">
     <span class='ocr_line' id='line_1_88' title="bbox 2371 4072 3950 4150; baseline -0.005 -19"><span class='ocrx_word' id='word_1_661' title='bbox 2371 4082 2660 4150; x_wconf 83' lang='grc' dir='ltr'>κανονικῆς</span> <span class='ocrx_word' id='word_1_662' title='bbox 2709 4077 3137 4146; x_wconf 78' lang='grc' dir='ltr'>παραστάσεως,</span> <span class='ocrx_word' id='word_1_663' title='bbox 3176 4075 3556 4144; x_wconf 86' lang='grc' dir='ltr'>συνεπομένης</span> <span class='ocrx_word' id='word_1_664' title='bbox 3605 4072 3817 4136; x_wconf 73' lang='grc' dir='ltr'>τούτοις</span> <span class='ocrx_word' id='word_1_665' title='bbox 3856 4073 3950 4124; x_wconf 77' lang='grc' dir='ltr'>καὶ</span> 
     </span>
    </p>
   </div>
   <div class='ocr_carea' id='block_1_89' title="bbox 2369 4165 3948 4250">
    <p class='ocr_par' dir='ltr' id='par_1_89' title="bbox 2369 4165 3948 4250">
     <span class='ocr_line' id='line_1_89' title="bbox 2369 4165 3948 4250; baseline -0.009 -20"><span class='ocrx_word' id='word_1_666' title='bbox 2369 4182 2468 4250; x_wconf 80' lang='grc' dir='ltr'>τῆς</span> <span class='ocrx_word' id='word_1_667' title='bbox 2494 4175 2705 4230; x_wconf 85' lang='grc' dir='ltr'>οἴκοθεν</span> <span class='ocrx_word' id='word_1_668' title='bbox 2735 4167 3171 4239; x_wconf 76' lang='grc' dir='ltr'>διανοηματικῆς</span> <span class='ocrx_word' id='word_1_669' title='bbox 3199 4165 3496 4227; x_wconf 84' lang='grc' dir='ltr'>ἐπιδόσεως</span> <span class='ocrx_word' id='word_1_670' title='bbox 3521 4181 3535 4194; x_wconf 90' lang='grc'><strong>·</strong></span> <span class='ocrx_word' id='word_1_671' title='bbox 3566 4165 3661 4218; x_wconf 56' lang='grc' dir='ltr'><strong>καὶ⁸</strong></span> <span class='ocrx_word' id='word_1_672' title='bbox 3693 4167 3855 4234; x_wconf 74' lang='grc' dir='ltr'>ἡμεῖς</span> <span class='ocrx_word' id='word_1_673' title='bbox 3887 4181 3948 4230; x_wconf 89' lang='grc' dir='ltr'><strong>γε</strong></span> 
     </span>
    </p>
   </div>
   <div class='ocr_carea' id='block_1_90' title="bbox 2372 4255 3950 4340">
    <p class='ocr_par' dir='ltr' id='par_1_90' title="bbox 2372 4255 3950 4340">
     <span class='ocr_line' id='line_1_90' title="bbox 2372 4255 3950 4340; baseline -0.008 -20"><span class='ocrx_word' id='word_1_674' title='bbox 2372 4266 2748 4340; x_wconf 70' lang='grc' dir='ltr'>πώηγηθῆναι</span> <span class='ocrx_word' id='word_1_675' title='bbox 2780 4262 3013 4328; x_wconf 72' lang='grc' dir='ltr'>ἕτοιμοι,</span> <span class='ocrx_word' id='word_1_676' title='bbox 3036 4259 3129 4311; x_wconf 76' lang='grc' dir='ltr'>καὶ</span> <span class='ocrx_word' id='word_1_677' title='bbox 3151 4256 3532 4326; x_wconf 73' lang='grc' dir='ltr'>ἐλλαμφθῆναι</span> <span class='ocrx_word' id='word_1_678' title='bbox 3557 4255 3826 4326; x_wconf 79' lang='grc' dir='ltr'>πρόθυμοι</span> <span class='ocrx_word' id='word_1_679' title='bbox 3853 4256 3950 4324; x_wconf 76' lang='grc' dir='ltr'>τῆς</span> 
     </span>
    </p>
   </div>
   <div class='ocr_carea' id='block_1_91' title="bbox 2371 4351 3950 4436">
    <p class='ocr_par' dir='ltr' id='par_1_91' title="bbox 2371 4351 3950 4436">
     <span class='ocr_line' id='line_1_91' title="bbox 2371 4351 3950 4436; baseline -0.011 -16"><span class='ocrx_word' id='word_1_680' title='bbox 2371 4365 2499 4436; x_wconf 79' lang='grc' dir='ltr'>παρ’</span> <span class='ocrx_word' id='word_1_681' title='bbox 2531 4363 2703 4416; x_wconf 75' lang='grc' dir='ltr'>ἄλλων</span> <span class='ocrx_word' id='word_1_682' title='bbox 2725 4357 3032 4429; x_wconf 70' lang='grc' dir='ltr'>δᾳδουχίας,</span> <span class='ocrx_word' id='word_1_683' title='bbox 3063 4354 3264 4417; x_wconf 77' lang='grc' dir='ltr'>ἐνδεεῖς</span> <span class='ocrx_word' id='word_1_684' title='bbox 3292 4351 3471 4424; x_wconf 80' lang='grc' dir='ltr'>φωτὸς</span> <span class='ocrx_word' id='word_1_685' title='bbox 3504 4352 3842 4422; x_wconf 82' lang='grc' dir='ltr'>ὑπάρχοντες</span> <span class='ocrx_word' id='word_1_686' title='bbox 3871 4353 3950 4405; x_wconf 82' lang='grc' dir='ltr'>ὅτι</span> 
     </span>
    </p>
   </div>
   <div class='ocr_carea' id='block_1_92' title="bbox 2376 4457 2633 4530">
    <p class='ocr_par' dir='ltr' id='par_1_92' title="bbox 2376 4457 2633 4530">
     <span class='ocr_line' id='line_1_92' title="bbox 2376 4457 2633 4530; baseline -0.023 -19"><span class='ocrx_word' id='word_1_687' title='bbox 2376 4457 2633 4530; x_wconf 83' lang='grc' dir='ltr'>μάλιστα.</span> 
     </span>
    </p>
   </div>
   <div class='ocr_carea' id='block_1_93' title="bbox 2870 4554 3594 4629">
    <p class='ocr_par' dir='ltr' id='par_1_93' title="bbox 2870 4554 3594 4629">
     <span class='ocr_line' id='line_1_93' title="bbox 2870 4554 3594 4629; baseline -0.003 -17"><span class='ocrx_word' id='word_1_688' title='bbox 2870 4558 3160 4623; x_wconf 78' lang='grc' dir='ltr'><strong>ΝΑ’.-7“ῷ</strong></span> <span class='ocrx_word' id='word_1_689' title='bbox 3183 4557 3363 4623; x_wconf 79' lang='grc' dir='ltr'>αὐτῷ.</span> <span class='ocrx_word' id='word_1_690' title='bbox 3390 4554 3594 4629; x_wconf 58' lang='grc' dir='ltr'>[σκθπ]</span> 
     </span>
    </p>
   </div>
   <div class='ocr_carea' id='block_1_94' title="bbox 693 4671 3942 4742">
    <p class='ocr_par' dir='ltr' id='par_1_94' title="bbox 693 4671 3942 4742">
     <span class='ocr_line' id='line_1_94' title="bbox 693 4671 3942 4742; baseline -0.002 -16"><span class='ocrx_word' id='word_1_691' title='bbox 693 4675 1038 4726; x_wconf 81' lang='lat' dir='ltr'><strong>Confessorum</strong></span> <span class='ocrx_word' id='word_1_692' title='bbox 1064 4677 1269 4738; x_wconf 88' lang='lat' dir='ltr'><strong>aliquot,</strong></span> <span class='ocrx_word' id='word_1_693' title='bbox 1294 4675 1340 4724; x_wconf 89' lang='lat' dir='ltr'><strong>in</strong></span> <span class='ocrx_word' id='word_1_694' title='bbox 1370 4676 1535 4742; x_wconf 56' lang='lat' dir='ltr'><strong>primis</strong></span> <span class='ocrx_word' id='word_1_695' title='bbox 1565 4679 1811 4736; x_wconf 69' lang='lat' dir='ltr'><strong>Eutliymii</strong></span> <span class='ocrx_word' id='word_1_696' title='bbox 1844 4681 2207 4742; x_wconf 83' lang='lat' dir='ltr'><strong>abhalls,lidem</strong></span> <span class='ocrx_word' id='word_1_697' title='bbox 2247 4693 2300 4736; x_wconf 90' lang='lat' dir='ltr'><strong>et</strong></span> <span class='ocrx_word' id='word_1_698' title='bbox 2343 4683 2682 4741; x_wconf 76' lang='lat' dir='ltr'><strong>constantiam,</strong></span> <span class='ocrx_word' id='word_1_699' title='bbox 2719 4679 2964 4740; x_wconf 90' lang='lat' dir='ltr'><strong>simulque</strong></span> <span class='ocrx_word' id='word_1_700' title='bbox 3007 4676 3387 4742; x_wconf 56' lang='lat' dir='ltr'><strong>maenianorum</strong></span> <span class='ocrx_word' id='word_1_701' title='bbox 3423 4671 3658 4722; x_wconf 72' lang='lat' dir='ltr'><strong>saevitiam</strong></span> <span class='ocrx_word' id='word_1_702' title='bbox 3699 4673 3942 4736; x_wconf 78' lang='lat' dir='ltr'><strong>exponit:</strong></span> 
     </span>
    </p>
   </div>
   <div class='ocr_carea' id='block_1_95' title="bbox 1211 4736 3426 4809">
    <p class='ocr_par' dir='ltr' id='par_1_95' title="bbox 1211 4736 3426 4809">
     <span class='ocr_line' id='line_1_95' title="bbox 1211 4736 3426 4809; baseline -0.008 -9"><span class='ocrx_word' id='word_1_703' title='bbox 1211 4745 1312 4787; x_wconf 77' lang='grc' dir='ltr'><strong>ῑυηι</strong></span> <span class='ocrx_word' id='word_1_704' title='bbox 1341 4736 1602 4801; x_wconf 52' lang='grc' dir='ltr'>ρεοροείιω</span> <span class='ocrx_word' id='word_1_705' title='bbox 1624 4743 1686 4788; x_wconf 77' lang='lat' dir='ltr'><strong>de</strong></span> <span class='ocrx_word' id='word_1_706' title='bbox 1709 4742 1954 4792; x_wconf 80' lang='lat' dir='ltr'><strong>homicidii</strong></span> <span class='ocrx_word' id='word_1_707' title='bbox 1982 4736 2138 4807; x_wconf 73' lang='lat' dir='ltr'><strong>poenis</strong></span> <span class='ocrx_word' id='word_1_708' title='bbox 2164 4736 2423 4809; x_wconf 70' lang='lat' dir='ltr'><strong>quaestioni</strong></span> <span class='ocrx_word' id='word_1_709' title='bbox 2448 4736 2736 4808; x_wconf 78' lang='lat' dir='ltr'><strong>respondet.</strong></span> <span class='ocrx_word' id='word_1_710' title='bbox 2769 4736 2966 4803; x_wconf 61' lang='grc' dir='ltr'><strong>(ΒΜ-οη.</strong></span> <span class='ocrx_word' id='word_1_711' title='bbox 2993 4753 3073 4790; x_wconf 91' lang='lat' dir='ltr'><strong>an.</strong></span> <span class='ocrx_word' id='word_1_712' title='bbox 3107 4738 3218 4796; x_wconf 81' lang='lat'><strong>809,</strong></span> <span class='ocrx_word' id='word_1_713' title='bbox 3248 4751 3296 4785; x_wconf 91' lang='lat' dir='ltr'><strong>n.</strong></span> <span class='ocrx_word' id='word_1_714' title='bbox 3324 4736 3426 4798; x_wconf 69' lang='lat' dir='ltr'><strong>M.)</strong></span> 
     </span>
    </p>
   </div>
   <div class='ocr_carea' id='block_1_96' title="bbox 765 4842 2267 4922">
    <p class='ocr_par' dir='ltr' id='par_1_96' title="bbox 765 4843 2267 4916">
     <span class='ocr_line' id='line_1_96' title="bbox 765 4843 2267 4916; baseline 0.008 -18"><span class='ocrx_word' id='word_1_715' title='bbox 765 4843 891 4899; x_wconf 85' lang='lat' dir='ltr'><strong>Tria</strong></span> <span class='ocrx_word' id='word_1_716' title='bbox 929 4845 1042 4901; x_wconf 72' lang='lat' dir='ltr'><strong>haec</strong></span> <span class='ocrx_word' id='word_1_717' title='bbox 1085 4845 1136 4898; x_wconf 89' lang='lat' dir='ltr'><strong>in</strong></span> <span class='ocrx_word' id='word_1_718' title='bbox 1185 4862 1269 4900; x_wconf 91' lang='lat' dir='ltr'><strong>me</strong></span> <span class='ocrx_word' id='word_1_719' title='bbox 1299 4846 1601 4902; x_wconf 78' lang='lat' dir='ltr'><strong>eﬂ‘ecerunt</strong></span> <span class='ocrx_word' id='word_1_720' title='bbox 1629 4848 1821 4902; x_wconf 73' lang='lat' dir='ltr'><strong>littera:</strong></span> <span class='ocrx_word' id='word_1_721' title='bbox 1854 4859 1979 4916; x_wconf 70' lang='lat' dir='ltr'><strong>tuae,</strong></span> <span class='ocrx_word' id='word_1_722' title='bbox 2019 4852 2090 4906; x_wconf 85' lang='lat' dir='ltr'><strong>ﬁli</strong></span> <span class='ocrx_word' id='word_1_723' title='bbox 2124 4855 2267 4910; x_wconf 89' lang='lat' dir='ltr'><strong>desi-</strong></span> 
     </span>
    </p>
   </div>
   <div class='ocr_carea' id='block_1_97' title="bbox 2369 4842 3953 4922">
    <p class='ocr_par' dir='ltr' id='par_1_97' title="bbox 2445 4842 3953 4922">
     <span class='ocr_line' id='line_1_97' title="bbox 2445 4842 3953 4922; baseline -0.007 -16"><span class='ocrx_word' id='word_1_724' title='bbox 2445 4853 2583 4922; x_wconf 80' lang='grc' dir='ltr'>Τρία</span> <span class='ocrx_word' id='word_1_725' title='bbox 2608 4850 2782 4904; x_wconf 77' lang='grc' dir='ltr'>ταῦτα</span> <span class='ocrx_word' id='word_1_726' title='bbox 2816 4849 3061 4902; x_wconf 87' lang='grc' dir='ltr'>πέπονθα</span> <span class='ocrx_word' id='word_1_727' title='bbox 3106 4847 3164 4898; x_wconf 88' lang='grc' dir='ltr'><strong>ἐν</strong></span> <span class='ocrx_word' id='word_1_728' title='bbox 3196 4846 3308 4906; x_wconf 79' lang='grc' dir='ltr'>τοῖς</span> <span class='ocrx_word' id='word_1_729' title='bbox 3368 4842 3606 4914; x_wconf 79' lang='grc' dir='ltr'>παροῦσί</span> <span class='ocrx_word' id='word_1_730' title='bbox 3646 4859 3742 4896; x_wconf 86' lang='grc' dir='ltr'><strong>σου</strong></span> <span class='ocrx_word' id='word_1_731' title='bbox 3773 4844 3953 4915; x_wconf 84' lang='grc' dir='ltr'>γράμ-</span> 
     </span>
    </p>
   </div>
   <div class='ocr_carea' id='block_1_98' title="bbox 696 4939 2273 5010">
    <p class='ocr_par' dir='ltr' id='par_1_98' title="bbox 696 4939 2273 5010">
     <span class='ocr_line' id='line_1_98' title="bbox 696 4939 2273 5010; baseline 0.005 -17"><span class='ocrx_word' id='word_1_732' title='bbox 696 4939 882 4994; x_wconf 90' lang='lat' dir='ltr'><strong>derate</strong></span> <span class='ocrx_word' id='word_1_733' title='bbox 915 4957 927 4992; x_wconf 91' lang='lat'><strong>:</strong></span> <span class='ocrx_word' id='word_1_734' title='bbox 957 4939 1117 4993; x_wconf 89' lang='lat' dir='ltr'><strong>simul</strong></span> <span class='ocrx_word' id='word_1_735' title='bbox 1158 4939 1304 4994; x_wconf 88' lang='lat' dir='ltr'><strong>enim</strong></span> <span class='ocrx_word' id='word_1_736' title='bbox 1355 4939 1632 5010; x_wconf 89' lang='lat' dir='ltr'><strong>obstupui,</strong></span> <span class='ocrx_word' id='word_1_737' title='bbox 1681 4941 1983 4998; x_wconf 88' lang='lat' dir='ltr'><strong>admiratus</strong></span> <span class='ocrx_word' id='word_1_738' title='bbox 2027 4959 2170 5009; x_wconf 91' lang='lat' dir='ltr'><strong>sum,</strong></span> <span class='ocrx_word' id='word_1_739' title='bbox 2218 4957 2273 5001; x_wconf 91' lang='lat' dir='ltr'><strong>et</strong></span> 
     </span>
    </p>
   </div>
   <div class='ocr_carea' id='block_1_99' title="bbox 672 5028 2272 5108">
    <p class='ocr_par' dir='ltr' id='par_1_99' title="bbox 672 5028 2272 5108">
     <span class='ocr_line' id='line_1_99' title="bbox 672 5028 2272 5108; baseline 0.004 -22"><span class='ocrx_word' id='word_1_740' title='bbox 672 5028 912 5087; x_wconf 72' lang='lat' dir='ltr'><strong>&#39;cantavi</strong></span> <span class='ocrx_word' id='word_1_741' title='bbox 945 5051 957 5086; x_wconf 90' lang='lat'>:</span> <span class='ocrx_word' id='word_1_742' title='bbox 987 5032 1222 5102; x_wconf 90' lang='lat' dir='ltr'><strong>primum</strong></span> <span class='ocrx_word' id='word_1_743' title='bbox 1254 5042 1480 5103; x_wconf 89' lang='lat' dir='ltr'><strong>propter</strong></span> <span class='ocrx_word' id='word_1_744' title='bbox 1522 5033 1740 5103; x_wconf 91' lang='lat' dir='ltr'><strong>impios,</strong></span> <span class='ocrx_word' id='word_1_745' title='bbox 1780 5035 2011 5090; x_wconf 89' lang='lat' dir='ltr'><strong>alterum</strong></span> <span class='ocrx_word' id='word_1_746' title='bbox 2049 5047 2272 5108; x_wconf 91' lang='lat' dir='ltr'><strong>propter</strong></span> 
     </span>
    </p>
   </div>
   <div class='ocr_carea' id='block_1_100' title="bbox 699 5125 2272 5200">
    <p class='ocr_par' dir='ltr' id='par_1_100' title="bbox 699 5125 2272 5200">
     <span class='ocr_line' id='line_1_100' title="bbox 699 5125 2272 5200; baseline 0.002 -21"><span class='ocrx_word' id='word_1_747' title='bbox 699 5125 836 5196; x_wconf 87' lang='lat' dir='ltr'><strong>pios,</strong></span> <span class='ocrx_word' id='word_1_748' title='bbox 878 5125 1099 5179; x_wconf 88' lang='lat' dir='ltr'><strong>tertium</strong></span> <span class='ocrx_word' id='word_1_749' title='bbox 1136 5133 1362 5195; x_wconf 89' lang='lat' dir='ltr'><strong>propter</strong></span> <span class='ocrx_word' id='word_1_750' title='bbox 1391 5125 1560 5180; x_wconf 90' lang='lat' dir='ltr'><strong>Deum</strong></span> <span class='ocrx_word' id='word_1_751' title='bbox 1589 5126 1679 5197; x_wconf 92' lang='lat' dir='ltr'><strong>qui</strong></span> <span class='ocrx_word' id='word_1_752' title='bbox 1711 5129 2026 5184; x_wconf 90' lang='lat' dir='ltr'><strong>corroborat</strong></span> <span class='ocrx_word' id='word_1_753' title='bbox 2055 5145 2150 5185; x_wconf 89' lang='lat' dir='ltr'><strong>eos</strong></span> <span class='ocrx_word' id='word_1_754' title='bbox 2179 5129 2272 5200; x_wconf 91' lang='lat' dir='ltr'><strong>qui</strong></span> 
     </span>
    </p>
   </div>
   <div class='ocr_carea' id='block_1_101' title="bbox 701 5216 2272 5291">
    <p class='ocr_par' dir='ltr' id='par_1_101' title="bbox 701 5216 2272 5291">
     <span class='ocr_line' id='line_1_101' title="bbox 701 5216 2272 5291; baseline 0.003 -21"><span class='ocrx_word' id='word_1_755' title='bbox 701 5217 757 5270; x_wconf 90' lang='lat' dir='ltr'><strong>in</strong></span> <span class='ocrx_word' id='word_1_756' title='bbox 795 5216 914 5287; x_wconf 89' lang='lat' dir='ltr'><strong>ejus</strong></span> <span class='ocrx_word' id='word_1_757' title='bbox 947 5216 1064 5288; x_wconf 88' lang='lat' dir='ltr'><strong>lege</strong></span> <span class='ocrx_word' id='word_1_758' title='bbox 1103 5217 1431 5272; x_wconf 89' lang='lat' dir='ltr'><strong>innituntur.</strong></span> <span class='ocrx_word' id='word_1_759' title='bbox 1462 5217 1527 5273; x_wconf 85' lang='lat' dir='ltr'><strong>Et</strong></span> <span class='ocrx_word' id='word_1_760' title='bbox 1551 5219 1617 5274; x_wconf 90' lang='lat' dir='ltr'><strong>de</strong></span> <span class='ocrx_word' id='word_1_761' title='bbox 1649 5235 1804 5274; x_wconf 90' lang='lat' dir='ltr'><strong>sacro</strong></span> <span class='ocrx_word' id='word_1_762' title='bbox 1835 5221 2056 5291; x_wconf 89' lang='lat' dir='ltr'><strong>quidem</strong></span> <span class='ocrx_word' id='word_1_763' title='bbox 2096 5223 2272 5277; x_wconf 85' lang='lat' dir='ltr'><strong>Atha-</strong></span> 
     </span>
    </p>
   </div>
   <div class='ocr_carea' id='block_1_102' title="bbox 698 5308 2269 5380">
    <p class='ocr_par' dir='ltr' id='par_1_102' title="bbox 698 5308 2269 5380">
     <span class='ocr_line' id='line_1_102' title="bbox 698 5308 2269 5380; baseline 0.004 -18"><span class='ocrx_word' id='word_1_764' title='bbox 698 5308 853 5363; x_wconf 90' lang='lat' dir='ltr'><strong>nasio</strong></span> <span class='ocrx_word' id='word_1_765' title='bbox 914 5324 1037 5365; x_wconf 90' lang='lat' dir='ltr'><strong>meo</strong></span> <span class='ocrx_word' id='word_1_766' title='bbox 1060 5311 1126 5377; x_wconf 82' lang='lat'><strong>&quot;,</strong></span> <span class='ocrx_word' id='word_1_767' title='bbox 1174 5310 1405 5380; x_wconf 88' lang='lat' dir='ltr'><strong>ejusque</strong></span> <span class='ocrx_word' id='word_1_768' title='bbox 1452 5312 1615 5365; x_wconf 88' lang='lat' dir='ltr'><strong>sociis</strong></span> <span class='ocrx_word' id='word_1_769' title='bbox 1656 5312 2156 5379; x_wconf 85' lang='lat' dir='ltr'><strong>desideratissimis,</strong></span> <span class='ocrx_word' id='word_1_770' title='bbox 2204 5329 2269 5369; x_wconf 91' lang='lat' dir='ltr'><strong>ac</strong></span> 
     </span>
    </p>
   </div>
   <div class='ocr_carea' id='block_1_103' title="bbox 697 5397 2273 5474">
    <p class='ocr_par' dir='ltr' id='par_1_103' title="bbox 697 5397 2273 5474">
     <span class='ocr_line' id='line_1_103' title="bbox 697 5397 2273 5474; baseline 0.003 -20"><span class='ocrx_word' id='word_1_771' title='bbox 697 5399 766 5454; x_wconf 91' lang='lat' dir='ltr'><strong>de</strong></span> <span class='ocrx_word' id='word_1_772' title='bbox 802 5397 1096 5454; x_wconf 80' lang='lat' dir='ltr'><strong>fortissimo</strong></span> <span class='ocrx_word' id='word_1_773' title='bbox 1143 5400 1271 5454; x_wconf 92' lang='lat' dir='ltr'><strong>item</strong></span> <span class='ocrx_word' id='word_1_774' title='bbox 1320 5415 1441 5456; x_wconf 88' lang='lat' dir='ltr'><strong>meo</strong></span> <span class='ocrx_word' id='word_1_775' title='bbox 1477 5399 1798 5466; x_wconf 88' lang='lat' dir='ltr'><strong>Theososto,</strong></span> <span class='ocrx_word' id='word_1_776' title='bbox 1854 5412 1909 5457; x_wconf 90' lang='lat' dir='ltr'><strong>et</strong></span> <span class='ocrx_word' id='word_1_777' title='bbox 1938 5405 2005 5458; x_wconf 93' lang='lat' dir='ltr'><strong>de</strong></span> <span class='ocrx_word' id='word_1_778' title='bbox 2036 5415 2273 5474; x_wconf 88' lang='lat' dir='ltr'><strong>septem-</strong></span> 
     </span>
    </p>
   </div>
   <div class='ocr_carea' id='block_1_104' title="bbox 699 5490 2271 5561">
    <p class='ocr_par' dir='ltr' id='par_1_104' title="bbox 699 5490 2271 5561">
     <span class='ocr_line' id='line_1_104' title="bbox 699 5490 2271 5561; baseline 0.004 -17"><span class='ocrx_word' id='word_1_779' title='bbox 699 5490 876 5547; x_wconf 90' lang='lat' dir='ltr'><strong>decim</strong></span> <span class='ocrx_word' id='word_1_780' title='bbox 925 5491 1044 5561; x_wconf 90' lang='lat' dir='ltr'><strong>ejus</strong></span> <span class='ocrx_word' id='word_1_781' title='bbox 1088 5493 1328 5547; x_wconf 89' lang='lat' dir='ltr'><strong>strenuis</strong></span> <span class='ocrx_word' id='word_1_782' title='bbox 1367 5493 1677 5558; x_wconf 89' lang='lat' dir='ltr'><strong>comitibus,</strong></span> <span class='ocrx_word' id='word_1_783' title='bbox 1727 5509 1851 5549; x_wconf 92' lang='lat' dir='ltr'><strong>cum</strong></span> <span class='ocrx_word' id='word_1_784' title='bbox 1891 5495 2020 5550; x_wconf 89' lang='lat' dir='ltr'><strong>satis</strong></span> <span class='ocrx_word' id='word_1_785' title='bbox 2067 5496 2271 5550; x_wconf 88' lang='lat' dir='ltr'><strong>dictum</strong></span> 
     </span>
    </p>
   </div>
   <div class='ocr_carea' id='block_1_105' title="bbox 699 5584 2273 5654">
    <p class='ocr_par' dir='ltr' id='par_1_105' title="bbox 699 5584 2273 5654">
     <span class='ocr_line' id='line_1_105' title="bbox 699 5584 2273 5654; baseline 0.003 -16"><span class='ocrx_word' id='word_1_786' title='bbox 699 5585 770 5639; x_wconf 91' lang='lat' dir='ltr'><strong>sit</strong></span> <span class='ocrx_word' id='word_1_787' title='bbox 812 5584 862 5636; x_wconf 93' lang='lat' dir='ltr'><strong>in</strong></span> <span class='ocrx_word' id='word_1_788' title='bbox 901 5586 1038 5639; x_wconf 91' lang='lat' dir='ltr'><strong>meis</strong></span> <span class='ocrx_word' id='word_1_789' title='bbox 1081 5586 1146 5638; x_wconf 88' lang='lat' dir='ltr'><strong>ad</strong></span> <span class='ocrx_word' id='word_1_790' title='bbox 1182 5585 1300 5638; x_wconf 91' lang='lat' dir='ltr'><strong>illos</strong></span> <span class='ocrx_word' id='word_1_791' title='bbox 1338 5585 1600 5654; x_wconf 90' lang='lat' dir='ltr'><strong>epistolis,</strong></span> <span class='ocrx_word' id='word_1_792' title='bbox 1635 5587 1997 5641; x_wconf 87' lang='lat' dir='ltr'><strong>omittendum</strong></span> <span class='ocrx_word' id='word_1_793' title='bbox 2046 5598 2129 5642; x_wconf 90' lang='lat' dir='ltr'><strong>est</strong></span> <span class='ocrx_word' id='word_1_794' title='bbox 2171 5589 2273 5642; x_wconf 89' lang='lat' dir='ltr'><strong>hoc</strong></span> 
     </span>
    </p>
   </div>
   <div class='ocr_carea' id='block_1_106' title="bbox 701 5675 2274 5748">
    <p class='ocr_par' dir='ltr' id='par_1_106' title="bbox 701 5675 2274 5748">
     <span class='ocr_line' id='line_1_106' title="bbox 701 5675 2274 5748; baseline 0.003 -20"><span class='ocrx_word' id='word_1_795' title='bbox 701 5675 821 5731; x_wconf 89' lang='lat' dir='ltr'><strong>loco</strong></span> <span class='ocrx_word' id='word_1_796' title='bbox 854 5695 867 5730; x_wconf 88' lang='lat'><strong>:</strong></span> <span class='ocrx_word' id='word_1_797' title='bbox 899 5677 1148 5746; x_wconf 83' lang='lat' dir='ltr'><strong>quamvis</strong></span> <span class='ocrx_word' id='word_1_798' title='bbox 1178 5676 1416 5748; x_wconf 91' lang='lat' dir='ltr'><strong>longiore</strong></span> <span class='ocrx_word' id='word_1_799' title='bbox 1449 5678 1595 5748; x_wconf 89' lang='lat' dir='ltr'><strong>digni</strong></span> <span class='ocrx_word' id='word_1_800' title='bbox 1639 5679 1748 5733; x_wconf 90' lang='lat' dir='ltr'><strong>sint</strong></span> <span class='ocrx_word' id='word_1_801' title='bbox 1773 5679 2021 5734; x_wconf 86' lang='lat' dir='ltr'><strong>oratione</strong></span> <span class='ocrx_word' id='word_1_802' title='bbox 2066 5694 2127 5733; x_wconf 89' lang='lat' dir='ltr'><strong>ac</strong></span> <span class='ocrx_word' id='word_1_803' title='bbox 2159 5678 2274 5732; x_wconf 86' lang='lat' dir='ltr'><strong>lau-</strong></span> 
     </span>
    </p>
   </div>
   <div class='ocr_carea' id='block_1_107' title="bbox 699 5769 2266 5839">
    <p class='ocr_par' dir='ltr' id='par_1_107' title="bbox 699 5769 2266 5839">
     <span class='ocr_line' id='line_1_107' title="bbox 699 5769 2266 5839; baseline 0.002 -15"><span class='ocrx_word' id='word_1_804' title='bbox 699 5769 896 5834; x_wconf 89' lang='lat' dir='ltr'><strong>dibus;</strong></span> <span class='ocrx_word' id='word_1_805' title='bbox 943 5769 1036 5839; x_wconf 91' lang='lat' dir='ltr'><strong>qui</strong></span> <span class='ocrx_word' id='word_1_806' title='bbox 1084 5770 1344 5825; x_wconf 88' lang='lat' dir='ltr'><strong>divinitus</strong></span> <span class='ocrx_word' id='word_1_807' title='bbox 1403 5787 1464 5825; x_wconf 86' lang='lat' dir='ltr'><strong>ac</strong></span> <span class='ocrx_word' id='word_1_808' title='bbox 1510 5772 1720 5826; x_wconf 78' lang='lat' dir='ltr'><strong>fortiter</strong></span> <span class='ocrx_word' id='word_1_809' title='bbox 1775 5773 2147 5838; x_wconf 86' lang='lat' dir='ltr'><strong>deccrtarunt,</strong></span> <span class='ocrx_word' id='word_1_810' title='bbox 2211 5784 2266 5827; x_wconf 93' lang='lat' dir='ltr'><strong>et</strong></span> 
     </span>
    </p>
   </div>
   <div class='ocr_carea' id='block_1_108' title="bbox 771 5862 1667 5931">
    <p class='ocr_par' dir='ltr' id='par_1_108' title="bbox 771 5862 1667 5931">
     <span class='ocr_line' id='line_1_108' title="bbox 771 5862 1667 5931; baseline 0.001 -14"><span class='ocrx_word' id='word_1_811' title='bbox 771 5864 815 5892; x_wconf 80' lang='grc'><strong>⁶⁹</strong></span> <span class='ocrx_word' id='word_1_812' title='bbox 845 5862 974 5917; x_wconf 73' lang='lat' dir='ltr'><strong>Vide</strong></span> <span class='ocrx_word' id='word_1_813' title='bbox 1004 5877 1184 5931; x_wconf 83' lang='lat' dir='ltr'><strong>supra,</strong></span> <span class='ocrx_word' id='word_1_814' title='bbox 1212 5864 1371 5931; x_wconf 76' lang='lat' dir='ltr'><strong>epist.</strong></span> <span class='ocrx_word' id='word_1_815' title='bbox 1411 5865 1474 5917; x_wconf 66' lang='grc'><strong>45</strong></span> <span class='ocrx_word' id='word_1_816' title='bbox 1501 5875 1550 5918; x_wconf 89' lang='lat' dir='ltr'><strong>et</strong></span> <span class='ocrx_word' id='word_1_817' title='bbox 1584 5865 1667 5918; x_wconf 65' lang='lat' dir='ltr'><strong>i8.</strong></span> 
     </span>
    </p>
   </div>
   <div class='ocr_carea' id='block_1_109' title="bbox 2383 4933 3951 5016">
    <p class='ocr_par' dir='ltr' id='par_1_109' title="bbox 2383 4933 3951 5016">
     <span class='ocr_line' id='line_1_109' title="bbox 2383 4933 3951 5016; baseline -0.008 -18"><span class='ocrx_word' id='word_1_818' title='bbox 2383 4962 2540 5015; x_wconf 88' lang='grc' dir='ltr'>μασι,</span> <span class='ocrx_word' id='word_1_819' title='bbox 2573 4942 2808 5016; x_wconf 70' lang='grc' dir='ltr'>ποθητδν</span> <span class='ocrx_word' id='word_1_820' title='bbox 2831 4939 3050 4992; x_wconf 82' lang='grc' dir='ltr'>τέκνον’</span> <span class='ocrx_word' id='word_1_821' title='bbox 3080 4935 3216 5007; x_wconf 77' lang='grc' dir='ltr'>ὁμοῦ</span> <span class='ocrx_word' id='word_1_822' title='bbox 3240 4951 3298 4987; x_wconf 88' lang='grc' dir='ltr'><strong>τε</strong></span> <span class='ocrx_word' id='word_1_823' title='bbox 3328 4933 3640 5003; x_wconf 72' lang='grc' dir='ltr'>ἐξεπλάγην</span> <span class='ocrx_word' id='word_1_824' title='bbox 3660 4973 3676 4997; x_wconf 94' lang='grc'><strong>,</strong></span> <span class='ocrx_word' id='word_1_825' title='bbox 3705 4935 3951 5005; x_wconf 70' lang='grc' dir='ltr'>ἠγάσθην</span> 
     </span>
    </p>
   </div>
   <div class='ocr_carea' id='block_1_110' title="bbox 2377 5027 3950 5104">
    <p class='ocr_par' dir='ltr' id='par_1_110' title="bbox 2377 5027 3950 5104">
     <span class='ocr_line' id='line_1_110' title="bbox 2377 5027 3950 5104; baseline -0.006 -16"><span class='ocrx_word' id='word_1_826' title='bbox 2377 5053 2436 5088; x_wconf 89' lang='grc' dir='ltr'><strong>τε</strong></span> <span class='ocrx_word' id='word_1_827' title='bbox 2460 5074 2476 5099; x_wconf 94' lang='grc'><strong>,</strong></span> <span class='ocrx_word' id='word_1_828' title='bbox 2512 5034 2608 5088; x_wconf 70' lang='grc' dir='ltr'>καὶ</span> <span class='ocrx_word' id='word_1_829' title='bbox 2634 5029 2773 5104; x_wconf 73' lang='grc' dir='ltr'>ᾗσαο</span> <span class='ocrx_word' id='word_1_830' title='bbox 2803 5031 2863 5084; x_wconf 72' lang='grc' dir='ltr'><strong>τὸ</strong></span> <span class='ocrx_word' id='word_1_831' title='bbox 2896 5031 2994 5100; x_wconf 76' lang='grc' dir='ltr'>μὲν</span> <span class='ocrx_word' id='word_1_832' title='bbox 3015 5029 3104 5082; x_wconf 68' lang='grc' dir='ltr'>διὰ</span> <span class='ocrx_word' id='word_1_833' title='bbox 3125 5028 3251 5090; x_wconf 70' lang='grc' dir='ltr'>τοὺς</span> <span class='ocrx_word' id='word_1_834' title='bbox 3276 5027 3630 5097; x_wconf 88' lang='grc' dir='ltr'>παρανόμους</span> <span class='ocrx_word' id='word_1_835' title='bbox 3651 5042 3666 5056; x_wconf 75' lang='grc' dir='ltr'><strong>ο</strong></span> <span class='ocrx_word' id='word_1_836' title='bbox 3702 5028 3761 5079; x_wconf 83' lang='grc' dir='ltr'>τὸ</span> <span class='ocrx_word' id='word_1_837' title='bbox 3789 5028 3843 5080; x_wconf 82' lang='grc' dir='ltr'><strong>δέ</strong></span> <span class='ocrx_word' id='word_1_838' title='bbox 3865 5027 3950 5079; x_wconf 74' lang='grc' dir='ltr'>διὰ</span> 
     </span>
    </p>
   </div>
   <div class='ocr_carea' id='block_1_111' title="bbox 2383 5115 3951 5194">
    <p class='ocr_par' dir='ltr' id='par_1_111' title="bbox 2383 5115 3951 5194">
     <span class='ocr_line' id='line_1_111' title="bbox 2383 5115 3951 5194; baseline -0.006 -14"><span class='ocrx_word' id='word_1_839' title='bbox 2383 5128 2509 5190; x_wconf 78' lang='grc' dir='ltr'>τοὺς</span> <span class='ocrx_word' id='word_1_840' title='bbox 2540 5127 2834 5194; x_wconf 85' lang='grc' dir='ltr'>εὑνόμους·</span> <span class='ocrx_word' id='word_1_841' title='bbox 2869 5123 2930 5175; x_wconf 80' lang='grc' dir='ltr'>τὸ</span> <span class='ocrx_word' id='word_1_842' title='bbox 2960 5122 3145 5190; x_wconf 84' lang='grc' dir='ltr'>τρίτον</span> <span class='ocrx_word' id='word_1_843' title='bbox 3177 5120 3266 5173; x_wconf 71' lang='grc' dir='ltr'><strong>διὰ</strong></span> <span class='ocrx_word' id='word_1_844' title='bbox 3296 5119 3390 5172; x_wconf 72' lang='grc' dir='ltr'>τὸν</span> <span class='ocrx_word' id='word_1_845' title='bbox 3441 5115 3784 5188; x_wconf 76' lang='grc' dir='ltr'>δυναμοῦντα</span> <span class='ocrx_word' id='word_1_846' title='bbox 3819 5119 3951 5171; x_wconf 76' lang='grc' dir='ltr'>Θεὸν</span> 
     </span>
    </p>
   </div>
   <div class='ocr_carea' id='block_1_112' title="bbox 2379 5211 3952 5288">
    <p class='ocr_par' dir='ltr' id='par_1_112' title="bbox 2379 5211 3952 5288">
     <span class='ocr_line' id='line_1_112' title="bbox 2379 5211 3952 5288; baseline -0.008 -15"><span class='ocrx_word' id='word_1_847' title='bbox 2379 5221 2503 5283; x_wconf 74' lang='grc' dir='ltr'>τοὺς</span> <span class='ocrx_word' id='word_1_848' title='bbox 2541 5221 2598 5271; x_wconf 88' lang='grc' dir='ltr'><strong>ἐν</strong></span> <span class='ocrx_word' id='word_1_849' title='bbox 2623 5217 2699 5288; x_wconf 80' lang='grc' dir='ltr'><strong>τῷ</strong></span> <span class='ocrx_word' id='word_1_850' title='bbox 2737 5217 2888 5286; x_wconf 86' lang='grc' dir='ltr'>νόμῳ</span> <span class='ocrx_word' id='word_1_851' title='bbox 2925 5213 3092 5266; x_wconf 73' lang='grc' dir='ltr'>αὑτοῦ</span> <span class='ocrx_word' id='word_1_852' title='bbox 3149 5211 3622 5282; x_wconf 82' lang='grc' dir='ltr'>ἐπερειδομένους.</span> <span class='ocrx_word' id='word_1_853' title='bbox 3674 5211 3786 5263; x_wconf 77' lang='grc' dir='ltr'><strong>Καὶ</strong></span> <span class='ocrx_word' id='word_1_854' title='bbox 3828 5213 3952 5282; x_wconf 80' lang='grc' dir='ltr'>περὶ</span> 
     </span>
    </p>
   </div>
   <div class='ocr_carea' id='block_1_113' title="bbox 2379 5302 3952 5383">
    <p class='ocr_par' dir='ltr' id='par_1_113' title="bbox 2379 5302 3952 5383">
     <span class='ocr_line' id='line_1_113' title="bbox 2379 5302 3952 5383; baseline -0.008 -18"><span class='ocrx_word' id='word_1_855' title='bbox 2379 5313 2477 5383; x_wconf 81' lang='grc' dir='ltr'>μὲν</span> <span class='ocrx_word' id='word_1_856' title='bbox 2506 5310 2600 5365; x_wconf 85' lang='grc' dir='ltr'>τοῦ</span> <span class='ocrx_word' id='word_1_857' title='bbox 2629 5309 2773 5379; x_wconf 74' lang='grc' dir='ltr'>ἱεροῦ</span> <span class='ocrx_word' id='word_1_858' title='bbox 2810 5325 2910 5378; x_wconf 85' lang='grc' dir='ltr'><strong>μου</strong></span> <span class='ocrx_word' id='word_1_859' title='bbox 2964 5306 3306 5368; x_wconf 78' lang='grc' dir='ltr'>Ἀθανασίου,</span> <span class='ocrx_word' id='word_1_860' title='bbox 3361 5305 3458 5358; x_wconf 72' lang='grc' dir='ltr'>καὶ</span> <span class='ocrx_word' id='word_1_861' title='bbox 3503 5304 3615 5356; x_wconf 83' lang='grc' dir='ltr'>τῶν</span> <span class='ocrx_word' id='word_1_862' title='bbox 3662 5303 3759 5356; x_wconf 77' lang='grc' dir='ltr'>σὺν</span> <span class='ocrx_word' id='word_1_863' title='bbox 3801 5302 3952 5373; x_wconf 76' lang='grc' dir='ltr'>αὐτῷ</span> 
     </span>
    </p>
   </div>
   <div class='ocr_carea' id='block_1_114' title="bbox 2375 5395 3950 5474">
    <p class='ocr_par' dir='ltr' id='par_1_114' title="bbox 2375 5395 3950 5474">
     <span class='ocr_line' id='line_1_114' title="bbox 2375 5395 3950 5474; baseline -0.006 -18"><span class='ocrx_word' id='word_1_864' title='bbox 2375 5403 2752 5474; x_wconf 77' lang='grc' dir='ltr'>τριποθήτων·</span> <span class='ocrx_word' id='word_1_865' title='bbox 2822 5399 2904 5452; x_wconf 76' lang='grc' dir='ltr'>ἔτι</span> <span class='ocrx_word' id='word_1_866' title='bbox 2967 5399 3073 5469; x_wconf 80' lang='grc' dir='ltr'>μὴν</span> <span class='ocrx_word' id='word_1_867' title='bbox 3113 5398 3207 5451; x_wconf 74' lang='grc' dir='ltr'>καὶ</span> <span class='ocrx_word' id='word_1_868' title='bbox 3254 5395 3348 5449; x_wconf 76' lang='grc' dir='ltr'>τοῦ</span> <span class='ocrx_word' id='word_1_869' title='bbox 3403 5395 3810 5465; x_wconf 81' lang='grc' dir='ltr'>ἀνδρικωτάτου</span> <span class='ocrx_word' id='word_1_870' title='bbox 3848 5402 3950 5466; x_wconf 81' lang='grc' dir='ltr'>μού</span> 
     </span>
    </p>
   </div>
   <div class='ocr_carea' id='block_1_115' title="bbox 2377 5488 3948 5562">
    <p class='ocr_par' dir='ltr' id='par_1_115' title="bbox 2377 5488 3948 5562">
     <span class='ocr_line' id='line_1_115' title="bbox 2377 5488 3948 5562; baseline -0.005 -14"><span class='ocrx_word' id='word_1_871' title='bbox 2377 5495 2714 5556; x_wconf 84' lang='grc' dir='ltr'>Θεοσώστου,</span> <span class='ocrx_word' id='word_1_872' title='bbox 2759 5493 2860 5562; x_wconf 82' lang='grc' dir='ltr'>τῆς</span> <span class='ocrx_word' id='word_1_873' title='bbox 2902 5509 2960 5546; x_wconf 88' lang='grc' dir='ltr'><strong>τε</strong></span> <span class='ocrx_word' id='word_1_874' title='bbox 2993 5489 3158 5544; x_wconf 75' lang='grc' dir='ltr'>αὑτοῦ</span> <span class='ocrx_word' id='word_1_875' title='bbox 3192 5488 3772 5550; x_wconf 72' lang='grc' dir='ltr'>δυοπεντεκαιδεκάδος</span> <span class='ocrx_word' id='word_1_876' title='bbox 3829 5489 3948 5540; x_wconf 80' lang='grc' dir='ltr'>θεο-</span> 
     </span>
    </p>
   </div>
   <div class='ocr_carea' id='block_1_116' title="bbox 2382 5578 3950 5650">
    <p class='ocr_par' dir='ltr' id='par_1_116' title="bbox 2382 5578 3950 5650">
     <span class='ocr_line' id='line_1_116' title="bbox 2382 5578 3950 5650; baseline -0.004 -11"><span class='ocrx_word' id='word_1_877' title='bbox 2382 5586 2604 5650; x_wconf 75' lang='grc' dir='ltr'>σθενοῦς</span> <span class='ocrx_word' id='word_1_878' title='bbox 2639 5585 2883 5647; x_wconf 80' lang='grc' dir='ltr'>συνοδίας</span> <span class='ocrx_word' id='word_1_879' title='bbox 2906 5601 2919 5615; x_wconf 77' lang='grc' dir='ltr'><strong>ο</strong></span> <span class='ocrx_word' id='word_1_880' title='bbox 2962 5584 3035 5646; x_wconf 83' lang='grc' dir='ltr'>ὡς</span> <span class='ocrx_word' id='word_1_881' title='bbox 3060 5586 3117 5635; x_wconf 75' lang='grc' dir='ltr'><strong>ἐν</strong></span> <span class='ocrx_word' id='word_1_882' title='bbox 3138 5584 3250 5644; x_wconf 84' lang='grc' dir='ltr'>τοῖς</span> <span class='ocrx_word' id='word_1_883' title='bbox 3279 5581 3415 5646; x_wconf 76' lang='grc' dir='ltr'>πρὸς</span> <span class='ocrx_word' id='word_1_884' title='bbox 3467 5578 3664 5640; x_wconf 81' lang='grc' dir='ltr'>αὐτούς</span> <span class='ocrx_word' id='word_1_885' title='bbox 3692 5597 3785 5648; x_wconf 85' lang='grc' dir='ltr'><strong>μοι</strong></span> <span class='ocrx_word' id='word_1_886' title='bbox 3812 5596 3950 5647; x_wconf 84' lang='grc' dir='ltr'>γρα-</span> 
     </span>
    </p>
   </div>
   <div class='ocr_carea' id='block_1_117' title="bbox 2382 5671 3952 5750">
    <p class='ocr_par' dir='ltr' id='par_1_117' title="bbox 2382 5671 3952 5750">
     <span class='ocr_line' id='line_1_117' title="bbox 2382 5671 3952 5750; baseline -0.008 -16"><span class='ocrx_word' id='word_1_887' title='bbox 2382 5683 2560 5750; x_wconf 86' lang='grc' dir='ltr'>φεῖσιν</span> <span class='ocrx_word' id='word_1_888' title='bbox 2590 5678 2774 5732; x_wconf 80' lang='grc' dir='ltr'>ἱκανοῦ</span> <span class='ocrx_word' id='word_1_889' title='bbox 2815 5679 2988 5742; x_wconf 75' lang='grc' dir='ltr'>ὄντος,</span> <span class='ocrx_word' id='word_1_890' title='bbox 3013 5676 3202 5729; x_wconf 87' lang='grc' dir='ltr'>ἐατέον</span> <span class='ocrx_word' id='word_1_891' title='bbox 3236 5671 3474 5726; x_wconf 79' lang='grc' dir='ltr'>ἐνταῦθα</span> <span class='ocrx_word' id='word_1_892' title='bbox 3503 5671 3684 5740; x_wconf 78' lang='grc' dir='ltr'>λέγειν</span> <span class='ocrx_word' id='word_1_893' title='bbox 3706 5686 3718 5698; x_wconf 79' lang='grc'><strong><em>⁸</em></strong></span> <span class='ocrx_word' id='word_1_894' title='bbox 3757 5673 3804 5722; x_wconf 90' lang='grc' dir='ltr'>εἰ</span> <span class='ocrx_word' id='word_1_895' title='bbox 3858 5674 3952 5723; x_wconf 76' lang='grc' dir='ltr'>καὶ</span> 
     </span>
    </p>
   </div>
   <div class='ocr_carea' id='block_1_118' title="bbox 2372 5762 3952 5838">
    <p class='ocr_par' dir='ltr' id='par_1_118' title="bbox 2372 5762 3952 5838">
     <span class='ocr_line' id='line_1_118' title="bbox 2372 5762 3952 5838; baseline -0.008 -11"><span class='ocrx_word' id='word_1_896' title='bbox 2372 5775 2454 5827; x_wconf 77' lang='grc' dir='ltr'>ὅτι</span> <span class='ocrx_word' id='word_1_897' title='bbox 2480 5771 2742 5825; x_wconf 82' lang='grc' dir='ltr'>πλειόνων</span> <span class='ocrx_word' id='word_1_898' title='bbox 2779 5771 2979 5825; x_wconf 81' lang='grc' dir='ltr'>δέοιντο</span> <span class='ocrx_word' id='word_1_899' title='bbox 3008 5768 3182 5838; x_wconf 78' lang='grc' dir='ltr'>λόγων</span> <span class='ocrx_word' id='word_1_900' title='bbox 3243 5769 3334 5821; x_wconf 75' lang='grc' dir='ltr'>καὶ</span> <span class='ocrx_word' id='word_1_901' title='bbox 3363 5763 3632 5819; x_wconf 76' lang='grc' dir='ltr'>ἐπαίνων·</span> <span class='ocrx_word' id='word_1_902' title='bbox 3667 5762 3826 5827; x_wconf 80' lang='grc' dir='ltr'>θείως</span> <span class='ocrx_word' id='word_1_903' title='bbox 3858 5765 3952 5817; x_wconf 80' lang='grc' dir='ltr'>καὶ</span> 
     </span>
    </p>
   </div>
  </div>
