4158 6512
238 441 376 507 1097

1456 443 1994 505 EPISTOLARUM
2039 444 2185 504 LIB.
2237 444 2288 503 Ι.

3368 439 3503 507 1098

234 555 543 627 ἀθλητικῶς
573 555 1020 626 διηγωνισμένοι,
1068 557 1161 610 καὶ
1196 558 1276 610 ἔτι
1337 558 1816 628 ἐναγωνιζόμενοι.

1926 572 2075 612 nunc
2119 568 2338 626 quoque
2390 553 2691 609 decertant.
2751 551 2857 607 Sed
2918 550 3079 607 venio
3125 550 3190 606 ad
3240 555 3504 608 sermonis

249 647 380 703 ἐπὶ
411 647 469 700 δὲ
499 648 591 701 τὸν
622 648 903 716 κολοφῶνα
932 646 1025 701 τοῦ
1060 647 1221 716 λόγου
1260 648 1499 720 μέτειμι.
1534 650 1630 713 Τίς
1667 648 1810 702 οῦτω

239 740 450 810 ἀκήκοε
483 738 672 810 σχεδὸν
696 740 986 810 παράνομα
1033 740 1129 793 καὶ
1155 740 1364 794 ἐκτοπα
1390 742 1716 807 Χριστιανὸς
1736 782 1751 807 ,
1782 741 1819 795 ἃ

245 829 353 882 ὑπὸ
381 828 490 882 τῶν
509 826 843 898 δυσωνύμων
867 827 1211 898 Μοιχειανῶν
1240 828 1558 899 γεγένηται,
1581 828 1816 899 λεγομέ-

235 938 348 973 νων
383 920 482 991 μιν
518 919 814 991 ίεραρχῶν,
864 919 1037 974 όντων
1092 920 1150 974 δὲ
1200 920 1432 991 ἀνιέρων
1481 918 1587 972 ὑπὸ
1634 917 1819 991 πάσης

234 1011 607 1083 ἁποστολικῆς
631 1012 726 1066 καὶ
750 1012 1033 1085 Πατρικῆς
1072 1014 1277 1083 φωνῆς,
1309 1013 1403 1066 καὶ
1439 1013 1567 1067 ἄνευ
1597 1012 1697 1084 τῆς
1734 1015 1817 1067 αἱ·

238 1104 482 1173 ρέσεωςζ
535 1102 770 1157 Τύπτων
799 1101 943 1156 οῦτω
975 1102 1061 1166 τίς
1115 1102 1345 1171 τέτυφεν
1374 1100 1683 1175 ἀνθρώπων
1703 1144 1718 1167 ,
1752 1104 1816 1157 ού

235 1194 383 1264 λέγω
417 1194 781 1266 Χριστιανικὴ
806 1194 948 1265 χεὶρ,
967 1191 1106 1248 ἀλλὰ
1132 1191 1442 1266 βαρϐαρική
1462 1207 1477 1223 ⁶
1502 1193 1583 1258 δὶς
1601 1194 1820 1249 ἑκατον-

235 1291 367 1345 τάσι
395 1289 534 1362 πρὸς
560 1287 825 1360 ἑξήκοντα
859 1286 955 1341 καὶ
1008 1285 1069 1352 ἒξ
1116 1286 1423 1358 μαστίγων,
1456 1281 1575 1341 εἶτα
1615 1290 1733 1359 μετ’
1757 1287 1819 1341 οὐ

238 1382 403 1447 πολὺ,
430 1381 511 1446 δὶς
536 1380 631 1435 δύο
657 1378 984 1434 ἐκατοντὰσι
1002 1377 1312 1450 βουνεύρων
1340 1379 1433 1434 ἐπὶ
1460 1380 1569 1433 τῶν
1594 1379 1780 1435 νώτων
1803 1398 1816 1412 ’

234 1473 313 1540 ώς
331 1473 626 1545 όγενναῖός
652 1490 715 1542 γε
731 1472 1190 1543 ἁρχιεπίσκοπος,
1215 1472 1420 1544 μᾶλλον
1448 1473 1506 1528 δὲ
1537 1473 1819 1545 ἀλλοτριο-

236 1568 545 1630 επίσκοπος
583 1563 1017 1637 Θεσσαλονίκης,
1061 1565 1159 1617 καὶ
1198 1564 1260 1618 οὐ
1297 1564 1407 1619 τῶν
1435 1564 1708 1634 ἀγελαίων
1735 1583 1819 1618 τι-

237 1658 327 1725 νὰ,
347 1658 485 1712 ἀλλὰ
510 1656 842 1729 μονάζοντα,
871 1658 967 1713 καὶ
994 1656 1185 1713 τοῦτον
1200 1658 1527 1730 ἡγούμενον,
1547 1660 1645 1713 καὶ
1676 1659 1823 1730 μάλα

236 1752 330 1806 τον
353 1750 771 1815 εὐλαϐέστατον,
804 1749 1046 1821 τοῦνομα
1090 1750 1387 1823 Εὐθύμιον,
1408 1750 1500 1805 τὸν
1542 1751 1640 1823 τῆς
1661 1752 1817 1805 εὐθυ-

241 1844 377 1915 μίας
408 1842 581 1908 ὅντως
607 1841 931 1914 φερώνυμον
959 1859 974 1909 ;
1016 1842 1243 1914 Ἐξέστη
1270 1844 1364 1897 ἐπὶ
1392 1846 1568 1915 τούτῳ
1604 1846 1634 1898 ὁ
1660 1844 1822 1916 οὐρα-

238 1935 330 1998 νός
351 1951 366 1966 ο
404 1935 502 1988 καὶ
534 1933 731 2006 ἔφριξα
749 1935 861 2005 ἐγὼ
886 1937 916 1988 ό
935 1934 1111 1999 ’τάλας
1137 1953 1151 1967 ·
1183 1932 1339 2005 οἶμαι
1369 1935 1427 1989 δὲ
1467 1936 1563 1990 καὶ
1600 1937 1712 2000 πᾶς
1736 1954 1820 2001 τις

236 1993 350 2075 τῶν
382 1993 693 2093 ἀνθρώπων
714 1993 814 2093 τὴν
843 1993 1418 2097 φυσικηνημερότητά
1444 2043 1504 2078 τε
1528 2026 1624 2081 καὶ
1664 1993 1820 2097 sitan;
1847 1993 1894 2052 B

241 2112 486 2183 μοσύνην
516 2114 676 2184 ἔχων,
708 2118 804 2170 καὶ
832 2116 1071 2175 ἀκούων.
1118 2118 1214 2181 ’ος
1238 2119 1320 2182 είς
1368 2117 1537 2172 τύπον
1576 2119 1818 2191 Χριστοῦ

235 2204 472 2273 ὀφείλων
504 2205 736 2273 κεῖσθαι,
769 2209 865 2263 καὶ
919 2208 1258 2280 τυπτόμενος
1310 2209 1387 2282 μὴ
1431 2211 1817 2283 ἀντιτύπτεινξ,

239 2299 335 2351 καὶ
365 2297 470 2351 τῶν
493 2299 701 2369 Θηρίων
729 2301 1009 2373 ὠμότερος
1060 2304 1282 2372 γέγονεν
1301 2345 1316 2369 ,
1345 2303 1409 2358 οὗ
1446 2306 1501 2359 τί
1535 2323 1637 2361 που
1677 2308 1821 2377 ἴχνος

240 2390 285 2441 Χ
296 2392 633 2460 ριστιανικὸν
665 2393 871 2464 φέρων,
900 2392 1102 2447 πολλοῦ
1126 2410 1191 2463 γε
1215 2396 1392 2449 εἰπεῖν
1412 2397 1746 2467 ίεραρχικόν.

303 2482 414 2536 Καὶ
438 2483 577 2554 ὑπὲρ
597 2483 741 2545 τίνος
758 2486 787 2537 ό
812 2483 1050 2555 δαρμός;
1066 2485 1153 2539 ἵνα
1164 2484 1255 2539 τὸν
1272 2486 1365 2540 τοῦ
1383 2488 1623 2558 Χριστοῦ
1649 2488 1820 2559 ἀθλη-

237 2573 341 2643 τὴν
366 2575 537 2646 πείσῃ
560 2573 854 2629 συνθέσθαι
886 2576 1187 2649 ἀναφέρειν
1221 2577 1385 2632 αὑτὸν
1419 2579 1496 2642 ὼς
1531 2581 1817 2651 ίεράρχην.

253 2668 393 2721 ’Δλϊ
411 2668 457 2721 ὢ
477 2669 577 2739 τῆς
602 2669 982 2739 γενναιότητος
994 2671 1089 2722 καὶ
1112 2669 1504 2741 κραταιότητος
1520 2670 1613 2724 τοῦ
1646 2673 1822 2742 μάκα-

245 2776 339 2830 ρος
364 2761 378 2813 l
408 2758 566 2814 Οὕτω
591 2760 702 2831 γὰρ
728 2760 939 2814 δίκαιον
967 2763 1171 2815 εἰπεῖν·
1208 2761 1293 2813 ὃτι
1326 2763 1420 2817 καὶ
1449 2764 1588 2834 μετὰ
1620 2767 1818 2820 τοσαύ-

238 2869 341 2916 τας
362 2851 577 2922 πληγὰς
589 2853 682 2906 καὶ
704 2853 936 2924 αἵματος
950 2854 1107 2923 ἁγίου
1131 2855 1307 2925 ῥύσιν,
1339 2857 1416 2921 ώς
1446 2858 1819 2928 φοινίσσεσθαι

239 2945 309 2997 τὰ
332 2943 588 3014 πέλματα
619 2944 729 2998 τῶν
760 2946 938 2999 ποδῶν
989 2946 1100 3001 τῶν
1136 2949 1314 3003 ἐκεῖσε
1380 2951 1686 3022 παρόντων,
1724 2955 1821 3007 καὶ

239 3033 409 3089 οἱονεὶ
442 3034 857 3105 πηλοποιείσθαι
910 3036 973 3090 τὸ
1025 3038 1335 3111 πορφύρεον
1367 3042 1603 3114 κονίαμα
1634 3044 1715 3107 είς
1743 3046 1821 3098 oi-

243 3126 483 3198 κοδομὴν
529 3127 631 3196 τῆς
675 3128 771 3182 τοῦ
817 3128 953 3183 Θεοῦ
994 3130 1326 3200 Ἐκκλησίας
1353 3149 1367 3164 ο
1431 3135 1684 3205 κείμενος
1717 3137 1818 3207 ἥδη

1916 648 2300 720 coloplionem.
2329 645 2463 713 Quis
2497 659 2736 715 unquam
2767 644 2904 700 adeo
2949 643 3136 714 iniqua
3186 651 3242 699 et
3269 643 3502 703 absurda

1917 742 2264 799 Christianus
2309 740 2542 805 audivit,
2581 755 2644 795 ac
2689 747 2841 811 gesta
2882 746 3013 794 sunt
3050 753 3080 793 a
3109 737 3337 792 nefariis
3369 735 3504 794 Mm-

1917 834 2155 900 chianis,
2198 834 2423 890 nomine
2455 832 2755 904 episcopis,
2806 846 2864 887 re
2899 842 3082 886 autem
3114 829 3396 899 sacrilegis
3437 845 3501 884 ex

1918 927 2067 983 omni
2120 927 2495 999 apostolorum
2538 935 2596 980 et
2640 924 2863 979 Patrum
2905 923 3240 988 testimonio,
3285 921 3501 977 etiamsi

1920 1020 2173 1076 haeresim
2214 1017 2493 1090 excipias?
2543 1016 2833 1072 Hominem
2879 1015 3177 1071 verberans
3219 1013 3342 1083 quis
3394 1028 3501 1066 uu-

1918 1124 2081 1181 quam
2123 1110 2203 1165 sic
2231 1109 2470 1165 cecidit:
2500 1123 2609 1163 non
2650 1106 2963 1163 Christiana
3001 1105 3370 1165 dico'manus,
3404 1102 3499 1160 sed

1920 1200 2083 1255 etiam
2110 1200 2427 1266 barbarica;
2473 1198 2558 1254 bis
2601 1206 2824 1253 centum
2854 1196 3137 1268 sexaginta
3178 1210 3275 1250 sex
3307 1194 3503 1249 verbe-

1920 1307 2066 1351 rum.
2112 1306 2178 1347 ac
2219 1305 2329 1346 non
2385 1290 2559 1345 multo
2610 1300 2756 1358 post,
2810 1287 2898 1343 bis
2953 1286 3205 1342 duce‘ntis
3253 1286 3501 1341 boiarum

1919 1384 2123 1440 ictibus
2148 1384 2205 1439 in
2226 1383 2486 1439 humeros
2518 1380 2775 1436 inﬂictis?
2804 1388 2881 1435 ut.
2904 1393 3202 1452 generosus
3233 1376 3503 1444 archiepi-

1919 1491 2141 1546 scopus,
2188 1491 2286 1532 seu
2330 1474 2512 1546 potius
2552 1472 3032 1543 allotriepiscopus
3071 1468 3500 1533 Thessalonicae,

1919 1585 2030 1625 non
2060 1569 2369 1642 gregarium
2392 1567 2729 1639 quempiam,
2763 1566 2861 1623 sed
2883 1563 3239 1629 monachum,
3267 1575 3503 1631 eumque

1920 1660 2302 1732 praepositum,
2362 1669 2417 1714 et
2460 1659 2685 1730 quidem
2739 1655 3233 1729 religiosissimum,
3296 1651 3502 1724 Euthy-

1921 1754 2116 1817 mium,
2146 1752 2325 1808 securi
2348 1752 2592 1821 rectique
2614 1749 2805 1815 animi,
2827 1763 3019 1806 revera
3046 1744 3256 1802 nomini
3277 1759 3505 1815 respon-

1919 1845 2180 1904 dentem?
2229 1843 2462 1914 Expavit
2503 1845 2702 1900 coelum
2750 1842 2859 1897 hoc
2908 1838 3270 1911 spectaculo:
3304 1844 3361 1892 et
3404 1851 3506 1908 ego

1920 1941 2092 1996 miser
2114 1934 2346 1993 audiens
2377 1936 2659 2002 inhorrui;
2692 1944 2749 1991 et
2786 1948 3029 1997 mecum,
3060 1931 3280 2002 opinor.
3312 1945 3507 1985 omnes

1920 2032 2122 2103 quibus
2160 2029 2359 2099 aliquis
2406 2043 2601 2083 sensus
2643 2035 2729 2083 est
2766 2022 3127 2081 humanitatis
3187 2030 3244 2077 et
3295 2020 3507 2076 miseri-

1921 2122 2145 2179 cordiae.
2178 2118 2353 2186 Quem
2383 2117 2449 2174 ad
2480 2117 2684 2173 Christi
2712 2113 3029 2181 exemplum
3055 2110 3310 2181 componi
3341 2125 3508 2180 Opor-

1924 2215 2093 2279 tebat,
2126 2220 2182 2269 et
2216 2226 2538 2283 percussum
2568 2224 2681 2264 non
2718 2213 3108 2278 repercutere;
3143 2203 3191 2259 is
3215 2203 3507 2258 immanior

1923 2307 2055 2362 feris
2083 2304 2325 2360 exstitit:
2347 2301 2557 2357 nullum
2589 2296 2889 2355 Christiani
2920 2294 3209 2367 vestigium
3236 2293 3503 2357 retinens,

1924 2399 2126 2455 nedum
2152 2395 2419 2469 episcopi.

1992 2494 2059 2549 Et
2086 2493 2443 2565 quamobrem
2490 2492 2607 2546 haec
2643 2488 2959 2545 dilaniatio?
2983 2486 3056 2544 Ut
3083 2485 3290 2543 Christi
3330 2486 3503 2542 athle-

1922 2595 2031 2641 tam
2071 2601 2139 2643 eo
2183 2585 2452 2656 impellat,
2486 2595 2544 2641 ut
2585 2585 2764 2655 ipsum
2815 2590 3212 2637 commemoret
3246 2588 3503 2649 tanquam

1922 2678 2267 2749 episcopum,
2300 2677 2429 2741 Sed,
2473 2692 2506 2732 ο
2540 2677 2734 2731 fortem
2762 2682 2927 2743 atque
2960 2671 3226 2726 invictum
3255 2670 3503 2725 animum

1922 2772 2100 2827 beati!
2162 2772 2243 2827 sic
2293 2771 2439 2826 enim
2491 2769 2638 2838 loqui
2688 2781 2906 2838 aequum
2936 2773 3021 2820 est
3051 2781 3064 2818 :
3094 2762 3224 2834 quia
3260 2772 3383 2833 post
3428 2773 3506 2816 tot

1924 2863 2106 2936 plagas
2138 2869 2455 2932 tantamque
2495 2858 2705 2932 profusi
2749 2857 2894 2915 sacri
2941 2854 3224 2929 sanguinis
3270 2853 3503 2925 copiam,

1922 2964 1985 3010 ut
2032 2954 2373 3027 tingerentur
2434 2952 2732 3008 astantium
2789 2948 3039 3021 vestigia,
3096 2955 3153 3003 et
3201 2947 3257 3002 in
3316 2946 3506 3000 limum

1921 3044 2324 3114 quodammodo
2347 3048 2730 3099 concresceret
2757 3054 3068 3113 purpureus
3104 3038 3196 3094 ille
3228 3037 3409 3109 pulvis
3438 3037 3507 3092 ad

1923 3135 2340 3193 aedificationem
2376 3134 2637 3189 Ecclesia
2665 3132 2795 3199 Dei;
2846 3147 2971 3187 cum
3004 3131 3083 3187 sic
3118 3130 3330 3201 iaceret
3367 3146 3508 3201 pene

246 3219 422 3290 βραχὺ
447 3219 652 3283 ἄπνους
672 3222 766 3274 καὶ
782 3221 1031 3295 ἄφωνος,
1049 3224 1142 3278 καὶ
1178 3225 1475 3297 ἐρωτηθεὶς
1507 3228 1658 3297 παρὰ
1712 3229 1820 3283 τῶν

1926 3229 2191 3283 exanimis
2219 3238 2275 3283 et
2303 3228 2557 3299 elinguis,
2590 3226 2966 3296 instarentque
2992 3233 3231 3279 tortores
3258 3231 3319 3277 ut
3351 3238 3507 3278 coru-

246 3311 527 3366 κολαστῶν
562 3313 927 3385 μνημονεύειν
954 3315 1049 3371 τὸν
1078 3317 1344 3387 τύραννόν
1372 3335 1535 3389 φημι,
1579 3319 1697 3372 ἀλλ’
1722 3320 1823 3372 οὐκ

1927 3329 2253 3377 memoraret
2309 3329 2598 3387 tyrannum
2647 3317 2904 3383 dixerint,
2960 3331 3071 3371 non
3128 3314 3507 3385 archiepisco-

243 3406 712 3487 dpxtsniaxonow
750 3408 849 3473 Οὐ,
895 3410 1061 3479 φησὶν
1083 3412 1111 3463 ό
1141 3412 1413 3483 μακάριος
1437 3428 1451 3443 ο
1483 3414 1626 3466 οὕτω
1658 3411 1821 3485 μέχρι

1926 3431 2086 3486 pum;
2120 3414 2369 3483 minime,
2395 3414 2469 3468 ait
2501 3414 2697 3467 beatus
2727 3434 2737 3467 :
2771 3426 2838 3465 eo
2859 3410 3024 3465 modo
3045 3424 3217 3480 prope
3242 3424 3411 3479 usque
3441 3410 3509 3461 atl

246 3497 481 3551 θανάτου
516 3497 704 3569 σχεδόν
733 3500 796 3552 οὐ
828 3502 1187 3573 παρατρέψας
1217 3503 1309 3556 τὸν
1340 3504 1464 3558 νοῦν
1486 3522 1499 3535 ο
1529 3507 1589 3559 οὐ
1622 3523 1824 3577 παρεκ-

1928 3518 2160 3564 mortem
2196 3521 2551 3578 perseverans
2582 3504 2850 3560 immobili
2892 3502 3079 3558 animo
3110 3501 3326 3572 fixoque
3354 3501 3407 3556 in
3444 3501 3511 3555 iis

246 3586 435 3651 κλίνας
459 3604 513 3640 τι
537 3588 645 3641 τῶν
666 3588 965 3659 ὀρθοδὸξως
990 3593 1349 3663 ἐγνωσμένων
1397 3596 1566 3666 αὐτῷ.
1612 3597 1824 3671 Μικροῦ

1927 3615 2050 3670 qua:
2087 3608 2235 3654 recte
2267 3599 2434 3653 semel
2479 3598 2818 3655 decreverat.
2856 3595 3004 3651 Pene
3041 3595 3332 3650 omiseram
3366 3597 3509 3664 quod

246 3677 311 3748 δὴ
342 3678 667 3749 παρέδραμέ
702 3696 769 3750 με
798 3681 1092 3749 ἀναγκαῖόν
1119 3700 1202 3735 τι·
1235 3684 1319 3736 ὅτι
1354 3686 1449 3740 καὶ
1475 3688 1504 3739 ό
1555 3688 1683 3751 ναὸς
1730 3691 1824 3744 τοῦ

1930 3694 1983 3746 in
2015 3691 2205 3762 primis
2233 3690 2643 3747 observandum
2684 3707 2696 3742 :
2728 3689 2992 3759 templum
3022 3686 3204 3759 ipsum
3233 3686 3331 3741 Dei
3372 3702 3512 3756 pra-

246 3770 385 3824 Θεοῦ
444 3772 780 3843 πραιτώριον
835 3774 1028 3841 γέγονε
1080 3776 1393 3832 Πιλατικόν.
1453 3780 1664 3835 Ἑκεῖσε
1718 3783 1828 3854 γὰρ

246 3863 407 3935 ἔφης,
446 3863 564 3934 ἦτοι
591 3866 672 3927 εἰς
692 3864 783 3918 τὸν
812 3863 1105 3933 λεγόμενον
1138 3866 1233 3920 τοῦ
1281 3870 1650 3941 Ἀρχαγγέλου
1685 3874 1829 3945 ἱερὸν

246 3957 411 4026 δόμον
444 3955 712 4025 τετύφθαι
763 3955 856 4009 τόν
888 3959 1173 4029 μάρτυρα·
1210 3960 1270 4015 ὃν
1304 3965 1351 4013 οἱ
1397 3963 1498 4032 μὲν
1527 3964 1827 4032 ιὰτίθασσοι

247 4049 480 4118 τιμωροὶ
504 4047 693 4102 εἴασαν
717 4048 979 4119 ἡμιθανῆο
1004 4050 1089 4113 τὶς
1105 4052 1162 4106 δὲ
1177 4052 1622 4127 Χριστομίμητος
1646 4056 1828 4109 λαϐὼν

249 4142 343 4192 ἐπὶ
371 4140 463 4192 τὸν
495 4139 626 4194 ῐὸιον
663 4134 844 4193 οἷκον
889 4141 985 4195 καὶ
1017 4145 1139 4209 ταῖς
1183 4145 1555 4218 ἀμοῤῥαγίαις
1606 4149 1700 4203 καὶ
1742 4150 1830 4217 ξε-

250 4234 615 4305 σμοσαρκξαις
657 4234 1016 4306 προσπλάσας
1046 4236 1237 4291 κώδιον
1269 4238 1434 4311 ἁρνοῦ
1457 4243 1830 4312 ἀρτισφαγοῦς

248 4329 606 4401 ὲζωοπύρησε
652 4329 747 4383 τὸν
789 4328 992 4398 ἄνδρα·
1033 4329 1230 4401 μικρὸν
1271 4330 1329 4384 δὲ
1362 4335 1456 4385 καὶ
1487 4334 1627 4386 κατὰ
1655 4332 1830 4405 βραχὺ

248 4420 614 4495 ἁναρῤώσας,
663 4422 1016 4489 ἐξαπέστειλε
1063 4421 1238 4493 λάθρα
1293 4423 1382 4478 διὰ
1412 4423 1510 4495 τὴν
1559 4424 1831 4479 καλοῦσαν

249 4514 504 4584 ἐντολήν·
533 4515 869 4583 πεφευγότος
921 4512 1015 4567 τοῦ
1078 4514 1331 4577 Θανέντος
1363 4515 1467 4585 ἤδη
1508 4517 1604 4569 καὶ
1648 4534 1829 4586 παρα-

248 4606 418 4672 δόξως
442 4605 825 4677 ὲξεγερθέντος
854 4607 934 4670 εἰς
956 4607 1156 4677 στήλην
1173 4606 1483 4678 ὀρθοδοξίας
1512 4610 1605 4661 καὶ
1636 4609 1834 4680 θρίαμ-

1932 3785 2131 3840 torium
2158 3783 2360 3839 factum
2385 3782 2557 3838 fuisse
2598 3781 2884 3837 Pilaticum
2913 3800 2926 3835 :
2956 3780 3031 3836 ibi
3063 3778 3233 3843 enim,
3267 3779 3373 3835 hoc
3404 3790 3509 3841 est.

1930 3877 1984 3930 in
2026 3892 2179 3932 sacra
2218 3891 2379 3947 quam
2412 3883 2609 3930 vocant
2638 3873 2962 3945 Archangeli
2993 3873 3133 3940 aede,
3161 3873 3511 3928 verberatum

1932 3976 2224 4038 martyrem
2274 3965 2445 4022 fuisse
2499 3965 2601 4028 ais,
2652 3979 2815 4035 quem
2872 3962 3244 4034 implacabiles
3293 3964 3511 4035 quidem

1930 4061 2217 4116 carnifices
2265 4059 2678 4115 semimortuum
2722 4057 3062 4128 reliquerunt
3089 4074 3102 4111 :
3134 4055 3335 4113 Christi
3385 4073 3514 4111 vero

1934 4155 2177 4209 imitator
2203 4153 2424 4224 quidem
2456 4153 2509 4206 in
2546 4152 2767 4208 domum
2795 4166 2948 4207 suam
2976 4165 3101 4205 eum
3138 4150 3382 4220 recepit:
3414 4151 3514 4206 ad-

1936 4260 2191 4318 motaque
2249 4248 2317 4301 ad
2367 4244 2657 4301 detinentis
2711 4242 2922 4298 cruoris
2972 4242 3273 4312 laceratque
3332 4243 3515 4298 carnis

1934 4341 2120 4413 plagas
2169 4353 2363 4393 recens
2393 4336 2623 4407 jugulati
2665 4334 2789 4406 agui
2820 4334 3097 4405 pellicula,
3136 4335 3315 4390 virum
3363 4335 3512 4391 refo-

1936 4432 2179 4495 cillavit;
2211 4430 2526 4498 viribusque
2552 4427 2810 4499 paulatim
2839 4426 3178 4483 confirmatis
3204 4428 3341 4483 clam
3378 4429 3515 4483 emi-

1936 4523 2026 4587 sit,
2058 4528 2324 4577 evocaute
2372 4520 2648 4575 mandato.
2691 4518 2767 4574 Ita
2795 4519 2971 4574 evasit
2998 4519 3091 4590 qui
3127 4520 3237 4590 jam
3266 4530 3513 4575 mortuus

1937 4625 2074 4678 erat,
2131 4623 2186 4667 et
2239 4612 2563 4667 mirabiliter
2629 4611 2825 4668 revixit
2882 4611 2950 4667 ad
3011 4612 3330 4667 orthodoxae
3390 4612 3511 4667 fidei

250 4697 345 4750 ϐον
370 4698 479 4750 τῶν
511 4696 842 4761 κακοδόξων.
873 4695 938 4749 Τί
979 4696 1187 4750 τούτων
1226 4696 1619 4767 ἁσεϐἐστὲρονς
1645 4699 1729 4761 τίς
1770 4699 1824 4752 δὲ

254 4790 407 4815 _._-1.
433 4789 664 4815 1-n-1~1:.
682 4808 725 4815 η.
751 4790 829 4815 -2-
876 4789 1153 4815 -Ξ---...λ..
1218 4790 1439 4815 _--...'._..
1501 4792 1783 4815 _1_-__.-_.
1813 4811 1823 4815 _

1939 4704 2247 4775 praesidium
2300 4702 2745 4771 triumphumque
2789 4701 2857 4757 de
2902 4701 3196 4758 haereticis.
3236 4701 3379 4769 Quid
3428 4704 3516 4757 his

252 4790 408 4861 παρὰ
432 4789 725 4859 ὀροοδόξων
749 4790 829 4853 είς
872 4789 1153 4859 αἱρετικὸν
1218 4790 1443 4845 τοιαῦτα
1500 4792 1825 4864 πέπραχεν;

265 4881 405 4935 ’Λλλ⁹
430 4882 516 4939 ἵνα
539 4884 677 4953 φανῇ
699 4881 995 4936 κάντεῦθεν
1017 4882 1194 4935 αὐτῶν
1219 4884 1379 4956 ἡλίκη
1405 4886 1437 4955 ἡ
1469 4886 1693 4940 ἀσέϐεια
1721 4886 1828 4939 τῶν

254 4974 771 5045 Μοιχειανιζόντων,
786 4977 877 5030 καί
900 4975 984 5040 τίς
1004 4975 1146 5039 τίνος
1174 4975 1445 5047 μαθητὴς,
1468 4978 1701 5048 Χριστοῦ
1736 4979 1833 5049 μὲν

251 5069 282 5120 ό
308 5067 645 5138 τυπτόμενος
668 5066 787 5121 κατ’
827 5067 990 5121 αὑτὸν
1025 5067 1122 5120 καὶ
1165 5068 1370 5138 φέρων,
1426 5069 1676 5124 διαϐόλου
1719 5072 1774 5124 δὲ
1805 5072 1833 5123 ό

250 5160 493 5215 τύπτων.
516 5160 672 5214 Οὕτω
707 5160 965 5231 ίεράρχης
996 5161 1091 5214 καὶ
1118 5160 1271 5214 ἔνθεν
1291 5162 1544 5231 ἐκφοϐεῖν
1576 5164 1836 5235 βουλόμε-

252 5270 367 5317 νος,
392 5254 487 5307 καὶ
517 5252 748 5306 ὲκδικῶν
779 5253 847 5305 τὰ
895 5252 1017 5306 κατ’
1050 5253 1232 5307 αὐτόν.
1270 5248 1346 5308 Οὗ
1376 5255 1708 5325 ῥυσοείημεν
1735 5258 1833 5324 τῆς

1940 4797 2163 4867 impium
2221 4796 2391 4867 magis
2446 4809 2568 4850 esse
2622 4794 2834 4864 possit?
2876 4794 3011 4860 Quis
3064 4794 3408 4850 orthodoxus
3461 4796 3515 4848 in

1942 4889 2260 4944 haereticum
2288 4886 2414 4942 talia
2450 4901 2685 4956 unquam
2715 4886 2997 4942 exercuit?
3023 4885 3131 4943 Sed
3160 4896 3221 4942 ut
3261 4888 3390 4943 hinc
3417 4903 3516 4957 ap-

1941 4987 2156 5050 pareret
2179 4986 2379 5049 quanta
2419 4977 2489 5031 sit
2530 4975 2962 5034 Maechianorum
2994 4977 3267 5049 impietas,
3312 4986 3367 5031 et
3394 4977 3518 5047 quis

1938 5072 2095 5140 cujus
2135 5069 2207 5124 sit
2238 5068 2580 5139 discipulus:
2612 5066 2816 5123 Christi
2862 5068 3122 5123 nimirum
3166 5068 3211 5123 is
3254 5069 3343 5140 qui
3391 5084 3519 5123 vera

1939 5162 2091 5224 hera,
2145 5169 2205 5215 ut
2249 5159 2519 5223 Christus,
2561 5159 2804 5228 pertulit,
2850 5160 3050 5216 diaboli
3096 5168 3277 5216 autem
3330 5160 3377 5216 is
3422 5162 3517 5231 qui

1940 5252 2269 5307 verberavit.
2304 5247 2395 5306 Sic
2421 5252 2707 5322 episcopos
2732 5251 2859 5306 inde
2882 5252 3045 5308 etiam
3075 5262 3351 5308 exterrere
3381 5254 3516 5315 vult,

258 5344 501 5415 μερίδος,
534 5343 751 5412 ἀδελφὴ,
785 5344 880 5397 τοῦ
907 5344 967 5398 δὲ
1016 5344 1239 5417 πρώτου
1295 5346 1486 5417 εἴημεν
1542 5350 1641 5401 σὺν
1666 5349 1824 5401 πᾶσιν

1937 5357 2107 5412 seque
2146 5343 2325 5412 ipsum
2357 5340 2566 5396 ulcisci.
2605 5340 2735 5410 Ejus
2767 5350 2954 5411 partes
2996 5340 3289 5411 fugiamus,
3328 5339 3518 5401 frater,

256 5433 533 5487 εὐσεϐέσι.
554 5434 663 5487 Καὶ
693 5434 792 5499 ίδε,
837 5434 1034 5506 Κύριε,
1065 5435 1263 5506 Κύριε,
1302 5437 1403 5507 τὴν
1430 5438 1673 5491 κάκωσιν
1699 5438 1824 5491 ταύ-

1937 5434 2105 5503 priori
2153 5449 2277 5493 cum
2335 5432 2593 5488 omnibus
2654 5431 2760 5499 piis
2817 5431 3182 5487 adhaerentes.
3241 5430 3307 5484 Et
3373 5430 3517 5490 vide.

256 5542 378 5594 την,
404 5524 500 5580 καὶ
528 5529 712 5593 φεῖσαι
744 5525 837 5579 τοῦ
864 5525 996 5580 λαοῦ
1037 5544 1132 5581 σου
1157 5545 1171 5559 ο
1210 5528 1561 5599 πρυτανέυων
1602 5533 1824 5602 εἰρήνην

1939 5528 2186 5591 Domine,
2219 5528 2466 5592 Domine,
2513 5527 2859 5581 vexationem
2905 5528 3085 5590 istam,
3134 5537 3189 5581 et
3236 5541 3398 5597 parce
3424 5542 3520 5597 po-

254 5617 573 5689 ὀρθοδοξίας
599 5620 666 5688 τῇ
692 5619 814 5672 καθ’
844 5621 995 5691 ἡμᾶς
1022 5620 1337 5692 Ἐκκλησία.
1365 5621 1532 5675 υύδὲν
1562 5623 1670 5694 γὰρ
1701 5626 1824 5693 ἡμῖν

1939 5623 2066 5694 pulo
2093 5632 2188 5676 tuo
2218 5638 2231 5673 :
2265 5628 2431 5676 recta:
2463 5620 2584 5676 fidei
2621 5634 2808 5690 pacem
2845 5618 2901 5673 in
2946 5618 3197 5675 Ecclesia
3229 5634 3348 5689 qure
3380 5619 3523 5689 apud

258 5710 440 5778 λέγειν
467 5712 595 5765 ἄλλο
627 5712 762 5781 πρὸς
784 5714 853 5766 τὰ
886 5714 1131 5783 παρόντα
1158 5730 1170 5742 ο
1222 5714 1360 5784 μετὰ
1402 5714 1495 5767 τοῦ
1538 5718 1627 5768 καὶ
1659 5716 1824 5768 πάντα

1939 5731 2039 5770 nos
2080 5727 2162 5769 est
2205 5729 2304 5784 pro
2352 5722 2443 5768 tua
2482 5722 2751 5784 potestate
2795 5711 3148 5767 confirmans.
3182 5711 3329 5765 Nihil
3376 5710 3521 5767 enim

259 5802 450 5873 φέρειν
487 5804 629 5875 eam;
657 5804 798 5875 ὑπὲρ
822 5805 914 5858 τοῦ
941 5806 1206 5876 ὀνόματος
1240 5807 1427 5860 αὑτοῦ.

1936 5809 2081 5862 aliud
2104 5808 2285 5863 dicere
2320 5821 2612 5876 possumus
2641 5806 2787 5859 circa
2811 5819 2874 5858 ea
2897 5804 3382 5875 qtueimpendent,
3410 5804 3517 5856 nisi

1941 5896 2086 5965 quod
2140 5896 2321 5951 omnia
2347 5897 2583 5951 libenter
2604 5908 2701 5961 pro
2732 5895 2853 5964 ejus
2880 5894 3100 5963 nomine
3132 5892 3492 5960 perferemus.

572 5990 841 6053 Ρλτειοι..
890 5991 1006 6051 Gn.
1059 5989 1260 6050 XCIX.

3073 5987 3149 6048 35
