4158 6460
668 368 796 431 1099

1846 371 1906 429 S.
1950 370 2051 428 ΤΗ
2065 368 2347 433 ΕΟΠΟΒῘ
2379 370 2723 431 STUDITJZ

3794 372 3927 437 1100

729 480 810 530 'l‘u
858 492 1007 540 vero,
1054 476 1147 539 illi,
1183 475 1522 539 charissime,
1581 477 1792 530 tametsi
1837 479 1962 531 alibi
2000 481 2237 533 Cttstmli-

2414 482 2484 532 Συ
2513 481 2589 545 δὲ,
2610 476 2654 533 ὦ
2686 482 2877 534 τέκνον
2911 500 3012 551 μου
3030 482 3404 551 ἠγαπημένον,
3437 483 3484 535 εί
3510 481 3601 535 xui.
3630 499 3929 552 μετεφρουο

665 570 757 632 ris,
821 579 880 623 ut
938 569 1172 633 indicas,
1232 568 1601 638 gaudezquia
1656 570 1837 638 plures
1888 570 1982 622 tibi
2030 587 2246 624 cornum

664 670 944 717 texuntur.
982 659 1048 715 Et
1075 676 1385 729 quanquam
1416 660 1675 715 Leontius
1702 660 2002 729 discipulus
2028 662 2155 713 olim
2176 663 2242 724 ⁷ο,

665 768 812 807 nunc
840 762 1088 823 negator,
1127 752 1233 806 illis
1266 753 1449 822 praesit
1482 752 1636 817 locis,
1687 753 1737 805 in
1772 754 1970 822 quibus
2004 755 2247 808 inclusus

667 847 902 909 teneris;
936 847 1071 900 nihil
1104 847 1304 901 mirere
1340 865 1353 901 :
1386 848 1488 902 hoc
1522 847 1666 901 enim
1698 856 1910 915 tempus
1949 858 2029 901 est
2060 848 2246 918 longa-

666 940 933 994 nimitatis
984 939 1098 1004 Dei,
1161 950 1220 993 ut
1269 949 1668 1010 cognoscantur
1727 940 1905 1003 electi,
1953 950 2008 993 et
2062 950 2248 1010 regnet

669 1030 812 1085 ﬁlius
842 1031 1039 1086 Tabeel
1080 1033 1133 1083 in
1167 1030 1444 1086 Bethleem
1470 1032 1535 1085 ⁷⁸.
1569 1032 1644 1085 De
1681 1047 1745 1085 eo
1777 1041 1960 1085 autem
1992 1033 2081 1101 qui
2115 1046 2249 1085 con-

669 1123 847 1178 l'essus
879 1132 1043 1179 estet
1070 1140 1286 1193 pmnam
1321 1124 1634 1193 postulavit,
1673 1134 1817 1182 recte
1848 1126 2080 1195 irrogata
2120 1135 2201 1178 est
2234 1142 2245 1176 :

670 1215 879 1284 tibique
911 1215 1208 1277 assentior,
1246 1216 1569 1284 quidixeris
1615 1218 1683 1279 ci,
1722 1217 1765 1270 si
1810 1218 1945 1270 nolit
1981 1219 2050 1270 ob
2079 1218 2248 1270 inter-

670 1306 842 1361 iectos
874 1305 1062 1361 hostes
1088 1322 1305 1376 poenam
1336 1308 1540 1371 subire,
1578 1324 1681 1363 nec
1709 1310 1775 1362 ab
1799 1309 2095 1364 occidendo
2125 1311 2249 1363 abs-

671 1398 841 1453 tineat
882 1414 895 1451 :
930 1408 983 1452 et
1019 1414 1120 1452 uos
1161 1399 1379 1467 quidem
1416 1409 1567 1454 extra
1622 1401 1889 1470 judicium
1935 1418 2141 1455 sumus.
2192 1402 2248 1454 Si

672 1506 804 1545 vero
838 1490 1097 1546 Ecclesiae
1127 1493 1432 1546 canonibus
1480 1494 1636 1547 subdi
1675 1495 1845 1557 malit,
1895 1494 2124 1547 duorum
2171 1494 2250 1546 al-

673 1594 849 1637 terum
887 1583 985 1651 ipsi
1024 1584 1333 1653 eligendum
1382 1594 1493 1649 est;
1544 1595 1603 1638 ut
1645 1598 1736 1637 aut
1787 1586 1945 1639 laude
1987 1585 2251 1639 atliciatnr

670 1677 815 1743 quod
846 1674 1209 1741 interfecerit,
1233 1686 1329 1730 aut
1368 1678 1483 1731 sine
1525 1691 1683 1745 parua
1718 1691 1827 1730 non
1871 1688 2107 1730 maneat.
2144 1674 2249 1727 Ne-

672 1784 779 1837 que
813 1775 991 1819 tamen
1030 1765 1230 1818 idcirco
1258 1765 1409 1835 prius
1446 1766 1843 1834 repudiandum
1872 1775 1974 1825 est,
2003 1766 2248 1817 laudibus

2350 574 2519 643 ρηθης
2554 574 2959 645 ἑτέρωθι,καθά
2989 576 3290 643 ὲσήμανας,
3313 578 3470 644 χαῖρε
3498 590 3512 605 °
3544 575 3625 627 ὅτι
3654 576 3703 627 oi
3732 577 3931 644 στέφα·

2348 666 2425 717 νηί
2460 683 2553 717 σου
2583 668 2799 728 τελείους
2856 667 3170 719 πλέκονται.
3207 667 3314 719 Καὶ
3359 669 3405 718 εί
3468 668 3559 719 καὶ
3622 668 3875 730 Λεόντιος
3902 670 3933 719 6

2349 758 2479 810 ποτὲ
2517 759 2795 827 μαθητὴς,
2843 758 2939 810 νῦν
2988 758 3043 810 δὲ
3092 758 3357 827 ἀρνητὴς,
3396 758 3791 826 ἡγουμενεύσει
3822 759 3931 809 τῶν

2350 851 2406 901 ἐν
2430 848 2512 913 οἷς
2544 847 2592 903 εἷ
2620 851 3008 920 κεκ>.εισμένος
3028 891 3043 914 ,
3077 850 3149 919 μὴ
3192 849 3474 918 θαυμάσῃς
3494 866 3507 877 ’
3545 850 3739 918 καιρὸς
3770 852 3797 901 ὁ
3825 866 3931 901 παο

2354 941 2459 1011 ρὼν
2489 942 2876 1010 μακροθυμίας
2904 941 3057 1003 θεοῦ,
3081 943 3173 993 καὶ
3206 942 3356 1003 ὅπως
3380 942 3427 991 οί
3457 940 3668 1009 δόκιμοι
3694 942 3932 1009 φανῶσι,

2351 1034 2443 1085 καὶ
2472 1034 2555 1085 ἴνα
2583 1034 2717 1103 ἄρξῃ
2742 1036 2769 1084 6
2800 1035 2911 1096 υίὸς
2946 1034 3157 1103 Ταὸεὴλ
3201 1034 3299 1102 τῆς
3354 1033 3626 1103 Βηθλεέμ.
3661 1034 3799 1101 Περὶ
3838 1032 3935 1085 τοῦ

2353 1124 2812 1193 ὲξαγορεύσαντος
2838 1125 2927 1177 καὶ
2959 1125 3327 1194 αἰτησαμένου
3343 1125 3401 1176 τὸ
3418 1124 3719 1193 ἐπιτίμιον,
3752 1125 3934 1186 καλῶς

2353 1215 2562 1268 δέδοται
2590 1232 2604 1245 ·
2642 1216 2895 1284 σύμφημι
2920 1215 2978 1267 δέ
3010 1233 3089 1267 σοι
3137 1216 3343 1267 εἰπόντι
3387 1214 3556 1284 αύτῷ,
3615 1217 3664 1268 εἰ
3697 1216 3773 1285 μὴ
3807 1216 3935 1267 6ου-

2352 1305 2495 1360 >.οιτο
2541 1307 2987 1375 ἐπιτιμιὰζεσθαι
3038 1310 3095 1359 ὲν
3144 1307 3223 1376 τῷ
3267 1307 3477 1360 κτένειν
3512 1307 3767 1377 ἐχθροὺς,
3800 1306 3937 1376 μηδὲ

2352 1399 2672 1468 ἀφιστάσοω
2701 1399 2797 1451 τοῦ
2822 1400 3031 1452 κτένειν
3058 1416 3070 1428 ·
3100 1400 3191 1451 καὶ
3218 1400 3379 1467 ἡμεῖς
3399 1416 3462 1467 γε
3498 1399 3602 1462 ἔξω
3638 1400 3931 1468 κρίματος,

2354 1492 2415 1543 Εἰ
2452 1490 2506 1543 δὲ
2536 1492 2711 1542 ἕλοιτο
2740 1491 3065 1543 ὑποπίπτειν
3110 1492 3221 1553 τοῖς
3276 1494 3375 1560 τῆς
3415 1490 3741 1559 Ἐκκλησίας
3771 1490 3936 1541 κιινό⁴

2354 1600 2457 1645 σιν,
2483 1582 2542 1633 ἒν
2574 1585 2688 1635 τοῖν
2743 1583 2886 1634 δυοῖν
2936 1582 3155 1653 αἱρετὸν
3188 1583 3341 1653 αύτῷ
3362 1598 3377 1614 ⁶
3403 1583 3435 1652 ἢ
3465 1583 3707 1635 κτενόντι
3754 1584 3932 1634 ἐπιτι-

2356 1674 2583 1744 μᾶσθαι,
2614 1675 2646 1744 ἢ
2680 1675 2754 1744 μὴ
2782 1676 2963 1743 μένειν
2984 1675 3402 1744 ἀνεπιτίμητον.
3453 1676 3561 1728 Καὶ
3580 1676 3639 1726 ού
3658 1674 3745 1727 διὰ
3775 1674 3937 1725 τοῦτο

2351 1770 2409 1818 τὸ
2446 1767 2658 1835 πρῶτον
2716 1766 3029 1836 διαϐλητέον
3063 1784 3075 1796 ·
3109 1768 3347 1820 ἐπαίνων
3402 1768 3509 1837 γὰρ
3554 1768 3725 1832 ἄξιοι·
3768 1767 3844 1830 ὡς
3905 1768 3936 1819 6

677 1858 823 1912 enim
852 1856 998 1927 digiti
1029 1864 1176 1918 sunt,
1211 1865 1269 1910 ut
1292 1857 1366 1910 ait
1387 1857 1602 1911 divinus
1627 1858 1784 1912 Pater
1809 1876 1821 1912 :
1844 1858 1935 1910 sed
1967 1858 2247 1911 subeunda

2354 1860 2491 1922 θεῖός
2518 1875 2649 1929 φησι
2670 1860 2859 1927 Πατήρ
2882 1876 2894 1887 ⁸
2947 1860 3082 1912 ἀλλὰ
3127 1860 3361 1927 ληπτέον
3393 1862 3575 1921 αὐτοῖς
3605 1860 3787 1913 καὶτὸ
3818 1863 3936 1912 ὲπι·

674 1960 757 2004 est
779 1950 943 2003 etiam
972 1948 1077 2002 illis
1099 1963 1259 2017 pinna
1286 1949 1755 2017 :quandoquidem
1781 1960 1834 2002 et
1858 1949 1946 2000 Dei
1976 1957 2249 2018 spectator

674 2043 801 2096 olim
842 2040 1027 2094 Moses
1065 2048 1429 2098 revertentem
1457 2055 1487 2093 a
1514 2040 1655 2094 bello
1682 2040 2097 2094 Madianitarum
2125 2056 2247 2094 cum

676 2136 901 2190 victoria
979 2133 1239 2203 populum
1303 2133 1463 2187 Israel
1527 2143 1734 2203 septem
1805 2134 1995 2188 diebus
2057 2136 2250 2189 castris

675 2228 929 2292 exclusit,
960 2243 988 2280 a
1017 2227 1125 2280 Deo
1156 2226 1299 2279 haud
1329 2226 1493 2279 dubie
1532 2234 1831 2295 permotus,
1873 2226 1949 2279 sic
1982 2227 2207 2294 loquens
2235 2245 2247 2279 :

675 2318 855 2375 Omnis
885 2319 973 2389 qui
1018 2318 1264 2404 ocﬁdcrit
1306 2318 1587 2378 hominem,
1631 2318 1707 2369 vel
1735 2319 1959 2369 occisum
2004 2318 2249 2387 tetigerit,

678 2410 988 2463 lustrabitur
1020 2409 1105 2461 die
1142 2409 1297 2460 tertio
1346 2416 1392 2459 et
1436 2407 1679 2473 septimo,
1726 2423 1812 2459 vos
1850 2416 1895 2458 et
1941 2408 2120 2472 pra'da
2164 2423 2252 2460 ve-

674 2500 879 2554 stra".
921 2498 1075 2552 Unde
1118 2497 1389 2551 excitatus
1431 2512 1548 2549 mea
1576 2496 1793 2564 quidem
1837 2496 2107 2549 sententia
2136 2509 2253 2548 ma-

678 2609 819 2663 gnus
854 2591 1172 2651 Basilius",
1213 2589 1296 2642 \el
1328 2590 1506 2657 potius
1535 2603 1565 2641 a
1608 2588 1716 2640 Deo
1756 2586 1988 2651 amatus,
2033 2587 2253 2641 triennii

677 2698 898 2753 pmnam
961 2681 1185 2751 irrogat,
1234 2688 1288 2733 et
1343 2678 1501 2734 docet
1553 2679 2015 2748 quemadmodum
2069 2679 2113 2731 is
2160 2678 2253 2747 qui

677 2776 883 2844 irrogat
910 2771 1210 2841 dispenset.
1238 2770 1573 2841 Contingens
1600 2772 1802 2841 quippe
1834 2779 1889 2825 et
1917 2786 2025 2824 non
2058 2786 2252 2825 neces-

678 2866 843 2929 saria,
877 2880 974 2932 pro
1009 2863 1087 2918 rei
1124 2863 1387 2932 subjecta:
1421 2863 1600 2925 modo,
1639 2863 1824 2917 talium
1857 2863 2115 2931 irrogatio
2148 2870 2250 2916 est.

684 2956 814 3012 Vale
860 2956 914 3009 in
974 2955 1227 3020 Domino,
1283 2954 1354 3008 [ili
1413 2955 1483 3008 mi
1544 2955 1944 3018 desiderabilis,
2013 2970 2111 3023 pro
2167 2969 2254 3007 me

677 3056 935 3117 peccator
1014 3046 1342 3116 deprecans,
1382 3056 1436 3099 et
1481 3061 1579 3114 pro
1606 3062 1670 3101 eo
1700 3046 1793 3115 qui
1828 3057 1877 3100 te
1920 3061 2025 3099 una
2060 3047 2256 3100 salutat

677 3141 878 3197 dilecto
901 3140 1013 3195 ﬁlio
1042 3154 1185 3205 meo,
1224 3139 1390 3194 fratre
1420 3148 1603 3193 autem
1632 3150 1746 3203 tuo,
1778 3138 2060 3209 Gregorio.

1089 3341 1198 3397 LII.
1229 3371 1297 3384 —
1321 3340 1565 3410 Philippo
1591 3343 1835 3396 diacono.

2350 1956 2531 2022 τίμιον
2559 1973 2571 1985 ·
2598 1954 2720 2008 ἐπεὶ
2745 1954 2838 2007 καὶ
2866 1953 3035 2008 παλαι
3078 1953 3287 2022 Μωσῆς
3311 1957 3337 2006 6
3373 1954 3608 2020 θεόπτης
3664 1954 3936 2023 ὑποστρέ-

2352 2044 2530 2113 ψαντα
2574 2044 2662 2095 τὸν
2729 2043 2942 2113 Ἰσραὴλ
2988 2045 3051 2095 ἐκ
3103 2042 3195 2095 τοῦ
3259 2044 3400 2095 κατά
3443 2044 3551 2096 τῶν
3583 2044 3935 2096 Μαδιανιτων

2354 2135 2590 2203 πολέμου
2618 2135 2754 2204 μετά
2784 2136 2962 2205 νίκης,
2996 2136 3245 2204 ἀφορίζει
3292 2135 3397 2199 ἔξω
3435 2137 3534 2205 τῆς
3578 2136 3934 2205 παρεμόοὶῆς

2354 2228 2491 2288 ἑπτὰ
2520 2230 2757 2297 ἡμέρας.
2807 2230 2872 2281 ἐκ
2922 2227 3059 2281 Θεοῦ
3085 2228 3330 2297 δηλονότι
3381 2229 3726 2299 κινούμενος,
3760 2228 3937 2295 λέγον

2352 2316 2546 2381 οὕτως’
2572 2317 2741 2384 Πᾱςό
2762 2318 2995 2372 ἀνελὼν
3027 2319 3260 2387 ψυχὴν,
3294 2319 3388 2371 καί
3440 2320 3781 2386 ἁπτόμενος
3829 2318 3937 2371 tu?

2353 2410 2744 2478 τετρωμένου,
2796 2410 3229 2478 ἀγνισθήσεται
3278 2409 3352 2479 τῇ
3387 2410 3574 2479 ἡμέρᾳ
3618 2410 3692 2477 τῇ
3745 2411 3934 2477 τρίτῃ.

2355 2501 2453 2554 καὶ
2481 2500 2553 2568 τῇ
2585 2502 2774 2569 ἡμέρα
2792 2502 2863 2569 τῇ
2888 2502 3132 2571 ἐϐδόμῃ,
3158 2502 3327 2570 ὑμεῖς
3360 2504 3459 2554 καὶ
3496 2502 3532 2567 ἠ
3552 2503 3936 2571 αὶχμιιλωσία

2356 2592 2542 2660 ὑμῶν.
2585 2594 2748 2645 Ὅθεν
2784 2612 2874 2663 μοι
2906 2595 3053 2647 δοκεῖ
3084 2596 3111 2645 ὁ
3157 2595 3332 2662 μέγας
3374 2594 3651 2657 Βασίλειος
3677 2595 3937 2662 ἀφορμη-

2358 2685 2491 2748 θεὶς,
2522 2684 2721 2753 μᾶλλον
2748 2684 2801 2737 δὲ
2840 2684 3243 2747 θεοπνευσθεὶς,
3268 2685 3454 2737 δίδωσι
3482 2684 3542 2736 τὸ
3562 2686 3661 2754 τῆς
3690 2686 3937 2752 τριετίας

2357 2774 2657 2845 ἐπιτίμιον,
2686 2776 2777 2826 καὶ
2805 2774 2877 2836 ὡς
2908 2775 2973 2827 ἂν
3007 2776 3340 2844 οίκονομήση
3370 2776 3399 2827 6
3452 2775 3649 2837 διδούς.
3692 2774 3937 2842 Ἐνδεχο-

2360 2866 2494 2936 μένη
2519 2863 2628 2934 γὰρ
2653 2864 2747 2917 καὶ
2791 2864 2890 2921 οὐκ
2913 2866 3223 2932 ἀναγκαίως
3254 2865 3394 2918 κατά
3423 2867 3484 2919 τὸ
3518 2866 3772 2936 κείμενον
3800 2869 3937 2917 πάν-

2357 2975 2465 3020 τως
2496 2960 2527 3027 ἡ
2564 2956 2672 3009 τῶν
2707 2957 2966 3011 τοιούτων
2992 2959 3160 3023 δόσις.
3205 2958 3457 3030 Ἐρρωσο
3499 2961 3558 3011 ὲν
3609 2958 3823 3031 Κυρίῳ,
3854 2958 3939 3009 υἱὲ

2362 3064 2462 3116 μου
2499 3048 2722 3116 ποθητὲ,
2756 3049 3048 3119 εὐχόμενος
3097 3050 3227 3119 περὶ
3251 3050 3386 3120 ἐμοῦ
3434 3049 3529 3103 τοῦ
3580 3047 3936 3119 ἀμαρτωλοῦ,

2279 3167 2321 3227 C
2357 3138 2570 3191 καὶτοῦ
2624 3142 3239 3211 συμπροσαγορεύοντός
3296 3159 3355 3195 σε
3406 3142 3691 3213 ἀγαπητοῦ
3744 3142 3937 3194 τέκνου

2358 3246 2480 3298 μου,
2521 3229 2614 3282 σοῦ
2649 3230 2704 3283 δὲ
2728 3231 2981 3298 ἀδελφοῦ,
3011 3233 3334 3303 Γρηγορίου.

2633 3340 2743 3393 NB.
2780 3372 2848 3382 —
2866 3343 3140 3407 Φιλίππῳ
3157 3344 3437 3409 Διακόνῳ.
3462 3343 3612 3417 [σν¹.]

681 3459 754 3510 De
788 3465 902 3509 voto
920 3459 1122 3520 puellae,
1154 3470 1263 3519 qua:
1284 3470 1464 3517 sponso
1490 3462 1760 3519 egrotaote
1786 3458 2361 3565 voveratlselnupturfm
2383 3454 2813 3566 Christtaohtetiamsi
2832 3466 3048 3521 aegrotus
3066 3460 3456 3523 convalesceret,
3482 3470 3672 3526 postea,
3714 3466 3798 3517 ubi
3819 3482 3937 3518 con-

1937 3531 1993 3566 va
2021 3532 2069 3566 ut
2098 3556 2111 3566 .
2146 3531 2278 3566 const
2307 3532 2403 3565 lum
2426 3532 2503 3566 mu
2564 3531 2608 3566 νι
2638 3556 2649 3566 .

1937 3531 2111 3578 valuu,
2146 3531 2403 3567 consulum
2426 3531 2649 3569 mutant.

754 3629 870 3682 Noli
905 3628 1239 3691 existimare,
1275 3628 1357 3681 vir
1387 3636 1593 3687 sancte,
1630 3641 1714 3679 me
1747 3626 1943 3678 ostium
1976 3626 2253 3693 paeniten-

681 3721 770 3773 tiae
802 3718 1091 3781 claudere;
1121 3714 1545 3771 Novati-auorum
1575 3716 1719 3768 enim
1751 3716 1802 3768 id
1832 3716 2109 3785 proprium
2132 3725 2251 3780 est;

684 3810 780 3866 sed
812 3810 958 3863 nolle
994 3808 1200 3878 peccati
1233 3809 1430 3861 ostium
1466 3807 1678 3875 aperire
1702 3806 2023 3861 volentibus.
2055 3804 2254 3859 Annon

681 3903 828 3955 enim
892 3900 1161 3970 ejusmodi
1222 3908 1306 3951 est
1363 3901 1505 3967 quod
1556 3898 1830 3967 prioribus
1893 3898 2089 3951 litteris
2142 3898 2256 3950 tuis

683 3992 977 4047 indicasti?
1004 3992 1241 4061 puellam
1262 4006 1381 4059 qua:
1410 4003 1595 4043 votum
1628 3998 1872 4053 voverat,
1902 4004 1980 4051 se,
2009 3988 2255 4057 quamvis

683 4097 922 4153 sponsus
962 4081 1394 4141 convalesceret,
1436 4078 1656 4133 Christo
1686 4089 1980 4149 nupturam
2013 4096 2028 4132 :
2056 4077 2255 4131 deinde

683 4182 969 4242 postquam
1001 4186 1031 4220 ιι
1082 4169 1274 4223 morbo
1308 4168 1395 4222 ille
1425 4176 1510 4223 est
1556 4179 1854 4231 recreatus,
1899 4182 2024 4223 cum
2067 4182 2155 4228 eo,
2188 4165 2255 4219 ad

686 4259 1004 4330 posterioris
1055 4258 1243 4326 sponsi
1290 4266 1688 4327 contemptum,
1722 4257 1965 4325 copulari
1999 4257 2154 4321 velle,
2202 4266 2256 4311 et

681 4352 982 4405 remedium
1013 4350 1079 4404 ad
1106 4350 1156 4404 id
1186 4364 1452 4418 quaerere.
1476 4346 1804 4403 Rectissime
1836 4349 2001 4418 igitur
2028 4363 2254 4417 respon-

682 4445 863 4497 dimus
897 4442 1029 4505 tibi;
1064 4456 1166 4495 uec
1195 4442 1351 4495 aliter
1379 4440 1696 4511 responderi
1734 4449 1911 4510 potest
1932 4440 2001 4495 ab
2038 4455 2123 4503 eo,
2162 4440 2253 4508 qui

682 4550 746 4588 ea
789 4549 910 4602 qua:
952 4532 1020 4587 ad
1060 4528 1231 4585 Deum
1272 4542 1544 4602 spectant,
1586 4533 1906 4589 hominibus
1937 4542 2251 4604 anteponat.

682 4626 816 4691 Quis
862 4625 1012 4679 enim
1056 4624 1107 4678 ei
1153 4639 1371 4693 poenam
1426 4626 1649 4694 irroget,
1704 4626 1797 4695 qui
1834 4628 2100 4691 nondum,
2145 4626 2253 4683 nisi

681 4717 983 4780 voluntate,
1030 4714 1312 4784 peccavit?
1352 4715 1460 4768 Aut
1500 4716 1622 4783 quis
1663 4715 1906 4771 medicus
1947 4726 2073 4772 ante
2110 4732 2255 4770 mor-

681 4809 810 4864 bum
842 4807 1181 4862 curationem
1217 4807 1510 4872 adhibeat;
1536 4823 1600 4861 ac
1629 4823 1739 4862 non
1772 4808 1952 4878 potius
1996 4825 2026 4862 a
2066 4809 2254 4863 morbo

2426 3626 2516 3695 Μὴ
2543 3627 2656 3678 οἴου
2692 3642 2778 3695 με,
2815 3619 2859 3678 ὦ
2891 3626 3000 3697 ἱερὲ
3034 3626 3189 3700 ἄνερ,
3220 3625 3423 3681 κλείειν
3471 3630 3780 3702 τὴνυπύλην
3836 3635 3937 3702 τῆς

2358 3718 2685 3784 μετανοίας·
2746 3718 3107 3772 Ναυατιανῶν
3169 3718 3279 3790 γάρ
3331 3719 3391 3773 τὸ
3428 3719 3616 3791 ἔργον·
3666 3723 3806 3778 ἀλλά
3859 3727 3934 3795 μὴ

2358 3807 2643 3877 βούλεσθαι
2672 3809 2913 3877 ἀνοίγειν
2941 3811 3112 3881 θύραν
3138 3812 3237 3882 τῆς
3283 3813 3560 3883 ἁμαρτίας
3597 3818 3710 3879 τοῖς
3746 3817 3935 3887 βουλος

2356 3902 2561 3971 μένοις.
2608 3903 2677 3954 Ἦ
2711 3902 2819 3972 γὰρ
2846 3904 2965 3972 οὐχὶ
3012 3903 3255 3957 τοιοῦτον
3306 3906 3443 3975 ὅπερ
3476 3905 3564 3959 διά
3595 3907 3707 3960 τῶν
3734 3910 3931 3980 προτέ-

2356 4009 2465 4062 ρων
2520 4008 2616 4046 σου
2642 3995 2989 4063 γραμμάτων
3031 3995 3377 4065 δεδήλωκαςς
3436 3998 3496 4049 τὸ
3550 3997 3651 4068 τὴν
3709 4002 3931 4055 νεάνιδα

2354 4084 2658 4154 εὐξαμένην
2683 4086 2868 4155 εὐχὴν,
2927 4090 2973 4139 εί
3026 4088 3120 4141 καὶ
3153 4089 3532 4161 ἀναῤῥωσθείη
3566 4092 3593 4143 6
3647 4098 3927 4163 μνήστωρ,

2355 4176 2733 4246 νυμφευθῆναι
2777 4178 3000 4249 Χριστῷ
3035 4195 3049 4208 ’
3082 4176 3203 4235 εἶτα
3227 4183 3416 4255 ἐπειδὴ
3449 4184 3755 4252 ἀνέσφηὶεν
3787 4190 3931 4241 ἐκεῖ·

2355 4285 2466 4332 νος,
2502 4268 2795 4322 ἐθέλουσαν
2839 4270 2989 4340 αὐτῷ
3015 4273 3375 4344 συναφθῆναι,
3409 4276 3498 4329 ἐπ’
3547 4276 3802 4348 ἀθετήσει
3834 4280 3929 4334 τοῦ

2353 4360 2639 4429 δευτέρου,
2670 4362 2862 4430 ζητεῖν
2904 4363 3041 4433 πρὸς
3065 4364 3224 4417 τοῦτο
3250 4366 3410 4437 ἴαμα.
3436 4367 3714 4421 Κάλλιστα
3750 4371 3931 4425 τοίνυν

2356 4451 2739 4521 ἁπεκρίθημέν
2766 4469 2847 4505 σοι
2869 4470 2882 4482 ·
2913 4455 3009 4507 καὶ
3041 4456 3139 4525 οὐχ
3168 4449 3281 4509 οἷόν
3314 4474 3372 4510 τε
3400 4458 3579 4520 ἄλλως
3612 4458 3928 4513 ἀποδιδόναι

2353 4539 2529 4608 λόγον,
2558 4541 2648 4594 τὸν
2679 4542 2984 4613 ἀνθρώπων
3012 4545 3081 4600 τὰ
3112 4544 3248 4599 Θεοῦ
3282 4548 3668 4619 προκρίνοντα.
3695 4547 3793 4612 Τίς
3822 4550 3930 4620 γάρ

2356 4631 2423 4683 ἂν
2447 4632 2541 4685 καὶ
2568 4632 2683 4703 δοίη
2714 4634 2989 4704 ἐπιτίμιον
3019 4636 3098 4706 τῷ
3141 4635 3307 4707 μήπω
3370 4640 3736 4711 ἡμαρτηκότι,
3791 4642 3931 4713 πλὴν

2354 4722 2449 4774 τοῦ
2492 4722 2775 4791 βούλεσθαι
2804 4742 2819 4791 ;
2855 4728 2923 4778 Ἣ
2953 4729 3034 4790 τίς
3072 4729 3257 4800 ἰατρὸς
3294 4731 3398 4802 πρὸ
3433 4732 3591 4786 νόσου
3640 4736 3814 4802 μοτοῖ.
3838 4737 3932 4789 καὶ

2354 4813 2478 4881 οὐχὶ
2514 4814 2716 4883 μᾶλλον
2758 4816 2933 4886 εἴργει
2968 4817 3046 4889 μὴ
3107 4820 3431 4891 νοσηλεῦσαι
3472 4822 3565 4876 τὸν
3628 4824 3721 4876 ἐπὶ
3770 4824 3931 4876 τοῦτο

681 4906 867 4953 arceat
915 4912 1038 4951 eum
1082 4896 1174 4965 qui
1225 4910 1290 4951 eo
1331 4910 1491 4950 ruere
1541 4898 1931 4952 videbatur"?
1971 4897 2251 4953 Medicina:

2357 4904 2623 4970 ρἐοντας
2658 4906 2765 4958 Καί
2796 4922 2860 4973 γε
2896 4908 3140 4977 ἰατρείας
3167 4910 3313 4979 ὄρος,
3341 4911 3375 4981 ἢ
3425 4911 3523 4981 τὴν
3580 4912 3931 4982 ὑπάρχουσαν

683 4992 949 5062 siquidem
1001 5005 1201 5045 munus
1248 4998 1353 5052 est,
1401 4996 1497 5043 aut
1547 5002 1871 5058 praesentem
1920 5003 2249 5043 conservare

683 5084 993 5147 sanitatem,
1020 5094 1117 5139 aut
1148 5081 1430 5137 absentem
1470 5095 1744 5135 revocare.
1782 5080 2089 5135 Absurdum
2124 5094 2253 5134 vero

682 5185 785 5242 est,
812 5176 1052 5245 ignosce,
1079 5175 1329 5229 morbum
1359 5172 1451 5241 qui
1478 5187 1586 5227 non
1626 5175 1717 5235 sit,
1749 5172 1843 5226 sed
1876 5172 2058 5225 animo
2083 5171 2253 5241 tinga-

684 5278 794 5333 tur,
836 5278 1091 5339 tanquam
1124 5266 1166 5323 si
1219 5282 1411 5323 revera
1454 5274 1621 5333 esset,
1650 5281 1842 5320 curare
1873 5284 1885 5319 :
1918 5282 2019 5321 nec
2058 5264 2253 5320 medici

683 5359 737 5414 id
766 5375 925 5430 opus,
952 5360 1048 5413 sed
1072 5358 1426 5424 cadaverarii,
1457 5359 1511 5411 in
1542 5363 1789 5411 morbum
1822 5358 1995 5427 ipsum
2026 5359 2077 5412 id
2108 5356 2253 5426 quod

685 5451 873 5505 morbo
901 5451 1162 5505 intactum
1185 5448 1366 5504 adhuc
1388 5458 1472 5504 est
1497 5447 1774 5517 impellere
1799 5449 2090 5503 molientis.
2120 5447 2248 5502 Tale

684 5556 906 5611 prorsus
943 5541 1136 5611 puellae
1162 5540 1441 5612 negotium
1480 5537 1781 5593 existimes.
1823 5536 2064 5592 Necdum
2099 5538 2238 5605 dico,

752 5722 797 5752 7°
822 5719 953 5774 Vide
982 5734 1166 5789 supra,
1198 5717 1357 5787 epist.
1390 5719 1459 5773 45
1487 5728 1541 5774 et
1567 5720 1727 5782 infra,
1766 5720 1860 5773 lib.
1892 5736 1951 5783 ιι,
1980 5720 2143 5789 epist.
2172 5719 2261 5774 51.

685 5789 1055 5861 Ampliiloch.,
1081 5805 1203 5846 can.
1235 5790 1289 5856 8,
1325 5790 1383 5843 11
1408 5830 1421 5854 ,
1457 5790 1541 5845 15.
1619 5791 1663 5823 ⁷⁸
1687 5790 1852 5847 Cone.
1883 5790 2049 5847 Neoc.
2078 5806 2201 5848 can.
2260 5792 2315 5846 4.

2341 5722 2382 5753 ’⁸
2411 5722 2515 5779 lsa.
2553 5740 2653 5792 vn,
2688 5723 2741 5779 6.

2359 4992 2572 5059 ὑγίειαν
2596 4994 2983 5065 περιφυλάξαι,
3012 4998 3044 5068 ἢ
3070 5000 3169 5070 τὴν
3197 5000 3445 5054 ἀποῦσαν
3471 5002 3929 5064 ἀνακαλέσασθαι.

2363 5085 2593 5153 ’Δλογον
2622 5088 2699 5152 δὲ,
2732 5088 3032 5157 σύγγνωθι,
3067 5090 3130 5145 τὸ
3168 5091 3243 5161 μὴ
3290 5092 3390 5163 ἤδη
3441 5093 3748 5163 παροῦσαν,
3796 5095 3931 5151 ἀλλά

2364 5174 2773 5247 μελετωμένην,
2805 5179 3075 5249 ἰατρεύειν
3104 5182 3178 5245 ὡς
3231 5176 3425 5235 οὖσαν·
3470 5183 3531 5235 ού
3566 5183 3674 5254 γὰρ
3724 5184 3925 5253 ἰατροῦ,

2362 5264 2501 5318 ἀλλά
2530 5268 2917 5335 πτωματιστοῦ
2949 5272 3012 5324 τὸ
3036 5272 3242 5342 δρᾶμα,
3273 5254 3639 5342 ὑφελκομένου
3691 5289 3928 5341 προσεμ-

2366 5356 2610 5427 παρῆναι
2642 5359 2721 5422 είς
2750 5361 2920 5425 πάθος
2966 5362 3096 5416 αὐτὸ
3152 5364 3211 5416 τὸ
3266 5364 3345 5417 ἔτι
3388 5362 3622 5425 ἀπαθές.
3676 5360 3928 5414 Τοιοῦτον

2354 5450 2467 5501 οἴου
2500 5451 2593 5504 καὶ
2622 5452 2807 5522 τὸτῆς
2860 5456 3073 5518 παιδός.
3135 5458 3245 5510 Καὶ⁸
3288 5454 3439 5509 οὕπω
3485 5455 3649 5524 λέγω,
3707 5454 3790 5507 ὃτι
3839 5455 3929 5507 καὶ

2352 5543 2411 5594 τὸ
2463 5544 2673 5611 ἀγαθόν
2704 5562 2755 5599 τι
2796 5547 3167 5619 ἐνθυμηθῆναί
3198 5566 3319 5603 τινα
3341 5587 3356 5615 ,
3400 5548 3474 5620 μὴ
3498 5548 3657 5602 τοῦτο
3693 5547 3777 5613 τίς
3830 5546 3929 5600 πέ-

2859 5726 2902 5757 τ¹
2923 5722 3082 5781 Num.
3116 5742 3263 5797 xm,
3311 5727 3397 5783 15.
3496 5729 3540 5761 ⁷³
3561 5726 3621 5783 lu
3653 5725 3823 5800 Epist.
3855 5728 3922 5782 ad
