4158 6514
261 476 398 540 1101

1488 472 2031 536 EPlSTOLARUM
2060 471 2208 530 LIB.
2255 468 2305 527 Ῑ.

3393 467 3526 531 1102

255 610 361 660 ρας
412 592 642 659 ἄγοντα,
675 591 896 661 ὑφέξειν
953 593 1149 663 κρῖμα,
1177 590 1322 645 καθὰ
1345 590 1373 643 ὁ
1404 589 1545 654 θεῖος
1573 590 1844 653 Βασίλειος

1952 585 2116 639 etiam
2156 598 2305 649 eum,
2348 583 2439 652 qui
2475 582 2603 636 boni
2649 582 2852 651 aliquid
2885 582 3155 653 cogitarit,
3200 583 3244 639 si
3279 586 3347 637 ad
3389 584 3525 638 etle—

249 682 567 754 διωρίσατο.

343 853 611 909 Ἐνταῦθα
657 855 713 908 δέ
740 856 901 909 οἱονεὶ
930 856 1022 910 καὶ
1072 856 1233 926 ἔργον
1263 855 1541 927 προῦθηκε
1594 856 1655 909 τὸ
1716 856 1841 925 βου-

255 948 448 1001 λευθέν
472 949 561 1003 διὰ
580 948 682 1018 τῆς
697 950 970 1020 αἰτήσεως
983 951 1075 1003 καὶ
1095 949 1247 1011 θείας
1284 950 1611 1014 συντάξεως.
1626 950 1837 1003 Φείδοι-

260 1041 357 1093 σθε
410 1042 525 1106 οῦν,
561 1035 606 1095 ὧ
635 1040 972 1111 φιλούμενοι,
1016 1043 1087 1096 τὰ
1112 1042 1340 1097 τοιαῦτα
1372 1042 1592 1107 παίζειν
1628 1058 1642 1073 ο
1670 1042 1841 1097 ἀκού-

256 1150 413 1198 οντες
434 1134 528 1187 τοῦ
559 1135 811 1203 λέγοντος
838 1152 852 1167 ο
895 1136 1149 1205 Ἀγαθὸν
1172 1137 1259 1206 μὴ
1283 1137 1597 1202 εὔξασθαι,
1655 1134 1695 1204 ἢ
1737 1135 1838 1190 εὕ-

256 1227 481 1291 ξιισθαι
515 1227 612 1280 καί
634 1227 722 1296 μὴ
755 1227 1108 1284 ἀποδοῦναι.
1137 1258 1206 1269 -
1245 1229 1393 1297 Οὐχὶ
1418 1230 1609 1298 μένον
1663 1228 1841 1298 ἔμενέ

255 1336 380 1383 σοι,
405 1320 573 1390 φησί;
629 1320 688 1373 Τί
715 1318 804 1373 ὅτι
835 1320 1078 1388 ἐψεύσω
1111 1319 1194 1385 τῷ
1223 1321 1522 1389 Πνεύματι
1552 1319 1633 1385 τῷ
1657 1321 1838 1389 ἀγίῳ;

255 1411 373 1464 Καὶ
399 1410 459 1462 τὸ
493 1407 620 1479 ἑξῆς
644 1411 879 1481 πάρειμι
913 1410 1001 1463 διὰ
1027 1408 1089 1463 τὸ
1122 1409 1429 1481 δύσφημον.
1460 1411 1569 1464 Καὶ
1622 1410 1723 1481 ούχ
1754 1409 1839 1463 ὅτι

254 1503 751 1573 καταφρονητικῶς
779 1502 887 1573 έχω
918 1503 1016 1573 τῆς
1046 1502 1234 1566 παιδός
1267 1519 1282 1534 ο
1317 1504 1571 1574 φείδομαι
1601 1504 1710 1575 γὰρ
1738 1504 1838 1557 αύ-

256 1594 382 1664 τῆς,
417 1595 492 1657 ώς
522 1596 622 1664 τῆς
652 1594 824 1665 κόρης
859 1611 963 1664 μου
994 1593 1089 1647 τοῦ
1130 1594 1411 1665 ὀφθαλμοῦ
1433 1611 1448 1625 ·
1480 1596 1572 1649 καὶ
1614 1595 1681 1649 δι’
1709 1596 1839 1648 ἐαυ-

255 1685 359 1755 τὴν
388 1686 685 1755 ἐφιεμένην
722 1687 787 1738 ὲκ
816 1685 915 1756 τῆς
941 1685 1219 1747 εὐτελείας
1251 1703 1354 1756 μου
1387 1686 1787 1758 θεραπεύεσθαι
1821 1705 1835 1719 ’

1950 688 2099 736 clum
2155 695 2266 733 non
2320 678 2621 749 perducat,
2675 678 2887 747 judicio
2932 693 3125 747 poenas
3178 678 3523 741 subiturum,

1948 771 2405 844 quemadmodum
2444 785 2474 823 a
2507 769 2692 824 divino
2716 768 2917 825 Basilio
2947 776 3031 824 est
3057 769 3367 824 deﬁnitum.

2022 863 2122 917 Hie
2179 876 2312 916 vero
2360 862 2524 915 etiam
2585 874 2722 929 opus
2772 859 3174 928 quodammodo
3224 861 3524 929 processit,

1951 956 2315 1011 deliberatum
2365 969 2462 1023 per
2490 952 2911 1023 postulationem
2959 952 3314 1021 divinamque
3360 968 3525 1021 spon-

1949 1049 2182 1103 sionem.
2215 1047 2428 1102 Parcite
2472 1046 2661 1117 igitur,
2709 1044 3069 1111 dilectissimi,
3116 1046 3170 1099 in
3224 1046 3386 1099 rebus
3429 1047 3530 1100 bu-

1946 1141 2186 1213 jusmodi
2223 1141 2414 1196 ludere
2443 1158 2456 1194 :
2488 1139 2775 1195 audientes
2806 1139 2957 1193 illum
2994 1141 3088 1209 qui
3123 1140 3259 1195 dicit
3291 1154 3317 1195 ε’
3338 1138 3528 1193 Melius

1949 1243 2025 1288 est
2057 1250 2159 1287 non
2189 1248 2389 1295 vovere,
2423 1248 2583 1301 quam
2622 1240 2735 1300 post
2764 1239 2939 1283 votum
2970 1231 3230 1298 promissa
3273 1247 3373 1284 non
3410 1232 3529 1284 retl-

1947 1330 2068 1382 dere
2119 1328 2184 1380 ⁷⁸.
2215 1356 2283 1367 -
2318 1323 2507 1377 Nonne
2558 1339 2778 1376 manens
2830 1322 2924 1375 tibi
2976 1323 3258 1388 manebat,
3319 1322 3532 1391 inquit?

1947 1436 2111 1489 quare
2144 1419 2390 1472 mentitus
2421 1432 2471 1469 es
2499 1415 2724 1483 Spiritui
2749 1414 3033 1468 sancto”?
3065 1413 3130 1467 Et
3162 1414 3307 1483 quod
3341 1414 3529 1482 sequi-

1948 1517 2056 1576 tur,
2096 1508 2343 1563 borroris
2381 1520 2544 1560 causa
2586 1504 2961 1574 praetermitto.
3006 1502 3193 1572 Neque
3239 1504 3354 1557 hate
3384 1503 3527 1564 dico.

1947 1601 2094 1671 quod
2125 1598 2363 1669 puellam
2391 1611 2685 1667 asperner;
2720 1610 2885 1666 parco
2917 1594 3062 1649 enim
3096 1595 3193 1659 illi,
3223 1605 3282 1649 ut
3312 1594 3528 1665 pupilla:

1946 1693 2091 1750 oculi
2142 1693 2247 1747 mei
2284 1711 2297 1746 :
2332 1701 2448 1745 tum
2481 1692 2654 1759 ipsms
2692 1704 2875 1754 causa,
2909 1705 3034 1743 cum
3076 1705 3106 1743 a
3151 1689 3528 1743 mediocritate

256 1777 357 1830 καὶ
394 1777 483 1830 διὰ
518 1776 617 1849 τὴν
658 1778 856 1848 κυρίαν
886 1777 986 1849 τὴν
1034 1779 1271 1848 μητέρα,
1306 1779 1374 1849 ἢν
1414 1780 1556 1833 σέϐω
1592 1781 1686 1835 καὶ
1740 1798 1839 1834 πε-

1949 1801 2066 1839 mea
2100 1792 2324 1852 exoptet
2357 1781 2684 1846 remedium,
2716 1790 2830 1836 tum
2871 1780 3112 1835 Dominae
3145 1780 3335 1834 matris
3363 1796 3525 1850 quam

260 1871 460 1938 ριέπω,
490 1869 565 1932 ώς
592 1869 693 1943 τὴν
722 1870 862 1941 ἐμὴν
892 1871 1043 1925 ὁσίαν
1077 1871 1293 1943 μητέρα
1312 1888 1326 1902 ’
1384 1871 1520 1925 ἀλλά
1572 1874 1633 1925 τὸ
1665 1874 1837 1943 κρῖμα

1949 1893 2181 1933 veneror
2207 1885 2263 1931 et
2291 1875 2412 1929 colo
2439 1885 2695 1943 tanquam
2738 1882 2980 1928 sanctam
3023 1882 3252 1929 matrem
3297 1889 3474 1927 meam
3511 1894 3523 1926 :

254 1958 547 2027 δεδοικὼς,
594 1960 958 2031 ὂπαρασταίη
990 1961 1049 2013 ὲν
1102 1962 1285 2031 ἡμέρα
1349 1961 1584 2032 κρίσεως
1635 1964 1844 2033 ἑκάστῳ

1953 1970 2046 2023 sed
2075 1966 2341 2038 judicium
2385 1964 2773 2029 reformidans,
2808 1964 2950 2034 quod
3002 1965 3057 2018 in
3092 1966 3181 2020 die
3208 1964 3393 2035 judicii
3440 1981 3529 2035 pa-

256 2054 338 2125 τῷ
385 2071 443 2107 τε
467 2053 742 2125 ἐρωτῶντι
807 2054 902 2107 καὶ
953 2053 1031 2124 τῷ
1100 2053 1517 2125 ἀποκρινομένῳ
1568 2056 1684 2118 ’ὡς
1752 2056 1844 2108 ὲκ-

1949 2068 2126 2114 ratum
2156 2068 2239 2114 est
2271 2058 2566 2127 unicuique
2590 2067 2644 2112 et
2674 2057 3034 2129 interroganti
3060 2066 3113 2111 et
3138 2058 3524 2127 respondenti;

259 2146 524 2215 φευκτέον
559 2146 725 2216 μέχρι
754 2146 849 2198 καὶ
877 2145 1047 2216 ἀργοῦ
1104 2145 1199 2199 τοῦ
1261 2147 1520 2216 τυχόντος
1577 2150 1844 2219 ῥήματος,

1949 2152 2089 2223 quod
2139 2166 2241 2206 nec
2283 2150 2665 2221 subterfugere
2710 2150 2859 2214 licet,
2907 2151 3200 2219 quominus
3248 2166 3420 2221 usque
3459 2153 3527 2205 ad

268 2239 345 2312 μὴ
395 2238 590 2293 δώσειν
619 2239 766 2309 ἡμᾶς
795 2237 953 2305 λόγον
986 2236 1065 2307 τῷ
1094 2238 1377 2310 ἀδεκάστῳ
1401 2243 1589 2311 κριτῇ.
1636 2241 1699 2293 Et
1745 2241 1844 2311 μὲν

1949 2247 2224 2318 quodlibet
2276 2247 2504 2302 verbum
2564 2246 2801 2300 otiosum
2872 2246 3139 2300 rationem
3208 2247 3526 2318 incorrupto

256 2326 355 2383 οῦν
384 2330 551 2399 μήπω
581 2328 897 2397 έζευκταιὴ
932 2328 1112 2391 νεᾶνις
1137 2368 1151 2391 ,
1193 2331 1224 2382 ὁ
1266 2330 1430 2392 αὐτὸς
1470 2331 1601 2399 ἡμῖν
1658 2331 1840 2400 λόγος,

1949 2340 2111 2409 iudici
2148 2340 2531 2395 reddamus".
2567 2339 2771 2404 Quare,
2818 2338 2863 2393 si
2908 2340 3089 2409 puella
3128 2339 3371 2393 nondum
3412 2355 3526 2392 ma-

259 2422 356 2475 καὶ
377 2422 479 2475 οὐκ
512 2420 673 2481 ἄλλος
718 2418 960 2474 ἐναντίον
990 2418 1127 2472 Θεοῦ
1165 2422 1259 2473 καὶ
1288 2421 1591 2492 ἀνθρώπων
1624 2439 1638 2453 ·
1661 2422 1719 2475 ὂν
1748 2424 1843 2476 xui.

1949 2429 2205 2485 trimonio
2238 2440 2320 2485 est
2344 2430 2661 2499 conjuncta,
2703 2430 2809 2484 hoc
2846 2430 3024 2500 ipsum
3058 2429 3291 2485 dicimus
3326 2439 3381 2484 et
3412 2445 3524 2484 non

260 2516 407 2586 ὑμᾶς
435 2512 782 2567 εὐλαϐεῖσθαι
811 2510 1009 2583 χρεών.
1060 2512 1123 2565 Ei
1158 2512 1216 2565 δὲ
1287 2514 1670 2579 συνέζευκται,
1731 2515 1835 2585 φεῦ

1949 2522 2096 2577 aliud
2137 2537 2321 2576 coram
2355 2521 2466 2575 Deo
2513 2531 2567 2575 et
2601 2521 2937 2589 hominibus,
2974 2521 3118 2592 quod
3155 2530 3209 2576 et
3252 2537 3351 2575 vus
3385 2522 3525 2592 ωιιυί

260 2605 359 2676 τῆς
389 2606 528 2676 ἐμῆς
559 2604 940 2676 ταλαιπωρίας
971 2603 985 2658 1
1017 2602 1315 2675 δηλωτέον,
1350 2607 1445 2659 καὶ
1493 2607 1616 2661 τότε
1667 2606 1839 2661 δώσο-

264 2716 364 2769 μεν
397 2698 459 2751 τὸ
489 2697 766 2768 ἐπιτίμιον
794 2713 809 2727 ’
844 2696 999 2750 οὐδὲν
1021 2698 1131 2766 γὰρ
1165 2696 1542 2768 ἀθεράπευτον
1590 2703 1703 2764 τοῖς
1760 2704 1842 2755 ια-

262 2793 422 2862 οῆναι
450 2791 816 2862 βουλομένοις.

263 2993 388 3049 NI".
418 3024 485 3034 -—
504 2995 788 3066 Στεφάνῳ
815 2997 1201 3066 ἀναγνώστῃ,
1232 2998 1330 3052 καί
1366 2998 1492 3065 τοῖς
1514 2998 1635 3051 σὺν
1656 2995 1835 3063 αὐτῷ.

959 3089 1143 3162 [aven]

1946 2612 2191 2684 bonique
2232 2613 2524 2668 consulere
2574 2622 2811 2682 oportet.
2866 2611 2960 2667 Sin
3011 2621 3192 2667 autem
3237 2612 3350 2682 jam
3390 2627 3527 2667 con-

1940 2708 2130 2775 juncta
2170 2712 2275 2770 est,
2331 2722 2364 2760 ο
2416 2705 2794 2760 infelicitatem
2844 2708 3054 2761 meam!
3105 2705 3525 2776 significandum

1947 2807 2051 2857 est,
2083 2806 2137 2851 et
2167 2806 2296 2851 tunc
2326 2811 2543 2865 pmnam
2591 2798 2943 2870 injungemus
2976 2816 2987 2850 :
3022 2798 3158 2852 nibil
3199 2798 3347 2853 enim
3380 2800 3528 2852 insa-

1954 2888 2136 2943 nabile
2168 2898 2250 2943 est
2288 2888 2355 2943 iis
2378 2888 2472 2958 qui
2506 2890 2685 2943 sanari
2719 2891 2929 2947 volunt.

2058 3001 2187 3060 LIII.
2221 3035 2289 3046 —
2318 3003 2585 3075 Stephano
2625 3005 2827 3070 lectori,
2861 3015 2910 3058 et
2942 3006 3008 3058 iis
3038 3007 3122 3059 cui
3163 3022 3279 3059 cum
3308 3006 3419 3061 illo.

1008 3203 1105 3255 Cur
1125 3217 1150 3252 a
1176 3202 1361 3253 Tarasii
1384 3206 1729 3253 communione
1754 3201 2064 3253 abstinuerit.
2099 3203 2300 3263 (Baron.
2327 3215 2407 3251 an.
2432 3202 2543 3261 809,
2570 3216 2620 3250 n.
2655 3204 2756 3264 45.)

337 3314 649 3384 Γράμματα
675 3311 947 3382 ἐδεξάμην
998 3311 1099 3382 τῆς
1160 3312 1417 3382 θεοζή>.ου
1451 3313 1674 3382 ἀγάπης
1713 3328 1806 3365 σου
1830 3324 1844 3339 ⁸

2022 3312 2220 3380 Accepi
2269 3310 2479 3365 litteras
2514 3310 2681 3365 Deum
2722 3310 3031 3366 aemulantis
3063 3311 3349 3368 cbaritatis
3382 3323 3525 3368 tuae:

261 3410 333 3478 τῇ
367 3408 468 3478 μὲν
492 3407 773 3476 ἐπιγραφῇ
805 3405 865 3470 ἐξ
896 3404 1014 3467 ένδς
1040 3443 1056 3469 ,
1087 3406 1153 3475 τῇ
1185 3404 1241 3457 δὲ
1270 3404 1498 3473 δυνάμει
1548 3405 1611 3456 ὲκ
1662 3403 1848 3470 διαφό-

265 3516 379 3571 ρων
409 3497 719 3567 προσώπων
767 3496 1169 3565 ὲπεσταλμένα.
1230 3497 1367 3551 Εἴτε
1401 3496 1533 3565 γοῦν
1584 3496 1642 3562 ἐξ
1705 3496 1844 3559 ἐνὸς,

266 3592 381 3645 εἴτε
419 3592 483 3643 ἐκ
515 3589 797 3655 πλειόνων,
848 3587 1132 3659 ὀφειλέτης
1182 3590 1295 3657 ειμι
1354 3586 1673 3659 ἐρωτηθεὶς,
1725 3584 1848 3639 καθ’

264 3686 391 3738 ὅσον
416 3678 529 3737 οἷόν
558 3700 617 3736 τε
644 3685 711 3754 τῇ
762 3681 975 3753 ἀμαθίᾳ
1009 3698 1139 3751 μου,
1175 3679 1455 3748 ἀξιόλογον
1483 3679 1584 3749 τὴν
1616 3678 1848 3748 ἀπόκρι-

270 3794 358 3831 σιν
388 3776 710 3830 ἀποδοῦναι.
762 3775 968 3828 Ἐκεῖνο
1001 3773 1059 3827 δέ
1095 3789 1186 3843 μοι
1218 3773 1457 3843 πρῶτον,
1487 3773 1568 3824 ὃτι
1602 3764 1678 3825 ὧν
1708 3787 1845 3824 κατ-

266 3868 556 3939 επᾳδόμην
619 3867 774 3938 παρὰ
818 3866 919 3938 τῆς
972 3865 1357 3936 πολυυμνήτου
1417 3863 1662 3934 γλώττης
1728 3880 1847 3926 σου,

267 3963 417 4029 ξένος
452 3962 565 4031 ἐγὼ
596 3962 836 4017 ἐπαίνων
865 3960 1192 4032 ἁμαρτωλὸς
1227 3960 1513 4032 ὑπάρχων,
1551 3960 1645 4013 καὶ
1674 3958 1847 4012 ἀκατ-

263 4058 509 4131 όρθωτον
562 4057 653 4110 τὸν
681 4057 796 4127 βίον
827 4055 1188 4127 κεκτημένος.
1218 4054 1356 4108 Είδέ
1393 4072 1447 4107 τι
1476 4054 1689 4123 γέγονε,
1712 4052 1848 4106 Θεοῦ

262 4153 327 4205 τὸ
354 4150 548 4220 δῶρον,
570 4149 659 4204 διὰ
713 4149 812 4221 μὲν
838 4152 939 4219 τῆς
1003 4147 1099 4201 τοῦ
1152 4146 1516 4217 γεννήσαντάς
1568 4163 1636 4216 με
1688 4143 1851 4198 πνεύ-

265 4260 399 4314 ματι
432 4241 647 4314 Πατρὺς
682 4242 1107 4313 κεχαρισμένον,
1165 4240 1235 4294 δι’
1268 4239 1424 4311 ὑμῶν
1459 4238 1517 4292 δὲ
1581 4238 1691 4290 τῶν
1749 4238 1849 4307 τῆς

266 4334 553 4399 εύσεδείας
583 4334 831 4408 ἐραστῶν
862 4335 1141 4405 ἱκετηρίας
1171 4334 1306 4405 πρὸς
1362 4334 1425 4386 τὸ
1486 4332 1614 4402 ἑξῆς
1672 4331 1847 4401 φυλα-

263 4428 603 4499 χθησόμενον
639 4427 981 4497 ἀπήμαντον.
1031 4425 1293 4496 Δεύτερον
1324 4425 1426 4477 ούκ
1448 4418 1545 4478 οἷδ’
1575 4425 1726 4487 ὅπως
1753 4421 1851 4491 τὴν

266 4519 565 4592 ὲξηγορίαν
595 4520 897 4590 ποιήσομαι
921 4534 936 4550 ο
965 4516 1042 4589 μὴ
1073 4516 1340 4588 εὐκρινῶς
1368 4514 1737 4587 προαχθείσης
1751 4515 1851 4584 τῆς

266 4612 537 4675 πεύσεως.
574 4610 756 4674 Ὀλως
817 4609 878 4663 τὸ
924 4608 1256 4680 ζητούμενον
1293 4609 1373 4670 είς
1430 4600 1720 4678 Ταράσιον’
1757 4604 1850 4658 τὸν

1950 3403 2309 3471 inscriptione
2356 3402 2577 3471 quidem
2640 3413 2898 3472 tanquam
2949 3404 3018 3457 ab
3067 3418 3208 3471 uno;
3260 3408 3529 3460 sententia

1950 3508 2084 3548 vero
2114 3503 2372 3560 tanquam
2400 3508 2430 3547 a
2452 3493 2688 3548 diversis
2715 3496 2936 3549 missas.
2966 3492 3092 3549 Sive
3116 3495 3280 3565 igitur
3300 3496 3369 3549 ab
3394 3512 3526 3558 uno,

1948 3586 2065 3640 sive
2100 3599 2131 3637 a
2176 3584 2456 3654 pluribus,
2488 3585 2660 3638 debeo
2696 3585 3088 3655 interrogatus,
3126 3586 3308 3655 quoad
3355 3587 3526 3655 impe-

1950 3678 2075 3732 ritia
2134 3686 2525 3748 mea-potest,
2591 3678 3148 3747 congruentissimum
3203 3695 3527 3749 responsum

1948 3767 2099 3822 dare.
2132 3767 2376 3821 Primum
2408 3782 2537 3837 ergo
2563 3766 2763 3837 quibus
2808 3783 2895 3822 me
2936 3768 3293 3824 celeberrima
3344 3770 3527 3841 lingua

1952 3869 2043 3913 tua
2088 3858 2342 3913 laudibus
2375 3860 2681 3922 exornavit,
2729 3859 2798 3912 ab
2844 3858 2911 3913 iis
2952 3873 3052 3930 ego
3086 3859 3245 3929 longe
3288 3873 3531 3916 remotus

1950 3966 2094 4015 sum,
2144 3965 2270 4004 cum
2304 3959 2558 4019 peccator
2591 3949 2718 4015 sim,
2774 3959 2831 4004 et
2881 3950 3047 4004 vitam
3098 3964 3255 4019 agam
3305 3951 3530 4004 minime

1951 4044 2298 4099 laudabilem.
2336 4044 2391 4097 Si
2426 4042 2555 4114 quid
2601 4053 2783 4098 autem
2817 4043 2872 4097 in
2911 4057 2996 4098 me
3038 4053 3143 4109 est,
3176 4043 3280 4099 Itoc
3312 4044 3403 4099 Dei
3436 4046 3533 4100 do-

1952 4152 2085 4191 num
2120 4147 2225 4200 εει,
2262 4136 2384 4205 ejus
2415 4136 2506 4205 qui
2541 4150 2629 4189 me
2675 4134 2873 4205 spiritu
2921 4134 3112 4207 genuit
3139 4133 3318 4190 Patris
3354 4138 3527 4205 preci-

1951 4228 2055 4283 bus
2090 4227 2379 4293 tributum,
2408 4226 2556 4297 quod
2601 4236 2657 4281 et
2694 4228 2891 4282 vestris
2921 4227 3012 4296 qui
3050 4228 3304 4296 pietatem
3348 4230 3530 4282 colitis

1952 4320 2445 4391 supplicationibus
2473 4320 2743 4391 integrum
2773 4320 3038 4390 deinceps
3066 4321 3525 4376 conservandum.

1952 4412 2159 4468 Deinde
2221 4429 2331 4482 quo
2380 4422 2537 4483 pacto
2614 4412 2974 4482 respondeam
3021 4414 3229 4479 nescio,
3297 4414 3531 4469 interro-

1952 4507 2167 4578 gatione
2199 4507 2343 4561 baud
2392 4506 2525 4561 satis
2569 4515 2754 4575 aperte
2786 4506 3077 4575 explicata.
3108 4504 3343 4563 Omnino
3380 4524 3528 4578 qua:-

1954 4601 2187 4655 stionem
2223 4599 2289 4654 ad
2341 4595 2632 4652 Tarasium
2686 4599 2816 4653 olim
2849 4599 3214 4669 patriarcbam
3256 4600 3531 4670 pertinere

263 4673 761 4776 πατριαρχήσαντα
804 4673 1191 4773 περιΐστασθαι
1222 4673 1668 4770 ύπολελόγισμαι.
1703 4697 1844 4765 Ἐγὼ

1952 4693 2183 4764 conjeci.
2225 4690 2496 4762 Equidem
2546 4692 2647 4746 bac
2696 4691 2764 4746 de
2799 4706 2858 4746 re
2890 4692 3166 4762 proposita
3203 4692 3526 4762 jamdudum

268 4796 372 4867 μὶν
398 4792 492 4850 οὗν
543 4796 637 4849 καὶ
696 4792 937 4847 ἔκπαλαι
996 4794 1127 4864 περὶ
1178 4790 1273 4845 τοῦ
1320 4790 1686 4860 προταθέντος
1746 4790 1848 4841 ούκ

264 4885 487 4957 ἀμελῶς
516 4887 696 4956 ἔσχον,
725 4883 896 4938 πολλά
950 4882 1285 4963 συστραφεὶς
1353 4884 1411 4935 ὲν
1451 4880 1696 4951 ἐμαυτῷ,
1753 4878 1850 4932 καὶ

265 4979 663 5051 ἀναθεωρήσας
692 4977 800 5031 τῶν
840 4978 1187 5047 πραγμάτων
1253 4976 1354 5039 τὰς
1414 4975 1691 5037 ὲκὸἀσεις.
1737 4974 1849 5026 Καὶ

272 5088 459 5143 μέντοι
490 5072 585 5125 καὶ
616 5070 745 5134 τοὺς
772 5070 912 5144 ὑπὲρ
941 5068 1037 5123 τοῦ
1098 5067 1265 5123 καλοῦ
1295 5068 1703 5138 ἐνισταμένους,
1756 5065 1849 5119 καὶ

266 5164 482 5227 πολλοῖς
500 5163 711 5235 χρόνοις
736 5162 1213 5235 τληπαθήσαντας,
1237 5164 1294 5215 ὲν
1312 5162 1520 5231 ὲπαίνῳ
1544 5162 1638 5215 καὶ
1658 5159 1849 5212 ἀποδο-

268 5258 368 5329 χῆς
384 5255 526 5326 λόγῳ
543 5256 653 5326 ἔχω
679 5271 692 5286 ο
708 5257 768 5309 οὐ
791 5256 895 5326 μὴν
915 5256 1285 5321 παντάπασιν,
1316 5252 1392 5318 ὼς
1415 5252 1671 5323 δηλώσων
1697 5252 1848 5322 Epic-

271 5370 393 5424 μαι,
416 5350 581 5404 καὶτὸ
598 5348 1307 5421 κτήσασθαιὸμογνώμονας
1320 5346 1566 5416 ἐφίεμαι.
1595 5344 1717 5407 Πῶς
1736 5343 1845 5413 γὰρ

268 5442 353 5507 οῦ,
388 5440 739 5513 τηλικούτους
782 5438 1069 5510 ἀνδρικοὺς
1109 5438 1196 5491 ἐπ’
1226 5437 1478 5507 εὐσεϐείᾳ
1498 5476 1513 5502 ,
1546 5433 1797 5504 δεδειγμέ
1826 5462 1851 5473 -

268 5551 396 5598 νους
420 5551 435 5600 ;

350 5627 514 5683 Ἀλλά
542 5626 683 5698 μετὰ
709 5626 806 5680 τοῦ
835 5628 935 5697 τῆς
963 5626 1223 5697 ἀληθείας
1251 5625 1413 5692 λόγου
1438 5665 1452 5689 ,
1488 5623 1583 5677 καὶ
1626 5620 1726 5690 τῆς
1765 5620 1852 5671 ὲν-

1948 4801 2057 4841 non
2091 4786 2211 4840 sine
2243 4798 2375 4839 cura
2424 4784 2528 4849 fui,
2576 4784 2753 4838 multa
2797 4800 3010 4840 mecum
3063 4784 3248 4839 animo
3279 4800 3528 4848 versans,

1948 4887 2005 4932 et
2037 4878 2130 4948 qui
2161 4876 2383 4933 futurus
2434 4887 2579 4934 esset
2628 4893 2814 4933 rerum
2864 4886 3098 4932 eventus
3145 4877 3527 4931 considerans.

1950 4969 2084 5024 Nam
2132 4985 2230 5025 eos
2255 4977 2425 5035 certe,
2459 4970 2552 5040 qui
2591 4985 2693 5040 pro
2748 4979 2900 5025 recto
2926 4969 3300 5036 decertarunt,
3348 4976 3403 5023 et
3433 4969 3528 5024 ditt

1950 5064 2135 5135 gravia
2166 5063 2411 5133 perpessi
2444 5072 2594 5127 sunt,
2636 5078 2971 5133 magnopere
3002 5062 3167 5117 laudo
3201 5070 3257 5117 et
3287 5062 3528 5132 comple-

1949 5163 2258 5209 ctorznon
2311 5163 2497 5208 tamen
2559 5170 2974 5225 usquequaque,
3029 5164 3089 5209 ut
3148 5169 3273 5209 mox
3329 5154 3526 5215 dicam,

1949 5243 2359 5299 consentientes
2383 5258 2480 5299 eos
2504 5244 2707 5299 habere
2728 5245 2913 5299 velim.
2937 5243 3136 5310 Quidni
3161 5253 3345 5297 autem
3363 5243 3386 5296 ?
3405 5258 3529 5296 cutn

1950 5339 2090 5388 adeo
2120 5344 2373 5390 strenuos
2399 5351 2458 5390 se
2488 5350 2586 5405 pro
2613 5337 2818 5406 pietate
2846 5335 3201 5405 praebuerint.

2025 5622 2129 5679 Sed
2164 5632 2345 5679 tamen
2384 5639 2506 5680 cum
2543 5625 2785 5681 veritatis
2818 5628 3008 5689 verbo.
3035 5634 3090 5681 et
3112 5634 3388 5695 quatenus
3415 5624 3531 5679 fieri

268 5719 567 5790 δεχομένης
612 5718 706 5772 καὶ
753 5718 1139 5789 προσηκούσης
1184 5718 1487 5787 δυνάμεως.
1544 5710 1844 5781 Τοιγαροῦν

1953 5716 2077 5785 licet
2109 5726 2163 5771 et
2192 5717 2468 5772 convenit.
2500 5716 2571 5772 Ut
2608 5731 2737 5788 ergo
2761 5717 2825 5772 ad
2854 5732 2971 5771 rem
3003 5717 3248 5779 veniam,
3285 5731 3532 5787 quaenam

270 5808 375 5869 ὦδε
418 5812 620 5883 φαίημι
654 5830 669 5845 ο
719 5813 784 5865 Τί
820 5813 880 5865 τὸ
922 5812 1019 5882 τὴν
1056 5812 1323 5883 διαφορὰν
1383 5809 1519 5881 πρὸς
1575 5806 1844 5876 Ταράσιον

1953 5824 2118 5865 causa
2141 5808 2243 5863 fuit
2271 5824 2366 5864 cur
2398 5826 2427 5863 a
2461 5808 2685 5865 Tarasio
2716 5808 3183 5865 dissenserimus?
3213 5807 3407 5864 Fides?
3436 5810 3527 5860 At-

343 5923 393 5956 ⁷⁸
412 5922 595 5979 Eche.
623 5942 670 5989 v,
707 5926 760 5980 4.
835 5927 1019 5981 τσΑςο.
1061 5942 1112 5991 v,
1142 5924 1194 5989 5,
1227 5924 1279 5978 4.
1359 5923 1398 5955 ⁷⁷
1426 5920 1615 5978 Matth.
1650 5936 1748 5989 xu,
1788 5918 1879 5974 ⁸56.
