4158 6474
663 401 796 462 1103

1839 396 1899 453 S.
1936 392 2328 452 THEODORI
2370 391 2714 450 STUDITE

3763 386 3898 449 11οι

659 517 750 582 qui
784 513 960 582 palam
990 511 1205 582 quidem
1235 509 1575 564 orthodoxus
1597 519 1732 572 erat,
1766 522 1951 562 sacras
1982 506 2219 576 synodos

2342 502 2509 555 τοιοῦν
2543 503 2674 572 ἡμῖν
2719 501 2859 572 lead.
2915 499 3038 569 Reg.
3084 499 3274 570 ὑμῖν];
3326 499 3556 564 Πίστις;
3613 499 3724 552 Kat
3781 500 3907 552 ὅσον

660 605 1010 673 sequebatur.
1053 613 1108 657 et
1150 617 1272 656 cum
1309 601 1430 655 aliis
1465 598 1790 670 patriarchis
1832 596 2230 653 consentiebat.

660 704 714 748 et
760 694 1052 748 maximum
1108 703 1266 747 antea
1311 707 1408 761 pro
1459 691 1561 744 fide
1619 700 1900 746 certamen
1955 687 2234 742 sustinue-

663 796 860 839 rat.....
883 785 1155 838 Eorumne
1188 784 1278 852 qui
1313 784 1380 837 ab
1418 783 1610 836 haeresi
1662 781 2078 835 revertebantur
2108 794 2233 833 sus—

663 876 877 944 ceptio?
927 875 996 929 At
1026 889 1134 928 non
1164 875 1233 929 ab
1268 875 1357 927 illo
1385 873 1499 928 hac
1529 872 1764 942 primum
1800 871 2046 925 instituta
2071 888 2084 925 :
2108 885 2232 925 cum

663 983 692 1020 a
736 968 939 1022 sanctis
977 967 1231 1024 Patribus
1268 965 1464 1034 triplici
1512 964 1675 1019 modo
1708 964 1949 1032 suscepti
1997 962 2230 1023 fuerint,

664 1060 746 1113 vel
795 1059 1021 1128 repetito
1062 1058 1352 1127 baptismo,
1400 1065 1459 1110 ut
1511 1055 1812 1126 Pepuzeni;
1861 1055 1944 1108 vel
1981 1070 2080 1124 pro
2127 1053 2233 1108 olei

664 1152 1004 1215 unctionem,
1034 1159 1094 1204 ut
1137 1149 1355 1213 Ariani;
1405 1148 1489 1202 vel
1536 1163 1633 1218 per
1675 1146 1907 1217 propria
1946 1146 2233 1200 sententia:

664 1242 1106 1308 detestationem,
1137 1249 1196 1295 ut
1227 1239 1566 1295 Nestoriani.

737 1503 818 1556 An
849 1502 1118 1558 ordinatio
1148 1517 1242 1573 per
1263 1504 1572 1573 pecuniam,
1599 1516 1720 1571 quae
1745 1502 1800 1556 in
1831 1501 2230 1571 depositionem

668 1593 978 1647 necessario
1032 1592 1310 1647 incurrit?
1367 1590 1460 1646 Na:
1511 1592 1564 1646 id
1604 1606 1828 1661 prorsus
1885 1606 2072 1645 verum
2103 1599 2228 1644 est:

669 1693 798 1738 tunc
827 1684 970 1738 enim
1002 1694 1247 1755 pastores
1271 1683 1374 1738 visi
1412 1692 1539 1738 sunt
1587 1683 1700 1753 lupi
1742 1697 1990 1752 rapaces,
2040 1682 2228 1735 altaria

665 1772 859 1826 eﬂossa
913 1784 1059 1838 sunt,
1129 1774 1328 1828 divina
1384 1774 1626 1844 reliquire
1677 1773 1948 1828 dedecore
1998 1773 2228 1836 affectat,

2338 597 2402 647 ἐκ
2428 594 2523 647 τοῦ
2555 591 2888 663 προφανοῦς,
2932 591 3232 661 ὀρθόδοξος,
3264 593 3384 652 ταῖς
3433 606 3494 642 τε
3547 590 3732 656 ἁγίαις
3782 607 3910 642 aov-

2337 687 2473 747 όίοις
2497 680 2903 755 ἠκολουθηκὼς,
2932 684 3024 734 καὶ
3053 681 3431 751 ὁμοφρονήσας
3459 681 3570 741 τοῖς
3603 679 3784 742 ἄλλοις
3808 696 3913 734 παν

2334 776 2660 846 τριάρχαιςο
2723 774 3131 843 ἀγωνισάμενος
3194 773 3430 840 μάλιστα
3473 770 3614 840 ὑπὲρ
3667 771 3909 834 πίστεως

2334 867 2395 919 τὸ
2423 867 2704 937 πρότερον.
2755 865 2818 918 'H
2870 865 2978 917 τῶν
3023 861 3081 926 ἐξ
3129 861 3398 931 αἱρέσεως
3450 861 3911 929 ὑποστρεψάντων

2336 957 2616 1027 παραδοχή
2635 973 2650 1021 ;
2672 955 2779 1010 Kal.
2803 955 2900 1023 οὐχ
2937 953 3028 1006 ὑπ’
3059 951 3225 1008 αὑτοῦ
3247 951 3705 1020 καινοτομηθεῖσα
3731 967 3744 980 ·
3779 969 3915 1019 προς

2334 1049 2442 1118 γὰρ
2465 1049 2573 1101 τῶν
2603 1049 2776 1116 ἁγίων
2820 1045 3079 1115 Πατέρων
3144 1043 3351 1114 τριχῶς
3407 1042 3868 1111 παραδεχομένων
3899 1057 3910 1069 ·

2335 1140 2366 1208 ἦ
2409 1137 2496 1192 διὰ
2533 1135 2990 1206 άναεαπτισμοῦ,
3027 1133 3102 1196 ώς
3159 1134 3193 1203 ἡ
3247 1132 3356 1185 τῶν
3421 1130 3821 1199 Πεπουζηνῶν·
3885 1130 3917 1194 ἢ

2332 1229 2420 1282 διὰ
2463 1228 2695 1300 κρίσεως
2745 1227 2939 1298 μύρου,
2970 1226 3046 1288 ώς
3108 1225 3142 1295 ἡ
3190 1223 3300 1276 τῶν
3367 1222 3702 1292 ’Δρειανῶνο
3762 1221 3791 1288 ἢ
3847 1217 3916 1271 δι’

2332 1318 2778 1389 άναθεματισμοῦ
2818 1319 2918 1389 τῆς
2945 1317 3158 1380 οίκείας
3211 1314 3408 1386 δόξης,
3443 1313 3520 1376 ὡς
3569 1313 3602 1383 ἡ
3635 1312 3747 1365 τῶν
3807 1312 3918 1365 Νε-

2335 1411 2652 1480 στοριανῶν.

2415 1503 2477 1555 Ἥ
2513 1504 2570 1555 ὲν
2605 1502 2846 1575 χρήμασι
2898 1501 3226 1573 χειροτονία,
3265 1500 3387 1570 ἥτις
3423 1499 3722 1553 ὑποπίπτει
3775 1499 3919 1552 κατὰ

2332 1594 2391 1646 τὸ
2421 1595 2713 1661 ἀναγκαῖον
2739 1593 3090 1665 καθαιρέσεις
3121 1593 3249 1659 Ναὶ,
3283 1591 3587 1660 πανάληθες
3611 1608 3625 1620 ο
3659 1592 3754 1643 καὶ
3787 1589 3918 1657 γοῦν

2333 1684 2632 1755 τηνικαῦτα
2679 1685 2939 1755 ποιμένες
2981 1683 3135 1738 λύκοι
3184 1684 3373 1754 βαρεῖς
3423 1681 3684 1751 ὤφθησαν
3715 1700 3728 1712 ·
3780 1698 3917 1734 κατ-

2333 1776 2581 1848 εσκάφθη
2634 1777 2996 1849 θυσιαστήρια
3025 1793 3041 1811 ο
3071 1776 3324 1848 ἠτιμώθη
3357 1774 3474 1829 θεῖα
3500 1774 3761 1842 ,λείψανα
3788 1789 3803 1802 ·
3834 1774 3917 1842 βί-

668 1863 803 1917 sacri
840 1863 960 1916 libri
992 1865 1189 1919 exusti.
1222 1864 1362 1930 Quid
1394 1865 1591 1935 plura?
1623 1865 1740 1935 ipsa
1787 1865 1990 1920 Christi
2031 1867 2227 1937 imago,

2342 1868 2448 1921 ὅλοι
2483 1845 2622 1941 ἱεραὶ
2666 1845 3105 1941 ἐνεπρήσθησαν,
3144 1845 3210 1921 Τί
3241 1845 3404 1921 πλάον
3442 1866 3625 1937 ςαὺτὴ
3670 1869 3705 1936 ἡ
3753 1867 3918 1919 εἰκὼν

669 1964 866 2023 praeter
900 1955 1031 2009 alias
1087 1957 1477 2016 sanctissimas.
1524 1957 1918 2012 contumeliose
1969 1958 2152 2012 habita
2181 1968 2236 2013 et

668 2046 1002 2102 conculcata.
1035 2047 1102 2104 Et
1135 2047 1254 2117 quis
1275 2047 1425 2103 brevi
1459 2051 1707 2104 oratione
1743 2051 2029 2119 complecti
2048 2061 2233 2120 queat,

669 2154 788 2208 qua:
820 2139 1033 2208 longam
1085 2140 1455 2195 narrationem
1511 2142 1850 2211 requirunt?
1897 2143 2036 2209 Quid
2088 2145 2234 2213 quod

671 2245 835 2301 porro
868 2247 1104 2301 sequcns
1134 2234 1443 2303 patriarcha
1469 2251 1533 2290 ex
1566 2237 1811 2292 saeculari
1839 2239 1905 2292 ad
1945 2238 2234 2310 episcopa-

671 2323 775 2376 lem
815 2324 1136 2392 dignitatem
1184 2337 1408 2394 repente
1460 2338 1771 2396 provectus,
1840 2329 2070 2384 idoneus
2123 2346 2234 2384 non

671 2411 885 2480 fuitqui
914 2427 1011 2482 pro
1043 2413 1238 2482 spiritu
1274 2425 1537 2484 quantum
1571 2418 1701 2470 satis
1739 2430 1855 2472 erat
1894 2419 2238 2476 decertaret?

671 2503 798 2556 lndc
829 2505 1080 2558 scandala
1113 2523 1124 2558 :
1165 2506 1291 2561 inde
1319 2507 1406 2561 illa
1440 2524 1561 2577 qua:
1604 2510 1714 2579 jam
1753 2526 1851 2565 nos
1882 2513 2235 2576 conturbant,

671 2593 933 2662 originem
993 2608 1366 2664 sumpserunt.
1410 2595 1515 2652 Vos
1572 2598 1753 2668 itaque
1807 2615 1916 2668 quo
1955 2602 2076 2656 sitis
2111 2618 2236 2671 erga

673 2687 820 2740 illum
849 2689 1049 2750 animo,
1093 2689 1342 2743 novistis.
1372 2689 1480 2743 Nos
1527 2705 1678 2753 vero,
1715 2702 1771 2744 ut
1823 2693 2099 2760 sigillatitn
2141 2711 2235 2749 eos

671 2777 761 2842 qui
803 2779 1030 2845 pecunia
1070 2778 1301 2832 ordinati
1355 2777 1594 2841 fuerant,
1641 2779 1995 2833 audiebamus
2043 2788 2110 2833 ab
2149 2781 2238 2833 illo

673 2883 778 2920 non
811 2869 1023 2922 admitti
1061 2869 1126 2923 ad
1166 2870 1628 2933 communionem,
1674 2887 1983 2941 quanquam
2021 2888 2129 2926 non
2166 2874 2236 2927 ita

671 2961 1100 3025 existimabatur,
1131 2962 1464 3016 conveniens
1502 2978 1622 3016 esse
1649 2963 1906 3018 duximus
1939 2965 2086 3034 pacis
2127 2976 2238 3020 stu-

669 3053 762 3106 dio
824 3054 1171 3108 concordiam
1229 3070 1352 3108 cum
1401 3070 1466 3108 eo
1513 3057 1794 3110 retinere:
1851 3058 2116 3126 siquidem
2171 3059 2238 3112 ad

672 3143 834 3206 hanc,
863 3146 1040 3213 quoad
1072 3145 1213 3208 licet,
1254 3147 1706 3214 propendcndum
1742 3157 1846 3210 est,
1896 3159 1954 3204 ut
1983 3160 2037 3204 et
2059 3150 2238 3203 Theo-
2264 3179 2308 3240 Ο

673 3235 825 3307 logos
874 3236 1055 3301 ait";
1092 3252 1154 3289 ac
1196 3237 1288 3292 ubi
1329 3238 1651 3292 offensionis
1704 3240 1942 3309 suspicio
1983 3251 2088 3305 cst,
2125 3257 2239 3295 mc-

671 3321 776 3376 lius
805 3331 888 3376 est
938 3323 1192 3376 assentiri
1251 3340 1411 3393 quam
1472 3328 1809 3396 pertinacem
1859 3344 2002 3384 esse.
2055 3329 2241 3400 Neque

671 3428 802 3467 vero
851 3413 950 3482 ipsi
993 3430 1088 3469 vos
1135 3415 1201 3470 dc
1263 3417 1600 3472 conscientia
1660 3429 1838 3474 vestra
1895 3423 2239 3492 depcllimus.

677 3505 890 3576 Vosque
918 3505 1154 3562 vieissim
1198 3507 1248 3562 id
1288 3525 1318 3563 a
1351 3511 1510 3566 nobis
1544 3511 1596 3564 in
1621 3527 1677 3566 rc
1707 3513 1848 3568 haud
1888 3517 2106 3584 penitus
2131 3534 2242 3572 ma-

674 3596 874 3650 nifesta
901 3612 972 3651 ne
1011 3597 1247 3667 exigite:
1286 3601 1729 3670 quandoquidem
1777 3612 1831 3658 et
1883 3621 2134 3674 persona,
2189 3618 2244 3662 et

674 3699 911 3758 tempus,
953 3699 1006 3744 et
1042 3693 1373 3759 experientia
1407 3695 1700 3750 conciliare
1741 3697 1876 3752 solet
1905 3713 2022 3761 eos,
2053 3701 2144 3769 qui
2176 3701 2242 3755 dc

675 3783 866 3836 iisdem
900 3783 1060 3837 rebus
1092 3800 1198 3837 non
1224 3786 1412 3839 eadem
1445 3788 1769 3841 sentiebant.

744 3873 851 3928 Sed
896 3890 1154 3944 quorsum
1207 3876 1302 3929 ista
1339 3877 1403 3930 ad
1459 3877 1698 3931 divimnn
1761 3879 2090 3935 Gcrmanmn
2150 3899 2240 3944 re,-

673 3964 878 4032 gressio
908 3965 929 4016 ?
960 3973 1018 4017 ut
1047 3966 1170 4017 inde
1199 3980 1422 4034 prorsus
1468 3967 1739 4022 ordinatio
1763 3982 2058 4038 repetatur.
2101 3971 2238 4038 Quid

672 4058 840 4120 enim,
868 4057 933 4110 de
967 4056 1140 4110 tribus
1170 4057 1258 4124 qni
1319 4057 1590 4126 interjeeti
1656 4059 1874 4114 fuerunt
1921 4063 2189 4118 haereticis
2218 4066 2240 4115 ?

673 4148 926 4201 nullusne
979 4157 1083 4211 est,
1111 4148 1200 4216 qui
1251 4146 1319 4199 ab
1351 4147 1457 4200 illis
1483 4150 1762 4204 ordinatus
1793 4168 1898 4204 non
1928 4152 2112 4213 fuerit,
2146 4164 2240 4207 aut

671 4241 740 4294 ab
773 4240 838 4294 iis
867 4255 1006 4309 quos
1055 4239 1130 4293 illi
1164 4239 1505 4302 ordinarunt,
1535 4243 1848 4296 transmissa
1876 4260 2038 4312 porro
2068 4262 2238 4315 usque

673 4329 740 4383 ad
776 4329 1057 4384 Tarasium
1091 4331 1474 4386 ordinatione?
1512 4332 1682 4396 Quam
1728 4335 1883 4389 multi
1928 4351 1991 4390 ex
2027 4337 2239 4392 oriente

674 4429 729 4473 et
758 4420 1042 4474 occidente
1071 4431 1124 4474 et
1153 4422 1407 4490 aquilone
1431 4434 1485 4477 et
1513 4424 1646 4476 mari
1679 4437 1942 4480 venerunt
1975 4427 2066 4481 illo
2100 4438 2238 4482 tem-

2334 1959 2428 2012 τοῦ
2488 1959 2725 2030 Χριστοῦ
2765 1961 2904 2030 πρὸς
2955 1959 3146 2022 ἄλλαις
3201 1958 3567 2020 σεπτοτάταις
3625 1956 3916 2024 ὲνὺὁριστο

2329 2053 2430 2104 καὶ
2457 2051 2894 2122 κατεπεπάτητο.
2924 2051 3030 2104 Καὶ
3061 2050 3146 2113 τίς
3179 2049 3244 2102 ἂν
3272 2051 3331 2102 ἑν
3361 2048 3527 2118 ὀλίγῳ
3557 2046 3819 2110 διεξέλθοι
3850 2046 3916 2098 τά

2340 2146 2558 2212 μακρᾶς
2587 2142 2826 2212 ίστορίας
2860 2140 3127 2210 δεόμενα;
3173 2138 3333 2192 Ἀλλά
3365 2139 3416 2190 τί
3451 2139 3534 2191 ὅτι
3561 2140 3588 2190 ὁ
3617 2137 3916 2206 με’τέπειτα

2337 2235 2599 2304 πρόεδρος
2623 2233 2687 2286 ὲκ
2720 2233 2821 2302 τῆς
2867 2233 3139 2303 κοσμικῆς
3167 2230 3298 2300 ὑλης
3331 2230 3526 2284 θᾶττον
3570 2234 3652 2293 εἰς
3703 2231 3767 2282 τὸ
3821 2228 3919 2298 τῆς

2340 2323 2620 2394 ίεραρχίας
2650 2322 2866 2392 ἀξίωμα
2902 2322 3130 2393 προϐάς,
3164 2321 3262 2393 οὑχ
3283 2315 3395 2385 οἷός
3420 2337 3477 2375 τε
3509 2320 3734 2388 γέγονεν
3758 2322 3921 2393 ὑπερ·

2342 2415 2585 2485 μαχῆσαι
2666 2413 2865 2478 ἱκανῶς
2916 2412 3012 2466 τοῦ
3083 2413 3437 2484 πνεύματοςς
3510 2411 3794 2466 Ἐντεῦθεν
3851 2419 3917 2468 τά

2339 2507 2633 2566 σκάνδαλα·
2692 2506 2900 2559 ἐκεῖθεν
2925 2505 3021 2558 καὶ
3057 2507 3126 2558 τά
3154 2506 3255 2577 ἤδη
3286 2507 3626 2576 ταράττοντα
3688 2508 3793 2576 τὴν
3830 2510 3914 2560 αί-

2338 2599 2456 2650 τίαν
2483 2598 2720 2667 εἴληφεν.
2737 2599 2925 2667 Ὑμεῖς
2951 2599 3049 2667 μὲν
3073 2594 3190 2662 οὖν,
3206 2599 3430 2662 ὄπωςτὰ
3452 2599 3586 2670 πρὸς
3604 2601 3923 2672 αὑτὸνιχοι-

2337 2705 2417 2753 τε,
2447 2689 2580 2740 fore.
2599 2689 2785 2758 Ἡμεῖς
2813 2688 3092 2758 obiret“;
3107 2690 3166 2740 ὲν
3183 2689 3258 2760 τῷ
3273 2690 3433 2759 μέρει
3461 2690 3568 2744 τῶν
3593 2691 3650 2742 ὲν
3678 2694 3922 2761 χρήμασι

2339 2779 2822 2849 χειροτονηθέντων
2850 2780 3124 2850 ἠκούομεν
3141 2781 3270 2852 παρ’
3296 2782 3460 2834 αὑτοῦ
3489 2783 3565 2852 μὴ
3595 2784 3920 2851 προσίεσθαι

2339 2871 2536 2934 αὑτοὺς
2564 2872 2643 2934 είς
2664 2873 2967 2936 κοινωνίαν,
2998 2872 3206 2942 κᾶνοὺχ
3235 2872 3407 2936 οὑτως
3433 2873 3712 2926 ὑπενοεῖτο
3733 2913 3747 2936 ,
3785 2891 3922 2940 συμο

2342 2963 2506 3033 φέρον
2536 2965 2858 3034 ἡγησάμεθα
2889 2965 2979 3018 διὰ
3001 2965 3059 3016 τὸ
3089 2964 3183 3034 τῆς
3215 2967 3438 3036 εἰρήνης
3469 2965 3632 3018 καλδιν
3663 2967 3764 3035 τὴν
3789 2970 3922 3036 πρὸς

2340 3057 2502 3110 αὑτὸν
2539 3059 2791 3126 ὁμόνοιαν
2827 3075 2840 3090 ο
2899 3055 3134 3124 ἐπείπερ
3197 3055 3333 3126 φησι
3386 3057 3480 3110 καὶ
3543 3059 3571 3110 ὁ
3622 3056 3918 3125 θεολογος⁸

2344 3150 2486 3212 Ἕως
2515 3150 2654 3214 ἐξὸν,
2687 3149 3007 3202 άποκλιτέον
3046 3150 3178 3219 πρὸς
3207 3150 3432 3220 ταύτην.
3461 3151 3574 3203 Καὶ
3601 3146 3662 3205 οῦ
3719 3152 3781 3204 τὸ
3832 3153 3923 3203 λυ-

2349 3241 2484 3294 ποῦν
2527 3242 2772 3305 ὑπόνοια,
2832 3241 3036 3311 βέλτιον
3081 3245 3179 3311 τῆς
3213 3243 3502 3306 αὐθαδείας
3555 3246 3586 3315 ἡ
3643 3249 3922 3314 συγκατά-

2346 3335 2514 3398 θεσις.
2547 3336 2658 3390 Kal.
2683 3335 2806 3388 οὑτε
2839 3338 3000 3406 ἡμεῖς
3029 3336 3370 3407 καθέλκομεν
3405 3339 3548 3407 ὑμᾶς
3595 3339 3692 3408 τῆς
3747 3357 3928 3393 συνει.

2343 3425 2551 3495 δήσεως
2585 3442 2598 3457 ’
2635 3427 2758 3497 μηδ’
2783 3429 2940 3480 αὐτοὶ
2968 3428 3293 3498 ἀπαιτοίητε
3318 3431 3466 3499 ἡμᾶς
3496 3430 3595 3500 τῆς
3619 3432 3680 3484 οὑ
3706 3449 3923 3502 προφα-

2345 3518 2469 3581 νοῦς
2505 3521 2635 3589 ἡμῖν
2684 3521 3071 3588 διαγνώσεως·
3104 3523 3291 3592 ἐπειδὴ
3339 3525 3434 3575 καὶ
3480 3525 3772 3593 πρόσωπον
3831 3527 3927 3579 καὶ

2346 3611 2534 3681 χρόνος
2566 3614 2658 3665 καὶ
2692 3617 2855 3684 πεῖρα
2882 3613 3224 3667 διαλλάττειν
3261 3617 3403 3668 ποιεῖ
3429 3618 3554 3680 τοὺς
3592 3617 3666 3688 μὴ
3692 3619 3925 3671 ἐπὶτῶν

2343 3704 2524 3756 αὑτῶν
2550 3705 2809 3770 ὡσαύτως
2840 3705 3172 3772 φθάσαντας.

2425 3882 2585 3936 Ἀλλὰ
2611 3885 2692 3948 τίς
2718 3888 2746 3938 ὁ
2778 3886 2914 3956 πρὸς
2943 3888 3035 3940 τὸν
3063 3888 3204 3942 Θεῖον
3234 3891 3512 3962 Γερμανδν
3546 3897 3920 3970 άναποδισμδς

2343 3974 2438 4028 καὶ
2464 3976 2522 4028 τὸ
2551 3977 2758 4029 ἐκεῖθεν
2790 3981 2852 4031 ὲκ
2876 3980 3076 4045 παντὸς
3103 3983 3287 4052 ζητεῖν
3313 3985 3412 4056 τὴν
3440 3991 3776 4058 χειροτονίαν
3807 4009 3821 4055 ;
3856 3995 3922 4048 ’Ῐί

2341 4068 2449 4138 γάρ
2471 4071 2624 4122 κα¹ιοί
2640 4071 2696 4122 δν
2715 4073 2862 4142 μέσῳ
2887 4077 3033 4144 τρεῖς
3054 4077 3348 4146 αἱρετικοί;
3376 4081 3476 4133 οὑκ
3494 4082 3606 4135 ἔστι
3637 4102 3718 4147 τις
3740 4088 3816 4155 μὴ
3836 4076 3926 4140 ὑπ’

2340 4159 2520 4210 αὐτῶν
2551 4163 2967 4233 χειροτονηθεὶς,
3003 4165 3033 4235 ἦ
3063 4169 3124 4218 ἐκ
3140 4167 3245 4220 τῶν
3261 4169 3396 4239 πρὸς
3415 4173 3592 4226 αὑτῶν
3617 4191 3928 4247 χειροτονη-

2343 4248 2564 4316 Θέντων,
2610 4255 2749 4308 κατά
2781 4257 3001 4310 κάθοδον
3035 4261 3194 4329 μέχρι
3228 4263 3504 4332 Ταρασὶου
3554 4267 3927 4341 ἀμειϐομένης

2343 4345 2440 4411 τῆς
2471 4348 2836 4415 χειροτονίαςς
2872 4350 3034 4402 Πόσοι
3065 4352 3128 4415 ἐξ
3159 4356 3439 4408 ἀνατολῶν
3471 4357 3564 4408 καὶ
3589 4357 3810 4429 δυσμῶν
3827 4367 3923 4416 καὶ

2347 4433 2517 4504 βορῤά
2551 4437 2644 4490 καὶ
2670 4437 2941 4506 θαλάσσης
2971 4441 3171 4510 ῆκασιν
3222 4445 3280 4496 ὲν
3307 4445 3385 4516 τῷ
3417 4446 3644 4516 μεταξὺ,
3681 4451 3776 4503 καὶ
3804 4469 3927 4505 συν-

676 4512 820 4580 poris
842 4513 1038 4581 spatio,
1076 4521 1436 4582 susceptoque
1491 4517 1795 4569 sacerdotio
1851 4517 2106 4573 Ecclesiae
2137 4535 2238 4572 no-

2346 4528 2594 4596 ηφοησαν
2630 4528 2718 4582 διὰ
2780 4534 3060 4596 κοινωνίας
3109 4536 3175 4604 τῇ
3239 4512 3367 4589 καθ(
3417 4512 3566 4608 ημᾶς
3629 4541 3926 4617 Ἐκκλησία

675 4612 799 4661 suae
852 4617 946 4673 per
1007 4603 1448 4658 communionem
1502 4605 1778 4674 conjuncti
1842 4605 2115 4662 fuci-unt?
2176 4609 2241 4663 Et

673 4688 839 4762 quam'
867 4694 1023 4748 multi
1085 4694 1204 4749 sine
1252 4695 1480 4764 pecunia
1539 4696 1774 4750 ordinati
1835 4707 1948 4751 tum
2000 4698 2240 4765 fuerunt,

674 4786 1125 4854 ordinaruntque,
1158 4785 1405 4854 quamvis
1437 4785 1618 4840 forent
1649 4787 1888 4841 hmretici
1917 4789 1938 4840 ?
1972 4789 2061 4843 Dei
2085 4791 2244 4845 unius

673 4888 758 4934 cst
787 4879 904 4933 haec
930 4878 1112 4933 omnia
1163 4894 1346 4942 nosse,
1387 4895 1494 4932 non
1568 4890 1748 4934 autem
1811 4882 2047 4935 hominis
2101 4883 2246 4937 affir-

673 4984 1199 5039 marezomnesqne
1258 4978 1544 5040 pr0pterea
1628 4971 1902 5040 depositos
1974 4974 2244 5030 arbitrari.

675 5061 781 5116 Sed
838 5061 1094 5130 quoniam
1148 5061 1399 5117 homines
1456 5079 1666 5126 sumus,
1724 5064 2002 5117 hominum
2074 5083 2246 5132 more,

675 5166 881 5221 quaeso,
941 5167 1028 5206 res
1066 5152 1459 5222 inspiciamus:
1495 5169 1562 5207 eo
1597 5153 1744 5223 quod
1795 5153 1958 5208 homo
2013 5156 2242 5220 vultum,

678 5245 820 5300 Deus
852 5261 978 5299 vero
1007 5260 1102 5299 cor
1132 5246 1373 5300 intuetur
1404 5246 1480 5299 "z
1519 5262 1581 5301 ac
1615 5248 1956 5302 solummodo
2001 5249 2247 5319 exigatur

673 5337 786 5390 oris
841 5336 1132 5399 confessio,
1171 5337 1388 5405 quando
1433 5354 1551 5392 eam
1601 5339 1817 5393 mentiri
1859 5355 1967 5392 non
2032 5341 2242 5409 liquet:

673 5426 971 5480 secundum
997 5440 1157 5496 quam
1193 5437 1248 5481 et
1275 5426 1528 5482 Tarasius
1558 5429 1953 5483 ordinationem
1974 5431 2245 5499 suscepit:

673 5517 742 5570 oh
774 5533 936 5586 quam
976 5527 1030 5572 et
1080 5517 1179 5572 viri
1234 5518 1518 5589 diligentes
1577 5535 1639 5574 ac
1692 5519 1928 5589 religiosi
1977 5522 2069 5589 qui
2127 5534 2240 5576 tum

672 5616 849 5668 erant,
900 5616 954 5660 et
985 5606 1208 5662 Tarasio
1239 5625 1296 5664 se
1323 5610 1728 5678 eonjunxerunt
1759 5622 1813 5665 et
1860 5627 1981 5664 cum
2015 5628 2078 5664 co
2106 5629 2238 5667 con-

673 5704 959 5747 senserunt
994 5712 1006 5748 :
1041 5705 1094 5749 et
1136 5708 1358 5766 repente
1405 5708 1523 5767 post
1563 5698 1822 5769 synodum
1853 5700 2236 5756 discessionem

753 5828 975 5904 "Greg.
1016 5835 1170 5904 Nan,
1196 5847 1334 5891 orat.
1367 5838 1452 5902 ll,
1491 5855 1611 5908 pag.
1644 5838 1769 5895 223.

1852 5842 1894 5872 τ’
1922 5841 1936 5894 l
1969 5838 2098 5910 Reg.
2137 5859 2242 5909 xw,
2279 5846 2329 5900 7.

2352 4619 2647 4688 ίερωμένοι
2676 4637 2689 4686 ;
2722 4623 2832 4675 Καὶ
2861 4623 2972 4676 ὅσοι
3008 4626 3137 4680 ἄνευ
3195 4631 3492 4700 χρημάτων
3543 4639 3799 4706 τηνικάδε
3835 4659 3925 4693 κε-

2348 4711 2772 4781 χειροτόνηνται,
2801 4717 2894 4767 καὶ
2925 4723 3424 4791 κεχειροτονήκασι,
3462 4724 3564 4779 κᾶν
3633 4729 3884 4800 ᾑρέτιζον
3910 4752 3923 4797 ;

2353 4802 2536 4854 Ταῦτα
2565 4804 2742 4857 πάντα
2771 4804 2906 4858 Θεοῦ
2944 4808 3106 4877 μόνου
3133 4812 3443 4881 γινώσκειν,
3465 4819 3560 4870 καὶ
3589 4819 3688 4873 οὑκ
3720 4823 3927 4895 ἀνθρώ·

2355 4905 2457 4940 που
2483 4889 2944 4946 διαϐεϐαιοῦσθαι.
2982 4896 3090 4947 Kal.
3125 4895 3213 4950 διὰ
3243 4899 3402 4953 τοῦτο
3429 4903 3640 4968 πάντας
3675 4889 3925 4982 καθῃρη-

2361 4980 2556 5048 μένους
2583 4981 3008 5052 ὑπολαμϐάνειν.
3046 4983 3187 5040 Ἀλλ’
3213 4991 3338 5043 ἐπεὶ
3367 4993 3646 5065 ἄνθρωποι
3677 5039 3691 5062 ,
3723 4980 3804 5062 ώς
3835 5004 3927 5055 άν-

2354 5072 2582 5141 ορωποι,
2615 5077 2940 5146 παρακαλῶ,
2981 5081 3048 5132 τά
3085 5082 3394 5153 πράγματα
3420 5088 3732 5157 κατίδωμεν
3753 5109 3766 5120 ·
3793 5093 3926 5146 διότι

2352 5163 2634 5231 ἄνθρωπος
2667 5168 2748 5230 είς
2781 5171 3093 5238 πρόσωπον,
3135 5174 3266 5236 Θεὸς
3290 5176 3346 5229 δὲ
3408 5180 3489 5242 εἰς
3537 5182 3768 5250 καρδίαν
3804 5187 3925 5255 ὁρᾷ,

2355 5253 2447 5304 καὶ
2488 5258 2517 5322 ἡ
2570 5256 2657 5310 διὰ
2719 5261 2989 5330 στόματος
3039 5267 3301 5334 ὁμολογία
3351 5271 3512 5338 μόνον
3566 5274 3926 5339 άπαιτεέσθω,

2355 5346 2514 5413 ἡνίκα
2546 5349 2610 5401 ἂν
2644 5351 2718 5421 μὴ
2752 5355 3050 5424 προφανῶς
3101 5358 3458 5430 διαψεὺδηται
3482 5379 3497 5392 ·
3533 5362 3655 5415 καθ’
3712 5367 3779 5433 ἣν
3836 5369 3928 5418 καὶ

2359 5437 2630 5508 Ταράσιος
2661 5445 2759 5514 τὴν
2795 5451 3130 5516 χειροτονίαν
3158 5452 3375 5517 ἐδέξατο
3397 5469 3409 5482 °
3447 5449 3583 5526 ἑφ⁹ᾖ
3609 5456 3703 5506 καὶ
3734 5460 3782 5509 οἱ
3807 5460 3926 5510 τότε

2346 5530 2585 5601 ζηλωταὶ
2619 5540 2710 5590 καὶ
2741 5540 3008 5609 ὰκριὸεῖς,
3040 5545 3132 5596 καὶ
3188 5545 3447 5615 συνῆλθον
3496 5547 3756 5619 Ταρασίῳ
3781 5589 3795 5611 ,
3833 5553 3927 5602 καὶ

2343 5623 2776 5696 ώμογνωμόνουν
2798 5647 2810 5659 ·
2851 5633 2945 5685 καί
2975 5634 3165 5686 θᾶττον
3199 5638 3335 5704 μετὰ
3363 5638 3462 5707 τὴν
3501 5639 3720 5690 σύνοδον
3750 5641 3922 5709 διηνέ-

2344 5713 2550 5783 χθησαν
2587 5718 2720 5786 πρὸς
2749 5723 2813 5789 τῇ
2875 5722 3149 5792 παραδοχῇ
3190 5727 3307 5777 κατ’
3339 5727 3538 5790 αὐτοὺς
3582 5728 3678 5797 τῆς
3709 5731 3767 5782 ἐν
3790 5730 3918 5799 χρή·
