4158 6522
271 478 408 543 1105

1493 480 2034 542 EPISTOLARUM
2072 481 2216 540 LIB.
2249 480 2299 539 Ι.

3387 486 3519 548 1106

271 610 406 664 μασι
442 588 776 660 χειροτονίας
795 605 809 621 ο
858 589 954 644 καὶ
979 588 1047 641 δι’
1079 588 1212 644 ἄλλα
1240 589 1365 642 τινα
1386 589 1699 660 ζητήματα.
1742 589 1841 643 Ἂν

1946 590 2215 654 fecerunt,
2245 588 2315 642 ob
2350 595 2681 656 susceptam,
2720 596 2780 641 ut
2837 585 2969 656 ipsis
3003 585 3181 642 visum
3213 600 3317 656 est,
3355 605 3519 658 pecu-

264 684 429 737 τοῦτό
448 700 509 748 γε
534 681 679 735 οὕτω
707 682 888 753 δοκοίη
924 678 984 735 εὖ
1018 682 1161 751 ἔχειν
1207 683 1299 735 καὶ
1353 683 1479 753 ὑμῖν
1512 698 1525 711 ⁸
1558 684 1651 736 καὶ
1705 683 1842 752 πρὸς

263 773 328 828 τὸ
364 773 489 842 ἑξῆς
523 771 872 842 βαδιούμεθα.
904 771 1090 825 Ταῦτα
1119 770 1228 840 γὰρ
1275 772 1370 825 καὶ
1405 772 1513 826 ἀπὸ
1564 773 1842 842 Ταρασίου

268 864 438 935 μέχρι
474 864 567 917 τοῦ
598 863 758 933 δεῦρο
784 865 1130 935 λεχθήσεται.
1163 864 1228 918 Τί
1258 866 1313 919 δὲ
1335 865 1395 918 τὸ
1422 866 1800 935 συμπέρασμα
1825 882 1840 928 ;

263 957 342 1010 Τὸ
370 956 478 1010 ἀπὸ
512 956 711 1019 παντὸς
745 956 937 1026 ἱερέως
975 956 1334 1027 ἀδιαὸλήτου,
1371 956 1511 1009 κατὰ
1540 956 1632 1010 τὸν
1658 956 1845 1010 Θεολύ-

264 1065 363 1116 γον
391 1051 483 1103 καὶ
505 1049 910 1121 Χρυσόστομον,
949 1048 1221 1119 μετέχειν.
1257 1049 1314 1102 '0
1343 1050 1449 1118 μὲν
1478 1049 1605 1120 γὰρ,
1636 1048 1801 1120 φησιν
1824 1065 1839 1081 ·

269 1142 453 1196 Ἔστω
500 1157 583 1195 σοι
618 1142 724 1205 πᾶς
753 1140 1066 1205 ἀξιόπιστος
1097 1143 1177 1203 εἰς
1215 1136 1317 1210 τήν
1351 1140 1644 1211 κάθαρσιν,
1681 1140 1842 1210 μόνον

261 1232 408 1285 ιστω
466 1248 551 1295 τις
612 1232 722 1285 τῶν
781 1230 1069 1306 ἐγκρίτων,
1121 1230 1218 1285 καὶ
1265 1229 1340 1302 μὴ
1395 1230 1675 1301 προδήλως
1720 1247 1845 1284 κατ-

260 1324 642 1394 εγνωσμένων,
662 1324 799 1394 μηδὲ
829 1324 938 1376 τῶν
954 1322 1051 1392 τῆς
1072 1322 1306 1385 πίστεως
1322 1321 1639 1393 ἀλλοτρίων.
1677 1323 1737 1376 Ὀ
1756 1321 1837 1385 δὲ,

262 1416 667 1486 Περιεργάζου,
696 1415 1142 1485 πολυπραγμόνει
1164 1431 1178 1446 σ
1236 1414 1296 1467 ού
1359 1395 1468 1485 {dp
1503 1414 1839 1484 ἀκίνδυνοςή

258 1506 614 1572 ἁνεξέταστος
646 1508 923 1562 κοινωνία.
960 1507 1096 1578 Περὶ
1127 1505 1234 1578 γὰρ
1266 1504 1523 1577 μεγάλων
1573 1508 1603 1560 ό
1660 1506 1841 1560 κίνδυ-

262 1615 377 1663 νος.

346 1860 766 1934 Ἐκζητήσωμεν
818 1862 997 1917 τοίνυν
1050 1864 1146 1917 καὶ
1216 1863 1838 1935 πολυπραγμονὴσωμεν

257 1953 390 2022 παρ’
424 1946 486 2005 οὗ
521 1952 811 2022 ὀφείλομεν
850 1952 1182 2022 κοινωνῆσαι
1218 1968 1233 1984 ⁸
1270 1953 1319 2006 εί
1356 1952 1457 2024 τὴν
1489 1953 1673 2006 πίστιν
1705 1955 1838 2023 όμο-

255 2038 449 2109 λογοίη
471 2039 659 2110 ὀρθὴν,
691 2040 740 2092 εί
772 2039 847 2110 μὴ
872 2040 1119 2110 χρήμασι
1163 2042 1605 2113 κεχειροτόνηται
1630 2058 1646 2073 ο
1687 2043 1736 2095 εί
1763 2044 1836 2113 μή

257 2147 312 2183 τι
367 2130 497 2185 ἄλλο
532 2130 653 2184 τῶν·
692 2131 836 2185 κατὰ
886 2132 979 2185 τὸν
1016 2131 1130 2202 βίον
1158 2133 1325 2186 αὐτοῦ
1378 2133 1838 2204 ὑποπτευομένων

258 2222 356 2276 καὶ
384 2221 743 2292 ηκουσμένων
774 2221 1087 2291 σφαλερῶν,
1115 2221 1340 2293 ἀληθές.
1370 2223 1432 2276 El
1491 2222 1546 2276 δὲ
1600 2224 1683 2277 ὅτι
1739 2220 1839 2293 τὴν

258 2316 601 2386 χειροτονίαν
652 2316 1036 2387 καταγομένην
1068 2316 1180 2388 ἔχει
1213 2316 1324 2370 ἀπὸ
1348 2316 1443 2370 τοῦ
1471 2316 1667 2383 δεῖνος,
1726 2317 1837 2370 εἴτε

259 2404 321 2470 ἐξ
370 2404 673 2477 αἱρετικοῦ,
708 2408 820 2460 είτε
846 2409 911 2460 ὲκ
939 2408 1572 2478 χρηματοχειροτονήτου
1596 2424 1610 2437 ·
1676 2407 1841 2471 αὐτὸς

255 2497 314 2551 δὲ
343 2496 469 2552 οὔτε
524 2500 823 2571 αίρετικδς,
856 2498 982 2553 οὔτε
1026 2502 1083 2554 ὲν
1125 2499 1329 2569 γνώσει
1381 2502 1450 2554 ὲκ
1495 2500 1841 2572 χρηματολή-

260 2606 419 2652 πτου,
450 2590 550 2644 εἴτ’
595 2591 689 2645 οὖν
737 2589 1093 2661 Σιμωνιανοῦ,
1126 2593 1639 2662 κεχειροτονημένος
1664 2607 1678 2623 ο
1709 2594 1838 2662 ὁμο-

258 2682 445 2755 λογοίη
472 2684 516 2736 δ’
550 2684 703 2754 ὅμως
726 2685 826 2754 τὴν
854 2686 1034 2746 πᾶσαν
1067 2684 1348 2756 ἀλήθειαν,
1406 2685 1507 2755 τήν
1547 2700 1607 2737 τε
1654 2684 1839 2739 πίστιν

259 2773 549 2840 φυλάττειν
578 2774 672 2827 καὶ
697 2775 822 2837 τοὺς
856 2774 1087 2839 κανόνας
1109 2774 1538 2847 ἀπαρατρὼτους
1566 2793 1583 2809 ο
1609 2777 1737 2843 τούς
1770 2794 1831 2831 τε

259 2864 383 2918 κατ’
438 2864 733 2938 ἀμφότερα
756 2867 1322 2939 παρα-τετραμμένους
1354 2866 1795 2939 ἀποϐαλλόμενος
1820 2886 1835 2900 ’

259 2956 439 3020 οὐδεὶς
474 2959 607 3028 ἡμῖν
634 2957 787 3026 λόγος
812 2957 1027 3028 ἀποχῆς
1078 2959 1214 3030 πρὸς
1238 2959 1420 3012 αὐτόν.
1488 2960 1838 3028 ’Δκατάγνω-

262 3061 386 3108 στος
432 3046 597 3115 γὰρό
632 3044 871 3109 τοιοῦτος
929 3045 1069 3099 κατὰ
1132 3047 1260 3109 τοὺς
1322 3046 1838 3118 προδεδηλωμένους

261 3136 475 3204 ἁγίους,
512 3138 607 3189 καὶ
645 3135 711 3190 δι’
738 3134 920 3190 αὐτῶν
967 3136 1110 3190 κατὰ
1154 3136 1389 3200 πάντας.
1445 3136 1606 3191 Οὕτω
1658 3138 1839 3190 τοίνυν

1945 681 2173 735 niariam
2200 680 2621 741 ordinationem,
2648 688 2704 734 et
2735 677 2867 734 alias
2888 680 3147 748 quasdam
3170 682 3518 749 quaestiones.

1947 772 2004 826 Si
2039 773 2143 827 hoc
2167 772 2324 827 vobis
2366 771 2557 838 etiam,
2594 780 2741 829 recte
2791 771 2994 825 habere
3039 770 3324 827 videatur:
3356 772 3423 826 ad
3456 786 3521 828 ea

1945 880 2066 934 quae
2102 872 2404 934 sequuntur
2429 877 2737 933 pergamus.
2775 860 3035 917 Dicentur
3063 862 3212 916 enim
3245 872 3299 917 et
3318 879 3380 917 ea
3401 880 3523 933 qua:

1947 964 2070 1026 post
2102 955 2384 1010 'l‘arasium
2415 956 2523 1009 huc
2552 970 2742 1024 usque.
2771 952 2911 1019 Quid
2938 962 3118 1009 autem
3143 970 3211 1010 ex
3250 956 3335 1011 bis
3368 957 3521 1011 colli-

1943 1048 2126 1119 gitur?
2155 1048 2225 1104 Ut
2252 1066 2282 1102 a
2312 1064 2640 1118 quocunque
2672 1049 2953 1103 sacerdote
2984 1048 3075 1118 qui
3093 1048 3520 1119 reprehensione

1944 1150 2118 1207 vacet,
2151 1156 2216 1195 ex
2246 1139 2509 1211 Theologi
2532 1148 2588 1194 et
2612 1140 2982 1211 Cbrysostomi
3034 1140 3326 1205 scntentia,
3370 1155 3440 1195 ne
3470 1149 3522 1194 te

1944 1242 2222 1303 segreges.
2252 1231 2390 1286 Nam
2438 1232 2528 1287 ille
2579 1231 2800 1301 quidem
2834 1231 2912 1285 ait
2943 1248 2954 1283 :
3006 1230 3244 1297 Quilibet
3282 1232 3375 1286 tibi
3405 1232 3522 1286 ido-

1943 1338 2081 1379 neus
2107 1333 2226 1379 esto
2244 1324 2311 1378 ad
2338 1324 2739 1395 purgationem,
2771 1324 3070 1378 dummodo
3102 1324 3174 1378 sit
3220 1339 3285 1378 ex
3320 1324 3519 1393 probo-

1943 1433 2063 1473 rum
2096 1432 2347 1482 numero,
2375 1431 2486 1471 non
2517 1432 2582 1472 ex
2608 1417 2879 1471 damnatis
2905 1416 3217 1481 manifesto,
3245 1433 3425 1487 neque
3455 1434 3520 1472 ex

1943 1507 2011 1562 iis
2039 1508 2131 1577 qui
2162 1523 2191 1561 a
2222 1507 2327 1561 ﬁde
2356 1517 2485 1562 sunt
2513 1507 2702 1562 alieni.
2744 1506 2843 1562 Hic
2873 1521 3004 1561 vero
3040 1507 3115 1561 ait
3142 1523 3155 1559 :
3207 1506 3424 1579 Satage,
3465 1518 3522 1563 et

1941 1596 2102 1651 anxie
2124 1590 2377 1665 inquire:
2414 1611 2521 1650 non
2554 1596 2699 1650 enim
2751 1596 2996 1665 periculo
3041 1604 3198 1651 vacat
3247 1613 3367 1666 qua:
3402 1599 3520 1652 sine

1946 1687 2304 1758 inquisitione
2363 1686 2423 1742 ﬁt
2467 1688 2804 1743 communio.
2859 1687 2933 1743 De
2978 1704 3036 1744 re
3078 1690 3279 1760 quippe
3325 1706 3518 1763 magna

1941 1781 2269 1850 periculum.

2012 1872 2402 1942 Investigemus
2454 1888 2585 1944 ergo
2635 1881 2690 1927 et
2746 1872 2977 1928 sollicite
3023 1873 3196 1928 simus
3234 1889 3359 1929 cum
3408 1890 3518 1944 quo

1944 1963 2103 2018 nobis
2124 1963 2637 2017 communicandum
2688 1962 2777 2028 sit,
2807 1978 2936 2015 num
2963 1972 3167 2018 rectam
3201 1962 3359 2018 ﬁdem
3390 1981 3518 2033 pro-

1943 2052 2200 2118 litcatur;
2232 2069 2363 2106 num
2386 2052 2617 2122 pecunia
2648 2052 2718 2106 sit
2740 2053 3024 2107 ordinatus
3050 2071 3063 2117 ;
3094 2054 3337 2123 nunquid
3370 2055 3518 2109 aliud

1940 2158 2152 2209 eorum,
2183 2159 2306 2213 qua:
2336 2142 2487 2197 illum
2520 2141 2573 2196 in
2638 2143 2745 2197 vita
2780 2144 3123 2199 commisisse
3161 2146 3244 2198 vel
3284 2146 3521 2215 suspicio

1942 2236 2025 2291 vel
2054 2235 2193 2291 fama
2238 2243 2344 2297 est,
2390 2250 2582 2291 verum
2609 2234 2699 2290 sit.
2732 2233 2787 2288 Si
2836 2244 3017 2290 autem
3062 2236 3189 2305 quia
3226 2237 3519 2293 deductam

1943 2322 2106 2378 habet
2128 2323 2530 2378 ordinationem
2563 2322 2632 2378 ab
2661 2322 2843 2393 aliquo
2872 2324 3132 2379 heretico
3163 2342 3259 2381 seu
3298 2342 3394 2397 per
3424 2344 3518 2397 pe-

1941 2412 2159 2468 cuniam
2189 2413 2440 2468 ordinato
2468 2429 2482 2476 ;
2516 2428 2641 2467 cum
2672 2412 2789 2483 ipse
2821 2413 3044 2467 interim
3082 2430 3185 2469 nec
3229 2415 3521 2488 haereticus

1942 2502 2142 2568 sit,nec
2162 2503 2344 2559 sciens
2366 2505 2649 2560 ordinatus
2664 2505 2733 2560 ab
2755 2505 2975 2561 homine
3000 2508 3516 2579 pecuuiaeorrupto.

1941 2594 1995 2650 id
2022 2605 2106 2651 est
2137 2594 2481 2651 Simouiaco:
2512 2613 2729 2653 omnem
2760 2606 2941 2653 autem
2974 2600 3327 2656 veritatemet
3360 2601 3518 2656 [idem

1943 2695 1999 2740 et
2028 2700 2267 2742 canones
2298 2687 2536 2743 illibalos
2569 2703 2788 2743 servare
2826 2691 3166 2759 proliteatur.
3207 2699 3260 2745 et
3305 2705 3401 2745 eos
3426 2692 3517 2761 qui

1941 2776 2203 2832 alterutro
2231 2777 2526 2834 deﬂectunt
2560 2780 2784 2850 rejicere
2832 2798 2844 2834 :
2892 2783 3042 2836 nulla
3073 2782 3227 2837 nobis
3277 2785 3413 2839 ratio
3440 2795 3523 2839 est

1940 2867 2009 2922 ab
2046 2867 2139 2924 illo
2161 2869 2498 2925 discedendi.
2520 2870 2568 2924 ls
2586 2870 2729 2924 enim
2752 2870 3058 2942 inculpatus
3079 2882 3184 2938 est,
3209 2874 3361 2944 juxta
3395 2890 3522 2929 san-

1940 2964 2059 3009 ctos
2088 2955 2249 3009 modo
2282 2955 2549 3021 laudatos,
2577 2967 2634 3013 et
2662 2974 2759 3027 per
2789 2959 2908 3014 illos
2938 2962 3095 3031 juxta
3119 2963 3365 3017 omnium
3397 2979 3521 3019 sen-

1950 3045 2204 3100 tentiam.
2244 3046 2335 3102 Sic
2363 3064 2492 3120 ergo
2522 3058 2577 3103 et
2629 3065 2731 3105 ncs
2760 3054 3251 3118 communicamus,
3281 3063 3338 3109 et
3369 3057 3522 3110 vobis

1942 3142 2002 3187 ut
2032 3132 2172 3188 idem
2202 3134 2414 3190 faciatis
2440 3147 2694 3193 auctores
2714 3153 2923 3195 sumus.
2958 3142 3198 3212 Alioqui,
3220 3144 3266 3198 si
3290 3144 3525 3215 amplius

256 3231 355 3282 καὶ
393 3228 782 3297 κοινωνοῦμεν,
826 3229 921 3282 καὶ
944 3227 1073 3299 ὑμῖν
1100 3228 1271 3282 ταυτδ
1303 3231 1475 3282 ποιεῖν
1531 3228 1836 3299 συμϐεϐου-

1946 3224 2273 3294 iuquiratur,
2305 3228 2692 3298 exploduntur,
2726 3240 2785 3285 ut
2810 3230 3244 3287 demonstratum
3282 3243 3389 3300 est,
3423 3235 3525 3288 Pa-

258 3319 500 3391 λεύμεθα
534 3320 692 3393 [Reg.
731 3320 852 3377 cod.
900 3322 949 3375 εί
1000 3322 1101 3375 οὐκ
1130 3320 1496 3392 ἀκουσόμεθα.
1528 3323 1574 3376 si
1612 3338 1714 3375 non
1742 3339 1841 3375 au-

258 3412 434 3485 ditis].
471 3412 627 3467 Ἐπεὶ
646 3415 695 3467 εί
725 3413 1113 3485 περισσότερον
1142 3413 1490 3485 διηρεύνηται
1511 3413 1817 3486 ,ἁποκρούε

260 3519 351 3558 ται
377 3504 501 3574 μὲν,
536 3502 613 3567 ὡς
660 3502 952 3569 δέδεικται,
982 3504 1052 3558 τὰ
1077 3503 1185 3558 τῶν
1215 3504 1473 3576 Πατέρων
1526 3504 1842 3575 παραγγέλ-

264 3613 413 3667 ματα
445 3612 459 3627 ·
496 3595 823 3666 ικλιμπάνει
857 3596 914 3650 δὲ
959 3594 1213 3650 τοσοῦτον
1259 3595 1321 3649 τὸ
1384 3596 1484 3667 τῆς
1541 3596 1841 3667 ἱερωσύνης

260 3688 457 3761 δῶρον,
486 3686 574 3758 ἐφ’
600 3679 719 3755 ᾧτδ
735 3687 1054 3761 Χριστιανοὶ
1087 3685 1371 3741 καλεῖσθαι
1402 3686 1599 3757 ῐχομεν
1620 3700 1635 3716 °
1663 3686 1739 3750 ὼς
1761 3687 1841 3750 είς

264 3778 486 3849 ἱθνικὴν
515 3779 663 3849 ἡμᾶς
710 3779 1043 3848 μεταπεσεῖν
1084 3776 1343 3850 λατρείαν
1371 3792 1385 3806 ·
1418 3778 1555 3847 ὅπερ
1613 3776 1836 3831 ἄτοπον.

264 3868 411 3940 Πρὸς
438 3867 500 3922 τό
524 3885 587 3938 γε
620 3869 717 3923 καὶ
744 3868 1232 3941 ἀκριϐευομένους,
1258 3865 1401 3922 οὕτω
1430 3866 1568 3938 μηδὲ
1589 3870 1647 3920 ὲν
1679 3866 1841 3921 Δύσει

263 3959 362 4014 καὶ
395 3958 655 4031 Ἀνατολῇ
682 3959 1053 4031 ἀφικομένους
1085 3959 1361 4028 εὑρίσκειν
1384 3958 1444 4012 τὸ
1467 3958 1803 4030 ζητούμενον
1823 3997 1839 4024 ,

262 4051 645 4123 ἀναδρομάδην
675 4051 1123 4125 καθαιρουμένων
1154 4051 1373 4107 πάντων
1391 4050 1479 4105 διὰ
1526 4051 1627 4123 τῆς
1673 4051 1840 4123 ἀλλη-

264 4144 460 4214 λούχου
518 4144 1055 4216 συλλειτουργήσεως
1081 4158 1097 4174 ·
1178 4142 1367 4214 ὶπειδὴ
1415 4142 1709 4214 προφανῶς
1762 4142 1841 4213 τῷ

277 4235 569 4309 Ῥωμαίων
597 4236 846 4308 προέδρῳ
880 4238 970 4290 επὶ
997 4236 1273 4309 Ταρασίου
1304 4236 1731 4306 συνιεράτευσαν
1784 4238 1834 4288 οἱ

265 4331 333 4384 lx
361 4329 530 4383 τῶνδε
548 4329 957 4401 ἁποκρισιάριοι
971 4328 1370 4393 ἀποσταλέντες
1392 4343 1406 4360 ’
1430 4326 1683 4381 κάκείνου
1699 4327 1840 4397 τάχα

265 4425 380 4487 τοῖς
397 4421 499 4493 τῆς
539 4419 711 4492 Ἐᾡας
737 4436 755 4455 ο
771 4420 867 4476 καὶ
894 4421 1099 4493 φροῦδα
1120 4419 1367 4476 ἐντεῦθεν
1387 4421 1457 4474 τὰ
1482 4420 1583 4491 τῆς
1613 4418 1841 4491 ἱερωσύ-

266 4534 366 4587 νης
396 4530 410 4545 ·
436 4514 466 4569 δ
494 4512 980 4586 ἀπαγορεύσαντες
1033 4512 1273 4580 πάντως,
1320 4510 1729 4582 κατώεξόμεθα
1781 4512 1841 4564 ὲν

266 4608 346 4678 τῷ
396 4604 788 4678 προειρημένῳ
836 4603 979 4659 κατὰ
1038 4604 1168 4669 τοὺς
1218 4602 1405 4673 ἁγίους
1464 4602 1650 4673 μέτρῳ
1707 4601 1838 4672 στῆ·
1864 4604 1917 4664 D

266 4716 487 4841 ντᾜιότι
516 4785 690 4842 πολλά
718 4784 918 4856 συνέϐη
952 4784 1049 4838 καὶ
1082 4782 1371 4854 συμϐαίνει
1396 4783 1625 4837 τοιαῦτα
1654 4799 1837 4853 παρα-

267 4882 541 4951 πτώματα
569 4880 629 4933 ιν
651 4881 717 4950 τῇ
750 4877 1053 4949 Ἐκκλησία
1076 4891 1091 4906 ⁸
1114 4876 1152 4930 ἃ
1170 4875 1346 4939 οὐδεὶς
1367 4876 1476 4928 τῶν
1528 4873 1701 4943 ἁγίων
1748 4872 1839 4927 εὖ·

272 4987 433 5042 ρηται
467 4967 613 5024 οὕτω
635 4968 1021 5040 διερευνήσαςο
1055 4968 1139 5022 ὅτι
1162 4965 1303 5039 μηδὲ
1330 4960 1442 5020 οἷόν
1464 4982 1547 5030 τε,
1577 4964 1703 5019 οὕτε
1732 4964 1841 5037 μὴν

267 5062 535 5117 ἐκδέδωκε
568 5060 857 5130 φυλάττειν
887 5060 1055 5131 ἡμᾶς.
1090 5059 1244 5129 Ἔχει
1295 5058 1394 5128 μὲν
1443 5056 1599 5110 ταῦθ’
1644 5054 1838 5119 οὕτως.

269 5156 409 5225 Περὶ
438 5152 497 5205 δὶ
520 5151 616 5205 τοῦ
649 5152 1109 5223 προύργιαίτερον
1143 5151 1278 5221 ἡμῖν
1299 5147 1441 5204 εἶναι
1492 5148 1592 5217 τῆς
1656 5165 1843 5219 μοιχο·

238 5290 239 5293 η
269 5243 514 5316 κνρὼτου
542 5242 762 5296 συνόδου
793 5244 890 5314 τὴν
914 5241 1036 5296 καθ’
1067 5242 1216 5313 ἡμᾶς
1258 5238 1406 5313 [cod.
1468 5238 1605 5311 Reg.
1652 5239 1795 5310 ὑμᾶς
1822 5237 1840 5311 ]

267 5339 521 5394 ἔνστασιν
554 5376 571 5401 ,
628 5336 953 5407 τεθαύμακα
1038 5335 1281 5399 ἀκούσας
1321 5350 1335 5365 ·
1398 5333 1655 5387 τοσοῦτον
1732 5333 1841 5403 γὰρ

269 5430 665 5505 προτιμοτέρα,
692 5430 818 5484 ὅσον
848 5427 1211 5498 ἀποπολικῆς
1240 5426 1425 5498 φωνῆς
1446 5428 1480 5497 ἡ
1563 5426 1839 5497 Κυριακή.

341 5610 453 5665 Καὶ
481 5608 634 5663 οὔπω
661 5607 803 5677 λέγω
829 5607 909 5661 ὄτι
933 5606 1203 5676 Ταράσιος
1224 5603 1322 5657 οὐκ
1344 5602 1607 5675 ἐκήρυξεν
1630 5602 1687 5655 ἐν
1713 5602 1847 5672 χρή-

274 5721 407 5776 μασι
436 5701 879 5775 χειροτονεῖσθαι.
927 5699 1088 5754 ’Λλλά
1117 5698 1211 5754 καὶ
1241 5700 1366 5762 τοὺς
1409 5695 1683 5759 τοιούτους
1713 5698 1846 5765 ὁμο-

271 5795 446 5863 λογῶν
479 5793 558 5864 μὴ
584 5791 834 5863 δέχεσθαι
869 5792 1010 5846 κατὰ
1041 5790 1101 5845 τὸ
1132 5789 1431 5862 προφανές·
1462 5782 1563 5843 ὧδε
1590 5788 1644 5842 δὲ
1673 5788 1848 5857 δόγμα

273 5885 415 5941 κατά
436 5899 494 5939 τε
531 5881 623 5937 τοῦ
655 5881 1013 5952 Εὐαγγελξου,
1050 5881 1143 5937 τοῦ
1190 5898 1247 5935 τε
1279 5880 1611 5953 Προδρόμου,
1651 5879 1758 5935 τῶν
1788 5894 1843 5931 τε

1947 3324 2089 3371 trum
2116 3318 2340 3383 monita,
2364 3328 2419 3374 et
2463 3320 2676 3375 irritum
2722 3321 2781 3376 (it
2811 3323 3006 3393 ingens
3052 3324 3183 3379 illud
3233 3325 3523 3380 sacerdotii

1947 3423 2171 3472 munus,
2206 3426 2302 3480 per
2323 3411 2467 3481 quod
2513 3411 2951 3469 Christianorum
3015 3430 3215 3470 nomen
3269 3417 3527 3488 adipisci-

1948 3513 2110 3552 mur:
2146 3508 2204 3553 ut
2257 3499 2326 3555 ad
2363 3501 2617 3558 ethnicos
2649 3502 2788 3559 ritus
2835 3505 3017 3561 delabi
3070 3521 3177 3561 nos
3221 3516 3474 3576 Oporteat
3507 3526 3522 3562 :

1943 3590 2089 3659 quod
2119 3601 2203 3647 est
2244 3592 2561 3651 absurdum.
2604 3596 2970 3669 Prmterquam
3016 3601 3163 3670 quod
3219 3601 3294 3655 ita
3344 3602 3526 3672 inqui-

1944 3692 2151 3749 rentes,
2185 3695 2242 3741 et
2271 3686 2338 3741 ad
2368 3688 2708 3744 occidentem
2765 3700 2927 3761 atque
2975 3693 3042 3748 ad
3077 3693 3341 3749 orientem
3398 3710 3525 3765 pro-

1945 3773 2139 3843 gressi,
2181 3790 2450 3846 nusquam
2493 3779 2776 3849 reperiunt
2807 3781 2951 3850 quod
2976 3792 3245 3851 quaerunt,
3268 3786 3523 3840 erunibus

1945 3881 2163 3923 sursum
2224 3883 2412 3924 versus
2473 3870 2763 3940 depositis,
2820 3882 3041 3944 prapter
3090 3884 3334 3929 mutuam
3376 3876 3521 3931 inter

1945 3958 2093 4030 ipsos
2129 3976 2407 4017 sacrorum
2450 3964 2811 4020 societatem:
2848 3966 3293 4037 quandoquidem
3337 3971 3513 4023 mani-

1944 4049 2143 4105 festum
2177 4064 2280 4118 est,
2339 4052 2550 4109 Tarasii
2590 4055 2926 4125 temporibus
2965 4056 3348 4127 apocrisiarios
3390 4058 3521 4115 hinc

1944 4143 2143 4198 missos
2167 4159 2317 4200 sacra
2345 4146 2619 4217 peregisse
2655 4162 2782 4203 cum
2835 4148 3392 4218 Romano.antistite,
3432 4164 3519 4208 at-

1942 4246 2049 4301 que
2072 4231 2235 4303 hujus
2263 4232 2495 4291 fortasse
2515 4251 2639 4291 cum
2673 4240 3065 4295 orientalibus:
3110 4242 3341 4312 indeque
3366 4258 3517 4298 cassa

1943 4332 2027 4379 est
2063 4324 2243 4379 omnis
2275 4327 2413 4382 ratio
2443 4329 2731 4383 sacerdotii
2759 4346 2772 4383 :
2802 4330 2949 4400 quod
2981 4332 3209 4387 omnino
3245 4348 3510 4403 respuen-

1946 4424 2050 4482 tes,
2084 4416 2140 4471 in
2165 4417 2426 4488 praedicta
2467 4421 2771 4477 secundum
2801 4432 3023 4479 sanctos
3051 4423 3167 4495 lege
3214 4435 3359 4480 stare
3404 4442 3519 4481 am-

1944 4506 2265 4577 plectemur.

2012 4780 2151 4847 Quia
2207 4780 2394 4836 multa:
2429 4781 2781 4854 contigerunt
2832 4788 3271 4856 contlnguntque
3326 4780 3520 4853 liuius-

1942 4872 2089 4927 modi
2127 4871 2460 4931 offensiones
2504 4876 2556 4929 in
2590 4876 2853 4939 Ecclesia,
2882 4890 3018 4946 quas
3064 4876 3247 4930 nullus
3277 4892 3515 4946 unquam

1941 4969 2257 5019 sanctorum
2286 4963 2361 5018 ita
2423 4965 2640 5022 curiose
2689 4965 2976 5037 indagasse
3039 4966 3278 5037 legitur:
3329 4981 3394 5022 ac
3449 4983 3517 5021 ne

1946 5052 2059 5108 ﬁeri
2089 5054 2309 5125 quidem
2340 5054 2392 5111 id
2428 5056 2638 5126 possit:
2674 5072 2844 5127 quare
2885 5073 2987 5113 nec
3028 5057 3188 5113 nobis
3216 5057 3517 5113 observan-

1943 5144 2073 5199 dum
2128 5146 2486 5203 tradiderunt.
2521 5150 2697 5218 Atque
2724 5149 2842 5204 haec
2894 5150 2947 5204 in
2984 5152 3128 5205 hunc
3158 5150 3399 5206 modum.
3442 5153 3519 5208 De

1945 5235 2049 5292 hac
2065 5251 2195 5291 vero
2217 5238 2572 5294 contentione
2601 5250 2812 5304 nostra,
2839 5240 2983 5310 quod
3007 5241 3190 5296 utilior
3210 5242 3368 5297 nobis
3407 5258 3516 5299 non

1944 5330 2015 5386 sit
2042 5346 2205 5401 quam
2236 5333 2473 5404 synodus
2513 5347 2635 5402 quae
2662 5333 2897 5389 moechis
2921 5334 3317 5403 patrocinatur,
3353 5335 3517 5389 mira-

1946 5430 2033 5477 tus
2088 5438 2209 5478 sum
2238 5438 2361 5478 cum
2389 5423 2569 5478 audivi
2594 5442 2608 5479 :
2646 5432 2797 5479 tanto
2824 5426 2969 5480 enim
3020 5426 3110 5480 illa
3134 5426 3514 5496 prmstabilior,

1945 5522 2149 5584 quanto
2181 5514 2393 5570 Domini
2420 5531 2517 5570 vox
2557 5517 2905 5586 apostolicam
2941 5516 3233 5572 antecedit.

2016 5604 2203 5675 Neque
2228 5605 2282 5661 id
2310 5613 2521 5661 tantum
2557 5606 2679 5663 dico
2697 5649 2711 5673 ,
2738 5624 2845 5661 non
2873 5608 3107 5663 edixisse
3138 5605 3424 5661 Tarasium
3460 5615 3521 5661 ut

1948 5711 2044 5767 per
2067 5696 2359 5767 pecuniam
2391 5698 2659 5753 ordinatio
2688 5698 2838 5753 fieret
2872 5716 2885 5753 :
2916 5694 3010 5753 sed
3036 5697 3338 5767 professum
3395 5710 3518 5750 esse

1950 5802 2009 5842 se
2044 5786 2178 5842 tales
2208 5802 2315 5841 non
2344 5787 2615 5858 recipere,
2656 5788 2796 5843 sicut
2822 5789 2996 5857 palam
3017 5796 3121 5842 est.
3156 5784 3311 5840 Nune
3334 5797 3516 5841 autem

1949 5877 2145 5951 dogma
2178 5879 2436 5936 adversus
2466 5879 2814 5951 Evangelium
2839 5888 2893 5934 et
2922 5878 3315 5935 Prmcursorem
3344 5886 3401 5935 et
3425 5892 3521 5934 ca-
