4158 6470
625 415 759 476 11οἹ

1816 410 1874 465 S.
1914 409 2305 467 TIIEODORI
2351 405 2694 465 STUDiT/E

3752 402 3885 468 1108

619 545 814 591 nones,
850 522 1107 596 synodice
1145 539 1240 592 per
1288 522 1542 576 adulterii
1588 520 1921 590 copulatoris
1970 536 2241 589 suscep-j

2326 523 2564 585 ιανόνων,
2598 521 2889 582 συνοδικῶς
2919 520 3005 573 διὰ
3031 519 3128 589 τῆς
3162 519 3257 573 τοῦ
3297 518 3684 591 μοιχοζεὺκτου
3710 540 3891 595 παρα-

625 621 823 673 lionem
889 611 1287 684 promulgatum
1351 619 1461 671 est,
1514 611 1691 662 scelus
1738 608 2201 677 dispensationem

619 727 741 765 esse
799 707 1068 768 sanciens,
1119 719 1181 756 ac
1238 703 1523 772 episcopos
1582 710 1638 755 et
1693 701 2026 759 sacerdotes.
2080 716 2205 753 cum

622 800 839 855 libuerit
866 838 880 860 ,
924 796 1311 850 auctoritatem
1340 793 1393 846 in
1429 807 1673 846 canones
1706 792 1912 846 habere
1939 806 1952 843 :
1987 807 2081 845 eos
2114 793 2206 861 qui

621 894 809 947 eadem
845 906 949 944 non
983 888 1246 949 sentiunt,
1276 885 1747 940 auathematizans
1778 894 1832 938 et
1878 885 2013 938 diris
2044 885 2209 938 devo-

623 997 754 1034 vens
784 1022 797 1043 ,
838 989 894 1032 ut
925 978 1096 1032 scitis.
1146 975 1257 1029 lloc
1291 975 1780 1029 Iconomachorum
1812 973 2002 1028 haeresi
2032 1014 2045 1036 ,
2106 974 2209 1025 etsi

623 1074 926 1144 posterius,
966 1081 1021 1124 at
1045 1086 1154 1123 non
1190 1069 1367 1122 levius
1393 1066 1665 1121 videbitur
1691 1068 1777 1136 pie
1811 1066 2211 1120 consideranti-

624 1171 727 1224 bus
771 1188 782 1221 :
832 1182 1065 1237 quorum
1105 1165 1362 1235 precibus
1404 1163 1663 1217 Dominus
1698 1162 1895 1215 malum
1933 1160 2213 1230 depellens

624 1262 913 1331 pristinam
947 1275 1135 1329 pacem
1170 1258 1359 1311 reddat
1395 1256 1648 1309 Ecclesia:
1680 1270 1810 1309 suae.
1848 1254 2210 1321 Przeterquam

624 1354 792 1423 quod,
840 1362 899 1408 ut
943 1350 1208 1420 scripsisti
1239 1390 1254 1413 ,
1304 1350 1535 1403 alterum
1572 1348 1640 1400 ab
1671 1348 1843 1401 altero
1882 1345 2126 1415 pellitur,
2157 1356 2214 1399 et

624 1446 722 1499 sibi
750 1442 1280 1513 cohrerentcoguitio
1304 1452 1355 1495 et
1385 1440 1662 1510 abrogatio
1689 1438 1912 1491 sceleris
1934 1452 2047 1506 quo
2075 1452 2215 1506 prm-

628 1548 709 1590 ter
751 1537 923 1604 legem
966 1534 1103 1588 facta
1144 1533 1459 1602 conjunctio
1502 1542 1604 1587 est.
1653 1531 1984 1585 Incolumem
2028 1540 2082 1583 et
2118 1545 2216 1598 pro

628 1628 929 1681 humilitate
960 1636 1142 1681 nostra
1182 1635 1449 1689 orantem,
1481 1640 1605 1678 cum
1635 1631 1744 1677 tota
1782 1621 1987 1676 familia
2020 1620 2206 1676 Domi-

625 1736 731 1775 nus
773 1730 824 1774 te
859 1728 1188 1786 conservet,
1231 1719 1531 1773 amicorum
1575 1718 1749 1789 prime
1774 1758 1787 1779 ,
1835 1725 1889 1771 et
1923 1715 2214 1770 zelantium

627 1828 887 1867 mamme.

1019 1950 1150 2003 LIV.
1190 1981 1253 1990 —
1286 1950 1451 2005 Anum
1490 1951 1807 2019 pra’posita’.

2313 614 2473 683 δοχῆς
2500 612 2901 683 ὲκπεφώνηται,
2940 611 3193 680 βεϐαιοῦν
3232 613 3330 683 τὴν
3375 614 3719 684 παρανομίαν
3750 618 3893 668 οἱκο·

2314 704 2528 773 νομίαν,
2560 703 2686 765 τούς
2715 719 2771 754 τε
2808 704 3067 771 ἱεραρχας
3104 704 3198 756 καὶ
3230 705 3396 775 ἱερεῖς
3424 704 3622 757 ὁπόταν
3658 703 3896 773 βούλων⁸

2310 813 2400 848 ται
2436 794 2772 859 ὲξουσιάζειν
2815 796 2921 848 τῶν
2954 796 3219 848 κανόνων·
3264 797 3359 849 καὶ
3403 797 3529 859 τοὺς
3575 797 3648 867 μὴ
3698 799 3896 850 ταυτῗιν

2314 888 2643 959 φρονοῦντας
2666 888 3065 957 ἁναθεματίζον
3089 888 3183 940 καὶ
3202 888 3613 958 ἐκσκορακέζον,
3640 887 3899 960 καθάπερ

2314 981 2448 1033 ἴστε.
2497 980 2667 1032 Τοῦτο
2720 981 2944 1044 καὶτῆς
2976 980 3344 1050 Εἰκονομαχου
3389 981 3674 1050 αἱρέσεως,
3708 983 3758 1033 εί
3802 982 3899 1035 καὶ

2313 1072 2587 1141 δεύτερον,
2619 1070 2735 1125 ἀλλ’
2765 1071 2865 1124 οὐκ
2894 1070 3114 1124 ἔλαττον
3138 1074 3249 1130 τοῖς
3279 1071 3521 1134 εὐσεϐῶς
3547 1070 3899 1140 ἀναθεωροῦ-

2317 1181 2422 1217 σιν.
2461 1157 2561 1216 Ὧν
2594 1165 2623 1216 ὁ
2654 1163 2860 1232 Κύριος
2914 1167 3035 1226 ταῖς
3085 1163 3272 1232 εὐχαῖς
3326 1162 3570 1216 ἐκποδὼν
3617 1162 3677 1215 τὸ
3727 1162 3901 1214 κακὸν

2317 1256 2455 1323 ἄρας
2486 1255 2848 1325 πρυτανεύσοι
2885 1255 3111 1324 εἰρήνην
3143 1256 3219 1318 ὡς
3252 1254 3312 1307 τὸ
3344 1254 3602 1325 ἀπαρχῆς
3630 1255 3695 1324 τῇ
3729 1251 3899 1305 αὐτοῦ

2318 1346 2634 1417 Ἐκκλησία.
2659 1348 2806 1417 Πλὴν
2841 1348 2944 1409 ὅτι,
2982 1347 3123 1400 καθά
3154 1347 3457 1417 γέγραφας,
3505 1347 3753 1415 θάτερον,
3794 1345 3902 1397 ὑπὸ

2318 1439 2547 1507 θατέρου
2601 1438 2875 1508 βάλλεται,
2912 1440 3001 1491 καὶ
3058 1438 3337 1509 διάλληλος
3388 1442 3420 1511 ἡ
3466 1440 3763 1506 ἐπίγνωσις
3806 1440 3904 1491 καὶ

2317 1528 2473 1591 λύσις
2530 1529 2631 1597 τῆς
2678 1528 3054 1600 ἀνομοδέσμου
3090 1530 3361 1600 πράξεως.
3401 1529 3767 1601 Ἐρῤωμὲνον,
3802 1526 3905 1581 καὶ

2319 1621 2615 1690 εὐχόμενον
2646 1621 2788 1691 ὑπὲρ
2820 1621 2917 1690 τῆς
2947 1620 3327 1683 ταπεινώσεως
3363 1620 3520 1690 ἡμῶν
3549 1620 3844 1673 πανέστιον
3876 1620 3906 1670 ὁ

2320 1712 2523 1783 Κύριός
2554 1728 2610 1763 σε
2634 1711 2999 1781 διαφυλάξοιε,
3030 1712 3198 1782 φίλων
3222 1712 3623 1785 πράηιστε,καὶ
3644 1709 3905 1781 ζηλωτῶν

2322 1805 2607 1876 κράτιστε.

2675 1940 2798 1995 Na’.
2836 1972 2901 1981 -—-
2924 1942 3107 2008 Ἂν·νή
3136 1941 3468 2011 ἡγουμένη.
3512 1940 3689 2015 [σοδᾚ

1744 2067 1930 2117 Laudat
1954 2068 2062 2129 ejus
2082 2068 2319 2129 pietatem
2343 2073 2459 2123 erga
2482 2058 2765 2108 monachos.

698 2174 836 2242 Quid
869 2174 1122 2229 distulisti
1156 2176 1220 2229 ad
1258 2190 1357 2229 nos
1385 2174 1650 2235 scribere.
1682 2188 1747 2227 ac
1779 2173 1849 2227 de
1881 2173 2046 2226 rebus
2089 2186 2217 2225 san-

2393 2164 2459 2216 Τί
2495 2163 2803 2216 ὑπεστείλω
2830 2162 2924 2216 τοῦ
2958 2163 3189 2235 γράφειν
3230 2162 3325 2216 καὶ
3364 2162 3653 2233 γνωρίζειν
3680 2163 3815 2234 ἡμῖν
3838 2164 3909 2218 τά

631 2265 837 2321 ctitatis
880 2274 983 2318 tuae
1036 2265 1316 2319 indicare?
1364 2263 1470 2317 Nos
1508 2280 1637 2319 vero
1666 2263 1837 2317 multo
1871 2262 2053 2315 minus
2088 2274 2217 2329 pro-

631 2363 816 2423 pterea
846 2352 1173 2407 desistemus
1200 2392 1213 2414 ,
1260 2353 1457 2422 partim
1496 2352 1715 2422 quidem
1749 2352 1876 2421 quia
1910 2351 2113 2404 humile
2156 2365 2218 2403 0s

632 2457 877 2500 nostrum
922 2447 1034 2512 jam
1086 2445 1253 2498 semel
1292 2444 1639 2514 aperuimus;
1682 2445 1877 2514 partim
1924 2445 1993 2497 ob
2042 2444 2215 2501 zelum

633 2545 787 2595 ttlum
822 2538 1099 2602 divinum,
1130 2545 1183 2590 et
1209 2537 1491 2591 ardentem
1533 2537 1814 2606 pietatem.
1857 2536 2027 2593 Audio
2073 2548 2219 2592 enim

633 2640 686 2682 te
721 2628 956 2683 assiduis
987 2643 1113 2698 erga
1148 2626 1345 2682 fratres
1385 2637 1602 2682 nostros
1642 2628 1924 2683 beneficiis
1958 2642 2065 2686 non
2102 2629 2223 2690 fali-

632 2722 747 2791 gari
776 2766 791 2788 ,
825 2722 931 2775 huc
963 2722 1197 2791 illucque
1229 2721 1655 2783 circumeundo,
1694 2733 1747 2775 et
1778 2723 1997 2775 obvium
2026 2734 2219 2791 quem-

633 2830 740 2884 que
761 2802 1055 2868 tractando’
1078 2814 1522 2884 perhumaniter,
1556 2814 1859 2884 votivisque
1891 2814 2071 2869 verbis
2104 2820 2223 2873 tan-

632 2924 795 2976 quam
826 2908 1028 2962 Christi
1069 2907 1380 2961 ministrum
1411 2908 1815 2978 prosequendo.
1849 2905 1893 2962 Ο
1924 2908 2225 2977 pulcherri-

634 3016 778 3055 mam
807 3000 951 3054 hanc
989 3010 1134 3054 tuam
1167 3002 1585 3069 occupationem
1613 3002 1625 3053 ί
1660 3016 1692 3054 o
1724 3000 2038 3070 vigilantem
2069 3000 2119 3052 in
2153 3001 2224 3053 di-

632 3093 775 3147 vinis
801 3093 966 3147 rebus
998 3107 1208 3146 sacram
1238 3092 1475 3145 animam
1506 3101 1655 3146 tuam
1684 3094 1695 3145 !
1727 3092 1914 3162 Neque
1936 3093 2079 3147 enim
2113 3094 2225 3147 Sola

636 3194 765 3239 sunt
802 3186 900 3239 ista
932 3196 985 3238 et
1012 3184 1206 3250 unica;
1250 3186 1344 3240 scd
1403 3185 1546 3239 fetus
1581 3185 1807 3239 aliarmn
1845 3185 2107 3240 virtutum
2130 3229 2142 3250 ,
2172 3195 2227 3239 et

637 3273 986 3327 fecunditatis
1008 3283 1114 3327 tuae
1142 3274 1442 3343 spiritu-alis
1470 3275 1814 3345 prOpagines.
1837 3275 2106 3341 Quoniam
2126 3292 2227 3331 nec

637 3362 753 3417 fieri
785 3372 959 3432 potest
990 3373 1050 3416 ut
1078 3378 1189 3417 non
1220 3363 1359 3417 bene
1388 3363 1661 3433 oleat,qui
1694 3372 1967 3434 unguenta
1991 3364 2226 3417 circum-

636 3457 776 3509 lerat
805 3472 818 3508 :
861 3470 1039 3525 neque
1068 3464 1126 3509 ut
1161 3470 1269 3510 non
1308 3455 1488 3511 luceat
1522 3458 1614 3525 qui
1658 3456 1831 3510 facem
1860 3465 2055 3525 gestet.
2091 3456 2227 3511 Hinc

636 3547 801 3616 igitur
830 3562 1219 3616 usquequaque
1253 3547 1673 3619 dignoscuntur,
1702 3562 1765 3602 ac
1791 3547 2136 3617 potissimum
2168 3547 2223 3602 in

640 3641 1124 3707 persecutionibus
1156 3656 1255 3710 pro
1285 3640 1507 3694 Christo
1528 3682 1542 3705 ,
1573 3640 1797 3710 quinam
1832 3641 1944 3694 sint
1972 3640 2231 3695 sanctita-

640 3730 708 3784 tis
737 3741 1044 3797 amatores,
1085 3742 1141 3787 et
1176 3732 1318 3787 beati
1349 3749 1363 3796 ;
1400 3732 1624 3802 quinam
1666 3740 1856 3785 contra
1890 3731 2125 3802 improbi
2178 3739 2233 3786 et

639 3822 896 3877 bonitatis
926 3834 1178 3893 expertes
1207 3843 1219 3878 :
1263 3826 1615 3893 quantumvis
1647 3824 1905 3879 interiora
1948 3833 2097 3879 recte
2130 3823 2231 3877 ha-

640 3915 790 3984 bere,
821 3927 1045 3971 externa
1081 3917 1263 3987 specie
1297 3917 1793 3972 assimulent.......

1084 4050 1193 4108 LV.
1224 4085 1291 4093 —
1312 4052 1479 4107 lremr
1508 4052 1770 4122 patricia‘.

2318 2258 2419 2326 τῆς
2452 2257 2730 2327 ὁσιότητός
2777 2272 2911 2318 σου;
2960 2256 3150 2325 Ἡμεῖς
3182 2255 3239 2308 δὲ
3272 2254 3361 2309 διά
3391 2254 3549 2309 τοῦτο
3591 2255 3790 2326 μᾶλλον
3844 2258 3908 2309 οὐ

2318 2348 2687 2419 διαλείψομεν.
2733 2348 2805 2400 Τὸ
2852 2348 2949 2417 μὲν
2992 2346 3079 2400 διὰ
3132 2347 3193 2399 τὸ
3234 2347 3382 2415 ἅπαξ
3430 2350 3576 2419 ἡμᾶς
3608 2348 3817 2413 ἀνοῖξαι
3850 2350 3912 2403 τὸ

2319 2442 2575 2495 ταπεινὸν
2612 2442 2784 2511 στόμα
2808 2458 2823 2472 ·
2860 2441 2920 2493 τὸ
2956 2442 3013 2494 δὲ
3044 2441 3131 2493 διὰ
3159 2441 3252 2493 τὸν
3290 2442 3429 2496 κατά
3457 2443 3589 2495 Θεόν
3622 2459 3716 2495 σου
3748 2442 3911 2514 ζῆλον

2323 2533 2419 2587 καὶ
2445 2533 2749 2602 πυρίπνουν
2774 2532 3054 2586 ε’ὑσέϐεαν.
3084 2532 3432 2603 Πυνθάνομαι
3460 2532 3568 2602 γάρ
3591 2550 3649 2586 σε
3674 2533 3912 2606 ἄληκτον

2323 2626 2409 2695 ἔχε
2422 2644 2468 2678 ιν
2495 2626 2558 2678 τὸ
2592 2626 2720 2697 περὶ
2756 2625 2885 2689 τοὺς
2910 2624 3173 2696 ἀδελφοὺς
3192 2625 3350 2696 ἡμῶν
3367 2626 3735 2696 εὐποιητικὸν,
3759 2628 3913 2682 ἐνθεν

2325 2719 2579 2771 κάκεῖθεν
2612 2717 2995 2791 περιθέουσαν,
3034 2720 3129 2771 καὶ
3163 2720 3397 2773 ἕκαστον
3428 2719 3519 2772 τὸν
3548 2722 3912 2791 παρατυγχά-

2326 2828 2485 2864 νοντα
2517 2810 2872 2883 δεξιουμένην
2906 2810 3325 2881 φιλανθρώπως,
3358 2813 3453 2865 καὶ
3488 2816 3600 2877 τοῖς
3635 2814 3915 2875 εὐκταίοις

2328 2905 2533 2975 ῥήμασι
2561 2906 3040 2975 παραπέμπουσαν
3065 2904 3141 2967 ὡς
3164 2904 3401 2975 Χριστοῦ
3429 2904 3693 2960 διάκονον.
3727 2908 3792 2960 Ὠ
3815 2907 3913 2977 τῆς

2329 2998 2627 3069 καλλίστης
2661 3015 2754 3051 σου
2785 2998 2988 3067 ταύτης
3020 2999 3440 3071 πραγματείας]
3486 3000 3531 3054 ὣ
3575 3001 3673 3070 τῆς
3704 3017 3914 3069 γρηγο-

2332 3092 2530 3159 ρούσης
2557 3104 2651 3140 σου
2688 3089 2812 3158 περὶ
2845 3087 2913 3139 τὰ
2936 3086 3049 3141 Θεῖα
3078 3089 3228 3158 ἱερᾶς
3260 3088 3471 3160 ψυχῆςῑ
3500 3090 3575 3142 Οὐ
3606 3088 3715 3158 γὰρ
3745 3090 3917 3159 ὀρφαο

2329 3179 2455 3232 νικὰ
2488 3178 2679 3233 ταῦτα.
2724 3180 3115 3248 ’Δποκυήματα
3146 3180 3202 3233 δὲ
3233 3182 3436 3251 ἑτέρων
3473 3180 3707 3251 ἀρετῶν,
3745 3181 3915 3252 ἤγουν

2332 3270 2699 3342 προϐλήματα
2757 3270 2857 3340 τῆς
2918 3271 3298 3341 πνευματικῆς
3350 3288 3443 3324 σου
3493 3270 3912 3342 πολυκαρπίας·

2330 3362 2453 3414 ἐπεὶ
2481 3362 2603 3416 οὐδὲ
2632 3356 2744 3415 οἷόν
2771 3379 2831 3416 τε
2873 3362 2949 3435 μὴ
2980 3363 3200 3417 εὐωδεῖν
3230 3364 3322 3416 τὸν
3343 3350 3741 3433 ἐπιφερόμενον
3767 3364 3915 3435 ἀρώ-

2336 3471 2514 3526 ματα·
2558 3455 2695 3527 μηδὲ
2752 3456 3160 3527 λαμπαδουχεῖν
3211 3456 3302 3510 τὸν
3341 3455 3678 3526 φωτοφόρον.
3708 3456 3917 3510 Διαδείη

2330 3565 2557 3603 κνυνται
2599 3548 2780 3602 τοίνυν
2830 3548 3082 3603 ἐντεῦθεν
3129 3549 3359 3603 πάντοτε
3405 3548 3499 3602 καὶ
3537 3552 3779 3615 παντως,
3820 3549 3918 3603 καὶ

2333 3640 2569 3710 μάλιστα
2602 3640 2661 3695 ὲν
2686 3643 2800 3704 τοῖς
2824 3641 2965 3713 ὑπὲρ
2989 3640 3226 3711 Χριστοῦ
3256 3641 3536 3710 διωγμοῖς,
3563 3640 3708 3703 τίνες
3740 3640 3789 3693 οἱ
3817 3640 3918 3711 τῆς

2330 3732 2608 3800 ὁσιότητος
2652 3732 2881 3803 ἐρασταὶ
2912 3732 3005 3784 καὶ
3038 3731 3291 3797 θεόλὸιοι,
3321 3731 3415 3784 καὶ
3444 3731 3592 3793 τίνες
3639 3732 3689 3783 οἱ
3717 3732 3919 3799 φαυλό-

2331 3840 2491 3893 τητος
2516 3825 2610 3876 καὶ
2634 3823 3000 3894 ἀμοιράγαθοι
3016 3840 3029 3855 ·
3061 3823 3163 3877 κᾶν
3183 3823 3261 3892 τῷ
3280 3821 3385 3887 ἔξω
3412 3825 3653 3894 σχήματι
3676 3822 3745 3875 τὰ
3770 3820 3919 3883 ἔνδον

2334 3914 2513 3977 καλῶς
2544 3914 2689 3984 ἔχειν
2718 3914 3255 3987 ὑποπλαττόμενοι...
3278 3916 3378 3985 (f).

2654 4048 2779 4103 NE'.
2813 4048 3123 4119 -Ειρήνῃ
3158 4050 3464 4119 πατρικίφ.
3504 4047 3703 4125 [σπβ,.]

1452 4169 1515 4218 Ut
1549 4168 1770 4218 scribere
1808 4174 1998 4231 pergat.
2028 4168 2152 4218 Tum
2182 4166 2243 4215 de
2268 4166 2383 4216 filiae
2408 4165 2576 4216 morbo
2598 4165 2853 4215 dolentem
2879 4165 3086 4214 solatur.

711 4273 904 4329 Philtri
943 4275 1225 4345 cujusdam
1260 4276 1366 4329 vim
1408 4275 1575 4331 habet
1605 4276 1908 4331 litterarum
1933 4276 2226 4332 collocutio

641 4367 894 4423 allectum
929 4368 1258 4437 ingenerans
1283 4369 1336 4422 in
1367 4370 1563 4424 animis
1586 4370 1885 4423 amantium
1920 4388 1932 4423 :
1966 4380 2228 4438 tantoque

642 4458 813 4529 magis
844 4499 859 4522 ,
894 4467 1103 4527 quanto
1138 4458 1300 4513 fuerit
1341 4464 1607 4514 sermonis
1641 4460 2064 4514 communicatio
2116 4459 2227 4515 fre-

640 4548 895 4617 quentior
926 4588 940 4613 ,
992 4548 1226 4603 latentes
1270 4550 1470 4603 amoris
1516 4550 1780 4604 scintillas
1826 4548 2227 4619 quodammodo

643 4642 1024 4703 exsuscitaus.
1078 4650 1133 4695 et
1179 4656 1429 4711 magnam
1490 4642 1895 4709 conjunctionis
1950 4640 2227 4694 benevola:

644 4734 913 4788 ﬂammam
952 4734 1270 4789 incendens.
1331 4733 1519 4788 Simile
1559 4734 1813 4803 quiddam
1857 4742 1908 4787 et
1972 4732 2027 4786 in
2070 4732 2228 4787 nobis

646 4826 945 4881 humilibus
985 4824 1167 4879 effecit
1199 4823 1428 4895 epistula
1468 4824 1751 4879 suavitatis
1780 4833 1918 4887 tuae,
1969 4824 2227 4893 spiritua-

644 4922 747 4973 lem
782 4918 900 4984 ejus
931 4916 1365 4972 benevolentiam
1399 4916 1770 4987 multiplicans
1795 4955 1809 4978 ,
1842 4915 2227 4983 memoriaeque

2405 4265 2763 4346 Φιλτροποιόν
2789 4292 2841 4327 τι
2870 4275 3104 4345 πρᾶγμα
3133 4275 3166 4345 ἡ
3195 4277 3559 4348 γραμματικὴ
3588 4278 3919 4351 προσφώνη-

2338 4388 2441 4436 σις,
2479 4369 2665 4441 σχέσιν
2724 4369 3027 4438 ἐμποιοῦσα
3078 4370 3201 4431 ταῖς
3246 4369 3448 4441 ψυχαῖς
3492 4370 3603 4424 τῶν
3638 4370 3915 4442 ἐρώντων,

2336 4463 2449 4517 Καὶ
2484 4461 2737 4515 τοσοῦτον
2765 4460 2920 4533 [Reg.
2955 4462 3078 4517 cod.
3120 4460 3436 4533 τοσαύτην],
3459 4461 3680 4532 ὅσῳπερ
3720 4461 3790 4515 ἂν
3824 4463 3917 4517 καὶ

2337 4550 2586 4621 πυκνάζῃ
2635 4553 2667 4621 ἡ
2715 4550 2905 4620 ὁμιλία
2928 4568 2941 4581 ·
2990 4551 3157 4603 οἱονεὶ
3196 4550 3644 4605 ἀναααλεύουσα
3676 4552 3806 4614 τοὺς
3836 4554 3920 4605 ὲν-

2335 4641 2733 4709 αποκειμένους
2762 4641 3062 4711 ἐρωτικοὺς
3086 4640 3408 4711 σπινθῆρας,
3441 4642 3535 4694 καὶ
3574 4640 3779 4712 πολλὴν
3818 4642 3919 4711 τὴν

2335 4730 2689 4802 ἀγαπητικὴν
2711 4730 2952 4785 διάθεσιν
2981 4730 3339 4786 ἀνακαίουσα.
3374 4731 3641 4785 Τοσοῦτόν
3661 4749 3713 4785 τι
3744 4733 3838 4786 καὶ
3860 4735 3920 4786 ἐν

2335 4826 2470 4894 ἡμῖν
2501 4827 2614 4887 τοῖς
2640 4825 2913 4887 ταπεινοῖς
2943 4824 3319 4894 ἀπειργάσατο
3346 4826 3380 4895 ή
3413 4824 3674 4895 ἐπιστολὴ
3696 4827 3797 4897 τῆς
3820 4826 3921 4895 ἒμ-

2341 4917 2562 4987 μελείας
2590 4934 2706 4980 σου,
2741 4916 3227 4971 πολυπλασιάσασα
3270 4918 3370 4989 τὴν
3410 4918 3794 4988 πνευματικὴν
3828 4934 3919 4986 φι-

645 5008 899 5079 igniculis
929 5008 1295 5078 vegetioribus
1345 5006 1611 5062 insidens.
1657 5006 1821 5061 Utere
1863 5006 2043 5077 igitur,
2069 5006 2229 5075 pien-

2335 5010 2455 5063 λίαν
2484 5009 2673 5077 αὐτῆς,
2692 5009 2787 5061 καὶ
2808 5010 2876 5061 τά
2900 5008 2998 5077 τῆς
3025 5009 3245 5080 μνήμης
3265 5006 3671 5078 ἓμπυρεύματα
3688 5009 3922 5078 ἀκμαιό-

647 5100 855 5154 tissima
887 5099 1116 5154 Domina
1141 5142 1156 5165 ,
1206 5100 1310 5154 hoc
1336 5100 1539 5155 amoris
1568 5099 1899 5169 pharmace;
1942 5113 2005 5152 ac
2050 5099 2117 5152 de
2144 5107 2234 5152 tua

647 5195 963 5250 valetudine
994 5203 1051 5249 et
1078 5193 1445 5263 prosperitate
1483 5192 1645 5245 nobis
1674 5189 1939 5259 significa.
1972 5189 2237 5245 Novimus

650 5289 795 5342 enim
840 5294 1109 5357 perpetuo
1164 5286 1432 5339 virentem
1481 5281 1701 5337 virtutis
1754 5290 1859 5336 tua:
1910 5281 2131 5346 liorem,
2181 5292 2237 5336 et

654 5377 873 5449 pietatis
901 5376 1292 5431 abundantiam
1324 5390 1387 5429 ex
1421 5374 1487 5427 iis
1511 5388 1631 5443 qum
1662 5372 2004 5434 audivimus,
2034 5381 2087 5426 et
2116 5388 2236 5441 qua:

654 5486 801 5525 nunc
834 5471 999 5525 etiam
1032 5469 1289 5523 audimus
1321 5486 1333 5521 :
1375 5476 1431 5521 ct
1453 5466 1653 5536 quibus
1685 5480 1784 5519 nos
1818 5464 1919 5535 ipsi
1957 5464 2237 5519 beneficiis

655 5566 833 5621 all’ecti
878 5580 1068 5620 sumus
1107 5572 1161 5620 et
1193 5561 1457 5617 aliieimnr
1498 5560 1835 5616 etiamnum:
1885 5558 1998 5613 sive
2047 5572 2235 5612 vocem

2332 5117 2467 5167 τερα
2498 5099 2837 5164 ὲνιζάνουσα,
2865 5097 2996 5169 Χρῶ
3026 5097 3339 5169 τοιγαροῦν,
3371 5097 3766 5166 θεοσεσεστάτη
3801 5099 3919 5153 Ku-

2337 5190 2570 5262 ρία,-τῷ
2616 5190 2950 5262 ἀγαπητικῷ
2997 5189 3133 5261 τῷδε
3182 5190 3494 5262 φαρμάκῳ·
3540 5191 3635 5245 καὶ
3686 5189 3922 5261 γνώριζε

2335 5285 2468 5354 ἡμῖν
2506 5283 2574 5337 τὰ
2604 5286 2703 5354 τῆς
2728 5282 2944 5350 εὐεξίας
2976 5284 3072 5337 καὶ
3096 5283 3402 5355 εὐπραξίας
3430 5299 3545 5337 σου.
3578 5284 3769 5353 Ἰσμεν
3811 5281 3925 5352 γὰρ

2334 5377 2395 5428 τὸ
2419 5376 2540 5428 κατ’
2568 5376 2768 5446 ἀρετήν
2802 5392 2896 5428 σου
2924 5373 3177 5439 ἀειθαλὲς
3199 5376 3290 5429 καὶ
3321 5373 3639 5446 ποριστικὸν
3663 5375 3743 5437 είς
3768 5372 3927 5425 εὐσέ-

2344 5468 2499 5521 ϐειαν
2522 5468 2583 5539 ἐξ
2609 5461 2683 5520 ὦν
2708 5484 2768 5519 τε
2795 5468 3137 5537 ἀκηκόαμεν,
3174 5468 3266 5521 καὶ
3295 5466 3464 5521 εἰσέτι
3488 5466 3793 5534 ἀκούομεν·
3825 5465 3927 5519 καὶ

2348 5552 2540 5627 ἀφ’ών
2578 5561 2737 5629 ἡμεῖς
2761 5559 2915 5612 αὐτοὶ
2974 5554 3031 5614 εὖ
3068 5558 3419 5631 πεπόνθαμεν
3478 5558 3572 5613 καὶ
3603 5556 3924 5628 πάσχομεν·

2176 5718 2407 5775 ΝΟΤΑΞ.

736 5852 814 5922 (lj
851 5850 1061 5907 Desunt
1106 5845 1391 5909 nonnulla,
1425 5851 1481 5899 ut
1515 5843 1787 5913 conjicere
1830 5852 1912 5899 est
1941 5856 2003 5897 ex
2043 5840 2218 5913 spatio
2256 5839 2515 5904 vacuo,in
2554 5840 2685 5912 Reg.
2722 5840 2841 5896 cod.
