4158 6510
267 468 406 530 1109

1468 462 2001 522 EPISTOLARUM
2033 461 2177 520 LlB.
2215 461 2265 520 Ι.

3348 459 3486 522 1110

260 586 374 639 εἴτε
419 581 770 651 δανειζομένη
823 579 921 649 τὴν
961 579 1176 648 φωνήν’
1227 576 1335 630 εἴτε
1380 577 1474 630 καὶ
1516 578 1574 643 ἐξ
1622 578 1823 641 οίκείας

1931 576 2191 630 mutueris
2216 574 2469 637 alienam,
2490 574 2601 628 sive
2620 572 2799 643 lingua
2822 573 3037 643 pr0pria
3052 572 3270 642 loquare
3291 589 3303 637 ;
3327 589 3487 643 quam

259 677 508 746 γλώττης
559 672 935 742 φθεγγομένη’
990 670 1067 732 ὡς
1112 671 1272 739 ἡμεῖς
1316 686 1380 736 γε
1420 669 1574 740 ἡδείᾳ
1614 669 1822 739 ταύτην

261 766 464 839 μᾶλλον
490 765 751 833 ἐπαίομεν
779 762 1037 825 διαθέσει,
1059 761 1117 813 οὺ
1146 759 1286 829 ψιλῷ
1307 760 1424 829 ἤχῳ
1446 760 1821 829 προσέχοντες

255 863 355 914 καὶ
384 859 498 927 ἅμα
528 858 701 909 ἐκεῖνο
729 854 1107 923 γινώσκοντες,
1138 854 1214 916 ὡς
1239 852 1413 915 οὐδεὶς
1436 851 1609 916 οὕτως
1634 853 1825 907 είκονί-

257 969 373 1005 σειε
427 950 624 1020 ψυχὴν,
672 948 747 1010 ὼς
801 949 829 1000 ό
864 946 994 1017 παρ’
1041 944 1209 1014 αὐτῆς
1253 944 1456 1016 προῖὼν
1495 944 1670 1013 λόγος,
1718 944 1823 1000 κάν

254 1042 442 1105 ὁποῖός
485 1039 603 1093 ποτ’
634 1039 700 1093 ἂν
739 1037 847 1105 εῖη.
877 1036 1012 1108 Περὶ
1042 1035 1141 1103 τῆς
1171 1033 1367 1103 κυρίας
1407 1032 1506 1101 τῆς
1552 1033 1822 1105 θυγατρός

259 1152 357 1187 σου
386 1134 469 1187 ὅτι
491 1132 711 1199 γέγονεν
741 1128 883 1182 οὕτω
908 1125 1188 1197 μαθόντες,
1214 1122 1515 1194 ἡνιάθημεν
1534 1140 1549 1155 ’
1576 1123 1740 1194 εὐχὴν
1766 1125 1823 1178 δέ

257 1225 445 1288 ποίαν,
481 1223 514 1293 ἢ
544 1219 904 1289 ἀπομύρισμα
932 1211 1045 1269 οἷον
1076 1215 1253 1285 δῶμεν
1281 1215 1595 1285 ἁμαρτωλοὶ⁸
1619 1215 1823 1284 τυγχά-

254 1329 477 1378 νοντες;
502 1310 646 1380 Πλὴν
669 1309 845 1362 ἐκεῖνο
864 1306 1093 1358 πέπεισο
1118 1321 1133 1337 ο
1165 1304 1249 1357 ὅτι
1272 1303 1427 1357 οὐδὲν
1457 1302 1732 1374 ίσχύουσιν
1764 1305 1820 1357 αί

256 1404 506 1458 τοιαῦται
554 1399 883 1471 περιεργίαι,
938 1399 985 1449 εί
1036 1396 1175 1466 μήγε
1223 1396 1383 1465 ἡμεῖς
1414 1395 1590 1465 δῶμεν
1639 1394 1823 1465 χώραν

256 1492 563 1565 ἁπροσεξίᾳ
589 1491 714 1545 τινί.
757 1489 844 1552 Ὠς
872 1486 981 1557 γάρ
1000 1488 1097 1556 οὐχ
1125 1482 1235 1539 οἷόν
1265 1502 1323 1539 τε
1351 1484 1514 1537 τόπον
1546 1485 1663 1538 τινά
1689 1484 1823 1555 ἡλίῳ

258 1582 766 1656 περιλαμπόμενον,
812 1578 874 1633 τὸ
913 1577 1186 1632 ἀντίθετον
1232 1578 1422 1638 σκότος
1459 1575 1818 1640 εἰσδέξασθαιο

256 1677 433 1737 οὕτως
471 1673 589 1727 οὐδὲ
612 1671 895 1742 ἄνθρωπον
922 1668 1051 1737 θείῳ
1080 1666 1239 1736 φωτὶ,
1277 1665 1444 1737 ἤγουν
1480 1666 1691 1718 συνέσει
1728 1666 1823 1719 καὶ

261 1768 437 1838 ἀρετῇ
460 1762 888 1834 ἐπερειδόμενον,
921 1759 1116 1812 παθεῖν
1140 1776 1193 1811 τι
1226 1757 1331 1811 τῶν
1365 1755 1567 1810 σκαιῶν
1591 1756 1681 1809 καὶ
1707 1757 1824 1809 δαιο

268 1856 503 1927 μονικῶν
551 1850 1038 1925 μαγγανευμάτων.
1082 1846 1279 1917 Ἰαθείη
1320 1845 1558 1916 τοίνυνή
1595 1849 1722 1909 παῖς
1764 1846 1822 1898 ἐν

1924 683 2027 722 nos
2069 667 2251 735 utique
2288 666 2446 735 longe
2476 666 2715 720 dulciore
2759 670 2926 719 sensu
2975 665 3313 734 excipimus,
3349 664 3489 718 haud

1925 760 2071 815 nudo
2093 775 2228 816 sono
2256 759 2455 813 intenti
2483 775 2497 824 ;
2531 759 2625 812 scd
2653 757 2754 811 hoc
2788 755 2948 810 simul
2977 755 3341 826 intelligentes
3364 795 3379 817 ,
3410 755 3494 808 ni-

1926 852 2002 908 hil
2029 852 2270 905 animum
2294 850 2373 905 sic
2404 849 2736 919 exprimere,
2768 858 2828 903 ut
2854 849 2921 902 ab
2951 862 3017 902 eo
3044 849 3328 918 prodiens,
3361 863 3495 918 qua-

1926 942 2211 1012 liscunque
2252 940 2473 995 tandem
2518 939 2604 992 ilia
2636 939 2745 1002 sit,
2794 939 2991 993 oratio.
3026 937 3103 993 De
3129 939 3351 993 domina
3386 940 3491 993 ﬁlia

1926 1042 2037 1099 tua,
2069 1032 2212 1102 quod
2236 1032 2284 1086 ei
2317 1030 2532 1093 accidit,
2563 1031 2652 1085 ubi
2692 1029 3001 1095 didicimus,
3037 1029 3369 1084 indoluimus
3404 1046 3495 1084 ve-

1927 1124 2255 1178 hementer:
2303 1136 2567 1192 quasnam
2612 1135 2743 1176 vero
2786 1134 3006 1190 preces.
3055 1129 3148 1174 aut
3189 1121 3495 1190 cuiusmodi

1924 1214 2165 1269 lenimen
2210 1213 2586 1283 impertiamus
2627 1226 2729 1265 nos
2766 1211 2860 1281 qui
2902 1220 3215 1281 peccatores
3258 1214 3495 1267 sumus?

1923 1304 2308 1360 Verumtamen
2339 1305 2417 1361 sic
2434 1304 2528 1359 tibi
2548 1303 2894 1375 persuadeas,
2920 1304 3125 1358 nullam
3150 1304 3258 1358 vim
3292 1304 3494 1359 habere

1925 1397 2229 1452 istiusmodi
2276 1395 2572 1457 molestias.
2630 1396 2732 1449 nisi
2779 1394 2984 1449 aditum
3036 1394 3252 1463 ipsimet
3312 1410 3496 1450 socor—

1923 1489 2011 1543 dia
2040 1489 2217 1557 aliqua
2254 1488 2663 1557 patefaciamus.
2698 1486 3168 1553 Quemadmodum
3199 1488 3344 1541 enim
3377 1488 3494 1542 fieri

1924 1577 2155 1646 nequit,
2197 1586 2257 1630 ut
2298 1576 2452 1631 locus
2489 1576 2762 1645 quispiam
2803 1574 2932 1630 solis
2961 1574 3125 1629 radiis
3158 1574 3457 1631 illustratus
3481 1614 3495 1637 .

1925 1667 2226 1721 contrarias
2256 1666 2511 1722 tenebras
2541 1666 2831 1731 admittat,
2893 1665 2972 1719 sic
3010 1681 3185 1735 neque
3223 1666 3384 1722 homo
3416 1668 3499 1722 di-

1925 1756 2052 1809 vino
2076 1756 2283 1809 lumine
2309 1794 2324 1819 ,
2370 1756 2475 1810 hoc
2512 1763 2596 1809 est
2638 1754 2927 1824 prudentia
2976 1762 3030 1808 et
3068 1755 3267 1809 virtute
3302 1756 3499 1827 nixus,

1924 1846 2143 1901 sinistra
2190 1848 2298 1901 ulla
2328 1847 2588 1902 daemonis
2618 1846 2806 1901 fraude
2835 1844 2956 1899 laedi
2989 1856 3187 1915 potest.
3234 1846 3500 1903 Convale-

264 1948 489 2017 ὀνόματι
518 1945 723 2014 Κυρίου
756 1940 849 1994 τοῦ
894 1937 1286 2011 θεραπεύοντος
1331 1938 1508 1990 πᾶσαν
1538 1937 1690 1991 νόσον
1732 1938 1823 1992 καὶ

1930 1947 2046 1992 scat
2065 1954 2192 2009 ergo
2214 1938 2389 2007 puella
2414 1939 2468 1992 in
2504 1939 2727 1993 nomine
2744 1940 2976 2006 Domini,
2995 1941 3087 2010 qui
3111 1949 3267 1995 sanat
3280 1954 3499 1995 omnem

260 2042 445 2094 πᾶσαν
479 2034 747 2108 μαλακίαν
768 2049 783 2063 ’
814 2032 908 2086 καὶ
933 2030 1072 2083 ἔστω
1104 2030 1225 2100 χεὶρ
1249 2027 1383 2081 Θεοῦ
1414 2028 1822 2099 περιιπταμένη

1926 2028 2173 2084 morbum
2195 2036 2253 2083 et
2278 2029 2593 2101 languorem
2620 2044 2837 2086 omnem
2881 2048 2895 2084 :
2944 2040 2998 2087 et
3029 2048 3223 2088 manus
3264 2032 3362 2087 Dei
3391 2032 3500 2087 cir-

256 2133 353 2185 καὶ
373 2126 765 2191 ἐπισκιάζουσα
786 2124 883 2192 τὴν
905 2122 1076 2190 αὐτῆς
1096 2119 1357 2190 κεφαλὴν,
1374 2119 1465 2171 καλ⁵
1480 2118 1821 2172 άποσοὸοὖσα

1926 2128 2140 2176 cumeat
2184 2129 2345 2191 atque
2387 2122 2676 2177 obumbret
2720 2132 2883 2193 caput
2933 2124 3078 2181 illius
3106 2164 3122 2191 ,
3177 2134 3232 2181 et
3281 2125 3500 2179 noxiam

255 2226 440 2278 πᾶσαν
468 2221 744 2290 ἐνέργειαν
774 2213 1076 2284 βλαπτικήν
1097 2229 1112 2243 ’
1161 2212 1236 2274 ὼς
1278 2210 1344 2264 ἂν
1377 2209 1675 2263 εὐεκτοῦσα
1723 2210 1819 2263 σὺν

1926 2210 2037 2265 vim
2068 2224 2285 2265 omnem
2323 2210 2596 2280 depellat;
2642 2219 2724 2278 ut,
2770 2228 2893 2268 cum
2936 2215 3023 2285 pia
3065 2212 3260 2281 matre,
3285 2216 3501 2270 incolu-

258 2316 429 2387 μητρὶ
449 2311 690 2381 θεοφόὸῳ
717 2306 939 2376 ἀποδοίη
965 2304 1064 2367 τὰς
1082 2303 1244 2373 εύχάς
1266 2301 1434 2372 αὐτῆς
1459 2301 1823 2373 χαριστηρίως

1926 2302 2031 2357 mis
2082 2310 2208 2358 vota
2244 2317 2340 2356 sua
2378 2301 2609 2358 Domino
2645 2319 2771 2360 cum
2811 2304 3100 2378 gratiarum
3140 2307 3349 2362 actione
3377 2306 3500 2363 red-

254 2408 335 2477 τῷ
367 2404 576 2476 Κυρίῳ.

253 2541 399 2608 Nq'.
433 2567 503 2578 —
538 2534 822 2615 Ἀντωνίῳ
865 2530 1177 2615 ἡτουμρνφ
1202 2530 1331 2615 ,τίίὗ
1382 2530 1553 2598 ἀγίου
1575 2529 1823 2615 ηέῖροὲθι

711 2596 808 2656 καί
843 2596 965 2669 τοῖς
1001 2596 1123 2655 ἁὺν
1146 2599 1328 2665 αὐτῷ.
1432 2596 1439 2598 ἡ
1620 2596 1829 2672 [σθςκ]

1924 2396 2036 2452 dat.

1932 2533 2064 2594 LVI.
2095 2569 2164 2580 ——
2193 2538 2422 2593 Antonio
2467 2539 2961 2663 praepositouaancti
3000 2539 3151 2594 Petri
3174 2578 3189 2605 ,
3222 2548 3271 2594 et
3317 2541 3381 2595 iis
3412 2541 3501 2610 qui

2579 2625 2695 2661 cum
2733 2625 2749 2661 ι
2795 2625 2845 2662 ο.

2579 2625 2695 2661 cum
2733 2625 2845 2662 tuo.

254 2723 443 2773 Suadet
464 2726 519 2770 ut
542 2730 660 2782 pace
694 2714 928 2767 Ecclesiae
945 2715 1041 2776 jam
1066 2728 1154 2777 per
1173 2712 1521 2776 imperatorem
1541 2714 1835 2824 consgltutg,1
1846 2726 1971 2837 tu:
1992 2721 2288 2841 pgtgiarcha,
2314 2717 2847 2782 dictisconditionibus,
2881 2722 3260 2771 communicent.
3294 2720 3498 2783 (Baron.

326 2889 437 2952 Τάς
466 2886 531 2939 ἐκ
560 2883 759 2953 πολλῆς
791 2881 1019 2950 συνοχῆς
1042 2881 1135 2933 καὶ
1164 2879 1397 2949 θλίψεως
1430 2879 1656 2951 καρδίας
1692 2896 1830 2950 γρα-

257 2982 452 3052 φείσας
502 2978 635 3047 ἡμῖν
691 2972 981 3035 ἐπιστολὰς
1025 2971 1177 3040 παρὰ
1222 2971 1320 3040 τῆς
1366 2972 1639 3042 πατρικῆς
1675 2970 1829 3041 ὑμῶν

257 3070 568 3143 ἁγιωσύνης
613 3067 925 3136 δεξάμενον
976 3064 1097 3117 ὅσον
1136 3062 1607 3133 κατεστενάξαμεν
1654 3063 1707 3116 τί
1750 3063 1832 3115 δεῖ

257 3166 353 3219 καὶ
384 3163 586 3230 λέγειν,
614 3158 919 3228 ἀδελφικοῖς
946 3154 1271 3223 σπλάγχνοις
1294 3153 1629 3224 κινούμενοι,
1658 3156 1705 3206 εί
1735 3155 1830 3206 καὶ⁹

1995 2885 2133 2939 Cum
2168 2886 2426 2957 epistolas
2460 2896 2671 2943 vestras
2699 2902 2894 2959 magno
2928 2903 3053 2943 cum
3088 2887 3256 2942 animi
3298 2903 3502 2957 angore

1925 2985 1981 3031 et
2013 2976 2302 3033 afﬂictione
2335 2979 2401 3033 ad
2432 2994 2532 3034 nos
2562 2980 2795 3049 scriptas
2854 2994 2884 3032 a
2930 2988 3158 3048 paterna
3214 2980 3503 3033 sanctitate

1925 3076 2104 3123 vestra
2162 3069 2562 3137 accepissemus
2608 3109 2624 3135 ,
2686 3075 3021 3138 quantopere
3073 3068 3501 3139 ingemuerimus

1925 3159 2051 3229 quid
2076 3158 2264 3214 dicere
2297 3160 2527 3224 attinet,
2577 3158 2830 3214 fraternis
2874 3158 3172 3213 visceribus
3204 3158 3459 3214 commoti
3486 3200 3501 3221 ,

256 3255 471 3319 ἀνάξιοι
494 3252 855 3321 τυγχάνομεν,
888 3246 980 3299 καὶ
1010 3247 1071 3296 ἐκ
1103 3244 1501 3306 ταυτοπαθείας
1534 3245 1633 3309 τὴν
1668 3260 1823 3315 περι-

1929 3248 2140 3303 tametsi
2175 3248 2379 3320 indigni
2416 3250 2621 3314 simus,
2675 3264 2740 3305 ex
2784 3249 2942 3318 parili
2988 3263 3225 3304 mcerore
3258 3248 3500 3304 dolorem

257 3350 483 3416 πόνησιν
518 3343 673 3413 ὑμῶν
711 3334 1093 3409 στοχαζόμενοί
1128 3352 1187 3387 τε
1217 3335 1309 3388 καὶ
1337 3334 1824 3403 συνυφιστάμενοι;

256 3440 379 3495 οὐδὲ
408 3439 514 3509 γὰρ
542 3436 723 3498 ἀλλοις
747 3434 861 3486 εστι
886 3429 1248 3499 γνωρίζεσθαι
1276 3429 1337 3481 τδ
1360 3426 1637 3497 ὀδυνηρὸν,
1663 3426 1696 3496 ἢ
1720 3427 1829 3488 τοῖς

256 3529 607 3603 ὀμοιοπαθῶς
638 3527 752 3589 τοῖς
782 3523 964 3584 αὐτοῖς
993 3519 1331 3591 ἐνεχομένοις
1358 3519 1642 3587 λυπηροῖς.
1686 3515 1828 3569 Ἀλλ’

257 3625 315 3677 αἱ
369 3620 630 3692 ἁμαρτίαι
674 3614 829 3685 ἡμῶν
866 3611 1119 3664 τοσοῦτον
1164 3608 1472 3679 ἐπλήθυναν
1506 3608 1562 3659 ἐν
1596 3608 1662 3677 τῇ
1686 3623 1827 3677 παρ-

257 3714 397 3785 ούσῃ
448 3711 611 3781 γενεᾷ
656 3707 757 3775 τῆς
805 3705 1049 3773 ἀνομίας,
1078 3700 1235 3773 [C0d.
1263 3699 1396 3768 Reg.
1435 3697 1532 3768 τὴν
1572 3695 1826 3768 ἀνομίαν]

256 3804 525 3872 ψυγείσης
570 3798 668 3866 τῆς
701 3794 917 3863 ἀγάπης
948 3792 1089 3845 κατὰ
1127 3791 1217 3846 τὸν
1264 3789 1357 3842 τοῦ
1384 3788 1591 3859 Κυρίου
1636 3787 1823 3857 λόγον’

257 3897 401 3950 ὥστε
431 3894 557 3955 τοὺς
593 3884 903 3957 ὀφείλοντας
929 3883 1161 3935 διαλύειν
1209 3881 1280 3935 τά
1315 3880 1497 3933 σκῶλα
1533 3880 1624 3932 καὶ
1656 3895 1824 3949 προσ-

258 3987 539 4054 κόμματα,
560 3980 783 4039 τούτους
815 3976 883 4028 τά
932 3975 1023 4027 ἴσα
1062 3975 1095 4046 ἢ
1128 3974 1264 4042 τάχα
1290 3974 1385 4025 καὶ
1410 3972 1686 4042 δεινότερα
1715 3974 1827 4034 τοῖς

256 4080 318 4131 ἐν
349 4078 465 4138 ταῖς
500 4071 694 4138 ἔξωθεν
728 4067 921 4136 ἀρχαῖς
972 4063 1117 4117 ἐστιν
1154 4062 1287 4133 ὁρᾷν
1322 4062 1676 4132 πράττοντας.
1725 4063 1823 4112 Δε-

259 4165 549 4238 σμωτήριά
573 4178 728 4231 φατε,
754 4155 1075 4224 ἀπαγωγάς,
1118 4154 1473 4223 ὀνειδισμοὺς,
1527 4152 1821 4221 διωγμοὺς,

256 4262 353 4315 καὶ
377 4255 723 4327 περιστάσεις
752 4250 1068 4319 ὑφεστάναι,
1098 4246 1191 4302 καὶ
1212 4244 1289 4298 ἐτι
1311 4244 1657 4315 ὑφίστασθαι.
1677 4243 1823 4316 παρὰ

254 4349 365 4402 τῶν
413 4343 757 4405 κρατούντων
794 4339 892 4401 τὰς
921 4335 1242 4405 Ἐκκλησίας
1277 4332 1370 4387 τοῦ
1399 4332 1562 4385 Θεοῦ·
1604 4334 1695 4384 καὶ
1728 4333 1824 4402 οὐχ

254 4440 339 4492 ὃτι
368 4404 508 4503 ὺπέρ
536 4428 753 4497 ἐντολῆς
777 4404 1136 4496 ἐνιστάμενοι,
1163 4421 1299 4475 ἀλλά
1330 4422 1423 4473 καλ⁵
1449 4415 1823 4478 είοὲαλωκότες

254 4527 354 4601 ἧτε
408 4528 466 4579 ἐν
513 4519 957 4595 παραπτώμασιν
1009 4510 1393 4584 ἀνθρωπίνοις,
1446 4509 1709 4601 οὐδαμῶς
1757 4508 1824 4560 τὰ

254 4599 481 4674 τοιαῦτα
536 4613 825 4669 πανθάνειν
873 4609 990 4674 ἐξὸν
1040 4602 1108 4678 ἦν
1164 4604 1291 4672 ὑμῖν
1340 4604 1490 4675 παρὰ
1550 4599 1821 4670 ποιμένων

255 4711 392 4765 Θεοῦ
416 4726 432 4741 ο
486 4709 558 4778 μὴ
599 4707 746 4770 ὃτιγε
793 4700 932 4770 ὑπὲρ
975 4694 1232 4765 ἀληθείας
1262 4690 1566 4746 δίαθλοῦσιν
1592 4707 1605 4721 ·
1636 4684 1717 4753 οἷς
1760 4690 1820 4743 τὸ

256 4796 598 4854 ἐπαινεῖσθαι
639 4792 730 4845 καὶ
776 4783 1171 4859 μακαρίζεσθαι
1230 4780 1663 4852 κεχρεώστηται·
1725 4778 1820 4831 καὶ

254 4890 429 4944 ταῦτα
455 4887 533 4957 τῷ
566 4881 834 4955 μοναδικῷ
863 4874 1441 4943 κατακεκοσμημένοις
1470 4869 1821 4939 ἐπαγγέλμα-

256 4998 332 5032 τι.
366 4978 461 5030 Ἐκ
481 4976 588 5028 τῶν
615 4974 790 5043 ἔργων
821 4968 999 5022 αὐτῶν
1028 4962 1394 5031 ἐπιγνώσεσθε
1426 4962 1642 5025 αὐτοὺς,
1669 4962 1773 5030 ἔφη
1797 4962 1825 5014 ό

258 5066 483 5137 Κύριος.
510 5063 587 5116 Οὔ
618 5061 787 5131 δήπου
815 5057 1053 5110 τοιοῦτον
1081 5051 1230 5121 παρὰ
1253 5054 1367 5113 τοῖς
1399 5051 1575 5117 άγίοις
1602 5048 1825 5119 ἐγνωρί-

258 5159 388 5228 σθη·
444 5151 752 5207 τούναντίον
792 5149 848 5202 δὲ
882 5146 1036 5200 αὐτοὶ
1077 5143 1275 5214 μᾶλλον
1325 5141 1652 5204 πεπονθότες
1684 5140 1823 5193 ἐδεί-

256 5261 451 5302 κνυντο
466 5240 837 5310 διδασκόμενοι
864 5235 1015 5306 παρὰ
1042 5235 1139 5303 τῆς
1163 5231 1528 5300 ἀποστολικῆς
1558 5232 1761 5299 φωνῆς,
1784 5230 1816 5299 ἦ

258 5351 393 5405 φησι
422 5330 550 5400 περὶ
576 5326 668 5382 τοῦ
692 5326 892 5396 Κυρίου
913 5340 925 5353 ·
959 5326 1055 5388 Ὃς
1078 5321 1536 5388 λοιδορούμενος
1552 5320 1662 5372 οὐκ
1681 5319 1820 5374 άντ-

255 5423 562 5491 ελοιδόρειο
581 5418 833 5486 πάσχων
853 5417 965 5468 οὐκ
979 5414 1228 5480 ἠπείλει·
1248 5412 1475 5480 παρεῖχε
1500 5408 1556 5462 δὲ
1580 5410 1821 5479 εὐμενῶς

1932 3344 2170 3394 vestrum
2212 3341 2581 3405 aestimantes,
2634 3348 2796 3410 atque
2845 3356 2949 3395 una
2993 3339 3363 3396 sustinentes?
3392 3340 3505 3395 Nec

1930 3430 2075 3484 enim
2110 3429 2232 3484 aliis
2262 3430 2389 3484 licet
2420 3430 2695 3484 molestias
2725 3430 2997 3485 aestimare
3023 3471 3039 3496 ,
3087 3446 3247 3501 quam
3301 3430 3367 3486 iis
3408 3431 3501 3500 qui

1929 3520 2194 3575 consimili
2217 3519 2415 3574 affectu
2460 3520 2654 3574 iisdem
2692 3521 2957 3575 molestiis
2987 3531 3282 3589 anguntur.
3316 3519 3502 3574 Enim-

1929 3625 2059 3664 vero
2088 3618 2305 3679 peccata
2337 3621 2518 3666 nostra
2550 3627 2720 3682 usque
2749 3612 2885 3667 adeo
2930 3614 2983 3666 in
3023 3613 3126 3667 hoc
3152 3613 3351 3668 suecqu
3390 3614 3498 3667 ini-

1926 3701 2185 3769 quitatem
2216 3713 2609 3773 exaggcrarunt
2636 3702 3021 3773 refrigesceute
3050 3741 3065 3766 ,
3091 3703 3245 3773 juxta
3280 3705 3490 3759 Domini

1926 3792 2087 3845 verba
2117 3792 2184 3858 ⁸ο,
2216 3792 2512 3858 charitate;
2561 3801 2648 3857 ut,
2676 3793 2765 3861 qui
2793 3792 3116 3848 olfendicula
3153 3802 3206 3849 et
3243 3796 3498 3849 scandala

1926 3895 2203 3935 removere
2230 3881 2499 3936 debebant
2528 3923 2542 3947 ,
2581 3896 2674 3935 eos
2708 3882 2891 3937 videre
2948 3883 3018 3937 sit
3069 3884 3220 3952 paria
3262 3900 3328 3940 ac
3378 3886 3491 3939 for-

1925 3979 2064 4024 tasse
2096 3970 2336 4039 graviora
2365 3972 2604 4025 externis
2632 3971 3038 4042 magistratibus
3070 3973 3269 4030 facere.
3304 3976 3498 4031 Carce-

1926 4076 2011 4115 res
2032 4062 2235 4125 dicitis,
2264 4063 2476 4125 exsilia,
2510 4063 2729 4133 probra,
2765 4065 3185 4133 persecutiones,
3210 4075 3265 4120 et
3296 4082 3495 4123 aerum-

1923 4168 2022 4206 nas
2055 4154 2380 4209 sustinuisse
2408 4169 2502 4208 vos
2526 4196 2541 4220 ,
2589 4170 2653 4212 ac
2681 4157 2976 4211 etiamnum
3020 4159 3287 4214 sustinere
3326 4160 3394 4214 ab
3434 4161 3497 4215 iis

1922 4244 2013 4313 qui
2060 4245 2333 4301 Ecclesias
2386 4244 2481 4299 Dei
2536 4246 2929 4306 moderantur:
2987 4264 3124 4323 quos
3169 4266 3273 4303 non
3322 4252 3497 4305 solum

1923 4348 2021 4402 pro
2056 4334 2311 4390 mandato
2341 4346 2666 4406 pugnantes,
2701 4337 2795 4392 sed
2823 4353 2892 4393 ne
2920 4338 2963 4393 si
2991 4339 3211 4408 quidem
3244 4341 3498 4395 humanis

1922 4421 2247 4478 criminibus
2281 4423 2361 4477 rei
2388 4425 2621 4491 essetis,
2655 4425 2778 4480 talia
2812 4442 3047 4497 unquam
3090 4443 3120 4482 a
3153 4429 3245 4483 Dei
3274 4431 3499 4501 pastori-

1923 4512 2026 4567 bus
2066 4513 2270 4583 perpeti
2316 4513 2397 4568 fas
2432 4524 2614 4581 esset,
2664 4517 2863 4571 nedum
2902 4533 3001 4588 pro
3029 4521 3255 4575 veritate
3281 4531 3508 4582 ccrtan-.

1927 4610 2007 4656 tes
2031 4642 2045 4665 ,
2082 4603 2279 4672 quibus
2308 4604 2425 4659 laus
2451 4605 2680 4661 debetur
2710 4616 2765 4662 et
2796 4609 3075 4665 beatitudo
3105 4626 3119 4663 :
3156 4621 3315 4682 atque
3343 4614 3495 4669 insu-

1926 4709 2026 4765 per
2074 4694 2375 4750 monastica
2422 4695 2759 4765 professione
2808 4699 3006 4753 ornati.
3064 4720 3080 4750 ι
3116 4701 3193 4755 Ex
3240 4704 3496 4772 operibus

1926 4800 2115 4838 eorum
2171 4789 2513 4854 cognoscetis
2570 4804 2706 4855 eos,
2738 4809 2757 4842 ι
2818 4791 2896 4844 ait
2938 4792 3200 4848 Dominus
3224 4794 3288 4848 “.
3342 4795 3494 4849 Haud

1929 4890 2058 4931 sane
2084 4877 2207 4931 talia
2235 4879 2290 4932 in
2315 4880 2518 4934 sanctis
2541 4891 2781 4949 spectata
2814 4891 2978 4947 sunt;
3013 4884 3144 4953 quin
3177 4884 3276 4954 ipsi
3311 4897 3495 4941 contra

1930 4968 2037 5036 pati
2076 4969 2252 5037 potius
2281 4970 2380 5026 visi
2414 4979 2543 5025 sunt
2572 5011 2588 5035 ,
2629 4974 2923 5042 apostolica
2955 4990 3089 5030 voce
3120 4977 3296 5031 cdocti
3323 5019 3336 5043 ,
3374 4994 3495 5047 quae

1931 5057 1999 5111 dc
2029 5056 2254 5112 Domino
2286 5059 2365 5114 sic
2390 5060 2465 5114 ait
2494 5079 2509 5115 :
2552 5059 2656 5127 Qui
2688 5078 2806 5116 cum
2836 5066 3232 5119 malediceretur
3254 5084 3353 5121 non
3379 5086 3492 5121 ma-

1931 5146 2232 5201 ledicebat:
2282 5164 2401 5202 cum
2453 5160 2725 5219 pateretur
2776 5169 2880 5207 non
2930 5157 3350 5210 comminabatur
3401 5155 3446 5188 "
3478 5199 3492 5221 ,

1930 5236 2206 5321 praebebat
2246 5248 2426 5295 autem
2468 5241 2676 5310 placide
2713 5242 2953 5298 divinam
3002 5246 3272 5300 maxillam
3302 5262 3496 5316 percu-

1930 5323 2084 5379 tienti
2115 5325 2182 5380 ⁸³.
2232 5326 2375 5382 Hinc
2403 5329 2606 5387 Christi
2655 5340 2903 5401 pastores
2936 5333 3046 5389 noti
3091 5353 3105 5389 :
3156 5335 3303 5390 illinc
3333 5336 3495 5391 alieni

1926 5420 2182 5489 episcopi.

256 5507 334 5583 τῷ
387 5512 597 5566 παίοντι
646 5507 741 5562 καὶ
788 5505 884 5577 τὴν
926 5504 1075 5557 θείαν
1135 5500 1381 5569 σιαγόνα.
1439 5498 1720 5553 Ἐντεῦθεν
1778 5505 1826 5553 οἱ
1901 5511 2156 5578 ποιμένες
2228 5512 2463 5582 Χριστοῦ
2502 5513 2796 5587 γνώριμοι·
2850 5515 3101 5571 κάκεῖθεν
3136 5518 3185 5573 οι
3226 5518 3499 5594 ἀλλοφω-

258 5610 576 5665 επίσκοποι.

342 5697 504 5753 nm
524 5694 581 5745 τί
615 5693 694 5746 δεῖ
734 5693 920 5746 παθεῖν
947 5708 960 5756 ;
1001 5688 1138 5745 κατὰ
1167 5687 1260 5759 τὴν
1289 5685 1634 5757 ἐνσκήψασαν
1665 5688 1723 5740 ἐν
1754 5692 1816 5761 τῇ

1997 5695 2100 5750 Sed
2130 5697 2305 5765 qualia
2341 5698 2446 5767 pati
2482 5713 2703 5754 necesse
2750 5701 2876 5756 est?
2904 5701 2973 5757 ob
3021 5701 3357 5775 ingruentem
3398 5704 3497 5759 hac

326 5876 371 5907 ‘°
408 5874 592 5930 Matth.
628 5890 769 5938 xxiv,
814 5874 892 5927 1‘2.
968 5874 1010 5905 ⁸⁸
1042 5875 1235 5929 Matth.
1268 5891 1361 5939 vn,
1397 5876 1477 5930 ll).
1556 5875 1598 5906 ⁸³
1644 5876 1656 5928 Ι
1694 5874 1839 5929 l‘elt'.
1878 5891 1936 5938 ll,
1972 5876 2058 5929 235.
2138 5877 2180 5907 ⁸³
2218 5876 2347 5930 Luc.
2383 5893 2453 5942 \'l,
2487 5877 2574 5931 26.
