4158 6464
687 380 823 448 1111

1875 388 1934 446 S.
1965 384 2354 447 THEODOlil
2389 386 2475 444 ST
2485 386 2732 445 [ΜΕΓλί

3775 384 3910 449 1112

680 501 876 552 misera
903 504 1059 549 aetate
1091 504 1276 549 nostra
1307 495 1703 566 improbitatem
1732 496 2011 550 hominum
2041 515 2052 549 :
2085 511 2249 565 quam

2354 496 2582 564 ταπεινῇ
2615 494 2771 565 ήμῶν
2806 495 2966 564 γενεᾷ
3005 494 3305 565 μοχθηρίαν
3342 495 3450 550 τῶν
3481 495 3782 567 ἀνθρώπων
3803 514 3818 528 ·
3846 499 3914 568 ήν

681 589 794 653 illi,
829 587 1052 658 gloriam
1085 587 1344 642 ducentes
1370 626 1384 650 ,
1433 589 1594 642 etiam
1623 595 1936 653 ostentant;
1967 588 2112 657 quod
2145 588 2246 640 ini-

680 696 851 750 quum
886 688 974 734 est
1005 693 1217 747 aequum
1250 679 1578 733 aestimantes
1604 718 1619 742 ,
1660 679 2143 748 auctoritatemque
2191 689 2248 734 et

680 772 967 841 imperium
991 785 1150 823 suum
1183 771 1250 824 ad
1277 770 1636 840 Oppugnanda
1664 769 1760 824 Dei
1789 779 2058 840 precepta
2086 784 2244 823 exer-

681 872 884 918 centes.
916 861 1114 916 Verum
1149 862 1223 916 illi
1255 879 1374 931 quae
1401 871 1724 933 gesserunt,
1757 878 1982 932 quaeque
2012 872 2243 932 gerunt,

681 952 971 1022 aliquando
999 953 1284 1008 inveniant
1307 972 1318 1006 :
1344 963 1438 1006 aut
1463 953 1673 1008 veniam
1701 953 1880 1022 potius
1902 968 2245 1022 consequan-

681 1055 769 1099 tur
800 1061 830 1099 a
869 1044 1064 1100 Judice
1098 1045 1435 1115 incorrupto,
1487 1047 1578 1115 qui
1631 1046 1765 1099 nihil
1813 1046 2244 1114 inexploratum,

681 1139 1018 1206 inultumque
1053 1138 1341 1192 relicturus
1369 1147 1452 1194 est
1481 1138 1534 1191 in
1574 1139 1660 1192 die
1695 1139 1906 1208 judicii.
1948 1140 2054 1193 Vos
2084 1155 2244 1202 vero,

681 1226 876 1280 fratres
903 1226 1207 1280 charissimi
1234 1266 1247 1289 ,
1286 1241 1348 1281 ac
1378 1226 1564 1282 Patres
1593 1229 2029 1283 revereudiSsimi
2049 1270 2062 1292 ,
2117 1244 2246 1300 gau-

681 1317 804 1371 dete
865 1327 918 1372 et
973 1318 1281 1383 cxsultate,
1334 1319 1589 1388 quoniam
1639 1319 1836 1373 divina:
1894 1319 2245 1374 beatitudinis

680 1409 903 1479 gloriam
968 1410 1297 1479 reportatis.
1341 1417 1396 1463 et
1438 1407 1640 1464 Christi
1682 1409 1970 1478 opprobria
2013 1410 2245 1480 gloriose

681 1499 996 1570 suscepiStis
1021 1539 1035 1564 ,
1071 1500 1284 1570 exiguis
1316 1500 1593 1554 laboribus
1625 1509 1682 1554 et
1722 1500 1978 1555 aerumnis
2017 1501 2246 1555 maxima

681 1600 738 1644 et
767 1589 1100 1659 sempiterna
1133 1589 1356 1659 praemia
1381 1599 1798 1659 consequentes.
1853 1591 1920 1644 Et
1947 1591 2200 1660 quoniam
2228 1631 2243 1655 ,

683 1689 740 1734 ut
772 1682 879 1751 jam
910 1688 1035 1734 ante
1057 1680 1398 1750 scripsimus,
1425 1680 1518 1734 Dei
1546 1681 1736 1750 optimi
1769 1681 2032 1736 beneficio
2062 1683 2247 1737 subla-

682 1781 768 1826 tus
795 1781 878 1825 cst
905 1772 971 1834 is,
1001 1772 1156 1841 cujus
1179 1787 1339 1826 causa
1371 1771 1654 1826 dissidium
1691 1772 1747 1825 in
1789 1770 2028 1827 Ecclesia
2060 1783 2242 1827 nostra

681 1861 932 1915 exstitit:
963 1860 1156 1914 victrix
1192 1876 1301 1930 pax
1337 1859 1570 1914 obtinuit
1607 1869 1740 1914 nutu
1775 1870 1828 1915 et
1853 1861 2168 1916 auctoritate
2191 1872 2246 1916 et

682 1951 1036 2021 benignitate.
1066 1949 1258 2004 addam
1289 1959 1342 2003 et
1371 1949 1585 2004 hortatu
1609 1949 2064 2020 triumphatorunt
2093 1950 2250 2004 Chri-

682 2045 856 2112 stique
884 2041 1180 2095 amantium
1202 2041 1590 2110 imperatorum
1623 2051 1964 2105 nostrorum,
2006 2056 2106 2098 nec
2139 2056 2248 2096 non

681 2148 846 2202 opera
877 2141 931 2187 et
958 2132 1275 2187 defensione
1305 2131 1633 2188 sanctissimi
1672 2132 1994 2202 patriarcha:
2041 2134 2244 2199 nostri;

683 2227 764 2281 sic
789 2225 934 2278 enim
975 2224 1232 2294 deinceps
1273 2223 1545 2293 appellare
1595 2231 1826 2293 oportet.
1879 2221 2150 2293 Suscipiat
2195 2235 2250 2280 et

683 2316 954 2370 sanctitas
969 2325 1145 2369 vestra
1176 2330 1296 2383 quae
1344 2331 1373 2368 a
1417 2316 1573 2369 nobis
1604 2315 1897 2369 humilibus
1924 2317 2093 2370 multa
2127 2334 2247 2371 cum

684 2406 1055 2476 speculatione
1090 2414 1145 2459 et
1188 2405 1627 2474 investigatione,
1667 2414 2124 2474 paternarumque
2158 2423 2248 2460 ac-

686 2501 892 2555 tionum
915 2499 1395 2568 contemplatione,
1420 2515 1480 2552 ac
1497 2499 1873 2552 scandalorum
1899 2515 2110 2568 quoque
2131 2517 2250 2568 quae

685 2592 739 2646 in
772 2590 1006 2647 Ecclesia
1043 2591 1314 2643 interdum
1336 2590 1684 2660 contigerunt
1707 2631 1721 2653 ,
1757 2589 2051 2658 diiudicata
2076 2601 2129 2644 et
2157 2607 2252 2660 ap-

684 2683 912 2754 probata
945 2682 1166 2736 fuerunt
1209 2697 1223 2733 :
1267 2690 1325 2734 ut
1370 2679 1449 2734 sic
1493 2680 1658 2734 etiam
1695 2678 1748 2732 in
1777 2679 1981 2734 Christi
2013 2680 2250 2736 Ecclesia

683 2791 804 2844 qua:
852 2774 995 2843 apud
1043 2787 1143 2828 nos
1183 2782 1302 2837 est,
1357 2787 1456 2841 pax
1508 2770 1600 2850 Dei
1651 2783 1838 2842 regnet
1899 2773 1953 2826 in
1995 2775 2251 2828 cordibus

685 2864 946 2919 omnium.
979 2862 1091 2917 Nec
1120 2862 1264 2916 enim
1293 2904 1306 2926 ,
1346 2862 1450 2915 nisi
1484 2861 1587 2916 hoc
1631 2860 1862 2917 facimus
1885 2904 1898 2929 ,
1945 2875 2191 2918 sanctum
2221 2880 2251 2920 a

683 2954 796 3008 Deo
819 2951 1176 3022 reputabitur,
1201 2967 1304 3007 nec
1327 2951 1548 3006 victoria
1574 2951 1734 3006 nobis
1761 2953 1865 3006 erit
1889 2970 1900 3005 :
1928 2955 2061 3022 quin
2085 2955 2251 3008 amit-

687 3054 865 3099 temus
893 3043 1120 3098 forsitan
1148 3051 1354 3098 rectum
1393 3042 1661 3096 curiosius
1700 3043 2039 3112 inquirentes
2067 3087 2081 3106 ,
2118 3046 2250 3101 illud

685 3138 847 3191 etiam
897 3136 1040 3207 quod
1083 3136 1348 3190 hactenus
1393 3135 1682 3206 praeteritis
1728 3135 2000 3191 laboribus
2048 3138 2248 3191 bonum
2277 3152 2322 3213 ο

684 3230 981 3301 exegimus.
1009 3229 1252 3300 Accipite
1279 3245 1406 3300 ergo
1431 3271 1444 3295 ,
1480 3230 1814 3283 obtestamur
1838 3270 1852 3294 ,
1893 3240 1946 3284 et
1987 3230 2244 3300 suscipite

685 3319 1094 3374 sanctissimum
1131 3319 1491 3388 patriarcham
1537 3330 1822 3385 nostrum,
1863 3332 1918 3376 et
1945 3322 2248 3377 communi-

685 3419 826 3474 cate,
882 3409 935 3463 in
966 3409 1161 3479 quibus
1197 3408 1480 3463 manifesta
1517 3424 1625 3463 non
1664 3419 1749 3463 est
1785 3410 2058 3480 iniquitas,
2084 3410 2247 3466 etiam

686 3501 947 3571 episcopo
978 3509 1200 3556 vestro:
1255 3515 1318 3554 ea
1364 3516 1484 3570 qua:
1529 3501 1986 3566 intercesserunt,
2024 3502 2249 3557 Domino

686 3590 1062 3660 permittentes
1119 3589 1332 3645 censori
1403 3600 1458 3644 et
1521 3592 1914 3646 remuneratori
1981 3592 2247 3647 factorum

686 3683 1082 3752 dictorumque.
1128 3681 1208 3735 Ad
1241 3683 1342 3736 hoc
1379 3682 1523 3736 enim
1555 3683 1753 3752 ipsum,
1791 3683 2044 3753 precibus
2075 3684 2246 3740 inter-

689 3773 908 3842 positis,
939 3773 1326 3843 appellavimus
1368 3782 1421 3828 et
1450 3773 1852 3829 sanctissimum
1885 3775 2245 3845 patriarcliam

689 3877 975 3930 nostrum,
1024 3873 1082 3920 ut
1133 3865 1442 3919 liberemini
1493 3882 1590 3920 vos
1624 3881 1838 3936 quoque
1886 3882 1916 3921 a
1957 3869 2245 3934 custodia;

688 3966 850 4026 atque
878 3972 906 4009 a
933 3957 1090 4011 vobis
1121 3957 1412 4011 constituta
1441 3957 1589 4027 pacis
1621 3958 1765 4012 inter
1794 3974 1890 4014 vos
1921 3968 2121 4015 tessera
2149 4003 2162 4026 ,
2203 3963 2250 4017 si

687 4048 818 4118 quid
840 4047 1224 4102 controversia:
1244 4047 1436 4110 subsit,
1458 4047 1600 4102 illico
1621 4047 1900 4103 decidatur
1919 4064 1932 4101 ;
1960 4059 2056 4104 aut
2076 4050 2119 4104 si
2145 4051 2250 4106 tale

687 4141 790 4204 sit,
839 4149 896 4194 ut
922 4149 1102 4194 vestro
1129 4138 1251 4194 istic
1293 4149 1348 4194 et
1382 4140 1819 4195 reverendissimi
1853 4141 2100 4213 episcopi
2119 4158 2246 4198 con-

689 4245 878 4301 gressu
928 4230 1106 4284 curari
1160 4239 1394 4301 nequeat
1442 4246 1455 4283 :
1510 4245 1692 4285 coram
1748 4231 1867 4301 ipso
1913 4233 2250 4288 mcumenico

688 4321 997 4392 patriarcha
1045 4322 1218 4377 morbi
1264 4338 1454 4378 omnes
1485 4331 1781 4388 sanentur,
1818 4335 2250 4395 concurrantque

691 4412 940 4468 universa
966 4413 1030 4468 ad
1060 4414 1210 4486 pacis
1255 4413 1491 4469 laetitiam
1522 4413 1936 4485 concordiaque
1965 4415 2250 4471 sincerita-

691 4511 820 4558 tem.

1033 4795 1190 4852 LVII.
1227 4826 1295 4838 —
1335 4794 1553 4852 Platoni
1589 4796 1747 4852 Patri
1783 4815 1900 4852 suo.

2349 586 2446 638 καὶ
2466 584 2541 648 ὼς
2571 584 2794 655 αὔχημα
2825 583 3136 656 ποιούμενοι
3169 585 3560 656 σεμνύνονται,
3590 587 3650 640 τὺ
3677 587 3916 657 παράνο-

2351 695 2447 746 μον
2474 677 2692 746 ἔννομον
2723 676 3078 748 λογιζόμενοι,
3107 677 3228 731 κατ’
3249 678 3596 749 ἀναντιότητα
3621 677 3729 730 τῶν
3753 678 3916 731 θείων

2349 769 2789 838 προσταγμάτων
2812 768 2910 840 τήν
2941 769 3274 839 προστασίαν
3306 769 3709 839 μετερχόμενοι.
3745 771 3918 824 Ἐκεῖ-

2347 876 2427 912 νοι
2461 861 2559 930 μὲν
2586 855 2678 914 οῦν
2706 861 2741 914 ἃ.
2763 860 3054 932 δεδράκασι
3091 863 3183 915 καὶ
3208 861 3407 931 δρῶσιν
3429 860 3642 933 εὕροιεν
3663 903 3678 928 ,
3713 861 3917 931 μᾶλλον

2347 949 2403 1003 δὲ
2457 952 2860 1022 συγχωρηθείεν
2913 952 3061 1022 παρά
3101 952 3196 1006 τοῦ
3235 952 3532 1006 ἀδεκάστου
3579 953 3790 1023 κριτοῦ,
3821 953 3916 1006 τοῦ

2349 1041 2424 1110 μὴ
2475 1041 2652 1095 ὁτιοῦν
2689 1043 3040 1106 ἀνεξέταστον
3084 1045 3178 1098 καὶ
3219 1044 3509 1105 ἀνεύθυνον
3541 1044 3917 1114 παραϐλέπειν

2351 1132 2637 1202 μέλλοντος
2678 1134 2735 1185 ἐν
2769 1134 2951 1205 ἡμέρᾳ
2977 1134 3232 1204 κρίσεως.
3268 1135 3456 1206 Ὑμεῖς
3497 1137 3574 1199 δὲ,
3603 1131 3648 1189 ὦ
3696 1138 3918 1203 ἀδελφοὶ

2347 1221 2686 1291 τιμιώτατοι,
2750 1225 2842 1276 καὶ
2890 1225 3130 1295 Πατέρες
3186 1225 3638 1295 σεδασμιώτατοι,
3689 1228 3917 1296 χαίρετε

2347 1316 2439 1368 καὶ
2469 1316 2838 1388 εὑφραίνεσθε,
2872 1319 2952 1371 ὅτι
2974 1319 3068 1371 τοῦ
3105 1318 3262 1372 Θείου
3289 1318 3639 1390 μακαρισμοῦ
3666 1319 3726 1372 τὸ
3759 1320 3917 1382 κλέος

2347 1409 2730 1478 ἀπηνέγκασθε
2757 1428 2771 1442 ο
2803 1411 2898 1462 καὶ
2927 1413 2996 1464 τὰ
3020 1411 3118 1479 τῆς
3139 1412 3361 1483 ἀτιμίας
3389 1411 3482 1466 τοῦ
3508 1412 3744 1482 Χριστοῦ
3773 1413 3912 1466 ὲντίο

2350 1516 2465 1566 μως
2489 1498 2836 1566 ὑπεδέξασθε,
2877 1504 3093 1571 μικροῖς
3125 1502 3315 1565 κόποις
3341 1504 3435 1556 καὶ
3467 1503 3641 1570 ἀγῶσι
3678 1505 3916 1572 μέγιστα

2347 1593 2442 1642 καὶ
2488 1593 2676 1644 αίώνια
2715 1592 3184 1663 ἀνταμειδόμενοι.
3225 1594 3332 1648 Καὶ
3375 1596 3581 1667 ἐπειδὴ,
3607 1596 3771 1660 ,καθά
3822 1598 3916 1649 καὶ

2348 1683 2831 1753 προγεγράςραμεν,
2870 1685 3088 1755 εὐδοκία
3123 1685 3218 1739 τοῦ
3262 1687 3608 1756 ὑπεραγάθου
3647 1688 3783 1741 Θεοῦ
3822 1691 3916 1742 ὲκ-

2349 1768 2523 1821 ποδὼν
2546 1771 2754 1838 γέγονε,
2786 1773 2852 1825 δι’
2881 1767 2942 1826 οὑ
2967 1776 2996 1842 ή
3021 1773 3252 1843 διχόνοια
3282 1776 3340 1828 ὲν
3366 1779 3430 1846 τῇ
3466 1777 3586 1830 καθ’
3615 1779 3762 1848 ἡμᾶς
3794 1779 3916 1833 Ἐκ-

2350 1859 2548 1931 κλησίᾳ
2570 1862 2818 1932 ὑπήρχθη
2839 1880 2854 1896 ο
2887 1863 3246 1934 βεὸράϐευται
3269 1868 3302 1935 ή
3328 1868 3537 1937 εἰρήνη,
3567 1869 3799 1939 νεύμασι
3822 1873 3918 1924 καὶ

2349 1952 2543 2020 ῥοπαῖς
2590 1953 2679 2004 καὶ¹
2721 1954 3026 2022 εὑμενείαις
3047 1971 3061 1985 ο
3093 1956 3385 2026 προσθείην
3417 1957 3463 2010 δ’
3496 1957 3561 2010 ἀν
3597 1959 3692 2012 καὶ
3739 1976 3916 2029 παρα-

2348 2040 2570 2110 κλήσεσι
2597 2043 2701 2095 τῶν
2731 2044 3052 2098 καλλινίκων
3079 2047 3172 2100 καὶ
3196 2047 3549 2117 φιλοχρίστων
3577 2049 3732 2119 ἡμῶν
3762 2050 3914 2119 βασι-

2347 2129 2522 2183 λέων⁸
2585 2134 2839 2203 συνεργία
2887 2151 2946 2186 τε
3003 2137 3095 2188 καὶ
3142 2136 3404 2208 ἀπολογίᾳ
3459 2139 3552 2191 τοῦ
3603 2141 3913 2207 ἀγιωτάτου

2347 2223 2378 2288 ή
2389 2221 2502 2290 μῶν
2536 2225 2898 2294 πατριάρχοΨ
2924 2225 3004 2278 δεῖ
3022 2228 3125 2298 γάρ
3155 2227 3263 2280 ἀπὸ
3289 2228 3384 2282 τοῦ
3413 2228 3508 2282 νῦν
3539 2230 3680 2284 οὕτω
3705 2233 3909 2284 καλεῖν.

2347 2313 2597 2376 Δεξάσθω
2645 2316 2738 2368 καὶ
2783 2319 2814 2386 ή
2851 2318 3091 2387 ὑμετέρα
3122 2320 3334 2390 ὁσιότης
3372 2322 3438 2374 τὰ
3475 2325 3782 2394 παρ’ήμῶν
3806 2327 3914 2378 τῶν

2347 2421 2409 2457 τα
2423 2408 2613 2457 πεινῶν
2645 2407 2740 2459 σὺν
2772 2407 2937 2478 πολλῇ
2969 2409 3155 2478 σκέψει
3184 2411 3279 2464 καὶ
3310 2413 3641 2484 διερευνήσει
3669 2416 3912 2469 ἀναθεω-

2353 2497 2504 2566 ρήσει
2535 2515 2592 2549 τε
2623 2499 2729 2550 τῶν
2757 2501 3037 2570 πατρικῶν
3064 2503 3435 2573 ἀναστρωφῶν,
3460 2505 3566 2557 τῶν
3591 2523 3648 2558 τε
3679 2507 3794 2559 ἔσθ’
3826 2511 3913 2560 ὅτε

2352 2587 2824 2642 ὑποπεπτωκότων
2861 2591 3173 2644 σκανδάλων
3206 2593 3688 2662 ὲκκλησιαστικῶν,
3721 2599 3914 2669 ἐγκρι-

2351 2677 2510 2730 Θέντα
2557 2679 2647 2732 καὶ
2697 2681 3092 2750 περαιωθέντα·
3143 2683 3229 2736 ἵνα
3263 2683 3405 2738 οὕτω
3445 2686 3540 2739 καὶ
3583 2688 3639 2740 ἐν
3682 2693 3748 2759 τῇ
3792 2691 3896 2743 καθ

2351 2769 2497 2837 ἡμᾶς
2522 2767 2675 2839 [εἶρε.
2703 2771 2822 2824 cod.
2853 2772 3018 2844 ὑμᾶς]
3050 2773 3341 2845 Ἐκκλησία
3371 2776 3464 2830 τοῦ
3493 2778 3726 2848 Χριστοῦ
3755 2780 3912 2853 [Reg.

2351 2859 2474 2914 cod.
2501 2858 2684 2931 Θεοῦ],
2721 2861 2754 2930 ή
2805 2863 2992 2932 εἰρήνη
3026 2862 3118 2916 τοῦ
3153 2864 3286 2918 Θεοῦ
3333 2866 3603 2943 βρασεὺσῃ
3645 2872 3746 2937 τὰς
3775 2892 3914 2946 καρ⁹

2351 2949 2468 3014 δίας
2495 2951 2604 3004 τῶν
2633 2951 2904 3005 ἁπάντων.
2928 2954 3059 3006 Οὐδὲ
3081 2955 3207 3026 γὰρ,
3237 2958 3283 3010 εί
3309 2959 3384 3030 μὴ
3412 2962 3566 3014 τοῦτο
3589 2966 3913 3037 πράξοιμεν,

2353 3042 2497 3094 ὅσιον
2520 3041 2597 3111 τῷ
2625 3042 2742 3113 Θεῷ
2768 3043 3144 3116 λογισθήσεται
3164 3063 3178 3078 ’
3203 3048 3323 3102 οὕτε
3349 3052 3380 3120 ή
3391 3053 3482 3120 μίν
3509 3055 3654 3116 νῖκος
3684 3059 3918 3127 γενήσε-

2352 3144 2467 3179 ται·
2498 3131 2949 3202 προσαπόλλυμεν
2972 3134 3026 3187 δὲ
3049 3136 3206 3204 τάχα,
3225 3138 3508 3208 ζητοῦντες
3539 3147 3919 3218 περισσότερον

2353 3218 2412 3271 τὸ
2440 3218 2632 3284 δεξιὸν,
2673 3223 2765 3274 καὶ
2802 3223 2830 3274 δ
2859 3226 2970 3288 τοῖς
3001 3226 3334 3296 προλαδοῦσι
3369 3230 3556 3293 κόποις
3583 3232 3919 3308 διηνὺκαμεν

2353 3311 2576 3378 ἀγαθόν.
2600 3311 2833 3378 Δέξασθε
2859 3317 3162 3387 τοιγαροῦν,
3192 3321 3634 3391 παρακαλοῦμεν,
3659 3327 3755 3379 κει)⁵
3783 3331 3920 3383 ἁπο-

2351 3398 2574 3465 δέξασθε
2608 3399 2698 3454 τὸν
2728 3401 3026 3469 ἁγιώτατον
3072 3406 3227 3474 ήμῶν
3266 3410 3640 3481 πατριάρχηνο
3675 3422 3919 3471 κοινωνοί

2351 3509 2410 3544 τε
2445 3492 2655 3558 ἔσεσθε,
2685 3495 2742 3547 ὲν
2775 3489 2854 3558 οἷς
2888 3495 2949 3548 οὑ
2987 3497 3264 3567 προδήλως
3291 3502 3326 3569 ή
3357 3503 3689 3574 παρανομία,
3725 3511 3921 3579 καὶτῷ

2355 3583 2474 3636 καθ’
2501 3585 2645 3655 ὑμᾶς
2694 3587 2996 3658 ἑπισκόπῳ,
3027 3588 3089 3642 τὸ
3119 3589 3207 3644 διὰ
3251 3591 3417 3661 μέσου
3457 3601 3918 3670 παραχωροῦντες

2353 3672 2430 3743 τῷ
2460 3675 2648 3746 Κυρίῳ
2675 3676 2752 3748 τῷ
2796 3679 3056 3750 ὲξεταστῇ
3091 3682 3184 3733 καὶ
3211 3681 3447 3756 ἀποδότῃ
3470 3687 3578 3740 τῶν
3606 3694 3916 3758 πρακτέων,

2352 3765 2466 3818 τῶν
2487 3767 2714 3838 ῥητέων.
2740 3769 2882 3838 Πρὸς
2903 3769 3059 3823 τοῦτο
3083 3771 3191 3843 γὰρ
3211 3773 3341 3826 αὐτὸ
3359 3775 3537 3845 δεήσει
3557 3781 3915 3850 χρησάμενοι,

2355 3857 2808 3928 παρωρμήσαμεν
2828 3860 2922 3912 καὶ
2948 3861 3041 3914 τὸν
3067 3863 3364 3931 ἁγιώτατον
3394 3867 3549 3937 ήμῶν
3573 3871 3918 3945 πατριάρχην

2355 3947 2676 4008 ἐπιστεῖλαι.
2709 3947 2784 4010 ὡς
2817 3949 2882 4002 ἂν
2916 3951 3151 4022 ἀφεθῆτε
3179 3954 3273 4008 καὶ
3301 3955 3454 4009 αὐτοὶ
3483 3957 3593 4012 τῶν
3629 3960 3914 4029 φυλακῶν·

2355 4039 2576 4110 εἰρήνης
2602 4057 2660 4093 τε
2692 4041 2940 4111 σύνθημα
2968 4044 3104 4114 πρὸς
3126 4044 3388 4116 ἀλλήλους
3410 4052 3790 4121 ποιησάμενον
3819 4057 3919 4109 κάν

2354 4145 2406 4180 τι
2446 4129 2917 4201 ἀμφιὸαλλόμενον
2947 4128 3001 4206 ᾖ,
3035 4135 3234 4189 αὐτίκα
3276 4136 3586 4212 διαλυθείη·
3615 4143 3648 4214 ή
3685 4145 3918 4208 ἀνιάτως

2354 4219 2475 4290 ἔχον
2513 4222 2600 4276 διὰ
2634 4223 2734 4293 τῆς
2767 4224 2996 4278 ἐνταῦθα
3035 4227 3192 4296 ἡμῶν
3233 4246 3293 4282 τε
3342 4232 3436 4285 καὶ
3459 4233 3553 4286 τοῦ
3586 4239 3916 4307 τιμιωτάτου

2355 4314 2651 4367 ἐπισκόπου
2681 4315 3063 4382 είσελεύσεως·
3095 4320 3186 4373 ἐπὶ
3219 4323 3492 4394 παρουσίᾳ
3526 4324 3620 4378 τοῦ
3654 4327 3820 4382 αὐτοῦ
3846 4331 3921 4381 οι-

2357 4403 2680 4470 κουμενικοῦ
2709 4405 3042 4476 πατριάρχου
3067 4405 3373 4480 θεραπευθῇ
3403 4409 3470 4462 τά
3491 4410 3917 4485 ἀρρωστήματα,

2277 4499 2327 4559 1)
2354 4496 2444 4546 καὶ
2477 4494 2833 4576 συνδράμοιεν
2877 4496 2945 4548 τά
2993 4497 3172 4552 πάντα
3215 4499 3353 4569 πρὸς
3385 4499 3651 4572 θυμηδίαν
3697 4506 3918 4576 εἰρήνης

2361 4590 2450 4642 καὶ
2477 4589 2729 4658 ὁμονοίας
2764 4587 3187 4660 είλικρινότητα.

2644 4793 2767 4850 ΝΖ’.
2797 4826 2866 4836 -
2892 4796 3166 4850 Πλάτωνι
3195 4798 3394 4865 οἰκείῳ
3415 4801 3618 4868 Πατρί.

691 4913 916 4977 Vinctum
941 4911 1221 4958 consolatur
1243 4910 1463 4958 vinetus:
1490 4908 1639 4958 animi
1671 4911 1747 4977 sui
1783 4915 1962 4977 statum
1983 4911 2202 4977 exponit,
2232 4909 2924 4977 prafcipuequantumrapiat
2948 4909 3158 4977 fructum
3185 4922 3257 4977 ex
3293 4909 3610 4977 Eucharistie
3640 4925 3729 4960 usu
3755 4915 3915 4977 quoti-

782 4973 945 5028 dlano,
967 4985 1117 5039 quem
1140 4971 1791 5039 magnoliere__commenda_t.
1821 4971 2012 5039 (Exstat
2036 4972 2370 5039 hac‘epistola
2394 4971 2439 5020 in
2462 4971 2563 5020 I5.
2586 4971 2786 5032 collegii
2813 4972 2968 5020 nostri
2993 4971 3289 5021 Parisiensis
3312 4980 3456 5021 extra
3485 4974 3687 5023 aliarum
3705 4973 3912 5024 seriem:

785 5030 1005 5094 tempore
1035 5030 1170 5095 prior
1199 5030 1258 5080 iis
1274 5030 1383 5093 qua:
1417 5030 1541 5081 libro
1561 5033 1777 5081 secundo
1802 5030 2163 5089 continentur.)

759 5203 901 5270 Quid
938 5202 1136 5258 misero
1163 5202 1316 5265 milu,
1343 5201 1499 5255 Pater
1526 5212 1730 5264 sancte,
1758 5218 1821 5257 ea
1851 5205 2099 5273 pracipis
2123 5219 2244 5273 qua

691 5296 834 5350 vires
863 5309 1010 5348 meas
1036 5293 1336 5362 superant?
1363 5291 1471 5362 Ego
1499 5309 1527 5346 a
1559 5302 1610 5346 te
1640 5294 1811 5347 debeo
1837 5295 2095 5350 doctrina:
2127 5296 2246 5349 luce

691 5386 1033 5449 collustrari;
1070 5394 1122 5438 ct
1153 5385 1266 5454 ipse
1299 5394 1454 5453 optas
1502 5400 1530 5436 a
1574 5401 1657 5438 me
1701 5386 1790 5452 qui
1841 5401 1958 5438 sum
2011 5388 2248 5441 tenebris

691 5477 896 5530 obsitus
925 5475 1160 5536 edoceri,
1193 5485 1248 5528 et
1279 5475 1379 5528 hoc
1416 5473 1598 5542 utique
1636 5490 1718 5528 mc
1751 5475 1815 5528 ad
1852 5477 2015 5530 animi
2047 5478 2245 5530 domis.

691 5569 898 5622 sionem
955 5565 1272 5619 informans.
1313 5564 1420 5618 Nec
1463 5583 1592 5618 vero
1641 5566 1767 5633 quid
1815 5567 1989 5620 dicam
2034 5568 2205 5621 habeo
2233 5610 2245 5631 ,

691 5658 833 5727 quod
857 5657 925 5710 sit
951 5656 1178 5724 tempori
1209 5656 1671 5709 accommodatum
1699 5700 1711 5721 ,
1745 5658 1870 5720 nisi,
1902 5673 1986 5711 res
2012 5670 2246 5723 nostras,

693 5751 804 5803 Deo
844 5748 1168 5816 disponente
1195 5789 1206 5810 ,
1265 5747 1502 5814 perbono
1551 5749 1665 5799 loco
1712 5763 1851 5800 esse.
1904 5748 2034 5801 Nam
2078 5751 2120 5804 si
2155 5751 2244 5806 Dei

695 5833 875 5897 amore
906 5840 1147 5895 nonnulli
1176 5880 1186 5904 ,
1222 5838 1470 5896 abdit:an
1499 5841 1830 5911 magistratu,
1863 5841 1928 5896 ad
1962 5841 2245 5916 longinqua

2423 5202 2538 5252 Ἵνα
2567 5201 2618 5252 τί
2655 5218 2764 5269 μοι,
2802 5201 2981 5272 Πάτερ
3006 5202 3148 5270 ἅγιε,
3179 5203 3256 5274 τῷ
3297 5203 3479 5276 ἀθλίῳ,
3507 5207 3806 5282 ἐπιτάσσῃς
3853 5212 3920 5264 τά

2356 5294 2494 5363 ὑπὲρ
2545 5294 2670 5362 ἐμέ;
2715 5293 2857 5362 Ἐγὼ
2901 5295 3089 5364 χρείαν
3135 5295 3242 5366 ἔχω
3286 5297 3390 5351 ὑπὸ
3421 5298 3516 5352 σοῦ
3551 5301 3920 5368 φωτίζεσθαι,

2355 5389 2447 5437 καὶ
2479 5385 2638 5448 αὐτὸς
2673 5385 2854 5454 ζητεῖς
2885 5388 3013 5456 παρ’
3043 5387 3177 5456 ἐμοῦ
3223 5388 3315 5442 τοῦ
3359 5390 3741 5460 ὲσκοτισμένου
3790 5412 3921 5447 κατι

2354 5476 2617 5544 ηχεῖσοαι.
2668 5476 2825 5528 Ἀλλά
2864 5479 2956 5530 καὶ
2990 5478 3148 5531 τοῦτο
3173 5479 3358 5532 τυπῶν
3393 5499 3456 5550 με
3491 5483 3624 5552 πρὸς
3653 5495 3922 5538 ταπεινω-

2359 5585 2458 5619 σιν.
2500 5568 2609 5620 Οὑκ
2637 5563 2752 5620 οἶδα
2773 5569 2828 5621 δὲ
2857 5570 2908 5622 τί
2936 5571 3072 5622 είπω
3105 5571 3182 5641 τῷ
3212 5573 3388 5642 καιρῷ
3417 5574 3744 5645 πρόσςρορον,
3777 5577 3809 5646 ἢ
3839 5578 3920 5629 ὅτι

2357 5659 2532 5720 καλῶς
2561 5659 2912 5730 ᾠκονόμησεν
2949 5663 2976 5712 ὁ
3004 5662 3132 5725 Θεὸς
3168 5666 3232 5718 τὰ
3271 5665 3390 5717 καθ’
3420 5666 3585 5735 ἡμᾶς.
3621 5665 3682 5719 Εἰ
3708 5667 3813 5736 γὰρ
3856 5669 3923 5721 ὲκ

2357 5751 2624 5817 ’ξιλοθεῖας
2650 5756 2792 5816 τινὲς
2822 5755 3209 5821 καταλιπόντες
3237 5759 3332 5823 τὰς
3363 5759 3712 5830 ὑπαρχούσας
3739 5763 3922 5824 αὐτοῖς

2356 5846 2666 5916 ἡγεμονίας,
2706 5851 2920 5920 μακράν
2954 5867 3052 5904 που
3085 5853 3485 5925 ἀποδραμόντες
3523 5854 3596 5925 τῷ
3625 5857 3920 5925 ήσυχαστι-
