4158 6498
214 434 358 501 illi!

1438 438 1975 501 EPISTOLARUM
2010 438 2157 498 LIB.
2200 438 2252 497 Ι.

3335 433 3469 498 1114

212 554 294 622 κῷ
334 553 435 623 βίῳ
481 550 949 624 ὲμακαρίσθησαν.
991 551 1115 616 Πῶς
1153 553 1315 623 ἡμεῖς
1344 555 1393 606 οἱ
1426 554 1675 607 ταπεινοὶ
1701 551 1788 606 διὰ

1893 547 2154 620 profecti,
2198 547 2308 603 vita
2359 546 2413 600 in
2453 546 2748 602 solitudine
2784 559 3028 617 peracta,
3068 546 3256 603 felices
3284 550 3469 604 existi—

208 644 374 713 νόμον
411 643 546 697 Θεοῦ
572 643 1034 715 πεφρουρισμένοι
1072 646 1132 697 ὲν
1160 644 1362 716 ὲξορίᾳ,
1396 645 1496 698 οὐκ
1519 644 1782 713 ἀγαλλια-

209 733 434 804 σῶμεθα
466 736 526 788 ὲν
568 735 777 806 Κυρίῳ,
822 735 982 806 χάριν
1005 734 1152 804 αὐτῷ
1181 734 1520 806 λογιζόμενοι
1561 736 1656 788 καὶ
1683 736 1786 790 δω-

209 826 339 895 ρεὰν
379 825 662 897 μεγίστην,
695 827 776 880 ὅτι
802 824 1081 896 ὴξιώμεθα
1105 828 1163 880 ὲν
1196 825 1380 896 μέτρῳ
1405 825 1630 896 τοιούτῳ
1654 843 1786 880 κατ-

205 921 473 989 αντῆσαι,
518 911 564 986 ᾧ
590 918 777 972 πολλοὶ
816 920 1095 988 ἐφιέμενοι
1134 919 1232 972 οὐκ
1265 918 1558 988 ὲπέτυχονς
1600 919 1785 973 Κάθου

205 1011 292 1081 δὴ,
319 1011 501 1082 Πάτερ
528 1028 631 1080 μου
658 1011 804 1080 ἀγιε,
837 1011 896 1063 έν
919 1003 963 1077 ᾧ
990 1010 1140 1080 τόπῳ
1160 1012 1188 1063 ό
1209 1009 1360 1073 Θεὸς,
1401 1009 1516 1062 ἀλλ’
1552 1010 1654 1063 οὐκ
1688 1010 1784 1064 ἄν·

207 1106 449 1174 θρωπος,
477 1105 607 1157 εῐσω
637 1103 944 1175 έφρούρησέ
974 1120 1032 1156 σε
1079 1103 1184 1166 ἕως
1218 1101 1413 1173 καιροῦ
1435 1121 1447 1134 ·
1481 1103 1605 1156 ιπεὶ
1651 1103 1804 1173 μηδὲ,

207 1197 369 1265 ἴσμεν
393 1195 447 1248 τί
471 1195 693 1266 τέξηται
722 1196 753 1264 ἡ
788 1194 1019 1248 ἐπιοῦσα
1042 1209 1056 1224 ο
1102 1192 1212 1246 εἴτε
1247 1193 1440 1257 οὕτως,
1473 1195 1581 1247 εἴτε
1610 1192 1786 1257 ἄλλως

205 1289 320 1355 τῆς·
339 1286 598 1356 προνοίας
623 1285 945 1354 κελευούσης
968 1301 983 1316 ·
1019 1285 1113 1339 καὶ
1142 1283 1333 1350 δόξαζε
1375 1285 1465 1339 τὸν
1487 1284 1786 1351 δοξάσαντά

206 1394 266 1430 σε
300 1376 528 1446 Κύριον,
557 1375 645 1430 διὰ
664 1376 762 1446 τῆς
792 1376 1135 1446 μαρτυρικῆς
1166 1391 1259 1427 σου
1282 1374 1588 1436 ὲνστάσεως
1625 1374 1722 1443 (1).
1768 1411 1782 1427 .

206 1509 220 1522 .
270 1508 284 1523 .
332 1505 348 1523 .
395 1508 409 1523 .
452 1507 467 1522 .
511 1508 528 1525 .
571 1507 587 1522 .
631 1509 644 1523 .
689 1507 704 1522 .
748 1509 762 1522 .
808 1506 822 1521 .
853 1468 944 1520 τὸν
966 1467 1130 1532 ἄρτον
1159 1485 1255 1521 σου
1289 1469 1407 1538 μετ’
1435 1466 1787 1540 εὐχαριστίας

205 1558 300 1612 καὶ
342 1560 538 1628 χαρᾶς,
568 1557 627 1611 ὃν
668 1558 856 1624 ἔδοξαν
887 1559 937 1611 οί
963 1557 1238 1628 ἄνθρωποι
1273 1559 1470 1631 πικρόν
1500 1577 1582 1613 σοι
1625 1577 1789 1630 προσο

205 1651 416 1719 φέρειν.
445 1648 610 1703 Οὐπω
632 1665 714 1702 σοι
739 1648 969 1719 δύναμις
995 1647 1154 1720 ὲν,τῷ
1183 1650 1346 1720 γήρει
1364 1664 1378 1678 '
1406 1649 1592 1703 κόπων
1613 1653 1787 1722 ἀσκη-

204 1743 378 1796 τικῶν
431 1741 928 1812 προηγωνισμένων
981 1757 1064 1793 σο.
1111 1741 1166 1792 έν
1213 1743 1280 1812 τῇ
1325 1740 1559 1810 νεότητι,
1607 1741 1788 1812 χάριτι

203 1831 447 1902 Χριστοῦ
480 1831 621 1884 κατά
655 1831 851 1885 πάντα.
880 1827 979 1883 Διὰ
1006 1828 1166 1882 τοῦτο
1194 1828 1501 1901 παρακαλῶ
1524 1829 1617 1883 καὶ
1643 1831 1788 1882 ἀντι-

1886 642 2016 698 mati
2075 649 2248 696 sunt:
2306 638 2584 709 quomodo
2624 652 2726 692 nos
2779 638 3046 706 humiles,
3104 648 3329 709 propter
3374 639 3470 694 Dei

1889 733 2064 804 legem
2096 735 2150 789 in
2177 732 2427 788 custodia
2460 731 2762 799 exsilioque
2794 729 2955 800 positi
2981 768 2997 793 ,
3026 745 3135 785 non
3167 731 3474 786 laetabimur

1887 827 1943 880 in
1975 825 2240 891 Domino,
2283 823 2511 894 gratiam
2551 821 2720 892 ipsius
2761 829 3113 890 reputantes,
3155 821 3472 892 donumque

1885 917 2204 983 niaximum,
2233 915 2380 986 quod
2423 913 2571 985 digni
2607 913 2778 968 habiti
2807 927 2995 967 sumus
3015 949 3030 974 ,
3060 912 3155 981 qui
3183 927 3246 966 ea
3275 913 3472 968 condi-

1889 1010 2040 1064 tione
2065 1022 2347 1071 essemus,
2394 1022 2556 1075 quam
2599 1006 2943 1076 complures,
2970 1019 3092 1058 cum
3119 1001 3432 1060 all‘ectarent
3453 1045 3472 1072 ,

1886 1116 1997 1154 non
2031 1107 2160 1154 sunt
2187 1098 2412 1168 adepti?
2450 1099 2613 1153 Mane
2635 1097 2838 1166 itaque,
2871 1096 2942 1150 mi
2975 1094 3137 1150 Pater
3165 1104 3373 1164 sancte,
3414 1099 3472 1154 in

1886 1205 1954 1246 eo
1999 1206 2111 1260 quo
2139 1199 2195 1245 te
2233 1189 2380 1244 Deus
2403 1230 2416 1253 ,
2451 1205 2560 1244 non
2591 1188 2756 1242 homo
2788 1188 3012 1257 utique,
3046 1187 3113 1242 ad
3145 1194 3360 1257 tempus
3385 1187 3474 1242 in-

1892 1283 2058 1337 clusit
2088 1283 2240 1337 loco:
2287 1280 2725 1351 quandoquidem
2779 1280 3085 1350 ignoramus
3131 1280 3258 1349 quid
3290 1296 3476 1350 super-

1886 1385 2108 1428 uentura
2155 1374 2336 1444 pariat
2378 1372 2489 1425 dies
2517 1372 2596 1436 “,
2651 1371 2765 1425 sive
2803 1371 2916 1434 sic,
2959 1371 3076 1425 sive
3123 1370 3302 1436 aliter,
3333 1386 3474 1440 quo-

1885 1481 2104 1536 cunque
2133 1482 2220 1520 res
2245 1509 2260 1532 ,
2296 1464 2640 1536 providentia
2683 1463 3037 1534 praecipiente
3061 1502 3075 1524 ,
3111 1471 3328 1517 vertant
3358 1480 3374 1530 ;
3419 1474 3475 1518 et

1887 1554 2176 1610 Dominum
2210 1553 2448 1625 gloriﬁca
2470 1595 2486 1618 ,
2533 1552 2626 1622 qui
2656 1551 2920 1623 gloriﬁcat
2960 1558 3011 1605 te
3037 1551 3082 1583 ⁸⁸
3127 1551 3198 1605 ob
3235 1567 3473 1622 pugnam

1888 1647 2030 1702 hanc
2055 1656 2200 1701 tuam
2235 1646 2495 1715 martyrio
2525 1659 2711 1713 parem
2747 1683 2760 1698 .
2791 1681 2804 1696 .
2852 1682 2866 1698 .
2913 1683 2927 1697 .
2975 1685 2990 1699 .
3029 1681 3044 1696 .
3089 1685 3103 1700 .
3143 1681 3158 1696 .
3207 1658 3478 1713 .panem-

1891 1748 2044 1795 tuum
2114 1753 2238 1793 cum
2286 1738 2582 1808 gratiarum
2639 1735 2857 1792 actione
2920 1745 2976 1790 et
3015 1735 3252 1806 gaudio,
3311 1749 3473 1804 quem

1887 1831 2214 1886 videbantur
2291 1828 2542 1884 homines
2611 1829 2949 1884 acerbiorem
3000 1828 3100 1883 tibi
3159 1828 3465 1899 assignare.

205 1925 371 1990 ϐολῶ,
403 1925 496 1977 καὶ
526 1923 776 1992 βρώμασι
807 1922 901 1976 καὶ
933 1922 1140 1992 πόμασι
1170 1922 1265 1975 τοῦ
1289 1922 1784 1994 κατατρυχωμένου

1889 1922 2123 1979 Delectat
2176 1922 2271 1977 tibi
2312 1924 2366 1977 in
2427 1931 2713 1978 senectute
2760 1921 2938 1983 vires,
2981 1930 3061 1976 tot
3102 1930 3229 1976 ante
3281 1922 3336 1975 in
3389 1923 3478 1992 ju-

207 2015 463 2084 σώματος
491 2012 1010 2084 ἀντιλαμϐάνεσθαι.
1040 2013 1129 2082 Μὴ
1155 2010 1424 2084 παραιτοῦ
1445 2029 1459 2045 ο
1496 2013 1660 2083 ἀρκεῖ
1705 2029 1789 2068 σοι

205 2112 238 2178 ἡ
281 2110 535 2177 μόνωσις,
569 2109 603 2177 ἡ
632 2105 931 2176 κάθειρξις,
960 2104 1244 2175 ήὲρημία,
1270 2107 1304 2176 ἠ
1339 2106 1722 2177 ὑποστέρησις,
1755 2109 1788 2178 ἡ

207 2196 481 2266 ἀδυναμία
526 2194 620 2248 τοῦ
673 2197 878 2264 γήρους
928 2192 1066 2262 μετά
1097 2193 1192 2246 καὶ
1222 2193 1541 2258 ἀσθενείας·
1589 2198 1623 2266 ἡ
1663 2197 1792 2266 περὶ

205 2289 360 2357 ἡμᾶς
399 2303 458 2339 τε
487 2287 613 2347 τούς
641 2282 999 2354 ἁμαρτωλοὺς
1039 2284 1133 2336 καὶ
1164 2283 1291 2347 τοὺς
1319 2285 1517 2348 ἀλλους
1547 2285 1788 2356 φροντίς.

219 2380 313 2432 Ἰηέν
361 2377 570 2438 τούτοις
623 2374 910 2442 ὑπομένων
954 2374 1254 2445 αὐταρκοῦ,
1301 2374 1656 2446 καθαρότητα
1693 2375 1791 2445 θη-

210 2471 384 2539 ρεύων
413 2469 520 2521 τῶν
550 2465 826 2534 λογισμῶν
853 2464 939 2518 διὰ
978 2465 1078 2534 τῆς
1126 2468 1654 2536 μετεωροπορήσεως
1692 2468 1792 2539 τῆς

205 2565 398 2634 τιμίας
429 2579 523 2615 σου
551 2561 749 2630 ψυχῆς.
783 2559 979 2613 Ἦνίκα
1008 2560 1076 2613 τὰ
1099 2560 1225 2632 ἄρτι
1253 2559 1315 2612 τὸ
1339 2559 1606 2630 ὲρημικδν
1631 2562 1793 2631 πρόσ⁸

205 2673 378 2718 εστιν,
411 2652 650 2723 εὐχερῶς
684 2653 711 2703 ό
740 2651 884 2714 νοῦς,
924 2651 1112 2722 ὥσπερ
1156 2650 1261 2703 ὐπὸ
1294 2651 1531 2720 σωλῆνος
1566 2652 1793 2720 σφιγγό-

211 2762 374 2816 μενον
411 2744 573 2814 ῦδωρ,
607 2741 785 2795 δύνατ’
817 2741 882 2794 ἀν
909 2742 1228 2812 ἀνατρέχειν
1261 2743 1324 2794 ἐκ
1362 2743 1471 2794 τῶν
1511 2743 1790 2811 χαμαιζή-

207 2839 317 2891 λων
350 2836 484 2906 πρὸς
521 2835 588 2888 τὰ
619 2835 934 2903 ἐπουράνια.
968 2833 1136 2887 Τοῦτό
1179 2836 1295 2886 ἐστι
1340 2834 1400 2886 τὸ
1432 2834 1787 2903 ζητούμενον,

207 2930 270 2984 τὸ
335 2927 474 2999 μετὰ
532 2923 665 2978 Θεοῦ
727 2927 792 2995 τῇ
845 2924 1226 2995 ἀπροσπαθεία
1285 2925 1364 2986 είς
1415 2925 1501 2976 ἀεὶ
1547 2923 1785 2978 ἔσεσθαι.

209 3021 358 3091 Πλὴν
383 3021 432 3072 οι
457 3017 678 3086 πόλεμοι
712 3018 992 3084 στεφάνων
1020 3016 1185 3069 αἴτιοι
1215 3016 1365 3086 παρὰ
1391 3016 1497 3068 τῶν
1529 3017 1790 3086 Πατέρων

209 3111 370 3183 ήμῶν
402 3108 705 3180 ὁρίζονται·
741 3107 882 3160 ὥστε
927 3109 975 3158 εί
1023 3107 1117 3159 καὶ
1149 3106 1546 3176 πολεμούμενοι
1579 3107 1792 3160 ὲνιστά-

213 3202 373 3273 μεθα,
402 3201 559 3270 νίκης
587 3196 978 3270 ἀποφερόμεθα
1002 3196 1159 3260 κλέος
1183 3197 1323 3250 κατὰ
1352 3196 1447 3250 τοῦ
1479 3198 1787 3268 ἡττημένου

207 3293 482 3349 διαϐόλου.

1891 2021 2052 2069 venta
2094 2013 2420 2079 exantlatis,
2464 2012 2668 2068 ChriSti
2734 2027 2961 2081 prorsus
3013 2010 3305 2078 beneﬁcio,
3348 2010 3476 2067 vita:

1890 2105 2139 2161 aseeticae
2156 2105 2455 2160 laboribus.
2475 2103 2840 2171 Quamobrem
2877 2102 3106 2157 obsecro
3127 2111 3181 2156 et
3211 2104 3472 2166 obtestor,

1891 2208 1951 2254 ut
2005 2200 2128 2254 cibo
2179 2214 2244 2253 ac
2294 2209 2422 2269 potu
2473 2196 2688 2268 corpori
2751 2195 3018 2250 exhausto
3049 2196 3366 2250 subvenias.
3395 2194 3474 2250 Ne

1890 2303 2132 2344 recusa:
2185 2288 2383 2344 suﬂicit
2429 2287 2525 2342 tibi
2577 2287 2849 2353 solitudo,
2899 2301 3129 2353 carcer,
3177 2300 3427 2341 secessus
3457 2328 3472 2351 ,

1891 2380 2144 2450 colloquii
2180 2380 2584 2450 inopia,rerum
2611 2379 2853 2433 omnium
2889 2377 3140 2448 penuria,
3188 2377 3475 2431 imbecilli-

1895 2480 1976 2525 tas
2002 2481 2115 2526 tum
2162 2471 2232 2526 ab
2259 2479 2420 2525 aztate
2446 2512 2459 2536 ,
2499 2478 2614 2525 tum
2643 2471 2711 2525 ab
2742 2471 3083 2541 aegritudine,
3120 2470 3210 2524 illa
3235 2470 3475 2540 denique

1892 2563 1960 2616 de
2002 2562 2162 2617 nobis
2216 2563 2594 2632 peccatoribus
2648 2562 2882 2631 aliisque
2937 2562 3269 2616 sollicitudo.
3331 2561 3478 2616 Satis

1894 2655 1993 2708 tibi
2022 2655 2092 2709 sit
2124 2654 2225 2709 ista
2253 2655 2524 2710 sustinere
2547 2695 2562 2720 ,
2606 2655 2998 2725 cogitationum
3034 2656 3253 2710 interim
3301 2672 3473 2709 mun-

1892 2744 2081 2797 ditiam
2128 2745 2503 2810 consectanti,
2558 2754 2741 2799 erecta
2795 2743 2862 2799 ad
2919 2746 3234 2799 sublimium
3289 2761 3471 2800 rerum

1893 2837 2409 2906 contemplationem
2482 2837 2698 2909 egregia
2765 2847 2970 2892 mente.
3034 2837 3263 2904 Quando
3323 2853 3472 2893 nunc

1893 2928 2129 2981 solitudo
2179 2929 2373 2994 adest,
2422 2929 2574 2983 nullo
2607 2929 2825 3000 negotio
2856 2945 3050 2995 mens,
3105 2930 3277 2983 instar
3316 2945 3472 2998 aqua:

1893 3033 1991 3086 per
2032 3019 2141 3071 vim
2192 3035 2222 3073 ο
2272 3019 2451 3073 ﬁstula
2497 3019 2875 3089 erumpentis,
2934 3021 3002 3074 ab
3053 3019 3282 3088 abjectis
3321 3020 3472 3074 humi

1894 3108 2059 3163 rebus
2109 3109 2179 3164 ad
2235 3110 2476 3164 coelestia
2526 3111 2780 3181 prosilire
2825 3119 3026 3180 potest.
3059 3109 3176 3165 Hoc
3219 3109 3350 3165 illud
3389 3120 3475 3163 est

1893 3200 2040 3270 quod
2067 3200 2382 3269 quaerimus,
2420 3210 2482 3256 ut
2513 3217 2637 3256 cum
2670 3203 2781 3257 Deo
2815 3203 2865 3256 in
2899 3211 3224 3273 perpetuum
3255 3203 3428 3256 simus
3454 3243 3468 3266 ,

1808 3282 1852 3343 C
1887 3308 1985 3362 per
2030 3293 2428 3348 immunitatem
2468 3310 2498 3348 a
2525 3295 2672 3351 vitiis
2697 3335 2713 3358 ,
2762 3296 3021 3366 copulati.
3061 3294 3331 3350 Czeterum
3377 3310 3472 3350 co-

211 3400 378 3441 ronas
422 3381 728 3438 dimicando
782 3376 1126 3449 comparari,
1180 3392 1212 3433 a
1265 3376 1519 3432 Patribus
1575 3379 1781 3433 nostris
1854 3382 2124 3437 sancitum
2219 3392 2325 3438 est.
2391 3381 2752 3449 Quamobrem
2805 3385 2896 3450 si,
2950 3385 3036 3440 vel
3095 3385 3266 3455 pressi
3329 3385 3472 3440 bello

211 3485 524 3548 perstamus
549 3515 565 3541 ,
618 3471 860 3527 victoriae
914 3469 1128 3524 laudem
1159 3510 1174 3535 ,
1238 3478 1499 3538 superato
1538 3471 1791 3538 diabolo,
1826 3483 2190 3545 reportamus.

295 3568 439 3637 Ἐγὼ
487 3567 543 3620 δὲ
585 3566 910 3635 αἰσχύνομαι
946 3565 1256 3634 ῂσχημένος
1301 3563 1377 3616 ὢν
1414 3566 1526 3628 τοῖς
1564 3564 1784 3626 πάθεσι,

209 3659 438 3716 τοιαῦτα
466 3659 603 3730 πρὸς
630 3659 691 3710 σὲ
723 3656 812 3708 τὸν
843 3655 1062 3725 Πατέρα
1100 3673 1201 3726 μου
1233 3655 1605 3725 φθεγγόμενος
1625 3672 1638 3686 ·
1669 3646 1786 3709 ἀλλ’

209 3752 569 3821 ἠνάγκασμαι
612 3746 679 3800 δι’
706 3745 952 3814 ὑπακοήν
979 3762 1094 3799 σου.
1124 3745 1303 3799 Καλὸν
1347 3746 1408 3798 τὸ
1431 3745 1657 3815 λυθῆναι
1688 3746 1788 3816 τῆς

213 3843 553 3911 πολυδέσμου
582 3837 976 3910 προσπαθείας,
1008 3839 1101 3892 καὶ
1141 3837 1362 3908 δεθῆναι
1397 3838 1478 3909 τῷ
1507 3837 1788 3909 ἀκορέστῳ

215 3935 380 4004 ἔρωτι
409 3931 632 4002 Κυρίου.
663 3929 966 4001 Συμφέρον,
999 3930 1182 4003 Πάτερ
1217 3947 1339 4000 μου,
1366 3929 1426 3981 τὸ
1457 3929 1788 3998 ἀποσχέσθαι

213 4024 315 4094 τῆς
345 4023 454 4076 τῶν
481 4022 670 4076 παθῶν
700 4019 986 4086 δυσωδίας,
1012 4020 1106 4074 καὶ
1131 4020 1517 4092 ὀσφραίνεσθαι
1557 4019 1657 4088 τῆς
1691 4016 1788 4071 τοῦ

215 4119 528 4186 πνεύματος
552 4113 796 4176 εὐωδίας.
828 4113 1112 4184 Μακάριον
1153 4113 1217 4167 τὸ
1254 4110 1659 4182 κατανυχθῆναι
1704 4112 1790 4162 ὲν-

214 4207 413 4267 ταῦθα,
443 4208 541 4260 καὶ
571 4206 803 4260 κλαῦσαι
839 4204 1002 4275 ὑπὲρ.
1046 4247 1061 4261 .
1103 4241 1117 4256 .
1164 4242 1182 4260 .
1224 4246 1238 4260 .
1281 4244 1299 4258 .
1344 4243 1360 4258 .
1401 4243 1418 4258 .
1463 4243 1478 4258 .
1524 4245 1537 4258 .
1579 4242 1594 4258 .
1639 4240 1654 4256 .
1694 4203 1790 4256 καὶ

216 4300 541 4369 ἀγαλλίασις
587 4298 663 4368 τῷ
697 4296 922 4366 τοιούτῳ
955 4299 1014 4350 ὲν
1047 4299 1181 4352 πᾶσι
1227 4296 1622 4369 προηγουμένῳ
1661 4332 1678 4350 .
1720 4333 1734 4348 .
1773 4334 1788 4348 .

216 4392 383 4446 Θεοῦ·
409 4390 467 4455 ὃς
496 4390 744 4461 καθάπερ
775 4388 884 4460 πῦρ
909 4390 999 4442 ὅτε
1049 4392 1108 4443 ὲν
1147 4391 1212 4460 τῇ
1243 4389 1387 4460 ψυχῇ
1429 4389 1675 4459 γένηται,
1701 4391 1794 4457 ἑγο

219 4483 582 4553 καταφεύγειν
631 4483 840 4549 πέφυκε
894 4483 994 4545 τὰς
1050 4481 1297 4544 εἰσϐολὰς
1346 4483 1444 4552 τῆς
1491 4480 1787 4552 ἁμαρτίας.

220 4573 347 4638 Πῶς
389 4574 445 4627 δὲ
479 4574 538 4627 οὐ
586 4573 871 4644 φοϐητέον,
895 4573 954 4626 ὃν
986 4573 1299 4642 φρίττουσιν
1333 4572 1552 4646 ἄγγελοι
1576 4588 1590 4602 ⁶
1628 4567 1688 4626 οὗ
1715 4570 1792 4641 τῷ

220 4666 495 4737 βλέμματι
527 4666 757 4718 δονεῖται
789 4665 1018 4736 ὴκτίσις
1041 4681 1054 4696 ·
1084 4655 1129 4731 ᾧ
1158 4664 1627 4734 παραστησόμεθα
1655 4665 1792 4718 πάνο

215 4773 310 4820 τες
353 4743 707 4826 γυμνοΓκαὶ
750 4755 1265 4826 τετραχηλισμένοιο
1321 4754 1514 4826 μικρὸν
1568 4755 1793 4825 ὕστερον

1957 3567 2041 3622 lle
2067 3584 2217 3630 vero,
2243 3568 2329 3624 cui
2360 3568 2685 3638 cupiditates
2716 3569 3006 3639 imperant,
3036 3571 3303 3641 ejusmodi
3326 3575 3467 3643 apud

1890 3669 1942 3714 te
1984 3659 2196 3713 Patrem
2233 3674 2412 3713 meum
2450 3660 2697 3714 oratione
2742 3660 2819 3713 uti
2853 3660 3020 3729 pudet
3054 3678 3068 3715 :
3099 3662 3194 3716 sed
3240 3673 3466 3719 coactus

1889 3748 2011 3810 feci,
2037 3759 2096 3802 ut
2122 3749 2218 3804 tibi
2248 3764 2453 3803 morem
2486 3765 2753 3820 gererem.
2777 3750 3069 3806 Pulchrum
3100 3761 3182 3806 est
3202 3753 3470 3822 cupidita-

1891 3831 2005 3892 tum
2040 3838 2245 3894 absolvi
2286 3839 2542 3904 vinculis,
2579 3850 2635 3895 et
2679 3840 2956 3910 inexpleto
3017 3839 3234 3896 Domini
3283 3859 3470 3899 amore

1889 3933 2210 4004 constringi.
2264 3933 2520 4003 Expedit,
2563 3935 2637 3989 mi
2690 3933 2875 4000 Pater,
2923 3949 2955 3989 a
3009 3942 3150 3991 tetro
3209 3936 3468 3992 vitiorum

1890 4026 2060 4080 odore
2111 4025 2429 4090 abscedere,
2486 4039 2551 4080 ac
2597 4026 2916 4081 suavitatem
2959 4026 3180 4097 spiritus
3228 4029 3468 4083 odorari.

1891 4117 2042 4172 Felix
2075 4117 2422 4188 faustumque
2453 4117 2545 4173 hic
2585 4118 2775 4174 dolore
2801 4119 2988 4189 pungi,
3040 4133 3105 4174 ac
3135 4120 3319 4190 lugere
3348 4136 3471 4190 pro-

1890 4218 2014 4280 pter
2042 4249 2056 4263 .
2079 4251 2122 4264 ..
2145 4249 2160 4263 .
2184 4249 2199 4264 .
2227 4253 2240 4264 .
2261 4252 2274 4264 .
2293 4252 2306 4265 .
2327 4251 2339 4265 .
2363 4249 2375 4265 .
2403 4251 2416 4265 .
2467 4221 2523 4267 et
2560 4210 2690 4266 huic
2721 4211 3033 4277 exsultatio,
3068 4211 3158 4281 qui
3204 4211 3259 4265 in
3287 4213 3469 4266 omni-

1892 4301 1994 4355 bus
2039 4301 2218 4371 primo
2259 4302 2377 4356 loco
2451 4341 2466 4356 .
2546 4342 2560 4357 .
2643 4342 2655 4355 .
2736 4342 2750 4356 .
2814 4302 3054 4354 timorem
3089 4299 3218 4356 Dei:
3266 4302 3468 4372 quippe

1892 4392 1985 4462 qui
2025 4392 2197 4447 instar
2224 4393 2365 4465 ignis
2389 4408 2512 4448 cum
2544 4393 2597 4446 in
2632 4393 2818 4447 animo
2855 4391 3038 4457 fuerit,
3080 4391 3185 4446 hoc
3209 4393 3369 4459 habet
3409 4401 3466 4446 ut

1893 4485 2098 4554 peccati
2153 4485 2416 4554 impetum
2457 4484 2699 4555 eﬂ‘ugiat.
2739 4483 2858 4551 Quo
2899 4493 3085 4539 autem
3151 4493 3310 4554 pacto
3354 4501 3465 4541 nou

1896 4575 1987 4629 ille
2024 4575 2468 4630 extimescendus
2503 4616 2518 4640 ,
2575 4591 2737 4645 quem
2792 4575 2966 4646 angeli
3014 4585 3256 4645 pavent:
3308 4576 3465 4643 cujus

1894 4665 2143 4720 contuitu
2190 4681 2276 4721 res
2310 4666 2488 4721 omnis
2520 4675 2697 4721 creata
2752 4666 3052 4720 turbatur:
3098 4665 3185 4721 cui
3237 4664 3365 4718 nudi
3410 4674 3466 4719 et

1896 4757 2006 4826 apti
2052 4747 2245 4812 omnes
2295 4757 2594 4812 astabimus
2621 4759 2689 4822 ⁸⁸,
2731 4757 2895 4828 paulo
2970 4771 3096 4811 mox
3155 4757 3464 4811 mercedem

218 4848 615 4920 ἀποληψόμεθα
659 4847 768 4900 τῶν
809 4846 1158 4918 βεϐιωμένων
1185 4844 1285 4909 τάς
1318 4845 1613 4916 ἀμείψειςς
1653 4846 1791 4914 Ἐγὼ

1898 4862 2085 4904 eorum
2118 4864 2238 4919 quae
2265 4849 2320 4903 in
2354 4850 2462 4904 vita
2511 4848 2802 4920 egerimus,
2854 4849 3173 4920 accepturi?
3197 4848 3308 4920 Ego
3339 4863 3468 4902 vero

292 4964 340 4996 “
370 4962 531 5018 Prov.
561 4979 725 5028 xxvu,
755 4963 809 5017 1.
884 4962 931 4994 ⁸⁸
963 4961 983 5015 ι
1014 4960 1147 5034 Reg.
1179 4975 1239 5028 ιι,
1271 4960 1363 5018 50.
1433 4959 1481 4992 ⁸⁸
1514 4958 1650 5016 Heb.
1684 4976 1758 5023 tv,
1796 4961 1884 5016 l3.

1709 5049 1947 5109 NOTE.

293 5144 371 5212 (l)
399 5143 534 5198 Cod.
560 5139 734 5197 Vatic.
765 5142 892 5208 653,
927 5143 964 5197 l‘.
999 5144 1088 5198 44.
1123 5141 1360 5212 Epistola
1388 5141 1452 5196 ad
1486 5140 1787 5212 Platonem,

219 5210 362 5286 quae:
377 5222 462 5268 est
489 5213 630 5283 apud
662 5212 1012 5286 Sinuonduut
1041 5210 1217 5286 lacera
1252 5213 1421 5286 lib._t_,
1449 5212 1552 5286 57._
1579 5210 1653 5286 lbi
1680 5216 1790 5281 pri-

1900 5143 2218 5217 ξΕπιφάνιος
2241 5146 2298 5217 ὲν
2335 5143 2570 5217 ⁸τῷ-περὶ
2609 5143 2701 5217 τοῦ
2732 5145 2925 5217 Πάσχα
2959 5142 3191 5217 (0)10!“
3213 5145 3278 5198 ἂν
3377 5147 3470 5199 ἄν.

1889 5214 2306 5300 θρωποςηπαρὰ
2332 5214 2478 5300 τάιὲν
2508 5214 2726 5300 τῇβξίᾳ
2755 5215 3202 5300 Ιςρ.αφῇ“κείμενξι
3227 5214 3467 5300 συμϐου-

222 5271 310 5340 uta
345 5271 542 5355 lacuna
571 5285 818 5355 expletur
851 5299 880 5337 a
912 5284 1098 5338 codice
1129 5284 1208 5337 sic
1243 5301 1255 5336 :
1282 5271 1475 5334 ἐσθίων
1507 5282 1599 5334 τὸν
1626 5271 1791 5353 ἀρτον

1889 5271 2487 5355 λεύων,”ἀπὸ’καρδίας
2516 5271 2665 5337 λαλεῖ
2700 5271 3131 5355 καῖὲντᾶλματα
3163 5271 3468 5355 ἀνθρὶῦπων

222 5374 315 5409 σου
341 5354 478 5425 μετ’,
514 5364 626 5425 etc.
649 5354 889 5422 Reliquas
914 5355 1122 5425 lacuna.
1159 5367 1266 5425 non
1288 5355 1649 5425 explentur_a
1695 5369 1790 5406 co-

222 5421 576 5480 dicemutilo.
606 5421 855 5477 Attamen
887 5424 1008 5479 cod.
1037 5439 1158 5492 pag.
1188 5423 1257 5492 ϐξ)
1287 5423 1340 5484 b,
1376 5423 1488 5476 haec
1521 5421 1792 5492 habentur

221 5496 596 5566 supplementa
660 5496 712 5546 iu
757 5504 1009 5566 excerpto
1038 5490 1149 5566 ea
1174 5491 1288 5566 ςῆς
1310 5492 1470 5566 ίτρὸς
1501 5490 1790 5566 lucinam

222 5559 342 5619 τῶδ’
369 5563 588 5619 ἑαυτοῦ
621 5562 851 5630 Πατέρα
905 5559 1256 5627 ἐπιστο.ίῆς’
1307 5562 1417 5623 Τὰς
1448 5561 1793 5630 τεχνολογίας

224 5636 331 5687 τῶν
366 5634 674 5687 ύποκλίνειν
723 5629 782 5684 σε
815 5634 911 5698 τῆς
939 5633 1194 5702 ἀληθείας
1234 5629 1588 5700 πειρωμένων
1626 5631 1793 5702 μηδὲν

221 5702 415 5758 meo)"
475 5703 674 5766 ἁπλοῦς
728 5707 755 5754 ὁ
813 5699 1215 5771 ).ὀ·(οςν’φηοὶν
1266 5699 1371 5770 γάρ
1420 5699 1521 5753 που
1567 5701 1594 5752 ό
1642 5699 1793 5767 ἅγιος

1887 5354 2158 5427 διηγεῖται
2174 5371 2194 5427 _°
2229 5354 2327 5406 και
2353 5358 2480 5427 περὶ
2508 5354 2918 5427 τῶντοιούτων
2943 5355 3095 5427 φέρω
3124 5356 3192 5408 τὰ
3217 5354 3311 5427 τοῦ
3339 5358 3470 5427 ἀπο-

1891 5424 2079 5476 στόλου
2128 5423 2326 5491 λέγειν,
2373 5423 2453 5475 ὅτι
2503 5425 2597 5477 ἐὰν
2630 5425 2857 5491 ἄγγελος
2906 5424 2965 5490 ἐξ
3011 5425 3242 5493 ούρανοῦ
3296 5423 3464 5488 ἐστιν,

1899 5493 2148 5562 ἀνάθεμα
2180 5493 2345 5561 αὐτῷ.
2386 5495 2514 5559 (Sed
2547 5495 2691 5547 eniut
2725 5509 2753 5546 a
2779 5494 2959 5548 verbis
2993 5494 3196 5557 ἁπλοῦς
3227 5496 3292 5547 atl
3331 5496 3464 5546 ἀνά-

1900 5562 2048 5631 θεμα
2094 5563 2241 5631 αὐτῷ
2287 5564 2448 5616 verba
2476 5563 2662 5617 eadem
2695 5564 2993 5617 recitantur
3034 5564 3086 5616 iu
3119 5565 3236 5617 cod.
3287 5581 3337 5632 p.
3375 5565 3463 5628 65,

1902 5634 2066 5686 etiam
2090 5647 2153 5686 ex
2186 5633 2411 5700 epistola
2438 5633 2502 5685 ad
2538 5633 2801 5702 lguatiuiu
2831 5634 3046 5701 lilium.)
3080 5663 3147 5674 -—
3174 5640 3305 5688 Asc.
3339 5633 3464 5698 MM,

1905 5702 2156 5756 Biblioth.
2185 5718 2301 5756 nov.
2345 5713 2383 5757 t.
2418 5702 2504 5765 IV,
2532 5719 2582 5772 p.
2619 5703 2742 5756 102.

313 5818 375 5877 (')
417 5817 488 5881 lin
531 5817 726 5881 _Sludita
788 5820 998 5871 agnoscit
1036 5823 1087 5863 ut
1131 5813 1399 5872 genuinum
1433 5815 1687 5876 Epiphallll
1733 5828 2010 5865 sermonem
2068 5817 2284 5877 aliquem
2335 5819 2396 5866 ile
2449 5816 2698 5866 Pasch-ale.
2749 5817 2938 5874 Reapse
2994 5819 3038 5866 in
3095 5831 3322 5868 sermone
3351 5818 3469 5881 Epiv

220 5883 382 5944 pluuii
427 5880 490 5928 de
529 5878 762 5928 Paschate
792 5895 883 5929 nou
919 5880 1248 5927 inveniuntur.
