4158 6488
682 389 819 453 1115

1862 394 1919 452 S.
1961 389 2352 450 THEODORI
2392 389 2732 447 STUDITE

3778 388 3909 452 1116

674 500 880 564 infelix,
915 515 1037 553 eum
1092 501 1229 555 nihil
1268 516 1455 555 eorum
1486 517 1607 571 qum
1664 502 2083 555 commemoravi
2142 500 2243 552 sim

2354 500 2402 551 δὲ
2440 501 2467 552 ὁ
2506 501 2691 565 τάλας,
2720 500 2777 550 ὲν
2800 499 2974 551 οὐδενὶ
2995 495 3070 552 ὧν
3097 494 3251 552 εἷπον
3277 500 3467 553 ἑαυτὸν
3507 498 3915 567 καταλαμϐανὰ

674 598 971 650 assecutus,
1008 590 1061 642 in
1084 605 1295 643 summo
1318 605 1549 643 maerore
1574 590 1741 643 animi
1775 600 2085 644 sanctarum
2115 602 2242 657 pre-

675 696 796 733 cum
856 689 1070 733 tuarum
1125 696 1284 749 opem
1336 682 1591 750 elliagito,
1630 689 1688 734 ut
1741 682 2054 750 aperiantur
2098 680 2241 735 oculi

677 771 873 824 mentis
920 786 1073 833 meze,
1113 780 1173 824 ut
1212 786 1401 825 verum
1429 787 1668 826 amorem
1704 771 2002 841 degustem.
2037 771 2140 825 Sed
2162 781 2245 825 est

679 861 809 913 mihi
842 861 1004 914 simul
1037 876 1161 915 cum
1205 862 1388 916 animo
1415 876 1615 931 corpus
1643 878 1860 931 quoque
1888 863 2240 926 imbecillum,

680 961 737 1005 ut
761 954 869 1007 scis
903 962 999 1016 ;et
1046 954 1178 1023 quid
1226 970 1379 1024 agam
1410 955 1653 1009 incertus
1678 972 1819 1008 sum.
1851 956 1981 1008 Nam
2014 956 2058 1009 si
2086 956 2246 1023 paulo

680 1041 936 1108 majorem
993 1040 1252 1095 adhibere
1303 1050 1560 1095 conatum
1620 1041 1802 1105 velim,
1861 1040 2030 1109 perdo
2082 1040 2246 1093 etiam

678 1134 996 1201 quantulum
1043 1136 1239 1189 habeo.
1286 1134 1403 1190 Una
1444 1135 1579 1189 mihi
1615 1134 1919 1188 consolatio
1954 1141 2245 1203 superest;

677 1236 837 1289 quam
875 1232 929 1277 et
959 1222 1055 1276 tibi
1089 1238 1359 1291 exponam
1385 1239 1606 1277 necesse
1635 1232 1737 1287 est,
1765 1222 1837 1276 mi
1875 1222 2034 1277 Pater
2063 1240 2075 1274 :
2104 1223 2248 1291 quod

682 1328 878 1382 nempe
908 1314 1212 1377 didicerim,
1248 1330 1313 1368 ex
1352 1316 1584 1369 lectione
1624 1325 1679 1369 et
1727 1331 1829 1369 usu
1863 1312 2245 1379 Orientalium,

679 1412 932 1473 Oportere
966 1420 1060 1459 eos
1082 1405 1173 1474 qni
1202 1404 1362 1459 vitam
1400 1406 1454 1459 in
1483 1420 1759 1459 secessum
1787 1412 1975 1473 agunt,
2014 1404 2247 1473 singulis

679 1494 893 1560 diebus,
925 1494 967 1548 si
1003 1495 1219 1564 quidem
1265 1495 1379 1549 ﬁeri
1422 1496 1613 1564 possit,
1660 1494 1982 1563 participare
2012 1494 2249 1547 divinam

680 1586 1140 1641 communionem.
1179 1586 1334 1641 Hunc
1383 1602 1588 1640 morem
1646 1586 1878 1649 servavi,
1914 1586 2004 1654 qui
2048 1586 2250 1640 misero

679 1674 813 1729 mihi
846 1690 1003 1743 opem
1035 1676 1233 1740 attulit,
1299 1685 1548 1731 revocata
1578 1676 1907 1745 cogitatione
1949 1690 1981 1729 a
2039 1676 2251 1730 vitiosis

678 1764 845 1817 animi
874 1765 1131 1827 motibus,
1163 1776 1383 1835 prapter
1406 1766 1533 1819 doni
1565 1766 1957 1834 prtestantiam,
1989 1782 2109 1835 qua:
2134 1782 2251 1820 me-

681 1866 792 1909 tunt
821 1856 1032 1911 incutit.
1066 1856 1197 1910 Nam
1221 1858 1349 1926 quid
1380 1859 1578 1926 majus,
1606 1860 1718 1912 sive
1744 1858 1811 1912 ad
1842 1858 2105 1923 laetitiam,
2136 1859 2249 1913 sive

680 1947 745 1999 ad
779 1947 963 2000 collust
978 1947 1242 2001 rationem
1264 1948 1429 2001 animi
1460 1963 1582 2002 esse
1618 1949 1842 2001 omnino
1860 1957 2035 2016 potest
2065 1949 2247 2002 divina

681 2040 1105 2093 communione?
1135 2039 1193 2093 In
1221 2040 1443 2094 calicem
1469 2050 1648 2093 autem
1672 2042 1897 2094 vitreum
1923 2042 2249 2109 peculiarem

683 2128 809 2179 vino
834 2127 1045 2189 defuso,
1080 2142 1143 2181 ac
1185 2128 1411 2182 solemni
1466 2129 1761 2197 precationi
1798 2141 2039 2198 peracta,
2072 2146 2249 2199 quan-

681 2234 843 2287 quam
870 2219 1122 2290 indignus
1143 2219 1267 2273 doni
1287 2236 1509 2290 compos
1527 2220 1615 2275 lio.
1650 2220 1831 2275 Indica
1864 2222 1995 2275 mihi
2028 2230 2250 2276 rectene

680 2326 855 2379 agam,
889 2326 958 2364 an
983 2327 1159 2366 secus.
1195 2312 1340 2367 Ultra
1381 2352 1396 2367 .
1419 2350 1434 2367 .
1461 2353 1475 2367 .
1497 2352 1511 2366 .
1536 2354 1548 2367 .
1570 2354 1583 2366 .
1612 2313 1811 2367 labores
1834 2318 2101 2385 fructuum
2127 2325 2245 2367 tuo-

681 2415 795 2450 rum
832 2400 1190 2454 manducare;
1225 2401 1408 2455 beatus
1443 2419 1515 2466 es,
1550 2403 1622 2455 mi
1658 2402 1837 2469 Pater,
1892 2414 1939 2457 et
1970 2406 2094 2458 bene
2144 2406 2241 2457 tibi

677 2490 777 2543 erit
794 2488 861 2551 ",
891 2490 983 2559 qui
1011 2491 1304 2544 multorum
1338 2492 1496 2545 Pater
1518 2508 1595 2557 es,
1622 2505 1782 2562 atque
1812 2496 1877 2548 ad
1910 2505 2120 2549 tantum
2141 2497 2249 2549 vir-

682 2579 812 2633 tutis
844 2580 1069 2649 gradum
1102 2581 1422 2649 perduxisti,
1464 2593 1521 2635 ut
1567 2599 1712 2638 nunc
1752 2600 1943 2639 omnes
1984 2588 2036 2639 in
2057 2587 2250 2641 exsilio

682 2676 900 2735 prepter
931 2669 1061 2737 legis
1087 2669 1301 2724 Domini
1328 2672 1639 2727 mandatum
1677 2686 1981 2729 versentur.
2006 2675 2087 2729 Tu
2120 2691 2250 2731 vero

684 2772 782 2825 pro
807 2759 1058 2813 omnibus
1088 2775 1203 2824 ora,
1236 2769 1291 2815 ut
1314 2777 1532 2817 cursum
1578 2764 1681 2833 ipsi
1704 2775 2105 2821 consumment.

2345 608 2528 660 μενος,
2568 592 2967 661 σκυθρωπάζω,
2991 593 3087 661 τὴν
3128 592 3236 644 τῶν
3266 592 3437 659 ἁγίων
3464 591 3642 661 εὐχῶν
3673 608 3764 644 σου
3795 593 3913 643 ἑπι-

2342 684 2569 753 κουρίαν
2601 684 2790 745 αἰτῶν,
2831 684 2910 746 είς
2949 683 3211 747 διάνοιξιν
3252 684 3357 735 τῶν
3387 683 3484 752 τῆς
3510 682 3691 753 ψυχῆς
3718 684 3915 753 ὀφθαλο

2346 775 2502 845 μῶνσ
2550 776 2631 837 εἰς
2680 774 2871 842 γεῦσιν
2915 775 3009 827 τοῦ
3043 775 3197 837 ὄντος
3240 775 3461 844 ἔρωτος.
3500 775 3641 827 Ἀλλ’
3666 775 3780 828 ἐστι
3828 792 3917 844 μοι

2346 870 2442 921 σὺν
2472 870 2539 937 τῇ
2568 868 2713 937 ψυχῇ
2764 868 2859 921 καὶ
2900 868 2960 919 τὸ
3005 868 3161 935 σῶμα
3199 866 3445 932 ἀσθενὲς,
3486 867 3562 930 ὡς
3593 864 3771 928 οἶσθα,
3825 870 3917 919 καὶ

2344 957 2444 1009 οὐκ
2470 952 2565 1008 οἷδ’
2605 957 2632 1008 ὅ
2669 973 2719 1008 τι
2767 958 3061 1025 χρήσομαι.
3096 956 3308 1025 Μικρὸν
3337 956 3443 1025 γὰρ
3482 956 3531 1007 εἱ
3564 954 3702 1017 δόξω
3736 954 3917 1022 βιάζε-

2346 1048 2491 1110 σθαι,
2522 1046 2741 1099 ἀπόλλω
2767 1046 2861 1099 καὶ
2880 1046 3016 1116 ὅπερ
3041 1046 3236 1117 μικρὸν
3264 1046 3499 1115 κατέχω.
3536 1044 3683 1098 Μίαν
3712 1044 3919 1111 ταύτην

2347 1135 2692 1203 παρηγορίαν
2730 1135 2940 1203 εὕρηκα
2966 1150 2980 1164 ’
3013 1134 3109 1187 καὶ
3134 1134 3252 1188 δέον
3283 1133 3571 1187 ἀναθέσθαι
3602 1150 3709 1196 σοι,
3735 1134 3919 1202 Πάτερ

2350 1241 2450 1292 μου
2472 1241 2485 1253 ·
2530 1222 2591 1287 ἐξ
2635 1224 2991 1289 ἀναγνώσεως
3026 1224 3119 1276 καὶ
3164 1225 3413 1293 χρήσεως
3437 1224 3545 1277 τῶν
3580 1223 3921 1276 ἀνατολικῶν

2350 1309 2557 1380 μαθὼν,
2583 1312 2645 1363 τὸ
2678 1310 2874 1380 χρῆναι
2902 1313 3029 1370 τοὺς
3054 1313 3428 1382 ἡσυχάζοντας
3458 1314 3506 1365 εί
3531 1311 3761 1365 δυνατὸν
3794 1312 3919 1362 καθ’

2348 1403 2583 1468 ἑκάστην
2611 1401 3044 1469 μεταλαμῦάνειν
3076 1401 3174 1470 τῆς
3204 1402 3353 1464 θείας
3385 1402 3688 1464 κοινωνίας.
3730 1402 3921 1471 Ἐχρηο

2350 1492 2531 1561 σάμην
2558 1491 2748 1553 οὓτως,
2775 1493 2868 1544 καὶ
2895 1485 3052 1561 εὖρον
3084 1492 3338 1562 βοήθειαν
3357 1496 3385 1547 ὁ
3405 1494 3586 1556 ἄθλιος
3605 1510 3619 1523 ·
3652 1494 3920 1546 ὑποστελ-

2348 1578 2579 1648 λομένης
2612 1579 2712 1653 τῆς
2749 1580 2984 1643 διανοίας
3035 1584 3099 1633 ἐκ
3142 1582 3243 1650 τῆς
3294 1583 3576 1651 ὲμπαθοῦς
3623 1586 3919 1653 κινήσεως,

2350 1674 2437 1726 διὰ
2476 1673 2579 1744 τὴν
2621 1652 2714 1725 τοῦ
2755 1671 2930 1741 δώρου
2975 1672 3211 1741 ἔμφοσον
3253 1675 3543 1745 ὑπεροχήν.
3575 1676 3687 1728 Καὶ
3722 1652 3777 1727 τί
3808 1676 3921 1743 γὰρ

2357 1764 2539 1835 μεῖζον
2572 1764 2650 1825 είς
2683 1764 2999 1831 άγαλλίασιν
3026 1766 3120 1818 καὶ
3145 1765 3424 1835 φωτισμὸν
3456 1767 3540 1833 εἴη
3563 1767 3628 1818 ἂν
3651 1769 3717 1836 τῇ
3744 1766 3918 1835 ψυχῇ,

2282 1836 2323 1890 Β
2352 1856 2517 1909 πλέον
2547 1856 2647 1925 τῆς
2681 1855 2829 1919 θείας
2858 1856 3176 1922 κοινωνίας;
3220 1858 3307 1910 Ἐν
3339 1858 3580 1927 ποτηρίῳ
3618 1858 3675 1910 δὲ
3716 1857 3922 1926 ὑαλίνῳ

2352 1947 2701 2017 άφορισμένῳ
2740 1947 3027 2017 προϐαλὼν
3051 1944 3213 2014 οῐνον,
3243 1948 3337 2001 καὶ
3368 1947 3664 2015 εὐξάμενος
3693 1950 3763 2001 τά
3792 1965 3921 2001 συνο

2354 2040 2481 2110 ήθη,
2522 2040 2733 2109 μετέχω
2757 2041 2785 2091 ὁ
2811 2040 3025 2103 ἀνάξιος
3054 2040 3148 2092 τοῦ
3178 2039 3372 2109 δώρου.
3412 2042 3519 2093 Καὶ
3552 2041 3791 2110 δήλωσόν
3828 2059 3921 2109 μοι

2353 2130 2968 2201 είκαλῶςποιῶ,ἢοῠ.
3009 2132 3155 2200 Πέρα
3196 2170 3213 2184 .
3255 2171 3269 2184 .
3311 2169 3327 2183 .
3371 2170 3386 2185 .
3431 2171 3447 2185 .
3488 2172 3502 2185 .
3544 2170 3561 2185 .
3605 2170 3620 2185 .
3665 2171 3680 2185 .
3722 2148 3922 2198 ,παρα

2355 2223 2485 2277 πῶν
2511 2240 2627 2278 σου
2656 2223 2977 2292 φάγεσθαι·
3009 2223 3292 2291 μακάριος
3340 2219 3411 2285 εἶ,
3444 2224 3625 2293 Πάτερ
3663 2240 3787 2293 μου,
3819 2223 3920 2275 καὶ

2344 2315 2543 2381 καλῶς
2583 2331 2683 2369 σοι
2721 2314 2914 2378 ἔσται,
2949 2316 3140 2385 Πατὴρ
3168 2315 3515 2385 χρηματίσας
3546 2314 3791 2367 πολλῶν·
3822 2315 3923 2366 καὶ

2346 2413 2425 2473 είς
2469 2410 2635 2478 μέσον
2676 2409 2877 2477 ἀρετῆς
2912 2407 3161 2460 τοσοῦτον
3196 2405 3441 2476 ἀγαγὼν.
3479 2407 3621 2459 ὥστε
3655 2405 3822 2459 τανῦν
3862 2409 3921 2459 ὲν

2345 2501 2529 2570 ὲξορίᾳ
2561 2501 2828 2567 ὑπάρχειν
2874 2500 2998 2561 τοὺς
3022 2500 3227 2560 πάντας
3262 2498 3330 2550 δι’
3362 2496 3582 2567 ἐντολὴν
3604 2498 3772 2565 νόμου
3803 2498 3920 2549 Κυ-

2350 2592 2490 2660 ρίου.
2553 2590 2692 2641 Ἀλλ’
2736 2588 3038 2658 ὑπερεύχου
3086 2590 3243 2656 πᾶσι,
3288 2587 3573 2642 τελειῶσαι
3611 2590 3793 2651 αὐτοῖς
3827 2586 3927 2641 τὸν

2354 2682 2575 2754 δρόμον.

682 2936 3917 2968 ————————————————————————

1752 3095 2193 3183 BIBAION
2270 3096 2872 3185 ΔΕΥΤΕΡΟΝ·

1245 3277 1349 3332 Ἐκ
1389 3274 1509 3331 τῶν
1537 3277 1835 3347 διαφόρων
1861 3276 2048 3331 αὑτοῦ
2086 3276 2431 3332 ἐπιστολῶν
2461 3277 2686 3349 ἐκλογὴ
2735 3280 2848 3349 τῆς
2881 3280 3083 3347 τρίτης
3101 3278 3359 3349 ἐξοριας.

1752 3609 2112 3697 LIBER
2195 3606 2849 3697 SECUNDUS.

1602 3797 1684 3851 Ex
1717 3798 1937 3853 diversis
1967 3798 2081 3868 ejus
2106 3796 2340 3868 epistolis
2375 3797 2613 3853 collectio
2663 3797 2809 3853 tertii
2847 3797 3046 3853 exsilii.

764 3954 805 4009 Ι.
833 3986 897 3997 -—
925 3954 1332 4010 lconomachicae
1358 3957 1575 4023 synodo,
1606 3965 1858 4024 tanquam
1878 3972 1940 4008 ea:
1968 3972 2190 4025 persona

2363 3956 2444 4007 A'.
2460 3982 2531 3996 —
2555 3952 2631 4022 Τῇ
2661 3949 3102 4025 Elaeae-opasz
3128 3947 3490 4025 curddm._tbc
3511 3947 3579 4001 ἐκ
3603 3948 3930 4015 προσώπου

1144 4027 1375 4079 omnium
1416 4025 1832 4093 prwpositorum.

2750 4020 2992 4076 πάντων
3028 4020 3145 4075 τῶν
3174 4020 3539 4091 ἡγουμένων.

1498 4139 1786 4203 Dogmatica
1806 4142 1867 4189 de
1893 4138 2073 4190 sanctis
2093 4136 2410 4203 imaginibus.
2456 4137 2657 4198 (Barou.
2682 4146 2762 4182 an.
2785 4132 2895 4194 8H,
2921 4147 2970 4182 n.
2995 4132 3098 4195 36.)

770 4222 977 4277 Divinis
1001 4222 1209 4293 legibus
1253 4220 1639 4293 canonicisque
1679 4224 1913 4277 decretis
1960 4224 2283 4298 obsequen-5

701 4324 802 4377 tes,
834 4329 955 4383 qua:
989 4323 1183 4383 praeter
1205 4313 1443 4383 episcopi
1488 4316 1570 4369 sui
1602 4317 1931 4370 sententiam
1967 4316 2021 4370 in
2053 4318 2120 4371 iis
2140 4333 2262 4386 quae

698 4406 766 4459 ad
818 4405 1239 4459 ecclesiasticam
1306 4407 1647 4477 disciplinam
1702 4410 1996 4476 pertinent,
2054 4410 2258 4463 nedum

699 4510 821 4565 qua:
852 4496 917 4548 ad
949 4495 1279 4565 dogmaticas
1309 4499 1638 4565 quaestiones
1671 4498 1964 4561 deducunt,
2010 4500 2145 4553 nihil
2178 4499 2263 4569 agi

698 4587 783 4640 vel
822 4586 928 4641 dici
958 4596 1205 4656 Oportere
1236 4587 1500 4642 deﬁniunt
1530 4604 1544 4652 ;
1572 4604 1695 4643 cum
1717 4590 1783 4643 ab
1814 4591 2139 4645 auctoritate
2168 4604 2264 4644 ve-

700 4686 811 4731 stra
845 4678 1015 4732 semel
1052 4688 1213 4748 atque
1253 4679 1449 4733 iterum
1484 4681 1551 4735 ad
1596 4682 1721 4735 talia
1752 4697 1853 4736 nos
1881 4682 2114 4736 humiles
2135 4696 2266 4735 evo-

699 4784 985 4833 caremnr;
1014 4770 1128 4824 ausi
1180 4785 1288 4823 non
1320 4770 1537 4834 luimus,
1595 4782 1787 4841 praeter
1815 4789 1876 4827 ea
1902 4789 2021 4841 qua:
2070 4781 2266 4827 statuta

703 4870 830 4913 sunt
856 4870 1096 4928 agentes,
1121 4861 1381 4915 accedere
1411 4878 1424 4925 ;
1458 4872 1516 4916 ut
1542 4864 1633 4932 qui
1658 4864 1759 4917 sub
1796 4879 1945 4918 sacra
1978 4879 2141 4916 manu
2174 4864 2268 4919 Ni-

704 4951 925 5019 cephori
956 4952 1284 5005 sanctissimi
1339 4953 1664 5023 patriarchae
1698 4954 1880 5008 divino
1908 4953 2113 5022 Spiritu
2136 4968 2267 5007 con-

702 5042 875 5096 stituti
908 5058 1115 5096 sumus.
1156 5042 1444 5113 Postquam
1486 5055 1666 5099 autem
1708 5046 1925 5115 quidam
1968 5059 2032 5099 ex
2078 5044 2268 5099 ordine

703 5144 894 5189 nostro
950 5136 1247 5204 praepositi,
1297 5137 1449 5205 quasi
1511 5138 1814 5207 periculum
1872 5136 2089 5206 aliquod
2153 5135 2269 5190 lae-

705 5228 834 5290 turi,
899 5227 1271 5282 accedendum
1313 5228 1438 5292 sibi,
1503 5239 1559 5283 et
1597 5229 1863 5299 oppositis
1925 5226 2269 5283 sermonibus

706 5320 1143 5385 respondendum
1224 5333 1557 5375 censuerunt
1616 5338 1628 5373 :
1695 5320 1824 5389 quid
1894 5319 2040 5374 aliud
2114 5319 2269 5373 nobis

706 5409 897 5463 audire
974 5409 1173 5476 liceat,
1243 5426 1405 5479 quam
1484 5428 1605 5480 qua:
1696 5396 1899 5465 humile
1982 5426 2076 5464 cor
2139 5424 2267 5464 nos-

2434 4222 2639 4289 Νόμοις
2670 4218 2833 4281 θείοις
2863 4217 2957 4270 καὶ
2993 4216 3294 4279 κανονικοϊς
3334 4212 3702 4282 θεσπίσμασιν
3729 4211 3930 4281 ἑπόμε-

2362 4326 2467 4376 νοι,
2508 4307 2605 4361 τοῦ
2648 4307 2723 4379 μὴ
2770 4307 2877 4360 δεῖν
2920 4306 3069 4375 παρὰ
3110 4305 3208 4376 τὴν
3244 4303 3339 4357 τοῦ
3382 4302 3583 4357 οἰκείου
3627 4302 3930 4354 ιπισκόπου

2364 4400 2590 4471 γνώμην
2619 4401 2880 4471 πράττειν
2912 4415 2963 4451 τι
2994 4398 3027 4467 ἢ
3059 4397 3237 4465 λέγειν
3264 4396 3372 4449 τῶν
3403 4397 3501 4447 ὅσα
3533 4395 3612 4456 είς
3640 4394 3933 4462 ἐκκλησια-

2367 4494 2558 4563 στικὴν
2603 4493 2759 4562 φέρει
2791 4490 3065 4557 εὐταξίαν,
3096 4486 3292 4541 πολλοῦ
3326 4502 3389 4554 γε
3419 4486 3592 4538 εἰπεῖν
3620 4485 3701 4546 εἰς
3726 4483 3929 4551 δογμαο

2364 4585 2524 4654 τικὴν
2550 4584 2758 4651 ὲξέλκει
2783 4582 3079 4653 συζήτησιν
3095 4597 3109 4611 ο
3140 4579 3329 4632 τούτου
3354 4580 3512 4649 χάριν
3540 4576 3641 4646 τῆς
3661 4576 3933 4645 ὑμετέρας

2366 4676 2616 4741 ἐξουσίας
2649 4674 2810 4748 ἅπαξ
2824 4678 2917 4729 καὶ
2944 4675 3023 4737 δὶς
3044 4672 3417 4742 ὲκκαλεσάσης
3452 4671 3587 4741 πρὸς
3610 4669 3679 4723 τά
3707 4668 3934 4721 τοιαῦτα

2366 4767 2466 4838 τὴν
2495 4767 2616 4821 καθ’
2641 4769 2785 4837 ἡμᾶς
2816 4766 3110 4830 εὐτέλειαν,
3142 4766 3244 4818 οὐκ
3276 4764 3575 4833 ἐτόλμησεν
3608 4762 3714 4828 ἔξω
3743 4777 3792 4812 τι
3822 4760 3935 4811 τῶν

2368 4858 2769 4928 νενομισμένων
2793 4857 3104 4927 πράττουσα
3126 4854 3531 4925 παραγενέσθαι
3553 4870 3567 4884 ·
3602 4852 3677 4914 ὡς
3702 4853 3807 4904 ὑπὸ
3835 4852 3934 4921 τὴν

2370 4952 2519 5021 ἱεράν
2568 4953 2727 5020 χεῖρα
2769 4948 3085 5017 Νικηφόρον)
3127 4944 3219 4999 τοῦ
3255 4945 3555 5012 άγιωτάτου
3594 4943 3935 5012 πατριάρχου

2370 5041 2643 5111 πνεύματι
2687 5040 2813 5110 θείῳ
2857 5038 3107 5093 τελοῦσα.
3152 5037 3369 5107 Ἐπειδὴ
3406 5037 3465 5090 δέ
3494 5053 3635 5097 τινες
3666 5034 3775 5087 τῶν
3805 5037 3937 5103 ὁμο-

2368 5132 2549 5199 ταγῶν
2580 5134 2711 5200 ἡμῖν
2740 5130 3057 5200 ἡγουμένων
3099 5129 3409 5197 άπόπειράν
3452 5145 3573 5182 τινα
3621 5125 3933 5195 ποιούμενοι

2372 5223 2693 5294 κεκρίκασιν
2718 5221 3029 5290 ἀφικέσθαι,
3057 5220 3139 5283 εἷς
3162 5236 3221 5272 τε
3249 5218 3441 5287 λόγους
3470 5218 3644 5271 ἐλθεῖν
3667 5217 3937 5269 ἀντιθετι·

2371 5315 2535 5376 κούςο
2571 5315 2623 5366 τί
2668 5313 2795 5367 ἄλλο
2839 5314 2872 5382 ἢ
2910 5314 3090 5364 ἐκεῖνα
3134 5312 3279 5381 ἡμᾶς
3321 5308 3731 5377 άκουτισθῆναι,
3767 5308 3804 5361 θ.
3848 5306 3937 5371 ἐξα

2375 5407 2585 5476 ίστησιν
2614 5404 2767 5475 ἡμῶν
2806 5404 2903 5473 τὴν
2934 5402 3194 5473 ταπεινὴν
3225 5401 3490 5473 καρδίανς
3520 5400 3655 5452 Φασὶ
3680 5398 3786 5468 γὰρ
3834 5402 3936 5467 τὴν

707 5508 850 5553 trum
912 5479 1625 5571 obstupefaciunt?Ferunt
1683 5502 1948 5572 siquidem
2019 5516 2264 5557 conven-

2368 5499 2701 5569 πρόσκλησιν
2742 5492 2877 5549 εἶναι
2927 5495 3018 5547 ἐπὶ
3058 5495 3402 5564 καταστροφῇ
3430 5491 3529 5560 τῆς
3559 5479 3844 5561 ἐν’Νιχαίᾳ
3872 5491 3935 5543 τὸ

705 5597 821 5643 tum
864 5590 1025 5645 istum
1068 5594 1135 5646 ail
1173 5594 1508 5650 eversionem
1548 5596 1797 5651 secunda:
1840 5605 2037 5652 sancta:
2075 5595 2261 5666 synodi

782 5789 825 5822 "
858 5787 1002 5846 Psal.
1033 5807 1235 5860 εχιτ-ιι,
1266 5792 1321 5847 9..

2369 5593 2619 5665 δεύτερον
2644 5592 2800 5662 ἁγίας
2826 5590 3039 5646 dav/10"»
3063 5606 3074 5617 '
3106 5590 3165 5645 τὸ
3192 5590 3257 5661 δὴ
3287 5589 3577 5661 λεγόμενον
3608 5588 3692 5642 ἐπ’
3718 5586 3937 5657 ἀναιρέ-
