4158 6520
141 475 279 539 1117

141 608 231 644 σει
263 589 359 643 τοῦ
384 581 803 657 προσκυνεῖσθαι
833 580 930 646 τὴν
958 574 1157 643 σεπτὴν
1183 571 1366 624 είκόνα
1389 568 1481 621 τοῦ
1511 565 1713 635 Κυρίου

142 685 311 754 ἡμῶν
356 676 530 748 Ἰησοῦ
558 672 811 744 Χριστοῦ,
836 669 936 738 τῆς
968 683 1025 719 τε
1060 663 1341 724 Θεοτόκου,
1373 660 1466 712 καὶ
1502 658 1718 710 πάντων

145 750 290 846 eam)
314 774 425 826 τῶν
455 771 644 838 ἁγίων.
669 769 732 819 Ὢ
751 766 831 827 τίς
858 760 1137 831 ὲνηχηθείς
1162 756 1335 810 ταῦτα
1361 755 1421 807 ού
1448 750 1720 814 στενάξειε

147 840 358 936 πικρὸν
390 864 454 916 ἐκ
486 862 680 931 βάθους
726 854 954 925 καρδίας
980 871 993 884 -
1026 851 1100 913 ὠς
1143 844 1587 915 ἀνατρεπομένης
1620 840 1722 909 ἤδη

149 960 213 1009 ἐν
245 928 457 1014 τούτοις
477 928 575 1018 τῆς
599 944 866 1014 σωτηρίου
887 937 1198 1007 οἰκονομίας
1222 933 1316 987 τοῦ
1343 931 1545 1002 Κυρίου
1569 928 1725 997 ἡμῶν

165 1042 348 1113 Ἰησοῦ
370 1016 639 1111 Χριστοῦς
674 1038 899 1098 Ἄκουε,
930 1027 1166 1098 οὺρανὲ,
1190 1025 1290 1079 καί
1316 1021 1602 1082 ἐνωτίζου,
1625 1016 1722 1087 γῆ⁶

158 1109 345 1203 βοάτω
380 1109 495 1200 μεθ’
522 1126 677 1199 ἡμῶν
714 1128 743 1178 ό
786 1118 1298 1194 μεγαλοφωνότατος
1341 1113 1599 1173 Ἠσαῖαςο
1637 1109 1730 1161 καὶ

157 1199 266 1277 ῦσα
298 1199 505 1285 τούτοις
534 1216 903 1286 ἐπιφερόμενα
933 1212 1075 1266 κατὰ
1106 1209 1405 1278 συνέχειαν.
1433 1202 1648 1258 Μᾶλλον
1675 1199 1732 1252 δὲ

160 1316 237 1369 ἵν’
260 1314 587 1381 οἰκειότερον
611 1303 996 1378 φθεγξώμεθα·
1032 1302 1229 1354 Ἀκουε
1262 1295 1492 1372 ἀνατολὴ
1524 1293 1617 1346 καί
1645 1289 1734 1343 δύ-

165 1422 280 1468 σις,
315 1376 570 1473 βορρᾶ-τε
602 1376 693 1452 καί
720 1399 755 1466 ἡ
784 1394 927 1448 κατά
952 1391 1224 1445 θάλασσαν
1249 1386 1420 1457 λῆξις,
1446 1386 1503 1436 ὲν
1528 1376 1608 1445 οἷς
1642 1378 1737 1434 νῦν

165 1496 241 1547 τὰ
289 1492 411 1547 καθ’
438 1492 606 1561 ἡμᾶς,
648 1488 740 1541 καί
773 1485 858 1553 ἐφ’
887 1477 968 1547 οἷς
1013 1478 1350 1549 συνεδρεύειν
1391 1473 1735 1542 τετόλμηται.

178 1584 381 1651 Ἡμεῖς
422 1582 519 1651 μὲν
557 1574 650 1632 οῦν
696 1576 745 1628 οἰ
787 1574 1080 1643 ὲλάχιστοι,
1118 1569 1171 1623 οἴ
1204 1585 1263 1622 τε
1303 1562 1741 1634 παραγενόμενοι

170 1650 273 1729 καί
302 1674 376 1744 μὴ
408 1650 837 1741 παραγενόμενοι
864 1683 879 1696 ·
918 1661 1251 1734 ἀμφοτέροις
1272 1658 1379 1729 γὰρ
1401 1650 1482 1718 εἷς
1508 1654 1536 1706 ό
1564 1652 1740 1718 λόγος,

171 1768 254 1828 ὡς
294 1739 597 1831 suasum;
636 1755 788 1810 οὖσιν
825 1757 882 1807 ὲν
912 1753 992 1807 ἑνὶ
1024 1752 1154 1820 Θείῳ
1184 1749 1523 1819 φρονήματι·
1554 1744 1619 1812 τῇ
1653 1739 1743 1793 ὑπ’

173 1855 411 1926 οὐρανὸν
446 1849 741 1920 Ἐκκλησία
770 1846 1057 1916 σύμφωνον
1080 1842 1262 1893 πίστιν
1289 1838 1512 1904 ἄγοντες
1536 1850 1549 1863 ⁸
1580 1834 1747 1902 ἦγουν

177 1944 519 2013 ἁναστηλοῦν
544 1958 604 1995 τε
641 1941 734 1993 καί
764 1934 1088 2008 προσκυνεῖν
1124 1933 1223 2001 τὴν
1254 1928 1403 1983 θείαν
1437 1925 1621 1978 εἰκόνα
1652 1922 1748 1975 αύ-

177 2038 278 2092 τοῦ
309 2036 403 2089 τοῦ
446 2033 696 2103 Σωτῆρος
726 2029 881 2100 ἡμῶν
913 2024 1088 2095 Ἰησοῦ
1117 2018 1378 2092 Χριστοῦ,
1399 2018 1496 2086 τῆς
1523 2032 1583 2067 τε
1612 2030 1752 2066 παν-

182 2128 352 2195 αγίας
375 2123 593 2194 Μητρὸς
620 2118 805 2182 αὐτοῦ,
838 2115 931 2169 καὶ
956 2111 1264 2167 οὑτινοσοῦν
1285 2108 1392 2162 τῶν
1422 2105 1591 2173 ἀγίων
1608 2120 1621 2133 ·
1658 2102 1755 2170 οὐχ

186 2191 273 2274 ὅτι
304 2191 464 2284 ’παρὰ⁷
502 2191 566 2284 τῇ
609 2213 667 2265 ὲν
697 2207 902 2277 Νικαίᾳ
939 2205 999 2259 τὸ
1024 2202 1272 2273 δεύτερον
1303 2199 1437 2268 ἁγίᾳ
1466 2195 1683 2264 συνόδῳ.
1720 2191 1753 2260 ἢ

188 2308 347 2379 παρά
369 2308 435 2375 τῇ
465 2304 571 2372 πρὸ
600 2300 767 2369 αὐτῆς
795 2293 1170 2365 δογματισὰσῃ
1202 2290 1471 2353 θειότατα,
1498 2286 1558 2338 τὸ
1584 2285 1760 2350 ἀσφα-

188 2371 289 2462 λὲς.
318 2371 461 2465 ἔχειν
487 2371 939 2459 διαδεδαιούμεϐα
959 2402 973 2415 ·
1004 2382 1140 2437 ἀλλὰ
1178 2380 1286 2449 γὰρ
1318 2378 1413 2430 ἀπ’
1455 2374 1623 2443 αὐτῆς
1662 2371 1760 2440 τῆς

190 2484 503 2557 παρουσίας
532 2481 624 2535 τοῦ
651 2479 855 2550 Κυρίου
882 2476 1040 2547 ἡμῶν
1065 2472 1160 2526 καὶ
1191 2467 1348 2532 Θεοῦ,
1382 2466 1672 2534 ἐγγράφως
1705 2477 1763 2514 τε

192 2554 293 2634 καί
320 2576 585 2648 ἀγράφως
612 2569 989 2643 ὲρηρεισμένοι
1020 2566 1173 2626 ὄντες
1192 2577 1207 2592 ·
1242 2558 1494 2628 ἀσφαλῶς
1532 2554 1768 2626 βεϐήκα·

201 2689 303 2743 μεν
334 2645 421 2723 ἐπ’
447 2666 664 2733 ἐκείνην
699 2663 794 2731 τὴν
826 2660 1007 2729 ἕδραν,
1041 2657 1127 2725 ἐφ’
1157 2648 1190 2728 ᾖ
1236 2668 1399 2722 φησιν
1439 2650 1468 2700 ό
1498 2645 1765 2717 Χριστός·

199 2733 289 2818 ΙΣὺ
322 2756 377 2814 εἰ
397 2757 638 2824 Πέτρος,
669 2751 764 2806 καί
798 2748 897 2802 ἐπὶ
930 2746 1113 2812 ταύτῃ
1140 2741 1214 2810 τῇ
1242 2739 1427 2807 πέτρᾳ
1459 2733 1771 2802 οἰκοδομή-

203 2871 294 2908 σω
321 2867 440 2920 μου
464 2848 578 2914 τὴν
609 2840 992 2909 Ἐκκλησίαν,
1014 2837 1115 2890 καί
1145 2833 1331 2887 πύλαι
1355 2829 1503 2897 ᾅδου
1535 2829 1606 2881 οὐ
1635 2841 1773 2879 κατ-

206 2932 814 3011 ισχύσουσινάὺτῆς.

280 3008 379 3096 Ϋίς
401 3032 507 3102 γάρ
537 3029 630 3082 καὶ
662 3027 819 3094 λόγος
853 3019 1165 3091 ὲξευρεθείη
1196 3016 1273 3087 τῷ
1313 3013 1632 3082 ἀντηγορείν
1660 3008 1778 3061 ἐλο-

214 3125 368 3194 μένῳ
415 3098 655 3188 τοσούτῳ
706 3116 896 3186 κράτει
928 3112 1026 3180 τῆς
1050 3108 1339 3179 ἀληθείας;
1375 3106 1437 3156 Εἰ
1465 3102 1569 3169 γὰρ
1596 3098 1784 3167 ὁμολο-

212 3190 497 3287 γουμένως
523 3214 551 3265 ό
572 3210 775 3281 Κύριος
796 3205 950 3276 ἡμῶν
987 3200 1190 3272 Ἰησοῦς
1220 3196 1451 3269 Χριστος
1482 3196 1537 3247 ὲν
1571 3190 1782 3259 ἀνθρω-
1812 3218 1853 3276 C

216 3282 350 3381 πείᾲ
379 3307 585 3377 μορφῇ,
612 3303 708 3355 καὶ
733 3303 791 3353 ὲν
834 3297 965 3350 είδει
988 3295 1067 3366 τῷ
1092 3292 1213 3346 καθ’
1234 3291 1384 3361 ἡμᾶς
1417 3282 1595 3340 ὦπται
1616 3300 1629 3314 ο
1655 3284 1785 3351 ἀρα-

204 3377 395 3475 ρότως
445 3391 843 3468 περιγράφεται
891 3407 953 3443 τε
983 3387 1077 3442 καὶ
1104 3382 1427 3448 εἰκονίζεται
1458 3378 1582 3432 καθ’
1613 3377 1789 3446 ἡμᾶς’

222 3454 271 3547 ἓξ
300 3454 394 3544 καί⁵
417 3454 568 3560 μένει
686 3454 806 3553 (ista
844 3481 1025 3551 μορφῇ
1068 3479 1097 3531 ὁ
1129 3475 1290 3537 αὐτὸς
1337 3471 1749 3541 ἀπερίγραπτος
1776 3481 1790 3496 ·
1892 3454 1903 3508 ἱ

224 3558 461 3651 ἐπείπερ
495 3576 615 3633 ἐστί
654 3573 878 3646 μεσίτης
904 3568 1038 3624 Θεοῦ
1064 3567 1159 3621 καὶ
1173 3562 1494 3635 ἀνθρώπων⁸
1521 3558 1794 3627 ἑκατέρων

226 3676 338 3730 τῶν
364 3672 580 3741 φύσεων
613 3668 671 3734 ἐξ
694 3660 769 3721 ὧν
798 3663 915 3718 ἐστι
940 3662 1009 3715 τὰ
1057 3658 1325 3729 ἰδιώματα
1374 3654 1631 3721 ἀλώὀητα
1679 3652 1796 3703 δια-

230 3737 443 3831 σώζων.
484 3763 547 3816 Εἰ
593 3760 652 3814 δὲ
698 3759 771 3830 μὴ
829 3752 1242 3824 περιγράφοιτο,
1276 3744 1520 3801 ἀπόλωλε
1544 3744 1605 3797 τὸ
1659 3737 1796 3794 εἶναι

232 3857 544 3927 ἄνθρωπος,
570 3848 768 3907 πολλοῦ
786 3865 847 3918 γε
882 3847 1078 3909 εἰπεῖν,
1113 3840 1337 3913 μεσίτης
1363 3878 1378 3902 ,
1412 3836 1501 3890 διὰ
1529 3835 1627 3904 τῆς
1649 3834 1801 3886 ἀναι-

237 3951 444 4021 ρέσεως
475 3944 567 4000 τοῦ
598 3938 973 4016 περιγραπτοῦ
1033 3930 1539 4003 συναναιρουμένων
1583 3926 1802 3979 πάντων

235 4016 348 4097 τῶν
373 4037 706 4109 ὁμοστοίχων
742 4033 1067 4104 ἰδιωμάτων.
1099 4030 1162 4082 El
1185 4028 1293 4098 γὰρ
1316 4024 1377 4077 ού
1408 4016 1802 4093 περιγραπτὸς,

236 4133 351 4189 οὔθ’
381 4103 551 4192 ἀπτός
703 4127 761 4180 δὲ
808 4125 999 4190 ἁπτὸς,
1032 4118 1171 4192 ὁμοῦ
1211 4118 1306 4171 καὶ
1339 4110 1656 4184 ψηλαφητός
1676 4125 1693 4142 θ
1724 4103 1806 4170 οἷς

240 4225 491 4293 ἀντερεῖν
515 4218 817 4290 ἡλιθιῶδες.
847 4215 1109 4285 Σὼματος
1130 4210 1239 4279 γὰρ
1267 4205 1442 4260 ταῦτα
1478 4201 1573 4255 τοῦ
1610 4201 1722 4269 ἁφῇ
1748 4213 1809 4250 τε

241 4319 341 4370 καὶ
369 4291 529 4385 γροιᾷ
552 4310 973 4371 ύποπίπτοντος.
1006 4306 1130 4369 Πῶς
1154 4303 1275 4373 οὐχὶ
1304 4300 1400 4354 καί⁸
1434 4291 1811 4367 περιγραπτὸς

245 4411 308 4477 ἐξ
335 4383 522 4463 οῦκαί
548 4403 821 4473 παθητόςς
852 4401 913 4453 Εἰ
938 4399 995 4451 δὲ
1027 4392 1405 4468 περιγραπτὸς
1426 4388 1522 4442 καὶ
1548 4383 1811 4455 παθητὸς,

248 4475 469 4563 παντως
499 4500 593 4555 καὶ
629 4492 1003 4565 προσκυνητδς
1048 4488 1247 4558 δηλαδὴ
1299 4483 1421 4539 καθ’
1450 4482 1518 4551 ἢν
1548 4475 1814 4547 περιγρά-

251 4612 416 4665 φεται
452 4581 617 4645 ἰδέαν.
660 4588 749 4651 Ὦς
780 4585 854 4655 μὴ
880 4580 1208 4654 σχιζομένης
1232 4578 1332 4647 τῆς
1356 4572 1513 4642 δόξης
1544 4570 1639 4624 τοῦ
1667 4585 1819 4639 πρω-

251 4658 491 4739 τοτύπου
520 4684 579 4737 ὲν
609 4680 687 4750 τῷ
715 4674 1056 4749 παραγώγῳ,
1109 4669 1251 4725 κατὰ
1299 4668 1393 4721 τὸν
1445 4665 1618 4735 μέγαν
1660 4658 1823 4713 Βασί-

253 4781 402 4833 λειον
428 4793 445 4810 ο
480 4776 514 4846 ἡ
545 4774 656 4843 γὰρ
708 4771 808 4839 τῆς
833 4768 1040 4830 είκόνος
1068 4762 1203 4835 τιμὴ
1232 4761 1322 4815 ἐπὶ
1358 4756 1420 4811 τὸ
1469 4752 1824 4825 πρωτότυπον

256 4840 527 4925 διαϐαίνει
548 4840 569 4898 ’Ἴ
598 4840 843 4935 δηλονότι
872 4854 1203 4917 οὑτινοσοῦν,
1265 4850 1377 4904 εἴτε
1425 4843 1683 4915 φυσικῆς,
1716 4840 1827 4893 εῐτε

258 4959 531 5031 τεχνητῆς
552 4974 567 4989 ο
602 4934 728 5011 ἐπεὶ
774 4954 868 5008 καί
891 4951 984 5006 ἐπὶ
1013 4947 1109 5003 τοῦ
1133 4944 1308 4999 τύπου
1330 4938 1423 4994 τοῦ
1451 4934 1633 5005 τιμίου
1663 4945 1829 4984 σταυ-

264 5025 362 5125 ροῦ
391 5025 453 5103 τὸ
477 5025 609 5103 αὐτὸ
640 5044 907 5117 θεώρημα
955 5038 1196 5111 νοητέον.
1223 5035 1267 5088 Τ
1271 5037 1304 5104 ᾗ
1334 5031 1443 5102 γὰρ
1463 5025 1830 5099 προσκυνήσει

261 5146 361 5199 τοῦ
387 5143 561 5196 τύπου
584 5157 598 5171 ·
625 5136 1126 5208 συμπροσκυνεϊται
1157 5128 1219 5181 τδ
1256 5121 1514 5190 ζωοποιὸν
1544 5118 1699 5185 ξύλον
1718 5130 1731 5144 '
1757 5111 1835 5174 ὡς

266 5236 364 5290 καὶ
392 5230 631 5303 ἔμπαλιν
679 5200 745 5299 τῇ
778 5200 1056 5294 ἀναιρέσει
1108 5210 1543 5285 ωναναιρείσθαι
1599 5206 1745 5259 ἔστιν
1772 5200 1835 5266 ἐξ

269 5293 594 5394 ἀναγκαίου.
631 5323 699 5374 Ἣ
720 5293 1189 5389 οὐχὶὴίὸμολογία
1216 5307 1308 5364 τοῦ
1341 5305 1537 5365 τύπου,
1577 5293 1838 5369 ὁμολογία

273 5386 401 5471 ὲστί
421 5414 516 5468 τοῦ
551 5386 823 5476 ζωοποιοῦ
850 5386 1119 5475 σταυροῦς
1151 5400 1339 5469 ὥσπερ
1366 5395 1459 5450 οὖν
1489 5391 1583 5446 καί
1618 5391 1651 5458 ὴ
1671 5386 1840 5457 ἀρνη-

278 5528 361 5573 σις
420 5470 855 5575 καθ’-ὁμοίωσιν
887 5470 1278 5564 ἀντὶστροφῆς.
1312 5489 1387 5540 Τὸ
1438 5482 1700 5548 ἀνάλογον
1750 5470 1845 5529 οὖν

277 5567 511 5671 ληπτέον
534 5567 716 5649 satis:
758 5592 856 5662 τῆς
905 5587 1113 5649 εἰκόνος
1159 5577 1401 5651 Χριστοῦ
1434 5574 1528 5629 καὶ
1577 5568 1742 5625 αὑτοῦ
1780 5567 1847 5635 δὴ

279 5658 542 5763 Χριστοῦ,
577 5684 742 5740 παντί
780 5658 858 5752 τῷ
889 5678 1142 5733 συνιόντι.
1179 5673 1288 5727 Καὶ
1316 5667 1469 5723 οὔπω
1500 5662 1688 5732 καιρὸς
1719 5658 1846 5724 δογ-

358 5885 403 5918 ⁶¹¹
440 5883 537 5936 lsa.
579 5898 617 5944 ι,
643 5880 697 5935 2.
774 5879 816 5911 ⁸⁸
836 5875 1023 5931 Matth.
1054 5887 1164 5935 xw,
1203 5869 1289 5922 l8.

1345 452 1873 515 EPISTULARUM
1913 450 2057 508 LIB.
2089 450 2105 506 Ι
2124 449 2169 506 1.

3246 424 3380 489 1118

1757 568 1793 623 Α
1822 562 2073 625 Nicznme,
2107 560 2158 614 id
2189 568 2271 612 est
2319 556 2383 610 ad
2431 552 2723 608 tollendam
2749 544 3113 601 venerandam
3168 535 3383 592 Domini

1820 655 1991 711 nostri
2020 654 2147 708 Jesu
2169 649 2369 705 Christi
2400 654 2452 699 et
2484 644 2724 711 Deiparae
2778 646 3197 700 sanctorumque
3226 628 3384 684 simul

1820 746 2061 801 Omnium
2087 741 2333 811 imaginis
2354 735 2719 791 adorationcm
2750 726 3028 783 constitui.
3053 723 3114 775 Et
3138 722 3386 791 quisnam

1822 838 1941 892 haec
1968 833 2211 894 audiens,
2243 845 2307 883 ex
2339 828 2447 880 imo
2463 832 2679 893 pectore
2710 834 2817 873 non
2842 827 3026 869 amare
3049 808 3386 879 ingemiscat,

1825 935 2078 993 tanquam
2096 921 2204 988 jam
2235 929 2419 970 eversa
2449 926 2543 981 per
2570 912 2687 963 inec
2710 904 2927 961 salutari
2958 896 3259 957 oeconomia
3285 895 3391 947 Do-

1826 1016 1956 1070 mini
1982 1010 2152 1067 nostri
2195 1010 2323 1064 Jesu
2372 1003 2573 1060 Christi
2601 1001 2623 1054 ?
2655 1000 2814 1062 Audi,
2860 996 3065 1056 caelum,
3098 1000 3145 1044 et
3177 984 3394 1040 auribus

1835 1105 2060 1175 percipe,
2090 1111 2230 1153 terra
2257 1095 2326 1160 ⁸⁸,
2371 1104 2426 1148 et
2451 1106 2569 1162 qua:
2597 1092 2920 1157 sequuntur,
2966 1079 3252 1134 nobiscum
3300 1086 3397 1125 ex—

1830 1198 2026 1251 clamet
2068 1189 2401 1245 clarissimus
2435 1182 2602 1238 Isaias
2647 1198 2660 1234 :
2710 1186 2806 1232 aut
2841 1174 3048 1242 potius,
3093 1177 3147 1223 et
3178 1161 3398 1235 proprie

1834 1285 2027 1356 magis,
2056 1281 2421 1337 exclamcmus
2447 1294 2460 1327 :
2484 1272 2644 1335 Audi,
2666 1269 2869 1331 oriens,
2894 1262 3169 1321 occidens,
3197 1254 3397 1325 aquilo,

1836 1387 1891 1433 et
1916 1343 2069 1444 plaga
2096 1386 2215 1440 qua:
2250 1367 2315 1422 ad
2366 1379 2511 1419 mare
2542 1369 2643 1424 est,
2679 1373 2786 1427 quo
2833 1368 2980 1408 nunc
3025 1349 3256 1403 redactae
3293 1343 3404 1397 sint

1838 1484 1926 1523 res
1954 1474 2171 1525 nostra,
2200 1470 2254 1515 et
2287 1473 2391 1527 qua
2426 1456 2493 1510 de
2529 1468 2587 1507 re
2617 1454 2946 1505 conventum
2986 1441 3076 1495 isti
3113 1451 3274 1507 agere
3292 1448 3402 1487 non

1840 1555 2215 1613 reformident.
2256 1547 2365 1602 Nos
2389 1547 2569 1614 itaque
2598 1540 2839 1596 omnium
2874 1531 3105 1595 minimi,
3148 1526 3237 1597 qui
3267 1539 3405 1594 prce-

1843 1662 2046 1714 sentes,
2079 1647 2278 1717 quique
2325 1642 2617 1698 absentes;
2656 1631 2901 1697 utrisque
2953 1623 3099 1677 enim
3137 1618 3280 1672 idem
3323 1620 3408 1667 est

1845 1756 2045 1805 sermo,
2089 1747 2342 1805 tanquam
2375 1724 2647 1783 unanimis
2676 1722 2728 1776 in
2762 1732 2871 1772 uno
2900 1714 3198 1779 eodemque
3229 1705 3410 1760 divino

1848 1850 2010 1892 sensu
2038 1850 2054 1899 ;
2087 1839 2380 1885 consonam
2408 1819 2674 1873 universae
2690 1811 2790 1866 sub
2821 1806 2955 1862 c0310
2982 1800 3231 1857 Ecclesia:
3254 1796 3411 1850 [idem

1854 1935 2121 1986 tenentes,
2150 1919 2389 1974 divinam
2422 1906 2718 1965 Salvatoris
2756 1899 2924 1955 nostri
2946 1896 3070 1951 Jesu
3099 1887 3326 1950 Christi,
3362 1892 3416 1937 et

1855 2016 2206 2078 sanctissima:
2238 2006 2422 2063 Matris
2453 2004 2592 2072 ejus,
2616 2006 2672 2053 et
2702 1995 3072 2062 cujuscunque
3106 1988 3415 2038 sanctorum

1857 2111 2146 2180 imaginem
2174 2103 2381 2171 erigere
2408 2106 2465 2152 et
2496 2093 2722 2148 adorare
2752 2105 2765 2141 :
2793 2099 2897 2138 non
2925 2080 3098 2135 solum
3136 2090 3198 2127 ex
3230 2077 3417 2125 sancta

2676 2178 2683 2180 μ
3273 2158 3416 2180 mm.

1858 2158 2145 2180 ...._,--_-_-
2258 2158 2287 2171 υ

1857 2202 2075 2257 Nicaena
2111 2189 2347 2249 secunda
2380 2182 2606 2256 synodo,
2639 2178 2900 2236 alterave,
2942 2181 3061 2237 qua:
3117 2169 3242 2216 ante
3273 2158 3421 2211 illam

1861 2288 2198 2349 divinissime
2252 2278 2455 2339 docuit,
2489 2282 2742 2327 securum
2774 2272 2829 2317 et
2887 2268 3060 2313 tutum
3112 2266 3234 2306 esse
3278 2246 3421 2301 alllr-

1864 2394 2098 2441 mamus,
2154 2372 2247 2428 sed
2288 2368 2356 2423 ab
2402 2367 2633 2435 ipsumet
2679 2349 2965 2425 praesentia
2998 2340 3209 2397 Domini
3258 2335 3425 2390 nostri

1864 2491 1929 2530 ac
1967 2471 2083 2535 Dei,
2125 2476 2230 2521 tam
2278 2428 2481 2525 scripto
2530 2463 2691 2520 quam
2722 2444 2836 2499 sine
2857 2438 3059 2506 scripto
3106 2428 3312 2486 fundati
3343 2440 3428 2479 se-

1867 2581 1997 2623 cure
2040 2573 2201 2628 supra
2236 2552 2416 2608 sedent
2470 2545 2613 2599 illam
2639 2533 3005 2593 consistimus,
3046 2526 3111 2579 de
3142 2536 3247 2592 qua
3275 2517 3433 2573 Chri-

2875 2623 2883 2628 '
3123 2624 3131 2628 -
3309 2606 3399 2628 --ΔΖ

1869 2667 1986 2713 ειυε
2008 2606 2125 2706 ait:I
2148 2647 2227 2701 Tu.
2248 2661 2299 2697 es
2324 2642 2547 2695 Petrus:
2578 2640 2627 2685 et
2678 2641 2834 2695 super
2866 2623 2999 2674 hanc
3049 2624 3256 2685 petram
3298 2606 3431 2661 (vdi—

1871 2745 2037 2817 ﬁcabo
2058 2737 2348 2795 Ecclesium
2382 2742 2573 2789 meam,
2602 2730 2650 2775 et
2677 2727 2839 2790 porta:
2869 2708 3025 2782 inferi
3051 2721 3152 2760 non
3181 2698 3435 2773 prevale—

1874 2839 1997 2892 bunt
2027 2832 2272 2886 adversus
2296 2836 2413 2876 eam
2436 2818 2503 2868 ⁸⁹.

1949 2992 2207 3056 Quanam
2229 2978 2372 3033 enim
2406 2967 2629 3042 reperiri
2667 2961 2836 3035 possit
2864 2954 3056 3017 oratio,
3077 2949 3122 3006 si
3160 2945 3283 3017 quis
3317 2952 3440 2997 tan-

2858 3051 2870 3056 -
3211 3042 3396 3056 MA“.
3421 3032 3440 3056 ε,

2236 3072 2280 3125 is
2332 3032 2497 3121 robur
2545 3032 2968 3127 impugnandum
2998 3043 3099 3100 sibi
3133 3032 3445 3111 proponat?

1884 3174 2019 3228 Nam
2045 3170 2088 3224 si
2107 3160 2381 3222 communi
2407 3153 2650 3210 omnium
2668 3156 2938 3201 consensu
2962 3133 3221 3189 Dominus
3260 3134 3446 3181 noster

1886 3266 2048 3321 Jesus
2076 3257 2327 3313 Christus
2358 3250 2413 3303 in
2442 3248 2678 3301 humana
2695 3237 2865 3291 forma
2885 3240 2938 3285 et
2963 3231 3015 3282 in
3046 3222 3229 3294 specie
3263 3226 3447 3271 nostra

1889 3362 2040 3415 visus
2071 3361 2174 3415 est,
2223 3346 2581 3413 congruenter
2620 3328 2864 3402 profecto
2902 3311 3364 3377 circumscribitur
3395 3315 3451 3360 et

1898 3767 2251 3872 conserjvans.
2309 3796 2464 3865 Quod
2490 3792 2535 3848 si
2562 3802 2666 3843 non
2700 3775 3261 3839 circumscriberetur,
3297 3767 3459 3819 homo

1901 3920 2023 3962 esse
2066 3900 2361 3957 desineret,
2393 3903 2458 3944 ac
2508 3882 2679 3939 multo
2708 3873 2879 3945 magis
2926 3866 3211 3925 mediator,
3238 3853 3462 3913 sublatis

1904 4014 2011 4056 una
2076 4006 2199 4049 cum
2254 3968 2777 4043 circumscriptionis
2843 3958 3147 4032 privatione
3211 3946 3466 4004 omnibus

1905 4088 2146 4161 ejusdem
2174 4075 2379 4135 ordinis
2404 4060 2842 4142 proprietatibus.
2903 4048 3115 4105 Etenim
3145 4043 3189 4099 si
3231 4041 3465 4096 circum-

2855 4147 2871 4200 i
2931 4150 3149 4213 potest:
3184 4134 3270 4190 sin
3323 4128 3469 4197 tangi

1909 4231 2108 4347 potest,
2136 4265 2324 4333 utique
2371 4265 2428 4313 et
2449 4243 2771 4309 contrectari
2810 4258 2825 4296 :
2871 4236 3069 4308 quibus
3092 4243 3223 4285 sane
3255 4231 3472 4280 contra-

2802 4333 2813 4345 ·
2910 4327 3043 4347 ί-εμ
3096 4323 3212 4347 Lm-
3256 4311 3472 4347 ..νίκη-ε.

1948 4311 2108 4335 νουσιν,
2141 4311 2319 4333 ..ν-Ἰ--
2383 4311 2394 4313 -

1912 4311 2093 4424 dicere
2119 4358 2341 4414 stultum
2384 4353 2530 4403 esset
2555 4361 2568 4398 :
2603 4333 2850 4406 corporis
2901 4327 3047 4383 enim
3096 4323 3213 4376 haec
3256 4311 3476 4386 propria

3087 4412 3141 4424 “’-
3201 4407 3240 4424 Α
3268 4423 3271 4424 ν
3292 4421 3306 4424 Α
3320 4420 3362 4424 μ-
3378 4402 3475 4424 ,ΔΛ

1916 4402 2093 4424 υιυυιν
2119 4402 2335 4414 υυι--ν--η
2398 4402 2407 4403 κ
2702 4402 2717 4406 _

1916 4462 2045 4514 sunt
2075 4446 2220 4521 quod
2251 4442 2353 4499 sub
2400 4443 2602 4491 tactum
2630 4427 2974 4488 coloremque
3006 4412 3170 4468 cadit.
3199 4402 3479 4472 Quomodo

2804 4513 2817 4521 “
2926 4517 2934 4521 -
3090 4500 3249 4521 .‘L9I!_
3269 4498 3292 4521 ο
3326 4491 3478 4521 ΛηΛιΙ

1850 4551 1895 4606 D
1917 4491 2031 4605 :ton
2075 4491 2598 4598 circumscriptitius
2641 4513 2857 4588 quando
2887 4517 2943 4564 et
2981 4498 3292 4577 passibilis?
3326 4491 3478 4560 Quod

1924 4584 2031 4605 μυ..
2088 4584 2345 4596 -..-___--
2410 4584 2423 4598 _
2660 4584 2675 4588 _

1924 4641 1968 4696 si
1990 4619 2498 4693 circumscriptitius
2519 4621 2574 4667 et
2600 4604 2889 4680 passibilis,
2918 4596 3139 4653 omnino
3175 4590 3333 4644 etiam
3354 4584 3483 4637 ado—

1926 4676 1968 4696 ο.
1990 4676 2331 4693 ...κων----τ
2604 4676 2619 4680 _

1926 4726 2149 4786 randus,
2180 4714 2475 4774 secundum
2520 4717 2638 4760 eam
2676 4696 2932 4753 nimirum
2987 4688 3213 4742 formam
3241 4693 3344 4748 qua
3375 4676 3484 4729 cir-

1928 4776 2312 4879 cumscribitur
2344 4822 2357 4860 :
2393 4816 2515 4858 cum
2546 4787 2813 4868 prototypi
2867 4780 3055 4855 gloria,
3092 4776 3233 4830 sicut
3262 4779 3490 4837 magnus

1930 4858 2303 4879 w.........-.-___
2348 4858 2354 4860 _
2548 4858 2563 4868 _
2731 4858 2740 4860 ἡ

1930 4909 2159 4969 Basilius
2187 4904 2365 4963 docet,
2390 4895 2444 4949 in
2474 4879 2842 4945 similitudinis
2879 4866 3226 4941 expressione
3268 4858 3490 4914 minime

1937 4960 2210 5063 dividatur
2233 5014 2245 5049 :
2282 4960 2456 5047 honor
2483 4978 2747 5051 siquidem
2787 4964 3036 5037 imaginis
3058 4960 3124 5015 ad
3151 4962 3493 5059 prototypum

1942 5094 2158 5158 transit,
2185 5091 2523 5159 quascunque
2552 5048 2701 5127 haud
2748 5061 2911 5120 dubie
2941 5058 3028 5111 illa
3057 5052 3147 5115 sit,
3191 5048 3305 5102 sive
3335 5050 3496 5096 natu-

1943 5192 2092 5253 ralis,
2127 5186 2243 5240 sive
2283 5185 2397 5232 arte
2428 5171 2603 5225 facta:
2650 5149 3087 5232 quandoquidem
3133 5152 3187 5197 et
3234 5141 3289 5192 in
3334 5148 3497 5188 vene-

2734 5250 2763 5253 ”
2942 5243 2954 5253 '
3149 5233 3307 5253 ιΑμ--ι
3363 5227 3497 5253 οη...

1944 5227 2129 5340 πηιᾱέ
2154 5270 2329 5330 crucis
2363 5278 2488 5335 typo
2517 5227 2911 5312 iderdeffatum
2942 5243 3120 5296 locum
3149 5233 3330 5287 habet.
3363 5227 3500 5282 Cum

2952 5334 2963 5340 ‘
3066 5330 3078 5340 ‘
3124 5326 3155 5340 “
3276 5337 3320 5340 α-
3366 5317 3464 5340 ΑΔ.-

1947 5317 2129 5340 Ιαιιυω
2156 5317 2327 5330 ιιι-σν.-
2367 5317 2437 5335 -.1.

1947 5374 2058 5449 typi
2085 5368 2231 5425 enim
2260 5344 2575 5416 adoratione
2620 5342 2892 5399 vivificum
2922 5330 3080 5388 simul
3124 5326 3326 5395 lignum
3364 5317 3501 5371 ado-

2473 5444 2483 5449 ‘
2734 5448 2743 5449 κ
2807 5443 2856 5449 Α-
2920 5421 3124 5449 -..1.1..ι.ι
3192 5411 3348 5449 cinnnl
3391 5404 3501 5449 Inlli

1949 5404 1997 5432 ι’
2043 5404 2058 5427 ι
2085 5404 2231 5425 CII-u-
2260 5404 2517 5416 uu--..--_

1947 5404 2135 5521 ratur:
2173 5456 2314 5509 sicut
2349 5456 2398 5501 et
2434 5444 2553 5497 vice
2598 5448 2777 5496 versa,
2801 5443 2863 5483 ea
2919 5421 3150 5478 sublata.
3192 5411 3351 5468 simul
3391 5404 3505 5461 tolli

1947 5567 2172 5613 necesse
2205 5556 2308 5602 est.
2358 5538 2546 5593 Nonne
2602 5527 2711 5600 typi
2762 5516 3053 5578 confessio,
3112 5504 3382 5564 confessio
3424 5503 3510 5550 est

1950 5592 2172 5613 ..πνουν
2207 5592 2307 5602 νυ--
2360 5592 2373 5593 κ
2624 5592 2671 5600 __

1950 5644 2175 5700 \‘ivilicaa
2213 5628 2440 5691 crucis?
2491 5622 2789 5686 eodemque
2856 5606 3016 5665 modo
3070 5596 3304 5672 negatio,
3356 5592 3508 5662 juxta
