4158 6486
705 406 844 470 1119

1889 409 1946 465 S-
1980 407 2372 467 THEODORI
2411 409 2759 467 STUDITJ‘Z

3807 407 3932 472 1120

696 519 1072 577 conversionis
1126 519 1552 574 similitudinem.
1598 516 1698 570 Par
1731 519 1891 586 igitur
1927 521 2170 588 analogia
2210 519 2262 570 in

2373 519 2604 587 ματικῆς
2643 518 3026 582 sixth-332w;
3062 518 3360 586 πειθούσης
3378 520 3470 573 καὶ
3509 518 3600 572 τὸν
3634 519 3777 586 ἄγαν
3811 521 3939 588 dpu-

698 613 928 681 imagine
972 606 1175 664 Christi
1207 621 1262 662 ct
1306 609 1522 662 Christo
1547 610 1663 677 ipso
1710 610 1972 664 sumenda
2009 620 2091 663 est
2117 609 2262 663 omni

698 713 842 757 recte
873 702 1237 755 ratiocinanti.
1276 699 1381 752 Sed
1413 700 1653 752 nondum
1680 711 1764 752 est
1801 707 2016 768 tempus
2047 700 2267 769 dogma-

700 797 818 847 ticae
865 792 1298 861 explanationis,
1335 807 1454 860 quae
1526 791 1608 844 vcl
1681 792 1924 844 obscurae
1976 792 2264 843 admodum

699 883 900 936 mentis
941 881 1146 934 homini
1203 880 1359 934 facile
1417 881 1740 949 persuadeat
1789 881 2035 933 attollere
2079 881 2268 932 oculos

697 982 752 1025 ct
779 973 1057 1040 suspicere
1088 972 1150 1024 ad
1195 972 1542 1040 Splendorem
1603 971 1865 1024 veritatis.
1904 971 2028 1024 Haec
2060 981 2265 1032 nostra,

698 1063 820 1115 licet
847 1073 1160 1131 peccatores
1183 1063 1374 1124 simus,
1405 1063 1536 1116 ﬁdes
1549 1072 1656 1125 est;
1687 1063 1803 1115 haec
1831 1062 2113 1115 humilium
2139 1076 2268 1129 apo-

698 1157 884 1209 stolica
938 1157 1210 1210 confessio
1233 1167 1415 1210 nostra
1447 1175 1458 1210 :
1496 1159 1610 1212 haec
1649 1158 1995 1210 minimorum
2040 1173 2069 1210 a
2098 1155 2270 1210 Patri-

697 1245 800 1298 bus
828 1247 1019 1299 tradita
1052 1247 1239 1316 religio
1274 1258 1480 1301 nostra.
1510 1247 1712 1303 Praeter
1743 1249 1903 1312 hanc,
1948 1264 2055 1301 non
2093 1249 2266 1303 solum

697 1338 742 1391 si
778 1339 899 1406 quis
927 1348 1021 1392 aut
1066 1339 1108 1392 si
1141 1355 1244 1408 qua
1291 1356 1354 1393 ex
1387 1341 1470 1393 his
1498 1341 1589 1410 qui
1639 1355 1785 1394 nunc
1841 1349 1969 1394 sunt
2015 1340 2100 1392 vel
2139 1339 2268 1392 olitn

696 1428 939 1489 fuerunt.
970 1430 1065 1484 sed
1121 1447 1299 1499 neque
1334 1434 1376 1486 si
1420 1431 1636 1494 Petrus,
1700 1442 1751 1484 et
1788 1429 1984 1484 Paulus
2019 1430 2271 1498 (dicimus

695 1521 840 1573 enim
873 1536 992 1588 qua:
1022 1521 1241 1575 evenire
1275 1532 1549 1591 nequeunt
1583 1521 1738 1589 quasi
1767 1520 1986 1573 evenire
2013 1520 2267 1588 possint),

697 1628 872 1682 neque
903 1613 946 1666 si
975 1629 1039 1666 ex
1062 1615 1212 1668 caelis
1243 1615 1374 1682 ipsis
1395 1615 1575 1669 veniat
1598 1614 1866 1683 quispiam
1891 1613 2036 1666 aliud
2067 1612 2270 1666 docens

695 1713 753 1757 et
811 1705 1216 1775 evangelizans,
1252 1706 1399 1758 illum
1437 1705 1492 1758 in
1531 1705 1969 1759 communionem
2028 1705 2270 1772 recipere

692 1813 1000 1866 possumus,
1041 1808 1099 1852 ut
1148 1799 1240 1868 qui
1281 1814 1467 1852 sanam
1502 1799 1624 1852 ﬁdei
1657 1799 1960 1852 doctrinam
2007 1814 2118 1851 non
2181 1813 2270 1851 se-

2365 612 2587 680 ὃρόνονν
2658 612 2946 664 ἀνανεύειν
2998 611 3244 674 εὐπετῶς
3300 611 3435 680 πρὸς
3477 611 3574 674 τὰς
3611 612 3792 679 αὐγὰς
3846 612 3936 679 τῆς

2365 705 2642 774 ἀληθείας.
2673 704 2817 774 Λῦτη
2843 708 2874 773 η
2900 705 3228 772 εὐαγγελικὴ
3251 703 3408 772 ἡμῶν
3435 703 3616 765 πίστις
3633 703 3743 755 τῶν
3762 704 3937 770 ἁμαρο

2364 796 2548 847 τωλῶν
2572 813 2584 825 ’
2614 796 2751 864 αῦτη
2783 798 2814 863 ἡ
2851 795 3186 864 ἀποστολικὴ
3214 795 3370 864 ἡμῶν
3419 793 3681 863 ὁμολογία
3713 793 3824 844 τῶν
3851 793 3938 844 εὖ·

2365 887 2565 938 τελῶν·
2604 889 2652 939 εί
2683 887 2729 937 δ’
2750 883 2868 948 οὖν,
2893 889 2925 955 ἡ
2970 886 3453 956 πατροπαράδοτος
3485 885 3641 955 ἡμῶν
3673 884 3940 954 θρησκεία

2365 977 2474 1030 τῶν
2524 977 2840 1045 ἐλαχίστων.
2906 978 3062 1048 Παρὰ
3097 977 3323 1045 ταύτην,
3367 977 3465 1044 οὐχ
3517 978 3600 1029 ὅτι
3643 977 3672 1026 6
3707 977 3794 1038 τίς
3827 975 3939 1042 δεῆ

2365 1067 2446 1128 τίς
2469 1068 2525 1120 δε
2554 1067 2662 1120 τῶν
2687 1066 2780 1119 νῦν
2812 1067 2844 1136 ἦ
2879 1068 2987 1119 τῶν
3019 1069 3212 1131 πάλαι,
3245 1067 3360 1120 ἀλλ’
3394 1067 3505 1120 οὐδ’
3535 1068 3583 1119 εί
3618 1067 3826 1135 Πέτρος
3856 1067 3945 1118 καὶ

2369 1156 2578 1220 Παῦλος
2599 1173 2612 1187 ·
2646 1159 2874 1226 εἴπομεν
2904 1158 3014 1227 γὰρ
3037 1159 3328 1210 ἀνένδεκτα
3359 1157 3434 1220 ὡς
3458 1157 3808 1226 ἐνδεχόμεναο
3839 1156 3943 1208 οὖδ⁹

2370 1249 2435 1300 ἂν
2475 1247 2533 1311 ἐξ
2582 1247 2766 1299 αὐτῶν
2827 1248 2938 1316 ἥκῃ
2988 1246 3097 1298 τῶν
3157 1245 3404 1315 οὐρανῶν
3450 1245 3797 1313 δογματίζων
3857 1244 3947 1295 καὶ

2369 1340 2886 1409 εῦαγγελιζόμενοςσ
2915 1340 3204 1411 δυνάμεθα
3262 1340 3427 1393 αὑτὸν
3481 1339 3734 1392 κοινωνὸν
3783 1352 3950 1406 xpos-

2370 1429 2628 1499 ήκασθαι,
2646 1432 2719 1494 ὼς
2736 1432 2810 1501 μὴ
2831 1431 3149 1500 στοιχοῦντα
3168 1435 3234 1502 τῇ
3255 1430 3575 1500 ὑγιαινούσῃ
3592 1431 3689 1499 τῆς
3713 1430 3951 1489 πίστεως

2368 1520 2707 1589 διδασκαλία.
2743 1522 2852 1574 Καὶ
2887 1505 3024 1590 πρὸς
3054 1520 3228 1574 ταῦτα
3250 1522 3348 1574 ὅτι
3378 1521 3442 1573 ἂν
3473 1519 3604 1590 δοκῇ
3631 1523 3697 1589 τῇ
3730 1517 3950 1585 ἐξουσία

2371 1612 2546 1680 ὑμῶν,
2588 1613 2780 1682 ἑτοίμη
2841 1613 2874 1684 ὴ
2925 1613 3254 1676 ταπείνωσις
3303 1612 3462 1682 ἡμῶν
3519 1612 3678 1682 μέχρι
3717 1611 3951 1664 θανάτου

2371 1704 2693 1773 ὑποστῆναι,
2718 1705 2750 1774 ἦ
2782 1705 3039 1775 ἐξάρνους
3065 1707 3214 1774 ἡμᾶς
3242 1703 3498 1771 γενέσθαι
3537 1703 3638 1772 τῆς
3692 1700 3952 1767 τοιαύτης

2371 1797 2530 1865 ἡμῶν
2552 1796 2880 1864 εἰλικρινοῦς
2908 1797 3220 1865 ὁμολογίας.

691 1899 910 1957 quatur.
938 1890 1162 1942 Denium
1191 1890 1453 1959 quidquid
1473 1890 1602 1944 libet
1641 1891 1894 1959 potestati
1930 1899 2142 1953 vestrae,
2177 1896 2362 1957 parata
2421 1897 2505 1942 est
2548 1887 2824 1941 humilitas
2891 1897 3077 1942 nostra
3116 1900 3287 1958 usque
3321 1886 3388 1942 ad
3427 1897 3655 1942 mortem
3709 1883 3922 1954 perpeti

692 1984 890 2054 potius,
942 1999 1104 2052 quam
1137 1993 1196 2037 ut
1229 1993 1517 2053 negatores
1547 1985 1717 2037 simus
1784 1982 2010 2036 sincera:
2044 1982 2272 2051 hujusce
2299 1989 2498 2035 nostrae
2531 1979 2916 2034 confessionis.

951 2098 1021 2152 ll.
1045 2130 1113 2139 --
1136 2099 1482 2153 Monasticam
1523 2102 1684 2153 vitam
1715 2102 2007 2171 agentibus.

2852 2096 2928 2148 B'.
2965 2121 3038 2134 —
3089 2092 3483 2154 Μονάζουσιν.
3515 2092 3668 2166 [σθ’]

1061 2214 1136 2264 De
1163 2214 1454 2277 quibusdam
1477 2212 1758 2277 prmpositis
1788 2212 1873 2275 qui
1902 2215 1949 2261 in
1972 2225 2116 2261 causa
2136 2209 2401 2272 imaginum
2429 2210 2690 2272 segniores
2712 2208 2925 2258 fuerant.
2957 2208 3158 2266 (Baron.
3180 2221 3259 2257 an.
3279 2207 3334 2255 81
3346 2208 3391 2267 ι,
3410 2221 3458 2256 n.
3484 2208 3590 2267 2i.)

763 2321 820 2374 In
854 2323 957 2377 hoc
985 2322 1244 2390 temporis
1277 2322 1524 2384 articulo,
1558 2335 1682 2374 cum
1731 2317 2172 2389 persecutionem
2211 2314 2262 2365 in
2301 2317 2338 2371 Β

694 2413 926 2483 imagine
954 2428 1048 2466 sua
1076 2412 1326 2465 Christus
1352 2413 1554 2481 patitur
1589 2429 1600 2463 :
1633 2425 1742 2464 non
1773 2410 1950 2464 solum
1975 2409 2066 2477 qui
2095 2405 2266 2477 digni-

695 2514 801 2559 tate
849 2514 902 2557 et
934 2504 1157 2557 scientia
1204 2504 1483 2573 praecellit,
1524 2510 1733 2557 certare
1796 2501 1841 2555 is
1891 2501 2076 2564 debet,
2107 2509 2268 2553 recta:

696 2596 818 2649 ﬁdei
870 2596 1171 2650 deelrinam
1210 2595 1494 2664 proferens
1527 2603 1582 2649 et
1633 2594 1845 2649 caeteris
1881 2594 2140 2655 tradens;
2173 2590 2268 2644 sed

695 2697 752 2740 et
775 2686 1072 2754 discipulus
1103 2702 1319 2755 quoque
1347 2687 1460 2755 ipse
1491 2686 1738 2739 ﬁduciam
1772 2699 2010 2747 sumere,
2043 2691 2098 2736 et
2130 2681 2270 2735 veri-

701 2783 861 2827 tatem
891 2775 1155 2842 intrepida
1186 2789 1249 2826 ac
1301 2774 1468 2826 libera
1507 2789 1636 2827 voce
1684 2773 1944 2841 proﬁteri.
1989 2769 2106 2824 Non
2149 2784 2270 2822 mea

698 2876 829 2918 sunt
851 2864 965 2919 haec
990 2867 1172 2926 verba,
1206 2864 1296 2934 qui
1327 2873 1578 2934 peccator
1608 2882 1746 2928 sum,
1783 2865 1875 2919 sed
1898 2863 2064 2918 divini
2099 2863 2270 2932 Chry-

697 2957 946 3020 sostomi,
979 2957 1225 3026 quinimo
1257 2966 1312 3011 et
1366 2957 1591 3011 aliorum
1654 2959 1895 3011 Patrum.
1955 2956 2112 3023 Quod
2143 2971 2272 3011 vero

702 3048 912 3101 Domini
945 3049 1215 3118 praepositi
1241 3049 1307 3103 ab
1338 3049 1662 3118 imperatore
1689 3050 1892 3103 detenti
1927 3050 2028 3103 hoc
2051 3050 2272 3103 minime

699 3140 1092 3208 prmstitcrunt,
1133 3142 1380 3210 quamvis
1435 3142 1713 3211 dignitatis
1742 3142 1910 3210 gradu
1943 3152 1998 3196 et
2026 3142 2271 3196 doctrina

701 3230 958 3285 omnibus
983 3231 1147 3299 hujus
1177 3248 1286 3286 ora:
1316 3233 1619 3302 praepositis
1652 3235 1928 3288 anteirent
1953 3251 1966 3299 ;
1998 3244 2053 3289 at
2082 3245 2269 3288 contra

701 3321 885 3390 potius
911 3324 1313 3384 conticuerunt,
1351 3341 1528 3394 neque
1568 3326 1618 3380 id
1660 3327 1855 3392 solum,
1885 3327 2029 3395 quod
2063 3345 2118 3381 re
2156 3329 2270 3395 ipsa

702 3430 864 3486 grave
895 3424 1016 3469 est:
1072 3417 1164 3470 sed
1203 3417 1562 3488 chirographo
1609 3421 1772 3474 etiam
1818 3437 1941 3485 suo,
1985 3437 2044 3476 se
2093 3437 2272 3491 neque

700 3520 1088 3576 congressuros
1161 3518 1368 3572 mutuo,
1424 3524 1601 3578 neque
1663 3511 1920 3565 docturos
1981 3513 2271 3568 conﬁrma-

702 3606 831 3651 runt
856 3615 868 3650 :
907 3596 958 3651 id
986 3614 1113 3652 vero
1137 3606 1217 3652 est
1245 3600 1472 3667 prodere
1504 3602 1876 3670 veritatem,et
1898 3606 2269 3675 praefecturam

704 3689 994 3758 ahnegare,
1039 3699 1093 3743 et
1127 3690 1371 3746 subditos
1403 3693 1509 3747 sibi
1558 3705 1720 3764 atque
1759 3697 1897 3751 adeo
1944 3682 2179 3766 :eqdales
2219 3707 2272 3752 et

703 3781 884 3834 socios
937 3781 1276 3836 subvertere.
1333 3785 1574 3852 Apostoli
1630 3787 1795 3850 enim,
1839 3802 2018 3841 cuma
2069 3787 2273 3843 Judmis

705 3869 1086 3924 denuntiatum
1146 3871 1252 3925 illis
1287 3884 1451 3936 esset,
1511 3891 1580 3928 ne
1630 3876 1887 3931 docerent
1941 3879 1993 3931 in
2053 3882 2274 3934 nomine

704 3958 931 4024 Christi,
967 3961 1049 4014 his
1085 3963 1263 4016 verbis
1313 3965 1755 4033 responderunt:
1800 3967 2064 4035 Judicate,
2109 3971 2272 4039 siju-

702 4063 842 4104 stum
869 4063 944 4105 est
999 4054 1051 4105 in
1086 4065 1360 4122 conspectu
1393 4055 1487 4110 Dei
1532 4073 1617 4110 vos
1663 4061 1837 4125 potius
1873 4063 2060 4114 audire
2113 4079 2274 4131 quam

706 4143 875 4196 Deum
915 4146 1240 4200 nostrum”.
1279 4145 1341 4200 Et
1365 4163 1594 4203 rursus:
1647 4150 1870 4205 Obedire
1915 4163 2121 4220 oportet
2168 4155 2274 4208 Deo

706 4235 874 4303 magis
901 4251 1060 4303 quam
1087 4237 1381 4290 hominibus
1409 4240 1474 4293 ".
1508 4238 1632 4295 Haec
1651 4249 1705 4296 et.
1733 4243 1925 4297 similia
1951 4246 2070 4300 illos
2093 4247 2276 4302 dicere

705 4327 1012 4392 oportebat,
1044 4335 1102 4380 ut
1149 4342 1246 4396 per
1287 4342 1382 4382 eos
1428 4330 1822 4399 glorilicaretur
1865 4334 2008 4393 Deus
2061 4348 2114 4394 et
2146 4341 2278 4395 aedi-

707 4414 934 4467 licarent
979 4416 1312 4471 orthodoxos
1356 4434 1370 4471 :
1412 4428 1470 4472 ut
1501 4425 1832 4479 monasteria
1863 4427 2274 4495 conﬁrmarent,

708 4512 766 4556 et
812 4504 1188 4560 confortarent
1241 4522 1337 4561 eos
1363 4510 1454 4577 qui
1506 4510 1559 4563 in
1606 4513 1810 4568 exsiliis
1842 4517 2137 4583 patiuntur.
2172 4520 2277 4574 Sed

707 4593 864 4662 quid,
897 4595 1038 4663 quod
1077 4596 1249 4664 pluris
1277 4597 1506 4655 facimus
1531 4606 1859 4660 monasteria
1883 4624 2044 4677 quam
2070 4609 2236 4665 Deum
2261 4629 2275 4676 ;

708 4693 766 4740 ct
792 4685 960 4755 pluris
995 4689 1278 4744 commoda
1309 4707 1428 4760 qua:
1467 4693 1593 4750 inde
1625 4698 1890 4766 capimus,
1931 4717 2091 4771 quam
2136 4707 2278 4760 mala

703 4794 829 4846 qua:
862 4779 989 4834 boni
1035 4797 1196 4837 causa
1248 4785 1628 4843 sustinemus?
1666 4790 1895 4847 Ubinam
1954 4805 2039 4850 est
2093 4797 2223 4852 illud
2260 4816 2273 4852 :

711 4868 983 4938 Loquebar
1014 4872 1067 4924 in
1089 4884 1360 4943 conspectu
1383 4893 1586 4949 regum,
1633 4891 1679 4934 et
1699 4899 1799 4936 non
1829 4888 2183 4956 confundebar
2209 4891 2276 4946 ".

2451 2312 2539 2364 Ἐν
2569 2310 2646 2380 τῷ
2681 2310 2861 2380 καιρῷ
2894 2312 3092 2380 τούτῳ.
3119 2312 3177 2362 ἐν
3199 2302 3244 2376 ᾧ
3271 2311 3298 2362 ὁ
3323 2309 3556 2376 Χριστὸς
3576 2308 3836 2362 διώκεται
3867 2309 3955 2361 διὰ

2373 2402 2473 2473 τῆς
2501 2403 2708 2464 εἰκόνος
2743 2402 2910 2456 αὐτοῦ
2938 2417 2951 2430 °
2985 2403 3046 2454 οὐ
3078 2401 3236 2471 μόνον
3260 2403 3309 2453 εἰ
3339 2401 3530 2472 βαομῷ
3569 2417 3652 2464 τις
3680 2403 3777 2464 καὶ
3809 2402 3953 2469 γνῶ-

2377 2510 2459 2546 σει
2506 2494 2752 2562 προέχων
2800 2492 2972 2556 ἐστιν,
3016 2492 3223 2560 ὀφείλει
3282 2491 3723 2558 διαγωνίζεσθαι,
3777 2493 3955 2545 λαλῶν

2377 2587 2468 2639 καὶ
2504 2585 2769 2639 διδάσκων
2793 2587 2885 2636 τὸν
2942 2585 3042 2654 τῆς
3091 2584 3420 2655 ὀρθοδοξίας
3449 2583 3608 2652 λόγον
3635 2600 3649 2614 ο
3682 2586 3823 2638 ἀλλὰ
3846 2586 3954 2654 γάρ

2376 2678 2470 2730 καὶ
2502 2679 2550 2730 εἰ
2586 2678 2828 2747 μαθητοῦ
2850 2679 3003 2744 τάξιν
3031 2679 3242 2747 ἐπέχων
3274 2678 3380 2747 εἴη,
3429 2681 3692 2747 χρεωστεῖ
3732 2681 3957 2749 παρρηυ

2379 2767 2779 2840 σιάζεσθαιτὴν
2811 2770 3089 2839 ἀλήθειαν,
3145 2769 3240 2822 καὶ
3293 2767 3793 2840 ἐλευθεροστομεῖν.
3838 2770 3956 2822 Οὐκ

2380 2861 2508 2930 ἐμὸς
2537 2864 2564 2914 ὁ
2593 2862 2747 2929 λόγος
2773 2863 2865 2915 τοῦ
2895 2859 3243 2930 άμαρτωλοῦ,
3271 2860 3408 2914 ἀλλὰ
3433 2860 3527 2914 τοῦ
3565 2861 3710 2914 θείου
3737 2862 3781 2913 Χ
3790 2877 3953 2932 ρυσοι

2381 2953 2582 3023 στόμου
2615 2971 2628 2985 ο
2665 2957 2755 3006 ἐπὶ
2788 2957 2877 3006 καὶ
2903 2953 3076 3007 ἄλλων
3103 2953 3390 3024 Πατέρων.
3409 2955 3486 3008 Τὸ
3509 2955 3565 3007 δὲ
3581 2955 3706 3016 τοῦς
3729 2954 3956 3024 κυρίους

2378 3045 2502 3105 τοὺς
2525 3044 2864 3112 ἡγουμένους
2887 3043 3274 3113 κρατηθέντας
3303 3045 3408 3096 ὑπὸ
3432 3043 3528 3096 τοῦ
3555 3043 3847 3113 βασιλέως,
3881 3043 3958 3113 μὴ

2377 3136 2447 3188 τὰ
2475 3135 2845 3206 προειρημένα
2870 3135 3074 3208 πράξαι
3098 3151 3111 3166 ⁸
3146 3138 3348 3207 καίπερ
3379 3137 3539 3198 ὄντας
3567 3136 3659 3188 καὶ
3682 3135 3740 3188 ὲν
3760 3135 3975 3206 βαθμῷ“

2380 3229 2471 3281 καὶ
2503 3227 2701 3295 γνώσει
2747 3227 2898 3299 παρὰ
2927 3231 3134 3294 πάντας
3181 3231 3310 3293 τοὺς
3359 3228 3804 3299 καθηγουμένους
3856 3233 3958 3298 τῆς

2379 3324 2482 3391 γῆς
2507 3321 2739 3391 ταύτης·
2768 3323 3076 3376 τούναντίον
3109 3323 3166 3376 δὲ.
3198 3322 3400 3392 μᾶλλον
3430 3325 3723 3394 σιωπῆσαι.
3752 3322 3865 3376 Καὶ
3894 3323 3955 3374 οὐ

2378 3413 2537 3466 τοῦτο
2565 3415 2747 3483 μόνον,
2775 3415 2979 3485 καίπερ
3005 3416 3063 3468 δν
3090 3414 3290 3468 δεινόν’
3324 3413 3463 3468 ἀλλὰ
3519 3416 3614 3468 καὶ
3659 3414 3957 3484 χειρόγρα-

2381 3522 2481 3571 φον
2508 3506 2755 3576 ποιῆσαι,
2795 3507 2933 3578 μήτε
2979 3507 3059 3570 είς
3113 3505 3379 3577 ἀλλήλους
3405 3505 3783 3576 συνέρχεσθαι,
3814 3508 3957 3575 μήτε

2380 3595 2652 3649 διδάσκειν
2675 3613 2687 3625 ·
2734 3595 2893 3649 τοῦτό
2949 3598 3065 3649 ἐστι
3101 3596 3365 3667 προδοσία
3398 3595 3497 3665 τῆς
3527 3595 3805 3666 ἀληθείας,
3862 3597 3959 3649 καὶ

2300 3670 2342 3728 C
2375 3684 2602 3756 ἄρνησις
2659 3686 2760 3755 τῆς
2797 3685 3155 3756 προστασίας,
3212 3685 3326 3740 καὶ’
3351 3684 3646 3746 κατάλυσις
3675 3684 3786 3736 τῶν
3823 3685 3960 3738 ὐπο-

2374 3775 2670 3839 τακτικῶν,
2708 3775 2828 3828 ἐπεὶ
2881 3776 2977 3828 καὶ
3023 3776 3133 3829 τῶν
3191 3775 3503 3846 ὁμοταγῶν.
3557 3777 3621 3830 Oi
3667 3777 3957 3830 ἀπόστολοι

2377 3867 2853 3938 παραγγελθέντες
2909 3868 3013 3922 ὑπὸ
3057 3867 3169 3921 τῶν
3238 3868 3508 3922 Ἰουδαίων
3547 3868 3624 3939 μὴ
3682 3867 3958 3922 διδάσκειν

2377 3962 2468 4012 ἐπὶ
2493 3959 2570 4030 τῷ
2601 3960 2828 4030 ὀνόματι
2857 3959 2952 4013 τοῦ
2983 3959 3246 4031 Χριστοῦ,
3303 3960 3429 4015 τάδε
3486 3962 3652 4030 φασίν
3675 3977 3690 3993 ·
3754 3961 3955 4030 ’Υμεῖς

2377 4054 2638 4120 κρίνατε,
2689 4055 2738 4107 ει
2790 4052 3024 4106 δίκαιόν
3050 4053 3225 4106 ἐστιν
3274 4052 3444 4123 ὑμῶν
3487 4053 3753 4117 ἀκούειν,
3781 4054 3820 4123 ἢ
3852 4054 3957 4108 τοῦ

2379 4145 2527 4199 Θεοῦ
2550 4143 2736 4212 ἡμῶν.
2764 4145 2874 4198 Καὶ
2905 4144 3067 4199 πάλιν
3092 4160 3107 4175 ’
3142 4145 3492 4214 Πειθαρχεῖν
3523 4145 3619 4199 δεῖ
3657 4144 3780 4211 Θεῷ
3800 4143 3955 4215 μᾶλ-

2377 4242 2494 4291 λον
2549 4237 2587 4306 ἣ
2624 4237 2978 4306 ἀνθρώποις.
3036 4236 3274 4291 Τοιαῦτα
3325 4239 3422 4293 καὶ
3469 4239 3744 4310 παρόμοια
3792 4240 3956 4308 ἐχρῆν

2380 4328 2608 4397 λαλῆσαι
2644 4330 2866 4403 αὐτοῖς·
2891 4329 2980 4383 (va
3008 4329 3269 4401 ἐδοξάσθη
3295 4332 3324 4384 ὀ
3361 4330 3492 4394 Θεδς
3521 4331 3588 4384 δι’
3623 4330 3804 4384 αὐτῶν
3824 4345 3838 4359 ·
3871 4329 3958 4382 ἴνα

2379 4419 2729 4489 ᾠκοδόμησαν
2749 4421 2873 4482 τοὺς
2895 4419 3210 4488 ὀρθοδάξους
3231 4435 3246 4450 °
3277 4421 3366 4475 ῐνα
3397 4421 3694 4491 ιστήριξαν
3717 4421 3786 4474 τά
3819 4436 3952 4490 μον·

2380 4513 2650 4580 αστήρια·
2730 4512 2816 4566 ’ίνα
2874 4512 3295 4582 ἑνεδυνάμωσαν
3357 4514 3485 4576 τοὺς
3544 4513 3851 4582 πάσχοντας
3900 4514 3958 4566 ἑν

2378 4602 2638 4672 ὲξορίαις.
2683 4603 2844 4656 Ἀλλά
2863 4602 2915 4655 τί
2944 4604 3026 4657 ὅτι
3053 4604 3450 4676 προτιμώμεθα
3480 4605 3680 4675 μᾶλλον
3719 4605 3858 4659 Θεοῦ
3891 4609 3957 4660 τὰ

2383 4698 2722 4768 μοναστήρια
2741 4714 2754 4729 ·
2785 4698 2878 4750 καὶ
2906 4697 3006 4767 τῆς
3039 4698 3178 4768 ὑπὲρ
3199 4697 3296 4752 τοῦ
3326 4697 3535 4766 ἀγαθοῦ
3577 4699 3955 4763 κακοπαθείας

2378 4792 2478 4863 τὴν
2514 4790 2765 4844 ἐντεῦθεν
2797 4791 3135 4856 εὐπάθειανς
3169 4789 3281 4844 Ποῦ
3331 4792 3449 4844 ἐστι
3489 4791 3554 4843 τό
3580 4807 3596 4822 ο
3657 4791 3956 4845 Ἑλάλουν

2379 4884 2661 4939 ἐναντίον
2706 4884 3036 4950 βασιλέων,
3092 4884 3190 4939 καὶ
3253 4885 3364 4938 οὐκ
3415 4882 3820 4952 ᾐσχυνόμην;
3847 4883 3952 4937 Ποῦ

710 4957 776 5011 Et
811 4960 982 5016 illud:
1019 4962 1147 5018 Ecce
1185 4965 1330 5020 labia
1361 4985 1476 5023 mea
1529 4987 1630 5024 non
1669 4977 1980 5040 prohibebo:
2030 4979 2272 5047 Domine,

2381 4979 2495 5031 ἐστι
2520 4977 2602 5040 τὸ,
2620 4974 2778 5028 Ἰδοὺ
2806 4976 2876 5028 τὰ
2904 4976 3078 5045 χειλη
3095 4992 3218 5044 μου
3233 4976 3306 5030 οὐ
3321 4973 3408 5044 μὴ
3435 4975 3691 5029 κωλύσω
3718 4991 3731 5004 ·
3755 4977 3951 5043 Κύριε,

711 5061 767 5104 ιιι
788 5053 933 5107 scisti
962 5055 1024 5108 ”.
1060 5056 1160 5111 Ubi
1195 5059 1362 5128 gloria
1396 5073 1452 5116 et
1493 5062 1754 5120 fortitudo
1802 5068 2011 5125 ordinis
2062 5077 2233 5128 nostri
2262 5077 2272 5128 ἲ

2379 5068 2462 5123 σὺ
2489 5069 2697 5136 ἔγνως.
2741 5068 2851 5120 Ποῦ
2897 5070 3013 5120 ἐστι
3061 5068 3122 5120 τὸ
3153 5065 3306 5130 κλέος
3331 5068 3426 5120 καὶ
3457 5067 3489 5137 ἡ
3525 5066 3678 5135 ἰσχὺς
3718 5066 3813 5119 τοῦ
3835 5067 3951 5119 καθ’

709 5144 953 5209 Quonam
977 5156 1133 5216 pacto
1161 5149 1302 5205 beati
1334 5152 1504 5209 Sabas
1543 5167 1598 5210 et
1637 5157 1992 5226 Theodosius,
2029 5179 2152 5221 cum
2179 5169 2272 5222 im-

2379 5157 2526 5227 ἡμᾶς
2555 5159 2868 5228 τάγματος;
2904 5157 3026 5221 Πῶς
3054 5157 3235 5220 Σάϐας
3288 5159 3383 5210 καὶ
3437 5145 3724 5219 Θεοδόσιος
3751 5159 3800 5209 οἱ
3845 5174 3948 5226 μα-

710 5235 853 5304 piam
885 5235 1134 5291 hazresim
1168 5248 1297 5295 tunc
1339 5247 1599 5312 temporis
1638 5247 1933 5316 imperator
1961 5253 2280 5312 Anastasius

709 5324 1154 5393 amplecteretur,
1205 5329 1622 5387 insurrexerunt
1657 5352 1754 5406 pro
1796 5337 1899 5393 ﬁde
1943 5343 2142 5398 acriter
2179 5362 2280 5414 pu-

708 5421 976 5480 gnantes:
1012 5421 1124 5468 tum
1164 5432 1259 5471 eos
1295 5420 1386 5486 qui
1432 5437 1716 5492 perperam
1751 5427 1807 5480 in
1857 5429 2097 5486 Ecclesia
2139 5450 2276 5489 seno

710 5501 917 5556 tiehant
992 5511 1536 5575 excommunicando,
1600 5527 1711 5569 tum
1764 5519 1829 5572 ad
1896 5521 2274 5591 imperatorem

709 5592 886 5661 ipsum
915 5597 1223 5664 scribendo,
1257 5618 1313 5656 se
1346 5615 1572 5659 mortem
1605 5609 1781 5675 potius
1813 5624 2066 5680 oppetere
2117 5632 2274 5685 para-

710 5690 792 5736 tos
821 5699 979 5752 quam
1014 5697 1071 5741 ttt
1098 5689 1165 5743 de
1205 5696 1517 5750 constitutis
1547 5697 1744 5766 aliquid
1783 5703 2175 5758 immutarem?
2214 5706 2274 5759 Et

2378 5250 2587 5319 κάριοιο
2642 5249 2705 5303 τὸ
2766 5248 3072 5318 τηνικαῦτα
3117 5249 3473 5304 Ἀναστασίου
3530 5247 3626 5302 τοῦ
3687 5249 3950 5318 βασιλέως

2375 5340 2660 5394 δυσσεὸεἰν
2696 5341 2990 5411 ἑλομένουο
3055 5341 3414 5410 διανέστησαν
3468 5339 3687 5411 θερμῶς
3737 5357 3949 5411 προμα-

2381 5431 2605 5503 χοῦντες
2636 5432 2733 5501 τῆς
2761 5430 2995 5494 πίστεως
3021 5449 3034 5462 ο
3067 5432 3225 5485 τοῦτο
3269 5432 3390 5502 μὲν,
3427 5429 3544 5501 μεθ’
3576 5423 3653 5483 ὧν
3680 5429 3948 5500 ἀνεθεμά-

2384 5539 2540 5576 τισαν
2585 5525 2709 5586 τοὺς
2753 5523 3079 5587 κακοδοξους
3118 5525 3176 5576 ἐν
3208 5526 3274 5595 τῇ
3310 5522 3643 5594 Ἐκκλησίαν
3681 5522 3841 5576 τοῦτο
3871 5523 3946 5587 δὲ,

2385 5617 2440 5667 ἐν
2474 5607 2554 5677 οἷς
2587 5613 2901 5667 ἐπέστειλαν
2943 5613 3020 5685 τῷ
3055 5615 3298 5684 βασιλεῖ’
3327 5613 3822 5685 διαμαρτυράμενοι
3852 5613 3946 5667 θά-

2382 5721 2538 5756 νατον
2573 5704 2810 5768 ἑλέσθαι,
2850 5705 2960 5773 ἡτι
3012 5706 3370 5778 μετακινῆσαι
3403 5705 3507 5761 τῶν
3548 5703 3943 5774 καθεστώτωνς

787 5798 832 5830 θ’
860 5798 976 5854 Act.
1018 5819 1088 5867 ιδ’,
1129 5804 1209 5859 i9.
1287 5808 1326 5840 θ’
1363 5810 1479 5866 Act.
1512 5831 1560 5880 v,
1595 5815 1680 5869 :29.
1757 5818 1799 5848 θ’
1824 5814 1941 5872 Psal
1991 5821 2279 5884 cxvnt,46.
2358 5821 2399 5851 ”
2425 5819 2565 5875 Psal.
2599 5838 2779 5887 xxxix,
2817 5823 2897 5875 l0.
