4158 6498
201 434 326 497 1121

1391 443 1931 504 EPiSTDLARUM
1957 445 2104 502 LIB.
2149 447 2231 503 II.

3313 448 3446 508 1122

189 551 303 603 Καὶ
325 552 603 617 λέγουσιν,
641 553 715 614 ὣς
733 569 918 620 φασιν,
950 556 1000 606 οἱ
1031 555 1209 625 κύριοι
1225 557 1547 626 ἡγούμενοι·
1577 558 1768 622 Ἡμεῖς
1798 603 1801 612 .

1881 554 2084 618 dicunt,
2116 565 2176 608 ut
2198 557 2338 609 fama
2365 565 2470 620 est,
2502 556 2714 608 Domini
2740 555 3050 624 pmpositi:
3095 554 3329 620 Quinam
3353 570 3448 608 su—

189 641 335 705 τίνες
376 641 579 710 ἐσμέν;
607 643 822 712 πρῶτον
852 646 1190 714 Χριστιανοὶ,
1219 647 1268 699 οἵ
1305 647 1588 714 ὀφείλουσι
1624 647 1766 699 πάν-

191 751 300 796 τως
323 733 450 802 ἄρτι
475 732 652 786 λαλεῖν
669 749 682 764 ·
706 734 897 788 ἔπειτα
923 737 1270 807 μονάζοντες,
1296 740 1344 790 οἱ
1366 738 1502 808 μηδὲ
1525 739 1584 790 τὸ
1608 737 1770 807 τυχὸν

194 824 684 894 ὑφαρπαζόμενοιο
710 826 784 890 ὼς
812 828 988 883 ἄδετοι
1007 829 1086 900 τῷ
1101 830 1294 901 κόσμῳ
1322 832 1415 884 καὶ
1443 830 1765 902 ἁκράτητου

193 915 393 968 ἔπειτα
432 918 755 987 ἡγούμενοι,
793 921 844 972 οἱ
869 921 962 973 καὶ
1014 923 1083 974 τὰ
1116 921 1224 974 τῶν
1259 922 1438 976 ἄλλων
1484 922 1768 990 προσκόμ-

200 1024 348 1077 ματα
385 1010 776 1074 ἐκϐάλλοντεςο
810 1013 905 1065 καὶ
932 1014 990 1065 ὲν
1037 1013 1226 1083 μηδενὶ
1287 1013 1607 1083 προσκοπήν
1631 1013 1771 1066 διδό-

197 1116 284 1153 ναι
319 1103 724 1169 χρεωστοῦντες
743 1121 758 1135 ο
776 1105 899 1157 Ἵνα
914 1103 1022 1173 μὴ,
1053 1108 1205 1174 φησι,
1233 1104 1483 1174 μωμηθῇ
1510 1107 1548 1172 ἡ
1572 1106 1770 1158 διακο-

197 1193 319 1245 νία.
359 1194 492 1248 Οῖαν
523 1196 579 1249 δὲ
626 1196 942 1267 προσκοπὴν
992 1197 1087 1252 καὶ
1136 1197 1415 1266 μώμτισιν,
1465 1199 1668 1267 μᾶλλον
1712 1198 1771 1252 δὲ

199 1287 640 1353 συγκατάσασιν,
668 1287 757 1340 διὰ
777 1287 870 1341 τοῦ
901 1289 1187 1360 ίδιοχείρου
1219 1289 1399 1343 αὐτῶν
1430 1290 1690 1359 διέδωκαν,
1715 1289 1770 1343 τί

197 1378 306 1449 χρὴ
335 1380 431 1433 καὶ
454 1379 661 1448 λέγειν;
693 1379 757 1433 ΕΞ
774 1379 883 1449 γάρ
911 1380 1090 1450 σιωπὴ
1111 1381 1275 1452 μέρος
1295 1381 1770 1448 συγκαταθέσεως·

196 1471 260 1522 τὸ
294 1473 389 1526 καὶ
415 1473 708 1542 ἐγγράφως
741 1474 912 1545 αὐτὴν
940 1474 1189 1546 κυρῶσαι
1236 1476 1328 1528 ἐπὶ
1355 1475 1454 1546 τῆς
1486 1475 1615 1547 ὅλης
1648 1476 1774 1530 Ἐκ-

200 1563 461 1635 κλησίας,
490 1565 655 1620 πόσον
672 1563 733 1619 τὸ
759 1566 1034 1637 χαλεπόνς

273 1743 386 1798 Καὶ
435 1743 642 1812 λέγετε,
690 1743 771 1797 ὄτι
804 1745 1064 1816 κρυπτῶς
1105 1748 1406 1820 ίερουργῶν
1459 1750 1774 1822 Νικηφόρον

201 1833 270 1907 μ’.
301 1833 637 1906 Νικηφόρος]
675 1837 936 1908 ἀναφέρει
980 1837 1041 1891 τὸ
1082 1839 1258 1910 λάθρα
1283 1853 1296 1868 '
1343 1842 1437 1894 καὶ
1486 1842 1683 1905 πάντες
1724 1842 1774 1895 οἱ

201 1928 534 1997 πατρίκιοι,
593 1928 680 1980 ἴνα
729 1929 855 1991 τοὺς
912 1929 1106 1993 ἄλλους
1151 1931 1319 1996 ἐάσω,
1379 1931 1772 2003 δρθοδοξοῦσιν.

213 2017 377 2072 Ἀλλά
419 2015 470 2070 τί
497 2016 643 2086 λέγει
670 2020 697 2072 ό
727 2020 994 2090 Χριστός·
1032 2021 1106 2075 El
1155 2038 1246 2087 τις
1297 2023 1656 2092 ὁμολογήσει
1706 2024 1777 2078 ἐν

198 2107 332 2178 ἐμοὶ
357 2111 695 2179 ἔμπροσθεν
719 2109 836 2164 τῶν
859 2112 1205 2179 ἀνθρώπων,
1239 2114 1594 2184 ὁμολογήσω
1617 2115 1777 2186 κάγὼ

202 2195 394 2248 αὐτὸν
426 2197 766 2264 ἔμπροσθεν
795 2198 901 2253 τοῦ
939 2202 1166 2268 Πατρός
1199 2220 1319 2271 μου
1363 2205 1472 2258 τοῦ
1507 2205 1577 2258 ἐν
1604 2207 1777 2274 οιίοα-

200 2285 354 2352 νοῖς.
390 2286 600 2360 Ὠσπερ
649 2289 742 2342 καὶ
794 2290 855 2343 τὸ
905 2291 1144 2343 ἐναντίον
1192 2293 1284 2346 ἐπὶ
1332 2295 1430 2364 τῆς
1463 2297 1772 2368 ἀρνήσεως·

202 2377 307 2432 κᾶν
335 2380 496 2448 μόνον
525 2381 586 2433 τὸ
623 2381 698 2453 μὴ
729 2381 1082 2452 συνέρχεσθαι
1119 2385 1198 2448 είς
1226 2386 1490 2457 ἀλλήλους
1515 2389 1776 2461 ἐποίησαν

201 2468 261 2521 τὸ
290 2471 678 2541 χειρόγραφον,
712 2473 772 2525 τὸ
799 2473 930 2525 αὐτό
963 2475 1098 2528 ἐστι.
1143 2478 1264 2538 Πῶς
1299 2479 1405 2548 γὰρ
1451 2478 1777 2547 φυλάξουσιν

199 2561 228 2613 ὸ
256 2578 422 2630 φησιν
449 2563 478 2614 ό
511 2564 771 2632 Χριστός·
819 2565 930 2618 Τὸν
955 2567 1285 2636 ἐρχόμενον
1303 2570 1452 2636 πρός
1469 2587 1564 2639 με,
1591 2574 1665 2625 οὐ
1688 2571 1774 2640 μὴ

198 2652 434 2706 ἐκϐάλω
456 2654 605 2718 ἕξω;
639 2656 900 2726 Ἐρχεταί
938 2677 1017 2721 τις
1050 2660 1325 2730 διερωτῶν
1356 2663 1451 2714 καὶ
1473 2661 1651 2732 ζητῶν
1675 2681 1778 2733 μα-

201 2745 316 2797 θεῖν
362 2745 460 2817 τὴν
505 2745 764 2816 ἀλήθειαν
784 2767 799 2782 ·
832 2751 940 2804 είτε
973 2752 1294 2822 ἡγούμενος,
1327 2755 1434 2806 εἴτε
1463 2772 1547 2818 τις
1577 2756 1734 2818 ἄλλος
1760 2773 1774 2788 ο

201 2838 252 2888 τί
285 2837 717 2909 ἀποκριθήσεται
750 2841 778 2892 ὁ
807 2840 1144 2912 ήγούμενος;
1174 2843 1426 2912 Δηλονότι
1447 2863 1461 2875 ο
1496 2863 1778 2915 παραγγε-

201 2929 322 2982 λίαν
362 2930 554 2983 ἔλαϐον
608 2932 680 3002 μὴ
739 2933 954 2986 λαλεῖν·
1016 2934 1128 2987 εἴθε
1183 2936 1325 2990 οὕτω
1382 2938 1573 3002 μόνονί
1619 2939 1778 2992 Ἀλλὰ

205 3020 342 3089 μηδὲ
369 3021 707 3088 είσδέξασθαί
739 3041 798 3076 σε
829 3025 908 3087 είς
943 3025 1003 3077 τὸ
1031 3029 1392 3097 μοναστήριον
1421 3030 1516 3082 καὶ
1560 3031 1776 3084 συναλι-

203 3113 425 3182 σθῆναι.
477 3113 532 3166 Ὀ
567 3116 808 3189 Χριστὸς,
833 3117 979 3184 λέγει
1001 3134 1014 3147 °
1056 3118 1203 3183 δέξαι
1237 3124 1329 3173 καὶ
1361 3121 1599 3187 δίδαξον⁸
1638 3126 1780 3179 Ἐὰν

1872 661 1993 699 mus
2013 646 2424 701 nos?Primum
2482 648 2798 709 Christiani,
2879 647 2972 716 qui
3026 662 3175 701 nunc
3229 661 3451 715 prorsus

1872 737 2015 807 loqui
2041 738 2350 796 debebant:
2388 739 2584 794 deinde
2625 739 2902 802 monachi,
2932 754 3070 808 quos
3107 754 3166 792 re
3191 738 3338 791 nulla
3361 737 3452 790 ab-

1872 828 1996 882 duci
2046 844 2147 883 nec
2183 829 2356 899 abripi
2403 846 2503 900 par
2532 831 2621 892 sil,
2679 841 2934 901 tanquam
2973 830 3178 884 mundo
3225 829 3452 882 minime

1872 917 2123 972 astrictos
2153 918 2483 987 minimeque
2507 919 2774 974 obnoxios
2804 939 2816 972 :
2857 918 3094 987 denique
3143 918 3444 987 praepositi,

1872 1007 1964 1075 qui
2003 1017 2057 1062 et
2105 1009 2333 1065 aliorum
2365 1009 2617 1063 scandala
2674 1009 2883 1070 tollere,
2912 1018 2969 1064 et
3033 1010 3088 1063 in
3138 1010 3288 1063 nullo
3317 1010 3452 1064 dare

1872 1097 2260 1152 offendiculqu
2292 1098 2510 1160 debent,
2566 1115 2629 1150 ne
2659 1099 3006 1165 vituperetur,
3041 1099 3238 1168 inquit,
3289 1100 3450 1152 mini-

1872 1192 2089 1244 sterium
2147 1201 2383 1244 nostrum
2406 1191 2473 1246 ".
2516 1191 2829 1260 Cujusmodi
2863 1207 2996 1247 vero
3054 1192 3369 1246 scandalum
3399 1201 3454 1246 et

1872 1283 2351 1353 vituperationem,
2402 1299 2496 1339 seu
2534 1285 2714 1353 potius
2770 1285 3227 1349 condescensum,
3261 1284 3452 1338 chiro-

1874 1371 2080 1440 grapho
2118 1386 2218 1425 suo
2239 1372 2589 1441 praebuerint,
2624 1373 2753 1442 quid
2791 1373 2986 1429 attinet
3015 1374 3201 1443 loqui?
3238 1372 3371 1429 Nam
3406 1373 3452 1428 si

1873 1464 2165 1517 consensui
2194 1480 2292 1533 par
2317 1472 2401 1519 est
2431 1465 2706 1521 silentium
2738 1484 2752 1520 :
2807 1465 2958 1520 illum
3013 1467 3194 1537 ipsum
3248 1467 3454 1537 scripto

1875 1555 1931 1610 in
1993 1557 2160 1612 totius
2213 1557 2469 1613 Ecclesiae
2532 1557 2704 1613 oculis
2757 1557 2998 1625 ﬁrmare,
3053 1569 3319 1629 quantum
3372 1568 3456 1614 est

1875 1648 2030 1704 nefas
2057 1649 2081 1702 ἲ

1947 1742 2016 1797 At
2046 1743 2279 1806 occulte,
2311 1743 2521 1807 dicitis,
2567 1743 2882 1799 sacriﬁcans
2925 1743 3268 1813 Nicephorus
3318 1741 3455 1796 clam

1877 1835 2057 1900 oﬁ‘ert,
2089 1845 2143 1890 et
2183 1835 2398 1905 patricii
2428 1851 2648 1899 omnes,
2685 1848 2744 1890 ut
2766 1846 3000 1891 caeteros
3032 1835 3302 1901 omittam,
3330 1845 3458 1891 sunt

1875 1928 2188 1982 orthodoxi.
2223 1925 2425 1981 Verum
2457 1928 2583 1998 quid
2615 1929 2688 1982 ait
2719 1926 3011 1982 Christus?
3039 1926 3096 1981 Si
3127 1927 3242 1996 quis
3295 1928 3456 1996 conﬁ-

1875 2019 2066 2072 tebitur
2104 2036 2186 2072 me
2224 2035 2402 2072 coram
2429 2020 2743 2082 hominibus,
2805 2018 3083 2086 conﬁtebor
3125 2028 3172 2071 et
3216 2035 3308 2088 ego
3337 2034 3456 2072 eum

1874 2125 2051 2163 coram
2081 2109 2242 2163 Patre
2272 2127 2385 2164 meo
2414 2111 2505 2180 qui
2539 2111 2593 2163 in
2622 2109 2762 2164 caelis
2793 2117 2868 2163 est
2896 2109 2961 2161 ".
2997 2107 3062 2162 Et
3096 2123 3125 2162 c
3154 2117 3343 2162 contra
3388 2108 3457 2161 de

1873 2201 2182 2272 negatione.
2216 2201 2534 2273 Quanquam
2555 2202 2704 2256 enim
2728 2201 2832 2256 hoc
2858 2201 3035 2255 solum
3096 2198 3458 2270 chirographo

1874 2309 1974 2348 suo
1995 2295 2136 2364 pacti
2175 2294 2304 2356 sint.
2343 2311 2400 2349 se
2439 2305 2628 2349 mutuo
2681 2309 2791 2348 non
2836 2307 3275 2364 congressuros:
3312 2291 3457 2345 idem

1875 2385 2038 2455 plane
2089 2393 2196 2440 est.
2246 2385 2532 2451 Quomodo
2587 2386 2732 2439 enim
2791 2384 3162 2440 observabunt
3200 2383 3343 2452 quod
3382 2384 3460 2437 ait

1874 2477 2155 2531 Christus:
2181 2476 2319 2531 Eum
2347 2479 2436 2548 qui
2459 2479 2598 2530 venit
2633 2478 2703 2530 ad
2728 2493 2808 2530 me
2832 2492 2934 2530 non
2959 2476 3169 2544 ejiciam
3199 2477 3342 2544 [oras
3370 2475 3457 2527 ’Ὗ

1877 2570 2068 2625 Veniat
2121 2571 2388 2640 quispiam
2449 2578 2800 2640 percontans,
2841 2579 2896 2622 et
2945 2568 3156 2622 discere
3227 2566 3458 2635 cupiens

1875 2665 2179 2727 veritatem,
2213 2679 2307 2717 seu
2343 2663 2668 2733 pratpositus
2715 2661 2804 2715 ille
2845 2661 2935 2721 sit.
2972 2675 3068 2715 seu
3103 2658 3227 2728 quis
3276 2657 3416 2712 alius
3443 2697 3455 2710 .

1875 2759 2004 2827 quid
2056 2758 2407 2826 respondebit
2452 2755 2820 2826 praepositus?
2880 2754 3195 2808 Mandatum
3236 2766 3455 2820 nempe,

1877 2850 2038 2911 dicet,
2064 2850 2250 2918 accepi
2298 2865 2368 2903 ne
2423 2850 2636 2917 loquar.
2673 2846 2849 2915 Atque
2886 2846 3096 2900 utinam
3133 2845 3184 2898 id
3227 2843 3400 2898 solum
3440 2843 3454 2894 i

1878 2947 1974 3001 sed
2000 2946 2057 3000 ut
2081 2959 2183 2998 nec
2212 2951 2264 2996 te
2299 2938 2631 2994 monasterio
2663 2937 2783 3005 ipso
2815 2936 3104 3006 excipiam,
3136 2949 3240 2988 nec
3276 2943 3456 2987 tecum

1879 3057 2086 3098 vescar.
2114 3037 2366 3092 Christus
2395 3033 2546 3096 dicit,
2606 3029 2820 3098 suscipe
2857 3037 2912 3083 et
2971 3029 3104 3083 doce
3146 3045 3160 3080 :
3219 3024 3368 3090 Quod
3413 3024 3459 3076 si

1878 3131 2196 3189 subtraxerit
2224 3145 2298 3194 se;
2356 3126 2570 3194 inquit,
2608 3139 2711 3175 non
2759 3121 2982 3192 placebit
3008 3121 3200 3173 anima:
3233 3133 3361 3171 mew
3389 3117 3456 3169 ³⁷.

201 3207 317 3275 γὰρ
350 3209 707 3276 ὐποστείλῃ,
756 3211 943 3278 φησὶν,
977 3213 1088 3265 οὐκ
1121 3212 1361 3267 εὐδοκεῖ
1384 3216 1420 3281 ἡ
1452 3218 1622 3286 ψυχή
1659 3238 1778 3288 μου

1884 3228 1950 3281 Αι
1976 3226 2030 3280 hi
2055 3223 2256 3290 scripto
2306 3218 2467 3272 ﬁdem
2514 3214 2951 3274 obstrinxerunt,
2998 3219 3058 3263 ut
3105 3207 3454 3278 imperatoris

203 3298 274 3350 ἐν
301 3297 484 3362 αὐτῷ.
535 3299 857 3369 Ἐγγράφως
891 3301 984 3354 οὖν
1014 3303 1296 3374 ἐποίησαν,
1341 3306 1427 3359 ἵνα
1458 3308 1534 3376 τῷ
1566 3309 1780 3378 βασιλεῖ

207 3389 580 3460 πειθαρχῶσιν
603 3391 936 3456 ἀπεναντίας
962 3395 1055 3447 τοῦ
1085 3397 1599 3466 Χριστοῦ.Τοσαῦτά
1620 3406 1777 3471 είσιν,

205 3475 251 3534 ὦ
279 3481 499 3549 ἀδελφοὶ
525 3484 617 3536 καὶ
654 3485 914 3556 Πατέρες,
949 3486 984 3539 ἂ
1014 3488 1408 3559 συνεπίσταμαι
1436 3493 1496 3557 ἐξ
1525 3494 1781 3564 ἀληθείας

209 3573 569 3641 πεποιηκέναι
621 3575 839 3638 αὐτούς.
903 3579 1009 3630 Καὶ
1068 3581 1256 3650 ἐπειδὴ
1296 3586 1653 3656 κατεκρίνατέ
1716 3607 1783 3659 με

208 3665 385 3756 εἰπεῖν
407 3667 466 3717 τὸ
491 3667 896 3736 παριστάμενόν
925 3686 1012 3738 μοι
1043 3686 1056 3700 ·
1095 3673 1391 3741 ἀνήγγειλα
1422 3677 1516 3729 ἐπὶ
1543 3681 1784 3756 μάρτυρι

1883 3319 2102 3373 decreto
2136 3320 2324 3367 contra
2351 3308 2626 3363 Christum
2657 3303 2962 3358 obcilirent.
3004 3301 3130 3354 Haec
3166 3306 3315 3364 sunt,
3348 3296 3461 3352 fra-

1884 3421 1994 3465 tres
2022 3423 2084 3462 ac
2114 3406 2320 3466 Patres,
2345 3417 2466 3473 quae
2488 3403 2553 3454 ab
2579 3399 2658 3454 eis
2691 3406 2838 3468 gesta
2888 3411 2986 3466 pro
3017 3403 3166 3449 certo
3195 3392 3458 3461 comperi.

1885 3501 2016 3567 Qua:
2038 3540 2052 3564 ,
2085 3497 2341 3567 quoniam
2375 3495 2558 3548 dicere
2590 3506 2675 3546 me
2706 3489 2850 3558 quod
2923 3487 3122 3541 scirem
3165 3481 3414 3538 voluistis
3444 3519 3461 3545 ,

1887 3609 2069 3647 coram
2099 3589 2212 3642 Deo
2256 3595 2393 3640 teste
2449 3583 2719 3647 uuntiavi,
2764 3594 3073 3636 sermonem
3119 3577 3283 3630 etiam
3324 3573 3463 3626 arri-

1889 3689 2047 3757 piens
2073 3693 2445 3750 tauquam.....

210 3754 352 3826 Θεῷ,
386 3756 565 3810 λαϐὼν
590 3760 683 3812 καὶ
708 3759 864 3827 λόγον
894 3759 970 3822 ὡς
1016 3760 1228 3832 [SuppL
1273 3782 1336 3819 ex
1372 3769 1492 3823 cod.
1526 3754 1801 3831 Vaticano.

1881 3754 1948 3843 ἑὲ),
1989 3777 2026 3832 f.
2056 3773 2150 3846 29]
2218 3769 2589 3841 φυλάσσεσθαι
2631 3767 2955 3838 μυστήριον,
3015 3763 3189 3830 φειδοῖ
3216 3760 3308 3814 τοῦ
3341 3775 3463 3812 πεμ

214 3850 426 3922 ρασμοῦ
452 3868 466 3882 ο
498 3852 685 3907 λοιπὸν
715 3855 872 3925 ὑμεῖς
902 3854 1165 3920 σώζοντες
1202 3857 1402 3925 σώζετε
1441 3865 1542 3928 τὰς
1580 3869 1787 3925 ἑαυτῶν
1820 3874 2026 3944 ψυχὰς,
2053 3869 2335 3940 εὐχόμενοι
2361 3866 2455 3918 καὶ
2483 3863 2625 3933 ὑπὲρ
2657 3860 2789 3931 ἐμοῦ
2819 3858 2913 3912 τοῦ
2949 3856 3228 3910 ταπεινοῦ.

719 3969 790 4024 Γ.
819 3999 887 4008 -
918 3971 1275 4042 Ἦγουμένῳ.

211 4084 287 4138 Δ⁹.
320 4113 389 4123 -
415 4085 810 4151 Θεοφυλάκτῳ
832 4089 1227 4158 Νικομηδείας
1251 4090 1584 4159 ἐπισκόπῳ.
1634 4097 1783 4174 [ρε⁹.]

2433 3978 2527 4032 111.
2563 3973 2854 4044 Prwposito
2877 3972 2948 4026 ".

2032 4098 2122 4155 IV.
2162 4128 2231 4139 —
2259 4093 2634 4164 Theophylacto
2684 4087 3006 4144 Nicomedia
3034 4086 3292 4156 episcopo.

1064 4203 1350 4267 Dogmatica
1371 4208 1434 4256 de
1457 4211 1638 4258 sanctis
1658 4213 1973 4275 imaginibus.
2011 4213 2212 4277 (Baron.
2243 4224 2322 4260 an.
2357 4206 2467 4263 816,
2501 4219 2550 4254 n.
2589 4202 2694 4264 56.)

286 4305 502 4359 Διετίαν
535 4306 653 4374 ἄγω
686 4308 968 4380 μεριμνῶν
993 4313 1083 4363 καὶ
1113 4311 1338 4380 κάμνων
1365 4317 1476 4377 τοῖς
1509 4315 1790 4385 λογισμοῖς

214 4400 296 4462 είς
321 4399 384 4452 τὸ
422 4397 722 4451 ἐπιστεῖλαί
752 4416 820 4467 με
852 4402 917 4471 τῇ
947 4402 1068 4472 ίερᾷ
1097 4419 1190 4454 σου
1222 4407 1434 4474 κορυφῇ
1460 4421 1474 4435 ·
1512 4407 1608 4460 καὶ
1641 4407 1792 4478 μόλις

220 4492 385 4563 μέχρι
419 4491 512 4544 τοῦ
556 4489 650 4545 νῦν
689 4491 1043 4561 έξεπλήρωσά
1075 4511 1177 4564 μου
1209 4497 1237 4547 ὁ
1265 4497 1519 4561 ταπεινὸς
1567 4498 1658 4552 τὸν
1696 4499 1794 4553 πό-

217 4586 331 4640 Οον.
401 4584 539 4636 Ἀλλ’
579 4580 707 4652 εὖγε
761 4585 842 4636 ὃτι
889 4583 1145 4654 ἀξιοῦμαι
1187 4586 1274 4639 διὰ
1318 4587 1410 4640 τοῦ
1465 4590 1793 4660 γράμματος

216 4677 573 4732 ἀσπάσασθαί
634 4693 692 4729 σε
742 4676 835 4730 τὸν
886 4675 1016 4746 ὲμδν
1053 4679 1289 4748 Πατέρα,
1337 4681 1428 4734 τὸν
1463 4681 1654 4735 στύλον
1691 4682 1794 4752 τῆς

1968 4321 2258 4377 Biennium
2301 4327 2386 4372 est
2436 4330 2557 4369 cum
2618 4312 2672 4366 in
2705 4311 2808 4364 hac
2870 4324 2999 4363 cura
3059 4317 3110 4362 et
3147 4307 3472 4378 cogitatione

1898 4431 2105 4480 versor,
2141 4422 2203 4466 ut
2233 4411 2465 4466 scribam
2519 4405 2587 4459 ad
2635 4418 2848 4458 sacrum
2881 4401 3141 4455 verticem
3192 4409 3377 4454 tuum:
3411 4415 3473 4453 ac

1899 4510 1990 4564 vix
2039 4522 2186 4561 nunc
2231 4503 2449 4559 tandem
2491 4499 2692 4568 impleo
2761 4493 3090 4550 desiderium
3155 4492 3473 4547 humilitatis

1899 4617 2054 4657 mea}.
2087 4599 2193 4653 Sed
2219 4605 2366 4652 recte
2396 4594 2540 4664 quod
2581 4591 2778 4661 dignus
2821 4587 3042 4651 habeor,
3074 4585 3165 4654 qui
3207 4599 3303 4653 per
3324 4583 3474 4637 litte-

1900 4707 1988 4746 ras
2014 4691 2242 4744 salutem
2274 4686 2486 4739 Patrem
2515 4696 2720 4743 meum,
2753 4679 3061 4734 columnam
3087 4675 3356 4740 veritatis,
3387 4689 3474 4726 re-

219 4770 499 4840 ἀληθείας,
547 4769 606 4822 τὸ
639 4769 920 4840 ἑδραίωμα
953 4770 1048 4838 τῆς
1077 4771 1406 4838 ὀρθοδοξίας,
1455 4773 1549 4828 τὸν
1575 4774 1792 4840 φύλακα

1896 4793 1995 4838 ctze
2027 4781 2148 4835 ﬁdei
2178 4777 2610 4834 fundamentum,
2633 4769 2913 4825 custodem
2954 4767 3189 4837 pietatis.
3219 4764 3473 4819 Ecclesiae

215 4867 319 4933 τῆς
375 4861 675 4927 εὐσεϐείας,
727 4862 786 4916 τὸ
840 4863 1118 4933 στήριγμα
1160 4863 1259 4931 τῆς
1322 4865 1668 4934 Ἐκκλησίας,
1703 4866 1794 4919 τὸν

219 4955 519 5025 νικηφόρον
575 4956 760 5025 ἄνδρα,
813 4955 904 5007 τὸν
957 4955 1329 5026 Χριστοφόρον
1378 4957 1661 5028 ἀρχιερέα,
1703 4959 1795 5010 τὸν

219 5045 514 5113 ὁμολογίας
561 5044 697 5098 Θεοῦ
737 5047 1008 5116 μάρτυρα.
1069 5047 1160 5117 Μὴ
1207 5047 1313 5116 γὰρ
1370 5048 1431 5100 οὐ
1491 5049 1794 5120 μαρτυρίου

223 5136 488 5203 στέςανός
523 5152 644 5198 σοι;
683 5137 763 5188 ὃτι
814 5137 901 5190 διὰ
951 5138 1183 5208 Χριστὸν
1225 5139 1520 5209 ἐξόριστος,
1548 5140 1792 5206 ἄποικος,

221 5226 494 5288 πολύτλας
516 5241 530 5256 ·
572 5226 665 5278 καὶ
697 5226 870 5280 ταῦτα
900 5228 956 5279 ὲν
979 5229 1172 5298 ἀπαλῷ
1204 5229 1280 5300 τῷ
1319 5229 1535 5296 σώματι
1577 5232 1700 5284 ὅσον
1733 5233 1796 5284 ὲκ

225 5317 442 5386 φύσεως
465 5333 478 5347 ⁸
536 5320 1042 5389 προτετρυχωμένῳ
1083 5322 1138 5374 δὲ
1169 5321 1229 5386 ἐξ
1258 5324 1564 5393 ἀσκητικῆς
1591 5319 1687 5377 οἷδ’
1715 5325 1797 5376 ὅτι

1898 4874 2322 4929 ﬁrmamentum,
2354 4865 2614 4919 victorem
2664 4860 2861 4924 virum,
2889 4856 3269 4913 Cbristil‘erum
3293 4856 3473 4925 ponti-

1899 4958 2074 5023 ﬁcem,
2128 4951 2486 5010 confessionis
2545 4947 2638 5002 Dei
2701 4954 3012 5015 martyrem.
3065 4947 3261 4998 Annon
3325 4943 3471 4997 enim

1897 5050 2140 5122 martyrii
2221 5060 2423 5103 corona
2496 5043 2590 5097 tibi
2651 5048 2855 5110 praesto
2925 5038 3056 5093 est?
3110 5037 3201 5106 qui
3250 5045 3474 5106 propter

1895 5145 2171 5199 Christum
2221 5139 2373 5195 exsul
2414 5147 2469 5191 et
2499 5131 2818 5204 peregrinus
2845 5145 3036 5200 graves
3063 5144 3336 5183 :erumnas
3376 5144 3472 5182 su-

1895 5235 2084 5298 stines,
2110 5231 2270 5300 idque
2318 5229 2373 5281 in
2402 5240 2630 5296 corpore
2670 5228 2788 5279 tum
2811 5232 3002 5277 natura
3054 5234 3149 5272 sua
3176 5217 3469 5279 imbecillo,

1895 5334 2010 5378 tum
2067 5321 2312 5393 pristinis
2360 5361 2374 5385 ,
2409 5328 2490 5373 sat
2542 5317 2655 5373 scio
2683 5358 2698 5383 ,
2731 5314 2977 5370 asceticee
3015 5311 3140 5364 vita:
3195 5307 3472 5362 laboribus

225 5409 569 5481 θεοδρομίας.
606 5410 770 5480 Αὐχεί
796 5413 853 5462 ὲν
885 5412 967 5464 σοὶ
999 5411 1106 5464 τῶν
1134 5414 1477 5483 όρθοφρόνων
1507 5415 1535 5466 ὀ
1562 5416 1739 5484 χορὸς,
1773 5417 1800 5467 ὁ

1889 5416 2091 5469 attrito.
2123 5411 2396 5467 Gloriatur
2429 5409 2480 5461 in
2522 5415 2574 5462 te
2598 5405 3026 5460 orthodoxorum
3066 5401 3290 5461 chorus,
3320 5397 3472 5450 beta.

226 5501 328 5570 τῆς
377 5501 743 5570 Νικομηδείας
789 5502 962 5572 χῶρος
997 5504 1194 5573 χαίρει,
1226 5506 1323 5556 καὶ
1354 5504 1558 5570 εὐδοξεῖ
1600 5507 1800 5574 προῖκα

1897 5516 1984 5560 tur
2014 5503 2489 5558 Nicomediensum
2512 5498 2726 5562 civitas,
2758 5506 2812 5550 et
2838 5492 3132 5563 triumphat
3171 5489 3318 5543 orbis
3359 5497 3472 5562 ter-

230 5591 666 5663 προὸαλλὸμενός
704 5610 763 5646 σε
796 5596 861 5663 τῇ
917 5594 1007 5646 ὐπ’
1039 5593 1265 5662 οὐρανόν
1300 5611 1314 5624 ·
1370 5594 1802 5664 ἀποσεισάμενος

1898 5609 2080 5646 rarum
2143 5601 2194 5644 te
2251 5596 2577 5652 ostentans;
2652 5592 2705 5639 et
2773 5592 2955 5638 vetera
3017 5579 3145 5634 olim
3189 5577 3472 5630 decantata

227 5685 298 5736 τά
322 5683 490 5736 παλαι
513 5683 884 5753 θρυλ).ο·3μενα
904 5689 965 5737 ἐκ
987 5686 1093 5737 τῶν
1119 5687 1296 5737 ἐκεῖσε
1325 5687 1800 5755 προεδρευσὰντων

1895 5684 2188 5756 praesulem
2230 5697 2452 5736 suorum
2505 5680 2698 5750 probra
2727 5676 3020 5747 depellens.
3059 5673 3136 5726 Ac
3181 5670 3223 5724 si
3258 5667 3475 5738 praprie

289 5839 683 5903 "llCor.v1,5.
792 5839 836 5870 "
873 5841 1059 5896 Matth.
1090 5861 1143 5904 χ,
1179 5845 1266 5899 3‘2.

236 5910 390 5977 isque
423 5913 662 5974 mutilus,
695 5918 844 5975 extat
896 5917 946 5968 in
999 5927 1130 5968 mss.

1380 5845 1423 5876 ’³
1449 5843 1606 5896 Joan.
1626 5858 1696 5906 γι,
1774 5843 1801 5895 5

1938 5843 1980 5873 ⁸⁷
2046 5839 2207 5893 Hebr.
2238 5837 2400 5903 x,38.
2479 5835 2522 5868 "
2551 5834 2784 5890 Tantum
2835 5831 3000 5902 huius
3050 5827 3212 5898 epist.
3260 5822 3471 5884 titulus,
