4158 6464
687 378 823 442 1123
1870 393 1930 451 S.
1972 394 2363 456 THEODORI
2396 400 2743 464 STUDITJS
3792 408 3932 469 1124

679 492 850 561 magis
874 490 1203 561 loquendum
1234 506 1339 560 est,
1368 498 1601 552 exsultat
1637 515 1816 554 amnio
1841 514 2061 555 sanctus
2091 504 2258 558 Tara-

2362 513 2557 581 ὀνείδη.
2604 516 2663 597 [ὶί
2731 515 2786 567 δέ
2835 532 2887 568 τι
2938 516 3263 586 οἰκειότερον
3312 516 3394 569 δεῖ
3447 517 3648 583 (ριιὶναι⁵
3693 514 3933 585 Onyx/3:;

676 584 811 645 sius,
853 601 915 638 ex
949 586 1099 639 caula
1142 603 1413 657 manuque
1437 606 1531 643 sua
1591 594 1739 660 prius
1773 610 1951 659 ovem,
1992 607 2101 649 tum
2155 615 2242 666 pa-

676 686 875 729 storem
933 677 1188 747 inclytum
1261 681 1451 734 videns
1511 684 1909 752 depugnanlem
1965 688 2146 749 modo,
2201 697 2255 741 et

675 765 972 820 discrimen
998 783 1159 822 onme
1190 781 1464 838 petentem
1502 788 1597 840 pro
1648 775 1749 827 lide
1780 778 2081 831 orthodoxa
2114 796 2123 829 :
2158 780 2250 846 qui

676 858 819 924 quod
877 856 927 908 in
959 874 1015 911 se
1060 870 1196 923 erat,
1230 876 1323 929 per
1353 865 1614 933 synodum
1648 866 1739 919 Dei
1801 869 1965 936 gratia
2028 872 2256 925 contulit

680 947 1015 1016 temporibus
1052 949 1333 1021 Augustae,
1383 971 1502 1023 quae
1542 959 1689 1025 pacis
1735 974 2035 1027 cognomen
2090 964 2256 1030 gessit

678 1046 734 1090 et
770 1053 955 1106 pacem
1007 1040 1175 1105 dedit,
1219 1042 1291 1095 ita
1359 1053 1417 1096 ut
1472 1062 1557 1099 res
1595 1047 1725 1115 ipsze
1762 1049 2075 1103 nominibus
2131 1062 2255 1118 apte

679 1140 1065 1197 congruerent.
1094 1130 1293 1185 Verum
1324 1133 1411 1186 illa
1444 1137 1661 1203 quidem
1714 1138 1792 1191 sic
1822 1138 2039 1193 fuerunt
2068 1158 2082 1193 :
2117 1158 2256 1210 pra:-

680 1221 854 1272 sentia
885 1236 1013 1273 vero
1052 1237 1237 1277 amara
1282 1232 1338 1277 et
1373 1226 1637 1280 luctuosa.
1686 1226 1786 1293 Qui
1846 1231 1991 1283 enim
2043 1232 2255 1285 aliter?

679 1310 940 1366 altaribus
982 1315 1377 1380 exterminatis,
1432 1321 1641 1374 eversis
1711 1324 1977 1387 ecclesiis,
2044 1341 2259 1379 sursum

680 1403 931 1457 deorsum
973 1408 1151 1460 omnia
1184 1410 1442 1463 miscente
1478 1412 1688 1473 haeresi,
1717 1424 1771 1466 et
1801 1415 2077 1470 Christum
2128 1433 2251 1471 cum

682 1507 852 1549 matre
888 1505 941 1551 et
974 1499 1145 1553 servis
1183 1500 1295 1555 suis
1341 1514 1721 1572 persequente.
1758 1509 1839 1559 An
1894 1524 2022 1562 vero
2065 1524 2255 1578 perse-

685 1589 961 1641 cutionem
1020 1592 1159 1658 passi
1198 1608 1304 1645 non
1358 1604 1527 1658 sunt,
1590 1596 1813 1665 deiectis
1870 1610 1924 1653 et
1984 1605 2263 1669 prostratis

681 1678 880 1730 sanctis
931 1677 1167 1746 ipsorum
1202 1680 1524 1752 imaginibus
1553 1684 1575 1737 ?
1628 1684 1767 1740 Num
1800 1704 1948 1755 ergo.
1985 1690 2029 1743 si
2063 1692 2259 1746 vivilici

684 1764 810 1835 ligni
846 1775 1001 1835 typus
1048 1770 1348 1834 abolentur,
1412 1774 1676 1829 sublatam
1714 1793 1745 1831 e
1800 1780 1979 1834 medio
2044 1797 2261 1837 crucem

682 1857 804 1923 quis
844 1860 1047 1928 neget?
1085 1862 1239 1926 Quod
1286 1864 1327 1917 si
1365 1863 1418 1916 in
1455 1874 1578 1935 typo
1616 1868 1721 1923 dici
1771 1868 1875 1924 hoc
1925 1872 2073 1927 nullo
2103 1875 2262 1927 modo
2288 1861 2335 1919 Β

684 1958 907 2016 potest,
956 1966 1053 2005 cur
1084 1968 1194 2007 non
1233 1955 1377 2009 idem
1412 1958 1572 2011 etiam
1614 1959 1667 2013 in
1695 1961 1929 2031 imagine
1984 1962 2263 2019 fatendum

684 2040 801 2093 sit?
836 2040 1104 2110 siquidem
1163 2054 1217 2099 et
1260 2056 1416 2117 typus
1456 2050 1571 2118 ipse
1632 2037 1811 2122 iniago
1878 2063 1981 2118 est,
2036 2070 2099 2110 ac
2148 2056 2267 2111 vice

688 2146 842 2185 versa
902 2137 1136 2191 recurrit
1188 2140 1380 2194 oratio.
1412 2141 1479 2195 At
1525 2132 1773 2211 quisnam
1801 2158 1900 2214 ego
1954 2162 2071 2200 smn
2104 2148 2268 2202 miser

683 2235 740 2279 et
788 2242 1067 2281 sacrorum
1130 2230 1439 2300 imperitus,
1479 2235 1568 2303 qui
1646 2234 1761 2289 haec
1819 2236 2001 2289 divino
2030 2236 2175 2291 Patri
2213 2247 2269 2292 et

683 2318 941 2384 magistro
1027 2320 1376 2375 edisseram?
1423 2323 1501 2376 Tu
1548 2324 1663 2393 ipse
1728 2341 1847 2389 nos,
1898 2329 2258 2394 sanctissime,

684 2408 1007 2476 perfectiora
1042 2412 1176 2466 doce
1199 2452 1212 2476 ,
1256 2424 1317 2467 ut
1357 2414 1553 2469 divinis
1587 2417 1825 2471 imbutus
1855 2437 1868 2472 :
1898 2428 1953 2471 tu
1984 2419 2142 2473 factis
2176 2421 2261 2474 in-

683 2509 833 2552 strue
868 2502 933 2555 ad
968 2502 1182 2557 fortiter
1213 2504 1491 2559 ferendam
1526 2519 1850 2575 pra-sentem
1902 2526 1997 2565 seu
2026 2513 2258 2580 castiga-

684 2588 910 2654 tionem,
948 2610 1044 2647 seu
1079 2595 1452 2663 probationem
1501 2616 1514 2651 :
1577 2614 1804 2667 quorum
1841 2601 1967 2654 illud
2027 2602 2177 2671 prius
2206 2605 2258 2656 in

684 2698 783 2736 nos
814 2685 1041 2752 quadrat
1076 2697 1298 2755 pr0pter
1356 2698 1577 2758 peccata
1613 2708 1625 2743 :
1662 2692 1934 2759 posterius
1968 2695 2098 2748 inte
2132 2710 2258 2764 pro-

684 2785 801 2843 pter
836 2776 1072 2829 divinam
1136 2779 1455 2833 charitatem
1502 2781 1736 2835 Christi:
1778 2799 1939 2852 quem
1994 2795 2050 2839 tu
2102 2802 2259 2843 orare

684 2882 750 2919 ne
773 2881 951 2922 cesses
980 2879 1037 2922 ut
1068 2868 1361 2938 impietatis
1407 2873 1652 2927 umbram
1699 2875 1977 2941 discutiat,
2022 2888 2072 2932 et
2116 2894 2262 2933 sere-

684 2972 755 3012 no
806 2960 1111 3029 tranquilla:
1163 2962 1285 3017 tidei
1335 2964 1573 3019 diluculo
1624 2968 1909 3025 celerrime
1966 2981 2257 3041 permutet.

1177 3080 1315 3134 V.—
1358 3083 1649 3141 Naucratio
1680 3087 1812 3156 ﬁlio.

2355 605 2627 675 Ταράσιος
2653 608 2680 658 ὁ
2717 610 2774 659 ἐν
2804 610 2999 677 ἁγίοις,
3034 612 3096 662 ἐκ
3124 610 3221 678 τῆς
3252 610 3415 662 αὐτοῦ
3448 610 3616 677 αὐλῆς
3637 610 3728 662 καὶ
3752 610 3934 679 χειῴς

2356 698 2624 766 πρόϐατον
2677 702 2826 767 πρὶν,
2886 700 3076 753 ἔπειτα
3124 703 3358 769 ποιμένα
3408 700 3733 771 περιϐόητον
3764 701 3933 770 ὁρῶν,

2354 790 2517 841 τανῦν
2552 790 2951 860 ἀγωνιζόμενον
2981 793 3073 845 καὶ
3113 791 3597 862 προκινδυνεύοντα
3656 792 3799 862 ὑπὲρ
3836 793 3932 861 6p-

2357 881 2597 946 θοδοξίας
2619 901 2633 915 ⁸
2732 886 3113 954 συνεισήνεγκε
3166 885 3234 936 τὰ
3266 886 3395 954 παρ’
3420 882 3612 935 ἑαυτοῦ
3639 885 3934 946 συνοδικῶς

2357 975 2539 1044 χάριτι
2573 975 2705 1026 Θεοῦ
2738 978 2793 1027 ἐν
2826 976 3061 1045 ἡμέραις
3093 975 3379 1038 Βασιλείας
3409 975 3787 1045 είρηνωνύμου
3839 976 3936 1028 καὶ

2359 1066 2741 1135 εἰρηνοδώρου·
2770 1066 2844 1126 ὡς
2870 1068 3191 1135 συνδραμεῖν
3214 1066 3549 1135 φερωνύμως
3568 1070 3679 1129 τοῖς
3702 1068 3936 1135 ὀνόμασι

2360 1156 2426 1207 τὰ
2456 1157 2779 1224 πράγματα.
2822 1156 2961 1209 Ἀλλ’
2998 1160 3181 1209 ἐκεῖνα
3218 1158 3315 1226 μὲν
3345 1156 3587 1209 τοιαῦτα.
3625 1157 3705 1209 Τὰ
3744 1157 3801 1209 δὲ
3839 1158 3937 1209 νῦν

2361 1247 2534 1315 πικρὰ
2566 1264 2622 1298 τε
2659 1247 2753 1300 καὶ
2782 1246 3047 1301 ἐπώδυνα.
3083 1249 3203 1310 Πῶς
3234 1248 3341 1318 γάρ
3378 1248 3470 1312 οὕς
3530 1248 3937 1320 θυσιαστηρὶων

2362 1338 2800 1405 ἀφανιζομένων,
2852 1337 3154 1405 ἐκκλησιῶν
3202 1338 3625 1409 πορθουμένων,
3684 1339 3798 1391 ἀνω
3826 1337 3939 1391 ’καὶ

2363 1431 2511 1481 κάτω
2540 1429 2793 1496 κυκώσης
2820 1430 2917 1497 τῆς
2941 1430 3225 1499 αἱρέσεως,
3252 1434 3344 1482 καὶ
3364 1430 3599 1501 Χριστὸν
3628 1430 3937 1499 διωκούσης

2363 1523 2460 1572 σὺν
2494 1521 2663 1590 μητρὶ
2692 1522 2784 1573 καὶ
2817 1521 3167 1589 θεράπουσιν.
3198 1522 3266 1573 ’Ἡ
3305 1522 3414 1591 γάρ
3446 1521 3540 1589 οὐχ
3571 1514 3717 1573 οὗτοι
3750 1522 3937 1574 δεδιω⁴

2361 1614 2574 1681 γμένοι,
2634 1614 2743 1665 τῶν
2797 1614 2967 1681 ἁγίων
3004 1613 3225 1666 εἰκόνων
3279 1614 3456 1666 αὐτῶν
3508 1612 3935 1682 πορθουμένων;

2363 1707 2425 1759 Εἰ
2468 1706 2540 1776 μὴ
2575 1708 2679 1781 ἄρα
2709 1706 2802 1758 καὶ
2848 1705 2940 1757 τοῦ
2972 1705 3143 1758 τύπου
3168 1704 3261 1758 τοῦ
3293 1704 3558 1769 ζωοποιοῦ
3599 1704 3758 1769 ξύλου
3785 1707 3935 1772 ἀφα-

2363 1794 2668 1862 νιζομένου,
2730 1795 2877 1862 λέγοι
2935 1811 3019 1858 τις
3104 1795 3196 1846 τὸν
3250 1791 3483 1863 σταυρὸν
3548 1795 3623 1863 μὴ
3690 1794 3938 1846 ἐκποδὼν

2363 1885 2653 1953 γενέσθαις
2687 1886 2747 1937 El
2781 1885 2839 1938 δὲ
2891 1886 2986 1937 ἐπὶ
3019 1885 3169 1937 τοῦδε
3202 1888 3300 1955 οὐχ
3346 1885 3517 1947 οὕτως
3546 1885 3723 1937 δοτέον
3747 1902 3761 1916 ·
3818 1884 3937 1945 πῶς

2361 1977 2485 2047 οὐχ).
2520 1978 2612 2029 καὶ
2642 1977 2734 2029 ἐπὶ
2757 1976 2856 2045 τῆς
2885 1977 3089 2039 είκόνος
3119 1976 3585 2044 συγκαταθετέον;
3634 1976 3799 2028 εἰκὼν
3827 1977 3937 2043 γὰρ

2362 2069 2456 2121 καλ¹
2505 2068 2763 2131 ὁτύποςο
2822 2067 2899 2131 ὡς
2953 2069 3219 2121 ἀνάπαλιν
3280 2069 3624 2139 ἀντιστρέφει
3674 2071 3704 2121 6
3753 2068 3933 2134 λόγος.

2376 2157 2533 2210 Ἀλλά
2589 2159 2672 2220 τίς
2717 2160 2832 2230 είμι
2864 2160 2893 2212 6
2929 2160 3094 2221 τάλας
3145 2161 3238 2213 καὶ
3290 2160 3551 2231 ἀμύητος,
3594 2159 3726 2230 θείῳ
3760 2160 3939 2229 Πατρὶ

2364 2249 2459 2301 καὶ
2480 2248 2782 2320 διδασκάλῳ
2799 2250 3113 2317 αίτιολογῶν
3140 2251 3344 2317 ταῦτα;
3370 2252 3441 2305 Σὺ
3472 2252 3618 2321 ἡμᾶς
3638 2251 3935 2311 διδάσκοις,

2364 2334 2410 2393 ὦ
2452 2341 2732 2411 ἱερώτατε,
2767 2341 2833 2394 τὰ
2865 2340 3165 2412 τελεώτερα
3187 2342 3262 2405 ὡς
3289 2343 3587 2412 Θεομύητος
3612 2360 3628 2373 ο
3661 2344 3754 2395 καὶ
3788 2342 3938 2412 ἔργῳ

2365 2433 2640 2493 παιδεύοις
2672 2433 2859 2502 φέρειν
2888 2436 3169 2503 καρτερῶς
3224 2433 3323 2504 τὴν
3367 2433 3463 2486 νῦν
3494 2434 3606 2486 εἴτε
3657 2433 3937 2495 παιδείαν,

2364 2525 2474 2576 εἴτε
2502 2525 2827 2595 δοκιμασίαν
2851 2541 2865 2554 ’
2897 2524 2959 2577 τὸ
2992 2526 3208 2595 πρῶτον
3242 2525 3331 2592 ἐφ’
3360 2526 3491 2594 ἡμῖν
3518 2523 3603 2575 διὰ
3627 2523 3725 2584 τὰς
3748 2525 3937 2593 ἀμαρο

2362 2616 2482 2678 τίας
2508 2634 2523 2648 ·
2572 2617 2633 2669 τὸ
2676 2616 2925 2688 δεύτερον
2975 2617 3068 2668 ἐπὶ
3121 2615 3224 2679 σοὶ,
3270 2616 3357 2669 διά
3396 2614 3495 2686 τὴν
3531 2614 3678 2668 θείαν
3712 2614 3938 2682 ἀγάπην

2364 2707 2601 2777 Χριστοῦ
2625 2722 2638 2736 ο
2668 2700 2713 2774 ᾧ
2750 2708 3052 2761 λιτανεύειν
3108 2707 3183 2777 μὴ
3233 2706 3499 2771 ἐλλείποις
3542 2708 3805 2777 ἐκτρέψαι
3835 2708 3938 2777 τὴν

2366 2796 2466 2865 τῆς
2500 2796 2756 2862 ἀσεϐείας
2787 2798 2945 2854 σκιὰν
2970 2800 3048 2863 είς
3082 2799 3293 2872 πρωῖαν
3320 2798 3603 2869 εἰρηνικῆς
3625 2795 3938 2868 ὀρθοδοξίας

2364 2890 2617 2960 τάχιστα.

2737 3091 2815 3146 Ε’.
2848 3123 2919 3132 -
2945 3093 3297 3162 Ναυκρατᾱρ
3320 3094 3529 3156 τέκνῳ.
3551 3090 3721 3164 [ριε’.]

776 3194 1011 3249 Τιιειόᾱωι
1042 3201 1267 3251 monachi
1289 3206 1599 3267 martyrium.
1635 3207 1711 3257 De
1736 3207 2028 3269 quibusdam
2050 3209 2197 3270 lapsis
2222 3211 2445 3269 querela.
2470 3210 2699 3261 Hortatio
2718 3214 2778 3262 ad
2803 3212 3142 3263 constantiam.
3172 3214 3373 3275 (Baron.
3400 3227 3477 3264 an.
3504 3213 3557 3262 81
3569 3214 3614 3275 ι,
3640 3227 3688 3263 ιι.
3719 3216 3822 3278 55.)

753 3299 989 3359 Nuntius
1019 3321 1181 3375 supra
1213 3308 1490 3374 nuntium,
1528 3322 1583 3367 et
1611 3328 1792 3366 sermo
1842 3328 2007 3382 supra
2051 3330 2259 3369 sermo-
2292 3322 2335 3380 ο

684 3405 830 3446 nem.
870 3393 1010 3459 Quid
1060 3396 1257 3460 dicam,
1317 3408 1411 3453 aut
1455 3402 1585 3470 quid
1627 3402 1871 3472 loquar?
1902 3403 2073 3469 Quem
2132 3421 2259 3458 sen-

685 3500 806 3537 sum
847 3487 1013 3540 miser
1048 3490 1259 3558 capiam
1318 3491 1373 3544 in
1420 3492 1485 3545 iis
1535 3510 1656 3564 qua:
1707 3495 2063 3550 acciderunt?
2118 3494 2263 3550 Gau-

686 3575 837 3630 dium
862 3578 996 3631 mihi
1032 3587 1085 3633 et
1116 3581 1288 3645 dolor,
1317 3582 1566 3652 jubilatio
1594 3595 1651 3639 et
1689 3584 1884 3640 luctus.
1921 3586 1981 3640 In
2010 3586 2263 3641 affectum

686 3669 918 3723 duorum
974 3672 1154 3728 medio
1183 3676 1391 3742 positus
1429 3694 1571 3742 sum,
1609 3693 1709 3733 nec
1751 3689 1989 3733 statuere
2020 3694 2260 3748 possum,

686 3762 753 3814 ad
791 3771 972 3816 utrum
1001 3780 1087 3818 me
1146 3777 1487 3822 convertam.
1522 3768 1908 3823 Verumtamen
1944 3769 2114 3823 vincit
2172 3768 2263 3837 qui

690 3850 944 3905 Satanam
974 3854 1103 3908 vicit
1149 3866 1203 3911 et
1258 3858 1534 3927 principes
1563 3868 1618 3913 et
1678 3869 1912 3914 tortores
1957 3859 2120 3929 hujus
2156 3874 2261 3913 sa:-

688 3943 818 3997 culi.
847 3943 1000 3998 Ilorti
1046 3962 1144 4016 pro
1197 3946 1423 4002 Christo
1474 3949 1633 4004 datus
1671 3960 1755 4005 est
1821 3951 2027 4005 Christi
2090 3966 2263 4020 agnus

688 4034 912 4103 ﬂagellis
944 4038 1217 4103 concisus,
1240 4038 1542 4095 Thaddzeus
1568 4042 1612 4073 ”
1643 4058 1824 4096 ramus
1849 4058 2025 4107 mens,
2053 4043 2259 4096 viscera

690 4142 807 4180 mea
833 4166 847 4190 ,
888 4128 1030 4183 tilius
1089 4131 1414 4186 obedientiae
1442 4170 1456 4195 ,
1507 4134 1758 4189 surculus
1813 4135 2031 4204 pietatis
2058 4174 2072 4198 ,
2111 4134 2259 4204 Apo-

687 4220 809 4272 stoli
835 4221 1201 4291 cognominis.
1255 4222 1523 4279 Gaudium
1548 4226 1896 4291 immensum,
1928 4226 2263 4282 incredibilis

688 4310 893 4378 laetitia,
924 4329 1035 4369 non
1077 4315 1213 4369 mihi
1271 4325 1481 4371 tantum
1540 4319 1762 4389 pusillo,
1818 4320 1914 4375 sed
1949 4331 2003 4375 et
2042 4320 2262 4391 Angelis

689 4404 892 4471 pariter
981 4416 1037 4461 et
1138 4408 1477 4465 hominibus.
1537 4409 1708 4475 Quam
1743 4414 2084 4483 magniﬁcam
2143 4423 2261 4467 sunt

686 4510 844 4563 opera
877 4505 989 4558 tua.
1027 4498 1247 4553 Domine
1279 4502 1329 4554 'l
1382 4503 1525 4570 quod
1559 4519 1705 4558 nunc
1752 4505 1915 4559 etiam
1967 4505 2023 4559 in
2070 4506 2258 4560 humili

684 4590 1032 4657 generatione
1064 4592 1165 4646 ista
1199 4594 1575 4665 incorruptum
1617 4599 1859 4654 veritatis
1903 4609 2011 4654 tum
2064 4607 2258 4655 testem

684 4680 1029 4749 produxisti:
1071 4690 1126 4736 et
1163 4682 1311 4737 hunc
1344 4700 1453 4739 non
1498 4702 1563 4740 ex
1612 4688 1950 4756 sapientibus
1974 4730 1989 4754 ,
2014 4698 2109 4743 aut
2156 4704 2260 4744 no-
2285 4674 2338 4733 D

683 4769 882 4824 bilibus
911 4770 1075 4841 hujus
1124 4774 1332 4838 mundi,
1381 4775 1476 4830 sed
1531 4792 1562 4832 e
1606 4778 1764 4847 plane
1812 4779 2049 4836 diversis
2114 4798 2129 4835 :
2200 4791 2261 4837 ut

683 4862 927 4932 Apostoli
974 4877 1156 4918 sermo
1218 4866 1580 4934 compleretur
1612 4886 1625 4921 :
1660 4867 1921 4940 Ignobilia
1974 4873 2156 4926 mundi
2210 4883 2260 4927 et

684 4956 1096 5025 contemptibilia
1124 4956 1277 5026 elegit
1308 4957 1469 5024 Deus,
1517 4970 1565 5013 et
1590 4978 1652 5015 ea
1675 4977 1792 5031 qua:
1824 4980 1923 5016 non
1952 4974 2165 5028 aunt,ut
2195 4982 2257 5019 ea

687 5063 807 5117 quae
835 5057 956 5101 sunt
980 5048 1271 5103 destrueret
1297 5050 1338 5103 ⁸.
1364 5049 1426 5105 Et
1456 5067 1693 5121 quonam
1714 5055 1847 5109 mihi
1875 5056 2077 5121 abiisti,
2101 5058 2257 5113 beate

683 5139 812 5193 ﬁli?
872 5140 967 5195 ubi
1023 5148 1130 5196 tam
1161 5144 1271 5199 cito
1325 5144 1595 5199 exaltatus
1626 5161 1686 5199 es
1720 5149 1775 5199 in
1818 5156 2116 5219 martyrum
2175 5150 2258 5203 al-

681 5234 812 5287 bum
873 5235 1145 5306 ascriptus
1174 5237 1197 5290 ?
1230 5236 1275 5291 0
1308 5248 1509 5291 sortem
1536 5241 1722 5292 tuam!
1761 5254 1794 5293 ο
1842 5241 2259 5310 generositatem

684 5328 861 5381 tuam!
888 5342 922 5382 ο
952 5328 1195 5398 prudens
1230 5330 1520 5385 consilium
1551 5337 1702 5384 tuum
1733 5333 1746 5384 l
1776 5332 1897 5388 Uno
1929 5334 2017 5388 die
2048 5334 2260 5390 inﬁnita

682 5420 880 5475 sarcula
936 5422 1293 5489 promeruisti
1361 5440 1374 5475 :
1461 5438 1560 5493 per
1610 5424 1949 5480 cruciatuum
1995 5435 2264 5482 tormenta

682 5512 1115 5582 inexplicabilem
1171 5515 1409 5569 lmtitiam
1441 5516 1667 5587 adeptus
1720 5533 1779 5572 es
1840 5537 1852 5572 :
1931 5528 2150 5573 centum
2206 5529 2261 5574 et

685 5601 901 5673 triginta
940 5604 1229 5660 verberum
1266 5606 1524 5678 suﬂ‘ragio
1559 5608 1773 5678 plenam
1816 5609 2017 5665 laboris
2056 5626 2266 5668 merce-

756 5806 801 5836 "
854 5804 988 5860 Vide
1038 5804 1180 5861 infra
1243 5807 1405 5879 epist.
1455 5808 1543 5865 21.

2452 3318 2705 3386 ’Δγγελία
2738 3320 2824 3372 ἐπ’
2849 3320 3079 3390 ἀγγελίᾳ
3100 3337 3114 3351 ·
3163 3319 3320 3388 λόγος
3348 3321 3441 3374 ἐπὶ⁵
3487 3319 3651 3391 λόγῳ.
3675 3322 3741 3374 Τί
3770 3320 3936 3381 εἴπω,

2362 3408 2457 3461 καὶ
2482 3410 2535 3461 τί
2564 3408 2811 3480 λαλήσω;
2836 3411 2954 3473 πῶς
2984 3410 3213 3465 διατεθῶ
3234 3414 3262 3464 6
3282 3411 3449 3475 τάλας
3475 3414 3567 3465 ἐπὶ
3628 3414 3742 3474 τοῖς
3783 3427 3938 3479 γεγε-

2362 3500 2647 3569 νημένοιςς
2690 3500 2849 3571 Χαρά
2876 3516 2966 3571 μοι
2991 3500 3084 3553 καὶ
3113 3500 3278 3571 λύπη·
3310 3501 3493 3563 ἄνεσις
3525 3502 3616 3554 καὶ
3658 3500 3938 3553 ἀπόκλαυ-

2365 3610 2473 3656 σις.
2501 3593 2589 3645 Ἐν
2619 3593 2925 3664 μεταιχμίῳ
2952 3594 3045 3647 δύο
3073 3594 3260 3647 παθῶν
3279 3594 3687 3663 ἀπειλημμένος
3709 3592 3932 3661 γέγονα·

2364 3688 2458 3740 καὶ
2487 3687 2587 3741 οὐκ
2612 3687 2722 3757 ἔχω
2774 3687 3001 3757 πότερον
3030 3687 3328 3757 αἱρήσομαι
3354 3684 3553 3753 λέγειν.
3588 3684 3780 3752 Ὅμως
3807 3684 3938 3753 νικᾷ

2361 3780 2390 3831 6
2447 3779 2675 3849 νικήσας
2730 3778 2821 3831 τὸν
2868 3779 3147 3842 Σατανᾶν,
3205 3778 3298 3832 καὶ
3356 3779 3482 3838 τοὺς
3528 3777 3794 3846 ἄρχοντας
3842 3776 3935 3829 καὶ

2362 3871 2630 3933 κολαστὰς
2666 3868 2759 3922 τοῦ
2790 3870 2984 3932 αἰῶνος
3010 3868 3185 3923 τοῦδε.
3238 3868 3579 3939 Ἐθανατώθη
3616 3868 3755 3938 ὑπὲρ
3791 3868 3933 3937 Χρι-

2363 3961 2489 4014 στοῦ
2517 3962 2575 4014 τὸ
2606 3962 2792 4031 ἀρνίον
2816 3959 2911 4014 τοῦ
2942 3960 3176 4031 Χριστοῦ
3208 3961 3659 4029 μαστιγούμενον,
3675 3959 3935 4021 Θαδδαῖος

2359 4056 2387 4106 ὀ
2433 4053 2563 4122 ἐμὸς
2592 4052 2791 4125 ὃρπηξ,
2820 4053 2880 4107 τὸ
2925 4053 3059 4123 ἐμὸν
3096 4053 3423 4122 σπλάγχνον,
3469 4053 3498 4105 6
3548 4053 3663 4115 υἱὸς
3696 4051 3796 4121 τῆς
3828 4053 3935 4105 ὑπ-

2360 4143 2552 4214 ακοῆς,
2581 4144 2642 4197 τὸ
2674 4144 2923 4214 στέλεχος
2953 4143 3049 4213 τῆς
3083 4141 3389 4206 εὐσεϐείας,
3412 4143 3442 4196 6
3472 4140 3563 4195 τοῦ
3607 4141 3933 4194 ’Δποστόλου

2362 4237 2697 4307 συνώνυμος.
2744 4237 3173 4307 ’Δὸἀστακτοςὴ
3226 4237 3394 4307 χαρὰ,
3441 4234 3850 4305 ἀνυπέρϐλητος
3893 4235 3931 4302 ἡ

2361 4327 2689 4399 εὐφροσύνη,
2732 4329 2834 4382 οὐκ
2873 4329 2999 4398 ἐμοὶ
3043 4325 3122 4397 τῷ
3171 4325 3415 4396 ταπεινῷ
3446 4326 3626 4396 μόνον,
3656 4323 3793 4376 ἀλλά
3839 4326 3936 4375 καὶ

2360 4421 2615 4490 ἀγγέλοις
2639 4420 2733 4474 καὶ
2757 4418 3086 4490 ἀνθρώποις.
3129 4416 3227 4484 Ὧς
3252 4418 3627 4487 ἐμεγαλύνθη
3674 4416 3747 4468 τὰ
3789 4414 3934 4482 ἔργα

2360 4526 2499 4574 σου,
2526 4508 2744 4577 Κύριε]
2771 4509 2853 4562 ὅτι
2882 4508 2975 4561 καὶ
3003 4507 3097 4561 νῦν
3124 4508 3180 4560 ἐν
3223 4510 3288 4579 τῇ
3318 4508 3545 4575 ταπεινῇ
3572 4506 3735 4575 γενεᾷ
3760 4505 3931 4575 ταύτῃ

2366 4602 2619 4671 μάρτυρα
2640 4599 2739 4669 τῆς
2769 4598 3027 4670 ἀληθείας
3051 4614 3143 4652 σου
3167 4599 3600 4669 ἀπαράγραπτον
3621 4596 3896 4664 ἁνέδειξας
3912 4614 3928 4627 ο

2363 4695 2459 4748 καὶ
2481 4692 2670 4747 τοῦτον
2698 4692 2801 4746 οὐκ
2825 4692 2891 4745 ἐκ
2916 4691 3026 4744 τῶν
3059 4692 3239 4761 σοφῶν
3274 4692 3368 4745 καὶ
3408 4690 3646 4759 εὐγενῶν
3670 4691 3766 4743 τοῦ
3804 4689 3929 4759 τῇδε

2356 4783 2586 4854 κόσμου,
2614 4781 2731 4837 ἀλλ’
2759 4782 2824 4836 ἐκ
2850 4781 2961 4834 τῶν
2990 4782 3246 4844 ἐναντίως
3279 4782 3530 4851 ἐχόντων·
3552 4782 3639 4834 ἵνα
3666 4781 3926 4851 πληρωθῇ

2354 4879 2384 4931 6
2429 4876 2586 4945 λόγος
2624 4874 2720 4930 τοῦ
2771 4874 3093 4929 Ἀποστόλου
3126 4891 3141 4905 ·
3176 4876 3280 4938 ὅτι,
3340 4874 3417 4927 Τὰ
3466 4871 3654 4942 ἀγενῆ
3713 4872 3811 4925 καὶ
3858 4871 3929 4923 τὰ

2354 4966 2796 5036 ἐξουθενημένα
2816 4966 3157 5031 ἐξελέξατο,
3189 4965 3287 5019 καὶ
3312 4962 3382 5018 τὰ
3404 4963 3490 5032 μὴ
3514 4964 3659 5017 ὄντα
3677 4979 3690 4990 ·
3726 4964 3927 5040 ἵναοτὰ

2356 5066 2507 5120 ὄντα
2558 5065 2927 5134 καταργήσῃ.
2972 5063 3084 5117 Ποῦ
3136 5081 3224 5135 μοι
3264 5063 3529 5132 ἀπέστης,
3559 5057 3605 5115 ὦ
3658 5062 3927 5132 μακάριον

2358 5156 2579 5223 τέκνονς
2633 5155 2738 5209 ποῦ
2773 5155 2966 5209 Θᾶττον
2999 5154 3367 5226 ὑπερυψώθης
3418 5154 3653 5225 μάρτυσι
3703 5151 3926 5221 συναρί-

2359 5249 2514 5320 Opto;
2542 5247 2812 5318 γεγονὼς;
2851 5249 2916 5302 Ὢ
2947 5248 3046 5318 τῆς
3075 5248 3359 5318 ἐπιτυχίας
3390 5264 3482 5301 σου
3507 5248 3519 5300 !
3556 5245 3601 5298 ὣ
3629 5245 3732 5314 τῆς
3769 5245 3925 5312 εὐγε-

2357 5342 2505 5404 νείας
2536 5342 2662 5395 σουῐ
2710 5340 2756 5394 ὣ
2810 5341 2911 5412 τῆς
2963 5339 3247 5403 εὐϐουλίας
3302 5341 3426 5392 dou!
3465 5338 3554 5392 Ἐν
3593 5337 3778 5408 ἡμέρᾳ
3828 5336 3926 5405 μιᾷ

2357 5434 2654 5504 ἐκέρδησας
2675 5431 3186 5505 ἀπείρουςμίῶνας
3222 5434 3280 5485 ἐν
3313 5430 3491 5492 ἀνίαις
3518 5428 3926 5497 βασανιστικαῖς

2357 5525 2574 5593 ἐκτήσω
2593 5524 2691 5588 τὰς
2718 5522 3119 5593 ἀνεκλαλήτους
3155 5519 3495 5590 εὐφροσύνας
3519 5532 3534 5547 ⁶
3599 5521 3659 5571 ἐν
3689 5515 3923 5587 πληγαῖς

2356 5612 2551 5668 ἑκατὸν
2607 5612 2744 5682 πρὸς
2809 5610 3103 5682 τριάκοντα
3158 5608 3387 5679 εἴληφας
3434 5606 3526 5661 τὸν
3575 5604 3779 5659 τέλειον
3823 5607 3923 5674 τῆς

1624 5811 1637 5841 ¹
1682 5809 1881 5867 Psalm.
1915 5827 2020 5877 xei,
2052 5811 2107 5869 6.
2183 5812 2248 5867 ἰ
2282 5811 2407 5869 Cor.
2443 5828 2480 5878 ι,
2512 5811 2603 5866 ἓὸ.
