4158 6510
227 438 366 502 1125

1429 440 1965 500 EPISTOLARUM
2016 439 2162 499 LIB.
2205 438 2289 498 II-

3339 434 3473 498 1126

221 549 488 619 ἐργασίας
516 547 706 618 μισθὸν
733 548 831 602 σὺν
864 547 1102 620 μάρτυσι
1131 550 1281 621 παρά
1315 552 1417 621 τῆς
1444 554 1605 622 ἁγίας
1633 555 1800 624 Τριά-

1909 554 2024 607 dem
2056 568 2086 608 a
2116 562 2302 608 sancta
2358 550 2625 605 Trinitate
2659 564 2783 605 eum
2833 550 3164 622 martyribus
3195 551 3474 617 accepisti.

222 639 336 700 δος.
374 638 546 707 Εἴπερ
584 639 611 689 6
641 637 739 705 μὲν
767 641 864 708 τῆς
894 638 1245 708 τελειότητος,
1278 644 1307 693 6
1333 642 1390 695 δὲ
1434 643 1533 712 τῆς
1571 644 1799 713 Τριάδος

224 728 508 795 ἀναλογῶν
539 730 686 780 ἐστιν
705 728 955 799 ἀριθμός·
981 730 1066 782 ἵνα
1094 729 1196 794 κάξ
1220 731 1384 784 αὐτοῦ
1408 731 1502 784 τοῦ
1522 732 1796 801 κολασμοῦ

224 835 321 869 σου
355 818 699 886 παραδείξειε
730 819 859 881 Θεὸς
897 820 956 871 τὸ
990 821 1326 890 μεγαλοφυές
1374 839 1487 876 σου.
1550 822 1623 874 Τὸ
1662 817 1801 891 αἷμά

224 925 343 973 σου,
382 909 553 977 μύρον
578 926 589 938 ·
620 908 681 962 τὸ
712 910 961 980 λείψανόν
991 928 1108 979 σου,
1133 914 1409 983 άγιασμοῦ
1446 915 1799 984 μεταδοτικὸν

220 1004 336 1065 τοῖς
368 1002 624 1071 ψαύουσι.
1450 1000 1453 1001 ν

298 1096 501 1164 Δέομαί
557 1114 673 1161 σου,
731 1098 849 1164 ἆγιε
900 1097 993 1151 τοῦ
1052 1098 1186 1151 Θεοῦ
1225 1099 1477 1163 Θαδδαῖε,
1531 1100 1799 1170 πρέσϐευε

224 1188 369 1257 ὑπὲρ
399 1188 530 1257 ἐμοῦ
551 1190 641 1241 τοῦ
666 1188 886 1254 ἀναξίου
913 1190 1100 1245 δούλου
1126 1208 1221 1244 σου
1248 1208 1263 1223 ο
1293 1192 1355 1244 οὺ
1386 1194 1495 1261 γάρ
1524 1192 1708 1261 τολμῶ
1739 1210 1799 1244 σε

224 1279 454 1331 καλέσαι
503 1281 710 1335 τέκνον.
756 1281 967 1351 Ὁρᾶτε,
1027 1283 1246 1349 ἀδελφοί
1297 1301 1420 1353 μου,
1470 1284 1523 1336 τί
1572 1285 1797 1352 γέγονε·

224 1375 379 1425 ποῖον
412 1372 684 1443 θησαυρὸν
705 1375 797 1426 καὶ
825 1374 983 1444 μέλος
1016 1375 1383 1446 ὲκεκτήμεθα.
1425 1378 1610 1447 Ἀρκεῖ
1636 1378 1716 1441 εἷς
1742 1395 1798 1430 τε

224 1466 363 1519 Θεοῦ
393 1466 548 1530 δόξαν
577 1466 670 1519 καὶ
708 1467 975 1536 ἡμέτερον
1004 1467 1285 1539 καύχημα,
1320 1468 1454 1540 ὁμοῦ
1484 1486 1542 1522 τε
1575 1470 1668 1523 καὶ
1700 1470 1800 1538 τῆς

224 1558 358 1627 ὅλης
422 1558 745 1627 Ἐκκλησίας
800 1561 1166 1630 χαρμόσυνον,
1217 1564 1246 1613 6
1301 1562 1510 1631 μάρτυς
1564 1561 1799 1632 Χριστοῦ

224 1648 508 1711 Θαδδαῖος.
554 1648 619 1702 Τί
668 1649 872 1715 milia;
911 1651 1217 1717 Ἔσονται,
1248 1653 1434 1721 φησὶν,
1482 1655 1537 1706 οἱ
1585 1651 1801 1721 πρῶτοι

222 1740 499 1808 ἔσχατοι,
554 1739 649 1793 καὶ
691 1742 744 1793 οἱ
780 1740 1028 1809 ἔσχατοι
1060 1742 1298 1809 πρῶτοι.
1334 1741 1502 1796 Τοῦτο
1553 1744 1648 1797 ἐπὶ
1703 1743 1798 1797 τοῦ

238 1830 500 1884 Ἰακώῦου
549 1834 693 1901 φημὶ
720 1832 810 1883 καὶ
841 1832 1144 1886 Λουκιανοῦ
1172 1849 1186 1863 ·
1214 1833 1308 1885 τοῦ
1347 1833 1446 1903 μὲν
1469 1835 1804 1905 ὲναθλήσαν-

222 1935 318 1980 τος
342 1932 357 1945 ·
393 1918 477 1989 εἴη
505 1897 1017 1989 καὶ-εναθλήσοντος
1055 1922 1215 1991 μέχρι
1244 1897 1428 1986 τέλους
1451 1939 1465 1953 ’
1494 1924 1591 1975 σὺν
1624 1897 1802 1993 Δτωρο·
1834 1897 1877 1952 Β

225 2008 336 2078 θέῳ
377 2010 470 2062 καὶ
505 2010 813 2080 Βησαρίωνι
860 2008 1018 2082 [Reg.
1080 2011 1201 2065 cod.
1256 2012 1549 2081 Βισαρίωνι
1581 2010 1634 2083 ]!
1692 2012 1799 2065 Τοῦ

222 2100 285 2152 δὲ
329 2103 470 2155 κατὰ
502 2102 600 2165 τάς
640 2102 916 2174 ἁμαρτίας
949 2121 1050 2173 μου
1097 2105 1508 2174 ναυαγήσαντος
1542 2107 1637 2159 σὺν
1689 2108 1802 2169 τοῖς

222 2193 568 2263 ὁμοτρόποις.
608 2194 671 2245 ’Ὡ
707 2194 821 2256 πῶς
874 2193 1067 2246 ἔπεσον
1094 2194 1152 2245 ὲν
1189 2195 1343 2265 μέσῳ
1392 2198 1696 2267 φωστήρων
1750 2200 1799 2250 oi

223 2286 523 2338 οῐκτιστοιῑ
571 2285 923 2338 Ἐπελάθοντο
956 2285 1050 2338 τοῦ
1083 2287 1367 2358 εἰρηκότος
1396 2288 1504 2359 ἄρα
1532 2305 1547 2320 ο
1572 2289 1667 2356 Μὴ
1697 2306 1801 2358 φο·

224 2375 449 2444 ϐηθῆτε
499 2378 616 2431 ἀπὸ
670 2375 789 2429 τῶν
837 2378 1294 2432 ἀποκτενόντων
1341 2379 1408 2433 τὸ
1464 2378 1655 2449 σῶμα.
1710 2380 1803 2449 Μὴ

223 2469 335 2539 γὰρ
368 2470 429 2521 οὐ
483 2470 859 2539 κατεμέτρησε
913 2471 974 2524 τὸ
1007 2470 1229 2526 δυνατὸν
1271 2474 1298 2525 6
1335 2472 1493 2542 μόνος
1537 2473 1804 2545 δυνάστης

225 2563 319 2614 καὶ
353 2561 603 2631 δυναμῶν
645 2566 770 2627 τοὺς
820 2563 1215 2634 ἀσθενοῦντας;
1271 2571 1381 2623 Καὶ
1427 2572 1475 2624 οἱ
1526 2571 1805 2642 μάρτυρες

222 2653 477 2722 ἐγγύθεν,
536 2657 627 2727 Μὴ
689 2657 797 2728 γὰρ
853 2661 953 2713 οὐκ
1016 2659 1403 2732 ἐξαιρούμενος
1449 2664 1509 2728 ἐξ
1558 2664 1803 2733 ἀνάγκης

224 2749 351 2811 τοὺς
420 2748 499 2802 ἔτι
563 2750 637 2821 μὴ
693 2751 977 2821 ἰσχύοντας
1031 2758 1097 2824 τῇ
1160 2754 1359 2823 φύσει,
1424 2756 1484 2808 οὐ
1547 2758 1611 2826 τῇ
1668 2772 1802 2826 προ-

225 2841 424 2908 Θέσει;
472 2844 581 2897 Καὶ
632 2846 666 2898 ό
702 2845 933 2915 μάρτυς
986 2845 1243 2910 Θαδδαῖος
1299 2847 1370 2901 ἐν
1417 2847 1654 2916 οὐρανῷ
1704 2862 1805 2903 me

224 2936 393 3000 στός.

294 3030 387 3097 Μὴ
417 3028 480 3101 δὴ
506 3024 619 3095 οὖν,
652 3030 871 3099 ἀδελφοί
891 3048 1016 3102 μου,
1040 3031 1393 3103 πτοηθῶμεν,
1419 3034 1555 3105 μηδὲ
1578 3032 1806 3104 ἔμφοϐοι

224 3123 521 3191 γενοίμεθα
557 3126 623 3194 τῇ
663 3124 769 3177 τῶν
813 3126 1133 3195 ἡττημένων
1164 3126 1367 3180 πτώσει
1394 3141 1409 3156 ⁸
1463 3128 1541 3189 ὡς
1587 3129 1668 3181 ὅτι
1714 3129 1809 3181 καὶ

225 3217 390 3315 ημείς
444 3218 542 3286 οὐχ
593 3217 891 3288 ὑποίσομεν
943 3218 1043 3281 τὰς
1096 3219 1332 3290 πληγάς.
1387 3221 1619 3290 Οἴσομεν
1669 3220 1805 3275 Θεοῦ
1834 3253 1880 3315 c

224 3305 475 3378 δυνάμει,
536 3310 629 3362 καὶ
683 3310 1078 3381 διαϐησόμεθα,
1137 3310 1242 3366 κᾶν
1287 3311 1419 3382 πῦρ,
1472 3313 1576 3366 κᾶν
1633 3314 1804 3382 ξίφος.

226 3396 360 3461 θεὸς
392 3399 421 3450 6
450 3397 863 3468 προηγούμενος
886 3400 981 3453 καὶ
1011 3402 1491 3472 προσκαλούμενος
1543 3402 1808 3457 εἰσελθεῖν

225 3490 377 3558 ἡμᾶς
417 3490 497 3554 είς
534 3489 631 3562 τὴν
658 3492 1081 3563 ἐπηγγελμένην
1110 3496 1243 3564 ἡμῖν
1282 3495 1580 3565 βασιλείαν,
1618 3495 1693 3561 ὡς
1719 3495 1810 3549 τὸν

238 3582 459 3653 Ἰσραὴλ
513 3586 592 3646 είς
641 3584 743 3652 τὴν
770 3584 872 3654 γῆν
906 3586 1005 3652 τῆς
1035 3586 1390 3655 ἐπαγγελίας.
1443 3588 1556 3641 Οὐκ
1596 3588 1710 3641 ῐστε
1758 3588 1811 3641 τί

226 3674 565 3727 πεπόνθασιν
584 3675 633 3727 οἱ
654 3676 776 3728 τότε
798 3677 1226 3741 ἀναστατοῦντες
1253 3678 1343 3733 τὸν
1366 3678 1512 3746 λαὸν,
1537 3677 1807 3749 λέγοντεςο

226 3766 306 3818 Οὐ
337 3764 677 3836 δυνησόμεθα
707 3767 956 3837 διαϐῆναι
978 3786 993 3800 ’
1050 3770 1131 3823 ὅτι
1181 3772 1300 3824 ἐκεῖ
1328 3771 1507 3835 πόλεις
1537 3773 1811 3844 τειχήρεις

225 3860 336 3923 ἕως
366 3859 460 3914 τοῦ
489 3860 741 3930 οὐρανοῦ,
773 3863 868 3914 καὶ
897 3862 1154 3930 γίγαντες
1198 3864 1256 3917 ἐν
1295 3857 1378 3927 οἷς
1419 3865 1447 3917 ὁ
1490 3864 1669 3919 Ἐνάκ.
1701 3866 1812 3918 Καὶ

223 3951 280 4003 τί
311 3952 375 4005 τὸ
401 3952 625 4021 γεγονός
644 3971 659 4019 ;
678 3954 801 4021 οὐχὶ
827 3954 915 4007 διὰ
937 3954 1095 4008 τοῦτο
1115 3956 1271 4009 αὐτοὶ
1296 3957 1398 4025 μὲν
1421 3974 1494 4010 πυ
1506 3959 1807 4030 ρίκαυστοι·

224 4045 255 4095 6
288 4042 347 4095 δὲ
380 4045 689 4114 γογγυστὴς
719 4044 850 4109 λαὸς
884 4046 1030 4110 ἄπας
1048 4045 1237 4101 ὣλετο’
1261 4042 1421 4103 ὦντὰ
1443 4050 1591 4105 κῶλα
1616 4052 1811 4106 ἔπεσεν

227 4134 287 4185 ἐν
320 4137 386 4205 τῇ
413 4135 638 4205 ὲρήμῳ;
687 4136 777 4206 Μή
834 4152 920 4199 τις
950 4136 1192 4201 τοιοῦτος
1232 4140 1545 4210 ἀναστάτης
1573 4158 1586 4171 ·
1623 4142 1696 4213 μή
1728 4158 1813 4205 τις

227 4226 512 4299 ὀλίγωροςο
539 4229 613 4298 μή
638 4245 719 4291 τις
740 4226 1015 4293 δύσελπις.
1038 4228 1418 4302 Διαδησόμεθα
1433 4229 1550 4302 οὖν,
1566 4233 1809 4304 ἀδελφοὶ,

226 4316 603 4389 διαϐησόμεθα
638 4320 712 4383 ὡς
736 4319 916 4374 Χαλὲδ
946 4320 1109 4391 λέγω,
1144 4326 1239 4377 καὶ
1275 4324 1482 4396 Ἰησοῦς
1508 4325 1604 4380 τοῦ
1628 4326 1809 4396 Ναυῆ,

226 4412 277 4463 οἱ
308 4411 405 4478 τῆς
434 4412 768 4480 ἐπαγγελίας
800 4413 1153 4486 κληρονόμοι.
1182 4417 1349 4488 Τείχη
1380 4419 1513 4490 ἡμῖν
1557 4436 1813 4474 κατασει-

231 4500 524 4571 σθήσονται
584 4506 771 4576 νοητὰ,
830 4506 905 4569 ὡς
964 4508 1268 4579 τηνικαῦτα
1319 4511 1388 4563 τά
1458 4510 1813 4583 Ἱεριχοῦντια

1900 643 2168 698 Nimirum
2215 643 2305 698 ille
2352 641 2724 713 perfectionis,
2794 642 2883 697 hic
2918 641 3201 696 Trinitatis
3242 641 3478 710 speciem

1899 753 2161 794 numerus
2191 744 2543 805 repraesentat
2576 752 2590 800 ;
2618 744 2673 788 ut
2705 735 2785 788 vel
2843 749 2909 789 ex
2951 735 3068 803 ipso
3100 734 3361 804 supplicio
3386 742 3479 787 tuo

1900 829 2066 882 animi
2127 828 2201 881 tui
2247 826 2676 896 magnitudinem
2731 826 2872 881 Deus
2927 827 3194 882 ostendat.
3250 825 3479 897 Sanguis

1902 930 2060 983 tuus,
2105 929 2438 988 unguentum
2472 936 2486 976 z
2522 919 2765 988 reliquiae
2822 928 2928 973 tua:
2960 958 2976 985 ,
3033 919 3481 974 sanctiﬁcationis

1902 1012 2245 1082 tangentibus
2289 993 2626 1081 largitrices.

1970 1101 2079 1154 Oro
2131 1112 2205 1166 te,
2261 1111 2449 1156 sancte
2526 1100 2619 1155 Dei
2681 1102 2976 1169 Thaddaae,
3027 1100 3301 1157 intercede
3378 1115 3480 1172 pro

1900 1206 1988 1245 me
2044 1192 2264 1262 indigno
2321 1191 2524 1246 famulo
2585 1200 2714 1256 tuo;
2780 1208 2958 1262 neque
3013 1194 3158 1247 enim
3207 1192 3381 1247 audeo
3426 1202 3481 1248 te

1909 1282 2076 1336 filium
2126 1283 2422 1352 appellare.
2474 1282 2701 1347 Videtis,
2753 1283 2965 1349 fratres,
3023 1284 3152 1353 quid
3200 1283 3479 1348 acciderit,

1901 1373 2122 1442 qualem
2195 1374 2553 1439 thesaurum,
2608 1384 2664 1429 et
2718 1375 2876 1444 quale
2933 1375 3234 1429 membrum
3304 1375 3481 1444 possi-

1900 1466 2149 1520 deamus.
2222 1463 2435 1519 Suilicit
2496 1466 2561 1519 ad
2616 1465 2709 1519 Dei
2784 1465 3055 1536 gloriam,
3115 1465 3182 1520 ad
3242 1473 3484 1519 ostenta-

1905 1558 2109 1611 tionem
2167 1567 2434 1621 nostram,
2500 1559 2565 1611 ad
2623 1558 2878 1613 Ecclesiae
2945 1558 3112 1613 totius
3169 1559 3482 1614 exsultatio-

1901 1665 2025 1703 nem
2078 1648 2284 1703 Christi
2356 1660 2561 1720 martyr
2644 1650 2973 1705 'l‘haddazus.
3052 1650 3193 1716 Quid
3239 1652 3484 1706 caetera?

1902 1741 2091 1803 Erunt,
2135 1740 2329 1809 inquit,
2363 1742 2520 1809 primi
2552 1742 2838 1807 novissimi,
2872 1751 2920 1795 et
2942 1742 3206 1795 novissimi
3245 1742 3405 1810 primi
3440 1744 3481 1795 ³.

1904 1831 2019 1885 Hoc
2047 1832 2112 1885 de
2141 1828 2347 1885 Jacobo
2383 1832 2613 1885 dixerint
2648 1840 2702 1885 et
2742 1831 2986 1886 Luciano
3026 1848 3039 1884 :
3071 1846 3305 1901 quorum
3350 1831 3489 1887 alter

1907 1926 2124 1996 quidem
2148 1924 2469 1989 decertavit,
2503 1934 2557 1979 et
2606 1925 2815 1979 utinam
2875 1940 3049 1994 usque
3078 1925 3147 1978 ad
3188 1924 3351 1978 ﬁnem
3390 1924 3490 1979 de-

1908 2024 2192 2083 certasset,
2248 2032 2372 2072 cum
2460 2016 2737 2071 Dorotheo
2800 2025 2854 2071 et
2924 2017 3284 2072 Bessarione!
3355 2017 3491 2073 alter

1907 2120 2132 2180 prepter
2173 2118 2395 2179 peccata
2471 2124 2594 2163 mea
2662 2108 3005 2179 naufragium
3053 2109 3183 2164 fecit
3231 2124 3356 2163 cum
3405 2109 3491 2163 sui

1908 2203 2200 2257 similibus.
2230 2201 2566 2272 Oquomodo
2608 2201 2926 2256 ceciderunt
2974 2202 3027 2255 in
3098 2202 3280 2256 medio
3326 2201 3492 2255 lumi-

1907 2312 2041 2350 num
2070 2295 2318 2350 infelices
2350 2296 2362 2347 l
2398 2294 2563 2349 Obliti
2596 2293 2741 2348 illius
2779 2294 2871 2363 qui
2903 2291 3076 2350 dixit:
3112 2292 3287 2346 Nolite
3310 2293 3493 2346 timere

1908 2404 1995 2441 eos
2016 2388 2104 2457 qui
2128 2386 2367 2440 occidunt
2391 2385 2635 2454 corpus‘.
2668 2386 2863 2439 Annon
2884 2383 3032 2438 enim
3066 2383 3210 2438 vires
3235 2392 3291 2438 et
3320 2382 3492 2437 facul-

1911 2488 2073 2534 tatem
2095 2478 2375 2533 dimensus
2403 2486 2508 2543 est,
2530 2478 2620 2544 qui
2643 2477 2791 2531 solus
2815 2486 3012 2546 potens
3040 2484 3143 2541 est,
3172 2484 3227 2530 et
3250 2476 3495 2530 inﬁrmos

1910 2571 2271 2625 confortans?
2317 2569 2387 2623 At
2457 2577 2627 2623 testes
2665 2569 2866 2623 adsunt
2906 2568 2974 2623 de
3030 2568 3354 2638 propinquo.
3386 2566 3496 2621 An-

1909 2677 2020 2716 non
2053 2678 2148 2717 eos
2171 2662 2335 2731 eripit
2378 2661 2446 2715 de
2495 2660 2845 2715 tribulatione
2893 2659 2985 2729 qui
3051 2660 3194 2714 vires
3252 2659 3495 2713 nondum

1910 2754 2113 2810 habent
2136 2763 2327 2808 natura
2379 2769 2489 2807 non
2520 2753 2803 2808 voluntate
2832 2752 2855 2805 ?
2884 2753 2948 2805 At
2988 2752 3133 2805 testis
3171 2751 3496 2806 Thaddaeus

1910 2850 1967 2902 in
1988 2848 2115 2904 caelo
2151 2848 2326 2918 ﬁdelis
2348 2848 2370 2879 '
2401 2886 2417 2902 .

1982 3028 2061 3084 Ne
2090 3029 2255 3100 igitur
2286 3036 2615 3089 terreamur,
2658 3024 2879 3088 fratres,
2927 3037 3106 3093 neque
3158 3021 3341 3077 animo
3370 3036 3496 3077 con-

1913 3131 2225 3176 sternemur
2274 3120 2345 3174 ob
2374 3118 2585 3173 cladem
2618 3131 2807 3171 eorum
2838 3115 2931 3184 qui
2967 3114 3104 3185 lapsi
3162 3121 3311 3177 sunt,
3342 3113 3495 3182 quasi

1914 3214 2099 3284 plagas
2129 3223 2185 3267 et
2209 3212 2314 3282 ipsi
2344 3210 2589 3281 perferre
2643 3224 2753 3263 non
2802 3208 3097 3278 possimus.
3153 3206 3497 3261 Perferemus

1909 3305 2005 3361 Dei
2045 3305 2267 3369 virtute,
2308 3312 2364 3357 et
2411 3301 2787 3357 transiliemus
2841 3298 3093 3368 quamvis
3154 3313 3253 3367 per
3288 3297 3493 3368 ignem,

1910 3397 2159 3466 quamvis
2187 3411 2285 3466 per
2316 3394 2576 3465 gladium.
2622 3392 2767 3447 Deus
2797 3400 2882 3446 est
2909 3391 3002 3460 qui
3062 3404 3164 3443 nos
3226 3389 3399 3454 ducit,
3440 3397 3497 3443 et

1911 3492 2103 3545 invitat
2133 3498 2193 3543 ut
2222 3488 2556 3559 promissum
2612 3485 2767 3540 nobis
2819 3498 3045 3555 regnum
3089 3483 3381 3547 intremus,
3420 3482 3493 3537 si.

1912 3581 2197 3639 cntlsrael
2234 3590 2437 3636 terram
2499 3576 2896 3649 promissionis.
2946 3574 3179 3629 Nescitis
3236 3574 3367 3643 quid
3432 3575 3497 3629 iis

1912 3676 2251 3747 contigerit,
2298 3672 2389 3743 qui
2452 3671 2711 3743 pepulum
2780 3677 2912 3723 tunc
2964 3666 3374 3730 subvertebant,
3410 3666 3496 3720 di-

1914 3779 2106 3825 centes
2136 3785 2149 3820 :
2177 3766 2300 3821 Non
2363 3763 2667 3836 poterimus
2711 3772 3034 3831 penetrare,
3068 3759 3322 3828 quoniam
3384 3759 3498 3813 illic

1913 3860 2075 3914 urbes
2104 3872 2276 3926 usque
2322 3855 2379 3909 in
2424 3854 2626 3909 malum
2652 3860 2894 3907 muratas
2935 3849 3173 3904 vidimus
3193 3891 3207 3914 ,
3234 3858 3289 3902 et
3316 3848 3497 3920 gigan-

1914 3960 2017 4011 tes,
2057 3950 2202 4003 inter
2219 3962 2360 4017 quos
2393 3946 2546 4000 Enac
2568 3945 2588 3976 ⁸
2614 3982 2629 3996 .
2666 3942 2810 4009 Quid
2859 3941 3059 3997 deinde
3088 3949 3338 3995 secutum
3374 3940 3498 3995 est?

1911 4038 2104 4095 Nonne
2134 4039 2204 4094 ob
2243 4053 2361 4093 eam
2392 4050 2614 4092 causam
2639 4035 2762 4107 igne
2788 4033 3038 4089 succensi
3068 4038 3216 4097 sunt,
3247 4038 3303 4087 et
3347 4048 3499 4086 mur-

1913 4142 2159 4189 murator
2188 4131 2425 4202 papulus
2456 4128 2751 4183 universus
2781 4125 3007 4189 interiit,
3040 4134 3095 4179 et
3130 4124 3376 4179 membra
3410 4140 3502 4179 eo-

1914 4243 2037 4283 rum
2063 4225 2380 4281 ceciderunt
2413 4224 2467 4277 in
2494 4220 2792 4277 solitudine
2818 4217 2841 4271 ί
2888 4216 3079 4271 Nullus
3112 4215 3183 4271 sit
3208 4215 3499 4285 hujusnio-

1913 4321 1970 4377 di
2014 4319 2390 4391 perturbator,
2444 4316 2628 4370 nullus
2675 4320 3041 4382 contemptor,
3099 4309 3281 4363 nullus
3307 4310 3504 4378 despe-

1914 4413 2217 4471 rabundus.
2244 4408 2735 4482 Transgrediemur
2749 4405 2979 4461 omnino
3008 4445 3023 4469 ,
3048 4401 3270 4465 fratres,
3308 4412 3493 4455 trans-

1915 4506 2246 4579 grediemur,
2306 4503 2446 4558 sicut
2499 4499 2686 4565 Caleb,
2750 4499 2993 4568 inquam,
3052 4502 3107 4550 et
3147 4493 3310 4549 Jesus
3362 4492 3504 4547 ﬁlius

229 4595 492 4665 σάλπιγγι
528 4597 904 4667 εὐχαριστίας,
935 4600 999 4670 ἢν
1024 4597 1156 4673 ᾖσεν
1182 4604 1209 4655 ὁ
1234 4602 1503 4673 μακάριος
1522 4604 1803 4671 Θαδδαῖος,

1911 4602 2081 4666 Nave,
2114 4598 2490 4671 promissionis
2552 4595 2820 4651 heredes.
2888 4591 3160 4647 Corruent
3210 4598 3338 4645 ante
3398 4605 3502 4645 nos

225 4688 404 4758 ψάλας
432 4690 495 4742 ὲκ
535 4689 782 4759 βαλϐῖδος
810 4691 918 4747 τῶν
955 4692 1131 4746 πόνων
1161 4710 1175 4724 ·
1215 4696 1375 4764 Αὕτη
1419 4696 1458 4763 ή
1511 4697 1701 4765 ἡμέρα
1731 4697 1810 4766 ἣν

225 4780 522 4850 ἐποίησεν
550 4785 583 4836 ὀ
610 4782 847 4850 Κύριος.
897 4783 1051 4837 Οῦτω
1088 4787 1413 4855 παρακαλῶ,
1453 4786 1627 4852 οὕτως
1658 4790 1810 4843 ἀντι-

227 4870 373 4924 δολῶ
405 4889 420 4903 -
471 4872 653 4941 ’Υπὲρ
709 4875 970 4942 Χριστοῦ
1003 4875 1134 4945 γὰρ,
1185 4879 1341 4948 φησι,
1374 4882 1807 4951 πρεσϐεύομεν,

224 4964 309 5031 ὠς
341 4966 449 5020 τοῦ
495 4967 644 5022 Θεοῦ
676 4967 1174 5035 παρακαλοῦντος
1217 4968 1294 5022 δι’
1320 4967 1511 5039 ἡμῶν.
1563 4972 1808 5042 Δεόμεθα

231 5058 310 5130 μὴ
332 5059 714 5131 δειλανδρῆσαι
744 5061 882 5131 πρὸς
917 5061 1009 5116 τὸν
1048 5061 1188 5134 ὑπὲρ
1218 5060 1386 5115 αὐτοῦ
1415 5063 1511 5117 καὶ
1537 5064 1634 5118 σὺν
1661 5066 1810 5138 αὐτῷ

230 5156 483 5222 θάνατον,
516 5157 611 5210 ἐὰν
635 5156 752 5228 δέῃ.
788 5157 930 5229 Πρὸς
957 5157 1162 5222 πάντας
1197 5160 1229 5230 ὴ
1257 5158 1515 5232 ἐπιστολή
1546 5176 1561 5192 ·
1594 5160 1700 5215 κᾶν
1728 5161 1811 5224 είς

228 5248 521 5319 πρόσωπόν
542 5265 660 5313 σου,
689 5249 876 5303 τέκνον
902 5250 1125 5318 ἀγαθόν.
1147 5252 1239 5305 Διὸ
1267 5252 1363 5305 καὶ
1385 5252 1596 5316 πάντας
1631 5253 1811 5308 ἀσπά-

228 5338 418 5409 ζομαι,
452 5341 549 5394 καὶ
595 5342 733 5395 πᾶσι
772 5343 1056 5414 συγχαίρω
1089 5344 1149 5397 ὲν
1188 5347 1303 5408 τοῖς
1334 5344 1647 5416 παθήμασι.
1700 5346 1809 5398 Καὶ

226 5429 314 5493 τίς
343 5431 493 5500 ἄξιος
518 5433 1017 5506 ἀνταναπληρῶσαι
1053 5436 1122 5490 τά
1158 5436 1510 5509 ὑστερήματα
1558 5436 1667 5491 τῶν
1700 5437 1813 5491 θλί-

226 5523 379 5593 ψεων
411 5523 506 5577 τοῦ
536 5526 771 5596 Χριστοῦ
798 5528 855 5581 ἐν
888 5530 955 5599 τῇ
983 5530 1145 5600 σαρκὶ
1182 5529 1385 5596 αὑτοῦ;
1433 5531 1544 5583 Καὶ
1571 5531 1693 5584 οὐαὶ
1732 5528 1811 5599 τῷ

228 5613 444 5688 ἐξάρνῳ
470 5618 565 5670 καὶ
596 5620 958 5683 ὲκκεκλικότι,
990 5620 1092 5674 κᾶν
1120 5620 1349 5686 θάνατος
1376 5638 1390 5651 ·
1427 5624 1509 5676 ὅτι
1533 5623 1562 5673 6
1593 5622 1813 5684 αἰώνιος

1913 4693 2224 4765 spirituales
2258 4688 2418 4754 muri,
2466 4688 2609 4742 sicut
2662 4695 2779 4740 tum
2824 4680 3199 4739 Jerichuntini
3254 4680 3321 4735 ad
3376 4696 3501 4751 gra—

1915 4788 2112 4843 tiarum
2179 4782 2410 4840 actionis
2463 4777 2799 4836 buccinam"
2831 4816 2848 4843 ,
2901 4790 3007 4846 qua
3061 4772 3262 4829 cecinit
3313 4772 3503 4828 beatus

1915 4878 2222 4934 'l‘haddaeus
2250 4890 2316 4930 ex
2342 4875 2461 4944 ipsa
2507 4871 2753 4926 laborum
2806 4876 2952 4923 meta
2984 4879 3283 4935 personans
3327 4881 3340 4917 :
3380 4863 3502 4917 Haec

1916 4973 2027 5026 dies
2056 4986 2216 5040 quam
2247 4966 2367 5039 fecit
2398 4964 2653 5019 Dominus
2677 4962 2726 5016 ⁸.
2783 4960 2875 5015 Sic
2904 4974 3001 5013 oro
3026 4998 3041 5023 ,
3077 4958 3157 5011 sic
3221 4956 3497 5010 obtestor:

1916 5064 2022 5120 Pro
2049 5062 2257 5118 Christo
2283 5060 2456 5122 enim,
2497 5057 2596 5119 ait,
2630 5054 2894 5125 legatione
2927 5050 3217 5122 fungimur,
3245 5058 3501 5117 tanquam

1917 5154 2024 5208 Deo
2046 5152 2350 5207 exhortante
2378 5165 2471 5217 per
2490 5162 2581 5201 nos
2615 5148 2637 5177 ’
2669 5183 2685 5199 .
2721 5142 3093 5199 Obsecramus
3134 5152 3207 5192 ne
3242 5136 3497 5191 reformi-

1913 5242 2056 5299 detis
2089 5249 2322 5296 mortem
2373 5239 2569 5308 ipsam,
2611 5234 2659 5291 si
2714 5248 2854 5306 opus
2878 5232 2970 5298 sit,
3010 5244 3110 5301 pro
3160 5227 3253 5283 illo
3284 5236 3339 5282 et
3374 5242 3498 5282 eum

1912 5337 2007 5393 illo
2037 5335 2341 5391 sustinere.
2374 5331 2452 5387 Ad
2507 5344 2698 5386 omnes
2801 5324 2919 5381 haec
2970 5321 3221 5394 epistola,
3288 5318 3501 5374 tametsi

1915 5431 1985 5487 ad
2049 5438 2102 5485 te
2171 5427 2507 5491 inscribitur,
2557 5424 2631 5479 illi
2678 5421 2903 5494 optime.
2970 5418 3265 5489 Propterea
3311 5428 3502 5470 omnes

1918 5526 2097 5581 saluto
2145 5532 2203 5578 et
2233 5520 2493 5577 omnibus
2523 5515 2766 5588 gratulor
2825 5514 2881 5568 in
2933 5509 3210 5566 :rrumnis.
3262 5506 3330 5561 Et
3379 5506 3502 5577 quis

1921 5619 2119 5689 dignus
2183 5615 2285 5670 erit
2337 5613 2637 5682 adimplere
2682 5624 2744 5663 ea
2792 5623 2912 5676 quae
2939 5606 3138 5659 desunt
3187 5602 3500 5671 passionum

226 5705 462 5773 θάνατος
500 5714 762 5781 ποιμανεῖ
819 5712 1002 5779 αὐτὸν,
1062 5713 1173 5768 Καὶ
1234 5716 1808 5783 κατακυριεύσουσιν

1922 5708 2126 5765 Christi
2151 5708 2204 5761 in
2230 5720 2394 5761 carne
2426 5718 2522 5758 sua
2558 5702 2599 5733 ¹⁰
2630 5702 2652 5755 ?
2681 5699 2747 5754 Et
2770 5715 2850 5754 vae
2884 5695 3103 5767 neganti
3125 5702 3221 5747 aut
3252 5702 3502 5745 succum-

306 5823 327 5855 '
366 5825 556 5883 Matth.
591 5845 703 5891 nt,
769 5828 857 5885 16.

231 5910 406 5960 CXVII.
436 5898 528 5952 24.
586 5899 630 5954 ll
666 5901 793 5956 Cor.
845 5920 898 5963 v.
930 5902 1021 5957 20.
1128 5904 1172 5933 ¹⁰
1223 5901 1433 5958 Coloss.
1472 5918 1509 5966 ι,
1540 5902 1631 5956 24.

962 5831 984 5863 ⁸
1013 5829 1205 5887 Matth.
1236 5848 1291 5894 χ,
1322 5829 1411 5884 28.
1488 5830 1508 5860 ⁵
1551 5829 1667 5883 Pal.
1716 5846 1808 5885 LX!

1909 5843 1979 5898 ιιι,
2030 5826 2119 5884 38.
2198 5826 2218 5857 ⁸
2268 5822 2427 5880 Deut.
2461 5837 2534 5888 ix,
2579 5820 2667 5884 12,
2742 5819 2762 5848 '
2796 5815 2980 5872 Josne.
3019 5808 3211 5875 meo.

3305 5808 3326 5839 ⁸
3353 5802 3497 5858 Psal.
