4158 6470
718 370 858 438 H27

1912 388 1973 449 S.
2002 388 2398 451 THEODORI
2442 392 2795 453 STUDITE

3863 394 3997 457 1128

700 488 874 551 benti,
936 486 1065 544 licet
1123 504 1272 547 mors
1331 492 1646 563 impendeat
1677 511 1692 549 :
1727 495 1854 565 quia
1909 514 2059 554 mors
2106 510 2308 557 mterna

2413 506 2602 559 αὐτοῦ
2655 508 2708 558 οι
2757 503 2954 570 εὐθεῖς
3000 505 3067 558 τὸ
3097 505 3264 572 πρωϊ.
3299 505 3502 576 Εἰρήνη
3539 506 3666 577 ὑμῖν
3715 507 3994 576 Χριστοῦ.

700 578 961 649 deposcet
1006 596 1131 635 eum
1168 596 1182 636 :
1220 592 1269 638 et
1308 586 1722 641 dominabuntur
1751 589 1866 658 ejus
1902 592 2030 644 recti
2064 592 2120 644 in
2170 610 2288 646 ma-

705 672 943 725 tutitto"
1000 712 1016 727 .
1071 672 1183 729 Pax
1247 676 1406 731 vobis
1449 676 1678 742 Christi,
1738 681 1926 746 robur,
1980 682 2245 743 fortitudo
2282 723 2298 747 .

702 764 1007 820 consolatio
1028 780 1125 835 pro
1156 765 1418 824 fratribus
1469 770 1763 837 universis,
1803 782 1859 827 et
1881 789 1979 843 pro
2002 790 2090 830 me
2129 791 2297 830 oran-

703 856 876 918 tibus,
934 867 992 912 ut
1020 858 1088 914 ad
1119 874 1243 929 qua:
1321 862 1538 924 hortor.
1598 862 1715 934 ipse
1742 864 1995 936 impleam
2042 867 2133 922 Dei
2188 868 2298 922 mi-

703 946 1032 1003 sericordia.
1112 949 1367 1007 Salutant
1430 968 1530 1008 vos
1614 954 1814 1011 fratres
1897 958 1991 1027 qui
2080 974 2297 1014 mecum

703 1048 857 1095 sunt.

987 1134 1151 1191 VL—
1178 1136 1495 1210 Presbytero
1525 1141 1616 1210 qui
1642 1141 2049 1212 subscripserat.

2393 596 2593 666 κράτος
2618 637 2632 661 ,
2669 597 2822 665 ἰσχῦς
2864 637 2880 661 ,
2914 595 3265 667 παράκλησις
3292 612 3306 626 ⁶

3349 598 3816 669 προσευχομένοις
3868 602 4000 671 περὶ

2401 689 2619 743 πάντων
2654 687 2918 758 ἀδελφῶν,
2951 687 3048 741 καὶ
3105 688 3245 761 ὑπὲρ
3282 688 3419 759 ἐμοῦ
3443 725 3464 755 ,
3530 690 3618 744 ἶνα
3668 692 3996 763 πληρωτὴς,

2400 773 2478 834 ὧν
2503 780 2766 845 νουθετῶ,
2788 779 2931 834 ἐλέει
2978 778 3116 833 Θεοῦ
3154 778 3331 850 φανῶ.
3359 780 3426 835 οι
3466 780 3567 837 σὺν
3606 782 3733 852 ἐμοὶ
3773 782 3999 852 ἀδελφοὶ

2400 874 2757 939 ἀσπάζονται.

2620 1143 2713 1213 ετ.
2743 1172 2811 1184 -
2839 1142 3231 1213 Hos-06vth
3261 1142 3705 1214 ὑποψάψαντι.
3797 1142 3999 1216 [ρμδη

2040 1238 2116 1289 De
2141 1241 2324 1291 sanctis
2350 1239 2667 1303 imaginibus.

774 1335 916 1403 Quid
955 1351 1114 1407 passa
1162 1338 1472 1394 reverentia
1518 1347 1613 1395 tua
1642 1348 1727 1395 est
1764 1340 1820 1395 in
1876 1340 1984 1397 hoe
2051 1344 2303 1399 subseri-

706 1428 913 1499 ptionis
940 1429 1226 1501 naufragio
1247 1430 1342 1485 ?et
1365 1441 1705 1502 quantopere
1760 1432 1971 1503 lapsum
1995 1434 2305 1491 dellevisti?

707 1521 924 1594 Lapsus
954 1524 1102 1581 enim
1150 1539 1343 1579 revera
1372 1532 1458 1580 est
1513 1535 1717 1581 sanctae
1779 1525 1982 1584 Christi
2050 1529 2302 1602 imaginis

708 1617 957 1678 violatio.
996 1617 1083 1673 vel
1124 1634 1289 1673 manu
1322 1628 1559 1673 tantum.
1599 1619 1680 1674 Ex
1701 1618 1887 1675 libello
1916 1629 2012 1677 tuo
2028 1622 2296 1687 intellexi,

709 1724 745 1764 ο
776 1709 861 1764 vir
889 1706 983 1764 Dei
1012 1750 1028 1775 ,
1071 1718 1130 1765 et
1189 1711 1606 1765 commiseratus
1642 1718 1699 1766 et
1754 1723 2093 1783 conquestus
2137 1730 2296 1782 sum,

708 1808 766 1856 et
811 1800 986 1857 vicem
1014 1809 1163 1856 tuam
1214 1802 1386 1867 dolui,
1420 1802 1808 1859 miserabiliter
1833 1806 2072 1873 eiulans,
2136 1816 2194 1861 et
2243 1817 2301 1863 ut

710 1896 991 1952 hominem
1025 1897 1184 1953 decet
1214 1897 1453 1954 fraterne
1499 1908 1794 1954 amantem.
1854 1897 2069 1953 Etenim
2122 1915 2302 1953 simius

709 1986 927 2040 invicem
952 1987 1184 2041 membra
1208 1987 1273 2044 ι’.
1290 1986 1355 2042 Et
1377 2004 1390 2043 :
1415 1986 1533 2043 Sive
1552 1989 1758 2057 patitur
1783 2005 1947 2042 unum
1976 1989 2296 2056 membrum,

711 2084 941 2151 eompati
974 2081 1158 2137 debent
1197 2084 1377 2137 omnia
1408 2084 1642 2138 membra
1674 2087 1803 2155 (vos
1858 2094 1944 2140 est
1991 2084 2257 2155 Apostoli)
2285 2127 2300 2149 ,

709 2172 818 2227 sive
850 2174 1111 2244 gloriatur
1162 2191 1324 2229 unum
1374 2176 1684 2240 membrum,
1720 2177 1977 2248 gaudium
2018 2178 2089 2230 ad
2122 2179 2301 2232 omnia

713 2260 990 2329 pertinet“
1018 2301 1033 2317 .
1088 2258 1199 2315 Sed
1262 2276 1298 2315 ο
1346 2260 1714 2316 calamitatem
1750 2263 1763 2315 l
1806 2261 2023 2331 spoliati
2065 2278 2257 2317 sumus
2286 2305 2299 2327 ,

715 2350 909 2414 territi,
929 2366 1131 2421 pavore
1169 2351 1427 2422 perculsi,
1466 2353 1560 2407 ubi
1606 2352 1756 2407 nulla
1814 2353 2035 2423 pavoris
2060 2395 2074 2418 ,
2154 2353 2303 2407 nulla

714 2456 878 2495 causa
912 2440 1143 2495 terroris
1172 2440 1277 2495 fuit
1305 2458 1317 2495 :
1349 2441 1621 2511 siquidem
1672 2442 1937 2513 legimus:
1970 2443 2049 2497 Ne
2104 2453 2306 2496 terrea-

716 2534 851 2587 miui
883 2534 950 2586 ab
978 2534 1058 2586 his
1111 2534 1203 2600 qui
1255 2533 1501 2586 occidunt
1555 2549 1743 2601 corpus
1771 2576 1786 2599 ,
1840 2535 2081 2588 animam
2127 2547 2305 2588 autent

720 2641 823 2678 non
849 2633 1061 2692 possunt
1096 2624 1287 2679 ltt'dere
1316 2624 1382 2678 ".
1416 2622 1695 2690 Quorsum
1715 2640 1803 2679 me
1835 2624 2019 2695 igitur,
2051 2627 2142 2695 qui
2186 2640 2305 2679 sum

715 2715 783 2769 ad
811 2714 1014 2768 nullam
1041 2728 1153 2768 rem
1186 2712 1360 2780 utilis,
1407 2728 1663 2769 sermone
1692 2715 2005 2785 compellas,
2034 2731 2068 2769 ο
2090 2714 2306 2771 amice?

717 2806 849 2872 Quae
869 2806 999 2860 mihi
1030 2804 1285 2861 medendi
1308 2805 1390 2860 vis
1413 2814 1655 2869 est,cum
1692 2806 1791 2861 sim
1824 2822 1854 2861 a
1875 2808 2112 2877 peccatis
2142 2822 2305 2877 aeger.

720 2912 821 2951 nec
871 2910 939 2951 ex
1013 2912 1203 2951 eorum
1258 2912 1490 2952 numero
1541 2897 1740 2967 quibus
1786 2898 1972 2953 talium
2017 2898 2305 2953 vulnerum

2482 1338 2609 1399 Οἷον
2642 1341 2913 1396 πέπονθεν
2948 1341 2982 1412 ἠ
3010 1339 3261 1412 τιμιότης
3287 1356 3381 1393 σου
3419 1338 3478 1393 ἐν
3505 1336 3583 1410 τῷ
3622 1336 3874 1408 ναυαγίῳ
3900 1337 4001 1406 τῆς

2411 1436 2775 1508 ὐπογραφῆςς
2841 1434 2940 1489 καὶ
2990 1433 3188 1487 ὁπόσον
3242 1429 3576 1485 ἀπεκλαύσω
3632 1430 3694 1483 τὸ
3756 1430 3998 1499 magna;

2411 1528 2620 1599 Πτῶμα
2650 1527 2760 1597 γάρ
2785 1526 2932 1579 ἐστιν
2955 1524 3032 1587 ὡς
3068 1522 3283 1592 ἀληθῶς
3310 1524 3344 1590 ή
3375 1522 3516 1577 κατά
3539 1524 3636 1593 τῆς
3662 1520 3827 1589 ἁγίας
3855 1519 4000 1571 είιιό⁸

2409 1637 2499 1682 νος
2555 1616 2651 1672 τοῦ
2686 1613 2925 1686 Χριστοῦ
2979 1614 3223 1678 ἔκτασις,
3273 1613 3369 1667 καὶ
3413 1612 3575 1683 μόνον
3630 1611 3730 1681 τῆς
3786 1610 3995 1681 χειρός.

2405 1710 2619 1779 Ἐγνων
2651 1704 2741 1763 διὰ
2759 1706 2854 1761 τοῦ
2884 1707 3171 1761 πιττακίου
3206 1723 3323 1768 σου,
3350 1698 3395 1758 ὦ
3420 1703 3674 1774 ἄνθρωπε
3700 1703 3796 1755 τοῦ
3832 1701 3997 1765 Θεοῦ,

2402 1803 2499 1857 καὶ
2537 1800 2921 1873 συμπέπονθα,
2950 1798 3045 1854 καὶ
3070 1798 3487 1861 συνεποτνίασα,
3526 1796 3622 1851 καὶ
3652 1794 3995 1866 συνήλγησα.

2406 1893 2628 1964 σχέτλια
2683 1890 3079 1961 φθεγξάμενος,
3140 1888 3237 1942 καὶ
3293 1884 3383 1940 οἶα
3432 1885 3579 1949 εἰκὸς
3630 1884 3869 1955 ἁρμόζει
3923 1883 4001 1952 τῷ

2404 1986 2741 2057 φιλαδέλςρως
2769 1984 2967 2053 ἔχοντι.
2994 1982 3103 2036 Καί
3134 1981 3245 2050 γὰρ
3270 1980 3426 2049 μέλη
3460 1978 3748 2043 ἀλλήλων
3781 1976 3997 2046 ἐσμέν.

2406 2077 2515 2133 Καί
2541 2093 2555 2106 ·
2592 2076 2727 2130 Elea
2756 2074 2977 2142 πάσχει
3006 2072 3077 2127 ἐν
3095 2072 3302 2142 μέλος,
3329 2068 3722 2139 συμπάσχειν
3760 2069 4001 2137 ὀφείλει

2405 2169 2605 2223 πάντα
2659 2166 2733 2219 τὰ
2762 2165 2948 2235 μέλη’
3001 2163 3175 2235 (φωνή
3230 2162 3380 2214 ἐστιν
3430 2158 3814 2228 ἀποστο).ική)’
3860 2156 4003 2211 Εἴτε

2405 2258 2711 2335 δοξάζεται
2759 2257 2830 2311 ἐν
2874 2256 3084 2326 μέλος,
3130 2256 3168 2323 ἡ
3216 2252 3371 2324 χαρὰ
3400 2251 3497 2304 ἐπὶ
3531 2248 3741 2305 πᾶσιν.
3784 2248 3930 2301 Ἀλλ’
3957 2248 4003 2299 ὦ

2404 2356 2502 2425 τῆς
2554 2350 2855 2421 ἐπηρείαςι
2886 2346 3259 2417 ἐσυλήοημεν,
3308 2342 3679 2413 ἐπτοήθημεν,
3711 2339 4002 2410 ἐφοϐήθη-

2410 2462 2532 2516 μεν,
2586 2445 2646 2497 ἐν
2686 2438 2769 2507 οἷς
2813 2441 2875 2494 οὐ
2922 2438 3211 2510 φοϐητέον,
3240 2436 3349 2490 οὐδ’
3380 2430 3446 2489 αὖ
3481 2434 3741 2504 πτοητέον
3767 2447 3783 2461 ·
3838 2432 4000 2501 εἴπερ

2408 2533 2859 2604 ἀναγινώσκομεν
2895 2531 2978 2598 τὸ,
3009 2532 3107 2598 Μὴ
3160 2527 3464 2599 φοϐηθῆτε
3504 2526 3621 2580 ἀπὸ
3674 2523 3795 2578 τῶν
3844 2525 4000 2578 ἀστο-

2409 2628 2743 2682 κτεγόντων
2762 2625 2827 2677 τὸ
2856 2622 3049 2691 σῶμα,
3072 2622 3186 2688 τὴν
3208 2618 3276 2672 δὲ
3300 2617 3515 2687 ψυχὴν
3531 2617 3615 2685 μὴ
3642 2616 4002 2684 δυναμένων

2408 2720 2697 2774 ,λαϐέσθαι
2722 2713 2785 2790 υ.
2806 2711 3149 2785 βλαὸἐσθαι].
3168 2711 3231 2763 Τί
3254 2706 3351 2763 οῦν
3382 2708 3519 2780 πρός
3546 2725 3611 2777 με
3637 2707 3727 2760 τὸν
3752 2708 3997 2777 ἀχρεῖον,

2409 2808 2455 2867 Ci
2486 2812 2632 2881 φίλε,
2664 2810 2973 2879 ἀνήνεγκας
3006 2804 3097 2858 τὸν
3121 2803 3277 2872 λόγον
3302 2819 3317 2867 ;
3352 2801 3449 2862 Τίς
3468 2798 3577 2868 ἐγὼ
3596 2797 3731 2870 πρὸς
3752 2798 4001 2866 ἰατρείαν

2409 2908 2437 2959 ὁ
2497 2902 2671 2958 νοσῶν
2728 2903 2787 2954 ἐν
2846 2898 3181 2969 ἁμαρτίαις·
3241 2896 3335 2948 καὶ
3388 2894 3449 2947 οῦ
3505 2892 3615 2947 τῶν
3650 2893 3719 2945 τὰ
3766 2890 4001 2944 τοιαῦτα

721 2988 1041 3045 concredita
1069 2989 1280 3044 curatio
1307 2990 1379 3045 sit
1407 2990 1431 3045 ?
1458 2988 1574 3044 Non
1602 2991 1745 3045 enim
1776 2989 1920 3045 Deus
1973 2991 2308 3047 confusionis

2415 2993 2863 3065 πεπιστευμένων
2897 2990 3079 3045 ίᾶσθαι
3112 2986 3535 3057 συντρίμματας
3580 2984 3730 3038 Ἐπεὶ
3762 2982 3838 3053 μὴ
3867 2984 3997 3084 ἀτα-

720 3092 807 3137 est
833 3099 846 3137 :
873 3097 994 3152 quae
1019 3082 1367 3153 presbyteros
1386 3082 1620 3136 attinent
1635 3082 1748 3136 sive
1766 3082 2099 3143 sacerdotes,
2118 3098 2308 3137 cmen—

720 3174 882 3229 danili
912 3174 1002 3244 jus
1033 3188 1097 3227 ac
1129 3174 1356 3229 sanandi
1387 3174 1659 3244 episcOpis
1685 3174 1958 3228 attribuit.
1990 3174 2129 3241 Quid
2160 3194 2188 3229 ιι
2220 3193 2307 3230 me

723 3280 787 3319 ea
817 3265 996 3335 poscis
1036 3266 1237 3335 quibus
1262 3281 1381 3321 sum
1419 3266 1635 3335 impar?
1663 3263 1780 3319 Non
1846 3265 1991 3320 licet.
2039 3267 2109 3322 At
2166 3268 2311 3321 istud

726 3356 943 3412 interim
979 3368 1087 3412 tum
1121 3358 1284 3413 dandi
1305 3357 1516 3413 consilii
1565 3372 1748 3423 causa,
1784 3367 1893 3412 tum
1922 3358 2313 3415 benevolentia:

726 3448 1115 3516 significandzc,
1159 3465 1393 3521 suggero
1416 3464 1480 3505 ac
1524 3449 1668 3509 dico.
1698 3465 1767 3505 ne
1803 3442 2156 3505 te'dimittam
2194 3466 2313 3504 om-

727 3542 861 3597 nino
890 3556 921 3596 a
977 3556 1242 3611 responso
1271 3557 1524 3595 vacuum.
1557 3539 1741 3595 Bonus
1772 3552 1855 3596 est
1888 3542 2032 3597 Deus
2062 3544 2151 3613 qui
2204 3558 2311 3597 non

729 3631 845 3685 vult
876 3641 1105 3685 mortem
1140 3630 1397 3696 hominis,
1445 3632 1539 3684 sed
1590 3640 1644 3684 ut
1683 3632 1854 3701 magis
1883 3643 2231 3688 convertatur
2260 3646 2314 3687 et

728 3722 877 3777 vivat
902 3723 949 3755 ¹⁶
1035 3722 1089 3775 Si
1120 3723 1283 3793 igitur
1319 3737 1384 3775 ex
1411 3722 1597 3776 animo
1657 3723 1977 3792 poenitentia
2008 3732 2111 3789 est,
2146 3726 2314 3779 sacris

735 3829 954 3883 operam
987 3813 1117 3868 dare
1140 3814 1365 3869 omnino
1414 3814 1605 3870 desine
1636 3832 1649 3870 :
1679 3815 1782 3871 nisi
1814 3815 1955 3871 forte
2003 3818 2312 3873 necessaria

734 3921 897 3959 causa
934 3906 1357 3968 interveniente,
1402 3917 1589 3961 saneta
1635 3909 1914 3964 nonnullis
1963 3910 2311 3981 imperticris.

733 3997 820 4052 Fit
864 3999 1009 4051 enim
1040 3999 1312 4052 interdum
1345 4014 1408 4053 ex
1443 4001 1771 4055 necessitate
1796 4017 1859 4056 ac
1889 4000 2227 4067 dillicultate,
2254 4011 2315 4056 ut

735 4105 764 4141 a
794 4088 973 4157 seipso
1000 4088 1123 4157 quis
1139 4087 1369 4158 accipiat
1393 4098 1611 4159 prapter
1641 4088 1889 4144 heresim
1909 4091 2311 4148 declinandam.

735 4179 869 4244 Quae
895 4181 1057 4250 igitur
1090 4181 1411 4250 praestitisti,
1442 4181 1556 4236 sive
1581 4196 1610 4235 a
1642 4190 1694 4235 te
1744 4181 1882 4250 ipso,
1914 4183 2027 4237 sive
2061 4184 2316 4242 inductus

736 4269 805 4323 ab
825 4270 953 4332 alio.
986 4270 1199 4341 egregia
1248 4279 1377 4325 sunt
1406 4278 1462 4325 et
1491 4270 1650 4344 digna
1695 4272 1853 4327 laude
1884 4274 1951 4328 ad
1989 4273 2315 4329 flectendum

742 4359 931 4414 Deum.
967 4360 1037 4415 At
1062 4361 1210 4415 nulla
1243 4377 1331 4417 res
1353 4363 1579 4418 omnino
1631 4373 1809 4433 potest
1839 4365 2051 4420 veniam
2076 4367 2206 4421 dare
2237 4368 2316 4421 rei

740 4468 908 4508 sacrae
935 4452 1219 4519 faciendae,
1252 4454 1339 4509 vel
1374 4454 1418 4509 si
1474 4470 1505 4509 a
1534 4470 1859 4527 quocunque
1914 4458 2156 4513 antistite
2195 4459 2319 4513 data

741 4544 993 4599 videatur
1024 4562 1038 4599 :
1072 4544 1235 4617 idque
1266 4546 1395 4601 dum
1427 4547 1669 4605 Ecclesia
1692 4549 1788 4605 Dei
1814 4565 1947 4620 pace
1968 4551 2279 4621 perfruatur
2305 4571 2317 4606 :

739 4651 849 4704 quo
882 4645 1126 4706 tempore
1177 4638 1418 4709 synodali
1446 4639 1673 4709 judicio,
1707 4648 1767 4695 ut
1798 4658 1896 4712 par
1942 4650 2048 4707 est,
2084 4659 2205 4713 qua:
2252 4644 2320 4698 ad

741 4727 942 4783 similia
968 4738 1219 4799 spectant
1258 4732 1496 4801 negotia,
1528 4748 1625 4803 per
1669 4748 1907 4789 canones
1962 4737 2277 4791 sancientur
2302 4779 2316 4795 .

740 4818 929 4874 divino
976 4828 1091 4875 tum
1120 4820 1327 4876 calculo
1360 4823 1691 4878 sententiam
1725 4826 2131 4881 corroborante.
2165 4825 2319 4892 Quod

742 4911 790 4967 si
817 4912 1040 4976 dixeris,
1075 4911 1222 4968 Inter
1248 4915 1703 4971 subscribendum
1735 4917 2027 4973 exclamavi
2091 4920 2319 4975 adorare

743 5018 830 5059 me
859 4994 1076 5059 sanctas
1105 5004 1367 5076 imagines
1398 5022 1415 5065 :
1443 5007 1682 5076 ignosce.
1713 5008 1903 5073 frater,
1952 5018 2009 5065 et
2058 4995 2267 5065 Pilatus
2303 5051 2317 5073 ,

742 5092 876 5148 dum
906 5104 1187 5163 expertem
1221 5110 1281 5150 se
1306 5095 1505 5152 Christi
1531 5098 1698 5153 caedis
1726 5115 1820 5153 ore
1854 5099 2077 5165 faceret,
2104 5104 2319 5157 calamo

742 5198 933 5239 necem
963 5184 1321 5242 confirmavit.
1352 5188 1480 5244 Haec
1512 5189 1610 5244 tibi
1651 5200 1833 5246 nostra
1862 5193 2096 5247 tenuitas
2119 5234 2133 5255 ,
2198 5205 2317 5248 tan-

742 5291 908 5345 quam
955 5285 1235 5347 spectante
1258 5276 1387 5333 Deo.
1426 5279 1496 5334 At
1537 5295 1742 5350 preces,
1780 5298 1983 5352 quaeso,
2016 5284 2181 5339 funde
2222 5302 2318 5354 pro

745 5382 866 5423 mea
899 5368 1092 5435 salute,
1117 5368 1172 5423 in
1198 5370 1519 5439 pmnitentia
1545 5387 1610 5427 ac
1639 5373 1825 5428 dolore
1854 5376 2019 5430 animi
2051 5376 2148 5429 tui.
2178 5376 2318 5430 Con-

744 5460 920 5514 solare
950 5475 1061 5526 eos,
1095 5476 1233 5531 quos
1266 5476 1296 5515 a
1331 5470 1381 5516 te
1405 5463 1647 5533 conspici
1704 5465 1804 5529 ais.
1847 5478 2065 5522 sanctos
2129 5468 2316 5522 Patres

744 5566 897 5607 meos
933 5568 1001 5607 ex
1039 5552 1341 5623 episcopis,
1389 5563 1442 5608 et
1468 5554 1599 5625 jube
1640 5556 1850 5611 salvere
1872 5567 2123 5627 tanquam
2168 5573 2197 5612 a
2230 5574 2315 5614 ine

746 5642 1057 5699 miserabili.

819 5756 860 5787 ’ί
895 5754 1039 5811 Psal.
1075 5771 1262 5822 xu'tu,
1292 5757 1380 5812 15.

1461 5758 1502 5790 ¹²
1536 5758 1861 5833 dogmatica.

750 5839 940 5889 sum,
996 5828 1078 5881 ll.

1955 5760 1999 5793 ⁸³
2027 5760 2227 5831 Ephes.
2259 5776 2330 5828 Iv,
2386 5762 2476 5817 25.

2420 3090 2537 3157 ξὲας
2568 3090 2597 3140 ὁ
2629 3085 2763 3150 Θεός
2797 3100 2811 3114 ·
2838 3084 2906 3138 τὰ
2934 3082 3043 3135 τῶν
3098 3078 3506 3150 πρεσϐυτέρων,
3556 3077 3724 3146 ἧγουν
3779 3073 3997 3144 ἱερέων,

2419 3182 2739 3242 ἐπισκόποις
2788 3179 3088 3245 ἀπένειμεν
3140 3170 3476 3243 ἐπανορθοῦν
3506 3171 3601 3224 καὶ
3634 3168 3838 3222 ἰᾶσθαι.
3876 3165 4001 3227 Πῶς

2420 3273 2549 3341 παρ’
2585 3269 2718 3340 ἐμοῦ
2749 3265 3065 3337 ἐπιζητοίης
3117 3264 3187 3318 τὰ
3232 3264 3373 3333 ὑπὲρ
3413 3261 3549 3330 apt;
3594 3260 3707 3312 Οὐκ
3739 3259 3997 3327 ἐγχωρεῖ.

2419 3363 2592 3418 Τοῦτο
2608 3362 2665 3415 δὲ
2691 3356 3170 3428 συμϐουλευτικῶς
3195 3356 3294 3408 καὶ
3322 3352 3679 3423 ἀγαπητικῶς
3699 3350 4001 3418 ῦποτίθημι

2420 3460 2513 3513 καὶ
2543 3457 2687 3524 λέγω
2720 3470 2734 3484 ·
2760 3453 2847 3505 ἵνα
2877 3451 2952 3521 μή
2993 3465 3051 3501 σε
3089 3448 3468 3517 ,ἀναπόκριτον
3502 3445 3647 3497 ἐάσω
3690 3443 3889 3511 πάντη.
3942 3440 4001 3491 't)

2418 3548 2552 3611 Θεὸς
2584 3543 2788 3613 ἁγαθός
2819 3544 2970 3595 ἐστιν
2999 3539 3061 3592 οῦ
3093 3537 3265 3591 θέλων
3288 3536 3381 3588 τὸν
3412 3535 3639 3588 θάνατον
3667 3531 3761 3584 τοῦ
3791 3530 4004 3599 ἀνοριτι-

2422 3658 2545 3703 που,
2573 3638 2648 3701 ὡς
2685 3638 2745 3689 τὺ
2770 3631 3061 3705 ἐπιτρέψαι
3086 3629 3178 3683 καὶ
3216 3630 3313 3699 ζῇν
3346 3621 3529 3679 αὑτόν.
3571 3625 3634 3677 Ei
3663 3619 3759 3677 οῦν
3788 3623 3848 3674 ἐν
3879 3623 4004 3693 ἀλη-

2421 3730 2543 3802 Θείᾳ
2568 3732 2602 3800 ἡ
2635 3727 2897 3799 μετάνοια
2920 3742 2934 3757 ’
2969 3723 3125 3794 στῆοι
3152 3722 3249 3794 τῆς
3283 3718 3594 3791 ἱερουργίας
3628 3718 4000 3770 παντάπασι-ν

2419 3826 2522 3878 οὐκ
2569 3818 2688 3876 οἶδα
2732 3823 2780 3874 εί
2818 3821 2890 3891 μὴ
2920 3818 3061 3872 κατὰ
3094 3817 3339 3887 ἀνάγκην
3368 3813 3467 3883 τὴν
3496 3808 3802 3865 ἐνεστῶσαν
3832 3825 4001 3878 μετα-

2420 3917 2564 3987 δοίης
2590 3914 2703 3968 τισ¹ι
2734 3912 2844 3966 τῶν
2884 3910 3265 3981 ἀγιασμάτων.
3295 3907 3451 3959 Ἐστι
3480 3904 3587 3974 γὰρ
3640 3900 3701 3966 ἐξ
3756 3901 4003 3967 ἀνάγκης

2422 4011 2518 4064 καὶ
2542 4008 2798 4078 ἀπορίας,
2820 4005 2915 4058 καὶ
2943 4004 3035 4071 ἀφ’
3066 4000 3261 4054 ἐαυτοῦ
3284 3996 3608 4069 μεταλαὸεἴν
3635 3992 3725 4045 τὸν
3744 3990 4000 4060 τυχόντα,

2423 4106 2511 4159 διὰ
2544 4106 2605 4157 τὸ
2638 4102 2870 4171 φευκτὸν
2903 4099 3000 4168 τῆς
3048 4096 3330 4167 αἱρέσεως.
3365 4093 3507 4143 Ὅσα
3558 4084 3653 4141 οὖν
3712 4084 3999 4153 ἐποίησας,

2423 4199 2531 4251 εἴτε
2577 4195 2709 4263 παρ’
2739 4190 2954 4253 ἐαυτοῦ,
2988 4190 3098 4241 εἴτε
3144 4188 3237 4239 καὶ
3269 4184 3404 4254 πρὸς
3436 4181 3595 4237 ἄλλου
3648 4176 4000 4247 ἐπιτραπεὶς,

2424 4288 2563 4341 καλὰ
2607 4286 2707 4355 μέν
2737 4284 2832 4337 καὶ
2861 4278 3117 4334 ἐπαινετὰ
3158 4280 3239 4340 είς
3288 4274 3424 4327 Θεοῦ
3472 4270 3794 4340 ἐπίκαμψιν.
3836 4268 4002 4320 Οὐδὲν

2354 4382 2394 4436 D
2422 4380 2477 4432 δὲ
2506 4378 2566 4431 τὸ
2598 4375 2827 4430 καθόλου
2857 4372 3155 4441 δυνάμενον
3179 4368 3340 4421 λῦσαι
3368 4365 3467 4435 τῆς
3508 4361 3821 4434 ἱερουργίας
3847 4377 3861 4391 ·
3896 4360 4000 4411 κᾶν

2424 4471 2484 4536 ἐξ
2509 4466 2891 4539 οίουδηποτοῦν
2919 4461 3225 4534 ἀρχιερέως
3251 4459 3451 4527 δόξειεν
3475 4451 3611 4509 εἶναι
3639 4469 3653 4483 ·
3698 4452 3795 4506 καὶ
3844 4449 4002 4503 τοῦτο

2422 4568 2526 4629 ἓως
2553 4564 2773 4632 εἰρήνης
2800 4563 2899 4631 τῆς
2918 4558 3011 4612 τοῦ
3041 4554 3177 4609 Θεοῦ
3206 4550 3551 4621 Ἑκκλειςσίας⁸
3572 4550 3629 4601 ἐν
3695 4542 4001 4616 τηνικαῦτα

2423 4657 2603 4727 κρίσει
2655 4653 2908 4722 συνοδικῇ
2952 4649 3026 4713 ὡς
3068 4648 3186 4709 δέον
3225 4646 3332 4697 πᾶν
3373 4641 3552 4696 ὁτιοῦν
3584 4640 3694 4693 τῶν
3739 4635 4001 4689 τοιούτων

2422 4745 2891 4815 κανονισοὴσεται,
2916 4740 3019 4795 καὶ
3042 4739 3223 4810 κρίσιν
3249 4737 3359 4801 ἓξει
3388 4733 3677 4802 θεόψηφον.
3706 4729 3766 4782 Et
3792 4728 3849 4780 δέ
3873 4727 3998 4795 φὴς.

2420 4840 2501 4892 ὃτι
2556 4835 2892 4905 ὑπογράφων
2926 4829 3157 4900 ἔκραζον
3208 4825 3531 4898 προσκυνεῖν
3570 4838 3636 4891 με
3691 4818 3789 4880 τὰς
3841 4816 4000 4882 ἁγίας

2420 4931 2655 4990 εἰκόνας
2684 4921 2979 4993 σύγγνωθι,
3003 4920 3221 4987 esset,
3245 4918 3338 4971 καὶ
3373 4915 3625 4976 Πιλᾶτος,
3658 4910 3738 4979 τῷ
3765 4908 3997 4978 στόματι

2421 5019 2613 5072 sum
2662 5016 2853 5069 ἐαυτὸν
2897 5013 2997 5083 τῆς
3057 5010 3273 5081 σφαγῆς
3334 5003 3592 5076 Χριστοῦ.
3643 5000 3722 5071 τῷ
3766 4996 3998 5066 καλάμῳ

2420 5112 2617 5182 ἐκύρου
2654 5109 2745 5161 τὶν
2766 5107 3014 5160 θάνατον.
3042 5101 3229 5156 Ταῦτά
3255 5116 3338 5153 σοι
3369 5096 3497 5166 παρ’
3518 5093 3654 5166 ἐμοῦ
3683 5091 3779 5145 τοῦ
3807 5105 3996 5183 ταπειὶ

2421 5178 2633 5260 νοῦ-ὡς
2671 5196 2904 5250 ἐνώπιον
2944 5190 3104 5245 Θεοῦ.
3142 5187 3303 5241 Ἀλλά
3350 5185 3542 5253 δέομαι
3593 5178 3784 5251 μνείαν
3840 5178 3996 5228 ποιοῦ

2419 5293 2561 5362 ὑπὲρ
2588 5290 2728 5360 ἐμῆς
2763 5283 3135 5356 σωτηρίας,ἐν
3164 5282 3230 5351 τῇ
3256 5277 3514 5349 μετανοίᾳ
3539 5273 3642 5343 τῆς
3663 5266 3997 5362 συνθλίψειξς

2420 5359 2540 5438 σου..
2582 5359 3027 5452 Προσαγορεῦσαί
3062 5391 3123 5427 τε
3170 5367 3553 5458 παρακλήθητι
3578 5364 3681 5458 οῦς
3699 5359 3994 5458 ἔφης-ὀρᾷν

2419 5475 2605 5543 ἁγίους
2640 5471 2891 5541 Πατέρας
2926 5485 3025 5539 μου
3061 5468 3119 5519 ἐν
3144 5462 3486 5523 ἐπισκόποις,
3516 5457 3593 5521 ὼς
3624 5455 3685 5520 ἐξ
3725 5452 3857 5524 ἐμοῦ
3904 5452 3994 5504 τοῦ

2418 5565 2658 5637 οἰκτροῦ.

2557 5762 2598 5795 ’⁸
2633 5760 2648 5815 l
2680 5762 2803 5818 Cor.
2837 5776 2935 5826 xu,
2974 5756 3065 5814 ΞΟ.
3145 5753 3187 5787 ⁸⁸
3226 5752 3416 5809 Matth.
3454 5750 3507 5819 ι’,
3537 5753 3627 5810 28.
3706 5751 3750 5783 ’⁸
3786 5748 3983 5808 Ezech-
